3876 6208
148 356 245 424 ῃ.

1562 352 1835 409 THESAU
1845 348 2002 407 πει

148 471 449 545 διαστολὴν,
481 472 612 542 μηδὲ
638 470 888 541 ἀλλήλοις
924 468 1153 540 μάχεται
1181 468 1320 522 κατὰ
1349 468 1409 521 τὸ
1428 467 1487 533 ἐξ
1515 469 1718 538 ἀμφοῖν

1860 466 2042 528 ahent,
2103 472 2276 529 neque
2306 458 2446 511 inter
2485 468 2544 508 se
2604 459 2862 524 pugnant;
2907 446 3059 516 juxta
3108 445 3395 510 utriusque

152 566 568 636 σημαινόμενον,
594 562 744 615 οὐδὲν
770 561 1001 615 κωλύσει
1020 561 1142 613 κατ’
1162 559 1348 613 οὐσίαν
1372 560 1557 630 ὅμοιον
1578 556 1718 613 εἶναι

1854 553 2272 626 igniﬁcationem
2300 546 2434 602 nihil
2454 543 2692 601 obstabit
2744 540 3031 610 quominus
3060 534 3254 591 similis
3285 532 3389 602 ιδ

148 657 226 729 τῷ
256 645 429 728 Πατρῒ
476 654 566 709 τὸν
600 655 767 708 Υίόν·
807 654 901 707 καὶ
946 653 1040 705 τοῦ
1092 652 1358 721 ἀγενήτου
1409 652 1489 715 εἰς
1533 651 1722 705 οὐσίαν

144 745 581 816 Μμὸανομένου,
620 744 819 815 ὁμοίως
867 744 922 797 δὲ
973 743 1066 795 καὶ
1113 743 1206 794 τοῦ
1257 740 1505 811 γενητοῦ.
1552 741 1723 795 Οὐσία

146 840 258 911 τὰρ
284 839 367 901 ὥς
390 837 531 909 πρδς
558 835 769 901 ὤσειν,
790 832 1078 888 «tam
1108 833 1351 898 ἐναντία,
1389 832 1521 886 καθὸ
1542 831 1723 885 οὐσίαι

148 931 504 1002 ἀμφάτεραιοξ

834 1039 1040 1092 AAAO.

220 1158 290 1214 Εί
318 1161 425 1213 πᾶν
454 1158 715 1227 ἀγένητον
747 1155 911 1209 παντὶ
946 1152 1161 1224 γενητῷ
1200 1152 1472 1222 ἀνόμοιον,
1500 1148 1728 1220 ἀληθεύ-

152 1269 237 1306 σει
282 1268 365 1315 τις
404 1250 600 1319 λέγων,
640 1248 720 1301 ὅτι
751 1247 845 1300 καὶ
872 1249 976 1298 πᾶν
1004 1245 1230 1315 γενητὸν
1281 1244 1444 1297 παντὶ
1486 1240 1727 1312 γεννητῷ

148 1344 357 1414 ὅμοιον.
404 1340 665 1411 Γεννητὸς
693 1340 749 1392 δέ
787 1338 1047 1408 ὑπάρχων
1076 1340 1104 1390 ὁ
1130 1336 1279 1401 Υἱὸς,
1315 1334 1571 1404 οὐδεμίαν
1616 1333 1727 1403 ἔχει

151 1436 251 1505 τὴν
278 1435 567 1505 ὁμοιότητα
590 1432 726 1503 πρὸς
746 1430 815 1483 τὰ
838 1430 965 1483 ὂντα
992 1428 1264 1499 γεννητῶς
1279 1446 1293 1460 ·
1322 1429 1437 1481 ἐστι
1458 1426 1567 1495 γὰρ
1590 1425 1728 1495 ὑπὲρ

152 1529 337 1581 πᾶσαν
372 1526 468 1597 τὴν
499 1526 695 1579 κτίσιν.
724 1524 835 1576 Οὐκ
859 1522 967 1593 ἄρα
995 1520 1083 1575 διὰ
1108 1522 1171 1573 τὸ
1197 1521 1458 1591 ἀγένητον
1483 1514 1625 1571 εἶναι
1640 1517 1729 1571 τὸν

152 1616 398 1686 Πατέρα,
426 1617 675 1684 ἀνόμοιος
712 1612 863 1667 ἔσται
908 1611 1051 1665 κατὰ
1079 1610 1239 1680 φύσιν
1264 1609 1433 1681 αὐτῷ,
1459 1607 1732 1679 γεννητῶς

153 1702 416 1772 ὑπάρχων
469 1698 528 1765 ἐξ
573 1701 740 1753 αὐτοῦ
779 1698 1147 1770 Υίός.Ὧσπερ
1189 1699 1299 1770 γὰρ
1340 1699 1438 1770 τὴν
1485 1697 1620 1768 πρὸς
1663 1695 1734 1748 τὰ

1823 625 2114 703 sccundum
2140 638 2496 697 substantiam
2528 634 2680 689 Patri
2707 634 2779 687 sit
2812 631 3003 686 Filius.
3030 628 3117 691 Et,
3151 628 3197 680 si
3234 625 3389 693 inge-

1824 740 1993 794 nitum
2028 750 2125 806 pro
2153 729 2455 788 substantia
2490 727 2726 793 capitur,
2761 722 3010 779 similiter
3050 729 3105 773 et
3126 716 3387 788 genitum.

1822 828 1956 883 Nam
1980 823 2309 885 substantia,
2343 830 2402 873 ut
2435 820 2501 873 ad
2534 812 3148 873 substantiamculhu.
3168 814 3393 864 ..ια

1824 920 2122 983 contraria,
2152 919 2207 972 in
2236 923 2497 986 quantum
2520 918 2755 978 utraque
2788 906 3093 961 substantia
3119 911 3227 958 est.

2515 1020 2743 1079 ALIUD.

1899 1143 1957 1199 Si
1991 1155 2152 1197 omne
2195 1138 2494 1210 ingenitum
2540 1132 2686 1189 omni
2749 1131 2929 1202 genito
2984 1125 3248 1183 dissimile
3287 1131 3394 1193 est,

1828 1248 1956 1290 vere
1988 1230 2260 1301 quispiam
2290 1226 2512 1291 dixerit,
2562 1223 2729 1279 etiam
2768 1235 2928 1276 omne
2962 1218 3198 1289 genitum
3251 1215 3397 1271 omni

1832 1324 2013 1396 genito
2042 1321 2218 1378 simile
2237 1334 2381 1374 esse.
2414 1317 2546 1372 Cum
2570 1328 2697 1370 vero
2723 1312 2892 1367 Filius
2927 1310 3139 1381 genitus
3164 1308 3253 1374 sit,
3282 1305 3399 1360 nul-

1832 1418 1939 1470 lam
1966 1425 2141 1470 tamen
2182 1411 2347 1466 habet
2410 1406 2819 1464 similitudinem
2874 1418 2997 1458 cum
3054 1398 3400 1455 creatis:est

1832 1508 1973 1563 enim
2005 1505 2149 1559 omni
2179 1512 2432 1559 creatura
2485 1498 2765 1570 superior.
2797 1494 2916 1551 Non
2952 1495 3115 1564 igitur
3163 1490 3285 1561 quia
3320 1490 3401 1544 in-

1832 1597 2045 1669 genitus
2062 1605 2146 1651 est
2175 1594 2359 1657 Pater,
2395 1591 2680 1646 dissimilis
2713 1590 2761 1644 ei
2802 1587 3120 1643 secundum.
3152 1592 3399 1637 naturam

1833 1690 1954 1751 erit,
1977 1688 2071 1757 qui
2092 1701 2159 1741 ex
2195 1686 2309 1755 ipso
2339 1683 2550 1752 genitus
2578 1688 2663 1736 est
2705 1679 2895 1734 Filius.
2926 1672 3397 1744 Quemadmodum

152 1761 359 1863 γενητὰ
422 1761 677 1863 γεννητὸς
730 1791 991 1865 ὑπάρχων
1042 1761 1688 1863 ἀνιὶᾶέέτίκείὸμοίωσιν
1712 1805 1729 1819 °

1854 1781 1975 1834 :nim
2000 1780 2137 1848 ipse,
2169 1778 2385 1848 genitus
2413 1788 2534 1826 cum
2566 1772 2660 1835 sit,
2684 1783 2901 1825 omnem
2948 1781 3068 1821 cum
3097 1764 3292 1819 creatis
3322 1761 3403 1815 si-

151 1884 301 1939 οὓτω
325 1889 424 1957 τῆς
450 1886 585 1955 πρὸς
614 1884 675 1938 τὸ
707 1884 970 1963 ᾁγένητον
1002 1884 1301 1957 ἐμφερείας
1333 1884 1392 1937 οὐ
1423 1883 1730 1955 καταϐήσε-

153 1995 273 2044 ται,
302 1979 406 2033 κᾶν
431 1978 649 2049 ὑπάρχῃ
684 1978 962 2047 γεννητὸς.

433 2088 835 2159 Ἁνθυποφορὰ
866 2088 946 2154 ὡς
970 2088 1039 2141 ἐκ
1064 2086 1184 2141 τῶν
1210 2084 1536 2154 αφετικῶν.

226 2200 306 2256 Τὸ
335 2200 625 2269 ἀγένητον,
642 2200 828 2267 φασιν,
856 2199 950 2250 ἐπὶ
982 2195 1139 2263 Θεοῦ,
1158 2196 1342 2250 οὐσίαν
1371 2192 1509 2248 εἶναί
1533 2210 1733 2264 φαμενο

153 2295 255 2348 καὶ
283 2294 431 2347 ἔσται
467 2294 529 2346 τὸ
563 2292 735 2362 ὄνομα
767 2291 970 2361 ὁρικὸν,
993 2290 1182 2359 ὥσπερ
1210 2289 1276 2342 ἂν
1306 2288 1358 2341 εί
1378 2305 1461 2351 τις
1492 2288 1737 2357 ὁρίσαιτο

154 2387 253 2442 καὶ
277 2386 375 2457 τὴν
404 2384 592 2437 οὐσίαν
635 2382 729 2436 τοῦ
754 2382 1041 2453 ἀνθρώπου
1073 2382 1269 2449 λέγων·
1305 2380 1453 2434 Ζῶον
1485 2376 1728 2446 λογικὸν,

154 2478 373 2547 θνητὸν,
407 2474 499 2531 νοῦ
534 2475 628 2529 καὶ
663 2477 972 2546 ἐπιστήμης
994 2473 1259 2527 δεκτικόν.

648 2673 802 2743 Πρὸς
834 2671 1009 2726 τοῦτο
1044 2671 1247 2736 λύσις.

244 2807 495 2880 Ἂμαθῶς
537 2808 635 2861 καὶ
678 2804 836 2860 τοῦτο
868 2805 1241 2876 προτείνοντες
1278 2800 1698 2871 ἐλεγχθήσονται
1721 2813 1736 2830 ⁸

1837 1870 2196 1927 militudinem
2250 1864 2518 1921 excedit:
2555 1863 2626 1917 ita
2684 1862 2849 1915 etiam
2898 1873 3004 1911 non
3057 1855 3163 1910 erit
3211 1866 3405 1922 expers

1836 1960 2204 2020 similitudinis
2232 1973 2353 2013 cum
2379 1953 2639 2025 ingenito,
2676 1950 2892 2007 tametsi
2927 1949 3141 2018 genitus
3170 1945 3263 2000 sit.

2014 2072 2247 2143 Objectio
2278 2081 2527 2139 tanquam
2565 2083 2628 2121 ex
2660 2066 2819 2119 dictis
2865 2062 3252 2117 Itwreticorum.

1905 2191 1974 2245 At
1998 2186 2316 2259 ingenitum,
2348 2183 2617 2253 inquiunt,
2655 2181 2709 2234 in
2733 2179 2865 2242 Deo,
2903 2173 3260 2233 substantiam
3285 2184 3409 2226 esse

1836 2282 2149 2338 asserimus.
2187 2278 2253 2330 Et
2292 2276 2398 2330 erit
2454 2287 2648 2328 nomen
2707 2268 3089 2331 deﬁnitivum;
3156 2262 3320 2316 veluti
3360 2260 3409 2317 si

1837 2374 1960 2442 quis
1996 2369 2217 2424 deﬁniat
2262 2367 2425 2421 etiam
2481 2363 2845 2419 substantiam
2895 2356 3131 2414 hominis
3176 2355 3407 2410 dicens:

1836 2462 2049 2517 Animal
2075 2456 2628 2523 rationale,‘mortale,
2658 2450 3023 2522 intelligentia:
3048 2456 3210 2516 atque
3233 2445 3411 2500 scien-

1837 2560 1924 2611 tia:
1955 2569 2146 2624 capax.

2527 2662 2751 2718 Salutio.

1905 2802 2085 2872 lnepte
2126 2802 2291 2857 etiam
2346 2800 2449 2855 hoc
2491 2797 2727 2867 objicere
2772 2791 3148 2851 ostendentur.
3200 2786 3335 2843 Nam
3367 2786 3411 2841 si

155 2904 208 2958 εἰ
250 2878 360 2971 γαρ
384 2899 566 2966 ὁρικὸν
595 2892 734 2952 εἶναι
761 2895 1011 2968 βούλεσθε
1043 2895 1104 2948 τὸ
1130 2894 1419 2963 ἀγένητος
1443 2890 1638 2961 ὄνομα,
1674 2891 1739 2942 ἐκ

1854 2909 2022 2950 vocem
2058 2896 2220 2959 hanc,
2257 2894 2565 2963 ingenitum,
2600 2886 2932 2944 dellnitivam
2975 2895 3097 2938 esse
3124 2878 3305 2943 vultis,
3345 2891 3414 2931 ex

155 2970 353 3062 γένους
401 2992 540 3045 ἔστω
584 2991 678 3043 καὶ
717 2990 1001 3060 διαφορᾶς,
1055 2988 1173 3058 ἦτοι
1215 2982 1518 3054 διαφορῶνο
1572 2980 1739 3052 χωρὶς

1854 2999 2038 3052 genere
2080 2985 2183 3038 erit
2212 2992 2374 3052 atque
2401 2978 2702 3035 diﬁ'erentia
2731 2976 2815 3029 vel
2840 2970 3157 3029 diﬁ’erentiis
3191 2987 3206 3023 :
3240 2981 3416 3038 neque

157 3087 275 3163 γὰρ
301 3084 504 3138 τούτων
532 3086 657 3155 ὄρος
683 3083 782 3136 οὐκ
808 3081 874 3135 ἂν
907 3079 1116 3150 γένοιτό
1146 3094 1303 3132 ποτει
1320 3077 1393 3129 Τὸ
1417 3074 1475 3129 δὲ
1498 3073 1738 3128 τοιοῦτον

1854 3076 1987 3130 enim
2020 3076 2137 3129 sine
2185 3074 2271 3128 his
2326 3072 2569 3128 deﬁnitio
2628 3082 2862 3137 unquam
2920 3071 3169 3119 constare
3219 3064 3412 3130 potest.

157 3154 449 3246 ἆγένητον,
484 3154 736 3237 είςούδὲν
768 3172 955 3235 οὐσίας
996 3171 1240 3242 ὑπάρχον
1280 3169 1459 3238 γένος,
1486 3167 1611 3238 ὄρος
1637 3166 1738 3219 οὐκ

1854 3166 2138 3236 ingenitum
2169 3165 2353 3236 itaque
2408 3178 2527 3217 cum
2568 3162 2620 3215 in
2663 3159 2810 3214 nullo
2843 3154 3159 3213 substantia:
3218 3162 3418 3221 genere

157 3242 230 3326 at}
262 3242 400 3322 εἶναι
428 3265 669 3319 δύναιτο·
698 3263 835 3334 πρὸς
858 3262 915 3316 δέ
946 3279 1010 3332 γε
1039 3261 1237 3331 τούτῳ,
1266 3258 1336 3313 τὰ
1360 3258 1492 3328 γένη
1539 3256 1739 3327 φιλοσό-

1854 3259 2309 3328 collocaripossit,
2348 3254 2594 3310 deﬁnitio
2630 3266 2753 3308 esse
2787 3265 2893 3305 non
2918 3255 3115 3319 potest.
3158 3243 3239 3299 Ad
3278 3242 3415 3308 haec,

160 3376 286 3432 φως
332 3356 624 3430 ὁριζόμενα
674 3358 802 3427 παρ’
842 3354 1064 3408 ἐκείνων
1107 3352 1343 3424 ὁρῶμεν,
1382 3351 1485 3404 οὐκ
1530 3351 1591 3402 ἐν
1646 3348 1739 3419 μιᾷ

1854 3366 2041 3421 genera
2072 3366 2100 3404 a
2128 3348 2463 3420 philosophis
2515 3360 2621 3399 non
2654 3345 2705 3398 in
2737 3356 2846 3396 una
2879 3353 2943 3394 ac
2990 3337 3103 3393 sola
3150 3334 3409 3395 dictione,

140 5584 151 5687 ἱ

160 3453 311 3519 λέξει
334 3454 429 3507 καὶ
458 3452 614 3522 μόνῃ,
646 3450 761 3504 ἀλλ’
791 3450 850 3502 ἐν
877 3447 1116 3501 πλείοσιν
1136 3463 1151 3478 ο
1176 3444 1250 3511 ὡς
1282 3444 1345 3497 τὸ
1375 3442 1532 3497 οὐσία
1570 3439 1745 3511 ἐμψυ-

162 3563 262 3623 χος
290 3542 595 3615 αἰσθητικὴ,
624 3543 658 3614 ἢ
708 3540 846 3604 ζῶον
894 3539 1107 3608 λογικὸν
1158 3536 1374 3607 θνητόν.
1406 3534 1518 3589 Καὶ
1552 3533 1601 3585 εί
1630 3530 1746 3594 ἐνὸς

159 3620 430 3701 ὀνόματος
466 3631 737 3698 ἀπόφασις
766 3629 867 3683 οὐκ
890 3624 1175 3698 ἐξαρκέσει
1197 3625 1331 3696 πρὸς
1354 3624 1542 3686 οὐσίας
1572 3620 1744 3692 δήλω-

162 3738 277 3785 σιν,
311 3719 411 3773 οὐκ
431 3720 537 3791 ἄρα
573 3720 756 3789 ὁρικὸν
781 3718 841 3772 τὸ
869 3717 1218 3789 ἀγέννητος.

852 3913 1059 3967 ΑΛΛΟ.

242 4028 306 4081 El
334 4027 441 4090 πᾶς
468 4027 595 4095 ὅρος
617 4025 678 4078 τὸ
702 4025 755 4079 τί
779 4026 896 4078 ἐστι
925 4023 1065 4079 κατὰ
1092 4023 1254 4093 φύσιν
1284 4022 1392 4076 τῶν
1420 4018 1748 4092 σημαινομέ-

162 4138 277 4173 νων
324 4120 553 4172 ἕκαστον
598 4117 856 4189 εἰσφέρει,
891 4118 987 4170 καὶ
1033 4116 1154 4186 οὐχὶ
1198 4115 1249 4167 τί
1279 4116 1378 4167 οὐκ
1407 4112 1553 4166 ἐστιν
1579 4129 1593 4143 ο
1630 4114 1662 4183 ἡ
1690 4112 1746 4165 δὲ

164 4208 503 4279 ἀγέννητος
534 4208 706 4278 φωνὴ,
724 4207 785 4261 οὐ
803 4207 1059 4260 τίέστινὸ
1082 4205 1237 4268 Θεὸς,
1262 4204 1397 4256 ἀλλὰ
1424 4202 1477 4256 τί
1502 4204 1602 4255 οὐκ
1626 4201 1742 4255 ἔστι

164 4302 321 4372 δηλοῖ
354 4300 471 4371 (δτι
513 4299 619 4370 γὰρ
662 4298 760 4351 οὐκ
804 4296 1056 4367 ἐγενήθη,
1086 4294 1175 4349 διὰ
1208 4295 1366 4348 τοῦτο
1400 4293 1701 4365 ἀγένητος)
1729 4309 1743 4322 ·

165 4397 273 4449 οὐκ
298 4392 366 4448 ἂν
396 4393 479 4463 εἴη
506 4392 630 4463 ὄρος
658 4390 718 4443 τὸ
749 4389 1036 4460 ἀγένητος
1070 4388 1259 4459 ὄνομα.

864 4500 1068 4554 AAAO.

244 4618 366 4672 Τῶν
392 4617 587 4671 οὐσιῶν
612 4617 737 4679 τοὺς
764 4616 919 4684 ὄρους
957 4615 991 4683 ἢ
1034 4612 1166 4680 φέρε
1198 4613 1372 4665 εἰπεῖν
1400 4612 1509 4665 τῶν
1540 4611 1745 4681 συμϐε-

171 4711 440 4783 ϐηκότων,
458 4710 507 4762 oi
534 4708 664 4773 περὶ
691 4706 863 4759 ταῦτα
901 4706 1071 4772 σοφοὶ,
1091 4706 1189 4757 οὐκ
1216 4706 1279 4756 ἐκ
1302 4703 1410 4757 τῶν
1437 4702 1748 4772 ἀντικειμέ-

170 4818 281 4856 νων
316 4799 560 4869 γίνεσθαι
592 4798 888 4867 βούλονται,
920 4795 1033 4849 ἀλλ’
1071 4796 1128 4862 ἐξ
1167 4788 1240 4848 ὧν
1270 4796 1408 4848 εἰσιν
1440 4794 1748 4863 ὁμολογου-

175 4892 355 4963 μένως
372 4905 387 4920 ⁸
411 4887 520 4944 οἷον
547 4889 735 4959 ῶσπερ
763 4890 813 4941 ετ
840 4906 923 4951 τις
951 4890 1122 4940 εἰπεῖν
1144 4884 1539 4956 ἀπαιτούμενος
1559 4885 1611 4937 τί
1632 4886 1748 4938 ἐστι

173 4986 390 5052 λευκὸν,
418 4982 772 5055 ἀποκρίναιτο
802 4982 862 5034 τὸ
912 4981 987 5053 μὴ
1034 4980 1223 5050 μέλαν.
1258 4978 1429 5032 Τοῦτο
1464 4977 1575 5049 γὰρ
1608 4976 1667 5030 οὐ
1694 4977 1754 5029 τί

175 5082 295 5133 ἐστι
323 5077 385 5131 τὸ
410 5075 745 5148 ὁριζόμενον,
774 5072 909 5127 ἀλλὰ
936 5073 987 5125 τί
1020 5074 1119 5125 οὐκ
1148 5070 1261 5123 ἔστι
1287 5070 1457 5141 δηλοῖ.
1484 5069 1547 5122 Εἰ
1570 5068 1749 5121 τοίνυν

182 5170 536 5245 ἢᾶγένητος
582 5167 733 5238 φωνὴ
777 5166 839 5219 τδ
888 5164 962 5236 μὴ
1008 5161 1336 5233 γεγενῆσθαι
1381 5160 1656 5231 σημαίνει,
1685 5159 1749 5212 ἐκ

184 5264 287 5318 τῶν
330 5261 715 5332 ἀντικειμένων
762 5259 873 5328 ἐχει
920 5257 1018 5328 τὴν
1052 5256 1303 5327 δήλωσιν,
1333 5254 1490 5323 ὑγιὴς
1529 5252 1586 5306 δὲ
1629 5254 1752 5323 ὄρος

180 5355 281 5408 οὐκ
314 5353 382 5408 ἂν
413 5352 621 5421 γένοιτο
652 5350 739 5405 διὰ
775 5348 884 5403 τῶν
917 5347 1193 5402 τοιούτων.
1223 5345 1337 5399 Οὐκ
1378 5344 1487 5416 ἄρα
1532 5344 1657 5414 ὅρος
1688 5342 1750 5396 τὸ

182 5446 495 5517 ἀγέννητον.

866 5554 1069 5606 AAAU.

263 5674 331 5729 Ἥ
386 5674 676 5745 ἀγένητος
730 5670 881 5740 φωνὴ
942 5670 1049 5723 τῶν
1109 5664 1386 5736 πολλαχῶς
1441 5664 1751 5735 λεγομένων

192 5768 351 5825 multo
404 5765 627 5833 κυρίως,
663 5765 757 5821 καὶ
802 5764 859 5819 ἐν
902 5764 1011 5826 τοῖς
1061 5759 1367 5829 ὁμωνύμως
1419 5757 1652 5825 εὐλόγως
1692 5758 1754 5811 ἂν

1374 5845 1483 5856 ...ι-..ι

1844 3440 1937 3494 sed
1968 3440 2021 3492 in
2075 3437 2320 3509 pluribus
2388 3433 2605 3489 deﬁnita
2660 3430 2926 3495 videmus,
2983 3438 3044 3481 nt
3112 3421 3416 3480 substantia

1847 3527 2083 3580 animata
2112 3525 2393 3588 seusitiva,
2443 3521 2527 3576 vel
2575 3519 2774 3603 animal
2804 3514 3086 3579 rationale,
3167 3509 3417 3567 mortale.

1846 3616 1911 3670 Et
1937 3615 1982 3670 si
2024 3616 2184 3670 unius
2230 3613 2465 3667 nominis
2505 3602 2718 3678 negatio
2765 3623 2871 3663 non
2903 3605 3104 3661 sulIicit
3171 3603 3239 3658 ad
3280 3602 3417 3658 sub-

1842 3707 2059 3763 Stantia:
2085 3707 2502 3775 explicationem
2522 3744 2539 3770 ,
2581 3716 2689 3758 non
2741 3700 2849 3755 erit
2880 3708 3031 3755 certe
3059 3695 3285 3768 ingeniti
3315 3706 3419 3750 no,-

1848 3812 1969 3852 men
2005 3796 2269 3853 deﬁnitio.

2500 3906 2733 3963 ALIUD.

1920 4024 1976 4079 Si
2013 4022 2190 4079 omnis
2223 4020 2463 4077 deﬁnitio
2502 4017 2872 4087 cujuscunque
2913 4013 3063 4069 vocis
3137 4010 3265 4080 quid
3306 4009 3413 4074 sit.

1848 4117 1989 4187 quod
2015 4115 2354 4187 proponitur,
2390 4127 2496 4167 non
2534 4110 2665 4180 quid
2695 4123 2803 4163 non
2835 4108 2926 4174 sit,
2959 4105 3213 4175 explicat,
3258 4103 3417 4172 inge-

1850 4211 1948 4265 niti
1978 4218 2158 4264 autem
2188 4223 2291 4263 vox
2320 4221 2424 4261 non
2460 4204 2590 4274 quid
2624 4203 2696 4257 sit
2751 4200 2912 4264 Deus,
2947 4199 3040 4253 sed
3065 4195 3194 4265 quid
3222 4208 3333 4274 non
3349 4192 3423 4249 sit

1849 4302 2088 4371 explicat
2114 4300 2274 4369 (quia
2303 4298 2444 4352 enim
2472 4265 2688 4367 genitus
2712 4307 2818 4346 nou
2852 4300 2958 4354 est,
2992 4289 3111 4342 ideo
3146 4265 3421 4354 ingenitus

1851 4395 2075 4462 dicitur)
2128 4410 2142 4446 :
2176 4388 2395 4460 ingeniti
2432 4400 2628 4442 nomen
2666 4382 2910 4439 deﬁnitio
2938 4393 3060 4435 esse
3088 4392 3192 4432 non
3223 4382 3425 4446 potest.

2523 4498 2754 4555 ALIUD.

1926 4618 2357 4675 Substantiarum
2396 4624 2561 4685 atque
2590 4612 2725 4667 adeo
2758 4607 3118 4665 accidentium
3144 4604 3421 4659 deﬁnitio-

1850 4727 1945 4767 nes
1974 4709 2271 4779 philosophi
2297 4723 2400 4762 non
2426 4724 2455 4761 a
2481 4704 2770 4760 contrariis
2798 4700 2904 4772 peti
2930 4700 3136 4766 volunt,
3154 4694 3251 4753 sed
3272 4712 3337 4751 ex
3357 4694 3427 4752 iis

1850 4821 1880 4859 e
1901 4804 2093 4872 quibus
2115 4814 2302 4856 revera
2333 4806 2586 4855 constant
2617 4813 2634 4851 :
2668 4796 2772 4866 16
2801 4793 2960 4848 veluti
2985 4792 3031 4848 si
3068 4791 3188 4859 quis
3210 4796 3430 4857 rogatus

1852 4896 1978 4965 quid
1998 4896 2068 4948 sit
2098 4894 2305 4957 album,
2348 4890 2693 4959 respondeat,
2752 4886 2805 4940 id
2859 4884 3002 4954 quod
3054 4883 3267 4951 nigrum
3315 4893 3431 4933 non

1850 4996 1951 5043 est.
1992 4985 2047 5040 Id
2077 4985 2221 5040 enim
2273 4998 2379 5037 non
2419 4981 2548 5051 quid
2618 4989 2722 5045 est,
2775 4977 2869 5033 sed
2924 4975 3051 5047 quid
3101 4988 3208 5028 non
3251 4980 3335 5026 est
3372 4967 3431 5024 id

1853 5078 1994 5145 quod
2023 5075 2277 5129 delinitur
2319 5070 2574 5126 ostendit.
2610 5068 2667 5122 Si
2711 5081 2839 5136 ergo
2879 5080 2980 5120 vox
3026 5060 3269 5132 ingeniti,
3320 5072 3433 5112 non

1852 5184 1975 5225 esse
2007 5168 2247 5239 genitum
2279 5163 2536 5229 declarat,
2569 5177 2631 5216 ex
2676 5156 2965 5214 contrariis
2996 5169 3145 5209 suam
3180 5149 3425 5206 declara-

1861 5264 2059 5317 tionem
2110 5258 2278 5315 sumit
2314 5275 2329 5312 :
2364 5264 2511 5311 recta
2551 5267 2678 5307 vero
2730 5249 2974 5306 deﬁnitio
3026 5256 3299 5312 nunquam
3358 5253 3431 5293 cx

1860 5355 1925 5409 iis
1952 5360 2184 5409 constat.
2213 5347 2331 5404 Non
2355 5356 2595 5415 estergo
2640 5357 2835 5399 nomen
2884 5335 3107 5408 ingeniti
3156 5331 3425 5390 deﬁnitio.

2521 5540 2749 5598 ALIUD.

1925 5660 2037 5716 Vox
2071 5660 2283 5731 ἕης]εηὶιὶ
2328 5674 2390 5713 ex
2418 5657 2482 5712 iis
2533 5663 2616 5712 est
2669 5670 2789 5725 qua:
2836 5650 2999 5704 variis
3057 5647 3232 5703 modis
3269 5647 3427 5701 intel-

1857 5754 1944 5820 ligi
1975 5761 2217 5820 possunt,
2257 5751 2555 5815 meritoque
2618 5748 2757 5803 inter
2808 5742 3110 5809 aequivocas
3153 5737 3439 5794 numerari:
