3876 6208
415 319 478 383 ει
1440 315 1497 369 S.
1540 310 1821 368 CYRILIJ
1860 308 2332 364 ALEXANDIHNI
2372 308 2693 364 ARCHIEP.
3630 318 3709 373 32

418 439 595 499 debet.
636 436 691 492 Si
724 452 850 507 ergo
876 439 1304 501 substantiarum
1344 433 1688 489 deﬁnitiones
1731 447 1834 486 non
1868 446 2001 486 con-

2147 430 2512 484 ατατάττοιτο.
2554 432 2614 484 Ei
2661 430 2837 484 τοίνυν
2884 434 2943 487 οἱ.
2977 432 3086 487 τῶν
3127 433 3323 486 οὐσιῶν
3358 433 3473 505 ὅροι
3501 430 3609 487 οὐκ
3640 435 3711 487 ἐκ

418 538 567 589 stant
587 544 655 584 ex
676 530 993 599 aequivocis,
1025 545 1201 598 neque
1224 543 1292 582 ex
1326 527 1577 581 terminis
1606 526 1789 579 varias
1832 525 2003 594 signi-

422 623 700 682 ﬁcationes
726 622 1050 676 habentibus
1077 626 1290 690 (neque
1318 620 1463 674 enim
1500 618 1549 671 id
1574 618 1717 686 quod
1746 618 2004 671 deﬁnitur

421 714 797 783 explicabitur,
829 713 873 767 si
902 730 964 768 ex
1004 714 1068 766 iis
1113 711 1378 778 constet),
1413 711 1632 779 ingeniti
1695 726 1826 764 vero
1877 726 2000 776 vos,

422 812 482 869 ut
518 806 675 857 modo
705 804 962 867 diximus,
1004 805 1279 873 arquivoca
1320 814 1405 858 est
1446 822 1458 857 :
1498 811 1649 858 certe
1699 804 2002 872 ingenitum

424 896 664 961 deﬁnitio
692 911 813 951 esse
844 912 948 950 non
981 905 1177 965 potest.

1101 1006 1332 1062 ALIUD.

497 1122 553 1177 Si
588 1138 783 1178 nomen
811 1122 929 1177 sive
956 1138 1065 1193 vox‘
1108 1123 1349 1191 ingeniti,
1392 1122 1778 1185 deﬁnitioest,
1829 1124 2005 1179 susci-

424 1217 538 1286 piet
569 1215 810 1285 profecto
833 1217 990 1285 juxta
1041 1216 1308 1269 rationem
1339 1214 1741 1277 deﬁnitionum,
1776 1228 2004 1269 conver-

425 1307 653 1363 sionem.
684 1308 858 1362 Veluti
888 1308 930 1361 si
960 1308 1082 1377 quis
1113 1307 1387 1362 hominem
1409 1308 1689 1371 deﬁniens,
1714 1307 1859 1361 dicat
1888 1322 2008 1361 esse

429 1397 628 1451 animal
660 1397 943 1461 rationale,
973 1399 1223 1463 mortale,
1289 1398 1659 1467 intelligentiae
1728 1407 1784 1453 et
1835 1399 2008 1454 scien-

428 1491 518 1543 tia:
547 1504 749 1559 capax;
798 1492 1002 1560 poterit
1047 1492 1150 1546 hoc
1208 1492 1382 1559 ipsum
1433 1505 1623 1545 rursus
1664 1498 2005 1557 convertere,

428 1581 655 1636 dicens:
690 1581 744 1645 Si
781 1583 924 1652 quod
963 1584 1162 1637 animal
1194 1594 1277 1639 est
1319 1584 1604 1650 rationale,
1640 1584 1891 1647 mortale,
1926 1585 2009 1636 in-

433 1673 739 1741 telligentia:
761 1684 815 1726 et
840 1674 1081 1728 scientia:
1108 1691 1298 1745 capax,
1332 1676 1383 1728 id
1406 1675 1626 1727 omnino
1657 1674 1819 1728 etiam
1850 1675 2011 1729 homo

2104 521 2213 573 τῶν
2263 522 2591 592 ὁμωνύμων,
2640 524 2748 577 οὐδ’
2786 527 2850 579 ὲκ
2902 526 3011 578 τῶν
3057 526 3340 597 πολλαχῶς
3387 524 3711 596 νοουμένων

2106 614 2471 685 λαμϐάνονται
2516 615 2657 686 (οὐδὲ
2689 616 2799 687 γὰρ
2849 616 3004 671 ἔσται
3055 617 3222 687 σαφὲς
3255 616 3315 670 τὸ
3356 615 3710 687 ὁριζόμενον,

2107 709 2154 759 εἰ
2202 710 2265 759 ἐκ
2312 707 2517 769 τούτων
2564 709 2938 779 λαμϐάνοιτο),
2992 711 3025 781 ἡ
3079 710 3135 762 δὲ
3182 708 3468 779 ἀγένητος
3520 708 3712 777 φωνὴ,

2107 800 2356 872 καθάπερ
2385 802 2483 872 ήδη
2516 802 2867 875 προείπομεν,
2908 804 3017 856 τῶν
3048 801 3358 875 ὁμωνύμων
3395 802 3569 867 ἐστὶν,
3602 802 3715 854 οὐκ

2110 892 2175 946 ἂν
2205 894 2287 965 εἴη
2318 895 2439 964 ὄρος
2474 894 2535 945 τὸ
2562 894 2850 966 ἀγένητον.

2804 1010 3006 1063 ᾹΛΛο.

2180 1122 2240 1174 Εἰ
2268 1123 2389 1193 ὅρος
2418 1121 2533 1175 ἐστὶ
2566 1121 2976 1191 τδάγέννητος
3003 1122 3173 1194 ὄνομα
3203 1125 3322 1195 ἦτοι
3346 1124 3517 1194 φωνὴ,
3557 1123 3721 1188 δέξε-

2108 1231 2199 1266 ται
2224 1214 2467 1283 δηλονότι
2496 1216 2641 1272 κατά
2667 1215 2729 1269 τὸ
2760 1215 2866 1269 τῶν
2892 1217 3033 1288 ὅρων
3070 1218 3254 1288 σχῆμα
3285 1217 3383 1287 τὴν
3417 1218 3721 1287 ἀντιστρο-

2111 1308 2244 1376 φὴν·
2284 1305 2472 1378 ὥσπερ
2521 1308 2573 1361 ετ
2618 1324 2703 1371 τις
2751 1308 2843 1361 τὸν
2891 1308 3175 1380 ἄνθρωπον
3221 1308 3438 1378 ὁρίζων,
3484 1308 3561 1369 ὡς
3622 1307 3719 1376 εἴη

2112 1398 2249 1462 ζῶον
2296 1399 2532 1467 λογικὸν,
2566 1401 2777 1471 Θνητὸν,
2814 1401 2906 1469 νοῦ
2946 1402 3039 1455 καὶ
3074 1404 3387 1472 ἐπιστήμης
3427 1400 3717 1463 δεκτικὸν,

2112 1492 2483 1560 ἀντιστρέφων
2520 1493 2680 1546 πάλιν
2721 1494 2850 1547 αὐτὸ
2877 1494 3025 1562 λέγοι
3045 1508 3058 1523 ⁸
3090 1494 3158 1551 Εἰ
3190 1512 3275 1557 τις
3298 1493 3436 1557 ζῶον
3461 1492 3719 1561 λογικὸν,

2114 1582 2324 1653 θνητὸν,
2362 1585 2453 1637 νοῦ
2506 1587 2599 1638 καὶ
2635 1588 2949 1657 ἐπιστήμης
2984 1586 3253 1652 δεκτικὸν,
3291 1586 3449 1640 τοῦτο
3483 1587 3724 1651 πάντως

2116 1676 2550 1747 καὶᾶνθρωπος.
2582 1678 2644 1729 Εἰ
2669 1679 2845 1731 τοίνυν
2882 1679 2938 1731 τὸ
2967 1679 3253 1751 ἀγένητον,
3305 1680 3559 1749 καθάπερ
3592 1678 3719 1748 ἤδη

429 1772 534 1817 est.
569 1763 904 1835 Quapropter
930 1768 975 1822 si
1015 1768 1310 1845 ingenitum
1342 1770 1524 1839 (sicut
1552 1770 1710 1823 modo
1738 1767 2006 1839 diximus)

2141 1768 2469 1839 προείπομεν,
2495 1770 2618 1838 ὅρος
2643 1772 2778 1833 ἐστὶ,
2807 1770 2880 1840 μὴ
2906 1771 3280 1840 παραιτείσθω
3296 1772 3395 1841 τήν
3423 1772 3727 1841 ἀντιστρο-

430 1855 674 1911 definitio
743 1866 849 1922 est,
900 1874 968 1913 ne
1016 1873 1232 1915 recuset
1266 1862 1696 1916 conversionem.
1752 1859 1809 1915 Si
1861 1864 2017 1931 enim

431 1948 726 2016 ingenitum
761 1952 1064 2006 substantia
1099 1962 1182 2006 est
1226 1972 1239 2004 :
1276 1953 1574 2007 substantia
1606 1953 1770 2013 etiam
1814 1963 1897 2008 est
1924 1954 2010 2007 in.

430 2040 692 2110 genitum,
729 2043 823 2096 sed
871 2058 975 2097 non
1017 2046 1373 2099 convertitur.
1424 2045 1610 2114 Neque
1655 2048 1799 2100 enim
1836 2046 2019 2109 omnis

431 2132 733 2187 substantia
789 2135 841 2188 in
897 2138 1206 2191 universum
1257 2139 1420 2192 etiam
1472 2139 1709 2208 ingenita
1744 2148 1859 2205 est;
1909 2138 2012 2192 soli

430 2225 573 2276 enim
608 2226 715 2280 Deo
764 2228 863 2283 hoc
895 2230 1165 2297 peculiare
1201 2243 1303 2286 est.
1355 2229 1471 2284 Non
1509 2241 1594 2286 est
1638 2246 1767 2299 ergo
1814 2246 2006 2284 nomen

2116 1864 2258 1932 φήν*
2312 1861 2361 1913 εἰ
2410 1860 2518 1932 γὰρ
2558 1863 2617 1914 τὸ
2652 1862 2911 1932 ἀγένητον
2943 1863 3118 1925 οὐσία,
3151 1865 3245 1916 καὶ
3295 1865 3327 1933 ἡ
3370 1863 3525 1915 οὐσία
3575 1861 3726 1929 ἀγέ-

2115 1973 2306 2026 νητον·
2361 1955 2476 2008 ἀλλ’
2517 1956 2616 2009 οὐκ
2666 1957 3035 2027 ἀντιστρέφει.
3080 1959 3153 2011 Οὐ
3196 1959 3304 2029 γὰρ
3356 1960 3502 2011 πᾶσα
3545 1955 3726 2012 οὐσία

2117 2048 2333 2109 πάντως
2362 2048 2478 2100 ἐστὶ
2518 2049 2612 2100 καὶ
2660 2047 2923 2120 ἀγένητος
2943 2064 2958 2079 ·
2998 2050 3143 2121 μόνῳ
3173 2052 3228 2103 δὲ
3261 2052 3379 2122 Θεῷ
3422 2051 3541 2105 κατ’
3571 2050 3729 2114 ἐξαί-

2124 2154 2275 2209 ρετον
2305 2136 2460 2190 τοῦτό
2488 2139 2833 2210 ἐστιν.”ορος
2862 2134 2954 2192 οὖν
2979 2141 3079 2193 οὐκ
3110 2140 3177 2193 ἂν
3208 2143 3289 2213 εἴη
3320 2142 3380 2195 τὸ
3407 2142 3683 2212 ἀγένητον
3708 2157 3723 2169 ’

2116 2230 2232 2283 ἀλλ’
2261 2231 2343 2283 ὅτι
2380 2229 2454 2301 μὴ
2482 2230 2778 2301 γεγένηται
2811 2230 2983 2301 μόνον,
3004 2232 3279 2303 σημαίνει.

432 2316 655 2385 ingeniti
683 2319 923 2375 deﬁnitio
958 2339 971 2375 :
1007 2323 1101 2377 sed
1131 2331 1337 2377 tantum
1374 2340 1481 2378 non
1506 2339 1628 2379 esse
1658 2325 1898 2378 venitum
1932 2322 2228 2393 signiﬁcat.

807 2451 1382 2545 ASSERTIO
1463 2457 1652 2543 IIl.

435 2596 707 2673 Refutatio
755 2601 1094 2673 adpverbum,
1134 2605 1273 2672 quod
1321 2605 1610 2673 ingenitum
1656 2623 1758 2659 non
1788 2606 1855 2659 sit
1901 2608 2018 2661 sub-

506 2672 725 2736 stantia,
756 2671 846 2723 sed
892 2680 1099 2725 tantum
1145 2671 1399 2743 signiﬁcet
1441 2675 1610 2728 Deum
1645 2678 1880 2746 genitum
1914 2695 2017 2731 non

504 2754 634 2793 8888.

508 2851 566 2906 Si
601 2853 895 2922 ingenitum
946 2856 1246 2911 substantia
1274 2870 1381 2921 est,
1428 2870 1484 2913 et
1519 2861 1838 2915 substantia:
1883 2862 2017 2916 nihil

437 2952 522 3001 est
555 2946 915 3010 contrarium,
950 2947 1080 3000 nihil
1130 2949 1235 3001 erit
1278 2949 1516 3019 ingenito
1560 2952 1911 3005 contrarium.
1955 2951 2013 3007 Si

438 3048 569 3091 vero
629 3039 958 3091 contrarium
1013 3049 1096 3093 est
1145 3040 1387 3111 ingenito
1426 3044 1665 3111 genitum
1695 3084 1709 3108 ,
1756 3045 2012 3098 substan-

2635 2446 3002 2533 ΛΟΓΟΣ
3075 2449 3186 2533 1‘.

2137 2601 2476 2674 ’Λειτολογ-ἰᾳΔ
2496 2603 2828 2674 αὺζολεξεὶ.
2861 2604 2948 2658 ὅτι
2972 2605 3057 2673 μὴ
3084 2606 3151 2658 τὸ
3183 2604 3476 2674 ἀγένητον
3504 2608 3725 2668 οὐσία.

2191 2672 2385 2795 μένον
2417 2671 2484 2724 δὲ
2516 2673 2622 2727 τοῦ
2645 2674 2731 2743 μὴ
2766 2671 3069 2745 γεγονέναι
3100 2675 3206 2729 τὸν
3233 2671 3399 2742 Θεὸν,
3427 2693 3731 2745 σημαντι-

2199 2760 2236 2794 κ
2274 2758 2329 2794 ν.

2199 2758 2329 2794 κον.

2198 2855 2261 2906 Ei
2299 2854 2360 2907 τὸ
2396 2856 2660 2925 ἀγένητον
2696 2856 2874 2923 οὐσία,
2909 2859 2974 2928 τῇ
3002 2856 3059 2910 δὲ
3083 2858 3242 2928 οὐσίᾳ
3269 2858 3419 2911 οὐδὲν
3449 2861 3727 2935 ἐναντίον,

2123 2944 2275 2996 οὐδὲν
2325 2945 2432 3016 ἄρα
2487 2944 2640 2998 ἔσται
2672 2946 2747 3017 τῷ
2780 2948 3029 3017 ἀγενήτῳ
3075 2948 3333 3001 ἐναντίον.
3366 2949 3426 3000 Ei
3465 2948 3522 3001 δέ
3566 2951 3731 3003 ἐστιν

2121 3035 2363 3088 ἐναντίον
2414 3035 2491 3107 τῷ
2524 3037 2772 3109 ἀγενήτῳ
2806 3038 2868 3092 τὸ
2905 3039 3149 3109 γενητὸν,
3191 3043 3256 3110 τῇ
3287 3040 3341 3093 δὲ
3369 3042 3525 3112 οὐσίᾳ
3562 3043 3731 3095 οὐδὲν

444 3127 530 3191 tiae
569 3136 749 3183 autem
800 3131 934 3185 nihil
978 3135 1349 3201 contrarium,
1408 3137 1709 3207 ingenitum
1758 3155 1861 3194 non
1912 3141 2018 3195 erit

2141 3127 2387 3191 ιναντίον,
2419 3128 2480 3181 τὸ
2518 3128 2781 3199 ἀγένητον
2816 3130 2916 3183 οὐκ
2942 3130 3093 3197 ἔσται
3130 3131 3308 3184 οὐσία.

440 3220 764 3279 substantia.

1044 3318 1147 3405 ῃ
1189 3318 1423 3375 ALIUD.

515 3421 573 3477 Si
596 3423 892 3494 ingenitum
927 3438 1011 3482 est
1036 3430 1358 3496 substantia,
1386 3435 1701 3490 necessario
1731 3434 1895 3490 etiam
1929 3452 2025 3506 ge-

443 3514 615 3569 nitum
641 3518 745 3570 erit
783 3519 1081 3575 substantia
1124 3538 1136 3574 :
1174 3524 1217 3576 si
1250 3539 1378 3578 vero
1412 3533 1704 3595 utrumque
1749 3536 1833 3582 est
1892 3529 2024 3583 sub-

445 3608 667 3673 azautia,
701 3626 803 3664 non
840 3615 942 3666 erit
972 3616 1304 3669 contrarium
1332 3617 1569 3686 ingenito
1604 3619 1866 3685 genitum,
1931 3622 2026 3675 sed

442 3697 607 3753 idem.
641 3699 828 3771 Neque
856 3704 1000 3763 enim
1029 3707 1332 3765 substantia
1390 3708 1709 3764 substantiae
1744 3712 2020 3766 contraria

442 3800 545 3847 εει.

1109 3913 1351 3983 ALIUD.

514 4018 571 4074 Si
612 4018 910 4088 ingenitum
970 4017 1329 4078 substantiam
1397 4023 1487 4079 Dei
1559 4025 1852 4094 signiﬁcat,
1915 4042 2024 4081 non

442 4123 573 4170 vero
603 4120 753 4167 notat
779 4114 1131 4173 substantiam
1164 4117 1401 4186 genitam
1457 4132 1560 4171 non
1586 4133 1727 4181 esse,
1788 4120 2026 4188 genitum

444 4216 662 4273 quoque
686 4205 940 4259 similiter
967 4210 1326 4262 substantiam
1402 4210 1746 4278 signiﬁcabit,
1808 4227 1907 4265 nec
1935 4229 2027 4279 ge-

446 4298 618 4359 nitum
650 4317 771 4357 esse
793 4300 1022 4356 notabit.
1055 4300 1189 4356 Cum
1221 4310 1399 4356 autem
1436 4311 1725 4372 utrumque
1776 4304 2029 4358 substan-

449 4394 576 4447 tiam
602 4393 887 4463 signiﬁcet,
919 4396 1062 4449 unde
1082 4403 1373 4464 cognoscet
1442 4396 1565 4465 quis
1632 4397 1858 4451 alteram
1908 4399 2030 4468 qui-

2814 3314 3020 3367 AAAO.

2198 3429 2263 3481 Ei
2304 3427 2367 3481 τὸ
2405 3428 2672 3501 ἀγένητον
2720 3430 2899 3497 οὐσία,
2953 3430 3010 3496 ἐξ
3053 3430 3300 3503 ἀνάγκης
3345 3432 3493 3485 ἔσται
3528 3432 3624 3485 καὶ
3657 3434 3729 3486 τὸ

2126 3520 2354 3590 γενητὸν
2382 3521 2536 3575 οὐσία
2559 3538 2574 3553 ο
2606 3523 2653 3573 εἰ
2685 3521 2742 3574 δὲ
2765 3521 2923 3575 οὐσία
2956 3522 3214 3593 ἑκάτερα,
3259 3525 3357 3577 οὐκ
3389 3524 3539 3576 ἔσται
3563 3526 3727 3578 ἐναν-

2124 3610 2240 3665 τίον
2280 3613 2357 3683 τῷ
2393 3615 2643 3685 ἀγενήτῳ
2672 3615 2732 3666 τὸ
2784 3616 3033 3684 γενητὸν,
3075 3615 3215 3672 ἀλλά
3260 3618 3477 3670 ταυτόν.
3504 3617 3577 3671 Ού
3606 3618 3727 3689 γὰρ

2127 3705 2364 3775 ἐναντίον
2390 3707 2549 3760 οὐσία
2581 3707 2717 3777 πρὸς
2745 3707 2950 3761 οὐσίαν.

2812 3906 3014 3962 AAAO.

2200 4019 2264 4071 Ei
2295 4018 2354 4072 τὸ
2396 4018 2663 4088 ἀγένητον
2696 4020 2886 4074 οὐσίαν
2927 4018 3062 4073 Θεοῦ
3097 4019 3371 4090 σημαίνει,
3398 4019 3511 4072 ἀλλ’
3558 4020 3617 4072 ού
3655 4019 3725 4073 τὸ

2131 4112 2205 4187 μὴ
2240 4113 2491 4182 γενέσθαι
2520 4113 2617 4185 τὴν
2650 4115 2860 4178 οὐσίαν,
2898 4116 2990 4168 καὶ
3030 4115 3090 4167 τὸ
3116 4114 3340 4185 γενητὸν
3368 4115 3590 4179 εἰκότως
3625 4117 3721 4168 οὑ-

2131 4207 2271 4271 σίαν,
2303 4206 2418 4259 ἀλλ’
2450 4208 2510 4259 οὐ
2558 4207 2619 4259 τὸ
2659 4207 2933 4277 γενέσθαι.
2984 4208 3188 4261 Οὐσίαν
3241 4208 3297 4260 δὲ
3341 4208 3722 4279 σημαινόντων

2131 4299 2428 4369 ἑκατέρων,
2461 4299 2626 4351 πόθεν
2667 4299 2780 4370 γνῷ
2829 4319 2911 4363 τις
2956 4299 3055 4372 τὴν
3087 4303 3183 4370 μὲν
3217 4300 3495 4366 ποιοῦσαν,
3529 4302 3625 4372 τὴν
3655 4301 3721 4355 δὲ

2128 4388 2442 4457 γινομένην,
2489 4388 2634 4455 ἅπαξ
2691 4388 2799 4441 τῶν
2847 4387 3130 4458 ὀνομάτων
3187 4388 3339 4441 οὐδὲν
3390 4386 3715 4458 δηλούντων,

447 4487 569 4543 dent
591 4486 922 4556 gignentem,
948 4487 1171 4540 alteram
1201 4488 1456 4557 genitam,
1482 4503 1600 4543 cum
1652 4492 1870 4549 nomina
1893 4493 2018 4545 nihil

2141 4479 2246 4545 ὶλϊ
2280 4480 2312 4550 ἢ
2354 4480 2513 4550 μόνον
2546 4480 2768 4546 obuias);

448 4576 757 4647 signiﬁcent
785 4578 885 4633 nisi
909 4577 1308 4633 substantiam?

1119 4686 1353 4744 ALIUD.

471 4853 479 4861 ,
520 4802 907 4875 Si'ingenitum
933 4803 1234 4858 substantia
1266 4811 1368 4865 est,
1399 4800 1704 4857 substantia
1757 4812 1937 4857 autem
1967 4803 2032 4856 de

447 4895 703 4957 omnibus
752 4896 983 4949 univoce
1037 4895 1277 4949 dicitur:
1331 4894 1630 4963 ingenitum
1685 4893 1750 4947 de
1776 4894 2030 4948 omnibus

449 4988 767 5044 substantiis
793 4987 1021 5053 dicetur,
1046 4988 1228 5041 autde
1287 4986 1540 5040 omnibus
1583 5002 1703 5055 qum
1733 4986 1833 5040 sub
1900 4986 2032 5055 ipsis

451 5090 596 5135 sunt.
630 5078 686 5135 Si
707 5079 1148 5150 veroingenitum
1174 5079 1239 5133 de
1267 5080 1519 5134 omnibus
1550 5096 1655 5134 uon
1684 5079 2031 5149 praedicatur,

452 5174 753 5235 substantia
779 5183 961 5226 autem
987 5172 1052 5226 de
1080 5173 1332 5226 omnibus
1355 5212 1370 5237 ,
1400 5188 1507 5242 quo
1535 5182 1694 5241 pacto
1720 5188 1882 5225 unum
1919 5172 2034 5226 fue-

455 5268 565 5332 rint
593 5268 892 5323 substantia
923 5277 979 5322 et
1003 5267 1348 5337 ingenitum?

1124 5376 1353 5433 ALIUD.

527 5496 583 5551 Si
612 5495 909 5565 ingenitum
940 5494 1243 5550 substantia
1269 5502 1374 5558 est,
1428 5493 1481 5547 in
1544 5494 1842 5549 substantia
1906 5508 2036 5547 vero

455 5606 561 5651 non
588 5589 734 5644 cadit
772 5587 941 5657 magis
968 5597 1023 5643 et
1085 5588 1287 5652 minus,
1372 5601 1478 5641 non
1532 5587 1637 5642 erit
1695 5590 1799 5642 hac
1828 5587 2037 5641 ratione

458 5683 629 5751 magis
656 5683 970 5753 ingenitum,
1002 5683 1097 5739 sed
1132 5698 1305 5752 neque
1334 5683 1511 5736 minus
1544 5680 1696 5750 quid.
1738 5680 1794 5732 Si
1851 5687 2033 5732 autem

455 5775 637 5844 omnia
667 5777 877 5833 caccdit
907 5776 1223 5846 ingenitum,
1294 5788 1629 5851 nequaquam
1676 5786 1802 5827 vero
1871 5771 2033 5827 etiam

2825 4688 3027 4743 ΑΛΛΟ.

2205 4802 2268 4856 Ei
2300 4800 2359 4856 τὸ
2385 4801 2645 4873 ἀγένητον
2668 4802 2858 4856 οὐσία·
2884 4804 2917 4872 ἡ
2955 4802 3009 4855 δὲ
3038 4803 3191 4855 οὐσία
3230 4803 3320 4854 ἐπὶ
3352 4804 3562 4857 πάντων
3588 4820 3717 4863 συντ-

2133 4893 2366 4965 ωνύμως
2407 4894 2657 4962 λέγεται*
2722 4894 2782 4947 τὸ
2828 4895 3087 4965 ἀγένητον
3128 4896 3219 4946 ἐπὶ
3265 4894 3451 4947 πασῶν
3481 4896 3584 4948 τῶν
3617 4897 3713 4949 οὺ-

2137 4984 2267 5038 σιῶν
2296 4984 2640 5055 λεχθήσεται,
2675 4986 2711 5056 ἢ
2742 4986 2834 5039 ἐπὶ
2882 4986 3097 5039 πάντων
3134 4984 3240 5039 τῶν
3277 4986 3367 5039 ὑπ’
3403 4986 3609 5048 αὑταῖς.
3646 4988 3711 5040 Ei

2133 5076 2191 5128 δὲ
2223 5076 2282 5129 τὸ
2330 5076 2591 5147 ἀγένητον
2623 5078 2714 5129 ἐπὶ
2758 5077 2973 5130 πάντων
3017 5078 3077 5129 ού
3134 5079 3539 5146 κατηγορεῖται,
3584 5076 3615 5145 ἡ
3652 5077 3714 5130 δὲ

2135 5168 2291 5220 οὐσία
2323 5168 2415 5220 ἐπὶ
2453 5169 2690 5236 πάντων,
2727 5168 2844 5233 πῶς
2871 5168 3066 5222 ταυτὸν
3094 5169 3251 5222 οὐσία
3284 5169 3377 5222 καὶ
3422 5168 3706 5237 ἀγένητον;

2817 5374 3020 5427 ΑΛΛΟ.

2211 5493 2272 5545 Ei
2303 5490 2360 5543 τὸ
2405 5492 2666 5559 ἀγένητον
2711 5488 2888 5551 οὐσία,
2920 5490 3078 5543 οὐσία
3125 5492 3182 5544 δὲ
3233 5492 3419 5555 οὐσίας
3463 5492 3562 5544 οὐκ
3596 5487 3710 5545 ἔστι

2144 5584 2342 5655 μᾶλλον
2370 5584 2464 5635 καὶ
2511 5579 2690 5654 ¹ἦττον,
2727 5583 2825 5635 ούκ
2868 5582 3019 5635 ἔσται
3060 5585 3199 5637 κατά
3227 5585 3383 5638 τοῦτο
3428 5582 3622 5653 μᾶλλον
3650 5584 3711 5635 τὸ

2141 5680 2426 5748 ἀγένητον,
2478 5676 2590 5729 ἀλλ’
2625 5676 2744 5729 οὐδὲ
2776 5672 2937 5746 ἧττόν
2971 5694 3021 5728 τι
3071 5677 3257 5731 αὐτοῦ.
3308 5678 3370 5730 Εἰ
3400 5677 3455 5729 δὲ
3500 5675 3711 5729 πάντων

2146 5772 2241 5841 μὲν
2276 5768 2529 5841 ὑπερέχει
2574 5768 2633 5822 τὸ
2688 5769 2970 5839 ἀγένητον,
3008 5769 3189 5823 οὐκέτι
3222 5768 3276 5822 δὲ
3324 5768 3413 5822 καὶ
3450 5769 3482 5833 ἠ
3526 5766 3706 5821 οὐσία·
