3876 6208
112 301 177 353 35
464 359 469 363 Δ
1500 279 1941 335 'l'ﬂESAURUS.
3279 280 3356 362 .34

111 419 155 469 ei
176 415 232 470 δὲ
265 415 361 485 μὴ,
389 412 563 464 πάντα
590 409 809 463 πάντων
845 406 1098 478 ὑπερέξει
1125 422 1136 437 '
1171 406 1269 459 οὑκ
1303 405 1411 478 ἄρα
1442 404 1593 458 ἔσται
1621 405 1674 456 τὲ

1799 401 2125 456 substantia:
2179 387 2376 470 alioqui
2428 403 2609 457 omnia
2680 403 3010 472 praestabunt
3068 406 3354 465 omnibus:

109 507 355 578 ἀγένητον
386 501 563 556 οὐσία.

777 615 980 668 ΑΛΛΟ.

175 735 231 788 Ei
261 734 320 786 τὸ
351 734 612 802 ἀγένητον
661 731 846 784 οὐσίαν
880 728 1014 782 Θεοῦ
1062 728 1338 799 σημαίνει,
1383 727 1495 781 ἀλλ’
1526 727 1584 779 οὐ
1614 727 1674 780 τὸ

111 829 178 900 μὴ
208 826 474 894 γενέσθαι,
528 823 805 893 ὀνομάτων
843 821 990 892 αὐτῷ
1038 821 1237 891 ἑτέρων
1261 819 1418 890 χρεία
1454 818 1559 871 τῶν
1581 818 1674 871 δυ-

107 923 342 992 ναμένων
387 919 574 984 δεῖξαι,
613 919 673 971 τὺ
709 918 783 990 μὴ
817 917 881 970 ἐκ
907 932 1052 978 τινος
1078 914 1252 968 αἰτίου
1285 912 1536 981 γενέσθαι
1583 912 1674 964 τὸν

107 1011 455 1076 Θεόν.·”Απαξ
479 1011 588 1082 γὰρ
617 1011 677 1063 τὺ
706 1009 968 1078 ἀγένητον
998 1006 1092 1061 τοῦ
1131 1005 1264 1058 Θεοῦ
1297 1003 1449 1058 οὐδὲν
1477 1003 1676 1074 σημαί-

108 1123 198 1169 νει,
226 1105 334 1159 ἀλλ’
366 1106 400 1174 ἢ
437 1105 596 1175 μόνον
628 1103 814 1156 οὐσίαν
837 1099 996 1156 Θεοῦ.

792 1306 993 1359 ΑΛΛΟ.

175 1433 234 1486 Ei
260 1433 291 1500 ἠ
321 1427 480 1482 οὐσία
503 1424 596 1478 τοῦ
625 1421 760 1476 Θεοῦ
792 1420 850 1473 ’ἐν
877 1420 928 1473 τί
958 1421 1128 1482 ἐστιν,
1160 1419 1276 1472 ἀλλ’
1307 1418 1368 1472 οὐ
1395 1418 1564 1472 πολλά
1600 1417 1676 1486 τῷ

109 1520 334 1595 ἀριθμῷ,
366 1520 425 1574 τὺ
480 1517 536 1572 δὲ
586 1516 869 1583 ἀγένητον,
911 1513 1007 1565 καί
1057 1510 1429 1574 ἀϐασίλευτον,
1483 1509 1678 1563 καὶτὰ

109 1613 278 1677 λοιπὰ,
328 1611 522 1672 πολλὰ,
564 1606 679 1661 ἀλλ’
713 1605 810 1675 οὐχ
859 1602 917 1657 ἓν
971 1602 1048 1674 τῷ
1095 1600 1348 1672 ἀριθμῷ·
1393 1600 1494 1653 οὑκ
1526 1599 1677 1651 ἔσται

109 1707 208 1779 ἄρα
233 1704 426 1759 ταυτὸν
451 1705 484 1768 ή
517 1699 675 1754 οὐσία
705 1698 783 1768 τῷ
814 1697 1064 1767 ἀγενήτῳ
1094 1695 1188 1749 καὶ
1217 1691 1572 1760 ἀῦασιλεύτῳ,
1602 1691 1678 1754 ὡς

109 1799 219 1853 οὑδὲ
249 1797 309 1851 τὸ
335 1796 392 1849 ἓν
413 1796 528 1854 τοῖς
552 1791 786 1854 πολλοῖς.

787 1987 990 2041 ΑΛΛΟ.

173 2108 233 2161 Ei
259 2106 318 2160 τὸ
349 2101 746 2174 ἀγένητον,καὶ
778 2098 838 2152 τὸ
859 2095 1104 2167 γενητὸν,
1142 2095 1236 2148 καὶ
1274 2093 1342 2147 τὰ
1373 2091 1554 2153 λοιπὰ,
1588 2091 1680 2143 οὑ-

112 2201 195 2253 σία
221 2197 375 2262 Θεοῦ,
409 2197 574 2266 ἕτερα
599 2193 655 2246 δέ
695 2195 801 2245 εἱσι
839 2190 1011 2244 ταῦτα
1054 2191 1174 2251 ταῖς
1212 2188 1436 2255 φωναῖς,
1466 2183 1678 2253 ἀνάγκη

109 2293 202 2363 τὴν
229 2290 412 2344 οὐσίαν
440 2288 656 2356 ἐκείνην
680 2285 822 2338 οὕτω
861 2280 1178 2350 συγκεῖσθαι
1207 2281 1344 2332 κατά
1368 2277 1464 2340 τὰς
1494 2275 1682 2345 διαφό-

111 2397 228 2452 ρους
285 2378 468 2447 φωνάς
492 2393 506 2406 ·
538 2375 604 2428 ἵν’
652 2374 870 2436 οίκείως
916 2373 972 2424 αἱ
1011 2369 1188 2439 φωναὶ⁹
1221 2368 1342 2422 κατ’
1391 2367 1558 2436 αὐτῆς
1591 2365 1680 2417 λέ·-

109 2486 330 2539 γωνται·
367 2468 401 2538 ἢ
455 2465 529 2537 μὴ
582 2463 944 2533 συγκειμένης
987 2461 1178 2530 αὐτῆς,
1221 2456 1510 2511 ἀκόλουθον
1542 2452 1679 2509 εἶναι

110 2562 270 2615 ταῦτα
296 2560 404 2613 τῶν
452 2559 763 2630 προσόντων
795 2558 862 2626 τῇ
888 2554 1046 2626 οὐσίᾳ
1089 2551 1420 2623 σημαντικὰ,
1473 2549 1582 2602 ἀλλ’
1618 2548 1677 2600 οὐ

113 2655 223 2708 καθ’
254 2653 391 2707 αὑτά
426 2651 632 2713 οὐσίας.

780 2762 984 2816 ΑΛΛΟ.

177 2883 232 2934 Ei
260 2883 293 2951 ἠ
322 2880 482 2934 οὐσία
527 2877 621 2930 τοῦ
655 2876 790 2929 Θεοῦ
836 2875 896 2927 οὐ
924 2873 1010 2927 διὰ
1043 2890 1094 2924 τι
1133 2871 1348 2940 λέγεται
1390 2867 1526 2938 (ἔστι
1574 2868 1680 2938 γὰρ

111 2975 170 3027 δι’
197 2974 384 3042 οὐδὲν),
411 2974 447 3042 ἡ
476 2971 534 3024 δὲ
561 2969 851 3039 ἀγένητος
880 2965 1052 3035 φωνὴ,
1073 2963 1160 3016 διὰ
1188 2963 1249 3015 τὸ
1279 2962 1494 3015 πάντων
1519 2959 1681 3010 αὑτὸν

1780 503 1926 546 certe
1967 491 2259 562 ingenitum
2295 493 2594 548 substantia
2635 511 2738 549 non
2770 495 2895 548 erit.

2450 605 2682 660 ALIUD.

1854 717 1910 772 Si
1943 718 2235 788 ingenitum
2257 718 2615 773 substantiam
2642 719 2732 772 Dei
2751 719 3154 788 signiﬁcat,non
3176 730 3353 775 autem

1781 810 1922 878 quod
1955 811 2176 880 genitus
2223 827 2328 866 non
2401 811 2491 874 sit,
2535 811 2654 864 allis
2710 813 3018 866 nominibus
3071 827 3207 879 opus
3255 815 3360 866 erit

1781 914 1902 968 qua:
1931 899 2163 954 habeant
2200 902 2306 954 vim
2342 901 2655 957 declarandi
2712 902 2880 957 Deum
2939 920 3006 958 ex
3065 905 3164 958 alia
3198 919 3359 959 causa

1783 992 1897 1045 sive
1920 992 2128 1062 origine
2150 993 2391 1062 genitum
2419 1010 2525 1048 non
2567 1009 2706 1049 esse.
2728 993 3030 1064 Ingenitum
3091 997 3236 1051 enim
3264 996 3358 1051 Dei

1782 1083 1914 1136 nihil
1968 1085 2189 1140 omnino
2248 1085 2543 1153 signiﬁcat,
2605 1087 2701 1142 sed
2743 1095 2950 1141 tantum
3003 1089 3360 1145 substantiam

1785 1174 1899 1227 Dei.

2455 1293 2685 1350 ALIUD.

1857 1403 1913 1458 Si
1939 1405 2238 1460 substantia
2276 1406 2368 1461 Dei
2415 1423 2580 1462 unum
2621 1407 2825 1477 aliquid
2876 1417 2978 1473 est,
3018 1425 3124 1465 non
3180 1420 3358 1467 autem

1783 1497 1953 1553 multa
1978 1513 2200 1556 numero
2225 1518 2238 1567 ;
2262 1502 2556 1572 ingenitum
2624 1518 2774 1567 vero,
2807 1513 2860 1556 et
2903 1502 3257 1556 ἀϐασίλευτον
3289 1505 3363 1572 (id

1783 1599 1885 1655 est,
1926 1591 2368 1663 nulliusimperio
2400 1593 2722 1667 subditum),
2751 1605 2805 1649 et
2839 1595 2944 1649 alia
2980 1597 3096 1665 ejus
3125 1599 3360 1666 generis,

1784 1694 1911 1738 sunt
1937 1686 2125 1749 multa,
2155 1701 2330 1755 neque
2358 1704 2524 1743 unum
2565 1704 2788 1745 numero
2826 1705 2975 1744 :non
3035 1691 3141 1744 erit
3179 1690 3362 1759 utique

1705 1782 1750 1837 B
1779 1777 1918 1831 idem
1947 1780 2249 1833 substantia
2279 1797 2399 1834 cum
2431 1783 2670 1850 ingenito
2687 1792 2741 1836 et
2765 1783 3206 1851 nulliuslmperio
3235 1783 3358 1836 sub-

1783 1867 1915 1932 dito,
1943 1867 2082 1921 sicut
2113 1885 2209 1924 nec
2240 1887 2404 1925 unum
2435 1889 2559 1927 cum
2583 1874 2786 1928 multis.

2452 1983 2689 2040 ALIUD.

1857 2091 1913 2146 Si
1943 2094 2243 2163 ingenitum
2279 2103 2332 2150 et
2354 2097 2923 2166 genitum,etezetera,
2950 2111 3075 2154 sunt
3108 2100 3362 2155 substan-

1786 2183 1856 2236 tia
1893 2184 2007 2246 Dei,
2037 2187 2249 2240 diversa
2288 2201 2418 2240 vero
2453 2199 2581 2242 sunt
2613 2192 2728 2244 haec
2757 2191 3030 2245 vocabulis
3076 2193 3225 2260 ipsis,
3269 2208 3356 2244 ne-

1783 2288 1938 2329 cesse
1967 2278 2430 2331 estsubstantiam
2469 2279 2614 2332 illam
2649 2281 2720 2334 ita
2757 2284 3110 2350 compositam
3133 2299 3253 2339 esse
3277 2299 3363 2339 sc-

1736 2393 1738 2395 >
1782 2369 2017 2422 cundum
2079 2369 2380 2424 differentia
2451 2373 2733 2437 vocabula,
2773 2383 2830 2427 ut
2877 2377 3091 2443 proprie
3138 2377 3204 2431 de
3247 2376 3360 2444 ipsa

1783 2460 1887 2514 dici
1935 2463 2187 2531 possint:
2221 2475 2315 2517 aut
2339 2465 2383 2518 si
2415 2466 2712 2534 composita
2748 2467 2859 2535 ipsa
2896 2482 3001 2521 non
3042 2469 3136 2531 sit,
3171 2483 3364 2522 conse-

1781 2567 1950 2621 quens
1977 2564 2057 2607 est
2082 2553 2170 2606 illa
2213 2569 2317 2608 non
2352 2571 2448 2625 per
2480 2571 2538 2609 se
2558 2557 3051 2622 substantiam,sed
3078 2575 3195 2628 quae
3237 2561 3363 2615 sub-

1781 2637 1993 2699 stantia:
2025 2647 2279 2702 accidunt
2303 2648 2632 2718 signilicare.

2420 2761 2526 2832 ιε
2559 2761 2792 2818 ALIUD.

1855 2867 1914 2921 Si
1950 2867 2252 2923 substantia
2271 2870 2363 2924 Dei
2387 2885 2492 2924 non
2519 2871 2699 2940 aliqua
2727 2889 2792 2926 ex
2825 2889 2988 2928 causa
3031 2875 3232 2930 dicitur
3264 2877 3350 2946 (ex

1783 2959 1924 3013 nulla
1949 2960 2091 3013 enim
2115 2976 2274 3016 causa
2299 2963 2425 3030 est),
2459 2978 2561 3017 vox
2597 2974 2778 3017 autem
2806 2966 3025 3035 ingenui
3054 2981 3116 3021 ea
3148 2968 3213 3021 de
3230 2984 3361 3022 cau-

113 3060 236 3116 εἷναι
261 3063 496 3134 κρείττω
529 3060 620 3112 καὶ
661 3057 949 3128 ὑπερέχειν
971 3070 986 3085 ⁸
1014 3054 1114 3106 οὐκ
1157 3051 1309 3104 ἔσται
1347 3051 1454 3118 ἄρα
1488 3047 1674 3101 ταυτὸν

1799 3066 1842 3105 ia
1873 3052 2071 3106 dicitur
2095 3053 2236 3121 quod
2265 3056 2516 3110 omnibus
2537 3056 2824 3110 antecellat
2878 3067 2931 3110 et
2965 3068 3180 3127 praestet
3206 3077 3219 3113 :
3253 3075 3358 3113 non

113 3158 141 3224 ἡ
173 3155 240 3225 μὴ
271 3155 357 3208 διά
383 3171 437 3206 τι
471 3151 739 3221 λεγομένη
771 3147 848 3218 τῷ
877 3145 944 3198 δι’
979 3144 1157 3199 αἰτίαν
1191 3142 1486 3210 λεγομένῳ.

784 3351 990 3404 ΑΛΛΟ.

175 3471 321 3528 Εἰ,τό
345 3470 614 3538 ἀγένητον
645 3467 780 3538 πρὸς
817 3465 916 3536 τὴν
949 3463 1244 3534 ἁγενησίαν
1273 3461 1386 3532 ἔχει
1410 3459 1508 3530 τὴν
1548 3460 1678 3517 ἀνα-

111 3563 292 3633 φορὰν,
318 3564 352 3634 ἡ
375 3560 436 3616 δὲ
475 3560 634 3614 οὐσία
663 3557 757 3611 τοῦ
798 3556 932 3610 Θεοῦ
960 3556 1095 3625 πρὸς
1117 3554 1268 3607 οὐδὲν
1289 3553 1401 3624 ἔχει
1427 3553 1525 3622 τὴν
1551 3550 1676 3621 σχέ-

113 3670 208 3717 σιν,
246 3653 358 3717 πῶς
385 3653 585 3707 ταυτὸν
619 3651 770 3703 ἔσται
800 3649 861 3701 τὸ
898 3648 1034 3718 πρὸς
1064 3646 1114 3699 τί
1143 3663 1259 3709 πως
1303 3644 1424 3714 ἕχον
1445 3645 1510 3713 τῇ
1541 3643 1677 3713 πρὸς

114 3745 266 3816 μηδὲν
297 3745 499 3815 ἐχούσῃ
532 3743 692 3813 οὐσίᾳ
711 3759 728 3808 ;

792 3920 992 3974 ΑΛΛΟ.

176 4042 234 4096 Et
258 4045 322 4113 τῇ
348 4042 440 4094 τοῦ
465 4039 604 4094 Θεοῦ
629 4038 786 4109 οὐσίᾳ
809 4036 960 4089 οὐδὲν
984 4032 1489 4095 ἀντιδιαστέλλεται,
1518 4029 1595 4099 τῷ
1617 4026 1674 4082 δὲ

108 4133 340 4203 ἀγενήτῳ
384 4127 878 4185 ἀντιδιαστέλλεται
925 4124 985 4178 τὸ
1028 4122 1270 4194 γενητὸν,
1318 4121 1434 4183 πῶς
1473 4115 1581 4173 οἷόν
1613 4135 1673 4171 τε

109 4221 236 4278 εῖναι
257 4224 454 4277 ταυτὸν
479 4221 666 4273 οὐσίαν
694 4219 785 4272 καὶ
817 4218 1076 4287 ἀγένητον
1103 4233 1117 4280 ;

788 4333 988 4386 AAAO.

1707 3117 1750 3175 α
1783 3143 1888 3194 erit
1922 3141 2060 3195 idem
2087 3143 2136 3194 id
2170 3145 2310 3211 quod
2342 3145 2483 3197 nulla
2516 3160 2581 3198 ex
2613 3160 2774 3199 causa
2830 3145 3049 3212 dicitur,
3111 3163 3237 3202 cum
3293 3164 3361 3202 eo

1779 3235 1922 3299 quod
1955 3234 2134 3304 aliqua
2167 3251 2231 3290 ex
2268 3252 2427 3291 causa
2453 3237 2666 3291 dicitur.

2449 3346 2682 3402 ALIUD.

1851 3457 1906 3512 Si
1940 3459 2238 3528 ingenitum
2268 3461 2583 3518 relationem
2622 3463 2784 3517 habet
2813 3463 2880 3518 ad
2903 3465 3350 3534 ἁγεν.ησίαν,ευι›ι

1778 3552 1973 3606 stantia
2005 3568 2128 3607 vero
2164 3552 2252 3608 Dei
2275 3553 2474 3608 nullam
2509 3555 2576 3610 ad
2613 3555 2815 3624 aliquid
2863 3557 3179 3612 relationem
3239 3573 3362 3612 sus-

1779 3644 1912 3712 cipit
1944 3663 1955 3697 :
1988 3660 2095 3712 quo
2134 3655 2290 3712 pacto
2335 3645 2476 3701 idem
2525 3648 2649 3710 erit,
2683 3648 2733 3700 id
2763 3648 2903 3715 quod
2935 3649 3001 3702 ad
3044 3649 3244 3719 aliquid
3277 3665 3362 3704 re-

1777 3731 1950 3786 fertur
1977 3751 2096 3786 cum
2127 3736 2428 3790 substantia
2462 3735 2516 3790 in
2574 3751 2734 3804 quam
2795 3735 2983 3790 relatio
3042 3740 3110 3792 ad
3156 3739 3360 3807 aliquid

1777 3843 1882 3879 non
1931 3827 2116 3880 cadit?

2448 3918 2682 3975 ALIUD.

1849 4035 1908 4091 Si
1946 4037 2035 4091 Dei
2057 4037 2369 4092 substantia:
2401 4037 2534 4091 nihil
2556 4037 2877 4106 opponitur,
2915 4038 3153 4108 ingenito
3176 4046 3358 4093 autem

1775 4130 2064 4197 opponitur
2096 4131 2335 4198 genitum
2369 4148 2381 4182 :
2409 4127 2681 4198 quomodo
2719 4127 2862 4182 idem
2894 4143 3013 4184 esse
3031 4130 3202 4200 possit
3227 4132 3358 4186 sub.

1775 4220 1974 4274 stantia
1994 4230 2047 4274 et
2068 4222 2404 4290 ingenitum?

2437 4334 2668 4391 ALIUD.

175 4451 231 4504 Ei
260 4452 406 4504 πᾶσα
444 4448 602 4501 οὐσία
648 4445 873 4518 ρηϐεἴσα
903 4443 1109 4508 θατέρα
1139 4441 1274 4512 πρὸς
1312 4439 1566 4508 θατέραν,
1609 4436 1671 4488 οὐ

1848 4446 1904 4502 Si
1933 4448 2111 4502 omnis
2134 4448 2434 4502 substantia
2469 4452 2744 4505 nominata
2770 4449 2937 4503 altera
2989 4450 3054 4503 ad
3099 4450 3352 4516 alteram,

108 4541 245 4610 δηλοῖ
282 4542 377 4612 τὴν
411 4541 613 4610 ἑαυτῆς
657 4535 948 4608 ὑπεροχὴν,
992 4528 1078 4604 μὴ
1113 4529 1670 4602 συμπαραληφθέντος

109 4631 194 4685 τοῦ
221 4633 315 4703 τῆς
361 4630 638 4703 ὑπεροχῆς
685 4630 965 4698 ὀνόματος,
1017 4625 1178 4697 ῥηθὲν
1222 4623 1362 4676 δὲτὸ
1411 4624 1671 4691 ἀγένητον

110 4725 257 4789 εὐθὺς
293 4726 547 4796 ἐμφαίνει
575 4722 857 4792 διαφορὰν,
879 4718 996 4780 πῶς
1017 4719 1137 4787 οὐχὶ
1163 4717 1212 4769 oi
1237 4715 1504 4783 λέγοντες,
1531 4715 1672 4767 Ταυ-

109 4815 192 4867 τὸν
221 4817 376 4868 οὺσία
403 4816 497 4867 καὶ
525 4813 810 4881 ἀγένητον,
841 4808 1231 4880 ἀφρονέστατοι
1255 4822 1270 4872 ;

776 5036 983 5088 ΑΛΛΟ.

173 5156 231 5207 Εἰ
256 5156 316 5207 τὸ
340 5154 601 5224 ἀγένητον
629 5150 806 5214 οὐσία,
837 5149 992 5202 ἔσται
1023 5148 1172 5200 πᾶσα
1201 5145 1354 5198 οὐσία
1380 5143 1665 5213 ἀγένητον,

109 5241 239 5316 ὅπερ
274 5242 494 5307 ἀσεϐές.

779 5353 978 5406 ΑΛΛΟ.

172 5471 232 5523 Et
283 5471 342 5524 τὺ
391 5471 653 5540 ἀγένητον
703 5468 880 5530 οὐσία,
916 5466 1045 5519 ἴδιον
1078 5464 1135 5517 δὲ
1175 5463 1362 5526 οὐσίας
1406 5463 1668 5516 τάναντία

106 5559 366 5629 δέχεσθαι,
398 5562 504 5615 τῶν
531 5561 790 5615 ἐναντίων
815 5557 1150 5612 ἐπιδεκτικὸν
1182 5554 1334 5608 ἔσται
1362 5553 1426 5606 τὺ
1471 5552 1668 5624 ἀγένη-

107 5669 208 5706 τον.
236 5656 297 5709 Εἰ
317 5657 372 5710 δὲ
395 5657 522 5709 ἴδιον
552 5656 649 5726 μὲν
672 5653 828 5707 τοῦτο
845 5652 1029 5714 οὐσίας
1052 5650 1150 5720 (τῷ
1175 5649 1282 5720 γὰρ
1313 5649 1387 5718 μὴ
1412 5647 1667 5718 δημιουρ-

110 5747 214 5808 γεῖν
247 5747 307 5799 τὺ
354 5748 704 5816 δημιουργεῖν
761 5746 1079 5810 ἀντίκειται,
1119 5743 1302 5795 οὐκέτι
1355 5739 1412 5794 δὲ
1461 5738 1555 5792 καὶ
1586 5737 1664 5808 τῷ

1780 4552 1931 4593 suam
1959 4539 2130 4608 ipsius
2159 4541 2525 4609 praestantiam
2555 4556 2658 4596 non
2705 4541 2962 4604 declarat,
3000 4541 3100 4596 nisi
3155 4558 3352 4597 nomen

1779 4631 1954 4698 ipsum
1977 4632 2302 4699 praaslantiae
2331 4632 2636 4701 adjiciatur,
2675 4631 2968 4702 ingenitum
3026 4646 3154 4688 vero
3190 4635 3351 4688 simul

1786 4735 1952 4793 atque
1976 4723 2286 4778 nominatur
2314 4722 2672 4778 differentiam
2729 4723 2967 4778 declarat
2995 4737 3011 4777 :
3053 4739 3160 4794 quo
3193 4739 3352 4796 pacto

1780 4833 1886 4873 non
1913 4817 2192 4873 dementes
2221 4816 2498 4886 iudicandi
2533 4828 2680 4881 sunt,
2706 4817 2797 4888 qui
2833 4817 2976 4872 idem
3009 4833 3131 4875 esse
3165 4819 3354 4875 dicunt

1775 4910 2132 4963 substantiam
2166 4918 2219 4963 et
2251 4909 2579 4980 ingenitum?

2445 5018 2678 5076 ALIUD.

1849 5132 1907 5185 Si
1942 5130 2237 5201 ingenitum
2276 5132 2578 5187 substantia
2619 5144 2723 5200 est,
2790 5135 2894 5189 erit
2951 5137 3117 5191 etiam
3171 5135 3354 5190 omnis

1777 5222 2081 5278 substantia
2111 5223 2429 5292 ingenitum,
2451 5226 2595 5296 quod
2618 5225 2844 5296 impium
2871 5238 2972 5282 est.

2445 5337 2677 5396 ALIUD.

1849 5451 1903 5507 Si
1937 5454 2229 5523 ingenitum
2265 5453 2565 5509 substantia
2589 5469 2693 5522 εει,
2719 5456 2990 5526 proprium
3016 5463 3192 5511 autem
3223 5456 3352 5510 sub-

1778 5546 1996 5601 stantiae
2027 5546 2306 5616 suscipere
2328 5547 2626 5612 contraria,
2687 5547 2984 5617 ingenitum
3031 5547 3192 5602 etiam
3224 5563 3352 5602 con-

1777 5641 1940 5692 traria
1962 5639 2236 5707 suscipiet.
2268 5637 2325 5692 Si
2353 5653 2482 5693 vero
2528 5639 2630 5694 hoc
2675 5640 2893 5708 quidem
2950 5640 3225 5709 proprium
3264 5649 3348 5692 est

1775 5732 2090 5790 substantia:
2119 5734 2328 5798 (creare
2360 5732 2504 5788 enim
2541 5733 2833 5803 opponitur
2854 5747 2962 5788 non
2996 5746 3202 5797 creare,
3239 5747 3346 5784 non
