  <div class='ocr_page' id='page_1' title='image "/cluster/home/n/w/nwhite01/storage/ocr_20150623/75/nnc1.0046980121/025.png"; bbox 0 0 3876 6208; ppageno 0'>
   <div class='ocr_carea' id='block_1_1' title="bbox 512 272 3781 361">
    <p class='ocr_par' dir='ltr' id='par_1_1' title="bbox 512 272 3781 361">
     <span class='ocr_line' id='line_1_1' title="bbox 512 272 3781 361; baseline 0.012 -40"><span class='ocrx_word' id='word_1_1' title='bbox 512 276 590 340; x_wconf 64' lang='lat'><strong>35</strong></span> <span class='ocrx_word' id='word_1_2' title='bbox 1270 316 1275 319; x_wconf 91' lang='grc'><strong>-</strong></span> <span class='ocrx_word' id='word_1_3' title='bbox 1526 276 1603 342; x_wconf 49' lang='lat' dir='ltr'><strong>‘s.</strong></span> <span class='ocrx_word' id='word_1_4' title='bbox 1638 272 1914 341; x_wconf 73' lang='lat' dir='ltr'><strong>c‘itMLLI</strong></span> <span class='ocrx_word' id='word_1_5' title='bbox 1955 274 2428 342; x_wconf 58' lang='lat' dir='ltr'><strong>ALEXANDRINI</strong></span> <span class='ocrx_word' id='word_1_6' title='bbox 2467 281 2793 347; x_wconf 67' lang='lat' dir='ltr'><strong>A‘RCIIIEI‘.</strong></span> <span class='ocrx_word' id='word_1_7' title='bbox 3706 297 3781 361; x_wconf 72' lang='lat'><strong>36</strong></span> 
     </span>
    </p>
   </div>
   <div class='ocr_carea' id='block_1_2' title="bbox 518 402 2069 493">
    <p class='ocr_par' dir='ltr' id='par_1_2' title="bbox 518 402 2069 479">
     <span class='ocr_line' id='line_1_2' title="bbox 518 402 2069 479; baseline 0.006 -22"><span class='ocrx_word' id='word_1_8' title='bbox 518 411 702 458; x_wconf 86' lang='lat' dir='ltr'><strong>autem</strong></span> <span class='ocrx_word' id='word_1_9' title='bbox 728 402 1195 473; x_wconf 76' lang='lat' dir='ltr'><strong>ingenito,&#39;neque</strong></span> <span class='ocrx_word' id='word_1_10' title='bbox 1222 409 1365 459; x_wconf 89' lang='lat' dir='ltr'><strong>enim</strong></span> <span class='ocrx_word' id='word_1_11' title='bbox 1401 406 1693 477; x_wconf 74' lang='lat' dir='ltr'><strong>contigitei</strong></span> <span class='ocrx_word' id='word_1_12' title='bbox 1745 408 1985 479; x_wconf 73' lang='lat' dir='ltr'><strong>genitum</strong></span> <span class='ocrx_word' id='word_1_13' title='bbox 2008 423 2069 466; x_wconf 88' lang='lat' dir='ltr'><strong>es</strong></span> 
     </span>
    </p>
   </div>
   <div class='ocr_carea' id='block_1_3' title="bbox 2191 402 3781 493">
    <p class='ocr_par' dir='ltr' id='par_1_3' title="bbox 2199 410 3781 493">
     <span class='ocr_line' id='line_1_3' title="bbox 2199 410 3781 493; baseline 0.011 -30"><span class='ocrx_word' id='word_1_14' title='bbox 2199 410 2482 483; x_wconf 83' lang='grc' dir='ltr'>ἀγενήτῳ·</span> <span class='ocrx_word' id='word_1_15' title='bbox 2512 414 2574 467; x_wconf 83' lang='grc' dir='ltr'>οὐ</span> <span class='ocrx_word' id='word_1_16' title='bbox 2628 414 2737 486; x_wconf 89' lang='grc' dir='ltr'><strong>γὰρ</strong></span> <span class='ocrx_word' id='word_1_17' title='bbox 2788 413 2985 487; x_wconf 80' lang='grc' dir='ltr'>συνέϐη</span> <span class='ocrx_word' id='word_1_18' title='bbox 3028 416 3178 488; x_wconf 78' lang='grc' dir='ltr'><strong>αὑτῷ</strong></span> <span class='ocrx_word' id='word_1_19' title='bbox 3226 419 3287 471; x_wconf 85' lang='grc' dir='ltr'>τὸ</span> <span class='ocrx_word' id='word_1_20' title='bbox 3305 421 3645 493; x_wconf 81' lang='grc' dir='ltr'>γεγονέναι)·</span> <span class='ocrx_word' id='word_1_21' title='bbox 3680 428 3781 480; x_wconf 80' lang='grc' dir='ltr'>οὐκ</span> 
     </span>
    </p>
   </div>
   <div class='ocr_carea' id='block_1_4' title="bbox 516 493 1740 565">
    <p class='ocr_par' dir='ltr' id='par_1_4' title="bbox 516 493 1740 565">
     <span class='ocr_line' id='line_1_4' title="bbox 516 493 1740 565; baseline 0.002 -15"><span class='ocrx_word' id='word_1_22' title='bbox 516 493 619 565; x_wconf 87' lang='lat' dir='ltr'><strong>se),</strong></span> <span class='ocrx_word' id='word_1_23' title='bbox 644 505 790 550; x_wconf 89' lang='lat' dir='ltr'><strong>certe</strong></span> <span class='ocrx_word' id='word_1_24' title='bbox 820 495 1118 563; x_wconf 75' lang='lat' dir='ltr'><strong>ingenitum</strong></span> <span class='ocrx_word' id='word_1_25' title='bbox 1147 512 1254 551; x_wconf 90' lang='lat' dir='ltr'><strong>non</strong></span> <span class='ocrx_word' id='word_1_26' title='bbox 1282 497 1385 550; x_wconf 89' lang='lat' dir='ltr'><strong>erit</strong></span> <span class='ocrx_word' id='word_1_27' title='bbox 1410 498 1740 553; x_wconf 71' lang='lat' dir='ltr'><strong>substantia.</strong></span> 
     </span>
    </p>
   </div>
   <div class='ocr_carea' id='block_1_5' title="bbox 1184 607 1418 663">
    <p class='ocr_par' dir='ltr' id='par_1_5' title="bbox 1184 607 1418 663">
     <span class='ocr_line' id='line_1_5' title="bbox 1184 607 1418 663; baseline 0.004 -2"><span class='ocrx_word' id='word_1_28' title='bbox 1184 607 1418 663; x_wconf 87' lang='lat' dir='ltr'><strong>ALIUD.</strong></span> 
     </span>
    </p>
   </div>
   <div class='ocr_carea' id='block_1_6' title="bbox 578 721 2089 794">
    <p class='ocr_par' dir='ltr' id='par_1_6' title="bbox 578 721 2089 794">
     <span class='ocr_line' id='line_1_6' title="bbox 578 721 2089 794; baseline 0.002 -16"><span class='ocrx_word' id='word_1_29' title='bbox 578 721 1031 778; x_wconf 80' lang='lat' dir='ltr'><strong>Sisubslantiam</strong></span> <span class='ocrx_word' id='word_1_30' title='bbox 1078 723 1322 778; x_wconf 77' lang='lat' dir='ltr'><strong>dicentes</strong></span> <span class='ocrx_word' id='word_1_31' title='bbox 1372 724 1439 779; x_wconf 90' lang='lat' dir='ltr'><strong>de</strong></span> <span class='ocrx_word' id='word_1_32' title='bbox 1481 724 1592 779; x_wconf 86' lang='lat' dir='ltr'><strong>Deo</strong></span> <span class='ocrx_word' id='word_1_33' title='bbox 1648 724 2089 794; x_wconf 85' lang='lat' dir='ltr'><strong>philosophorum</strong></span> 
     </span>
    </p>
   </div>
   <div class='ocr_carea' id='block_1_7' title="bbox 513 815 2088 886">
    <p class='ocr_par' dir='ltr' id='par_1_7' title="bbox 513 815 2088 886">
     <span class='ocr_line' id='line_1_7' title="bbox 513 815 2088 886; baseline 0.001 -16"><span class='ocrx_word' id='word_1_34' title='bbox 513 815 838 870; x_wconf 87' lang='lat' dir='ltr'><strong>sententiam</strong></span> <span class='ocrx_word' id='word_1_35' title='bbox 867 824 1191 883; x_wconf 87' lang='lat' dir='ltr'><strong>sequuntur,</strong></span> <span class='ocrx_word' id='word_1_36' title='bbox 1213 815 1494 886; x_wconf 89' lang='lat' dir='ltr'><strong>proprium</strong></span> <span class='ocrx_word' id='word_1_37' title='bbox 1548 816 1653 869; x_wconf 89' lang='lat' dir='ltr'><strong>erit</strong></span> <span class='ocrx_word' id='word_1_38' title='bbox 1687 816 1794 871; x_wconf 91' lang='lat' dir='ltr'><strong>Deo</strong></span> <span class='ocrx_word' id='word_1_39' title='bbox 1817 819 2088 872; x_wconf 88' lang='lat' dir='ltr'><strong>contraria</strong></span> 
     </span>
    </p>
   </div>
   <div class='ocr_carea' id='block_1_8' title="bbox 513 903 2091 973">
    <p class='ocr_par' dir='ltr' id='par_1_8' title="bbox 513 903 2091 973">
     <span class='ocr_line' id='line_1_8' title="bbox 513 903 2091 973; baseline 0.003 -15"><span class='ocrx_word' id='word_1_40' title='bbox 513 904 816 973; x_wconf 86' lang='lat' dir='ltr'><strong>suscipere.</strong></span> <span class='ocrx_word' id='word_1_41' title='bbox 844 903 901 958; x_wconf 92' lang='lat' dir='ltr'><strong>Si</strong></span> <span class='ocrx_word' id='word_1_42' title='bbox 932 919 1060 959; x_wconf 85' lang='lat' dir='ltr'><strong>vero</strong></span> <span class='ocrx_word' id='word_1_43' title='bbox 1088 919 1210 959; x_wconf 88' lang='lat' dir='ltr'><strong>esse</strong></span> <span class='ocrx_word' id='word_1_44' title='bbox 1271 905 1438 959; x_wconf 89' lang='lat' dir='ltr'><strong>Deum</strong></span> <span class='ocrx_word' id='word_1_45' title='bbox 1486 903 1793 973; x_wconf 69' lang='lat' dir='ltr'><strong>signiﬁcare</strong></span> <span class='ocrx_word' id='word_1_46' title='bbox 1849 906 2091 962; x_wconf 84' lang='lat' dir='ltr'><strong>volentes</strong></span> 
     </span>
    </p>
   </div>
   <div class='ocr_carea' id='block_1_9' title="bbox 514 992 2087 1064">
    <p class='ocr_par' dir='ltr' id='par_1_9' title="bbox 514 992 2087 1064">
     <span class='ocr_line' id='line_1_9' title="bbox 514 992 2087 1064; baseline 0.003 -18"><span class='ocrx_word' id='word_1_47' title='bbox 514 992 832 1049; x_wconf 75' lang='lat' dir='ltr'><strong>substantia:</strong></span> <span class='ocrx_word' id='word_1_48' title='bbox 865 995 1130 1050; x_wconf 86' lang='lat' dir='ltr'><strong>vocabulo</strong></span> <span class='ocrx_word' id='word_1_49' title='bbox 1166 996 1398 1064; x_wconf 63' lang='lat' dir='ltr'><strong>.perinde</strong></span> <span class='ocrx_word' id='word_1_50' title='bbox 1444 1004 1620 1059; x_wconf 75' lang='lat' dir='ltr'><strong>atque</strong></span> <span class='ocrx_word' id='word_1_51' title='bbox 1664 1012 1762 1051; x_wconf 86' lang='lat' dir='ltr'><strong>nos</strong></span> <span class='ocrx_word' id='word_1_52' title='bbox 1820 1006 2043 1052; x_wconf 91' lang='lat' dir='ltr'><strong>utuntur</strong></span> <span class='ocrx_word' id='word_1_53' title='bbox 2068 1038 2087 1063; x_wconf 83' lang='lat'><strong>,</strong></span> 
     </span>
    </p>
   </div>
   <div class='ocr_carea' id='block_1_10' title="bbox 511 1086 2086 1162">
    <p class='ocr_par' dir='ltr' id='par_1_10' title="bbox 511 1086 2086 1162">
     <span class='ocr_line' id='line_1_10' title="bbox 511 1086 2086 1162; baseline 0.007 -24"><span class='ocrx_word' id='word_1_54' title='bbox 511 1086 814 1142; x_wconf 88' lang='lat' dir='ltr'><strong>substantia</strong></span> <span class='ocrx_word' id='word_1_55' title='bbox 843 1103 972 1142; x_wconf 82' lang='lat' dir='ltr'><strong>vero</strong></span> <span class='ocrx_word' id='word_1_56' title='bbox 1000 1098 1057 1143; x_wconf 89' lang='lat' dir='ltr'><strong>et</strong></span> <span class='ocrx_word' id='word_1_57' title='bbox 1111 1089 1407 1159; x_wconf 75' lang='lat' dir='ltr'><strong>ingenitum</strong></span> <span class='ocrx_word' id='word_1_58' title='bbox 1442 1090 1581 1145; x_wconf 92' lang='lat' dir='ltr'><strong>idem</strong></span> <span class='ocrx_word' id='word_1_59' title='bbox 1629 1102 1791 1145; x_wconf 89' lang='lat' dir='ltr'><strong>sunt:</strong></span> <span class='ocrx_word' id='word_1_60' title='bbox 1824 1092 2086 1162; x_wconf 87' lang='lat' dir='ltr'><strong>reliquum</strong></span> 
     </span>
    </p>
   </div>
   <div class='ocr_carea' id='block_1_11' title="bbox 508 1176 2087 1253">
    <p class='ocr_par' dir='ltr' id='par_1_11' title="bbox 508 1176 2087 1253">
     <span class='ocr_line' id='line_1_11' title="bbox 508 1176 2087 1253; baseline 0.008 -24"><span class='ocrx_word' id='word_1_61' title='bbox 508 1176 615 1229; x_wconf 88' lang='lat' dir='ltr'><strong>erit</strong></span> <span class='ocrx_word' id='word_1_62' title='bbox 650 1193 837 1232; x_wconf 82' lang='lat' dir='ltr'><strong>vocem</strong></span> <span class='ocrx_word' id='word_1_63' title='bbox 873 1178 1097 1246; x_wconf 77' lang='lat' dir='ltr'><strong>ingeniti</strong></span> <span class='ocrx_word' id='word_1_64' title='bbox 1130 1182 1419 1235; x_wconf 83' lang='lat' dir='ltr'><strong>essentiam</strong></span> <span class='ocrx_word' id='word_1_65' title='bbox 1462 1179 1559 1235; x_wconf 90' lang='lat' dir='ltr'><strong>Dei</strong></span> <span class='ocrx_word' id='word_1_66' title='bbox 1610 1182 1937 1253; x_wconf 77' lang='lat' dir='ltr'><strong>signiﬁcare,</strong></span> <span class='ocrx_word' id='word_1_67' title='bbox 1994 1186 2087 1241; x_wconf 90' lang='lat' dir='ltr'><strong>sed</strong></span> 
     </span>
    </p>
   </div>
   <div class='ocr_carea' id='block_1_12' title="bbox 515 1271 1189 1340">
    <p class='ocr_par' dir='ltr' id='par_1_12' title="bbox 515 1271 1189 1340">
     <span class='ocr_line' id='line_1_12' title="bbox 515 1271 1189 1340; baseline 0.003 -17"><span class='ocrx_word' id='word_1_68' title='bbox 515 1284 620 1324; x_wconf 92' lang='lat' dir='ltr'><strong>non</strong></span> <span class='ocrx_word' id='word_1_69' title='bbox 651 1271 825 1340; x_wconf 90' lang='lat' dir='ltr'><strong>ipsum</strong></span> <span class='ocrx_word' id='word_1_70' title='bbox 859 1271 1189 1327; x_wconf 89' lang='lat' dir='ltr'><strong>substantia.</strong></span> 
     </span>
    </p>
   </div>
   <div class='ocr_carea' id='block_1_13' title="bbox 1170 1379 1408 1441">
    <p class='ocr_par' dir='ltr' id='par_1_13' title="bbox 1170 1379 1408 1441">
     <span class='ocr_line' id='line_1_13' title="bbox 1170 1379 1408 1441; baseline 0.017 -4"><span class='ocrx_word' id='word_1_71' title='bbox 1170 1379 1408 1441; x_wconf 67' lang='lat' dir='ltr'><strong>ALIUD.</strong></span> 
     </span>
    </p>
   </div>
   <div class='ocr_carea' id='block_1_14' title="bbox 578 1490 2083 1573">
    <p class='ocr_par' dir='ltr' id='par_1_14' title="bbox 578 1490 2083 1573">
     <span class='ocr_line' id='line_1_14' title="bbox 578 1490 2083 1573; baseline 0.004 -22"><span class='ocrx_word' id='word_1_72' title='bbox 578 1496 636 1551; x_wconf 91' lang='lat' dir='ltr'><strong>Si</strong></span> <span class='ocrx_word' id='word_1_73' title='bbox 676 1498 933 1566; x_wconf 84' lang='lat' dir='ltr'><strong>quidquid</strong></span> <span class='ocrx_word' id='word_1_74' title='bbox 958 1490 1175 1554; x_wconf 57' lang='lat' dir='ltr'><strong>est&#39;sub</strong></span> <span class='ocrx_word' id='word_1_75' title='bbox 1204 1516 1403 1568; x_wconf 70' lang='lat' dir='ltr'><strong>genere</strong></span> <span class='ocrx_word' id='word_1_76' title='bbox 1430 1514 1480 1556; x_wconf 91' lang='lat' dir='ltr'><strong>et</strong></span> <span class='ocrx_word' id='word_1_77' title='bbox 1504 1505 1682 1573; x_wconf 87' lang='lat' dir='ltr'><strong>specie</strong></span> <span class='ocrx_word' id='word_1_78' title='bbox 1702 1505 1907 1573; x_wconf 84' lang='lat' dir='ltr'><strong>absque</strong></span> <span class='ocrx_word' id='word_1_79' title='bbox 1936 1506 2083 1560; x_wconf 80' lang='lat' dir='ltr'><strong>acci-</strong></span> 
     </span>
    </p>
   </div>
   <div class='ocr_carea' id='block_1_15' title="bbox 509 1591 2084 1662">
    <p class='ocr_par' dir='ltr' id='par_1_15' title="bbox 509 1591 2084 1662">
     <span class='ocr_line' id='line_1_15' title="bbox 509 1591 2084 1662; baseline 0.004 -16"><span class='ocrx_word' id='word_1_80' title='bbox 509 1591 781 1659; x_wconf 86' lang='lat' dir='ltr'><strong>dentibus,</strong></span> <span class='ocrx_word' id='word_1_81' title='bbox 811 1593 915 1647; x_wconf 88' lang='lat' dir='ltr'><strong>hoc</strong></span> <span class='ocrx_word' id='word_1_82' title='bbox 940 1593 1162 1662; x_wconf 84' lang='lat' dir='ltr'><strong>proprie</strong></span> <span class='ocrx_word' id='word_1_83' title='bbox 1180 1596 1481 1649; x_wconf 88' lang='lat' dir='ltr'><strong>substantia</strong></span> <span class='ocrx_word' id='word_1_84' title='bbox 1514 1606 1618 1659; x_wconf 88' lang='lat' dir='ltr'><strong>est,</strong></span> <span class='ocrx_word' id='word_1_85' title='bbox 1642 1596 1793 1651; x_wconf 82' lang='lat' dir='ltr'><strong>Deus</strong></span> <span class='ocrx_word' id='word_1_86' title='bbox 1824 1612 1953 1651; x_wconf 80' lang='lat' dir='ltr'><strong>vero</strong></span> <span class='ocrx_word' id='word_1_87' title='bbox 1978 1599 2084 1652; x_wconf 87' lang='lat' dir='ltr'><strong>sub</strong></span> 
     </span>
    </p>
   </div>
   <div class='ocr_carea' id='block_1_16' title="bbox 508 1682 2083 1757">
    <p class='ocr_par' dir='ltr' id='par_1_16' title="bbox 508 1682 2083 1757">
     <span class='ocr_line' id='line_1_16' title="bbox 508 1682 2083 1757; baseline 0.004 -22"><span class='ocrx_word' id='word_1_88' title='bbox 508 1682 655 1736; x_wconf 90' lang='lat' dir='ltr'><strong>nullo</strong></span> <span class='ocrx_word' id='word_1_89' title='bbox 677 1683 867 1738; x_wconf 90' lang='lat' dir='ltr'><strong>borum</strong></span> <span class='ocrx_word' id='word_1_90' title='bbox 898 1694 984 1739; x_wconf 86' lang='lat' dir='ltr'><strong>est</strong></span> <span class='ocrx_word' id='word_1_91' title='bbox 1004 1698 1028 1737; x_wconf 90' lang='lat'><strong>-:</strong></span> <span class='ocrx_word' id='word_1_92' title='bbox 1066 1700 1175 1740; x_wconf 86' lang='lat' dir='ltr'><strong>non</strong></span> <span class='ocrx_word' id='word_1_93' title='bbox 1211 1686 1612 1757; x_wconf 74' lang='lat' dir='ltr'><strong>igiturproprie</strong></span> <span class='ocrx_word' id='word_1_94' title='bbox 1662 1688 1803 1743; x_wconf 87' lang='lat' dir='ltr'><strong>Deus</strong></span> <span class='ocrx_word' id='word_1_95' title='bbox 1835 1690 2083 1744; x_wconf 84' lang='lat' dir='ltr'><strong>substan-</strong></span> 
     </span>
    </p>
   </div>
   <div class='ocr_carea' id='block_1_17' title="bbox 507 1756 2155 1849">
    <p class='ocr_par' dir='ltr' id='par_1_17' title="bbox 507 1756 2155 1849">
     <span class='ocr_line' id='line_1_17' title="bbox 507 1756 2155 1849; baseline 0.002 -20"><span class='ocrx_word' id='word_1_96' title='bbox 507 1775 581 1829; x_wconf 90' lang='lat' dir='ltr'><strong>tia</strong></span> <span class='ocrx_word' id='word_1_97' title='bbox 611 1775 828 1829; x_wconf 89' lang='lat' dir='ltr'><strong>dicitur.</strong></span> <span class='ocrx_word' id='word_1_98' title='bbox 870 1775 929 1831; x_wconf 92' lang='lat' dir='ltr'><strong>Si</strong></span> <span class='ocrx_word' id='word_1_99' title='bbox 961 1786 1140 1832; x_wconf 87' lang='lat' dir='ltr'><strong>autem</strong></span> <span class='ocrx_word' id='word_1_100' title='bbox 1175 1756 1474 1848; x_wconf 77' lang='lat' dir='ltr'><strong>ingenitum</strong></span> <span class='ocrx_word' id='word_1_101' title='bbox 1510 1781 1735 1849; x_wconf 81' lang='lat' dir='ltr'><strong>proprie</strong></span> <span class='ocrx_word' id='word_1_102' title='bbox 1755 1780 1823 1834; x_wconf 90' lang='lat' dir='ltr'><strong>de</strong></span> <span class='ocrx_word' id='word_1_103' title='bbox 1855 1781 1963 1835; x_wconf 90' lang='lat' dir='ltr'><strong>Deo</strong></span> <span class='ocrx_word' id='word_1_104' title='bbox 1994 1781 2080 1833; x_wconf 91' lang='lat' dir='ltr'><strong>di-</strong></span> <span class='ocrx_word' id='word_1_105' title='bbox 2115 1756 2155 1810; x_wconf 76' lang='grc' dir='ltr'><strong><em>Β</em></strong></span> 
     </span>
    </p>
   </div>
   <div class='ocr_carea' id='block_1_18' title="bbox 503 1866 2080 1941">
    <p class='ocr_par' dir='ltr' id='par_1_18' title="bbox 503 1866 2080 1941">
     <span class='ocr_line' id='line_1_18' title="bbox 503 1866 2080 1941; baseline 0.004 -20"><span class='ocrx_word' id='word_1_106' title='bbox 503 1867 647 1921; x_wconf 90' lang='lat' dir='ltr'><strong>citur</strong></span> <span class='ocrx_word' id='word_1_107' title='bbox 675 1868 872 1936; x_wconf 89' lang='lat' dir='ltr'><strong>(neque</strong></span> <span class='ocrx_word' id='word_1_108' title='bbox 904 1872 1049 1922; x_wconf 89' lang='lat' dir='ltr'><strong>enim</strong></span> <span class='ocrx_word' id='word_1_109' title='bbox 1075 1868 1289 1939; x_wconf 76' lang='lat' dir='ltr'><strong>genitus</strong></span> <span class='ocrx_word' id='word_1_110' title='bbox 1320 1867 1449 1939; x_wconf 86' lang='lat' dir='ltr'><strong>est),</strong></span> <span class='ocrx_word' id='word_1_111' title='bbox 1474 1885 1580 1925; x_wconf 92' lang='lat' dir='ltr'><strong>non</strong></span> <span class='ocrx_word' id='word_1_112' title='bbox 1612 1880 1791 1925; x_wconf 89' lang='lat' dir='ltr'><strong>autem</strong></span> <span class='ocrx_word' id='word_1_113' title='bbox 1821 1866 1927 1941; x_wconf 75' lang='lat'><strong>19</strong></span> <span class='ocrx_word' id='word_1_114' title='bbox 1950 1871 2080 1927; x_wconf 87' lang='lat' dir='ltr'><strong>sub-</strong></span> 
     </span>
    </p>
   </div>
   <div class='ocr_carea' id='block_1_19' title="bbox 503 1958 2082 2034">
    <p class='ocr_par' dir='ltr' id='par_1_19' title="bbox 503 1958 2082 2034">
     <span class='ocr_line' id='line_1_19' title="bbox 503 1958 2082 2034; baseline 0.006 -24"><span class='ocrx_word' id='word_1_115' title='bbox 503 1958 725 2021; x_wconf 80' lang='lat' dir='ltr'><strong>stantia,</strong></span> <span class='ocrx_word' id='word_1_116' title='bbox 786 1973 894 2028; x_wconf 91' lang='lat' dir='ltr'><strong>quo</strong></span> <span class='ocrx_word' id='word_1_117' title='bbox 918 1969 1076 2027; x_wconf 88' lang='lat' dir='ltr'><strong>pacto</strong></span> <span class='ocrx_word' id='word_1_118' title='bbox 1101 1960 1242 2015; x_wconf 88' lang='lat' dir='ltr'><strong>idem</strong></span> <span class='ocrx_word' id='word_1_119' title='bbox 1263 1959 1439 2017; x_wconf 68' lang='lat' dir='ltr'><strong>&quot;fuerit</strong></span> <span class='ocrx_word' id='word_1_120' title='bbox 1470 1961 1523 2017; x_wconf 91' lang='lat' dir='ltr'><strong>id</strong></span> <span class='ocrx_word' id='word_1_121' title='bbox 1540 1963 1682 2033; x_wconf 90' lang='lat' dir='ltr'><strong>quod</strong></span> <span class='ocrx_word' id='word_1_122' title='bbox 1709 1964 1927 2034; x_wconf 85' lang='lat' dir='ltr'><strong>proprie</strong></span> <span class='ocrx_word' id='word_1_123' title='bbox 1957 1978 2082 2019; x_wconf 89' lang='lat' dir='ltr'><strong>cum</strong></span> 
     </span>
    </p>
   </div>
   <div class='ocr_carea' id='block_1_20' title="bbox 502 2050 1239 2119">
    <p class='ocr_par' dir='ltr' id='par_1_20' title="bbox 502 2050 1239 2119">
     <span class='ocr_line' id='line_1_20' title="bbox 502 2050 1239 2119; baseline 0.003 -14"><span class='ocrx_word' id='word_1_124' title='bbox 502 2062 568 2105; x_wconf 75' lang='lat' dir='ltr'><strong>eo</strong></span> <span class='ocrx_word' id='word_1_125' title='bbox 593 2050 734 2119; x_wconf 89' lang='lat' dir='ltr'><strong>quod</strong></span> <span class='ocrx_word' id='word_1_126' title='bbox 759 2050 983 2106; x_wconf 85' lang='lat' dir='ltr'><strong>abusive</strong></span> <span class='ocrx_word' id='word_1_127' title='bbox 1005 2052 1239 2107; x_wconf 79' lang='lat' dir='ltr'><strong>dicitur?</strong></span> 
     </span>
    </p>
   </div>
   <div class='ocr_carea' id='block_1_21' title="bbox 1167 2164 1401 2222">
    <p class='ocr_par' dir='ltr' id='par_1_21' title="bbox 1167 2164 1401 2222">
     <span class='ocr_line' id='line_1_21' title="bbox 1167 2164 1401 2222; baseline 0.017 -4"><span class='ocrx_word' id='word_1_128' title='bbox 1167 2164 1328 2221; x_wconf 78' lang='lat' dir='ltr'><strong>ALIU</strong></span> <span class='ocrx_word' id='word_1_129' title='bbox 1339 2166 1401 2222; x_wconf 85' lang='grc' dir='ltr'><strong>Ι).</strong></span> 
     </span>
    </p>
   </div>
   <div class='ocr_carea' id='block_1_22' title="bbox 574 2273 2085 2348">
    <p class='ocr_par' dir='ltr' id='par_1_22' title="bbox 574 2273 2085 2348">
     <span class='ocr_line' id='line_1_22' title="bbox 574 2273 2085 2348; baseline 0.007 -21"><span class='ocrx_word' id='word_1_130' title='bbox 574 2273 630 2328; x_wconf 91' lang='lat' dir='ltr'><strong>Si</strong></span> <span class='ocrx_word' id='word_1_131' title='bbox 658 2274 895 2331; x_wconf 81' lang='lat' dir='ltr'><strong>maxime</strong></span> <span class='ocrx_word' id='word_1_132' title='bbox 921 2278 1138 2347; x_wconf 90' lang='lat' dir='ltr'><strong>propria</strong></span> <span class='ocrx_word' id='word_1_133' title='bbox 1169 2286 1225 2331; x_wconf 87' lang='lat' dir='ltr'><strong>et</strong></span> <span class='ocrx_word' id='word_1_134' title='bbox 1272 2281 1445 2345; x_wconf 82' lang='lat' dir='ltr'><strong>prima</strong></span> <span class='ocrx_word' id='word_1_135' title='bbox 1502 2280 1895 2348; x_wconf 77' lang='lat' dir='ltr'><strong>signiﬁcatione</strong></span> <span class='ocrx_word' id='word_1_136' title='bbox 1957 2283 2085 2337; x_wconf 92' lang='lat' dir='ltr'><strong>sub-</strong></span> 
     </span>
    </p>
   </div>
   <div class='ocr_carea' id='block_1_23' title="bbox 498 2365 2084 2437">
    <p class='ocr_par' dir='ltr' id='par_1_23' title="bbox 498 2365 2084 2437">
     <span class='ocr_line' id='line_1_23' title="bbox 498 2365 2084 2437; baseline 0.006 -18"><span class='ocrx_word' id='word_1_137' title='bbox 498 2365 699 2419; x_wconf 76' lang='lat' dir='ltr'><strong>stantia</strong></span> <span class='ocrx_word' id='word_1_138' title='bbox 731 2366 876 2421; x_wconf 88' lang='lat' dir='ltr'><strong>dicta</strong></span> <span class='ocrx_word' id='word_1_139' title='bbox 904 2379 1008 2429; x_wconf 88' lang='lat' dir='ltr'><strong>est.</strong></span> <span class='ocrx_word' id='word_1_140' title='bbox 1031 2369 1175 2437; x_wconf 92' lang='lat' dir='ltr'><strong>quod</strong></span> <span class='ocrx_word' id='word_1_141' title='bbox 1206 2371 1461 2425; x_wconf 89' lang='lat' dir='ltr'><strong>omnibus</strong></span> <span class='ocrx_word' id='word_1_142' title='bbox 1532 2372 1908 2428; x_wconf 81' lang='lat' dir='ltr'><strong>accidentibus</strong></span> <span class='ocrx_word' id='word_1_143' title='bbox 1954 2375 2084 2429; x_wconf 86' lang='lat' dir='ltr'><strong>sub-</strong></span> 
     </span>
    </p>
   </div>
   <div class='ocr_carea' id='block_1_24' title="bbox 492 2448 2084 2532">
    <p class='ocr_par' dir='ltr' id='par_1_24' title="bbox 492 2448 2084 2532">
     <span class='ocr_line' id='line_1_24' title="bbox 492 2448 2084 2532; baseline 0.009 -27"><span class='ocrx_word' id='word_1_144' title='bbox 492 2448 635 2517; x_wconf 79' lang='lat' dir='ltr'><strong>jecta</strong></span> <span class='ocrx_word' id='word_1_145' title='bbox 678 2452 768 2517; x_wconf 91' lang='lat' dir='ltr'><strong>sit,</strong></span> <span class='ocrx_word' id='word_1_146' title='bbox 809 2453 1014 2508; x_wconf 88' lang='lat' dir='ltr'><strong>nullum</strong></span> <span class='ocrx_word' id='word_1_147' title='bbox 1045 2471 1176 2512; x_wconf 84' lang='lat' dir='ltr'><strong>vero</strong></span> <span class='ocrx_word' id='word_1_148' title='bbox 1237 2467 1322 2512; x_wconf 89' lang='lat' dir='ltr'><strong>est</strong></span> <span class='ocrx_word' id='word_1_149' title='bbox 1368 2460 1620 2516; x_wconf 89' lang='lat' dir='ltr'><strong>accidens</strong></span> <span class='ocrx_word' id='word_1_150' title='bbox 1674 2462 1758 2516; x_wconf 89' lang='lat' dir='ltr'><strong>cui</strong></span> <span class='ocrx_word' id='word_1_151' title='bbox 1806 2464 2084 2532; x_wconf 76' lang='lat' dir='ltr'><strong>subjectus</strong></span> 
     </span>
    </p>
   </div>
   <div class='ocr_carea' id='block_1_25' title="bbox 497 2543 2083 2623">
    <p class='ocr_par' dir='ltr' id='par_1_25' title="bbox 497 2543 2083 2623">
     <span class='ocr_line' id='line_1_25' title="bbox 497 2543 2083 2623; baseline 0.009 -26"><span class='ocrx_word' id='word_1_152' title='bbox 497 2543 570 2598; x_wconf 88' lang='lat' dir='ltr'><strong>sit</strong></span> <span class='ocrx_word' id='word_1_153' title='bbox 592 2544 738 2599; x_wconf 85' lang='lat' dir='ltr'><strong>Deus</strong></span> <span class='ocrx_word' id='word_1_154' title='bbox 771 2562 786 2601; x_wconf 89' lang='lat'><strong>:</strong></span> <span class='ocrx_word' id='word_1_155' title='bbox 823 2558 973 2602; x_wconf 77' lang='lat' dir='ltr'><strong>certe</strong></span> <span class='ocrx_word' id='word_1_156' title='bbox 998 2563 1173 2618; x_wconf 88' lang='lat' dir='ltr'><strong>neque</strong></span> <span class='ocrx_word' id='word_1_157' title='bbox 1205 2552 1508 2605; x_wconf 88' lang='lat' dir='ltr'><strong>substantia</strong></span> <span class='ocrx_word' id='word_1_158' title='bbox 1534 2556 1751 2622; x_wconf 87' lang='lat' dir='ltr'><strong>proprie</strong></span> <span class='ocrx_word' id='word_1_159' title='bbox 1779 2556 1883 2610; x_wconf 90' lang='lat' dir='ltr'><strong>dici</strong></span> <span class='ocrx_word' id='word_1_160' title='bbox 1907 2568 2083 2623; x_wconf 90' lang='lat' dir='ltr'><strong>potest</strong></span> 
     </span>
    </p>
   </div>
   <div class='ocr_carea' id='block_1_26' title="bbox 496 2632 2084 2714">
    <p class='ocr_par' dir='ltr' id='par_1_26' title="bbox 496 2632 2084 2714">
     <span class='ocr_line' id='line_1_26' title="bbox 496 2632 2084 2714; baseline 0.012 -29"><span class='ocrx_word' id='word_1_161' title='bbox 496 2632 567 2687; x_wconf 87' lang='lat' dir='ltr'><strong>de</strong></span> <span class='ocrx_word' id='word_1_162' title='bbox 610 2633 737 2688; x_wconf 87' lang='lat' dir='ltr'><strong>Deo.</strong></span> <span class='ocrx_word' id='word_1_163' title='bbox 764 2633 861 2690; x_wconf 87' lang='lat' dir='ltr'><strong>Est</strong></span> <span class='ocrx_word' id='word_1_164' title='bbox 891 2637 1034 2691; x_wconf 88' lang='lat' dir='ltr'><strong>enim</strong></span> <span class='ocrx_word' id='word_1_165' title='bbox 1068 2642 1215 2693; x_wconf 90' lang='lat' dir='ltr'><strong>omni</strong></span> <span class='ocrx_word' id='word_1_166' title='bbox 1244 2641 1554 2697; x_wconf 84' lang='lat' dir='ltr'><strong>substantia</strong></span> <span class='ocrx_word' id='word_1_167' title='bbox 1580 2647 1853 2714; x_wconf 85' lang='lat' dir='ltr'><strong>superior.</strong></span> <span class='ocrx_word' id='word_1_168' title='bbox 1905 2648 1961 2703; x_wconf 91' lang='lat' dir='ltr'><strong>Si</strong></span> <span class='ocrx_word' id='word_1_169' title='bbox 1992 2664 2084 2704; x_wconf 84' lang='lat' dir='ltr'><strong>ve-</strong></span> 
     </span>
    </p>
   </div>
   <div class='ocr_carea' id='block_1_27' title="bbox 498 2724 2080 2809">
    <p class='ocr_par' dir='ltr' id='par_1_27' title="bbox 498 2724 2080 2809">
     <span class='ocr_line' id='line_1_27' title="bbox 498 2724 2080 2809; baseline 0.013 -31"><span class='ocrx_word' id='word_1_170' title='bbox 498 2739 560 2780; x_wconf 91' lang='lat' dir='ltr'><strong>ro</strong></span> <span class='ocrx_word' id='word_1_171' title='bbox 580 2724 878 2795; x_wconf 81' lang='lat' dir='ltr'><strong>ingenitum</strong></span> <span class='ocrx_word' id='word_1_172' title='bbox 911 2729 1129 2799; x_wconf 89' lang='lat' dir='ltr'><strong>proprie</strong></span> <span class='ocrx_word' id='word_1_173' title='bbox 1182 2732 1248 2787; x_wconf 90' lang='lat' dir='ltr'><strong>de</strong></span> <span class='ocrx_word' id='word_1_174' title='bbox 1282 2748 1348 2788; x_wconf 91' lang='lat' dir='ltr'><strong>eo</strong></span> <span class='ocrx_word' id='word_1_175' title='bbox 1406 2736 1605 2791; x_wconf 90' lang='lat' dir='ltr'><strong>dicitur</strong></span> <span class='ocrx_word' id='word_1_176' title='bbox 1656 2738 1891 2809; x_wconf 79' lang='lat' dir='ltr'><strong>(genitus</strong></span> <span class='ocrx_word' id='word_1_177' title='bbox 1935 2743 2080 2798; x_wconf 87' lang='lat' dir='ltr'><strong>enim</strong></span> 
     </span>
    </p>
   </div>
   <div class='ocr_carea' id='block_1_28' title="bbox 497 2816 2081 2899">
    <p class='ocr_par' dir='ltr' id='par_1_28' title="bbox 497 2816 2081 2899">
     <span class='ocr_line' id='line_1_28' title="bbox 497 2816 2081 2899; baseline 0.015 -33"><span class='ocrx_word' id='word_1_178' title='bbox 497 2830 602 2869; x_wconf 90' lang='lat' dir='ltr'><strong>non</strong></span> <span class='ocrx_word' id='word_1_179' title='bbox 633 2816 763 2886; x_wconf 88' lang='lat' dir='ltr'><strong>est),</strong></span> <span class='ocrx_word' id='word_1_180' title='bbox 796 2817 1101 2876; x_wconf 88' lang='lat' dir='ltr'><strong>substantia</strong></span> <span class='ocrx_word' id='word_1_181' title='bbox 1153 2834 1333 2878; x_wconf 87' lang='lat' dir='ltr'><strong>autem</strong></span> <span class='ocrx_word' id='word_1_182' title='bbox 1393 2840 1778 2899; x_wconf 88' lang='lat' dir='ltr'><strong>nequaquam:</strong></span> <span class='ocrx_word' id='word_1_183' title='bbox 1826 2849 1935 2887; x_wconf 70' lang='lat' dir='ltr'><strong>non</strong></span> <span class='ocrx_word' id='word_1_184' title='bbox 1994 2845 2081 2890; x_wconf 88' lang='lat' dir='ltr'><strong>est</strong></span> 
     </span>
    </p>
   </div>
   <div class='ocr_carea' id='block_1_29' title="bbox 495 2902 1420 2985">
    <p class='ocr_par' dir='ltr' id='par_1_29' title="bbox 495 2902 1420 2985">
     <span class='ocr_line' id='line_1_29' title="bbox 495 2902 1420 2985; baseline 0.012 -26"><span class='ocrx_word' id='word_1_185' title='bbox 495 2902 638 2961; x_wconf 80' lang='lat' dir='ltr'><strong>idem</strong></span> <span class='ocrx_word' id='word_1_186' title='bbox 668 2908 977 2966; x_wconf 72' lang='lat' dir='ltr'><strong>substantia</strong></span> <span class='ocrx_word' id='word_1_187' title='bbox 1011 2922 1066 2968; x_wconf 81' lang='lat' dir='ltr'><strong>et</strong></span> <span class='ocrx_word' id='word_1_188' title='bbox 1097 2913 1420 2985; x_wconf 80' lang='lat' dir='ltr'><strong>ingenitum.</strong></span> 
     </span>
    </p>
   </div>
   <div class='ocr_carea' id='block_1_30' title="bbox 1164 3028 1397 3086">
    <p class='ocr_par' dir='ltr' id='par_1_30' title="bbox 1164 3028 1397 3086">
     <span class='ocr_line' id='line_1_30' title="bbox 1164 3028 1397 3086; baseline 0.026 -6"><span class='ocrx_word' id='word_1_189' title='bbox 1164 3028 1397 3086; x_wconf 83' lang='lat' dir='ltr'><strong>ALIUD.</strong></span> 
     </span>
    </p>
   </div>
   <div class='ocr_carea' id='block_1_31' title="bbox 564 3133 2071 3227">
    <p class='ocr_par' dir='ltr' id='par_1_31' title="bbox 564 3133 2071 3227">
     <span class='ocr_line' id='line_1_31' title="bbox 564 3133 2071 3227; baseline 0.016 -38"><span class='ocrx_word' id='word_1_190' title='bbox 564 3133 622 3189; x_wconf 92' lang='lat' dir='ltr'><strong>Si</strong></span> <span class='ocrx_word' id='word_1_191' title='bbox 649 3136 969 3206; x_wconf 75' lang='lat' dir='ltr'><strong>ingenitum,</strong></span> <span class='ocrx_word' id='word_1_192' title='bbox 991 3150 1045 3195; x_wconf 90' lang='lat' dir='ltr'><strong>et</strong></span> <span class='ocrx_word' id='word_1_193' title='bbox 1065 3140 1419 3197; x_wconf 81' lang='grc' dir='ltr'>ἀϐασίλευτον</span> <span class='ocrx_word' id='word_1_194' title='bbox 1445 3144 1520 3217; x_wconf 89' lang='lat' dir='ltr'><strong>(id</strong></span> <span class='ocrx_word' id='word_1_195' title='bbox 1547 3159 1651 3215; x_wconf 87' lang='lat' dir='ltr'><strong>est,</strong></span> <span class='ocrx_word' id='word_1_196' title='bbox 1676 3151 1871 3209; x_wconf 91' lang='lat' dir='ltr'><strong>nullius</strong></span> <span class='ocrx_word' id='word_1_197' title='bbox 1901 3156 2071 3227; x_wconf 86' lang='lat' dir='ltr'><strong>impe-</strong></span> 
     </span>
    </p>
   </div>
   <div class='ocr_carea' id='block_1_32' title="bbox 494 3225 2068 3308">
    <p class='ocr_par' dir='ltr' id='par_1_32' title="bbox 494 3225 2068 3308">
     <span class='ocr_line' id='line_1_32' title="bbox 494 3225 2068 3308; baseline 0.017 -30"><span class='ocrx_word' id='word_1_198' title='bbox 494 3225 578 3280; x_wconf 92' lang='lat' dir='ltr'><strong>rio</strong></span> <span class='ocrx_word' id='word_1_199' title='bbox 611 3228 931 3299; x_wconf 84' lang='lat' dir='ltr'><strong>subditum),</strong></span> <span class='ocrx_word' id='word_1_200' title='bbox 963 3242 1018 3286; x_wconf 89' lang='lat' dir='ltr'><strong>et</strong></span> <span class='ocrx_word' id='word_1_201' title='bbox 1046 3233 1271 3303; x_wconf 87' lang='lat' dir='ltr'><strong>reliqua,</strong></span> <span class='ocrx_word' id='word_1_202' title='bbox 1307 3241 1677 3308; x_wconf 85' lang='lat' dir='ltr'><strong>comparative</strong></span> <span class='ocrx_word' id='word_1_203' title='bbox 1736 3225 2068 3305; x_wconf 77' lang='lat' dir='ltr'><strong>substantias</strong></span> 
     </span>
    </p>
   </div>
   <div class='ocr_carea' id='block_1_33' title="bbox 490 3317 2070 3401">
    <p class='ocr_par' dir='ltr' id='par_1_33' title="bbox 490 3317 2070 3401">
     <span class='ocr_line' id='line_1_33' title="bbox 490 3317 2070 3401; baseline 0.018 -33"><span class='ocrx_word' id='word_1_204' title='bbox 490 3317 712 3386; x_wconf 72' lang='lat' dir='ltr'><strong>signant</strong></span> <span class='ocrx_word' id='word_1_205' title='bbox 741 3324 1231 3391; x_wconf 85' lang='lat' dir='ltr'><strong>atqueostendunt,</strong></span> <span class='ocrx_word' id='word_1_206' title='bbox 1290 3336 1345 3382; x_wconf 89' lang='lat' dir='ltr'><strong>at</strong></span> <span class='ocrx_word' id='word_1_207' title='bbox 1386 3344 1517 3385; x_wconf 84' lang='lat' dir='ltr'><strong>vero</strong></span> <span class='ocrx_word' id='word_1_208' title='bbox 1570 3334 1793 3401; x_wconf 79' lang='lat' dir='ltr'><strong>signans</strong></span> <span class='ocrx_word' id='word_1_209' title='bbox 1825 3354 1929 3393; x_wconf 72' lang='lat' dir='ltr'><strong>non</strong></span> <span class='ocrx_word' id='word_1_210' title='bbox 1987 3351 2070 3396; x_wconf 88' lang='lat' dir='ltr'><strong>est</strong></span> 
     </span>
    </p>
   </div>
   <div class='ocr_carea' id='block_1_34' title="bbox 491 3406 2066 3491">
    <p class='ocr_par' dir='ltr' id='par_1_34' title="bbox 491 3406 2066 3491">
     <span class='ocr_line' id='line_1_34' title="bbox 491 3406 2066 3491; baseline 0.018 -31"><span class='ocrx_word' id='word_1_211' title='bbox 491 3406 630 3462; x_wconf 90' lang='lat' dir='ltr'><strong>idem</strong></span> <span class='ocrx_word' id='word_1_212' title='bbox 652 3424 773 3464; x_wconf 91' lang='lat' dir='ltr'><strong>cum</strong></span> <span class='ocrx_word' id='word_1_213' title='bbox 799 3412 1010 3483; x_wconf 79' lang='lat' dir='ltr'><strong>signato</strong></span> <span class='ocrx_word' id='word_1_214' title='bbox 1049 3432 1062 3468; x_wconf 92' lang='lat'><strong>:</strong></span> <span class='ocrx_word' id='word_1_215' title='bbox 1096 3433 1199 3471; x_wconf 89' lang='lat' dir='ltr'><strong>non</strong></span> <span class='ocrx_word' id='word_1_216' title='bbox 1231 3419 1336 3473; x_wconf 92' lang='lat' dir='ltr'><strong>erit</strong></span> <span class='ocrx_word' id='word_1_217' title='bbox 1374 3422 1559 3491; x_wconf 90' lang='lat' dir='ltr'><strong>utique</strong></span> <span class='ocrx_word' id='word_1_218' title='bbox 1600 3425 1737 3480; x_wconf 90' lang='lat' dir='ltr'><strong>idem</strong></span> <span class='ocrx_word' id='word_1_219' title='bbox 1771 3430 2066 3489; x_wconf 88' lang='lat' dir='ltr'><strong>substantia</strong></span> 
     </span>
    </p>
   </div>
   <div class='ocr_carea' id='block_1_35' title="bbox 487 3501 2066 3590">
    <p class='ocr_par' dir='ltr' id='par_1_35' title="bbox 487 3501 2066 3590">
     <span class='ocr_line' id='line_1_35' title="bbox 487 3501 2066 3590; baseline 0.016 -36"><span class='ocrx_word' id='word_1_220' title='bbox 487 3510 545 3555; x_wconf 81' lang='lat' dir='ltr'><strong>et</strong></span> <span class='ocrx_word' id='word_1_221' title='bbox 579 3501 899 3572; x_wconf 77' lang='lat' dir='ltr'><strong>ingenitum,</strong></span> <span class='ocrx_word' id='word_1_222' title='bbox 969 3509 1420 3576; x_wconf 88' lang='lat' dir='ltr'><strong>quemadmodum</strong></span> <span class='ocrx_word' id='word_1_223' title='bbox 1481 3529 1656 3585; x_wconf 87' lang='lat' dir='ltr'><strong>neque</strong></span> <span class='ocrx_word' id='word_1_224' title='bbox 1706 3518 2066 3590; x_wconf 78' lang='lat' dir='ltr'><strong>signiﬁcatum</strong></span> 
     </span>
    </p>
   </div>
   <div class='ocr_carea' id='block_1_36' title="bbox 484 3594 991 3666">
    <p class='ocr_par' dir='ltr' id='par_1_36' title="bbox 484 3594 991 3666">
     <span class='ocr_line' id='line_1_36' title="bbox 484 3594 991 3666; baseline 0.016 -18"><span class='ocrx_word' id='word_1_225' title='bbox 484 3607 611 3649; x_wconf 85' lang='lat' dir='ltr'><strong>cum</strong></span> <span class='ocrx_word' id='word_1_226' title='bbox 633 3594 991 3666; x_wconf 70' lang='lat' dir='ltr'><strong>signiﬁcante.</strong></span> 
     </span>
    </p>
   </div>
   <div class='ocr_carea' id='block_1_37' title="bbox 1156 3714 1391 3772">
    <p class='ocr_par' dir='ltr' id='par_1_37' title="bbox 1156 3714 1391 3772">
     <span class='ocr_line' id='line_1_37' title="bbox 1156 3714 1391 3772; baseline 0 -2"><span class='ocrx_word' id='word_1_227' title='bbox 1156 3714 1391 3772; x_wconf 83' lang='lat' dir='ltr'><strong>ALIUD.</strong></span> 
     </span>
    </p>
   </div>
   <div class='ocr_carea' id='block_1_38' title="bbox 557 3811 2065 3909">
    <p class='ocr_par' dir='ltr' id='par_1_38' title="bbox 557 3811 2065 3909">
     <span class='ocr_line' id='line_1_38' title="bbox 557 3811 2065 3909; baseline 0.015 -32"><span class='ocrx_word' id='word_1_228' title='bbox 557 3820 617 3877; x_wconf 87' lang='lat' dir='ltr'><strong>Si</strong></span> <span class='ocrx_word' id='word_1_229' title='bbox 644 3811 943 3893; x_wconf 57' lang='lat' dir='ltr'><strong>ingenitum</strong></span> <span class='ocrx_word' id='word_1_230' title='bbox 968 3842 1072 3883; x_wconf 91' lang='lat' dir='ltr'><strong>non</strong></span> <span class='ocrx_word' id='word_1_231' title='bbox 1092 3842 1158 3883; x_wconf 81' lang='lat' dir='ltr'><strong>ex</strong></span> <span class='ocrx_word' id='word_1_232' title='bbox 1193 3845 1258 3887; x_wconf 92' lang='lat' dir='ltr'><strong>eo</strong></span> <span class='ocrx_word' id='word_1_233' title='bbox 1285 3834 1428 3900; x_wconf 92' lang='lat' dir='ltr'><strong>quod</strong></span> <span class='ocrx_word' id='word_1_234' title='bbox 1463 3838 1701 3905; x_wconf 76' lang='lat' dir='ltr'><strong>genitum</strong></span> <span class='ocrx_word' id='word_1_235' title='bbox 1721 3856 1827 3895; x_wconf 93' lang='lat' dir='ltr'><strong>non</strong></span> <span class='ocrx_word' id='word_1_236' title='bbox 1850 3842 1938 3909; x_wconf 89' lang='lat' dir='ltr'><strong>sit,</strong></span> <span class='ocrx_word' id='word_1_237' title='bbox 1969 3847 2065 3900; x_wconf 90' lang='lat' dir='ltr'><strong>sed</strong></span> 
     </span>
    </p>
   </div>
   <div class='ocr_carea' id='block_1_39' title="bbox 481 3913 2066 4004">
    <p class='ocr_par' dir='ltr' id='par_1_39' title="bbox 481 3913 2066 4004">
     <span class='ocr_line' id='line_1_39' title="bbox 481 3913 2066 4004; baseline 0.015 -38"><span class='ocrx_word' id='word_1_238' title='bbox 481 3914 626 3982; x_wconf 89' lang='lat' dir='ltr'><strong>quod</strong></span> <span class='ocrx_word' id='word_1_239' title='bbox 644 3913 716 3968; x_wconf 89' lang='lat' dir='ltr'><strong>sit</strong></span> <span class='ocrx_word' id='word_1_240' title='bbox 743 3915 1047 3971; x_wconf 79' lang='lat' dir='ltr'><strong>substantia</strong></span> <span class='ocrx_word' id='word_1_241' title='bbox 1084 3919 1202 3986; x_wconf 90' lang='lat' dir='ltr'><strong>Dei,</strong></span> <span class='ocrx_word' id='word_1_242' title='bbox 1241 3922 1446 3979; x_wconf 91' lang='lat' dir='ltr'><strong>dictum</strong></span> <span class='ocrx_word' id='word_1_243' title='bbox 1474 3937 1557 3981; x_wconf 91' lang='lat' dir='ltr'><strong>est</strong></span> <span class='ocrx_word' id='word_1_244' title='bbox 1590 3949 1603 3984; x_wconf 88' lang='lat'><strong>:</strong></span> <span class='ocrx_word' id='word_1_245' title='bbox 1631 3938 1687 3984; x_wconf 89' lang='lat' dir='ltr'><strong>et</strong></span> <span class='ocrx_word' id='word_1_246' title='bbox 1730 3947 2066 4004; x_wconf 72' lang='lat' dir='ltr'><strong>unaquaeque</strong></span> 
     </span>
    </p>
   </div>
   <div class='ocr_carea' id='block_1_40' title="bbox 481 4003 2062 4093">
    <p class='ocr_par' dir='ltr' id='par_1_40' title="bbox 481 4003 2062 4093">
     <span class='ocr_line' id='line_1_40' title="bbox 481 4003 2062 4093; baseline 0.015 -37"><span class='ocrx_word' id='word_1_247' title='bbox 481 4003 646 4058; x_wconf 85' lang='lat' dir='ltr'><strong>etiam</strong></span> <span class='ocrx_word' id='word_1_248' title='bbox 680 4005 984 4063; x_wconf 87' lang='lat' dir='ltr'><strong>substantia</strong></span> <span class='ocrx_word' id='word_1_249' title='bbox 1011 4010 1116 4065; x_wconf 90' lang='lat' dir='ltr'><strong>erit</strong></span> <span class='ocrx_word' id='word_1_250' title='bbox 1137 4012 1455 4081; x_wconf 75' lang='lat' dir='ltr'><strong>ingenitum.</strong></span> <span class='ocrx_word' id='word_1_251' title='bbox 1488 4017 1544 4073; x_wconf 91' lang='lat' dir='ltr'><strong>Si</strong></span> <span class='ocrx_word' id='word_1_252' title='bbox 1583 4033 1712 4076; x_wconf 82' lang='lat' dir='ltr'><strong>vero</strong></span> <span class='ocrx_word' id='word_1_253' title='bbox 1735 4022 1917 4079; x_wconf 80' lang='lat' dir='ltr'><strong>multae</strong></span> <span class='ocrx_word' id='word_1_254' title='bbox 1939 4026 2062 4093; x_wconf 91' lang='lat' dir='ltr'><strong>qui-</strong></span> 
     </span>
    </p>
   </div>
   <div class='ocr_carea' id='block_1_41' title="bbox 481 4093 2059 4174">
    <p class='ocr_par' dir='ltr' id='par_1_41' title="bbox 481 4093 2059 4174">
     <span class='ocr_line' id='line_1_41' title="bbox 481 4093 2059 4174; baseline 0.014 -26"><span class='ocrx_word' id='word_1_255' title='bbox 481 4093 604 4149; x_wconf 89' lang='lat' dir='ltr'><strong>dem</strong></span> <span class='ocrx_word' id='word_1_256' title='bbox 639 4107 768 4152; x_wconf 85' lang='lat' dir='ltr'><strong>sunt</strong></span> <span class='ocrx_word' id='word_1_257' title='bbox 788 4098 1126 4171; x_wconf 70' lang='lat' dir='ltr'><strong>substantiae,</strong></span> <span class='ocrx_word' id='word_1_258' title='bbox 1161 4104 1385 4174; x_wconf 78' lang='lat' dir='ltr'><strong>ingeniti</strong></span> <span class='ocrx_word' id='word_1_259' title='bbox 1407 4124 1538 4165; x_wconf 84' lang='lat' dir='ltr'><strong>vero</strong></span> <span class='ocrx_word' id='word_1_260' title='bbox 1567 4127 1674 4166; x_wconf 91' lang='lat' dir='ltr'><strong>non</strong></span> <span class='ocrx_word' id='word_1_261' title='bbox 1734 4114 1899 4168; x_wconf 91' lang='lat' dir='ltr'><strong>item:</strong></span> <span class='ocrx_word' id='word_1_262' title='bbox 1954 4133 2059 4170; x_wconf 71' lang='lat' dir='ltr'><strong>non</strong></span> 
     </span>
    </p>
   </div>
   <div class='ocr_carea' id='block_1_42' title="bbox 481 4186 2058 4276">
    <p class='ocr_par' dir='ltr' id='par_1_42' title="bbox 481 4186 2058 4276">
     <span class='ocr_line' id='line_1_42' title="bbox 481 4186 2058 4276; baseline 0.017 -39"><span class='ocrx_word' id='word_1_263' title='bbox 481 4186 665 4255; x_wconf 91' lang='lat' dir='ltr'><strong>utique</strong></span> <span class='ocrx_word' id='word_1_264' title='bbox 692 4189 986 4259; x_wconf 78' lang='lat' dir='ltr'><strong>ingenitum</strong></span> <span class='ocrx_word' id='word_1_265' title='bbox 1023 4195 1299 4263; x_wconf 77' lang='lat' dir='ltr'><strong>signiﬁcat</strong></span> <span class='ocrx_word' id='word_1_266' title='bbox 1345 4200 1727 4270; x_wconf 83' lang='lat' dir='ltr'><strong>substantiam,</strong></span> <span class='ocrx_word' id='word_1_267' title='bbox 1790 4209 2058 4276; x_wconf 2' lang='lat' dir='ltr'><strong>sedpsub-</strong></span> 
     </span>
    </p>
   </div>
   <div class='ocr_carea' id='block_1_43' title="bbox 478 4278 1103 4360">
    <p class='ocr_par' dir='ltr' id='par_1_43' title="bbox 478 4278 1103 4360">
     <span class='ocr_line' id='line_1_43' title="bbox 478 4278 1103 4360; baseline 0.014 -29"><span class='ocrx_word' id='word_1_268' title='bbox 478 4278 693 4335; x_wconf 74' lang='lat' dir='ltr'><strong>stantia:</strong></span> <span class='ocrx_word' id='word_1_269' title='bbox 711 4284 1103 4360; x_wconf 60' lang='lat' dir='ltr'><strong>prastantiam.</strong></span> 
     </span>
    </p>
   </div>
   <div class='ocr_carea' id='block_1_44' title="bbox 1140 4402 1368 4457">
    <p class='ocr_par' dir='ltr' id='par_1_44' title="bbox 1140 4402 1368 4457">
     <span class='ocr_line' id='line_1_44' title="bbox 1140 4402 1368 4457; baseline 0.013 -3"><span class='ocrx_word' id='word_1_270' title='bbox 1140 4402 1368 4457; x_wconf 85' lang='lat' dir='ltr'><strong>ALIuD.</strong></span> 
     </span>
    </p>
   </div>
   <div class='ocr_carea' id='block_1_45' title="bbox 552 4504 2054 4589">
    <p class='ocr_par' dir='ltr' id='par_1_45' title="bbox 552 4504 2054 4589">
     <span class='ocr_line' id='line_1_45' title="bbox 552 4504 2054 4589; baseline 0.015 -30"><span class='ocrx_word' id='word_1_271' title='bbox 552 4504 610 4561; x_wconf 88' lang='lat' dir='ltr'><strong>Si</strong></span> <span class='ocrx_word' id='word_1_272' title='bbox 637 4506 692 4561; x_wconf 89' lang='lat' dir='ltr'><strong>in</strong></span> <span class='ocrx_word' id='word_1_273' title='bbox 721 4507 833 4567; x_wconf 89' lang='lat' dir='ltr'><strong>Deo</strong></span> <span class='ocrx_word' id='word_1_274' title='bbox 868 4520 1078 4568; x_wconf 88' lang='lat' dir='ltr'><strong>tantum</strong></span> <span class='ocrx_word' id='word_1_275' title='bbox 1103 4514 1425 4586; x_wconf 82' lang='lat' dir='ltr'><strong>ingenitum,</strong></span> <span class='ocrx_word' id='word_1_276' title='bbox 1452 4528 1512 4575; x_wconf 92' lang='lat' dir='ltr'><strong>ut</strong></span> <span class='ocrx_word' id='word_1_277' title='bbox 1543 4522 1715 4589; x_wconf 85' lang='lat' dir='ltr'><strong>aiunt,</strong></span> <span class='ocrx_word' id='word_1_278' title='bbox 1750 4525 2054 4582; x_wconf 83' lang='lat' dir='ltr'><strong>substantia</strong></span> 
     </span>
    </p>
   </div>
   <div class='ocr_carea' id='block_1_46' title="bbox 478 4597 2057 4679">
    <p class='ocr_par' dir='ltr' id='par_1_46' title="bbox 478 4597 2057 4679">
     <span class='ocr_line' id='line_1_46' title="bbox 478 4597 2057 4679; baseline 0.013 -29"><span class='ocrx_word' id='word_1_279' title='bbox 478 4608 584 4663; x_wconf 85' lang='lat' dir='ltr'><strong>est,</strong></span> <span class='ocrx_word' id='word_1_280' title='bbox 616 4597 975 4658; x_wconf 73' lang='lat' dir='ltr'><strong>fueritetiam</strong></span> <span class='ocrx_word' id='word_1_281' title='bbox 1019 4607 1265 4663; x_wconf 86' lang='lat' dir='ltr'><strong>deﬁnitio</strong></span> <span class='ocrx_word' id='word_1_282' title='bbox 1318 4610 1453 4677; x_wconf 86' lang='lat' dir='ltr'><strong>ejus,</strong></span> <span class='ocrx_word' id='word_1_283' title='bbox 1503 4612 1658 4679; x_wconf 87' lang='lat' dir='ltr'><strong>cujus</strong></span> <span class='ocrx_word' id='word_1_284' title='bbox 1720 4614 2057 4671; x_wconf 83' lang='lat' dir='ltr'><strong>solummodo</strong></span> 
     </span>
    </p>
   </div>
   <div class='ocr_carea' id='block_1_47' title="bbox 478 4691 2055 4765">
    <p class='ocr_par' dir='ltr' id='par_1_47' title="bbox 478 4691 2055 4765">
     <span class='ocr_line' id='line_1_47' title="bbox 478 4691 2055 4765; baseline 0.013 -24"><span class='ocrx_word' id='word_1_285' title='bbox 478 4691 757 4760; x_wconf 84' lang='lat' dir='ltr'><strong>proprium</strong></span> <span class='ocrx_word' id='word_1_286' title='bbox 785 4704 868 4749; x_wconf 88' lang='lat' dir='ltr'><strong>est</strong></span> <span class='ocrx_word' id='word_1_287' title='bbox 898 4696 1214 4765; x_wconf 76' lang='lat' dir='ltr'><strong>ingenitum.</strong></span> <span class='ocrx_word' id='word_1_288' title='bbox 1248 4699 1303 4754; x_wconf 84' lang='lat' dir='ltr'><strong>Si</strong></span> <span class='ocrx_word' id='word_1_289' title='bbox 1337 4716 1465 4756; x_wconf 83' lang='lat' dir='ltr'><strong>vero</strong></span> <span class='ocrx_word' id='word_1_290' title='bbox 1488 4704 1631 4757; x_wconf 90' lang='lat' dir='ltr'><strong>nulla</strong></span> <span class='ocrx_word' id='word_1_291' title='bbox 1675 4716 1761 4760; x_wconf 88' lang='lat' dir='ltr'><strong>est</strong></span> <span class='ocrx_word' id='word_1_292' title='bbox 1813 4706 2055 4762; x_wconf 75' lang='lat' dir='ltr'><strong>deﬁnitio</strong></span> 
     </span>
    </p>
   </div>
   <div class='ocr_carea' id='block_1_48' title="bbox 476 4781 2053 4866">
    <p class='ocr_par' dir='ltr' id='par_1_48' title="bbox 476 4781 2053 4866">
     <span class='ocr_line' id='line_1_48' title="bbox 476 4781 2053 4866; baseline 0.011 -32"><span class='ocrx_word' id='word_1_293' title='bbox 476 4781 561 4835; x_wconf 88' lang='lat' dir='ltr'><strong>cui</strong></span> <span class='ocrx_word' id='word_1_294' title='bbox 596 4783 915 4851; x_wconf 81' lang='lat' dir='ltr'><strong>subjiciatur</strong></span> <span class='ocrx_word' id='word_1_295' title='bbox 945 4788 1247 4846; x_wconf 89' lang='lat' dir='ltr'><strong>substantia</strong></span> <span class='ocrx_word' id='word_1_296' title='bbox 1283 4791 1399 4858; x_wconf 86' lang='lat' dir='ltr'><strong>Dei,</strong></span> <span class='ocrx_word' id='word_1_297' title='bbox 1456 4810 1524 4849; x_wconf 92' lang='lat' dir='ltr'><strong>ne</strong></span> <span class='ocrx_word' id='word_1_298' title='bbox 1579 4810 1775 4850; x_wconf 90' lang='lat' dir='ltr'><strong>nomen</strong></span> <span class='ocrx_word' id='word_1_299' title='bbox 1836 4798 2053 4866; x_wconf 82' lang='lat' dir='ltr'><strong>quidem</strong></span> 
     </span>
    </p>
   </div>
   <div class='ocr_carea' id='block_1_49' title="bbox 474 4876 2054 4954">
    <p class='ocr_par' dir='ltr' id='par_1_49' title="bbox 474 4876 2054 4954">
     <span class='ocr_line' id='line_1_49' title="bbox 474 4876 2054 4954; baseline 0.012 -28"><span class='ocrx_word' id='word_1_300' title='bbox 474 4876 755 4944; x_wconf 88' lang='lat' dir='ltr'><strong>proprium</strong></span> <span class='ocrx_word' id='word_1_301' title='bbox 783 4883 954 4934; x_wconf 89' lang='lat' dir='ltr'><strong>estde</strong></span> <span class='ocrx_word' id='word_1_302' title='bbox 983 4879 1094 4937; x_wconf 92' lang='lat' dir='ltr'><strong>Deo</strong></span> <span class='ocrx_word' id='word_1_303' title='bbox 1120 4883 1441 4954; x_wconf 69' lang='lat' dir='ltr'><strong>ingenitum,</strong></span> <span class='ocrx_word' id='word_1_304' title='bbox 1480 4896 1541 4941; x_wconf 92' lang='lat' dir='ltr'><strong>ut</strong></span> <span class='ocrx_word' id='word_1_305' title='bbox 1582 4888 1713 4943; x_wconf 84' lang='lat' dir='ltr'><strong>nihil</strong></span> <span class='ocrx_word' id='word_1_306' title='bbox 1764 4889 1908 4945; x_wconf 89' lang='lat' dir='ltr'><strong>aliud</strong></span> <span class='ocrx_word' id='word_1_307' title='bbox 1948 4905 2054 4945; x_wconf 78' lang='lat' dir='ltr'><strong>vox</strong></span> 
     </span>
    </p>
   </div>
   <div class='ocr_carea' id='block_1_50' title="bbox 476 4966 2053 5048">
    <p class='ocr_par' dir='ltr' id='par_1_50' title="bbox 476 4966 2053 5048">
     <span class='ocr_line' id='line_1_50' title="bbox 476 4966 2053 5048; baseline 0.013 -32"><span class='ocrx_word' id='word_1_308' title='bbox 476 4966 591 5032; x_wconf 85' lang='lat' dir='ltr'><strong>ipsa</strong></span> <span class='ocrx_word' id='word_1_309' title='bbox 645 4977 993 5037; x_wconf 63' lang='lat' dir='ltr'><strong>representet</strong></span> <span class='ocrx_word' id='word_1_310' title='bbox 1050 4984 1412 5044; x_wconf 78' lang='lat' dir='ltr'><strong>praeterquam</strong></span> <span class='ocrx_word' id='word_1_311' title='bbox 1471 4976 1640 5031; x_wconf 84' lang='lat' dir='ltr'><strong>solam</strong></span> <span class='ocrx_word' id='word_1_312' title='bbox 1685 4977 1813 5048; x_wconf 59' lang='lat' dir='ltr'><strong>LDei</strong></span> <span class='ocrx_word' id='word_1_313' title='bbox 1866 4995 2053 5037; x_wconf 84' lang='lat' dir='ltr'><strong>essen-</strong></span> 
     </span>
    </p>
   </div>
   <div class='ocr_carea' id='block_1_51' title="bbox 478 5062 628 5107">
    <p class='ocr_par' dir='ltr' id='par_1_51' title="bbox 478 5062 628 5107">
     <span class='ocr_line' id='line_1_51' title="bbox 478 5062 628 5107; baseline 0.02 -3"><span class='ocrx_word' id='word_1_314' title='bbox 478 5062 628 5107; x_wconf 80' lang='lat' dir='ltr'><strong>nam.</strong></span> 
     </span>
    </p>
   </div>
   <div class='ocr_carea' id='block_1_52' title="bbox 846 5191 1669 5289">
    <p class='ocr_par' dir='ltr' id='par_1_52' title="bbox 846 5191 1669 5289">
     <span class='ocr_line' id='line_1_52' title="bbox 846 5191 1669 5289; baseline 0.016 -13"><span class='ocrx_word' id='word_1_315' title='bbox 846 5191 1417 5288; x_wconf 69' lang='grc' dir='ltr'><strong>ΑΞΞΕΒἹῚΟ</strong></span> <span class='ocrx_word' id='word_1_316' title='bbox 1504 5201 1669 5289; x_wconf 86' lang='lat' dir='ltr'><strong>IV.</strong></span> 
     </span>
    </p>
   </div>
   <div class='ocr_carea' id='block_1_53' title="bbox 472 5334 2046 5414">
    <p class='ocr_par' dir='ltr' id='par_1_53' title="bbox 472 5334 2046 5414">
     <span class='ocr_line' id='line_1_53' title="bbox 472 5334 2046 5414; baseline 0.014 -31"><span class='ocrx_word' id='word_1_317' title='bbox 472 5334 731 5414; x_wconf 62' lang='lat' dir='ltr'><strong>Adversus</strong></span> <span class='ocrx_word' id='word_1_318' title='bbox 747 5350 833 5388; x_wconf 80' lang='lat' dir='ltr'><strong>eos</strong></span> <span class='ocrx_word' id='word_1_319' title='bbox 864 5337 951 5404; x_wconf 84' lang='lat' dir='ltr'><strong>qui</strong></span> <span class='ocrx_word' id='word_1_320' title='bbox 971 5337 1273 5414; x_wconf 45' lang='lat' dir='ltr'><strong>dicergnon</strong></span> <span class='ocrx_word' id='word_1_321' title='bbox 1303 5353 1579 5414; x_wconf 69' lang='lat' dir='ltr'><strong>verentur:</strong></span> <span class='ocrx_word' id='word_1_322' title='bbox 1608 5345 1743 5399; x_wconf 82' lang='lat' dir='ltr'><strong>Erat</strong></span> <span class='ocrx_word' id='word_1_323' title='bbox 1758 5348 2046 5414; x_wconf 78' lang='lat' dir='ltr'><strong>aliquando</strong></span> 
     </span>
    </p>
   </div>
   <div class='ocr_carea' id='block_1_54' title="bbox 535 5406 2047 5487">
    <p class='ocr_par' dir='ltr' id='par_1_54' title="bbox 535 5406 2047 5487">
     <span class='ocr_line' id='line_1_54' title="bbox 535 5406 2047 5487; baseline 0.014 -34"><span class='ocrx_word' id='word_1_324' title='bbox 535 5406 749 5471; x_wconf 77' lang='lat' dir='ltr'><strong>quando</strong></span> <span class='ocrx_word' id='word_1_325' title='bbox 796 5421 898 5487; x_wconf 74' lang='lat' dir='ltr'><strong>non</strong></span> <span class='ocrx_word' id='word_1_326' title='bbox 953 5417 1064 5487; x_wconf 59' lang='lat' dir='ltr'><strong>erat</strong></span> <span class='ocrx_word' id='word_1_327' title='bbox 1114 5406 1306 5464; x_wconf 75' lang='lat' dir='ltr'><strong>Filius.</strong></span> <span class='ocrx_word' id='word_1_328' title='bbox 1335 5412 1645 5487; x_wconf 62' lang='lat' dir='ltr'><strong>Alferuntur</strong></span> <span class='ocrx_word' id='word_1_329' title='bbox 1666 5406 1955 5487; x_wconf 70' lang='lat' dir='ltr'><strong>syllogismi</strong></span> <span class='ocrx_word' id='word_1_330' title='bbox 1997 5431 2047 5473; x_wconf 81' lang='lat' dir='ltr'><strong>et</strong></span> 
     </span>
    </p>
   </div>
   <div class='ocr_carea' id='block_1_55' title="bbox 535 5480 2041 5549">
    <p class='ocr_par' dir='ltr' id='par_1_55' title="bbox 535 5480 2041 5549">
     <span class='ocr_line' id='line_1_55' title="bbox 535 5480 2041 5549; baseline 0.014 -27"><span class='ocrx_word' id='word_1_331' title='bbox 535 5485 961 5549; x_wconf 45' lang='lat' dir='ltr'><strong>argumentorum</strong></span> <span class='ocrx_word' id='word_1_332' title='bbox 1013 5480 1500 5549; x_wconf 75' lang='lat' dir='ltr'><strong>demonstrationes,</strong></span> <span class='ocrx_word' id='word_1_333' title='bbox 1556 5502 1674 5539; x_wconf 84' lang='lat' dir='ltr'><strong>cum</strong></span> <span class='ocrx_word' id='word_1_334' title='bbox 1693 5480 2041 5543; x_wconf 38' lang='lat' dir='ltr'><strong>vtesiimeniis</strong></span> 
     </span>
    </p>
   </div>
   <div class='ocr_carea' id='block_1_56' title="bbox 537 5538 2035 5627">
    <p class='ocr_par' dir='ltr' id='par_1_56' title="bbox 537 5538 2035 5627">
     <span class='ocr_line' id='line_1_56' title="bbox 537 5538 2035 5627; baseline 0.013 -35"><span class='ocrx_word' id='word_1_335' title='bbox 537 5538 868 5627; x_wconf 36' lang='lat' dir='ltr'><strong>.‘Sc&#39;ript‘urwf</strong></span> <span class='ocrx_word' id='word_1_336' title='bbox 907 5562 970 5599; x_wconf 77' lang='lat' dir='ltr'><strong>ea:</strong></span> <span class='ocrx_word' id='word_1_337' title='bbox 994 5549 1181 5615; x_wconf 77' lang='lat' dir='ltr'><strong>quibus</strong></span> <span class='ocrx_word' id='word_1_338' title='bbox 1221 5552 1460 5608; x_wconf 71' lang='lat' dir='ltr'><strong>omnibus</strong></span> <span class='ocrx_word' id='word_1_339' title='bbox 1484 5538 1708 5625; x_wconf 58' lang='lat' dir='ltr'><strong>edicitur</strong></span> 
     </span>
    </p>
   </div>
   <div class='ocr_carea' id='block_1_57' title="bbox 538 5611 1173 5671">
    <p class='ocr_par' dir='ltr' id='par_1_57' title="bbox 538 5611 1173 5671">
     <span class='ocr_line' id='line_1_57' title="bbox 538 5611 1173 5671; baseline 0.014 -8"><span class='ocrx_word' id='word_1_340' title='bbox 538 5613 659 5665; x_wconf 75' lang='lat' dir='ltr'><strong>bum</strong></span> <span class='ocrx_word' id='word_1_341' title='bbox 680 5611 778 5666; x_wconf 87' lang='lat' dir='ltr'><strong>Dei</strong></span> <span class='ocrx_word' id='word_1_342' title='bbox 804 5615 873 5667; x_wconf 77' lang='lat' dir='ltr'><strong>sit</strong></span> <span class='ocrx_word' id='word_1_343' title='bbox 903 5611 1173 5671; x_wconf 65' lang='lat' dir='ltr'><strong>(sternam.</strong></span> 
     </span>
    </p>
   </div>
   <div class='ocr_carea' id='block_1_58' title="bbox 533 5702 2031 5792">
    <p class='ocr_par' dir='ltr' id='par_1_58' title="bbox 533 5702 2031 5792">
     <span class='ocr_line' id='line_1_58' title="bbox 533 5702 2031 5792; baseline 0.014 -35"><span class='ocrx_word' id='word_1_344' title='bbox 533 5702 782 5775; x_wconf 81' lang='lat' dir='ltr'><strong>Imperite</strong></span> <span class='ocrx_word' id='word_1_345' title='bbox 822 5707 1007 5763; x_wconf 85' lang='lat' dir='ltr'><strong>dicunt</strong></span> <span class='ocrx_word' id='word_1_346' title='bbox 1044 5711 1226 5768; x_wconf 82' lang='lat' dir='ltr'><strong>hostes</strong></span> <span class='ocrx_word' id='word_1_347' title='bbox 1277 5712 1369 5771; x_wconf 85' lang='lat' dir='ltr'><strong>Dei</strong></span> <span class='ocrx_word' id='word_1_348' title='bbox 1410 5718 1494 5789; x_wconf 87' lang='lat' dir='ltr'><strong>_de</strong></span> <span class='ocrx_word' id='word_1_349' title='bbox 1518 5716 1700 5792; x_wconf 76' lang='lat' dir='ltr'><strong>_Filiu,</strong></span> <span class='ocrx_word' id='word_1_350' title='bbox 1740 5721 1882 5791; x_wconf 88' lang='lat' dir='ltr'><strong>quod</strong></span> <span class='ocrx_word' id='word_1_351' title='bbox 1914 5733 2031 5779; x_wconf 84' lang='lat' dir='ltr'><strong>erat</strong></span> 
     </span>
    </p>
   </div>
   <div class='ocr_carea' id='block_1_59' title="bbox 2195 502 3061 577">
    <p class='ocr_par' dir='ltr' id='par_1_59' title="bbox 2195 502 3061 577">
     <span class='ocr_line' id='line_1_59' title="bbox 2195 502 3061 577; baseline 0.008 -22"><span class='ocrx_word' id='word_1_352' title='bbox 2195 502 2305 573; x_wconf 79' lang='grc' dir='ltr'>ἄρα</span> <span class='ocrx_word' id='word_1_353' title='bbox 2335 502 2487 558; x_wconf 68' lang='grc' dir='ltr'>ἔσται</span> <span class='ocrx_word' id='word_1_354' title='bbox 2510 506 2666 558; x_wconf 86' lang='grc' dir='ltr'>οὐσία</span> <span class='ocrx_word' id='word_1_355' title='bbox 2689 505 2752 559; x_wconf 82' lang='grc' dir='ltr'>τὸ</span> <span class='ocrx_word' id='word_1_356' title='bbox 2775 506 3061 577; x_wconf 84' lang='grc' dir='ltr'>ἀγένητον.</span> 
     </span>
    </p>
   </div>
   <div class='ocr_carea' id='block_1_60' title="bbox 2884 620 3103 676">
    <p class='ocr_par' dir='ltr' id='par_1_60' title="bbox 2884 620 3103 676">
     <span class='ocr_line' id='line_1_60' title="bbox 2884 620 3103 676; baseline 0.005 0"><span class='ocrx_word' id='word_1_357' title='bbox 2884 620 3103 676; x_wconf 76' lang='grc' dir='ltr'><strong>ΑΛΛΟ.’</strong></span> 
     </span>
    </p>
   </div>
   <div class='ocr_carea' id='block_1_61' title="bbox 2266 726 3784 817">
    <p class='ocr_par' dir='ltr' id='par_1_61' title="bbox 2266 726 3784 817">
     <span class='ocr_line' id='line_1_61' title="bbox 2266 726 3784 817; baseline 0.016 -39"><span class='ocrx_word' id='word_1_358' title='bbox 2266 726 2328 779; x_wconf 78' lang='lat' dir='ltr'><strong>Ei</strong></span> <span class='ocrx_word' id='word_1_359' title='bbox 2352 728 2541 784; x_wconf 83' lang='grc' dir='ltr'>οὐσίαν</span> <span class='ocrx_word' id='word_1_360' title='bbox 2593 729 2845 801; x_wconf 83' lang='grc' dir='ltr'>λέγοντες</span> <span class='ocrx_word' id='word_1_361' title='bbox 2884 736 2978 789; x_wconf 74' lang='grc' dir='ltr'><strong>ἐπὶ</strong></span> <span class='ocrx_word' id='word_1_362' title='bbox 3003 734 3161 804; x_wconf 85' lang='grc' dir='ltr'><strong>Θεοῦ,</strong></span> <span class='ocrx_word' id='word_1_363' title='bbox 3216 742 3283 811; x_wconf 81' lang='grc' dir='ltr'>τῇ</span> <span class='ocrx_word' id='word_1_364' title='bbox 3310 741 3420 795; x_wconf 85' lang='grc' dir='ltr'><strong>τῶν</strong></span> <span class='ocrx_word' id='word_1_365' title='bbox 3466 745 3784 817; x_wconf 82' lang='grc' dir='ltr'>φιλοσόφων</span> 
     </span>
    </p>
   </div>
   <div class='ocr_carea' id='block_1_62' title="bbox 2192 816 3778 908">
    <p class='ocr_par' dir='ltr' id='par_1_62' title="bbox 2192 816 3778 908">
     <span class='ocr_line' id='line_1_62' title="bbox 2192 816 3778 908; baseline 0.016 -40"><span class='ocrx_word' id='word_1_366' title='bbox 2192 816 2415 872; x_wconf 72' lang='grc' dir='ltr'>ἕπονται</span> <span class='ocrx_word' id='word_1_367' title='bbox 2462 820 2610 895; x_wconf 79' lang='grc' dir='ltr'>δόξῃ,</span> <span class='ocrx_word' id='word_1_368' title='bbox 2646 822 2773 877; x_wconf 83' lang='grc' dir='ltr'>ῐδιον</span> <span class='ocrx_word' id='word_1_369' title='bbox 2810 825 2964 880; x_wconf 77' lang='grc' dir='ltr'>ἔσται</span> <span class='ocrx_word' id='word_1_370' title='bbox 3007 828 3163 894; x_wconf 84' lang='grc' dir='ltr'><strong>Θεοῦ,</strong></span> <span class='ocrx_word' id='word_1_371' title='bbox 3201 834 3460 888; x_wconf 82' lang='grc' dir='ltr'>τάναντία</span> <span class='ocrx_word' id='word_1_372' title='bbox 3498 816 3778 908; x_wconf 74' lang='grc' dir='ltr'>δέχεσθαι.</span> 
     </span>
    </p>
   </div>
   <div class='ocr_carea' id='block_1_63' title="bbox 2191 907 3781 1003">
    <p class='ocr_par' dir='ltr' id='par_1_63' title="bbox 2191 907 3781 1003">
     <span class='ocr_line' id='line_1_63' title="bbox 2191 907 3781 1003; baseline 0.016 -44"><span class='ocrx_word' id='word_1_373' title='bbox 2191 909 2255 996; x_wconf 70' lang='grc' dir='ltr'><strong>Εἰ</strong></span> <span class='ocrx_word' id='word_1_374' title='bbox 2304 910 2361 963; x_wconf 83' lang='grc' dir='ltr'><strong>δὲ</strong></span> <span class='ocrx_word' id='word_1_375' title='bbox 2389 907 2527 997; x_wconf 81' lang='grc' dir='ltr'>εἶναι</span> <span class='ocrx_word' id='word_1_376' title='bbox 2574 914 2666 967; x_wconf 81' lang='grc' dir='ltr'>τὸν</span> <span class='ocrx_word' id='word_1_377' title='bbox 2709 916 2846 973; x_wconf 84' lang='grc' dir='ltr'><strong>Θεὸν</strong></span> <span class='ocrx_word' id='word_1_378' title='bbox 2886 923 3129 991; x_wconf 82' lang='grc' dir='ltr'><strong>σημᾶναι</strong></span> <span class='ocrx_word' id='word_1_379' title='bbox 3176 922 3510 996; x_wconf 85' lang='grc' dir='ltr'>βουλόμενοι,</span> <span class='ocrx_word' id='word_1_380' title='bbox 3548 907 3625 1000; x_wconf 79' lang='grc' dir='ltr'><strong>τῷ</strong></span> <span class='ocrx_word' id='word_1_381' title='bbox 3674 934 3781 1003; x_wconf 81' lang='grc' dir='ltr'>τῆς</span> 
     </span>
    </p>
   </div>
   <div class='ocr_carea' id='block_1_64' title="bbox 2190 991 3780 1088">
    <p class='ocr_par' dir='ltr' id='par_1_64' title="bbox 2190 991 3780 1088">
     <span class='ocr_line' id='line_1_64' title="bbox 2190 991 3780 1088; baseline 0.016 -37"><span class='ocrx_word' id='word_1_382' title='bbox 2190 991 2401 1067; x_wconf 83' lang='grc' dir='ltr'>οὐσίας,</span> <span class='ocrx_word' id='word_1_383' title='bbox 2436 996 2579 1058; x_wconf 85' lang='grc' dir='ltr'>καθὰ</span> <span class='ocrx_word' id='word_1_384' title='bbox 2623 1008 2717 1060; x_wconf 80' lang='grc' dir='ltr'>καὶ</span> <span class='ocrx_word' id='word_1_385' title='bbox 2749 1010 2930 1081; x_wconf 82' lang='grc' dir='ltr'>ἡμεῖς,</span> <span class='ocrx_word' id='word_1_386' title='bbox 2975 991 3212 1085; x_wconf 82' lang='grc' dir='ltr'>χρῶνται</span> <span class='ocrx_word' id='word_1_387' title='bbox 3265 991 3524 1088; x_wconf 65' lang='grc' dir='ltr'>ὀνοματι·</span> <span class='ocrx_word' id='word_1_388' title='bbox 3555 991 3671 1075; x_wconf 77' lang='grc' dir='ltr'>ἔστι</span> 
     </span>
    </p>
   </div>
   <div class='ocr_carea' id='block_1_65' title="bbox 2188 1097 3778 1185">
    <p class='ocr_par' dir='ltr' id='par_1_65' title="bbox 2188 1097 3778 1185">
     <span class='ocr_line' id='line_1_65' title="bbox 2188 1097 3778 1185; baseline 0.015 -37"><span class='ocrx_word' id='word_1_389' title='bbox 2188 1099 2388 1151; x_wconf 85' lang='grc' dir='ltr'>ταυτὸν</span> <span class='ocrx_word' id='word_1_390' title='bbox 2419 1103 2485 1171; x_wconf 84' lang='grc' dir='ltr'>τῇ</span> <span class='ocrx_word' id='word_1_391' title='bbox 2521 1101 2678 1174; x_wconf 79' lang='grc' dir='ltr'>οὐσίᾳ</span> <span class='ocrx_word' id='word_1_392' title='bbox 2705 1104 2769 1158; x_wconf 78' lang='grc' dir='ltr'>τὸ</span> <span class='ocrx_word' id='word_1_393' title='bbox 2813 1097 3110 1179; x_wconf 71' lang='grc' dir='ltr'>ἀγένητονο</span> <span class='ocrx_word' id='word_1_394' title='bbox 3136 1110 3309 1182; x_wconf 75' lang='grc' dir='ltr'>ὄνομα</span> <span class='ocrx_word' id='word_1_395' title='bbox 3352 1112 3508 1167; x_wconf 77' lang='grc' dir='ltr'>ἔσται</span> <span class='ocrx_word' id='word_1_396' title='bbox 3533 1114 3595 1168; x_wconf 80' lang='grc' dir='ltr'>τὸ</span> <span class='ocrx_word' id='word_1_397' title='bbox 3637 1116 3778 1185; x_wconf 77' lang='grc' dir='ltr'><strong>ἀγέ-</strong></span> 
     </span>
    </p>
   </div>
   <div class='ocr_carea' id='block_1_66' title="bbox 2188 1188 3783 1271">
    <p class='ocr_par' dir='ltr' id='par_1_66' title="bbox 2188 1188 3783 1271">
     <span class='ocr_line' id='line_1_66' title="bbox 2188 1188 3783 1271; baseline 0.013 -32"><span class='ocrx_word' id='word_1_398' title='bbox 2188 1204 2351 1256; x_wconf 87' lang='grc' dir='ltr'>νητον</span> <span class='ocrx_word' id='word_1_399' title='bbox 2377 1189 2472 1243; x_wconf 87' lang='grc' dir='ltr'><strong>τοῦ</strong></span> <span class='ocrx_word' id='word_1_400' title='bbox 2512 1188 2651 1247; x_wconf 75' lang='grc' dir='ltr'>εἶναι</span> <span class='ocrx_word' id='word_1_401' title='bbox 2691 1193 2784 1249; x_wconf 86' lang='grc' dir='ltr'>τὸν</span> <span class='ocrx_word' id='word_1_402' title='bbox 2814 1195 2948 1252; x_wconf 85' lang='grc' dir='ltr'><strong>Θεὸν</strong></span> <span class='ocrx_word' id='word_1_403' title='bbox 2982 1201 3335 1271; x_wconf 84' lang='grc' dir='ltr'>σημαντικὸν,</span> <span class='ocrx_word' id='word_1_404' title='bbox 3366 1202 3483 1257; x_wconf 85' lang='grc' dir='ltr'>ἀλλ’</span> <span class='ocrx_word' id='word_1_405' title='bbox 3503 1205 3603 1259; x_wconf 86' lang='grc' dir='ltr'>οὐκ</span> <span class='ocrx_word' id='word_1_406' title='bbox 3639 1206 3783 1261; x_wconf 79' lang='grc' dir='ltr'>αὐτὸ</span> 
     </span>
    </p>
   </div>
   <div class='ocr_carea' id='block_1_67' title="bbox 2189 1280 2368 1335">
    <p class='ocr_par' dir='ltr' id='par_1_67' title="bbox 2189 1280 2368 1335">
     <span class='ocr_line' id='line_1_67' title="bbox 2189 1280 2368 1335; baseline 0.022 -4"><span class='ocrx_word' id='word_1_407' title='bbox 2189 1280 2368 1335; x_wconf 77' lang='grc' dir='ltr'>οὐσία.</span> 
     </span>
    </p>
   </div>
   <div class='ocr_carea' id='block_1_68' title="bbox 2878 1407 3082 1464">
    <p class='ocr_par' dir='ltr' id='par_1_68' title="bbox 2878 1407 3082 1464">
     <span class='ocr_line' id='line_1_68' title="bbox 2878 1407 3082 1464; baseline 0.015 -3"><span class='ocrx_word' id='word_1_408' title='bbox 2878 1407 3082 1464; x_wconf 79' lang='grc' dir='ltr'><strong>ΑΛΛΟ.</strong></span> 
     </span>
    </p>
   </div>
   <div class='ocr_carea' id='block_1_69' title="bbox 2257 1517 3780 1596">
    <p class='ocr_par' dir='ltr' id='par_1_69' title="bbox 2257 1517 3780 1596">
     <span class='ocr_line' id='line_1_69' title="bbox 2257 1517 3780 1596; baseline 0.006 -24"><span class='ocrx_word' id='word_1_409' title='bbox 2257 1518 2322 1572; x_wconf 78' lang='lat' dir='ltr'><strong>Ei</strong></span> <span class='ocrx_word' id='word_1_410' title='bbox 2344 1520 2451 1573; x_wconf 83' lang='grc' dir='ltr'><strong>πᾶν</strong></span> <span class='ocrx_word' id='word_1_411' title='bbox 2491 1519 2551 1571; x_wconf 86' lang='grc' dir='ltr'>τὸ</span> <span class='ocrx_word' id='word_1_412' title='bbox 2585 1518 2689 1571; x_wconf 82' lang='grc' dir='ltr'><strong>ὑπὸ</strong></span> <span class='ocrx_word' id='word_1_413' title='bbox 2713 1519 2869 1586; x_wconf 77' lang='grc' dir='ltr'>γένος</span> <span class='ocrx_word' id='word_1_414' title='bbox 2910 1520 3006 1574; x_wconf 74' lang='grc' dir='ltr'>καὶ</span> <span class='ocrx_word' id='word_1_415' title='bbox 3046 1517 3187 1586; x_wconf 79' lang='grc' dir='ltr'>εἶδος</span> <span class='ocrx_word' id='word_1_416' title='bbox 3218 1525 3390 1596; x_wconf 80' lang='grc' dir='ltr'>χωρὶς</span> <span class='ocrx_word' id='word_1_417' title='bbox 3418 1525 3527 1579; x_wconf 85' lang='grc' dir='ltr'><strong>τῶν</strong></span> <span class='ocrx_word' id='word_1_418' title='bbox 3564 1526 3780 1596; x_wconf 86' lang='grc' dir='ltr'>συμϐε-</span> 
     </span>
    </p>
   </div>
   <div class='ocr_carea' id='block_1_70' title="bbox 2186 1608 3776 1683">
    <p class='ocr_par' dir='ltr' id='par_1_70' title="bbox 2186 1608 3776 1683">
     <span class='ocr_line' id='line_1_70' title="bbox 2186 1608 3776 1683; baseline 0.006 -23"><span class='ocrx_word' id='word_1_419' title='bbox 2186 1608 2453 1678; x_wconf 84' lang='grc' dir='ltr'>ϐηκότων,</span> <span class='ocrx_word' id='word_1_420' title='bbox 2500 1608 2660 1662; x_wconf 85' lang='grc' dir='ltr'>τοῦτο</span> <span class='ocrx_word' id='word_1_421' title='bbox 2701 1609 2859 1663; x_wconf 82' lang='grc' dir='ltr'>οὐσία</span> <span class='ocrx_word' id='word_1_422' title='bbox 2906 1611 3130 1683; x_wconf 82' lang='grc' dir='ltr'><strong>κυρίως,</strong></span> <span class='ocrx_word' id='word_1_423' title='bbox 3162 1614 3253 1667; x_wconf 85' lang='grc' dir='ltr'><strong>ὑπ’</strong></span> <span class='ocrx_word' id='word_1_424' title='bbox 3285 1615 3438 1669; x_wconf 81' lang='grc' dir='ltr'>οὐδὲν</span> <span class='ocrx_word' id='word_1_425' title='bbox 3476 1617 3534 1670; x_wconf 79' lang='grc' dir='ltr'><strong>δὲ</strong></span> <span class='ocrx_word' id='word_1_426' title='bbox 3562 1616 3776 1671; x_wconf 82' lang='grc' dir='ltr'>τούτων</span> 
     </span>
    </p>
   </div>
   <div class='ocr_carea' id='block_1_71' title="bbox 2187 1696 3774 1775">
    <p class='ocr_par' dir='ltr' id='par_1_71' title="bbox 2187 1696 3774 1775">
     <span class='ocr_line' id='line_1_71' title="bbox 2187 1696 3774 1775; baseline 0.006 -23"><span class='ocrx_word' id='word_1_427' title='bbox 2187 1700 2305 1752; x_wconf 77' lang='grc' dir='ltr'>ἐστὶ</span> <span class='ocrx_word' id='word_1_428' title='bbox 2332 1700 2485 1765; x_wconf 80' lang='grc' dir='ltr'>Θεὸς,</span> <span class='ocrx_word' id='word_1_429' title='bbox 2531 1701 2632 1755; x_wconf 80' lang='grc' dir='ltr'>οὐκ</span> <span class='ocrx_word' id='word_1_430' title='bbox 2661 1702 2768 1774; x_wconf 84' lang='grc' dir='ltr'>ἄρα</span> <span class='ocrx_word' id='word_1_431' title='bbox 2812 1696 2972 1757; x_wconf 84' lang='grc' dir='ltr'>οὐσία</span> <span class='ocrx_word' id='word_1_432' title='bbox 3016 1704 3220 1775; x_wconf 82' lang='grc' dir='ltr'><strong>κυρίως</strong></span> <span class='ocrx_word' id='word_1_433' title='bbox 3268 1705 3485 1775; x_wconf 83' lang='grc' dir='ltr'>λέγεται</span> <span class='ocrx_word' id='word_1_434' title='bbox 3513 1708 3668 1772; x_wconf 83' lang='grc' dir='ltr'>Θεός.</span> <span class='ocrx_word' id='word_1_435' title='bbox 3699 1709 3774 1762; x_wconf 77' lang='lat' dir='ltr'><strong>Ei</strong></span> 
     </span>
    </p>
   </div>
   <div class='ocr_carea' id='block_1_72' title="bbox 2182 1790 3778 1871">
    <p class='ocr_par' dir='ltr' id='par_1_72' title="bbox 2182 1790 3778 1871">
     <span class='ocr_line' id='line_1_72' title="bbox 2182 1790 3778 1871; baseline 0.007 -29"><span class='ocrx_word' id='word_1_436' title='bbox 2182 1790 2238 1843; x_wconf 85' lang='grc' dir='ltr'><strong>δὲ</strong></span> <span class='ocrx_word' id='word_1_437' title='bbox 2263 1790 2323 1843; x_wconf 86' lang='grc' dir='ltr'><strong>τὺ</strong></span> <span class='ocrx_word' id='word_1_438' title='bbox 2346 1792 2611 1863; x_wconf 81' lang='grc' dir='ltr'>ἀγένητον</span> <span class='ocrx_word' id='word_1_439' title='bbox 2639 1794 2843 1864; x_wconf 85' lang='grc' dir='ltr'><strong>κυρίως</strong></span> <span class='ocrx_word' id='word_1_440' title='bbox 2877 1792 3097 1863; x_wconf 83' lang='grc' dir='ltr'>λέγεται</span> <span class='ocrx_word' id='word_1_441' title='bbox 3127 1797 3212 1849; x_wconf 76' lang='grc' dir='ltr'><strong>ἐπ’</strong></span> <span class='ocrx_word' id='word_1_442' title='bbox 3241 1792 3407 1850; x_wconf 75' lang='grc' dir='ltr'>αὑτοῦ</span> <span class='ocrx_word' id='word_1_443' title='bbox 3437 1798 3518 1869; x_wconf 81' lang='grc' dir='ltr'><strong>(οὐ</strong></span> <span class='ocrx_word' id='word_1_444' title='bbox 3549 1800 3656 1871; x_wconf 83' lang='grc' dir='ltr'><strong>γὰρ</strong></span> <span class='ocrx_word' id='word_1_445' title='bbox 3678 1800 3778 1868; x_wconf 79' lang='grc' dir='ltr'><strong>γέ-</strong></span> 
     </span>
    </p>
   </div>
   <div class='ocr_carea' id='block_1_73' title="bbox 2181 1883 3775 1963">
    <p class='ocr_par' dir='ltr' id='par_1_73' title="bbox 2181 1883 3775 1963">
     <span class='ocr_line' id='line_1_73' title="bbox 2181 1883 3775 1963; baseline 0.005 -28"><span class='ocrx_word' id='word_1_446' title='bbox 2181 1883 2382 1955; x_wconf 87' lang='grc' dir='ltr'>γονεν),</span> <span class='ocrx_word' id='word_1_447' title='bbox 2428 1884 2610 1939; x_wconf 81' lang='grc' dir='ltr'>οὐκέτι</span> <span class='ocrx_word' id='word_1_448' title='bbox 2650 1886 2707 1940; x_wconf 87' lang='grc' dir='ltr'><strong>δὲ</strong></span> <span class='ocrx_word' id='word_1_449' title='bbox 2744 1887 2838 1941; x_wconf 83' lang='grc' dir='ltr'>καὶ</span> <span class='ocrx_word' id='word_1_450' title='bbox 2872 1888 2905 1957; x_wconf 81' lang='grc' dir='ltr'>ὴ</span> <span class='ocrx_word' id='word_1_451' title='bbox 2946 1888 3126 1956; x_wconf 85' lang='grc' dir='ltr'>οὐσία,</span> <span class='ocrx_word' id='word_1_452' title='bbox 3166 1889 3286 1954; x_wconf 84' lang='grc' dir='ltr'><strong>πῶς</strong></span> <span class='ocrx_word' id='word_1_453' title='bbox 3325 1890 3520 1946; x_wconf 82' lang='grc' dir='ltr'>ταυτὸν</span> <span class='ocrx_word' id='word_1_454' title='bbox 3561 1891 3626 1946; x_wconf 85' lang='grc' dir='ltr'>ἂν</span> <span class='ocrx_word' id='word_1_455' title='bbox 3673 1891 3775 1963; x_wconf 72' lang='grc' dir='ltr'>εἴη</span> 
     </span>
    </p>
   </div>
   <div class='ocr_carea' id='block_1_74' title="bbox 2181 1976 3059 2052">
    <p class='ocr_par' dir='ltr' id='par_1_74' title="bbox 2181 1976 3059 2052">
     <span class='ocr_line' id='line_1_74' title="bbox 2181 1976 3059 2052; baseline 0.008 -23"><span class='ocrx_word' id='word_1_456' title='bbox 2181 1976 2260 2048; x_wconf 81' lang='grc' dir='ltr'>τῷ</span> <span class='ocrx_word' id='word_1_457' title='bbox 2286 1978 2711 2049; x_wconf 86' lang='grc' dir='ltr'>καταχρηστικῷ</span> <span class='ocrx_word' id='word_1_458' title='bbox 2738 1979 2800 2034; x_wconf 82' lang='grc' dir='ltr'>τὸ</span> <span class='ocrx_word' id='word_1_459' title='bbox 2832 1980 3021 2052; x_wconf 86' lang='grc' dir='ltr'>κύριον</span> <span class='ocrx_word' id='word_1_460' title='bbox 3043 2000 3059 2049; x_wconf 88' lang='lat'><strong>;</strong></span> 
     </span>
    </p>
   </div>
   <div class='ocr_carea' id='block_1_75' title="bbox 2871 2179 3074 2236">
    <p class='ocr_par' dir='ltr' id='par_1_75' title="bbox 2871 2179 3074 2236">
     <span class='ocr_line' id='line_1_75' title="bbox 2871 2179 3074 2236; baseline 0.025 -5"><span class='ocrx_word' id='word_1_461' title='bbox 2871 2179 3074 2236; x_wconf 81' lang='grc' dir='ltr'><strong>ᾹΛΛΟ.</strong></span> 
     </span>
    </p>
   </div>
   <div class='ocr_carea' id='block_1_76' title="bbox 2249 2285 3779 2364">
    <p class='ocr_par' dir='ltr' id='par_1_76' title="bbox 2249 2285 3779 2364">
     <span class='ocr_line' id='line_1_76' title="bbox 2249 2285 3779 2364; baseline 0.01 -27"><span class='ocrx_word' id='word_1_462' title='bbox 2249 2285 2317 2338; x_wconf 80' lang='lat' dir='ltr'><strong>Ei</strong></span> <span class='ocrx_word' id='word_1_463' title='bbox 2345 2286 2406 2339; x_wconf 84' lang='grc' dir='ltr'>τὸ</span> <span class='ocrx_word' id='word_1_464' title='bbox 2437 2289 2773 2358; x_wconf 87' lang='grc' dir='ltr'>κυριώτατον</span> <span class='ocrx_word' id='word_1_465' title='bbox 2816 2293 2910 2345; x_wconf 75' lang='grc' dir='ltr'>καὶ</span> <span class='ocrx_word' id='word_1_466' title='bbox 2948 2293 3162 2364; x_wconf 82' lang='grc' dir='ltr'>πρῶτον</span> <span class='ocrx_word' id='word_1_467' title='bbox 3187 2294 3346 2348; x_wconf 83' lang='grc' dir='ltr'>οὐσία</span> <span class='ocrx_word' id='word_1_468' title='bbox 3372 2294 3638 2361; x_wconf 81' lang='grc' dir='ltr'>λέλεκται,</span> <span class='ocrx_word' id='word_1_469' title='bbox 3674 2297 3779 2352; x_wconf 82' lang='grc' dir='ltr'><strong>διὰ</strong></span> 
     </span>
    </p>
   </div>
   <div class='ocr_carea' id='block_1_77' title="bbox 2180 2376 3777 2453">
    <p class='ocr_par' dir='ltr' id='par_1_77' title="bbox 2180 2376 3777 2453">
     <span class='ocr_line' id='line_1_77' title="bbox 2180 2376 3777 2453; baseline 0.008 -24"><span class='ocrx_word' id='word_1_470' title='bbox 2180 2378 2241 2430; x_wconf 78' lang='grc' dir='ltr'>τὸ</span> <span class='ocrx_word' id='word_1_471' title='bbox 2285 2379 2418 2431; x_wconf 79' lang='grc' dir='ltr'>πᾶσι</span> <span class='ocrx_word' id='word_1_472' title='bbox 2461 2383 2574 2443; x_wconf 88' lang='grc' dir='ltr'>τοῖς</span> <span class='ocrx_word' id='word_1_473' title='bbox 2620 2376 3043 2453; x_wconf 63' lang='grc' dir='ltr'>συμϐεϐηκόσιν</span> <span class='ocrx_word' id='word_1_474' title='bbox 3074 2386 3206 2439; x_wconf 74' lang='grc' dir='ltr'>αὐτὸ</span> <span class='ocrx_word' id='word_1_475' title='bbox 3254 2386 3612 2441; x_wconf 84' lang='grc' dir='ltr'>ὑποκεῖσθαι·</span> <span class='ocrx_word' id='word_1_476' title='bbox 3660 2390 3777 2442; x_wconf 80' lang='grc' dir='ltr'>οὐκ</span> 
     </span>
    </p>
   </div>
   <div class='ocr_carea' id='block_1_78' title="bbox 2179 2468 3777 2544">
    <p class='ocr_par' dir='ltr' id='par_1_78' title="bbox 2179 2468 3777 2544">
     <span class='ocr_line' id='line_1_78' title="bbox 2179 2468 3777 2544; baseline 0.009 -23"><span class='ocrx_word' id='word_1_477' title='bbox 2179 2469 2297 2521; x_wconf 77' lang='grc' dir='ltr'>ἔστι</span> <span class='ocrx_word' id='word_1_478' title='bbox 2347 2470 2403 2523; x_wconf 87' lang='grc' dir='ltr'><strong>δὲ</strong></span> <span class='ocrx_word' id='word_1_479' title='bbox 2463 2473 2832 2544; x_wconf 85' lang='grc' dir='ltr'>συμϐεϐηκὸς,</span> <span class='ocrx_word' id='word_1_480' title='bbox 2876 2468 2919 2543; x_wconf 83' lang='grc' dir='ltr'><strong>ᾧ</strong></span> <span class='ocrx_word' id='word_1_481' title='bbox 2979 2475 3372 2532; x_wconf 83' lang='grc' dir='ltr'>καθυπὸκειται</span> <span class='ocrx_word' id='word_1_482' title='bbox 3420 2479 3582 2543; x_wconf 79' lang='grc' dir='ltr'>Θεόςο</span> <span class='ocrx_word' id='word_1_483' title='bbox 3638 2482 3777 2535; x_wconf 76' lang='grc' dir='ltr'>οὐδὲ</span> 
     </span>
    </p>
   </div>
   <div class='ocr_carea' id='block_1_79' title="bbox 2180 2562 3776 2646">
    <p class='ocr_par' dir='ltr' id='par_1_79' title="bbox 2180 2562 3776 2646">
     <span class='ocr_line' id='line_1_79' title="bbox 2180 2562 3776 2646; baseline 0.009 -33"><span class='ocrx_word' id='word_1_484' title='bbox 2180 2562 2337 2614; x_wconf 80' lang='grc' dir='ltr'>οὐσία</span> <span class='ocrx_word' id='word_1_485' title='bbox 2364 2564 2470 2634; x_wconf 79' lang='grc' dir='ltr'>ἄρα</span> <span class='ocrx_word' id='word_1_486' title='bbox 2494 2565 2697 2636; x_wconf 85' lang='grc' dir='ltr'>κυρίως</span> <span class='ocrx_word' id='word_1_487' title='bbox 2715 2566 2929 2634; x_wconf 82' lang='grc' dir='ltr'>λέγεται</span> <span class='ocrx_word' id='word_1_488' title='bbox 2955 2570 3045 2621; x_wconf 77' lang='grc' dir='ltr'><strong>ἐπὶ</strong></span> <span class='ocrx_word' id='word_1_489' title='bbox 3076 2570 3234 2626; x_wconf 90' lang='grc' dir='ltr'>Θεοῦ.</span> <span class='ocrx_word' id='word_1_490' title='bbox 3267 2573 3422 2626; x_wconf 89' lang='grc' dir='ltr'>Ἔστι</span> <span class='ocrx_word' id='word_1_491' title='bbox 3452 2573 3561 2645; x_wconf 83' lang='grc' dir='ltr'><strong>γὰρ</strong></span> <span class='ocrx_word' id='word_1_492' title='bbox 3587 2575 3776 2646; x_wconf 84' lang='grc' dir='ltr'>ὑπερ-</span> 
     </span>
    </p>
   </div>
   <div class='ocr_carea' id='block_1_80' title="bbox 2179 2653 3775 2733">
    <p class='ocr_par' dir='ltr' id='par_1_80' title="bbox 2179 2653 3775 2733">
     <span class='ocr_line' id='line_1_80' title="bbox 2179 2653 3775 2733; baseline 0.009 -28"><span class='ocrx_word' id='word_1_493' title='bbox 2179 2653 2380 2717; x_wconf 81' lang='grc' dir='ltr'>ούσιος.</span> <span class='ocrx_word' id='word_1_494' title='bbox 2430 2653 2493 2708; x_wconf 79' lang='lat' dir='ltr'><strong>Ei</strong></span> <span class='ocrx_word' id='word_1_495' title='bbox 2527 2656 2582 2709; x_wconf 83' lang='grc' dir='ltr'><strong>δὲ</strong></span> <span class='ocrx_word' id='word_1_496' title='bbox 2626 2657 2687 2710; x_wconf 85' lang='grc' dir='ltr'>τὸ</span> <span class='ocrx_word' id='word_1_497' title='bbox 2735 2659 2998 2729; x_wconf 87' lang='grc' dir='ltr'>ἀγένητον</span> <span class='ocrx_word' id='word_1_498' title='bbox 3037 2662 3239 2733; x_wconf 86' lang='grc' dir='ltr'>κυρίως</span> <span class='ocrx_word' id='word_1_499' title='bbox 3279 2663 3492 2732; x_wconf 82' lang='grc' dir='ltr'>λέγεται</span> <span class='ocrx_word' id='word_1_500' title='bbox 3540 2665 3626 2718; x_wconf 74' lang='grc' dir='ltr'><strong>ἐπ’</strong></span> <span class='ocrx_word' id='word_1_501' title='bbox 3659 2667 3775 2719; x_wconf 81' lang='grc' dir='ltr'><strong>αὺ-</strong></span> 
     </span>
    </p>
   </div>
   <div class='ocr_carea' id='block_1_81' title="bbox 2178 2744 3775 2829">
    <p class='ocr_par' dir='ltr' id='par_1_81' title="bbox 2178 2744 3775 2829">
     <span class='ocr_line' id='line_1_81' title="bbox 2178 2744 3775 2829; baseline 0.009 -33"><span class='ocrx_word' id='word_1_502' title='bbox 2178 2744 2273 2797; x_wconf 85' lang='grc' dir='ltr'><strong>τοῦ</strong></span> <span class='ocrx_word' id='word_1_503' title='bbox 2305 2746 2443 2814; x_wconf 79' lang='grc' dir='ltr'>(ἔστι</span> <span class='ocrx_word' id='word_1_504' title='bbox 2471 2747 2581 2818; x_wconf 84' lang='grc' dir='ltr'><strong>γὰρ</strong></span> <span class='ocrx_word' id='word_1_505' title='bbox 2616 2748 2688 2820; x_wconf 77' lang='grc' dir='ltr'>μὴ</span> <span class='ocrx_word' id='word_1_506' title='bbox 2710 2751 3046 2821; x_wconf 86' lang='grc' dir='ltr'>γενόμενος),</span> <span class='ocrx_word' id='word_1_507' title='bbox 3074 2754 3257 2807; x_wconf 76' lang='grc' dir='ltr'>οὐκέτι</span> <span class='ocrx_word' id='word_1_508' title='bbox 3289 2754 3345 2808; x_wconf 75' lang='grc' dir='ltr'><strong>δὲ</strong></span> <span class='ocrx_word' id='word_1_509' title='bbox 3385 2758 3478 2810; x_wconf 75' lang='grc' dir='ltr'>καὶ</span> <span class='ocrx_word' id='word_1_510' title='bbox 3510 2759 3727 2829; x_wconf 76' lang='grc' dir='ltr'>ἡούσία</span> <span class='ocrx_word' id='word_1_511' title='bbox 3756 2774 3775 2788; x_wconf 86' lang='grc'><strong>·</strong></span> 
     </span>
    </p>
   </div>
   <div class='ocr_carea' id='block_1_82' title="bbox 2178 2837 3070 2913">
    <p class='ocr_par' dir='ltr' id='par_1_82' title="bbox 2178 2837 3070 2913">
     <span class='ocr_line' id='line_1_82' title="bbox 2178 2837 3070 2913; baseline 0.009 -24"><span class='ocrx_word' id='word_1_512' title='bbox 2178 2837 2239 2889; x_wconf 81' lang='grc' dir='ltr'>οὺ</span> <span class='ocrx_word' id='word_1_513' title='bbox 2264 2838 2461 2891; x_wconf 84' lang='grc' dir='ltr'>ταυτὸν</span> <span class='ocrx_word' id='word_1_514' title='bbox 2489 2839 2647 2892; x_wconf 85' lang='grc' dir='ltr'>οὐσία</span> <span class='ocrx_word' id='word_1_515' title='bbox 2674 2841 2767 2893; x_wconf 63' lang='grc' dir='ltr'><strong>καὶ⁵</strong></span> <span class='ocrx_word' id='word_1_516' title='bbox 2786 2841 3070 2913; x_wconf 80' lang='grc' dir='ltr'>ἀγένητον.</span> 
     </span>
    </p>
   </div>
   <div class='ocr_carea' id='block_1_83' title="bbox 2865 3043 3069 3097">
    <p class='ocr_par' dir='ltr' id='par_1_83' title="bbox 2865 3043 3069 3097">
     <span class='ocr_line' id='line_1_83' title="bbox 2865 3043 3069 3097; baseline 0.02 -4"><span class='ocrx_word' id='word_1_517' title='bbox 2865 3043 3069 3097; x_wconf 81' lang='grc' dir='ltr'><strong>ΑΛΔΟ.</strong></span> 
     </span>
    </p>
   </div>
   <div class='ocr_carea' id='block_1_84' title="bbox 2247 3153 3770 3229">
    <p class='ocr_par' dir='ltr' id='par_1_84' title="bbox 2247 3153 3770 3229">
     <span class='ocr_line' id='line_1_84' title="bbox 2247 3153 3770 3229; baseline 0.01 -24"><span class='ocrx_word' id='word_1_518' title='bbox 2247 3153 2309 3204; x_wconf 89' lang='grc' dir='ltr'><strong>Εἰ</strong></span> <span class='ocrx_word' id='word_1_519' title='bbox 2342 3153 2402 3206; x_wconf 87' lang='grc' dir='ltr'>τὸ</span> <span class='ocrx_word' id='word_1_520' title='bbox 2426 3155 2710 3226; x_wconf 81' lang='grc' dir='ltr'>ἀγένητον,</span> <span class='ocrx_word' id='word_1_521' title='bbox 2731 3158 2826 3210; x_wconf 76' lang='grc' dir='ltr'>καὶ</span> <span class='ocrx_word' id='word_1_522' title='bbox 2853 3157 3229 3223; x_wconf 85' lang='grc' dir='ltr'>ἀϐασίλευτον,</span> <span class='ocrx_word' id='word_1_523' title='bbox 3265 3178 3356 3214; x_wconf 85' lang='grc' dir='ltr'><strong>και</strong></span> <span class='ocrx_word' id='word_1_524' title='bbox 3378 3161 3449 3215; x_wconf 84' lang='grc' dir='ltr'>τὰ</span> <span class='ocrx_word' id='word_1_525' title='bbox 3477 3162 3658 3229; x_wconf 79' lang='grc' dir='ltr'>λοιπὰ,</span> <span class='ocrx_word' id='word_1_526' title='bbox 3686 3167 3770 3222; x_wconf 65' lang='grc' dir='ltr'>ἐκ</span> 
     </span>
    </p>
   </div>
   <div class='ocr_carea' id='block_1_85' title="bbox 2175 3244 3768 3319">
    <p class='ocr_par' dir='ltr' id='par_1_85' title="bbox 2175 3244 3768 3319">
     <span class='ocr_line' id='line_1_85' title="bbox 2175 3244 3768 3319; baseline 0.01 -24"><span class='ocrx_word' id='word_1_527' title='bbox 2175 3244 2520 3315; x_wconf 81' lang='grc' dir='ltr'>παραλλήλου</span> <span class='ocrx_word' id='word_1_528' title='bbox 2559 3246 2746 3312; x_wconf 83' lang='grc' dir='ltr'>οὐσίας</span> <span class='ocrx_word' id='word_1_529' title='bbox 2787 3249 3163 3319; x_wconf 77' lang='grc' dir='ltr'>σημαίνουσιν,</span> <span class='ocrx_word' id='word_1_530' title='bbox 3206 3251 3305 3304; x_wconf 83' lang='grc' dir='ltr'>οὐκ</span> <span class='ocrx_word' id='word_1_531' title='bbox 3340 3253 3446 3306; x_wconf 73' lang='lat' dir='ltr'><strong>eici</strong></span> <span class='ocrx_word' id='word_1_532' title='bbox 3476 3253 3533 3306; x_wconf 84' lang='grc' dir='ltr'><strong>δὲ</strong></span> <span class='ocrx_word' id='word_1_533' title='bbox 3575 3258 3768 3311; x_wconf 82' lang='grc' dir='ltr'>ταυτὰ</span> 
     </span>
    </p>
   </div>
   <div class='ocr_carea' id='block_1_86' title="bbox 2172 3336 3765 3416">
    <p class='ocr_par' dir='ltr' id='par_1_86' title="bbox 2172 3336 3765 3416">
     <span class='ocr_line' id='line_1_86' title="bbox 2172 3336 3765 3416; baseline 0.008 -29"><span class='ocrx_word' id='word_1_534' title='bbox 2172 3336 2282 3395; x_wconf 84' lang='grc' dir='ltr'>τοῖς</span> <span class='ocrx_word' id='word_1_535' title='bbox 2336 3336 2660 3405; x_wconf 85' lang='grc' dir='ltr'>σημαίνουσι</span> <span class='ocrx_word' id='word_1_536' title='bbox 2707 3338 2776 3392; x_wconf 84' lang='grc' dir='ltr'><strong>τὰ</strong></span> <span class='ocrx_word' id='word_1_537' title='bbox 2830 3341 3245 3410; x_wconf 75' lang='grc' dir='ltr'>σημαινόμεναο</span> <span class='ocrx_word' id='word_1_538' title='bbox 3291 3343 3392 3396; x_wconf 84' lang='grc' dir='ltr'>οὐκ</span> <span class='ocrx_word' id='word_1_539' title='bbox 3440 3344 3592 3397; x_wconf 78' lang='grc' dir='ltr'>ἔσται</span> <span class='ocrx_word' id='word_1_540' title='bbox 3639 3346 3765 3416; x_wconf 76' lang='grc' dir='ltr'>ἄρα</span> 
     </span>
    </p>
   </div>
   <div class='ocr_carea' id='block_1_87' title="bbox 2169 3424 3764 3507">
    <p class='ocr_par' dir='ltr' id='par_1_87' title="bbox 2169 3424 3764 3507">
     <span class='ocr_line' id='line_1_87' title="bbox 2169 3424 3764 3507; baseline 0.011 -31"><span class='ocrx_word' id='word_1_541' title='bbox 2169 3424 2364 3477; x_wconf 80' lang='grc' dir='ltr'>ταυτὸν</span> <span class='ocrx_word' id='word_1_542' title='bbox 2394 3427 2552 3480; x_wconf 84' lang='grc' dir='ltr'>οὐσία</span> <span class='ocrx_word' id='word_1_543' title='bbox 2590 3429 2685 3481; x_wconf 76' lang='grc' dir='ltr'>καὶ</span> <span class='ocrx_word' id='word_1_544' title='bbox 2713 3430 2977 3502; x_wconf 85' lang='grc' dir='ltr'>ἀγένητον</span> <span class='ocrx_word' id='word_1_545' title='bbox 2998 3446 3015 3463; x_wconf 65' lang='grc' dir='ltr'><strong>υ</strong></span> <span class='ocrx_word' id='word_1_546' title='bbox 3056 3432 3132 3496; x_wconf 85' lang='grc' dir='ltr'>ὡς</span> <span class='ocrx_word' id='word_1_547' title='bbox 3159 3433 3280 3487; x_wconf 82' lang='grc' dir='ltr'>οὐδὲ</span> <span class='ocrx_word' id='word_1_548' title='bbox 3317 3434 3397 3505; x_wconf 81' lang='grc' dir='ltr'>τῷ</span> <span class='ocrx_word' id='word_1_549' title='bbox 3432 3435 3764 3507; x_wconf 74' lang='grc' dir='ltr'>σημαίνοντι</span> 
     </span>
    </p>
   </div>
   <div class='ocr_carea' id='block_1_88' title="bbox 2166 3518 2677 3592">
    <p class='ocr_par' dir='ltr' id='par_1_88' title="bbox 2166 3518 2677 3592">
     <span class='ocr_line' id='line_1_88' title="bbox 2166 3518 2677 3592; baseline 0.012 -21"><span class='ocrx_word' id='word_1_550' title='bbox 2166 3518 2228 3582; x_wconf 77' lang='grc' dir='ltr'>τὸ</span> <span class='ocrx_word' id='word_1_551' title='bbox 2258 3521 2677 3592; x_wconf 86' lang='grc' dir='ltr'>σημαινόμενον.</span> 
     </span>
    </p>
   </div>
   <div class='ocr_carea' id='block_1_89' title="bbox 2855 3723 3059 3779">
    <p class='ocr_par' dir='ltr' id='par_1_89' title="bbox 2855 3723 3059 3779">
     <span class='ocr_line' id='line_1_89' title="bbox 2855 3723 3059 3779; baseline 0.025 -5"><span class='ocrx_word' id='word_1_552' title='bbox 2855 3723 3059 3779; x_wconf 79' lang='lat' dir='ltr'><strong>AAAO.</strong></span> 
     </span>
    </p>
   </div>
   <div class='ocr_carea' id='block_1_90' title="bbox 2235 3830 3760 3908">
    <p class='ocr_par' dir='ltr' id='par_1_90' title="bbox 2235 3830 3760 3908">
     <span class='ocr_line' id='line_1_90' title="bbox 2235 3830 3760 3908; baseline 0.009 -26"><span class='ocrx_word' id='word_1_553' title='bbox 2235 3830 2298 3882; x_wconf 85' lang='grc' dir='ltr'>Εί</span> <span class='ocrx_word' id='word_1_554' title='bbox 2340 3830 2402 3884; x_wconf 81' lang='grc' dir='ltr'>τὸ</span> <span class='ocrx_word' id='word_1_555' title='bbox 2439 3832 2704 3906; x_wconf 82' lang='grc' dir='ltr'>ἀγένητον</span> <span class='ocrx_word' id='word_1_556' title='bbox 2746 3835 2806 3887; x_wconf 86' lang='grc' dir='ltr'>οὐ</span> <span class='ocrx_word' id='word_1_557' title='bbox 2835 3835 2923 3891; x_wconf 84' lang='grc' dir='ltr'><strong>διὰ</strong></span> <span class='ocrx_word' id='word_1_558' title='bbox 2954 3837 3016 3890; x_wconf 85' lang='grc' dir='ltr'>τὸ</span> <span class='ocrx_word' id='word_1_559' title='bbox 3048 3837 3123 3908; x_wconf 85' lang='grc' dir='ltr'>μὴ</span> <span class='ocrx_word' id='word_1_560' title='bbox 3146 3837 3447 3906; x_wconf 80' lang='grc' dir='ltr'>γεγονέναι,</span> <span class='ocrx_word' id='word_1_561' title='bbox 3476 3836 3613 3892; x_wconf 77' lang='grc' dir='ltr'>ἀλλὰ</span> <span class='ocrx_word' id='word_1_562' title='bbox 3654 3839 3760 3896; x_wconf 78' lang='grc' dir='ltr'>διὰ</span> 
     </span>
    </p>
   </div>
   <div class='ocr_carea' id='block_1_91' title="bbox 2162 3919 3760 3995">
    <p class='ocr_par' dir='ltr' id='par_1_91' title="bbox 2162 3919 3760 3995">
     <span class='ocr_line' id='line_1_91' title="bbox 2162 3919 3760 3995; baseline 0.008 -23"><span class='ocrx_word' id='word_1_563' title='bbox 2162 3920 2224 3973; x_wconf 83' lang='grc' dir='ltr'>τὸ</span> <span class='ocrx_word' id='word_1_564' title='bbox 2252 3919 2392 3975; x_wconf 83' lang='grc' dir='ltr'>εῖναι</span> <span class='ocrx_word' id='word_1_565' title='bbox 2424 3925 2612 3978; x_wconf 82' lang='grc' dir='ltr'>οὐσίαν</span> <span class='ocrx_word' id='word_1_566' title='bbox 2652 3926 2746 3979; x_wconf 84' lang='grc' dir='ltr'><strong>τοῦ</strong></span> <span class='ocrx_word' id='word_1_567' title='bbox 2784 3926 2943 3992; x_wconf 84' lang='grc' dir='ltr'>Θεοῦ,</span> <span class='ocrx_word' id='word_1_568' title='bbox 2992 3927 3258 3995; x_wconf 80' lang='grc' dir='ltr'>λέλεκται,</span> <span class='ocrx_word' id='word_1_569' title='bbox 3289 3929 3385 3983; x_wconf 73' lang='grc' dir='ltr'>καὶ</span> <span class='ocrx_word' id='word_1_570' title='bbox 3411 3929 3518 3982; x_wconf 85' lang='grc' dir='ltr'><strong>τῶν</strong></span> <span class='ocrx_word' id='word_1_571' title='bbox 3544 3930 3760 3985; x_wconf 82' lang='grc' dir='ltr'>οὐσιῶν</span> 
     </span>
    </p>
   </div>
   <div class='ocr_carea' id='block_1_92' title="bbox 2164 4011 3758 4092">
    <p class='ocr_par' dir='ltr' id='par_1_92' title="bbox 2164 4011 3758 4092">
     <span class='ocr_line' id='line_1_92' title="bbox 2164 4011 3758 4092; baseline 0.008 -28"><span class='ocrx_word' id='word_1_572' title='bbox 2164 4011 2369 4082; x_wconf 81' lang='grc' dir='ltr'>ἑκάστη</span> <span class='ocrx_word' id='word_1_573' title='bbox 2401 4013 2467 4068; x_wconf 85' lang='grc' dir='ltr'>ἂν</span> <span class='ocrx_word' id='word_1_574' title='bbox 2491 4015 2579 4086; x_wconf 74' lang='grc' dir='ltr'><strong>εἴη</strong></span> <span class='ocrx_word' id='word_1_575' title='bbox 2611 4017 2891 4088; x_wconf 81' lang='grc' dir='ltr'>ἀγένητον.</span> <span class='ocrx_word' id='word_1_576' title='bbox 2920 4020 2982 4071; x_wconf 81' lang='grc' dir='ltr'><strong>Εἰ</strong></span> <span class='ocrx_word' id='word_1_577' title='bbox 3017 4019 3074 4072; x_wconf 85' lang='grc' dir='ltr'><strong>δὲ</strong></span> <span class='ocrx_word' id='word_1_578' title='bbox 3118 4021 3228 4073; x_wconf 75' lang='grc' dir='ltr'>εἰσὶ</span> <span class='ocrx_word' id='word_1_579' title='bbox 3268 4022 3367 4092; x_wconf 83' lang='grc' dir='ltr'>μὲν</span> <span class='ocrx_word' id='word_1_580' title='bbox 3398 4022 3577 4075; x_wconf 81' lang='grc' dir='ltr'>οὐσίαι</span> <span class='ocrx_word' id='word_1_581' title='bbox 3614 4022 3758 4076; x_wconf 84' lang='grc' dir='ltr'>πολ-</span> 
     </span>
    </p>
   </div>
   <div class='ocr_carea' id='block_1_93' title="bbox 2160 4098 3755 4185">
    <p class='ocr_par' dir='ltr' id='par_1_93' title="bbox 2160 4098 3755 4185">
     <span class='ocr_line' id='line_1_93' title="bbox 2160 4098 3755 4185; baseline 0.011 -33"><span class='ocrx_word' id='word_1_582' title='bbox 2160 4098 2269 4163; x_wconf 76' lang='grc' dir='ltr'>λαὶ,</span> <span class='ocrx_word' id='word_1_583' title='bbox 2301 4104 2482 4159; x_wconf 79' lang='grc' dir='ltr'>οὐκέτι</span> <span class='ocrx_word' id='word_1_584' title='bbox 2507 4106 2563 4160; x_wconf 87' lang='grc' dir='ltr'><strong>δὲ</strong></span> <span class='ocrx_word' id='word_1_585' title='bbox 2590 4108 2682 4161; x_wconf 72' lang='grc' dir='ltr'><strong>καὶ</strong></span> <span class='ocrx_word' id='word_1_586' title='bbox 2711 4110 2998 4181; x_wconf 81' lang='grc' dir='ltr'>ἀγένητοι·</span> <span class='ocrx_word' id='word_1_587' title='bbox 3026 4113 3125 4165; x_wconf 75' lang='grc' dir='ltr'>οὐκ</span> <span class='ocrx_word' id='word_1_588' title='bbox 3145 4114 3333 4167; x_wconf 89' lang='grc' dir='ltr'>οὐσίαν</span> <span class='ocrx_word' id='word_1_589' title='bbox 3357 4114 3465 4185; x_wconf 76' lang='grc' dir='ltr'>ἄρα</span> <span class='ocrx_word' id='word_1_590' title='bbox 3485 4113 3755 4185; x_wconf 78' lang='grc' dir='ltr'>ἐμφαίνει</span> 
     </span>
    </p>
   </div>
   <div class='ocr_carea' id='block_1_94' title="bbox 2158 4192 3506 4278">
    <p class='ocr_par' dir='ltr' id='par_1_94' title="bbox 2158 4192 3506 4278">
     <span class='ocr_line' id='line_1_94' title="bbox 2158 4192 3506 4278; baseline 0.013 -35"><span class='ocrx_word' id='word_1_591' title='bbox 2158 4192 2220 4244; x_wconf 88' lang='grc' dir='ltr'>τὸ</span> <span class='ocrx_word' id='word_1_592' title='bbox 2252 4194 2534 4267; x_wconf 80' lang='grc' dir='ltr'>ἀγένητον,</span> <span class='ocrx_word' id='word_1_593' title='bbox 2571 4198 2705 4254; x_wconf 82' lang='grc' dir='ltr'>ἀλλὰ</span> <span class='ocrx_word' id='word_1_594' title='bbox 2734 4200 2833 4271; x_wconf 84' lang='grc' dir='ltr'>τῆς</span> <span class='ocrx_word' id='word_1_595' title='bbox 2865 4203 3051 4267; x_wconf 84' lang='grc' dir='ltr'>οὐσίας</span> <span class='ocrx_word' id='word_1_596' title='bbox 3088 4204 3187 4275; x_wconf 80' lang='grc' dir='ltr'>τὴν</span> <span class='ocrx_word' id='word_1_597' title='bbox 3213 4206 3506 4278; x_wconf 83' lang='grc' dir='ltr'>ὑπεροχήν.</span> 
     </span>
    </p>
   </div>
   <div class='ocr_carea' id='block_1_95' title="bbox 2847 4410 3045 4465">
    <p class='ocr_par' dir='ltr' id='par_1_95' title="bbox 2847 4410 3045 4465">
     <span class='ocr_line' id='line_1_95' title="bbox 2847 4410 3045 4465; baseline 0.02 -4"><span class='ocrx_word' id='word_1_598' title='bbox 2847 4410 3045 4465; x_wconf 82' lang='grc' dir='ltr'><strong>ΑΛΛΟ.</strong></span> 
     </span>
    </p>
   </div>
   <div class='ocr_carea' id='block_1_96' title="bbox 2231 4518 3749 4597">
    <p class='ocr_par' dir='ltr' id='par_1_96' title="bbox 2231 4518 3749 4597">
     <span class='ocr_line' id='line_1_96' title="bbox 2231 4518 3749 4597; baseline 0.011 -27"><span class='ocrx_word' id='word_1_599' title='bbox 2231 4518 2294 4571; x_wconf 78' lang='lat' dir='ltr'><strong>El</strong></span> <span class='ocrx_word' id='word_1_600' title='bbox 2332 4519 2426 4572; x_wconf 77' lang='grc' dir='ltr'>ἐπὶ</span> <span class='ocrx_word' id='word_1_601' title='bbox 2458 4519 2592 4573; x_wconf 86' lang='grc' dir='ltr'>Θεοῦ</span> <span class='ocrx_word' id='word_1_602' title='bbox 2641 4521 2800 4591; x_wconf 84' lang='grc' dir='ltr'>μόνον</span> <span class='ocrx_word' id='word_1_603' title='bbox 2830 4523 2890 4575; x_wconf 87' lang='grc' dir='ltr'>τὸ</span> <span class='ocrx_word' id='word_1_604' title='bbox 2925 4525 3207 4596; x_wconf 82' lang='grc' dir='ltr'>ἀγένητον,</span> <span class='ocrx_word' id='word_1_605' title='bbox 3238 4527 3313 4591; x_wconf 82' lang='grc' dir='ltr'>ὣς</span> <span class='ocrx_word' id='word_1_606' title='bbox 3351 4545 3532 4597; x_wconf 86' lang='grc' dir='ltr'>φασιν,</span> <span class='ocrx_word' id='word_1_607' title='bbox 3578 4532 3749 4589; x_wconf 74' lang='grc' dir='ltr'>οὐσία</span> 
     </span>
    </p>
   </div>
   <div class='ocr_carea' id='block_1_97' title="bbox 2157 4606 3750 4692">
    <p class='ocr_par' dir='ltr' id='par_1_97' title="bbox 2157 4606 3750 4692">
     <span class='ocr_line' id='line_1_97' title="bbox 2157 4606 3750 4692; baseline 0.012 -34"><span class='ocrx_word' id='word_1_608' title='bbox 2157 4606 2327 4675; x_wconf 72' lang='grc' dir='ltr'>ἐστὶν,</span> <span class='ocrx_word' id='word_1_609' title='bbox 2361 4608 2446 4681; x_wconf 83' lang='grc' dir='ltr'>εῐη</span> <span class='ocrx_word' id='word_1_610' title='bbox 2474 4609 2540 4663; x_wconf 86' lang='grc' dir='ltr'>ἂν</span> <span class='ocrx_word' id='word_1_611' title='bbox 2568 4612 2736 4681; x_wconf 73' lang='grc' dir='ltr'>αὐτῆς</span> <span class='ocrx_word' id='word_1_612' title='bbox 2759 4613 2855 4666; x_wconf 70' lang='grc' dir='ltr'>καὶ</span> <span class='ocrx_word' id='word_1_613' title='bbox 2889 4615 3034 4686; x_wconf 84' lang='grc' dir='ltr'>ὄρος,</span> <span class='ocrx_word' id='word_1_614' title='bbox 3072 4612 3140 4689; x_wconf 78' lang='grc' dir='ltr'>ἧς</span> <span class='ocrx_word' id='word_1_615' title='bbox 3167 4618 3328 4689; x_wconf 87' lang='grc' dir='ltr'>μόνον</span> <span class='ocrx_word' id='word_1_616' title='bbox 3361 4620 3488 4673; x_wconf 78' lang='grc' dir='ltr'>ἴδιον</span> <span class='ocrx_word' id='word_1_617' title='bbox 3516 4620 3578 4674; x_wconf 82' lang='grc' dir='ltr'>τὸ</span> <span class='ocrx_word' id='word_1_618' title='bbox 3607 4623 3750 4692; x_wconf 82' lang='grc' dir='ltr'><strong>ἀγέ-</strong></span> 
     </span>
    </p>
   </div>
   <div class='ocr_carea' id='block_1_98' title="bbox 2158 4702 3750 4779">
    <p class='ocr_par' dir='ltr' id='par_1_98' title="bbox 2158 4702 3750 4779">
     <span class='ocr_line' id='line_1_98' title="bbox 2158 4702 3750 4779; baseline 0.011 -26"><span class='ocrx_word' id='word_1_619' title='bbox 2158 4718 2336 4770; x_wconf 87' lang='grc' dir='ltr'>νητον.</span> <span class='ocrx_word' id='word_1_620' title='bbox 2361 4702 2425 4754; x_wconf 89' lang='grc' dir='ltr'>Εί</span> <span class='ocrx_word' id='word_1_621' title='bbox 2452 4703 2508 4756; x_wconf 85' lang='grc' dir='ltr'><strong>δὲ</strong></span> <span class='ocrx_word' id='word_1_622' title='bbox 2542 4705 2732 4775; x_wconf 79' lang='grc' dir='ltr'>μηδείς</span> <span class='ocrx_word' id='word_1_623' title='bbox 2770 4708 2917 4761; x_wconf 80' lang='grc' dir='ltr'>ἐστιν</span> <span class='ocrx_word' id='word_1_624' title='bbox 2954 4710 3078 4779; x_wconf 86' lang='grc' dir='ltr'>ὄρος</span> <span class='ocrx_word' id='word_1_625' title='bbox 3109 4703 3153 4777; x_wconf 84' lang='grc' dir='ltr'><strong>ᾧ</strong></span> <span class='ocrx_word' id='word_1_626' title='bbox 3200 4712 3559 4769; x_wconf 83' lang='grc' dir='ltr'>ὑποϐάλλεται</span> <span class='ocrx_word' id='word_1_627' title='bbox 3577 4716 3750 4771; x_wconf 81' lang='grc' dir='ltr'>οὐσία</span> 
     </span>
    </p>
   </div>
   <div class='ocr_carea' id='block_1_99' title="bbox 2162 4792 3751 4877">
    <p class='ocr_par' dir='ltr' id='par_1_99' title="bbox 2162 4792 3751 4877">
     <span class='ocr_line' id='line_1_99' title="bbox 2162 4792 3751 4877; baseline 0.011 -31"><span class='ocrx_word' id='word_1_628' title='bbox 2162 4792 2320 4859; x_wconf 86' lang='grc' dir='ltr'>Θεοῦ,</span> <span class='ocrx_word' id='word_1_629' title='bbox 2361 4795 2468 4849; x_wconf 78' lang='grc' dir='ltr'>οὐδ’</span> <span class='ocrx_word' id='word_1_630' title='bbox 2494 4796 2666 4868; x_wconf 74' lang='grc' dir='ltr'>ὄνομα</span> <span class='ocrx_word' id='word_1_631' title='bbox 2698 4798 2808 4868; x_wconf 81' lang='grc' dir='ltr'>ἄρα</span> <span class='ocrx_word' id='word_1_632' title='bbox 2831 4801 3022 4871; x_wconf 82' lang='grc' dir='ltr'>κύριόν</span> <span class='ocrx_word' id='word_1_633' title='bbox 3052 4805 3199 4856; x_wconf 78' lang='grc' dir='ltr'>ἐστιν</span> <span class='ocrx_word' id='word_1_634' title='bbox 3229 4805 3320 4859; x_wconf 81' lang='grc' dir='ltr'><strong>ἐπὶ</strong></span> <span class='ocrx_word' id='word_1_635' title='bbox 3349 4806 3485 4860; x_wconf 83' lang='grc' dir='ltr'>Θεοῦ</span> <span class='ocrx_word' id='word_1_636' title='bbox 3515 4808 3574 4861; x_wconf 85' lang='grc' dir='ltr'>τὸ</span> <span class='ocrx_word' id='word_1_637' title='bbox 3602 4809 3751 4877; x_wconf 79' lang='grc' dir='ltr'><strong>ἀγέ-</strong></span> 
     </span>
    </p>
   </div>
   <div class='ocr_carea' id='block_1_100' title="bbox 2155 4887 3748 4992">
    <p class='ocr_par' dir='ltr' id='par_1_100' title="bbox 2155 4887 3748 4992">
     <span class='ocr_line' id='line_1_100' title="bbox 2155 4887 3748 4992; baseline 0.013 -54"><span class='ocrx_word' id='word_1_638' title='bbox 2155 4901 2337 4955; x_wconf 88' lang='grc' dir='ltr'>νητον,</span> <span class='ocrx_word' id='word_1_639' title='bbox 2368 4887 2443 4950; x_wconf 87' lang='grc' dir='ltr'>ὡς</span> <span class='ocrx_word' id='word_1_640' title='bbox 2471 4888 2638 4959; x_wconf 79' lang='grc' dir='ltr'>μηδὲν</span> <span class='ocrx_word' id='word_1_641' title='bbox 2668 4889 2798 4944; x_wconf 82' lang='grc' dir='ltr'>ἄλλο</span> <span class='ocrx_word' id='word_1_642' title='bbox 2838 4893 2969 4947; x_wconf 83' lang='grc' dir='ltr'>αὐτὸ</span> <span class='ocrx_word' id='word_1_643' title='bbox 2990 4895 3305 4982; x_wconf 25' lang='grc' dir='ltr'>ίὲμφαίνειν,</span> <span class='ocrx_word' id='word_1_644' title='bbox 3340 4897 3456 4953; x_wconf 82' lang='grc' dir='ltr'>ἀλλ’</span> <span class='ocrx_word' id='word_1_645' title='bbox 3488 4899 3523 4971; x_wconf 80' lang='grc' dir='ltr'>ἣ</span> <span class='ocrx_word' id='word_1_646' title='bbox 3570 4901 3748 4992; x_wconf 38' lang='grc' dir='ltr'>μενον</span> 
     </span>
    </p>
   </div>
   <div class='ocr_carea' id='block_1_101' title="bbox 2151 4976 2518 5033">
    <p class='ocr_par' dir='ltr' id='par_1_101' title="bbox 2151 4976 2518 5033">
     <span class='ocr_line' id='line_1_101' title="bbox 2151 4976 2518 5033; baseline 0.016 -6"><span class='ocrx_word' id='word_1_647' title='bbox 2151 4976 2337 5030; x_wconf 81' lang='grc' dir='ltr'>οὐσίαν</span> <span class='ocrx_word' id='word_1_648' title='bbox 2364 4978 2518 5033; x_wconf 83' lang='grc' dir='ltr'>Θεοῦ.</span> 
     </span>
    </p>
   </div>
   <div class='ocr_carea' id='block_1_102' title="bbox 2645 5195 3205 5293">
    <p class='ocr_par' dir='ltr' id='par_1_102' title="bbox 2645 5195 3205 5293">
     <span class='ocr_line' id='line_1_102' title="bbox 2645 5195 3205 5293; baseline 0.023 -14"><span class='ocrx_word' id='word_1_649' title='bbox 2645 5196 3010 5282; x_wconf 89' lang='grc' dir='ltr'><strong>ΛΟΓΟΣ</strong></span> <span class='ocrx_word' id='word_1_650' title='bbox 3086 5195 3205 5293; x_wconf 39' lang='lat' dir='ltr'><strong>AI</strong></span> 
     </span>
    </p>
   </div>
   <div class='ocr_carea' id='block_1_103' title="bbox 2148 5350 3746 5438">
    <p class='ocr_par' dir='ltr' id='par_1_103' title="bbox 2148 5350 3746 5438">
     <span class='ocr_line' id='line_1_103' title="bbox 2148 5350 3746 5438; baseline 0.007 -35"><span class='ocrx_word' id='word_1_651' title='bbox 2148 5350 2303 5438; x_wconf 64' lang='grc' dir='ltr'><strong>Πρὸς</strong></span> <span class='ocrx_word' id='word_1_652' title='bbox 2334 5350 2477 5438; x_wconf 53' lang='lat' dir='ltr'><strong>tofm</strong></span> <span class='ocrx_word' id='word_1_653' title='bbox 2524 5351 2871 5438; x_wconf 42' lang='lat' dir='ltr'><strong>fail.qu</strong></span> <span class='ocrx_word' id='word_1_654' title='bbox 2897 5355 3120 5438; x_wconf 42' lang='lat' dir='ltr'><strong>derecte,</strong></span> <span class='ocrx_word' id='word_1_655' title='bbox 3153 5352 3380 5438; x_wconf 42' lang='lat' dir='ltr'><strong>dztjﬂr</strong></span> <span class='ocrx_word' id='word_1_656' title='bbox 3423 5374 3588 5438; x_wconf 64' lang='grc' dir='ltr'>ποῖα,</span> <span class='ocrx_word' id='word_1_657' title='bbox 3627 5360 3746 5438; x_wconf 50' lang='lat' dir='ltr'><strong>dtu</strong></span> 
     </span>
    </p>
   </div>
   <div class='ocr_carea' id='block_1_104' title="bbox 2217 5422 3737 5498">
    <p class='ocr_par' dir='ltr' id='par_1_104' title="bbox 2217 5422 3737 5498">
     <span class='ocr_line' id='line_1_104' title="bbox 2217 5422 3737 5498; baseline 0.009 -25"><span class='ocrx_word' id='word_1_658' title='bbox 2217 5422 2330 5474; x_wconf 83' lang='grc' dir='ltr'>οὐκ</span> <span class='ocrx_word' id='word_1_659' title='bbox 2509 5423 2543 5475; x_wconf 83' lang='grc' dir='ltr'><em>ὀ</em></span> <span class='ocrx_word' id='word_1_660' title='bbox 2598 5424 2753 5486; x_wconf 82' lang='grc' dir='ltr'><em>Υἱός.</em></span> <span class='ocrx_word' id='word_1_661' title='bbox 3134 5422 3588 5498; x_wconf 59' lang='grc' dir='ltr'>συλλογισμῶν,</span> <span class='ocrx_word' id='word_1_662' title='bbox 3623 5436 3737 5487; x_wconf 79' lang='grc' dir='ltr'>καὶ</span> 
     </span>
    </p>
   </div>
   <div class='ocr_carea' id='block_1_105' title="bbox 2214 5490 3745 5567">
    <p class='ocr_par' dir='ltr' id='par_1_105' title="bbox 2214 5490 3745 5567">
     <span class='ocr_line' id='line_1_105' title="bbox 2214 5490 3745 5567; baseline 0.008 -24"><span class='ocrx_word' id='word_1_663' title='bbox 2214 5490 2531 5567; x_wconf 60' lang='grc' dir='ltr'>νοημάτων</span> <span class='ocrx_word' id='word_1_664' title='bbox 2572 5494 2956 5567; x_wconf 59' lang='grc' dir='ltr'>κατασκευαὶ,</span> <span class='ocrx_word' id='word_1_665' title='bbox 2985 5490 3108 5567; x_wconf 71' lang='grc' dir='ltr'><strong>σὺν</strong></span> <span class='ocrx_word' id='word_1_666' title='bbox 3132 5490 3511 5567; x_wconf 63' lang='grc' dir='ltr'><strong>μῳωριαὶςυ</strong></span> <span class='ocrx_word' id='word_1_667' title='bbox 3543 5490 3611 5553; x_wconf 80' lang='grc' dir='ltr'>τὸ</span> <span class='ocrx_word' id='word_1_668' title='bbox 3659 5502 3745 5555; x_wconf 68' lang='grc' dir='ltr'><strong><em>δὲ</em></strong></span> 
     </span>
    </p>
   </div>
   <div class='ocr_carea' id='block_1_106' title="bbox 2214 5561 3741 5636">
    <p class='ocr_par' dir='ltr' id='par_1_106' title="bbox 2214 5561 3741 5636">
     <span class='ocr_line' id='line_1_106' title="bbox 2214 5561 3741 5636; baseline 0.008 -23"><span class='ocrx_word' id='word_1_669' title='bbox 2214 5561 2633 5636; x_wconf 61' lang='grc' dir='ltr'>συναγόμενον</span> <span class='ocrx_word' id='word_1_670' title='bbox 2659 5563 2727 5617; x_wconf 82' lang='grc' dir='ltr'>ἐκ</span> <span class='ocrx_word' id='word_1_671' title='bbox 2748 5563 3007 5629; x_wconf 73' lang='grc' dir='ltr'>πάντων,</span> <span class='ocrx_word' id='word_1_672' title='bbox 3043 5561 3346 5636; x_wconf 61' lang='grc' dir='ltr'>ὅτίὰῗδιοξε</span> <span class='ocrx_word' id='word_1_673' title='bbox 3375 5574 3407 5625; x_wconf 81' lang='grc' dir='ltr'><strong><em>ό</em></strong></span> <span class='ocrx_word' id='word_1_674' title='bbox 3443 5561 3549 5623; x_wconf 67' lang='grc' dir='ltr'>ἑοῦ</span> <span class='ocrx_word' id='word_1_675' title='bbox 3571 5572 3741 5625; x_wconf 75' lang='grc' dir='ltr'>Θεοῦ</span> 
     </span>
    </p>
   </div>
   <div class='ocr_carea' id='block_1_107' title="bbox 2214 5638 2425 5687">
    <p class='ocr_par' dir='ltr' id='par_1_107' title="bbox 2214 5638 2425 5687">
     <span class='ocr_line' id='line_1_107' title="bbox 2214 5638 2425 5687; baseline 0.009 -2"><span class='ocrx_word' id='word_1_676' title='bbox 2214 5638 2425 5687; x_wconf 65' lang='grc' dir='ltr'><strong>Λόγος.</strong></span> 
     </span>
    </p>
   </div>
   <div class='ocr_carea' id='block_1_108' title="bbox 2200 5633 3740 5822">
    <p class='ocr_par' dir='ltr' id='par_1_108' title="bbox 2200 5633 3740 5822">
     <span class='ocr_line' id='line_1_108' title="bbox 2214 5638 2425 5687; baseline 0.014 -3"><span class='ocrx_word' id='word_1_677' title='bbox 2214 5638 2258 5685; x_wconf 82' lang='grc' dir='ltr'><strong><em>Α</em></strong></span> <span class='ocrx_word' id='word_1_678' title='bbox 2336 5648 2371 5685; x_wconf 92' lang='lat'><strong><em>0</em></strong></span> <span class='ocrx_word' id='word_1_679' title='bbox 2410 5672 2425 5687; x_wconf 92' lang='lat'><strong>.</strong></span> 
     </span>
     <span class='ocr_line' id='line_1_109' title="bbox 2200 5633 3740 5822; baseline 0.012 -47"><span class='ocrx_word' id='word_1_680' title='bbox 2200 5633 2490 5822; x_wconf 42' lang='grc' dir='ltr'><strong>ν’Δόεῦήῗτως</strong></span> <span class='ocrx_word' id='word_1_681' title='bbox 2514 5725 2761 5797; x_wconf 69' lang='grc' dir='ltr'>λέγουσιν</span> <span class='ocrx_word' id='word_1_682' title='bbox 2790 5731 2836 5784; x_wconf 85' lang='grc' dir='ltr'><strong>οί</strong></span> <span class='ocrx_word' id='word_1_683' title='bbox 2869 5730 3125 5803; x_wconf 81' lang='grc' dir='ltr'>Θεομάχοι</span> <span class='ocrx_word' id='word_1_684' title='bbox 3171 5734 3298 5808; x_wconf 65' lang='grc' dir='ltr'>περὶ</span> <span class='ocrx_word' id='word_1_685' title='bbox 3332 5735 3423 5790; x_wconf 82' lang='grc' dir='ltr'><strong>τοῦ</strong></span> <span class='ocrx_word' id='word_1_686' title='bbox 3460 5734 3614 5806; x_wconf 80' lang='grc' dir='ltr'>Υἱοῦ,</span> <span class='ocrx_word' id='word_1_687' title='bbox 3636 5737 3740 5793; x_wconf 75' lang='grc' dir='ltr'>δτι</span> 
     </span>
    </p>
   </div>
  </div>
