3876 6208
150 325 212 384 ιι
1117 333 1120 336 ’
1552 305 1719 360 ΤΠΕΕ

1837 304 1992 361 RUS.
3326 318 3398 374 42

356 443 475 494 ’Ότι
504 441 594 502 τὸ,
636 438 744 509 πρὸ
779 435 895 498 τοῦ,
950 433 1048 487 ἐπὶ
1084 431 1203 486 τῶν
1224 429 1510 501 γενητῶν.

230 534 314 585 Ἐν
338 531 413 602 τῷ
438 529 712 600 Σολομῶνι
738 529 771 598 ἠ
795 525 964 595 Σοφία
998 525 1124 595 περὶ
1165 524 1364 594 ἑαυτῆς
1385 539 1402 554 ·
1435 541 1452 572 ι
1484 521 1598 592 Πρὸ
1622 517 1716 572 τοῦ

147 626 240 696 τὴν
259 625 362 693 γῆν
385 624 604 692 ποιῆσαι
625 639 638 651 ·
667 620 776 691 πρὸ
798 618 889 672 τοῦ
911 619 1011 681 τὰς
1038 617 1310 680 ἀὸυσσους
1335 615 1585 683 ποιῆσαι·
1610 613 1717 684 πρὸ

149 716 234 770 τοῦ
263 714 543 786 προελθεῖν
576 712 676 776 τὰς
720 711 902 782 πηγὰς
937 710 1045 762 τῶν
1077 709 1318 762 ὑδάτων·
1355 707 1462 778 πρὸ
1492 705 1585 759 τοῦ
1614 707 1714 776 ὸρη

148 809 482 879 ἑδρασθῆναι,
523 807 631 877 πρὸ
671 806 726 858 δὲ
769 805 987 857 πάντων
1019 801 1222 872 βουνῶν
1266 800 1432 870 γεννᾷ
1465 817 1553 869 με.
1599 818 1616 847 ι
1657 799 1716 850 '0

148 901 359 970 Σωτήρ·
397 919 414 950 ι
463 899 637 969 Ἀμὴν
683 898 829 965 λέγω
879 897 1032 966 ὑμῖν,
1075 893 1205 965 πρὶν
1258 893 1511 962 Ἀϐραὰμ
1565 891 1716 959 γενέ-

149 993 286 1057 σθαι,
345 991 454 1060 ὲγὼ
492 994 630 1060 εἰμι.
688 1010 707 1043 ι
742 989 885 1060 Πρὸς
942 986 1212 1058 Ἱερεμίαν
1263 987 1290 1037 6
1335 985 1504 1047 Θεὸςο
1548 1003 1565 1034 ι
1604 980 1716 1053 Πρὸ

144 1085 235 1139 τοῦ
276 1102 343 1155 με
365 1084 565 1137 πλάσαι
593 1100 651 1135 σε
677 1084 736 1135 ἐν
777 1081 975 1150 κοιλίᾳ,
1003 1077 1302 1148 ἐπίσταμαί
1343 1093 1401 1128 σε
1423 1092 1436 1105 ·
1479 1076 1574 1127 καὶ
1613 1073 1718 1144 πρὸ

144 1178 236 1231 τοῦ
279 1195 337 1231 σε
385 1176 618 1241 ἐξελθεῖν
665 1177 730 1226 ἐκ
782 1177 1013 1245 μήτρας,
1053 1170 1264 1240 ἡγίακά
1303 1187 1382 1224 σε.
1433 1187 1452 1219 t
1509 1169 1597 1220 Ἐν
1641 1165 1717 1237 τῷ

145 1269 334 1341 Δανιὴλ
364 1271 395 1340 ἠ
435 1269 689 1322 Σωσὰννα
708 1286 719 1296 ·
754 1287 770 1318 ι
814 1267 870 1318 ὐ
897 1265 1028 1328 Θεὸς
1050 1266 1077 1317 6
1121 1263 1291 1332 μέγας
1311 1261 1404 1315 καὶ
1431 1261 1458 1312 6
1477 1259 1714 1321 αἰώνιος,

144 1366 171 1414 6
205 1362 312 1415 τῶν
367 1359 627 1430 κρυπτῶν
665 1356 942 1427 γνώστης·
985 1357 1013 1407 6
1063 1352 1220 1416 εἰδὼς
1263 1353 1332 1406 τὰ
1370 1351 1548 1404 πάντα
1587 1350 1717 1420 πρὶν

146 1455 402 1521 γενέσεως
438 1451 639 1505 αὐτῶν.
671 1469 689 1502 ι

150 1567 263 1617 Ἔτι
292 1564 422 1632 περὶ
451 1563 557 1617 τοῦ
591 1561 783 1642 didior
819 1556 973 1613 εἶναι
1004 1556 1112 1610 τὸν
1147 1555 1304 1642 Υίὸν,
1338 1554 1418 1620 ὠς
1447 1553 1515 1617 ἐξ
1553 1554 1716 1606 ἀντι-

622 1632 841 1694 θέσεως
867 1632 1234 1692 κατασκευή.

461 1741 466 1746 ’
563 1747 882 1812 Ἀγτίθεσις
918 1742 1298 1812 ἑτεροδόξων.

2032 426 2214 491 Quod,
2252 439 2562 498 antequam,
2591 434 2654 485 de
2673 436 2931 488 creaturis
2953 435 3183 489 dicatur.

1895 519 2050 586 Apud
2087 501 2438 572 Salomonen'f
2469 521 2744 590 Sapientia
2769 526 2836 579 de
2866 526 3043 595 seipsa
3078 527 3154 579 ait
3184 539 3200 580 :
3236 543 3255 578 ι
3286 527 3399 581 An-

1823 617 2039 675 tequam
2079 607 2298 662 fecisset
2329 619 2562 677 terram;
2624 626 2910 683 antequam
2964 616 3191 687 abyssos
3245 615 3401 671 fecis-

1822 709 1944 764 set;
2035 711 2324 770 antequam
2413 702 2586 758 fontes
2662 721 2920 775 aquarum
2990 709 3395 778 prorupissent;

1819 801 2109 858 antequam
2180 801 2388 846 montes
2439 792 2652 849 formati
2735 808 2939 865 essent,
3011 809 3140 852 ante
3203 815 3396 855 omnes

1822 883 1987 936 colles
2008 883 2191 949 genuit
2238 897 2322 938 me
2351 884 2415 939 ".
2461 904 2479 936 ι
2536 885 2602 940 Ει
2639 885 2932 943 Servator:
2977 907 2997 940 (
3041 888 3209 943 Amen
3276 891 3397 944 dico

1820 979 1995 1039 vobis,
2032 987 2320 1046 antequam
2350 978 2626 1032 Abraham
2662 977 2838 1046 fieret,
2882 996 2980 1052 ego
3004 996 3123 1036 sum
3164 981 3230 1036 ³⁸.
3271 1001 3290 1034 ι
3332 980 3398 1036 Ει

1820 1069 1961 1123 Deus
1993 1070 2058 1122 ad
2085 1068 2372 1124 Jeremiam
2399 1087 2412 1123 :
2444 1089 2462 1121 ι
2501 1071 2802 1141 Antequam
2835 1074 2886 1128 in
2917 1084 3071 1129 utero
3123 1088 3396 1128 creassem

1823 1170 1894 1228 te,
1927 1176 2194 1230 cognosco
2251 1170 2324 1227 te,
2357 1170 2413 1216 et
2461 1172 2749 1231 antequam
2799 1166 3046 1234 prodircs
3091 1181 3156 1220 ex
3218 1174 3394 1223 utero.

1819 1251 2150 1306 sanctificavi
2183 1261 2233 1306 te
2259 1251 2325 1305 ³⁷.
2362 1268 2384 1304 ι
2451 1252 2518 1305 Ει
2560 1252 2806 1307 Susanna
2869 1253 3011 1322 apud
3071 1253 3342 1310 Danielem
3379 1271 3392 1307 :

1826 1360 1845 1392 ι
1876 1341 2018 1396 Deus
2042 1357 2269 1411 magnus
2308 1352 2361 1397 et
2395 1354 2650 1409 aeternus,
2684 1344 2774 1413 qui
2816 1347 2965 1398 novit
3008 1346 3244 1410 occulta,
3301 1343 3404 1416 qui

1820 1432 1970 1484 novit
1996 1433 2176 1486 omnia
2205 1441 2332 1486 ante
2353 1434 2756 1504 generationem
2780 1435 3021 1505 ipsorum
3055 1435 3119 1490 ³⁸.
3157 1455 3176 1488 ι

1819 1544 2238 1612 Amplius,quod
2269 1545 2798 1628 munimen-Filius
2852 1565 2968 1601 cum
2992 1548 3248 1602 solutione
3303 1549 3397 1602 ob-

2487 1628 2797 1684 Jecttonum.

2243 1724 2479 1794 Objeclt'o
2511 1729 2898 1783 haareticorum.

205 1865 267 1919 Εἰ
303 1863 376 1935 μὴ
417 1859 486 1934 ἦν
524 1879 676 1926 ποτε,
732 1862 819 1915 ὅτε
859 1859 958 1913 οὐκ
1011 1854 1100 1930 ἦν,
1160 1857 1346 1927 φησὶν,
1387 1855 1500 1908 ἀλλ’
1547 1855 1718 1918 ἅῖδιός

1885 1833 1942 1888 Si
1967 1851 2070 1889 non
2097 1846 2215 1910 erat
2250 1849 2481 1906 tempus,
2511 1840 2681 1902 aiunt,
2707 1841 2925 1910 quando
2975 1857 3082 1896 non
3113 1851 3250 1908 erat,
3297 1845 3395 1900 sed

144 1960 283 2009 ἐστιν
305 1959 334 2008 6
372 1955 521 2018 Υἱὸς,
548 1953 644 2007 καὶ
683 1951 1020 2020 συνυπάρχει
1038 1948 1116 2019 τῷ
1143 1948 1338 2019 Πατρὶ,
1363 1946 1544 1999 οὐκέτι
1566 1945 1717 2011 Υίὸν,

144 2051 252 2101 ἀλλ’
277 2047 506 2116 ἀδελφὸν
543 2043 678 2098 εἶναι
704 2043 890 2111 λέγετε
926 2039 1133 2093 τοῦτον.

636 2157 790 2226 Πρὸς
817 2157 994 2211 τοῦτο
1023 2157 1227 2219 λύσις.

210 2271 487 2326 Συναῒδιον
525 2266 664 2322 εἶναι
715 2269 986 2334 λέγοντες,
1027 2265 1121 2320 καὶ
1169 2266 1297 2317 Υἰὸν
1337 2261 1475 2317 εἷναί
1514 2279 1716 2333 φαμεν.

143 2364 201 2417 Εἰ
245 2365 340 2434 μὲν
364 2359 459 2416 οὖν
499 2359 567 2434 ἦν
601 2361 788 2423 ἁπλῶς
815 2359 1087 2421 συναῖδιος
1116 2358 1210 2412 καὶ
1230 2358 1329 2427 οὐχ
1352 2357 1499 2421 Υἱὸς,
1537 2357 1718 2427 χώραν

141 2455 282 2528 εἶχεν
306 2457 460 2528 ὑμῶν
493 2458 526 2526 ἡ
575 2455 830 2508 ὑπόνοια·
868 2453 989 2505 ἐπεὶ
1033 2452 1090 2504 δὲ
1140 2451 1275 2521 πρὸς
1322 2449 1400 2519 τῷ
1443 2448 1596 2518 ἀϊδίῳ
1626 2447 1718 2500 καὶ

141 2551 263 2603 Υἱὸν
290 2548 683 2621 ὁμολογοῦμεν,
714 2546 834 2609 πῶς
858 2545 886 2596 6
915 2544 1041 2608 Υἱὸς
1071 2543 1295 2610 ἁδελφός
1330 2545 1445 2594 ἐστι
1471 2539 1566 2593 τοῦ
1597 2556 1718 2606 γεν-

142 2643 398 2712 νήσαντος
415 2656 428 2704 ;

828 2748 1032 2800 ΑΛΛΟ.

210 2866 270 2918 El
303 2869 336 2937 ὴ
375 2865 558 2925 πίστις
602 2862 759 2932 ἡμῶν
788 2863 864 2924 εἰς
901 2859 1122 2930 Πατέρα
1159 2856 1252 2911 καὶ
1278 2855 1404 2909 Υἱόν
1451 2857 1586 2916 ἐστι,
1623 2854 1717 2907 καὶ

143 2960 278 3015 οὕτω
307 2955 705 3031 βαπτιζόμεθα,
737 2955 866 3008 ποία
913 2952 1211 3021 ἀδελφότης
1239 2951 1296 3002 ὲν
1329 2947 1502 3018 τούτῳ
1529 2947 1715 3015 φαίνε-

141 3069 259 3119 ται;
297 3052 329 3122 ἢ
364 3051 483 3113 πῶς
528 3052 556 3102 6
587 3049 758 3118 Λόγος
805 3044 1029 3114 ἀδελφὸς
1062 3037 1201 3096 εἶναι
1239 3041 1460 3094 δύναται
1490 3033 1551 3091 οὗ
1600 3040 1715 3092 ἐστι

141 3145 307 3214 Λόγος
328 3162 343 3210 ;

829 3250 1029 3302 ΑΛΛΟ.

207 3368 321 3420 Οὐκ
355 3365 424 3419 ἐκ
454 3381 601 3427 τινος
641 3363 816 3434 ἀρχῆς
850 3363 1310 3435 προῦπαρχούσης
1347 3363 1717 3434 ἐγεννήθησαν

140 3460 168 3511 ὁ
197 3458 381 3528 Πατὴρ
435 3457 529 3510 καὶ
577 3459 605 3509 6
642 3455 790 3520 Υἱὸς,
823 3456 912 3508 ἵνα
955 3458 1048 3509 καὶ
1102 3456 1322 3526 ἀδελφοὶ
1368 3456 1714 3528 νομισθῶσιν.

154 3551 290 3603 ‘AD.’
306 3551 334 3602 6
359 3548 550 3620 Πατὴρ
579 3547 721 3618 ἀρχὴ
742 3545 833 3599 τοῦ
857 3545 1008 3608 Υἰοῦ,
1033 3547 1126 3599 καὶ
1150 3547 1315 3602 τίκτει
1339 3547 1434 3605 τὸν
1459 3547 1600 3611 Υἱὸν,
1626 3548 1720 3600 καὶ

145 3643 294 3714 μένει
325 3641 537 3712 Πατὴρ,
565 3642 659 3693 καὶ
680 3639 777 3708 οὐχ
799 3637 923 3701 Υἱός
948 3655 1093 3700 τινος
1135 3638 1352 3706 λέγεται
1375 3653 1387 3665 ·
1413 3639 1506 3694 καὶ
1535 3640 1563 3692 6
1591 3639 1719 3702 Υἱὸς

143 3735 269 3798 Υἱός
299 3735 418 3786 ἐστι
440 3773 456 3797 ,
489 3733 585 3786 καὶ
628 3732 762 3801 ὅπερ
795 3731 911 3783 ἐστὶ
973 3730 1160 3800 μένει’
1200 3731 1293 3786 καὶ
1344 3731 1446 3784 οὐκ
1491 3730 1719 3800 ἀδελφός

143 3844 281 3891 τινος
309 3827 458 3880 κατὰ
481 3825 643 3894 φύσιν
671 3825 907 3890 λέγεται.
937 3823 1094 3875 Ποῖον
1117 3816 1214 3879 οὖν
1246 3821 1359 3888 ἔξει
1385 3823 1546 3877 τόπον
1573 3822 1720 3876 ἁδελ-

143 3921 306 3991 φότης
335 3922 396 3973 ἐν
424 3921 658 3982 τούτοις

596 4028 720 4080 Ἔτι
749 4025 884 4095 περὶ
908 4025 1262 4093 ἀτδιότητος.

210 4141 274 4194 El
306 4141 512 4203 τέλειος
540 4140 568 4191 6
608 4138 814 4210 Πατὴρ,
846 4139 1050 4192 τέλειον
1087 4138 1241 4191 ἔσται
1288 4139 1383 4192 καὶ
1427 4139 1489 4191 τὸ
1530 4139 1588 4206 ἐξ
1619 4141 1716 4193 αὐ-

143 4231 254 4285 τοῦ.
285 4233 399 4286 Καὶ
429 4234 478 4285 εί
514 4232 648 4302 πρὸς
675 4232 847 4303 τούτῳ
875 4232 935 4285 τὸ
965 4232 1134 4285 ἀΐδιον
1179 4231 1312 4301 ἔχει,
1356 4231 1525 4286 ἀΐδιον
1567 4232 1719 4285 ἔσται

145 4328 234 4379 καὶ
265 4327 326 4379 τὸ
351 4326 413 4391 ἐξ
451 4324 624 4377 ἀϊδίου
664 4324 874 4394 Πατρὸς
903 4325 1002 4377 οὐκ
1039 4323 1481 4394 ὲπισυμϐεὸηκὸς
1525 4327 1591 4394 τῇ
1624 4323 1718 4378 τοῦ

143 4418 508 4489 Γεννήσαντος
551 4416 728 4486 οὐσίᾳ,
767 4417 882 4469 ἀλλ’
913 4418 1001 4469 ἀεὶ
1046 4416 1388 4486 συνυπάρχον
1427 4416 1598 4486 αὐτῇ·
1626 4419 1719 4469 καὶ

1820 1918 2054 1982 αξιοι-[ηις
2087 1938 2172 1982 est
2212 1929 2402 1997 Filius,
2436 1941 2642 1986 etcum
2716 1932 2878 1988 Patre
2932 1936 3232 2001 coexsistit,
3282 1935 3394 2006 jam

1821 2021 1971 2075 illum
2003 2037 2108 2077 non
2132 2022 2350 2090 Filium,
2375 2026 2467 2078 sed
2522 2024 2745 2079 fratrem
2766 2041 2887 2081 esse
2913 2028 3111 2083 dicitis.

2311 2136 2520 2192 Salutio
2549 2140 2879 2210 objectionis.

1881 2246 2016 2302 Cum
2045 2256 2373 2302 coaeternum
2401 2250 2649 2320 dicimus,
2672 2253 2864 2308 Filium
2894 2256 3059 2309 etiam
3097 2272 3217 2312 esse
3261 2259 3396 2314 dici-

1822 2354 1959 2392 mus.
1991 2340 2154 2408 Atqui
2192 2340 2236 2393 si
2260 2341 2579 2409 simpliciter
2601 2355 2902 2400 comternus
2916 2359 3059 2402 esset
3081 2357 3135 2403 et
3163 2365 3270 2404 non
3310 2350 3396 2404 Fi—

1821 2431 1946 2496 lius,
1988 2434 2162 2487 locum
2195 2435 2418 2488 haberet
2445 2447 2622 2490 vestra
2653 2440 2854 2508 opinio.
2879 2437 3010 2495 Cum
3046 2457 3172 2497 vero
3201 2455 3395 2513 praeter

1821 2523 1872 2574 id
1897 2522 2036 2590 quod
2068 2531 2302 2578 aeternus
2355 2535 2457 2591 est,
2487 2525 2680 2581 Filium
2716 2530 2878 2584 etiam
2911 2546 3030 2586 esse
3057 2535 3392 2606 proﬁtemur,

1821 2631 1927 2684 quo
1957 2625 2116 2684 pacto
2142 2616 2316 2671 Filius
2356 2618 2518 2673 fuerit
2549 2619 2719 2676 frater
2739 2623 2819 2677 sui
2847 2625 3147 2694 genitoris?

2494 2729 2725 2786 ALIUD.

1886 2836 1941 2889 Si
1981 2837 2112 2892 fides
2135 2849 2316 2894 nostra
2352 2842 2514 2895 estin
2549 2841 2762 2897 Patrem
2790 2857 2843 2899 et
2869 2845 3086 2913 Filium,
3119 2860 3280 2922 atque
3322 2854 3394 2909 ita

1821 2929 2158 3000 baptizamur
2188 2951 2201 2986 :
2230 2949 2476 3002 quautam
2527 2935 2842 2991 fraternitas
2898 2939 2952 2992 in
3005 2945 3105 3020 hoc
3133 2947 3395 3012 apparet?

1819 3033 1913 3074 aut
1939 3038 2047 3091 quo
2079 3035 2235 3092 pacto
2253 3026 2485 3080 Verbum
2512 3025 2678 3082 frater
2705 3043 2826 3084 esse
2854 3041 3017 3098 queat
3064 3033 3182 3104 ejus
3241 3037 3396 3107 cujus

1819 3126 1900 3170 est
1929 3117 2157 3170 Verbum
2177 3118 2199 3170 ?

2417 3235 2523 3306 23
2563 3236 2791 3294 ALIUD.

1892 3346 2052 3403 Pater
2094 3357 2147 3402 et
2202 3348 2369 3404 Filius
2427 3366 2530 3405 non
2590 3369 2654 3406 ex
2707 3355 2889 3426 aliquo
2934 3357 3202 3430 principio
3245 3364 3395 3432 prius

1821 3441 2117 3494 exsistente
2150 3441 2256 3494 orti
2291 3452 2439 3508 sunt,
2469 3454 2525 3497 ut
2557 3445 2753 3501 fratres
2785 3451 2997 3504 censeri
3023 3455 3251 3521 possint.
3286 3457 3395 3512 Sed

1821 3529 1980 3583 Pater
2014 3529 2338 3598 principium
2391 3541 2478 3585 est
2529 3532 2674 3599 Filii,
2722 3546 2775 3588 et
2807 3537 2980 3606 gignit
3028 3538 3245 3606 Filium,
3280 3559 3397 3598 ma-

1823 3635 2021 3692 netque
2072 3620 2250 3686 Pater,
2282 3638 2457 3693 neque
2508 3626 2676 3680 Filius
2709 3628 3025 3698 cujusquam
3059 3632 3277 3690 dicitur.
3329 3637 3398 3692 Et

1823 3716 1992 3772 Filius
2019 3731 2102 3774 est
2139 3720 2332 3783 Filius,
2363 3731 2418 3774 et
2447 3722 2589 3788 quod
2635 3732 2718 3777 est
2758 3732 2939 3777 manet
2972 3742 2984 3777 :
3018 3739 3194 3792 neque
3227 3725 3397 3782 frater

1821 3808 2134 3876 cujusquam
2157 3811 2453 3864 secundum
2486 3819 2735 3864 naturam
2770 3814 2988 3867 dicitur.
3026 3814 3199 3880 Quem
3234 3819 3398 3886 igitur

1822 3899 2041 3953 habebit
2080 3899 2254 3955 locum
2284 3901 2602 3958 fraternitas
2634 3904 2685 3957 in
2720 3906 2879 3960 istis?

2292 4012 2477 4066 Adhuc
2512 4013 2576 4068 de
2605 4017 2921 4071 aeternitate.

1892 4120 1948 4176 Si
1995 4124 2268 4192 perfectus
2316 4135 2401 4180 est
2436 4127 2618 4194 Pater,
2647 4129 2809 4182 etiam
2849 4133 2994 4200 quod
3046 4147 3113 4188 ex
3149 4133 3266 4204 ipso
3311 4144 3396 4190 est

1819 4213 2118 4284 perfectum
2172 4219 2295 4270 erit.
2339 4218 2405 4271 Et
2448 4218 2492 4272 si
2537 4221 2602 4272 ad
2634 4219 2756 4289 ,hoc
2802 4224 3162 4280 aaternitatem
3207 4225 3391 4292 habet,

1821 4315 2081 4359 aeternum
2106 4308 2270 4360 etiam
2301 4309 2407 4362 erit
2434 4311 2575 4376 quod
2619 4325 2684 4364 ex
2733 4321 2937 4366 aeterno
2963 4312 3125 4371 Patre
3154 4328 3259 4383 est,
3286 4335 3394 4373 non

1822 4395 1892 4448 ita
1939 4404 1996 4449 ιιι
2046 4399 2258 4451 accidat
2301 4400 2575 4455 Genitoris
2621 4404 2894 4465 essentne,
2945 4407 3038 4458 sed
3087 4421 3302 4477 semper
3343 4411 3392 4464 ei

143 4511 241 4562 οὐκ
277 4510 468 4572 ἀτελὲς
497 4509 584 4561 διὰ
627 4509 689 4561 τὸ
718 4510 777 4561 ἐν
813 4509 991 4580 χρόνῳ
1032 4508 1308 4577 γενέσθαι,
1352 4508 1494 4560 κατά
1525 4525 1678 4569 τινας
1701 4525 1713 4537 ·

1833 4488 2178 4542 :oexsistens.
2215 4489 2398 4556 Neque
2428 4492 2803 4558 imperfectum
2829 4494 2970 4558 ideo,
2998 4497 3140 4564 quod
3165 4497 3216 4550 in
3255 4508 3394 4554 tem-

144 4597 276 4651 ἀλλὰ
308 4599 536 4660 τέλειον,
567 4598 654 4650 διὰ
685 4597 746 4649 τὸ
785 4598 891 4669 πρὸ
935 4598 1134 4664 παντὸς
1183 4594 1321 4650 εἶναι
1368 4597 1582 4667 χρόνου.

827 4801 1036 4854 ΑΛΛΟ.

159 4911 559 4979 Ἐπιιπόρησις
589 4910 761 4979 ἑτέρα
794 4911 902 4991 ῥιὰ
943 4912 1053 4991 ζῆς
1092 4913 1180 4978 είς
1213 4912 1441 4966 ἄτοπον
1485 4913 1719 4982 ἀπατω-

745 4983 876 5050 γῆς,
909 4983 1115 5047 οὕτως.

217 5095 280 5146 Εἰ
322 5095 425 5146 οὐκ
457 5093 603 5147 ἐστιν
630 5095 757 5159 Υἱὸς
787 5097 814 5149 6
860 5096 954 5149 τοῦ
996 5094 1130 5150 Θεοῦ
1160 5099 1355 5166 Λόγος,
1387 5097 1500 5151 ἀλλ’
1531 5098 1589 5165 ἐξ
1624 5099 1723 5151 οὐκ

148 5184 314 5237 ὅντων
351 5185 428 5250 ὡς
461 5185 671 5256 ποίημα
704 5187 917 5255 γέγονε,
949 5188 1210 5243 δεικνύτω
1243 5190 1506 5262 πρότερον
1536 5191 1564 5241 6
1596 5189 1721 5259 βου-

148 5273 392 5342 λόμενος.
436 5273 547 5328 Εἶθ’
572 5275 713 5328 οὕτω
751 5278 962 5346 φερέτω
989 5277 1173 5330 λοιπὸν
1203 5278 1344 5332 κατὰ
1388 5281 1719 5348 ποιήματος,

147 5361 208 5412 τὸ
233 5357 347 5414 Ἦν
394 5361 491 5414 ὅτε
519 5363 628 5415 οὐκ
661 5359 759 5433 ἦν.
804 5365 865 5416 Et
898 5364 954 5416 δὲ
986 5365 1112 5418 Υίὸν
1141 5366 1302 5418 αὑτὸν
1343 5365 1402 5419 αἱ
1433 5366 1572 5418 θεῖαι
1617 5383 1721 5418 κα-

149 5451 298 5504 λοῦσι
330 5453 566 5523 Γραφαὶ,
592 5454 685 5507 καὶ
710 5454 881 5518 οὕτως
908 5457 936 5509 6
976 5456 1162 5526 Πατὴρ
1193 5455 1468 5526 ὀνομάζει,
1497 5457 1558 5509 τὸ
1594 5457 1723 5520 Υἱὸς

148 5544 320 5612 (ονομα
366 5544 466 5614 τὴν
498 5546 562 5599 ὲκ
608 5547 818 5620 Πατρὸς
852 5548 1103 5618 γέννησιν
1138 5550 1423 5620 σημαίνει’
1471 5550 1569 5602 οὐκ
1613 5551 1723 5620 ἄρα

152 5637 364 5705 ποίημα
389 5636 483 5688 καὶ
518 5637 720 5708 κτίσμα
752 5640 927 5691 ἐστίν·
964 5640 1024 5693 οὐ
1059 5639 1165 5712 γὰρ
1197 5641 1393 5696 ταυτὸν
1421 5641 1498 5711 τῷ
1525 5658 1723 5709 γεννω-

224 5749 269 5780 ³⁸
297 5749 456 5805 Prov.
483 5766 602 5813 vm,
630 5753 720 5805 25.
798 5752 843 5783 "
865 5751 1018 5807 Joan.
1054 5769 1172 5820 vut,
1202 5755 1291 5810 58.
1363 5754 1407 5786 ³⁷
1434 5755 1633 5812 Jerem.
1660 5774 1699 5824 ι,
1728 5760 1778 5813 5.

438 5843 704 5906 Ριτιιοι..
737 5845 856 5908 Gn.
889 5845 1138 5909 LXXV.

1827 4591 1977 4644 pore,
2018 4577 2170 4646 juxta
2216 4581 2569 4646 quorumdam
2620 4586 2951 4652 Opinionem.
2999 4589 3236 4651 genitum
3285 4591 3387 4656 sit;

1826 4669 1917 4721 sed
1947 4668 2265 4737 perfectum,
2305 4668 2447 4737 quod
2478 4680 2600 4724 ante
2633 4690 2793 4727 Otum:
2820 4691 3029 4742 tempus
3056 4677 3302 4732 exsistat.

2493 4781 2723 4858 ALIUD.

1911 4892 2141 4955 Quazstt'o
2194 4911 2311 4948 cum
2376 4896 2673 4949 reductiona
2723 4899 2792 4951 ad
2853 4898 3172 4967 absurdum,
3230 4905 3322 4957 hoc

2516 4978 2686 5034 pacto.

1902 5098 1957 5152 Si
1991 5114 2095 5152 non
2135 5109 2216 5152 est
2249 5099 2416 5153 Filius
2449 5097 2689 5154 Verbum
2729 5101 2844 5164 Dei,
2873 5103 2964 5156 sed
2992 5118 3022 5157 e
3053 5103 3220 5157 nihilo
3253 5107 3396 5158 sicut

1829 5200 2077 5244 creatura
2115 5191 2286 5244 factus
2315 5201 2417 5255 est,
2467 5196 2567 5246 hoc
2601 5196 2750 5263 prius
2779 5197 3030 5250 ostendat
3068 5196 3162 5265 qui
3209 5197 3396 5250 volet:

1829 5297 1893 5335 ac
1917 5292 2027 5336 tum
2054 5282 2266 5336 demum
2294 5282 2460 5349 dicat,
2485 5285 2646 5338 veluti
2677 5287 2742 5340 de
2771 5297 3043 5353 creatura,
3080 5289 3228 5352 illud,
3263 5287 3394 5341 Erat

1827 5373 2038 5444 quando
2069 5389 2172 5426 non
2217 5385 2352 5428 erat.
2386 5374 2482 5428 Sin
2527 5391 2656 5431 vero
2685 5375 2878 5431 Filium
2922 5393 3075 5432 sacra
3115 5377 3392 5446 Scriptura

1828 5463 2080 5532 appellat,
2119 5475 2281 5532 atque
2336 5465 2406 5517 ita
2453 5465 2614 5520 Pater
2660 5468 2934 5534 nominat;
2992 5483 3184 5522 nomen
3229 5465 3392 5520 Filius

1829 5556 2230 5625 generationem
2271 5573 2335 5610 ex
2368 5557 2528 5612 Patre
2571 5559 2841 5630 significat
2869 5580 2881 5615 :
2911 5575 3017 5615 non
3061 5561 3222 5631 igitur
3255 5574 3392 5628 opus

1830 5657 1884 5701 et
1915 5658 2161 5702 creatura
2203 5659 2286 5704 est
2314 5669 2326 5705 :
2358 5665 2531 5722 neque
2569 5653 2712 5708 enim
2745 5654 2884 5709 idem
2921 5662 3006 5710 est
3053 5669 3174 5707 cum
3214 5655 3391 5721 genito

1857 5761 1901 5794 ³³
1935 5761 2065 5816 Dan.
2107 5779 2221 5830 xm,
2246 5763 2334 5818 42.

3009 5860 3043 5919 2
