3876 6208
487 332 557 391 43
1514 329 1571 385 S.
1616 328 1894 383 CYRlLLl
1932 327 2401 383 ALEXANDRINI
2439 331 2756 387 ARCHIEP.
3661 326 3729 387 44

488 452 752 499 creatum.
811 444 867 499 Si
913 454 1092 498 autem
1138 444 1251 497 -hoc
1303 459 1488 497 verum
1537 453 1638 507 est,
1691 459 1795 498 non
1845 443 2062 498 habebit

2180 445 2310 515 ιένῳ
2339 445 2401 500 rb
2430 446 2762 517 κτιζὸμενον.
2825 448 2884 500 El
2932 446 2988 499 δὲ
3033 446 3187 499 τοῦτο
3226 445 3459 516 ἀληθὲς,
3487 445 3584 514 οὐχ
3620 444 3731 510 ἔξει

490 536 667 590 locum
700 536 848 603 illud,
893 534 1015 589 Non
1046 544 1177 598 erat,
1211 536 1277 588 de
1306 532 1462 601 Filio,
1516 538 1658 603 quod
1696 535 1950 588 nimirum
1995 535 2059 588 de

492 628 622 683 solis
654 628 921 683 creaturis
946 629 1159 698 proprie
1194 627 1416 681 dicitur.

1170 737 1396 793 ALIUD.

568 854 625 909 Si
657 854 826 909 Filius
853 855 1065 925 genitus
1094 862 1179 908 est
1208 870 1234 907 a
1273 853 1430 907 Patre
1464 871 1476 906 :
1508 852 1635 906 illud
1668 867 1797 906 vero
1822 851 1963 921 quod
1995 866 2061 904 ex

493 945 654 1001 Patre
683 946 921 1015 genitum
954 954 1055 1009 est,
1086 945 1321 1000 Verbum
1360 944 1527 1013 ipsius
1558 954 1659 1007 est,
1697 953 1749 995 et
1778 942 2060 1012 sapientia,

492 1047 550 1092 et
588 1037 845 1107 splendor
865 1036 946 1103 ’9;
986 1038 1076 1107 qui
1128 1038 1313 1092 dicunt
1347 1035 1517 1090 :Erat
1561 1036 1769 1103 quando
1812 1051 1913 1088 non
1952 1043 2063 1088 erat

492 1124 691 1191 Filius,
723 1126 908 1195 procul
944 1125 1105 1180 dubio
1138 1134 1386 1180 asserunt
1416 1125 1580 1179 fuisse
1612 1134 1820 1194 tempus
1851 1123 2065 1191 quando

491 1214 654 1270 Pater
714 1215 921 1283 absque
976 1212 1177 1279 Verbo,
1234 1215 1440 1283 absque
1490 1212 1773 1283 sapientia,
1833 1212 2065 1281 denique

478 1305 700 1374 .absque
747 1302 970 1373 proprio
1016 1317 1114 1357 suo
1158 1302 1442 1373 splendore
1469 1303 1759 1357 exstiterit.
1806 1301 1899 1356 Sin
1937 1316 2064 1354 vero

496 1400 600 1452 hoc
631 1397 926 1451 absurdum
956 1403 1060 1462 est,
1088 1406 1236 1449 certe
1282 1394 1430 1457 illud,
1483 1393 1607 1447 Non
1636 1402 1771 1455 erat.
1809 1393 1876 1447 de
1907 1391 2061 1455 Filio,

494 1489 729 1544 otiosum
763 1487 887 1542 erit.
930 1486 1048 1541 Erit
1080 1486 1261 1555 itaque
1291 1484 1438 1538 Patri
1470 1493 1794 1539 coaeternus.

1149 1575 1376 1632 ALIUD.

497 1691 735 1759 Obiectio
776 1706 879 1744 non
915 1705 1060 1757 vera,
1088 1704 1205 1759 qua:
1242 1686 1371 1741 Filii
1404 1688 1747 1742 trternitatem
1774 1686 2071 1742 subvertere

1164 1759 1392 1813 videtur.

567 1875 648 1941 Si,
686 1875 955 1943 inquiunt,
997 1871 1177 1926 divina
1222 1881 1416 1925 natura
1449 1869 1767 1923 divisionem
1817 1883 1919 1922 non
1968 1868 2057 1921 ad-

499 1970 687 2035 mittit,
716 1982 781 2023 eo
801 1968 941 2037 quod
968 1965 1117 2019 nulla
1147 1964 1330 2033 passio
1359 1963 1411 2016 iu
1438 1976 1555 2017 eam
1584 1961 1726 2014 cadit
1753 1960 1894 2030 (quae
1922 1959 2063 2013 enim

494 2059 737 2131 passioni
784 2058 1016 2113 obnoxia
1050 2066 1199 2119 sunt,
1236 2055 1301 2109 iis
1334 2055 1495 2108 etiam
1525 2051 1800 2121 proprium
1852 2062 1934 2105 est
1983 2052 2063 2104 di-

497 2152 628 2222 vidi)
660 2166 764 2206 non
796 2160 881 2205 est
911 2147 1020 2220 24
1051 2147 1313 2202 dicendus
1336 2144 1503 2199 Filius
1532 2158 1599 2197 ex
1625 2142 1860 2197 essentia
1891 2142 2066 2196 Patris

494 2258 639 2307 esse,
681 2258 748 2296 ne
772 2241 949 2312 passio
978 2241 1156 2308 aliqua
1202 2247 1257 2292 et
1286 2234 1479 2290 divisio
1509 2235 1560 2287 in
1604 2234 1835 2303 simplici
1873 2243 2063 2288 natura

494 2337 758 2391 videatur.
807 2334 864 2388 Si
900 2332 1045 2388 enim
1092 2331 1143 2384 id
1180 2328 1324 2398 quod
1379 2342 1442 2382 ex
1479 2326 1661 2394 aliquo
1689 2326 1953 2396 procedit,
1989 2327 2066 2381 di-

492 2441 708 2481 versum
757 2426 914 2495 plane
956 2436 1185 2477 numero
1236 2428 1321 2474 est
1367 2419 1435 2471 ab
1483 2433 1549 2471 eo
1602 2420 1740 2471 unde
1781 2419 2063 2486 processit,

496 2516 692 2572 divisio
724 2516 967 2584 quaedam
1000 2524 1161 2581 atque
1195 2511 1366 2564 sectio
1403 2510 1456 2561 in
1491 2509 1667 2562 divina
1701 2518 1893 2563 natura
1920 2511 2066 2565 vide-

496 2612 606 2670 tur,
648 2605 694 2658 si
736 2621 840 2658 non
887 2602 1246 2663 ertrinsecus,
1289 2602 1380 2653 sed
1445 2614 1631 2654 revera
1684 2616 1749 2655 ex
1793 2601 1908 2669 ipsa
1940 2616 2063 2670 pro-

496 2696 729 2750 cessisse
757 2693 950 2747 Filium
993 2701 1317 2745 statuamus.
1352 2687 1408 2742 Si
1441 2705 1568 2743 vero
1598 2690 1933 2746 extrinsecus
1961 2698 2065 2755 est,

498 2800 626 2854 ergo
655 2798 817 2853 super
845 2784 1098 2846 accessit,
1141 2795 1313 2850 neque
1343 2790 1426 2835 est
1463 2780 1611 2835 Patri
1634 2792 1956 2837 coaeternus.

1006 2957 1205 3011 Qolutio
1239 2958 1562 3027 objectiouis.

569 3070 704 3124 Male
745 3070 1102 3137 imperiteque
1146 3083 1436 3138 corporum
1486 3068 1843 3137 proprietates
1884 3068 2065 3124 incor-

498 3176 676 3231 porea:
707 3160 958 3216 essentia:
990 3159 1424 3213 accommodant.
1477 3157 1532 3211 In
1567 3159 1882 3228 corporibus
1922 3160 2064 3212 enim

498 3263 647 3308 recte
697 3252 805 3307 dici
842 3260 1021 3320 potest
1053 3250 1169 3304 ﬁeri
1218 3251 1524 3318 passionem
1573 3260 1626 3303 et
1678 3250 1972 3304 sectionem
2007 3265 2069 3304 ac

498 3344 856 3411 divisionem;
903 3351 957 3396 at
1006 3341 1059 3395 in
1093 3350 1341 3395 naturam
1373 3342 1749 3411 incorpoream
1798 3342 1935 3395 nihil
1970 3342 2068 3395 ho-

500 3452 619 3490 rum
676 3437 844 3490 cadit.
891 3432 949 3488 Si
990 3447 1118 3488 vero
1169 3433 1310 3488 Deus
1358 3435 1711 3502 incorporeus
1753 3443 1853 3497 est,
1901 3433 2070 3503 gignit

497 3529 634 3582 citra
672 3529 752 3581 sui
804 3526 1148 3594 divisionem,
1184 3536 1409 3599 generat
1462 3527 1598 3581 citra
1649 3526 1965 3580 sectionem.
2008 3524 2067 3579 Si

500 3622 718 3690 quidem
748 3621 914 3674 etiam
961 3620 1100 3691 ignis
1129 3620 1299 3691 gignit
1320 3634 1385 3674 ex
1408 3633 1465 3673 se
1494 3617 1697 3681 lumen,
1753 3616 1952 3671 nullam
1987 3626 2069 3671 ta-

500 3728 622 3767 men
646 3712 959 3767 divisionem
985 3712 1207 3780 patitur,
1236 3710 1447 3764 tametsi
1474 3708 1804 3778 cogitatione
1828 3709 2067 3779 separari

500 3803 892 3874 quodammodo
926 3804 994 3857 ab
1037 3818 1103 3859 eo
1131 3804 1379 3857 videatur
1406 3802 1458 3856 id
1491 3800 1637 3870 quod
1677 3815 1741 3855 ex
1782 3815 1848 3855 eo
1878 3815 2067 3868 procec

499 3898 597 3950 dit.
632 3893 689 3948 Si
724 3895 846 3965 quis
871 3909 998 3949 vero
1032 3907 1310 3962 corporea:
1354 3890 1662 3947 necessitati
1696 3892 2067 3958 incorpoream

499 3998 750 4041 naturam
799 3986 1076 4055 subjiciat,
1130 3986 1329 4039 mentis
1363 4000 1473 4039 suae
1521 3981 1943 4039 imbecillitatem
1988 3982 2071 4036 iu-

500 4086 672 4144 cuset,
705 4091 823 4145 quae
852 4091 915 4130 ea
943 4075 1247 4144 intelligere
1274 4076 1462 4145 nequit
1494 4089 1612 4142 quas
1644 4084 1854 4127 natura:
1891 4074 2071 4130 incor-

501 4178 677 4233 porea;
705 4164 1055 4218 conveniunt.
1084 4163 1150 4217 Et
1178 4177 1392 4218 rursum
1426 4180 1439 4215 :
1472 4162 1527 4216 Si
1561 4162 1802 4217 nonnulli
1833 4163 1884 4217 in
1914 4162 2070 4219 intel-

460 4284 461 4291 ι
500 4254 711 4323 ligenda
762 4262 964 4307 aeterna
1008 4251 1133 4306 Filii
1187 4266 1252 4305 ex
1283 4261 1487 4305 aeterno
1533 4248 1693 4304 Patre
1723 4251 2070 4320 generatione

501 4345 784 4408 laborant,
833 4354 997 4411 atque
1026 4343 1145 4397 ideo
1174 4342 1448 4411 corporeis
1482 4340 1783 4395 rationibus
1822 4349 2067 4397 naturam

500 4436 876 4533 incorpoream
925 4433 1222 4502 subjiciunt
1254 4450 1269 4487 :
1303 4448 1424 4487 cum
1451 4446 1654 4533 “neque
1700 4433 1826 4502 quid
1877 4433 1948 4488 sit
1988 4434 2067 4488 vel
2101 4459 2203 4533 υῆ

502 4524 679 4593 qualis
712 4524 1011 4579 secundum
1055 4535 1303 4576 naturam
1351 4523 1423 4577 sit
1451 4519 1611 4576 Pater
1641 4536 1744 4576 non
1777 4523 2070 4587 inveniant,

504 4624 702 4683 negent
749 4616 913 4670 etiam
964 4617 1160 4684 ipsum.
1216 4613 1274 4669 Si
1328 4629 1455 4668 vero
1497 4629 1559 4667 ea
1608 4628 1728 4683 quae
1766 4630 1930 4684 supra
1976 4630 2074 4671 nos

504 4712 654 4771 sunt,
684 4704 789 4759 ﬁde
830 4704 1331 4774 apprehenduntur,
1365 4714 1419 4759 et
1445 4702 1565 4756 Filii
1601 4704 1878 4771 generatio
1911 4718 2071 4774 supra

507 4809 609 4851 nos
657 4805 764 4863 est,
840 4810 996 4850 nemo
1064 4797 1208 4850 enim
1274 4795 1390 4863 ejus
1436 4797 1834 4864 generationem
1884 4812 2074 4859 narra-

508 4888 606 4952 bit,
662 4896 722 4943 ut
770 4888 847 4942 ait
894 4888 1155 4958 prepheta
1192 4887 1260 4950 ιο,
1295 4888 1461 4941 etiam
1507 4888 1609 4942 hoc
1658 4888 1762 4942 [ide
1808 4888 2071 4957 suscipia-

510 4987 615 5043 tur,
647 4976 968 5045 irritumque
998 4976 1070 5029 sit
1106 4976 1258 5041 illud,
1292 4976 1416 5029 Non
1446 4988 1581 5044 erat,
1628 4992 1693 5032 ex
1733 4978 1952 5033 humani
1992 4980 2075 5034 iu-

511 5068 752 5123 tellectus
782 5067 1156 5122 imbecillitate
1188 5068 1479 5124 invectum.

946 5178 1176 5234 ALIUD.
1218 5180 1293 5235 De
1317 5184 1629 5237 aeternitate.

512 5293 856 5365 Syllogismus
890 5296 1261 5365 cumrquadam
1292 5296 1577 5365 quwstione
1602 5299 1899 5362 connexus,
1934 5306 2069 5357 unde

580 5365 844 5433 colligitur
892 5364 1241 5430 conﬁtendum
1293 5382 1443 5419 esse:
1482 5364 1565 5419 Ex
1622 5372 1844 5423 essentia
1893 5371 2070 5426 Patris

579 5449 708 5497 esse,
744 5450 845 5487 non
882 5434 1206 5488 extrinsecus
1237 5437 1514 5490 accessisse
1547 5434 1791 5494 Filium:
1820 5440 1865 5493 si
1895 5452 2073 5496 autem

580 5504 655 5555 ita
685 5512 783 5569 est,
824 5513 1138 5558 cowternum
1164 5505 1322 5559 etiam
1356 5505 1513 5560 Patri
1538 5522 1667 5561 esse.

586 5749 630 5783 ”
659 5747 681 5804 l
708 5749 839 5808 Cor.
867 5766 907 5822 ι,
937 5748 1041 5821 24;
1075 5750 1239 5810 Hebr.
1270 5767 1307 5821 ι,
1344 5752 1397 5808 5.
1438 5752 1519 5826 ,βο
1547 5751 1648 5812 lsa.
1684 5766 1799 5821 LIII,
1835 5750 1886 5809 8.

2161 540 2323 592 τόπον
2354 540 2434 603 rb,
2478 543 2599 594 Οὐκ
2654 537 2754 610 ἦν,
2789 543 2873 611 ἐφ’
2907 541 3059 604 Υίοῦ,
3099 539 3240 595 κατά
3298 540 3474 610 μόνων
3507 541 3733 608 κτισμά-

2160 650 2267 686 των
2303 634 2505 703 κυρίως
2537 633 2844 704 τιθέμενον.

2863 748 3068 800 ΑΛΛΟ.

2232 862 2292 912 ΕΞ
2336 859 2601 929 ἐγεννήθη
2640 861 2668 912 ὁ
2702 860 2828 923 Υἱὸς
2876 860 3023 930 παρά
3071 858 3162 912 τοῦ
3200 858 3430 929 Πατρδς,
3470 858 3530 909 τὸ
3570 858 3625 911 δὲ
3672 859 3736 910 ὲκ

2162 951 2254 1002 τοῦ
2302 949 2510 1020 Πατρὸς
2560 949 2816 1018 γεννηθὲν
2873 950 3099 1017 ΰΛόγος
3147 950 3294 1001 ἐστὶν
3342 947 3533 1011 αὑτοῦ,
3578 948 3670 999 καὶ
3698 950 3732 1015 ἡ

2166 1043 2347 1111 σοφία,
2373 1044 2463 1095 καὶ
2489 1041 2549 1094 rb
2576 1041 2934 1111 ἀπαύγασμα,
2962 1042 3009 1093 οἱ
3036 1041 3283 1108 λέγοντες
3304 1057 3317 1070 ·
3351 1034 3461 1093 Ἦν
3496 1038 3593 1093 ὅτε
3625 1043 3736 1093 οὐκ

2166 1135 2244 1203 ἦν
2268 1138 2301 1187 ό
2328 1135 2478 1199 Υἱὸς,
2505 1134 2761 1202 ἄντικρυς
2786 1132 3056 1201 λέγουσιν,
3086 1128 3194 1185 Ἦν
3223 1133 3309 1185 ὅτε
3338 1131 3529 1199 ἄλογος
3543 1127 3610 1202 ἦν
3642 1132 3739 1186 καὶ

2165 1227 2382 1293 ἄσοφος,
2409 1228 2499 1278 καὶ
2528 1226 2696 1295 χωρὶς
2720 1225 2814 1277 τοῦ
2843 1225 2973 1276 ἰδίου
3005 1224 3439 1293 ἁπαυγάσματος
3464 1225 3491 1276 ὁ
3522 1224 3735 1293 Πατήρ.

2167 1318 2230 1370 Εἰ
2264 1319 2318 1371 δὲ
2361 1317 2516 1370 τοῦτο
2548 1317 2769 1380 ἄτοπον,
2813 1316 3042 1387 ἀργήσει
3081 1317 3298 1377 πάντως
3328 1314 3419 1367 ἐπὶ
3472 1314 3566 1367 τοῦ
3606 1313 3737 1367 Υίοῦ

2168 1408 2247 1473 τὸ,
2281 1411 2401 1462 Οὐκ
2440 1405 2537 1463 ἦν.
2570 1409 2760 1460 Ἔσται
2795 1403 2887 1459 οὖν
2917 1406 2993 1459 τῶ
3029 1405 3205 1476 Πατρὶ
3242 1402 3525 1466 συναῖδιος.

2851 1582 3051 1634 ΑΛΛΟ.

2180 1696 2497 1761 Ἀντίθεσις
2526 1712 2635 1749 ουκ
2670 1695 2924 1761 ἀληθὴς,
2954 1694 3306 1761 ἀνατρέπειν
3332 1692 3595 1747 δοκοῦσα
3633 1694 3742 1747 τοῦ

2729 1766 2861 1820 Υἰοῦ
2892 1764 2956 1818 τὸ
2990 1764 3202 1818 ἀΐδιον.

2237 1879 2299 1931 Εἰ
2336 1878 2527 1948 τομὴν,
2561 1879 2744 1947 φησὶν,
2773 1879 2806 1948 ἠ
2842 1876 2961 1930 Θεία
2982 1876 3142 1946 φύσις
3167 1877 3269 1930 οὐκ
3299 1876 3623 1947 ἐπιδέχεται,
3655 1876 3745 1930 διὰ

2164 1971 2225 2022 τὸ
2263 1970 2337 2041 μὴ
2381 1967 2521 2023 εἶναι
2563 1968 2767 2033 πάθους
2814 1970 3066 2041 δεκτικὴν
3115 1964 3227 2040 (οἶς
3268 1970 3375 2041 γὰρ
3414 1971 3474 2023 τὸ
3512 1971 3745 2040 πάσχειν

2166 2060 2308 2114 κατά
2342 2059 2502 2127 φύσιν
2537 2059 2801 2129 ὑπάρχει,
2849 2059 3057 2122 τούτοις
3112 2059 3258 2111 ἐστὶν
3290 2060 3485 2110 οἰκεῖον
3534 2057 3630 2110 καὶ
3680 2056 3745 2108 τὸ

2165 2150 2504 2222 τέμνεσθαι),
2532 2151 2593 2203 ού
2628 2149 2732 2221 χρὴ
2761 2150 2940 2218 λέγειν
2971 2150 3035 2202 ὲκ
3062 2150 3160 2220 τῆς
3192 2149 3380 2211 οὐσίας
3405 2146 3497 2202 τοῦ
3529 2143 3744 2216 [ἰατρὸς

2166 2238 2306 2299 εἶναι
2338 2243 2428 2296 τὸν
2464 2242 2613 2308 Υἱὸν,
2657 2242 2741 2296 ἵνα
2772 2242 2847 2311 μή
2890 2258 2942 2293 τι
2975 2240 3146 2304 πάθος
3176 2240 3270 2293 καὶ
3315 2239 3581 2311 διαίρεσις
3614 2240 3746 2309 περὶ

2165 2336 2262 2406 τὴν
2292 2334 2468 2406 ἁπλῆν
2502 2333 2758 2405 φαίνηται
2789 2332 2971 2402 φύσιν.
3015 2334 3077 2386 Εἰ
3111 2333 3219 2403 γὰρ
3248 2332 3306 2384 rb
3336 2330 3400 2384 ἐκ
3435 2347 3578 2393 τινος
3609 2346 3746 2399 προ-

2167 2428 2339 2492 ελθὸν,
2368 2427 2553 2497 ἕτερόν
2586 2443 2638 2478 τι
2684 2425 2901 2487 πάντως
2942 2424 3017 2496 τῷ
3048 2422 3265 2497 ἀριθμῴ
3302 2424 3430 2494 παρ’
3455 2425 3651 2483 ἐκεῖνο,
3687 2418 3747 2483 ἐξ

2165 2515 2225 2574 οὗ
2260 2522 2355 2573 καὶ
2390 2518 2648 2591 προῆλθε,
2690 2518 2954 2589 μερισμός
2985 2534 3068 2580 τις
3100 2517 3195 2569 καὶ
3224 2515 3457 2586 διακοπὴ
3490 2514 3617 2583 περὶ
3647 2512 3746 2581 τὴν

2167 2612 2316 2664 θείαν
2346 2611 2536 2680 ὁρᾶται
2567 2607 2747 2677 φύσιν,
2774 2608 2821 2659 εἰ
2858 2606 2933 2677 μὴ
2964 2605 3183 2672 ἔξωθεν,
3216 2604 3329 2657 ἀλλ’
3356 2604 3522 2663 ὅντως
3554 2602 3612 2667 ea
3642 2600 3741 2652 αύ-

2164 2703 2262 2772 τῆς
2294 2700 2516 2770 δοίημεν
2553 2699 2833 2771 προελθεῖν
2864 2697 2957 2751 τὸν
2987 2698 3135 2751 Υίὸν.
3165 2698 3228 2751 El
3263 2697 3321 2749 δὲ
3348 2695 3544 2760 ἔξωθέν
3574 2697 3745 2756 ἐστιν,

2167 2792 2604 2865 ὲπισυμῦέϐηκεν
2645 2791 2782 2862 ἄρα,
2828 2792 2925 2843 καὶ
2958 2791 3057 2842 οὐκ
3105 2789 3217 2842 ἔστι
3269 2789 3346 2861 τῷ
3398 2786 3574 2857 lla-cpi.
3624 2803 3748 2838 συν-

2166 2885 2353 2947 αἳδιος.

2660 2974 2813 3044 Πρὸς
2836 2974 3011 3028 τοῦτο
3046 2975 3245 3040 λύσις.

2238 3088 2439 3153 Κακῶς
2470 3090 2562 3143 καὶ⁵
2589 3089 2932 3153 ἀπαιδεύτως
2960 3090 3029 3142 τὰ
3066 3089 3336 3159 σωμάτων
3370 3085 3473 3138 ῑδια
3505 3087 3570 3156 τῇ
3604 3085 3748 3138 ἀσω-

2171 3184 2325 3254 μάτῳ
2351 3182 2494 3244 τινὲς
2525 3181 2928 3252 προσάπτουσιν
2962 3180 3139 3251 οὐσίᾳ.
3181 3179 3305 3231 Ἐπὶ
3340 3176 3606 3247 σωμάτων
3648 3179 3749 3247 μὲν

2168 3273 2275 3342 γὰρ
2306 3271 2536 3342 ἁρμόσει
2568 3271 2769 3339 λέγειν,
2812 3270 2981 3333 πάθος
3009 3270 3253 3338 γίνεσθαι
3296 3268 3392 3320 καὶ
3434 3266 3604 3337 τομὴν
3656 3268 3749 3319 καὶ

2167 3363 2457 3433 διαίρεσιν·
2502 3362 2593 3413 ἐπὶ
2624 3362 2681 3415 δὲ
2712 3363 2812 3432 τῆς
2856 3363 3155 3432 ἀσωμάτου
3201 3361 3412 3430 φύσεως
3441 3359 3589 3412 οὐδέν
3633 3361 3748 3411 ἑστι

2167 3455 2277 3507 τῶν
2314 3453 2587 3507 τοιούτων.
2636 3454 2697 3504 Εἰ
2743 3453 2798 3506 δὲ
2836 3452 3124 3523 ἀσώματος
3172 3454 3199 3504 ὁ
3235 3451 3396 3514 Θεὸς,
3444 3451 3618 3502 τίκτει
3674 3449 3748 3519 μὴ

2172 3547 2547 3617 μεριζόμενος,
2592 3547 2757 3616 γεννᾷ
2794 3544 2868 3615 μὴ
2903 3544 3254 3615 τεμνόμενος.
3299 3541 3514 3609 Ἐπειδὴ
3552 3540 3647 3592 καὶ
3689 3540 3748 3590 τὸ

2169 3637 2280 3708 πῦρ
2325 3638 2386 3702 ἐξ
2427 3637 2621 3690 ἑαυτοῦ
2661 3636 2835 3689 τίκτει
2882 3635 2942 3687 rb
2987 3634 3136 3702 φῶς,
3189 3632 3443 3701 οὐδεμίαν
3480 3630 3748 3699 ὑπομένον

2166 3731 2448 3802 διαίρεσιν,
2480 3729 2583 3782 κᾶν
2612 3731 2677 3796 τῇ
2720 3726 2932 3797 ἐπινοίᾳ
2962 3724 3285 3795 χωρίζεσθαι
3318 3724 3446 3793 δοκῇ
3493 3739 3612 3785 πως
3653 3722 3750 3773 αύ-

2169 3821 2262 3872 τοῦ
2299 3821 2361 3871 τὸ
2396 3820 2456 3885 ἐξ
2497 3822 2661 3874 αὐτοῦ
2706 3820 2989 3891 προελθόν.
3037 3818 3185 3870 Εἰδέ
3218 3834 3299 3880 τις
3345 3819 3461 3879 ταῖς
3505 3831 3751 3883 σωματι-

2171 3915 2293 3976 καῖς
2315 3914 2577 3982 ἀνάγκαις
2610 3913 2898 3965 ὑποϐάλλοι
2929 3910 2988 3963 rb
3022 3909 3329 3980 ἀσώματον,
3364 3906 3627 3961 αἰτιάσθω
3657 3905 3752 3957 τοῦ

2170 4006 2370 4057 οίκείου
2404 4003 2494 4056 νοῦ
2522 4003 2617 4071 τὴν
2650 4002 2957 4065 ἀσθένειαν,
2981 4002 3040 4053 ού
3079 4000 3376 4069 δυναμένου
3415 4001 3553 4050 νοεῖν
3579 3997 3649 4049 τὰ
3682 4000 3749 4066 τῇ

2172 4095 2445 4165 ἀσωμάτῳ
2479 4096 2753 4163 πρέποντα
2791 4093 2975 4162 φύσει.
3016 4093 3125 4144 Καὶ
3164 4091 3351 4145 πάλινο
3384 4090 3431 4141 εί
3464 4086 3754 4143 ἀσθενοῦσί

2169 4205 2314 4251 τινες
2344 4187 2472 4255 περὶ
2497 4186 2556 4239 rb
2587 4187 2778 4255 νοῆσαι
2805 4186 2903 4257 τὴν
2932 4185 2991 4253 ἐξ
3020 4185 3188 4239 ἀϊδίου
3221 4182 3430 4255 Πατρδς
3459 4181 3627 4235 ἀΐδιον
3657 4180 3754 4233 τοῦ

2170 4279 2301 4333 Υίοῦ
2333 4280 2606 4346 γέννησιν,
2633 4279 2720 4332 διά
2747 4296 2806 4331 τε
2834 4279 2993 4331 τοῦτο
3021 4281 3141 4341 ταῖς
3172 4277 3505 4347 σωματικαῖς
3529 4273 3757 4327 ἀκολου-

2169 4371 2309 4434 θίαις
2342 4371 2695 4425 ὑποϐάλλουσι
2723 4371 2782 4423 τὸ
2810 4369 3118 4439 ἀσώματον,
3152 4368 3337 4437 ἐπειδὴ
3367 4366 3461 4419 καὶ
3486 4364 3541 4416 τί
3571 4367 3753 4429 ἐστιν,

2234 4460 2469 4525 ποδαπὸς
2496 4464 2523 4514 ὁ
2552 4461 2740 4529 Πατὴρ
2767 4460 2907 4513 κατά
2932 4463 3030 4530 τὴν
3057 4459 3215 4528 φύσιν
3245 4460 3341 4528 οὐχ
3386 4456 3757 4523 εὑρίσκουσιν,

2176 4552 2546 4626 ἀρνείσθωσαν
2578 4557 2673 4606 καὶ
2702 4552 2883 4606 αὐτόν.
2917 4550 2979 4604 El
3017 4551 3073 4604 δὲ
3113 4551 3290 4603 πίστει
3328 4548 3394 4601 τὰ
3424 4548 3564 4618 ὑπὲρ
3604 4548 3759 4616 ἡμᾶς

2178 4645 2691 4716 παραλαμϐάνεται,
2720 4645 2862 4716 ὑπὲρ
2894 4645 3039 4715 ἡμᾶς
3063 4643 3119 4696 δὲ
3144 4644 3238 4697 καὶ
3267 4643 3298 4712 ἡ
3334 4640 3428 4695 τοῦ
3470 4639 3600 4692 Υἱοῦ
3639 4640 3761 4707 γέν-

2178 4754 2331 4808 νησις
2349 4756 2363 4768 ο
2386 4739 2559 4801 οὐδεὶς
2585 4737 2693 4810 γὰρ
2725 4737 2887 4791 αὑτοῦ
2914 4740 3010 4809 τὴν
3036 4737 3226 4807 γενεὰν
3250 4736 3583 4806 διηγήσεται,
3613 4732 3761 4786 καθά

2177 4846 2344 4898 φησιν
2373 4830 2401 4881 ὁ
2436 4830 2741 4901 προφήτης,
2793 4829 2977 4881 πίστει
3023 4828 3259 4899 δεχέσθω
3306 4827 3400 4879 καὶ
3438 4824 3615 4887 τοῦτο,
3664 4825 3761 4876 καὶ

2177 4921 2414 4991 ἀργείτω
2434 4920 2515 4987 rb,
2543 4924 2662 4975 Οὐκ
2688 4918 2786 4992 ἦν,
2814 4924 2873 4986 ἐξ
2902 4920 3255 4991 ἀνθρωπίνων
3285 4915 3559 4988 λογισμῶν
3592 4914 3761 4968 ἀσθε-

2181 5011 2287 5073 νῶς
2320 5013 2469 5081 είσφε
2479 5012 2724 5084 ρόμενον.

2572 5193 2777 5246 ΑΛΛΟ.
2821 5194 2958 5263 Περὶ
2992 5194 3346 5263 ἁϊδιότητος.

2176 5302 2612 5377 Συλλ-ογισμύς-
2641 5304 2999 5377 μετά-τινος
3050 5309 3479 5377 ἐπαπορήσεως
3531 5310 3761 5361 areale-

2244 5372 2483 5453 τέιένος,
2520 5375 2619 5453 καί
2644 5372 3081 5453 συνάγων-θείς
3097 5449 3107 5453 _
3126 5372 3466 5453 ὁμολογίᾳῂ
3482 5378 3588 5453 τοῦ
3626 5377 3762 5453 δεῖν

2260 5442 2353 5494 Ἐκ
2390 5442 2502 5511 τῆς
2534 5445 2747 5516 οὐσίας
2780 5442 2887 5516 τοῦ
2924 5442 3181 5516 Πατρός,
3217 5442 3331 5502 Uini
3369 5449 3590 5514 ἔξωθεν
3624 5447 3760 5501 ἐπι-

2248 5515 2529 5590 τετρνότρ
2559 5513 2680 5590 τὸν.
2700 5515 2836 5590 Υἱρν
2870 5513 3349 5590 ὑπολαμϐάνειν
3377 5522 3430 5574 ει
3459 5517 3527 5571 δὲ
3552 5517 3759 5585 τοῦτο,

2251 5581 2443 5650 δῆλον
2474 5581 2562 5639 ὅτι
2588 5583 2685 5639 καί
2718 5584 2798 5651 τῷ
2836 5588 3015 5659 Πατρὶ
3054 5581 3370 5646 ἁυναΐδιον
