3876 6208
188 404 254 465 45

1573 404 2009 461 THESAURUS.

3336 398 3405 464 46

245 531 301 582 Εἰ
335 527 468 580 κατὰ
501 527 597 597 τὴν
636 528 907 597 ὑμετέραν
955 526 1230 592 ὑπόνοιαν,
1271 520 1316 579 ὦ
1346 524 1635 596 θεομάχοι,
1671 524 1729 590 ὲξ

1905 522 1961 577 Si
1988 526 2138 591 juxta
2170 532 2432 592 vestram,
2477 526 2660 582 hostes
2705 527 2822 592 Dei,
2871 525 3204 597 Opinionem,
3235 524 3405 580 Filius

180 621 269 675 οὐκ
306 621 465 673 ὄντων
493 622 641 673 ἐστὶν
668 622 695 671 ό
734 621 886 683 Υἱὸς,
922 620 1017 673 καὶ
1059 619 1158 671 οῦκ
1203 613 1272 688 ἦν
1303 617 1432 689 πρὶν
1474 614 1730 686 γεννηθῇ,

180 711 306 766 κατὰ
338 711 395 763 τὸ
441 711 684 780 μετέχειν
722 710 816 763 τοῦ
867 709 1028 771 Θεοῦ,
1076 710 1317 778 δηλονότι
1367 708 1617 779 καθάπερ
1665 708 1735 760 τά

180 802 298 856 ἀλλα
322 801 529 869 λογικὰ,
561 803 654 854 καὶ
698 801 859 864 αὐτὸς
902 801 1103 870 ἐκλήθη
1135 798 1285 863 Θεὸς,
1326 798 1421 851 καὶ
1459 797 1606 860 Υἱὸς,
1642 798 1733 850 καὶ

178 897 349 964 Σοφία.
375 893 539 946 Τοῦτο
565 893 673 963 γὰρ
716 894 950 963 ὑπάρχει
993 896 1105 954 τοῖς
1142 892 1379 959 λογικοῖς
1418 890 1731 961 κτίσμασιν,

177 982 250 1048 οἷς
271 987 328 1038 οὐ
364 984 517 1054 φύσει
545 985 605 1038 τὸ
640 986 740 1055 τῆς
774 984 1025 1054 θεότητος
1070 982 1467 1053 ἐπαληθεύεται
1511 981 1730 1044 κάλλος,

177 1078 334 1147 ἀλλ’ἢ
372 1068 463 1129 τοῦ
495 1077 729 1139 διδόντος
776 1076 935 1146 χάρις
972 1075 1254 1146 προξενεῖ·
1299 1074 1374 1136 ὡς
1410 1075 1538 1126 ὅταν
1567 1073 1730 1147 λέγῃ·

182 1187 199 1218 ι
238 1167 372 1235 Ἐγὼ
398 1164 576 1222 εἷπον·
605 1167 727 1220 Θεοί
755 1169 897 1229 ὲστε,
928 1169 1024 1221 καὶ
1052 1167 1157 1220 υἱοὶ
1190 1166 1446 1235 Ὑψίστου
1478 1166 1731 1228 πάντες.»

176 1258 353 1326 Σχὲσει
399 1258 507 1327 γάρ
534 1260 601 1329 τῇ
638 1257 773 1327 πρὸς
803 1257 932 1310 Θεὸν
964 1256 1365 1326 υἱοποιηθέντες
1416 1257 1545 1325 παρ’
1573 1256 1736 1308 αὑτοῦ

178 1347 573 1419 θεοποιούμεθα.
603 1348 666 1402 Εἰ
697 1350 877 1401 τοίνυν
907 1349 1042 1401 Θεοῦ
1078 1349 1437 1419 μετασχόντες
1466 1347 1604 1401 κατὰ
1637 1351 1738 1419 χά-

180 1458 274 1511 ριν,
299 1441 398 1493 υἱοὶ
423 1440 557 1493 Θεοῦ
584 1441 919 1512 κεκλήμεθα,
952 1441 1097 1503 τίνος
1132 1441 1200 1493 ἂν
1232 1440 1452 1511 δοίημεν
1496 1441 1738 1510 μετέχειν

177 1532 260 1583 τὸν
282 1534 470 1601 Λόγον,
497 1533 586 1586 ἵνα
611 1534 833 1605 γένηται
857 1534 983 1596 Υἱὸς
1006 1533 1039 1603 ἢ
1067 1532 1230 1599 Θεός;
1265 1533 1455 1603 Ἡμεῖς
1486 1532 1584 1602 μὲν
1610 1533 1736 1603 γάρ,

175 1626 258 1678 τοῦ
292 1627 442 1695 ἁγίου
486 1627 831 1696 Πνεύματος·
867 1627 957 1678 ἐπὶ
985 1627 1041 1679 δὲ
1070 1624 1162 1678 τοῦ
1190 1625 1365 1693 Λόγου
1394 1625 1550 1677 τοῦτο
1588 1625 1741 1695 νομί-

176 1718 299 1780 ζειν,
328 1714 557 1788 ἀμαθές.
586 1718 755 1781 Αὐτὸς
797 1720 903 1788 γάρ
934 1730 1065 1789 φησι
1112 1717 1241 1788 περὶ
1269 1716 1361 1768 τοῦ
1390 1716 1737 1786 Πνεύματος’

179 1810 320 1861 «Ὀτι
343 1811 404 1861 ὲκ
424 1809 518 1861 τοῦ
545 1808 678 1878 ἐμοῦ
700 1807 967 1877 λαμϐάνει
988 1822 1001 1836 ⁶
1035 1827 1050 1858 ι
1071 1800 1230 1870 Τίνος
1250 1802 1341 1859 οὖν
1358 1806 1464 1876 ἄρα
1488 1805 1737 1876 μετέχει;

171 1902 415 1954 Λείπεται
443 1900 646 1968 λέγειν,
675 1900 770 1953 τοῦ
824 1900 1052 1972 Πατρός.
1106 1899 1215 1951 Καὶ
1259 1898 1341 1961 τίς
1386 1900 1529 1950 ἐστιν
1568 1898 1596 1948 ό
1639 1896 1737 1965 τῆς

174 1993 452 2064 μετουσίας
485 1994 717 2064 τρόπος;
751 1993 785 2063 ἢ
819 1993 869 2045 τί
896 1993 955 2045 τὸ
984 1995 1046 2044 ἐκ
1089 1990 1183 2043 τοῦ
1221 1989 1435 2061 Πατρὸς
1463 1987 1601 2051 ἐξιὸν
1644 1982 1739 2040 καὶ

171 2087 223 2136 ἐν
259 2085 332 2155 τῷ
364 2085 508 2155 λόγῳ
548 2085 854 2155 γινόμενον,
891 2084 977 2136 ἵνα
1008 2083 1102 2136 καὶ
1131 2082 1446 2153 μετέχηται.
1477 2081 1612 2151 Φέρε
1663 2081 1739 2131 εί-

168 2175 303 2236 πεῖν,
341 2175 415 2237 ὡς
442 2175 551 2228 άπὸ
590 2175 761 2244 πυρὸς
796 2173 1067 2244 θερμότης
1094 2175 1151 2224 ὲν
1180 2170 1410 2242 σώματι,
1437 2170 1471 2241 ἢ
1503 2170 1566 2222 ἐκ
1596 2185 1737 2232 τινος

168 2262 352 2326 ἄνθους
388 2264 586 2317 εὐωδία
604 2280 618 2294 ·
651 2263 851 2334 μᾶλλον
878 2264 933 2315 δὲ
972 2264 1160 2328 ὥσπερ
1185 2265 1261 2325 είς
1288 2264 1322 2331 ἡ
1333 2261 1447 2332 μῶν
1485 2260 1546 2313 τὸ
1570 2259 1739 2313 Πνεῦ-

170 2373 258 2425 μα,
292 2357 417 2427 περὶ
458 2352 522 2411 οὗ
557 2373 719 2426 φησιν
762 2358 795 2426 ὴ
839 2356 1057 2427 Γραφήδ
1096 2374 1114 2406 ί
1146 2356 1264 2407 Ὅτι
1295 2354 1359 2406 ὲκ
1388 2351 1482 2405 τοῦ
1525 2350 1738 2422 Πατρὸς

166 2449 534 2517 ἐκπορεύεται.
562 2467 580 2498 ›
619 2447 684 2498 Τί
721 2441 812 2500 οῦν
845 2447 960 2498 ἐστι
1010 2446 1070 2497 τὸ
1106 2447 1170 2498 ἐκ
1199 2444 1292 2496 τοῦ
1336 2442 1553 2513 Πατρὸς
1595 2442 1738 2508 ἐξιὸν

164 2542 251 2593 καὶ
282 2542 337 2593 ἐν
375 2541 451 2611 τῷ
486 2540 644 2610 Λόγῳ
673 2539 957 2609 γινόμενον
979 2534 1137 2608 ;’”Λρ“
1163 2539 1226 2589 ὲκ
1263 2535 1363 2605 τῆς
1392 2536 1487 2587 τοῦ
1524 2534 1736 2605 [ἰατρὸς

162 2632 377 2695 οὐσίας,
422 2632 455 2701 ἢ
490 2630 693 2695 ἔξωθέν
743 2629 908 2683 ποθεν
944 2629 1037 2682 καὶ
1076 2628 1232 2681 τοῦτο
1284 2628 1346 2679 τὸ
1385 2626 1621 2696 ληφθέν;
1673 2627 1735 2678 Ei

165 2723 258 2792 μὲν
310 2720 401 2777 οὖν
450 2722 651 2789 ἔξωθέν
712 2725 881 2786 ἐστιν,
923 2721 1044 2774 οὐδὲ
1094 2719 1187 2772 τοῦ
1242 2718 1454 2788 Πατρὸς
1510 2717 1735 2788 μέτοχός

162 2819 301 2869 ἐστιν
350 2818 378 2868 ὁ
409 2817 562 2879 Υἱὸς,
592 2815 707 2869 ἀλλ’
737 2816 922 2885 ἐτέρου
957 2812 1102 2874 τινος
1136 2812 1377 2882 μετέχων
1427 2811 1729 2879 ἁγιάζεται,

157 2910 287 2980 ὅπερ
312 2909 428 2961 ἐστὶ
457 2909 557 2962 καὶ
594 2908 753 2977 μόνον
782 2907 1031 2975 ὲννοῆσαι
1060 2904 1335 2966 δυσσεϐὲς.
1364 2903 1427 2955 ΕΞ
1461 2902 1516 2955 δὲ
1546 2904 1609 2954 ὲκ
1634 2902 1735 2971 τῆς

157 3000 336 3061 οὐσίας
366 2999 461 3052 τοῦ
499 2998 713 3068 Πατρὸς
745 2998 1079 3067 συγχωρεῖτε
1111 2994 1349 3049 νοεῖσθαι
1379 2994 1439 3045 τὸ
1466 2993 1542 3062 τῷ
1574 2993 1733 3061 Λόγῳ

158 3090 288 3160 πρὸς
337 3090 577 3160 μετοχὴν
624 3088 756 3159 παρ’
799 3087 964 3141 αὐτοῦ
1014 3086 1438 3158 χορηγούμενον,
1483 3084 1516 3153 ἦ
1562 3085 1732 3154 τομήν

152 3199 268 3235 τινα
300 3184 394 3234 καὶ
438 3181 711 3252 μερισμὸν
755 3180 849 3232 καὶ
886 3179 1056 3242 πάθος
1104 3178 1362 3231 δύνασθαι
1413 3176 1731 3247 συμὸαίνειν

1768 1949 1810 2003 Β

154 3276 275 3346 περὶ
312 3274 408 3345 τὴν
437 3273 539 3325 τοῦ
575 3271 711 3325 Θεοῦ
744 3271 904 3340 φύσιν
930 3269 1220 3331 δεδώκατε,
1248 3270 1280 3340 ἢ
1311 3270 1561 3336 λέγοντες
1588 3270 1728 3321 ἀπα·
1754 3298 1797 3355 C

152 3365 254 3429 θῶς
282 3366 374 3418 καὶ⁹
411 3363 726 3435 ἀμερίστως
758 3365 816 3415 ὲν
844 3361 922 3432 τῷ
955 3361 1073 3431 Θεῷ
1105 3362 1174 3414 τά
1204 3360 1429 3415 τοιαῦτα
1455 3358 1724 3429 γίνεσθαι,

155 3457 323 3528 μάτην
354 3454 696 3526 ἀνατρέπετε
724 3454 824 3522 τὴν
856 3452 949 3505 τοῦ
981 3452 1111 3508 Υίοῦ
1147 3452 1420 3523 γέννησιν,
1459 3451 1725 3523 μερισμὸν

151 3548 238 3600 καὶ
267 3548 437 3611 πάθος
472 3546 606 3617 περὶ
648 3544 816 3614 αὐτὴν
846 3544 1177 3612 εἰσάγοντες.
1218 3544 1280 3596 Εἰ
1326 3544 1383 3595 δὲ
1414 3543 1726 3614 ἀμερίστως

147 3639 313 3692 τίκτει
348 3639 503 3703 Θεὸς,
533 3638 699 3707 γεννᾷ
724 3653 783 3689 τε
825 3634 1051 3697 ἀπαθῶς
1080 3634 1139 3699 ἐξ
1169 3634 1383 3701 ἑαυτοῦ,
1426 3634 1576 3689 οὐδὲν
1614 3653 1724 3688 κω-

148 3730 257 3782 λύει
283 3730 345 3782 τὸ
371 3728 634 3798 γεννηθὲν
662 3726 1038 3797 ὁμολογεῖσθαι
1064 3726 1155 3778 τὸν
1184 3726 1361 3789 ζῶντα
1384 3725 1479 3778 τοῦ
1510 3726 1724 3797 Πατρὸς

150 3820 332 3885 Λόγον.
392 3821 450 3871 ’0
496 3819 555 3870 δὲ
610 3818 669 3880 ἐξ
717 3817 888 3870 ἀϊδίου
937 3817 1150 3887 Πατρὸς
1216 3815 1513 3886 προελθὼν,
1571 3814 1721 3867 ἔσται

149 3913 356 3973 πάντως
392 3912 492 3964 καὶ
540 3911 738 3971 ἀΐδιος·
785 3908 927 3961 οὕτω
963 3908 1072 3977 γάρ
1104 3907 1169 3960 ἂν
1204 3908 1298 3960 καὶ
1330 3909 1428 3979 τὴν
1461 3907 1722 3977 πατρῴαν

150 4001 419 4069 εὐγένειαν
468 4004 612 4070 ἔχων
661 4002 755 4053 καὶ
798 3998 1079 4062 διασώζων
1124 4000 1181 4051 ὲν
1213 3998 1421 4068 ἑαυτῷ,
1466 3997 1723 4068 ἀληθεύει

148 4091 345 4160 λέγων’
380 4113 397 4143 ι
440 4094 501 4145 Ὀ
533 4090 792 4161 ἑωρακὼς
821 4091 919 4159 ἐμὲ
964 4090 1173 4161 ἑώρακε
1201 4089 1292 4143 τὸν
1323 4090 1560 4159 Πατέρα.
1594 4108 1611 4139 ι
1646 4090 1719 4142 Οὐ

148 4187 250 4257 γάρ
274 4189 330 4238 ὲν
356 4188 435 4256 τῷ
468 4185 685 4255 γενητῷ
712 4186 772 4237 τὸ
803 4186 971 4238 άῖδιον
1003 4185 1250 4252 φαίνεται

1837 630 1902 670 ex
1940 615 2107 670 nihilo
2144 617 2437 686 productus
2472 627 2576 685 est,
2609 634 2782 689 neque
2815 629 2934 673 erat
2977 619 3289 688 priusquam
3325 617 3407 685 gi‘

1839 716 2113 777 gneretur,
2149 724 2211 763 ea
2246 710 2457 765 ratione
2488 725 2592 780 qua
2635 711 2907 782 particeps
2949 721 3031 766 est
3061 711 3178 775 Dei,
3214 724 3408 779 nempe

1839 801 1981 854 sicut
2032 801 2324 856 rationales
2361 811 2648 867 creaturae,
2689 805 2852 857 etiam
2901 803 3018 872 ipse
3065 812 3288 857 vocatus
3326 802 3411 855 est

1843 889 2002 955 Deus,
2037 900 2089 944 et
2117 882 2307 959 Filius,
2342 900 2397 947 et
2436 892 2733 961 Sapientia.
2782 893 2837 948 ld
2875 894 3016 947 enim
3051 892 3407 946 rationalibus

1839 983 2107 1037 creaturis
2156 984 2435 1050 tribuitur,
2479 984 2677 1054 quibus
2722 987 2836 1053 ipsa
2881 984 3097 1040 deitatis
3140 983 3246 1053 25
3290 984 3411 1053 pul-

1839 1074 2090 1128 chritudo
2140 1074 2461 1131 naturaliter
2504 1077 2680 1131 inesse
2723 1091 2851 1131 vere
2897 1077 3002 1131 dici
3055 1092 3161 1131 non
3195 1084 3404 1145 potest;

1841 1166 1935 1218 sed
1980 1165 2152 1235 gratia
2189 1166 2373 1222 dantis
2400 1167 2502 1223 hec
2540 1169 2620 1223 eis
2664 1168 2954 1222 conciliat:
2990 1178 3048 1222 ιιι
3078 1184 3200 1223 cum
3231 1168 3362 1224 dicit
3392 1186 3407 1223 ι

1845 1274 1863 1305 ι
1894 1255 2006 1324 Ego
2033 1257 2143 1310 dixi
2166 1274 2179 1310 :
2199 1255 2278 1311 Dii
2310 1257 2467 1321 estis,
2492 1266 2548 1312 et
2569 1258 2662 1313 ﬁlii
2691 1259 2900 1314 Excelsi
2931 1274 3119 1315 omnes
3142 1254 3228 1314 ⁸⁸⁸.
3260 1279 3279 1312 ι
3300 1260 3410 1314 Re-

1841 1346 2042 1401 latione
2081 1349 2225 1403 enim
2255 1351 2321 1403 ad
2352 1350 2520 1404 Deum
2556 1350 2795 1420 adoptati
2829 1351 2896 1405 ab
2923 1351 3038 1420 ipso
3072 1350 3407 1408 deiﬁcamur.

1841 1436 1896 1491 Si
1931 1438 2092 1508 igitur
2134 1440 2226 1495 Dei
2260 1441 2545 1512 participes
2576 1441 2704 1497 facti
2758 1455 2851 1511 per
2893 1444 3149 1512 gratiam,
3187 1443 3282 1497 lilii
3316 1443 3411 1497 Dei

1840 1530 2015 1580 vecati
2063 1537 2272 1593 sumus,
2319 1530 2601 1599 cujusnam
2634 1536 2904 1603 particeps
2945 1548 3066 1589 esse
3110 1544 3413 1590 statuemus

1841 1617 2095 1683 Verbum,
2138 1629 2198 1674 ut
2237 1620 2329 1676 ﬁat
2364 1621 2529 1678 Filius
2572 1632 2663 1677 aut
2706 1623 2881 1679 Deus?
2910 1624 3018 1680 Nos
3046 1626 3190 1680 enim
3238 1626 3414 1696 Spiri-

1841 1717 1926 1764 tus
1948 1712 2119 1765 sancti
2150 1715 2563 1783 participatione
2593 1717 2644 1771 id
2679 1720 3066 1786 consequimur
3096 1736 3110 1771 :
3142 1721 3207 1772 de
3230 1718 3411 1774 Verbo

1841 1810 2019 1856 autem
2081 1804 2343 1872 ejusmodi
2396 1806 2599 1873 aliquid
2662 1810 2901 1878 cogitare
2942 1811 3237 1865 absurdum
3305 1821 3409 1865 est.

1841 1887 1960 1959 Ipse
1996 1891 2139 1945 enim
2168 1890 2236 1946 de
2267 1895 2467 1962 Spiritu
2498 1897 2630 1951 dicit
2662 1916 2675 1951 :
2709 1917 2727 1949 ι
2759 1900 3020 1964 Quoniam
3071 1902 3138 1954 (le
3170 1915 3291 1955 meo
3319 1915 3412 1955 9e-

1840 1982 2055 2051 cipit“.
2094 2002 2114 2036 ι
2146 1984 2438 2051 Cujusnam
2473 1988 2637 2056 igitur
2673 1992 2943 2058 particeps
2967 1989 3091 2045 est?
3120 1991 3408 2062 Reliquum

1838 2083 1923 2127 est
1953 2082 2010 2128 ut
2039 2075 2284 2131 dicamus
2322 2076 2520 2133 Patris.
2550 2078 2805 2145 Quaenam
2838 2096 2967 2136 vero
2998 2092 3083 2138 est
3115 2086 3411 2153 participa-

1841 2164 2004 2220 tionis
2039 2166 2216 2221 ratio?
2249 2179 2342 2222 aut
2366 2170 2494 2236 quid
2530 2185 2561 2224 a
2600 2170 2764 2225 Patre
2795 2174 3039 2241 procedit
3069 2180 3123 2228 et
3152 2176 3204 2227 in
3234 2174 3409 2229 Verbo

1838 2262 1941 2324 est,
1979 2268 2039 2312 ut
2087 2258 2233 2314 illius
2268 2263 2540 2333 particeps
2580 2260 2691 2318 sit?
2715 2264 2955 2332 Exempli
2994 2265 3191 2335 gratia,
3220 2281 3409 2336 quem-

1838 2348 2125 2404 admodum
2176 2362 2243 2407 ex
2296 2352 2419 2423 igne
2468 2355 2617 2410 calor
2650 2356 2702 2409 in
2739 2366 2987 2426 corpore,
3025 2358 3105 2413 vel
3158 2373 3222 2414 ex
3274 2359 3412 2415 ﬂore

1839 2442 2021 2512 aliquo
2050 2444 2231 2499 suavis
2274 2445 2411 2501 odor
2445 2463 2458 2500 :
2487 2457 2578 2500 aut
2618 2448 2799 2517 potius
2837 2448 2979 2503 sicut
3010 2450 3063 2503 in
3100 2465 3198 2505 nos
3240 2451 3412 2521 Spiri-

1840 2544 1945 2598 tus,
1977 2537 2043 2591 de
2072 2551 2178 2605 quo
2215 2538 2347 2593 dicit
2394 2537 2672 2609 Scriptura
2705 2556 2720 2594 :
2753 2559 2770 2591 ι
2806 2539 2959 2606 Quod
2991 2557 3056 2596 ex
3089 2539 3250 2596 Patre
3281 2559 3411 2612 pro-

1836 2626 1981 2679 cedit
2003 2626 2069 2682 ".
2103 2648 2122 2679 υ
2158 2627 2425 2694 Quidnam
2456 2630 2620 2699 igitur
2643 2641 2727 2687 est
2758 2633 2900 2701 quod
2925 2648 2953 2686 a
2977 2624 3137 2689 Patre
3163 2635 3411 2703 procedit

1835 2725 1889 2768 et
1936 2716 1990 2769 in
2033 2716 2213 2772 Verbo
2262 2719 2388 2773 est?
2449 2721 2531 2773 An
2593 2737 2661 2775 ex
2708 2724 3011 2778 substantia
3071 2724 3272 2791 Patris,
3314 2733 3410 2781 aut

1833 2808 2172 2864 extrinsecus
2203 2821 2288 2865 est
2322 2810 2375 2865 id
2412 2813 2554 2881 quod
2587 2813 2885 2883 accipitur?
2912 2815 3082 2871 Porro
3119 2818 3164 2871 si
3205 2818 3409 2872 extrin-

1835 2912 1992 2953 secus
2016 2908 2120 2967 est,
2149 2915 2253 2955 non
2278 2912 2358 2955 est
2388 2903 2571 2971 utique
2592 2902 2769 2959 Patris
2791 2906 3063 2976 particeps
3090 2904 3282 2975 Filius,
3311 2909 3405 2962 sed

1837 2990 2057 3045 alterius
2092 2990 2319 3058 alicujus
2361 2994 2776 3063 participatiOne
2816 2998 3221 3065 sanctiﬁcatur;
3264 3000 3406 3070 quod

1835 3081 1916 3134 vel
1940 3082 2180 3150 cogitare
2209 3084 2490 3150 duntaxat,
2522 3087 2745 3156 impium
2776 3096 2879 3145 est.
2901 3089 2999 3145 Sin
3027 3105 3159 3147 vero
3188 3092 3239 3146 id
3259 3091 3405 3163 quod

1834 3186 1862 3223 a
1895 3171 2057 3226 Patre
2084 3172 2224 3227 Filio
2252 3176 2683 3246 participandum
2719 3180 3116 3251 suppeditatur,
3164 3196 3233 3238 ex
3272 3184 3405 3239 sub-

1833 3264 2032 3318 Stantia
2097 3264 2214 3334 ejus
2262 3280 2383 3321 esse
2444 3270 2762 3335 conceditis,
2811 3279 2903 3325 aut
2957 3273 3253 3329 sectionem
3304 3276 3407 3330 ali-

1834 3371 2021 3425 quam.
2052 3357 2371 3412 divisionem
2422 3361 2839 3431 passionemque
2863 3363 2917 3418 in
2944 3364 3038 3418 Dei
3072 3375 3263 3421 natura
3295 3378 3406 3423 sta-

1834 3446 1910 3500 tui
1942 3461 2100 3515 posse
2137 3449 2391 3512 ceusetis,
2422 3460 2516 3503 aut
2553 3452 2791 3507 dicentes
2819 3453 2958 3509 citra
2992 3455 3153 3511 ullam
3197 3461 3405 3525 passio-

1833 3552 1955 3591 nem
1997 3553 2062 3593 ae
2103 3538 2424 3595 divisionem
2469 3543 2733 3609 ejusmodi
2779 3544 2833 3597 in
2868 3544 2978 3600 Deo
3023 3547 3161 3611 ﬁeri,
3198 3558 3405 3605 temere

1832 3625 1955 3683 Filii
1990 3629 2395 3698 generationem
2442 3632 2776 3699 subvertitis,
2824 3634 3139 3691 divisionem
3183 3650 3238 3694 et
3284 3655 3406 3710 pas-

1831 3723 2040 3775 sionem
2071 3722 2125 3774 in
2167 3721 2337 3791 ipsam
2365 3723 2704 3780 inducentest
2742 3726 2799 3781 Si
2836 3743 2965 3782 vero
2998 3729 3135 3783 citra
3177 3731 3406 3787 divisio-
3442 3751 3448 3761 ·

1831 3826 1952 3866 nem
1984 3812 2155 3881 gignit
2188 3813 2351 3881 Deus,
2383 3823 2437 3868 et
2462 3816 2665 3885 absque
2692 3818 2948 3886 passione
2973 3835 3039 3873 ex
3064 3835 3125 3875 se
3152 3832 3401 3891 generat,

1831 3903 1961 3958 nihil
1987 3904 2165 3958 obstat
2208 3910 2518 3973 quominus,
2547 3909 2598 3962 id
2625 3909 2765 3976 quod
2798 3910 3036 3979 genitum
3079 3921 3183 3980 est,
3210 3912 3397 3967 vivum

1824 3993 2002 4051 Patris
2055 3996 2291 4050 Verbum
2347 4011 2470 4051 esse
2529 4000 2898 4067 proﬁteamur.
2943 3999 3044 4067 Qui
3105 4012 3285 4056 autem
3332 4018 3399 4056 ex

1824 4095 2028 4139 aeterno
2080 4086 2238 4141 Patre
2281 4090 2568 4156 processit,
2620 4090 2725 4144 erit
2769 4092 2988 4146 omnino
3025 4093 3189 4148 etiam
3238 4102 3397 4149 teter-

1826 4194 1930 4233 nus
1961 4196 1974 4231 :
2005 4179 2078 4230 ita
2108 4180 2253 4231 enim
2283 4181 2444 4234 etiam
2471 4194 2748 4249 paternam
2792 4183 3131 4240 nobilitatem
3174 4186 3384 4241 habens

149 4291 303 4350 atque
333 4283 385 4335 in
425 4296 486 4335 se
523 4295 856 4333 conservans
887 4296 1010 4333 vere
1043 4281 1190 4346 dicit,
1236 4278 1521 4347 inquiens:
1561 4297 1577 4326 ι
1611 4276 1713 4343 Qui
1755 4274 1887 4329 vidit
1919 4287 2024 4339 me,
2092 4274 2223 4326 vidit
2245 4284 2297 4326 et
2327 4272 2542 4326 Patrem
2567 4275 2633 4327 ⁵³.
2668 4294 2686 4327 ι
2723 4275 2905 4344 Neque
2968 4278 3111 4330 enim
3136 4288 3396 4333 aeternum

149 4372 196 4423 iu
232 4385 481 4427 creatura
512 4372 739 4424 videtur,

831 4507 1032 4559 ΛΛΛΟ.

2495 4498 2721 4553 ALIUD.

210 4625 270 4677 Εί
300 4627 328 4677 ὁ
358 4626 607 4694 μετέχων
636 4622 727 4674 τοῦ
759 4620 885 4673 Υἱοῦ
914 4618 1063 4683 θείας
1095 4620 1299 4688 γίνεται
1328 4618 1581 4682 κοινωνὸς
1614 4616 1713 4686 φύ-

1896 4605 1951 4659 Si
1980 4606 2068 4676 qui
2102 4607 2369 4676 particeps
2401 4615 2485 4661 est
2514 4606 2657 4669 Filii,
2683 4609 2888 4679 {divinae
2921 4621 3126 4671 naturae
3157 4631 3393 4673 commu-

147 4731 294 4778 σεως,
324 4713 467 4766 κατὰ
496 4714 597 4782 τὴν
624 4711 717 4763 τοῦ
750 4711 956 4781 Πέτρου
988 4710 1191 4780 φωνὴν,
1221 4708 1316 4764 καὶ
1345 4710 1395 4760 εί
1434 4708 1551 4761 ναοὶ
1576 4705 1712 4760 Θεοῦ

144 4804 573 4873 χρηματίζουσιν
616 4795 697 4863 οἷς
726 4802 753 4853 ό
800 4802 975 4867 Λόγος
1016 4800 1238 4865 ἐνοικεῖ,
1281 4799 1494 4869 ἀνάγκη
1534 4797 1713 4866 λέγειν

141 4896 202 4945 ἐκ
232 4894 328 4963 τῆς
355 4894 547 4955 οὐσίας
574 4891 667 4944 τοῦ
699 4891 832 4943 Θεοῦ
862 4892 955 4945 τὸν
992 4891 1138 4945 Υίόν.
1177 4891 1288 4945 Καὶ
1323 4892 1372 4943 εί
1404 4890 1555 4944 οὐδὲν
1594 4892 1714 4942 ἐπι-

139 4985 358 5054 γενητὸν
403 4987 461 5036 ὲν
509 4982 629 5052 Θεῷ
676 4982 898 5051 (τέλειος
936 4982 1045 5052 γάρ
1077 4984 1171 5035 καὶ
1212 4981 1568 5053 ἀπροσδεὴς),
1613 4985 1714 5035 οὐκ

140 5076 451 5145 ἐπιγέγονεν
480 5077 509 5127 ὁ
540 5074 684 5139 Υἱὸς,
716 5074 829 5127 ἀλλ’
858 5071 925 5144 ἦν
958 5072 1035 5144 τῷ
1071 5074 1244 5143 Πατρὶ
1280 5073 1566 5135 συναῖδιος⁴

248 5320 274 5347 χ
421 5365 564 5428 Ἔτι,
597 5364 727 5432 περὶ
761 5362 1092 5432 ἀῖδιότητος
1127 5362 1231 5416 τοῦ
1270 5360 1425 5417 Υἰοῦ.

204 5481 426 5551 Πατέρα
456 5479 687 5549 λέγομεν
720 5480 813 5532 τὸν
850 5478 1007 5542 Θεὸν,
1037 5479 1163 5532 Υίὸν
1189 5478 1247 5531 δὲ
1279 5478 1375 5531 τὸν
1407 5477 1576 5545 Λόγον
1620 5480 1715 5529 καὶ

135 5568 283 5637 Θεὸν,
322 5572 423 5640 οὐχ
474 5569 561 5622 ἵνα
592 5568 684 5622 τὸν
720 5569 819 5641 μὲν
872 5569 1330 5641 προπῦάρχονταη,
1378 5570 1469 5622 τὸν
1507 5569 1563 5621 δὲ
1601 5570 1715 5637 μετ’

1824 4696 1969 4750 nicat
1993 4696 2143 4766 juxta
2183 4695 2329 4751 Petri
2367 4699 2715 4768 sententiam,
2751 4709 2804 4753 et
2847 4703 2891 4754 si
2932 4703 3128 4775 templa
3162 4704 3257 4763 Dei
3291 4724 3389 4765 v0-

1823 4797 2017 4843 cautur
2045 4789 2321 4859 amnesin
2354 4789 2549 4860 quibus
2573 4790 2806 4848 Verbum
2843 4795 3137 4864 habitat“,
3167 4814 3391 4857 necesse

1821 4880 2040 4935 omnino
2066 4889 2149 4935 est
2184 4879 2382 4935 Filium
2408 4894 2472 4935 ex
2514 4881 2816 4939 substantia
2848 4884 2942 4941 Dei
2976 4902 3094 4944 esse
3123 4890 3384 4947 dicamus.

1821 4972 1931 5043 26
1951 4972 2018 5025 Et
2047 4973 2093 5026 si
2127 4972 2261 5027 nihil
2295 4973 2349 5028 in
2385 4974 2493 5030 Deo
2518 4983 2604 5028 est
2629 4978 3011 5043 accessorium,
3035 4982 3150 5035 sive
3178 4982 3391 5037 extrins

1818 5072 1975 5117 secus
1992 5063 2286 5119 adveniens
2303 5063 2600 5132 (perfectus
2615 5067 2758 5120 enim
2785 5078 2939 5125 estet
2958 5071 3157 5127 nullius
3177 5075 3381 5143 egens),

1818 5170 1926 5208 non
1974 5164 2156 5224 postea
2211 5157 2439 5212 accessit
2486 5156 2687 5226 Filius,
2732 5159 2825 5215 sed
2870 5171 2990 5216 erat
3043 5162 3192 5220 Patri
3243 5180 3384 5222 eoa:-

1818 5256 2020 5304 ιετηιιε.

2157 5361 2424 5431 Amplius,
2458 5365 2523 5420 de
2557 5368 2848 5423 wternilale
2883 5368 3031 5424 Filii.

1884 5475 2097 5530 Patrem
2133 5476 2367 5533 dicimus
2393 5478 2585 5545 Deum,
2620 5480 2814 5537 Filium
2843 5492 3022 5538 autem
3054 5483 3286 5540 Verbum
3330 5497 3389 5542 et

1812 5571 2019 5633 Deum,-
2069 5584 2175 5623 non
2219 5578 2280 5625 ut
2324 5570 2477 5626 illum
2527 5573 2681 5643 prius
2717 5575 3015 5645 exstitisse,
3069 5578 3210 5633 hunc
3257 5593 3389 5634 vero

137 5663 293 5717 αὑτὸν
345 5664 615 5731 γεγονότα
664 5662 895 5734 νοῶμεν,
946 5662 1087 5716 κατὰ
1147 5662 1246 5732 τὴν
1298 5663 1355 5713 ὲν
1405 5659 1718 5731 ἀνθρώποις

1835 5669 1999 5715 ιοειοιι
2047 5658 2248 5713 factum
2306 5661 2543 5717 humano
2592 5678 2742 5720 more
2788 5665 3194 5738 intelligamus:
3226 5685 3387 5741 supe-

206 5840 271 5872 "‘
313 5840 457 5898 Psal.
493 5860 674 5911 um,
716 5844 769 5901 6.
848 5842 1066 5898 “Joan.
1106 5858 1216 5911 tm,
1248 5839 1335 5896 Η.
1413 5840 1458 5873 δ’
1488 5837 1642 5898 ιίοιιη.
1672 5854 1729 5895 xt

1835 5838 1886 5896 6.
1964 5840 2009 5872 ⁸⁸
2042 5838 2197 5898 Joan.
2228 5856 2336 5914 nv,
2375 5843 2427 5900 9.
2504 5843 2603 5920 “‘1
2634 5844 2759 5903 Cor.
2790 5862 2872 5916 tu,
2900 5848 2989 5905 t6.

1368 5932 1413 5939 »ος-

2471 5931 2515 5941 .—
