3876 6208
456 388 525 442 Π
1056 423 1067 433 .
1456 385 1515 441 S.
1555 383 1830 441 CYBILLI
1871 382 2347 439 ALEXANDRINI
2388 382 2709 441 ARCHIEP.
3663 387 3729 440 68

460 508 572 562 rior
595 507 740 562 enim
765 514 849 562 est
872 506 1017 561 omni
1050 514 1289 574 tempore
1318 505 1490 571 Deus;
1528 508 1622 562 sed
1647 516 1706 561 ut
1740 507 1890 561 illum
1915 508 2037 577 qui-

2157 507 2319 572 τάξιν·
2367 507 2481 561 ἄνω
2528 507 2637 578 γὰρ
2679 505 2879 570 παντὸς
2926 506 3123 579 χρόνου
3162 507 3333 572 Θεὸς,
3382 506 3612 561 ἀλλ’ἵνα
3643 509 3733 560 τὸν

458 598 583 654 dem
609 607 668 651 ut
695 597 1030 663 Genitorem,
1061 596 1203 666 quod
1238 595 1408 663 patris
1434 604 1519 650 est
1544 595 1820 665 proprium
1849 612 1865 661 ;
1895 596 2040 649 hunc

457 703 589 745 vero
609 700 669 744 ut
693 689 991 760 legitimum
1020 687 1217 741 Filium
1252 685 1599 742 ineﬁ‘abiliter
1625 702 1694 742 ex
1732 687 2038 742 substantia

458 780 639 837 Patris
664 779 905 850 genitum
928 778 1237 834 adoremus.
1264 778 1426 832 Pater
1450 776 1652 846 itaque,
1681 777 1806 847 quia
1829 775 2037 848 genuit,

458 873 651 941 Filius,
684 873 809 943 quia
850 872 1109 944 genitus:
1138 881 1193 927 et
1236 872 1340 927 hoc
1374 873 1549 928 solum
1594 871 1872 927 nominum
1909 884 2042 925 usus

458 980 527 1020 ex
576 966 936 1021 similitudine
992 964 1151 1020 nobis
1184 965 1472 1035 signiﬁcat.
1509 965 1567 1020 Si
1622 965 1789 1034 igitur
1828 964 1882 1018 in
1929 962 2041 1017 Deo

459 1073 684 1123 nomen,
732 1056 923 1122 Pater,
956 1056 1129 1111 solum
1178 1066 1525 1128 generautem
1561 1055 1853 1127 signiﬁcat,
1892 1053 2039 1109 nulla

457 1150 599 1204 ratio
624 1160 708 1205 est
737 1165 856 1218 quae
883 1157 1045 1219 cogat
1076 1159 1132 1203 ut
1174 1149 1337 1213 Deus,
1371 1149 1461 1218 qui
1509 1148 1629 1203 sine
1673 1157 1919 1217 tempore
1947 1161 2041 1217 ge-

458 1252 642 1307 nerat,
679 1244 890 1312 primus
927 1242 1208 1297 exstitisse
1249 1242 1485 1308 dicatur,
1515 1256 1676 1310 quam
1708 1240 1759 1294 id
1797 1239 1941 1308 quod
1972 1238 2042 1292 ab

457 1348 524 1389 eo
549 1334 791 1406 genitum
834 1340 937 1387 est.
969 1332 1036 1386 Et
1063 1332 1107 1386 si
1155 1332 1364 1387 nullum
1411 1342 1625 1401 tempus
1657 1329 2040 1399 interpositum

457 1425 564 1481 fuit
612 1426 754 1479 inter
783 1434 1137 1496 generantem
1170 1434 1222 1480 et
1278 1424 1541 1496 genitum,
1594 1438 1699 1478 non
1735 1423 1922 1492 utique
1960 1430 2043 1475 est

459 1513 732 1585 posterior
768 1523 1031 1585 tempore,
1066 1514 1161 1570 sed
1197 1523 1501 1569 coaeternus
1531 1524 1616 1569 est
1651 1511 1802 1568 Patri
1847 1510 2036 1568 Filius.

1127 1697 1361 1755 ALIUD.

533 1790 590 1845 Si
625 1789 769 1844 Deus
798 1804 866 1843 ex
914 1797 1107 1843 natura
1155 1802 1257 1842 sua
1297 1795 1381 1841 est
1426 1794 1664 1850 creator,
1713 1797 1890 1854 neque
1926 1787 2042 1838 ltzec

2150 598 2247 667 μὲν
2275 598 2352 661 ὡς
2386 598 2747 668 Γεννήσαντα,
2776 597 2916 669 ὅπερ
2943 599 3062 652 ἐστὶ
3104 599 3315 670 πατρὸς
3364 598 3495 652 ἴδιον
3516 615 3530 629 ·
3561 599 3650 653 τὸν
3679 599 3734 652 δὲ

2146 690 2221 754 ὡς
2259 692 2483 761 γνήσιον
2517 689 2644 744 Υἱὺν
2676 689 2919 762 ἄρρητον
2944 692 3010 745 ὲκ
3038 692 3138 763 τῆς
3181 690 3367 755 οὐσίας
3392 689 3487 743 τοῦ
3526 690 3736 761 Πατρὸς

2146 783 2421 855 ἐσχηκότα
2445 783 2544 856 τὴν
2571 784 2826 855 γέννησιν
2856 784 3277 856 προσκυνῶμεν.
3310 783 3502 856 Πατὴρ
3531 780 3628 839 οὖν
3656 784 3737 837 ὅτι

2146 878 2506 949 γεγέννηκεν
2545 877 2679 941 Υἱὸς
2715 878 2795 942 δὲ,
2833 878 2917 932 δτι
2963 877 3237 949 ὲγενήθη’
3270 878 3366 930 καί
3404 876 3541 947 πρὸς
3579 875 3737 946 μόνον

2145 970 2256 1024 τῶν
2289 970 2569 1041 ὀνομάτων
2601 971 2634 1040 ή
2674 970 2835 1040 χρεία
2879 972 2975 1024 καὶ
3007 969 3068 1022 τὸ
3101 969 3190 1023 διὰ
3236 969 3339 1039 τῆς
3390 968 3527 1039 πρὸς
3581 966 3737 1037 ἡμῶν

2146 1060 2460 1131 ὁμοιώσεως
2518 1060 2945 1131 σημαινόμενον.
2994 1061 3057 1113 Εἰ
3115 1062 3296 1113 τοίνυν
3345 1058 3441 1112 ἐπὶ
3491 1057 3628 1111 Θεοῦ
3678 1057 3741 1110 τὸ

2146 1153 2351 1222 Πατὴρ
2398 1154 2573 1224 ὄνομα
2622 1154 2785 1223 μόνου
2828 1152 2925 1206 τοῦ
2974 1155 3169 1225 γεννᾷν
3213 1156 3334 1206 ἐστι
3383 1150 3736 1223 σημαντικὸν,

2146 1245 2332 1308 οὐδεὶς
2374 1244 2678 1312 ἀναγκάσει
2709 1243 2867 1311 λόγος
2901 1245 3279 1314 προϋπάρχειν
3318 1240 3414 1296 τοῦ
3448 1240 3578 1295 ἰδίου
3622 1258 3740 1307 γεν-

2150 1340 2391 1408 νήματος
2419 1337 2511 1390 τὸν
2553 1337 2800 1408 ἀχρόνως
2845 1336 3116 1406 γεννῶντα
3144 1336 3298 1390 Θεόν.
3328 1335 3441 1389 Καὶ
3470 1336 3519 1387 εἰ
3550 1332 3741 1405 χρόνος

2146 1424 2215 1500 ἦν
2244 1429 2419 1492 οὐδεὶς
2458 1427 2664 1499 μεταξύ
2703 1428 2798 1481 τοῦ
2845 1429 3207 1499 γεννήσαντος
3252 1427 3347 1481 καὶ
3392 1425 3737 1496 γενηθέντος,

2148 1521 2248 1573 οὐκ
2295 1519 2634 1589 ἐπιγέγονεν,
2682 1520 2797 1574 ἁλλ’
2838 1515 2907 1591 ἦν
2936 1520 3024 1573 ἀεὶ
3068 1519 3146 1591 τῷ
3193 1519 3372 1590 [largi
3405 1517 3670 1581 συναῖδιος
3709 1517 3742 1569 6

2150 1613 2297 1677 Υἱός.

2845 1704 3056 1758 ΛΛΛΟ.

2219 1797 2283 1851 Εἰ
2316 1798 2546 1868 ποιητής
2575 1799 2692 1851 ἐστι
2737 1796 2881 1851 κατὰ
2911 1797 3072 1867 φύσιν
3110 1799 3139 1851 6
3171 1797 3325 1863 Θεὸς,
3358 1797 3453 1852 καὶ
3485 1797 3585 1851 οὐκ
3615 1797 3741 1850 ἐπι-

462 1880 691 1937 facultas
720 1881 1064 1935 extrinsecus
1092 1879 1340 1941 advenit,
1380 1889 1441 1931 ut
1476 1886 1662 1947 posset
1701 1891 1789 1931 res
1830 1882 2043 1929 creatas

2157 1889 2368 1957 γέγονεν
2395 1890 2545 1961 αὐτῷ
2570 1891 2631 1944 τὸ
2656 1889 2918 1945 δύνασθαι
2949 1890 3223 1962 παράγειν
3255 1893 3319 1943 ὲκ
3347 1889 3442 1943 τοῦ
3473 1890 3549 1961 μὴ
3586 1890 3743 1951 ὄντος

463 1988 531 2028 ex
555 1973 724 2027 nihilo
752 1972 1050 2040 producere
1079 1969 1147 2023 ad
1173 1984 1324 2035 esse;
1357 1970 1538 2023 omnia
1579 1983 1707 2023 vero
1729 1982 1827 2038 per
1848 1965 2043 2020 Filium

462 2065 596 2120 facit
630 2074 791 2134 atque
814 2073 1094 2133 operatur,
1123 2076 1229 2131 quo
1277 2072 1437 2131 pacto
1473 2076 1577 2115 non
1612 2062 1777 2115 fuerit
1823 2060 2044 2129 impium

463 2156 647 2211 dicere
679 2176 690 2210 :
742 2153 876 2207 Erat
912 2154 1123 2223 quando
1154 2170 1258 2207 non
1296 2155 1454 2207 erat?
1481 2153 1713 2207 Perinde
1744 2153 1890 2207 enim
1941 2153 2045 2206 hoc

464 2257 547 2304 est
584 2263 648 2302 ac
684 2246 732 2301 si
762 2246 911 2301 dicas
938 2265 950 2301 :
982 2245 1115 2299 Erat
1139 2246 1359 2314 quando
1388 2261 1494 2300 non
1547 2258 1668 2300 erat
1708 2244 1869 2306 Deus,
1904 2242 2046 2312 quod

463 2342 737 2413 posterius
789 2338 991 2394 factum
1040 2340 1112 2394 sit
1161 2337 1399 2393 Verbum
1454 2353 1550 2407 per
1595 2338 1738 2407 quod
1795 2339 2047 2391 universa

463 2443 645 2487 creata
683 2442 846 2487 sunt:
884 2450 903 2482 ι
932 2431 1063 2485 Sine
1111 2432 1229 2501 ipso
1264 2431 1408 2485 enim
1457 2429 1658 2484 factum
1708 2440 1789 2484 est
1834 2429 1991 2494 nihil,
2025 2447 2042 2479 ι

464 2533 526 2577 ιιι
571 2524 649 2577 ait
680 2521 920 2577 Joannes
943 2520 1011 2574 ⁸⁵.
1040 2521 1096 2575 Si
1129 2536 1257 2575 vero
1287 2535 1503 2590 semper
1540 2532 1593 2575 et
1629 2522 1923 2575 secundum
1962 2534 2051 2573 na-

467 2624 642 2672 turam
679 2625 896 2670 creator
926 2624 1010 2669 est
1042 2614 1183 2668 Deus
1215 2629 1279 2667 ac
1318 2613 1506 2680 l'ater,
1551 2626 1671 2669 erat
1705 2615 1890 2682 utique
1923 2629 2048 2667 cum

466 2709 589 2780 ipso
632 2709 678 2763 is
745 2718 840 2777 per
884 2720 1043 2775 quem
1096 2716 1313 2760 creator
1360 2715 1476 2770 est,
1532 2706 1637 2760 hoc
1680 2716 1762 2760 est
1814 2704 2050 2759 Verbum

467 2799 663 2870 ipsius.
713 2797 1178 2866 Quemadmodum
1228 2796 1374 2851 enim
1437 2796 1492 2850 id
1540 2798 1685 2868 quod
1731 2797 2055 2852 naturaliter

465 2894 677 2951 homini
717 2894 880 2959 inest,
908 2890 1150 2961 separari
1191 2891 1259 2946 ab
1291 2906 1355 2946 eo
1390 2906 1495 2947 non
1526 2898 1728 2960 potest,
1783 2891 1857 2945 ita
1889 2906 1987 2946 nec
2024 2909 2053 2945 a

469 2988 580 3042 Deo
609 2986 869 3056 quidquid
917 2986 971 3038 in
1007 2984 1123 3054 ipso
1167 2993 1221 3038 et
1252 2999 1316 3038 ex
1351 2983 1470 3052 ipso
1498 2991 1601 3037 est.
1639 2981 1736 3035 Est
1776 2991 1957 3036 autem
2000 2982 2053 3036 in

470 3078 634 3132 Patre
658 3084 712 3130 et
750 3091 815 3132 ex
864 3074 1026 3130 Patre
1057 3073 1295 3130 Verbum
1324 3093 1337 3129 :
1372 3073 1735 3145 inseparabile
1773 3075 1956 3144 itaque
2004 3084 2059 3129 et

470 3179 703 3226 εοεειεηι
711 3184 739 3221 ll
749 3184 798 3222 111
808 3206 821 3220 .

645 3262 888 3327 ALIUD,
927 3276 1020 3327 per
1066 3261 1421 3317 reductionem
1464 3264 1533 3317 ad
1563 3262 1875 3320 absurdum.

547 3375 604 3431 Si
655 3391 761 3429 non
833 3383 918 3427 est
967 3370 1139 3427 Filius
1179 3370 1325 3426 Patri
1376 3381 1719 3437 coaeternus,
1775 3370 1870 3427 sed
1925 3370 2055 3425 Erat

469 3471 680 3545 quando
705 3483 807 3522 non
831 3473 970 3530 erat,
995 3478 1053 3519 ut
1072 3481 1169 3521 vos
1195 3465 1518 3535 opinamini,
1546 3478 1771 3520 necesse
1795 3463 1901 3517 erit
1926 3477 2058 3520 con-

470 3565 668 3621 cedere
699 3562 1076 3633 imperfectam
1110 3558 1406 3632 aliquando
1433 3559 1606 3617 l‘uisse
1633 3572 1876 3617 sanctam
1932 3560 2057 3615 Tri-

468 3658 720 3712 uitatem.
755 3654 888 3709 Erat
919 3654 1063 3712 enim
1100 3654 1302 3720 unitas,
1336 3662 1394 3707 ut
1415 3652 1651 3719 videtur,
1679 3662 1807 3707 ante
1837 3651 2054 3707 Filium.

469 3749 672 3804 Postea
713 3754 894 3801 autem
937 3744 1079 3801 facta
1127 3755 1213 3800 est
1247 3744 1506 3811 Trinitas,
1530 3745 1636 3814 27
1658 3760 1782 3800 cum
1826 3743 2058 3799 accessit

470 3839 618 3910 quod
653 3836 860 3894 deerat.
902 3835 1038 3891 Cum
1069 3850 1200 3890 vero
1234 3835 1494 3904 quidquid
1532 3834 1848 3889 accessione
1878 3833 2056 3903 aliqua

472 3933 684 3997 crevit,
726 3928 1068 3986 detractione
1131 3928 1448 3982 decrescere
1494 3927 1701 3996 possit,
1761 3925 2056 3980 verendum

478 4035 556 4081 est
588 4039 657 4080 ne
678 4039 784 4095 qua
814 4022 956 4077 ratio
984 4037 1082 4077 nos
1107 4032 1268 4092 cogat
1294 4019 1567 4085 conﬁteri,
1595 4027 1843 4075 sanctam
1877 4017 2058 4073 Trini-

477 4126 643 4173 tatem
682 4132 872 4172 rursus
904 4116 971 4168 ad
1027 4114 1293 4169 unitatem
1340 4111 1510 4182 redigi
1561 4125 1738 4180 posse.
1785 4110 1842 4165 Si
1875 4118 2055 4164 autem

475 4211 551 4266 ita
580 4209 792 4266 sentire
841 4207 927 4262 vel
977 4206 1125 4275 loqui
1155 4219 1373 4260 omnem
1407 4205 1745 4274 impietatem
1789 4212 2053 4272 superat;

476 4310 597 4356 erat
655 4300 880 4356 omnino
928 4312 1147 4369 semper
1197 4312 1322 4352 cum
1374 4307 1563 4352 sancta
1615 4294 1888 4350 Triuitate
1939 4295 2057 4360 ejus

472 4395 770 4467 plenitudo.

962 4483 1172 4540 ALIUD
1211 4484 1332 4538 huic
1369 4483 1561 4537 simile.

2147 1983 2228 2045 είς
2268 1982 2329 2036 τὸ
2369 1976 2511 2035 εἶναι
2542 1983 2612 2037 τὰ
2651 1982 2816 2036 ὄντα·
2850 1982 3033 2036 πάντα
3071 1983 3128 2037 δὲ
3161 1983 3230 2036 δι’
3274 1982 3404 2036 Υἱοῦ
3453 1985 3598 2036 ποιεί
3645 1985 3743 2038 καὶ

2149 2074 2581 2146 κατεργάζεται,
2624 2075 2742 2139 πῶς
2779 2076 2880 2129 οὐκ
2929 2075 3124 2139 ἀσεϐὲς
3163 2075 3223 2128 τὸ
3260 2075 3470 2144 λέγειν’
3498 2071 3611 2133 Ἦν
3642 2076 3745 2130 ὅτε

2148 2171 2260 2221 οὐκ
2299 2165 2411 2239 ἦν;
2461 2168 2575 2223 ἴσον
2608 2169 2715 2242 γάρ
2756 2170 2904 2223 ἐστιν
2953 2170 3163 2223 εἰπεῖν·
3193 2164 3303 2222 Ἦν
3334 2169 3424 2222 ὅτε
3464 2169 3566 2221 οὐκ
3607 2164 3677 2242 ἦν
3713 2172 3743 2223 6

2148 2261 2302 2325 Θεὸς,
2336 2261 2561 2333 ὕστερον
2590 2260 2979 2333 ἐπιγενομένου
3010 2260 3105 2314 τοῦ
3138 2261 3360 2315 πάντων
3402 2260 3743 2331 δημιουργοῦ

2149 2358 2355 2425 Λόγου·
2396 2375 2415 2408 ι
2447 2357 2631 2427 Χωρὶς
2671 2355 2781 2427 γὰρ
2820 2355 2987 2410 αὐτοῦ
3021 2355 3240 2424 ἐγένετο
3268 2355 3392 2408 οὐδὲ
3435 2355 3516 2421 ἓν,
3547 2375 3566 2407 ι
3599 2356 3743 2409 κατά

2150 2451 2248 2518 τὴν
2285 2449 2535 2504 Ἰωάννου
2566 2450 2773 2520 φωνήν.
2802 2449 2864 2502 Et
2892 2448 2950 2501 δὲ
2981 2448 3068 2502 ἀεὶ
3095 2448 3188 2502 καὶ
3216 2449 3358 2502 κατά
3387 2447 3550 2518 φύσιν
3581 2465 3745 2518 ποιη-

2150 2542 2250 2611 τὴς
2288 2544 2318 2594 6
2346 2542 2479 2605 Θεὸς
2510 2543 2604 2595 κα)⁸
2630 2542 2845 2612 Πατὴρ,
2871 2536 2941 2613 ἦν
2973 2540 3081 2612 ἄρα
3111 2541 3209 2593 σὺν
3236 2540 3387 2611 αὐτῷ
3407 2541 3474 2595 δι’
3502 2534 3563 2595 οὗ
3598 2559 3749 2612 ποιη-

2151 2634 2250 2705 τὴς
2281 2633 2557 2703 ἐφαίνετο,
2582 2634 2865 2686 τουτέστιν
2894 2635 2922 2687 6
2953 2634 3123 2701 Λόγος
3179 2632 3368 2688 αὐτοῦ.
3398 2634 3609 2705 ’Ὠσπερ
3636 2632 3747 2703 γὰρ

2159 2724 2463 2796 ἀχώριστον
2514 2724 2805 2796 ἀνθρώπου
2857 2726 2967 2778 πᾶν
3005 2724 3066 2777 τὸ
3120 2725 3280 2793 φύσει
3313 2724 3511 2795 προσὸν
3564 2724 3745 2793 αὐτῷ’

2126 2816 2302 2871 οὕτω
2332 2817 2426 2871 καὶ
2472 2817 2609 2870 Θεοῦ
2653 2819 2761 2871 πᾶν
2793 2817 2854 2871 τὸ
2900 2819 2958 2870 ὲν
2994 2816 3145 2888 αὐτῷ
3191 2819 3287 2871 xai.
3331 2817 3390 2885 ἐξ
3431 2815 3619 2872 αὐτοῦ.
3657 2818 3747 2869 Ἐν

2157 2909 2331 2978 Πατρὶ
2368 2907 2426 2961 δὲ
2466 2908 2563 2961 καὶ
2607 2908 2672 2962 ἐκ
2717 2907 2929 2979 Πατρὸς
2969 2908 3000 2961 6
3035 2909 3243 2977 Λόγος·
3287 2907 3590 2981 ἀχώριστος
3637 2907 3748 2977 ἄρα

2159 2999 2252 3053 καὶ
2281 2998 2572 3062 συναῖδιος.

2355 3260 2562 3324 ΛΛΛΟ,
2592 3260 2689 3314 διὰ
2717 3260 2826 3329 τῆς
2858 3265 2946 3330 εἰς
2975 3262 3204 3318 ἄτοπον
3244 3264 3588 3335 ἀπαγωγῆς.

2227 3373 2291 3426 Εἰ
2320 3374 2421 3426 οὐκ
2453 3373 2601 3428 ἔστιν
2626 3375 2655 3427 6
2690 3377 2819 3439 Υἱὸς
2849 3377 2926 3448 τῷ
2962 3378 3137 3448 Πατρὶ
3171 3378 3461 3444 ωναῖδιος,
3493 3380 3612 3433 ἀλλ’
3637 3377 3752 3435 Ἦν

2157 3464 2255 3519 ὅτε
2288 3469 2398 3520 οὐκ
2430 3463 2533 3537 ἦν,
2561 3468 2683 3521 καθ’
2728 3471 2895 3541 ὑμᾶς,
2922 3471 3135 3542 ἀνάγκη
3170 3472 3546 3542 συνομολογεῖν
3578 3475 3750 3546 ἀτελῆ

2157 3578 2288 3614 ποτε
2334 3561 2599 3632 ὑπάρχειν
2628 3562 2725 3633 τὴν
2762 3564 2925 3633 ἁγίαν
2968 3565 3200 3636 Τριάδα.
3229 3561 3339 3619 Ἦν
3387 3566 3497 3637 γάρ
3552 3568 3747 3636 μονὰς,

2154 3652 2230 3715 ὡς
2258 3653 2425 3718 είκδς,
2455 3653 2563 3725 πρὸ
2592 3653 2742 3709 Υἱοῠ.
2772 3655 2971 3724 Γέγονε
3016 3656 3073 3710 δὲ
3113 3657 3340 3726 ὕστερον
3387 3657 3580 3728 Τριὰς,
3625 3660 3751 3711 imo

2155 3746 2450 3816 γενομένου
2497 3746 2590 3800 τοῦ
2624 3747 2924 3811 λείποντος.
2969 3748 3188 3821 Ἐπειδὴ
3233 3750 3291 3803 δὲ
3336 3752 3445 3803 πᾶν
3494 3751 3636 3820 ὅπερ
3684 3750 3752 3804 ἄν

2158 3836 2360 3907 συμϐῇ,
2392 3836 2488 3889 καὶ
2532 3838 2919 3911 ἀποσυμϐἧναι
2969 3839 3220 3903 δύναται,
3263 3839 3383 3903 δέος
3419 3840 3494 3912 μὴ
3530 3840 3627 3894 καί
3665 3858 3752 3904 τις

2156 3930 2305 4000 ἡμᾶς
2332 3929 2621 4002 ἀναγκάσῃ
2650 3929 2806 3999 λόγος
2837 3923 3124 4001 όμολογεῖν
3153 3931 3414 3986 δύνασθαι
3452 3933 3552 4003 τὴν
3585 3935 3753 4003 ἁγίαν

2156 4020 2365 4093 Τριάδα
2394 4020 2530 4091 πρὸς
2571 4021 2734 4075 ὲνάδα
2775 4022 3180 4095 παλινδρομεῖν.
3213 4024 3276 4076 Εἰ
3320 4024 3375 4077 δὲ
3410 4025 3571 4078 τοῦτο
3615 4043 3756 4097 φρο-

2155 4119 2267 4170 νεῖν
2296 4116 2328 4185 ῆ
2367 4115 2548 4185 λέγειν
2592 4118 2812 4187 ἀπάσης
2843 4120 2961 4171 ἐστὶ
2992 4119 3312 4185 δυσσεϐείας
3347 4121 3639 4185 ἐπέκεινα,
3684 4120 3755 4196 ἦν
3832 4160 3840 4180 ι

2157 4206 2244 4259 ἀεὶ
2286 4205 2425 4276 μετὰ
2465 4208 2681 4277 Πατρὸς
2711 4209 2812 4280 τῆς
2840 4210 3000 4278 ἁγίας
3030 4211 3260 4282 Τριάδος
3286 4214 3348 4266 τὸ
3378 4213 3678 4285 πλήρωμα.

2620 4476 2828 4541 ΛΛΛΟ,
2849 4495 3036 4543 τουτῳ
3062 4494 3285 4547 (moror.

549 4600 609 4657 Si
648 4600 820 4657 Filius
861 4613 966 4653 non
1008 4608 1094 4663 est
1129 4598 1406 4667 proprium
1449 4596 1697 4667 genimen
1738 4594 2049 4651 substantia

2233 4590 2295 4644 Ei
2335 4591 2434 4645 οὐκ
2469 4590 2614 4644 ἔστιν
2641 4592 2669 4643 6
2704 4590 2830 4654 Υἱὸς
2866 4591 2997 4645 ἴδιον
3031 4593 3276 4663 γέννημα
3307 4593 3407 4663 τῆς
3433 4595 3626 4660 οὐσίας
3654 4594 3751 4651 τοῦ

484 4693 689 4759 Patris,
718 4692 813 4749 sed
843 4709 911 4747 ex
943 4691 1112 4746 nihilo
1144 4689 1319 4744 factus
1347 4698 1464 4754 est,
1497 4688 1777 4744 dissimilis
1811 4689 1914 4744 sibi
1951 4688 2055 4759 ipsi

477 4786 643 4843 fuerit
665 4795 855 4840 sancta
877 4784 1119 4857 Trinitas
1144 4797 1211 4837 ex
1238 4780 1408 4836 nihilo
1430 4795 1587 4845 suam
1612 4781 2055 4837 constitutionem

475 4881 724 4936 trahens.
751 4879 927 4947 Atque
951 4876 1025 4930 ita
1053 4876 1308 4943 deinceps
1333 4883 1585 4928 creatura
1610 4873 1852 4929 Creatori
1878 4888 2053 4927 annu-

476 4970 797 5036 merabitur,
826 4977 881 5023 et
910 4980 1046 5037 opus
1078 4965 1320 5036 ejusdem
1356 4966 1459 5020 erit
1491 4980 1614 5019 cum
1646 4964 1844 5035 opilice
1877 4962 2056 5034 digni-

476 5063 626 5119 tatis.
663 5060 734 5114 At
777 5060 823 5115 si
857 5061 958 5114 hoc
999 5059 1220 5129 impium
1259 5068 1374 5123 est,
1415 5072 1520 5111 una
1570 5057 1713 5112 enim
1754 5068 1840 5112 est
1879 5057 2059 5112 Deitas

477 5157 680 5205 sanctae
703 5148 1021 5215 Trinitatis,
1049 5162 1153 5202 una
1184 5147 1525 5217 gloriﬁcatio,
1553 5149 1850 5217 eademque
1880 5148 2057 5203 domi-

479 5241 664 5307 natio;
701 5239 884 5308 inique
918 5238 1083 5308 igitur
1117 5239 1167 5292 in
1202 5236 1516 5294 differentes
1548 5239 1815 5294 essentias
1848 5238 2055 5293 scindi-

481 5345 590 5391 tur.
628 5332 745 5401 Quo
781 5342 938 5401 pacto
980 5340 1161 5387 autem
1205 5348 1311 5386 non
1352 5331 1516 5387 fuerit
1556 5330 1889 5395 absurdum,
1931 5344 2051 5384 cum

475 5426 638 5481 Pater
667 5424 738 5477 sit
767 5434 1022 5490 aeternus,
1058 5423 1259 5477 audere
1294 5423 1475 5479 dicere
1502 5424 1738 5479 Verbum
1775 5425 1920 5492 quod
1954 5423 2052 5490 ipsi

473 5518 680 5574 assidet
718 5528 931 5585 unaque
970 5525 1192 5587 regnat,
1232 5516 1524 5587 aliquando
1558 5532 1669 5572 non
1704 5515 1909 5581 fuisse;
1954 5514 2050 5568 sed

474 5608 754 5682 postmodo
788 5607 987 5661 factum
1022 5621 1162 5672 esse,
1198 5617 1251 5661 et
1288 5623 1485 5664 novum
1526 5606 1815 5679 quemdam
1858 5620 1922 5661 ac
1965 5619 2050 5660 re-

475 5718 602 5761 cens
624 5701 827 5756 factum
858 5700 1026 5756 Deum
1052 5701 1354 5757 inducere?

538 5861 587 5895 “
612 5859 767 5920 Joan.
797 5880 839 5935 ι,
861 5865 917 5922 3.

2162 4684 2407 4757 Πατρδς,
2434 4683 2546 4736 ἀλλ’
2587 4681 2645 4747 ἐξ
2678 4683 2777 4735 οὐκ
2818 4681 2984 4737 ὄντων
3013 4683 3247 4750 ἐγένετο,
3292 4684 3547 4754 ἀνόμοιος
3596 4686 3754 4741 ἔσται

2165 4756 2301 4850 πρὸς
2327 4778 2581 4848 ὲαυτὴνή
2619 4776 2749 4843 ἁγία
2781 4775 2952 4846 ἰ’ριάς
2990 4776 3048 4840 ἐξ
3079 4778 3178 4829 οὐκ
3210 4777 3379 4830 ὄντων
3409 4775 3609 4848 ἔχουσα
3655 4779 3757 4850 τὴν
3834 4756 3835 4763 γ

2165 4872 2441 4924 σύστασιν.
2482 4870 2593 4923 Καὶ
2632 4868 2814 4921 λοιπὸν
2844 4867 2905 4921 τὸ
2934 4868 3138 4940 κτίσμα
3167 4868 3245 4939 τῷ
3277 4868 3484 4940 Κτίστῃ
3528 4887 3760 4942 συναρι-

2164 4966 2400 5037 ϐμεῖται,
2428 4964 2523 5017 καὶ
2558 4962 2622 5016 τὸ
2660 4961 2874 5032 ποίημα
2906 4962 2985 5032 τῷ
3021 4966 3218 5035 ποιητῇ
3252 4962 3660 5029 συνδοξάζεται.
3696 4965 3760 5017 Εἰ

2163 5060 2220 5113 δὲ
2252 5057 2409 5111 τοῦτο
2444 5055 2661 5120 ἀσεϐὲς,
2695 5056 2793 5127 μία
2826 5055 2931 5127 γὰρ
2959 5055 3148 5127 θεότης
3176 5055 3273 5127 τῆς
3309 5055 3471 5124 ἁγίας
3498 5056 3759 5126 Τριάδος-ν

2168 5149 2266 5219 μία
2312 5146 2617 5215 δοξολογία,
2653 5146 2913 5217 κυριότης
2946 5148 2980 5218 ἡ
3027 5147 3198 5216 αὐτὴ,
3245 5146 3347 5200 οὐκ
3380 5147 3622 5216 εὐλόγως
3676 5150 3761 5211 είς

2162 5240 2452 5312 διαφόρους
2492 5238 2681 5301 οὐσίας
2711 5238 2971 5309 σχίζεται.
3023 5238 3148 5301 Πῶς
3176 5238 3233 5291 δὲ
3266 5238 3368 5292 οὐκ
3400 5240 3606 5294 ἄτοπον
3659 5240 3760 5294 τοῦ

2162 5333 2375 5404 Πατρὸς
2433 5331 2585 5396 ὄντος
2616 5329 2810 5394 ἀϊδίου,
2858 5330 2947 5383 τὸν
2999 5330 3415 5402 συγκαθήμενον
3468 5332 3621 5405 αὐτῷ
3661 5334 3761 5387 καὶ

2164 5422 2633 5495 συμϐασιλεύοντα
2679 5420 2852 5489 Λόγον
2905 5420 3175 5492 τολμῆσαι
3226 5421 3405 5491 λέγειν
3455 5424 3556 5477 οὐκ
3612 5418 3762 5480 εἶναι

2163 5516 2262 5588 μέν
2295 5531 2425 5568 ποτε
2444 5531 2458 5546 ·
2490 5511 2871 5581 ,ὲπιγεγονέναι
2904 5511 2961 5567 δὲ
3010 5512 3258 5585 ὕστερον,
3306 5513 3403 5568 καὶ
3437 5514 3763 5585 πρόσφατον

2159 5611 2289 5681 ἡμῖν
2322 5605 2671 5678 είσφέρεσθαι
2707 5603 2840 5658 Θεόν
2863 5622 2879 5673 ;
