3876 6208
169 285 235 340 49
1562 301 2001 359 THESAURUS.
3339 317 3407 372 50

796 412 809 426 ‘
835 408 1038 463 ΔΛΔΟ.

2503 422 2732 479 ALIUD.

232 510 382 581 Πηγή
411 515 602 581 σοφίας
640 518 734 570 καὶ
768 515 913 590 ζωῆς
938 522 1181 579 καλεῖται
1208 525 1301 579 καὶ
1328 524 1473 579 ἔστιν
1500 528 1528 580 6
1566 525 1716 588 Θεὸς.

1894 525 2033 583 Fons
2065 531 2341 601 sapientia:
2373 543 2427 589 et
2459 535 2579 590 vita:
2607 546 2833 591 vocatur
2860 547 2911 592 et
2944 549 3028 595 est
3062 540 3225 597 Deus.
3259 544 3398 598 Nam

165 602 254 653 Διά
292 603 388 671 μὲν
429 606 538 676 γὰρ
574 606 835 679 Ἱερεμίου
883 614 1047 683 φησίν
1073 631 1090 647 ο
1132 633 1151 667 ι
1190 616 1318 686 Ἐμὲ
1367 616 1721 684 ἐγκατέλιπον

165 692 332 762 πηγὴν
361 692 549 758 ὓδατος
592 697 811 764 ζῶντος.
841 720 861 753 ι
898 704 1009 757 Καὶ
1052 707 1215 762 πάλιν
1234 725 1248 738 ·
1286 725 1306 759 ι
1336 707 1534 778 Θρόνος
1563 706 1723 778 δόξης

164 783 452 852 ὑψωμένος,
478 788 722 860 ἀγίασμα
753 793 929 863 ἡμῶν,
962 798 1205 871 ὑπομονὴ
1238 799 1468 871 Ἰσραὴλ,
1494 801 1718 872 Κύριος.

163 872 359 936 Πάντες
393 876 443 927 oi
485 878 874 961 καταλιπόντες
920 903 979 938 σε
1016 890 1582 961 καταισχυνθήτωσαν,
1619 893 1724 959 ἀφ-

161 965 439 1033 εστηκότες
468 969 559 1021 ὲπὶ
583 972 685 1040 τῆς
713 974 837 1045 γῆς.
868 978 1241 1052 Γραφήτωσαν
1270 983 1350 1035 ὅτι
1371 983 1722 1050 ἐγκατέλιπον

162 1054 336 1124 πηγὴν
383 1055 528 1127 ζωῆς
580 1061 673 1116 τὸν
733 1064 954 1136 Κύριον.
987 1086 1004 1117 ι
1062 1068 1161 1122 Διὰ
1212 1069 1270 1121 δὲ
1324 1070 1416 1123 τοῦ
1470 1070 1717 1141 Βαρούχ’

167 1162 184 1192 ι
224 1143 637 1211 Ἐγκατελίπετε
665 1152 763 1223 τὴν
795 1157 974 1226 πηγὴν
1003 1158 1100 1229 τῆς
1130 1159 1339 1227 σοφίας.
1372 1179 1392 1212 ι
1431 1158 1587 1213 Οὑτω
1614 1160 1721 1213 τοί-

160 1250 248 1285 νυν
286 1234 434 1301 ὄντος
484 1257 542 1292 τε
572 1243 671 1308 ,καὶ
721 1245 1053 1318 καλουμένου
1086 1249 1181 1303 τοῦ
1219 1249 1375 1316 Θεοῦ,
1428 1250 1722 1306 ἀκόλουθόν

160 1326 268 1376 ἐστι
302 1328 364 1397 τῇ
412 1333 562 1400 πηγῇ
609 1332 711 1403 τῆς
745 1336 937 1405 σοφίας
991 1341 1356 1410 συνυπάρχειν
1398 1342 1468 1395 τὰ
1514 1341 1574 1406 ἐξ
1617 1343 1719 1396 αὑ-

159 1416 280 1485 τῆς’
308 1420 428 1473 ἐπεὶ
454 1424 554 1475 οὑκ
583 1424 649 1478 ἂν
681 1426 768 1499 εἴη
799 1429 951 1500 πηγὴ
995 1432 1160 1502 μηδὲν
1191 1433 1586 1498 ἀναϐλύζουσα.
1615 1435 1722 1489 Οὑ-

160 1507 280 1562 κοῦν
316 1511 374 1563 ἐν
408 1514 486 1584 τῷ
522 1516 736 1586 λέγειν’
772 1518 881 1576 Ἦν
923 1523 1023 1577 ὅτε
1054 1527 1167 1579 οὐκ
1208 1523 1288 1596 ἦν
1344 1528 1503 1594 Υἱὸς,
1548 1530 1577 1580 6
1632 1528 1721 1581 λέ·-

160 1620 294 1671 γωνο
333 1608 471 1677 Ἐγώ
510 1613 624 1681 είμι
652 1613 685 1683 ἡ
728 1611 862 1684 ζωὴ,
893 1616 987 1668 καὶ
1020 1616 1132 1685 ἐγὼ
1160 1619 1192 1688 ἡ
1239 1618 1420 1687 σοφία,
1450 1620 1719 1687 κατεσκὴ·

157 1713 293 1749 νωσα
333 1697 546 1772 βουλὴν,
578 1707 958 1775 συνομολογεῖν
988 1708 1102 1761 ἐστι
1135 1710 1322 1777 σαφῶς
1369 1709 1537 1781 ξηράν
1586 1726 1716 1763 ποτε

158 1790 244 1843 καὶ
269 1790 455 1860 ἄγονον
483 1793 621 1849 εἶναι
658 1798 756 1869 τὴν
785 1803 985 1873 πηγήν.
1016 1803 1081 1855 El
1108 1803 1165 1855 δὲ
1195 1803 1352 1856 τοῦτο
1388 1804 1601 1868 ἀσεϐὲς,
1630 1806 1717 1858 ἀεὶ

155 1880 255 1951 γὰρ
281 1888 615 1955 καρπογὼος
640 1891 673 1960 ἠ
720 1890 839 1946 θεία
866 1892 1047 1963 φύσις,
1076 1897 1170 1948 καὶ
1206 1897 1356 1950 οὐδὲν
1397 1898 1455 1949 ἐν
1485 1899 1619 1969 αὑτῇ
1659 1896 1720 1950 τὸ

155 1975 344 2043 καινὸν,
371 1974 439 2049 ἦν
465 1982 575 2052 ἄρα
604 1983 683 2053 τῷ
716 1985 1040 2057 Γεννήσαντι
1089 1989 1358 2053 commto;
1388 1992 1417 2044 6
1458 1990 1516 2054 ἐξ
1550 1987 1718 2043 αὑτοῦ

153 2067 359 2137 γνήσιος
385 2071 577 2140 Λόγος,
604 2074 792 2148 ὥσπερ
818 2078 926 2132 ἀπό
953 2095 1099 2144 τινος
1126 2081 1308 2153 πηγῆς
1333 2083 1429 2151 τῆς
1460 2081 1719 2154 πατρῴαις

152 2156 456 2223 ἀναϐλύζων
484 2164 695 2228 οὐσίας.

463 2279 670 2335 ΑΛΛΟ.
700 2285 805 2348 Εἰς
835 2283 901 2337 τὸ
932 2284 1081 2339 αὐτό
1112 2288 1385 2342 πιθανόν.

228 2382 646 2456 Ἐπαγγέλλεται
695 2395 940 2465 ποιήσειν
967 2398 996 2449 6
1035 2396 1167 2461 Θεὸς
1188 2408 1194 2415 '
1216 2399 1338 2462 τοὺς
1369 2398 1718 2464 δουλεύοντας

153 2475 310 2547 αὑτῷ,
337 2479 411 2543 ὡς
446 2483 630 2553 πηγὴν
658 2484 725 2555 ἣν
758 2488 831 2557 μὴ
873 2488 1118 2553 ἐξέλιπεν
1159 2490 1319 2563 ὕδωρ.
1349 2492 1503 2546 Οὕτω
1541 2512 1599 2547 τε
1627 2495 1718 2547 διὰ

151 2569 238 2622 τοῦ
295 2577 574 2646 προφήτου
618 2580 781 2649 φησὶν
834 2578 1054 2636 Ἡσαΐου
1079 2600 1093 2613 ⁸
1147 2602 1166 2635 ι
1196 2585 1303 2638 Καὶ
1355 2584 1717 2659 ἐμπλησθήσῃ

152 2660 390 2734 καθάπερ
416 2666 728 2741 ἐπιθυμεῖὴ
756 2670 896 2743 ψυχή
925 2690 1041 2737 σου,
1066 2676 1159 2728 καὶ
1183 2677 1252 2730 τὰ
1275 2678 1409 2731 ὀστᾶ
1437 2695 1528 2730 σου
1560 2695 1718 2731 πιανο

153 2753 395 2841 θήσεται·
426 2760 522 2812 καὶ
556 2760 709 2815 ἔσται
739 2763 814 2826 ὠς
856 2767 1031 2836 κῆπος
1064 2768 1298 2838 μεθύων,
1338 2771 1432 2823 καὶ
1460 2769 1534 2833 ὡς
1566 2771 1715 2841 πηγὴ

152 2840 214 2913 ἧς
239 2846 309 2918 μὴ
337 2847 583 2913 ἐξέλιπεν
612 2852 807 2928 ὕδωρ.»
836 2858 1019 2912 Ταῦτα
1052 2858 1145 2912 τοῦ
1177 2859 1313 2914 Θεοῦ
1356 2863 1601 2931 ποιήσειν
1629 2862 1717 2915 ἐπ’

154 2933 439 3007 ἀνθρώπων
497 2943 945 3018 ὑπισχνουμένου,
997 2950 1117 3015 πῶς
1173 2951 1233 3005 οὑ
1268 2952 1450 3024 πάσης
1494 2954 1560 3005 ἂν
1608 2948 1718 3005 εἷεν

154 3026 394 3095 ἀσεϐείας
438 3033 761 3102 ὑπεύθυνοι,
792 3040 840 3092 οἱ
873 3041 970 3110 τὴν
1002 3039 1153 3095 θείαν
1194 3042 1410 3113 ἐκείνην
1460 3043 1552 3096 καὶ
1580 3042 1719 3113 ἀκή-

157 3135 307 3187 ρατον
334 3124 519 3195 πηγὴν
552 3126 720 3198 ξηράν
766 3148 895 3184 ποτε
944 3133 1272 3205 γεγενῆσθαι
1313 3112 1558 3202 λέγοντες
1579 3152 1592 3164 ·
1631 3112 1718 3188 ἵνα
1744 3112 1789 3172 (ἶ

156 3211 242 3263 καὶ
279 3214 581 3287 ἀνθρώπιον
608 3220 857 3293 δεύτερος
902 3226 1159 3297 φαίνηται
1190 3227 1357 3294 Θεός;
1386 3228 1449 3281 Ei
1480 3227 1536 3281 δὲ
1560 3228 1717 3282 τοῦτο

154 3302 358 3395 άτοπον,
390 3304 457 3381 ἦν
491 3310 601 3381 ἄρα
628 3314 686 3366 ὲν
713 3318 778 3386 τῇ
810 3321 962 3387 πηγῇ
990 3319 1051 3371 τὸ
1083 3318 1226 3392 ὕδωρ
1252 3322 1352 3393 τῆς
1380 3320 1528 3392 ζωῆς
1558 3323 1652 3375 κειὶ
1682 3324 1717 3395 ἡ

155 3393 208 3458 ἐξ
231 3397 394 3469 αὐτῆς
423 3403 607 3470 σοφία,
639 3408 915 3462 τουτέστιν
940 3412 968 3465 6
995 3411 1144 3477 Υἱός.

314 3581 522 3646 ΔΛΛΟ,
551 3583 648 3640 διὰ
684 3586 795 3656 τῆς
821 3592 908 3656 εἰς
936 3590 1161 3647 ἄτοπον
1194 3595 1536 3668 ἀπαγωγῆς.

215 3691 561 3764 Γέγραπται·
602 3720 619 3751 ι
647 3694 742 3765 Εἷς
769 3703 901 3767 Θεὸς
928 3705 956 3756 6
988 3707 1196 3780 Πατὴρ,
1226 3709 1285 3775 ἐξ
1324 3706 1385 3765 οὗ
1412 3712 1479 3765 τὰ
1515 3714 1715 3779 πάντα,

150 3784 237 3880 καὶ
255 3786 286 3880 1]
296 3789 415 3880 μείς
436 3790 520 3852 εἰς
556 3791 715 3845 αὑτόν
730 3811 744 3824 ο
774 3796 867 3849 καὶ
890 3790 970 3860 εἷς
994 3799 1199 3871 Κύριος
1230 3803 1436 3880 ἰησοιξς
1459 3807 1714 3877 Χριστὸς.

150 3872 210 3925 δι’
230 3869 287 3927 οὗ
316 3878 385 3931 τὰ
417 3880 619 3947 πάντα,
643 3885 735 3937 καὶ
774 3888 934 3957 ἡμεῖς
955 3887 1020 3942 δι’
1045 3869 1231 3957 αὑτοῦ,
1261 3869 1427 3948 »ἀλλ’
1454 3869 1606 3961 εἷ’τις
1628 3869 1717 3951 τὸν

148 3964 209 4019 δι’
232 3965 290 4023 οὗ
324 3971 391 4025 τὰ
424 3972 604 4027 πάντα
635 3976 875 4045 γέγονεν,
906 3979 1001 4034 ἕνα
1032 3982 1141 4035 τῶν
1186 3985 1401 4039 πάντων
1440 3983 1579 4041 εἶναι
1627 3988 1715 4042 λέσς

148 4075 248 4126 γοι,
274 4062 333 4115 τὸ
361 4065 574 4119 κωλύον
606 4068 778 4133 οὐδὲν,
821 4072 916 4125 κα)⁵
944 4073 1036 4127 τὸν
1079 4075 1137 4141 ἐξ
1173 4069 1235 4128 οὗ
1285 4076 1353 4130 τὰ
1395 4080 1571 4132 πάντα
1604 4083 1716 4143 τοῖς

148 4153 318 4217 αὐτοῖς
347 4156 673 4213 ὑποϐάλλειν
706 4162 1100 4236 συλλογισμοῖς.
1129 4168 1189 4220 Εἰ
1222 4168 1278 4220 δὲ
1307 4168 1465 4222 τούτο
1493 4170 1711 4241 ἀσεϐὲς,

148 4244 261 4297 οὑδὲ
288 4248 317 4299 6
348 4248 479 4313 Υίὸς
511 4249 568 4303 ἓν
607 4250 757 4305 ἔσται
795 4253 902 4307 τῶν
940 4256 1176 4322 πάντων,
1211 4259 1279 4311 δι’
1317 4252 1379 4312 οὗ
1426 4259 1493 4313 τὰ
1536 4263 1715 4317 πάντα

149 4335 377 4405 γέγονεν,
400 4341 571 4406 ἀΐδιος
592 4338 703 4397 οὖν.
722 4346 780 4398 '0
808 4347 914 4418 γάρ
947 4348 1084 4413 ὅλως
1120 4349 1181 4402 τὸ
1211 4346 1347 4404 εἶναι
1385 4353 1588 4423 κτίσμα
1621 4355 1716 4409 καὶ

152 4426 349 4522 ποίημα
372 4431 771 4503 διαπεφευγὼς,
800 4438 899 4490 οὑκ
922 4438 981 4491 ὲν
1001 4441 1112 4503 τοῖς
1140 4441 1301 4493 πᾶσιν
1324 4440 1418 4509 ὢν,
1442 4443 1555 4495 ἀλλ’
1575 4444 1717 4515 ὑπὲρ
1747 4466 1792 4522 D

152 4516 318 4571 πάντα
332 4523 441 4575 τιαὶ
474 4524 570 4576 ἐπὶ
602 4525 818 4579 πάντων
846 4527 978 4592 Θεὸς
1006 4528 1346 4601 νοηθήσεται.

509 4808 692 4860 ΑΛΛΑ
724 4809 889 4865 ἁπλᾶ
926 4828 1026 4865 και
1057 4812 1350 4867 ἀπόλυτα.

214 4915 275 4969 El
307 4917 422 4987 φῶς
454 4921 602 4973 ἐστιν
635 4922 664 4973 6
699 4921 831 4985 Θεὸς
871 4924 963 4976 καὶ
1005 4924 1216 4997 Πατὴρ,
1243 4921 1311 4998 ἦν
1340 4927 1427 4979 ἀεὶ
1468 4928 1525 4979 ἐν
1565 4927 1715 4998 αὑτῷ

150 5005 205 5060 τὺ
235 5010 571 5083 ἀπαύγασμα
595 5014 781 5069 αὑτοῦ,
814 5016 876 5069 Εἰ
911 5018 1194 5088 χαρακτήρ
1227 5018 1373 5072 ἐστιν
1401 5021 1430 5072 6
1457 5020 1585 5082 Υἱὸς
1612 5019 1714 5088 τῆς

149 5098 236 5152 τοῦ
265 5102 474 5173 Πατρὸς
518 5107 890 5172 ὑποστάσεως,
920 5109 1062 5163 κατὰ
1094 5111 1189 5180 τὴν
1218 5110 1312 5163 τοῦ
1351 5111 1564 5165 Παύλου
1596 5129 1710 5179 φω-

149 5189 259 5257 νὴν,
289 5191 592 5262 λεγέτωσαν
627 5198 675 5251 οἱ
709 5199 796 5252 ἐπ’
821 5198 985 5253 αὑτοῦ
1011 5200 1094 5264 τὸ,
1123 5202 1244 5255 Οὐκ
1276 5199 1374 5273 ἦν,
1408 5201 1714 5273 τολμῶντες

149 5282 348 5353 φέρειν,
385 5287 515 5341 πότε
556 5291 901 5363 χαρακτῆρος
930 5292 1096 5364 χωρὶς
1137 5289 1205 5364 ἦν
1234 5297 1267 5365 ἡ
1298 5295 1590 5358 ὑπόστασις
1621 5293 1712 5347 τοῦ

151 5370 387 5443 Πατρός;
425 5377 591 5448 Ὁμοῦ
623 5378 732 5451 γὰρ
766 5384 830 5453 τῇ
862 5382 1154 5436 ὑποστάσει
1184 5386 1278 5437 καὶ
1317 5387 1346 5439 6
1382 5384 1582 5455 ταύτης
1624 5402 1716 5455 χα-

1828 635 1925 690 per
1961 621 2249 677 Jeremiam
2296 625 2368 679 ita
2412 627 2490 681 ait
2534 646 2547 683 :
2598 647 2617 679 ι
2672 628 3029 698 Reliquerunt
3071 648 3158 688 me
3200 633 3403 689 fontem

1828 727 1980 780 aqua:
2004 713 2220 767 vivae“.
2255 734 2272 766 ι
2310 715 2376 769 Et
2404 732 2619 773 rursum
2653 736 2668 773 :
2708 738 2725 771 ι
2761 719 3011 776 Thronus
3040 722 3222 790 gloria:
3247 724 3400 777 exal-

1829 812 1989 870 tatus,
2020 808 2375 863 sanctiﬁcatio
2404 821 2609 877 nostra,
2639 814 2973 882 ex5pectatio
3002 815 3189 881 lsrael,
3222 817 3403 871 Domi-

1827 912 1947 951 nus.
1995 898 2328 955 Erubescant
2373 918 2559 957 omnes
2604 906 2693 973 qui
2742 906 3077 975 reliquerunt
3121 917 3195 972 te,
3246 923 3400 963 rece-

1826 986 2012 1041 dentes
2055 1003 2084 1041 a
2129 998 2291 1044 terra.
2337 990 2655 1046 Scribantur
2693 996 2947 1063 quoniam
2991 996 3400 1067 dereliquerunt

1830 1077 2030 1133 fontem
2061 1080 2186 1134 vita:
2221 1080 2504 1136 Dominum
2522 1085 2590 1138 ".
2629 1103 2647 1135 ι
2683 1086 2748 1138 Et
2779 1100 2875 1152 per
2900 1086 3111 1141 Baruch
3148 1106 3160 1141 :
3197 1107 3216 1140 ι
3254 1087 3398 1143 Fon-

1828 1179 1935 1223 tcm
1978 1172 2256 1238 sapientiae
2292 1174 2659 1244 dereliquistis
2676 1176 2745 1230 ⁸⁸.
2792 1196 2811 1229 ι
2852 1178 2985 1232 Cum
3031 1181 3213 1249 itaque
3252 1182 3399 1252 ejus-

1828 1262 1970 1316 modi
2014 1264 2086 1317 sit
2124 1272 2178 1319 et
2216 1276 2438 1321 vocetur
2478 1268 2638 1334 Deus,
2682 1284 3023 1338 consequens
3065 1281 3151 1325 est
3191 1282 3252 1327 ut
3290 1290 3398 1329 una

1827 1367 1949 1405 cum
1982 1352 2128 1408 fonte
2155 1357 2422 1411 exsistant
2450 1373 2570 1427 quae
2595 1374 2660 1412 ex
2687 1373 2751 1414 eo
2778 1369 3015 1415 manant.
3044 1361 3227 1430 Neque
3254 1365 3399 1419 enim

1830 1444 1990 1499 fuerit
2031 1446 2152 1503 fons
2191 1449 2295 1503 nisi
2339 1460 2539 1506 manet.
2581 1452 2820 1507 Dicendo
2863 1454 3026 1522 igitur
3065 1472 3079 1507 :
3127 1453 3256 1508 Erat
3300 1455 3397 1508 ali-

1825 1541 2037 1605 quando
2081 1539 2289 1608 quando
2333 1557 2436 1595 non
2485 1552 2598 1596 erat
2647 1541 2851 1607 Filius,
2899 1545 2991 1613 qui
3042 1545 3172 1599 dicit
3223 1564 3235 1599 :
3287 1545 3398 1615 Ego

1826 1642 1941 1681 sum
1972 1629 2112 1694 vita,
2145 1640 2200 1684 et
2229 1645 2330 1701 ego
2362 1631 2633 1701 Sapientia
2664 1635 2897 1689 habitavi
2933 1636 2985 1689 in
3018 1636 3285 1702 consiliis,
3316 1637 3399 1690 fa-

1828 1719 2043 1773 tendum
2078 1722 2300 1777 omnino
2320 1724 2434 1779 erit
2466 1724 2668 1779 siccum
2703 1736 2865 1796 atque
2897 1727 3240 1783 infecundum
3277 1744 3398 1784 esse

1826 1808 2048 1861 fontem.
2087 1807 2143 1863 Si
2183 1826 2309 1866 vero
2351 1813 2451 1867 hoc
2489 1814 2710 1881 impium
2752 1823 2863 1878 est,
2902 1814 3131 1870 fecunda
3163 1818 3306 1871 enim
3340 1829 3396 1873 et

1826 1896 2099 1953 fructifera
2133 1915 2344 1971 semper
2376 1908 2459 1958 est
2498 1903 2673 1957 divina
2711 1916 2930 1968 natura,
2967 1906 3209 1975 nihilque
3242 1908 3294 1961 in
3327 1922 3392 1962 ea

1824 1988 2003 2055 inane,
2032 2000 2148 2046 erat
2178 1993 2361 2062 utique
2388 2004 2712 2050 coaeternum
2746 1995 2889 2049 Patri
2918 1995 3150 2052 Verbum
3181 2013 3246 2055 ex
3277 1999 3396 2069 ipso

1824 2081 2083 2149 genitum,
2111 2098 2142 2138 e
2166 2092 2387 2153 paterna
2417 2088 2647 2141 essentia
2673 2086 2837 2141 veluti
2870 2088 3018 2144 fonte
3042 2104 3403 2159 promanans.

2073 2282 2184 2354 28
2223 2282 2459 2348 ALIUD,
2498 2282 2731 2352 ejusdem
2770 2288 2844 2342 rei
2881 2288 3139 2356 probatio.

1890 2396 2163 2453 Promittit
2193 2398 2336 2453 Deus
2365 2399 2629 2454 iacturum
2660 2416 2719 2456 se
2749 2416 2846 2457 eos
2872 2403 2963 2471 qui
2995 2403 3095 2469 ipsi
3126 2402 3392 2467 serviunt,

1822 2490 1968 2543 velut
1997 2488 2218 2553 fontem,
2248 2488 2401 2556 cujus
2438 2505 2575 2558 aqua
2607 2506 2881 2561 nunquam
2913 2494 3114 2548 deﬁcit.
3144 2494 3218 2547 Ita
3248 2494 3391 2548 enim

1823 2595 1919 2644 per
1943 2580 2090 2634 Isaiae
2117 2580 2388 2649 prophetae
2411 2595 2597 2636 vocem
2624 2585 2700 2636 alt
2728 2600 2742 2636 :
2776 2601 2796 2633 ι
2830 2583 2895 2636 Ει
2924 2584 3231 2652 impleberis
3254 2585 3394 2640 sicut

1822 2673 1999 2726 anima
2040 2682 2130 2726 tua
2168 2671 2471 2734 desiderat,
2508 2683 2564 2724 et
2606 2672 2957 2743 pinguescant
2996 2688 3117 2728 ossa
3161 2683 3250 2729 tua
3289 2692 3302 2727 :
3339 2683 3395 2729 et

1821 2773 1981 2820 erunt
2023 2763 2174 2832 quasi
2220 2762 2409 2818 hortus
2456 2763 2727 2833 irriguus,
2775 2777 2830 2819 et
2868 2765 3031 2819 veluti
3078 2765 3198 2820 l‘ons
3240 2765 3396 2834 cujus

1823 2870 1958 2922 aqua
1982 2868 2086 2907 non
2105 2851 2280 2907 deficit
2305 2852 2370 2905 ιο.
2393 2871 2411 2904 ι
2439 2850 2563 2907 Ηερο
2593 2868 2714 2907 cum
2741 2852 2881 2908 Deus
2910 2855 2963 2909 in
2996 2855 3303 2911 hominibus
3332 2869 3392 2909 se

1824 2947 2183 3019 praestiturum
2221 2946 2528 3014 promittat,
2560 2962 2668 3015 quo
2700 2955 2853 3012 pacto
2883 2962 2986 3000 non
3015 2955 3257 3002 extreme
3290 2945 3397 3001 im-

1824 3039 1896 3109 pii
1936 3036 2190 3093 censendi
2231 3045 2383 3102 sunt,
2418 3038 2508 3107 qui
2546 3037 2788 3093 divinum
2823 3037 2970 3091 illum
3005 3048 3167 3108 atque
3201 3051 3399 3108 peren-

1823 3145 1944 3185 nem
1977 3128 2212 3193 fontem,
2243 3129 2447 3183 siccum
2480 3129 2769 3199 aliquando
2802 3122 2966 3185 fuisse
2994 3130 3215 3195 dicunt,
3244 3138 3302 3184 ut
3334 3136 3392 3185 et

1823 3222 2090 3277 secundus
2118 3220 2337 3290 quidam
2372 3220 2650 3274 hominum
2681 3220 2822 3275 Deus
2855 3235 2986 3279 esse.
3006 3220 3291 3275 videatur?
3318 3221 3392 3275 At

1822 3328 1950 3367 vero
1978 3313 2024 3367 si
2057 3314 2155 3366 hoc
2181 3311 2471 3365 absurdum
2499 3321 2603 3378 ρει,
2633 3321 2750 3367 erat
2776 3313 2961 3382 utique
2988 3315 3041 3366 in
3072 3312 3221 3369 fonte
3250 3327 3389 3383 aqua

1822 3406 1944 3460 vitae
1983 3413 2037 3460 et
2076 3404 2337 3473 sapientia
2378 3418 2499 3473 qua;
2538 3403 2662 3458 inde
2698 3411 3001 3473 promanat,
3040 3404 3143 3459 hoc
3177 3414 3263 3460 est
3298 3403 3393 3460 Fi-

1823 3495 1947 3549 hus.
1997 3581 2234 3647 ALIUD,
2277 3598 2369 3650 per
2404 3582 2754 3635 reductionem
2793 3581 2863 3634 ad
2901 3581 3212 3638 absurdum.

1894 3695 2169 3764 Scriptum
2196 3704 2277 3750 est
2305 3711 2319 3748 :
2353 3710 2373 3745 ι
2405 3693 2554 3749 Unus
2582 3692 2724 3748 Deus
2747 3692 2930 3759 Pater,
2955 3708 3021 3748 ex
3048 3709 3159 3763 quo
3183 3695 3387 3762 omnia,

1822 3794 1876 3841 et
1900 3800 1998 3840 nos
2022 3786 2075 3839 in
2102 3786 2219 3854 ipso
2246 3803 2260 3839 ι
2288 3792 2341 3837 et
2370 3798 2510 3837 unus
2537 3781 2795 3841 Dominus
2819 3782 2975 3839 Jesus
2999 3785 3268 3849 Christus,
3292 3800 3389 3854 per

1821 3891 1980 3944 quem
2015 3877 2192 3930 omnia
2214 3914 2229 3939 ,
2262 3884 2314 3930 et
2349 3890 2445 3929 nos
2482 3890 2575 3943 per
2605 3875 2775 3945 ipsum
2798 3876 2876 3941 '°;
2914 3894 2934 3927 ι
2972 3876 3019 3930 si
3052 3877 3172 3945 quis
3207 3886 3388 3933 autem

1823 3969 1970 4023 illum
1996 3983 2094 4037 per
2116 3982 2273 4037 quem
2301 3969 2479 4022 omnia
2512 3968 2653 4023 facta
2683 3976 2830 4031 sunt,
2855 3982 3019 4022 unum
3046 3983 3112 4023 ex
3138 3967 3395 4027 omnibus

1821 4076 1941 4115 esse
1986 4059 2162 4126 dicat;
2216 4060 2350 4113 nihil
2398 4059 2573 4114 oberit
2616 4059 2902 4129 quominus
2945 4060 3106 4115 etiam
3152 4075 3273 4114 eum
3319 4075 3391 4115 ex

1821 4168 1929 4223 quo
1957 4154 2170 4218 omnia,
2203 4152 2390 4207 eodem
2424 4152 2475 4205 in
2505 4152 2692 4205 ordine
2722 4166 2842 4204 cum
2871 4151 3123 4206 omnibus
3153 4149 3387 4207 colloce-

1820 4262 1960 4301 mus.
1990 4245 2046 4301 Si
2073 4260 2201 4300 vero
2231 4244 2284 4300 id
2314 4244 2595 4300 manifeste
2626 4245 2850 4313 impium
2880 4254 2981 4311 est,
3016 4259 3190 4313 neque
3216 4244 3391 4301 Filius

1821 4353 1983 4390 unum
2011 4336 2115 4391 erit
2137 4352 2202 4390 ex
2228 4334 2507 4401 omnibus,
2536 4351 2631 4405 per
2656 4353 2814 4405 quem
2843 4338 3023 4391 omnia
3054 4339 3195 4392 facta
3224 4348 3383 4404 sunt,

1820 4439 2053 4484 aeternus
2089 4428 2289 4497 itaque.
2323 4429 2369 4482 A
2403 4442 2508 4496 quo
2541 4431 2684 4482 enim
2722 4429 2775 4483 in
2811 4429 3120 4484 universum
3164 4429 3217 4483 id
3255 4430 3386 4484 alie-

1822 4539 1982 4588 num,
2012 4532 2072 4577 ut
2097 4537 2231 4592 opus
2260 4532 2353 4576 aut
2381 4531 2629 4576 creatura
2658 4522 2760 4585 sit,
2795 4521 2841 4575 is
2872 4535 2978 4575 non
3008 4535 3145 4576 unus
3173 4537 3237 4577 ex
3269 4537 3386 4577 om-

1766 4636 1767 4639 ‘
1820 4616 2000 4677 nibus,
2040 4615 2135 4670 sed
2177 4629 2337 4685 super
2373 4614 2556 4669 omnia
2598 4624 2653 4667 et
2692 4613 2747 4666 in
2794 4612 3046 4667 omnibus
3088 4612 3228 4667 Deus
3264 4627 3385 4668 esse

1821 4709 2146 4764 censebitur.

2107 4817 2266 4872 ALIA
2302 4817 2565 4886 simplicia
2601 4824 2647 4869 et
2687 4813 3092 4868 indissolubilia.

1890 4928 1946 4983 Si
1983 4924 2120 4983 Deus
2155 4938 2209 4982 et
2238 4928 2400 4983 Pater
2430 4929 2610 4982 lumen
2642 4937 2753 4992 est,
2785 4936 2903 4981 erat
2934 4942 3145 4997 semper
3176 4928 3231 4982 in
3262 4927 3387 4997 ipso

1816 5020 1995 5074 lumen
2031 5020 2166 5087 ejus.
2198 5016 2255 5072 Si
2289 5019 2458 5073 Filius
2484 5026 2566 5073 est
2594 5018 2876 5073 character
2906 5018 3021 5073 sive
3051 5017 3224 5073 forma
3254 5019 3382 5073 sub-

1814 5110 2026 5166 stantize
2059 5110 2267 5173 Patris,
2304 5110 2457 5179 juxta
2492 5106 2641 5163 Pauli
2679 5124 2865 5163 vocem
2887 5110 2961 5174 ⁵³,
3000 5109 3180 5164 dicant
3216 5110 3252 5163 ii
3288 5109 3379 5177 qui

1813 5205 1935 5268 hoc,
1973 5199 2096 5256 Non
2137 5209 2269 5265 erat,
2310 5202 2377 5256 de
2418 5216 2483 5255 eo
2524 5200 2702 5255 dicere
2744 5200 2961 5266 audent,
2996 5200 3209 5270 quando
3251 5199 3381 5255 sub-

1813 5295 2009 5351 stantia
2039 5292 2218 5348 Patris
2250 5294 2453 5361 absqne
2481 5307 2579 5349 suo
2609 5293 2922 5347 charactere
2950 5292 3255 5347 exstiterit?
3287 5291 3381 5346 Si-

1815 5386 1927 5440 mul
1959 5385 2102 5439 enim
2136 5400 2260 5440 cum
2292 5384 2589 5439 substantia
2623 5385 2786 5439 etiam
2820 5386 3101 5439 character
3132 5384 3249 5455 ejus
3291 5385 3375 5439 in-

154 5465 356 5537 ρακτὴρ
390 5472 781 5541 συνεισάγεται.
814 5475 875 5527 Ei
911 5475 1140 5548 ἀλήθεια
1178 5477 1273 5531 καὶ
1323 5478 1483 5545 σοφία
1517 5478 1662 5531 ἐστὶν
1689 5480 1717 5531 ὁ

1827 5475 2051 5531 ducitur.
2071 5473 2127 5530 Si
2152 5475 2350 5530 veritas
2370 5483 2423 5529 et
2444 5474 2704 5544 sapientia
2726 5483 2809 5531 est
2827 5473 3019 5540 Filius,
3037 5474 3250 5544 quando
3271 5490 3376 5531 non

218 5639 263 5713 ff
282 5639 481 5698 σιω-ειη.
524 5663 584 5713 ll,
620 5649 702 5704 15.

282 5650 584 5737 {ereum},
620 5650 702 5704 15.
818 5650 859 5683 ⁸⁷
883 5650 1080 5708 .lcrem.
1115 5656 1260 5718 xvu,‘
1298 5654 1381 5719 12,
1420 5655 1507 5709 15.

228 5710 381 5768 llchr.
419 5730 458 5781 ι,
496 5716 551 5771 3.

1619 5654 1663 5685 ⁵⁸
1689 5652 1897 5708 Baruclt
1954 5669 2036 5717 tu,
2078 5651 2164 5706 12.

2275 5652 2319 5684 ⁴⁹
2355 5651 2458 5708 lsa.
2488 5650 2643 5718 tvm,
2676 5652 2757 5707 11.
2869 5651 2972 5727 ⁸⁰,1
3009 5650 3130 5708 Cor.
3165 5667 3283 5720 vm,
3320 5650 3376 5709 6.
