3876 6208
393 269 455 325 5|
1375 265 1431 318 S.
1474 261 1744 319 CYRILLI
1785 259 2257 321 ALEXANDRINI
2296 262 2617 321 ARCHIEP.
3579 273 3646 329 5!

397 384 498 438 fuit
531 383 584 437 in
619 384 820 438 Patre?
856 382 1081 453 Semper
1114 383 1256 439 enim
1293 383 1555 453 sapientia
1590 392 1645 439 et
1677 379 1879 435 veritas
1912 381 1964 433 in

2104 381 2224 447 ’ἰὸς,
2262 383 2392 437 πότε
2434 385 2534 438 οὐκ
2564 381 2634 457 ἦν
2666 386 2724 439 ἰν
2756 385 2834 457 τῷ
2871 388 3042 458 Πατρὶ
3064 406 3078 455 ;
3124 389 3235 442 ’Ᾱεὶ
3278 390 3386 460 γὰρ
3424 388 3645 461 ἀλήθεια

396 475 508 533 Deo
536 486 590 531 et
618 477 779 531 Patre
808 476 928 531 fuit.

1072 588 1300 657 ALIUD.

473 702 530 757 Si
565 702 616 757 in
649 702 787 759 Filio
814 704 1028 758 videtur
1060 704 1219 757 Pater
1244 711 1300 758 et
1328 702 1529 766 Filius,
1561 712 1618 757 et
1646 710 1729 756 est
1761 698 1974 756 indiffe-

406 807 530 847 rens
562 794 737 864 imago
768 796 1016 849 essentize
1042 794 1346 858 Genitoris,
1371 795 1523 863 juxta
1557 795 1607 847 id
1639 794 1782 863 quod
1816 795 1882 848 de
1912 807 1975 847 eo

404 884 600 940 dicitur
629 904 642 939 :
677 905 695 938 ι
730 886 831 954 Qui
859 887 996 941 vidit
1021 901 1128 952 me,
1155 887 1287 942 vidit
1312 896 1367 941 et
1394 886 1609 941 Patrem
1640 901 1818 940 meum
1840 888 1910 949 η,
1953 905 1970 935 ι

405 988 629 1030 necesse
665 977 887 1031 omnino
923 986 1009 1031 est
1047 985 1106 1030 ut
1144 978 1193 1032 ei
1237 976 1403 1031 insint
1444 976 1766 1033 naturaliter
1794 977 1976 1032 omnia

406 1081 525 1133 qua!
564 1066 733 1123 Patri.
768 1067 880 1141 29
917 1067 996 1124 Ita
1036 1068 1178 1123 enim
1218 1072 1324 1123 erit
1357 1068 1630 1138 perfectus
1668 1070 1975 1127 character.

407 1156 668 1214 Eternus
695 1171 873 1215 autem
901 1170 985 1215 est
1010 1159 1192 1225 Pater,
1221 1162 1571 1227 immortalis,
1600 1177 1715 1227 rex,
1743 1171 1977 1228 creator,

407 1251 780 1321 omnipotens,
816 1252 987 1319 Deus,
1018 1252 1198 1320 opifex
1236 1271 1249 1307 :
1284 1255 1397 1308 haec
1430 1254 1547 1323 ipsa
1581 1265 1664 1309 est
1698 1262 1753 1309 et
1786 1253 1978 1309 Filius.

408 1339 479 1392 At
507 1355 616 1410 quo
644 1351 802 1411 pacto
830 1342 1161 1423 in'creatura
1191 1353 1451 1414 appareat
1478 1345 1787 1401 aeternitas?
1809 1356 1901 1400 aut
1927 1348 1979 1401 in

408 1444 476 1484 eo
508 1430 598 1499 qui
638 1430 925 1502 aliquando
962 1448 1068 1490 non
1104 1444 1251 1501 erat,
1284 1435 1571 1505 perfectio,
1604 1446 1698 1491 aut
1731 1438 1784 1491 in
1819 1452 1982 1508 opere

412 1521 627 1590 epifex?
657 1523 923 1593 Imagines
952 1526 1095 1580 enim
1129 1537 1387 1596 perpetuo
1415 1528 1802 1597 exemplarium
1831 1531 1983 1585 simi-

413 1611 694 1674 litudinem
726 1615 985 1673 referunt.

2074 474 2169 527 καὶ
2196 476 2354 544 σοφία
2384 479 2441 529 ὲν
2474 478 2592 549 Θεῷ
2628 480 2720 537 καὶ
2752 480 2945 551 Πατρί.

2743 592 2946 645 ΑΛΛυ.

2148 698 2209 751 Εἰ
2259 698 2317 750 ὲν
2364 699 2478 770 Υίῷ
2528 700 2812 771 θεωρεῖται
2852 703 2881 754 6
2920 701 3128 772 Πατὴρ,
3170 702 3264 755 καὶ
3300 699 3462 754 εἰκών
3506 700 3652 755 ἐστιν

2076 792 2489 862 ἀπαράλλακτος
2524 794 2621 865 τῆς
2649 794 2745 847 τοῦ
2783 795 3147 865 Γεννήσαντος
3181 794 3389 857 οὐσίας,
3422 794 3564 847 κατὰ
3593 792 3653 844 τὸ

2077 884 2368 955 λεγόμενον
2410 887 2539 955 παρ’
2583 885 2775 940 αὐτοῦ’
2814 904 2833 938 ι
2873 887 2931 939 '0
2968 884 3227 955 ἑωρακὼς
3261 886 3394 955 ἐμὲ,
3444 883 3653 955 ἑώρακε

2079 977 2174 1031 καὶ
2204 976 2294 1031 τὸν
2321 978 2559 1049 Πατέρα,
2587 998 2605 1030 ι
2641 980 2922 1049 προσεῖναι
2951 978 3167 1040 πάντως
3192 976 3339 1046 αὐτῷ
3366 970 3656 1042 ἀναγκαῖον

2080 1069 2220 1124 κατὰ
2269 1070 2429 1139 φύσιν
2474 1072 2573 1123 ὅσα
2618 1073 2711 1124 καὶ
2744 1072 2823 1142 τῷ
2872 1071 3067 1142 Πατρί.
3098 1070 3289 1122 Ἔσται
3340 1067 3448 1137 γὰρ
3488 1066 3659 1131 οὕτως

2080 1159 2313 1230 ἀκριϐὴς
2344 1161 2373 1213 ὁ
2409 1163 2718 1231 χαρακτήρ.
2762 1160 2956 1223 Ἀἳδιος
2986 1160 3041 1214 δὲ
3074 1159 3102 1211 6
3134 1157 3340 1225 Πατὴρ,
3372 1153 3657 1214 ἀθάνατος,

2083 1252 2367 1323 βασιλεὺς,
2419 1253 2675 1322 κτίστης,
2721 1252 3137 1323 παντοκράτωρ,
3171 1249 3338 1314 Θεὸς,
3392 1247 3620 1316 ποιητής
3642 1261 3655 1274 ⁸

2080 1345 2253 1399 ταῦτα
2283 1345 2379 1397 καὶ
2418 1345 2447 1397 ὁ
2482 1345 2631 1408 Υἱός.
2662 1346 2730 1398 Ἢ
2771 1345 2887 1409 πῶς
2932 1346 2989 1398 ὲν
3022 1342 3100 1413 τῷ
3132 1342 3345 1412 γενητῷ
3391 1339 3450 1393 τὸ
3492 1338 3661 1413 ἀΐδιον

2084 1439 2329 1509 φαίνεται
2354 1455 2369 1503 ;
2398 1438 2431 1508 ἢ
2462 1439 2521 1492 ἐν
2548 1437 2627 1509 τῷ
2656 1455 2785 1492 ποτε
2820 1438 2894 1508 μὴ
2926 1438 3039 1490 ὸντι
3070 1437 3131 1490 τὸ
3158 1436 3383 1498 τέλειον,
3414 1433 3448 1501 ἢ
3488 1434 3544 1485 ὲν
3584 1429 3663 1501 τῷ

2084 1533 2349 1601 ποιήματι
2392 1532 2421 1584 6
2452 1531 2718 1601 ποιητής;
2767 1529 2834 1583 Αἰ
2874 1529 2983 1600 γὰρ
3033 1527 3239 1590 εἰκόνες
3288 1526 3375 1579 ἀεὶ
3414 1523 3548 1595 πρὸς
3596 1522 3664 1574 τὰ

2084 1623 2363 1695 ἀρχέτυπα
2386 1623 2485 1695 τὴν
2514 1623 2809 1693 ἐμφέρειαν
2836 1622 3069 1693 ἔχουσιν.

414 1744 771 1817 Interrogatio
802 1751 1168 1831 htereticorum
1209 1753 1365 1807 veluti
1385 1753 1453 1807 ad
1488 1753 1675 1808 stultas
1706 1757 1947 1817 mulieres
1967 1798 1981 1824 ,

2104 1762 2420 1831 Ἐρώτησις
2451 1759 2757 1829 αἰρετικῶν
2888 1756 3349 1825 πρὸςάνοήτους
3380 1752 3667 1824 γυναῖκας

1083 1823 1193 1877 lucc
1224 1834 1321 1878 est.

484 1956 567 2012 An
596 1958 851 2031 habuisti,
883 1960 1152 2028 inquiunt,
1204 1960 1392 2023 lilium,
1426 1962 1776 2030 ‘priusquatn
1820 1975 1983 2029 pepe-

418 2049 600 2103 reris?
626 2049 1087 2117 Quemadmodum
1113 2062 1292 2107 autem
1339 2069 1447 2107 non
1496 2054 1756 2124 habuisti,
1788 2053 1859 2106 ita
1891 2068 1986 2106 ne-

416 2155 523 2209 que
552 2140 711 2196 Deus.
738 2141 870 2197 Erat
904 2142 1085 2212 itaque
1116 2151 1325 2214 tempus
1352 2147 1569 2214 quando
1617 2160 1723 2199 non
1754 2154 1873 2199 erat
1900 2144 1989 2197 Fi-

418 2230 544 2285 lius.
571 2231 709 2299 Quid
736 2233 902 2304 igitur
940 2232 1009 2287 ad
1039 2235 1143 2290 hoc
1171 2235 1455 2291 dicemus?
1491 2234 1549 2291 Si
1602 2236 1669 2290 ad
1697 2236 1989 2291 tollendam

416 2308 778 2380 aeternitatem
843 2323 967 2380 Filii
1039 2325 1290 2381 humana:
1353 2337 1563 2383 natura:
1626 2328 1991 2398 proprietates

420 2412 616 2468 divina}
678 2417 1092 2473 accommodare
1152 2432 1258 2471 non
1315 2430 1611 2482 verentur,
1650 2422 1986 2490 interrogent

418 2505 584 2559 etiam
638 2507 989 2575 architectos,
1059 2523 1127 2562 an
1179 2510 1386 2579 absque
1444 2512 1672 2566 materia
1721 2512 1993 2567 aedificare

418 2593 651 2661 possint.
685 2595 751 2649 Et
780 2595 825 2650 si
856 2605 1075 2667 negent,
1113 2596 1345 2655 fatentes
1384 2601 1436 2655 id
1481 2603 1624 2670 quod
1666 2617 1852 2657 verum
1888 2612 1991 2667 est,

423 2699 530 2743 non
582 2699 783 2753 posse:
845 2685 1212 2742 dicantetiam
1248 2687 1360 2745 Deo
1418 2691 1486 2745 ad
1543 2692 1709 2747 totius
1757 2692 1996 2748 universi

421 2774 752 2829 creationem
786 2778 1007 2831 materia
1033 2793 1169 2848 opus
1212 2779 1402 2855 fuisse,
1452 2782 1675 2850 perinde
1706 2792 1870 2852 atque
1895 2786 1996 2838 ho-

423 2862 553 2916 mini
588 2879 602 2916 :
640 2862 713 2919 ita
740 2873 801 2920 ut
831 2879 935 2921 non
951 2865 1065 2936 jam
1097 2877 1383 2923 censeatur
1403 2870 1654 2937 Creator,
1682 2874 1772 2943 qui
1796 2887 1859 2927 ea
1880 2887 2000 2943 quae

425 2952 481 3005 in
512 2961 708 3009 natura
734 2970 915 3011 rerum
952 2959 1245 3025 exsistunt,
1282 2974 1313 3015 e
1351 2961 1521 3016 nihilo
1548 2962 1611 3016 ad
1642 2977 1763 3019 esse
1806 2966 1994 3020 tradu-

2796 1828 2965 1896 αὕτη.

2157 1969 2222 2021 Εἰ
2250 1963 2415 2037 εἶχες,
2439 1967 2621 2035 φασὶν,
2677 1964 2791 2018 υἰὸν
2833 1963 2962 2033 πρὶν
2992 1963 3184 2033 τέκῃςς
3219 1961 3426 2030 Ὥσπερ
3478 1957 3535 2009 δὲ
3566 1954 3669 2008 οὒκ

2089 2055 2253 2129 εἶχες,
2288 2043 2543 2112 οὕτωκαὶ
2566 2054 2761 2118 ὁΘεός.
2786 2053 2998 2110 Οὐκοῦν
3041 2048 3108 2123 ἦν
3147 2068 3279 2103 ποτε
3307 2051 3395 2103 ὅτε
3418 2049 3516 2101 οὐκ
3544 2042 3611 2116 ἦν
3641 2048 3671 2097 ὀ

2091 2151 2237 2215 Υἱός.
2279 2151 2345 2202 Τί
2395 2144 2489 2202 οὖν
2535 2148 2673 2219 πρὸς
2732 2145 2923 2212 τοῦτο;
2980 2143 3044 2197 Εἰ
3104 2144 3191 2195 ἐπ’
3238 2139 3516 2209 ἀναιρέσει
3570 2137 3670 2205 τῆς

2091 2239 2389 2309 ἀῖδιότητος
2414 2236 2508 2290 τοῦ
2558 2234 2688 2293 Υἰοῦ
2726 2234 2795 2287 τὰ
2844 2234 2944 2303 τῆς
2990 2230 3409 2301 ἀνθρωπότητος
3466 2227 3571 2279 ἴδια
3600 2227 3669 2293 τῇ

2092 2331 2213 2401 θεία
2236 2328 2391 2398 φύσει
2422 2326 2793 2398 περιτιθέντες
2808 2325 2909 2378 οὐκ
2932 2319 3672 2393 αἰσχύνονται,ὲρωτάτωσαν

2093 2423 2188 2475 καὶ
2212 2422 2321 2474 τῶν
2345 2418 2742 2490 ἀρχιτεκτόνων
2770 2415 2944 2478 τινὰς,
2974 2416 3021 2467 εἰ
3059 2413 3310 2467 δύνανται
3340 2410 3509 2481 χωρὶς
3540 2408 3672 2477 ὕλης

2093 2514 2413 2582 οἰκοδομεῖν.
2467 2512 2530 2563 Εἰ
2583 2508 2641 2563 δὲ
2678 2506 3010 2569 ἁνανεύοιεν,
3049 2501 3434 2574 ὁμολογοῦντες
3456 2500 3516 2551 τὸ
3539 2498 3673 2567 ἁλη-

2097 2606 2206 2668 θὲς,
2238 2604 2312 2667 ὡς
2340 2604 2401 2657 οὐ
2434 2602 2709 2662 δύνανται,
2752 2597 3065 2667 λεγέτωσαν
3098 2594 3229 2664 ὕλης
3268 2591 3548 2660 δεδεῆσθαι
3579 2589 3676 2641 καὶ

2095 2695 2226 2748 Θεὸν
2260 2696 2339 2757 εἰς
2388 2694 2486 2763 τὴν
2520 2693 2630 2743 τῶν
2683 2690 2821 2743 ὅλων
2855 2685 3203 2755 κατασκευὴν
3251 2685 3329 2747 ὡς
3362 2682 3667 2752 ἄνθρωπον·

2096 2789 2185 2842 ἵνα
2219 2788 2415 2859 μηκέτι
2438 2786 2624 2855 νοῆται
2679 2782 2917 2854 Ποιητὴς
2970 2783 3035 2834 ὲκ
3084 2778 3176 2834 τοῦ
3212 2778 3285 2850 μὴ
3314 2778 3462 2842 ὅντος
3490 2778 3569 2838 εἰς
3614 2776 3675 2826 τὸ

2096 2875 2236 2934 εἶναι
2290 2878 2361 2931 τὰ
2398 2878 2528 2931 ὅντα
2559 2876 2845 2947 παράγων,
2876 2873 2990 2928 ἀλλ’
3026 2873 3089 2927 ἐκ
3119 2889 3260 2935 τινος
3307 2870 3675 2938 ὑποκειμένης

2099 2968 2273 3041 ἀρχῆς
2297 2985 2358 3021 τε
2404 2968 2499 3022 καὶ
2550 2968 2717 3038 ὕλης,
2763 2966 2839 3029 ὡς
2878 2965 3180 3035 ἄνθρωπος,
3233 2957 3677 3034 μετασκευαστὴς

426 3044 590 3113 xerit,
617 3050 711 3102 sed
748 3062 813 3103 ex
848 3049 1093 3120 subjecto
1139 3051 1323 3123 aliquo
1351 3054 1618 3123 principio
1646 3066 1701 3110 et
1730 3056 1954 3113 materia
1975 3097 1992 3124 ,

2104 3057 2357 3131 μᾶλλονῆ
2391 3056 2620 3129 ποιητὴς
2648 3056 3054 3127 εὑρισκόμενος.
3088 3056 3151 3108 Εἰ
3181 3054 3237 3108 δὲ
3271 3053 3428 3106 τοῦτο
3470 3050 3676 3104 ἄτοπον

426 3145 485 3188 ut
511 3137 696 3205 homo,
719 3148 777 3196 et
804 3150 1048 3200 mutasse
1074 3146 1256 3213 potius
1279 3161 1438 3214 quam
1469 3148 1996 3219 creassejudicetur.

426 3228 485 3281 Si
513 3241 645 3284 vero
677 3228 780 3286 hoc
808 3232 1101 3289 absurdum
1134 3250 1256 3292 esse
1300 3237 1507 3305 dicunt,
1560 3240 1723 3294 etiam
1755 3239 1884 3296 illud
1907 3241 2001 3298 de-

363 3389 377 3397 .
429 3329 714 3388 testentur,
743 3331 838 3377 aut
863 3338 1085 3380 causam
1126 3327 1376 3394 afferant,
1408 3328 1478 3385 ob
1516 3344 1681 3400 quam
1715 3332 1851 3387 nihil
1878 3348 2000 3388 am-

386 3425 391 3433 '
428 3410 567 3478 plius
595 3412 647 3466 in
687 3418 996 3484 generando
1033 3417 1141 3473 Deo
1164 3419 1408 3475 tribuant
1448 3435 1612 3490 quam
1640 3423 1887 3493 homini;
1944 3425 1998 3479 in

427 3501 665 3555 creando
689 3514 869 3557 autem
902 3521 1005 3561 non
1032 3507 1159 3562 item
1178 3523 1297 3577 quae
1324 3509 1560 3566 hominis
1581 3521 1727 3579 sunt,
1749 3512 1797 3568 ei
1826 3513 1999 3569 ascri-

428 3593 576 3647 bant.
629 3594 686 3647 Si
739 3604 917 3651 autem
965 3609 1182 3654 creator
1229 3610 1333 3665 est,
1383 3603 1837 3671 quemadmodum
1892 3604 2001 3659 Deo

428 3685 705 3752 convenit,
755 3686 860 3742 erit
890 3689 1053 3743 etiam
1099 3701 1388 3760 generator
1414 3693 1600 3748 eadem
1626 3694 1856 3749 ratione.

427 3816 780 3894 Interrogatio
814 3822 1130 3880 Arianorum
1176 3826 1329 3893 plena
1364 3827 1729 3894 absurditatis,
1771 3831 1855 3882 cui
1892 3832 1999 3883 alia

498 3890 697 3963 similis
735 3891 1081 3962 interrogatio
1130 3890 1428 3963 opponitur,
1481 3890 1848 3963 ducena—non
1894 3917 2003 3954 esse

493 3960 698 4029 aliquid
720 3963 878 4016 stulte
898 3960 1354 4034 interrogandum.

497 4092 663 4160 Deus,
702 4095 984 4165 inquiunt,
1037 4098 1738 4169 exsislenshexsistentem
1799 4100 1999 4166 Filium

431 4180 577 4261 iecit,
609 4188 703 4235 aut
730 4197 839 4237 non
867 4184 1259 4239 exsistentem?

817 4293 1024 4350 Salutio
1043 4314 1133 4351 seu
1150 4299 1322 4365 potius
1339 4301 1609 4369 subjectio.

500 4406 640 4467 Deus
662 4406 954 4472 exsistens,
986 4409 1234 4466 factusne
1253 4420 1337 4466 est
1379 4413 1668 4477 exsistens,
1693 4423 1788 4469 aut
1823 4416 2001 4484 prius-
2032 4416 2076 4471 D

429 4513 591 4566 quam
622 4499 775 4561 ﬁeret
815 4498 1158 4555 exsistebat?
1191 4501 1290 4567 Et,
1340 4501 1544 4558 fecitne
1596 4504 1858 4573 seipsum,
1908 4516 2003 4562 aut

429 4605 495 4644 ex
523 4590 695 4644 nihilo
725 4590 899 4651 factus
933 4592 1055 4647 est?
1081 4592 1165 4646 An
1189 4606 1314 4647 cum
1343 4593 1493 4663 prius
1517 4594 1653 4649 nihil
1675 4596 1999 4662 exsisteret,

431 4683 548 4749 ipse
580 4690 803 4751 repente
852 4684 1142 4753 apparuit?
1199 4683 1280 4738 Ad
1328 4684 1446 4740 haec
1495 4686 1811 4755 responderi
1862 4688 2001 4743 citra

431 4772 822 4843 blasphemiam
872 4790 978 4843 non
1016 4784 1232 4845 potest:
1274 4774 1340 4831 iis
1390 4775 1576 4845 itaque
1613 4776 1707 4846 qui
1736 4776 2000 4845 ejusmodi

430 4866 758 4943 quiastiones
770 4875 1075 4936 proponunt
1087 4868 1518 4943 respondendum
1532 4883 1639 4924 non
1661 4868 1770 4939 30
1784 4871 2003 4934 est,imo

429 4942 611 5024 potius
645 4956 733 5025 pie
767 4958 1049 5012 dicendum
1082 4942 1297 5013 Patrem
1352 4957 1420 5013 ab
1477 4967 1680 5016 aeterno
1710 4961 1997 5017 exsistere.

428 5049 563 5099 Cum
603 5047 786 5116 itaque
829 5058 1065 5102 aeternus
1099 5048 1171 5102 sit
1202 5046 1390 5112 Pater,
1449 5048 1517 5103 ab
1572 5056 1781 5103 aeterno
1833 5050 1998 5104 etiam

427 5138 645 5212 exsistit
664 5122 861 5195 Filius.
880 5124 1337 5205 Quemadmodum
1358 5140 1502 5195 enim
1519 5155 1792 5211 nunquam
1820 5140 1999 5195 lumen

429 5222 719 5323 splendore
775 5248 872 5287 suo
910 5232 1222 5287 destitutum
1256 5232 1515 5299 cernitur,
1585 5233 1657 5287 ita
1686 5247 1861 5303 neque
1896 5231 1997 5285 Pa-

432 5321 515 5377 ter
548 5323 701 5389 Filio,
727 5339 824 5394 per
853 5339 1013 5393 quem
1042 5321 1202 5380 Pater
1233 5325 1471 5382 videtur.
1500 5326 1629 5380 Erat
1656 5334 1838 5380 autem
1858 5339 1999 5379 sem-

432 5432 529 5486 per
558 5416 700 5471 Deus
725 5406 920 5501 Patcr;
951 5424 1068 5479 erat
1107 5418 1291 5495 itaque
1316 5419 1537 5489 omnino
1564 5418 1723 5477 etiam
1764 5417 1809 5473 is
1843 5414 1999 5485 cujus

429 5519 509 5565 est
541 5508 718 5563 Pater.
1218 5506 1221 5513 '

501 5688 547 5719 "
572 5686 727 5743 Joan.
756 5705 863 5755 xw,
898 5691 951 5747 9.

2099 3146 2237 3204 εἷναί
2286 3167 2439 3219 φασι,
2500 3150 2720 3203 κάκεῖνο
2764 3146 3196 3217 φευγέτωσανοῆ
3227 3144 3526 3212 λεγέτωσαν
3571 3142 3675 3213 τὴν

2098 3241 2297 3307 αἰτίαν,
2327 3241 2394 3294 δι’
2418 3240 2485 3311 ἥν
2517 3240 2609 3293 έπί
2641 3239 2739 3309 μὲν
2796 3237 2889 3292 τοῦ
2936 3239 3132 3309 γεννᾷν
3183 3236 3334 3289 οὐδὲν
3382 3232 3674 3305 ἀνθρώπου

2099 3336 2260 3390 πλέον
2282 3334 2426 3406 ἔχειν
2464 3334 2743 3406 βούλονται
2773 3334 2866 3387 τὸν
2894 3333 3048 3398 Θεὸν,
3082 3332 3177 3385 ἐπὶ
3222 3330 3280 3385 δὲ
3322 3328 3417 3383 τοῦ
3469 3326 3681 3399 κτίζειν

2097 3428 2278 3482 οὐκέτι
2296 3429 2362 3481 τὰ
2381 3426 2669 3498 ἀνθρώπου
2692 3425 3098 3495 προσάπτουσιν
3115 3421 3280 3492 αὐτῷ.
3298 3422 3361 3474 Εἰ
3376 3421 3433 3473 δὲ
3448 3419 3681 3489 ποιητής

2098 3523 2264 3586 ἐστιν,
2290 3520 2365 3583 ὡς
2392 3520 2593 3590 πρέπει
2616 3517 2736 3571 Θεῶ
2784 3517 2937 3571 ἔσται
2977 3514 3071 3575 καὶ
3116 3514 3393 3584 γεννήτωρ
3422 3510 3561 3565 κατὰ
3586 3507 3685 3563 τὸν

2101 3613 2214 3666 ἰσον
2234 3613 2456 3684 τρόπον.

2113 3831 2458 3899 Ἐρώτησις
2485 3825 2801 3899 Ἀρειανῶν
2824 3825 3075 3899 ἀτοπίας
3106 3819 3325 3899 μεστὴ
3342 3860 3356 3884 ,
3404 3819 3553 3899 πρὸς
3597 3815 3685 3883 ἣτε

2169 3887 2647 3967 ἃντεὲῑερὠτηὸζις
2675 3887 3064 3967 ᾀτοθιςωτέρα,⁷
3096 3887 3185 3945 ὅτι
3222 3890 3340 3959 χρὴ
3388 3887 3471 3959 μὴ
3500 3888 3651 3942 data.
3671 3915 3682 3927 ι

2170 3964 2399 4035 δεύτωςί
2423 3965 2646 4037 ἐρωτᾷν
2679 3964 3147 4018 ἑκδιδάσκουσα.

2181 4104 2242 4155 '0
2270 4100 2369 4162 ὢν,
2414 4101 2599 4169 φασὶν,
2639 4098 2771 4161 Θεὸς
2838 4098 2964 4151 ὅντα
3002 4095 3092 4149 τὸν
3145 4094 3274 4147 Υἰὸν
3325 4092 3600 4163 ἐποίησεν,
3642 4091 3680 4163 ἢ

2105 4193 2179 4266 μὴ
2204 4192 2331 4245 ὸντα
2354 4209 2369 4256 ;

2307 4302 2461 4369 Πρὸς
2494 4300 2669 4357 τοῦτο
2696 4299 2876 4364 λύσις
2914 4296 3045 4365 ἤτοι
3070 4294 3478 4364 ἀνθυποφορά.

2186 4416 2247 4479 'O
2266 4415 2341 4468 ὣν
2368 4414 2521 4478 Θεὸς,
2540 4412 2629 4470 ,ὢν
2657 4411 2899 4480 γέγονεν,
2930 4412 2963 4480 ἢ
3001 4411 3095 4462 καὶ
3123 4410 3250 4480 πρὶν
3275 4407 3501 4479 γένηταί
3529 4410 3684 4460 ἐστιν

2109 4506 2355 4571 mmihi,
2390 4504 2577 4558 ἑαυτὸν
2613 4502 2890 4572 ἐποίησεν,
2937 4502 2970 4570 ἦ
3022 4499 3081 4565 ἐξ
3129 4500 3342 4563 οὐδενὸς
3371 4500 3514 4563 Ean;
3566 4500 3685 4552 Καὶ

2113 4596 2340 4669 μηδενὸς
2395 4595 2545 4657 ὄντος
2598 4592 2883 4663 πρότερον,
2935 4591 3192 4659 ἐξαίφνης
3249 4590 3411 4652 αὐτὸς
3463 4590 3681 4659 ἐφάνη;

2122 4689 2209 4742 Ἐν
2258 4686 2465 4748 τούτοις
2487 4686 2636 4737 πᾶσα
2666 4683 2953 4751 ἀπόκρισις
2981 4682 3040 4733 τὸ
3084 4681 3365 4750 δύσφημον
3412 4678 3543 4748 ἔχει·
3570 4680 3683 4750 χρὴ

2107 4780 2284 4835 τοίνυν
2327 4781 2439 4841 τοῖς
2488 4776 2661 4839 οὕτως
2690 4776 2935 4846 ἐρωτῶσι
2984 4774 3059 4845 μὴ
3110 4772 3497 4843 ἀποκρίνεσθαι
3540 4772 3683 4842 πρὸς

2108 4870 2207 4941 τὴν
2231 4867 2593 4939 προταθεῖσαν
2628 4863 2841 4931 πεῦσιν,
2870 4863 3005 4916 ἀλλὰ
3028 4863 3227 4932 μᾶλλον
3251 4860 3486 4922 εὐσεϐῶς
3508 4860 3683 4928 λέγων

2111 4979 2211 5033 μεν
2232 4961 2305 5023 ὼς
2330 4958 2477 5011 ἔστιν
2509 4957 2677 5019 ἀΐδιος
2705 4956 2733 5008 6
2783 4954 2994 5023 Πατήρ.
3031 4954 3219 5015 Ὄντος
3264 4948 3358 5005 οὖν
3386 4950 3556 5003 ἀϊδίου
3582 4948 3681 5002 τοῦ

2108 5053 2341 5124 Πατρὸς,
2381 5049 2455 5103 ὢν
2487 5051 2633 5101 ἐστιν
2665 5047 2831 5109 ἀΐδιος
2874 5048 2968 5099 καὶ
3005 5048 3033 5098 6
3085 5044 3229 5107 Υἱός.
3278 5045 3364 5106 Ὠς
3411 5042 3519 5113 γὰρ
3574 5042 3684 5095 οὐκ

2109 5146 2173 5199 ἄν
2196 5157 2326 5194 ποτε
2350 5138 2464 5209 φῶς
2492 5135 2684 5206 ὀφθείη
2705 5135 2798 5187 τοῦ
2823 5136 2951 5188 ἰδίου
2980 5131 3405 5207 ἁπαυγάσματος
3435 5130 3641 5200 ἔρημον
3665 5172 3680 5189 ,

2104 5235 2274 5295 οὕτως
2311 5230 2413 5283 οὐκ
2444 5229 2509 5282 ἂν
2534 5227 2619 5297 εἴη
2666 5226 2853 5295 Πατὴρ
2901 5225 2975 5295 μὴ
3026 5224 3175 5287 ὄντος
3206 5221 3359 5287 Υἰοῦ,
3390 5221 3455 5273 δι’
3484 5212 3545 5270 οὗ
3583 5220 3686 5272 καὶ

2107 5326 2294 5396 Πατὴρ
2319 5322 2587 5391 φαίνεται.
2614 5313 2722 5372 Ἦν
2751 5318 2810 5371 δὲ
2868 5317 2952 5369 ἀεὶ
2985 5316 3169 5391 Πατὴρ
3214 5319 3240 5369 ὁ
3288 5316 3437 5381 Θεὸς,
3469 5310 3533 5384 ἦν
3570 5314 3686 5375 ἄρα

2110 5418 2324 5477 πάντως
2357 5408 2416 5467 οὗ
2443 5413 2536 5465 καὶ
2563 5410 2675 5464 ἔστι
2706 5409 2914 5481 Πατήρ.
