3876 6208
143 298 206 353 53
1544 292 1682 349 THE

1792 291 1986 350 URUS.
3324 289 3394 343 ει

825 412 1026 466 ᾹΛΛΟ.

2477 409 2706 475 ALIUD.

201 525 279 585 Ei,
306 523 555 595 καθάπερ
581 523 759 591 λέγειν
814 522 1085 595 τολμῶσιν
1123 521 1416 592 ’Δρεια-ιοὶ,
1472 521 1683 592 δργανοπ

1881 523 1965 585 Si.
1998 523 2451 593 quemadmodum
2490 524 2678 581 Ariani
2711 522 2895 577 dicere
2946 536 3053 576 non
3096 522 3387 585 verentur,

133 616 302 685 ἑαυτῷ
330 616 359 667 ὁ
392 616 583 685 Πατὴρ
630 616 722 668 τὸν
754 614 880 668 Υίὸν
911 614 1307 681 κατεσκεύασε,
1328 612 1696 685 χρησιμεῦσαι

130 710 416 779 δυνάμενον
457 709 539 772 εἰς
582 708 683 780 τὴν
733 708 841 761 τῶν
869 708 1038 761 ὄντων
1089 708 1473 779 δημιουργίαν,
1514 707 1603 761 διά
1640 724 1698 759 τε

130 801 323 871 ταύτην
353 801 452 873 τὴν
481 802 658 854 αἰτίαν
690 803 755 854 ὲκ
778 801 872 854 τοῦ
905 801 980 871 μὴ
1007 801 1159 865 ὄντος
1180 800 1342 854 αὑτὸν
1370 801 1450 863 εἰς
1474 800 1535 853 τὸ
1562 795 1699 853 εἶναι

131 892 430 961 παρήγαγε,
487 891 795 960 λεγέτωσαν
824 894 958 964 ἡμῖν
1008 894 1055 946 εί
1105 895 1132 945 ὀ
1195 893 1270 945 ὢν
1297 891 1390 946 τοῦ
1439 891 1512 963 μὴ
1546 891 1699 955 ὄντος

128 981 351 1053 ἔχρῃζε;
382 981 448 1035 Τί
481 979 574 1037 οὖν
606 984 713 1055 ἄρα
743 984 896 1037 ἔσται
930 984 1151 1053 μεῖζον;
1186 982 1247 1037 τὸ
1284 983 1525 1054 ὲνζχρείᾳ
1552 982 1699 1046 τινὸς

128 1075 472 1144 καθεστηκὸς,
504 1074 538 1145 ἥ
566 1074 628 1128 τὸ
650 1076 749 1144 τὴν
776 1076 967 1147 χρείαν
1014 1074 1409 1145 ἀναπληρῶσαι
1464 1074 1699 1143 δυνάμε-

126 1184 245 1231 νονς
284 1167 441 1219 ’Λλλά
468 1167 734 1238 πρόδηλον
762 1168 922 1221 ὅτιτὸ
955 1167 1129 1231 ἐνδεὲς
1152 1169 1211 1220 ἐν
1252 1166 1466 1236 ἑκάστῳ
1488 1165 1556 1217 δι’
1587 1165 1697 1235 ἁμ-

126 1261 355 1328 φοτέρων
380 1257 705 1330 πληροῦται,
758 1260 853 1313 καὶ
886 1259 1147 1330 ἑκάτερον
1180 1257 1371 1321 ἀτελές
1424 1260 1541 1310 ἐστι
1572 1255 1695 1311 καθ’

124 1352 293 1405 ἑαυτό.
331 1352 393 1405 ΕΞ
418 1351 477 1404 δὲ
507 1354 564 1405 ἐν
595 1352 754 1424 χρείᾳ
808 1352 1031 1421 γέγονεν
1069 1354 1098 1405 ὁ
1136 1352 1305 1414 ἀΐδιος
1358 1350 1549 1421 Πατὴρ
1600 1348 1693 1402 τοῦ

126 1441 310 1513 μικρὸν
355 1442 584 1515 ὕστερον
643 1444 1019 1513 ὲπιγεγονότος
1075 1444 1227 1507 Υἱοῦ,
1270 1446 1390 1497 κατ’
1429 1443 1691 1507 ἐκείνους,

122 1534 384 1604 πλήρωμα
425 1536 525 1605 τῆς
570 1536 872 1608 ἀϊδιότητος
912 1535 1005 1589 τοῦ
1062 1536 1276 1607 Πατρὸς
1304 1539 1337 1608 ἡ
1367 1535 1569 1607 γενητὴ
1600 1535 1691 1588 τοῦ

123 1624 242 1677 Tia-3
275 1625 465 1692 γέγονε
508 1625 688 1693 φύσις·
744 1626 837 1679 καὶ
870 1625 1058 1679 λοιπὸν
1108 1626 1308 1699 ἐμίχθη
1364 1627 1432 1679 τὰ
1462 1626 1688 1695 ἄμικτα.

1806 616 1970 671 Pater
2006 616 2107 674 sibi
2145 615 2337 671 Filium
2383 627 2639 685 tanquam
2670 615 3097 669 instrumentum
3128 614 3385 677 confecit,
3444 668 3449 675 ,

1807 724 1915 777 quo
1941 709 2007 763 ad
2033 710 2196 769 totius
2228 710 2461 764 universi
2493 710 2828 765 creationem
2858 718 3125 771 uteretur,
3154 721 3386 775 eamque
3442 742 3447 751 «

1806 802 1876 853 ob
1908 816 2129 855 causam
2166 815 2288 855 eum
2321 816 2351 855 e
2386 802 2559 857 nihilo
2609 802 2675 857 ad
2724 815 2848 856 esse
2897 798 3156 863 traduxit,
3204 799 3385 852 dicant

1808 891 1963 955 mihi,
1987 908 2053 945 an
2093 893 2136 946 is
2165 893 2254 962 qui
2317 894 2637 958 exsistebat,
2670 904 2735 947 eo
2794 892 2884 961 qui
2915 906 3021 944 non
3047 888 3342 945 exsistebat
3365 928 3407 951 ,η

1807 980 2136 1052 indiguerit?
2165 982 2442 1051 Quodnam
2470 982 2634 1054 igitur
2686 991 2767 1037 est
2800 982 2995 1052 majus,
3026 981 3077 1035 id
3118 980 3262 1049 quod
3307 980 3385 1031 al-

1806 1082 1923 1127 tero
1971 1082 2114 1143 eget.
2146 1083 2239 1128 aut
2277 1074 2328 1132 id
2351 1074 2495 1144 quod
2537 1075 2765 1130 alterius
2803 1083 3102 1144 egestatem
3130 1071 3383 1141 supplet?

1803 1164 1965 1233 Atqui
2001 1164 2347 1221 Inanifestum
2384 1177 2470 1221 est
2520 1166 2792 1221 defectum
2828 1167 2919 1235 qui
2947 1166 2999 1219 in
3023 1164 3255 1234 singulis
3300 1173 3383 1218 est

1802 1268 1897 1323 per
1924 1262 2212 1327 utrumque
2242 1257 2500 1327 suppleri,
2524 1268 2575 1312 et
2608 1268 2899 1327 utrumque
2925 1256 2979 1309 in
3007 1269 3067 1310 se
3119 1253 3381 1324 imperfe-

1802 1355 1947 1398 ctum
1974 1345 2229 1400 inveniri.
2262 1346 2318 1400 Si
2354 1363 2479 1401 vero
2506 1356 2739 1402 aeternus
2768 1347 2927 1402 Pater
2952 1345 3183 1415 indiguit
3212 1342 3376 1409 Filio,

1802 1438 1891 1503 qui
1922 1437 2079 1506 paulo
2102 1447 2245 1505 post,
2278 1449 2335 1491 ut
2358 1439 2457 1507 ipsi
2493 1439 2806 1506 Opinantur,
2842 1436 3014 1492 factus
3043 1443 3161 1501 est;
3195 1434 3379 1503 genita

1800 1542 1929 1599 ergo
1991 1529 2109 1585 Filii
2166 1540 2365 1586 natura
2411 1530 2591 1585 Patris
2639 1531 3003 1585 aeternitatem
3067 1527 3374 1597 supplevit;

1800 1628 1962 1690 atque
1995 1622 2066 1676 ita
2097 1623 2255 1677 mista
2320 1622 2543 1687 fuerint,
2592 1638 2711 1691 quae
2752 1622 2895 1676 nulla
2926 1621 3139 1676 ratione
3162 1619 3375 1673 misceri

120 1717 177 1767 Et
202 1716 255 1767 δὲ
288 1716 444 1769 τοῦτο
476 1717 655 1785 λέγειν
685 1718 717 1788 ἢ
744 1720 961 1787 φρονεῖν
992 1718 1206 1783 ἀσεϐὲς,
1243 1719 1342 1772 οὐκ
1376 1717 1683 1786 ἐπιγέγονε»

1800 1722 2043 1781 possunt.
2089 1713 2145 1768 Si
2193 1729 2325 1769 vero
2354 1714 2454 1769 hoc
2490 1724 2545 1768 et
2592 1714 2738 1769 dictu
2776 1723 2832 1767 et
2872 1713 3115 1783 cogitatu
3146 1711 3372 1778 impium

119 1809 218 1878 ἄρα
240 1809 313 1878 τῷ
342 1810 518 1879 Πατρὶ
545 1812 574 1863 ὁ
612 1810 757 1873 Υἱὸς,
796 1810 861 1862 δι’
895 1804 956 1862 οὗ
991 1810 1060 1863 τά
1093 1812 1271 1864 πάντα
1309 1810 1586 1879 ἐποίησεν,
1610 1809 1693 1861 οὐ·

117 1900 167 1951 δὲ
192 1900 262 1963 ὠς
293 1901 523 1972 ὄργανον
573 1903 987 1975 κατεσκευάσθη
1036 1903 1171 1973 πρὸς
1237 1901 1413 1956 τοῦτο·
1475 1900 1590 1955 ἀλλ’
1622 1897 1691 1971 ἦν

117 1991 252 2062 αὐτῷ
276 1994 543 2059 συναῖδιος
568 2035 583 2057 ,
613 1992 841 2066 δύναμις
876 1993 1039 2048 αὐτοῦ
1070 1997 1161 2048 καὶ
1214 1994 1375 2063 σοφία
1402 1994 1687 2069 ὑπάρχων.

115 2212 258 2278 Πρὸς
288 2211 426 2276 τοὺς
445 2211 805 2279 ἐρωτῶντας-ο
836 2214 905 2265 El
926 2207 1087 2279 εἶχες
1110 2210 1247 2265 υἱὸν
1272 2210 1417 2279 πρὲις
1471 2209 1688 2276 τέκῃς;

180 2282 273 2333 καὶ
308 2276 602 2350 λὲγυιῖθτας
623 2298 635 2311 ·
665 2282 828 2335 Οὒτω
854 2282 953 2337 καὶ
979 2276 1016 2337 ὅ
1041 2276 1185 2348 Θεὸς
1216 2276 1327 2335 οὐκ
1358 2276 1521 2349 εἶχεν
1554 2279 1689 2335 Υἱὸν

179 2351 315 2418 πρὶν
340 2351 638 2421 γεννήσῃ.

178 2490 236 2540 DE
269 2492 524 2555 γυναῖκας
550 2488 885 2559 ἐρωτῶντες·
909 2489 972 2541 Εἰ
997 2483 1143 2557 εἶχες
1172 2486 1285 2539 υἱὸν
1310 2487 1438 2557 πρὶν
1477 2487 1640 2560 τέκῃς
1668 2504 1683 2549 ;

111 2580 212 2632 ἀπό
238 2597 295 2633 τε
314 2582 411 2650 τῆς
435 2580 559 2634 καθ’
593 2580 750 2651 ἡμῶν
779 2579 1066 2651 συνηθείας
1088 2580 1156 2631 τὰ
1184 2578 1434 2648 θειότερα
1463 2578 1686 2647 δοκιμά-

112 2670 302 2737 ζοντες,
326 2672 691 2742 ὲρωτάτωσαν
716 2672 918 2741 ὁμοίως
950 2671 1192 2743 πατέρας
1220 2670 1253 2740 ἢ
1287 2670 1553 2740 μητέρας⁶
1586 2671 1683 2723 Ἂν

111 2762 264 2833 τέκῃς
293 2763 426 2830 υἱὸν,
447 2764 636 2831 ὅμοιος
661 2762 769 2832 ἄρα
794 2762 876 2815 σοὶ
910 2760 1051 2815 κατὰ
1084 2760 1245 2829 φύσιν
1266 2761 1556 2829 γενήσεται
1581 2778 1595 2826 ;
1647 2760 1680 2831 ἢ

111 2853 203 2921 τῆς
221 2855 385 2923 αὐτῆς
415 2856 499 2907 σοὶ
532 2854 630 2907 καὶ
675 2852 836 2917 αὐτὸς
877 2852 1066 2915 οὐσίας
1099 2850 1315 2921 μεθέξει
1336 2850 1407 2921 ;ἢ
1440 2850 1685 2920 ἐτεροού-

114 2962 217 3009 ato;
244 2945 391 2999 ἔσται
437 2946 532 2999 καὶ
590 2944 1035 3015 ἀπεξενωμένος;
1100 2941 1477 3004 Μανθάνοντες
1510 2942 1566 2994 δὲ
1622 2942 1685 2995 τὸ

112 3034 321 3105 ἀληθὲς,
356 3036 501 3090 οὕτω
523 3035 892 3107 φρονείτωσαν
927 3035 1021 3088 καὶ
1068 3034 1196 3104 περὶ
1242 3033 1399 3086 Θεοῦ.
1452 3034 1563 3086 Καὶ
1605 3033 1680 3103 μὴ

110 3103 398 3197 τὸνήχρόνον
430 3103 637 3197 μὲνγείς
667 3126 765 3198 τὴν
797 3126 1007 3181 ἑαυτῶν
1031 3103 1348 3180 δυσσέϐειαν
1385 3125 1459 3188 ὡς
1486 3125 1681 3196 χρήσι-
1709 3103 1751 3160 C

114 3235 204 3287 μον
240 3219 658 3291 άρπαζέτωσαν·
687 3220 748 3273 τὸ
780 3220 838 3273 δὲ
863 3221 927 3273 ὲκ
950 3221 1048 3290 τῆς
1079 3219 1221 3273 κατά
1249 3219 1411 3289 φύσιν
1433 3219 1685 3289 διαδοχῆς

110 3312 313 3381 γνήσιον
348 3313 775 3385 παροράτωσαν.
800 3314 910 3366 Καὶ
930 3312 1093 3368 πάλιν
1114 3314 1241 3366 ὅταν
1274 3312 1488 3382 μάθωσι
1532 3311 1684 3380 παρά

110 3400 208 3452 τῶν
226 3403 592 3473 ὲρωτωμένων
623 3404 845 3471 γονέων,
874 3404 957 3457 ὅτι
986 3402 1139 3475 δὴτά
1159 3402 1221 3466 ἐξ
1241 3402 1420 3456 αὐτῶν
1450 3403 1684 3472 ἐσόμενα

108 3492 262 3547 τέκνα
304 3496 519 3560 πάντως
550 3495 706 3549 ἔσται
733 3498 845 3559 τοῖς
889 3496 1106 3549 τοκεῦσι
1162 3495 1542 3566 παραπλήσια,
1590 3498 1684 3549 καὶ

108 3584 221 3635 κατ’
248 3585 397 3639 οὐδὲν
426 3586 611 3641 αὐτῶν
632 3587 1043 3652 διαλλάττοντα,
1085 3589 1226 3642 κατά
1258 3605 1321 3657 γε
1350 3588 1442 3641 τὸν
1463 3589 1559 3659 τῆς
1591 3589 1681 3641 οὐ-

113 3674 225 3738 σίας
248 3674 419 3745 λὸγον,
454 3660 852 3732 διακείσθωσαν
874 3678 1017 3732 οὕτω
1062 3680 1157 3732 καὶ
1223 3679 1352 3748 περὶ
1401 3678 1493 3731 τοῦ
1545 3679 1680 3733 Θεοῦ

108 3766 288 3834 Λόγου.
321 3768 430 3821 Καὶ
462 3769 649 3822 λοιπὸν
672 3768 1061 3839 ὁμολογοῦντες
1086 3772 1151 3823 ἐκ
1184 3769 1284 3837 τῆς
1302 3769 1489 3833 οὐσίας
1517 3770 1680 3824 αὐτὸν

108 3860 451 3931 γεγεννῆσθαι
476 3860 571 3914 τοῦ
608 3862 845 3932 Πατρὺς,
874 3862 1001 3933 περὶ
1036 3861 1195 3931 μόνου
1236 3860 1333 3914 τοῦ
1364 3862 1559 3934 χρόνου
1588 3861 1681 3932 ζη-

108 3950 373 4015 τείτωσαν,
405 3954 500 4005 καὶ
534 3952 846 4020 λεγέτωσαν
877 3954 1010 4023 ἡμῖν
1044 3953 1096 4004 τί
1122 3951 1183 4004 τὸ
1214 3951 1419 4005 κωλύον
1452 3954 1538 4005 ἀεὶ
1570 3953 1680 4005 Πα-

107 4042 230 4111 τέρα
252 4038 386 4097 εἶναι
415 4044 508 4097 τὸν
537 4044 691 4105 Θεὸν,
717 4047 765 4097 εί
794 4046 866 4115 μή
894 4062 974 4108 τις
1017 4044 1178 4097 αὐτὸν
1200 4046 1320 4107 ταῖς
1340 4044 1439 4115 τῆς
1468 4044 1680 4115 ἀνθρωο

108 4134 324 4205 ¹ητέτητος
353 4137 625 4205 ἀνάγκαις
654 4137 748 4189 καὶ
779 4138 891 4199 τοῖς
945 4135 1045 4206 τῆς
1080 4135 1297 4205 φύσεως
1342 4135 1500 4206 ἡμῶν
1533 4136 1679 4206 ὅροις

108 4224 413 4282 ὑποκεῖσθαι
438 4228 609 4296 λέγον
634 4229 771 4300 ὅπερ
802 4228 948 4281 ἐστὶν
1002 4227 1383 4280 ἀσεϐέστατον.
1422 4228 1557 4297 Περὶ
1584 4226 1677 4280 τοῦ

107 4315 287 4385 χρόνου
328 4319 503 4373 τοίνυν
550 4320 946 4390 σκεπτόμενοι,
1004 4320 1081 4389 μὴ
1122 4319 1189 4373 τά
1235 4317 1538 4390 ἀνθρώπων
1572 4319 1676 4372 ἴδια

108 4408 740 4482 πολυπραγμονείτωσαν·
795 4411 930 4465 πολὺ
986 4410 1096 4482 γὰρ
1149 4409 1320 4465 ταῦτα
1368 4410 1468 4480 τῆς
1524 4410 1675 4474 θείας

108 4499 397 4570 ἀπῴκισται
428 4504 667 4574 φύσεως.
704 4504 842 4557 Ἀλλ’
865 4504 1248 4576 ἐρωτάτωσαν,
1272 4504 1320 4555 εί
1355 4502 1673 4573 βούλονται,

108 4588 188 4644 τὸν
217 4592 381 4662 ἣλιον,
410 4597 459 4648 εί
500 4596 563 4648 τὸ
620 4595 681 4661 ἐξ
730 4594 895 4648 αὐτοῦ
946 4595 1285 4664 γεννώμενον
1328 4594 1443 4664 φῶς
1474 4590 1542 4664 ἦν
1589 4594 1677 4647 ἀεὶ

110 4684 197 4735 σὺν
226 4686 388 4756 αὐτῷ.
436 4686 875 4757 Μανθανέτωσαν
922 4687 1017 4741 καὶ
1069 4686 1217 4756 παρά
1256 4684 1349 4739 τοῦ
1390 4685 1581 4756 πυρὸς,
1626 4687 1675 4737 εἰ

109 4779 303 4849 προσῆν
330 4780 478 4851 αὐτῷ
521 4781 584 4834 τὸ
638 4779 950 4849 θερμαίνειν
992 4780 1098 4833 ἀεί.
1147 4778 1208 4831 Ei
1248 4778 1305 4830 δὲ
1345 4778 1438 4829 ἐπὶ
1470 4776 1676 4829 τούτων

109 4869 368 4943 σύνδρομα
388 4889 447 4925 τε
500 4872 595 4925 καὶ
638 4870 722 4924 ἀεὶ
753 4870 981 4923 συνόντα
1004 4869 1073 4923 τὰ
1104 4868 1165 4933 ἐξ
1193 4868 1372 4921 αὐτῶν
1401 4868 1673 4937 φαίνεται,

109 4962 251 5033 πόσῳ
279 4964 474 5033 μᾶλλον
503 4964 601 5018 ἐπὶ
652 4964 746 5017 τοῦ
802 4962 975 5017 ἀϊδίου
1010 4961 1184 5027 Θεοῦ;
1218 4962 1281 5015 Εἰ
1314 4961 1492 5013 τοίνυν
1533 4961 1675 5013 κατά

109 5053 258 5118 φύσιν
281 5056 343 5107 ὲκ
374 5055 467 5108 τοῦ
490 5055 705 5125 Πατρός
732 5057 876 5108 ἐστιν
899 5056 927 5107 ὁ
958 5054 1104 5116 Υἱὸς,
1139 5055 1234 5107 καὶ
1267 5052 1327 5105 τὸ
1365 5049 1675 5117 ἀναγκάζον

109 5145 247 5197 οὐδὲν
268 5148 324 5198 ὲν
360 5149 537 5218 χρόνῳ
592 5146 798 5198 τίκτειν
825 5146 912 5198 τὸν
956 5145 1107 5207 Θεὸν,
1136 5140 1203 5215 ἦν
1238 5145 1344 5214 ἄρα
1392 5141 1469 5211 τῷ
1499 5141 1673 5210 ΙΙατρὶ

109 5238 362 5301 συναίδιός
384 5241 412 5292 ὁ
438 5239 497 5303 ἐξ
523 5238 687 5291 αὑτοῦ
718 5236 997 5309 προελθὼν
1031 5237 1220 5303 Λόγος,
1278 5236 1342 5288 δι’
1374 5230 1433 5287 οὗ
1455 5238 1564 5297 τοῖς
1599 5232 1673 5304 μὴ

109 5322 215 5380 οὖσι
236 5329 453 5398 γέγονεν
484 5332 518 5401 ὴ
549 5332 626 5394 είς
656 5331 716 5383 τὸ
743 5326 880 5384 εἶναι
902 5330 1153 5400 πάροδος.

780 5446 980 5499 ΑΛΛΟ.

177 5553 378 5608 Είδέναι
408 5560 513 5629 χρὴ
542 5560 665 5621 τοὺς
689 5561 829 5612 νοεῖν
852 5558 1132 5623 ἐθέλοντας
1193 5560 1395 5622 καλῶς,
1430 5560 1509 5612 ὅτι
1548 5558 1669 5611 οὔτε

116 5648 423 5719 μεριστῶςῆ
458 5652 694 5721 ρευστῶς
721 5652 977 5722 ἐγέννησε
1007 5654 1159 5716 Θεὸς,
1180 5654 1265 5705 ἵνα
1296 5672 1346 5705 τι
1379 5652 1471 5706 καὶ
1503 5652 1671 5713 πάθος

115 5738 232 5804 περὶ
268 5740 422 5793 αὐτὸν
452 5741 701 5809 γενέσθαι
738 5744 1065 5813 νομίσωμεν·
1122 5746 1182 5799 τὺ
1216 5746 1310 5811 μὲν
1340 5744 1447 5811 γὰο
1480 5743 1667 5810 τέμνε-

1793 1814 1896 1869 est,
1941 1822 2045 1860 non
2080 1814 2316 1876 estergo
2342 1807 2609 1875 posterior
2659 1806 2818 1860 Patre
2863 1804 3057 1868 Filius,
3085 1818 3181 1873 per
3212 1817 3373 1871 quem

1796 1898 1883 1953 ille
1906 1900 2087 1952 omnia
2123 1898 2269 1961 fecit,
2298 1914 2472 1969 neque
2509 1898 2670 1952 veluti
2726 1900 3149 1953 instrumentum
3179 1896 3245 1950 ad
3272 1896 3372 1949 hoc

1794 1990 1970 2045 factus
1996 2000 2080 2045 est
2109 2008 2123 2044 :
2154 1991 2246 2045 sed
2287 1999 2409 2044 erat
2440 1990 2487 2045 ei
2518 1998 2841 2055 coaeternus,
2871 1988 3114 2058 potentia
3147 1985 3265 2055 ejus
3307 2000 3371 2041 ac

1792 2082 2057 2151 sapientia
2089 2082 2373 2135 exsistens.

1791 2220 2050 2273 Aduersus
2080 2220 2456 2285 interrogantes
2483 2235 2499 2271 :
2530 2220 2610 2271 Αιι
2639 2217 2869 2275 habuisti
2889 2217 3073 2285 ﬁlium,
3091 2224 3369 2285 antequam
3396 2258 3397 2261 η

1855 2290 2133 2370 gignens?
2158 2298 2203 2340 et
2244 2284 2471 2342 dicentes
2502 2306 2519 2341 :
2549 2287 2648 2368 “Ita
2697 2304 2859 2370 neque
2892 2284 3031 2341 Deus
3065 2287 3248 2355 habuit
3275 2284 3371 2339 Fi-

1859 2367 2008 2425 tium,
2039 2367 2345 2428 priusquam
2368 2374 2485 2411 eum
2508 2367 2761 2429 gigneret.

1856 2493 1960 2562 Qui
1990 2493 2246 2549 mulieres
2270 2492 2611 2563 interrogant
2647 2510 2661 2546 :
2714 2491 3035 2548 Habuistine
3068 2491 3234 2546 filium
3266 2505 3367 2546 an-

1785 2594 2003 2655 tequam
2031 2585 2292 2653 pareres?
2312 2587 2549 2640 humano
2572 2599 2725 2640 more
2747 2584 2958 2640 divinas
2984 2599 3072 2640 res
3098 2584 3368 2655 aestimgn.

1787 2690 1889 2746 tes,
1950 2679 2289 2749 interrogent
2328 2679 2489 2734 etiam
2547 2686 2729 2748 patres
2787 2694 2852 2734 ac
2884 2687 3087 2733 matres
3122 2695 3135 2731 :
3175 2676 3233 2732 Si
3268 2676 3366 2731 tibi

1786 2780 1945 2826 natus
1964 2772 2037 2826 sit
2088 2770 2251 2838 illius,
2274 2770 2449 2827 eritne
2482 2770 2527 2825 is
2558 2770 2653 2824 tibi
2707 2770 2906 2825 similis
2940 2769 3239 2825 secundum
3270 2784 3366 2833 na-

1784 2869 1995 2926 turam,
2025 2860 2109 2915 vel
2147 2859 2463 2930 ejusdemne
2499 2868 2678 2915 tecum
2721 2860 3043 2917 substantia
3092 2860 3368 2931 particeps

1783 2953 1932 3007 erit?
1967 2967 2035 3007 an
2065 2954 2245 3022 potius
2276 2952 2501 3009 alterius
2563 2953 2882 3008 substantiae
2930 2952 3122 3009 alienze
3167 2967 3198 3007 a
3230 2961 3315 3007 tua
3342 2952 3368 3004 ?

1786 3044 2029 3099 Veritate
2061 3046 2244 3116 itaque
2271 3045 2450 3115 agnita
2472 3083 2487 3108 ,
2521 3045 2591 3099 ita
2623 3047 2790 3100 etiam
2833 3045 2898 3100 de
2938 3043 3051 3101 Deo
3107 3044 3375 3111 sentiant.

1788 3138 1969 3208 Neque
1994 3148 2207 3208 tempus
2230 3139 2449 3210 quidem
2478 3138 2545 3190 ad
2577 3152 2727 3192 suam
2752 3137 3082 3213 impietatem
3108 3145 3365 3207 tanquam

1788 3230 1921 3285 utile
1978 3230 2295 3300 abripiant:
2335 3229 2601 3283 naturalis
2629 3244 2757 3283 vero
2811 3229 3163 3299 proprietatis
3186 3228 3363 3285 conti-

1788 3322 2098 3377 nuationem
2129 3320 2449 3390 deSpiciant.
2479 3319 2543 3374 Et
2575 3336 2786 3385 rursus,
2820 3335 2941 3375 cum
2961 3334 3028 3374 ex
3052 3320 3365 3389 parentibus

1787 3411 2136 3481 interrogatis
2164 3410 2476 3472 didicerint,
2533 3410 2676 3465 ﬁlios
2719 3410 2809 3478 qni
2844 3425 2909 3465 ex
2938 3410 3071 3479 ipsis
3100 3410 3365 3465 nascituri

1786 3513 1934 3571 sunt,
1995 3504 2202 3559 similes
2248 3503 2471 3557 omnino
2540 3501 2857 3572 parentibus
2908 3500 3058 3568 fore,
3111 3502 3365 3572 nulloque

1787 3594 1968 3660 modo,
2020 3601 2282 3664 quantum
2331 3592 2397 3646 ad
2453 3591 2774 3647 substantiae
2832 3592 3098 3646 rationem
3127 3592 3361 3659 attinet,

1785 3685 2027 3739 diversos
2065 3684 2133 3739 ab
2155 3682 2285 3753 ipsis
2309 3681 2450 3747 fore,
2482 3682 2555 3736 ita
2580 3682 2745 3737 etiam
2797 3681 2864 3736 de
2896 3681 2990 3736 Dei
3030 3679 3208 3735 Verbo
3232 3694 3361 3735 sen-

1786 3776 1939 3829 tiant.
1963 3777 2039 3830 Ac
2065 3774 2321 3845 deinceps
2352 3774 2456 3845 31
2504 3773 2734 3829 fatentes
2770 3772 2967 3828 Filium
3021 3788 3087 3827 ex
3123 3773 3372 3829 essenti:-

1786 3868 1963 3924 Patris
1993 3868 2237 3938 genitum
2274 3883 2414 3932 esse,
2444 3868 2512 3922 de
2544 3876 2790 3937 tempore
2812 3866 2987 3921 solum
3013 3873 3279 3935 quaerant,
3306 3879 3365 3921 et

1783 3960 1966 4014 dicant
1999 3960 2127 4030 quid
2159 3961 2469 4031 prohibeat,
2505 3974 2614 4032 quo
2646 3959 2825 4014 minus
2865 3958 3029 4013 Pater
3051 3957 3121 4011 sit
3148 3971 3362 4026 semper

1784 4052 1944 4117 Deus,
1966 4052 2073 4107 nisi
2103 4052 2229 4121 quis
2256 4067 2380 4106 eum
2424 4054 2675 4106 humanae
2696 4049 3025 4106 conditionis
3076 4059 3129 4103 et
3152 4057 3361 4103 naturae

1782 4142 1986 4213 legibus
2012 4142 2313 4210 subjectum
2340 4157 2464 4198 esse
2485 4144 2629 4197 dicat
2655 4160 2669 4196 :
2700 4140 2844 4211 quod
2868 4140 3091 4212 impium
3118 4155 3360 4196 summo-

1781 4250 1909 4306 pere
1938 4244 2041 4291 est.
2085 4235 2320 4306 Tempus
2345 4237 2529 4305 itaque
2561 4234 2996 4298 considerantes,
3022 4246 3090 4287 ne
3135 4246 3198 4286 ea
3233 4248 3358 4303 qua:

1782 4328 2091 4384 hominibus
2120 4327 2336 4398 propria
2366 4336 2511 4393 sunt,
2535 4325 2850 4395 inquirant:
2880 4325 3194 4394 longissime
3209 4326 3356 4380 enim

1783 4419 1896 4475 haec
1927 4435 1955 4473 a
1986 4420 2167 4479 divina
2194 4428 2387 4473 natura
2438 4424 2565 4471 sunt
2621 4426 2849 4472 remota.
2881 4414 2987 4471 Sed
3039 4425 3249 4485 rogent,
3306 4416 3355 4470 si
3446 4485 3462 4496 γ

1780 4514 1971 4579 velint,
1998 4512 2191 4580 solem,
2223 4528 2289 4565 an
2320 4512 2501 4567 lumen
2548 4510 2690 4579 quod
2724 4524 2791 4564 ex
2817 4524 2877 4564 se
2918 4510 3108 4580 gignit,
3139 4524 3354 4581 semper

1778 4619 1961 4660 secum
2003 4603 2189 4657 fuerit.
2218 4602 2566 4672 Cognoscant
2595 4602 2756 4654 etiam
2781 4614 2845 4655 ex
2869 4600 3014 4670 igne,
3038 4616 3106 4654 an
3137 4614 3354 4671 semper

1778 4698 1825 4753 ei
1855 4695 2003 4752 calor
2036 4694 2291 4750 adfuerit.
2336 4692 2391 4748 Si
2424 4705 2551 4747 vero
2601 4692 2654 4746 in
2708 4691 2793 4746 his
2832 4706 3046 4760 semper
3071 4694 3352 4747 concomi-

1778 4800 1961 4844 tantur
1991 4796 2150 4856 atque
2182 4786 2361 4839 insunt
2381 4798 2500 4852 quae
2526 4798 2591 4839 ex
2625 4782 2757 4852 ipsis
2787 4781 3099 4852 gignuntur,
3145 4793 3352 4852 quanto

1779 4879 1950 4950 magis
1977 4879 2028 4931 in
2046 4887 2252 4933 aeterno
2277 4875 2420 4930 Deo?
2449 4873 2591 4944 Ergo
2622 4874 2666 4928 si
2692 4873 3013 4929 naturaliter
3040 4885 3126 4930 est
3152 4891 3218 4930 ex
3245 4875 3350 4929 Pa-

1780 4982 1859 5028 tre
1886 4972 2073 5036 Filius,
2104 4969 2359 5038 nullaque
2406 4966 2705 5022 necessitas
2737 4965 2807 5020 sit
2866 4975 2926 5020 ut
2954 4966 3095 5021 Deus
3123 4967 3175 5019 in
3208 4974 3346 5020 tem-

1776 5083 1903 5137 pore
1929 5067 2112 5136 gignat
2145 5085 2157 5118 :
2186 5071 2305 5118 erat
2339 5061 2521 5129 itaque
2567 5065 2896 5113 coaeternum
2930 5057 3075 5114 Patri
3111 5056 3344 5113 Verbum

1776 5169 1841 5207 ex
1872 5153 1989 5223 ipso
2017 5152 2333 5222 procedens,
2360 5163 2459 5219 per
2502 5162 2660 5215 quem
2689 5162 2751 5202 ea
2786 5163 2904 5219 quae
2957 5164 3062 5204 non
3088 5157 3242 5203 erant
3278 5149 3351 5203 ad.

1776 5262 1897 5302 esse
1939 5245 2181 5301 traducta
2211 5250 2355 5301 sunt.

2441 5438 2668 5507 ALIUD.

1848 5558 2000 5613 Scire
2029 5562 2238 5626 Oportet
2263 5567 2356 5608 eos
2388 5554 2477 5622 qui
2532 5560 2676 5607 recte
2707 5552 2913 5606 sentire
2946 5551 3131 5615 velint,
3171 5551 3373 5611 Deum_

1776 5668 1880 5708 non
1912 5664 2005 5718 per
2039 5645 2455 5717 separationcm,
2487 5655 2579 5698 ant
2631 5644 2919 5699 ﬂuxionem
2948 5645 3223 5714 genuisse,
3264 5644 3336 5698 ita

1782 5752 1838 5799 ut
1894 5738 2197 5809 passionem
2260 5735 2489 5806 aliquam
2551 5734 2598 5788 ei
2663 5732 2923 5789 accidisse
2982 5748 3335 5790 censeamus:
