3876 6208
453 304 523 359 55
1437 303 1492 358 S.
1534 303 1805 359 CYRILLI
1847 295 2671 360 ALEXANDRINI’ARCHIEP.
3620 300 3684 349 δι

448 416 623 473 secari
671 417 814 471 enim
861 432 926 472 ac
953 418 1123 472 ﬂuere
1181 432 1455 486 corporeae
1502 430 1710 476 naturae
1739 423 2009 492 proprium

2124 423 2246 477 σθαι
2278 424 2371 476 καὶ
2398 425 2510 492 ῥεῖν
2544 422 2641 491 τῆς
2673 416 2993 490 σωματικῆς
3050 416 3115 470 ἂν
3162 414 3254 483 εἴη’
3282 413 3493 482 φύσεως
3542 409 3681 463 ἴδιον·

443 517 559 575 est;
619 508 954 578 incorporea:
1006 521 1182 563 autem
1239 511 1542 581 divinaeque
1607 516 1859 568 essentia:
1905 529 2013 569 non

443 601 646 671 passio,
675 618 781 656 non
811 604 1005 667 sectio,
1032 603 1117 656 vel
1155 603 1263 656 tale
1289 604 1489 671 aliquid
1517 605 1737 659 accidit.
1763 606 1879 660 Non
1907 607 2014 661 erit

443 696 628 763 itaque
654 692 822 751 Filius
858 695 1021 749 veluti
1056 710 1180 763 pars
1239 697 1484 763 quaedam
1550 697 1759 764 Patris,
1817 698 1912 751 sed
1947 713 2013 753 ex

443 788 562 858 ipso
605 796 657 843 et
691 788 743 841 in
774 788 909 857 ipso.
938 787 1015 842 Ac
1042 802 1139 855 per
1168 784 1287 841 Filii
1337 787 1551 857 quidem
1604 789 2014 858 appellationem

443 896 512 935 ex
544 882 660 950 ipso
692 896 707 935 :
737 896 833 950 per
861 882 1137 950 sapientiae
1164 898 1292 937 vero
1319 892 1374 937 et
1396 882 1556 937 Verbi
1582 883 2014 951 appellationem,

444 971 497 1025 in
531 972 646 1041 ipso
700 988 823 1028 esse
869 974 1227 1044 signiﬁcatur.
1258 974 1375 1029 Erit
1419 976 1601 1043 itaque
1657 976 1886 1043 genitori
1924 991 2015 1029 co-

444 1074 699 1120 aeternus.
732 1065 917 1135 Neque
944 1069 1086 1121 enim
1115 1070 1400 1137 quisquam
1437 1084 1581 1123 sanae
1606 1069 1802 1123 mentis
1819 1068 2015 1122 dixerit

443 1153 656 1210 Patrem
691 1158 909 1228 inquam
948 1162 1153 1228 absque
1188 1158 1360 1214 Verbo
1391 1169 1446 1214 et
1493 1159 1792 1230 Sapientia
1844 1161 2013 1215 exsti-

446 1248 595 1303 tisse.

1111 1362 1336 1421 ALIUD.

514 1473 572 1529 Si
605 1490 758 1531 mens
783 1475 1020 1531 humana
1046 1479 1178 1532 citra
1238 1479 1399 1532 ullam
1433 1479 1757 1533 divisionem
1786 1480 2010 1533 verbum

443 1569 586 1636 quod
620 1569 826 1637 profert
884 1584 947 1624 ex
997 1572 1196 1641 seipsa,
1260 1571 1451 1640 gignit,
1505 1586 1681 1640 neque
1722 1572 2012 1640 quidquam

444 1659 558 1726 ipsa
587 1672 651 1712 ex
684 1659 771 1712 illa
833 1659 983 1714 verbi
1039 1660 1344 1730 prolatione
1376 1662 1581 1730 patitur
1608 1678 1622 1715 :
1664 1661 1759 1715 sed
1789 1669 2011 1715 verbum

2121 515 2215 568 ἐπὶ
2242 514 2298 566 δὲ
2325 514 2423 584 τῆς
2454 512 2746 583 ἀσωμάτου
2778 509 2870 562 καὶ
2901 508 3047 570 θείας
3076 506 3283 566 οὐσίας,
3319 504 3377 556 οὐ
3414 501 3600 564 πάθος,
3626 500 3683 552 οὐ

2123 606 2388 677 μερισμὸς
2416 605 2524 657 τῶν
2548 604 2802 657 τοιούτων
2827 600 2979 654 οὐδὲν
3014 598 3376 668 συμϐήσεται.
3403 595 3516 646 Οὐκ
3542 592 3685 644 ἔσται

2118 696 2296 749 τοίνυν
2324 695 2512 765 ὥσπερ
2542 713 2595 748 τι
2655 692 2820 763 μέρος
2858 690 2950 743 τοῦ
3001 689 3213 757 Πατρὸς
3245 688 3272 739 6
3303 685 3451 747 Υἱὸς,
3491 683 3601 736 ἀλλ’
3629 683 3687 747 ἐξ

2118 788 2306 853 αὑτοῦ,
2340 791 2435 842 καὶ
2464 790 2519 840 ὲν
2550 785 2714 856 αὐτῷ.
2743 784 2843 837 Διά
2893 784 2990 853 μὲν
3020 780 3113 833 τοῦ
3144 777 3424 832 καλεῖσθαι
3476 777 3599 839 Υἱὸς
3625 776 3686 827 τὸ

2118 883 2179 945 ἐξ
2200 883 2388 944 αὑτοῦ,
2414 881 2503 934 διὰ
2525 881 2581 933 δὲ
2612 879 2705 932 τοῦ
2736 876 3013 931 καλεῖσθαι
3042 872 3201 941 σοφία
3253 871 3346 923 καὶ
3387 869 3575 936 Λόγος,
3627 867 3686 918 τί)

2118 973 2176 1023 ὲν
2207 970 2354 1041 αὐτῷ
2382 970 2682 1041 γνωρίζων.
2712 965 2922 1019 Οὐκοῦν
2952 963 3103 1015 ἔσται
3142 959 3218 1030 τῷ
3263 957 3471 1011 τεκόντι
3510 956 3686 1008 συναΐ-

2118 1064 2247 1124 διος.
2277 1064 2352 1115 Οὐ
2378 1062 2487 1133 γὰρ
2515 1061 2581 1114 ἄν
2633 1076 2718 1122 τις
2751 1059 2894 1111 εἴποι
2925 1055 3032 1108 τῶν
3067 1049 3126 1107 εὖ
3180 1052 3395 1123 φρονεῖν
3423 1047 3685 1100 εἰωθότων

2118 1155 2310 1224 ἄλογόν
2371 1172 2430 1206 τε
2485 1153 2577 1206 καὶ
2636 1151 2837 1219 ἄσοφον
2889 1145 3217 1217 γεγενῆσθαί
3271 1158 3399 1196 ποτε
3446 1141 3538 1193 τὸν
3575 1139 3679 1192 Πα-

2115 1250 2266 1320 τέρα.

2808 1356 3009 1409 AAAO.

2186 1475 2249 1528 Εἰ
2279 1476 2306 1528 6
2337 1472 2675 1543 ἀνθρώπινος
2738 1468 2862 1531 νοῦς
2915 1464 3224 1537 ἁμερίστως
3271 1460 3330 1525 ἐξ
3374 1456 3566 1511 ἑαυτοῦ
3597 1456 3685 1508 τὸν

2116 1566 2449 1637 προφορικὸν
2501 1562 2775 1633 ἀπογεννᾷ
2817 1560 2995 1627 λόγον,
3031 1557 3124 1610 καὶ
3175 1552 3346 1614 πάθος
3385 1550 3533 1603 οὐδὲν
3559 1548 3686 1615 περὶ

2117 1659 2278 1714 αὑτὸν
2309 1660 2372 1710 ὲκ
2392 1655 2582 1709 τούτου
2612 1656 2840 1723 γίνεται,
2878 1651 2993 1704 ἀλλ’
3033 1649 3179 1701 ἔστιν
3227 1646 3354 1699 ἰδεῖν
3372 1643 3455 1710 ιὲν
3486 1641 3581 1712 μὲν
3610 1639 3687 1709 τῷ

442 1750 657 1818 quidem
686 1751 737 1805 in
764 1763 963 1816 mente,
995 1767 1144 1807 mens
1178 1752 1229 1806 in
1272 1752 1436 1807 verbo
1497 1754 1758 1817 cernitur,
1791 1763 1845 1807 et
1874 1753 2009 1807 alte-

2122 1752 2191 1821 νῷ
2217 1752 2308 1804 τὸν
2340 1750 2518 1819 λόγον,
2550 1751 2607 1801 ἐν
2640 1748 2695 1801 δὲ
2715 1746 2791 1817 τῷ
2824 1744 2965 1814 λόγῳ
2992 1743 3083 1795 τὸν
3132 1738 3277 1805 νοῦν,
3309 1736 3403 1789 καὶ
3432 1734 3687 1802 ἑκάτερον

442 1861 562 1900 rum
597 1845 665 1900 ab
716 1846 888 1903 altero
929 1849 1238 1919 depingitur
1277 1866 1289 1901 :
1338 1858 1394 1902 et
1440 1863 1598 1903 nemo
1644 1848 1761 1902 sani
1818 1846 2009 1914 judicii

442 1936 641 1991 dixerit
689 1947 922 1991 mentem
964 1954 1201 2008 unquam
1237 1939 1442 2008 absque
1480 1939 1646 1992 verbo
1675 1938 1886 1992 fuisse:
1919 1952 2011 1990 ne—

442 2042 547 2096 que
575 2044 725 2083 mens
747 2044 981 2097 unquam
1010 2030 1171 2083 fuerit
1203 2045 1323 2099 quae
1375 2031 1600 2083 verbum
1632 2044 1737 2082 non
1773 2027 2005 2093 habeat;

440 2120 661 2175 verbum
711 2130 889 2176 autem
948 2122 1181 2177 dicimus
1231 2137 1335 2176 non
1389 2122 1442 2175 in
1503 2121 1817 2174 universum
1864 2120 2007 2189 quod

440 2210 620 2283 lingua
653 2212 951 2281 profertur,
977 2229 1164 2269 verum
1197 2214 1361 2267 etiam
1394 2214 1445 2268 id
1472 2214 1615 2283 quod
1647 2222 1828 2267 mente
1857 2211 2012 2267 intel-

439 2301 743 2370 lectualiter
775 2304 1045 2374 agitatur;
1080 2305 1151 2358 ita
1202 2306 1364 2359 etiam
1415 2320 1574 2358 nemo
1635 2303 1856 2367 dixerit,
1903 2318 2010 2356 non

439 2410 560 2450 esse
585 2396 805 2451 omnino
833 2398 885 2450 in
927 2396 1035 2452 Deo
1059 2398 1336 2466 proprium
1365 2397 1533 2464 ipsius
1576 2396 1836 2458 Verbum,
1863 2400 2009 2465 quod

440 2498 505 2538 ex
535 2485 745 2553 integro
777 2484 938 2540 Patre
972 2486 1260 2555 imaginem
1317 2485 1500 2551 refert,
1543 2494 1599 2540 et
1650 2486 1701 2538 in
1742 2484 1907 2539 Patre
1939 2483 2011 2539 ob

440 2577 690 2632 essentia:
715 2577 1319 2633 incommutabilitatem
1338 2577 1522 2632 animo
1550 2577 1812 2632 cernitur.

1088 2689 1195 2761 32
1220 2688 1445 2745 ALIUD.

512 2800 572 2856 Si
606 2808 753 2857 recte
782 2801 987 2856 sentire
1018 2801 1266 2863 velimus,
1294 2814 1515 2855 necesse
1545 2807 1629 2856 est
1658 2809 1717 2855 ut
1742 2802 2007 2865 dicamus,

441 2908 549 2948 non
575 2894 870 2949 accessisse
926 2895 1027 2947 hoc
1081 2903 1266 2960 postea
1300 2892 1445 2946 Patri
1493 2902 1549 2946 ut
1598 2895 1669 2947 sit
1702 2892 1885 2958 Pater,
1916 2893 2009 2948 sed

441 2996 655 3049 semper
686 2983 737 3036 id
801 2983 1017 3037 fuisse:
1069 2984 1267 3053 alioqui
1301 2985 1578 3039 mutabilis
1630 2993 1837 3038 natura:
1888 3000 2012 3040 esse

2114 1844 2294 1899 αὐτῶν
2330 1843 2577 1912 ἐκατέρῳ
2610 1837 3095 1911 ζωγραφούμενόν,
3152 1832 3247 1885 καὶ
3296 1830 3396 1883 οὐκ
3420 1828 3483 1881 ἄν
3504 1843 3585 1889 τις
3610 1825 3687 1876 ετ-

2114 1954 2206 1990 ποι
2257 1934 2547 2005 σωφρονῶν
2603 1930 2795 1997 ἄλογόν
2838 1944 2969 1981 ποτε
3025 1920 3349 1994 γεγενῆσθαι
3403 1919 3493 1971 τὸν
3526 1915 3683 1969 νοῦν·

2112 2027 2295 2080 οὐκέτι
2329 2028 2437 2094 γὰρ
2471 2024 2623 2077 ἔσται
2655 2021 2778 2083 νοῦς
2804 2020 2959 2088 λόγον
2987 2018 3086 2071 οὐκ
3109 2016 3268 2085 ἔχων,
3309 2010 3465 2079 λόγον
3488 2008 3545 2061 δέ
3584 2023 3689 2075 φα-

2117 2138 2214 2191 μεν
2248 2120 2306 2171 οὐ
2340 2119 2555 2181 πάντως
2612 2115 2702 2167 τὸν
2760 2113 2847 2166 διὰ
2895 2109 3139 2179 γλώττης
3166 2102 3646 2171 ἀποκτυπούμενον
3666 2138 3685 2163 ,

2113 2211 2247 2266 ἀλλὰ
2281 2212 2375 2263 καὶ
2430 2209 2518 2262 τὸν
2546 2210 2602 2260 ἐν
2634 2206 2710 2276 τῷ
2748 2205 2822 2274 νῷ
2856 2199 3201 2272 νοηματικῶς
3232 2196 3565 2265 κινούμενον·
3595 2189 3688 2242 οῦ-

2110 2320 2219 2366 τως
2246 2303 2346 2355 οὐκ
2369 2301 2432 2354 ἀν
2464 2318 2547 2362 τις
2607 2300 2747 2353 εἴποι
2781 2297 2854 2367 μὴ
2899 2293 3037 2348 εἶναι
3068 2293 3281 2352 πάντως
3334 2290 3389 2340 ἐν
3440 2285 3558 2354 Θεῷ
3595 2283 3686 2335 τὸν

2114 2396 2243 2449 ἴδιον
2269 2393 2434 2448 αὑτοῦ
2465 2393 2656 2459 Λόγον,
2688 2392 2814 2460 ὃλην
2848 2386 2906 2453 ἐξ
2939 2388 3058 2440 ὅλου
3100 2383 3193 2436 τοῦ
3233 2380 3443 2450 Πατρός
3496 2377 3687 2446 ἔχοντα

2112 2487 2208 2559 τὴν
2237 2486 2441 2549 εἰκόνα,
2502 2484 2597 2537 καὶ
2651 2485 2709 2537 ἐν
2744 2482 2919 2551 Πατρὶ
2969 2476 3338 2547 θεωρούμενον
3386 2471 3472 2523 διὰ
3501 2468 3562 2521 τὸ
3587 2467 3687 2535 τῆς

2112 2579 2298 2641 οὐσίας
2339 2576 2777 2649 ἀπαράλλακτον.

2790 2687 2994 2740 ΑΛΛΟ.

2184 2809 2248 2860 Εἰ
2277 2804 2597 2877 βουλοίμεθα
2626 2801 2868 2869 δοξάζειν
2894 2799 3089 2869 ὀρθῶς,
3142 2795 3354 2863 ἀνάγκη
3388 2788 3565 2877 λέγειν
3611 2784 3689 2877 ᾡς

2112 2901 2211 2953 οῦκ
2249 2873 2531 2966 ἐπιγέγονε
2557 2896 2634 2966 τῷ
2660 2894 2778 2964 Θεῷ
2810 2893 2870 2946 τὸ
2899 2890 3036 2945 εἶναι
3074 2887 3314 2957 Πατέρα,
3362 2880 3475 2936 ἀλλ’
3509 2873 3576 2946 ἦν
3603 2876 3691 2928 ἀεὶ

2112 2990 2351 3061 τοῦτο·ἢ
2395 2990 2504 3058 γὰρ
2553 2988 2618 3041 ἂν
2645 2986 2739 3039 καὶ
2792 2985 3030 3056 τρεπτῆς
3076 2980 3150 3034 ὣν
3202 2979 3441 3048 φαίνοιτο
3476 2971 3693 3042 φύσεως

442 3074 732 3141 videbitur,
779 3075 978 3143 quippe
1029 3074 1122 3145 qui
1179 3076 1457 3144 postmodo
1508 3074 1689 3131 factus
1756 3075 1922 3132 fuerit
1958 3076 2009 3131 id

2122 3083 2340 3153 ὕστερον
2363 3078 2622 3149 γεγονὼς,
2649 3080 2782 3149 ὅπερ
2804 3078 2904 3129 οὐκ
2934 3071 3021 3146 ἦν,
3067 3072 3209 3126 κατὰ
3235 3070 3331 3140 τὴν
3356 3067 3463 3120 τῶν
3486 3066 3695 3132 αἱρετι-

442 3167 586 3238 quod
623 3181 730 3223 non
796 3174 933 3233 erat,
970 3167 1124 3237 juxta
1168 3167 1545 3222 haereticorum
1575 3169 1836 3224 furorem.
1875 3168 2011 3224 Nam

447 3261 491 3314 si
522 3260 721 3315 bonum
746 3260 1014 3330 quoddam
1043 3259 1275 3325 videtur,
1304 3260 1475 3329 ipsum
1506 3276 1627 3315 esse
1652 3261 1891 3327 Patrem,
1914 3262 2016 3317 hoc

370 3388 375 3393 η
441 3366 573 3406 vero
603 3367 708 3406 non
742 3366 958 3421 semper
1013 3349 1135 3417 fuit,
1165 3360 1286 3405 erat
1333 3352 1499 3422 igitur
1526 3362 1738 3421 tempus
1795 3354 2013 3422 quando

442 3443 645 3499 bonum
674 3458 780 3498 non
813 3451 930 3498 erat
957 3443 1011 3497 in
1049 3444 1175 3498 Deo.
1213 3443 1363 3510 Quod
1394 3446 1605 3512 quidem
1640 3461 1760 3498 cum
1788 3447 2010 3514 impium

446 3535 590 3589 dictu
619 3537 710 3601 sit,
734 3545 851 3590 erat
873 3535 1037 3606 igitur
1089 3551 1303 3605 semper
1332 3536 1514 3602 Pater,
1548 3536 1686 3591 Filio
1729 3539 2013 3592 manifeste

444 3639 553 3678 una
580 3625 875 3680 exsistente
905 3642 919 3678 :
953 3639 1127 3694 neque
1171 3624 1313 3679 enim
1345 3634 1488 3678 esset
1516 3623 1698 3689 Pater,
1734 3640 1839 3680 non
1867 3626 2013 3681 exsio

444 3724 622 3773 stante
651 3716 808 3772 Filio.
843 3717 899 3771 Si
934 3732 1061 3772 vero
1112 3718 1233 3787 quis
1275 3716 1519 3785 objiciat,
1565 3718 1785 3773 dicens:
1840 3719 2012 3788 Ergo,

444 3810 708 3881 siquidem
756 3810 1051 3865 secundum
1123 3820 1371 3864 naturam
1439 3819 1523 3865 est
1584 3813 1745 3864 etiam
1780 3794 2016 3867 'creator

444 3901 605 3966 Deus,
643 3900 858 3955 luerunt
890 3900 1053 3955 etiam
1094 3914 1308 3968 semper
1361 3910 1624 3955 creaturm
1655 3916 1670 3953 :
1703 3909 1865 3970 atque
1914 3902 2016 3957 hoc

444 3991 660 4060 quidem
694 3992 877 4046 dicere
913 4005 1010 4044 nos
1037 4006 1261 4046 necesse
1295 4002 1399 4057 est,
1430 4007 1497 4046 ne
1522 3994 1800 4061 postmodo
1827 4009 2014 4049 acces-

442 4083 579 4138 sisse
618 4081 729 4137 Deo
783 4083 1053 4147 videatur,
1100 4090 1400 4137 creatorem
1436 4097 1578 4150 esse,
1631 4099 1766 4139 neve
1788 4086 2014 4139 mutatio

442 4174 623 4244 aliqua
663 4175 807 4229 circa
833 4174 1070 4229 divinam
1101 4182 1348 4228 naturam
1373 4174 1512 4229 facta
1532 4189 1653 4230 esse
1684 4187 2007 4231 censeatur:

442 4267 547 4329 hoc
566 4266 710 4321 enim
732 4267 968 4321 diximus
996 4267 1063 4319 de
1116 4265 1274 4320 Filio.
1310 4267 1416 4319 Aut
1466 4268 1573 4321 alio
1620 4268 1780 4321 etiam
1829 4269 2011 4323 modo.

442 4358 885 4428 Quandoquidem
921 4362 1117 4414 bonum
1150 4370 1231 4414 est
1258 4375 1447 4415 creare
1475 4372 1527 4414 et
1552 4360 1729 4416 facere
1751 4403 1766 4429 ,
1795 4362 2014 4417 fuerunt

2118 3178 2227 3231 κῶν
2262 3175 2478 3245 μανίαν.
2513 3173 2575 3224 Εἰ
2596 3170 2704 3239 γὰρ
2731 3168 2896 3222 καλόν
2922 3185 2972 3219 τι
2995 3164 3243 3234 φαίνεται
3268 3161 3327 3213 τὸ
3358 3155 3495 3211 εἶναι
3526 3154 3695 3209 αὑτὸν

2116 3268 2357 3338 Πατέρα,
2382 3264 2537 3318 τοῦτο
2565 3262 2620 3314 δὲ
2642 3257 2710 3332 ἦν
2736 3260 2836 3312 οὐκ
2863 3258 2971 3324 ἀεὶ,
3001 3251 3067 3325 ἦν
3114 3254 3221 3323 ἄρα
3263 3250 3449 3321 χρόνος
3492 3249 3582 3301 ὅτε
3629 3247 3695 3300 τὸ

2116 3361 2279 3416 καλὸν
2303 3360 2401 3411 οὐκ
2428 3353 2494 3427 ἦν
2516 3358 2571 3409 εν
2601 3354 2740 3425 Θεῷ.
2772 3354 2835 3405 Εἰ
2869 3352 2925 3405 δὲ
2958 3349 3114 3403 τοῦτο
3154 3347 3453 3415 δύσφημον,
3482 3338 3550 3413 ἦν
3581 3342 3695 3410 ἄρα

2116 3453 2202 3506 ἀεὶ
2234 3451 2445 3521 Πατὴρ,
2481 3447 2609 3501 Υἰοῦ
2640 3443 2879 3512 δηλονότι
2910 3440 3362 3509 συνυπάρχοντοςο
3396 3434 3454 3487 οὐ
3484 3433 3594 3502 γὰρ
3625 3431 3695 3484 ἂν

2115 3545 2201 3615 εἴη
2236 3543 2425 3612 Πατὴρ
2456 3541 2556 3594 οὐκ
2613 3539 2765 3600 ὄντος
2804 3534 2955 3588 Υἰοῦ.
3004 3533 3066 3585 ΕΞ
3120 3531 3176 3582 δέ
3210 3546 3293 3591 τις
3324 3524 3699 3615 ἀνθυποφέρει

2114 3614 2307 3705 λέγων’
2339 3632 2461 3703 Ἆρ’
2487 3627 2580 3684 οὖν
2608 3627 2791 3698 ἐπειδὴ
2819 3626 2960 3679 κατὰ
2992 3623 3151 3692 φύσιν
3177 3619 3291 3672 ἐστὶ
3334 3617 3430 3671 καὶ
3456 3614 3698 3685 ποιητὴς

2113 3730 2142 3782 6
2174 3727 2326 3789 Θεὸς,
2365 3720 2433 3793 ἦν
2456 3724 2545 3777 ἀεὶ
2576 3723 2642 3776 τὰ
2672 3723 2970 3791 ποιήματαο
2996 3718 3091 3769 καὶ
3131 3712 3289 3766 τοῦτο
3327 3710 3504 3777 λέγειν
3543 3707 3698 3777 ἡμᾶς

2115 3818 2431 3885 ἀναγκαῖον,
2462 3815 2547 3866 ἵνα
2583 3810 2656 3882 μὴ
2686 3809 2910 3879 ὕστερον
2939 3805 3251 3874 ὲπιγεγονὸς
3300 3800 3377 3870 τῷ
3415 3797 3533 3868 Θεῷ
3569 3795 3701 3863 φαί-

2115 3926 2271 3979 νηται
2305 3906 2365 3960 τὸ
2418 3900 2556 3958 εἶναι
2588 3901 2836 3973 ποιητὴν,
2871 3899 2965 3953 καὶ
3017 3895 3188 3961 δόξειέ
3228 3910 3312 3956 τις
3352 3891 3527 3960 τροπὴ
3564 3887 3703 3955 περὶ

2114 3978 2212 4066 τῆν
2241 3998 2389 4051 θείαν
2411 3995 2654 4064 γίνεσθαι
2698 3992 2881 4062 φύσιν’
2931 3989 3088 4042 τοῦτο
3147 3986 3255 4055 γὰρ
3314 3982 3574 4050 ἐλέγομεν
3602 3978 3703 4029 ὲπί

2114 4094 2207 4147 τοῦ
2232 4090 2383 4145 Υἰοῦ.
2424 4090 2497 4142 ’Ἡ
2522 4090 2612 4141 καὶ
2654 4085 2774 4139 καθ’
2809 4085 2993 4153 ἕτερον
3030 4079 3252 4150 τρόπον·
3294 4073 3483 4143 ἐπειδὴ
3526 4070 3702 4123 καλὸν

2115 4187 2176 4239 τὸ
2199 4183 2403 4248 κτίζειν
2439 4180 2535 4235 καὶ
2572 4180 2763 4241 ποιεῖν,
2793 4172 2860 4245 ἦν
2911 4174 2998 4228 ἀεὶ
3056 4173 3125 4225 τὰ
3161 4170 3463 4238 ποιήματα,
3488 4165 3577 4217 ἵνα
3620 4163 3701 4233 μὴ

2117 4275 2373 4347 φαίνηταί
2395 4290 2528 4326 ποτε
2582 4271 2654 4342 μὴ
2677 4269 2735 4322 ὃν
2771 4270 2827 4321 ἐν
2869 4266 2985 4337 Θεῷ
3034 4265 3094 4318 τὸ
3134 4263 3316 4316 καλόν.
3348 4258 3492 4330 Πρὸς
3518 4255 3706 4311 ταῦτα

2117 4370 2222 4440 χρὴ
2253 4367 2439 4420 τοῦτον
2464 4365 2772 4432 ὑπαντῆσαι
2799 4362 2888 4413 τὸν
2923 4359 3140 4431 τρόπον·
3165 4358 3292 4418 Υἱὸς
3317 4355 3411 4408 καὶ
3445 4351 3666 4420 ποίημα
3688 4390 3705 4413 ,

442 4467 656 4523 semper
687 4463 973 4516 creatum,
1004 4466 1070 4506 ne
1109 4450 1161 4506 id
1188 4452 1331 4521 quod
1381 4452 1579 4506 bonum
1614 4463 1718 4517 est,
1768 4454 2009 4509 videatur

2122 4460 2253 4513 πολὺ
2282 4458 2379 4528 τῆς
2401 4456 2536 4527 πρὸς
2560 4454 2767 4524 ἄλληλα
2791 4449 3073 4512 κοινωνίας
3114 4445 3444 4515 ἀπῴκισται,
3487 4441 3584 4495 καὶ
3608 4443 3709 4492 οῦ-

444 4542 809 4611 aliquandoin
872 4544 982 4597 Deo
1034 4558 1138 4596 non
1170 4541 1354 4597 fuisse.
1416 4541 1552 4597 Huic
1599 4543 1887 4611 objectioni
1938 4547 2009 4599 ita

440 4633 840 4699 occurrendum
869 4645 954 4690 est
980 4652 995 4689 :
1029 4634 1200 4688 Filius
1238 4644 1293 4687 et
1324 4649 1460 4702 opus
1487 4634 1752 4691 immenso
1783 4638 1923 4692 inter
1951 4654 2010 4694 se

441 4724 729 4789 intervallo
784 4726 1068 4790 dissident,
1128 4741 1305 4793 neque
1367 4727 1659 4795 quidquam
1703 4729 1910 4796 aequale
1942 4730 2010 4785 iis

441 4817 733 4873 intercedit
769 4834 782 4871 :
823 4815 994 4887 Filius
1045 4818 1188 4871 enim
1214 4832 1280 4870 ex
1324 4816 1624 4872 substantia
1682 4816 1861 4875 Patris
1894 4837 2012 4890 pro-

441 4923 682 4979 gressus,
710 4909 894 4963 statim
935 4922 1057 4967 eum
1111 4908 1407 4978 genitorem
1450 4924 1572 4964 esse
1615 4912 1873 4966 ostendit.
1928 4912 2011 4967 Sit

442 5012 625 5057 autem
666 5001 832 5055 veluti
863 5000 929 5055 de
955 5000 1263 5056 hominibus
1284 5016 1465 5056 sermo
1491 5017 1504 5068 ;
1540 5017 1675 5071 opus
1696 5020 1826 5059 vero
1852 5018 2007 5061 extra

439 5095 731 5151 essentiam
758 5102 863 5158 est,
886 5092 1109 5150 omnino
1134 5102 1260 5148 tunc
1289 5094 1537 5163 opiﬁcem
1565 5097 1857 5152 ostendens
1878 5114 2001 5153 eum

443 5188 534 5257 qui
566 5187 617 5240 id
650 5186 796 5251 fecit,
825 5185 1043 5255 quando
1066 5185 1123 5239 lit
1156 5204 1167 5238 :
1202 5195 1321 5240 erat
1352 5187 1494 5241 enim
1528 5187 1583 5242 in
1641 5189 1756 5257 ipso
1801 5205 1890 5245 ars
1932 5190 2012 5245 fa-

441 5278 642 5345 ciendi,
663 5293 823 5347 quam
849 5277 1069 5333 omnino
1094 5278 1242 5351 prius
1264 5278 1534 5333 exstitisse
1555 5289 1767 5348 oportet
1798 5280 1863 5335 iis
1894 5297 2013 5350 qua:

441 5393 539 5448 per
563 5378 732 5446 ipsam
785 5375 961 5429 ﬁunt:
996 5373 1144 5443 prius
1189 5374 1333 5428 enim
1390 5374 1585 5444 aliquis
1614 5377 1721 5430 erit
1774 5376 1970 5432 artifex
1994 5419 2009 5444 ,

442 5467 633 5523 deinde
653 5466 855 5537 opifex.
885 5465 1019 5521 Cum
1046 5465 1208 5533 igitur
1240 5474 1447 5520 tantum
1474 5466 1809 5523 discriminis
1836 5469 2008 5524 inter-

441 5559 673 5629 positum
696 5559 784 5622 sit,
813 5573 1046 5627 cumque
1075 5556 1244 5611 Filius
1275 5571 1381 5612 una
1405 5573 1527 5612 cum
1570 5557 1748 5615 Patris
1771 5561 2002 5630 appella-

445 5650 591 5704 tione
625 5648 787 5703 simul
828 5650 991 5702 etiam
1046 5646 1403 5717 intelligatur,
1448 5650 1715 5719 simulque
1766 5668 1983 5723 comprc

448 5742 746 5810 bcndatur;
790 5740 951 5798 simul
987 5741 1129 5796 enim
1192 5754 1253 5795 ac
1282 5740 1442 5796 Pater
1494 5749 1593 5809 est,
1621 5744 1802 5799 stat.'m
1836 5755 1889 5800 et
1923 5746 1976 5802 ἰὴ

2118 4552 2207 4606 sev
2228 4554 2284 4604 ὲν
2308 4550 2492 4612 αὐτοῖς
2521 4548 2581 4601 τὸ
2603 4548 2734 4600 ἴσον·
2763 4546 2790 4598 6
2815 4545 2911 4615 μὲν
2935 4542 3040 4613 γὰρ
3066 4542 3129 4594 ἐκ
3157 4541 3254 4610 τῆς
3283 4537 3468 4597 οὐσίας
3497 4533 3710 4605 προελ-

2121 4646 2249 4711 θὼν,
2300 4644 2518 4713 Πατέρα
2538 4642 2697 4705 εὐθὺς
2729 4639 2894 4703 ἔδειξε
2919 4638 3008 4690 τὸν
3036 4637 3390 4705 γεννήσαντα.
3430 4630 3617 4681 Ἔστω
3644 4627 3707 4680 δὲ

2118 4740 2193 4802 ὡς
2230 4739 2317 4791 ἐπ’
2348 4732 2649 4805 ἀνθρώπων
2691 4736 2718 4786 6
2767 4732 2942 4800 λόγος’
2974 4730 3034 4781 τὸ
3059 4727 3116 4780 δὲ
3150 4724 3342 4791 ἔξωθεν
3379 4722 3479 4791 τῆς
3503 4720 3708 4782 οὐσίας

2119 4832 2286 4892 ἐστὶν,
2311 4829 2431 4881 τότε
2460 4827 2674 4889 πάντως
2727 4822 2954 4893 ποιητὴν
2990 4820 3286 4887 ἀποφαῖνον
3334 4814 3424 4866 τὸν
3464 4810 3709 4882 ἐργαζό-

2120 4940 2300 4988 μενον,
2336 4922 2424 4974 ὃτε
2456 4919 2551 4974 καὶ
2576 4918 2801 4986 γίνεται’
2835 4912 2904 4985 ἦν
2941 4913 3049 4983 γὰρ
3085 4915 3141 4964 ἐν
3168 4908 3316 4979 αὐτῷ
3337 4905 3430 4959 τοῦ
3454 4904 3636 4957 ποιεῖν
3669 4905 3707 4971 ἡ

2136 5014 2302 5083 τέχνη,
2338 5013 2404 5082 ἢν
2431 5014 2526 5064 καὶ
2579 5010 2824 5079 προεῖναι
2851 5005 3066 5065 πάντως
3102 5002 3317 5069 ἀνάγκη
3350 4998 3458 5050 τῶν
3501 4998 3570 5048 δι’
3603 4996 3713 5047 αῦο

2148 5105 2234 5175 ἦς’
2269 5104 2531 5175 πρότερον
2553 5101 2661 5170 γάρ
2704 5116 2786 5161 τις
2813 5098 2965 5151 ἔσται
2994 5094 3264 5165 τεχνίτης,
3300 5088 3397 5144 εἷθ’
3426 5089 3573 5142 οὕτω
3601 5088 3712 5156 δη-

2140 5196 2402 5268 ιιουργός.
2431 5193 2713 5262 Τοσαύτης
2739 5193 2915 5244 τοίνυν
2965 5187 3169 5258 μεταξὺ
3201 5185 3463 5255 κειμένης
3506 5181 3713 5248 διαφο-

2134 5290 2240 5351 δᾶς,
2273 5288 2367 5340 καὶ
2394 5286 2487 5338 τοῦ
2519 5286 2616 5355 μὲν
2644 5282 2776 5336 Υἱοῦ
2799 5284 2914 5351 ἅμα
2952 5284 3019 5351 τῇ
3049 5279 3141 5333 τοῦ
3177 5278 3387 5348 Πατρὸς
3420 5291 3715 5346 προσηγοο

2138 5382 2212 5451 ιίᾳ
2244 5376 2745 5447 συνεπινοουμένου,
2805 5375 2895 5427 καὶ
2930 5371 3409 5432 συνεισϐαίνοντος·
3460 5369 3581 5437 ἅμα
3646 5385 3715 5419 τε

2135 5473 2225 5543 ςὰρ
2251 5469 2462 5539 Πατὴρ,
2494 5468 2655 5531 εὐθὺς
2702 5468 2796 5521 καὶ
2825 5468 2853 5519 6
2881 5466 3027 5528 Υἱὸς,
3082 5464 3195 5532 ἅμα
3241 5480 3299 5514 τε
3358 5459 3504 5522 Υἱὸς,
3532 5459 3717 5523 εὐθὺς

2131 5561 2214 5617 (αἱ
2236 5560 2447 5630 Πατὴρ,
2482 5560 2577 5612 καὶ
2608 5558 2706 5611 οὐκ
2736 5557 2801 5610 ἂν
2836 5556 3053 5626 νοηθείη
3092 5555 3262 5625 χωρὶς
3299 5551 3391 5605 τοῦ
3421 5551 3613 5619 ἐτέρου
3646 5549 3717 5602 τό

2124 5658 2321 5725 έτερον.
2357 5652 2463 5704 Τοῦ
2490 5651 2546 5703 δὲ
2575 5652 2699 5721 πειή
2711 5667 2878 5719 ματος
2911 5649 3004 5701 καὶ
3031 5648 3168 5717 μετά
3191 5646 3288 5715 τὴν
3322 5643 3555 5712 ὓπαρξιν
3605 5641 3714 5694 τοῦ

2127 5741 2341 5813 ποιητοῦ
2369 5741 2667 5811 δυναμένου
2691 5737 2974 5807 φαίνεσθαι
3002 5737 3097 5806 (οὺ
3128 5736 3235 5807 γὰρ
3260 5738 3322 5789 ἐκ
3350 5735 3445 5806 τῆς
3480 5729 3716 5805 φύσεώς
