3876 6208
248 294 320 347 5'1
1657 297 2097 357 TIIESAURUS.
3429 304 3499 359 53

247 413 369 465 ἐστι
398 412 494 465 τοῦ
524 411 825 490 ποιοῦντος,
858 412 996 466 ἀλλά
1025 413 1218 485 τέχνης
1247 413 1485 485 εὖρημα’
1519 415 1629 486 ήδὲ
1661 417 1822 487 τέχνη

1929 417 2053 482 lius,
2073 416 2230 471 simul
2262 432 2325 471 ac
2352 416 2541 478 Filius.
2575 415 2757 470 statim
2785 425 2839 469 et
2860 412 3046 478 Pater,
3068 428 3241 483 neque
3269 416 3497 472 alterum

248 502 414 570 φύσις
440 502 543 556 οὐκ
564 503 730 566 ἐστιν,
766 504 880 556 ἀλλ’
903 503 961 558 ἓν
987 505 1097 558 τῶν
1127 508 1193 575 τῇ
1244 506 1403 573 φύσει
1449 507 1790 578 προσόντων)
1809 547 1823 569 .

250 594 372 658 πῶς
395 612 540 660 τινες
557 595 650 649 ἐπὶ
677 596 811 650 Θεοῦ
835 597 910 662 ὡς
931 597 1125 651 ταυτὸν
1148 598 1462 669 εἰσφέρουσι
1491 599 1704 671 ποίημα
1733 602 1828 654 καὶ

250 684 523 756 γέννημα,
561 687 781 758 Πατέρα
816 687 1073 742 δύνασθαι
1124 689 1309 743 καλεῖν
1349 689 1599 759 λέγοντες
1625 692 1786 746 αὑτὸν
1809 735 1824 759 ,

251 779 349 833 καὶ
387 781 487 831 οὐκ
519 780 666 844 δντος
693 779 861 845 Tim");
891 780 1108 851 Ἐπειδὴ
1137 782 1230 834 καὶ
1252 781 1584 852 δημιουργὸς
1613 784 1827 855 ὑπῆρχε

252 871 365 942 πρὸ
394 872 502 924 τῶν
535 873 1052 944 δημιουργημάτων.
1081 874 1303 943 Ὅμοιον
1338 875 1447 945 γάρ
1485 877 1630 929 ἐστιν
1673 876 1747 940 ὡς
1778 877 1833 930 εί

252 980 340 1027 τις
368 963 571 1017 καὶτὸν
603 964 945 1035 ναυπηγικὴν
980 965 1175 1037 ἔχοντα
1229 966 1444 1037 τέχνην,
1477 967 1697 1038 Πατέρα
1730 986 1829 1021 κα-

254 1053 375 1124 λοίη
410 1056 503 1107 καὶ
539 1056 614 1126 μὴ
653 1055 803 1120 ὄντος
836 1056 992 1110 Υίοῦ’
1025 1058 1147 1110 ἐπεὶ
1198 1058 1292 1111 καὶ
1346 1059 1626 1128 ναυπηγός
1682 1061 1828 1113 ἐστιν

254 1148 384 1201 ὅσον
409 1150 487 1212 είς
506 1149 605 1219 τήν
625 1148 839 1219 τέχνην,
858 1150 952 1203 καὶ
978 1150 1075 1222 τήν
1104 1150 1197 1203 τοῦ
1227 1137 1487 1203 δύνασθαί
1515 1153 1687 1205 ποιεῖν
1718 1154 1830 1205 ὲπι-

256 1240 577 1311 τηδειότητα
610 1241 744 1312 ἔχει,
767 1243 859 1295 καὶ
891 1244 939 1296 εί
960 1245 1033 1315 μή
1064 1244 1227 1296 πωτὸ
1245 1242 1452 1313 σκάφος
1485 1245 1826 1297 κατεσκεύα-

260 1350 376 1388 σεν.
417 1333 555 1386 Ἀλλ’
586 1336 615 1387 ό
644 1334 885 1399 τοιοῦτος
928 1335 1207 1407 ναυπηγός
1254 1335 1352 1406 μὲν
1400 1336 1572 1398 ἐσται,
1603 1337 1697 1389 καὶ
1723 1334 1829 1406 πρὸ

256 1424 353 1480 τοῦ
384 1427 622 1495 σκάφους
648 1426 732 1480 διὰ
762 1427 860 1496 τὴν
884 1426 1100 1498 τέχνην.
1135 1426 1322 1496 Πατὴρ
1348 1427 1403 1479 δὲ
1431 1426 1614 1479 οὐκέτι
1642 1427 1715 1496 μή
1744 1442 1829 1478 πω

257 1517 542 1584 γεγονότος
558 1517 653 1571 τοῦ
672 1518 738 1570 δι’
748 1517 806 1571 ὃν
828 1517 979 1571 ἔσται
1002 1519 1206 1588 πατήρ.
1222 1517 1334 1571 Καὶ
1348 1517 1415 1570 τὰ
1439 1517 1536 1587 μὲν
1554 1516 1829 1587 ποιήματα

257 1607 354 1660 καὶ
385 1607 459 1678 μὴ
480 1607 739 1675 γεγονότα
764 1609 865 1660 οὐκ
887 1608 1101 1678 ἀναιρεῖ
1132 1607 1192 1660 τὸ
1231 1605 1489 1659 δύνασθαί
1536 1623 1657 1659 τινα
1688 1600 1827 1659 εἶναι

258 1700 509 1769 ποιητήνο
532 1701 561 1753 6
587 1699 645 1753 δὲ
700 1699 813 1762 υίὸς
840 1697 991 1753 οὔπω
1028 1699 1335 1770 γενόμενος,
1371 1699 1655 1768 ἀναιρήσει
1688 1696 1826 1770 πάντ

1928 508 2131 577 absque
2196 506 2366 561 altero
2415 506 2637 575 intelligi
2682 515 2877 574 potest.
2926 505 3073 574 Opus
3111 517 3288 561 autem
3332 509 3497 562 etiam

1927 615 2047 671 post
2081 602 2451 656 exsistentiam
2479 601 2689 669 opificis
2715 602 2884 670 possit
2912 601 3083 655 videri
3110 601 3317 670 (neque
3343 603 3492 659 enim

1926 701 2009 747 est
2041 708 2106 748 ex
2138 702 2327 746 natura
2355 693 2586 761 Opilicis,
2619 692 2710 745 sed
2737 694 2869 745 artis
2911 692 3188 745 inventum
3223 711 3235 746 :
3282 707 3374 747 ars
3398 707 3498 746 au—

1929 793 2037 836 tem
2069 797 2171 836 non
2208 791 2289 835 est
2320 792 2534 843 natura,
2564 782 2657 835 sed
2695 797 2858 834 unum
2909 781 3109 850 aliquid
3141 796 3328 834 eorum
3377 797 3498 849 quae

1928 884 2134 928 natura;
2164 873 2417 943 insunt);
2474 887 2706 941 quonam
2758 883 2915 941 pacto
2978 872 3216 927 nonnulli
3274 873 3324 926 in
3389 873 3498 926 Deo

1927 976 2184 1036 tanquam
2209 967 2349 1020 idem
2383 975 2627 1019 statuunt
2652 965 2850 1020 factum
2881 974 2935 1018 et
2959 966 3223 1035 genitum,
3249 965 3493 1018 dicentes

1926 1074 2086 1128 posse
2118 1074 2241 1112 eum
2265 1057 2444 1111 vocari
2474 1057 2713 1118 Patrem,
2739 1057 2900 1109 etiam
2931 1071 3037 1109 non
3077 1056 3375 1108 exsistente
3412 1055 3498 1110 Fi-

1927 1148 2036 1204 lio?
2060 1147 2335 1218 Siquidem
2363 1156 2414 1202 et
2461 1145 2639 1217 Opifex
2668 1147 2880 1200 exsistit
2926 1158 3053 1200 ante
3080 1146 3313 1216 opilieia.
3354 1146 3491 1200 Per-

1926 1241 2051 1295 inde
2109 1240 2252 1293 enim
2281 1248 2366 1293 est
2398 1253 2461 1293 ac
2512 1239 2556 1293 si
2591 1238 2713 1306 quis
2737 1252 2859 1291 eum
2900 1237 2992 1306 qui
3046 1247 3163 1291 arte
3193 1237 3490 1292 fabricandi

1929 1346 2091 1386 naves
2113 1330 2369 1400 praeditus
2420 1331 2510 1397 sit,
2554 1338 2763 1398 patrem
2798 1343 2994 1384 vocare
3057 1329 3290 1384 voluerit
3317 1330 3487 1386 etiam

1928 1438 2033 1477 non
2070 1423 2366 1477 exsistcnte
2391 1422 2524 1487 lilio,
2545 1422 2799 1491 quoniam
2855 1432 2909 1475 et
2956 1420 3251 1475 fabricator
3278 1423 3496 1477 navium

1927 1525 2010 1569 est
2030 1524 2289 1583 quantum
2316 1515 2507 1567 attinet
2532 1514 2597 1567 ad
2620 1522 2813 1577 artem,
2838 1522 2892 1566 et
2913 1511 3220 1565 facultatem
3242 1510 3494 1565 babilita-

1930 1618 2141 1676 temque
2155 1607 2219 1660 ad
2241 1605 2607 1660 fabricandum
2633 1605 2814 1669 habet,
2832 1604 3044 1659 etiamsi
3064 1605 3297 1658 nondum
3318 1604 3498 1657 navim

1927 1697 2419 1768 33construxerit.
2439 1697 2702 1750 Caeterum
2716 1694 2977 1763 ejusmodi
2992 1695 3186 1763 aliquis
3206 1694 3502 1747 fabricator

255 1808 367 1854 τως
394 1787 618 1844 τὸεῖναι
675 1792 885 1861 πατέρα
920 1792 1059 1845 τινά.
1118 1792 1282 1843 Ὥστε
1335 1791 1435 1843 οὐκ
1481 1789 1545 1843 ἂν
1598 1791 1710 1843 ἴσον
1738 1788 1822 1858 εἴη

1927 1789 2143 1858 quidem
2177 1788 2329 1842 navis
2372 1787 2497 1855 erit,
2540 1788 2705 1842 etiam
2753 1798 2879 1841 ante
2930 1787 3126 1841 factam
3192 1786 3398 1851 navim,
3423 1788 3494 1840 ob

257 1881 471 1953 ποίημα
497 1882 591 1936 καὶ
616 1882 764 1945 Υἱός⁶
792 1885 886 1936 καὶ
938 1882 1167 1954 ποιητὴς
1221 1882 1319 1952 μὲν
1358 1881 1531 1944 ἔστιν,
1573 1881 1696 1935 ὅσον
1748 1883 1826 1946 είς

253 1973 356 2044 τὴν
378 1974 583 2027 οἰκείαν
604 1974 786 2043 φύσιν,
820 1975 917 2028 καὶ
974 1975 1080 2046 πρὸ
1101 1973 1210 2028 τῶν
1254 1973 1576 2046 ποιημάτων
1596 1975 1625 2027 6
1655 1972 1788 2036 Θεὸς
1809 2012 1826 2037 ,

257 2066 452 2135 Πατὴρ
477 2064 535 2118 δὲ
555 2064 803 2135 οὐδαμῶς
829 2066 929 2119 οὐκ
959 2064 1108 2128 ὄντος
1131 2064 1283 2118 Υἱοῦ.

1935 1888 2104 1933 artem
2135 1894 2240 1949 qua
2268 1879 2525 1948 praeditus
2556 1888 2659 1932 est.
2710 1877 2870 1932 Pater
2896 1892 3025 1931 vero
3071 1875 3215 1930 nulla
3255 1877 3500 1939 ratione,

1936 1985 2057 2026 cum
2075 1971 2308 2024 nondum
2332 1968 2533 2024 factum
2559 1971 2630 2024 sit
2661 1970 2711 2024 id
2731 1985 2825 2039 per
2845 1971 2986 2039 quod
3004 1968 3217 2023 futurus
3233 1977 3499 2037 estpater.

1941 2065 2101 2131 Atqui
2120 2076 2285 2130 opera
2311 2062 2550 2131 quidem,
2569 2060 2779 2115 etiamsi
2804 2052 3040 2115 nondum
3064 2060 3202 2114 facta
3228 2060 3355 2125 sint,
3382 2074 3489 2113 non

256 2158 559 2227 impediunt
613 2159 902 2229 quominus
929 2161 1192 2228 quispiam
1240 2158 1420 2228 Opifex
1452 2172 1575 2212 esse
1605 2157 1819 2227 possit:
1864 2156 2005 2209 ﬁlius
2072 2171 2200 2210 vero
2259 2155 2494 2209 nondum
2558 2165 2715 2208 natus
2753 2154 2908 2224 plane
2944 2152 3165 2221 impedit
3185 2162 3242 2207 ut
3281 2153 3401 2222 quis
3429 2151 3501 2205 sit

255 2260 435 2318 pater.
464 2249 578 2305 Non
627 2262 713 2307 est
757 2268 887 2320 ergo
949 2252 1125 2317 idem,
1170 2265 1305 2318 opus
1358 2261 1412 2303 et
1453 2248 1665 2304 Filius:
1698 2249 1844 2317 atqui
1883 2246 2062 2316 opifex
2103 2247 2318 2315 quidem
2347 2256 2448 2311 est,
2482 2256 2741 2316 quantum
2783 2245 2849 2299 ad
2887 2245 3158 2315 propriam
3208 2258 3494 2313 suainna‘

262 2353 465 2411 turam,
498 2346 660 2401 etiam
683 2357 809 2401 ante
833 2360 992 2416 opera
1022 2347 1185 2412 facta,
1219 2343 1358 2398 Deus
1387 2361 1401 2404 :
1427 2343 1592 2398 Pater
1619 2354 1798 2397 autent
1840 2356 2204 2409 neouaouam,
2243 2355 2348 2395 non
2384 2341 2682 2395 exsistente
2720 2338 2881 2393 Filio.

769 2471 1134 2558 ΛΟΓΟΣ
1207 2471 1330 2556 E’.

257 2604 392 2659 Ὀτι
424 2606 509 2675 κού
570 2605 943 2675 προϋπάρχει
998 2605 1106 2659 τοῦ
1148 2604 1281 2675 Υὶοῦ
1338 2606 1371 2658 ὁ
1398 2601 1619 2675 ΔΠατὴρ

327 2670 624 2747 ἀγένητος(
644 2670 709 2746 ᾖ,
742 2670 881 2731 dif
911 2671 990 2747 ἦν
1013 2674 1175 2741 αὐτῷ
1201 2673 1513 2739 συναΐδιος
1549 2671 1838 2741 γεννητὸς

328 2748 362 2799 ό
394 2745 543 2812 Υἱός.

539 2858 856 2923 Ἄντίσεσις
891 2857 972 2922 ὡς
999 2856 1067 2910 ἐκ
1096 2855 1215 2910 τῶν
1240 2855 1539 2910 Εὑνοαίου
1607 2893 1612 2896 -

324 2974 391 3027 Et
443 2973 589 3026 ἔστιν
640 2973 889 3043 ἀνάρχως
940 2971 1033 3024 καὶ
1076 2972 1354 3040 ἀγενήτως
1388 2970 1474 3024 ἀεὶ¹
1530 2971 1559 3022 6
1614 2968 1825 3040 Πατὴρ,

2335 2466 2911 2558 ASSERTIO
2976 2471 3094 2560 V.

1640 2641 1655 2665 ,
1718 2602 1837 2655 κᾶν
1937 2597 2089 2664 Quod
2118 2596 2279 2650 Pater
2303 2615 2405 2651 non
2434 2597 2636 2650 exsistit
2667 2607 2787 2650 ante
2813 2594 3044 2666 Filium,
3075 2596 3282 2649 tametsi
3304 2596 3502 2666 ingeni-

2074 2678 2157 2722 tus
2183 2669 2272 2734 sit,
2295 2670 2385 2722 sed
2409 2679 2520 2721 erat
2548 2670 2593 2721 ei
2621 2677 2908 2721 maternus
2936 2664 3113 2720 Filius
3138 2667 3359 2734 genitus.

2176 2864 2410 2933 Objectio
2441 2873 2689 2933 tanquam
2718 2877 2783 2915 ea:
2807 2862 2966 2915 dictis
2995 2860 3264 2919 Eunomit'.

2007 2975 2064 3029 Si
2098 2973 2301 3043 absque
2331 2974 2594 3044 principio
2626 2982 2789 3043 atque
2815 2983 2936 3026 ortu
2971 2987 3185 3042 semper
3210 2982 3294 3028 est
3316 2973 3501 3040 Pater,

254 3064 446 3136 ὥσπερ
479 3062 572 3118 οὖν
608 3066 702 3119 καί¹
738 3063 904 3128 ἐστιν,
948 3063 1207 3133 ἐγεννήθη
1233 3063 1290 3116 δὲ
1328 3066 1356 3116 6
1398 3063 1544 3128 Υίὸς,
1579 3062 1696 3126 πῶς
1726 3062 1822 3115 οὐκ

1928 3073 1985 3120 ιιι
2020 3082 2206 3120 revera
2242 3075 2355 3132 est,
2390 3065 2560 3120 Filius
2594 3076 2773 3119 autem
2811 3065 3024 3134 genitus
3057 3076 3171 3131 est,
3206 3050 3312 3136 quo
3345 3079 3501 3136 pacto

254 3156 470 3227 ἀνάγκη
506 3159 655 3211 πᾶσα
681 3158 742 3211 τὸ
770 3157 1025 3228 γεννηθὲν
1058 3158 1199 3229 ἀρχῇ
1232 3154 1703 3226 περιγράφεσθαι;

737 3338 894 3405 Πρὸς
921 3336 1096 3391 τοῦτο
1124 3338 1325 3403 λύσις.

327 3451 515 3515 Οὐδεὶς
548 3451 846 3521 ἀναγκάσει
872 3452 1028 3521 λόγος
1061 3451 1404 3523 ἀνύπαρκτον
1433 3448 1568 3506 εἶναι
1610 3452 1827 3516 πάντως

253 3543 364 3614 πρὸ
403 3544 503 3614 τῆς
529 3545 805 3614 γενήσεως
843 3544 905 3597 τὸ
932 3544 1179 3614 γενηθὲν,
1204 3544 1238 3616 ἢ
1268 3545 1359 3598 καὶ
1383 3546 1525 3616 ἀρχῇ
1561 3546 1828 3617 περιγρά-

251 3636 469 3706 φεσθαι,
498 3636 599 3690 κᾶν
618 3639 647 3690 ό
667 3637 1151 3708 γεννῶνοάγένητος
1175 3634 1263 3709 ἦν.
1291 3640 1365 3693 Οὐ
1388 3641 1495 3708 γὰρ
1524 3640 1651 3711 περί
1683 3657 1826 3703 τινος

251 3725 364 3780 τῶν
396 3725 518 3779 καθ’
542 3728 695 3797 ήμᾶς
724 3729 753 3780 6
785 3726 939 3795 λόγος
965 3730 1119 3798 ἡμῖν,
1152 3723 1196 3783 ὦ
1238 3723 1413 3794 οὗτος,
1445 3730 1529 3783 ἵνα
1649 3731 1743 3785 καὶ
1768 3733 1826 3784 ἐν

249 3816 433 3888 χρόνῳ
462 3817 524 3871 τὸ
560 3817 895 3889 γεννώμενον
929 3819 1187 3888 φαίνοιτο,
1225 3822 1320 3875 καὶ
1355 3822 1606 3893 καθάπερ
1649 3823 1715 3875 ὲκ
1749 3821 1824 3893 μὴ

249 3910 406 3973 ὄντος
433 3911 512 3973 είς
538 3910 599 3962 τὸ
628 3905 767 3964 εἶναι
794 3910 1023 3981 βαδίζον,
1056 3914 1198 3983 ἀρχῇ
1232 3913 1622 3985 περιγράφοιτο
1644 3930 1657 3944 ·
1688 3914 1825 3968 ἀλλά

249 4002 384 4071 περὶ
413 4000 514 4071 τῆς
542 4002 691 4066 θείας
713 4019 773 4079 τε
802 4004 896 4057 καὶ
920 4005 1271 4076 ἀπερινοήτου
1305 4005 1538 4076 φύσεως,
1567 4008 1823 4078 ἀρρήτως

248 4091 433 4145 πάντα
465 4092 725 4163 ποιούσης
744 4096 837 4148 καὶ
857 4095 1194 4167 θεοπρεπῶς.
1226 4098 1431 4151 Οὐκοῦν
1451 4099 1822 4170 ὑπερϐήσεται

246 4182 349 4253 τὴν
394 4183 514 4238 καθ’
542 4186 692 4255 ἡμᾶς
728 4186 928 4253 γνῶσιν
966 4188 1058 4241 καὶ
1104 4189 1134 4240 6
1181 4191 1282 4260 τῆς
1318 4189 1465 4253 θείας
1513 4192 1821 4260 γεννήσεως

244 4274 470 4343 τρόπος,
494 4277 588 4330 καὶ
618 4277 679 4329 οὐ
714 4280 826 4341 τοῖς
859 4279 1219 4351 ἀνθρωπίνοις
1252 4280 1473 4351 θεσμοῖς
1502 4284 1816 4338 ὑπόκειται·

242 4364 364 4420 ἀλλ’
396 4366 517 4419 ὅσον
547 4368 645 4437 τῆς
674 4368 731 4422 ὲν
756 4369 886 4439 ἡμῖν
924 4372 1392 4441 σμικροπρεπείας
1422 4374 1455 4443 ἡ
1505 4373 1623 4427 θεία
1656 4375 1816 4443 φύσις

242 4459 580 4531 ἀπῴκισται,
618 4460 872 4515 τοσοῦτον
915 4463 975 4515 ὲν
1018 4466 1129 4526 τοῖς
1167 4463 1287 4517 καθ’
1320 4463 1516 4535 ἑαυτὴν
1561 4465 1819 4536 ὑπερέχει

242 4551 319 4604 τὰ
349 4551 611 4623 ήμέτερα.
643 4553 1009 4607 Παυέσθωσαν
1049 4557 1229 4610 τοίνυν
1274 4558 1487 4630 ἀνάγκη
1534 4559 1629 4612 καὶ
1674 4561 1825 4632 ἀρχῇ

243 4643 678 4713 περιγράφοντες
724 4644 816 4697 τὸν
871 4646 1116 4718 ἀνάγκης
1161 4649 1464 4721 κρείττονα,
1508 4650 1603 4703 καὶ
1643 4650 1814 4721 ἀρχὴν

246 4734 348 4804 μὲν
391 4734 488 4805 τήν
531 4737 589 4788 ὲν
630 4736 810 4807 χρόνῳ
839 4740 1303 4809 παραιτούμενον·
1332 4740 1554 4808 λέγοντα
1589 4741 1646 4794 δὲ
1678 4743 1814 4814 πρὸς

242 4826 452 4880 Μωσέα
478 4826 569 4880 τὸν
598 4827 938 4897 σοφώτατον·
974 4848 993 4881 ι
1041 4830 1181 4899 Ἑγὼ
1212 4833 1327 4903 εἰμι
1360 4835 1389 4887 6
1420 4832 1515 4887 ὢν.
1564 4854 1584 4887 ι
1622 4835 1712 4907 Τῷ
1752 4836 1811 4890 δὲ

242 4916 339 5007 ἀεὶ
367 4916 476 4970 δντι
506 4918 682 5007 (τοῦτο
712 4920 821 4990 γὰρ
850 4921 1106 4993 σημαίνει
1136 4923 1197 4976 τὸ
1223 4924 1351 4994 ὢν),
1392 4927 1552 4981 ποίαν
1576 4945 1679 5007 τιςε
1697 4928 1811 5000 δοίη

243 5005 344 5077 τὴν
386 5008 478 5062 τοῦ
525 5006 664 5063 εἶναι
708 5011 849 5066 κατά
900 5014 1090 5083 χρόνον
1123 5016 1330 5087 ἁρχήν;
1382 5019 1594 5083 Ἀλλως
1640 5005 1700 5074 τε
1750 5021 1811 5079 οὐ

242 5098 465 5162 πάντως
512 5100 648 5172 ὅπερ
697 5101 764 5155 ἂν
820 5105 932 5167 τοῖς
979 5104 1074 5158 τοῦ
1120 5109 1478 5179 γεννήσαντος
1530 5110 1813 5182 ἱδιώμασιν

238 5189 483 5244 ἐναντίον
521 5187 662 5248 εἶναι
699 5194 851 5266 δοκῇ.
888 5195 1046 5250 τοῦτο
1089 5198 1168 5269 τῷ
1209 5200 1517 5271 γεννηθέντι
1563 5204 1813 5271 φαίνεται

238 5281 464 5351 προσόν.
511 5282 598 5348 Ὠς
643 5285 793 5353 γοῦνα
824 5286 972 5341 ἔστιν
1003 5290 1032 5341 6
1077 5289 1241 5354 Θεόςο
1281 5290 1344 5344 τὸ
1395 5292 1453 5346 δὲ
1497 5295 1815 5350 ἀντιπίπτον

247 5369 413 5440 τούτῳ
442 5373 537 5426 καὶ
565 5374 941 5445 ἀντικείμενον
966 5377 1028 5429 οὐ
1059 5377 1212 5441 Θεός.
1253 5378 1393 5432 Ἀλλ’
1424 5380 1539 5433 ἔστι
1565 5383 1696 5446 Θεὸς
1722 5384 1817 5436 καὶ

236 5461 268 5514 6
304 5462 449 5527 Υἱὸς,
484 5464 661 5519 καίτοι
701 5464 797 5520 τοῦ
839 5466 1052 5539 Πατρδς
1076 5467 1228 5533 ὄντος
1266 5470 1420 5537 Θεοῦ,
1455 5472 1720 5543 βασιλέως
1754 5492 1815 5527 τε

236 5551 396 5619 ὄντος
429 5554 632 5626 ὁμοίως
662 5557 758 5613 τοῦ
785 5560 1015 5632 Πατρὸς,
1047 5560 1301 5633 βασιλεύς
1328 5563 1440 5623 ἐστι
1470 5567 1561 5625 καὶ
1605 5567 1633 5620 ό
1663 5567 1808 5633 Υἱός.

306 5732 354 5767 ⁸³
387 5734 551 5789 Exod.
581 5749 663 5801 ιιι,
702 5734 783 5791 ﬂ.

1931 3173 2037 3212 non
2064 3158 2284 3212 omnino
2318 3172 2537 3212 necesse
2564 3156 2755 3216 fuerit.
2782 3166 2841 3211 ut
2871 3157 2922 3211 id
2952 3159 3093 3228 quod
3123 3159 3361 3229 genitum
3389 3172 3501 3224 est,

1930 3251 2193 3322 principio
2222 3250 2735 3305 circumscribatur?
3218 3232 3227 3238 ’

2426 3341 2635 3397 Salutio
2676 3343 3004 3413 objectionis.

1998 3454 2154 3510 Nulla
2197 3456 2353 3524 plane
2391 3456 2528 3510 ratio
2573 3466 2729 3527 coget
2770 3466 2829 3510 ut
2868 3455 2921 3510 id
2963 3455 3104 3526 quod
3146 3456 3385 3526 genitum
3423 3466 3505 3510 est

1931 3560 2058 3607 ante
2098 3550 2503 3621 generationem
2547 3564 2651 3602 non
2690 3548 2988 3611 exstiterit,
3021 3557 3113 3601 aut
3148 3556 3205 3602 ut
3239 3547 3505 3617 principio

1929 3643 2424 3707 circumscribatur,
2445 3647 2656 3696 tametsi
2680 3642 2891 3708 genitor
2914 3642 3179 3711 ingenitus
3210 3642 3298 3694 sit.
3319 3640 3505 3710 Neque

1928 3736 2108 3801 enim,
2135 3752 2168 3791 ο
2204 3737 2373 3801 bone,
2402 3734 2469 3788 de
2499 3748 2768 3802 quoquam
2806 3741 3049 3787 nostrum
3085 3746 3268 3786 sermo
3303 3740 3416 3794 est,
3447 3740 3506 3785 ut

1929 3830 2179 3884 nimirum
2210 3828 2261 3882 id
2289 3826 2429 3896 quod
2462 3825 2703 3895 genitum
2734 3834 2836 3891 est,
2862 3824 2913 3878 in
2947 3833 3187 3893 tempore
3213 3838 3334 3878 esse
3358 3824 3505 3878 dica-

1928 3932 2036 3985 tur,
2062 3928 2116 3975 et
2138 3921 2292 3988 quasi
2324 3935 2354 3972 a
2386 3934 2491 3973 non
2517 3933 2639 3972 esse
2664 3917 2730 3972 ad
2756 3931 2876 3971 esse
2903 3916 3207 3971 traductum
3239 3916 3505 3986 principio

1924 4012 2432 4072 circumscribatur;
2463 4009 2556 4063 sed
2584 4010 2648 4063 de
2675 4009 2853 4063 divina
2881 4016 2936 4062 et
2960 4007 3496 4075 incomprehensibili

1923 4113 2271 4172 natura,qua:
2299 4100 2641 4155 ineﬂabiliter
2660 4114 2832 4169 eoque
2864 4100 3022 4154 modo
3048 4101 3138 4169 qui
3167 4098 3277 4154 Deo
3303 4116 3503 4157 conve-

1923 4197 2001 4252 nit
2023 4195 2198 4250 omnia
2225 4192 2368 4249 facit.
2393 4193 2620 4262 Superat
2644 4192 2826 4260 itaque
2852 4191 3143 4245 humanum
3168 4191 3499 4247 intellectum

1920 4287 2115 4351 divina:
2149 4284 2513 4356 generationis
2549 4284 2769 4347 modus,
2805 4296 2980 4351 neque
3015 4282 3263 4336 humanis
3295 4283 3501 4349 legibus

1923 4375 2161 4442 subiacet
2190 4393 2203 4427 :
2237 4375 2329 4429 sed
2362 4383 2564 4442 quanto
2593 4372 2770 4424 divina
2799 4381 2991 4425 natura
3023 4381 3205 4425 nostra
3241 4373 3500 4426 tenuitate

1921 4479 2003 4523 est
2043 4465 2413 4530 excellentior,
2449 4473 2597 4518 tanto
2635 4464 2797 4517 etiam
2839 4464 2956 4532 ejus
2993 4464 3240 4518 actiones
3283 4474 3499 4519 nostras

1917 4569 2194 4629 superant.
2230 4559 2486 4613 Desinant
2522 4556 2705 4623 itaque
2763 4555 3090 4609 necessitate
3137 4565 3193 4609 et
3230 4556 3498 4626 principio

1915 4652 2362 4709 circumscribere
2395 4666 2518 4705 eum
2551 4652 2643 4720 qui
2676 4648 2826 4704 omni
2861 4649 3186 4703 necessitate
3218 4659 3301 4704 est
3334 4663 3495 4717 supe-

1912 4745 2045 4811 rior,
2064 4753 2119 4799 et
2148 4743 2471 4812 principium
2496 4742 2548 4796 in
2576 4752 2816 4811 tempore
2840 4742 3146 4795 consistens
3167 4756 3272 4795 non
3296 4755 3497 4811 cognoo

1909 4836 2040 4902 scit;
2082 4836 2211 4904 quin
2252 4834 2428 4905 potius
2466 4834 2534 4888 ad
2578 4832 3038 4902 sapientissimum
3081 4832 3264 4887 Mosen
3303 4833 3436 4886 dicit
3476 4849 3493 4887 :

1921 4929 2031 4998 Ego
2052 4943 2171 4983 sum
2187 4942 2285 4983 ens
2302 4926 2367 4980 ³³.
2384 4927 2442 4980 Ei
2468 4941 2594 4981 vero
2619 4925 2709 4995 qui
2737 4939 2947 4995 seraper
2966 4925 3179 4980 exsistit
3203 4925 3327 4995 (hoc
3349 4926 3491 4978 enim

1919 5022 2188 5091 significat
2208 5019 2343 5091 ens),
2367 5019 2636 5088 quodnam
2665 5018 2960 5072 exsistendi
2993 5018 3046 5072 in
3081 5026 3319 5086 tempore
3348 5017 3490 5085 prin-

1918 5115 2119 5185 cipium
2160 5113 2426 5183 quispiam
2470 5111 2699 5166 tribuet?
2733 5093 3043 5164 Aliter'non
3086 5111 3138 5163 in
3179 5111 3489 5163 universum

1918 5204 1976 5260 id
2020 5203 2161 5272 quod
2209 5202 2467 5272 genitoris
2516 5201 2935 5270 proprietatibus
2980 5202 3311 5255 contrarium
3369 5213 3491 5254 esse

1912 5305 2182 5361 censetur,
2214 5294 2318 5349 hoc
2345 5292 2456 5365 34
2484 5295 2666 5362 genito
2700 5294 2987 5347 tribuetur.
3021 5292 3160 5346 Deus
3194 5291 3374 5361 itaque
3403 5301 3491 5347 est

1911 5386 2104 5455 Pater;
2144 5403 2449 5456 repugnans
2486 5402 2613 5441 vero
2648 5386 2771 5440 huic
2806 5393 2969 5453 atque
3005 5385 3343 5454 oppositum,
3379 5402 3488 5438 non

1912 5478 2075 5533 Dens.
2099 5477 2261 5547 Atqui
2295 5477 2434 5531 Deus
2460 5477 2740 5548 est;etiam
2772 5473 2964 5541 Filius,
2995 5476 3207 5532 tametsi
3241 5486 3295 5532 et
3328 5475 3489 5530 Pater

1915 5569 1984 5626 sit
2022 5570 2193 5637 Deus;
2229 5577 2282 5624 et
2313 5568 2561 5625 similiter
2591 5584 2713 5625 cum
2745 5583 2840 5625 rex
2873 5569 2944 5626 sit
2976 5567 3156 5637 Pater,
3184 5584 3280 5625 rex
3322 5569 3485 5625 etiam
