3876 6208
322 256 396 316 59
1352 259 1409 315 S.
1445 257 1725 317 CYRILLI
1764 260 2236 319 ALEXANDRINI
2270 263 2589 321 ARCHIEP.
3496 256 3568 311 £0

324 380 405 429 est
430 367 611 425 Filius.
645 370 949 440 Eademque
972 372 1108 426 ratio
1127 380 1211 427 est
1237 373 1301 427 de
1320 373 1689 441 immortali,et
1709 374 1895 429 invisi-

2024 377 2069 429 ’0
2097 376 2155 429 δὲ
2187 378 2345 441 αὐτὸς
2376 379 2605 443 σώζεται
2632 378 2785 446 λόγος
2815 379 2905 431 ὲπί
2943 397 3001 432 τε
3028 378 3121 432 τοῦ
3167 380 3442 451 ἀφθάρτου
3473 381 3569 435 καὶ

327 463 448 528 bili,
476 472 531 517 et
578 462 928 532 incorporeo,
958 463 1189 532 aliisque
1231 464 1491 530 ejusmodi
1538 481 1659 537 qua:
1702 466 1896 521 divinae

2024 469 2250 539 ιοράτου,
2289 471 2382 522 καὶ
2418 470 2729 541 ἀσωμάτου,
2776 471 2869 523 καὶ
2904 472 3005 524 ὅσα
3037 470 3261 524 τοιαῦτα
3309 472 3566 541 πρόσεστι

236 572 243 579 ο
325 563 532 608 natura;
571 552 774 606 insunt.
804 551 859 606 Si
899 568 1026 623 ergo
1067 569 1169 607 non
1209 554 1263 609 in
1305 556 1612 612 universum
1650 558 1897 626 opposita

2030 558 2062 626 ᾖ
2104 556 2224 628 θεία
2257 557 2436 626 φύσει.
2471 559 2533 611 Ei
2579 559 2756 612 τοίνυν
2785 559 2845 612 οὐ
2880 561 3097 624 πάντως
3125 560 3193 613 τὰ
3220 561 3567 631 ἀντικείμενα

325 662 511 703 eorum
560 660 680 714 qua;
726 646 1037 702 tribuuntur
1081 646 1261 712 Patri,
1312 647 1499 702 insunt
1546 648 1715 714 Filio,
1764 649 1899 703 nihil

2024 647 2107 709 τοῖς
2138 648 2414 717 προσεῖναι
2455 648 2765 719 λεγομένοις
2809 648 2885 719 τῷ
2933 650 3129 720 [Ia-cpi,
3181 649 3435 719 πρόσεστι
3490 648 3568 718 τῷ

328 738 483 794 laedet
508 737 626 792 Filii
656 738 945 793 essentiam
977 738 1287 806 generatio,
1314 739 1527 797 etiamsi
1555 738 1716 797 Pater
1745 741 1898 811 inge-

329 830 477 886 nitus
506 831 755 887 exsistat.
785 830 895 887 Erit
924 840 1102 887 autem
1134 832 1183 885 ei
1214 842 1519 888 coaeternus
1546 848 1650 889 non
1680 847 1898 904 prorsus

330 922 537 978 habens
583 923 635 976 in
692 937 752 977 se
798 923 1069 977 contraria
1126 923 1452 978 naturalium
1507 924 1897 994 proprietatum

329 1016 527 1085 ipsius,
552 1015 692 1069 sicut
719 1015 1144 1069 demonstratum
1170 1023 1272 1069 est.

330 1126 451 1197 Alia
476 1126 854 1179 demonstratio
881 1142 899 1178 :
934 1125 1085 1190 Quod
1113 1143 1230 1195 qua:
1259 1127 1395 1180 inter
1420 1144 1473 1180 se
1506 1128 1740 1193 opposita
1767 1144 1899 1197 quo-

399 1196 677 1259 dammodo
725 1197 950 1249 nominis
999 1197 1200 1250 ratione
1244 1197 1502 1259 uidentur,
1549 1196 1901 1261 swpenumero

401 1266 653 1320 nonnulla
683 1268 869 1319 habent
900 1268 1198 1319 communia
1228 1268 1280 1320 in
1312 1266 1659 1320 naturalibus.

402 1382 517 1447 Non
568 1383 618 1436 in
664 1382 973 1436 universum
1017 1396 1351 1452 quaecunque
1395 1382 1566 1451 prima
1612 1397 1744 1437 voce
1791 1382 1905 1437 sive

335 1476 484 1530 vocis
517 1474 912 1545 signiﬁcatione
947 1474 1218 1528 contraria
1253 1474 1395 1528 inter
1426 1488 1484 1529 se
1519 1482 1670 1538 sunt,
1703 1473 1904 1528 nullam

332 1583 517 1623 eorum
556 1583 675 1637 qua:
717 1568 1032 1622 substantiis
1080 1568 1263 1620 insunt
1298 1566 1727 1621 convenientiam
1767 1567 1907 1621 inter

334 1676 394 1714 se
448 1657 671 1712 habent.
719 1658 994 1725 Siquidem
1058 1656 1257 1709 animal
1308 1657 1611 1726 Oppositum
1669 1666 1751 1711 est
1800 1671 1905 1711 non

332 1749 551 1803 animali
595 1768 609 1803 :

334 1842 562 1907 animal,
589 1842 1041 1910 quemadmodum
1073 1856 1241 1910 equus
1265 1850 1319 1895 et
1344 1842 1544 1911 planta.
1577 1841 1633 1895 Si
1663 1854 1790 1894 vero
1821 1840 1904 1895 his

332 1935 580 2003 quamvis
610 1935 841 1989 similem
874 1932 1226 1987 diﬂ'erenliam
1260 1948 1364 1987 non
1398 1932 1720 1986 habentibus
1753 1947 1904 1986 com-

333 2024 517 2079 munio
548 2025 792 2093 quaedam
825 2024 969 2079 circa
1004 2039 1118 2076 rem
1148 2023 1381 2092 aliquam
1419 2024 1728 2086 intercedit,
1757 2038 1902 2091 quaa-

334 2132 457 2169 nam
494 2116 631 2168 ratio
664 2122 818 2183 coget
851 2122 909 2168 ut
938 2113 1074 2168 nihil
1108 2127 1391 2168 commune
1428 2114 1624 2168 habeat
1656 2113 1813 2169 Pater
1845 2130 1907 2167 ac

335 2208 476 2263 Deus
518 2221 637 2260 cum
680 2206 814 2259 Filio
855 2214 909 2259 et
947 2204 1079 2268 Deo,
1115 2204 1234 2260 ideo
1275 2205 1416 2273 quod
1454 2205 1542 2260 ille
1583 2204 1799 2275 quidem
1838 2205 1908 2259 sit

332 2299 637 2369 ingenitus,
670 2298 757 2353 hic
783 2312 911 2353 vero
944 2300 1190 2367 genitus,
1218 2309 1267 2352 et
1303 2298 1612 2351 nominibus
1642 2298 1907 2365 quodam-

332 2390 493 2444 modo
519 2388 733 2444 diﬂ'erre
754 2388 1070 2443 videantur?
1100 2388 1282 2457 Neque
1304 2390 1448 2442 enim
1472 2389 1595 2457 quia
1624 2389 1723 2443 hoc
1748 2389 1906 2443 modo

332 2497 390 2537 se
429 2481 591 2536 habet
630 2480 830 2543 Filius,
864 2478 1027 2534 Pater
1070 2494 1175 2534 non
1224 2481 1385 2546 item,
1426 2482 1748 2537 substantia:
1790 2482 1907 2553 ejus

330 2573 716 2643 proprietatem
745 2571 902 2625 tollit.
925 2570 1217 2627 Generatio
1244 2572 1510 2641 siquidem
1545 2582 1752 2628 tantum
1775 2590 1908 2643 quo-

333 2669 496 2722 modo
525 2665 599 2720 sit
626 2663 925 2733 signiﬁcat;
958 2678 1134 2732 neque
1163 2663 1457 2733 quidquam
1490 2665 1607 2733 ejus
1638 2667 1731 2736 qui
1765 2682 1908 2723 sem-

334 2773 432 2829 per
464 2759 519 2812 in
548 2754 707 2812 Patre
733 2754 976 2821 exsistit,
1004 2754 1359 2810 aeternitatem
1392 2755 1552 2809 laedit.

1012 2866 1220 2923 ALIUD

337 2962 423 3025 Ea:
454 2960 716 3031 opposito,
745 2960 1019 3031 ostendens
1052 2960 1403 3031 quodexpers
1436 2960 1679 3028 principii
1712 2970 1910 3030 tempo-

664 3044 671 3055 '
899 3029 1026 3083 ralis
1053 3026 1121 3082 sit
1150 3026 1348 3083 Filius.

408 3144 465 3198 Si
500 3141 763 3213 quidquid
796 3155 863 3197 ex
898 3141 1082 3211 genito
1115 3149 1170 3197 et
1203 3141 1415 3195 mortali
1452 3143 1693 3213 genitum
1725 3142 1906 3206 fuerit,

338 3236 391 3291 id
419 3236 643 3290 omnino
672 3233 901 3304 genitori
934 3233 1111 3288 simile
1141 3233 1210 3287 sit
1234 3243 1469 3302 oportet,
1500 3234 1738 3301 genitum
1766 3234 1914 3289 scili-

337 3338 427 3383 cet
458 3334 514 3381 et
548 3324 779 3380 mortale
825 3342 841 3380 :
887 3338 1109 3380 necesse
1142 3324 1306 3379 etiam
1340 3334 1423 3380 est
1455 3339 1487 3379 e
1518 3326 1823 3390 contrario,
1858 3334 1915 3380 ut

337 3417 602 3488 quidquid
622 3431 687 3471 ex
714 3415 950 3487 ingenito
971 3424 1135 3486 atque
1156 3416 1444 3469 immortali
1468 3417 1705 3486 genitum
1730 3417 1912 3482 fuerit,

338 3510 443 3569 hoc
472 3508 766 3578 ingenitum
797 3507 868 3561 sit
896 3516 1060 3578 atque
1090 3506 1418 3561 immortale.
1451 3506 1697 3575 Ejusdem
1736 3508 1915 3577 itaque

336 3601 442 3653 erit
480 3609 687 3653 natura:
722 3598 888 3653 Filius
929 3608 1091 3668 atque
1128 3598 1176 3653 is
1215 3598 1308 3667 qui
1349 3613 1471 3653 eum
1512 3599 1715 3669 genuit.
1749 3598 1913 3665 Atqui

338 3688 499 3745 Pater
526 3688 701 3745 factus
729 3704 834 3743 nou
867 3697 950 3744 est
986 3708 1000 3743 :
1035 3703 1210 3759 neque
1239 3689 1410 3745 Filius
1440 3704 1570 3759 ergo
1603 3691 1776 3745 factus
1806 3691 1915 3766 35

337 3790 448 3836 est:
480 3780 571 3849 qui
600 3796 727 3834 vero
757 3781 930 3835 factus
963 3795 1068 3834 non
1105 3789 1220 3843 est,
1244 3781 1404 3849 quale
1436 3781 1599 3836 habet
1622 3782 1914 3836 exsisteudi

336 3872 693 3942 principium?
718 3871 1031 3927 Comternus
1057 3873 1221 3940 igitur
1249 3872 1348 3926 fuit
1372 3872 1540 3929 Patri.

537 3959 777 4025 ALIUD,
806 3963 874 4013 ad
907 3961 982 4014 rei
1011 3960 1413 4027 explicationem
1439 3960 1721 4027 pertinens.

408 4070 509 4136 Qui
553 4069 868 4125 existimant
902 4069 1070 4122 Deum
1107 4070 1173 4123 ab
1208 4070 1389 4140 aliquo
1439 4069 1707 4140 principio
1750 4087 1914 4141 gene-

339 4177 462 4216 rare
499 4162 760 4230 cmpisse,
787 4162 1136 4216 vehementer
1178 4161 1230 4213 in
1272 4176 1397 4214 suas
1438 4161 1674 4227 ipsorum
1710 4162 1921 4218 animae

339 4253 488 4323 impii
520 4263 665 4318 sunt,
694 4254 828 4307 nihil
857 4254 905 4308 ei
934 4253 1166 4322 amplius
1197 4268 1359 4319 quam
1390 4256 1544 4309 nobis
1576 4254 1872 4310 tribuentes
1906 4277 1916 4310 :

340 4347 501 4400 homo
527 4347 667 4400 enim
700 4361 822 4400 cum
852 4345 1143 4400 exsistendi
1173 4344 1385 4399 initium
1421 4355 1638 4408 naueat,
1666 4346 1916 4416 gignendi

1937 3068 1986 3133 C

1998 736 2132 807 Υἱῷ,
2166 736 2319 791 οὐδὲν
2367 738 2615 808 ἀδικήσει
2651 738 2744 792 τοῦ
2779 739 2909 792 Υἱοῦ
2940 740 3037 811 τὴν
3069 739 3256 793 οὐσίαν
3295 742 3329 809 ἡ
3372 740 3566 809 γέννη-

2001 846 2105 895 σις,
2147 830 2250 884 κᾶν
2296 830 2586 901 άγέννητος
2635 833 2663 884 ό
2716 833 2905 903 Πατὴρ
2949 833 3211 905 τυγχάνῃ.
3274 834 3464 887 Ἔσται
3504 832 3569 903 δὴ

1999 920 2149 992 αὐτῷ
2182 923 2447 985 συναῖδιος
2480 924 2541 975 οὐ
2578 923 2792 987 πάντως
2823 924 2960 994 ἔχων
2986 925 3053 978 τὰ
3088 924 3304 978 ἐναντία
3333 924 3439 977 τῶν
3466 941 3569 991 φυ-

2004 1014 2168 1067 σικῶν
2198 1015 2501 1086 ἰδιωμάτων
2526 1016 2713 1080 αὑτοῦ,
2746 1017 2889 1071 καθά
2914 1017 3199 1073 δέδεικται.

2016 1131 2343 1197 Ἀπόδειξις
2393 1131 2638 1199 ἐφεξῆς,
2704 1133 2831 1185 Ὀτι
2891 1131 2962 1185 τὰ
3024 1128 3399 1199 ἀντικείμενὰ
3446 1144 3572 1195 πως

2072 1201 2219 1267 πρὸς
2260 1201 2501 1268 ἄλληλα
2529 1202 2680 1255 κατὰ
2709 1202 2822 1269 τὴν
2847 1204 3197 1269 ὀνομασίαν,
3229 1202 3398 1255 κοινὰ
3426 1204 3575 1255 πολ·-

2071 1270 2247 1337 λάκις
2275 1271 2399 1339 ἔχει
2432 1272 2564 1327 τινὰ
2604 1273 2721 1326 τῶν
2752 1271 3045 1341 φυσικῶν.

2074 1384 2147 1437 Οὐ
2182 1385 2398 1445 πάντως
2436 1386 2535 1438 ὅσα
2567 1386 2707 1439 κατά
2740 1386 2837 1454 τὴν
2882 1385 3168 1457 πρόχειρον
3220 1384 3401 1453 φωνὴν
3456 1384 3575 1453 ἦτοι

2006 1476 2064 1529 τὸ
2086 1479 2141 1529 ὲν
2167 1476 2309 1542 λέξει
2335 1478 2728 1547 σημαινόμενον
2758 1480 3013 1541 ἐναντίως
3045 1477 3158 1546 ἔχει
3188 1477 3321 1547 πρὸς
3349 1474 3574 1544 ἄλληλα,

2005 1566 2177 1619 ταῦτα
2212 1568 2305 1619 καὶ
2334 1569 2448 1619 κατ’
2483 1569 2670 1621 οὐδένα
2699 1568 2897 1639 τρόπον
2924 1567 3031 1620 τῶν
3068 1569 3168 1621 ὅσα
3209 1572 3325 1630 ταῖς
3366 1567 3579 1628 οὐσίαις

2008 1660 2296 1730 πρόσεστιν
2352 1660 2600 1730 ἀλλήλοις
2654 1659 3105 1712 ἐπικοινωνοῦντα
3152 1659 3417 1727 φαίνεται.
3469 1659 3579 1709 Καὶ

652 1750 745 1804 scd
789 1744 1177 1804 iiicrementum
1224 1749 1451 1816 suscipit
1480 1748 1678 1802 animal
1712 1757 1765 1803 et
1798 1764 1902 1802 non

2024 1749 2137 1819 (οὖν
2172 1752 2233 1804 τὸ
2278 1750 2413 1814 ζῶον
2466 1752 2763 1805 ἀντίκειται
2799 1750 2877 1820 τῷ
2925 1751 2998 1822 μὴ
3061 1750 3217 1821 ζὼῳο
3274 1749 3580 1820 ἀλλἀὖξην

2006 1840 2312 1911 ἐπιδέχεται
2348 1841 2409 1894 τό
2441 1860 2498 1894 τε
2540 1841 2675 1905 ζῶον
2706 1843 2797 1894 καὶ
2825 1842 2884 1893 τὸ
2916 1841 2987 1912 μὴ
3024 1840 3181 1903 ζῶον,
3217 1838 3327 1893 οἷον
3355 1844 3381 1893 ὁ
3418 1841 3580 1903 ίππος

2008 1931 2101 1983 καὶ
2146 1930 2206 1982 τὸ
2258 1930 2439 1998 φυτόν.
2496 1931 2557 1983 Εἰ
2603 1932 2659 1984 δὲ
2706 1932 2913 1994 τούτοις
2959 1932 3132 1984 καίτοι
3170 1933 3267 2000 τὴν
3317 1931 3579 2001 διαφοράν

2006 2024 2195 2092 ὁμοίαν
2227 2024 2325 2076 οὐκ
2357 2023 2539 2093 ἔχουσι
2566 2024 2821 2077 κοινωνία
2852 2042 2935 2088 τις
2966 2025 3090 2095 περί
3132 2042 3186 2077 τι
3228 2024 3461 2093 πρᾶγμα
3491 2024 3582 2089 γέ-

2008 2131 2156 2183 γονε,
2203 2114 2287 2176 τίς
2335 2114 2635 2181 ἀναγκάσει
2681 2114 2836 2182 λόγος
2884 2114 3000 2183 Θεῷ
3029 2114 3122 2167 καὶ
3168 2114 3338 2184 Πατρὶ
3378 2113 3580 2188 μηδένα

2010 2209 2317 2277 κοινότητος
2354 2202 2493 2261 εἶναι
2522 2208 2684 2261 τόπον
2738 2208 2869 2278 πρὸς
2907 2208 3035 2259 Υίὸν
3068 2210 3160 2262 καί
3202 2208 3353 2272 Θεὸν,
3392 2209 3582 2278 ἐπειδὴ

2008 2302 2036 2352 6
2073 2300 2168 2369 μὲν
2200 2300 2345 2352 ἔστιν
2379 2301 2674 2369 ἀγενήτως,
2706 2300 2735 2351 ὁ
2766 2299 2822 2351 δὲ
2863 2300 3155 2369 γεννητῶς,
3188 2301 3279 2351 καὶ
3312 2303 3421 2362 τοῖς
3465 2300 3583 2351 ὀνό-

2014 2409 2176 2461 μασιν
2229 2391 2753 2444 ἁντιδιαστέλλεσθαί
2804 2408 2919 2453 πως
2956 2390 3133 2455 δοκεῖς
3188 2391 3321 2443 Οὐδὲ
3364 2390 3472 2460 γάρ
3521 2389 3584 2441 τὸ

2010 2478 2151 2536 εἶναι
2196 2483 2419 2535 τοιῶσδε
2467 2482 2559 2534 τὸν
2594 2482 2740 2542 Υἱὸν,
2779 2483 2826 2533 εί
2864 2480 2957 2534 καὶ
2990 2482 3017 2533 ὀ
3061 2481 3249 2550 Πατὴρ
3301 2480 3375 2551 μὴ
3412 2479 3588 2542 οὕτως

2011 2571 2144 2640 ἔχει,
2176 2570 2233 2622 τὸ
2260 2570 2358 2639 τῆς
2391 2571 2577 2633 οὐσίας
2611 2569 2775 2623 αὐτοῦ
2806 2572 3026 2640 γνήσιον
3052 2570 3283 2640 ἀναιρεῖ.
3321 2570 3587 2639 Σημαίνει

2009 2661 2065 2713 δὲ
2101 2661 2320 2730 μόνονή
2368 2660 2621 2727 γέννησις
2666 2660 2726 2712 τὸ
2768 2659 2883 2722 πῶς
2912 2660 3080 2723 ἐστιν,
3115 2659 3267 2712 οὐδὲν
3296 2660 3376 2719 εἰς
3422 2658 3589 2713 ἀῖδιόο

2010 2769 2151 2822 τητα
2183 2751 2494 2804 ϐλάπτουσα
2524 2751 2614 2805 τὸν
2640 2753 2727 2804 ἀεὶ
2751 2752 2878 2804 ὅντα
2908 2754 2965 2809 ὲν
2997 2750 3073 2821 τῷ
3111 2751 3303 2821 Πατρί.

2696 2865 2900 2918 AAAO.

2025 2957 2120 3011 Ἐκ
2168 2956 2274 3011 τοῦ
2310 2956 2724 3026 ἀντικειμένου
2766 2956 3046 3012 δεικνύων
3084 2955 3173 3010 ὅτι
3217 2951 3477 3026 ἄναρχος
3519 2957 3592 3010 ἐν

2573 3027 2768 3096 χρόνῳ
2801 3030 2833 3081 ό
2881 3028 3031 3093 Υἱός.

2088 3136 2150 3189 Εἰ
2178 3137 2286 3189 πᾶν
2310 3136 2447 3207 ὅπερ
2472 3136 2538 3189 ἂν
2567 3137 2630 3189 ἐκ
2664 3136 2858 3207 θνητοῦ
2892 3138 2984 3190 καὶ
3008 3136 3247 3206 φθαρτοῦ
3277 3136 3592 3207 γεννηθείη,

2015 3228 2173 3282 τοῦτο
2205 3230 2418 3292 πάντως
2451 3228 2602 3281 ἔσται
2636 3228 2715 3299 τῷ
2742 3228 2971 3297 φύσαντι
2999 3212 3337 3300 προσεοικὸς,
3367 3229 3593 3297 γενητὸν

2016 3319 2216 3391 δηλαδὴ
2252 3321 2346 3374 καί
2379 3320 2642 3390 φθαρτὸν,
2669 3319 2880 3390 ἀνάγκη
2920 3322 3069 3373 πᾶσα
3115 3320 3210 3373 καὶ
3236 3320 3297 3373 τὸ
3330 3320 3590 3383 ἐναντίον,

2017 3408 2156 3483 ὅπερ
2177 3413 2243 3467 ἂν
2272 3412 2333 3477 ἐξ
2358 3414 2621 3482 ἀγενήτου
2647 3413 2739 3465 καὶ
2767 3411 3044 3482 ἀφθάρτου
3074 3413 3414 3481 γεγέννηται,
3437 3410 3589 3467 τοῦτ’(

2018 3506 2235 3567 πάντως
2274 3504 2547 3576 ἄφθαρτον
2576 3499 2715 3559 εἶναι
2745 3505 2838 3557 καὶ
2878 3505 3158 3574 ἀγένητον.
3192 3504 3340 3568 "Eia:
3376 3520 3595 3573 τοιγάρ·-

2018 3597 2113 3651 οὖν
2149 3598 2290 3650 οὕτω
2329 3597 2543 3665 φύσεως
2574 3599 2602 3650 6
2636 3596 2758 3658 Υἱὸς
2787 3596 2939 3659 ὅπως
2981 3595 3047 3649 ἂν
3075 3596 3189 3666 ἔχοι
3226 3598 3315 3649 καὶ
3345 3597 3372 3647 ό
3397 3596 3593 3665 γεννή-

2020 3707 2119 3753 σας
2153 3690 2333 3743 αὐτόν.
2366 3690 2439 3743 Οὐ
2470 3689 2691 3757 γέγονεν
2724 3689 2780 3741 δὲ
2811 3690 2839 3741 6
2868 3690 3090 3758 Πατήρο
3125 3690 3187 3741 οὐ
3221 3688 3441 3758 γέγονεν
3484 3687 3594 3758 ἄρα

2018 3774 2140 3827 οὐδὲ
2164 3775 2192 3827 6
2224 3774 2374 3838 Υίὺς,
2406 3776 2434 3827 6
2460 3775 2517 3827 δὲ
2549 3773 2622 3844 μὴ
2665 3772 2923 3842 γεγονὼς,
2958 3773 3118 3826 ποίαν
3163 3773 3274 3843 ἔχει
3313 3770 3405 3824 τοῦ
3451 3767 3594 3824 εἶναι

2018 3865 2120 3934 τὴν
2150 3864 2359 3937 ἀρχήν;
2387 3860 2495 3917 Ἦν
2526 3859 2617 3917 οὖν
2650 3865 2705 3933 ἇς
2726 3879 2754 3915 .-.
2782 3863 2859 3933 τῷ
2902 3863 3076 3934 Πατρὶ
3120 3862 3410 3929 συναῖδιοςν

2442 3954 2646 4020 AAAO,
2712 3952 3160 4021 διηγηματικῶς.

2092 4071 2153 4122 Οἱ
2200 4069 2307 4121 ἀπό
2337 4087 2479 4131 τινος
2511 4069 2681 4140 ἀρχῆς
2704 4067 2961 4138 ἄρχ.σθαι
3001 4066 3094 4121 τοῦ
3134 4071 3329 4138 γεννᾷν
3354 4068 3593 4137 οἰόμενοι

2020 4162 2111 4216 τὸν
2145 4160 2296 4222 Θεὸν,
2323 4160 2442 4212 λίαν
2472 4157 2758 4212 ἀσεϐοῦσιν
2791 4160 2869 4220 εἰς
2902 4158 2998 4221 τὰς
3034 4157 3241 4210 ἑαυτῶν
3270 4157 3466 4227 ψυχὰς,
3499 4157 3592 4208 οὐ-

2020 4258 2108 4311 δὲν
2136 4257 2283 4326 αὐτῷ
2309 4255 2539 4309 διδόνεες·
2566 4255 2626 4305 π)
2641 4256 2725 4307 ἑιν
2762 4253 2933 4323 ἡμῶν,
2974 4253 3291 4322 Ἀνθρωπος
3328 4252 3425 4321 μὲν
3482 4252 3592 4320 γὰρ

2023 4353 2211 4416 ἐπειδη
2237 4368 2330 4401 "mu
2353 4356 2490 4400 ειυς
2527 4363 2655 4417 ipsa
2674 4372 2723 4396 ιν
2772 4345 3082 4412 ἀναγκαίως
3110 4345 3205 4397 καὶ
3246 4343 3339 4396 τοῦ
3383 4344 3591 4396 τίκτειν

339 4438 498 4490 etiam
538 4437 749 4491 initium
792 4435 1041 4490 habuerit
1079 4450 1300 4489 necesse
1336 4444 1453 4498 est,
1478 4445 1533 4489 et
1567 4411 1818 4504 quod'ex
1856 4451 1908 4491 se

2024 4443 2270 4511 ἄρχεται,
2296 4441 2389 4493 καὶ
2416 4438 2477 4491 τὸ
2528 4444 2585 4503 εξ
2614 4437 2803 4495 εαυτού
2844 4438 3067 4507 γενητὸν
3114 4436 3243 4505 ἔχει·
3270 4438 3296 4488 ό
3325 4435 3378 4486 δὲ
3421 4434 3553 4496 Θεὸς
3575 4475 3589 4495 ,

340 4528 580 4596 genitum
622 4537 706 4582 est
744 4528 930 4591 habet;
976 4527 1117 4581 Deus
1150 4543 1306 4590 vero,
1339 4542 1459 4581 cum
1502 4527 1575 4581 sit
1615 4528 1910 4597 ingenitus,

342 4637 446 4676 non
492 4627 711 4690 generat
754 4620 805 4672 in
851 4631 1121 4686 tempore,
1158 4634 1329 4688 neque
1370 4634 1435 4679 ea
1474 4633 1533 4672 se
1573 4619 1814 4689 genitum
1859 4621 1911 4674 in

343 4725 586 4783 tempore
627 4712 789 4766 habet
830 4729 845 4767 :
885 4712 979 4766 sed
1014 4712 1468 4780 quemadmodum
1511 4712 1622 4779 ipse
1665 4712 1911 4778 principii

342 4817 505 4873 atque
531 4813 679 4859 ortus
703 4820 896 4872 expers
922 4814 1024 4863 est,
1047 4805 1121 4857 ita
1144 4813 1199 4856 et
1220 4802 1453 4858 Verbum
1483 4803 1624 4872 quod
1649 4818 1715 4856 ex
1747 4804 1913 4871 ipsius

343 4896 644 4953 substantia
678 4896 967 4963 processit,
997 4895 1294 4962 principio,
1323 4905 1562 4964 tempore
1596 4905 1757 4964 atque
1793 4907 1911 4949 ortu

342 4994 574 5055 carebit,
607 4990 827 5059 perinde
858 5000 1018 5059 atque
1049 4992 1093 5045 is
1123 4991 1210 5059 qui
1244 4990 1295 5044 id
1329 4991 1533 5061 genuit.

504 5102 848 5170 Interrogatio
880 5110 1127 5169 tanquam
1156 5116 1219 5153 ea:
1247 5100 1450 5166 scriptis
1483 5098 1749 5152 Eunomii.

419 5210 605 5263 Dicant
623 5208 1183 5278 nobis,jinquiunt,qui
1207 5208 1396 5261 Filium
1421 5209 1565 5262 Patri
1590 5219 1913 5264 coaeternum

344 5317 462 5356 csse
495 5312 742 5366 censent,
770 5318 836 5354 an
870 5302 1094 5356 desierit
1121 5316 1379 5370 generare
1409 5300 1601 5355 Pater?
1626 5302 1913 5355 Enimvero

345 5396 505 5449 desiit
548 5414 561 5449 :
610 5397 747 5465 Ergo
791 5398 877 5450 illa
920 5398 1151 5451 cessatio
1190 5397 1362 5451 Patris
1407 5416 1433 5451 a
1483 5400 1789 5467 generando
1833 5408 1913 5453 cst

346 5488 667 5558 principium
698 5489 1030 5544 exsistentia:
1057 5490 1199 5542 Filii.

1020 5602 1240 5658 Salutio.

426 5693 484 5750 Si
520 5698 756 5752 essentia
784 5696 877 5755 Del
905 5714 1063 5755 omne
1094 5707 1299 5767 tempus
1328 5704 1377 5753 et
1410 5698 1728 5768 principium
1756 5706 1914 5767 atque

2021 4534 2283 4601 ἀγένητος
2310 4530 2405 4595 ὢν,
2433 4531 2531 4583 οὐκ
2562 4531 2617 4581 ὲν
2642 4530 2817 4598 χρόνῳ
2844 4529 3027 4597 γεννᾷ,
3060 4526 3179 4578 οὐδὲ
3217 4525 3441 4594 γενητὸν
3474 4525 3591 4593 ἕχει

2019 4625 2109 4678 τὸν
2142 4623 2199 4688 ἐξ
2235 4623 2446 4681 ἑαυτοῦ·
2477 4622 2591 4676 ἀλλ’
2638 4622 2825 4690 ὥσπερ
2883 4618 3043 4681 αὐτὸς
3090 4617 3323 4687 άναρχός
3355 4617 3469 4668 ἐστι
3500 4618 3595 4668 καὶ

2020 4717 2301 4789 ἀγένητος,
2336 4714 2477 4767 οὕτω
2508 4714 2599 4767 καὶ
2622 4716 2649 4765 6
2676 4713 2739 4765 ἐκ
2766 4714 2863 4781 τῆς
2889 4710 3073 4773 οὐσίας
3120 4707 3282 4760 αὐτοῦ
3316 4706 3595 4777 προελθὼν

2021 4810 2212 4877 Λόγος,
2236 4810 2487 4877 ἄναρχος,
2512 4807 2734 4876 ἄχρονος
2763 4802 2915 4856 ἔσται
2942 4804 3033 4856 καὶ
3061 4800 3321 4870 ἀγένητος
3352 4800 3537 4868 ὣσπερ
3564 4800 3597 4850 ὁ

2021 4904 2338 4970 ἁποκυήσας
2372 4898 2550 4952 αὐτόν.

2301 5098 2617 5167 Ἐρώτησις
2651 5096 2729 5163 ὡς
2759 5097 2826 5148 ἐκ
2859 5094 2972 5148 τῶν
3003 5095 3323 5163 Εὐνομία).

2091 5217 2407 5283 Λεγέτωσαν
2455 5215 2604 5283 ἡμῖν,
2634 5212 2815 5280 φασὶν,
2861 5213 2908 5262 οἱ
2956 5209 3031 5279 τῷ
3087 5208 3259 5279 Πατρὶ
3317 5207 3409 5259 τὸν
3460 5207 3590 5259 Υἱδν

2025 5309 2289 5361 συναῖδιον
2338 5304 2471 5359 εἶναι
2526 5304 2844 5373 φάσκοντες,
2896 5300 3171 5355 ἐπαύσατο
3208 5298 3300 5353 τοῦ
3332 5302 3525 5369 γεννᾷν
3562 5300 3594 5351 ὁ

2025 5401 2240 5471 11ατήρ;
2291 5397 2594 5451 Ἐπαύσατο
2646 5396 2724 5448 δέ.
2770 5394 2967 5464 ’Λρχὴν
3007 5389 3099 5446 οὖν
3145 5392 3370 5462 ἔχειτοῦ
3400 5388 3593 5445 εἷναιό

2022 5492 2167 5555 Υἱὸς,
2202 5490 2296 5560 τὴν
2321 5492 2376 5541 ὲν
2407 5487 2482 5559 τῷ
2508 5490 2700 5557 γεννᾷν
2727 5486 3065 5539 κατάπαυσιν
3090 5485 3181 5537 τοῦ
3216 5484 3444 5555 Πατρός.

2481 5600 2635 5669 Πρὸς
2694 5600 2868 5652 τοῦτο
2924 5598 3121 5663 λύσις.

2094 5697 2155 5749 Ei
2194 5694 2385 5757 παντὸς
2426 5691 2680 5763 ἀνωτέρω
2742 5691 2929 5763 χρόνου
2982 5693 3073 5745 καὶ
3109 5690 3280 5763 ἀρχῆς
3311 5688 3341 5759 ἦ
3371 5687 3591 5767 διαστή-
