3876 6208
359 299 428 353 65
1358 289 1417 345 S.
1458 289 1741 346 CYRILLI
1774 288 2247 346 ALEXANDRINI
2278 289 2597 345 ARCHIEP.
3558 283 3625 338 (Η

1037 409 1262 464 Salutio.

429 525 592 594 Atqui
639 526 738 578 hoc
782 523 1203 593 nugacissimum
1251 529 1366 586 est,
1404 531 1459 575 et
1505 521 1946 590 incomparabilis
1974 517 2022 573 Α

359 616 636 686 cujusdam
673 615 954 668 dementiae
991 612 1334 666 manifestum
1371 622 1768 681 argumentum.
1807 612 1938 678 Quis

359 708 502 762 enim
527 707 739 775 ignorat
759 707 824 760 de
846 705 1068 773 singulis
1088 706 1250 759 etiam
1277 706 1543 759 creaturis
1571 705 1938 774 producendis

359 800 690 854 voluntatem
722 798 772 851 in
805 797 940 852 Filio
969 797 1168 852 fuisse?
1193 797 1390 851 Volens
1420 796 1565 850 enim
1605 799 1785 850 omnia
1812 797 1940 852 fecit

359 890 614 958 Creator,
657 905 830 958 neque
893 893 1098 960 absque
1161 890 1277 959 ejus
1341 891 1617 944 voluntate
1679 901 1944 944 creatura:

361 983 528 1052 ipsius
561 983 848 1037 exsistunt.
880 983 1138 1048 Quaenam
1175 983 1340 1051 igitur
1363 993 1447 1036 est
1481 981 1785 1036 ditferentia
1819 983 1940 1036 Filii

360 1085 415 1129 et
450 1073 699 1140 factum,
726 1083 991 1129 creatura:
1027 1084 1081 1128 et
1117 1074 1438 1144 geniminis,
1471 1073 1576 1144 37
1614 1075 1657 1128 si
1695 1073 1945 1128 voluntas

360 1165 426 1219 de
465 1165 708 1232 utrisque
743 1165 794 1218 in
835 1165 942 1219 Deo
977 1167 1077 1220 sita
1114 1165 1232 1218 est?
1265 1163 1528 1230 Quisnam
1565 1180 1712 1220 sanas
1749 1166 1943 1221 mentis

361 1257 426 1311 iis
452 1257 544 1326 qui
578 1259 650 1311 ita
681 1258 925 1312 sentiunt
952 1274 1056 1310 non
1089 1257 1382 1322 acclamet,
1411 1258 1551 1324 quod
1577 1274 1638 1311 ea
1671 1273 1791 1327 qua:
1823 1269 1942 1312 tan-

361 1357 544 1418 topere
575 1350 716 1404 inter
747 1365 806 1404 se
837 1350 1043 1402 ratione
1071 1358 1277 1402 natura:
1305 1349 1536 1411 distant,
1565 1352 1752 1402 eodem
1785 1352 1942 1404 modo

359 1443 660 1504 aastiment,
695 1442 746 1496 in
799 1443 911 1496 sola
962 1440 1053 1494 Dei
1105 1442 1442 1510 praenotione
1493 1452 1722 1510 utraque
1770 1443 1943 1512 posita

359 1548 480 1587 esse
520 1542 848 1597 statuentes,
883 1543 937 1588 et
970 1532 1148 1587 Verbo
1187 1533 1334 1602 quod
1375 1547 1438 1586 ex
1488 1532 1721 1586 essentia
1770 1533 1945 1588 Patris

359 1631 624 1698 processit
654 1629 783 1684 nihil
816 1629 1047 1698 amplius
1073 1642 1234 1696 quam
1262 1628 1529 1681 creaturis
1558 1627 1829 1682 tribuant?

1069 1829 1298 1886 ALIUD.

434 1947 490 2002 Si
517 1945 682 2000 Filius
705 1961 810 2000 non
847 1953 966 1998 erat
993 1957 1208 2013 semper
1236 1959 1359 1998 cum
1391 1944 1550 1999 Patre
1577 1960 1642 1999 ex
1693 1959 1808 2015 ipso
1859 1959 1948 2000 se-

363 2041 596 2096 cundum
626 2050 873 2092 naturam
904 2038 1174 2092 exsistens
1202 2045 1257 2092 et
1280 2040 1722 2100 coaeternus,sed
1761 2044 1948 2107 postea

362 2134 411 2186 ei
441 2133 640 2186 accidit
679 2142 735 2184 ut
761 2138 924 2194 esset,
964 2129 1163 2184 accidit
1191 2129 1572 2198 proculdubio
1599 2129 1761 2183 etiam
1805 2130 1949 2184 Patri

363 2233 426 2276 ut
454 2222 607 2276 fieret
639 2221 817 2275 Pater.
853 2220 1034 2289 Atque
1068 2220 1142 2273 ita
1191 2196 1424 2274 mutatio
1471 2196 1728 2288 quaedam
1790 2232 1953 2288 atque

362 2312 611 2368 alteratio
642 2313 693 2366 in
733 2315 846 2381 ipso
885 2310 1029 2366 facta
1068 2312 1306 2365 videtur.
1342 2311 1577 2375 Nam,ex
1618 2321 1796 2364 vestra
1827 2324 1952 2364 sen-

363 2407 531 2461 tentia
564 2448 579 2470 ,
612 2407 752 2476 quod
783 2406 932 2475 prius
973 2421 1078 2459 non
1109 2413 1248 2466 erat,
1276 2404 1331 2458 id
1366 2416 1548 2472 postea
1612 2405 1789 2458 factus
1845 2413 1948 2456 est.

361 2501 433 2555 At
463 2514 592 2553 vero
621 2499 677 2551 in
713 2497 948 2552 divinam
981 2507 1233 2550 naturam
1268 2496 1412 2549 nulla
1449 2495 1678 2550 mutatio
1732 2506 1825 2547 aut
1876 2494 1954 2547 al-

367 2591 556 2645 teratio
584 2589 747 2646 cadit.
780 2589 898 2644 Non
939 2589 1104 2658 igitur
1128 2589 1327 2643 accidit
1354 2591 1462 2642 Deo
1493 2598 1549 2641 ut
1575 2587 1734 2641 Pater
1758 2587 1948 2641 fieret:

365 2683 462 2738 sed
489 2691 608 2737 erat
645 2683 694 2737 ei
725 2692 1052 2737 coaeternnm
1087 2682 1232 2750 quod
1267 2698 1331 2735 ex
1376 2682 1493 2750 ipso
1535 2683 1803 2750 processit
1825 2678 1956 2732 Ver-

364 2776 491 2830 bum
526 2791 542 2841 ;
578 2775 1034 2844 quemadmodum
1072 2774 1223 2828 calor
1259 2774 1311 2827 in
1346 2775 1488 2843 igne,
1513 2774 1603 2843 qui
1636 2774 1853 2842 quidem
1888 2786 1955 2825 ex

366 2869 491 2938 igne
506 2868 743 2938 gignitur
760 2876 813 2922 et
841 2883 1058 2936 semper
1086 2883 1208 2922 cum
1233 2881 1297 2920 eo
1315 2868 1550 2931 exsistit,
1585 2876 1639 2920 et
1664 2882 1730 2920 ex
1755 2866 1958 2921 lumine

367 2961 607 3031 gignitur
637 2960 973 3016 exteriorum
1003 2960 1357 3014 illuminatio.

585 3097 832 3164 ALIUD,
872 3097 955 3152 Ea:
985 3098 1276 3167 objectione
1315 3097 1700 3151 Iuvrelicorum.
1771 3147 1777 3155 _

442 3211 497 3266 Si
524 3212 815 3282 perfectus,
845 3211 1119 3280 inquiunt,
1144 3222 1226 3265 est
1252 3211 1414 3265 Pater
1441 3212 1493 3264 in
1527 3228 1622 3265 sua
1651 3211 1955 3282 majestate,

369 3320 546 3373 neque
627 3304 743 3371 ejus
813 3313 1018 3358 natura:
1085 3305 1376 3372 quidquam
1449 3304 1514 3356 ad
1588 3304 1692 3358 hoc
1773 3305 1956 3369 deest,

371 3412 830 3466 supervacaneum
924 3407 1008 3450 est
1077 3396 1244 3450 veluti
1321 3395 1756 3465 supplementum
1841 3398 1961 3451 sive

372 3490 762 3560 plenitudinem
845 3489 1062 3544 deitatis
1129 3489 1298 3559 ipsius
1375 3488 1571 3542 Filium
1635 3490 1684 3542 ei
1753 3488 1958 3557 adjun-

373 3595 520 3652 gere.

1056 3693 1286 3749 Salutio.

445 3825 722 3880 Perfectus
767 3824 983 3895 quidem
1019 3833 1103 3878 est
1127 3823 1288 3877 Pater
1323 3825 1374 3878 in
1401 3839 1498 3878 sua
1535 3825 1837 3895 majestate,
1866 3840 1962 3880 ne-

375 3935 478 3987 que
511 3919 793 3988 quisquam
818 3932 963 3972 sana:
992 3917 1187 3970 mentis
1238 3917 1288 3970 id
1323 3917 1632 3984 negaverit;
1694 3917 1965 3986 perfectus

374 4019 552 4064 autem
591 4020 674 4065 est
710 4025 816 4064 non
847 4025 911 4064 eo
946 4019 1152 4063 tantum
1195 4009 1412 4062 nomine
1456 4014 1597 4077 quod
1659 4010 1833 4074 Deus,
1871 4026 1963 4065 ve-

376 4115 495 4153 rum
530 4100 690 4152 etiam
725 4099 867 4168 quod
899 4097 1078 4152 Pater.
1099 4095 1232 4151 Nam
1264 4099 1308 4151 si
1329 4098 1434 4152 Deo
1462 4098 1730 4153 ademeris
1748 4099 1964 4155 Patrem

375 4204 516 4252 esse,
540 4189 923 4242 fecunditatem
958 4204 988 4242 e
1016 4189 1194 4241 divina
1229 4197 1419 4241 natura
1451 4190 1768 4244 sustuleris:
1807 4191 1879 4245 ita
1910 4202 1968 4245 ut

375 4281 652 4350 perfectus
691 4295 1028 4350 nequaquam
1063 4281 1154 4344 sit,
1191 4295 1314 4334 cum
1350 4282 1640 4350 generandi
1711 4283 1968 4337 facultate

378 4384 581 4430 careat.
615 4375 1005 4429 Documentum
1047 4374 1228 4442 itaque
1256 4374 1609 4444 perfectionis
1649 4387 1730 4430 est
1779 4376 1967 4430 fecun-

2541 406 2695 474 Πρὸς
2721 405 2896 458 τοῦτο
2932 405 3134 468 λύσις.

2131 522 2272 575 Ἀλλ’
2339 522 2456 575 ἐστι
2505 521 2664 574 τοῦτο
2721 519 2961 588 φλυαρία
3026 515 3233 586 πολλὴ,
3293 516 3387 568 καὶ
3443 513 3629 577 ἀνοίας

2048 613 2378 682 ἅσυγκρίτου
2415 613 2589 682 σαφὴς
2641 611 2934 675 ἀπόδειξις.
2969 609 3088 663 Τίνι
3121 608 3230 679 γὰρ
3258 608 3359 660 οὐκ
3391 607 3506 659 ἔστι
3534 606 3629 674 δῆ-

2045 703 2134 756 λον
2157 705 2239 756 ὅτι
2266 706 2329 776 δὴ
2353 707 2449 758 καὶ
2474 705 2602 774 περὶ
2635 703 2865 756 ἑκάστου
2891 701 3001 754 τῶν
3055 698 3439 769 πεποιημένων
3469 693 3537 768 ἦν
3570 697 3630 749 ἐν

2048 797 2126 866 τῷ
2158 795 2276 866 Θεῴ
2304 796 2364 848 τὸ
2385 796 2592 861 οέλειν;
2625 794 2870 864 Θελήσας
2896 793 3004 863 γὰρ
3031 791 3099 843 τὰ
3121 790 3300 843 πάντα
3330 789 3629 858 πεποίηκεν

2043 892 2070 942 6
2101 889 2450 960 δημιουργός·
2474 888 2567 941 καὶ
2598 890 2698 941 οὐκ
2732 887 2970 957 ἁΟέλητά
3015 886 3163 938 ἐστιν
3207 883 3356 952 αὐτῷ
3401 883 3469 936 τὰ
3499 881 3628 951 παρ’

2045 983 2210 1036 αὑτοῦ
2270 985 2633 1054 πεποιημένα.
2667 983 2762 1046 Τίς
2815 979 2906 1036 οῦν
2965 985 2997 1052 ἡ
3060 981 3294 1050 διαφορὰ
3355 978 3487 1032 Υἱοῦ
3535 979 3631 1032 καὶ

2047 1078 2372 1147 ποιήματος,
2400 1077 2629 1140 κτίσεως
2678 1078 2772 1129 καὶ
2827 1078 3156 1144 γενήματος,
3183 1076 3231 1127 εί
3257 1074 3316 1124 τὸ
3346 1074 3520 1126 Θέλειν
3572 1074 3631 1125 ἐν

2047 1169 2166 1238 Θεῴ
2193 1171 2372 1221 κεῖται
2405 1169 2535 1240 περὶ
2582 1169 2824 1237 ἀμφοῖν;
2875 1167 2994 1220 Οὐκ
3023 1167 3087 1219 ἄν
3117 1183 3200 1229 τις
3243 1165 3480 1233 εὐλόγως
3521 1163 3632 1216 τῶν

2046 1259 2204 1313 τοῦτο
2242 1260 2581 1331 φρονούντων
2611 1259 3021 1330 καταϐοήσειεν,
3047 1259 3128 1312 ὅτι
3160 1259 3226 1311 τὰ
3246 1257 3499 1310 τοσοῦτον
3534 1257 3633 1311 ἀλ-

2047 1351 2222 1422 λήλων
2253 1351 2576 1423 διεστηκότα
2606 1351 2749 1404 κατὰ
2769 1351 2862 1403 τὸν
2890 1354 2987 1420 τῆς
3012 1350 3226 1420 φύσεως
3263 1349 3420 1418 λόγον
3446 1351 3503 1401 ἐν
3532 1348 3632 1417 ἴσῳ

2051 1447 2236 1518 μέτρῳ
2263 1448 2430 1517 τιμᾷν
2456 1445 2846 1516 ἐπιχειροῦσιν,
2899 1445 2956 1498 ἐν
2998 1445 3138 1516 μόνῃ
3175 1443 3482 1514 προγνώσει
3536 1441 3632 1494 τοῦ

2046 1539 2182 1592 Θεοῦ
2216 1538 2428 1592 κεῖσθαι
2485 1538 2717 1601 διδόντες
2755 1536 3062 1607 ἀμφότερα,
3123 1537 3218 1588 καὶ
3266 1535 3424 1587 πλέον
3479 1534 3633 1586 οὐδὲν

2049 1633 2196 1702 ἔχειν
2233 1631 2341 1684 τῶν
2365 1630 2611 1701 γενητῶν
2644 1628 3102 1700 παραχωροῦντες
3153 1626 3230 1698 τῷ
3280 1630 3345 1680 ἐκ
3386 1629 3486 1696 τῆς
3535 1626 3631 1678 τοῦ

2049 1726 2262 1797 Πατρὸς
2286 1725 2473 1787 οὐσίας
2505 1723 2819 1795 προελθόντι
2844 1723 3036 1792 Λόγῳ;

2744 1837 2950 1890 ΑΛΛΟ.

2122 1957 2186 2011 EE
2224 1954 2298 2026 μὴ
2367 1954 2531 2023 συνῆν
2563 1955 2591 2007 ό
2631 1952 2758 2015 Υἱὸς
2791 1952 2879 2005 ἀεὶ
2913 1949 2992 2021 τῷ
3035 1949 3210 2021 Πατρὶ
3258 1947 3317 2014 ἐξ
3361 1948 3528 2002 αὐτοῦ
3573 1965 3633 2001 τε

2052 2050 2127 2104 ὢν
2155 2051 2296 2104 κατὰ
2326 2048 2485 2117 φύσιν
2516 2048 2610 2101 καὶ
2640 2045 2924 2110 συναῖδιος,
2967 2044 3282 2114 συμϐέϐηκε
3312 2043 3368 2094 δέ
3398 2041 3546 2111 αὐτῷ
3576 2042 3638 2093 τὸ

2053 2137 2215 2206 εἶναι,
2254 2141 2448 2210 συνέϐη
2484 2139 2725 2209 δηλονότι
2767 2137 2862 2190 καὶ
2904 2136 2981 2206 τῷ
3020 2136 3230 2187 τεκόντι
3270 2135 3332 2186 τὸ
3379 2133 3636 2201 γενέσθαι

2055 2237 2294 2308 Πατέρα.
2328 2235 2438 2288 Καὶ
2470 2233 2740 2304 μεταϐολή
2771 2249 2857 2295 τις
2887 2231 3012 2302 περὶ
3042 2229 3203 2283 αὐτὸν
3228 2231 3322 2282 καὶ⁴
3355 2228 3637 2290 ἀλλοίωσις

2055 2329 2317 2400 γενομένη
2370 2325 2641 2396 φαίνεται.
2699 2325 2764 2376 Ὃ
2795 2323 2904 2393 γὰρ
2951 2323 3052 2375 οὐκ
3093 2317 3162 2392 ἦν
3192 2321 3477 2390 πρότερον,
3511 2320 3638 2373 καθ’

2057 2422 2221 2491 ὑμᾶς,
2247 2418 2406 2472 τοῦτο
2431 2418 2654 2486 γέγονεν
2682 2415 2928 2484 ὕστερον.
2960 2414 3181 2484 Τροπῆς
3208 2412 3265 2465 δὲ
3296 2413 3514 2481 ἁπάσης
3542 2413 3637 2464 καὶ

2057 2511 2398 2572 ἀλλοιώσεως
2451 2509 2800 2570 ἁνεπίδεκτος
2851 2507 2884 2574 ἡ
2941 2505 3060 2558 θεία
3117 2503 3297 2571 φύσις.
3356 2504 3470 2555 Οὐκ
3528 2504 3638 2573 ἄρα

2059 2603 2260 2672 συνέϐη
2293 2601 2372 2672 τῷ
2399 2601 2520 2671 Θεῷ
2551 2600 2610 2652 τὸ
2646 2599 2899 2666 γενέσθαι
2943 2597 3199 2668 Πατέραο
3244 2595 3358 2649 ἀλλ’
3391 2591 3459 2665 ἦν
3491 2595 3641 2665 αὺτῷ

2061 2697 2328 2758 συναῒδιος
2372 2696 2400 2746 6
2446 2695 2506 2758 ἐξ
2553 2693 2719 2748 αὑτοῦ
2754 2690 3034 2762 προελθὼν
3068 2691 3258 2757 Λόγος,
3308 2689 3561 2758 καθάπερ
3605 2691 3638 2759 ἠ

2060 2791 2330 2860 Θερμότης
2360 2791 2418 2842 ἐν
2453 2789 2607 2858 πυρὶ,
2639 2785 2913 2856 γεννητῶς
2953 2783 3012 2847 ἐξ
3049 2782 3212 2835 αὑτοῦ
3244 2782 3507 2850 προϊοῦσα
3545 2783 3642 2834 καὶ

2058 2884 2147 2937 ἀεὶ
2176 2881 2621 2952 συνυπάρχουσα,
2656 2879 2752 2932 καὶ
2780 2880 2844 2930 ὲκ
2878 2876 3058 2947 φωτὸς
3085 2877 3112 2928 6
3146 2875 3275 2946 περὶ
3303 2875 3371 2928 τὰ
3403 2874 3506 2938 ἔξω
3535 2892 3644 2943 φω-

2058 2975 2270 3045 τισμός.

2183 3110 2388 3173 ΑΛΛΟ,
2431 3110 2510 3175 ὡς
2539 3109 2608 3173 ἐξ
2639 3106 3001 3173 ἀντιθέσεως
3038 3105 3158 3160 τῶν
3193 3104 3522 3174 αἱρετικῶν.

2131 3226 2194 3276 Εἰ
2222 3225 2451 3288 τέλειος,
2483 3224 2667 3294 φησὶν,
2700 3223 2846 3274 ἐστιν
2874 3223 2903 3274 6
2933 3219 3125 3290 Πατὴρ
3153 3221 3208 3271 ἐν
3242 3221 3308 3289 τῇ
3335 3219 3512 3290 οἰκείᾳ
3544 3237 3647 3288 με-

2061 3315 2368 3384 γαλειότητι
2417 3315 2511 3367 καὶ
2543 3314 2694 3368 οὐδὲν
2739 3312 2974 3365 ἐλλείπει
3020 3311 3157 3381 πρὸς
3185 3309 3342 3362 τοῦτο
3370 3312 3434 3380 τῇ
3475 3310 3647 3363 αὐτοῦ

2062 3406 2242 3474 φύσει,
2275 3405 2544 3477 περιττῶς
2571 3406 2647 3471 ὡς
2684 3406 2960 3476 πλήρωμα
2997 3404 3096 3473 τῆς
3137 3403 3389 3468 Θεότητος
3419 3403 3588 3457 αὑτοῦ
3618 3405 3670 3457 6.

2062 3500 2191 3562 Υἱὸς
2224 3500 2631 3570 ἐπεισφέρεται.

2553 3703 2710 3772 Πρὸς
2741 3705 2919 3759 τοῦτο
2948 3706 3148 3772 λύσις.

2137 3834 2349 3904 Τέλειος
2395 3834 2493 3902 μὲν
2522 3834 2550 3885 6
2582 3835 2771 3906 Πατὴρ
2805 3836 2861 3886 ἐν
2902 3839 2971 3906 τῇ
3005 3836 3200 3889 ἐαυτοῦ
3235 3837 3611 3908 μεγαλειότητι
3632 3849 3650 3865 ⁶

2068 3924 2160 3976 καὶ
2187 3925 2286 3976 οὐκ
2314 3923 2378 3976 ἄν
2408 3940 2490 3986 τις
2517 3922 2673 3975 τοῦτο
2708 3923 2818 3977 τῶν
2849 3920 2908 3977 εῦ
2946 3924 3284 3994 φρονούντων
3319 3926 3650 3996 ἀρνήσεται·

2068 4015 2270 4076 τέλειος
2300 4014 2375 4075 δὲ,
2405 4015 2502 4082 οὐχ
2531 4015 2611 4066 ὅτι
2645 4014 2802 4084 μόνον
2835 4014 2954 4068 ἐστὶ
2981 4015 3132 4078 Θεὸς,
3163 4015 3276 4068 ἀλλ’
3304 4016 3386 4068 ὅτι
3416 4018 3510 4070 καὶ
3539 4018 3658 4070 Πα-

2068 4109 2192 4176 τήρ.
2229 4107 2290 4158 Εἰ
2316 4105 2422 4175 γὰρ
2447 4105 2668 4173 ἁφέλοις
2697 4106 2790 4159 τοῦ
2822 4106 2958 4159 Θεοῦ
2989 4107 3049 4160 τὸ
3071 4103 3210 4160 εἶναι
3236 4108 3472 4178 Πατέρα,
3506 4110 3660 4163 ἀναι-

2073 4200 2259 4270 ρήσεις
2287 4197 2386 4267 τῆς
2415 4196 2563 4260 Θείας
2600 4199 2813 4267 φύσεως
2847 4200 2905 4252 τὸ
2942 4200 3301 4270 καρπογόνον,
3339 4201 3424 4253 ἵνα
3457 4201 3658 4270 μηκέτι

2070 4290 2129 4343 τὸ
2167 4289 2369 4341 τέλειον
2415 4289 2548 4358 ἔχοι,
2585 4289 2864 4354 λείποντος
2916 4292 3052 4363 αὐτῇ
3102 4291 3197 4346 τοῦ
3251 4295 3465 4363 γεννᾷν.
3512 4292 3661 4345 Γνώ-

2076 4400 2246 4453 ρισμα
2293 4381 2469 4434 τοίνυν
2511 4381 2609 4450 τῆς
2659 4383 3015 4454 τελειότητος,
3064 4388 3096 4455 ὴ
3149 4385 3507 4455 καρπογονία,
3561 4385 3665 4437 καὶ

381 4470 554 4532 ditas,
608 4477 663 4523 et
704 4469 916 4539 signum
985 4469 1129 4536 quod
1182 4467 1400 4523 Patrem
1472 4468 1770 4537 perfectum
1846 4483 1955 4524 esse

2073 4475 2276 4544 σφαγὶς
2302 4473 2377 4543 τῷ
2412 4474 2586 4544 Πατρὶ
2620 4475 2712 4527 τοῦ
2744 4471 2882 4532 εἶναι
2913 4478 3138 4542 τέλειον,
3169 4479 3197 4530 ὁ
3229 4478 3288 4544 ἐξ
3321 4477 3487 4530 αὑτοῦ
3522 4487 3662 4548 προ-

381 4564 638 4629 ostendit,
682 4571 765 4619 est
821 4561 1014 4631 Filius,
1055 4562 1147 4632 qui
1182 4576 1250 4617 ex
1315 4562 1433 4632 ipso
1463 4561 1532 4615 ab
1579 4572 1783 4617 aeterno
1843 4577 1969 4631 pro-

383 4666 569 4712 CBSSIL

1067 4767 1303 4824 ALIUD.

455 4907 512 4961 Si
536 4905 1292 4961 Patris'essentia:fecunditas
1321 4905 1641 4960 naturaliter
1663 4921 1766 4959 non
1812 4905 1972 4970 inest,

384 4999 655 5068 perfectus
697 5013 824 5053 vero
844 5009 923 5053 est
949 5001 1108 5053 etiam
1135 5001 1274 5053 citra
1307 4999 1600 5066 generandi
1635 4997 1969 5061 facultatem,

386 5089 715 5161 superﬂuum
750 5091 914 5161 igitur
976 5101 1135 5159 atque
1195 5092 1558 5145 adventitium
1588 5092 1691 5144 hoc
1715 5092 1764 5145 ei
1831 5091 1976 5145 acci-

387 5183 501 5237 dit:
542 5192 634 5237 aut
664 5184 845 5252 potius
867 5198 930 5236 eo
960 5183 1202 5252 indiguit.
1228 5183 1472 5249 Quonam
1520 5197 1649 5237 vero
1682 5193 1839 5252 pacto
1861 5197 1977 5251 pcr-

389 5277 559 5330 feetus
587 5276 748 5330 fuerit
779 5276 869 5345 qui
897 5277 1077 5344 aliquo
1115 5285 1233 5344 eget
1253 5277 1276 5328 ?
1297 5274 1406 5344 38
1427 5283 1520 5328 aut
1551 5289 1659 5344 quo
1689 5285 1844 5344 pacto
1871 5283 1973 5328 nan

389 5368 679 5422 absurdum
729 5368 802 5422 sit
846 5367 1046 5436 aliquid
1104 5367 1448 5420 extrinsecus
1496 5367 1729 5436 adjicere
1783 5366 1977 5420 divina:

391 5471 618 5524 naturze,
679 5461 898 5529 perinde
957 5475 1020 5513 ac
1068 5460 1112 5513 si
1180 5458 1564 5528 perfectionem
1636 5474 1704 5513 ex
1763 5473 1821 5513 se
1861 5461 1976 5528 ipsa

392 5570 496 5607 non
531 5533 776 5606 habeat?
838 5550 1108 5606 Naturalis
1171 5552 1351 5620 itaque
1398 5560 1480 5605 est
1538 5550 1686 5605 Patri
1730 5551 1975 5606 fecundi-

392 5657 476 5700 tas
509 5686 522 5709 ,
557 5655 720 5712 atque
759 5646 877 5700 ideo
903 5646 1172 5716 perfectus
1214 5651 1335 5713 cst,‘
1363 5645 1506 5715 quod
1541 5646 1725 5715 genuit
1781 5645 1977 5701 nullius

394 5740 517 5797 boni
558 5739 785 5808 indigus.

2073 4563 2241 4617 ελθὼν
2268 4565 2336 4633 ἁχ
2347 4563 2512 4633 ρόνως
2541 4564 2688 4627 Υἱός.

2765 4754 2968 4807 ΑΛΛΟ.

2145 4907 2208 4959 El
2244 4905 2319 4976 μὴ
2353 4903 2493 4957 κατὰ
2521 4902 2681 4972 φύσιν
2715 4902 2974 4973 πρόσεστι
3008 4903 3072 4971 τῇ
3120 4899 3212 4953 τοῦ
3247 4897 3458 4969 Πατρὸς
3499 4897 3665 4968 οὐσίᾳ.

2072 4998 2133 5050 τὸ
2162 4996 2521 5066 καρπογόνον,
2550 4993 2754 5056 τέλειος
2801 4993 2859 5045 δέ
2891 4993 3004 5044 ἐστι
3047 4991 3139 5044 καὶ
3183 4991 3304 5061 δίχα
3353 4989 3449 5043 τοῦ
3495 4990 3666 5043 δύνα-

2077 5089 2200 5141 σθαι
2231 5088 2445 5158 γεννᾷν,
2483 5085 2734 5154 περιττὸν
2757 5085 2866 5154 ἄρα
2893 5084 2988 5136 καὶ
3017 5082 3336 5135 ἐπείσακτον
3364 5081 3668 5149 ἐγγέγονεν

2075 5186 2224 5256 αὐτῷ
2247 5184 2420 5238 τοῦτο·
2458 5179 2736 5252 μᾶλλονδὲ
2772 5177 2963 5248 ἐδεήθη
2994 5175 3206 5229 τούτου.
3249 5175 3359 5228 Καὶ
3391 5173 3508 5236 πῶς
3543 5173 3670 5225 ἐστι

2076 5254 2276 5339 τέλειος
2303 5279 2330 5329 6
2350 5275 2558 5346 δεηθείς
2583 5290 2760 5338 τινος;
2799 5271 2916 5334 πῶς
2945 5270 3003 5324 δὲ
3033 5254 3133 5323 οῦκ
3159 5269 3356 5322 ἄτοπον
3389 5267 3449 5320 τὸ
3475 5269 3672 5319 ἐπεισ-

2077 5370 2306 5439 άγεσθαί
2330 5387 2383 5422 τι
2412 5371 2477 5439 τῇ
2509 5368 2630 5438 Θείᾳ
2661 5365 2844 5434 φύσει,
2877 5365 2952 5428 ὼς
2981 5364 3080 5416 οὐκ
3110 5362 3310 5434 ἐχούσῃ
3355 5359 3417 5412 τὸ
3451 5359 3670 5411 τέλειον

2076 5464 2134 5530 ἐξ
2157 5464 2385 5533 ἐαυτῆς;
2412 5459 2642 5513 Φυσικὸν
2668 5455 2758 5512 οὖν
2786 5457 2863 5528 τῷ
2887 5457 3064 5526 Πατρὶ
3089 5454 3152 5508 τὸ
3177 5451 3535 5524 καρπογόνον,
3570 5451 3671 5504 καὶ

2077 5556 2165 5609 διὰ
2193 5555 2350 5608 τοῦτο
2375 5552 2604 5617 τέλειος,
2643 5552 2720 5604 ὅτι
2753 5550 2845 5604 καὶ
2876 5549 3092 5603 τέτοκεν
3132 5547 3345 5610 οὐδενὸς
3370 5544 3478 5598 τῶν
3518 5545 3670 5613 ἁγα‹

2080 5647 2188 5700 Οῶν
2226 5647 2564 5717 λειπόμενος.
