3876 6208
249 371 327 428 65
1668 365 2116 424 THESAURUS.
3449 366 3519 420 66

621 485 824 549 ΑΛΛΟ,
857 480 1451 551 διηγηματικώτερον.

2304 504 2308 509 '
2394 483 2606 541 ALIUD
2635 523 2650 548 ,
2677 484 3007 552 explicatius.

319 600 382 653 Εί
408 597 611 660 τέλειός
637 599 783 650 ἐστιν
803 597 831 648 6
859 594 1048 665 Πατὴρ
1077 595 1134 646 ἐν
1159 597 1224 664 τῇ
1247 592 1413 646 αὐτοῦ
1447 592 1827 662 μεγαλειότητι

2003 594 2059 648 Si
2090 592 2360 663 perfectus
2396 605 2481 650 est
2527 595 2686 650 Pater
2716 595 2768 649 in
2833 611 2928 649 sua
2977 594 3262 666 majestate
3305 596 3518 652 etiamsi

245 691 352 743 κᾶν
386 689 589 760 μηδένα
621 685 832 756 καρπὸν
869 683 968 756 ἕχῃ
1001 682 1123 735 καθ’
1157 683 1321 752 ὑμᾶς,
1352 680 1552 747 ἔξωθεν
1583 679 1689 750 ἄρα
1733 681 1826 733 καὶ

243 784 347 838 οὐκ
376 784 440 834 ὲκ
469 781 570 850 τῆς
598 779 782 842 οὐσίας
810 776 975 831 αὑτοῦ
1014 777 1239 844 γέγονεν
1269 777 1297 828 6
1339 775 1486 838 Υἱὸς,
1518 773 1706 844 ὥσπερ
1735 774 1828 826 καὶ

242 878 314 931 τὰ
340 877 649 944 ποιήματα·
691 871 921 942 περιττὴ
960 869 1017 922 δὲ
1049 869 1177 932 ἴσως
1215 869 1307 920 καὶ
1337 868 1456 920 οὐδὲ
1501 867 1634 930 ὅλως
1659 867 1826 933 ἀναγ-

244 968 379 1021 καία
415 969 448 1036 ἡ
492 967 571 1029 είς
611 964 672 1017 τὸ
703 959 842 1016 εἶναι
890 961 1118 1031 πάροδος
1151 959 1337 1026 αὐτοῦ,
1383 959 1633 1030 καθάπερ
1668 961 1701 1026 ἡ
1735 960 1827 1011 ἁν-

245 1059 482 1131 Θρώπων
511 1059 671 1128 τυχὸν
699 1057 793 1110 καὶ
821 1058 854 1125 ἠ
875 1055 984 1107 τῶν
1012 1055 1185 1108 ἄλλων
1213 1053 1552 1124 ποιημάτων.
1588 1054 1696 1104 Καὶ
1718 1051 1826 1122 γὰρ

244 1151 344 1203 καὶ
393 1150 519 1219 πρὶν
555 1148 714 1218 ἡμῶν
757 1145 1034 1215 γενέσθαι,
1065 1141 1132 1215 ἦν
1165 1144 1322 1197 τοῦτο
1367 1144 1500 1206 Θεὸς
1545 1143 1680 1214 ὅπερ
1731 1144 1826 1195 νῦν

244 1244 383 1305 ἐστι,
416 1243 509 1294 καὶ
535 1240 841 1310 γενομένων
866 1238 1045 1309 ἡμῶν,
1075 1240 1132 1290 ἐν
1154 1237 1436 1307 ταυτότητι
1462 1235 1631 1306 μένει.
1663 1235 1828 1287 Οὐδὲν

183 1392 188 1395 μ
246 1335 359 1403 γὰρ
381 1334 528 1400 αὐτῷ
565 1331 929 1401 προστίθεμεν
970 1332 1034 1382 ἐκ
1078 1328 1172 1383 τοῦ
1201 1330 1278 1398 μὴ
1307 1328 1459 1391 ὄντος
1499 1330 1578 1391 είς
1604 1328 1663 1380 τὸ
1688 1324 1826 1380 εἶναι

244 1424 596 1494 καλούμενοι·
646 1421 768 1475 οὔτε
817 1422 920 1492 μὴν
971 1419 1392 1491 ἀφαιρησόμεθα
1433 1437 1486 1471 τι
1534 1420 1632 1489 τὴν
1679 1419 1826 1472 θείαν

244 1515 410 1584 φύσιν
448 1513 634 1574 αὑτοῦ,
680 1512 831 1565 οῦπω
869 1513 930 1564 τὸ
970 1509 1107 1564 εἶναι
1153 1510 1428 1580 λαχόντες.
1473 1510 1686 1579 ’Ὠσπερ
1731 1505 1823 1562 οῦν

242 1608 425 1677 ἡμεῖς,
478 1605 661 1675 ἐπειδὴ
714 1603 1078 1673 πεποιήμεθα,
1129 1602 1287 1671 χάριν
1345 1601 1539 1670 ἔχομεν
1591 1599 1668 1669 τῷ
1717 1602 1824 1670 Δη-

247 1697 516 1770 μιουργῷ,
563 1695 892 1766 ὁμολογείτω
921 1695 1015 1746 καὶ
1065 1695 1093 1745 ὁ
1146 1692 1305 1754 Υἱός·
1347 1692 1440 1744 καὶ
1488 1690 1627 1743 ἔστω
1660 1691 1823 1744 πάλιν

243 1791 380 1860 ἡμῖν
415 1791 514 1842 κάν
541 1787 717 1856 τούτῳ
748 1785 1153 1854 παραπλήσιος,
1186 1782 1385 1847 ἔξωθεν
1418 1783 1509 1834 καὶ
1537 1782 1699 1844 αὐτὸς
1735 1799 1824 1850 γε-

1935 686 2196 741 fecundus
2237 702 2342 741 non
2373 688 2464 752 sit,
2488 697 2546 740 ut
2572 703 2665 742 vos
2696 687 3017 754 epiuamini,
3055 697 3110 741 et
3141 689 3481 743 extrinsecus
3503 731 3517 751 ,

1941 795 2047 833 non
2073 789 2251 832 autem
2286 796 2351 834 ex
2388 779 2503 847 ejus
2529 780 2762 834 essentia
2810 779 2984 833 factus
3028 789 3112 833 est
3144 780 3333 845 Filius,
3380 781 3520 834 sicut

1935 883 1986 924 et
2021 883 2320 926 creaturae:
2354 870 2622 940 superﬂua
2656 870 2818 925 fuerit
2853 885 3026 939 neque
3062 873 3283 925 omnino
3329 887 3519 926 neces-

1934 963 2075 1016 saria
2099 962 2213 1027 ejus
2244 965 2308 1015 ad
2331 975 2452 1016 esse
2483 962 2783 1029 productio,
2827 961 3277 1028 quemadmodum
3343 962 3520 1016 homi-

1935 1067 2061 1104 num
2120 1051 2262 1105 [οι-ιε
2319 1061 2374 1104 et
2429 1051 2660 1104 aliarum
2732 1063 3129 1106 creaturarum.
3194 1052 3517 1121 Priusquam

1933 1143 2075 1196 enim
2112 1157 2209 1195 nos
2242 1157 2572 1205 crearentur,
2601 1143 2739 1197 Deus
2771 1143 2821 1196 id
2854 1144 3027 1212 ipsum
3059 1153 3176 1197 erat
3206 1145 3348 1212 quod
3378 1160 3521 1199 nunc

1931 1244 2036 1296 est,
2069 1241 2123 1286 et
2161 1235 2358 1287 creatis
2389 1233 2543 1286 nobis
2569 1233 2709 1286 idem
2746 1227 3064 1301 permansit.
3101 1234 3245 1288 Nihil
3275 1236 3420 1288 enim
3467 1237 3520 1290 ei

1932 1327 2235 1380 addidimus
2261 1341 2325 1378 ex
2347 1327 2513 1380 nihilo
2545 1327 2611 1379 ad
2643 1341 2765 1380 esse
2798 1327 3028 1381 traducti
3057 1343 3071 1390 ;
3120 1343 3295 1396 neque
3358 1329 3517 1397 quid-

1931 1433 2091 1487 quam
2157 1418 2353 1471 divina:
2427 1417 2544 1486 ejus
2622 1429 2828 1472 naturze
2880 1420 3226 1474 detrahemus
3283 1423 3518 1476 nondunt

1932 1509 2205 1561 consecuti
2244 1517 2302 1560 ut
2339 1508 2530 1561 simus.
2579 1507 3041 1573 Quemadmodum
3077 1510 3239 1577 igitur
3274 1525 3370 1564 nos
3389 1526 3518 1580 grato

1933 1601 2035 1653 tias
2057 1601 2263 1664 agimus
2291 1600 2556 1662 Creatori,
2589 1604 2731 1668 qnod
2758 1599 2884 1653 facti
2915 1616 3124 1665 sumus,
3159 1599 3328 1654 Filius
3377 1616 3518 1670 quo-

1931 1706 2036 1759 que
2060 1692 2311 1745 similiter
2333 1701 2487 1760 agat:
2510 1692 2804 1760 eademque
2831 1693 3037 1745 ratione
3061 1703 3331 1747 statuatur
3355 1696 3517 1749 etiam

1933 1782 2087 1835 nobis
2121 1783 2335 1845 similis,
2356 1781 2606 1836 nimirum
2631 1785 2991 1849 extrinsecus,
3015 1785 3156 1839 sicut
3174 1800 3291 1850 nos,
3321 1785 3513 1839 factus.

242 1881 440 1950 γονὼς,
473 1879 724 1949 καθάπερ
752 1881 931 1948 ἡμεῖς.
975 1876 1114 1928 Ἀλλ’
1161 1875 1276 1926 ἐστι
1309 1873 1466 1926 τοῦτο
1507 1873 1666 1944 βυθὸς
1699 1873 1816 1927 δυσ-

1937 1874 2197 1926 thterum
2234 1874 2348 1926 hcce
2377 1883 2434 1926 ut
2463 1891 2674 1928 summa
2707 1875 3043 1943 blasphemia
3071 1877 3386 1930 detestanda
3417 1892 3517 1930 no-

243 1972 477 2043 φημίας.
537 1970 762 2037 Φεύγειν
807 1965 899 2021 οῦν
945 1969 1241 2034 ἀναγκαῖον
1277 1964 1428 2026 αὐτὸ,
1471 1965 1564 2018 καὶ
1592 1963 1669 2032 τῷ
1705 1980 1825 2031 γεν-

242 2067 447 2134 νήματι
493 2061 688 2126 σώζειν
732 2059 794 2112 τὸ
841 2063 905 2112 ἐκ
951 2060 1048 2128 τῆς
1079 2057 1172 2111 τοῦ
1217 2055 1605 2126 γεγεννηκότος
1639 2055 1823 2117 οὐσίας

242 2155 512 2224 ὑπάρχειν
535 2168 546 2179 ·
586 2151 728 2204 οὕτω
761 2149 866 2219 γὰρ
898 2149 962 2202 ἂν
991 2150 1076 2218 εἴη
1102 2147 1195 2200 καὶ
1223 2146 1490 2215 γέννημα.
1539 2145 1823 2214 Ἀγένητος

242 2246 302 2298 δὲ
352 2247 384 2314 ἡ
433 2243 589 2296 οὐσία
636 2241 729 2293 τοῦ
779 2241 1026 2312 Πατρὸς’
1067 2239 1328 2308 ἀγένητον
1363 2237 1472 2306 ἄρα
1516 2237 1611 2289 καὶ
1658 2236 1720 2290 τὸ
1766 2235 1824 2299 ἐξ

243 2336 416 2404 αὐτῆς
446 2335 736 2404 προελθὸν,
769 2333 1046 2386 τουτέστιν
1079 2333 1106 2384 ὁ
1136 2331 1282 2393 Υἱός.

383 2449 584 2507 ΑΛΛΟ.
620 2449 700 2512 ὡς
729 2447 797 2511 ἐξ
825 2444 1181 2510 ἀντιθέσεως
1219 2442 1340 2496 τῶν
1369 2442 1692 2511 αἱρηικῶν.

316 2544 390 2592 UL)
417 2541 654 2605 πάντως,
689 2541 841 2609 φησι,
866 2539 952 2592 διὰ
972 2539 1031 2591 τὸ
1064 2533 1204 2589 εἶναι
1228 2535 1589 2606 καρπογόνον,
1615 2533 1821 2596 τέλειός
1878 2596 1887 2606 ⁸

243 2632 394 2682 ἐστιν
425 2634 453 2683 6
481 2632 631 2694 Θεὸς.
674 2631 833 2683 Ἀλλὰ
861 2630 991 2693 Θεὸς
1018 2629 1114 2693 ὢν,
1147 2628 1241 2681 καὶ
1283 2628 1372 2681 διὰ
1405 2627 1562 2680 τοῦτο
1593 2628 1818 2692 τέλειος,

243 2724 434 2792 γέγονε
461 2725 555 2776 καὶ
589 2724 798 2793 Πατήρ.

739 2835 892 2901 Πρός
922 2832 1096 2886 τοῦτο
1134 2833 1334 2898 λύσις.

316 2929 519 2982 Εἴπατε
544 2925 829 2998 τοιγαροῦν
859 2927 990 2995 ἡμῖν
1020 2925 1068 2976 οἱ
1096 2922 1230 2992 πρὸς
1263 2919 1530 2991 τοσαύτην
1567 2918 1820 2972 ἀσέϐειαν

243 3021 515 3076 ἐκϐαίνειν
562 3021 622 3072 οῦ
659 3017 1108 3088 παραιτούμενοι,
1148 3017 1196 3067 εί
1242 3012 1534 3083 ἐπισυνέϐη
1584 3010 1661 3081 τῷ
1701 3010 1819 3080 Θεῷ

243 3114 306 3168 τὸ
325 3111 578 3182 γενέσθαι
607 3111 844 3178 Πατέρα,
871 3108 920 3160 τί
947 3104 1013 3179 ἦν
1043 3106 1150 3177 ἄρα
1175 3106 1303 3176 πρὶν
1333 3105 1556 3173 γένηται
1590 3103 1815 3171 Πατήρς

1932 1965 2015 2019 his
2041 1974 2142 2027 est,
2178 1976 2229 2018 et
2253 1966 2508 2034 genimini
2543 1968 3021 2022 hoc'trihuemlum
3057 1976 3161 2030 est,
3189 1977 3247 2021 ut
3302 1983 3368 2023 ex
3407 1968 3518 2022 Ge-

1933 2058 2123 2111 nitoris
2177 2058 2408 2110 essentia
2486 2060 2732 2112 exsistat.
2797 2059 2888 2113 Sic
2935 2059 3079 2112 enim
3130 2059 3293 2113 etiam
3365 2061 3518 2130 geni-

1934 2167 2056 2204 meu
2113 2150 2295 2204 fuerit.
2343 2149 2458 2204 Non
2519 2161 2601 2205 est
2666 2161 2844 2206 autem
2919 2153 3056 2206 facta
3121 2154 3354 2207 essentia
3411 2153 3516 2207 Pa-

1932 2243 2030 2296 tris
2063 2260 2076 2307 ;
2108 2258 2236 2313 ergo
2282 2258 2381 2297 nec
2435 2244 2486 2296 id
2538 2247 2681 2314 quod
2729 2260 2793 2298 ex
2847 2258 2908 2298 ea
2953 2244 3237 2314 procedit,
3286 2245 3387 2299 hoc
3433 2253 3519 2300 est

1929 2330 2118 2385 Filius.

2177 2446 2389 2502 ALIUD
2410 2487 2426 2510 ,
2463 2463 2528 2501 ex
2561 2447 2846 2516 objectione
2876 2446 3262 2500 hmreticorum.

2001 2536 2118 2592 Non
2155 2539 2208 2591 in
2243 2543 2576 2604 universum,
2610 2539 2876 2608 inquiunt.
2914 2539 3040 2607 quia
3093 2538 3355 2592 fecundus
3405 2549 3510 2604 est,

1929 2629 2204 2698 perfectus
2241 2641 2323 2684 est
2358 2632 2516 2686 Deus.
2551 2630 2656 2686 Sed
2703 2631 2842 2684 Deus
2869 2647 2992 2685 cum
3044 2630 3135 2696 sit,
3181 2642 3342 2700 atque
3365 2631 3434 2687 ob
3464 2633 3516 2687 id

1931 2721 2226 2789 perfectus,
2254 2722 2430 2776 factus
2459 2731 2542 2776 est
2562 2723 2727 2776 etiam
2756 2720 2938 2775 Pater.

2611 2833 2840 2888 Salutio.

2002 2925 2172 2980 Dicite
2202 2941 2330 2995 ergo
2365 2918 2520 2979 nobis
2547 2926 2714 2995 quiin
2765 2935 2969 2980 tantam
2995 2925 3330 2994 impietatem
3379 2943 3506 2997 pro-

1929 3035 2179 3088 rumpere
2208 3035 2311 3072 non
2343 3018 2622 3081 veremini,
2653 3017 2698 3070 si
2747 3017 2849 3071 hoc
2884 3027 3063 3084 postea
3121 3018 3352 3072 accessit
3409 3019 3515 3073 Deo

1929 3121 1985 3162 ut
2011 3109 2172 3161 Pater
2220 3109 2393 3172 ﬁeret,
2437 3107 2562 3174 quid
2590 3116 2708 3160 erat
2743 3107 3056 3174 priusquam
3117 3105 3272 3160 ﬁeret
3303 3107 3516 3162 Pater?

245 3209 322 3260 Τὸ
354 3207 460 3275 γὰρ
485 3205 622 3267 ὅλως
647 3203 726 3267 δν,
760 3203 873 3255 ἐστι
903 3219 954 3253 τι
990 3201 1206 3262 πάντως
1225 3214 1239 3228 ο
1261 3198 1294 3269 ἢ
1328 3199 1436 3268 γὰρ
1455 3196 1702 3264 λέγοντες
1725 3195 1823 3247 οὐκ

1937 3198 2067 3252 Nam
2097 3200 2147 3252 id
2183 3199 2324 3267 quod
2347 3206 2450 3261 est,
2484 3198 2684 3267 aliquid
2713 3199 2934 3252 omnino
2961 3198 3030 3250 sit
3059 3207 3302 3267 oportet;
3346 3209 3439 3252 aut
3468 3197 3515 3253 si

243 3295 387 3352 εἷναί
421 3314 550 3352 ποτε
584 3295 802 3364 Πατέρα
844 3294 934 3346 τὸν
973 3292 1124 3354 Θεὸν,
1181 3289 1478 3360 μαχόμενοι
1511 3289 1709 3350 πάσαις
1738 3288 1826 3338 εὑ-

248 3387 545 3462 ρεθήσεσοε
569 3389 689 3449 ταῖς
719 3386 961 3455 Γραφαῖς
985 3400 996 3411 ·
1031 3384 1092 3435 οὺ
1121 3381 1231 3451 γὰρ
1261 3382 1408 3433 ίσασι
1438 3379 1527 3432 τὸν
1558 3379 1692 3431 Θεὸν
1728 3380 1828 3431 οὐκ

245 3484 377 3534 ὸντα
400 3479 618 3548 Πατέρα
638 3493 652 3506 ·
682 3477 714 3546 ῆ
745 3477 839 3529 καὶ
878 3474 1033 3528 αὐτοὶ
1063 3469 1471 3542 συγχωροῦντες
1501 3469 1829 3538 ἐνυπάρχειν

248 3573 341 3627 ἀεὶ
367 3571 444 3642 τῷ
475 3571 593 3640 Θεῷ
620 3570 719 3638 τὴν
752 3567 848 3620 τοῦ
891 3565 1105 3636 Πατρὸς
1139 3563 1476 3633 ἐπωνυμίαν,
1516 3553 1828 3629 ἀναγκαίως

248 3663 401 3733 αὐτῷ
444 3664 502 3716 τὸ
528 3663 585 3728 ἐξ
614 3658 782 3713 αὑτοῦ
835 3657 1218 3710 συνεισοίσετε.
1267 3656 1341 3709 Οὐ
1377 3654 1484 3725 γὰρ
1519 3653 1586 3706 ἂν
1619 3652 1828 3720 λέγοιτο

250 3755 441 3826 Πατὴρ
477 3755 576 3808 οὐκ
609 3753 759 3815 ὗντος
792 3749 944 3802 Υίοῦ.

937 3929 1142 3983 ΑΛΔΟ.

326 4052 387 4103 Εἰ
430 4049 571 4119 μέγα
601 4065 653 4100 τι
687 4043 1006 4116 χαρίζεσθαι
1040 4040 1354 4112 νομίζουσιν
1387 4042 1435 4094 oi
1471 4039 1826 4111 χριστομάχΟι

249 4142 331 4210 τῷ
364 4111 777 4210 ΘεῷξὶΠατέ-ρα.
825 4137 921 4205 μὲν
970 4134 1028 4201 ἐξ
1075 4111 1249 4204 ἀρχῆς
1300 4134 1398 4202 οὐχ
1442 4131 1826 4202 ὁμολογοῦντες

250 4233 436 4297 αὑτὸν,
476 4231 608 4282 Θεὸν
637 4229 694 4281 δὲ
725 4224 860 4280 εἶναι
905 4226 1158 4288 διδόντες.
1203 4224 1547 4277 ἀκουέτωσαν
1579 4225 1659 4276 ὅτι
1709 4223 1827 4274 λίαν

253 4325 555 4395 ὑϐρίζουσι,
581 4322 904 4392 πράγματος
937 4317 1358 4386 ἁξιολογωτέρου
1385 4315 1482 4385 τὴν
1512 4314 1660 4366 Θείαν
1693 4316 1827 4366 ἁπο-

253 4417 572 4487 στῖροῦντες
607 4413 788 4484 φύσιν.
823 4412 953 4474 Θεὸς
1002 4410 1100 4480 μὲν
1133 4409 1242 4478 γὰρ
1281 4407 1356 4470 ὡς
1388 4407 1522 4476 πρὸς
1564 4405 1631 4459 τὰ
1667 4404 1828 4457 δοῦλα

1930 3307 2036 3346 non
2071 3305 2192 3345 esse
2219 3291 2436 3344 Patrem
2467 3291 2633 3344 Deum
2665 3291 2881 3355 dicatis,
2922 3291 3173 3345 omnibus
3201 3291 3377 3344 sacris
3405 3290 3516 3344 Lit-

1933 3379 2061 3432 teris
2091 3393 2388 3448 repuguare
2413 3377 2927 3446 deprehendemini:
2984 3395 3159 3447 neque
3212 3382 3356 3432 enim
3412 3381 3516 3435 illae

1929 3477 2226 3533 agnoscunt
2266 3466 2450 3530 Deum,
2493 3466 2582 3534 qui
2617 3466 2774 3520 Pater
2804 3484 2908 3522 non
2949 3469 3018 3522 sit
3044 3485 3060 3533 ;
3085 3477 3179 3523 aut
3207 3469 3250 3522 si
3285 3485 3381 3524 vos
3411 3471 3514 3539 ipsi

1929 3559 2229 3612 conceditis
2262 3573 2478 3627 semper
2511 3560 2690 3612 inesse
2714 3559 2822 3613 Deo
2847 3559 3024 3614 Patris
3073 3561 3513 3630 appellationem,

1931 3650 2238 3704 necessario
2298 3651 2460 3704 etiam
2519 3651 2570 3704 id
2617 3650 2758 3720 quod
2819 3666 2884 3704 ex
2956 3654 3072 3719 ipso
3151 3654 3396 3722 procedit
3461 3654 3515 3709 ei

1931 3741 2200 3794 tribuetis.
2253 3740 2438 3810 Neque
2491 3742 2634 3796 enim
2685 3740 2845 3796 Pater
2895 3741 3003 3796 dici
3059 3751 3238 3810 potest
3281 3757 3390 3798 non
3419 3759 3515 3798 ex-

1931 3833 2173 3887 sistcutis
2197 3832 2346 3887 Filii.

2558 3921 2668 3992 39
2707 3919 2939 3976 ALIUD.

2003 4036 2058 4091 Si
2083 4036 2319 4091 haeretici
2359 4036 2536 4106 magni
2567 4035 2767 4105 aliquid
2793 4049 2914 4090 sese
2941 4034 3178 4090 tribuere
3195 4033 3304 4090 Deo
3327 4034 3514 4090 existi-

1930 4141 2100 4192 mant,
2126 4131 2266 4198 quod
2304 4129 2516 4183 Patrem
2547 4129 2718 4200 ipsum
2746 4130 2814 4183 ab
2846 4129 2998 4182 initio
3046 4127 3213 4182 fuisse
3272 4141 3468 4198 negent
3491 4168 3511 4196 ,

1931 4223 2096 4276 Deum
2124 4221 2338 4275 interim
2375 4236 2494 4276 esse
2521 4220 2873 4284 conﬁtentes,
2910 4221 3018 4274 imo
3070 4235 3264 4288 magna
3320 4232 3510 4276 contu-

1933 4315 2089 4368 melia
2121 4329 2240 4368 sese
2264 4330 2386 4368 eum
2423 4312 2634 4368 aliieere
2662 4315 2906 4375 credant,
2939 4327 3063 4364 cum
3120 4313 3353 4367 divinam
3411 4331 3510 4367 ua-

1935 4417 2104 4461 turam
2138 4408 2381 4477 digniore
2421 4406 2574 4460 titulo
2602 4407 2834 4475 privant.
2872 4404 3004 4457 Nam
3041 4412 3098 4458 ut
3131 4404 3271 4459 Deus
3295 4405 3513 4461 relatio.

251 4511 351 4563 καὶ
373 4508 442 4561 τὰ
467 4506 700 4577 γενητὴν
734 4503 924 4574 ἔχοντα
964 4502 1062 4573 τὴν
1091 4501 1277 4554 οὐσίαν
1316 4499 1428 4570 ἔχει
1459 4499 1556 4570 τὴν
1603 4500 1786 4570 σχέσιν
1811 4514 1823 4528 ·

1937 4515 2053 4552 ncm
2090 4498 2250 4553 habet
2276 4499 2342 4552 ad
2377 4497 2590 4552 servilia
2621 4507 2676 4551 et
2702 4505 2939 4550 creatam
2993 4496 3349 4550 substantiam
3408 4499 3506 4552 ha-

253 4599 446 4670 Πατὴρ
489 4599 546 4652 δὲ
575 4598 648 4660 ὡς
697 4597 832 4666 πρὸς
866 4594 1013 4648 Υίὸν.
1054 4594 1318 4662 Λέγοντες
1349 4592 1526 4645 τοίνυν
1566 4593 1648 4644 ὅτι
1695 4591 1826 4654 Θεὸς

257 4693 359 4764 μὲν
391 4688 458 4764 ἦν
492 4689 749 4759 ἐξαρχῆς,
781 4687 934 4740 οῦπω
981 4685 1039 4737 δὲ
1083 4684 1177 4736 καὶ
1210 4684 1419 4754 Πατὴρ,
1465 4682 1561 4751 τὴν
1595 4682 1731 4752 πρὸς
1759 4683 1828 4734 τὰ

251 4789 417 4843 δοῦλα
469 4785 652 4855 σχέσιν
701 4782 1074 4853 προσάπτουσι
1121 4777 1198 4846 τῷ
1250 4777 1386 4848 Θεῷ,
1434 4777 1528 4830 τοῦ
1587 4777 1829 4847 μείζονος

254 4877 686 4948 ἀποστεροῦντες
713 4873 876 4927 αὐτόν
895 4888 908 4900 ⁸
945 4874 1194 4941 κρεῖττον
1229 4869 1338 4940 γὰρ
1367 4868 1426 4922 τὸ
1462 4870 1680 4937 Πατέρα
1707 4885 1830 4937 γεν-

255 4975 498 5040 νήματος
551 4964 708 5029 εἶναι,
761 4964 854 5017 καὶ
881 4963 1153 5026 τοσοῦτον,
1192 4963 1300 5031 ὅσῳ
1353 4961 1653 5030 ποιήματος
1707 4959 1830 5022 Υἱὸς

256 5062 525 5132 διαφέρει.
591 5056 888 5128 Ἐφ’ἡμῶν
943 5054 1042 5126 μὲν
1107 5055 1214 5125 γὰρ
1247 5054 1494 5122 λέγεται’
1554 5071 1572 5105 σ
1639 5052 1830 5122 Ἡμεῖς

258 5156 387 5218 λαὸς
421 5153 588 5223 νομῆς
611 5149 798 5211 αὑτοῦ,
831 5148 923 5200 καὶ
950 5146 1194 5216 πρόϐατα
1227 5145 1407 5216 χειρὸς
1433 5143 1618 5198 αὑτοῦ.
1649 5163 1666 5194 ι
1694 5145 1830 5214 Περὶ

257 5247 318 5302 δὲ
351 5246 478 5298 Υίοῦ
499 5262 513 5276 ·
553 5264 571 5295 ι
620 5244 716 5306 ’ος
745 5243 802 5293 ἐν
836 5242 1014 5310 μορφῇ
1049 5237 1181 5291 Θεοῦ
1213 5239 1490 5308 ὑπάρχων,
1522 5238 1619 5306 οὐχ
1654 5238 1832 5307 ἁρπα-

257 5339 400 5408 γμὸν
431 5338 677 5407 ἡγήσατο
709 5333 769 5385 τὸ
820 5328 956 5384 εἶναι
1007 5334 1096 5382 ἴσα
1124 5330 1275 5401 Θεῷ·
1315 5347 1334 5379 ›
1369 5329 1463 5382 καὶ
1495 5329 1654 5382 πάλιν
1695 5327 1832 5399 πρὸς

257 5429 422 5486 αὐτόν
445 5445 456 5458 ·
491 5447 508 5478 t
540 5425 722 5480 Κάθου
755 5425 817 5475 ἐκ
844 5421 1034 5488 δεξιῶν
1059 5438 1179 5491 μου.
1221 5438 1239 5472 ι
1279 5420 1418 5488 ’Ὁση
1447 5421 1529 5483 τίς
1561 5416 1652 5473 οὖν
1686 5422 1832 5472 ἐστιν

259 5520 294 5586 ἡ
328 5515 560 5585 διαφορὰ
590 5513 891 5584 ποιήματος
923 5511 1019 5562 καὶ
1055 5509 1204 5574 Υίοῦ,
1237 5509 1351 5580 ,καὶ
1388 5507 1476 5562 διὰ
1513 5508 1715 5562 τούτων
1760 5510 1835 5561 εί-

261 5607 489 5678 σέμεθα.

332 5804 376 5834 ³⁸
416 5802 556 5859 Psal.
600 5819 744 5867 χαι,
785 5805 837 5860 3.

1934 4591 2155 4645 bentia:
2193 4590 2265 4642 ila
2303 4589 2464 4644 Pater
2522 4590 2586 4642 ad
2643 4589 2863 4642 Filiutn.
2913 4585 3048 4640 Cum
3099 4587 3280 4649 itaque
3325 4588 3512 4656 dicun;

1929 4685 2093 4737 Deum
2132 4684 2346 4750 quidem
2380 4685 2447 4737 ab
2489 4683 2645 4737 initio
2677 4681 2974 4754 exstitisse,
3000 4680 3213 4735 Patrem
3240 4696 3369 4736 vero
3404 4698 3510 4737 non

1930 4775 2080 4837 item,
2113 4775 2570 4843 comparationem
2634 4775 2750 4827 sive
2792 4772 3106 4826 relationem
3168 4775 3234 4826 ad
3294 4773 3508 4827 servilia

1931 4866 2040 4919 Deo
2066 4866 2493 4927 accommodant,
2528 4867 2902 4936 prazstautiore
2943 4865 3208 4919 relatione
3238 4879 3361 4918 eum
3393 4866 3506 4934 pri-

1935 4969 2127 5012 vantes
2157 4975 2170 5010 :
2203 4959 2548 5027 priestantius
2575 4959 2716 5012 enim
2746 4966 2828 5010 est
2855 4956 3066 5010 Patrem
3085 4957 3374 5024 geniminis
3389 4971 3510 5010 esse

1936 5058 1990 5101 et
2019 5050 2234 5117 quidem
2268 5059 2436 5110 tanto,
2474 5059 2672 5116 quanto
2704 5048 2870 5102 Filius
2893 5056 3140 5101 creatura
3185 5057 3267 5100 est
3325 5047 3509 5102 excel-

1938 5140 2151 5194 lentior.
2183 5140 2316 5194 Nam
2343 5141 2410 5195 de
2436 5141 2592 5195 nobis
2617 5141 2840 5193 dicitur:
2863 5160 2881 5190 σ
2911 5140 3021 5192 Nos
3042 5138 3269 5208 populus
3296 5153 3509 5206 pascua:

1937 5230 2072 5304 ejus,
2103 5241 2157 5284 et
2188 5245 2314 5285 oves
2342 5246 2531 5285 manus
2563 5246 2673 5284 suae
2701 5231 2802 5282 ⁵⁵.»
2840 5231 2914 5284 De
2947 5229 3081 5283 Filio
3111 5238 3287 5282 autem
3309 5246 3322 5282 :
3347 5247 3366 5279 ι
3404 5229 3506 5295 Qui

1929 5337 2050 5377 cum
2087 5331 2227 5377 esset
2268 5325 2320 5377 in
2353 5323 2521 5376 forma
2557 5322 2673 5388 Dei,
2697 5337 2803 5375 non
2839 5322 3082 5390 rapinam
3109 5319 3512 5376 estarbitratus

1929 5428 1988 5468 se
2011 5429 2130 5468 esse
2159 5415 2421 5484 mqualem
2461 5413 2571 5468 Deo
2619 5415 2664 5446 ⁸⁸
2698 5430 2712 5477 ;
2750 5432 2767 5465 ι
2825 5422 2881 5466 et
2915 5427 3124 5466 rursum
3168 5411 3233 5465 ad
3286 5412 3506 5480 ipsum:

1937 5522 1954 5554 ι
1986 5504 2125 5558 Sede
2181 5522 2208 5558 a
2251 5505 2456 5560 dextris
2513 5505 2650 5560 meis
2702 5506 2768 5560 ⁸⁷.
2817 5523 2834 5555 ι
2897 5502 3167 5570 Quantum
3219 5503 3383 5574 igitur
3425 5503 3507 5557 in-

1935 5597 2089 5650 tersit
2134 5597 2271 5654 inter
2318 5609 2622 5654 creaturam
2672 5608 2726 5655 et
2782 5597 2998 5664 Filium,
3049 5612 3115 5654 ex
3163 5596 3249 5652 his
3308 5595 3507 5652 intelli:

1933 5701 2129 5756 guttus.

915 5805 960 5838 ⁸⁶
997 5801 1227 5872 Philipp.
1257 5817 1316 5870 tt,
1358 5801 1412 5857 7.
1453 5802 1497 5834 ⁵⁷
1536 5799 1681 5860 Psal.
1723 5818 1830 5871 Ctx,
1877 5803 1926 5858 i.
