3876 6208
401 369 469 423 67
1468 362 1521 416 S.
1564 361 1836 416 CYRILLI
1876 358 2344 414 ALEXANDRINI
2385 358 2703 415 ARCHIEP.
3599 362 3666 416 68

1079 478 1305 535 ALIUD.

469 594 929 664 Quemadmodum
977 592 1135 646 Pater
1176 594 1371 647 dicitur
1414 603 1662 661 respectu
1721 591 1865 655 Filii,
1903 592 1972 643 ita
2008 598 2053 641 Α

405 690 545 742 Deus
576 695 821 755 respectu
852 700 1130 740 servorum
1158 694 1212 737 et
1234 699 1351 753 quae
1370 700 1475 738 non
1506 683 1747 737 eamdem
1779 683 1976 735 habent

406 787 653 830 naturam
681 786 842 845 atque
878 777 1011 844 ipse.
1046 775 1273 844 Oportet
1303 776 1482 843 itaque
1511 774 1670 829 simul
1708 784 1761 829 et
1809 775 1974 829 Deum

403 877 458 920 et
494 866 705 922 Patrem
751 867 973 935 intelligi
1006 869 1298 932 genitorem
1331 867 1490 921 Verbi
1522 883 1535 919 :
1563 869 1716 922 autsi
1750 869 1802 921 in
1840 876 1975 922 tem-

406 975 534 1029 pore
561 959 783 1013 effectus
812 967 895 1013 est
925 959 1109 1026 Pater,
1146 960 1326 1029 genito
1357 960 1698 1028 postmodum
1733 958 1892 1022 Filio,
1923 959 1977 1012 in

406 1062 647 1119 tempore
676 1053 837 1104 etiam
872 1048 1096 1104 effectus
1131 1059 1214 1102 est
1248 1051 1407 1114 Deus,
1433 1052 1648 1118 quando
1701 1064 1795 1119 pcr
1855 1047 1980 1102 Ver-

404 1144 533 1197 bum
571 1144 634 1196 ad
663 1144 800 1213 Iesse
840 1142 1083 1196 traducta
1120 1151 1245 1195 sunt
1303 1144 1486 1196 omnia
1548 1158 1776 1211 quorum
1807 1150 1892 1195 est
1925 1151 1980 1195 et

406 1234 565 1288 Deus.
601 1233 667 1287 Et
694 1234 738 1289 si
770 1234 949 1289 omnia
977 1234 1117 1288 facta
1153 1242 1279 1287 sunt
1308 1242 1431 1302 post
1460 1233 1652 1287 Filium
1684 1234 1704 1303 (
1750 1249 1845 1302 per
1898 1234 1977 1300 ip-

404 1342 525 1379 sum
558 1326 701 1379 enim
737 1324 877 1379 facta
904 1335 1028 1379 sunt
1059 1326 1104 1356 ⁵⁸
1130 1324 1179 1394 ),
1233 1326 1544 1393 priusquam
1596 1336 1738 1379 esset
1792 1325 1932 1377 Deus
1961 1365 1974 1387 ,

406 1419 508 1471 hoc
544 1417 707 1471 etiam
742 1417 961 1471 habebit
997 1418 1144 1471 utsit
1199 1416 1361 1470 Pater
1413 1418 1501 1486 qui
1561 1419 1734 1486 ipsum
1775 1418 1977 1486 genuit.

405 1506 696 1561 Dstensum
729 1508 871 1562 enim
905 1518 989 1563 est
1018 1522 1137 1562 esse
1154 1507 1488 1577 postFilium
1524 1517 1850 1570 creaturam,
1885 1521 1983 1560 cu-

402 1598 491 1668 jus
523 1607 607 1653 est
636 1601 873 1664 Deus,et
917 1600 982 1653 ad
1018 1614 1179 1668 quam
1242 1600 1437 1655 merito
1491 1598 1726 1654 refertur
1785 1614 1980 1653 nomen

407 1691 645 1747 deitatis.

753 1805 982 1861 ALIUD.
1009 1803 1115 1861 Per
1151 1806 1668 1861 demonstrationem.

409 1918 561 1984 Quod
588 1920 973 1973 conuenientius
1003 1929 1086 2040 est,
1116 1919 1332 2043 PatrDem
1386 1936 1569 1973 vocare
1602 1917 1767 1973 Deum
1825 1934 1982 1989 quam

1009 2006 1065 2043 so
1092 2006 1179 2043 um
1272 2006 1414 2043 eum.

1009 2006 1179 2043 satum
1226 2006 1414 2046 ueum.

476 2099 591 2155 Nisi
621 2109 838 2166 nomen,
873 2099 1053 2166 Pater,
1110 2102 1282 2172 magis
1339 2102 1616 2173 proprium
1666 2102 1987 2172 digniusque

2775 473 2977 528 ΑΛΛΟ.

2159 588 2365 657 Ὥσπερ
2403 587 2462 639 τὸ
2491 587 2682 658 Πατὴρ
2708 587 2782 648 ὡς
2812 586 2948 654 πρὸς
2977 586 3107 637 Υἰὸν
3137 585 3499 653 λαμϐάνεται,
3528 585 3671 639 οὕτω

2084 679 2179 730 καὶ⁵
2228 679 2358 741 Θεὸς
2392 678 2467 741 ὼς
2519 678 2656 749 πρὸς
2704 676 2773 729 τὰ
2822 676 2981 730 δοῦλα
3031 678 3125 731 καὶ
3172 680 3242 731 τὰ
3290 679 3364 749 μὴ
3414 678 3672 747 τοιαύτην

2084 771 2275 842 ἔχοντα
2304 771 2402 841 τὴν
2451 770 2612 839 φύσιν
2642 770 2831 821 ὁποίαν
2870 770 3050 833 αὑτός.
3096 771 3335 840 Ἀνάγκη
3382 771 3672 843 τοιγαροῦν

2084 862 2219 934 ὁμοῦ
2254 863 2350 915 καὶ
2379 862 2511 914 Θεὸν
2556 861 2649 913 καὶ
2693 861 2913 931 Πατέρα
2958 862 3194 914 νοεῖσθαι
3226 861 3317 914 τὸν
3356 863 3450 915 τοῦ
3492 864 3671 930 Λόγου

2086 955 2388 1023 γεννήτορα
2409 972 2421 983 ·
2454 951 2487 1023 ἢ
2519 953 2676 1021 εἴπερ
2701 953 2755 1004 ἐν
2782 954 2959 1022 χρόνῳ
2990 954 3179 1021 γέγονε
3208 954 3418 1024 Πατὴρ,
3444 954 3674 1025 ὕστερον

2085 1046 2176 1099 τὸν
2220 1045 2348 1097 Υἱὸν
2394 1044 2793 1115 ἀπογεννήσας,
2846 1047 2903 1096 ἐν
2939 1046 3113 1115 χρόνῳ
3160 1046 3352 1113 γέγονε
3390 1047 3483 1097 καὶ
3516 1046 3670 1110 Θεὸς,

2086 1139 2174 1191 ὅτε
2214 1138 2302 1189 διὰ
2331 1136 2425 1189 τοῦ
2464 1137 2635 1204 Λόγου
2674 1136 2808 1205 πρὸς
2836 1136 2899 1189 τὸ
2932 1134 3071 1191 εἶναι
3106 1138 3360 1209 παρήχθη
3391 1139 3459 1192 τὰ
3496 1139 3673 1192 πάντα

2083 1224 2162 1284 ὧν
2191 1231 2306 1281 ἐστι
2355 1230 2450 1281 καὶ
2480 1228 2633 1292 Θεός.
2668 1230 2778 1282 Καὶ
2812 1230 2861 1282 εί
2892 1229 3138 1297 φαίνεται
3191 1232 3368 1284 πάντα
3410 1232 3675 1298 γεγονότα

2090 1318 2228 1388 μετὰ
2255 1318 2344 1370 τὸν
2380 1317 2507 1369 Υἱὸν
2533 1317 2619 1387 (δι’
2656 1318 2823 1370 αὑτοῦ
2865 1318 2972 1389 γὰρ
3006 1319 3238 1388 γέγονε),
3274 1321 3376 1391 πρὸ
3400 1320 3493 1373 τοῦ
3528 1317 3674 1375 εἶναι

2088 1409 2242 1474 Θεὸς,
2297 1409 2408 1474 ἕξει
2450 1408 2511 1461 τὸ
2553 1405 2690 1461 εἶναι
2734 1410 2923 1480 Πατὴρ
2970 1414 2999 1463 ὁ
3044 1414 3311 1482 γεννήσας
3353 1413 3536 1467 αὐτόν.
3578 1414 3676 1466 Δέ-

2088 1501 2298 1554 δεικται
2347 1500 2455 1571 γὰρ
2503 1501 2585 1553 ὅτι
2645 1501 2784 1572 μετὰ
2815 1501 2905 1555 τὸν
2954 1502 3082 1555 Υίὸν
3119 1505 3152 1571 ἡ
3189 1502 3389 1569 κτίσις,
3440 1499 3508 1576 ἦς
3556 1506 3675 1557 ἐστι

2088 1594 2242 1659 Θεὸς,
2275 1594 2369 1647 καὶ
2412 1593 2546 1664 πρὸς
2577 1593 2643 1663 ἢν
2692 1596 2894 1647 νοεῖται
2942 1596 3163 1659 εἰκότως
3194 1596 3254 1648 τὸ
3285 1596 3381 1665 τῆς
3421 1596 3676 1667 θεότητος

2090 1686 2176 1738 ὗνο
2183 1704 2277 1755 μα.

2517 1799 2718 1853 AAAO.
2775 1798 3248 1866 Ἀποδεικτικῶς.

2090 1910 2216 1966 Ὀτι
2252 1914 2744 1984 πρεπωδέστερον
2781 1917 2848 1970 τὸ
2900 1920 3132 1986 Πατέρα
3168 1918 3409 1988 μᾶλλον
3464 1921 3675 1974 καλεῖν

2270 2006 2377 2060 τὸν
2421 2008 2591 2074 Θεὸν,
2625 2006 2662 2077 ἣ
2694 2009 2871 2063 τοῦτο
2903 2012 3049 2064 αὐτὸ
3092 2013 3285 2081 μόνον
3326 2014 3492 2067 Θεόν.

2158 2122 2222 2173 Et
2255 2121 2331 2192 μὴ
2375 2121 2435 2174 τὸ
2470 2122 2657 2193 Πατὴρ
2700 2124 2871 2194 δνομα
2904 2125 3236 2196 κυριώτερόν
3268 2125 3385 2189 πώς
3428 2128 3545 2180 ἐστι
3578 2129 3676 2181 καὶ

406 2208 550 2253 esset
578 2197 630 2251 in
668 2195 775 2253 Deo
809 2213 969 2267 quam
1001 2199 1123 2263 hoc,
1159 2198 1318 2263 Deus,
1348 2200 1702 2268 quamobrem
1728 2192 1983 2252 servator

2094 2212 2509 2284 ἀξιολογώτερον
2558 2192 2651 2267 ἐπὶ
2696 2192 2829 2268 Θεοῦ
2878 2218 2913 2288 ἢ
2943 2192 3075 2269 abab
3118 2192 3183 2287 δή
3211 2217 3367 2271 τοῦτο
3407 2219 3466 2272 τὺ
3514 2219 3673 2287 Θεὸς,

406 2304 529 2343 cum
566 2289 856 2360 discipulos
884 2303 1012 2345 suos
1037 2288 1104 2345 ad
1132 2288 1512 2359 haptizandum
1560 2290 1822 2355 mitteret,
1877 2306 1983 2346 non

2094 2303 2209 2357 ὅτου
2257 2303 2323 2375 δὴ
2375 2304 2537 2375 χάριν
2584 2304 2676 2357 ἐπὶ
2720 2301 2780 2360 τὸ
2820 2304 3104 2376 βαπτίζειν
3148 2308 3493 2362 ἀποστέλλων
3542 2310 3675 2374 τοὺς

400 2380 565 2449 jussit
596 2380 860 2450 baptizari
892 2389 1080 2452 gentes
1112 2380 1164 2434 in
1215 2381 1432 2437 nomine
1472 2380 1589 2446 Dei,
1631 2390 1688 2437 et
1737 2378 1883 2446 Filii,
1936 2390 1983 2437 el

2094 2396 2288 2452 ἑαυτοῦ
2327 2396 2577 2467 μαθητὰς
2599 2397 2628 2449 ὁ
2654 2397 2864 2466 Σωτὴρ,
2901 2392 3001 2451 οὐκ
3034 2397 3284 2450 ἐκέλευσε
3305 2397 3583 2468 βαπτίζειν
3604 2398 3676 2451 τὰ

407 2472 647 2541 Spiritus
686 2472 883 2538 sancti,
913 2473 1006 2529 sed
1047 2472 1240 2526 divinm
1280 2483 1488 2527 natura:
1534 2472 1852 2541 dignitatem
1892 2489 1983 2528 ve-

2094 2490 2223 2560 ἔθνη
2250 2490 2331 2551 είς
2363 2480 2532 2560 ὄνομα
2556 2480 2715 2555 Θεοῦ,
2736 2490 2830 2542 καὶ
2846 2478 3000 2552 Υίοῧ,
3030 2490 3122 2542 καὶ
3148 2486 3303 2559 ἁγίου
3331 2490 3673 2560 Πνεύματος,

405 2567 523 2621 rius
548 2566 901 2637 significans,
930 2564 1104 2619 dixit:
1137 2562 1247 2636 40
1282 2582 1302 2616 ι
1339 2563 1395 2619 In
1436 2578 1656 2621 nomine
1701 2564 1881 2620 Patris
1934 2575 1983 2620 et

2096 2581 2232 2636 ἀλλὰ
2273 2582 2334 2634 τὸ
2382 2580 2745 2651 ἀληθέστερον
2790 2580 3070 2652 σημαίνων
3110 2582 3210 2651 τῆς
3263 2582 3410 2646 θείας
3457 2582 3677 2651 φύσεως

406 2658 529 2713 Filii
587 2669 644 2714 et
689 2656 929 2729 Spiritus
969 2658 1137 2713 sancti
1169 2657 1261 2710 "?
1300 2675 1320 2709 ι
1354 2657 1420 2712 Ει
1452 2656 1729 2728 Philippus
1752 2658 1983 2713 divinam

2094 2670 2341 2741 ἀξίωμα·
2389 2690 2407 2722 ι
2448 2669 2542 2733 Εἰς
2569 2663 2809 2740 Πατέρα,
2838 2671 2991 2739 φησὶ,
3023 2671 3117 2723 καὶ
3161 2673 3242 2734 είς
3290 2672 3439 2735 Υῑὸν,
3472 2674 3565 2727 καὶ
3590 2670 3675 2736 είς

406 2761 653 2805 naturam
688 2750 978 2814 curiosius,
1005 2759 1061 2803 ut
1090 2750 1165 2803 ita
1196 2749 1393 2816 dicam,
1427 2749 1780 2821 investigans,
1801 2750 1942 2806 dixit
1967 2766 1983 2805 :

413 2861 432 2895 ι
473 2840 711 2897 Ostende
735 2840 892 2895 nobis
918 2839 1134 2896 Patrem
1159 2840 1226 2894 ιθ.
1264 2859 1284 2891 ι
1324 2840 1484 2896 Vides
1512 2856 1620 2911 quo
1655 2852 1813 2910 pacto
1865 2858 1986 2895 rur—

407 2948 500 2990 sus
539 2949 645 2989 non
668 2944 823 2989 vocet
856 2934 1046 2999 Deum,
1078 2936 1172 2989 sed
1197 2934 1449 2990 Patrem?
1490 2936 1605 3005 ipse
1636 2951 1760 2990 vero
1787 2936 1987 2991 Serva-

408 3037 492 3081 tor
518 3028 587 3081 ad
636 3028 739 3082 hoc
765 3026 938 3081 dicit:
974 3044 994 3078 ι
1028 3027 1203 3083 Tanto
1235 3036 1478 3098 tempore
1531 3030 1807 3084 vobiscum
1838 3044 1983 3097 sum,

2087 2764 2149 2817 τὸ
2179 2762 2404 2834 Πνεῦμα
2444 2762 2505 2815 τὸ
2547 2762 2736 2831 ἆγιον;
2787 2761 2846 2814 '0
2880 2763 2939 2815 δέ
2969 2779 3034 2830 γε
3069 2762 3332 2828 Φίλιππος
3368 2766 3468 2836 τὴν
3497 2765 3674 2831 θείαν,

2092 2855 2157 2908 ἵν’
2188 2854 2360 2918 οὕτως
2383 2856 2543 2917 εἴπω,
2576 2855 3070 2923 περιεργαζόμενος
3096 2854 3278 2924 φύσιν,
3308 2854 3513 2925 ἔφασκε
3538 2858 3676 2928 πρὸς

2091 2942 2284 3001 αὐτόν·
2330 2966 2347 2998 ι
2388 2947 2568 3012 Δεῖξον
2599 2948 2732 3018 ἡμῖν
2762 2946 2857 2999 τὸν
2899 2946 3139 3018 Πατέρα.
3177 2966 3195 2998 ›
3242 2948 3404 3020 Ὁρᾷς
3429 2949 3579 3011 ὅπως
3610 2948 3676 3000 οὐ

2090 3038 2222 3091 Θεὸν
2249 3036 2499 3107 ὀνομάζει
2530 3035 2711 3098 πάλιν,
2736 3034 2872 3089 ἀλλὰ
2904 3037 3124 3107 Πατέρα
3151 3037 3308 3090 καλεῖ
3331 3055 3345 3102 ;
3365 3039 3485 3090 ’Καὶ
3510 3039 3677 3101 αὐτὸς

404 3125 458 3169 et
485 3130 592 3170 non
631 3117 772 3170 nosti
809 3130 915 3181 me,
968 3115 1253 3185 Philippe?
1281 3117 1381 3184 Qui
1432 3118 1562 3173 vidit
1600 3134 1707 3185 me,
1758 3120 1891 3173 vidit
1934 3129 1983 3175 et

2094 3130 2149 3182 δὲ
2176 3129 2311 3200 πρὸς
2334 3128 2490 3182 τοῦτό
2516 3144 2680 3200 φησιν
2700 3129 2728 3180 ὁ
2751 3129 2943 3198 Σωτήρ
2961 3142 2974 3156 ’
3001 3147 3019 3179 ι
3042 3128 3309 3182 Τοσοῦτον
3330 3129 3521 3199 χρόνον
3553 3130 3677 3199 μεθ’

404 3210 618 3266 Patrem
647 3210 746 3264 “1r
782 3210 992 3266 Rursus
1017 3226 1122 3264 non
1149 3211 1285 3265 dixit
1313 3212 1445 3266 vidit
1474 3212 1664 3276 Deum,
1726 3216 1819 3267 sed
1882 3213 1986 3267 Pa-

407 3312 565 3367 trem,
591 3302 643 3357 id
680 3305 822 3371 quod
855 3302 1063 3370 majus,
1094 3318 1199 3357 non
1233 3305 1376 3372 quod
1422 3306 1605 3360 minus
1657 3316 1762 3370 est,
1792 3307 1840 3361 ei
1890 3307 1988 3360 tri-

407 3398 603 3450 buens.
637 3396 769 3451 Cum
799 3396 943 3450 enim
979 3405 1207 3452 vocatur
1246 3395 1428 3462 Pater,
1465 3412 1531 3451 ex
1583 3399 1787 3465 majore
1816 3408 1872 3453 et
1907 3400 1989 3453 di-

404 3489 612 3559 gniore,
649 3490 904 3542 nimirum
951 3488 1109 3554 Filio,
1144 3489 1506 3559 significatur.
1542 3490 1771 3557 Quando
1807 3500 1987 3546 autem

407 3579 569 3648 Deus,
593 3596 659 3635 ex
690 3581 983 3636 creaturis:
1018 3583 1160 3652 quod
1188 3583 1366 3638 minus
1390 3593 1492 3649 est,
1523 3593 1577 3638 et
1596 3585 1812 3652 quidem
1840 3592 1989 3637 tanto

405 3681 665 3737 quantum
700 3673 923 3726 interest
953 3672 1094 3727 inter
1115 3687 1335 3726 servum
1390 3681 1445 3729 et
1497 3671 1799 3738 dominum,
1854 3688 1990 3742 opus

403 3768 457 3812 et
488 3759 751 3830 opificem.

1075 4047 1303 4104 ALIUD.

403 4162 533 4216 Cum
591 4164 870 4232 manifesta
903 4231 916 4234 _
952 4164 1393 4218 demonstratione
1454 4168 1593 4234 quod
1662 4167 1886 4233 primum
1916 4167 1985 4219 sit

477 4234 659 4299 Pater,
685 4231 870 4288 deinde
890 4231 1047 4298 Deus,
1074 4237 1280 4289 tametsi
1313 4231 1475 4290 etiam
1500 4231 1981 4302 simututrumque.

473 4417 751 4484 Servator,
783 4434 906 4473 cum
932 4427 1151 4488 peracta
1194 4422 1499 4475 mconomia
1534 4429 1733 4477 nostrae
1765 4421 1976 4487 salutis,

2093 3221 2249 3290 ὑμῶν
2285 3222 2421 3289 εἰμι,
2452 3220 2546 3273 καὶ
2589 3219 2689 3272 οὐκ
2719 3219 2965 3287 ἔγνωκάς
2995 3238 3062 3291 με
3101 3221 3368 3287 Φίλιππε;
3412 3221 3470 3274 Ὁ
3500 3224 3678 3292 ἑωρα-

2092 3312 2203 3374 κὼς
2251 3312 2350 3380 ἐμὲ
2394 3309 2606 3373 ἑώρακε
2662 3311 2752 3363 τὸν
2797 3311 3036 3382 Πατέρα.
3086 3330 3104 3364 ι
3152 3313 3321 3367 Πάλιν
3360 3314 3458 3367 οὐκ
3493 3310 3675 3379 εἶπεν,

2104 3400 2348 3470 Ἑώρακε
2377 3400 2469 3452 τὸν
2491 3399 2645 3462 Θεὸν,
2681 3399 2818 3453 ἀλλὰ
2847 3400 2938 3454 τὸν
2964 3401 3205 3473 Πατέρα,
3229 3403 3290 3455 τὸ
3314 3402 3500 3473 μεῖζον
3529 3405 3677 3457 ἀπο-

2090 3488 2271 3557 νέμων
2307 3488 2474 3558 αὐτῷ,
2525 3490 2618 3541 καὶ
2666 3491 2726 3542 οὐ
2758 3490 2820 3542 τὸ
2861 3490 3099 3545 ἔλαττον.
3131 3491 3259 3545 Ὅτε
3305 3492 3402 3563 μὲν
3430 3495 3538 3565 γὰρ
3569 3513 3677 3547 κα-

2090 3580 2262 3632 λεῖται
2315 3582 2529 3652 Πατὴρ,
2579 3583 2643 3633 ἐκ
2685 3581 2777 3633 τοῦ
2827 3582 3073 3653 μείζονος
3109 3584 3203 3637 καὶ
3248 3583 3677 3658 ἀξιολογωτέρου

2093 3674 2432 3743 σημαίνεται,
2483 3675 2764 3726 τουτέστιν
2794 3674 2858 3725 ἐκ
2888 3674 2981 3726 τοῦ
3011 3673 3141 3727 Υἱοῦ
3162 3691 3177 3707 ’
3206 3676 3293 3727 ὅτε
3324 3675 3380 3729 δὲ
3408 3676 3561 3740 Θεὸς.
3608 3680 3677 3731 ὲκ

2090 3766 2198 3817 τῶν
2235 3764 2589 3834 ποιημάτωνο
2640 3766 2776 3834 ὅπερ
2826 3767 2973 3818 ἐστὶν
3002 3766 3250 3819 ἔλαττον⁸
3295 3769 3390 3822 καὶ
3418 3769 3677 3822 τοσοῦτον

2090 3858 2214 3911 ὅσον
2262 3858 2376 3908 ἐστὶ
2411 3857 2470 3909 τὸ
2522 3858 2726 3926 μεταξὺ
2762 3857 2949 3910 δούλου
2995 3858 3086 3912 καὶ
3117 3858 3398 3925 δεσπότου,
3444 3860 3675 3933 ποιητοῦ

2091 3950 2182 4001 καὶ
2211 3951 2333 4019 ποιή
2344 3966 2531 4019 ματος.

2768 4062 2972 4117 AAAO.

2087 4173 2247 4225 Μετὰ
2268 4173 2502 4241 σαφοῦς
2518 4174 2899 4241 ἀποδείξεως,
2923 4175 3011 4229 ὅτι
3034 4175 3268 4245 πρῶτόν
3288 4178 3417 4231 ἐστι
3442 4182 3671 4250 Πατὴρ,

2353 4260 2479 4317 εἶτα
2513 4265 2677 4329 Θεὸς,
2710 4268 2763 4318 εὶ
2789 4266 2885 4319 καί
2918 4266 3039 4333 ἅμα
3068 4268 3389 4336 ἀμφότερα.

2160 4441 2288 4492 Ὅτε
2340 4440 2435 4511 τὴν
2492 4442 2615 4495 καθ’
2654 4443 2813 4514 ήμῶν
2859 4445 3262 4516 ἀποπληρώσας
3295 4449 3609 4519 οἰκονομίαν
3640 4453 3674 4505 ὁ

401 4519 521 4575 post
552 4524 765 4564 crucem
812 4511 1056 4564 ascendit
1097 4510 1165 4565 ad
1197 4511 1365 4566 coalos
1390 4553 1405 4579 ,
1434 4514 1506 4567 ita
1539 4513 1831 4584 discipulos
1852 4528 1981 4570 suos

2094 4533 2279 4604 Σωτὴρ
2309 4506 2568 4603 ἠπείγετο
2609 4506 2747 4605 μετὰ
2771 4536 2864 4589 τὸν
2898 4506 3131 4610 σταυρὸν
3164 4506 3544 4607 εἰςτοὺρανοὸς,
3575 4541 3675 4593 λέ-

400 4609 485 4653 est
542 4601 806 4655 allocutus
832 4621 844 4656 :
874 4621 891 4652 ι
920 4602 1170 4661 Ascendo
1194 4609 1262 4659 ad
1290 4604 1503 4660 Patrem
1532 4622 1729 4674 meum,
1773 4616 1828 4662 et
1882 4607 1983 4662 Pa-

2080 4642 2165 4693 γει
2202 4626 2337 4696 πρὸς
2370 4628 2496 4691 τοὺς
2544 4626 2740 4680 ἑαυτοῦ
2792 4628 3076 4700 μαθητὰςο
3117 4646 3135 4679 ι
3186 4630 3488 4683 Ἀναϐαίνω
3530 4634 3676 4703 πρὸς

402 4703 538 4746 trem
570 4704 905 4762 vestrum,et
937 4697 1107 4752 Deum
1142 4713 1320 4753 meum
1346 4709 1401 4754 et
1425 4698 1592 4754 Deum
1619 4708 1855 4756 vestrum
1880 4702 1977 4755 δ’.»

2094 4718 2171 4770 τὸν
2208 4717 2429 4790 Πατέρα
2488 4735 2588 4787 μου
2624 4719 2717 4773 καὶ
2764 4697 2985 4792 Πατέρα
3034 4721 3210 4789 ὑμῶν,
3261 4722 3354 4775 καὶ
3395 4722 3527 4775 Θεόν
3564 4697 3679 4789 μου

403 4784 636 4839 Videsne
670 4784 758 4839 hic
804 4786 1145 4842 manifestam
1179 4789 1460 4843 nominum
1513 4790 1921 4846 distinctionem
1959 4792 1983 4844 ?

400 4872 564 4927 Vides
593 4888 700 4943 quo
731 4885 888 4944 pacto
914 4876 1073 4933 Pater
1100 4880 1318 4948 quidem
1362 4880 1635 4936 referatur
1658 4883 1724 4936 ad
1756 4882 1976 4948 Filium,

402 4965 543 5021 Deus
592 4980 721 5022 vero
770 4968 837 5022 ad
875 4970 1089 5024 servilia
1122 4980 1177 5026 et
1206 4974 1545 5029 creaturas?
1595 4973 1861 5041 Quocirca
1931 4977 1979 5032 si

400 5059 670 5125 posterior
723 5069 807 5116 est
852 5063 1056 5118 creatio
1095 5074 1468 5119 creaturarum
1534 5083 1693 5138 quam
1747 5084 1976 5140 genera-

2079 4810 2174 4862 καὶ
2220 4809 2351 4863 Θεὸν
2388 4810 2566 4881 ὑμῶν.
2613 4832 2631 4863 ι
2683 4812 2845 4883 Ὁρᾷς
2890 4813 2949 4867 ὲν
2992 4813 3165 4885 τούτῳ
3217 4814 3363 4884 σαφῆ
3412 4816 3513 4885 τὴν
3557 4816 3675 4872 τῶν

2077 4900 2359 4972 ὀνομάτων
2417 4902 2737 4976 διαστολήνς
2790 4906 2949 4978 Ὁρᾷς
3001 4907 3081 4959 ὅτι
3129 4909 3158 4959 ό
3207 4907 3395 4978 Πατὴρ
3446 4907 3548 4977 μὲν
3591 4908 3677 4973 ὡς

2084 4993 2221 5064 πρὸς
2253 4994 2379 5048 Υἱὸν
2422 4998 2645 5061 νοεῖται,
2677 4996 2809 5061 Θεὸς
2854 4998 2935 5061 δὲ,
2974 4997 3050 5061 ὡς
3087 4998 3223 5068 πρὸς
3264 4998 3332 5052 τὰ
3375 4998 3537 5053 δοῦλα
3573 5002 3679 5055 καὶ

2086 5087 2465 5157 πεποιημένα;
2506 5089 2715 5143 Οὐκοῦν
2744 5091 2794 5143 εί
2836 5090 3064 5160 δεύτερα
3104 5090 3203 5161 τῆς
3236 5095 3539 5162 γεννήσεως
3572 5093 3676 5146 τοῦ

403 5152 477 5205 tio
511 5151 654 5218 Filii,
680 5155 911 5223 primum
949 5156 1050 5211 hoc
1083 5156 1243 5213 habet
1291 5161 1430 5227 quod
1463 5161 1537 5215 sit
1573 5160 1754 5226 Pater,
1789 5178 1979 5218 conse-

2094 5176 2221 5230 Υίοῦ
2272 5151 2340 5232 τὰ
2375 5151 2675 5251 ποιήματα,
2725 5182 2941 5252 πρῶτον
2983 5151 3095 5254 έχει
3248 5151 3402 5238 ἐἶναι
3451 5151 3676 5257 Πατὴρ,

401 5258 575 5312 quens
609 5260 735 5299 vero
783 5247 926 5315 quod
971 5248 1044 5302 sit
1084 5248 1245 5303 Deus.
1292 5250 1431 5306 Hinc
1475 5268 1602 5308 vero
1639 5255 1977 5313 manifestius

2094 5247 2567 5325 ἐπακολουθοῦν-δὲ
2594 5274 2709 5344 ἅμα
2741 5247 2834 5328 καὶ
2865 5274 2929 5327 τὸ
2960 5247 3101 5329 εἶναι
3132 5275 3282 5340 Θεός.
3309 5247 3677 5347 Δειχθήσεταε

400 5339 722 5392 ostendetur
792 5340 1267 5411 contemplationis
1321 5343 1481 5415 hujus
1544 5349 1701 5406 ratio.
1740 5349 1980 5419 Dignita-

2094 5361 2135 5413 i’a
2180 5361 2573 5434 ἀκριϐέστερον
2604 5339 2853 5420 ἐντεῦθεν
2884 5369 2917 5437 ἡ
2965 5366 3058 5420 τοῦ
3102 5369 3369 5438 νοήματος
3404 5339 3672 5439 δύναμις.

403 5437 509 5482 tem
548 5431 690 5484 enim
722 5446 874 5486 suam
909 5448 1027 5502 qua:
1051 5435 1098 5488 ei
1144 5438 1463 5493 naturaliter
1506 5441 1667 5509 inest,
1725 5458 1836 5512 prae
1879 5443 1981 5497 im-

2094 5451 2153 5504 Γὸ
2184 5431 2291 5523 γὰρ
2326 5431 2525 5523 προσὸν
2554 5455 2701 5525 αὐτῷ
2736 5457 2875 5511 κατὰ
2906 5431 3071 5528 τρύσιν
3105 5431 3321 5529 ἀξίωμα
3369 5431 3677 5530 χαριζόμε-

401 5535 582 5574 mensa
631 5539 725 5578 sua
761 5525 1095 5597 benignitate
1141 5531 1295 5586 nobis
1326 5536 1760 5601 communicans,
1792 5536 1979 5604 addit;

2094 5562 2171 5606 to;
2218 5548 2350 5615 ἡμῖν
2395 5545 2483 5599 διὰ
2526 5548 2726 5620 πολλὴν
2777 5525 3216 5621 φιλανθρωπίαν,
3247 5525 3675 5622 ’προστέθεικεν

404 5633 421 5665 ι
449 5612 663 5671 Patrem
682 5629 943 5674 vestrum:
976 5620 1254 5691 izadoptati
1279 5624 1421 5679 enim
1452 5640 1637 5683 sumus
1664 5644 1761 5697 per
1782 5628 1980 5699 ipsum,

2094 5637 2184 5701 ὅτι,
2221 5612 2369 5692 (καὶ
2403 5640 2624 5711 Πατέρα
2656 5612 2810 5712 ὑμῶν
2833 5656 2847 5674 ’
2894 5612 3262 5714 »κεκλήμεθα
3302 5612 3409 5716 γὰρ
3441 5647 3520 5709 είς
3553 5646 3678 5700 uib-

470 5796 518 5829 ⁸⁸
553 5793 709 5853 Joan.
750 5815 791 5868 ι,
824 5798 875 5855 ὅ.
953 5802 997 5834 ⁸⁹
1035 5800 1224 5859 Matth.
1265 5818 1456 5876 xxvut,
1500 5804 1585 5863 19.
1665 5808 1711 5840 ⁸ο
1749 5807 1903 5864 Joan.
1950 5825 1978 5865 ι

2122 5815 2174 5870 8.
2252 5816 2292 5849 ¹¹
2338 5815 2469 5871 ibid.
2512 5817 2565 5874 9.
2626 5818 2689 5893 ,θ’
2728 5819 2884 5877 Joan.
2926 5837 3018 5890 xx,
3064 5824 3169 5894 17.]
