3876 6208
247 303 310 359 69
1654 307 1814 362 THEE

1937 309 2090 365 RUS.
3421 317 3490 370 70

243 416 420 471 θεσίαν
450 417 516 470 δι’
545 419 730 486 αὑτοῦ,
765 421 856 473 καὶ
889 423 1108 490 γέγονεν
1139 422 1294 492 ἡμῶν
1323 424 1462 477 κατὰ
1512 426 1670 496 χάριν
1701 426 1810 480 Πα-

1926 438 1968 481 et
1999 428 2171 482 factus
2200 437 2282 483 est
2309 425 2471 485 Pater
2515 446 2613 500 per
2639 431 2866 501 gratiam
2910 439 3116 495 noster,
3143 433 3233 501 qui
3266 448 3358 502 per
3390 449 3489 485 na-

241 508 338 580 τὴρ
361 511 390 562 ὁ
413 511 577 564 αὑτοῦ
611 512 751 565 κατὰ
772 511 949 580 φύσιν.
987 515 1410 586 Ἀναλαμὸάνων
1433 517 1488 568 δὲ
1513 519 1592 581 είς
1618 517 1804 572 ἑαυτὸν

239 600 306 666 τὰ
336 601 512 670 ἡμῶν,
549 603 641 654 καὶ
675 602 749 666 ὡς
782 602 879 673 τὴν
907 603 1001 656 τοῦ
1027 604 1212 658 δούλου
1243 607 1478 677 φορέσας
1503 609 1715 681 μορφὴν
1740 611 1806 664 τὰ

240 691 347 744 τῶν
378 691 596 745 οδοῠλων
642 694 1029 764 οἰκειούμενος,
1067 695 1249 764 λέγειν
1293 716 1310 748 ι
1347 699 1453 751 Καὶ
1499 700 1628 754 Θεόν
1682 719 1804 772 μου,

242 785 332 844 καὶ
360 783 493 837 Θεὸν
536 785 709 854 ὑμῶν.
746 805 764 838 ι
805 785 1010 839 Οὐκοῦν
1038 787 1203 841 αὐτοῦ
1246 790 1343 859 μὲν
1391 790 1550 859 φύσει
1597 792 1803 864 Πατὴρ,

241 876 396 946 ἡμῶν
437 876 492 930 δὲ
539 877 692 940 Θεός.
724 879 833 931 Καὶ
861 878 1068 949 ἐπειδὴ,
1103 879 1352 954 καθάπερ
1385 884 1485 952 ἤδη
1527 888 1805 954 προεῖπον,

242 965 305 1018 δι’
335 965 464 1018 Υίοῦ
492 966 859 1036 πεποιήμεθα,
900 967 1115 1037 πρῶτον
1157 967 1309 1022 ἔσται
1352 971 1558 1041 Πατὴρ,
1591 968 1688 1024 εἷθ’
1715 971 1808 1024 οὖ-

243 1074 345 1120 τως
371 1056 522 1121 Θεὸς,
562 1057 612 1109 εί
641 1057 736 1111 καὶ
767 1059 881 1128 ἅμα
909 1059 1000 1111 καὶ
1035 1061 1419 1130 συνημμένως.

367 1238 568 1301 ΑΛΛΟ,
609 1239 690 1303 ὠς
718 1238 786 1301 ἐξ
817 1238 1174 1304 ἀντιθέσεως
1202 1238 1324 1291 τῶν
1348 1241 1391 1290 Ε
1400 1238 1667 1308 ὑινομίου.

313 1350 608 1414 Συναῖδιον,
656 1351 810 1420 φησὶ,
863 1353 957 1404 καὶ
1006 1352 1159 1404 αὐτοὶ
1206 1353 1285 1422 τῷ
1340 1355 1516 1424 Πατρὶ
1557 1353 1648 1406 τὸν
1686 1353 1811 1406 Υίὸν

245 1441 610 1513 ὁμολογοῦμεν
663 1437 831 1506 εἶναι,
875 1443 1009 1496 καθὸ
1049 1443 1148 1514 τὴν
1185 1443 1280 1496 τοῦ
1329 1443 1587 1497 δύνασθαι
1633 1447 1811 1496 τεκεῖν

245 1535 403 1589 αὑτὸν
458 1533 708 1599 ἐξουσίαν
762 1531 904 1606 εἶχεν
967 1537 1025 1588 ὲν
1078 1535 1254 1605 ἐαυτῷ
1313 1536 1407 1590 καὶ
1472 1537 1600 1606 πρὶν
1653 1535 1812 1588 αὑτὸν

245 1653 395 1725 τέκῃ.

719 1767 878 1835 Πρὸς
915 1766 1091 1820 τοῦτο
1131 1766 1330 1830 λύσις.

313 1881 376 1934 El
404 1880 464 1933 τὸ
496 1880 752 1934 δύνασθαι
778 1881 973 1950 γεννᾷν
999 1879 1091 1932 τὸν
1126 1879 1345 1951 Πατέρα
1372 1879 1643 1932 συναῖδιον
1665 1878 1815 1950 αὑτῷ

243 1973 334 2026 τὸν
367 1973 493 2026 Υίὸν
521 1967 661 2027 εἶναι
689 1973 853 2035 ποιεῖ,
888 1973 983 2024 καὶ
1010 1971 1108 2041 οὐχ
1137 1971 1227 2023 ὅτι
1256 1969 1421 2040 συνῆν
1452 1968 1599 2040 αὐτῴ
1628 1984 1817 2041 γεννη-

245 2066 370 2130 τῶς,
395 2065 447 2118 τί
492 2065 726 2118 κωλύσει
769 2063 945 2133 λέγειν
995 2064 1208 2134 ὅτιπερ,
1237 2063 1423 2135 ἐπειδὴ
1467 2062 1529 2116 τὸ
1558 2061 1816 2116 δύνασθαι

245 2156 438 2220 κτίζειὶ
475 2151 543 2228 ἦν
572 2155 630 2209 έν
659 2154 798 2226 Θεῷ,
837 2154 989 2208 ἔσται
1012 2155 1230 2218 πάντως
1262 2153 1413 2224 αὐτῷ
1440 2155 1534 2207 καὶ
1563 2152 1633 2206 τὰ
1657 2155 1815 2223 ποιή-

248 2265 392 2318 ματα
419 2247 696 2313 συναῒδια;
727 2247 790 2301 Ei
819 2247 925 2318 γὰρ
950 2246 1012 2300 τὸ
1034 2245 1295 2299 δύνασθαι
1324 2246 1484 2316 μόνον
1526 2244 1588 2298 τὸ
1618 2246 1675 2298 έν
1705 2246 1816 2306 τοῖς

244 2339 566 2409 πράγμασιν
599 2337 946 2409 ἀποτέλεσμα
977 2341 1154 2410 φορεῖ,
1189 2333 1258 2409 ἦν
1287 2339 1395 2409 ἄρα
1428 2338 1522 2390 καὶ
1563 2337 1693 2407 πρὶν
1721 2337 1814 2404 γέ-

243 2447 398 2500 νηται
444 2429 513 2482 τὰ
558 2426 972 2500 ποιήματαῘΗν
997 2430 1108 2502 γὰρ
1138 2431 1196 2484 έν
1227 2431 1306 2502 τῷ
1334 2432 1537 2500 Ποιητῇ
1566 2430 1628 2483 τὸ
1660 2429 1818 2484 δύνα-

246 2525 370 2574 σθαι
412 2525 588 2575 ποιεῖν
618 2522 779 2576 αὑτά.
810 2523 872 2576 EE
896 2523 955 2576 δὲ
984 2522 1142 2577 τοῦτο
1167 2523 1385 2588 ἄτοπον,
1421 2523 1516 2577 καὶ
1543 2523 1603 2576 οὐ
1629 2522 1692 2576 τὸ
1721 2521 1815 2575 δύ-

244 2613 438 2666 νασθαι
469 2613 671 2678 κτίζειν
713 2613 804 2666 τὸν
851 2614 984 2666 Θεὸν
1011 2612 1169 2667 τοῦτό
1201 2615 1316 2665 ἐστι
1349 2611 1444 2665 καὶ
1471 2610 1721 2680 γενέσθαι
1749 2611 1817 2664 τὰ

243 2709 558 2778 ποιήματαο
589 2707 687 2760 οὐκ
717 2707 824 2776 ἄρα
867 2706 929 2759 τὸ
971 2705 1230 2762 δύνασθαι
1257 2707 1436 2758 τεκεῖν
1459 2704 1550 2758 τὸν
1577 2704 1815 2774 Πατέρα,

242 2801 304 2852 τὸ
340 2796 477 2853 εἷναί
505 2801 627 2852 ἐστι
654 2799 749 2852 τοῦ
779 2799 933 2863 Υίοῦ,
958 2799 1072 2854 ἀλλ’
1099 2801 1180 2852 ὅτι
1209 2798 1482 2868 γεννητῶς
1515 2797 1606 2850 καὶ
1634 2796 1694 2861 ὲξ
1719 2799 1819 2850 αὐ-

241 2890 339 2944 τοῦ
369 2892 510 2944 κατὰ
539 2891 700 2960 φύσιν
733 2893 881 2944 ἐστὶν
920 2892 1037 2962 ἅμα
1070 2892 1163 2944 καὶ
1194 2891 1494 2954 συναΐδιος·
1531 2889 1606 2953 ὡς
1631 2891 1695 2942 ὲκ
1719 2907 1819 2942 πυ-

245 2985 337 3054 ρὸς
369 2983 658 3054 θερμότης,
689 2984 722 3054 ἢ
757 2984 851 3038 καὶ
879 2983 939 3049 ἐξ
969 2983 1162 3046 ἄνθους
1193 2983 1407 3036 εὐωδία.

938 3097 1134 3150 ΔΛΛΟ.

314 3211 389 3265 Τὸ
423 3209 681 3265 δύνασθαι
709 3212 900 3280 γεννᾷν
935 3209 1085 3263 οῦπω
1115 3209 1215 3280 τὴν
1243 3209 1331 3262 ἐπ’
1363 3207 1511 3279 αὐτῷ
1542 3208 1820 3277 ἐνέργειαν

243 3305 516 3374 ἔχει.“οτε
561 3303 670 3374 γάρ
713 3320 798 3366 τις
845 3303 1036 3368 τίκτει,
1063 3300 1185 3354 τότε
1226 3301 1322 3354 καὶ¹
1354 3301 1582 3370 ἐνεργεῖ.
1613 3299 1821 3352 Οὐκοῦν

242 3399 304 3449 οὐ
335 3396 394 3450 τὸ
434 3394 692 3450 δύνασθαι
732 3396 927 3466 γεννᾷν
958 3395 1048 3446 τὸν
1076 3394 1297 3464 Πατέρα
1324 3393 1383 3445 τὸ
1413 3388 1551 3446 εἶναί
1583 3394 1697 3444 ἐστι
1726 3390 1819 3444 τοῦ

247 3489 395 3553 Υίοῦ,
423 3488 533 3541 ἀλλ’
561 3489 622 3540 ἐκ
649 3485 742 3539 τοῦ
773 3481 910 3538 εἶναι
940 3484 1157 3555 Πατέρα
1184 3484 1275 3536 τὸν
1305 3482 1456 3547 Θεὸν,
1477 3481 1539 3534 τὸ
1566 3480 1626 3544 ἐξ
1655 3479 1820 3533 αὐτοῦ

247 3583 667 3642 συνεπινοεῖται,
690 3578 768 3631 διὸ
802 3577 892 3630 καὶ
923 3577 1112 3647 Πατήρ
1138 3577 1304 3627 ἐστιν.
1324 3574 1386 3627 Εἰ
1420 3573 1475 3625 δὲ
1499 3573 1613 3641 ἅμα
1635 3570 1820 3641 Πατὴρ

244 3675 341 3726 καὶ
385 3673 534 3735 Θεὸς,
565 3671 683 3741 ἅμα
731 3670 823 3722 καὶ
871 3668 1017 3732 Υἱὸς,
1054 3667 1359 3738 συντρέχων
1386 3667 1451 3736 τῇ
1485 3664 1578 3717 τοῦ
1609 3662 1820 3734 Πατρὸς

242 3765 506 3833 atatem:
557 3763 652 3815 καὶ
687 3763 1177 3832 συνεκτεινόμενος,
1205 3757 1294 3810 ἵνα
1324 3755 1560 3826 σώζηται
1591 3754 1667 3824 τῷ
1695 3771 1818 3822 γεν-

243 3857 470 3925 νήσαντι
500 3854 560 3906 τὸ
596 3849 734 3906 εἶναι
766 3853 1006 3922 Πατέρα.

357 4060 555 4111 ΑΛΛΟ.
611 4057 705 4123 Ὠς
743 4055 810 4119 ἐξ
848 4053 1201 4117 ἀντιθέσεως
1238 4051 1357 4105 τῶν
1395 4049 1713 4118 Εὑνομίου.

321 4195 381 4246 Ei
423 4193 543 4246 καθ’
573 4194 740 4263 ὑμᾶς,
770 4192 923 4263 φησὶ,
955 4191 1080 4252 τοὺς
1118 4187 1254 4258 ὀρθὰ
1298 4187 1514 4258 φρονεῖν
1565 4183 1820 4252 λέγοντας

243 4285 519 4347 οιιναῖδιός
547 4286 695 4336 ἐστιν
719 4287 746 4336 ὁ
772 4282 897 4346 Υἱὸς
923 4280 1000 4350 τῷ
1033 4278 1232 4349 Πατρὶ,
1265 4276 1386 4329 οὐδέ
1411 4292 1542 4329 ποτε
1586 4274 1693 4342 ἄρα
1725 4272 1819 4339 γέ-

244 4394 405 4446 γονεν
440 4377 656 4448 ἐνεργὸς
685 4375 715 4426 ὁ
745 4374 934 4446 Πατὴρ
967 4372 1098 4442 περὶ
1128 4369 1190 4421 τὸ
1219 4369 1422 4421 τίκτειν
1446 4365 1627 4430 αὐτὸν,
1656 4365 1743 4417 ἀεὶ
1762 4362 1820 4415 δὲ

1912 529 2086 573 Iuram
2114 513 2197 574 est
2229 521 2392 574 illius.
2432 521 2627 578 Nostra
2663 538 2792 578 vero
2838 524 2891 577 in
2957 539 3017 576 se
3071 537 3372 584 assumens.
3425 537 3489 574 ac

1911 608 2071 663 veluti
2127 611 2268 664 servi
2296 610 2525 664 formam
2565 624 2801 683 gestans,
2847 627 2966 680 qua:
3024 626 3297 664 servorum
3363 627 3496 663 sun.

1908 700 2009 754 sibi
2067 703 2525 767 accommodans,
2570 704 2697 756 dicit
2745 721 2758 756 :
2799 722 2817 754 ι
2864 704 2928 756 Ει
2979 704 3143 756 Deum
3201 718 3376 755 meum
3435 717 3495 754 eo

1912 789 2080 844 Deum
2118 800 2374 845 vestrum.
2415 813 2432 844 ι
2467 793 2798 848 Naturaliter
2824 795 3006 865 itaque
3039 794 3182 848 illius
3204 794 3360 847 Pater
3381 804 3485 856 est,

1911 894 2096 937 noster
2158 894 2334 938 autem
2407 886 2562 939 Deus.
2605 886 2670 939 Et
2719 887 3175 957 quandoquidem,
3205 895 3266 940 ut
3331 887 3489 939 modo

1911 975 2017 1027 dixi
2045 1016 2060 1039 ,
2094 991 2190 1044 per
2233 975 2429 1030 Filium
2461 978 2584 1032 facti
2628 993 2833 1042 sumus,
2873 979 3102 1048 primum
3147 988 3228 1032 est
3280 975 3440 1030 Pater
3470 1013 3488 1040 ,

1912 1079 1976 1119 ac
2012 1066 2205 1122 deinde
2269 1067 2447 1133 Deus,
2506 1069 2752 1138 quamvis
2823 1069 2984 1123 simul
3045 1079 3099 1124 et
3128 1068 3484 1135 coniunctim.

2264 1249 2493 1306 ALIUD.
2520 1249 2603 1303 Ea:
2631 1250 2917 1319 objectione
2944 1248 3215 1304 Eunomii.

1981 1365 2341 1429 Comet-num,
2371 1365 2566 1434 inquit,
2608 1365 2768 1420 etiam
2803 1379 2900 1418 nos
2941 1364 3084 1418 Patri
3137 1364 3330 1419 Filium
3369 1379 3488 1420 esse

1913 1459 2170 1523 fatemur,
2203 1467 2473 1526 quatenus
2503 1455 2818 1510 facultatem
2852 1455 2903 1508 in
2947 1469 3005 1510 se
3027 1455 3211 1510 habuit
3238 1456 3488 1526 gignendi

1913 1549 2078 1603 etiam
2126 1556 2412 1616 antequam
2437 1561 2558 1601 eum
2588 1545 2849 1615 gigneret.

2511 1773 2615 1845 41
2663 1772 2892 1829 Salutio.

1987 1886 2046 1941 Si
2095 1885 2323 1945 facultas
2359 1881 2652 1953 generandi
2705 1897 2810 1950 qua
2865 1881 3024 1935 Pater
3056 1881 3312 1950 praeditus
3347 1889 3486 1943 erat,

1915 1957 2242 2031 coasternutn
2269 1974 2316 2028 ei
2347 1971 2542 2026 Filium
2576 1971 2726 2035 facit,
2758 1987 2862 2024 non
2901 1980 3079 2026 autem
3122 1971 3290 2040 ipsius
3322 1969 3488 2040 geniti

1917 2068 2222 2138 praesentia,
2256 2065 2386 2135 quid
2438 2064 2672 2119 obstabit
2728 2063 3016 2134 quominus
3052 2063 3318 2130 dicamus,
3363 2077 3488 2117 cum

1917 2159 2142 2215 facultas
2173 2156 2395 2213 creandi
2426 2156 2587 2210 fuerit
2617 2171 2830 2226 semper
2867 2156 2922 2210 in
2962 2156 3091 2220 Deo,
3125 2164 3406 2209 creaturas
3437 2154 3487 2208 ei

1917 2253 2080 2306 etiam
2120 2259 2418 2304 coarternas
2447 2248 2604 2302 esse?
2637 2246 2694 2303 Si
2735 2248 2878 2302 enim
2929 2246 3066 2301 nuda
3097 2245 3329 2301 facultas
3367 2257 3491 2315 per-

1917 2343 2205 2398 fectionem
2253 2341 2417 2396 rebus
2459 2338 2633 2402 affert.
2672 2349 2820 2394 certe
2869 2346 3131 2394 creaturae
3168 2338 3332 2392 etiam
3375 2337 3492 2391 fue-

1917 2434 2029 2488 rint
2066 2434 2383 2502 priusquam
2423 2431 2636 2486 fierent.
2681 2430 2810 2484 Erat
2849 2431 2992 2484 enim
3026 2433 3078 2484 in
3121 2429 3377 2485 Creatore
3407 2431 3489 2482 fa-

1917 2525 2088 2579 cultas
2110 2538 2205 2579 eas
2229 2522 2484 2579 faciendi.
2513 2525 2580 2577 At
2605 2537 2734 2575 vero
2769 2523 2812 2576 si
2847 2523 2949 2577 boc
2977 2524 3270 2576 absurdum
3296 2531 3404 2589 est,
3436 2531 3491 2577 et

1917 2631 2076 2686 posse
2109 2631 2296 2670 creare
2331 2615 2498 2670 DCIIII]
2530 2627 2634 2666 11011
2680 2624 2760 2667 CSI
2797 2629 2982 2668 creare
3015 2624 3296 2668 creaturas
3321 2631 3335 2668 Ξ
3360 2629 3492 2685 ergo

1919 2724 2077 2779 posse
2099 2709 2321 2778 gignere
2350 2707 2584 2772 Patrem,
2620 2723 2724 2762 non
2767 2717 2852 2762 est
2883 2721 3005 2762 esse
3031 2705 3174 2772 Filii,
3215 2707 3308 2761 sed
3349 2705 3490 2775 quod

1920 2801 2254 2871 generative,
2287 2812 2338 2854 et
2367 2816 2430 2851 ex
2473 2800 2587 2866 ipso
2615 2801 2917 2854 secundum
2952 2809 3206 2852 naturam
3235 2814 3337 2852 una
3365 2813 3488 2852 cunt

1920 2893 2037 2961 ipso
2067 2903 2151 2946 est
2193 2899 2250 2945 et
2287 2900 2611 2950 coarternus,
2659 2889 2795 2944 sicut
2825 2905 2892 2946 ex
2929 2889 3054 2959 igne
3081 2891 3250 2956 calor,
3297 2901 3391 2945 aut
3420 2904 3489 2944 ex

1919 2982 2052 3037 ﬂore
2076 2981 2261 3035 suavis
2287 2981 2441 3035 odor.

2591 3090 2746 3146 ALIU
2763 3091 2821 3146 D.

1991 3204 2237 3258 Potentia
2274 3205 2387 3258 sive
2421 3204 2649 3259 facultas
2688 3203 2980 3274 generandi
3015 3203 3252 3258 nondum
3289 3203 3491 3258 exserit

1920 3294 2216 3350 efficaciam
2247 3309 2420 3348 suam.
2441 3294 2666 3360 Quando
2701 3295 2843 3348 enim
2869 3294 2989 3361 quis
3010 3294 3200 3364 gignit,
3233 3303 3345 3350 tum
3369 3304 3491 3350 actu

1921 3389 2108 3444 efﬁcax
2158 3398 2261 3442 est.
2300 3387 2416 3442 Non
2447 3389 2611 3458 igitur
2650 3389 2890 3456 potentia
2944 3390 3198 3460 gignendi
3237 3390 3290 3444 in
3333 3389 3493 3446 Patre

1921 3491 1998 3535 est
2037 3480 2343 3534 substantia
2383 3479 2526 3543 Filii,
2554 3479 2648 3534 sed
2676 3495 2743 3532 ex
2770 3493 2835 3533 eo
2861 3483 3002 3548 quod
3034 3480 3196 3535 Pater
3221 3490 3302 3536 est
3329 3480 3490 3546 Deus,

1921 3574 2084 3628 etiam
2125 3573 2178 3627 id
2216 3572 2358 3642 quod
2385 3588 2453 3626 ex
2492 3587 2557 3627 eo
2596 3583 2703 3634 est,
2745 3572 3085 3642 intelligitur,
3123 3589 3219 3641 per
3259 3577 3402 3642 quod
3437 3584 3492 3628 et

1921 3665 2081 3720 Pater
2116 3675 2218 3719 est.
2257 3665 2314 3720 Si
2355 3675 2534 3719 autem
2579 3663 2739 3719 simul
2782 3674 2908 3717 sunt
2948 3663 3108 3718 Pater
3141 3675 3192 3718 et
3224 3666 3381 3728 Deus.
3421 3666 3493 3717 si-

1922 3756 2032 3810 mul
2061 3771 2275 3825 quoque
2307 3766 2360 3811 et
2394 3755 2583 3819 Filius,
2617 3770 2948 3810 concurrens
2982 3771 3087 3808 una
3122 3771 3242 3810 cum
3276 3756 3491 3810 aeterni-

1921 3857 2031 3901 tate
2072 3847 2270 3913 Patris,
2306 3862 2518 3918 unaque
2554 3849 2868 3917 productus,
2927 3857 2986 3901 ut
3035 3857 3284 3902 servetur
3328 3846 3492 3902 Geni-

1923 3941 2024 3993 tori
2059 3954 2178 3994 esse
2205 3937 2438 3994 Patrem.

2218 4051 2446 4108 ALIUD.
2493 4051 2575 4106 Ex.
2598 4051 2886 4120 objectione
2913 4049 3181 4104 Eunomii.

1993 4185 2050 4241 Si
2083 4202 2148 4241 ex
2183 4197 2385 4252 vestra,
2422 4188 2619 4255 inquit,
2647 4186 2736 4255 qui
2772 4200 2866 4238 vos
2894 4194 3040 4240 recte
3069 4183 3271 4239 sentire
3289 4184 3490 4250 dicitis,

1921 4277 2189 4331 sententia
2230 4288 2536 4331 coaeternus
2558 4288 2638 4331 est
2670 4275 2838 4329 Filius
2860 4275 3025 4340 Patri,
3059 4291 3330 4346 nunquam
3362 4291 3493 4330 vero

1920 4369 2109 4425 efficax
2160 4369 2261 4424 fttit
2292 4369 2454 4424 Pater
2490 4370 2556 4424 ad
2597 4371 2919 4441 gignendum
2954 4370 3249 4438 ipsum,sed
3280 4384 3494 4440 semper

242 4469 439 4539 ἀργὸς,
481 4469 595 4531 πῶς
620 4463 714 4520 οὖν
745 4465 1042 4536 ἐγεννήθης
1073 4464 1136 4516 Εἰ
1159 4461 1214 4515 δὲ
1235 4461 1458 4530 γέγονεν
1485 4457 1708 4528 ἐνεργὸς
1729 4456 1814 4509 καὶ

1926 4463 2149 4528 otiosus,
2211 4477 2317 4530 quo
2347 4472 2502 4531 pacto
2528 4476 2659 4531 ergo
2692 4464 2905 4532 genitus
2943 4463 3066 4516 est?
3101 4461 3160 4516 Si
3197 4473 3376 4517 autem
3411 4461 3493 4515 ef-

241 4558 456 4623 ετεκεν,
485 4558 657 4628 ἀρχὴν
688 4559 799 4623 ’έξει
833 4559 1047 4619 πάντως
1078 4553 1173 4608 τοῦ
1201 4548 1337 4607 εἶναι
1371 4551 1434 4605 τὸ
1469 4548 1746 4619 γεννηθέν.

729 4754 891 4824 Πρὸς
921 4755 1098 4810 τοῦτο
1133 4753 1335 4819 λύσις.

317 4891 382 4943 Ei
418 4890 517 4960 μὲν
547 4871 683 4961 περί
704 4905 849 4949 τινος
876 4888 984 4941 τῶν
1016 4884 1398 4957 πεποιημένων
1425 4886 1452 4938 ὁ
1484 4883 1640 4951 λόγος
1667 4877 1756 4954 ἦν,
1776 4875 1821 4933 ὦ

238 4975 415 5047 οὗτοι,
444 4982 626 5044 καλῶς
662 4981 897 5052 ἐργάτην
928 4981 1059 5051 ἡμῖν
1101 4978 1383 5049 είσφέρετε
1416 4979 1508 5029 τὸν
1547 4976 1698 5041 Θεὸν,
1727 4975 1821 5028 καὶ

238 5074 367 5144 οὐχὶ
395 5073 594 5144 μᾶλλον
622 5073 943 5142 γεννήτορα.
961 5070 1181 5144 Ἐπειδὴ
1207 5071 1264 5123 δὲ
1290 5071 1389 5123 οὐκ
1414 5068 1672 5140 ἐργασίαν
1699 5067 1822 5121 τινὰ

236 5141 573 5236 γεγενῆσθαι
617 5141 782 5234 παρᾶ
817 5161 908 5216 τοῦ
957 5141 1177 5233 Πατρὸςγ
1215 5159 1581 5232 ὁμολογοῦμεν
1621 5160 1700 5222 είς
1730 5159 1820 5211 τὸν

239 5260 376 5312 Υίὸν
400 5255 749 5327 (γεγενῆσθαι
769 5255 878 5326 γὰρ
899 5254 1060 5308 αὐτὸν
1083 5256 1147 5308 ἐκ
1170 5254 1267 5324 τῆς
1281 5252 1487 5318 οὐσίας,
1502 5252 1602 5304 οὐκ
1625 5249 1821 5317 ἔξωθεν

234 5350 572 5421 πεποιῆσθαί
603 5347 838 5420 φαμεν),
869 5347 986 5412 πῶς
1017 5348 1076 5400 οὺ
1109 5346 1402 5419 διαρρήδην
1429 5342 1824 5414 βλασφημεῖτε,

234 5445 494 5513 λέγοντες
525 5443 745 5516 ἐνεργὸν
785 5441 1111 5512 γεγενῆσθαί
1140 5457 1272 5494 ποτε
1311 5439 1401 5492 τὸν
1428 5439 1650 5507 Πατέρα
1694 5438 1821 5508 περὶ

233 5537 340 5607 τὴν
365 5536 623 5606 γέννησιν
642 5534 739 5588 τοῦ
761 5534 914 5599 Υἱοῦ,
939 5532 1130 5588 τοῦτον
1154 5532 1256 5585 οὐκ
1289 5529 1520 5601 ἐχούσης
1543 5529 1635 5582 τὸν
1658 5527 1822 5598 νόμον

236 5628 342 5697 τῆς
373 5628 683 5698 γεννήσεως
717 5625 837 5680 οὐδὲ
877 5627 963 5694 ἐφ’
995 5623 1186 5695 ἡμῶν;
1215 5623 1296 5676 Τὰ
1332 5623 1430 5694 μὲν
1458 5621 1567 5692 γὰρ
1600 5619 1819 5686 ἔξωθεν,

234 5720 617 5792 ιργαςόμεθα·
680 5719 934 5792 τίκτομεν
985 5717 1040 5771 δὲ
1097 5717 1162 5771 τὰ
1213 5715 1273 5784 ιξ
1324 5715 1548 5771 ἑαυτῶν.
1612 5714 1821 5770 Οὐκοῦν

1924 4552 2059 4607 lica:
2109 4553 2209 4606 fuit
2242 4564 2297 4607 et
2347 4562 2468 4606 actu
2502 4554 2686 4622 genuit
2722 4549 2759 4606 z'
2780 4568 3002 4608 necesse
3041 4553 3262 4608 omnino
3295 4561 3398 4616 est,
3435 4561 3495 4607 ut

1923 4644 2065 4699 uuod
2100 4643 2338 4714 genitum
2365 4655 2446 4698 est
2475 4645 2773 4698 exsistentli
2803 4644 3130 4713 principium
3169 4643 3382 4698 habeat.

2593 4755 2822 4812 Salutio.

1985 4893 2050 4948 Si
2099 4894 2164 4948 de
2210 4905 2585 4949 creaturarum
2629 4893 2810 4964 aliqua
2855 4909 3035 4950 sermo
3069 4903 3232 4957 esset,
3269 4907 3303 4948 ο
3343 4891 3489 4958 boni,

1925 4996 2073 5041 recte
2102 4987 2351 5055 opificem
2393 4988 2550 5040 nobis
2578 4986 2906 5041 induc-cretis
2941 4984 3132 5048 Deum,
3171 4995 3226 5040 et
3262 5000 3368 5039 non
3397 5000 3493 5054 po-

1925 5078 2033 5132 tius
2082 5079 2400 5146 genitorem.
2443 5079 2709 5132 Caelerum
2751 5093 2874 5132 cum
2917 5093 3021 5132 non
3052 5092 3188 5147 opus
3226 5077 3492 5146 quoddam

1924 5168 2118 5222 Filium
2165 5185 2194 5222 a
2233 5169 2391 5222 Patre
2442 5168 2644 5224 factum
2689 5183 2811 5223 esse
2851 5167 3198 5237 profiteamur
3231 5165 3492 5235 (genitum

1921 5262 2067 5314 enim
2103 5262 2273 5328 ipsum
2317 5275 2384 5315 ex
2427 5259 2728 5314 substantia
2769 5259 2966 5323 Patris,
3009 5273 3116 5312 non
3150 5258 3495 5312 extrinsecus

1924 5349 2124 5402 facttnn
2181 5349 2472 5419 dicimus),
2516 5364 2626 5418 quo
2669 5359 2828 5418 pacto
2876 5363 2984 5402 non
3037 5346 3320 5402 manifeste
3374 5347 3494 5402 bla-

1924 5439 2133 5508 sphemi
2183 5439 2339 5500 estis,
2397 5439 2638 5494 dicentes
2689 5449 3027 5509 operatorem
3081 5439 3374 5507 aliquando
3421 5439 3494 5492 fa-

1923 5539 2069 5584 ctum
2123 5530 2291 5586 fuisse
2321 5529 2537 5586 Patrem
2580 5533 2729 5586 circa
2759 5530 3162 5602 generationem
3194 5528 3339 5592 Filii,
3368 5545 3491 5585 cum

1923 5624 2202 5690 generatio
2229 5622 2392 5678 etiam
2421 5623 2475 5678 in
2509 5624 2666 5678 nobis
2692 5625 2832 5678 hanc
2863 5623 3034 5694 legem
3066 5636 3174 5678 non
3203 5622 3493 5678 observet?

1923 5712 2032 5786 42
2064 5713 2368 5787 Operamur
2398 5717 2540 5772 enim
2574 5731 2693 5787 qua:
2715 5726 2870 5772 astra
2906 5730 3007 5771 nos
3035 5723 3159 5771 sunt
3184 5732 3197 5769 :
3224 5712 3494 5785 gignimus
