3876 6208
375 336 435 385 Ἠ
1354 329 1412 384 S.
1449 328 1726 385 CYRILLI
1767 326 2236 384 ALEXANDRINI
2274 327 2598 384 ARCHIEP.
2860 362 2869 374 -
3579 329 3651 383 72

374 456 494 510 qtue
529 455 592 495 ex
636 441 791 495 nobis
829 439 980 511 ipsis.
1010 440 1144 494 Cum
1181 442 1344 512 igitur
1373 441 1541 497 Filius
1575 459 1678 496 non
1708 443 1778 495 sit
1803 456 1958 510 opus,

2085 442 2361 513 μπειδήπερ
2383 443 2482 496 οὐκ
2506 444 2665 514 ἔργον
2687 443 2835 496 ἐστὶν
2863 443 2891 495 ὁ
2921 441 3069 503 Υἱὸς,
3098 438 3343 509 γέννημα
3365 437 3421 490 δὲ
3447 438 3654 508 μᾶλλον

375 536 467 590 sed
515 535 699 604 potius
737 535 986 602 genimen
1038 536 1228 589 aeterni
1294 537 1495 602 Patris,
1534 547 1755 607 paterna
1799 535 1960 588 etiam

377 625 653 680 nobilitate
701 627 960 696 praeditus
1010 627 1138 692 erit,
1193 636 1427 683 internus
1483 629 1753 682 cxsistcns
1796 624 1964 678 Filius

378 727 436 770 ut
466 717 574 770 ille.

1045 826 1287 884 ALIUD.

411 936 526 996 'Ne
571 941 735 998 nimis
789 943 1115 998 contentiosi
1167 959 1291 997 esse
1336 943 1650 1006 videamur,
1706 943 1962 998 dabimus

379 1031 624 1088 hostibus
658 1033 755 1088 Dei
797 1036 1107 1090 dicentibus
1137 1037 1370 1088 activam
1411 1050 1533 1090 esse
1562 1038 1962 1105 generatioiiem

382 1123 524 1190 Filii,
578 1127 720 1194 quod
779 1142 884 1180 non
936 1127 1305 1196 expassione
1340 1128 1588 1196 genuerit
1630 1127 1808 1180 Pater.
1857 1126 1963 1180 Sed

378 1218 835 1286 quemadmodum
888 1228 970 1272 est
1028 1219 1228 1282 activa,
1267 1221 1337 1272 ita
1383 1219 1544 1272 etiam
1594 1221 1857 1274 naturalis
1913 1227 1965 1274 et

379 1310 703 1373 essentialis,
741 1321 793 1364 et
834 1310 904 1364 ab
938 1311 1219 1380 bypostasi
1265 1309 1382 1378 ejus
1423 1312 1817 1378 inseparabilis.
1863 1311 1966 1365 Ne-

379 1403 676 1457 cessarium
729 1404 893 1473 igitur
934 1408 1157 1457 omnino
1201 1415 1304 1467 est,
1347 1405 1556 1457 tametsi
1602 1404 1762 1458 Pater
1791 1406 1965 1458 active

380 1495 577 1550 Filium
638 1505 884 1567 generet,
945 1505 1073 1550 ‘esse
1117 1495 1280 1564 plane
1326 1507 1657 1550 cozelernum
1711 1497 1961 1551 :dictum

381 1587 525 1641 enim
560 1596 644 1642 est
718 1589 893 1656 ipsum
929 1589 1153 1657 gignere
1184 1605 1210 1640 a
1252 1589 1472 1656 propria
1499 1588 1665 1656 ipsius
1691 1590 1964 1659 bypostasi

381 1682 620 1748 separari
659 1696 764 1734 nou
796 1696 974 1750 posse.
1007 1681 1140 1734 Cum
1179 1696 1307 1735 vero
1335 1681 1449 1749 ejus
1491 1682 1795 1750 bypostasis
1826 1699 1966 1736 scm-

383 1785 480 1838 per
512 1771 602 1836 sit,
650 1771 756 1825 erit
797 1771 960 1825 etiam
997 1786 1215 1841 semper
1249 1787 1316 1826 ex
1361 1783 1552 1826 natura
1581 1774 1748 1843 ipsius
1775 1789 1965 1842 proce-
1994 1803 2037 1858 Β

384 1865 516 1918 dens
554 1863 782 1920 fructus.
820 1865 1100 1929 Quomodo
1144 1867 1310 1935 igitur
1354 1881 1459 1920 non
1504 1867 1610 1921 erit
1663 1876 1964 1921 coaeternus

384 1955 586 2012 Filius?

1058 2069 1294 2127 ALIUD.

457 2185 654 2242 Videre
700 2196 780 2242 est
819 2187 872 2241 in
912 2187 980 2241 iis
1012 2202 1135 2256 qua:
1185 2201 1214 2239 a
1263 2187 1371 2240 Deo
1409 2196 1591 2240 creata
1632 2195 1780 2250 sunt,
1823 2188 1967 2256 quod

383 2295 722 2350 quaecunque
787 2280 1080 2348 generandi
1143 2278 1455 2332 facultatem
1517 2280 1711 2346 partite
1772 2279 1971 2334 habent

387 2372 523 2444 (haec
547 2373 693 2424 enim
724 2386 1012 2438 corporum
1051 2371 1134 2424 lex
1166 2373 1293 2438 est),
1336 2381 1392 2424 et
1424 2373 1640 2439 quando
1671 2369 1736 2422 ad
1765 2379 1968 2422 certam

384 2466 561 2520 aetatis
615 2479 926 2518 mensuram
980 2465 1350 2532 pervenerint,
1399 2473 1513 2518 tum
1568 2463 1798 2532 primum
1847 2470 1970 2516 actu

385 2572 648 2627 generare
675 2572 853 2628 posse,
885 2566 942 2610 ut
967 2557 1156 2619 homo,
1183 2557 1403 2610 brutum
1441 2553 1664 2616 animal,
1693 2563 1749 2607 et
1765 2553 1968 2622 planta.

388 2651 514 2704 Haec
563 2650 708 2704 enim
759 2664 881 2702 cum
935 2649 1115 2702 adhuc
1153 2662 1318 2715 parva
1369 2646 1500 2710 sint,
1548 2661 1652 2699 nou
1701 2647 1968 2715 gignunt:

387 2743 478 2797 ubi
515 2755 643 2795 vero
684 2741 921 2809 perfeCta
954 2749 1086 2794 aetas
1125 2740 1376 2803 accessit,
1415 2739 1661 2806 gignunt.
1703 2737 1840 2803 Quid
1870 2739 1972 2808 igi-

387 2843 479 2887 tur
534 2832 810 2888 obsliterit
857 2832 1146 2902 quominus
1205 2829 1508 2883 substantia
1580 2827 1792 2890 Patris,
1850 2843 1970 2881 cum

386 2924 629 2997 perfecta
668 2925 758 2990 sit,
803 2923 1055 2994 genuerit
1105 2938 1169 2975 ex
1206 2937 1266 2976 se
1316 2923 1453 2975 citra
1496 2930 1707 2990 tempus
1750 2931 1974 2974 coaeter-

389 3034 518 3072 num
561 3016 662 3071 sibi
702 3015 997 3084 genimen?
1037 3013 1221 3084 Neque
1257 3014 1402 3070 enim
1449 3013 1733 3082 quisquam
1779 3012 1976 3066 dixerit

388 3109 751 3166 substantiam
783 3109 878 3163 Dei
910 3106 1210 3178 perfectam
1243 3107 1299 3160 in
1345 3115 1589 3175 tempore
1620 3104 1822 3160 fuisse:
1849 3120 1972 3160 cum

389 3217 606 3272 semper
654 3201 844 3255 eodem
889 3202 1051 3254 modo
1098 3213 1159 3253 se
1194 3198 1413 3263 habeat,
1459 3209 1642 3267 neque
1683 3207 1974 3265 augmento

390 3295 501 3350 ullo
529 3304 706 3364 egeat,
747 3307 923 3362 neque
961 3291 1135 3346 minui
1175 3291 1283 3344 ulla
1326 3290 1538 3344 ratione
1575 3290 1765 3358 possit.
1803 3288 1977 3357 Opor-

389 3389 496 3442 tuit
529 3385 718 3456 itaque
763 3385 1021 3440 demirari
1055 3399 1148 3438 eos
1195 3382 1299 3435 nisi
1343 3390 1671 3436 coaeternum
1707 3389 1827 3434 erat
1867 3379 1977 3434 Deo

392 3483 445 3537 id
480 3481 624 3551 quod
665 3495 732 3535 ex
764 3494 828 3534 eo
855 3478 1124 3548 procedit,
1171 3492 1278 3530 non
1323 3491 1389 3530 ex
1421 3473 1714 3529 contrariis
1748 3474 1978 3528 interro-

393 3589 524 3646 gare
553 3574 708 3637 illud,
752 3572 980 3638 Quando
1003 3571 1193 3640 genuit
1222 3568 1455 3622 Filium?
1484 3567 1629 3620 Patri
1659 3567 1804 3620 enim
1839 3580 1978 3619 sem-

395 3682 492 3736 per
523 3665 798 3735 perfecto,
834 3662 1408 3718 convenientissimum
1449 3668 1533 3714 est
1570 3661 1637 3714 ab
1667 3669 1870 3712 aeterno
1909 3660 1980 3712 ci-

398 3775 478 3817 tra
503 3770 718 3831 tempus
745 3774 1028 3832 generare.

1072 3869 1303 3925 ALIUD.

466 3989 874 4047 Contentiosius
921 3989 1064 4042 ’vero
1127 3982 1590 4054 interrogantibus
1639 3999 1652 4034 :
1697 3981 1777 4034 An
1823 3979 1985 4035 Pater

395 4086 691 4156 aliquando
726 4083 981 4154 genuerit
1019 4078 1238 4142 Filium,
1282 4079 1442 4146 objici
1482 4084 1677 4145 potest,
1717 4089 1782 4128 ac
1823 4073 1929 4127 dici
1965 4091 1979 4126 :

398 4177 624 4246 Quando
653 4175 793 4246 ignis
823 4188 983 4228 urere
1013 4171 1262 4240 cceperit.
1308 4168 1414 4222 Sed
1448 4184 1555 4221 non
1594 4174 1846 4235 poterunt
1881 4165 1981 4217 bu-

396 4271 484 4342 jus
530 4269 742 4324 initium
797 4273 1147 4320 monstrare:
1182 4261 1341 4316 simul
1393 4275 1459 4314 ac
1500 4260 1645 4312 enim
1684 4257 1859 4310 factus
1901 4266 1987 4309 est

402 4359 564 4430 ignis,
603 4357 794 4411 urendi
831 4355 1058 4408 facultas
1089 4351 1138 4405 ei
1174 4351 1358 4405 infuit.
1403 4349 1462 4402 Si
1500 4362 1632 4416 ergo
1661 4345 1926 4400 creaturis
1951 4359 1982 4398 a

402 4451 513 4505 Deo
545 4450 702 4504 factis
731 4457 787 4500 et
819 4460 962 4509 esse,
998 4452 1054 4497 et
1083 4457 1148 4496 eo
1177 4443 1336 4496 modo
1366 4455 1488 4495 esse
1509 4443 1669 4504 inest,
1698 4437 1828 4508 quid
1856 4451 1984 4505 pro-

2064 533 2236 586 ἀϊδίου
2274 534 2507 606 Πατρδς,
2541 535 2651 600 ἕξει
2691 533 2893 604 δηλαδὴ
2927 531 3020 585 τοῦ
3049 529 3301 592 τεκῦντος
3343 530 3443 600 τὴν
3490 530 3655 597 εὑγέ-

2065 645 2234 692 νειαν,
2270 629 2440 692 ἀΐδιος
2471 628 2546 681 ὢν
2577 627 2652 691 ὡς
2682 630 2906 690 ἐκεῖνος.
3318 620 3322 624 ’

2752 827 2960 878 ΑΛΛΟ.

2139 938 2256 992 Ἵνα
2302 939 2378 1009 μὴ
2428 940 2632 1010 σφόδρα
2685 941 2979 1008 φιλόνεικοί
3007 959 3150 1006 τινες
3193 938 3332 995 εἶναι
3382 941 3653 1012 δοκῶμεν,

2067 1031 2450 1101 συνθησόμεθα
2497 1037 2610 1096 τοῖς
2659 1035 3050 1105 χριστομὰχοις
3103 1034 3460 1106 ὲνεργητικὴν
3511 1033 3656 1089 εἶναι

2064 1124 2282 1192 λέγουσι
2311 1125 2408 1196 τὴν
2439 1127 2691 1196 γέννησιν
2719 1126 2812 1179 τοῦ
2849 1127 2999 1190 Υίοῦ,
3035 1128 3122 1181 διὰ
3158 1130 3220 1181 τὸ
3253 1129 3327 1200 μὴ
3356 1131 3419 1181 ὲκ
3446 1129 3656 1191 πάθους

2064 1217 2345 1269 τετοκέναι
2371 1218 2461 1270 τὸν
2485 1219 2724 1288 Πατέρα.
2744 1217 2883 1270 Ἀλλ’
2909 1219 3098 1290 ὥσπερ
3123 1219 3269 1271 ἐστὶν
3299 1221 3654 1290 ὲνεργητικὴ,

2065 1311 2208 1364 οὕτω
2235 1310 2297 1380 δὴ
2327 1313 2529 1381 φυσική
2557 1329 2615 1363 τε
2637 1311 2730 1364 καὶ
2761 1309 3045 1380 οὑσιώδης,
3065 1312 3158 1364 καὶ
3181 1312 3278 1381 τῆς
3301 1312 3657 1374 ὑποστάσεως

2066 1399 2649 1471 ἀχώριστος.Ἀνάγκη
2691 1400 2999 1470 τοιγαροῦν,
3033 1399 3136 1453 κᾶν
3187 1400 3320 1471 τέκῃ
3381 1400 3472 1453 τὸν
3528 1400 3656 1453 Υίὸν

2066 1493 2436 1565 ὲνεργητικῶς
2467 1495 2494 1545 ὁ
2527 1492 2734 1563 Πατὴρ,
2763 1489 2901 1545 εἷναι
2928 1494 3142 1554 πάντως
3165 1491 3324 1545 αὑτὸν
3351 1493 3652 1545 συναῖδιον·

2068 1587 2394 1656 προείρηται
2423 1588 2532 1656 γὰρ
2565 1585 2647 1637 ὅτι
2670 1585 2770 1655 τῆς
2803 1586 2940 1647 ἰδίας
2971 1584 3320 1644 ὑποστάσεως
3349 1584 3658 1654 ἀχώριστον

2069 1683 2180 1752 ἔχει
2202 1682 2262 1734 τὸ
2287 1681 2512 1734 τίκτειν.
2541 1677 2722 1748 Οὔσης
2751 1678 2808 1731 δὲ
2835 1680 2920 1731 ἀεὶ
2947 1678 3048 1747 τῆς
3079 1678 3430 1740 ὑποστάσεως
3461 1677 3654 1740 αὑτοῦ,

2069 1774 2208 1830 εἶναι
2245 1777 2326 1828 δεῖ
2357 1777 2570 1836 πάντως
2599 1773 2694 1825 καὶ
2733 1772 2793 1824 τὸ
2839 1771 2898 1836 ἐξ
2938 1772 3108 1843 αὑτῆς
3144 1771 3408 1843 προελθὸν
3438 1770 3656 1840 φύσεως

2069 1870 2315 1938 ὑπάρχον
2363 1867 2595 1939 καρπός.
2628 1865 2753 1929 Πῶς
2805 1860 2898 1918 οῦν
2951 1865 3052 1918 οὑκ
3106 1863 3258 1917 ἔσται
3312 1864 3577 1926 συναῖδιος
3623 1866 3658 1917 ὁ

2068 1965 2194 2029 Υἱός
2216 1983 2228 2028 ;

2750 2075 2957 2128 ΑΛΛΟ.

2152 2191 2398 2263 Ὀρῶμεν
2426 2191 2482 2242 ὲν
2510 2192 2620 2253 τοῖς
2653 2188 3042 2259 πεποιημένοις
3087 2187 3234 2258 παρὰ
3258 2186 3430 2256 ξΘεοῦ,
3461 2187 3658 2257 ὅτιπερ

2069 2287 2169 2340 ὃσα
2203 2284 2297 2338 τοῦ
2326 2285 2521 2354 γεννᾷν
2553 2283 2652 2354 τὴν
2682 2283 2910 2352 δύναμιν
2938 2282 3048 2352 ἔχει
3087 2281 3504 2352 μεμερισμένως
3533 2279 3549 2348 (
3567 2272 3660 2332 οὗ·

2071 2397 2162 2441 τος
2194 2379 2303 2448 γὰρ
2353 2377 2620 2447 σωμάτων
2659 2375 2865 2447 νόμος),
2902 2376 2996 2428 καὶ
3039 2376 3164 2428 ὅταν
3196 2377 3274 2436 είς
3307 2373 3504 2443 μέτρον
3535 2371 3660 2440 ἡλι-

2073 2473 2196 2535 κίας
2224 2471 2352 2541 ἔλθῃ
2381 2469 2630 2540 φανερὸν,
2655 2469 2775 2520 τότε
2807 2467 2903 2520 καὶ
2923 2467 3144 2538 ἐνεργὸν
3175 2467 3312 2535 ἴσχει
3339 2463 3400 2516 τὸ
3428 2464 3659 2524 τίκτειν,

2073 2558 2184 2616 οἷον
2212 2561 2514 2632 ἄνθρωπος,
2543 2559 2682 2624 ζῶον
2731 2559 2945 2626 ἄλογον,
2974 2558 3065 2610 καὶ
3113 2557 3294 2625 φυτόν.
3327 2552 3509 2608 Ταῦτα
3550 2553 3660 2622 γὰρ

2078 2653 2250 2724 μικρὰ
2277 2654 2427 2715 ὄντα,
2460 2653 2665 2706 τίκτειν
2697 2653 2756 2705 οὑ
2789 2652 3047 2705 δύναται·
3077 2649 3426 2718 τελειοὺμενα
3456 2646 3533 2708 δὲ,
3564 2645 3666 2698 καὶ

2073 2747 2232 2802 τοῦτο
2266 2750 2430 2800 ποιεῖ.
2462 2746 2527 2798 Τί
2551 2743 2644 2800 οῦν
2670 2746 2874 2799 ἐκώλυε
2898 2743 3106 2796 τελείαν
3149 2737 3314 2795 οὖσαν
3342 2740 3438 2811 τὴν
3471 2738 3664 2791 οὑσίαν

2073 2839 2168 2893 τοῦ
2193 2840 2404 2909 Πατρὸς
2425 2840 2628 2892 τίκτειν
2651 2839 2712 2892 τὸ
2734 2838 2792 2904 ἐξ
2823 2839 2994 2908 αὐτῆς
3017 2836 3258 2906 ἀχρόνως
3287 2833 3363 2897 ὡς
3393 2832 3664 2886 συναῖδιον

2075 2934 2244 3004 αὐτῇς
2301 2933 2374 2986 Οὐ
2409 2932 2517 3003 γὰρ
2545 2933 2715 3004 δήπου
2749 2933 2971 3001 φήσειεν
2997 2931 3064 2984 ἄν
3088 2948 3170 2991 τις
3203 2929 3277 2992 ὡς
3307 2929 3363 2982 ὲν
3393 2927 3570 2998 χρόνῳ
3601 2925 3668 2977 τὺ

2075 3025 2278 3079 τέλειον
2332 3025 2489 3096 ἔσχεν
2539 3027 2570 3095 ή
2628 3025 2722 3078 τοῦ
2773 3024 2986 3094 Πατρὸς
3037 3021 3216 3084 οὐσία,
3260 3021 3347 3074 ἀεὶ
3399 3017 3668 3080 ὡσαύτως

2078 3119 2296 3190 ἔχουσα,
2345 3119 2438 3170 καὶ
2489 3117 2613 3170 οὕτε
2675 3116 2991 3186 προσθήκης
3039 3115 3184 3177 τινὸς
3237 3113 3485 3182 δεομένη,
3539 3109 3668 3162 οὔτε

2085 3210 2308 3280 μείωσιν
2363 3211 2663 3278 ὑποστῆναι
2715 3208 3166 3278 δυναμένη.”Εδει
3206 3204 3495 3274 τοιγαροῦν
3525 3205 3672 3257 ἀπο-

2082 3301 2379 3370 θαυμάζειν
2412 3300 2629 3363 αὐτοὺς,
2665 3301 2714 3351 εί
2747 3300 2821 3369 μὴ
2867 3299 3135 3352 συναῒδιον
3168 3293 3236 3368 ἦν
3266 3296 3344 3367 τῷ
3371 3295 3489 3365 Θεῷ
3516 3293 3578 3346 τὸ
3607 3295 3671 3361 ἐξ

2079 3393 2267 3456 αὑτοῦ,
2297 3393 2396 3445 οὑκ
2426 3394 2491 3444 ἐκ
2523 3393 2633 3446 τῶν
2672 3393 2931 3445 ἐναντίων
2970 3392 3254 3462 ἐπερωτᾷν
3294 3391 3376 3455 τὺ,
3409 3388 3543 3441 Πότε
3569 3404 3674 3455 γε·-

2081 3488 2311 3556 γέννηκε
2341 3487 2430 3540 τὸν
2460 3487 2617 3550 Υἱὸνς
2648 3487 2738 3556 Τῷ
2768 3487 2878 3556 γὰρ
2908 3487 2994 3539 ἀεὶ
3028 3484 3218 3555 τελείῳ
3253 3482 3428 3553 Πατρὶ
3454 3481 3513 3534 τὸ
3539 3497 3675 3549 γεν-

2082 3580 2178 3648 νᾷν
2205 3578 2448 3650 ἁχρὸνως
2478 3578 2950 3650 πρεπωδέστατον.

2770 3863 2972 3915 ΑΛΛΟ.
3025 3857 3028 3860 ’

2157 3979 2282 4042 Τοῖς
2314 3977 2611 4048 διερωτῶσι
2645 3975 2993 4048 φιλονεικώτε
3004 3992 3094 4046 ρον
3115 4016 3130 4039 ,
3168 3974 3396 4043 πότερόν
3422 3991 3553 4028 ποτε
3575 3993 3678 4045 γε-

2085 4072 2316 4141 γέννηκε
2344 4071 2434 4123 τὸν
2475 4071 2601 4124 Υῑὸν
2635 4072 2662 4123 ὁ
2691 4068 2898 4140 Πατὴρ,
2931 4067 3222 4120 ἀκόλουθον
3250 4067 3544 4121 ἀντιθεῖναι
3578 4074 3682 4123 καὶ

2084 4164 2295 4232 λέγειν·
2333 4163 2468 4216 Πότε
2512 4162 2573 4215 τὸ
2623 4161 2734 4231 πῦρ
2771 4160 2866 4214 τοῦ
2915 4161 3088 4214 καίειν
3121 4159 3358 4230 ἦρξατο;
3401 4160 3541 4213 Ἀλλ’
3575 4164 3683 4231 οὑχ

2087 4260 2379 4328 εὑρήσουσι
2430 4255 2597 4319 δεῖξαι
2634 4255 2842 4325 ,τούτου
2896 4254 2996 4324 τὴν
3033 4254 3239 4324 ἀρχήν·
3295 4254 3409 4323 ἃμα
3451 4271 3512 4307 τε
3565 4255 3682 4327 γὰρ

2087 4352 2302 4418 ἐγένετο
2333 4349 2465 4420 πῦρ,
2497 4351 2591 4402 καὶ
2632 4345 2700 4419 ἦν
2730 4348 3041 4402 καυστικόν.
3073 4348 3137 4398 Ei
3161 4346 3340 4400 τοίνυν
3368 4349 3480 4409 τοῖς
3521 4349 3684 4418 παρὲ

2087 4443 2221 4496 Θεοῦ
2257 4443 2643 4513 πεποιημένοις
2669 4441 2803 4511 ὁμοῦ
2838 4441 2934 4494 καὶ
2961 4441 3022 4493 τὸ
3048 4436 3188 4494 εἶναι
3219 4440 3312 4494 καὶ
3343 4439 3568 4493 τοιῶσδε
3599 4437 3684 4492 εἷ-

404 4543 610 4599 hibebit
656 4542 951 4610 quominus
1007 4539 1276 4592 fateamur
1302 4534 1522 4588 Patrem
1571 4532 1828 4601 operibus
1871 4531 1974 4584 suis

2089 4553 2176 4588 ναι
2209 4535 2464 4604 ὑπάρχει,
2496 4533 2549 4585 τί
2597 4533 2830 4585 κωλύσει
2865 4530 3086 4602 μείζονα
3115 4531 3223 4585 τῶν
3251 4533 3466 4584 οἰκείων
3497 4532 3685 4602 ἔργων

404 4637 664 4705 majorem
720 4649 862 4697 esse,
922 4631 1192 4699 simulque
1249 4637 1303 4683 et
1351 4642 1498 4692 esse,
1558 4624 1863 4692 Filiumque
1919 4637 1988 4675 ex

404 4731 582 4800 scipso
611 4728 850 4799 genitum
887 4722 1126 4779 habere?

774 4873 1349 4969 ASSERTIO
1431 4877 1592 4965 VI.

404 5037 511 5110 43
536 5033 688 5102 Quod
714 5031 878 5085 Pater
899 5030 1029 5109 citra
1056 5026 1359 5106 divisionem
1378 5025 1583 5110 eteitra
1605 5025 1990 5094 corruptionem

795 5119 859 5156 ex
907 5101 1075 5167 seipso
1107 5097 1341 5167 genuerit
1377 5094 1598 5148 Filium.

870 5212 1105 5281 Objectio
1142 5226 1208 5266 ea;
1245 5209 1530 5264 Eunomia.

477 5335 550 5390 At
579 5332 874 5404 quomodo,
910 5328 1106 5397 inquit,
1161 5341 1268 5381 non
1305 5325 1466 5379 fuerit
1508 5324 1870 5379 necessarium
1912 5322 1992 5376 fa-

408 5430 512 5483 teri
545 5427 864 5481 diminutam
911 5439 1031 5477 esse
1075 5420 1252 5474 Patris
1301 5419 1687 5480 substantiam,
1724 5417 1767 5469 si
1816 5432 1884 5471 ex
1925 5431 1989 5470 ea

412 5517 674 5588 processit
705 5513 874 5568 Filius
894 5512 1046 5582 quasi
1088 5527 1215 5580 pars
1251 5511 1494 5578 quadam
1529 5507 1646 5575 ejus
1679 5507 1990 5563 exsistens?

413 5615 470 5668 Si
507 5622 688 5664 autem
710 5608 874 5663 vultis
901 5607 1051 5662 Patri
1081 5603 1572 5659 immutabilitatem
1600 5616 1840 5664 servare,
1873 5601 1993 5654 titil-

416 5709 559 5778 quue
616 5701 977 5759 imminutioni
1044 5700 1335 5753 obnoxium
1407 5705 1680 5760 statuere,
1750 5696 1992 5751 fatemini

413 5801 577 5856 etiam
626 5796 822 5851 Filium
877 5809 980 5848 non
1033 5807 1152 5847 esse
1209 5798 1420 5857 partem
1478 5787 1795 5844 subStautiae
1849 5787 1987 5853 eius,

2087 4624 2369 4695 ὁμολογεῖν
2398 4619 2535 4675 εἶναι
2579 4623 2670 4674 τὸν
2718 4622 2957 4692 Πατέρα,
2987 4621 3124 4690 ὁμοῦ
3176 4622 3269 4675 καὶ
3297 4621 3356 4674 τὸ
3386 4617 3545 4686 εἶναι,
3587 4623 3686 4674 καὶ

2088 4716 2180 4768 τὸν
2215 4716 2342 4768 Υίὸν
2369 4715 2559 4785 ἔχοντα
2591 4713 2866 4784 γεννητῶς
2894 4713 2952 4780 ἐξ
2981 4711 3214 4780 ἐαυτοῦ;

2588 4861 2955 4945 ΛΟΓΟΣ
3029 4855 3170 4955 εἶ’.

2093 5022 2222 5074 Ὀτι
2250 5023 2284 5074 ό
2298 5017 2503 5088 Πατὴρ
2531 5019 2865 5087 ἀμερίστως
2891 5018 2990 5072 καί
3021 5019 3328 5086 ἀρεύστως
3347 5017 3686 5089 ἐγέννησεν

2544 5091 2612 5154 ἑξ
2655 5091 2873 5143 ἑαυτοῦ
2910 5092 3018 5143 τὸν
3067 5090 3221 5144 Υιόν.

2363 5207 2690 5272 Ἀντίθεσις
2727 5207 2807 5270 ὡς
2843 5204 2912 5258 ἐκ
2951 5204 3068 5257 τῶν
3102 5205 3418 5274 Εὑνομίου.

2164 5323 2276 5375 Καὶ
2307 5322 2446 5387 πῶς,
2477 5321 2662 5391 φησὶν,
2695 5320 2795 5372 οὑκ
2841 5321 3140 5387 ἀναγκαῖον
3187 5299 3470 5389 ὁμολογεῖν
3514 5318 3672 5387 ἠλατυ

2092 5413 2300 5469 τῶσθαι
2329 5414 2424 5467 τοῦ
2446 5413 2658 5483 Πατρὸς
2685 5413 2782 5482 τὴν
2804 5413 3014 5476 οὑσίαν,
3052 5412 3211 5483 εἴπερ
3257 5409 3317 5475 ἐξ
3346 5411 3516 5480 αὑτῆς
3545 5428 3682 5480 προσ

2093 5507 2256 5579 ἦλθεν
2287 5509 2317 5562 ὁ
2345 5507 2473 5570 Υἱὸς
2500 5509 2665 5577 μέρος
2693 5505 2882 5574 ὥσπερ
2905 5522 2957 5556 τι
2990 5504 3275 5574 τυγχάνων
3298 5503 3498 5572 αὑτῆς;
3533 5502 3597 5553 Εἰ
3626 5503 3689 5554 δὲ

2099 5599 2349 5672 βούλεσθε
2395 5597 2457 5651 τὸ
2501 5598 2767 5667 ἄτρεπτον
2798 5597 2986 5668 τηρεῖν
3016 5595 3093 5666 τῷ
3131 5594 3308 5666 Πατρὶ
3350 5594 3444 5648 καὶ
3475 5593 3538 5646 τὸ
3570 5594 3691 5647 ἄνω

2096 5692 2304 5746 κεῖσθαι
2340 5691 2440 5760 τῆς
2488 5689 2856 5752 ἐλαττώσεως,
2909 5689 2971 5742 οὑ
3012 5685 3416 5758 παραιτήσεσθε
3464 5687 3690 5754 φρονεῖν

2095 5789 2168 5852 ὡς
2213 5787 2311 5840 οὑκ
2342 5786 2405 5839 ἂν
2437 5785 2519 5847 εἴη
2571 5785 2732 5846 μέρος
2761 5784 2790 5835 ὁ
2818 5781 2942 5844 Υίδς
2977 5781 3075 5843 τῆς
3108 5779 3293 5842 οὑσίας
3343 5775 3527 5832 αὑτοῦ.
3560 5776 3690 5830 οὐδὲ
