3876 6208
120 354 185 413 73
1510 334 1952 396 THESAURUS.
3291 335 3359 389 τι

120 470 175 536 ἐξ
205 464 389 531 αὐτοῦ,
429 465 545 519 ἀλλ’
579 463 800 532 ἔξωθεν,
828 462 923 517 καὶ
942 462 1083 516 κατά
1103 461 1329 532 δύναμιν
1354 459 1453 531 τὴν
1477 459 1536 511 ἐν
1567 459 1684 529 βου-

1812 469 1963 525 ιειιιιε
2001 468 2067 509 ex
2097 453 2216 522 ipso
2245 466 2386 518 esse,
2441 451 2534 506 sed
2577 453 2918 506 extrinsecus
2964 456 3018 504 et
3062 449 3358 503 secundum

118 561 264 630 λήσει
298 558 434 631 μόνῃ
457 556 555 628 τὴν
588 555 920 627 συνύπαρξιν
949 555 1081 627 ἔχει.

587 775 746 843 Πρὸς
783 771 956 827 τοῦτο
993 772 1195 837 λύσις.

188 889 416 960 Μικρὸν,
450 881 497 940 ὧ
522 887 788 957 βέλτιστε,
825 884 1021 939 σαυτὸν
1049 885 1159 941 ἄνω
1191 882 1459 951 σωμάτων
1481 881 1573 953 ἔχε
1592 884 1684 935 καὶ

114 982 217 1034 τῶν
249 983 373 1051 περὶ
399 982 469 1034 τὰ
496 980 723 1048 σώματα
751 977 969 1032 παθῶν⁹
1002 977 1128 1047 περὶ
1154 975 1290 1028 Θεοῦ
1324 975 1432 1043 γὰρ
1454 976 1483 1026 ὁ
1505 974 1683 1042 λόγος.

113 1075 173 1126 Εἰ
221 1073 327 1142 γὰρ
371 1070 471 1125 οἴει
520 1069 771 1140 καθάπερ
799 1066 1085 1139 ἄνθρωπον
1117 1066 1367 1119 τίκτοντα
1410 1064 1502 1117 τὸν
1551 1062 1685 1117 Θεὸν

112 1164 455 1218 ἐλαττοῦσθαί
482 1180 596 1226 πως
622 1164 741 1224 ταῖς
772 1160 1111 1232 ἀπορροίαις,
1153 1158 1248 1211 καὶ
1273 1157 1395 1227 δίχα
1427 1156 1569 1219 τινὸς
1592 1156 1687 1226 ζη-

116 1256 244 1325 μίας
280 1254 353 1324 μὴ
393 1252 653 1307 δύνασθαι
693 1248 852 1305 τοῦτο
880 1252 1076 1315 ποιεῖν,
1112 1248 1466 1321 μεριζόμενον
1498 1248 1686 1319 ὥσπερ

110 1349 191 1410 εἰς
221 1346 313 1399 τὸν
338 1346 398 1410 ἐξ
422 1345 585 1398 αὑτοῦ
631 1342 963 1416 προελθόντα
1006 1342 1201 1411 Λόγον,
1225 1342 1279 1395 τί
1320 1340 1560 1395 κωλύσαι
1589 1340 1687 1411 τὴν

110 1437 279 1508 αὐτὴν
324 1438 620 1505 ἐπαγαγεῖν
668 1434 1038 1506 βλασφημίαν,
1068 1434 1162 1486 καὶ
1214 1433 1309 1485 ἐπὶ⁵
1349 1435 1462 1493 τοῖς
1508 1431 1688 1492 ἄλλοις

110 1534 280 1586 ἅπασι
332 1532 445 1593 τοῖς
494 1529 791 1600 προσοῦσιν
836 1528 1017 1598 αὑτῷς
1063 1528 1125 1579 Εἰ
1157 1525 1267 1596 γάρ
1293 1525 1368 1587 ὡς
1402 1523 1688 1593 ἄνθρωπος

106 1623 281 1675 τίκτει
312 1620 568 1691 ρευπῶς,
597 1620 991 1691 δημιουργήσει
1016 1618 1110 1670 καὶ
1137 1616 1211 1679 ὡς
1240 1614 1523 1685 ἄνθρωπος
1549 1612 1689 1682 μετά

107 1717 293 1769 πόνου.
324 1714 386 1766 Ei
431 1713 488 1765 δέ
520 1713 677 1766 τοῦτο
706 1714 905 1767 ἄτοπον
941 1710 1040 1776 (οὐ
1069 1708 1176 1778 γὰρ
1227 1707 1303 1769 ὡς
1344 1704 1629 1776 ἄνθρωπος
1659 1705 1689 1757 ὁ

1785 547 2094 601 facultatem
2157 547 2271 599 sive
2314 544 2608 613 potentiam
2650 558 2770 613 quae
2818 542 2873 596 in
2922 540 3039 596 sola
3084 537 3361 596 voluntate

1781 651 1883 704 est,
1914 639 2265 695 coexsistere.

2270 773 2491 829 lSolutio
2526 774 2849 846 objectionis.

1854 888 2018 945 Paulo
2047 888 2232 954 altius,
2276 888 2419 943 bone
2450 888 2557 951 vir,
2597 900 2760 955 supra
2805 898 3033 957 corpora
3068 896 3365 953 eorumque

1784 980 2099 1036 aﬂ'ectiones
2124 987 2361 1034 mentem
2391 977 2582 1034 attolle
2615 996 2629 1032 :
2658 977 2724 1033 de
2754 978 2865 1033 Deo
2897 977 3040 1032 enim
3072 977 3130 1030 lit
3159 989 3360 1031 sermo.

1785 1071 1844 1128 Si
1873 1072 2017 1127 enim
2052 1085 2245 1127 censes
2279 1069 2392 1127 Deo
2420 1069 2649 1139 perinde
2685 1078 2849 1139 atque
2878 1068 3082 1123 homini
3114 1067 3167 1121 in
3199 1082 3363 1137 gene-

1787 1166 1958 1220 rando
1988 1163 2189 1232 aliquid
2220 1164 2511 1229 decedere,
2557 1177 2737 1232 neque
2765 1161 2818 1216 id
2858 1160 3037 1216 facere
3071 1174 3228 1229 posse
3258 1159 3363 1213 nisi

1787 1257 1988 1327 aliquid
2008 1257 2085 1313 illi
2108 1257 2385 1327 depereat,
2420 1258 2495 1312 ita
2521 1265 2580 1312 ut
2608 1254 3003 1326 quodammodo
3025 1256 3079 1308 in
3106 1253 3362 1318 Verbum,

1788 1350 1931 1419 quod
1962 1364 2029 1405 ex
2057 1349 2172 1418 ipso
2194 1348 2457 1418 procedit,
2483 1345 2918 1416 dividatur,quid
2939 1346 3210 1400 obstiterit
3229 1359 3367 1415 quo-

1791 1440 1969 1495 minus
2000 1441 2246 1495 eamdem
2273 1438 2665 1510 blasphemiam
2707 1439 2773 1493 ad
2816 1437 3053 1508 reliquas
3090 1436 3208 1506 ejus
3239 1450 3367 1506 pro-

1789 1532 2045 1602 prietates
2077 1532 2596 1587 accommodemus?
2641 1529 2698 1585 Si
2743 1531 2886 1585 enim
2919 1546 3015 1599 per
3046 1527 3247 1583 ﬂuxum
3290 1528 3369 1597 gi-

1788 1625 1905 1694 gnit
1946 1634 2004 1679 ut
2045 1625 2229 1688 homo,
2266 1625 2473 1680 creabit
2503 1624 2668 1678 etiam
2706 1633 2763 1678 ut
2802 1624 2963 1678 homo
2991 1637 3113 1677 cum
3161 1620 3366 1677 labore.

1790 1716 1861 1771 At
1888 1717 1931 1772 si
1965 1716 2015 1771 id
2040 1715 2334 1771 absurdum
2358 1726 2439 1771 est
2469 1715 2669 1787 (neque
2686 1716 2829 1770 enim
2857 1717 2997 1771 Deus
3028 1717 3102 1772 ita
3125 1723 3186 1771 ut
3207 1715 3369 1772 homo

105 1806 241 1868 Θεὸς
267 1804 647 1876 δημιουργεῖ),
692 1802 813 1857 οὐδὲ
852 1801 928 1865 ὡς
953 1799 1236 1869 ἄνθρωπος
1268 1798 1375 1869 ἄρα
1414 1797 1684 1867 γεννήσει,

1812 1806 2005 1879 :reat),
2038 1822 2215 1877 neque
2238 1806 2406 1877 igitur
2433 1809 2613 1878 gignet
2642 1816 2701 1861 ut
2727 1808 2912 1873 homo,
2943 1809 3037 1862 sed
3075 1809 3367 1863 humanam

105 1898 243 1952 ἀλλά
271 1899 369 1968 τὴν
399 1896 690 1967 ἀνθρώπου
711 1896 873 1964 φύσιν
898 1895 1001 1947 κάν
1024 1891 1199 1962 τούτῳ
1224 1889 1386 1944 πάλιν
1411 1885 1683 1958 ἀναϐήσε-

1812 1911 2037 1955 naturam
2084 1900 2252 1955 etiam
2299 1900 2352 1954 in
2404 1898 2509 1955 hoc
2541 1899 2860 1969 superabit,
2909 1913 3174 1969 generans
3232 1900 3368 1953 citra

104 2010 217 2056 ται,
253 1989 458 2060 γεννῶν
484 1988 822 2061 ἀμερίστως.

1812 1991 2133 2048 livisionem.

814 2104 1018 2156 AAAO.
2470 2105 2699 2163 ALIUD.

176 2219 244 2272 Εί
274 2216 523 2289 καθάπερ
551 2216 833 2288 ἄνθρωπος
866 2214 1039 2268 τίκτει
1066 2212 1219 2276 Θεὸς,
1251 2210 1546 2283 ἐργάζεται
1595 2208 1689 2262 καὶ

1862 2221 1920 2276 Si
1945 2222 2089 2277 Deus
2114 2220 2286 2293 gignit
2311 2220 2503 2277 eadem
2528 2220 2739 2276 ratione
2764 2233 2869 2289 qua
2896 2221 3082 2286 homo,
3111 2228 3373 2290 operatur

100 2312 180 2377 ὡς
210 2311 514 2379 ἄνθρωπος.
544 2311 654 2364 Καὶ
683 2308 983 2378 ἐπειδήπερ
1006 2308 1165 2378 ἡμεῖς
1196 2303 1329 2375 ὕλης
1349 2301 1690 2374 παρακειμέ-

1812 2314 1956 2370 :tiam
2007 2324 2068 2369 ut
2110 2315 2295 2371 homo.
2332 2313 2399 2369 Et
2445 2329 2570 2369 cum
2597 2314 2872 2384 proposita
2914 2313 3098 2383 aliqua
3144 2313 3371 2368 materia

101 2422 205 2475 νης
232 2403 373 2467 τινὸς
401 2402 491 2457 διὰ
519 2403 787 2469 κινήσεως
831 2397 1029 2470 χειρῶν
1073 2394 1442 2466 ἀποτελοῦμεν
1481 2412 1533 2446 τι
1584 2391 1691 2446 τῶν

1812 2406 2124 2462 ιάωἱηίουιο
2150 2421 2405 2461 manuum
2437 2421 2500 2461 ea
2523 2420 2644 2475 quae
2671 2405 2920 2461 volumus
2943 2405 3273 2475 perlicimus,
3298 2404 3372 2458 ita

101 2500 207 2552 ὅσα
263 2498 437 2549 ποιεῖν
484 2494 807 2565 βουλόμεθα,
840 2494 984 2547 οὕτω
1033 2492 1126 2545 καὶ⁹
1170 2491 1322 2553 Θεός.
1376 2490 1438 2541 Ei
1477 2486 1535 2540 δὲ
1567 2484 1691 2555 δίχα

1812 2513 1923 2570 :rgo
1949 2499 2115 2555 etiam
2167 2500 2330 2554 Deus.
2382 2499 2453 2553 At
2500 2497 2550 2553 si
2605 2497 2748 2553 Deus
2792 2498 2999 2569 absque
3025 2494 3276 2552 manibus
3320 2506 3376 2551 et

101 2588 308 2661 χειρῶν
354 2587 449 2640 καὶ
489 2586 620 2656 ὕλης
653 2588 717 2638 ὲκ
762 2585 855 2639 τοῦ
1028 2584 1180 2646 ὄντος
1208 2583 1287 2645 εἰς
1340 2579 1399 2634 τὸ
1443 2575 1581 2632 εἶναι
1623 2577 1691 2629 τά

1812 2592 2022 2646 nateria
2069 2607 2135 2647 ex
2185 2590 2354 2646 nihilo
2392 2600 2587 2647 cuncta
2637 2590 2805 2646 verbo
2848 2591 2916 2646 ad
2963 2604 3088 2647 esse
3120 2590 3368 2653 traducit,

104 2680 290 2733 πάντα
325 2677 468 2747 λόγῳ
516 2677 777 2747 παράγει,
805 2676 903 2744 τὴν
950 2672 1237 2745 ἀνθρώπου
1288 2670 1453 2741 φύσιν
1502 2668 1691 2733 νικῶν,

1815 2698 2083 2737 iumanam
2112 2694 2363 2738 naturam
2396 2682 2554 2750 longe
2588 2696 2879 2753 superans,
2901 2682 3068 2737 etiam
3101 2680 3379 2752 superabit

100 2772 325 2842 νικήσει
356 2770 571 2833 πάντως
601 2768 773 2839 αὐτὴν
805 2768 899 2821 καὶ
926 2768 1056 2839 περὶ
1084 2766 1175 2819 τὸν
1200 2764 1295 2819 τοῦ
1329 2766 1524 2837 γεννᾷν
1567 2763 1691 2835 τρό-

1818 2785 1967 2841 psam
2002 2770 2055 2825 in
2078 2772 2369 2841 generandi
2402 2771 2584 2827 modo.

104 2879 235 2915 πον.

804 2969 1007 3022 ΑΛΛΟ.

176 3081 263 3135 Τά
314 3080 608 3151 συνέχοντά
653 3097 797 3145 τινα,
848 3082 1012 3135 οἱονεὶ
1061 3080 1248 3152 κύκλῳ
1303 3076 1695 3150 περιτετάσθαι

2470 2972 2699 3029 ALIUD.

1871 3088 1944 3144 Ea
1977 3103 2097 3158 quae
2126 3088 2228 3142 alia
2262 3088 2316 3142 in
2342 3103 2399 3143 se
2430 3091 2733 3155 continent,
2765 3102 2989 3145 necesse
3018 3097 3102 3143 est
3127 3094 3188 3144 ut
3210 3086 3377 3143 veluti

101 3176 332 3238 πάντως
359 3176 655 3243 ἀναγκαῖον
685 3174 795 3227 τῶν
813 3174 915 3227 ὅσα
942 3173 1176 3244 συνέχει.
1198 3172 1272 3224 Τὸ
1299 3171 1356 3224 δὲ
1385 3172 1464 3233 είς
1491 3167 1691 3224 κύκλον

1812 3182 1853 3234 in
1889 3157 2073 3236 orbem
2112 3180 2456 3245 circumjecta
2501 3181 2612 3235 sint
2643 3182 2895 3236 omnibus
2946 3181 3013 3236 iis
3046 3195 3167 3250 qua:
3206 3180 3381 3236 conti-

100 3264 451 3321 ἐκτείνεσθαι
496 3265 764 3335 σωμάτιον
793 3265 944 3318 ἴδιον.
976 3264 1101 3327 Πῶς
1131 3258 1225 3317 οὖν
1261 3264 1331 3316 τὰ
1363 3263 1541 3315 πάντα
1572 3277 1694 3314 συν-

100 3360 226 3430 έχει
268 3359 299 3411 ὀ
345 3357 477 3421 Θεὸς
524 3357 810 3428 ἀσώματος
863 3357 959 3422 ὢν,
992 3359 1086 3411 καὶ
1132 3358 1221 3410 διὰ
1267 3355 1425 3410 τοῦτο
1473 3353 1607 3425 μηδέ
1636 3354 1693 3407 ἐν

98 3451 265 3521 τόπῳ
290 3449 526 3504 νοεῖσθαι
554 3447 883 3520 δυνάμενος;
920 3448 1080 3502 Ἀλλά
1115 3448 1326 3518 συνέχει
1364 3447 1464 3515 τὴν
1488 3448 1547 3499 ἐν
1566 3445 1695 3498 τού⁸

99 3560 227 3605 τοις
258 3540 580 3595 ἀκολουθίαν
619 3540 693 3604 ὡς
737 3540 889 3603 Θεὸς,
926 3541 1250 3593 ἀναδαίνων.
1282 3540 1397 3592 Οὐκ
1441 3537 1552 3609 ἄρα
1585 3539 1697 3601 τοῖς

105 3632 444 3705 σωματικῶν
474 3631 818 3686 ὑποκείσεται
844 3630 1029 3699 νόμοις
1046 3646 1059 3661 ο
1082 3628 1278 3685 οὐκοῦν
1301 3628 1420 3682 οὐδὲ
1439 3627 1514 3692 ὡς
1538 3627 1698 3698 σῶμα

104 3726 393 3795 γεννήσει.

813 3837 1015 3891 ΑΛΛΟ.

1802 3283 1951 3329 nent.
1999 3273 2070 3326 At
2093 3287 2222 3328 vero
2251 3273 2305 3327 in
2337 3272 2524 3327 orbem
2568 3271 2711 3326 ﬂecti
2747 3280 2910 3341 atque
2937 3271 3153 3327 extendi
3188 3285 3383 3340 corpo-

1804 3380 1921 3420 rum
1948 3373 2051 3419 est.
2073 3364 2190 3431 Quo
2217 3372 2376 3433 pacto
2403 3363 2567 3432 igitur
2592 3361 2774 3417 omnia
2797 3362 3042 3417 continet
3065 3362 3225 3427 Deus,
3254 3377 3381 3417 cum

1802 3457 1874 3512 sit
1904 3457 2270 3525 incorporeus,
2299 3453 2411 3527 Μ
2443 3464 2604 3525 atque
2633 3454 2702 3509 ob
2726 3454 2777 3508 id
2816 3469 2883 3507 ne
2929 3454 2981 3508 in
3018 3453 3134 3509 loco
3164 3453 3382 3523 quidem

1803 3563 1925 3603 esse
1962 3547 2185 3617 intelligi
2223 3547 2433 3617 possit?
2462 3543 2570 3601 Sed
2604 3546 2847 3601 continet
2887 3545 3132 3600 ordinem
3176 3560 3382 3613 rerum,

1804 3649 1864 3694 ut
1888 3640 2052 3704 Deus,
2083 3639 2494 3694 transcendens.
2518 3635 2635 3692 Non
2668 3637 2851 3707 itaque
2878 3637 3156 3706 corporeis
3175 3637 3385 3708 legibus

1806 3730 2107 3801 subiacebit
2135 3744 2151 3784 :
2183 3744 2314 3802 ergo
2344 3744 2520 3800 neque
2550 3738 2610 3784 ut
2644 3744 2842 3799 corpus
2872 3727 3173 3800 generabit.

2482 3837 2711 3896 ALIUD.

186 3956 267 4009 Τὸ
294 3956 354 4008 ἐν
380 3955 545 4008 πᾶσιν
569 3952 629 4006 ὃν
664 3952 759 4006 καὶ
787 3952 876 4006 διὰ
906 3953 1123 4006 πάντων
1152 3950 1357 4020 διῆκον,
1393 3950 1691 4021 συμπλέκε-

1877 3952 1937 4009 Id
1965 3953 2106 4023 quod
2148 3952 2203 4009 in
2246 3953 2498 4011 omnibus
2528 3952 2747 4009 exsistit
2780 3962 3083 4022 cunctaque
3122 3960 3387 4021 permeat,

107 4050 243 4103 σθαι
276 4050 392 4112 τοῖς
419 4049 584 4101 πᾶσιν
616 4049 930 4115 ἀναγκαῖον.
969 4045 1125 4098 Οὕτω
1152 4046 1259 4116 γὰρ
1294 4044 1361 4098 ἂν
1391 4044 1476 4114 εἴη
1515 4044 1615 4125 καὶ
1642 4044 1691 4097 ἐν

1812 4046 2054 4103 connecti
2081 4045 2335 4101 omnibus
2359 4059 2586 4101 necesse
2617 4053 2721 4100 est.
2756 4043 2836 4099 lla
2864 4043 3010 4100 enim
3048 4043 3103 4097 in
3140 4043 3390 4098 omnibus

108 4144 306 4197 πᾶσιν.
351 4138 487 4193 Ἀλλ’
516 4139 577 4193 οὐ
628 4137 1039 4209 συμπεπλέχθαι
1087 4137 1186 4208 μὲν
1231 4135 1329 4207 τὴν
1375 4137 1563 4190 οὐσίαν
1604 4134 1691 4189 τοῦ

1812 4137 1995 4195 fuerit.
2022 4138 2290 4195 Caeterum
2318 4146 2662 4208 nequaquam
2696 4135 2985 4192 fatebimur
3023 4135 3119 4191 Dei
3142 4134 3391 4191 substan-

104 4232 254 4287 Θεοῦ
283 4234 350 4304 τῇ
380 4231 622 4302 ποικιλίᾳ
644 4230 753 4283 τῶν
780 4231 836 4283 ἐν
863 4230 1052 4301 κόσμῳ
1082 4228 1349 4299 σωμάτων
1375 4230 1691 4299 ὁμολογήσο-

1813 4233 1943 4287 tiam
2004 4231 2173 4286 variis
2236 4231 2419 4286 mundi
2481 4231 2810 4301 corporibus
2857 4243 3160 4285 connexam
3216 4243 3388 4283 esse:

111 4343 257 4397 μεν’
301 4326 451 4397 μένει
480 4324 587 4395 γὰρ
620 4322 705 4392 ἐφ’
730 4322 929 4393 ἑαυτῆς
960 4322 1180 4393 καθαρά
1208 4340 1266 4375 τε
1304 4323 1396 4374 καὶ
1424 4322 1524 4391 τῆς
1565 4322 1691 4395 πρὸς

1812 4334 1999 4381 manet
2030 4325 2174 4379 enim
2199 4324 2286 4378 illa
2322 4325 2375 4379 in
2408 4337 2467 4379 se
2494 4338 2631 4395 pura
2661 4332 2717 4377 et
2747 4321 3035 4389 naturalis,
3067 4335 3190 4375 cum
3221 4320 3392 4375 altero

104 4420 313 4489 ἕτερον
350 4417 651 4483 κοινωνίας,
676 4415 1027 4487 ἀσύμπλοκος
1057 4418 1301 4486 φυσικῶς
1323 4434 1336 4447 ’
1387 4417 1562 4488 διήκει
1591 4418 1647 4470 δὲ
1677 4420 1691 4471 ί

1813 4418 2167 4474 connexionis
2209 4432 2451 4487 expers;
2501 4424 2747 4487 permeat
2775 4424 2953 4470 tamen
2992 4414 3171 4469 omnia
3212 4414 3393 4469 admi-

112 4510 224 4581 μὲν
260 4508 352 4561 διὰ
390 4507 606 4561 πάντων
656 4507 975 4578 παραδόξως
1010 4508 1104 4562 καὶ
1135 4508 1410 4580 ἀρρήτως.
1448 4509 1562 4562 Οὐκ
1600 4508 1691 4580 ἀρα

1815 4510 1985 4566 rando
2030 4510 2263 4581 quodam
2316 4517 2479 4578 atque
2531 4505 2787 4563 ineﬂ‘abili
2832 4506 3012 4561 modo.
3063 4505 3177 4561 Non
3231 4506 3394 4577 igitur

106 4601 244 4663 ταῖς
272 4600 541 4670 σωμάτων
580 4596 923 4662 ἀκολουθίαις
954 4598 1325 4653 ὑποκείσεται.
1357 4599 1556 4670 Διόπερ
1584 4599 1691 4651 οὖδὲ

1813 4615 2100 4671 corporum
2150 4597 2475 4654 connexioni
2521 4597 2797 4666 subjectus
2849 4604 2957 4651 est.
3023 4594 3165 4667 Ergo
3216 4610 3395 4668 neque

108 4691 267 4747 κατά
300 4691 401 4763 τὴν
424 4690 530 4745 τῶν
565 4688 836 4760 σωμάτων
866 4689 1029 4759 φύσιν
1055 4690 1324 4760 γεννήσει.

801 4826 1005 4881 ΑΛΛΟ.

190 4940 261 4994 Εἰ
310 4938 511 5003 απλοῦς
550 4940 646 4993 καὶ
689 4937 981 5001 ἀσύνθετός
1013 4938 1130 4990 ἐστι
1175 4937 1271 4990 καὶ
1312 4938 1512 4990 νοεῖται
1551 4935 1706 5005 Θεος,

109 5034 245 5094 πῶς
296 5031 587 5103 διαφόρους
644 5031 743 5085 καὶ
793 5030 1043 5094 ποικίλας
1093 5029 1207 5100 ἔχει
1254 5029 1354 5093 τάς
1408 5030 1707 5101 ἐνεργείας,

107 5121 299 5177 πολλά
345 5122 663 5192 ποιημάτων
697 5120 812 5192 εἴδη
854 5121 999 5175 κατὰ
1043 5122 1269 5192 καιροὺς
1313 5121 1707 5192 ἐργαζόμενος

107 5214 183 5269 Εἰ
214 5212 274 5266 δὲ
308 5212 461 5266 οὐδὲν
490 5215 568 5277 εἰς
596 5212 659 5265 τὸ
686 5212 889 5276 ἁπλοῦς
917 5208 1055 5265 εἶναι
1080 5211 1409 5283 βλαϐήσεται
1440 5210 1712 5281 διαφόρως

107 5308 179 5359 ἐν
220 5307 443 5375 ἑκάστῳ
475 5305 584 5358 τῶν
616 5304 788 5359 ὄντων
819 5304 1076 5373 ἐνεργῶν,
1112 5306 1234 5358 ἐπεὶ
1275 5305 1350 5374 μὴ
1385 5303 1525 5356 κατά
1555 5301 1713 5372 σῶμά

109 5401 303 5462 ἐστιν,
336 5398 448 5450 ἄνω
475 5395 746 5467 σωμάτων
779 5397 871 5449 καὶ
906 5399 963 5450 ἐν
990 5396 1068 5468 τῷ
1097 5397 1291 5467 γεννᾷν
1317 5396 1578 5449 κείσεται.

396 5601 727 5669 ’Δγτίθεσις
763 5603 844 5669 ὠς
879 5604 949 5657 ἐκ
987 5602 1105 5656 τῶν
1143 5604 1468 5673 Εὐνομίαν.

195 5713 266 5765 Εἰ
323 5712 597 5783 βούλεσθε,
624 5714 780 5785 φησὶ,
811 5714 903 5767 τὸν
930 5713 1057 5767 Υίὸν
1105 5716 1169 5766 ἐκ
1215 5714 1315 5783 τῆς
1361 5712 1456 5767 τοῦ
1506 5714 1718 5785 Πατρὸς

113 5803 324 5869 οὐσίας
356 5805 761 5878 προεληλυθότα
777 5806 974 5874 λέγειν,
998 5806 1213 5878 ἀνάγκη
1242 5808 1506 5880 πρότερον
1530 5787 1718 5880 ὁμολο-

458 5894 738 5963 ΡΑτιιοι.
779 5901 901 5962 Gtt.
933 5900 1177 5963 LXXV.

1810 4691 1964 4761 juxta
1990 4705 2280 4763 corporum
2315 4698 2564 4745 naturam
2598 4687 2899 4758 generabit.

2491 4822 2723 4880 ALIUD.

1888 4940 1945 4994 Si
1974 4940 2202 5010 simplex
2218 4947 2274 4995 et
2300 4952 2407 4993 non
2428 4938 2761 5007 compositus
2778 4946 2866 4993 est
2885 4945 3049 5007 atque
3075 4935 3396 5007 intelligitur

1817 5032 1981 5097 Deus,
2006 5048 2115 5100 quo
2146 5041 2304 5101 pacto
2336 5030 2577 5085 diversas
2610 5030 2898 5101 variasque
2923 5029 3084 5085 habet
3123 5027 3395 5098 operatio-

1820 5141 1936 5191 nes,
1990 5125 2188 5179 multas
2210 5134 2586 5180 creaturarum
2619 5126 2829 5196 species
2857 5140 2953 5195 per
2976 5134 3220 5195 tempora
3261 5137 3395 5194 ope-

1821 5216 1992 5273 rans?
2020 5214 2080 5273 Si
2113 5231 2244 5273 vero
2279 5217 2493 5274 diversa
2535 5219 2652 5289 ejus
2676 5219 2729 5274 in
2755 5217 2981 5289 singulis
3012 5216 3259 5287 operatio
3288 5230 3394 5271 non
3429 5260 3436 5275 .

1822 5307 2047 5379 impedit
2073 5308 2365 5379 quominus
2410 5309 2639 5381 simplex
2670 5309 2761 5375 sit,
2798 5325 2923 5365 cum
2967 5324 3073 5363 non
3101 5307 3397 5363 secundum

1821 5414 2017 5470 corpus
2072 5399 2327 5464 exsistat,
2374 5415 2665 5473 corporum
2723 5401 2887 5458 etiam
2936 5399 3305 5457 conditionem
3338 5399 3395 5454 in

1822 5491 2131 5559 generando
2168 5492 2467 5563 superabit.

2345 5608 2582 5679 Objeclia
2614 5610 2880 5668 Eunomii.

1898 5718 1957 5774 Si
2006 5719 2208 5789 velitis,
2259 5722 2456 5792 inquit,
2509 5720 2703 5778 Filium
2752 5737 2819 5779 ex
2873 5720 3050 5778 Patris
3099 5720 3401 5779 substantia

1827 5812 2178 5881 processisse,
2209 5813 2483 5871 fatendum
2508 5816 2730 5872 omnino
2753 5824 2837 5871 est
2868 5830 2990 5871 eum
3022 5814 3176 5884 prius
3204 5813 3261 5869 in
3280 5811 3401 5884 ipso

3007 5904 3041 5966 3
