3876 6208
437 362 513 419 75
1478 349 1533 403 S.
1576 341 1852 403 CYRILLI
1892 339 2360 398 ALEXANDRINI
2403 334 2722 393 ARCHlEP.
3644 327 3715 387 76

441 474 739 533 exstitisse.
765 472 840 528 Ita
862 471 1005 528 enim
1028 484 1096 525 ex
1118 482 1187 525 eo
1209 472 1543 539 processisse
1567 467 1854 524 videbitur.
1879 467 1950 522 At
1972 467 2019 522 si

2153 463 2243 515 εῖν
2269 455 2701 533 προῦποκεῖσθαι
2719 452 2907 507 τοῦτον
2932 451 2989 505 ὲν
3016 447 3187 521 αὐτῷ.
3213 446 3371 501 Οῦτω
3393 445 3501 518 γάρ
3528 444 3595 516 δὴ
3618 445 3715 499 καὶ

446 568 640 623 Filium
672 565 857 630 Pater,
888 538 1217 630 nullumque
1242 558 1407 613 alium
1439 567 1561 628 post
1589 573 1713 614 eum
1739 558 2022 630 geniturus

2157 553 2186 619 ξ
2224 550 2389 608 αὑτοῦ
2422 547 2703 621 προελθὼν
2751 545 3012 616 φαίνοιτο.
3048 542 3159 595 Καὶ
3192 541 3240 593 εί
3272 539 3365 594 τὸν
3396 538 3523 593 Υίδν
3552 538 3715 606 ἐγέν-

443 668 527 716 est
547 656 883 728 (unigenitus
903 654 1047 709 enim
1069 654 1198 722 est),
1214 664 1435 706 necesse
1456 659 1539 705 est
1562 650 1880 718 utldicamus
1899 663 2022 703 eum

2153 663 2289 719 Ιησεν
2312 647 2341 699 ὁ
2372 643 2585 715 Πατὴρ,
2619 640 2714 695 καὶ
2759 639 2947 710 ἕτερον
2972 635 3060 690 ἐπ’
3093 633 3244 705 αὐτῷ
3275 632 3468 687 οὐδένα
3499 631 3719 695 τέξεται

445 749 740 820 generandi
770 755 1034 819 potestate
1066 745 1335 813 privatum
1374 757 1521 809 esse,
1575 751 1736 810 atque
1766 755 1830 796 ex
1871 750 2027 811 parte

2128 735 2450 811 (μονογενὴς
2467 732 2624 807 γὰρ),
2644 729 2964 805 ἀφῃρῆσθαι
2995 727 3093 783 καὶ
3114 725 3278 781 αὐτὸν
3299 725 3513 793 ἀνάγκη
3536 721 3723 790 λέγειν

448 815 814 907 imminutum,
848 838 1028 910 genito
1064 836 1233 893 semel
1259 836 1426 903 Filio,
1460 849 1640 907 neque
1687 832 1920 905 amplius
1970 832 2025 888 in

2153 831 2229 901 :‘ﬁ;
2256 826 2582 899 γεννητικῆς
2609 824 2913 896 δυνάμεως,
2940 819 3285 892 ήλαττῶσθαι
3314 818 3371 873 δὲ
3402 818 3497 873 καὶ¹
3524 817 3591 870 ὲκ
3616 815 3722 887 μέ-

448 949 515 991 eo
545 942 603 989 ut
626 933 785 1004 prius
811 930 1123 987 exsistente.

1120 1126 1347 1183 Salutio.

520 1267 822 1324 Rursus-ea
860 1280 981 1335 qua:
1007 1263 1328 1335 corporibus
1359 1261 1579 1334 propria
1624 1271 1754 1318 sunt
1786 1261 1880 1316 Dei
1938 1275 2033 1316 na-

452 1369 588 1415 turai
608 1359 883 1414 ascribere
904 1371 1010 1410 non
1031 1353 1350 1410 erubescis?
1376 1353 1563 1423 Neque
1579 1353 1723 1407 enim
1755 1361 1813 1407 ut
1838 1366 2037 1422 corpus

453 1454 508 1508 in
533 1466 778 1521 corpore,
804 1451 877 1505 ita
907 1448 1102 1503 Filium
1127 1448 1180 1503 in
1207 1447 1369 1503 Patre
1397 1446 1665 1502 contineri
1692 1447 2036 1517 cogitandum

453 1554 556 1601 est.
587 1545 773 1614 Neque
808 1539 1425 1613 quemadmodumque
1466 1553 1531 1593 ex
1564 1538 1719 1593 nobis
1742 1538 2039 1608 gignuntur

455 1637 509 1691 in
536 1642 823 1704 parentum
852 1630 1307 1700 lumbisjacuisse
1327 1629 1641 1692 creduntur,
1661 1626 1733 1680 ita
1756 1625 1825 1681 de
1853 1626 2040 1681 divino

453 1725 727 1797 genimine
759 1722 1101 1779 sentiendum
1131 1731 1235 1777 est.
1281 1719 1339 1775 Si
1380 1719 1510 1790 quis
1537 1719 1681 1775 enim
1704 1732 1771 1776 eo
1803 1718 2040 1773 audaciae

2131 939 2281 996 ρους,
2310 918 2666 992 γεννηθέντος
2699 916 2847 984 suae
2892 913 2986 969 τοῦ
3022 912 3155 968 Υίοῦ
3194 912 3291 968 καὶ
3339 911 3539 984 μηκέτι
3566 910 3725 973 δντος

2129 1015 2191 1069 ὲν
2219 1012 2369 1085 αὐτῷ
2393 1010 2644 1083 καθάπερ
2679 1010 2776 1064 καὶ
2806 1008 3095 1082 πρότερον.

2617 1122 2776 1193 Πρὸς
2812 1121 2990 1176 τοῦτο
3025 1120 3225 1186 λύσις.

2204 1257 2376 1313 Πάλιν
2403 1257 2473 1311 τά
2502 1254 2771 1326 σωμάτων
2798 1253 2908 1307 ῖδια
2935 1256 3004 1326 τῇ
3040 1253 3136 1307 τοῦ
3162 1252 3298 1309 Θεοῦ
3328 1252 3487 1323 φύσει
3515 1270 3733 1324 περιτι-

2136 1351 2253 1415 θεὶς
2276 1350 2376 1405 οὐκ
2404 1348 2690 1421 ὲρυθριᾷς;
2722 1347 2799 1401 Οὐ
2824 1346 2933 1418 γὰρ
2960 1346 3213 1417 καθάπερ
3242 1349 3404 1418 σῶμα
3431 1348 3488 1399 ὲν
3511 1345 3731 1417 σώματι

2136 1444 2230 1499 τὸν
2275 1444 2405 1497 Υίδν
2462 1444 2520 1495 ὲν
2575 1440 2750 1511 Πατρὶ
2807 1439 3021 1494 κεῖσθαι
3073 1439 3283 1494 δίκαιον
3336 1441 3559 1495 ἐννοεῖν.
3590 1440 3731 1493 Οὐδὲ

2138 1536 2329 1606 ὥσπερ
2369 1534 2437 1588 τά
2487 1532 2546 1600 ἐξ
2590 1531 2750 1604 ήμῶν
2784 1529 3105 1603 γεννώμενα
3145 1534 3211 1603 τῇ
3258 1530 3367 1585 τῶν
3413 1530 3732 1601 γεννώντων

2138 1627 2302 1697 ὀσφύϊ
2330 1624 2681 1697 περιέχεσθαι
2707 1624 2988 1680 πιστεύειν
3016 1624 3313 1696 εὐπρεπὲς,
3339 1624 3483 1679 οὕτω
3511 1624 3608 1679 καὶ
3638 1624 3734 1676 ἐπὶ

2140 1720 2234 1776 τοῦ
2261 1720 2407 1774 θείου
2429 1719 2769 1790 γεννήματος
2798 1700 3116 1787 φρονητέον.
3140 1718 3203 1771 El.
3226 1717 3336 1788 γάρ
3356 1735 3440 1781 τις
3468 1718 3549 1781 είς
3572 1716 3736 1771 τοῦτο

453 1817 763 1888 proruperit
805 1826 867 1871 ut
913 1815 982 1871 ad
1039 1828 1330 1884 corporum
1384 1811 1661 1867 miseriam
1714 1809 2037 1866 ineﬂ‘abilem

2153 1813 2425 1887 προϐαίνει
2447 1811 2656 1883 τόλμης
2678 1810 2754 1875 ὡς
2780 1812 2861 1874 είς
2882 1810 2983 1884 τὴν
3010 1810 3122 1863 τῶν
3144 1809 3414 1881 σωμάτων
3438 1808 3737 1880 ἀθλιότητα

455 1908 551 1962 Dei
591 1906 886 1962 essentiam
920 1904 1242 1976 ,protrudat,
1270 1900 1403 1973 quid
1433 1900 1703 1958 obstiterit
1744 1901 2033 1969 quominus

454 2012 524 2051 ne
547 2009 834 2066 generasse
855 1994 1073 2063 quidem
1106 1991 1323 2048 Patrem
1360 1990 1694 2047 contendat?
1737 1988 1845 2063 45
1880 1988 2034 2057 Quod

456 2087 714 2141 nimirum
750 2100 947 2156 parere
979 2082 1143 2139 matri
1168 2082 1354 2153 potius
1385 2096 1547 2152 Quam
1572 2080 1691 2136 viro
1708 2080 2037 2136 conveniat?

454 2180 589 2234 Cum
623 2192 751 2233 vero
779 2176 921 2233 Deus
969 2177 1326 2246 incorporeus
1365 2174 1459 2241 sit,
1501 2187 1673 2244 neque
1719 2171 2037 2229 differentiis

454 2286 577 2341 qua!
604 2271 656 2325 in
686 2264 913 2339 corpora
946 2269 1148 2325 cadunt
1169 2266 1442 2323 obnoxius
1472 2269 1490 2335 (
1514 2263 1787 2320 masculus
1815 2265 1958 2319 enim
1984 2272 2040 2318 et

457 2363 658 2417 femina
692 2370 902 2415 tantum
927 2360 1203 2415 indormis
1226 2358 1507 2427 corporeis
1534 2354 1909 2429 quaeruntur),
1943 2357 2038 2412 sed

456 2453 720 2525 simplicis
746 2455 1189 2524 incorporeaque
1213 2461 1441 2517 naturae,
1459 2460 1514 2506 et
1542 2464 1695 2506 mens
1725 2448 2037 2519 purissima,

455 2562 576 2603 eam
598 2547 675 2602 ob
701 2561 945 2611 causam,
984 2545 1199 2614 opinor,
1244 2544 1289 2598 si
1322 2543 1446 2612 quis
1488 2543 1892 2613 generationem
1923 2557 2042 2609 quae

458 2638 571 2693 Deo
601 2635 859 2692 convenit
887 2635 1220 2704 investigare
1245 2633 1395 2696 velit,
1418 2631 1805 2687 fecunditatem
1841 2645 1961 2700 quae
1992 2634 2041 2682 in

458 2727 914 2787 menteconsistit
936 2728 1287 2782 considerare
1315 2725 1494 2791 debet,
1528 2733 1693 2792 atque
1719 2722 1843 2777 hinc
1865 2721 2044 2791 pctius

457 2822 623 2879 Verbi
674 2820 1076 2892 generationem
1122 2831 1468 2887 comparare,
1513 2831 1620 2871 non
1651 2824 1832 2872 autem
1865 2814 2044 2871 dicere

458 2916 633 2972 Deum
683 2914 863 2969 minus
901 2926 1024 2968 esse
1094 2909 1384 2965 fecundum
1428 2924 1592 2980 quam
1636 2909 1745 2964 sint
1791 2922 2040 2978 corpora.

460 3008 651 3077 Neque
662 3006 805 3061 enim
822 3013 883 3059 ut
901 3017 1100 3074 corpus
1118 3010 1361 3071 generat,
1382 3001 1651 3071 siquidem
1671 3009 1727 3056 et
1748 3001 2043 3056 humanam

462 3110 703 3155 mentem
753 3096 976 3169 gignere
1003 3095 1237 3151 dicimus
1262 3094 1615 3163 cogitationes
1638 3093 1829 3149 bonas.
1863 3092 2045 3149 Bonus

2136 1905 2235 1978 τὴν
2268 1905 2509 1977 ἄρρητον
2537 1901 2635 1957 τοῦ
2660 1900 2797 1955 Θεοῦ
2821 1901 3155 1973 καταφέρειν
3183 1903 3395 1967 οὐσίαν,
3419 1902 3471 1956 τί
3495 1902 3737 1956 κωλύσει

2136 1998 2315 2068 λέγειν
2350 1997 2485 2069 μηδὲ
2512 1996 2647 2060 ὅλως
2679 1996 3069 2067 γεγεννηκέναι
3117 1994 3208 2049 τὸν
3257 1994 3516 2067 Πατέρα;
3576 1995 3739 2048 Ἐπεὶ

2137 2091 2198 2145 τὸ
2228 2091 2434 2145 τίκτειν
2468 2088 2639 2160 μητρὶ
2693 2087 2897 2160 μᾶλλον
2944 2088 2977 2159 ἢ
3022 2087 3184 2159 ἀνδρὶ
3234 2087 3733 2159 πρεπωδέστερονς

2152 2182 2369 2253 Ἐπειδὴ
2415 2181 2473 2235 δὲ
2518 2178 2641 2234 οὔτε
2682 2179 2843 2252 σῶμα
2893 2179 3049 2244 Θεὸς,
3078 2178 3204 2232 οὔτε
3255 2178 3362 2249 μὴν
3404 2177 3502 2248 τὴν
3534 2178 3593 2230 έν
3622 2180 3739 2241 τοῖς

2142 2273 2389 2345 σώμασιν
2426 2271 2539 2343 ἔχει
2565 2270 2825 2343 διαφορὰν
2855 2270 3042 2341 (ἄρσεν
3072 2268 3179 2341 7&9
3208 2270 3303 2323 καὶ
3335 2268 3467 2340 θῆλυ
3494 2268 3658 2340 μόνον
3680 2270 3738 2321 έν

2139 2368 2254 2429 τοῖς
2300 2363 2410 2417 τῶν
2460 2363 2729 2433 σωμάτων
2776 2363 3022 2434 ζητεῖται
3063 2360 3397 2432 σχήμασιν),
3436 2360 3646 2431 ἁπλοῦς
3683 2360 3739 2413 δὲ

2142 2458 2237 2511 καὶ
2272 2454 2580 2527 ἀσώματος,
2632 2455 2729 2508 καὶ
2774 2454 2908 2508 αὐτὸ
2932 2454 3015 2525 ,δὴ
3060 2453 3219 2507 τοῦτο
3274 2454 3401 2517 νοῦς
3439 2456 3468 2507 ό
3518 2454 3740 2507 πάντων

2142 2546 2550 2618 καθαρώτατος,
2581 2546 2670 2601 διὰ
2720 2546 2926 2615 ταύτην
2976 2541 3133 2617 οἶμαι
3178 2545 3278 2617 τὴν
3326 2545 3504 2598 αίτίαν
3537 2545 3740 2616 χρῆναι

2140 2643 2250 2695 δεῖν
2273 2642 2397 2705 τοὺς
2420 2641 2535 2694 ὅσοι
2563 2642 2662 2712 τὴν
2694 2640 2783 2693 ἐπ’
2811 2638 2976 2693 αὑτοῦ
3006 2639 3264 2710 γέννησιν
3307 2638 3583 2704 ἐξετάζειν
3609 2638 3741 2708 βού-

2140 2734 2344 2799 λονται,
2370 2732 2470 2797 τὰς
2511 2734 2575 2786 ὲκ
2606 2730 2701 2786 νοῦ
2741 2730 3123 2804 καρποφορίας
3155 2730 3359 2797 ζητεῖν,
3389 2730 3484 2784 καὶ
3510 2731 3743 2795 ταύταις

2148 2826 2350 2900 μᾶλλον
2377 2825 2655 2897 ἐξομοιοῦν
2678 2823 2994 2894 ἐπείγεσθαι
3019 2820 3113 2877 τοῦ
3137 2822 3312 2891 Λόγου
3334 2823 3433 2892 τὴν
3457 2822 3742 2894 γέννησιν,

2145 2917 2241 2971 καὶ
2272 2916 2348 2987 μὴ
2374 2915 2553 2984 λέγειν
2599 2914 2868 2985 σωμάτων
2898 2910 3239 2984 ἀγονώτερον
3269 2905 3408 2964 εῖναι
3432 2911 3585 2989 Θεὸν,
3616 2913 3747 2965 ἐπεὶ

2150 3010 2226 3083 μὴ
2260 3010 2336 3074 ὡς
2369 3008 2529 3080 σῶμα
2567 3009 2751 3079 γεννᾷ.
2782 3007 2982 3078 Γεννᾷν
3020 3004 3123 3076 μὲν
3143 3004 3251 3077 γὰρ
3276 3003 3373 3057 και
3409 3004 3499 3058 τὸν
3524 3004 3746 3076 ἀνθρώ-

2147 3117 2301 3155 πινον
2348 3099 2475 3155 νοῦν
2522 3099 2742 3163 πάντως
2774 3099 2842 3153 ἂν
2883 3097 3323 3169 ὁμολογήσαιμεν
3356 3096 3745 3168 διαλογισμοὺς

462 3191 608 3247 enim
636 3191 741 3257 vir,
766 3189 943 3259 inquit
966 3187 1247 3253 Servator,
1288 3201 1321 3243 e
1358 3186 1523 3243 corde
1553 3188 1762 3256 profert
1796 3187 1935 3242 bona
1973 3186 2039 3240 ⁸³.

2153 3191 2407 3261 ἀγαθούς.
2464 3191 2598 3245 Ἀπὸ
2633 3190 2742 3262 7&9
2767 3189 2866 3261 τῆς
2892 3189 3123 3261 καρδίας
3148 3188 3177 3241 ό
3204 3186 3407 3257 ἀγαθὸς
3428 3187 3745 3259 ἄνθρωπος,

464 3282 526 3338 Si
542 3297 671 3352 ergo
695 3280 918 3352 impium
938 3288 1023 3336 est
1044 3278 1227 3336 dicere
1244 3287 1477 3334 mentem
1497 3279 1790 3334 humanam
1814 3278 2045 3334 fructum

464 3374 671 3429 nullum
707 3371 970 3442 proferre,
1019 3384 1140 3426 cum
1193 3369 1247 3426 id
1298 3371 1561 3427 Dominus
1597 3371 1711 3440 ipse
1743 3380 1968 3426 testetur
1997 3380 2053 3428 et

467 3480 556 3521 res
607 3466 720 3536 ipsa
770 3466 981 3533 probet,
1014 3478 1123 3536 quo
1172 3472 1332 3534 pacto
1386 3478 1493 3519 non
1546 3464 1838 3518 absurdum
1892 3463 2053 3518 fuerit

468 3556 649 3611 dicere
704 3570 1012 3625 supremam
1067 3555 1311 3611 omnium
1385 3563 1620 3611 mentem
1680 3554 2050 3622 inlrugil’eram

469 3662 611 3713 esse,
646 3657 701 3704 et
720 3647 1056 3704 fecunditate
1086 3663 1208 3719 qua:
1234 3650 1285 3704 ei
1312 3649 1565 3703 convenit
1596 3648 1812 3717 privare
1837 3664 1852 3715 ;
1882 3660 1975 3702 aut
2006 3646 2051 3701 si

469 3742 673 3807 dicant,
707 3755 994 3812 generare,
1033 3742 1309 3813 corporeis
1352 3741 1560 3812 legibus
1586 3740 1859 3810 subjicere
1893 3751 2053 3809 atque

470 3835 544 3888 ita
569 3832 792 3905 perinde
812 3847 877 3888 ac
898 3846 1097 3903 corpus
1114 3846 1402 3904 generare,
1425 3847 1549 3889 cum
1581 3847 1649 3889 ne
1668 3848 1820 3888 mens
1838 3833 2053 3902 quidem

470 3938 592 3992 quae
625 3927 679 3977 in
722 3923 877 3979 nobis
906 3932 993 3979 est
1035 3937 1298 3992 corporeo
1342 3924 1502 3980 modo
1539 3924 1799 3995 generet?
1836 3926 1903 3979 At
1931 3940 2057 3981 vero

473 4016 565 4086 qui
590 4015 843 4072 universa
870 4015 1205 4071 transcendit
1228 4015 1492 4087 longeque
1516 4026 1737 4086 superat
1758 4018 1920 4081 Deus,
1949 4031 2057 4086 quo

473 4118 634 4175 pacto
675 4123 781 4163 non
815 4117 1053 4162 mentem
1083 4108 1248 4162 etiam
1292 4108 1661 4178 generationis
1702 4108 1863 4164 modo
1905 4123 2062 4177 supe-

477 4196 638 4262 rabit,
685 4213 790 4252 non
824 4198 1117 4254 amissione
1158 4207 1248 4254 aut
1291 4198 1438 4254 ﬂuxu
1474 4198 1792 4270 cujusquam
1831 4201 1974 4270 quod
2007 4200 2056 4254 ei

475 4288 628 4358 prius
659 4289 853 4355 inerat,
884 4290 979 4345 sed
1007 4288 1367 4346 illustratione
1384 4290 1520 4346 citra
1547 4290 1709 4345 ullam
1736 4291 2058 4347 divisionem

477 4396 544 4434 ex
587 4382 765 4451 scipso
838 4382 1064 4451 gignens
1105 4380 1342 4447 Filium,
1398 4385 1691 4439 secundum
1736 4383 2057 4439 ineffabilem

478 4486 640 4544 atque
675 4476 1096 4533 inenarrabilem
1148 4476 1345 4533 divinae
1373 4477 1736 4549 generationis
1765 4476 2027 4533 modum?

1161 4676 1390 4734 ALIUD.

553 4807 822 4880 Quidquid
851 4811 917 4866 ad
946 4811 1351 4867 similitudinem
1374 4812 1597 4869 alterius
1626 4814 1827 4870 factum
1860 4824 1966 4882 est,
1991 4817 2058 4869 ab

483 4900 787 4970 aequalitate
816 4902 974 4972 primi
1000 4907 1330 4977 exemplaris
1360 4908 1583 4975 recedit,
1618 4917 1674 4963 et
1703 4911 1968 4963 secundas
1989 4909 2058 4963 ab

486 4990 577 5045 illo
600 5001 786 5061 partes
811 5004 975 5051 tenet.
996 4997 1184 5052 Creata
1218 5000 1398 5068 itaque
1424 5010 1616 5054 natura
1644 5015 1741 5069 per
1761 5000 2055 5069 potentiam

486 5085 581 5139 Dei
623 5083 810 5141 eﬂ'ecta
847 5098 932 5142 est
962 5087 1215 5155 fecunda,
1256 5103 1312 5147 et
1357 5091 1534 5147 elficta
1579 5109 1675 5163 per
1711 5094 1939 5165 gratiam
1990 5094 2054 5146 ad

485 5176 631 5231 illam
656 5194 774 5247 quae
794 5195 919 5236 vere
941 5197 1003 5237 ac
1022 5185 1235 5253 proprie
1256 5185 1483 5241 fecunda
1502 5196 1603 5241 est.
1626 5186 1851 5242 Deliciet
1875 5187 2059 5256 itaque

486 5264 705 5319 omnino
734 5267 803 5321 ab
832 5268 918 5323 illa
951 5272 1175 5327 veritate
1201 5290 1319 5341 qua:
1350 5274 1422 5329 illi
1452 5274 1590 5330 inest
1622 5276 1674 5329 in
1714 5279 1870 5333 modo
1898 5292 2063 5347 gene-

489 5354 677 5421 randi;
700 5364 753 5411 et
782 5360 1062 5428 generabit
1090 5363 1332 5432 quidem,
1368 5367 1461 5421 sed
1489 5382 1596 5421 non
1627 5366 1699 5421 ita
1737 5378 1899 5439 atque
1924 5369 2064 5425 illius

490 5444 557 5498 ad
591 5446 745 5517 cujus
774 5451 1180 5510 similitudinem
1209 5456 1443 5513 eiﬁctum
1468 5468 1572 5514 est.
1602 5460 1753 5526 Quod
1779 5462 1822 5516 si
1863 5464 1931 5516 ita
1961 5473 2063 5528 εει,

486 5541 769 5606 generabit
820 5543 978 5613 Deus,
1007 5562 1114 5604 non
1158 5560 1213 5604 ut
1251 5562 1499 5608 creatura
1536 5567 1655 5623 quae
1701 5569 1797 5623 per
1834 5556 2061 5624 gratiam

560 5766 608 5802 ⁸³
642 5762 831 5826 Matth.
872 5785 969 5837 ιιι,
1000 5773 1089 5827 55.

2150 3284 2296 3339 καθά
2341 3300 2507 3355 φησιν
2539 3284 2568 3337 ὁ
2590 3283 2805 3354 Σωτὴρ,
2836 3281 3105 3355 προφέρει
3133 3281 3200 3336 τὰ
3232 3281 3431 3350 ἀγαθά.
3470 3282 3534 3335 Εἰ
3561 3282 3747 3336 τοίνυν

2150 3375 2345 3439 ἀσεϐὲς
2367 3377 2542 3428 εἰπεῖν
2565 3374 2655 3428 τὸν
2684 3373 3027 3445 ἀνθρώπινον
3060 3372 3188 3428 νοῦν
3216 3373 3427 3446 καρπὸν
3446 3374 3547 3427 οὐκ
3572 3372 3745 3444 ἔχειν,

2152 3466 2247 3520 καὶ
2276 3465 2369 3519 τοῦ
2402 3465 2608 3537 Κυρίου
2647 3465 2951 3535 φάσκοντος
2986 3464 3081 3519 καὶ
3114 3463 3277 3518 αὐτοῦ
3306 3463 3363 3517 δὲ
3390 3463 3623 3535 βοῶντος
3649 3464 3746 3517 τοῦ

2154 3557 2502 3629 πράγματος,
2535 3557 2654 3619 πῶς
2700 3557 2801 3611 οὐκ
2836 3555 3039 3611 ἄτοπον
3071 3557 3164 3611 τὸν
3208 3556 3347 3627 ὑπὲρ
3388 3557 3567 3610 πάντα
3617 3557 3750 3610 νοῦν

2154 3648 2404 3718 ἄκαρπον
2430 3644 2569 3700 εἶναι
2597 3646 2803 3716 λέγειν,
2834 3647 2927 3700 καὶ
2953 3647 3054 3717 τῆς
3081 3646 3400 3719 πρεπούσης
3426 3647 3578 3718 αὑτῷ
3603 3666 3749 3720 καρ-

2155 3740 2422 3810 ποφορίας
2453 3741 2811 3809 ἀποστερεῖνς
2860 3739 2893 3811 ἢ
2922 3740 2970 3791 εί
3005 3738 3253 3809 λέγονται
3279 3742 3493 3811 γεννᾷν,
3523 3742 3754 3795 ὑποκεί-

2159 3831 2284 3886 σθαι
2317 3834 2438 3896 ταῖς
2471 3832 2579 3885 τῶν
2610 3831 2877 3902 σωμάτων
2905 3832 3171 3900 ἀνάγκαις
3204 3832 3635 3903 ὑπολαμϐάνειν,
3657 3836 3754 3888 καὶ⁵

2157 3923 2327 3988 οὕτως
2373 3924 2534 3977 αὐτὸν
2566 3925 2642 3986 ὡς
2670 3923 2828 3995 σῶμα
2875 3926 3090 3995 γεννᾷν,
3115 3924 3237 3979 οὐδὲ
3262 3925 3354 3979 τοῦ
3385 3928 3441 3978 ὲν
3471 3928 3604 3997 ήμῖν
3648 3930 3754 3981 ῦπ-

2159 4017 2415 4089 άρχοντος
2461 4017 2553 4070 νοῦ
2595 4015 2735 4070 κατά
2773 4016 2865 4071 τὸν
2892 4016 3001 4070 τῶν
3036 4019 3303 4088 σωμάτων
3333 4020 3635 4088 γεννῶντος
3669 4022 3755 4076 νό-

2161 4127 2261 4180 μον
2282 4127 2297 4175 ;
2328 4108 2385 4163 '0
2406 4108 2463 4161 δὲ
2493 4110 2605 4163 ἀνω
2633 4109 2851 4164 πάντων
2876 4108 3235 4181 ἀναϐεϐηκὼς
3255 4113 3350 4165 καὶ
3377 4114 3554 4167 πάντα
3577 4114 3755 4186 ὑπερ·

2159 4202 2409 4273 κείμενος
2435 4201 2588 4265 Θεὸς,
2622 4202 2738 4266 πῶς
2781 4204 2843 4256 ού
2890 4203 3144 4273 γεννήσει
3174 4203 3269 4257 καὶ
3294 4204 3437 4275 ὑπὲρ
3468 4204 3617 4269 νοῦν,
3652 4208 3757 4259 οὐκ

2159 4292 2433 4361 ἀποϐολὴν
2462 4291 2496 4363 ἦ
2528 4292 2832 4364 ἀπόρροιαν
2868 4292 3342 4364 προῦποκειμένου
3361 4294 3505 4358 τινὸς
3536 4295 3758 4367 ὑπομέ-

2160 4402 2287 4449 νων,
2321 4384 2436 4439 ἀλλ’
2468 4385 2756 4457 ἐκλάμψας
2800 4386 3115 4457 ἀμερίστως
3156 4385 3215 4453 ἐξ
3249 4386 3443 4441 ἑαυτοῦ
3476 4388 3567 4442 τὸν
3598 4390 3756 4455 Υἱδν,

2161 4475 2303 4529 κατὰ
2334 4474 2425 4528 τὸν
2454 4475 2692 4547 ἀρῤητόν
2724 4494 2783 4531 τε
2817 4478 2911 4531 καὶ
2943 4477 3222 4550 ἄφραστον
3255 4478 3353 4550 τῆς
3383 4478 3531 4544 θείας
3558 4484 3758 4554 γεννή-

2091 4546 2137 4600 Ῑ)
2168 4582 2303 4628 σεως
2329 4546 2530 4636 τρόπον
2551 4583 2567 4632 ;

2738 4746 2745 4753 .
2852 4700 3057 4755 AAAO.

2234 4825 2347 4877 Πᾶν
2374 4825 2511 4897 ὅπερ
2553 4826 2619 4880 ἂν
2648 4826 2768 4881 καθ’
2793 4828 3053 4899 ὁμοίωσιν
3096 4828 3305 4897 γένοιτό
3338 4845 3502 4892 τινος,
3530 4830 3758 4884 ἀπολεί⁶

2163 4933 2324 4970 πεται
2358 4916 2576 4982 πάντως
2608 4919 2708 4989 τῆς
2732 4920 2870 4991 πρὸς
2896 4921 2956 4974 τὸ
2984 4922 3337 4993 πρωτότυπον
3363 4922 3629 4993 ἰσότητος,
3658 4924 3758 4977 καὶ

2163 5008 2263 5077 τῆς
2294 5011 2503 5063 ἐκείνου
2547 5010 2705 5080 δόξης
2739 5011 2858 5065 ἐστὶ
2894 5011 3405 5084 δεύτερον.¹¹Αγεται
3449 5014 3634 5067 τοίνυν
3667 5015 3759 5068 διὰ

2163 5099 2446 5171 δυνάμεως
2492 5101 2628 5154 Θεοῦ
2682 5104 2819 5174 πρὸς
2865 5105 3233 5175 καρπογονίαν
3259 5107 3291 5175 ή
3317 5105 3519 5175 γενητὴ
3565 5105 3755 5175 φύσις,

2166 5192 2303 5261 πρὸς
2329 5193 2546 5263 ἐκείνην
2575 5196 2927 5267 μορφουμένη
2955 5195 3043 5249 διά
3068 5197 3288 5268 χάριτος
3322 5197 3419 5268 τὴν
3445 5196 3619 5260 ὅντως
3664 5200 3760 5252 καὶ

2165 5286 2383 5355 ἀληθῶς
2407 5288 2900 5360 καρπογόνον.“’Δρ’
2923 5284 3016 5342 οῦν
3046 5289 3500 5361 ἀπολειφθήσεται
3529 5289 3759 5352 πάντως

2168 5377 2261 5430 καὶ
2289 5377 2388 5448 τῆς
2433 5379 2618 5450 ἐκείνῃ
2670 5380 2981 5451 προσούσης
3030 5379 3287 5450 ἀληθείας
3339 5379 3469 5450 περὶ
3512 5378 3605 5431 τὸν
3661 5379 3759 5433 τοῦ

2166 5470 2361 5541 γεννᾷν
2388 5472 2587 5541 τρόπον
2613 5487 2625 5499 ο
2674 5472 2769 5524 καὶ
2800 5473 3053 5543 γεννήσει
3095 5473 3213 5544 μὲν,
3240 5473 3338 5544 οὐχ
3365 5472 3440 5537 ὡς
3470 5474 3655 5525 έκεῖνο
3681 5473 3758 5537 δὲ,

2167 5560 2303 5631 πρὸς
2326 5561 2353 5614 ὃ
2383 5562 2479 5615 καὶ
2526 5563 2902 5635 μεμόρφωται.
2936 5565 2998 5618 Εἰ
3026 5564 3083 5618 δὲ
3109 5564 3268 5619 τοῦτο
3300 5564 3519 5635 ἀληθὲς,
3555 5566 3758 5634 γεννή-
