3876 6208
182 309 248 362 ’1⁸7
996 356 1000 360 .
1574 296 2015 354 THESAURUS.
3342 294 3413 347 78

183 440 261 476 σει
290 421 385 491 μὲν
423 422 452 474 ό
497 420 649 485 Θεὸς,
680 421 780 491 οὑχ
805 420 881 484 ὡς
922 421 958 492 ή
1004 420 1179 484 κτίσις
1207 420 1264 474 δὲ
1297 418 1437 473 κατὰ
1463 418 1624 488 χάριν
1649 417 1744 470 καὶ

1870 429 1985 471 iane
2011 429 2133 470 cum
2155 427 2221 470 eo
2250 412 2660 469 similitudinem
2692 420 2774 467 est
2799 418 3106 473 consecuta,
3139 408 3235 464 sed
3261 407 3417 478 longe

181 512 374 583 ταύτην
403 512 641 565 λαϐοῦσα
669 511 767 583 τὴν
796 512 935 582 πρὸς
967 511 1128 565 αὑτὸν
1166 511 1442 582 ὁμοίωσιν,
1472 509 1584 563 ἀλλ’
1606 509 1744 580 ὑπὲρ

183 604 349 658 πάντα
379 604 447 657 τὰ
472 602 698 671 γενττὰ.

813 716 1016 771 AAAO.

448 826 764 894 Ἐρώτησις
798 826 880 893 ὡς
916 827 985 880 ἐκ
1022 825 1130 879 τοῦ
1167 828 1487 896 Εὺνομίου.

266 937 322 993 '0
354 940 537 1012 Πατὴρ
567 939 857 1011 ἐγέννησεν
887 939 945 1006 ἐξ
974 938 1171 994 ἑαυτοῦ
1201 937 1293 993 τὸν
1318 940 1470 1004 Υίὺν,
1500 937 1750 1010 καθάπερ

186 1031 338 1102 ὑμεῖς
386 1046 521 1100 φατε
567 1032 618 1084 οἱ
665 1030 758 1084 ἐπὶ
800 1031 971 1103 πολλῇ
1004 1030 1125 1085 λίαν
1171 1030 1422 1104 ὀρθότητι
1465 1031 1751 1100 δογμάτων

183 1121 706 1191 ἀποσεμνυνόμενοιο
756 1120 871 1174 ἀλλ’
897 1121 1061 1192 ὁρᾶτε
1105 1121 1201 1173 καὶ⁴
1234 1120 1409 1174 τοῦτο.
1445 1118 1661 1184 Τέλειος
1684 1116 1751 1191 ἦν

185 1216 214 1267 ό
240 1214 423 1284 Πατὴρ
455 1211 561 1284 πρὸ
603 1210 705 1283 τῆς
751 1214 1055 1284 γεννήσεως
1095 1213 1190 1266 τοῦ
1225 1212 1377 1277 Υίοῦ,
1407 1211 1524 1266 ἀλλ’
1555 1214 1604 1265 εί
1632 1229 1752 1281 γεν-

186 1306 346 1375 νήσας
374 1307 454 1368 είς
482 1303 648 1358 δυάδα
679 1303 1027 1375 μεμέρισται,
1055 1303 1175 1368 πῶς
1194 1302 1355 1357 ἔτιτὸ
1376 1301 1578 1357 τέλειον
1604 1300 1749 1371 ἕξει⁹ς

186 1398 237 1450 εί
264 1398 335 1467 μὴ
362 1398 467 1467 ἄρα
497 1396 689 1466 γέγονε
712 1396 843 1466 περὶ
869 1396 969 1467 τὴν
998 1395 1189 1449 οὑσίαν
1216 1393 1383 1448 αὑτοῦ
1412 1393 1751 1466 πληθυσμδς,

182 1482 343 1540 οἱονεὶ
375 1485 434 1538 τὸ
463 1484 697 1538 κενωθὲν
724 1483 1072 1555 ἀναπληρῶν.
1091 1484 1328 1555 Ἀνάγκη
1360 1482 1471 1555 γάρ
1504 1484 1655 1537 πᾶσα
1691 1483 1753 1538 τὸ

184 1578 244 1644 ἐξ
271 1578 450 1640 ὲνάδος
478 1578 559 1641 εἰς
580 1576 749 1631 δυάδα
777 1578 1129 1648 τεμνόμενον,
1161 1577 1383 1631 ἔλαττον
1410 1576 1604 1630 ἑαυτοῦ
1630 1578 1754 1646 φαί-

181 1675 387 1737 νεσθαι,
420 1674 467 1726 εί
502 1673 576 1744 μή
614 1690 697 1736 τις
729 1671 870 1743 αὑξη
896 1667 1381 1743 παρεισδραμοῦσα
1406 1668 1668 1743 προσθείη
1692 1669 1754 1724 τὸ

1849 506 2229 563 excelleritiore
2253 520 2415 576 quam
2444 519 2634 561 omnes
2660 514 2923 561 creatura:
2954 504 3131 557 modo.

2521 711 2751 768 ALIUD.

2099 822 2453 895 Interrogatio
2491 840 2555 881 ea:
2583 826 2870 895 objectione
2907 821 3169 877 Eunomii.

1925 939 2083 995 Pater
2112 939 2296 1010 genuit
2326 937 2521 993 Filium
2556 953 2624 993 ex
2659 938 2860 1006 seipso,
2899 944 2958 990 ut
2981 950 3076 990 vos
3103 934 3216 1007 46
3243 934 3423 990 dicitis

1851 1031 1943 1100 qui
1985 1032 2052 1086 de
2099 1046 2308 1086 summa
2348 1031 2656 1102 dogmatum
2708 1029 3033 1085 rectitudine
3080 1028 3419 1099 gloriamini;

1852 1124 1946 1180 sed
1979 1125 2156 1179 videte
2186 1125 2349 1179 etiam
2381 1125 2503 1179 boc.
2527 1122 2689 1178 Pater
2718 1132 2843 1177 ante
2868 1123 3268 1190 generationem
3303 1118 3423 1176 Filii

1853 1215 2125 1286 perfectus
2147 1224 2297 1282 erat;
2323 1218 2417 1271 sed
2443 1215 2487 1270 si
2520 1225 2798 1284 postquam
2830 1214 3014 1284 genuit
3042 1213 3093 1267 in
3117 1212 3424 1266 dualitatem

1852 1309 2056 1363 divisus
2083 1319 2186 1373 est,
2218 1323 2325 1379 quo
2360 1320 2515 1378 pacto
2542 1305 2782 1362 manebit
2826 1304 3133 1375 perfectus?
3172 1301 3276 1357 nisi
3318 1301 3427 1355 for-

1856 1410 2000 1457 tasse
2048 1404 2101 1457 in
2153 1401 2271 1472 ejus
2319 1399 2623 1456 substantia
2674 1398 2941 1467 suppletio
2985 1393 3229 1465 quaedam
3283 1392 3425 1448 facta

1855 1491 2042 1557 fuerit,
2070 1507 2191 1549 aute
2220 1490 2616 1561 quodammodo
2647 1489 2697 1544 id
2720 1490 2865 1559 quod
2896 1488 3216 1543 exhaustum
3255 1484 3429 1540 fuerat

1853 1564 2558 1654 supplevithecessarium
2600 1582 2746 1636 enim
2796 1595 3017 1650 prorsus
3053 1588 3139 1635 est
3189 1588 3248 1633 ut
3286 1578 3428 1647 quod

1855 1691 1921 1729 ex
1977 1675 2183 1730 unitate
2236 1676 2288 1730 in
2349 1674 2665 1729 dualitatem
2721 1683 2960 1737 secatur,
3018 1671 3196 1726 minus
3250 1669 3431 1738 seipso

181 1765 506 1829 ἐκλελοιπός,
536 1767 599 1819 Εί
639 1765 696 1819 δὲ
734 1765 974 1818 τοιοῦτον
1005 1765 1157 1820 οὐδὲν
1187 1766 1312 1836 περὶ
1343 1764 1444 1835 τὴν
1476 1763 1629 1817 θείαν
1660 1763 1752 1817 οὑ-

1870 1765 2144 1831 :t‘ﬁciatur,
2186 1767 2289 1821 nisi
2333 1768 2728 1822 incrementum
2759 1763 2976 1833 aliquod
3020 1761 3245 1817 accedat
3286 1761 3428 1831 quod

182 1859 302 1913 σίαν
334 1857 651 1929 συμϐαίνειν
688 1856 932 1920 δύναται,
961 1855 1061 1910 οὑκ
1088 1856 1376 1928 ἐγέννησεν
1405 1857 1513 1926 ἄρα
1536 1855 1597 1921 ἐξ
1629 1855 1755 1909 ἐαυ-

178 1949 274 2003 τοῦ
300 1948 391 2004 τὸν
422 1950 547 2003 Υίὸν
578 1949 607 2002 ὁ
634 1947 843 2020 Πατὴρ,
876 1950 962 2002 ἵνα
988 1949 1062 2019 μὴ
1090 1947 1343 2019 φαίνηται
1376 1949 1749 2022 μεριζόμενος·

181 2036 451 2110 ὑπέστησε
480 2038 538 2092 δὲ
560 2037 724 2093 αὑτὸν
752 2037 937 2109 ὅμοιον
961 2038 1138 2108 ἐαυτῷ
1164 2037 1307 2092 κατὰ
1329 2039 1526 2094 πάντα.

652 2347 809 2415 Πρὸς
843 2346 1022 2402 τοῦτο
1058 2349 1261 2415 λύσις.

256 2462 408 2514 Ἐστι
443 2460 542 2531 μὲν
588 2462 681 2514 καὶ
714 2462 773 2528 ἐξ
807 2463 1009 2536 ἐτέρων
1055 2463 1185 2517 ἰδεῖν
1215 2464 1299 2518 ὅτι
1331 2463 1531 2537 πολλὴν
1558 2465 1608 2518 οί
1640 2482 1758 2537 χρι-

181 2552 442 2622 στομάχοι
466 2550 682 2606 νοσοῦσι
710 2554 923 2625 φρενῶν
952 2555 1207 2626 ἐρημίαν,
1228 2556 1377 2610 οὐδὲν
1400 2557 1457 2610 δὲ
1481 2553 1643 2629 ἦττον
1664 2560 1758 2613 καὶ

177 2647 268 2700 διὰ
289 2646 513 2701 τούτων.
550 2646 863 2701 Πλανῶνται
909 2648 1019 2720 γὰρ
1068 2649 1256 2713 ὅντως,
1295 2650 1369 2721 μὴ
1417 2650 1619 2716 εἰδότες
1662 2654 1760 2716 τὰς

178 2738 400 2807 Γραφὰς
436 2735 571 2806 μηδὲ
602 2734 699 2807 τὴν
721 2735 952 2807 δύναμιν
982 2737 1077 2790 τοῦ
1109 2737 1262 2792 Θεοῦ.
1292 2738 1417 2803 Πῶς
1443 2739 1551 2809 γὰρ
1576 2741 1759 2811 ὅμοιον

177 2831 331 2884 ἕσται
365 2830 507 2884 κατὰ
536 2832 714 2883 πάντα
742 2829 821 2900 τῷ
858 2832 1099 2902 ἀκτίστῳ
1135 2831 1231 2885 καὶ
1259 2832 1346 2885 ἀεὶ
1374 2832 1487 2885 ὄντι
1518 2833 1638 2904 Θεῷ
1664 2837 1759 2888 καὶ

178 2923 376 2991 Πατρὶ,
408 2922 467 2974 τὸ
508 2918 568 2985 ἐξ
608 2920 709 2973 οὑκ
748 2919 918 2973 ὄντων
948 2922 1028 2985 είς
1058 2922 1353 2978 ὑπόστασιν
1398 2925 1650 2995 ὲνεχθέν;
1698 2928 1758 2979 Et

175 3015 288 3086 γὰρ
317 3015 453 3076 ὅλως
481 3011 711 3085 ὑπέστη,
737 3014 837 3066 οὑκ
869 3008 936 3085 ἦν
972 3013 1213 3084 δηλονότι
1239 3015 1391 3070 ποτέ.
1424 3017 1548 3082 Πῶς
1575 3018 1633 3071 δὲ
1660 3021 1761 3073 οὑκ

1856 1857 2128 1912 defectum
2153 1867 2466 1926 compenset
2504 1871 2570 1911 ac
2603 1855 2869 1925 suppleat.
2908 1854 2965 1909 Si
3008 1866 3141 1908 vero
3175 1861 3429 1907 neutrum

1856 1948 2049 2003 horum
2092 1949 2144 2002 in
2187 1948 2366 2003 divina
2401 1958 2591 2003 natura
2632 1947 2883 2001 accidere
2916 1952 3116 2017 potest,
3153 1958 3283 2012 ergo
3323 1957 3429 1997 non

1855 2039 2041 2108 genuit
2065 2039 2226 2095 Pater
2250 2055 2314 2094 ex
2340 2037 2517 2109 seipso
2540 2037 2756 2101 Filium,
2786 2052 2853 2092 ne
2878 2036 3083 2091 divisus
3099 2049 3223 2091 esse
3250 2035 3434 2090 videa-

1859 2141 1984 2197 tur;
2015 2146 2136 2187 eum
2170 2147 2301 2187 vero
2325 2132 2425 2187 sibi
2454 2129 2687 2186 similem
2722 2130 2774 2183 in
2815 2129 3068 2184 omnibus
3108 2128 3236 2183 fecit
3270 2135 3432 2197 atque

1856 2223 2151 2279 constituit.

2361 2360 2571 2414 Salutio
2602 2358 2927 2426 objectionis.

1929 2468 2063 2523 Cum
2094 2483 2157 2523 ex
2183 2469 2303 2525 aliis
2330 2470 2510 2525 multis
2530 2481 2742 2526 constet
2767 2481 2968 2540 quanta
3014 2469 3212 2525 mentis
3255 2469 3435 2539 inopia

1860 2557 2107 2614 laborent
2158 2559 2343 2615 hostes
2403 2559 2532 2627 Dei,
2604 2569 2717 2615 tum
2777 2560 3125 2615 nihilominus
3176 2574 3241 2614 ex
3295 2560 3434 2615 istis.

1862 2650 2058 2705 Errant
2110 2651 2254 2706 enim
2311 2663 2553 2721 prorsus,
2607 2666 2780 2721 neque
2815 2652 3052 2707 scientes
3102 2651 3436 2720 Scripturas,

1862 2754 2036 2811 neque
2072 2744 2327 2797 virtutem
2381 2742 2472 2796 Dei
2504 2742 2571 2796 “.
2610 2741 2889 2808 Quomodo
2914 2739 3060 2796 enim
3093 2741 3299 2811 aequale
3344 2756 3443 2812 per

1860 2834 2045 2889 etnnia
2082 2834 2191 2890 Deo
2220 2848 2286 2888 ac
2324 2833 2471 2888 Patri
2514 2833 2757 2888 increato
2791 2848 3115 2906 semperque
3154 2835 3439 2889 exsistenti

1864 2927 2027 2980 inerit
2056 2926 2107 2979 id
2138 2926 2279 2995 quod
2312 2940 2380 2980 ex
2422 2924 2592 2979 nihilo
2624 2924 2691 2979 ad
2730 2939 2853 2981 esse
2887 2926 3191 2981 traductum
3220 2926 3342 2981 est?
3381 2926 3440 2980 Si

1861 3022 2006 3077 enim
2048 3022 2227 3076 factus
2266 3032 2322 3077 et
2358 3023 2689 3079 constitutus
2721 3022 2843 3090 fuit,
2893 3023 3082 3094 procul
3127 3024 3294 3079 dubio
3343 3024 3441 3076 ali-

176 3106 525 3176 αῐσχὺνονται
565 3106 868 3176 μερισμοὺς
896 3108 989 3158 καί¹
1020 3107 1302 3177 ἀποτομὰς
1335 3108 1465 3178 περὶ
1489 3108 1587 3180 τὴν
1612 3109 1761 3163 θείαν

1870 3111 2078 3181 quando
2117 3128 2222 3167 non
2256 3112 2376 3170 fuit.
2413 3114 2528 3181 Quo
2563 3124 2721 3184 pacto
2766 3125 2948 3170 autem
2994 3130 3098 3169 non
3139 3116 3303 3185 pudet
3348 3130 3443 3170 eos

190 3197 433 3268 γέννησιν
480 3196 845 3268 εἰσφέροντες,
890 3198 985 3249 καὶ
1015 3198 1127 3261 τοῖς
1155 3196 1257 3267 τῆς
1288 3195 1520 3270 γενητῆς
1549 3200 1762 3270 φύσεως

182 3290 368 3360 νόμοις
396 3288 740 3352 ὑποτιθέντες
786 3290 884 3359 τὴν
924 3276 1166 3361 ἄρρητον
1186 3288 1410 3356 οὑσίαν;
1455 3291 1528 3344 Οὑ
1561 3291 1670 3363 γὰρ
1698 3294 1761 3364 δή

180 3396 289 3435 που
338 3385 450 3445 τοῖς
499 3382 718 3446 οίκείοις
764 3383 1063 3453 ποιήμασιν
1111 3384 1225 3446 ἶσος
1268 3382 1419 3437 ἔσται
1454 3380 1607 3451 Θεὸς,
1642 3382 1763 3439 οὐδὲ

178 3471 329 3527 οὕτω
364 3472 615 3541 γεννήσει
643 3470 897 3543 καθάπερ
927 3473 1131 3525 ἐκεῖνα·
1155 3471 1270 3525 ἀλλ’
1311 3470 1500 3544 ὥσπερ
1526 3476 1583 3527 ἐν
1615 3474 1762 3529 διπα-

184 3584 279 3620 σιν
329 3565 584 3637 ὑπερέχει
634 3564 835 3627 αὑτῶν,
891 3562 1064 3628 οὕτως
1114 3564 1369 3635 ὑπερέξει
1418 3566 1519 3619 κάν
1567 3568 1761 3637 τούτῳ.

181 3656 297 3711 Καὶ
329 3658 377 3709 εί
407 3657 584 3727 πάσης
626 3655 740 3710 ἄνω
764 3655 999 3726 γενητῆς
1044 3653 1233 3720 οὐσίας
1263 3656 1412 3709 ἐστὶν
1451 3659 1479 3710 ὁ
1509 3657 1641 3722 Θεὸς
1672 3658 1767 3712 καὶ

181 3748 399 3819 Πατὴρ,
436 3747 545 3802 άνω
592 3747 757 3801 πάλιν
785 3746 955 3817 αὑτῆς
992 3746 1142 3800 ἔσται
1184 3748 1279 3800 καὶ
1316 3748 1458 3802 κατὰ
1485 3748 1574 3801 τὸν
1601 3751 1658 3801 ἐν
1689 3748 1766 3820 τῷ

180 3841 382 3910 γεννᾷν
424 3840 645 3912 τρόπον,
686 3839 940 3910 ἀρρήτως
982 3837 1141 3893 τοῦτο
1186 3838 1356 3893 ποιῶν
1401 3838 1496 3895 καὶ
1543 3839 1767 3912 θεοπρε-

182 3948 331 3995 πως.

872 4044 1075 4099 ΑΛΛΟ.

259 4160 579 4233 Μερισμοὺς
596 4158 689 4212 καὶ
705 4157 1030 4221 ἐλαττώσεις
1050 4158 1365 4229 ὑπομένειν,
1396 4158 1569 4231 αὔξην
1589 4178 1649 4214 τε
1674 4162 1768 4215 καὶ

182 4250 530 4322 πληθυσμδν,
553 4252 646 4305 καὶ
678 4251 778 4315 τάς
811 4251 868 4303 ὲν
909 4246 987 4321 τῷ
1019 4250 1225 4304 τίκτειν
1254 4252 1551 4323 ἀπορροίας
1584 4254 1769 4323 σωμά-

1865 3202 2160 3259 divisiones
2211 3214 2267 3258 et
2317 3206 2587 3261 sectiones
2636 3208 2689 3260 in
2738 3207 2973 3261 divinam
3036 3208 3440 3277 generationem

1866 3292 2143 3361 inducere,
2167 3303 2222 3348 ct
2247 3293 2572 3352 ineffabilem
2612 3296 2969 3353 substantiam
3011 3308 3207 3353 creatae
3236 3308 3443 3354 naturae

1864 3383 2074 3455 legibus
2119 3385 2434 3455 subjicere?
2480 3386 2666 3459 Neque
2715 3390 2860 3443 enim
2917 3391 3180 3444 creaturis
3232 3391 3329 3446 abs
3386 3406 3445 3446 se

1866 3474 2027 3531 factis
2045 3476 2275 3546 aequalis
2297 3487 2383 3532 est
2405 3477 2570 3544 Deus,
2590 3492 2765 3548 neque
2782 3479 2968 3533 eadem
2989 3478 3203 3534 ratione
3220 3490 3445 3550 generat

1865 3582 1972 3637 qua
2002 3567 2127 3634 illa;
2160 3570 2253 3624 sed
2290 3570 2434 3624 sicut
2461 3570 2515 3624 in
2546 3570 2759 3625 caeteris
2783 3571 3037 3626 omnibus
3056 3571 3174 3625 illas
3200 3572 3443 3636 excellit,

1867 3659 1944 3715 ita
1972 3660 2133 3715 etiam
2166 3660 2220 3716 in
2247 3660 2371 3717 hoc.
2401 3658 2471 3714 Et
2499 3660 2545 3715 si
2571 3675 2786 3715 omnem
2815 3667 3052 3716 creatam
3083 3661 3443 3718 substantiam

1867 3750 2013 3806 Deus
2032 3765 2095 3805 ac
2126 3749 2291 3805 Pater
2323 3750 2481 3823 longe
2512 3761 2751 3821 superat,
2777 3752 2886 3807 erit
2912 3753 3076 3809 etiam
3099 3768 3163 3808 ea
3196 3755 3447 3824 superior

1868 3844 2165 3913 generandi
2202 3844 2382 3909 modo,
2434 3843 2779 3901 ineﬂabiliter
2813 3846 3099 3917 divineque
3132 3849 3181 3902 id
3217 3848 3442 3907 faciens.

2538 4044 2767 4101 ALIUD.

1956 4156 2256 4212 Divisiones
2335 4164 2391 4212 et
2468 4156 2895 4225 imminutiones,
2975 4159 3328 4226 incrementa,
3395 4170 3451 4215 et

1870 4250 2240 4319 suppletiones
2289 4262 2354 4305 ac
2398 4247 2645 4304 dcﬂuxus
2693 4249 2747 4304 iu
2800 4253 3109 4321 generando
3158 4265 3447 4319 corporum

179 4361 322 4407 των,
357 4341 484 4395 ῐδιον
518 4339 612 4395 καὶ
642 4342 751 4394 τῶν
782 4342 882 4394 ὅσα
908 4340 1011 4410 τῆς
1031 4342 1264 4411 γενητῆς
1297 4342 1483 4405 οὐσίας
1512 4343 1675 4397 ἐστίν.
1706 4341 1763 4397 Ei

1872 4342 2091 4411 propria
2141 4348 2287 4405 sunt,
2328 4349 2599 4395 eteorum
2650 4356 2771 4411 quae
2800 4350 3037 4397 creatam
3088 4344 3447 4397 substantiam

180 4435 371 4488 τοίνυν
398 4433 540 4487 οὕτω
563 4434 734 4487 τίκτει
773 4432 924 4496 Θεὸς.
955 4433 1143 4503 ὥσπερ
1171 4434 1265 4487 καὶ
1293 4434 1363 4488 τὰ
1396 4434 1641 4506 σώματα,
1674 4438 1763 4489 καὶ

1873 4434 2095 4488 habent.
2145 4432 2202 4487 Si
2250 4434 2414 4503 igitur
2460 4432 2605 4487 Deus
2669 4433 2741 4486 ita
2792 4433 2965 4503 gignit
3006 4433 3143 4487 sicut
3193 4449 3447 4504 corpora,

182 4526 459 4596 κρατήσει
484 4524 646 4593 νόμος
676 4524 763 4576 ἐπ’
785 4523 950 4577 αὑτοῦ
978 4524 1219 4589 τοιοῦτος
1247 4526 1431 4589 ὁποῖος
1460 4529 1518 4580 ὲν
1540 4530 1653 4591 τοῖς
1673 4546 1763 4580 πε-

1875 4526 2174 4595 eademque
2208 4527 2323 4595 lege
2352 4535 2563 4580 tenetur
2584 4540 2689 4594 qua
2722 4536 3005 4588 creaturae,
3045 4527 3255 4583 creabit
3282 4528 3448 4581 etiam

182 4617 532 4687 ποιημένοις,
562 4616 706 4669 οὑτω
749 4615 844 4669 καὶ
870 4617 1264 4688 δημιουργήσει
1301 4618 1553 4688 καθάπερ
1580 4620 1674 4672 καὶ
1700 4620 1763 4674 τά

1877 4616 2337 4686 quemadmodum
2371 4630 2622 4686 corpora,
2672 4617 3050 4672 instrumentis
3096 4618 3351 4673 nimirum
3396 4628 3453 4673 et

186 4712 448 4782 σώματα,
478 4711 729 4781 ὀργάνοις
755 4710 952 4781 δηλαδὴ
988 4710 1083 4763 καὶ
1115 4712 1269 4781 χερσί
1314 4712 1669 4782 κεχρημένος.
1708 4715 1763 4767 ΕΙ

1880 4710 2133 4765 manibus
2172 4719 2352 4763 utens.
2404 4709 2462 4764 Si
2512 4723 2643 4764 vero
2693 4724 2815 4763 cum
2865 4724 3123 4779 corporea
3169 4718 3225 4766 et
3268 4720 3451 4765 creata

180 4805 248 4858 δὲ
273 4806 376 4874 τῆς
403 4803 720 4875 σωματικῆς
749 4803 843 4856 καὶ
871 4802 1105 4873 γενητῆς
1133 4803 1344 4871 φύσεως
1376 4804 1520 4857 οὕτω
1544 4805 1775 4875 δυναμέ-

184 4913 294 4968 νης
323 4895 677 4966 δημιουργεῖν
708 4894 802 4947 καὶ
825 4894 923 4963 οὐχ
948 4894 1169 4963 ἑτέρως,
1184 4894 1328 4965 λόγῳ
1354 4895 1422 4949 τὰ
1448 4895 1625 4951 πάντα
1644 4896 1776 4960 Θεὸς

183 4983 513 5058 ἐργάζεται,
559 4984 655 5039 καὶ
698 4984 755 5036 ὲν
788 4985 855 5054 τῇ
902 4979 1357 5055 αὑτοῦίβουλήσει
1399 4985 1467 5039 τὰ
1507 4985 1634 5039 δντα
1676 4986 1777 5057 τὴν

183 5083 460 5136 σύστασιν
488 5078 622 5149 ἔχει,
640 5076 758 5141 πῶς
780 5076 842 5130 οὑ
870 5077 1074 5146 γελοῖον
1105 5079 1164 5131 ὲν
1191 5081 1306 5142 τοῖς
1333 5078 1779 5150 άξιολογωτέροις

183 5175 294 5229 καὶ
327 5172 537 5243 μείζοσι
570 5169 645 5241 μὴ
678 5169 791 5223 άνω
819 5168 1031 5223 κεῖσθαι
1059 5169 1268 5234 πάθους
1318 5170 1409 5224 τὸν
1452 5170 1605 5237 Θεὸν,
1642 5172 1778 5242 μηδὲ

181 5264 518 5333 ἐξάλλεσθαι
546 5262 617 5316 τὰ
642 5264 756 5326 τοῖς
780 5259 1025 5332 σώμασιν
1053 5262 1280 5317 εἰωθότα
1310 5264 1627 5335 συμϐαίνειν
1648 5266 1779 5336 περὶ

179 5357 247 5410 τὸ
274 5356 479 5425 γεννᾷν
503 5395 518 5419 ,
549 5353 665 5407 ἀλλ’
701 5353 777 5416 ὼς
810 5352 871 5417 ἐξ
903 5354 1151 5427 ἀνάγκης
1181 5354 1353 5419 οὕτως
1387 5353 1527 5409 εῖναι
1557 5356 1686 5428 περὶ
1717 5356 1780 5409 τὸ

178 5447 419 5516 γεννᾷν,
437 5444 689 5513 καθάπερ
710 5444 803 5497 καὶ
827 5445 895 5499 τά
920 5444 1384 5516 σώματα.Ὥσπερ
1407 5441 1501 5500 οὖν
1520 5446 1782 5518 δημιουρ-

179 5539 281 5606 γεῖ
318 5536 420 5607 μὲν
474 5536 573 5606 οὑχ
599 5534 674 5597 ὡς
704 5533 1008 5604 ἄνθρωπος,
1048 5535 1170 5590 οὑδὲ
1213 5536 1288 5600 ὡς
1315 5536 1495 5608 σῶμα,
1518 5536 1661 5591 οὕτω
1687 5537 1784 5590 καὶ

181 5629 369 5699 γεννᾷ
387 5630 511 5691 ταῖς
528 5627 637 5680 τῶν
662 5627 932 5698 σωμάτων
951 5628 1258 5701 συνηθείαις
1275 5630 1373 5701 οὑχ
1398 5630 1777 5702 ὑποκείμενος.

267 5748 324 5778 ⁸⁵
364 5745 552 5801 Matth.
594 5720 730 5803 ικιι.
768 5742 858 5798 29.

1880 4814 2075 4857 natura
2125 4802 2197 4855 ita
2224 4801 2440 4871 operari
2479 4802 2649 4870 possit
2693 4815 2869 4870 neque
2897 4800 3073 4864 aliter,
3119 4801 3262 4856 Deus
3287 4804 3454 4857 verbo

1879 4893 2062 4947 omnia
2106 4900 2383 4961 operatur,
2429 4899 2484 4943 et
2526 4890 2581 4944 in
2618 4890 2735 4960 ejus
2773 4890 3050 4945 voluntate
3092 4891 3273 4946 omnia
3318 4908 3452 4946 cou-

1883 4985 2101 5046 sistunt,
2135 4997 2241 5050 quo
2286 4990 2443 5051 pacto
2488 4996 2593 5035 non
2646 4981 2932 5036 ridiculum
2987 4980 3151 5037 fuerit
3189 4982 3245 5036 in
3294 4982 3457 5037 rebus

1884 5074 2226 5146 dignioribus
2267 5083 2323 5127 et
2356 5073 2613 5127 momenti
2665 5072 2835 5128 Deum
2882 5088 2985 5127 non
3017 5087 3138 5127 esse
3176 5084 3454 5143 expertem

1885 5167 2176 5237 passionis,
2206 5166 2315 5238 47
2331 5180 2509 5236 neque
2533 5179 2816 5235 corporum
2847 5164 2901 5219 in
2924 5164 3232 5236 generando
3266 5166 3455 5220 condi-

1885 5260 2085 5315 tionem
2117 5273 2375 5328 superare
2394 5298 2410 5323 ,
2434 5257 2527 5312 sed
2557 5256 2719 5312 veluti
2759 5259 3086 5312 necessitate
3123 5258 3353 5327 quadam
3383 5259 3453 5313 ita

1883 5364 2144 5422 generare
2199 5358 2260 5403 ut
2297 5349 2530 5418 corpus?
2571 5347 3033 5415 Quemadmodum
3091 5347 3253 5417 igitur
3306 5359 3457 5403 creat

1883 5459 1989 5499 non
2020 5452 2078 5497 ut
2114 5442 2295 5507 homo,
2331 5456 2507 5511 neque
2550 5450 2609 5495 ut
2652 5455 2873 5511 corpus,
2912 5441 2983 5495 ita
3034 5440 3195 5495 etiam
3236 5450 3457 5512 generat

1884 5552 2173 5609 corporum
2196 5533 2569 5593 consuetudini
2608 5546 2947 5604 nequaquam
2979 5535 3257 5592 astrictus.
