3876 6208
396 342 471 401 ⁸19
1380 342 1443 399 5.
1480 340 1750 400 CYRILLI
1792 342 2260 400 ALEXANDHINI
2298 342 2625 402 ARCHIEP.
3576 339 3652 399 $0

742 458 972 526 ALIUD,
998 461 1067 515 ad
1093 460 1168 514 rei
1201 459 1622 529 explicationem.

476 576 637 629 Pater
668 571 861 628 Filium
890 587 953 626 ex
986 572 1164 641 seipso
1189 571 1393 639 absque
1427 571 1696 625 divisione
1743 580 1838 625 aut
1884 572 1968 625 in-

402 664 627 721 tervallo
664 664 935 732 produxit,
979 661 1436 729 quemadmodum
1485 669 1537 715 ct
1591 660 1671 714 sol
1720 660 1971 730 splendo-

408 773 517 812 rem
535 772 607 810 ex
658 770 717 809 se
765 755 1045 808 emissum.
1091 753 1350 818 Quamvis
1394 752 1647 822 splendor
1682 753 1815 808 solis
1859 768 1967 807 non

404 852 602 903 habeat
652 846 924 916 propriam
970 845 1329 914 hypostasim,
1366 857 1541 911 neque
1580 842 1819 911 perfecte
1854 842 1972 913 ipse

402 942 459 994 in
503 941 682 1010 seipso
717 943 951 991 essentia
1001 938 1121 989 sit:
1177 936 1336 989 habet
1371 935 1516 988 enim
1560 950 1719 990 suum
1750 949 1871 990 esse
1918 936 1969 990 in

402 1032 546 1095 sole;
595 1032 837 1083 divinum
883 1043 1014 1081 vero
1060 1027 1307 1095 genimeu
1356 1027 1458 1080 hoc
1510 1033 1718 1080 tantum
1762 1041 1826 1081 ex
1870 1026 1971 1080 hoc

401 1125 647 1193 exemplo
676 1124 833 1176 habet
880 1120 1020 1189 quod
1065 1134 1132 1172 ex
1173 1118 1335 1171 Patre
1375 1118 1632 1186 procedat
1672 1117 1809 1171 citra
1838 1117 1973 1172 divi-

402 1218 610 1272 sionem
643 1215 803 1268 ullam
846 1222 900 1267 et
925 1212 1131 1280 absque
1170 1212 1368 1279 spatio,
1398 1211 1781 1278 propriamque
1812 1210 1973 1263 habet

402 1306 740 1378 ltypostasim
770 1319 875 1357 non
904 1312 1208 1371 separatam
1253 1316 1279 1353 a
1307 1300 1486 1363 Patre,
1521 1301 1613 1353 sed
1647 1301 1699 1353 in
1726 1300 1885 1354 Patre
1920 1311 1974 1354 et

404 1413 524 1451 cum
578 1396 741 1450 Patre
780 1394 1107 1448 intellectam
1153 1401 1315 1460 atque
1369 1391 1741 1445 exsistentem.
1788 1391 1976 1445 Dicere

406 1498 585 1543 autem
628 1488 920 1542 sectionem
976 1494 1031 1539 et
1072 1472 1399 1539 decisionem
1444 1483 1497 1537 in
1528 1483 1705 1537 divina
1760 1496 1977 1552 genera.

406 1581 553 1632 tione
580 1575 777 1631 factam
806 1577 990 1639 fuisse,
1025 1574 1279 1628 immanis
1312 1573 1535 1626 insania:
1570 1582 1652 1627 est
1683 1574 1978 1626 documen-

409 1678 542 1723 tum.
573 1667 704 1721 Cum
736 1667 878 1721 enim
902 1666 1156 1719 divinitas
1189 1664 1306 1718 loco
1338 1680 1443 1718 non
1468 1662 1969 1727 circumscribatur,

406 1775 477 1814 ne
508 1761 557 1814 id
581 1760 797 1828 quidem
830 1758 970 1827 quod
994 1773 1061 1812 ex
1088 1773 1153 1811 eo
1172 1756 1416 1824 procedit
1439 1756 1490 1809 in
1524 1755 1641 1811 loco
1678 1754 1800 1808 erit.
1822 1752 1971 1819 Quod

406 1866 537 1907 vero
560 1866 733 1920 neque
759 1852 810 1904 in
848 1852 964 1903 loco
991 1858 1096 1913 est,
1126 1864 1302 1916 neque
1335 1863 1453 1902 esse
1482 1856 1679 1917 potest,
1709 1845 1977 1915 quomodo
2011 1837 2051 1895 Β

408 1946 645 2015 separari
671 1944 881 2014 potest?
901 1943 1145 2009 Quonam
1173 1942 1315 1993 enim
1342 1939 1440 1994 ibit
1462 1939 1605 2008 quod
1631 1948 1835 1992 sectmn
1859 1935 1979 1989 est?

410 2046 500 2093 aut
526 2052 557 2091 e
592 2050 700 2105 quo
728 2036 779 2089 in
803 2049 963 2104 quem
996 2030 1393 2086 transferetur?
1423 2030 1537 2083 haec
1565 2026 1829 2097 siquidem
1858 2039 1979 2079 cor—

410 2142 599 2198 porum
650 2134 775 2181 sunt
823 2124 1082 2194 propria,
1130 2122 1197 2175 ab
1252 2120 1569 2188 incorporea
1622 2133 1751 2172 vero
1787 2128 1975 2170 natura

409 2234 633 2292 prorsus
680 2217 875 2270 aliena.
921 2215 997 2269 Ne
1047 2216 1211 2285 igitur
1246 2214 1410 2281 impie
1441 2214 1492 2265 iu
1542 2213 1721 2266 divina
1744 2226 1982 2285 genera-

413 2312 559 2365 tione
609 2304 893 2369 deﬂuxus,
952 2305 1347 2373 separatioues,
1417 2314 1580 2371 atque
1636 2303 1721 2357 his
1786 2302 1983 2355 similia

410 2399 919 2455 comminiscanlur.
960 2393 1225 2463 Suprema
1278 2395 1419 2447 enim
1467 2392 1555 2446 illa
1596 2394 1836 2446 omnium
1883 2407 1982 2444 na-

413 2504 532 2547 tura
559 2489 691 2544 nulli
720 2488 977 2558 passioni,
1013 2485 1338 2555 separatioui
1375 2494 1467 2537 aut
1496 2484 1721 2538 sectioni
1773 2492 1856 2535 est
1884 2484 1982 2537 ob-

412 2582 597 2647 noxia,
656 2592 833 2649 neque
883 2592 1169 2645 corporum
1225 2577 1582 2644 pr0prietates
1633 2575 1844 2644 recipit.
1876 2573 1980 2627 Sed

376 2672 862 2742 “quemadmodum
917 2676 1066 2722 creat
1126 2666 1489 2730 mirabiliter,
1544 2665 1814 2734 longeque
1878 2664 1984 2716 alio

411 2776 573 2832 quam
628 2768 812 2813 nostra
860 2756 1194 2811 consuetudo
1228 2756 1333 2808 fert
1366 2754 1545 2820 modo,
1603 2754 1675 2807 ita
1715 2754 1873 2807 etiam
1902 2766 1987 2821 ge-

414 2862 568 2907 nerat
594 2866 658 2904 ex
694 2864 754 2904 se
786 2847 889 2902 alia
923 2846 1132 2901 ratione
1161 2859 1322 2914 quam
1357 2858 1479 2898 nos.

416 2986 679 3052 Exempla
729 2983 1083 3052 particulatim
1128 2980 1457 3052 declargntia
1495 2995 1595 3046 quo
1623 2989 1774 3046 pacto
1812 2978 1988 3036 Filius

649 3048 780 3111 citra
812 3053 1193 3122 separatione":
1235 3066 1260 3103 e
1295 3048 1452 3102 Patre
1475 3053 1749 3117 processit.

490 3191 682 3247 Sermo
709 3187 1104 3249 enuntiativus,
1137 3200 1245 3253 quo
1279 3185 1501 3248 utimur,
1538 3184 1590 3237 in
1630 3194 1812 3240 mente
1841 3195 1892 3239 et
1923 3201 1986 3240 ex
2016 3180 2058 3234 C

416 3294 598 3337 mente
625 3280 885 3350 gignitur,
918 3288 1081 3347 atque
1104 3276 1244 3331 alius
1268 3276 1485 3346 quidem
1526 3275 1743 3329 videtur
1766 3291 1891 3330 esse
1921 3278 1989 3329 ab

416 3388 482 3428 eo
517 3372 607 3441 qui
651 3372 704 3424 in
746 3370 909 3424 corde
942 3366 1203 3438 agitatur,
1234 3376 1505 3436 quatenus
1538 3377 1693 3421 extra
1729 3382 1793 3421 os
1821 3367 1986 3421 veluti

416 3480 447 3521 e
473 3463 716 3518 tenebris
748 3463 803 3516 in
833 3460 1008 3514 lucem
1039 3459 1348 3523 emittitur;
1380 3467 1466 3513 est
1495 3469 1675 3513 autem
1714 3473 1905 3514 rursus
1938 3459 1987 3511 iu

416 3573 503 3621 eo,
530 3556 830 3623 similisque
867 3554 913 3607 ci
968 3563 1051 3605 est
1089 3566 1188 3621 per
1219 3552 1425 3605 omnia.
1463 3550 1519 3605 ln
1562 3566 1813 3606 sermone
1845 3551 1990 3604 enim

417 3648 630 3701 videtur
671 3644 928 3714 cogitatio
960 3642 1162 3706 cordis,
1186 3650 1241 3696 et
1279 3656 1468 3696 rursus
1505 3642 1557 3695 in
1588 3649 1769 3694 mente
1813 3655 1992 3695 sermo

419 3740 655 3794 nondum
706 3735 976 3804 loquendo
1012 3747 1331 3802 expressus.
1359 3732 1436 3785 Ita
1476 3732 1640 3787 etiam
1676 3730 1844 3785 Filius
1876 3731 1991 3792 Dei,

420 3834 622 3902 absque
666 3828 1016 3898 separatione
1058 3839 1089 3879 e
1132 3824 1294 3879 Patre
1343 3824 1664 3893 procedens,
1711 3821 1825 3895 48
1865 3822 1994 3877 cha-

421 3936 599 3979 racter
628 3932 711 3976 est
735 3929 787 3975 et
812 3932 1073 3989 expressa
1103 3918 1275 3987 ﬁgura
1304 3915 1655 3986 proprietatis
1676 3931 1788 3971 suae
1814 3933 1827 3969 :
1862 3915 1995 3971 Ver-

417 4018 542 4071 bum
581 4014 726 4067 enim
774 4019 861 4066 est
900 4008 1241 4079 hypostatice
1283 4007 1555 4062 exsistens
1599 4014 1655 4063 et
1698 4006 1888 4061 vivens
1926 4021 1993 4060 ex

417 4109 539 4159 vivo
572 4104 751 4158 Patre.

1096 4226 1321 4285 ALIUD.

490 4348 563 4400 Ita
597 4346 782 4414 genuit
804 4359 871 4398 ex
899 4358 957 4397 se
989 4342 1151 4396 Pater
1172 4342 1368 4397 Filium
1401 4344 1607 4413 absque
1632 4343 1995 4413 separatione,

418 4453 482 4494 ac
514 4440 558 4492 si
588 4437 805 4505 sapiens
832 4434 1030 4503 aliquis
1072 4436 1259 4503 gignat
1293 4433 1510 4504 aliquod
1550 4438 1851 4499 inventum,
1881 4434 1996 4490 sive

2517 462 2721 520 AAAO.
2752 455 3206 529 διηγηματικῶς.

2154 578 2214 628 '0
2244 578 2430 647 Πατὴρ
2465 572 2763 644 ἐξέλαμψεν
2810 571 2870 637 ἐξ
2910 571 3104 625 ἑαυτοῦ
3137 571 3228 623 τὸν
3281 569 3409 622 Υίὸν
3457 569 3653 641 ἀμερί-

2076 684 2215 730 στως
2255 684 2314 719 τε
2353 667 2446 719 καὶ
2474 665 2830 727 ἀδιαστάτως,
2874 662 3063 733 ὥσπερ
3101 657 3193 714 οὖν
3223 661 3314 714 καὶ
3350 662 3379 713 ὁ
3404 661 3553 731 ἥλιος
3591 660 3655 713 τὸ

2075 756 2133 821 ἐξ
2172 754 2338 807 αὐτοῦ
2381 754 2731 825 πεμπόμενον
2774 753 3138 822 ἀπαύγασμα.
3178 752 3315 804 Ἀλλ’
3349 752 3523 805 ἐκεῖνο
3556 752 3655 821 μὲν

2073 849 2173 900 οὑκ
2219 845 2583 899 ίδιοσύστατον
2625 844 2746 897 οὑδὲ
2773 844 2871 914 τὴν
2904 844 3092 896 οὑσίαν
3121 842 3331 905 ἐντελὲς
3364 842 3495 895 αὑτὸ
3528 840 3652 895 καθ’

2076 939 2239 993 αὑτό·
2275 938 2386 1007 ἔχει
2439 937 2547 1008 γὰρ
2594 940 2651 989 ὲν
2693 934 2769 1005 τῷ
2805 935 2943 1005 ἡλίῳ
2983 935 3043 987 τὸ
3090 930 3263 987 εἶναι’
3302 933 3361 985 τὸ
3406 932 3465 986 δὲ
3511 933 3659 985 θεῖον

2075 1029 2321 1099 γέννημα
2371 1029 2529 1099 μόνον
2582 1028 2703 1097 ἕχον
2751 1029 2816 1079 ἐκ
2860 1024 2953 1079 τοῦ
3004 1026 3448 1095 παραδείγματος
3482 1024 3542 1076 τὸ
3589 1025 3658 1076 ὲκ

2078 1119 2286 1190 Πατρός
2317 1117 2597 1189 προελθεῖν
2641 1115 2955 1186 ἁμερίστως
2986 1115 3080 1168 καὶ
3125 1115 3481 1177 ἁδιαστάτως,
3520 1112 3659 1165 ἰδίαν

2076 1211 2187 1280 ἔχει
2223 1211 2320 1279 τὴν
2354 1208 2586 1281 ὓπαρξιν
2617 1209 2676 1260 οὑ
2712 1206 3127 1277 κεχωρισμένην
3153 1205 3247 1258 τοῦ
3277 1204 3507 1275 Πατρός,
3540 1196 3659 1257 ἀλλ’

2077 1305 2134 1355 ὲν
2170 1302 2341 1370 Πατρὶ
2370 1300 2465 1353 καὶ
2501 1299 2636 1369 μετὰ
2665 1298 2875 1370 [ἰατρὸς
2920 1298 3217 1367 νοουμένην
3251 1297 3346 1350 καὶ
3384 1296 3661 1366 ὑπάρχου-

2081 1411 2198 1447 σαν.
2226 1391 2383 1445 Τὸ’δὲ
2420 1391 2597 1458 λέγειν
2642 1391 2724 1443 ὅτι
2757 1389 2897 1460 τομὴ
2952 1390 3046 1441 καὶ
3093 1388 3345 1459 ἀποκοπὴ
3391 1389 3517 1457 περὶ
3560 1387 3664 1457 τὴν

2077 1488 2328 1557 γέννησιν
2376 1485 2541 1539 αὑτοῦ
2602 1486 2828 1553 γέγονε,
2886 1484 3081 1554 μανίας
3139 1484 3376 1553 ἀμέτρου
3434 1483 3663 1553 σημεῖόν

2078 1579 2243 1633 ἐστιν.
2286 1577 2505 1646 Ἐπειδὴ
2556 1578 2666 1646 γὰρ
2715 1578 2815 1630 οὑκ
2848 1579 2905 1629 ὲν
2952 1575 3103 1645 τόπῳ
3162 1575 3549 1646 περιείληπται
3601 1574 3666 1626 τὸ

2080 1668 2242 1731 θεῖον,
2283 1669 2402 1723 οὐδὲ
2430 1671 2487 1722 ὲν
2518 1673 2669 1739 τόπῳ
2698 1668 2924 1739 τοιούτῳ
2952 1669 3012 1722 τὸ
3047 1666 3107 1733 ἐξ
3139 1667 3321 1720 αὑτοῦ.
3370 1668 3444 1720 Τὸ
3488 1666 3548 1720 δὲ
3583 1665 3663 1736 μὴ

2077 1758 2136 1811 ὃν
2168 1761 2225 1810 ἐν
2253 1759 2421 1828 τόπῳ,
2465 1758 2498 1830 ἢ
2532 1762 2624 1813 καὶ
2662 1759 2734 1831 μὴ
2780 1754 2918 1812 εἶναι
2963 1759 3281 1829 δυνάμενον,
3317 1758 3433 1820 πῶς
3479 1757 3664 1810 ἐπιδέ-

2079 1867 2230 1920 χεται
2276 1850 2571 1921 μερισμόν;
2618 1851 2718 1903 Ποῖ
2777 1850 2885 1921 γὰρ
2924 1852 3167 1922 χωρήσει
3195 1850 3256 1902 τὸ
3288 1849 3664 1919 τεμνόμενον;

2079 1944 2111 2013 ἢ
2143 1946 2205 1996 ἐκ
2232 1943 2375 2006 τίνος
2400 1945 2477 2005 εἰς
2507 1944 2559 1994 τί
2593 1945 2973 2014 μετοιχήσεται
3001 1961 3016 2009 ;
3046 1942 3219 1996 ταῦτα
3250 1942 3357 2012 γὰρ
3394 1942 3668 2012 σωμάτων

2085 2035 2182 2105 μὲν
2217 2034 2353 2099 ἴδια,
2389 2034 2485 2103 τῆς
2529 2034 2585 2088 δὲ
2615 2035 2906 2105 ἀσωμάτου
2945 2034 3159 2104 φύσεως
3202 2031 3480 2096 παντελῶς
3508 2033 3670 2086 ἁλλό-

2081 2143 2226 2196 τρια.
2262 2126 2354 2197 Μὴ
2386 2126 2563 2179 τοίνυν
2587 2124 2863 2187 δυσσεὸὦς
2894 2124 3325 2179 ἀναπλάττωσάν
3355 2140 3501 2186 τινες
3535 2122 3670 2192 περὶ

2080 2219 2181 2288 τὴν
2226 2217 2376 2271 θείαν
2422 2217 2674 2286 γέννησιν
2715 2218 2813 2279 τάς
2840 2235 2900 2270 τε
2953 2218 3295 2287 καλουμένας
3324 2214 3671 2289 ἀπορροίας,

2085 2308 2180 2361 καὶ
2216 2315 2537 2377 μερισμους,
2583 2309 2679 2361 καὶ
2707 2309 2807 2361 ὅσα
2842 2310 2980 2380 πρὸς
3020 2308 3193 2362 ταῦτα
3218 2309 3316 2380 τὴν
3345 2308 3672 2376 συγγένειαν

2085 2396 2218 2467 ἔχει.
2253 2399 2399 2450 "Avo:
2446 2400 2555 2466 γὰρ
2591 2397 2797 2460 πάθους
2830 2399 2926 2452 καὶ
2962 2398 3234 2470 μερισμοῦ
3266 2400 3359 2452 καὶ
3391 2399 3592 2469 τομῆς,
3636 2399 3673 2468 ἡ

2084 2488 2192 2540 τῶν
2224 2489 2439 2541 πάντων
2479 2489 2848 2560 ὑπερκειμένη
2880 2489 3062 2559 φύσις,
3090 2491 3185 2543 καὶ
3221 2491 3321 2543 οὐκ
3356 2488 3671 2554 ἑπιδέξεται

2084 2579 2154 2633 τά
2203 2580 2471 2650 σωμάτων
2503 2581 2629 2634 [δια.
2673 2581 2813 2634 Ἀλλ’
2844 2581 3034 2653 ὥσπερ
3074 2582 3399 2655 δημιουργεῖ
3427 2582 3673 2654 παραδό-

2088 2670 2226 2735 ξως,
2270 2673 2330 2724 οὑ
2362 2671 2502 2725 κατά
2546 2674 2636 2725 τὸν
2684 2675 2782 2743 τῆς
2826 2674 3135 2745 κρατούσης
3188 2675 3319 2746 παρ’
3363 2677 3498 2747 ἡμῖν
3541 2693 3677 2729 συν-

2084 2764 2273 2834 ηθείας
2305 2765 2486 2836 νόμον,
2517 2766 2662 2820 οὕτω
2692 2768 2785 2820 καὶ
2822 2768 3074 2838 γεννήσει
3099 2767 3161 2820 τὸ
3192 2766 3252 2834 ἐξ
3293 2768 3465 2838 αὑτῆς
3504 2768 3680 2835 gem;

2086 2853 2121 2927 ἢ
2148 2854 2269 2910 καθ’
2298 2855 2478 2927 ἡμῶν.

2101 2989 2537 3059 Ὑποδείγματα
2602 3004 2887 3059 μερικωςγ
2929 2989 3306 3059 σημαίνοντα
3374 2989 3471 3059 τὸ,
3548 3005 3683 3055 πως

2232 3058 2568 3129 ἁμερίστως
2595 3062 2663 3113 ἐκ
2704 3058 2936 3126 Πατρός
2970 3058 3278 3127 προῆλθεν
3310 3061 3343 3112 ό
3375 3058 3509 3124 Υἱός

2171 3192 2229 3245 '0
2282 3192 2436 3261 λόγος
2473 3187 2626 3255 οὗτος
2673 3193 2702 3244 ὁ
2740 3190 3074 3262 προφορικδς
3118 3184 3163 3259 ᾧ
3210 3190 3562 3262 κεχρήμεθα,
3595 3193 3686 3254 είς

2091 3283 2215 3339 νοῦν
2245 3285 2341 3338 καὶ
2372 3286 2437 3338 ὲκ
2467 3284 2558 3339 νοῦ
2601 3287 2880 3353 γεννᾶται,
2913 3287 3007 3339 καὶ
3045 3285 3193 3338 δοκεῖ
3227 3286 3326 3356 μὲν
3366 3286 3552 3357 ἕτερος
3599 3282 3687 3339 εῖ-

2093 3393 2180 3429 ναι
2211 3374 2362 3446 παρὰ
2392 3375 2482 3428 τὸν
2511 3376 2570 3429 ἐν
2598 3375 2796 3446 καρδίᾳ
2834 3379 3222 3446 στρεφόμενον,
3257 3374 3394 3427 καθὸ
3425 3374 3530 3441 ἔξω
3560 3376 3690 3428 στό-

2096 3482 2264 3535 ματος
2318 3465 2557 3534 γίγνεται
2602 3465 2956 3536 πεμπόμενος
2998 3465 3188 3535 ὥσπερ
3238 3468 3303 3517 ὲκ
3357 3464 3553 3535 βάθους
3598 3466 3691 3527 είς

2093 3556 2226 3626 φῶς.
2261 3557 2416 3609 Ἔστι
2448 3557 2504 3609 δὲ
2542 3556 2703 3610 πάλιν
2737 3557 2793 3609 ὲν
2822 3554 2992 3626 αὑτῷ,
3025 3557 3119 3609 καὶ
3146 3558 3330 3627 ὅμοιος
3360 3557 3508 3626 αὑτῷ
3537 3559 3688 3612 κατὰ

2094 3647 2289 3702 πάντα.
2318 3649 2472 3701 Ἐστι
2514 3649 2623 3719 γὰρ
2654 3648 2781 3701 ἰδεῖν
2825 3650 2882 3700 ὲν
2912 3648 3062 3719 αὑτῷ
3098 3649 3241 3721 λόγῳ
3273 3650 3362 3703 τὸν
3393 3650 3452 3702 ὲν
3480 3651 3688 3721 καρδίᾳ

2094 3738 2360 3806 κληθέντα
2390 3740 2669 3810 λογισμὸν,
2696 3741 2790 3792 καὶ
2815 3740 2980 3793 πάλιν
3010 3742 3067 3794 ὲν
3097 3740 3175 3811 τῷ
3196 3740 3272 3811 νῷ
3298 3741 3387 3794 τὸν
3412 3742 3572 3809 λόγον
3596 3741 3687 3794 ἔτι

2096 3836 2469 3907 σιωπώμενον.
2512 3836 2671 3890 Οὕτω
2702 3838 2795 3892 καὶ
2825 3840 2853 3891 ό
2888 3836 3017 3901 Υἱὸς
3051 3836 3142 3890 τοῦ
3174 3837 3334 3900 Θεοῦ,
3364 3838 3688 3908 ἀμερίστως

2095 3931 2160 3983 ὲκ
2182 3928 2395 4000 Πατρὸς
2418 3928 2716 3998 προελθὼν,
2738 3930 3025 4000 χαρακτήρ
3046 3930 3161 3982 ἐστι
3188 3929 3281 3982 καὶ
3302 3928 3550 3999 ὁμοίωμα
3578 3931 3691 4001 τῆς

2100 4024 2357 4095 ἰδιότητος
2402 4023 2588 4087 αὑτοῦ,
2615 4023 2785 4091 Λόγος
2815 4021 2892 4074 ὢν
2938 4020 3306 4085 ὲνυπόστατος
3354 4022 3447 4074 καὶ
3478 4020 3587 4084 ζῶν
3618 4024 3691 4075 ὲκ

2097 4116 2295 4180 ζῶντος
2331 4115 2565 4186 Πατρός.

2781 4250 2986 4304 ΑΛΛΟ.

2168 4363 2355 4428 Οὕτως
2416 4362 2707 4434 ἐγέννησεν
2756 4362 2816 4428 ἐξ
2869 4362 3064 4416 ἑαυτοῦ
3113 4362 3205 4416 τὸν
3251 4362 3380 4415 Υίὸν
3426 4364 3455 4415 ὁ
3488 4363 3694 4434 Πατὴρ

2098 4453 2443 4525 ἀμερίστως,
2479 4454 2554 4517 ὡς
2589 4453 2655 4507 ἃν
2687 4454 2737 4506 εί
2780 4453 2942 4522 σοφὸς
2975 4452 3234 4506 ἀποτέκοι
3281 4452 3457 4523 νόημα
3493 4452 3692 4522 σοφὸν,

420 4527 820 4590 mechanicum,
857 4526 971 4579 sive
997 4526 1412 4594 geometricum,
1449 4527 1564 4581 sive
1597 4524 1860 4594 ejusmodi
1892 4527 1985 4579 ali-

2100 4524 2410 4613 μηχανικὴν
2455 4541 2637 4610 τυχὸν,
2686 4541 3116 4612 ἢγεωμετρίαν,
3164 4541 3196 4611 ῆ
3244 4541 3428 4613 ἕτερόν
3470 4560 3522 4595 τι
3574 4542 3699 4596 τῶν

419 4617 567 4689 quid.
591 4615 858 4671 Videntur
884 4615 1029 4669 enim
1062 4616 1467 4684 quodammodo
1492 4617 1770 4686 sapientiae
1788 4617 1995 4673 fructus

419 4724 562 4773 esse,
590 4718 751 4777 atque
780 4708 852 4760 ita
887 4713 1082 4759 natura
1115 4721 1172 4760 se
1218 4707 1452 4774 habent;
1482 4709 1633 4777 atqui
1666 4723 1772 4763 non
1800 4719 1883 4763 est
1913 4725 1997 4762 se-

420 4788 608 4871 parata
642 4814 671 4851 a
718 4796 982 4865 sapientia
1028 4811 1117 4849 ars
1147 4811 1266 4865 quae
1313 4812 1378 4851 ex
1426 4812 1488 4852 ea
1522 4807 1606 4852 est
1644 4799 1993 4868 excogitata:

422 4896 518 4947 sed
547 4900 630 4947 est
670 4904 735 4944 ex
783 4888 899 4957 ipsa
932 4899 987 4941 et
1018 4888 1069 4941 in
1121 4890 1233 4957 ipsa
1261 4890 1540 4958 genitricis
1573 4905 1683 4945 suae
1708 4892 1995 4960 imaginem

422 4985 731 5055 exprimens
756 5021 771 5047 ,
822 4986 879 5035 et
913 4979 1049 5034 citra
1090 4983 1491 5050 separationem
1528 4983 1675 5038 aliud
1717 4985 1995 5054 quidpiam

425 5091 548 5132 esse
574 5076 807 5130 videtur.
835 5073 915 5127 Ita
959 5081 1013 5126 et
1048 5074 1325 5143 generatio
1353 5072 1496 5141 Filii,
1526 5090 1647 5129 cum
1681 5076 1752 5131 sit
1789 5078 1997 5146 absque

424 5170 765 5239 separatione
811 5181 878 5221 ex
918 5164 1098 5231 Patre,
1150 5167 1202 5221 in
1252 5182 1349 5221 sua
1394 5168 1670 5240 hypostasi
1708 5180 1994 5233 servatur,

421 5266 583 5333 longe
609 5272 788 5317 tamen
832 5257 991 5326 hujus
1022 5260 1253 5328 exempli
1312 5261 1425 5314 sive
1458 5260 1828 5316 similitudinis
1889 5262 1995 5316 vim

420 5353 705 5409 excedens.

1091 5466 1323 5523 ALIUD.

491 5580 592 5649 Qui
618 5582 920 5637 divinorum
950 5581 1262 5651 dogmatum
1283 5581 1568 5637 veritatem
1593 5594 1866 5653 quaerunt,
1889 5599 1993 5639 nou

419 5673 475 5726 in
501 5674 768 5728 humanas
820 5673 1056 5727 rationes
1094 5672 1292 5726 tuentis
1315 5672 1505 5729 oculos
1542 5674 1862 5742 conjiciunt.
1892 5674 1998 5729 Ne-

423 5780 527 5823 uue
583 5765 709 5834 quia
743 5764 905 5822 Pater
941 5764 1126 5835 genuit
1175 5764 1415 5834 Filium,
1478 5765 1823 5823 imminutmn
1870 5783 1992 5824 eum

2098 4632 2374 4687 τοιούτων.
2408 4635 2563 4687 Δοκεῖ
2598 4633 2696 4703 μὲν
2730 4633 2839 4704 γάρ
2879 4651 2997 4697 πως
3044 4634 3235 4704 σοφίας
3288 4630 3425 4688 εἷναι
3472 4638 3697 4705 καρπὸς

2097 4725 2165 4779 τὰ
2212 4724 2461 4788 τοιαῦτα,
2495 4727 2591 4778 καὶ
2633 4724 2807 4788 οὑτως
2837 4725 2949 4795 ἔχει
2980 4724 3079 4797 τὴν
3114 4725 3305 4795 φύσινο
3339 4726 3453 4778 ἀλλ’
3485 4728 3548 4779 οὑ
3582 4746 3695 4797 με-

2103 4818 2353 4887 μέρισται
2382 4819 2481 4887 τῆς
2513 4817 2705 4885 σοφίας
2744 4819 2777 4887 ἡ
2814 4816 2871 4882 ἐξ
2899 4817 3071 4888 αὑτῆς
3116 4818 3464 4887 ὲπινοηθείσα
3486 4818 3695 4889 τέχνηο

2098 4907 2211 4961 ἀλλ’
2235 4907 2383 4961 ἔστιν
2415 4907 2474 4973 ἐξ
2510 4908 2682 4977 αὑτῆς
2722 4909 2817 4962 καὶ
2854 4908 2912 4963 ὲν
2946 4907 3083 4980 αὑτῇ
3116 4908 3213 4979 τὴν
3252 4909 3517 4963 τεκοῦσαν
3546 4910 3701 4974 ἐξει-

2097 4999 2408 5064 κονίζουσα,
2450 5000 2544 5053 καὶ
2582 4999 2894 5073 ἀμερίστως
2923 4999 3110 5071 ἕτερόν
3140 5019 3192 5054 τι
3233 5004 3362 5073 παρ’
3396 5003 3568 5073 αὑτὴν
3604 4999 3697 5057 εἷ-

2099 5108 2186 5143 ναι
2211 5090 2463 5145 δοκοῦσα.
2490 5090 2676 5156 Οὕτως
2699 5093 2731 5161 ἠ
2756 5090 2887 5145 Υίοῦ
2914 5093 3188 5162 γέννησις,
3215 5094 3528 5166 ἀμερίστως
3551 5090 3701 5150 οὖσα

2099 5180 2163 5233 ἐκ
2205 5181 2441 5251 Πατρδς,
2472 5182 2527 5235 ὲν
2563 5181 2667 5253 ἰδίᾳ
2696 5182 2992 5236 ὑποστάσει
3040 5184 3293 5249 σώζεται,
3323 5186 3421 5255 τὴν
3454 5186 3551 5240 τοῦ
3583 5204 3704 5241 πα.-

2103 5270 2459 5343 ραδείγματος
2489 5274 2860 5345 ὑπεραίρουσα
2890 5275 3139 5347 δύναμιν.

2790 5480 2993 5533 ΑΛΛΟ.

2171 5592 2234 5645 Ol
2263 5592 2363 5664 τὴν
2386 5594 2445 5646 ὲν
2472 5594 2584 5656 τοῖς
2611 5592 2773 5658 θείοις
2802 5595 3034 5667 δόγμασι
3061 5595 3348 5668 ζητοῦντες
3375 5594 3695 5666 ἀκρίϐειαν,

2099 5685 2160 5739 οὑ
2190 5686 2309 5747 ταῖς
2339 5684 2707 5756 ἀνθρωπίναις
2736 5686 3132 5751 ὲνατενίζουσιν
3160 5686 3522 5751 ἀκολουθίαις.
3549 5687 3698 5741 Οὑδδ

2103 5776 2290 5847 ἐπειδὴ
2332 5776 2627 5848 γεγέννηκε
2680 5778 2771 5832 τὸν
2824 5780 2950 5832 Υίὸν
2987 5782 3014 5832 ὁ
3060 5779 3282 5851 Πατὴρ,
3335 5776 3698 5849 ἡλαττῶσθαι
