3876 6208
257 291 308 347 8i
1635 279 2076 338 TBESAURUS.
3424 272 3497 327 82

252 412 491 485 φήσουσιν
534 411 717 476 αὑτὸν,
748 411 823 474 ὡς
856 413 936 475 εἰς
984 411 1152 465 δυάδα
1206 408 1606 482 μεμερισμένον
1644 401 1811 477 (οὗτος

1922 409 2167 465 censent,
2200 396 2423 468 perinde
2457 410 2522 451 ac
2570 395 2615 451 si
2670 396 2723 449 in
2769 392 3087 449 dualitatem
3116 391 3319 446 divisus
3351 400 3497 448 esset

251 502 340 573 γάρ
370 503 477 563 τοῖς
516 502 902 570 χριστομάχοις
931 502 959 553 ό
989 500 1188 569 λόγος),
1217 499 1342 553 οὔτε
1378 498 1483 569 μὴν
1512 497 1813 567 άπόρροιάν

249 610 352 647 τινα
394 592 676 661 γίγνεσθαι
728 594 859 663 περὶ
910 592 1007 664 τὴν
1071 592 1260 646 οὐσίαν
1321 590 1488 646 αὐτοῦ
1550 590 1808 660 νομιοῦσι.

250 684 411 738 Ταῦτα
443 685 553 754 γὰρ
582 686 668 753 ἐφ’
710 684 870 755 ήμῶν
901 684 1002 754 μὲν
1035 684 1327 738 ἀκόλουθον
1360 685 1560 737 ἐννοεῖν
1587 701 1598 711 ·
1630 682 1725 735 ἐπὶ
1754 682 1812 735 δὲ

248 774 363 827 Θεοῦ
392 774 510 828 λίαν
533 773 751 837 ἀσεϐές.
779 775 1044 828 Φευκτέον
1068 774 1358 845 τοιγαροῦν
1384 775 1485 844 τὴν
1515 776 1573 828 ὲν
1599 773 1814 835 τούτοις

248 867 478 928 ἀτοπίαν,
512 867 603 921 καὶ
635 867 855 938 νοητέον
890 867 1031 921 οὕτω
1067 866 1423 936 γεγεννῆσθαι
1454 866 1545 919 τὸν
1578 865 1705 918 Υίὸν
1750 867 1814 919 ἐκ

247 960 329 1013 τοῦ
373 960 611 1030 Πατρὸς,
646 960 722 1024 ὡς
756 960 949 1029 σοφίαν
992 961 1057 1014 ἐκ
1100 960 1216 1024 νοῦ,
1257 962 1292 1031 ἢ
1333 960 1427 1013 καὶ
1478 958 1572 1012 τοῦ
1621 959 1814 1028 γεννή-

248 1067 418 1115 σαντος
442 1051 545 1116 ἔξω
574 1068 690 1115 πως
724 1051 976 1120 γενέσθαι
998 1050 1230 1105 δοκοῦσα
1261 1051 1402 1106 κατὰ
1423 1051 1522 1123 τὴν
1552 1051 1813 1121 ἔκφανσιν

247 1143 416 1214 αὐτῆς,
445 1143 606 1199 πάλιν
636 1144 782 1205 ἔστιν
807 1147 865 1198 ἐν
892 1145 1062 1215 αὐτῷ,
1086 1146 1147 1197 οὐ
1180 1144 1598 1216 μεμερισμένως
1630 1143 1815 1215 προελο

248 1235 416 1288 θοῦσα.
463 1235 602 1289 Οὔτε
644 1237 751 1308 μὴν
800 1236 1098 1308 άπόῤῥοιάν
1135 1254 1258 1290 τινα
1322 1236 1575 1305 γενέσθαι
1632 1252 1811 1306 παρα-

248 1328 545 1381 σκευάσασα
575 1329 706 1399 περὶ
732 1329 822 1382 τὸν
853 1328 977 1383 νοῦν
1001 1330 1093 1382 τὸν
1135 1330 1588 1399 ἀπογεννήσαντα
1622 1328 1811 1396 αὐτὴν,

247 1418 350 1470 ἀλλ’
372 1420 427 1472 ἐν
459 1419 739 1492 ὁλοκλήρῳ
766 1422 1098 1475 καταστάσει
1135 1421 1454 1492 τηρήσασα,
1487 1420 1580 1473 καὶ
1612 1420 1731 1472 ὅλον
1756 1421 1814 1473 ὲν

244 1510 395 1582 ἑαυτῇ
426 1510 813 1582 ζωγραφοῦσα,
850 1514 940 1566 καὶ
969 1513 1222 1585 ὁρωμένη
1257 1513 1418 1566 πάλιν
1450 1514 1509 1565 ἐν
1532 1512 1704 1582 αὐτῷ.

918 1722 1123 1775 AAAO.

308 1829 554 1884 Τοιοῦτον
602 1831 753 1886 ἔσται
804 1832 864 1886 τὸ
916 1833 1232 1904 γεννητικὸν
1278 1834 1373 1886 τοῦ
1421 1834 1578 1897 Θεοῦ,
1630 1835 1813 1888 ὁποῖον

240 1921 301 1974 ἄν
353 1939 434 1985 τις
476 1923 734 1977 ὑπολάϐοι
799 1924 892 1977 καὶ
922 1925 983 1978 τὸ
1031 1926 1439 1996 δημιουργικόν.
1470 1929 1677 2000 Ὂνπερ
1706 1928 1813 1998 γὰρ

238 2010 428 2079 τρόπον
450 2012 615 2067 πολλὰ
635 2014 729 2066 καὶ
748 2014 978 2087 διάφορα
999 2016 1366 2091 δημιουργῶν,
1390 2019 1488 2072 οὐκ
1511 2022 1588 2083 εἰς
1611 2020 1814 2073 ἕκαστα

236 2102 342 2155 τῶν
381 2104 681 2174 γινομένων
717 2104 996 2177 μερίζεται
1056 2109 1199 2162 κατὰ
1236 2110 1335 2178 τὴν
1380 2111 1588 2175 οὐσίαν,
1637 2113 1812 2165 καίτοι

237 2192 500 2261 διαφόρως
550 2196 790 2264 ἐνεργῶν
825 2198 909 2265 ἐφ’
940 2197 1186 2269 ἑκάστῳ,
1235 2200 1370 2252 ἀλλὰ
1420 2200 1507 2253 διὰ
1559 2202 1685 2270 μιᾶς
1720 2200 1814 2252 καὶ

236 2283 471 2353 ἀρρήτου
508 2283 789 2353 δυνάμεως
831 2286 900 2339 τὰ
936 2288 1108 2340 πάντα
1150 2287 1501 2359 δημιουργεῖ,
1535 2290 1676 2343 οὕτω
1720 2292 1814 2343 καὶ

236 2376 415 2444 γεννᾷ,
447 2376 506 2427 οὐ
542 2377 915 2447 μεριζόμενος,
945 2377 1021 2441 ὡς
1057 2380 1251 2432 ἐκεῖνοί
1285 2398 1437 2448 φασι.
1469 2382 1575 2434 Καὶ
1611 2382 1808 2434 πάλιν·

240 2463 444 2531 ’Ὠσπερ
481 2464 542 2515 τὸ
591 2464 811 2535 Πνεῦμα
855 2467 915 2519 τὺ
948 2467 1102 2535 ἅγιον
1133 2470 1193 2520 οὺ
1239 2470 1504 2540 μερισμὸν
1553 2471 1812 2539 ὑπομένει

236 2556 364 2625 περὶ
402 2556 499 2626 τὴν
535 2559 744 2622 οὐσίαν,
775 2560 1064 2631 διαφόρους
1110 2562 1392 2630 ὲκπέμπον
1431 2563 1557 2625 τοὺς
1601 2563 1659 2614 ὲν
1700 2566 1813 2626 τοῖς

236 2648 534 2718 χαρίσμασι
563 2650 800 2720 τρόπους
831 2651 925 2704 καὶ
958 2652 1094 2723 πρὸς
1123 2652 1184 2704 τὸ
1215 2652 1445 2706 ἑκάστου
1474 2654 1669 2723 μέτρον
1702 2657 1812 2718 τοῖς

232 2736 401 2803 ἀξίοις
428 2741 718 2811 χορηγοῦν,
752 2743 868 2796 ἀλλ’
891 2742 1038 2796 ἔστιν
1071 2743 1129 2796 ἓν
1161 2746 1254 2797 καὶ
1292 2746 1351 2797 τὸ
1387 2746 1521 2797 αὐτὸ
1553 2745 1814 2810 ποικίλως

235 2834 328 2886 καὶ
371 2834 598 2897 ἀπαθῶς
641 2837 697 2887 ἐν
732 2838 895 2889 πᾶσιν
937 2836 1213 2906 ἐνεργοῦν,
1256 2836 1399 2889 οὕτω
1431 2838 1525 2889 καὶ
1558 2838 1658 2908 τὴν
1694 2855 1814 2905 γενο

234 2925 457 2996 νητικὴν
483 2928 672 2979 οὐσίαν
699 2927 789 2981 τοῦ
820 2927 953 2981 Θεοῦ
984 2931 1083 2981 οὐκ
1120 2929 1184 2982 ἄν
1215 2946 1297 2990 τις
1326 2929 1433 2981 τῶν
1463 2926 1521 2982 εὖ
1557 2928 1816 2999 φρονούν-

229 3033 340 3071 των
360 3016 664 3072 ἀδικείσθαι
688 3019 910 3089 φήσειεν
930 3019 964 3089 ἢ
998 3020 1285 3089 μερισμὸν,
1311 3020 1343 3089 ἢ
1371 3020 1670 3092 ἀπόρροιαν
1695 3038 1816 3073 τινα

1923 494 2019 565 (ita
2047 493 2192 549 enim
2238 492 2421 546 hostes
2451 489 2542 544 Dei
2581 488 2923 558 opinamur),
2957 500 3057 540 nec
3081 482 3350 539 deﬂurum
3396 483 3495 537 ali-

1917 600 2078 654 quem
2130 584 2182 636 in
2225 582 2408 636 divina
2450 579 2686 635 essentia
2733 577 3125 646 imaginantur.
3175 574 3303 629 Hinc
3349 574 3491 628 enim

1914 679 2061 731 sicut
2094 677 2162 729 de
2189 673 2344 728 nobis
2369 687 2495 727 vere
2542 672 2647 725 dici
2685 678 2947 739 possunt,
2978 669 3049 722 ita
3082 668 3147 721 de
3181 667 3290 720 Deo
3333 665 3495 733 impie

1916 768 2243 836 cogitantur.
2278 764 2605 819 Detestanda
2633 764 2795 832 igitur
2830 774 2914 817 est
2948 763 3065 815 haec
3085 742 3521 831 absurditas,eti

1920 856 2267 913 statuendum
2292 854 2447 909 nobis
2475 862 2559 908 est
2590 854 2663 907 ita
2694 870 2755 908 ex
2793 852 2955 907 Patre
2982 850 3225 921 genitum
3257 862 3377 903 esse
3402 846 3495 901 Fi-

1915 950 2067 1017 lium,
2092 958 2149 1003 ut
2174 948 2493 1018 sapientiam
2516 963 2581 1000 ex
2616 955 2793 1001 mente
2824 963 2837 999 :
2863 960 2982 1015 quae
3007 953 3062 999 et
3097 940 3495 1013 quodammodo

1914 1052 2070 1099 extra
2100 1042 2400 1112 genitorem
2452 1052 2573 1093 esse
2623 1038 2857 1101 videtur,
2890 1037 3099 1089 ratione
3127 1032 3494 1103 expressionis

1916 1134 2033 1190 sive
2058 1130 2576 1203 repraesentationis,
2606 1138 2660 1183 et
2685 1143 2876 1182 rursus
2913 1128 2964 1180 in
3003 1128 3119 1196 ipso
3147 1134 3254 1189 cst,
3280 1139 3386 1178 non
3412 1138 3495 1177 se-

1916 1224 2146 1291 paratim
2183 1234 2490 1291 progressa.
2522 1216 2711 1286 Neque
2736 1214 2980 1271 deﬂuxus
3021 1216 3218 1284 aliquis
3263 1224 3354 1266 aut
3402 1214 3496 1266 im-

1916 1316 2147 1370 minutio
2187 1316 2349 1368 menti
2391 1328 2511 1381 qua:
2553 1310 2696 1363 illam
2734 1310 2917 1379 genuit
2971 1310 3093 1363 inde
3140 1307 3355 1371 accidit,
3399 1306 3495 1359 sed

1917 1410 2127 1478 integra
2172 1408 2369 1461 mentis
2420 1405 2765 1460 conservatio
2812 1404 3095 1467 retinetur,
3139 1410 3196 1454 et
3232 1398 3494 1468 sapientia

1918 1499 2178 1569 integram
2215 1497 2359 1551 illam
2388 1498 2440 1551 in
2464 1512 2523 1551 se
2545 1496 2809 1567 depingit,
2833 1496 2962 1550 etin
2989 1492 3080 1546 illa
3111 1491 3349 1547 vicissim
3376 1504 3495 1545 cer-

1919 1592 2083 1646 nitur.

2590 1698 2821 1754 ALIUD.

1989 1812 2136 1869 Talis
2173 1821 2255 1867 est
2299 1811 2606 1882 generativa
2659 1811 2885 1865 facultas
2952 1810 3067 1873 Dei,
3110 1808 3324 1879 qualem
3372 1806 3496 1877 quis

1916 1907 2076 1960 etiam
2111 1905 2406 1959 creativam
2435 1920 2555 1957 esse
2590 1904 2869 1958 statuerit.
2902 1902 3102 1956 Eodem
3145 1902 3290 1957 enim
3333 1898 3494 1955 modo

1917 2009 2078 2069 atque
2109 1999 2273 2052 multa
2302 2013 2364 2051 ac
2389 1998 2598 2051 diversa
2625 2011 2837 2060 creans,
2861 2010 2964 2049 non
3002 2003 3177 2047 tamen
3200 1992 3493 2047 secundum

1916 2090 2209 2146 essentiam
2236 2106 2389 2146 suam
2419 2091 2471 2145 in
2502 2089 2711 2160 singula
2739 2098 2919 2143 creata
2951 2086 3234 2149 dividitur,
3276 2082 3494 2139 tametsi

1916 2184 2275 2238 diversimode
2330 2182 2383 2236 in
2436 2183 2517 2239 eis
2558 2190 2832 2251 operetur,
2873 2183 2966 2235 sed
3010 2194 3105 2249 per
3132 2194 3293 2231 unam
3333 2185 3494 2245 atque

1918 2274 2242 2330 ineﬁ'abilem
2292 2276 2589 2346 potentiam
2630 2282 2819 2329 cuncta
2868 2282 3051 2338 creat;
3097 2273 3167 2325 ita
3207 2273 3367 2325 etiam
3406 2284 3490 2337 ge-

1918 2376 2094 2432 nerat,
2164 2382 2269 2422 non
2333 2368 2560 2432 divisus,
2616 2375 2672 2420 ut
2719 2366 2797 2420 illi
2870 2366 3080 2421 volunt.
3133 2363 3200 2417 Et
3257 2376 3489 2416 rursus:

1915 2459 2380 2526 Quemadmodum
2408 2459 2644 2530 Spiritus
2679 2466 2901 2514 sanctus
2933 2456 3138 2511 nullam
3167 2457 3218 2510 in
3252 2454 3494 2510 essentia

1916 2553 2313 2622 separationem
2352 2553 2520 2619 subit,
2563 2551 2812 2621 quamvis
2858 2550 3089 2605 diversis
3126 2549 3300 2603 modis
3353 2550 3493 2601 dona

1917 2661 2015 2702 sua
2067 2648 2302 2711 emittat,
2341 2655 2395 2700 et
2445 2659 2541 2713 pro
2586 2643 3015 2711 uniuscujusque
3065 2640 3280 2694 modulo
3316 2637 3495 2707 dignis

1916 2740 2215 2809 largiatur,
2261 2740 2402 2794 idem
2450 2748 2629 2793 tamen
2680 2748 2784 2801 est,
2819 2737 3071 2805 idemque
3103 2735 3268 2788 variis
3317 2732 3493 2787 modis

1917 2833 2052 2885 citra
2094 2830 2257 2884 ullam
2294 2831 2602 2894 passionem
2647 2832 2702 2884 in
2742 2828 2855 2901 49
2886 2825 3140 2882 omnibus
3183 2831 3442 2895 operatur
3472 2841 3484 2854 ·

1918 2922 2000 2976 sic
2031 2923 2196 2977 etiam
2231 2938 2391 2977 nemo
2426 2930 2573 2976 recte
2613 2922 2855 2977 sentiens
2884 2920 3082 2975 dixerit
3124 2917 3493 2988 generativam

1922 3012 2014 3067 Dei
2039 3015 2331 3069 essentiam
2373 3014 2626 3069 damnum
2663 3014 2834 3068 ullum
2860 3012 3132 3083 accipere,
3158 3019 3249 3064 aut
3276 3024 3496 3079 separa-

231 3107 447 3175 παθεῖν,
476 3108 573 3163 ἕνα
603 3111 697 3163 καὶ
740 3109 899 3181 μόνον
932 3108 997 3175 ἐξ
1023 3110 1221 3181 ἑαυτῆς
1262 3111 1622 3182 ἐκλάμψασαν
1664 3112 1811 3166 Υίόν.

1922 3105 2122 3161 tionem
2158 3105 2321 3159 ullam
2359 3107 2441 3160 vel
2466 3105 2717 3160 elliuxum
2752 3108 2887 3176 pati,
2933 3120 3056 3161 cum
3088 3118 3229 3159 unus
3256 3117 3319 3158 ac
3347 3100 3496 3158 solus

926 3308 1126 3362 ΑΛΛυ.

526 3419 843 3486 amoma;
876 3421 955 3487 ὡς
980 3422 1049 3475 ἐκ
1078 3420 1199 3476 τῶν
1231 3424 1553 3492 Εὐνομίου.

303 3526 369 3580 Et
423 3529 739 3599 γεγέννηκε,
788 3530 973 3600 φησὶν,
1006 3532 1063 3599 ἐξ
1110 3533 1304 3586 ἑαυτοῦ
1337 3535 1429 3587 τὸν
1474 3536 1598 3589 Υίὸν
1636 3539 1663 3590 ὁ
1706 3538 1817 3590 Πα-

224 3619 359 3690 τὴρ,
389 3621 482 3672 καὶ
518 3620 665 3673 ἐστιν
700 3622 888 3692 ἕτερος
916 3626 1045 3695 παρ’
1068 3625 1232 3677 αὐτὸν
1266 3629 1322 3678 ὲν
1356 3626 1460 3698 ίδίᾳ
1484 3645 1544 3680 τε
1572 3627 1647 3681 ὣν
1684 3631 1815 3683 ὑπο-

224 3713 444 3775 στάσει,
487 3716 580 3767 καὶ
617 3715 746 3768 Υίοῦ
778 3716 966 3787 Πατὴρ
997 3717 1306 3789 νοούμενος,
1359 3721 1687 3792 μεμέρισται
1719 3724 1816 3793 δη-

224 3804 367 3873 λαδὴ
410 3806 503 3859 καὶ⁵
543 3808 719 3860 πάντα
763 3810 831 3862 τὰ
872 3809 964 3862 τοῦ
1010 3811 1250 3882 Πατρός,
1295 3812 1390 3866 καὶ
1433 3814 1532 3867 οὐκ
1571 3817 1626 3867 ὲν
1668 3816 1816 3887 αὐτῷ

228 3898 496 3966 μείναντα
546 3898 713 3969 μόνῳ,
752 3901 890 3953 ἀλλὰ
920 3903 1013 3953 καὶ
1042 3903 1120 3965 εἰς
1150 3904 1242 3956 τὸν
1280 3905 1428 3969 Υίδν,
1454 3906 1816 3977 διαϐεϐηκότα

223 3989 504 4055 φαίνεται.
537 3990 745 4044 Οὐκοῦν
777 3993 810 4063 ἢ
846 3994 1025 4047 οὐκέτι
1070 3996 1281 4048 τελείαν
1310 3996 1421 4067 ἔχει
1468 3998 1564 4069 τὴν
1600 3999 1758 4066 δόξαν
1789 4003 1817 4052 ό

224 4082 447 4152 Πατὴρ,
486 4084 896 4155 μεμερισμένης
940 4087 1032 4138 καὶ
1078 4088 1247 4158 αὐτῆς
1286 4089 1344 4140 ἐν
1376 4088 1455 4158 τῷ
1507 4090 1640 4159 Υἱῷ,
1691 4092 1722 4161 ἢ
1766 4093 1813 4143 εἰ

218 4173 447 4227 τελείαν
483 4175 595 4244 ἔχει
625 4174 721 4245 τὴν
746 4175 923 4239 δόξαν,
952 4178 1246 4249 ἀποστερεί
1276 4181 1368 4233 τὸν
1399 4180 1545 4245 Υίὺν,
1575 4181 1636 4233 τὸ
1665 4181 1815 4233 δοθὲν

218 4267 427 4338 ὥσπερ
466 4270 546 4331 είς
593 4268 785 4321 ἑαυτὸν
830 4264 985 4330 αὖθις
1034 4271 1434 4325 ὲπανακλίνωνο
1469 4274 1562 4324 καὶ
1605 4275 1636 4343 ή
1682 4275 1813 4343 πρό-

215 4374 391 4427 τερον
424 4360 480 4409 ἐν
514 4358 701 4427 μονάδι
734 4357 924 4429 θεότης
954 4359 1163 4413 τελείαν
1193 4360 1391 4431 ἔχουσα
1420 4362 1595 4426 δόξαν,
1632 4364 1727 4416 νῦν
1756 4365 1815 4415 ἐν

1919 3212 1983 3252 ex
2014 3212 2076 3252 ea
2106 3195 2359 3266 eiulgeat
2381 3196 2564 3252 Filius.

2574 3309 2799 3365 ALIUD.

2388 3421 2622 3490 Objectio
2655 3440 2718 3476 ea:
2749 3422 3031 3476 Eunomia.

1992 3536 2048 3591 Si
2081 3535 2262 3601 Pater,
2318 3537 2507 3607 inquit,
2546 3538 2725 3606 genuit
2762 3536 2956 3590 Filium
2990 3553 3056 3592 ex
3093 3538 3295 3606 seipso,
3330 3545 3496 3592 etest

1921 3627 2060 3682 alius
2082 3627 2148 3681 ab
2172 3627 2288 3696 ipso
2315 3627 2365 3680 in
2398 3628 2611 3697 propria
2643 3627 2913 3681 exsistens
2952 3627 3252 3698 hypostasi,
3279 3638 3334 3681 et
3367 3626 3491 3682 Filii

1921 3718 2080 3772 Pater
2130 3718 2453 3782 intellectus,
2507 3719 2677 3772 divisa
2733 3727 2876 3773 certe
2923 3728 3083 3773 erunt
3137 3720 3315 3770 omnia
3371 3733 3493 3783 quae

1920 3811 2097 3867 Patris
2123 3822 2268 3875 sunt,
2288 3826 2388 3865 nec
2411 3811 2463 3865 in
2486 3812 2603 3877 ipso
2624 3811 2739 3864 solo
2772 3810 3067 3871 manentia.
3095 3810 3188 3863 sed
3224 3811 3273 3863 in
3298 3808 3491 3862 Filium

1921 3920 2135 3975 quoque
2153 3906 2467 3959 transmissa
2490 3904 2829 3957 videbuntur.
2852 3903 3114 3968 Quocirca
3145 3911 3237 3955 aut
3256 3917 3359 3953 non
3380 3901 3491 3968 jam

1918 3997 2145 4066 amplius
2157 3994 2448 4065 perfectam
2465 3994 2686 4064 gloriam
2709 3996 2869 4047 habet
2888 3992 3068 4067 Pater,
3089 4007 3210 4047 cum
3228 4008 3348 4046 eam
3368 4007 3491 4048 cum

1917 4085 2054 4142 Filio
2086 4088 2315 4155 partitus
2356 4086 2455 4152 sit;
2487 4096 2580 4139 aut
2618 4086 2664 4140 si
2716 4084 3012 4155 perfectam
3046 4084 3208 4138 habet
3235 4084 3488 4152 gloriam,

1918 4180 2149 4248 privabit
2177 4178 2395 4243 Filium,
2420 4179 2673 4233 nimirum
2708 4179 2758 4231 id
2784 4178 2926 4247 quod
2969 4178 3017 4231 ei
3064 4178 3288 4233 dederat
3325 4179 3392 4231 ad
3433 4192 3494 4233 se

1920 4272 2213 4340 recipiens;
2250 4281 2303 4326 et
2330 4271 2503 4325 deitas
2537 4285 2656 4339 qua:
2685 4270 2834 4339 prius
2866 4269 2920 4322 in
2958 4270 3166 4323 unitate
3198 4270 3489 4336 perfectam

1918 4362 2149 4417 habebat
2176 4364 2421 4433 gloriam,
2455 4380 2595 4419 nunc
2635 4365 2687 4417 in
2716 4364 2975 4418 dualitate
3005 4363 3331 4429 constituta,
3370 4381 3491 4432 per-

214 4446 381 4500 δυάδι
433 4447 733 4519 γενομένη,
781 4449 843 4502 τὸ
888 4450 1091 4503 τέλειον
1134 4452 1234 4504 οὐκ
1281 4453 1411 4523 ἔχει.
1450 4454 1616 4518 Μόλις
1667 4456 1721 4509 δὲ
1756 4458 1811 4522 ἐξ

1922 4456 2205 4509 rectionem
2264 4472 2369 4510 non
2434 4455 2675 4511 habebit.
2732 4455 2901 4526 [Egre
2953 4468 3131 4510 autem
3192 4473 3256 4513 ex
3312 4460 3488 4526 seipsa

217 4541 436 4608 ἑαυτῆς
465 4540 770 4610 ἐρανίζεται
812 4541 988 4606 τοῦτο,
1012 4544 1310 4613 κιχρῶντος
1346 4546 1544 4615 τρόπον
1571 4548 1691 4602 τινὰ
1721 4548 1813 4600 τοῦ

216 4629 453 4698 Πατρός
492 4627 569 4698 τῷ
620 4628 733 4699 Υἱῴ
762 4631 860 4701 τὴν
905 4632 1124 4694 ἑαυτοῦ,
1170 4636 1261 4686 καὶ
1294 4635 1454 4688 πάλιν
1495 4640 1817 4707 άντικιχρω-

217 4722 404 4788 μένου
440 4722 565 4789 παρ’
592 4723 758 4775 αὑτοῦ
787 4725 886 4792 τὴν
911 4725 1156 4778 δοθεῖσαν
1185 4726 1333 4797 αὐτῷ

725 4862 881 4926 nam;
922 4860 1096 4917 τοῦτο
1135 4865 1334 4929 λύσις,

298 4993 482 5047 Πάλιν
508 4994 577 5047 τὰ
603 4996 871 5064 σωμάτων
910 4995 1015 5049 ἴδια
1040 4999 1107 5066 τῇ
1154 4998 1430 5068 ἀσωμάτῳ
1460 5000 1619 5069 φύσει
1674 5020 1819 5073 περι-

192 5103 255 5138 τι
274 5083 477 5147 θέντες
502 5085 601 5137 οὐκ
628 5084 993 5154 αἰσχύνονται,
1044 5088 1345 5157 μερισμοὺς
1386 5088 1481 5142 καὶ
1513 5092 1814 5161 ἀποτομὰς,

196 5176 549 5240 διαστάσεις
589 5194 650 5231 τε
678 5178 773 5232 καὶ
807 5180 1117 5248 χωρισμοὺς
1164 5180 1254 5232 ἐπὶ
1295 5180 1395 5250 τῆς
1438 5181 1588 5245 θείας
1635 5185 1817 5253 εἰσφέ-

204 5284 429 5337 ροντες
465 5268 650 5332 οὐσίας
692 5267 950 5339 ἀμαθῶς·
987 5269 1088 5321 οὐκ
1134 5270 1333 5333 εἰδότες
1367 5272 1449 5324 ὅτι
1502 5274 1817 5343 μερίζεσθαι

204 5358 487 5425 λέγοντες
532 5362 770 5429 σχήματι
827 5360 1156 5429 σωματικῷ,
1204 5363 1283 5423 εἰς
1319 5363 1418 5429 τὴν
1465 5363 1557 5415 τοῦ
1606 5365 1817 5437 Πατρὸς

202 5451 425 5503 οὐσίαν
456 5450 774 5504 δυσσεϐοῦσι
806 5452 1076 5519 μεγάλως,
1107 5452 1431 5521 ἠλλοιῶσθαι
1462 5454 1553 5507 καὶ
1586 5472 1818 5527 παρατε-

202 5543 479 5613 τρὰςρθαι
508 5543 758 5613 λέγοντες
801 5544 983 5609 αὐτὸν,
1016 5545 1111 5596 καὶ
1157 5546 1221 5596 ὲκ
1265 5545 1471 5597 τελείου
1515 5548 1817 5619 καταϐεϐη-

205 5634 387 5687 κεῖναι
428 5636 564 5707 πρὸς
592 5638 651 5689 τὸ
687 5636 895 5699 ἀτελές.
929 5639 992 5689 υἱ
1021 5638 1129 5707 γάρ
1154 5636 1289 5699 ὅλως
1325 5637 1681 5708 ἐκϐεϐηκέναι
1722 5640 1815 5694 τοῦ

205 5725 455 5797 Ila-.96.;
500 5728 597 5799 τὴν
634 5728 823 5783 οὐσίαν
855 5728 1090 5799 οἰόμενοι
1134 5727 1224 5783 τὸν
1256 5728 1381 5783 Υίὸν
1426 5728 1725 5796 διαστατῶς
1758 5750 1813 5786 τε

1918 4564 2037 4602 eam
2073 4550 2324 4617 acquirit,
2360 4565 2481 4601 cum
2518 4548 2916 4617 qumlanunodo
2964 4547 3124 4603 Pater
3172 4566 3324 4604 suam
3361 4551 3493 4605 Filio

1916 4638 2258 4691 commodata
2305 4640 2423 4700 det;
2465 4638 2685 4705 ipseque
2733 4652 2919 4692 rursus
2950 4638 3092 4692 illam
3130 4640 3198 4693 ab
3240 4659 3303 4696 eo
3338 4658 3487 4695 com-

1919 4727 2132 4779 modato
2167 4725 2415 4794 accipiat,
2445 4740 2605 4793 quam
2642 4725 2691 4779 ei
2722 4725 2962 4779 dederat.

2421 4859 2631 4914 Salutio
2667 4860 2991 4929 objectiom‘s.

1992 4993 2199 5048 Rursus
2255 4994 2590 5062 impudenter
2628 5006 2690 5048 ea
2721 5009 2842 5064 quas
2898 4997 3218 5067 corporibus
3272 5001 3487 5067 propria

1920 5096 2066 5150 sunt,
2106 5086 2438 5155 incorporea:
2472 5094 2676 5140 naturae
2707 5087 3003 5153 ascribunt,
3035 5089 3415 5158 partitionibus
3434 5098 3492 5146 'ct

1920 5178 2365 5242 dissectionihus,
2395 5176 2694 5231 intervallis
2718 5187 2772 5231 et
2794 5179 3229 5247 separationibus
3253 5181 3489 5237 divinam

1919 5270 2207 5325 essentiam
2233 5269 2481 5339 imperite
2502 5278 2827 5335 ouerantes;
2854 5271 3157 5326 nescientes
3176 5274 3340 5341 quod,
3366 5276 3491 5327 dum

1920 5377 2181 5432 corporea
2217 5361 2384 5431 figura
2413 5362 2658 5431 separari
2692 5363 2897 5429 dicunt,
2927 5364 3271 5420 vehementer
3304 5368 3355 5420 in
3385 5364 3491 5421 Pa-

1921 5455 2018 5508 tris
2074 5454 2363 5509 essentiam
2414 5454 2711 5521 blaSphemi
2770 5464 2915 5522 sunt,
2978 5456 3264 5511 alteratum
3315 5468 3491 5514 muta-

1923 5556 2144 5616 tumque
2176 5560 2297 5601 esse
2317 5546 2581 5611 dicentes,
2608 5554 2665 5601 et
2693 5562 2722 5599 a
2755 5546 2997 5616 perfecto
3021 5548 3087 5604 ad
3118 5549 3491 5619 imperfectum

1920 5640 2217 5694 redactum.
2272 5638 2374 5704 Qui
2421 5637 2563 5693 enim
2609 5637 2661 5691 in
2697 5640 3010 5696 universum
3061 5655 3341 5712 egressum
3374 5657 3491 5698 esse

1920 5728 2113 5785 Filium
2146 5730 2435 5786 essentiam
2468 5727 2644 5786 Patris
2675 5731 3001 5788 existimant
3036 5732 3264 5789 seursim
3301 5750 3365 5789 ac
3400 5747 3489 5791 se.
