3876 6208
392 340 462 394 83
1383 338 1440 391 S.
1483 336 1762 393 CYRILLI
1801 335 2272 393 ALEXANDRINI
2311 340 2630 396 ARCHIEP.
3582 338 3657 395 84

385 452 641 524 paratim,
676 460 837 521 atque
886 452 1009 508 ideo
1040 452 1209 507 diVisa
1259 466 1381 508 esse
1440 455 1624 509 omnia
1668 468 1788 525 qua:
1844 453 1961 524 ejus

2085 458 2158 510 ta‘t
2201 459 2654 531 κεχωρισμένως.
2693 459 2785 513 καὶ
2823 458 2911 513 διὰ
2953 457 3111 513 τοῦτο
3141 455 3442 528 φάσκοντες
3482 473 3658 530 μεμε-

386 554 512 600 sunt
544 545 898 607 contendunt,
945 553 1001 598 et
1030 543 1097 598 ad
1149 543 1429 598 dimidium
1464 544 1650 614 gloria:
1678 544 1958 601 redactum

387 653 509 692 esse
537 637 726 692 dicunt
754 636 895 707 quod
921 636 1088 691 altera
1108 636 1370 691 medietas
1399 636 1452 691 in
1477 636 1670 693 Filium
1698 638 1960 693 translata

384 730 481 793 sit,
504 743 611 783 non
637 729 945 797 intelligunt
973 729 1029 782 in
1064 738 1321 799 quantam
1353 731 1744 786 absurditatem
1780 730 1963 801 prola-

387 822 604 875 bantur.
643 819 700 874 Si
750 820 992 889 quidem,
1026 828 1084 875 ut
1123 820 1225 890 ipsi
1278 820 1488 887 volunt,
1538 836 1660 876 cum
1711 823 1860 891 prius
1906 823 1961 878 in

388 911 595 966 unitate
623 911 951 966 constitutus
996 920 1165 976 esset,
1206 911 1367 966 Pater
1394 913 1610 967 creandi
1648 912 1961 969 facultatem

390 1002 598 1057 habens
652 1003 705 1057 in
752 1016 812 1058 se
857 1003 973 1073 ipso
1012 1003 1267 1072 produxit
1295 1001 1524 1069 Filium,
1552 1013 1609 1059 et
1654 1020 1750 1075 per
1789 1007 1963 1073 ipsum

388 1104 581 1149 cuncta
640 1103 825 1156 creat.
871 1109 1197 1165 omnemque
1246 1097 1466 1151 creandi
1519 1105 1842 1164 potestatem
1897 1112 1964 1152 ex

388 1186 623 1241 essentia
660 1202 754 1241 sua
788 1187 1021 1252 dimisit,
1052 1198 1109 1243 et
1148 1189 1289 1256 quod
1321 1198 1478 1242 antea
1517 1203 1620 1241 non
1650 1198 1791 1253 erat,
1824 1198 1969 1257 post-

391 1278 611 1333 modum
643 1278 820 1333 factus
859 1288 961 1343 est,
990 1294 1186 1348 expers
1221 1279 1476 1332 nimirum
1507 1278 1760 1333 creativat
1794 1279 1969 1332 virtu-

392 1370 462 1425 tis
495 1389 509 1425 :
547 1372 642 1425 sed
677 1370 781 1425 hoc
812 1371 894 1425 vel
939 1372 1205 1442 cogitare,
1251 1372 1332 1425 vel
1363 1372 1544 1426 dicere
1575 1381 1823 1426 extreme
1862 1372 1967 1426 im-

390 1462 537 1532 pium
579 1470 707 1517 est:
742 1461 849 1532 50
884 1480 905 1515 ι
932 1461 1091 1519 Pater
1132 1465 1275 1518 enim
1330 1464 1631 1534 usquedum
1690 1475 1969 1535 operatur,

390 1564 448 1610 et
486 1569 587 1625 ego
614 1570 831 1625 operor,
862 1575 881 1608 ι
923 1556 1097 1626 inquit
1133 1556 1383 1612 Christus
1407 1558 1474 1612 “.
1505 1557 1970 1624 Quemadmodum

393 1646 557 1718 igitur
587 1647 826 1701 creativa
857 1634 1085 1703 facultas
1113 1646 1293 1703 Patris
1322 1664 1429 1705 non
1465 1660 1548 1704 est
1575 1650 1769 1719 divisa,
1798 1665 1973 1721 neque

2066 552 2250 623 ρίσθαι
2279 530 2459 606 πάντα
2485 552 2555 606 τὰ
2586 552 2773 619 αὐτοῦ,
2821 553 2918 605 καὶ
2959 553 3039 615 εἰς
3064 552 3236 621 ἥμισυ
3283 550 3444 621 δόξης
3491 530 3683 604 αὐτόν’

2064 641 2240 696 ἐλθεῖν
2287 641 2376 696 διὰ
2413 641 2475 695 τὸ
2528 642 2817 713 βεϐηκέναι
2874 641 2938 694 τὺ
2980 640 3169 694 λεῖπον
3216 640 3298 704 είς
3350 640 3443 693 τὸν
3488 639 3654 702 Υἰὸν,

2063 734 2350 804 ἀγνοοῦσιν
2398 734 2495 806 οἴῳ
2539 735 2963 805 περιπίπτουσιν
2995 733 3329 802 ἀτοπήματι.
3363 728 3505 803 ¹Ἄρα.
3543 729 3658 801 γὰρ

2066 829 2387 901 ἐπειδήπερ,
2418 829 2493 891 ὡς
2527 827 2679 881 αὐτοι
2723 844 2907 897 φασιν,
2946 826 3007 880 ἐν
3054 824 3241 897 μονάδι
3286 824 3552 898 πρότερον
3578 821 3659 876 ὧν

2065 921 2095 973 6
2138 921 2350 991 Πατὴρ,
2399 918 2495 973 καὶ
2546 918 2646 990 τὴν
2682 917 3081 989 δημιουργικὴν
3131 916 3361 986 δύναμιν
3411 915 3551 984 ἔχων
3596 914 3658 965 ἐν

2066 1010 2267 1081 ἐαυτῷ,
2308 1010 2640 1084 προεϐάλετο
2671 1009 2763 1063 τὸν
2815 1009 2967 1073 Υίδν,
3017 1008 3111 1062 καὶ
3154 1007 3221 1060 δι’
3264 1006 3428 1059 αὐτοῦ
3476 1004 3659 1058 πάντα

2066 1104 2410 1176 δημιουργεῖ,
2451 1102 2558 1170 ἐξω
2592 1104 2691 1174 τῆς
2728 1102 2914 1165 οὐσίας
2940 1102 3039 1172 τῆς
3077 1100 3275 1154 ἐαυτοῦ
3307 1100 3408 1171 τὴν
3441 1099 3534 1151 ἐπὶ
3576 1097 3659 1168 τῷ

2066 1193 2326 1248 δύνασθαι
2370 1194 2725 1264 δημιουργεῖν
2783 1191 2997 1262 ἔπεμψε
3046 1190 3316 1262 δύναμιν,
3358 1190 3454 1242 καὶ
3498 1188 3527 1241 6
3577 1190 3659 1259 μὴ

2069 1286 2335 1357 πρότερον
2364 1280 2453 1356 ἦν,
2489 1284 2648 1337 τοῦτο
2682 1284 2905 1353 γέγονεν
2943 1282 3189 1353 ὕστερον,
3220 1281 3425 1354 ἔρημός
3456 1297 3516 1333 τε
3559 1278 3659 1333 νῦν

2069 1377 2219 1430 ἐστιν
2270 1375 2454 1445 ίσχύος
2488 1374 2921 1445 δημιουργικῆς·
2973 1372 3110 1427 ἀλλά
3159 1371 3317 1425 τοῦτο
3364 1370 3580 1441 φρονεῖν
3619 1369 3657 1438 ἢ

2069 1469 2252 1538 λέγειν
2275 1469 2514 1539 ἄμετρον
2541 1466 2654 1537 ἔχει
2682 1466 2782 1537 τὴν
2811 1464 3133 1518 δυσσέϐειαν
3150 1479 3166 1492 ο
3194 1482 3213 1514 ι
3258 1463 3318 1516 '0
3336 1461 3525 1532 Πατὴρ
3546 1459 3659 1531 γὰρ

2070 1562 2173 1625 ἓως
2221 1561 2347 1632 ἄρτι
2404 1558 2730 1629 ἐργάζεται,
2782 1556 2938 1625 κάγὼ
2990 1555 3325 1627 ἐργάζομαι,
3361 1572 3383 1605 ›
3419 1554 3584 1623 φησὶν
3628 1553 3660 1603 ὁ

2072 1650 2327 1722 Χριστός.
2354 1649 2565 1718 ’Ὠσπερ
2607 1642 2699 1700 οὖν
2738 1646 2800 1699 οὐ
2838 1646 3165 1717 μεμέρισται
3200 1643 3294 1697 τοῦ
3342 1642 3555 1713 Πατρὸς
3594 1641 3663 1693 τέ

393 1737 713 1807 imperfecta
741 1748 826 1793 est
847 1738 897 1792 in
931 1738 1047 1806 ejus
1074 1741 1335 1803 essentia,
1363 1741 1595 1795 habente
1618 1742 1783 1796 etiam
1826 1742 1969 1796 illam

2085 1738 2611 1811 5ημιουργικὸν,οὐδέ
2632 1736 2827 1808 ἀτελής
2854 1740 2969 1790 ἐστι
3000 1735 3094 1791 νῦν
3116 1736 3174 1788 ἐν
3200 1737 3268 1806 τῇ
3292 1734 3448 1804 οὐσίᾳ
3468 1731 3664 1794 αὐτοῦ,

392 1801 634 1899 perfecte
657 1829 797 1885 Filio
824 1846 838 1886 :
870 1834 940 1885 ita
960 1801 1145 1884 vetiam
1191 1801 1489 1899 perfectam
1526 1831 1685 1887 habet
1720 1831 1971 1903 gloriam,

2085 1835 2289 1905 ἔχοντος
2311 1831 2530 1896 τελείως
2555 1830 2715 1885 τοῦτο
2736 1829 2831 1884 καλ⁵
2856 1827 2949 1881 τοῦ
2981 1827 3134 1890 Υἱοῦ,
3160 1826 3301 1880 οὐτω
3326 1826 3420 1879 καὶ
3447 1823 3665 1877 τελείαν

272 1947 277 1952 ·
394 1936 517 1976 cum
541 1921 814 1991 perfectus
849 1924 1013 1979 etiam
1050 1924 1103 1978 in
1138 1924 1308 1993 gloria
1342 1925 1415 1980 sit
1443 1923 1636 1980 Filius.
1660 1924 1796 1980 Cum
1826 1925 1973 1980 enim

395 2011 585 2068 similis
616 2027 714 2083 per
740 2014 921 2069 omnia
966 2015 1039 2070 sit
1083 2014 1327 2071 Gcnitori
1371 2031 1500 2081 suo,
1530 2016 1653 2071 ideo
1680 2016 1973 2086 perfectam

392 2102 556 2157 etiam
589 2104 751 2160 habet
776 2104 1023 2175 gloriam,
1083 2106 1353 2176 siquidem
1382 2123 1447 2163 ex
1476 2106 1638 2163 Patre
1681 2107 1975 2177 perfectam

396 2192 623 2264 gloriam
651 2196 884 2253 habente
903 2199 1121 2269 genitus
1154 2210 1261 2254 est.

742 2346 1319 2441 ASSERTTO
1404 2354 1628 2441 VIL

395 2496 667 2569 Adversus
704 2496 932 2569 egsggqui
977 2495 1273 2569 objiciunt:
1304 2497 1494 2553 Utrum
1542 2500 1707 2554 Pater
1757 2500 1977 2569 fortuito

513 2567 687 2637 genuit
719 2564 944 2633 Filium,
974 2564 1049 2621 ari
1072 2568 1336 2624 voluntate
1365 2587 1461 2623 sua
1493 2564 1813 2640 pra'ccden'te
1832 2572 1859 2622 2’

800 2679 1154 2752 Interrogatio
1191 2682 1579 2740 hereticorum.

468 2789 736 2855 Fortuita,
782 2791 1055 2862 inquiunt,
1105 2804 1162 2850 et
1212 2796 1607 2853 inconsiderate
1650 2800 1834 2870 genuit
1886 2810 1980 2856 aut

399 2879 531 2937 fecit
560 2880 757 2938 Filium
784 2882 973 2952 Pater,
1003 2895 1096 2939 aut
1131 2886 1407 2945 voluntate
1440 2905 1537 2946 sua
1573 2891 1980 2948 intercedente?

400 2973 563 3043 Atqui
592 2974 637 3029 si
682 2975 906 3032 fortuito
930 2978 1140 3046 genuit,
1173 2995 1367 3049 passus
1414 2994 1498 3037 est
1539 2983 1742 3054 aliquid
1784 2994 1982 3054 praeter

399 3064 766 3132 voluntatem;
803 3068 851 3123 si
879 3078 1056 3122 autem
1090 3069 1295 3137 volens,
1329 3081 1384 3127 et
1427 3088 1653 3129 necesse
1689 3075 1762 3129 sit
1799 3077 1979 3131 consi-

2077 1928 2192 1999 ἔχει
2224 1927 2321 1998 τὴν
2347 1924 2526 1990 δόξαν,
2552 1924 2766 1995 ἔχοντος
2792 1920 2952 1975 πάλιν
2973 1920 3067 1973 τοῦ
3094 1918 3224 1972 Υἱοῦ
3250 1920 3344 1972 καὶ
3367 1920 3423 1970 ἐν
3444 1916 3572 1989 δόξῃ
3596 1916 3666 1967 τὸ

2079 2020 2311 2074 τέλειον.
2335 2018 2560 2087 Ὅμοιος
2592 2015 2700 2084 γὰρ
2729 2012 2804 2067 ὢν
2837 2012 2979 2066 κατά
3002 2012 3180 2066 πάντα
3200 2009 3276 2081 τῷ
3310 2010 3667 2080 γεννήσαντι,

2077 2112 2167 2167 διὰ
2199 2111 2356 2165 τοῦτο
2392 2107 2599 2162 τελείαν
2641 2106 2754 2176 ἔχει
2794 2106 2893 2175 τὴν
2929 2104 3106 2169 δόξαν,
3140 2102 3438 2173 ἐπειδήπερ
3478 2101 3544 2154 ἐκ
3576 2117 3668 2155 τεο

2077 2205 2227 2260 λείαν
2255 2203 2471 2275 ἔχοντος
2495 2199 2653 2264 δόξαν
2681 2196 2947 2269 ἐγεννήθη
2973 2197 3236 2267 Πατρός..

2584 2339 2949 2428 ΛΟΓΟΣ
3037 2335 3143 2433 Ζ.

2079 2503 2234 2571 Πρὸς
2270 2500 2411 2566 τοὺς
2445 2500 2866 2571 προτείνοντας
2903 2498 2989 2571 τό·
3035 2492 3470 2571 ᾎῷυᾷήξωςχῆ
3510 2490 3668 2545 κατό

2233 2560 2545 2639 βούλησὶν
2573 2560 2865 2639 ἐγέννησε
2895 2567 3003 2621 τόν
3037 2566 3174 2620 Υιὸν
3206 2567 3238 2619 ό
3268 2560 3495 2630 Πατήρς

2358 2685 2673 2754 Ἐρώτησις
2704 2684 2783 2750 ὠς
2812 2682 2881 2736 ἐκ
2909 2680 3029 2735 τῶν
3061 2675 3395 2748 αὶρετικῶν.

2164 2798 2501 2870 ’Δϐουλήτως
2530 2799 2658 2870 ἄρα,
2704 2797 2867 2867 φασὶ,
2898 2796 2994 2850 καὶ
3042 2795 3331 2857 ἀσκέπτως
3372 2791 3670 2860 ἐγέννησεν

2082 2888 2201 2959 ἦτοι
2248 2888 2515 2958 πεποίηκε
2544 2888 2634 2941 τὸν
2683 2886 2812 2939 Υἰδν
2854 2888 2884 2939 6
2913 2886 3123 2955 Πατὴρ,
3166 2884 3200 2955 ἢ
3232 2882 3375 2936 κατά
3408 2879 3671 2952 βούλησιν

2083 2980 2328 3044 οίκείαν;
2380 2979 2447 3035 Εἰ
2502 2978 2602 3049 μὲν
2634 2974 2727 3034 οὖν
2760 2977 3075 3047 ἀϐουλήτως
3137 2976 3427 3045 ἐγέννησεν
3474 2972 3672 3037 αὐτὸν,

2084 3070 2324 3125 πέπονθέ
2353 3087 2405 3123 τι
2434 3069 2543 3123 τῶν
2577 3068 2728 3143 παρὰ
2756 3068 3003 3139 γνώμηψ
3045 3068 3093 3120 εἰ
3121 3066 3179 3120 δὲ
3215 3065 3355 3120 κατά
3386 3062 3666 3134 βούλησιν,

400 3154 738 3211 derationem
776 3157 844 3212 de
887 3158 1067 3227 aliqua
1100 3176 1157 3214 re
1200 3162 1435 3231 priorem
1482 3178 1604 3220 esse
1652 3180 1812 3235 quam
1862 3168 1979 3237 ipsa

2086 3163 2460 3234 προϋπάρχειν
2485 3162 2543 3215 δὲ
2570 3160 2680 3214 τῶν
2709 3159 3011 3231 γινομένων
3037 3158 3251 3227 ἀνάγκη
3283 3156 3381 3227 τὴν
3411 3154 3542 3226 περὶ
3572 3153 3673 3207 αὺ-

403 3246 700 3317 tiat,prior
751 3250 932 3319 itaque
979 3252 1077 3306 fuit
1128 3251 1290 3309 Pater
1334 3253 1493 3321 Filio,
1550 3271 1675 3313 cum
1736 3256 1985 3315 voluntas

404 3340 810 3409 generationem
842 3347 1202 3413 przecesserit.

1045 3450 1344 3523 Refutatio.

479 3560 651 3626 Unde,
682 3563 931 3633 obsecro,
969 3567 1113 3624 hunc
1162 3568 1415 3639 loquendi
1446 3587 1649 3628 morem
1692 3577 1984 3647 accepistis

404 3648 705 3718 dementes,
742 3659 884 3725 quod
917 3667 1011 3713 aut
1032 3674 1099 3713 ex
1131 3674 1227 3715 sua
1258 3662 1535 3719 voluntate
1560 3674 1653 3718 aut
1674 3667 1809 3721 citra
1829 3681 1983 3723 suam

404 3740 737 3799 voluntatem
766 3750 1016 3818 genuerit
1061 3750 1293 3817 Filium;
1323 3763 1418 3807 aut
1460 3769 1526 3809 ex
1551 3771 1658 3826 quo
1691 3757 1984 3825 Scriptura:

406 3832 527 3894 loco
583 3838 953 3910 hujuscemodi
1006 3844 1333 3912 quaestiones
1394 3846 1639 3915 proferre
1682 3848 1987 3920 didicistisfi

407 3938 540 4005 Quis
576 3952 704 3992 vero
737 3946 1047 3991 sanctorum
1091 3938 1247 4004 dixit,
1279 3948 1374 3993 aut
1423 3955 1489 3995 ex
1542 3940 1838 4007 voluntate,
1895 3951 1988 3997 aut

408 4030 547 4083 citra
575 4027 934 4091 voluntatem,
960 4026 1157 4082 Filium
1190 4043 1257 4083 ex
1286 4027 1447 4085 Patre
1489 4034 1855 4100 processisse?
1883 4036 1989 4091 Aut

406 4121 527 4191 quis
572 4118 877 4189 huiusmodi
908 4119 1188 4174 vocabulis
1216 4129 1300 4176 est
1346 4123 1523 4177 usus?
1566 4122 1719 4192 Quod
1770 4126 1987 4196 quidem

410 4224 528 4267 erat
554 4223 609 4267 et
633 4221 715 4266 est
752 4211 844 4267 Dei
885 4209 1145 4279 Verbum,
1172 4226 1238 4266 ex
1281 4227 1435 4268 sacra
1468 4213 1748 4285 Scriptura
1788 4232 1990 4287 cogno-

409 4322 436 4358 s
458 4303 631 4358 imus.
672 4301 804 4357 Illud
831 4316 980 4367 vero,
1014 4302 1147 4356 citra
1192 4304 1523 4359 voluntatem
1554 4315 1646 4359 aut
1676 4315 1888 4370 contra,
1921 4323 1988 4363 ex

410 4393 563 4448 vobis
611 4392 743 4447 solis
772 4391 1099 4447 audivimus.
1141 4390 1391 4448 Ostendit
1427 4396 1568 4450 enim
1601 4395 1794 4451 Filium
1827 4396 1989 4452 Pater

2083 3253 2191 3306 τῶν
2233 3253 2446 3322 σκέψιν,
2480 3252 2656 3323 προῆν
2688 3252 2796 3323 ἀρα
2833 3250 2928 3305 τοῦ
2968 3248 3101 3303 Υἱοῦ
3127 3249 3156 3301 6
3189 3246 3399 3317 Πατὴρ,
3436 3242 3671 3316 μεσολα-

2084 3344 2284 3415 ϐούσης
2317 3344 2416 3416 τὴν
2443 3344 2696 3415 γέννησιν
2723 3343 2821 3413 τῆς
2851 3342 2982 3411 περὶ
3010 3339 3176 3394 αὐτού
3206 3338 3536 3409 βουλήσεως.

2519 3457 2826 3527 Ἀπολογία
2860 3455 3010 3525 πρὸς
3039 3453 3238 3509 τοῦτο.

2155 3572 2325 3627 Πόθεν
2370 3573 2549 3643 ὑμεῖς,
2590 3565 2637 3624 ὧ
2664 3564 2843 3633 οὗτοι,
2888 3568 3032 3623 κατά
3068 3567 3321 3639 βούλησιν
3359 3565 3393 3637 ἢ
3432 3562 3673 3635 ἀϐουλή-

2083 3682 2191 3729 τως
2220 3662 2579 3734 γεγεννῆσθαι
2610 3662 2788 3728 λέγειν
2814 3660 2905 3714 τὸν
2937 3660 3084 3724 Υἱδν,
3114 3659 3151 3730 ἢ
3184 3659 3278 3711 καὶ
3307 3656 3444 3719 ὅλως
3482 3653 3675 3709 τοιαύ-

2083 3774 2185 3821 τας
2215 3758 2329 3820 τοῖς
2359 3754 2748 3824 ἐντυγχάνουσι
2796 3751 2894 3816 τάς
2929 3751 3149 3815 πεύσεις
3194 3749 3513 3820 προσάγειν,
3556 3745 3675 3800 ἀπὸ

2088 3847 2247 3911 ποίας
2284 3846 2443 3900 τοῦτο
2473 3844 2830 3915 μεμαθήκατε
2861 3842 3113 3912 Γραφῆς;
3146 3840 3242 3904 Τίς
3264 3839 3321 3893 δέ
3357 3839 3466 3891 τῶν
3491 3837 3674 3905 ἁγίων

2087 3940 2122 4011 ἢ
2147 3937 2290 3993 κατά
2332 3937 2585 4009 βούλησιν
2613 3937 2646 4007 ἢ
2679 3934 2993 4006 ἀϐουλήτως
3034 3932 3197 3987 αὐτὸν
3240 3931 3438 4000 ἔφησεν
3468 3930 3531 3982 ἐκ
3570 3927 3674 3981 τοῦ

2089 4030 2301 4103 Πατρὸς
2336 4028 2653 4100 προελθεῖν;
2702 4026 2862 4097 Παρὰ
2897 4026 3002 4079 τίνι
3030 4024 3087 4077 δὲ
3118 4023 3431 4093 ὠνόμασται
3460 4019 3529 4073 τὰ
3557 4034 3676 4071 τοι-

2088 4122 2226 4177 αῦτα
2253 4123 2508 4194 ρήματα;
2532 4122 2655 4174 Ὅτι
2688 4120 2785 4189 μὲν
2811 4117 2922 4189 γὰρ
2948 4112 3017 4188 ἦν
3046 4115 3141 4169 καὶ
3170 4115 3316 4167 ἐστιν
3346 4115 3375 4166 6
3401 4110 3496 4165 τοῦ
3528 4108 3676 4163 Θεοῦ

2089 4214 2281 4283 Λόγος,
2310 4213 2555 4284 ἔγνωμεν
2586 4211 2695 4266 ἀπὸ
2718 4211 2818 4280 τῆς
2844 4209 2993 4273 θείας
3025 4207 3267 4279 Γραφῆς.
3298 4204 3370 4259 Τὸ
3396 4204 3475 4270 δὲ,
3502 4202 3677 4257 ἀϐου-

2089 4308 2267 4379 λήτως
2302 4307 2335 4378 ἢ
2379 4306 2487 4377 μὴ,
2524 4305 2678 4376 παρά
2714 4305 2890 4376 μόνων
2939 4300 3092 4373 ὑμῶν
3138 4299 3469 4370 ἠκούσαμεν.
3508 4296 3678 4349 Ἀπο-

2090 4400 2354 4455 καλύπτει
2395 4399 2493 4468 μὲν
2519 4397 2627 4467 γάρ
2651 4397 2741 4451 τὸν
2768 4396 2894 4450 Υἱδν
2918 4396 2947 4448 6
2978 4393 3167 4464 Πατὴρ
3204 4392 3265 4457 ἐξ
3291 4388 3543 4462 οὐρανοῦ,
3574 4387 3677 4443 καί

410 4501 475 4538 ex
512 4483 648 4539 ccelo
671 4484 892 4539 dicens:
925 4503 942 4535 ι
975 4484 1072 4540 Hic
1104 4495 1188 4539 est
1217 4484 1386 4540 Filius
1420 4501 1573 4543 meus
1606 4488 1835 4545 dilectus
1860 4492 1926 4556 ⁶⁶;
1964 4510 1979 4543 ι

2095 4506 2291 4564 φησιν’
2332 4508 2351 4541 ι
2378 4484 2547 4551 Οὗτός
2578 4488 2725 4539 ἐστιν
2756 4487 2785 4538 6
2818 4483 2945 4547 Υἱός
2977 4500 3075 4554 μου
3104 4485 3131 4536 6
3165 4480 3480 4550 ἀγαπητός·
3514 4496 3534 4528 ›
3574 4476 3680 4531 καὶ

411 4587 464 4630 et
502 4590 597 4644 per
626 4575 792 4630 David
822 4591 838 4631 :
874 4592 892 4626 ι
928 4574 1207 4630 Eructavit
1236 4592 1331 4631 cor
1371 4593 1548 4633 meum
1604 4577 1839 4635 Verbum
1891 4580 1990 4636 bo-

416 4682 540 4719 num
572 4667 651 4733 "’;
692 4685 710 4718 ι
756 4675 812 4723 et
852 4666 1289 4737 sapientissimus
1328 4667 1567 4724 Joannes
1599 4693 1611 4725 ς
1651 4689 1670 4721 ι
1706 4671 1759 4726 In
1794 4673 1994 4742 princi-

417 4758 525 4825 pio,
578 4758 773 4827 inquit,
822 4768 941 4814 erat
994 4759 1256 4826 Verbum,
1308 4774 1363 4814 et
1415 4760 1648 4817 Verbum
1689 4774 1807 4818 erat
1852 4766 1992 4834 apud

421 4852 605 4911 Deum.
634 4857 691 4903 et
722 4847 863 4903 Deus
891 4858 1011 4903 erat
1045 4849 1275 4904 Verbum
1303 4852 1367 4903 ⁸⁸.
1411 4872 1428 4902 ι
1462 4851 1528 4907 Ει
1552 4852 1838 4908 Psalmista
1870 4871 1993 4909 rur-

416 4955 509 4993 sus
533 4943 596 4993 ad
623 4938 837 4995 Patrem
881 4940 1013 4994 dicit
1044 4954 1059 4993 :
1098 4960 1117 4993 ι
1152 4940 1415 5006 Quoniam
1441 4943 1580 5009 apud
1635 4952 1685 4995 te
1734 4954 1819 4999 est
1873 4943 1991 4999 fons

419 5034 560 5096 vitze,
588 5042 641 5087 et
664 5032 715 5085 in
747 5031 945 5087 lumine
978 5041 1068 5087 tuo
1104 5033 1403 5089 videbimus
1425 5035 1603 5089 lumen
1635 5036 1700 5088 ”.
1734 5054 1754 5088 ι
1790 5036 1991 5091 Paulus

418 5124 779 5194 splendorem,
810 5133 866 5179 et
899 5125 1146 5189 formam,
1168 5135 1225 5179 et
1254 5125 1541 5197 imaginem
1570 5127 1670 5198 51
1706 5129 1991 5184 invisibilis

421 5217 509 5270 hci
550 5226 706 5271 vocat
735 5216 803 5269 ⁷⁸.
838 5215 1114 5271 Neminem
1160 5232 1287 5272 vero
1333 5219 1523 5273 horum
1581 5221 1850 5289 repereris
1899 5222 1990 5291 qui

420 5307 611 5361 Filiqu
676 5322 742 5361 ex
802 5307 1076 5361 voluntate
1136 5318 1229 5361 aut
1279 5310 1413 5362 citra
1460 5309 1787 5365 voluntatem
1840 5312 1991 5381 geni-

421 5408 530 5450 tum
577 5397 741 5450 dicat.
776 5396 881 5452 Sed
915 5414 1037 5451 cum
1081 5399 1511 5467 dixerintﬁerat,
1551 5411 1625 5464 et,
1658 5411 1753 5465 est,
1789 5403 1990 5456 nullum

420 5487 738 5556 principium
773 5489 823 5542 in
851 5499 1089 5558 tempore
1113 5492 1423 5546 tribuerunt
1446 5492 1495 5548 ei
1527 5508 1615 5562 qm
1644 5495 1836 5549 sarcula
1862 5510 1991 5549 cono

493 5685 537 5717 "
569 5684 726 5740 Joan.
768 5704 821 5749 ν,
865 5688 952 5742 17.

424 5773 483 5821 ιι,
511 5758 589 5823 6',
636 5756 792 5813 llcbr.
836 5758 1225 5825 1,9;Cnluss.
1275 5774 1309 5821 ι,
1363 5758 1440 5814 Ιὶι,

1064 5689 1112 5769 οξ
1148 5686 1337 5741 Mattlt.
1363 5704 1465 5769 χιι,
1500 5691 1577 5743 l7.
1657 5693 1697 5721 "
1737 5693 1874 5748 ναι.
1920 5709 2061 5757 ηυγ,
2102 5695 2157 5745 ’τ’Ξ.

2090 4586 2178 4640 διὰ
2223 4581 2319 4636 τοῦ
2356 4578 2519 4634 Δαϐὶδ
2567 4578 2749 4647 λέγει·
2789 4596 2808 4627 ι
2851 4574 3211 4647 Ἐξηρεύξατο
3247 4574 3281 4643 ἡ
3320 4572 3517 4642 καρδία
3568 4586 3679 4639 μου

2090 4678 2262 4745 Λόγον
2276 4671 2475 4741 ἀγαθόν
2493 4686 2506 4699 ·
2534 4690 2553 4722 ι
2570 4669 2666 4724 καὶ
2684 4670 2713 4723 6
2726 4667 3030 4738 σοφώτατος
3059 4665 3334 4736 Ἰωάννηςο
3359 4683 3377 4715 t
3419 4663 3507 4716 Ἐν
3524 4663 3678 4734 ἀρχῇ

2089 4763 2179 4839 ἦν,
2210 4763 2396 4835 φησιν,
2424 4762 2452 4815 6
2479 4759 2651 4827 Λόγος
2670 4799 2685 4824 ,
2725 4758 2819 4811 καὶ
2846 4759 2875 4811 6
2910 4756 3081 4825 Λόγος
3112 4751 3182 4825 ἦν
3226 4753 3363 4825 πρὸς
3391 4752 3483 4805 τὸν
3512 4750 3679 4812 Θεὸν,

2091 4857 2185 4909 καὶ
2212 4854 2342 4917 Θεὸς
2364 4848 2431 4924 ἦν
2453 4853 2483 4905 6
2510 4850 2681 4918 Λόγος
2702 4865 2716 4879 ’
2748 4868 2766 4899 ι
2796 4850 2825 4901 6
2852 4846 3156 4917 Ψαλμῳδὸς
3184 4845 3257 4907 ὡς
3285 4844 3422 4915 πρὸς
3449 4843 3540 4895 τὸν
3569 4842 3684 4893 Ila.-

2097 4946 2231 5018 τέρα
2260 4945 2421 4999 πάλιν
2446 4943 2615 5014 φησί·
2653 4961 2672 4993 ι
2698 4939 2857 5011 Παρὰ
2887 4940 2970 4993 σοὶ
3011 4938 3161 5010 πηγὴ
3191 4938 3355 5008 ζωῆς,
3387 4936 3478 4989 καὶ
3506 4938 3564 4988 ἐν
3593 4934 3683 5005 τῷ

2097 5038 2237 5107 φωτί
2264 5055 2359 5091 σου
2384 5036 2627 5106 ὀψόμεθα
2652 5034 2788 5103 φῶς.
2816 5053 2834 5085 ι
2872 5034 2929 5087 Ὀ
2954 5031 3161 5095 Παῦλος
3189 5030 3549 5098 ἀπαύγασμα,
3579 5029 3683 5081 καῖ¹

2101 5129 2335 5201 μορφὴν,
2375 5128 2471 5182 καὶ
2522 5128 2705 5181 εἰκόνα
2750 5124 2842 5178 τοῦ
2884 5124 3017 5178 Θεοῦ
3062 5124 3296 5196 ἀοράτου
3338 5121 3511 5175 καλεῖ.
3563 5121 3683 5172 Καὶ

2095 5222 2300 5275 τούτων
2338 5220 2511 5283 οὐδεὶς
2558 5220 2872 5289 εὑρίσκεται
2899 5217 3073 5284 λέγων
3099 5214 3413 5283 ἀϐουλήτως
3448 5213 3482 5283 ἣ
3530 5210 3687 5265 κατὰ

2098 5313 2351 5382 βούλησιν
2384 5311 2735 5381 γεγεννῆσθαι
2759 5311 2850 5363 τὸν
2878 5310 3021 5362 Υἱόν.
3057 5306 3217 5359 Ἀλλά
3248 5307 3329 5369 τὸ,
3356 5302 3456 5375 ἦν,
3497 5304 3686 5357 εἰπόν-

2095 5422 2213 5466 τες,
2248 5404 2341 5457 καὶ⁹
2381 5405 2462 5466 τὸ,
2508 5404 2699 5465 ἐστιν,
2741 5402 3000 5471 οὐδεμίαν
3049 5400 3223 5469 ἀρχὴν
3262 5398 3362 5468 τὴν
3408 5400 3467 5449 ἐν
3499 5395 3687 5467 χρόνῳ

2097 5498 2356 5553 δεδώκασι
2390 5498 2465 5567 τῷ
2495 5500 2599 5551 τῶν
2629 5500 2833 5569 χρόνων
2859 5500 3075 5568 ποιητῇ.
3107 5497 3276 5551 Πόθεν
3304 5491 3396 5548 οὖν
3421 5495 3576 5563 ὑμεῖς
3605 5493 3686 5546 τὰ

2719 5695 2736 5721 ⁶
2793 5693 2933 5747 Psal.
2978 5709 3141 5754 xxxv,
3191 5693 3269 5745 Ιυ.

2236 5696 2277 5723 ⁸⁸
2318 5692 2467 5749 low.
2518 5710 2551 5753 ι,
2594 5693 2639 5745 Ι.
2719 5695 2736 5721 ⁶
2793 5693 2933 5747 PSal.
2978 5709 3141 5754 xxxv,
3191 5693 3269 5745 Ιυ.
3356 5694 3396 5721 τ’*
3436 5686 3681 5761 Philipp.
