3876 6208
196 326 274 382 85
1585 326 2031 387 THESAURUS.
3379 336 3455 394 86

192 440 419 496 τοιαῦτά
448 457 623 511 φατες
665 440 802 496 Ἀπὸ
840 442 1068 515 καρδίας
1100 443 1199 514 τῆς
1229 444 1439 499 ἑαυτῶν
1471 444 1767 513 λαλοῦντες,

1883 445 2039 502 didit.
2100 445 2252 502 Unde
2300 446 2465 517 igitur
2500 459 2597 503 vos
2635 448 2752 504 haec
2794 447 3148 520 depromitis?
3179 447 3255 505 Ex
3286 455 3457 509 corde

191 534 337 589 καθά
369 550 533 603 φησιν
559 533 589 587 6
619 534 927 607 προφήτης,
956 535 1049 590 καὶ
1080 536 1180 590 οὑκ
1208 536 1314 591 ἀπὺ
1354 537 1621 608 στόματος
1661 540 1776 592 Κυ-

192 624 334 697 ριου.

879 741 1083 796 AAAO.

262 852 325 904 Εἰ
363 851 613 926 βουλήσει
646 853 1007 926 γεγεννῆσθαί
1037 871 1177 925 φατε
1203 854 1294 909 τὸν
1317 855 1465 922 Υίδν,
1511 858 1605 912 καὶ
1659 857 1775 929 βιά-

188 941 351 1005 ζεσθε
379 944 480 1016 τὴν
511 946 643 1017 περὶ
671 945 833 1000 αὑτοῦ
862 946 1084 1018 Θέλησιν
1109 949 1492 1020 προϋπάρχειν
1524 951 1623 1022 τῆς
1653 969 1777 1021 γεν-

150 1088 154 1093 ,
186 1035 402 1104 νήσεως
430 1036 619 1103 αὑτοῦ,
650 1037 702 1090 τί
728 1037 807 1110 μὴ
839 1037 1013 1094 ταῦτά
1040 1056 1205 1111 φησιν
1234 1042 1268 1112 ή
1301 1040 1492 1113 Γραφή
1518 1042 1648 1114 περὶ
1673 1044 1774 1096 αὑ·-

186 1122 309 1189 τοῦ,
337 1123 374 1177 ἃ
405 1124 470 1194 δὴ
497 1126 591 1179 καὶ
646 1127 775 1199 πρ).
823 1127 932 1182 τῶν
984 1126 1160 1182 ἄλλων
1190 1131 1513 1202 ποιημάτων
1538 1131 1773 1202 λέγουσα

190 1219 474 1286 φαίνεται;
524 1221 647 1274 Ἐπὶ
679 1220 779 1291 μὲν
804 1219 921 1292 γὰρ
945 1219 1055 1275 τῶν
1082 1221 1382 1291 γεγονότων
1419 1223 1569 1296 παρὰ
1604 1224 1768 1291 Θεοῦ,

191 1313 516 1381 προηγεῖται
546 1311 787 1381 Θὲλησις,
836 1311 913 1375 ὡς
939 1312 997 1363 ὲν
1016 1309 1112 1382 τῷ,
1167 1330 1187 1363 ι
1220 1313 1542 1383 Ποιήσωμεν
1563 1314 1773 1387 ἄνθρω-

191 1419 315 1465 πον,
348 1420 367 1448 ι
397 1402 507 1455 Καὶ
541 1403 597 1455 ὲν
625 1402 724 1472 τῷ,
749 1420 771 1457 t
792 1402 977 1457 Πάντα
1001 1402 1104 1456 ὅσα
1139 1403 1427 1475 ἠθέλησεν,
1460 1405 1765 1476 ἐποίησεν.»

204 1490 335 1543 Ἐπὶ
388 1491 447 1545 δὲ
469 1494 564 1545 τοῦ
589 1492 725 1546 Θεοῦ
764 1493 944 1562 Λόγου
974 1493 1213 1564 οὐδαμοῦ
1244 1493 1462 1567 θέλησις
1490 1497 1607 1567 ἦτοι
1643 1497 1771 1569 βού-

189 1582 351 1653 λησις
377 1584 808 1656 προηγησαμένη
864 1585 1133 1654 φαίνεται.
1190 1585 1329 1641 Ἀλλ’
1359 1588 1441 1642 ὅτι
1494 1590 1659 1659 μόνον
1693 1587 1773 1663 ἦν

190 1676 287 1729 καὶ
336 1675 511 1729 ἐστιν
552 1675 843 1747 ἀκούομεν.
886 1679 1017 1743 Καὶ,
1080 1677 1146 1732 ἵν’
1184 1678 1356 1743 οὕτως
1412 1682 1569 1747 εῐπω,
1609 1682 1773 1749 τόπος

188 1766 342 1837 αὑτῷ
364 1767 590 1837 φυσικὸς
612 1768 641 1820 6
671 1768 882 1840 Πατήρ.
916 1770 979 1823 Et
1002 1770 1182 1825 τοίνυν
1217 1770 1311 1824 ἐπὶ
1351 1771 1452 1842 μὲν
1497 1773 1608 1826 τῶν
1654 1792 1772 1828 κτι-

192 1831 416 1928 σμάτων
439 1858 694 1913 ἁπάντων
722 1831 924 1930 ἔφησεν
953 1860 1203 1932 ἡγεῖσθαι
1231 1831 1448 1934 θέλησιν
1486 1866 1520 1936 ἡ
1558 1865 1770 1937 Γραφὴ,
1800 1831 1848 1891 Β

189 1948 285 2000 ἐπὶ
304 1947 363 2000 δὲ
392 1946 486 2001 τοῦ
519 1947 652 2001 Υἰοῦ
677 1948 830 2003 οὐδὲν
869 1949 1110 2004 τοιοῦτον
1167 1952 1472 2024 εὑρήσομεν
1508 1956 1640 2027 παρ’
1672 1957 1772 2011 αὑ-

188 2039 315 2109 τῆς,
339 2040 438 2092 οὑκ
475 2039 582 2111 ἄρα
612 2036 694 2103 εἷς
718 2041 835 2094 ἐστι
866 2041 977 2095 τῶν
1003 2041 1247 2108 πάντων,
1272 2044 1393 2098 οὐδὲ
1436 2046 1652 2118 θελήσει
1682 2048 1775 2117 γέ-

188 2147 338 2200 γονε,
368 2130 619 2203 καθάπερ
646 2132 715 2187 τὰ
744 2132 945 2199 πάντα,
978 2134 1044 2187 ἐκ
1097 2135 1315 2207 Πατρὸς
1360 2137 1641 2208 προελθὼν
1679 2140 1775 2193 καὶ

188 2223 289 2295 τῆς
315 2223 411 2277 τοῦ
437 2224 798 2315 γεννήσαντος
825 2225 1032 2291 οὐσίας,
1055 2226 1315 2301 ὑπάρχων
1346 2245 1408 2282 τε
1435 2229 1626 2295 άῖδιος.

876 2336 1086 2392 ΛΛΛΟ.

258 2441 426 2511 Λέγει
446 2460 549 2497 που
582 2443 794 2508 Παῦλος
841 2445 970 2516 περὶ
1019 2443 1115 2497 τοῦ
1151 2446 1406 2517 Σωτῆρος
1446 2446 1604 2518 ἡμῶν
1636 2449 1773 2520 Χρι-

190 2535 344 2600 στοῦ,
378 2538 462 2591 ὅτι
489 2554 550 2589 τε
576 2536 712 2590 Θεοῦ
738 2537 971 2608 δύναμις
1019 2538 1106 2610 εῑη
1165 2541 1259 2592 καὶ
1286 2540 1423 2594 Θεοῦ
1458 2541 1639 2610 σοφία.
1706 2543 1771 2597 Et

188 2625 373 2679 τοίνυν
404 2626 565 2695 σοφία
590 2627 685 2680 καὶ
728 2626 959 2697 δύναμίς
982 2628 1100 2683 ἐστι
1121 2625 1215 2682 τοῦ
1262 2628 1477 2701 Πατρὸς
1510 2630 1539 2682 ὁ
1586 2629 1648 2696 ἐξ
1678 2631 1773 2684 αὑ-

188 2716 284 2770 τοῦ
309 2718 404 2769 καὶ
425 2718 483 2770 ὲν
511 2717 661 2788 αὐτῷ
691 2717 954 2788 ὑπάρχων
991 2719 1182 2787 Λόγος,
1230 2719 1394 2783 αὑτός
1422 2722 1570 2774 ἐστιν
1626 2723 1685 2776 ἐν
1727 2715 1773 2791 ᾧ

190 2805 528 2875 βουλεύεται,
562 2809 656 2860 καὶ
680 2807 747 2860 δι’
785 2800 847 2859 οῦ
868 2806 939 2861 τά
967 2807 1147 2861 πάντα
1181 2806 1498 2878 ἐργάζεται.
1528 2811 1653 2874 Πῶς
1678 2807 1772 2865 οῦν

191 2896 447 2966 βουλήσει
474 2895 698 2964 γέγονεν
723 2897 751 2948 6
779 2896 838 2948 ὲν
868 2887 1022 2965 ᾧπερ
1049 2897 1082 2966 ή
1114 2895 1366 2968 βούλησίς
1390 2899 1508 2953 ἐστι
1537 2900 1633 2954 τοῦ
1659 2902 1773 2956 Πα-

187 2986 363 3057 τρός;
407 2988 477 3040 'H
532 2987 640 3058 γὰρ
702 2987 893 3058 ἑτέραν
954 2988 1105 3057 ἡμᾶς
1164 2987 1358 3057 σοφίαν
1410 2990 1774 3047 ἀναπλάττειν

188 3078 432 3149 ἀνάγκη,
453 3079 513 3131 ὲν
598 3078 1025 3149 βουλευσάμενος
1054 3079 1322 3151 πεποίηκε
1348 3079 1440 3135 τὸν
1466 3082 1613 3150 Υίδν,
1640 3085 1774 3140 καθ-

1877 547 2063 594 vestro
2114 540 2415 609 loquentes.
2475 548 2533 595 ut
2587 539 2762 612 inquit
2794 543 3077 612 propheta,
3110 551 3162 597 et
3220 558 3326 600 non
3379 559 3453 600 ex

1898 644 1992 686 ore
2027 632 2235 688 Domini
2267 633 2333 685 “.

2551 742 2778 801 ALIUD.

1946 853 2002 909 Si
2031 869 2097 910 ex
2123 853 2397 911 voluntate
2423 854 2617 910 Filium
2646 857 2884 925 genitum
2916 856 3116 923 dicitis,
3142 866 3199 914 et
3222 864 3447 914 contem

1874 942 2001 1000 ditis
2026 944 2354 1000 voluntatem
2382 944 2671 1012 generandi
2696 944 2864 1015 ipsius
2889 946 3286 1015 generationem
3310 961 3449 1017 prte-

1874 1037 2124 1102 cessisse,
2146 1052 2244 1092 cur
2268 1051 2372 1092 non
2408 1038 2523 1091 haec
2549 1036 2616 1090 de
2642 1050 2708 1091 eo
2733 1036 2864 1090 dicit
2888 1037 3191 1107 Scriptura,
3213 1038 3353 1094 sicut
3381 1039 3448 1094 de

1874 1127 1993 1184 aliis
2026 1127 2315 1184 creaturis.
2350 1126 2484 1181 Nam
2522 1126 2576 1180 in
2618 1127 2684 1182 iis
2714 1143 2832 1197 quae
2867 1129 3008 1184 Deus
3042 1130 3276 1196 creavit,
3304 1146 3447 1201 pra:-

1875 1217 2037 1273 cessit
2054 1215 2325 1282 voluntas,
2349 1226 2408 1271 ut
2430 1216 2482 1271 in
2511 1216 2597 1270 illo
2623 1235 2634 1270 :
2666 1235 2685 1268 ι
2716 1214 3001 1271 Faciamus
3024 1218 3299 1273 hominem
3323 1218 3392 1272 τ’.
3425 1237 3443 1268 ι

1874 1306 1941 1362 Et
1983 1307 2036 1362 in
2080 1307 2181 1362 hoc
2223 1325 2237 1363 :
2286 1326 2305 1360 ι
2351 1309 2539 1362 Omnia
2583 1322 2702 1377 qua:
2743 1308 2938 1372 voluit,
2970 1308 3184 1363 fecit".
3222 1328 3241 1360 ι
3282 1308 3353 1363 At
3395 1310 3448 1363 in

1874 1397 2053 1454 Verbo
2083 1399 2175 1454 Del
2201 1398 2343 1453 nulla
2374 1398 2621 1454 voluntas
2655 1408 2748 1453 aut
2782 1400 3066 1455 consilium
3100 1398 3449 1471 praecessisse

1874 1488 2089 1559 legitur.
2105 1488 2213 1544 Sed
2236 1497 2464 1555 tantum,
2483 1490 2625 1558 quod
2648 1498 2781 1554 erat,
2798 1498 2852 1544 et
2869 1499 2943 1544 est
2964 1489 3231 1543 audimus.
3247 1490 3445 1559 Atque,

1874 1588 1934 1633 ut
1958 1578 2030 1633 ita
2057 1578 2232 1634 dicam
2250 1617 2265 1643 ,
2292 1577 2560 1633 naturalis
2584 1577 2702 1647 ejus
2734 1577 2884 1633 locus
2917 1587 3039 1633 erat
3062 1577 3242 1632 Pater.
3270 1576 3450 1644 Quare

1874 1673 1920 1727 si
1982 1672 2033 1727 in
2087 1671 2341 1728 omnibus
2397 1673 2660 1727 creaturis
2715 1671 3048 1726 voluntatem
3105 1670 3451 1741 praecessisse

1875 1760 2155 1832 Scriptura
2190 1769 2438 1826 testatur,
2465 1762 2531 1817 de
2560 1759 2698 1816 Filio
2722 1772 2899 1815 autem
2927 1760 3061 1817 nihil
3090 1760 3355 1830 ejusmodi
3394 1761 3449 1816 in

1874 1851 2050 1907 sacris
2090 1848 2314 1906 Litteris
2358 1849 2631 1906 invenitur
2677 1868 2691 1905 :
2746 1865 2851 1905 non
2895 1859 2976 1907 est
3025 1865 3157 1921 ergo
3200 1866 3339 1906 unus
3382 1865 3450 1905 ex

1875 1942 2103 2007 creatis,
2136 1956 2309 2010 neque
2351 1956 2419 1996 ex
2460 1941 2733 1998 voluntate
2772 1941 2948 1998 factus
3002 1952 3121 2009 est,
3158 1951 3217 1998 ut
3264 1958 3452 1998 omnes

1875 2042 2167 2100 creaturae,
2201 2047 2264 2086 ex
2315 2030 2475 2087 Patre
2521 2032 2822 2102 procedens
2865 2041 3028 2103 atque
3078 2046 3146 2088 ex
3178 2032 3450 2089 Genitoris

1875 2125 2111 2182 essentia
2129 2163 2146 2192 ,
2169 2126 2238 2181 ab
2261 2133 2466 2181 aeterno
2490 2125 2780 2182 exsistens.

2546 2326 2703 2384 ALIU
2716 2327 2777 2383 D.

1942 2437 2142 2494 Paulus
2181 2437 2375 2494 alicubi
2415 2438 2483 2493 de
2526 2437 2815 2493 Servatore
2854 2444 3038 2493 nostro
3100 2437 3318 2494 Christo
3373 2437 3452 2492 ait

1873 2533 2015 2601 quod
2046 2532 2119 2587 sit
2141 2531 2311 2587 virtus
2337 2540 2392 2586 et
2415 2530 2679 2600 sapientia
2704 2531 2822 2585 Dei.
2843 2528 2901 2586 Si
2927 2545 3056 2602 ergo
3079 2536 3164 2585 est
3184 2529 3450 2600 sapientia

1872 2630 1929 2676 et
1958 2623 2200 2693 potentia
2231 2620 2412 2677 Patris
2442 2618 2678 2675 Verbum
2710 2634 2777 2675 ex
2814 2621 2930 2689 ipso
2961 2628 3017 2676 et
3049 2619 3106 2675 in
3141 2619 3260 2690 ipso
3294 2619 3444 2676 exsi-

1873 2719 2043 2774 stens,
2090 2710 2265 2779 ipsum
2291 2711 2458 2765 etiam
2484 2718 2569 2766 est
2594 2711 2649 2765 in
2674 2724 2781 2779 quo
2807 2709 3095 2776 deliberat,
3109 2720 3164 2766 et
3187 2726 3284 2782 per
3305 2710 3449 2780 quod

1873 2800 2054 2881 omnia
2083 2808 2357 2871 operatur.
2387 2794 2670 2867 Quomodo
2704 2799 2870 2869 igitur
2898 2798 3173 2854 voluntate
3205 2799 3289 2854 vel
3318 2798 3451 2853 deli-

1873 2892 2151 2949 beratione
2177 2891 2355 2947 factus
2380 2900 2463 2947 est
2491 2891 2538 2947 is
2568 2891 2621 2946 in
2651 2906 2759 2961 quo
2789 2899 2873 2946 est
2896 2890 3213 2947 deliberatio
3242 2888 3454 2945 Patris?

1874 2979 1978 3033 Aut
2004 2980 2148 3035 enim
2177 2978 2337 3034 aliam
2369 2979 2691 3048 sapientiam
2720 2977 2975 3046 efﬁngere
3003 2993 3223 3034 necesse
3247 2986 3362 3039 est.
3394 2977 3448 3032 in

1876 3084 1979 3138 qua
2015 3069 2323 3124 deliberans
2355 3066 2484 3124 fecit
2516 3068 2712 3123 Filium
2735 3107 2751 3132 ,
2787 3078 2846 3123 ut
2880 3083 2973 3126 vos
3006 3069 3187 3126 dicitis
3219 3085 3235 3123 :
3275 3080 3369 3124 aut
3400 3070 3448 3124 si

188 3166 272 3229 ὼς
303 3168 464 3237 ὑμεῖς
500 3184 660 3235 φατε,
692 3166 725 3237 ἢ
764 3168 813 3219 εὶ
834 3165 998 3236 ἑτέρα
1021 3165 1122 3218 οὑκ
1139 3165 1305 3233 ἐστιν,
1335 3166 1451 3220 ἀλλ’
1474 3167 1588 3222 ἐστι
1611 3170 1767 3240 μόνος

1879 3160 1978 3215 alia
2002 3159 2145 3216 nulla
2167 3169 2271 3227 est,
2290 3160 2383 3216 sed
2407 3161 2519 3229 ipse
2544 3170 2629 3217 est
2649 3160 2796 3217 solus
2821 3161 3087 3231 sapientia
3110 3160 3310 3227 Patris,
3332 3161 3449 3231 ipse

188 3258 356 3321 αὐτὸς
372 3260 406 3329 ἡ
428 3259 588 3327 σοφία
614 3257 708 3311 τοῦ
737 3257 971 3329 Πατρδς,
1002 3256 1163 3321 αὑτὸς
1186 3258 1295 3328 ἄρα
1322 3260 1438 3313 ἐστὶ
1460 3261 1554 3315 καὶ
1583 3263 1617 3333 ή
1648 3262 1773 3332 βού-

189 3350 371 3419 λησις.
444 3350 531 3402 Ἐν
581 3349 689 3421 γὰρ
741 3349 904 3421 σοφίᾳ
952 3349 1171 3415 πάντως
1226 3354 1288 3404 τὸ
1342 3351 1628 3422 βούλεσθαι
1677 3355 1772 3410 τοῦ

186 3441 351 3495 Θεοῦ.
382 3442 491 3496 Καὶ
523 3445 751 3513 μάταιος
801 3442 931 3514 ὑμῖν
959 3443 988 3495 6
1013 3441 1191 3512 λόγος,
1235 3447 1332 3498 καὶ
1373 3445 1529 3500 κενὸν
1557 3446 1770 3519 ἐδείχθη

188 3534 257 3591 τὸ
283 3534 640 3606 ἐπιχείρημα.

676 3648 882 3713 ΔΛΛΟ,
916 3648 1004 3716 είς
1025 3648 1095 3703 τὸ
1121 3650 1289 3704 αὑτό.

264 3781 383 3836 υὺκ
401 3782 461 3835 ὲν
482 3783 596 3845 τοῖς
627 3782 940 3853 γενομένοις
961 3782 996 3852 ή
1017 3780 1113 3835 τοῦ
1140 3782 1273 3837 Θεοῦ
1300 3781 1555 3855 βούλησις
1575 3784 1771 3840 οὑσιω-

193 3875 336 3946 μένη
358 3874 629 3943 φαίνεται,
664 3872 778 3926 ἀλλ’
817 3872 1005 3945 ἔτερόν
1052 3872 1107 3926 τί
1138 3874 1254 3927 ἐστι
1287 3874 1438 3946 παρὰ
1470 3875 1539 3929 τὰ
1566 3876 1634 3929 δι’
1671 3877 1772 3930 αὑ-

190 3965 295 4035 τῆς
348 3962 665 4033 ποιούμενα.
711 3955 857 4025 Οῐον,
926 3961 1142 4034 θελήσει
1189 3963 1369 4034 φαμὲν
1401 3965 1652 4034 γενέσθαι
1677 3966 1772 4022 τὸν

188 4055 442 4127 οὐρανὸν,
472 4056 573 4108 οὑκ
602 4054 763 4109 αὑτὸν
785 4049 923 4108 εἶναι
952 4053 1052 4125 τήν
1082 4052 1325 4126 θέλησιν.
1358 4054 1423 4109 Et
1447 4056 1629 4112 τοίνυν
1657 4057 1773 4129 βου-

190 4147 408 4201 λεύεται
462 4146 560 4217 μὲν
605 4147 663 4199 ὲν
716 4144 876 4215 σοφίᾳ
921 4145 1073 4210 Θεὸς,
1124 4146 1220 4199 καὶ
1272 4146 1361 4199 ὅτε
1392 4146 1484 4201 τὸν
1511 4148 1660 4214 Υίὸν,
1694 4149 1772 4214 ὡς

192 4242 353 4310 ὑμεῖς
376 4255 534 4308 φατε,
555 4238 857 4310 άπογεννᾷν
900 4236 1112 4307 ἢθελεν,
1145 4237 1260 4291 ἔστι
1312 4238 1370 4292 δὲ
1397 4241 1430 4311 ή
1485 4241 1646 4311 σοφία
1675 4242 1769 4296 τοῦ

1871 3266 2089 3323 quoque
2117 3251 2363 3307 voluntas
2396 3250 2512 3321 eius
2543 3260 2648 3308 est.
2673 3252 2807 3308 Nam
2842 3254 2895 3307 in
2928 3252 3194 3323 sapientia
3225 3253 3449 3309 omnino

1870 3341 2117 3397 voluntas
2140 3339 2235 3395 Dei
2264 3339 2530 3394 consistit.
2556 3338 2733 3409 Atque
2765 3340 2838 3395 ita
2867 3341 3044 3396 inanis
3068 3356 3132 3396 ac
3158 3355 3295 3395 vana
3324 3355 3449 3398 esse

1870 3442 2053 3490 vestra
2072 3432 2210 3487 ratio
2229 3429 2587 3501 frivolumque
2609 3440 2991 3502 argumentum
3019 3432 3345 3488 ostenditur.

2380 3632 2617 3701 ALIUD,
2640 3634 2706 3689 de
2727 3633 2947 3689 eodem.-

1941 3767 2202 3825 Voluntas
2226 3767 2320 3825 Dei
2352 3782 2460 3824 non
2489 3776 2574 3824 est
2605 3769 2658 3823 in
2686 3768 2883 3823 creatis
2911 3777 3188 3837 concreta,
3218 3773 3312 3825 sed
3339 3768 3447 3823 alia

1869 3870 1954 3919 est
1982 3862 2051 3917 ab
2085 3861 2151 3916 iis
2184 3876 2304 3931 quae
2339 3874 2434 3931 per
2462 3874 2583 3916 eam
2615 3859 2757 3916 facta
2795 3870 2940 3916 sunt.
2968 3861 3210 3933 Exempli
3245 3862 3443 3930 gratia,

1869 3952 2063 4007 caelum
2103 3952 2380 4008 voluntate
2420 3951 2620 4006 factum
2664 3966 2785 4007 esse
2829 3951 3094 4019 dicimus,
3125 3968 3232 4007 non
3274 3952 3447 4023 ipsum

1870 4060 1990 4102 esse
2016 4045 2369 4101 voluntatem.
2390 4044 2447 4100 Si
2475 4059 2605 4116 ergo
2631 4045 2684 4098 in
2708 4044 2972 4114 sapientia
2997 4044 3259 4100 deliberat
3284 4043 3446 4109 Deus,

1869 4138 2030 4192 etiam
2058 4139 2272 4209 quando
2298 4138 2518 4205 Filium,
2540 4146 2598 4192 ut
2621 4152 2717 4194 vos
2744 4138 2946 4202 dicitis,
2973 4136 3447 4207 generare-voluit,

1871 4228 1976 4299 52
2003 4228 2170 4285 Filius
2195 4243 2321 4285 vero
2347 4239 2432 4285 est
2454 4228 2718 4299 sapientia
2746 4228 2924 4284 Putris
2946 4228 2994 4261 ⁷⁸
3024 4247 3039 4284 :
3083 4228 3447 4285 necessarium

192 4331 410 4401 Πατρὸς
436 4333 465 4383 6
507 4330 655 4395 Υίὺς,
686 4330 879 4401 ἑτέραν
931 4328 1010 4399 τῷ
1041 4331 1215 4401 Πατρὶ
1262 4333 1546 4402 προσεῖναι
1577 4333 1767 4402 σοφίαν

1879 4324 2026 4392 plane
2063 4332 2150 4378 est
2187 4323 2413 4379 alteram
2455 4323 2631 4379 inesse
2667 4322 2815 4377 Patri
2855 4322 3209 4393 sapientiam,
3243 4323 3295 4377 in
3339 4338 3448 4392 qua

190 4427 429 4496 ἀνάγκη,
455 4426 513 4477 ὲν
600 4422 1023 4492 βουλευσάμενος
1054 4421 1287 4474 άπέτεκε
1315 4422 1405 4475 τὸν
1427 4422 1576 4478 Υίόν.
1622 4425 1684 4477 Εἰ
1713 4424 1770 4479 δὲ

1870 4414 2173 4471 deliberans
2207 4415 2390 4486 genuit
2423 4414 2645 4471 Filium.
2683 4417 2756 4470 At
2792 4430 2915 4469 cum
2953 4414 3006 4468 id
3040 4414 3271 4486 impium
3300 4415 3444 4470 dictu

186 4518 350 4571 τοῦτο
384 4516 566 4584 λέγειν
592 4513 787 4577 ἀσεϐὲς
812 4507 931 4583 (εἷς
960 4512 1070 4584 γάρ
1100 4511 1228 4576 Υίδς
1258 4511 1351 4566 τοῦ
1387 4513 1544 4580 Θεοῦ,
1579 4517 1672 4569 καὶ
1701 4516 1763 4570 οὐ

1879 4507 1940 4563 sit
1988 4507 2152 4576 (unus
2193 4508 2337 4563 enim
2382 4515 2467 4563 est
2508 4507 2678 4564 Filius
2723 4505 2851 4571 Dei,
2883 4521 2988 4561 non
3033 4507 3171 4571 duo,
3208 4522 3329 4563 cum
3377 4507 3450 4562 sit

187 4611 306 4674 δύο,
339 4608 498 4679 σοφία
521 4606 614 4661 τοῦ
638 4606 852 4678 Πατρὸς
877 4604 1135 4674 ὑπάρχων
1158 4604 1186 4654 ὁ
1227 4602 1323 4656 τοῦ
1352 4603 1487 4657 Θεοῦ
1516 4605 1724 4676 Λόγος)
1746 4646 1762 4672 ,

189 4698 353 4763 αὑτός
382 4699 531 4751 ἐστιν
553 4699 583 4751 6
610 4697 679 4750 δι’
708 4689 771 4748 οῦ
795 4694 1014 4748 πάντων
1060 4694 1094 4763 ή
1138 4691 1391 4763 βούλησις
1426 4692 1655 4763 γίνεται.

886 4806 1088 4859 ΑΛΛΟ.

263 4920 386 4975 Τῶν
410 4921 469 4973 ὲν
496 4918 672 4991 χρόνῳ
711 4917 1036 4987 γεγονότων,
1090 4919 1411 4988 προηγεῖται
1459 4914 1676 4979 πάντως
1704 4917 1766 4969 τὸ

193 5010 542 5083 βουλεύεσθαί
568 5027 621 5063 τι
642 5008 771 5079 περὶ
790 5008 989 5062 αὑτῶν.
1043 5009 1103 5061 Εἰ
1150 5009 1331 5061 τοίνυν
1393 5006 1643 5077 βουλήσει
1673 5024 1766 5077 γε-

187 5106 438 5173 γένηται,
468 5101 587 5155 καθ’
612 5102 777 5171 ὑμᾶς,
804 5102 833 5152 6
862 5099 1008 5162 Υἱὸς,
1054 5098 1468 5169 προηγουμένην
1523 5097 1638 5168 ἔχει
1673 5097 1764 5150 καὶ

189 5197 358 5259 αὐτὸς
412 5196 511 5264 τὴν
560 5191 688 5263 περὶ
740 5189 905 5245 αὑτοῦ
964 5188 1248 5261 βούλησιν,
1307 5188 1495 5259 ὥσπερ
1542 5188 1638 5242 καὶ
1696 5188 1765 5241 τά

195 5292 500 5360 ποιήματα.
544 5286 655 5340 Kal.
699 5285 799 5338 οὑκ
838 5279 907 5355 ἦν
950 5299 1100 5335 ποτε.
1144 5282 1254 5335 Καὶ
1291 5281 1543 5351 ψεύδεται
1588 5281 1764 5349 λέγων

205 5384 459 5451 Ἰωάννης
491 5381 618 5451 περὶ
643 5377 827 5432 αὑτοῦ·
888 5396 904 5425 ι
956 5376 1045 5429 Ἐν
1072 5376 1212 5446 ἀρχῇ
1253 5369 1320 5444 ἦν
1345 5377 1373 5427 6
1417 5375 1605 5442 Λόγος.
1644 5393 1661 5423 ι
1702 5374 1764 5427 Εἰ

192 5476 304 5545 γὰρ
329 5472 428 5525 οὑκ
456 5467 545 5540 ἦν,
565 5468 685 5525 καθ’
718 5470 882 5539 ὑμᾶς,
918 5467 1034 5530 πῶς
1063 5469 1090 5520 6
1126 5465 1516 5535 εὐαγγελιστὴς
1545 5464 1765 5536 ἀληθεύ-

196 5581 280 5618 σει
306 5559 535 5630 τὸ,Ἦν,
553 5559 703 5631 αὑτῷ
737 5558 1065 5631 περιτιθείς;
1106 5557 1243 5611 Ἀλλ’
1264 5558 1361 5627 οὑχ
1386 5559 1532 5628 ὑμῖν,
1574 5556 1765 5628 ἐκείνῳ

265 5742 310 5775 ⁷¹
353 5740 547 5795 Jercm.
590 5756 743 5806 mu,
784 5739 868 5795 l6.
947 5742 990 5771 ”
1021 5739 1155 5793 Gen.
1205 5753 1242 5803 ι,
1281 5736 1367 5788 ‘26.

1449 5736 1493 5765 ⁷³
1533 5734 1673 5789 Paul.
1715 5748 1932 5802 MHIV,
1968 5734 2018 5785 6.

1869 4598 2127 4669 sapientia
2174 4597 2352 4654 Patris
2401 4598 2494 4654 Dei
2536 4597 2976 4671 Verbum),1pse
3019 4608 3112 4654 est.
3143 4613 3241 4670 per
3285 4613 3445 4669 quem

1868 4692 2106 4745 omnium
2146 4691 2462 4747 deliberatio
2496 4691 2572 4747 fit.

2553 4802 2779 4859 ALIUD.

1941 4916 2071 4982 Quae
2118 4916 2170 4971 in
2225 4927 2466 4988 tempore
2507 4918 2649 4974 facta
2699 4927 2855 4983 sunt,
2900 4918 3216 4974 deliberatio
3267 4918 3334 4974 de
3377 4918 3451 4974 iis

1870 5007 2127 5063 faciendis
2155 5010 2376 5063 omnino
2406 5011 2701 5080 praecessit.
2725 5010 2781 5065 Si
2811 5026 2939 5081 ergo
2962 5010 3239 5065 voluntate
3265 5008 3439 5066 factus

1871 5110 1972 5165 est,
2001 5110 2061 5154 ut
2083 5115 2179 5154 vos
2206 5102 2465 5164 statuitis,
2493 5102 2679 5167 Filius,
2704 5114 2851 5157 certe
2887 5104 3048 5158 etiam
3084 5103 3151 5157 de
3180 5116 3262 5167 eo,
3289 5109 3348 5156 ut
3372 5102 3440 5156 de

1870 5192 2164 5256 creaturis,
2207 5192 2518 5248 deliberatio
2568 5196 2920 5262 praecesserit.
2972 5195 3148 5264 Atque
3202 5194 3274 5248 ita
3334 5192 3438 5247 ali“-

1872 5284 2086 5352 quando
2130 5299 2235 5338 non
2280 5292 2414 5338 erat.
2450 5283 2514 5337 Et
2556 5287 2811 5339 mentitur
2853 5285 3093 5342 Joannes
3142 5285 3329 5341 dicens
3373 5284 3444 5339 de

1872 5390 1937 5429 eo
1970 5393 1983 5427 :
2022 5395 2039 5425 ‹
2081 5373 2134 5428 1η
2174 5374 2437 5444 principio
2464 5383 2581 5430 erat
2607 5376 2837 5431 Verbum
2862 5378 2927 5432 ⁷⁸.
2959 5395 2978 5429 ι
3015 5376 3069 5431 Si
3100 5376 3441 5446 enim,juxta

1874 5476 2104 5520 vestram
2136 5467 2465 5535 Opinionem,
2489 5482 2593 5521 non
2622 5478 2758 5531 erat,
2784 5485 2891 5539 quo
2922 5480 3077 5537 pacto
3107 5470 3437 5541 evangelista
3466 5460 3471 5463 ’

1873 5573 1997 5613 vere
2024 5556 2187 5623 dicet,
2210 5573 2330 5613 cum
2364 5558 2485 5625 hoc,
2511 5571 2646 5626 erat,
2673 5559 2720 5615 ei
2761 5561 2995 5615 tribuat?
3025 5562 3091 5616 At
3124 5578 3229 5617 non
3264 5563 3439 5628 vobis,

2097 5733 2147 5765 "
2182 5732 2203 5788 1
2240 5735 2364 5789 εἴητ’.
2410 5750 2447 5797 ι,
2486 5735 2577 5791 Ἡ.
2648 5732 2692 5765 ⁷⁸
2724 5736 2867 5789 imm.
2899 5753 2936 5801 ι,
2966 5737 3013 5789 l'.
