3876 6208
443 280 514 333 87
1431 273 1491 328 S.
1532 271 1805 329 CYRILLI
1840 272 2318 330 ALEXANDRINI
2357 274 2679 332 ARCHIEP.
3622 278 3699 337 88

439 397 532 454 sed
558 394 664 459 illi,
692 392 912 465 opinor,
943 392 1166 449 credere
1193 405 1414 448 necesse
1443 401 1546 449 est.
1575 392 1706 448 Erat
1736 392 1919 465 igitur,
1950 400 1999 448 ul

2115 393 2189 459 δὲ,
2214 390 2388 465 οἶμαι,
2417 393 2691 449 πιστεύειν
2740 394 3056 465 ἀναγκαῖον.
3086 390 3195 449 Ἦν
3239 392 3369 466 ἄρα,
3428 394 3570 447 κατά
3600 394 3699 448 τδρ

438 489 529 543 ille
555 487 707 549 dicit,
733 483 923 549 Filius,
957 492 1011 538 et
1038 484 1192 551 illud,
1224 499 1328 538 non
1361 493 1495 550 erat,
1527 499 1811 556 perperam
1846 485 1913 540 de
1945 499 1999 541 ec

2115 484 2323 537 ἐκείνου
2380 485 2559 553 λόγον,
2612 486 2640 539 6
2686 486 2834 550 Υἱὸς,
2879 486 2972 538 καὶ
3003 485 3085 553 τὸ,
3125 487 3235 538 οὐκ
3264 480 3363 555 ἦν,
3407 483 3493 536 ἐπ’
3541 483 3698 554 αὐτῷ

438 578 633 635 dicitur

1109 690 1270 746 ALlU
1281 691 1341 746 D.

509 800 567 858 Si
602 817 664 857 ea
700 817 820 873 quae
848 817 915 858 ex
946 802 1223 858 voluntate
1255 804 1395 860 facta
1431 813 1589 871 sunt,
1619 813 1831 877 tempus
1862 822 2005 877 pras-

436 894 631 960 cessit,
659 894 712 949 in
748 910 853 965 quo
885 895 953 951 de
984 894 1115 965 ipsis
1144 895 1496 952 deliberatum
1530 905 1644 961 est,
1673 898 1718 953 si
1753 899 2005 969 exiguum

434 984 650 1056 aliquod
685 987 1175 1057 brevissimumque
1210 996 1421 1057 tempus
1451 989 1667 1055 demus,
1697 1005 1802 1053 quo
1846 999 2005 1060 pacto

433 1078 537 1133 erit
579 1087 878 1148 temporum
922 1081 1170 1134 conditor
1210 1078 1409 1145 Filius,
1443 1080 1489 1135 si
1518 1079 1848 1147 deliberatio
1889 1083 2005 1152 ejus

433 1168 835 1238 generationem
867 1170 1183 1240 praecessit?
1212 1171 1372 1240 Atqui
1393 1179 1477 1227 est
1507 1172 1728 1228 omnino
1757 1173 2005 1229 conditor

435 1269 757 1330 temporum.
787 1260 915 1315 Erat
949 1261 1158 1331 itaque,
1188 1271 1242 1317 et
1280 1262 1412 1316 nihil
1447 1260 1562 1331 ejus
1596 1264 2000 1332 generationem

428 1350 721 1418 praecessit.

1103 1463 1334 1521 ALIUD.

498 1577 558 1633 Si
588 1577 758 1634 Filius
783 1587 867 1634 est
892 1580 1159 1649 sapientia
1186 1579 1383 1645 Patris,
1408 1590 1467 1635 nt
1492 1595 1681 1637 revera
1704 1590 1808 1647 est,
1832 1596 2001 1651 quon-

431 1686 556 1726 nam
592 1679 802 1741 tempus
830 1681 1097 1726 statuetur
1141 1687 1247 1742 quo
1272 1689 1376 1729 non
1400 1683 1518 1728 erat
1537 1674 1591 1728 in
1610 1689 1678 1729 eo
1702 1674 2000 1744 sapientia?

2119 574 2347 644 μάταιόν
2371 592 2429 627 τε
2453 576 2550 629 καὶ
2574 575 2983 647 διεψευσμένον.

2796 688 3000 743 AAAU.

2183 800 2245 853 El
2269 799 2378 853 τῶν
2406 802 2463 852 ἐν
2489 800 2745 871 βουλήσει
2774 800 3080 871 γενομένων
3119 802 3440 871 προηγεῖται
3472 797 3692 869 χρόνος,

2111 891 2233 944 καθ’
2267 891 2324 944 ὃν
2353 894 2386 963 ἡ
2415 895 2542 963 περὶ
2576 894 2755 946 αὐτῶν
2787 893 2975 962 σκέψις
3006 893 3236 960 ἐγίνετο,
3298 892 3390 944 καὶ
3417 891 3465 942 εἱ
3492 888 3695 959 μικρόν

2110 1002 2227 1038 τινα
2260 988 2351 1039 καὶ
2385 987 2666 1056 ἀκαριαῖον
2697 986 2919 1056 δοίημεν
2951 985 3130 1045 αὐτὸν,
3155 983 3269 1047 πῶς
3296 984 3447 1036 ἔσται
3476 981 3692 1052 χρόνων

2110 1075 2337 1147 ποιητὴς
2356 1076 2384 1127 ὁ
2409 1076 2556 1140 Υἱὸς,
2615 1078 2663 1128 εἰ
2707 1074 2958 1147 βούλησις
3005 1076 3329 1145 προηγεῖται
3359 1072 3457 1141 τῆς
3490 1069 3693 1139 γεννή-

2110 1178 2248 1225 σεως
2295 1163 2491 1231 αὐτοῠ;
2529 1164 2667 1217 Ἀλλ’
2712 1164 2826 1217 ἔστι
2881 1166 3089 1234 χρόνων
3134 1164 3384 1233 ποιητής.
3411 1157 3520 1213 Ἦν
3550 1160 3686 1229 ἄρα,

2107 1254 2202 1306 καὶ
2228 1255 2378 1308 οὐδέν
2404 1256 2518 1308 ἐστι
2550 1256 2654 1329 πρὸ
2683 1256 2779 1326 τῆς
2805 1258 3108 1328 γεννήσεως
3138 1253 3301 1308 αὐτοῦ

2792 1457 2996 1512 ΑΛΛΟ.

2175 1572 2239 1624 Εἰ
2270 1571 2430 1639 σοφία
2450 1571 2545 1625 τοῦ
2575 1571 2788 1641 Πατρός
2813 1573 2960 1625 ἐστιν
2991 1573 3020 1626 6
3046 1569 3198 1635 Υἱὸς,
3220 1569 3409 1638 ὥσπερ
3441 1562 3533 1621 οὗν
3580 1564 3686 1619 καὶ

2106 1661 2243 1725 ἔστι,
2272 1663 2422 1726 ποῖός
2440 1664 2556 1716 ἐστι
2603 1664 2793 1734 χρόνος
2820 1664 2907 1715 ὅτε
2939 1662 3040 1715 οὐκ
3085 1656 3153 1731 ἦν
3198 1661 3256 1713 ὲν
3294 1657 3444 1728 αὐτῷ
3476 1656 3684 1726 σοφίας

430 1764 487 1820 Si
530 1774 710 1821 autem
755 1772 837 1820 est
879 1774 1116 1820 internus
1162 1765 1216 1819 in
1257 1763 1417 1820 Patre
1456 1763 1693 1837 (semper
1734 1743 1879 1822 enim
1919 1781 1999 1823 est

2115 1754 2155 1805 εἰ
2185 1752 2241 1805 δέ
2275 1756 2423 1807 ἐστιν
2443 1753 2610 1817 ἀΐδιος
2631 1754 2689 1805 ὲν
2727 1754 2901 1822 Πατρὶ
2921 1751 3041 1821 (ἀεὶ
3071 1750 3183 1819 γὰρ
3205 1748 3363 1817 σοφὸς
3383 1750 3410 1801 ό
3432 1743 3681 1816 Πατὴρ).

426 1858 646 1927 sapiens
674 1857 891 1928 Pater),
914 1873 1023 1928 quo
1053 1866 1212 1928 pacto
1245 1858 1514 1929 praecedet
1535 1860 1740 1930 aliquid
1772 1861 1825 1916 id
1857 1863 1999 1932 quod

425 1961 640 2019 semper
664 1948 912 2004 exsistit?
937 1948 1057 2016 Quo
1085 1958 1244 2018 pacto
1272 1949 1416 2004 inter
1443 1964 1505 2004 ea
1533 1950 1850 2007 deliberatio
1878 1969 2002 2023 pro-

425 2038 610 2105 cedet,
642 2037 835 2093 Filinm
872 2038 1157 2108 aliquando
1186 2054 1292 2096 non
1323 2041 1673 2097 exsistentem
1707 2043 1998 2107 inducens.

427 2145 549 2187 cum
578 2131 648 2187 sit
672 2129 911 2187 Genitori
938 2141 1261 2198 coaeternus,
1282 2134 1538 2189 nimirum
1571 2135 1834 2204 sapientia
1849 2136 2004 2205 ejus?

1102 2245 1333 2304 ALIUD.

497 2361 557 2418 Si
587 2361 843 2434 praecedit
868 2361 1190 2418 deliberatio
1212 2360 1432 2428 Filium,
1454 2370 1509 2416 et
1535 2375 1757 2417 necesse
1781 2364 2002 2418 omnino

428 2455 501 2511 sit
532 2469 651 2511 eam
689 2455 744 2509 in
787 2463 1031 2525 tempore
1068 2452 1271 2509 factam
1304 2452 1473 2509 fuisse
1517 2470 1532 2508 :
1572 2454 1620 2508 si
1654 2459 2002 2524 quantumvis

423 2548 677 2617 exiguum
721 2561 786 2602 ac
831 2546 997 2602 breve
1042 2554 1252 2616 tempus
1299 2546 1486 2609 detur.
1531 2561 1639 2616 quo
1690 2555 1847 2615 pacto
1896 2551 2001 2601 erit

423 2640 665 2693 omnium
688 2638 939 2693 creator?
956 2636 1065 2691 Aut
1084 2651 1190 2707 quo
1221 2647 1379 2706 pacto
1407 2637 1678 2692 credimus
1704 2633 2000 2707 Scriptum

424 2732 620 2787 dicenti
673 2730 857 2786 omnia
887 2744 984 2800 per
1013 2744 1135 2785 eum
1169 2728 1313 2784 facta
1355 2729 1516 2785 esse?
1551 2730 1660 2784 Aut
1689 2730 1779 2785 ubi
1821 2731 1999 2802 ipsum

425 2823 762 2892 praecesserit
790 2831 1034 2891 tempus,
1060 2822 1113 2876 in
1147 2835 1253 2892 quo
1285 2822 1351 2876 de
1383 2835 1449 2876 eo
1479 2820 1834 2876 deliberatum
1863 2821 1997 2889 iuit,

423 2928 545 2969 cum
576 2913 779 2969 nullum
807 2920 1016 2982 tempus
1044 2922 1171 2967 ante
1201 2912 1376 2981 ipsum
1406 2910 1720 2983 exstiterit?

1084 3023 1317 3081 ALIUD.

798 3137 885 3195 Ea:
915 3138 1201 3210 objections
1230 3139 1615 3194 hwreticorum.

495 3253 577 3319 Si,
604 3253 875 3321 inquiunt,
903 3251 1076 3308 Filius
1109 3250 1202 3307 Dei
1231 3251 1513 3309 voluntate
1544 3253 1720 3309 factus
1754 3268 1862 3310 non
1894 3265 1998 3323 est,

422 3347 729 3402 necessario
769 3346 933 3415 igitur
971 3344 1134 3399 Pater
1176 3359 1283 3400 non
1320 3345 1507 3402 volens
1549 3346 1745 3402 Filium
1792 3349 1999 3405 habuit.

423 3436 557 3506 Quis
607 3445 785 3491 autem
832 3445 915 3492 est
965 3433 1137 3505 major
1179 3436 1361 3503 Patre,
1385 3446 1445 3492 ut
1492 3438 1568 3493 illi
1621 3440 1999 3496 necessitatem

422 3528 700 3598 imponat?
723 3526 852 3595 Quae
880 3528 1022 3583 enim
1053 3537 1249 3599 praeter
1270 3529 1601 3585 voluntatem
1627 3530 1906 3594 accidunt,
1932 3548 1997 3586 ex

421 3617 744 3674 necessitate
769 3616 927 3672 ﬁunt.

856 3750 963 3823 53
981 3750 1185 3807 Salutio
1213 3753 1545 3822 objectionis.

490 3887 863 3957 Interrogandi
892 3896 1019 3943 sunt
1044 3888 1281 3943 vicissim
1307 3887 1513 3944 Christi
1549 3890 1754 3955 hostes,
1823 3899 1875 3945 et
1904 3906 2001 3961 per

421 3993 488 4034 ea
526 3980 645 4049 ipsa
667 3995 787 4049 quae
821 3980 1071 4049 imperite
1114 3981 1269 4036 nobis
1320 3981 1605 4049 objiciunt,
1670 3984 1775 4038 illis
1797 3999 1993 4038 occur-

422 4073 650 4128 rendum
675 4082 779 4139 est,
802 4072 1105 4145 similisque
1130 4074 1446 4143 opponenda
1479 4076 1799 4145 pr0positio.
1828 4074 2000 4129 Dicite

424 4165 817 4234 itaque‘nobis:
848 4166 992 4221 Deus
1023 4175 1176 4220 estne
1206 4167 1402 4231 bonus,
1437 4167 1747 4223 misericors
1793 4177 1849 4223 et
1867 4183 1997 4222 san-

422 4266 542 4312 ctus
566 4270 633 4310 ex
663 4254 958 4323 voluntate,
992 4271 1061 4311 an
1095 4267 1291 4326 praeter
1313 4258 1682 4312 voluntatem?
1743 4256 1800 4312 Si
1852 4257 1998 4312 enim

423 4361 489 4401 ex
524 4346 816 4409 voluntate,
842 4346 1091 4403 voluntas
1120 4357 1300 4404 autem
1317 4363 1529 4419 semper
1559 4350 1817 4419 praecedit
1844 4364 1905 4405 ea
1932 4350 2001 4404 de

2024 3089 2071 3152 Ο

2106 1845 2223 1907 πῶς
2250 1846 2515 1916 ἡγήσεταί
2542 1862 2596 1897 τι
2626 1844 2721 1899 τοῦ
2753 1845 2840 1897 ἀεὶ
2875 1844 3060 1907 ὅντοςς
3085 1842 3208 1903 ua»;
3240 1841 3297 1892 δὲ
3347 1842 3381 1909 ἡ
3421 1837 3685 1908 βούλησις

2104 1937 2342 2006 χωρήσει
2369 1936 2594 2005 μεταξὺ,
2620 1936 2695 2006 μὴ
2730 1935 2857 1989 ὄντα
2886 1933 3016 1987 ποτὲ
3038 1933 3130 1985 τὸν
3173 1932 3300 1984 Υίδν
3323 1930 3682 1997 εἰσφέρουσα,

2102 2024 2194 2077 τὸν
2221 2025 2302 2095 τῷ
2315 2028 2634 2096 γεννήσαντι
2663 2024 2931 2078 συναῖδιον
2968 2023 3044 2088 ὡς
3082 2021 3274 2091 σοφίαν
3303 2019 3504 2083 αὐτοῦ;

2789 2298 2993 2351 AAAO.

2171 2411 2235 2464 Εἰ
2278 2413 2598 2482 προηγεῖται
2640 2410 2896 2482 βούλησις
2940 2408 3036 2463 τοῦ
3098 2408 3254 2473 Υεοῦ,
3305 2409 3363 2461 ὲν
3416 2404 3592 2476 χρόνῳ
3623 2403 3686 2457 δὲ

2101 2503 2314 2572 ἀνάγκη
2342 2503 2441 2575 τὴν
2475 2503 2605 2574 περὶ
2633 2502 2803 2557 αὐτοῦ
2832 2500 3088 2571 γενέσθαι
3117 2501 3328 2571 σκέψιν,
3360 2499 3455 2552 καὶ
3496 2498 3545 2549 εί
3588 2514 3677 2567 μι-

2102 2597 2234 2669 κρός
2258 2613 2343 2660 τις
2392 2597 2476 2666 εἴη
2529 2596 2624 2650 καὶ
2649 2595 2771 2649 λίαν
2815 2594 3043 2666 βραχὺς,
3104 2593 3221 2657 πῶς
3263 2592 3417 2645 ἔσται
3459 2589 3685 2643 πάντων

2100 2689 2364 2759 ποιητής;
2396 2688 2468 2740 Ἢ
2502 2686 2620 2750 πῶς
2668 2686 2995 2757 πιστεύομεν
3029 2688 3095 2757 τῇ
3127 2686 3350 2755 Γραφῇ,
3400 2682 3576 2735 πάντα
3610 2679 3684 2734 δι’

2100 2778 2265 2833 αὑτοῦ
2296 2777 2549 2847 γενέσθαι
2580 2776 2851 2848 levatio“;
2890 2777 3062 2831 Ὅπου
3106 2775 3214 2846 πρὸ
3234 2772 3396 2828 αὑτοῦ
3430 2771 3693 2840 φαίνεται

2102 2872 2312 2942 χρόνος,
2344 2871 2467 2925 καθ’
2487 2870 2545 2922 ὃν
2578 2871 2611 2940 ή
2638 2869 2770 2940 περὶ
2806 2867 2975 2923 αὑτοῦ
3003 2869 3195 2937 γέγονε
3250 2864 3521 2936 βούλησις,
3543 2862 3685 2934 χρό-

2102 2981 2207 3019 νων
2226 2964 2326 3017 οὐκ
2353 2963 2521 3017 όντων
2550 2962 2653 3033 πρὸ
2673 2959 2838 3014 αὑτοῦ
2862 2976 2878 3022 ;

2788 3072 2975 3130 ΑΛΛΟ

2310 3188 2407 3252 Ὡς
2442 3188 2510 3253 ἐξ
2552 3187 2908 3253 ἀντιθέσεως
2942 3185 3064 3240 τῶν
3111 3183 3438 3254 αἰρετικῶν.

2172 3280 2235 3333 El
2270 3279 2343 3351 μὴ
2376 3279 2649 3350 βουλήσει,
2705 3279 2861 3350 φησὶ,
2908 3278 3131 3347 γέγονεν
3157 3280 3185 3330 6
3222 3277 3351 3339 Υἱὸς
3381 3274 3472 3328 τοῦ
3518 3274 3687 3341 Θεοῦ,

2100 3368 2159 3435 ἐξ
2199 3369 2445 3437 ἀνάγκης
2475 3368 2583 3440 ἄρα
2608 3370 2704 3423 καὶ
2746 3367 2822 3439 μὴ
2855 3367 3024 3420 θέλων
3051 3366 3209 3437 ἔσχεν
3253 3366 3380 3418 Υίὸν
3410 3367 3438 3417 6
3464 3364 3685 3434 Πατήρ.

2099 3460 2210 3515 Καὶ
2229 3460 2314 3521 τίς
2349 3462 2379 3512 6
2431 3459 2632 3530 μείζων
2667 3458 2835 3513 αὑτοῦ
2885 3459 2980 3511 καὶ
3022 3459 3122 3528 τὴν
3171 3457 3415 3526 ἀνάγκην
3467 3455 3688 3517 ἐπιθεὶς

2099 3548 2277 3619 αὐτῷ;
2310 3549 2392 3603 Τὰ
2446 3550 2555 3619 γὰρ
2596 3550 2749 3621 παρὰ
2796 3549 3025 3621 γνώμην
3084 3550 3570 3619 ὲπισυμὸαίνοντα,
3624 3549 3691 3613 ἐξ

2099 3643 2347 3713 ἀνάγκης
2375 3642 2604 3710 γίνεται.

2576 3772 2736 3841 Πρὸς
2768 3772 2951 3827 ταῦτα
2980 3773 3182 3838 λύσις.

2182 3905 2610 3975 Ἀντερωτητέον
2640 3907 2766 3968 τοὺς
2786 3906 3210 3977 χριστομάχους,
3242 3908 3335 3959 καὶ
3364 3906 3429 3960 δι’
3452 3898 3527 3959 ὧν
3547 3907 3689 3977 ἡμῖν

2100 3996 2476 4066 προτείνουσιν
2510 3996 2759 4065 ἀμαθῶς,
2799 3997 2886 4049 διὰ
2908 3998 3113 4049 τούτων
3149 4000 3332 4061 αὐτοῖς
3366 4000 3688 4068 ὑπαντήσω-

2102 4105 2222 4160 μεν,
2252 4087 2351 4158 τὴν
2381 4087 2503 4158 ἴσην
2540 4090 2936 4158 άντεπάγοντες
2962 4091 3246 4161 πρότασιν.
3292 4092 3491 4143 Εἴπατε
3521 4093 3686 4161 ἡμῖν’

2112 4182 2339 4250 Ἀγαθός
2361 4182 2642 4252 καὶοξκτίρ
2652 4200 2788 4251 μων,
2808 4181 3053 4253 ἐλεήμων
3079 4200 3135 4236 τε
3160 4184 3253 4236 καὶ
3278 4185 3433 4251 ἅγιος
3458 4185 3522 4236 ἐκ
3550 4183 3686 4252 βου-

2098 4272 2305 4343 λήσεώς
2331 4274 2478 4325 ἐστιν
2502 4275 2530 4325 ὁ
2552 4274 2701 4337 Θεὸς,
2732 4275 2934 4345 ἢπαρὰ
2958 4275 3241 4347 βούλησιν;
3281 4276 3337 4328 Εἰ
3366 4278 3462 4346 μὲν
3488 4272 3584 4329 οὖν
3619 4279 3689 4329 ἐκ

2103 4362 2424 4434 βουλήσεως,
2453 4366 2484 4434 ἡ
2515 4364 2571 4417 δὲ
2603 4364 2854 4435 βούλησις
2880 4368 3170 4437 προτρέχει
3204 4368 3419 4430 πάντως
3452 4368 3689 4420 ἐκείνων

424 4438 621 4507 quibus
643 4437 736 4503 Iit,
770 4448 889 4493 erat
935 4439 1117 4508 itaque
1166 4450 1377 4510 tempus
1427 4442 1642 4510 quando
1696 4442 1837 4497 Deus
1886 4443 1999 4497 haec

2115 4458 2230 4528 περὶ
2263 4450 2336 4509 ὧν
2362 4457 2702 4525 καὶγίνεται,
2727 4455 2792 4529 ἦν
2816 4459 2926 4530 ἄρα
2956 4462 3147 4531 χρόνος
3174 4463 3263 4514 ὅτε
3286 4463 3383 4514 οὐκ
3406 4457 3473 4532 ἦν
3504 4461 3689 4515 ταῦτα

426 4545 532 4585 non
567 4541 709 4594 erat,
739 4548 863 4587 cum
901 4533 1155 4587 nimirum
1176 4533 1348 4588 adhuc
1371 4534 1438 4589 de
1462 4534 1529 4589 iis
1557 4533 1908 4589 deliberabat.
1940 4536 1995 4589 Si

427 4636 556 4677 vero
587 4633 783 4693 praeter
806 4624 1140 4679 voluntatem
1170 4640 1325 4680 suam
1354 4625 1530 4682 bonus
1561 4637 1646 4681 est
1697 4635 1750 4681 et
1783 4626 1998 4681 miseri-

427 4727 573 4778 cors,
598 4730 730 4784 ergo
754 4716 1079 4771 necessitate
1111 4717 1343 4785 quadam
1368 4717 1422 4772 id
1460 4726 1564 4772 est.
1601 4716 1733 4785 Quis
1761 4732 1888 4774 vero
1914 4728 2001 4774 est

428 4803 522 4872 qui
572 4805 619 4859 ei
672 4806 1046 4861 necessitatem
1102 4815 1196 4862 aut
1239 4808 1348 4862 vim
1407 4807 1626 4875 inierat,
1659 4818 1716 4864 ιιι
1741 4825 1834 4867 vos
1894 4810 1998 4880 ipsi

428 4896 749 4964 loquimini?
798 4897 1020 4953 Constat
1071 4899 1236 4969 igitur
1284 4901 1705 4970 propositionem
1759 4913 1998 4959 vestram

428 4990 712 5051 dementia:
739 4989 951 5060 plenam
976 5005 1122 5059 esse,
1147 4992 1386 5063 nihilque
1404 4993 1530 5049 boni
1567 4993 1791 5051 inferre.

775 5122 1004 5191 ALIUD,
1040 5126 1109 5179 ad
1132 5142 1204 5180 rei
1235 5126 1658 5196 explicationem.

496 5239 553 5293 In
582 5240 745 5294 rebus
768 5239 1106 5295 naturalibus
1158 5254 1261 5295 non
1326 5240 1582 5310 prmcedit
1627 5242 1997 5299 deliberatio:

428 5339 674 5386 versatur
688 5332 833 5387 enim
867 5342 1075 5388 tantum
1102 5335 1248 5390 circa
1273 5347 1337 5389 ea
1366 5350 1488 5405 qua:
1538 5345 1667 5389 sunt
1723 5346 1875 5390 extra
1901 5339 1997 5391 de-

431 5418 712 5477 tiberantis
736 5422 1049 5478 essentiam.
1081 5422 1330 5494 Exempli
1363 5426 1538 5495 gratia
1566 5441 1585 5481 :
1645 5424 1861 5482 Plantat
1900 5428 2001 5482 ali-

429 5513 554 5579 quis
577 5513 765 5581 vitem,
795 5525 888 5569 aut
924 5516 1102 5570 navim
1137 5518 1390 5584 aediﬁcat,
1416 5517 1568 5587 prius
1599 5519 1665 5572 de
1704 5518 1772 5574 iis
1792 5519 1997 5575 delibe-

431 5618 592 5656 rans:
630 5603 866 5674 gignitur
888 5615 1064 5661 autem
1096 5606 1414 5662 naturaliter
1444 5620 1508 5660 ex
1535 5606 1751 5661 homine
1795 5609 1998 5678 proles,
2051 5616 2057 5622 ‘

436 5691 579 5747 nulla
619 5694 954 5762 praecedente
979 5696 1386 5754 deliberatione.
1420 5694 1477 5751 Si
1505 5694 1627 5762 quis
1659 5696 1821 5766 igitur
1876 5698 1995 5754 for-

2101 4549 2253 4613 Θεὸς,
2270 4548 2456 4620 ἔτιτὴν
2469 4550 2598 4620 περὶ
2613 4549 2791 4603 αὐτῶν
2808 4552 3000 4621 σκέψιν
3016 4552 3356 4623 ποιούμενος.
3376 4553 3501 4605 Εἱδὲ
3516 4552 3687 4605 ἀδου-

2100 4638 2274 4709 λήτως
2310 4639 2512 4706 ἀγαθός
2550 4641 2668 4692 ἐστι
2700 4641 2792 4692 καὶ
2842 4640 3088 4711 ἐλεήμων
3120 4642 3271 4711 παρὰ
3300 4643 3544 4711 γνώμην,
3567 4642 3688 4712 ἄρα

2100 4730 2257 4782 τοῦτό
2292 4734 2407 4784 ἐστι
2471 4733 2563 4784 καὶ
2597 4730 2659 4796 ἐξ
2707 4732 2973 4802 ἀνάγκης.
3036 4734 3144 4786 Καὶ
3178 4734 3259 4797 τίς
3304 4736 3449 4785 ἐστιν
3501 4735 3529 4784 ό
3578 4735 3688 4804 τὴν

2100 4822 2345 4892 ἀνάγκην
2382 4822 2588 4885 ἐπιθεὶς
2616 4824 2785 4894 αὐτῷ,
2843 4824 2967 4876 καθ’
2987 4824 3168 4895 ὑμῶν;
3198 4825 3475 4877 Δέδεικται
3497 4824 3689 4876 τοίνυν

2104 4915 2311 4985 μωρίας
2332 4916 2634 4985 ἀνάμεστος
2666 4918 2699 4985 ή
2726 4917 2855 4987 παρ’
2874 4918 3017 4987 ὑμᾶς
3048 4917 3330 4987 πρότασις,
3354 4917 3447 4970 καὶ
3474 4916 3690 4983 ἀγαθὸν

2100 5006 2250 5059 οὐδὲν
2280 5007 2610 5077 εἰσφέρουσα
2646 5009 2845 5079 νόημα.

2537 5136 2741 5200 AAAO,
2773 5135 3228 5206 διηγηματικῶς.

2184 5251 2305 5303 Ἐπὶ
2358 5250 2466 5304 τῶν
2515 5251 2654 5304 κατὰ
2718 5250 2879 5319 φύσιν
2917 5252 2978 5304 οὐ
3037 5254 3357 5321 προηγεῖται
3398 5251 3687 5322 βούλησις,

2102 5346 2271 5414 χωρεῖ
2306 5344 2363 5396 δὲ
2399 5342 2557 5413 μόνον
2602 5343 2697 5396 ἐπὶ
2749 5343 2859 5397 τῶν
2924 5343 3122 5411 ἔξωθεν
3152 5345 3253 5413 τῆς
3286 5345 3473 5408 οὐσίας
3506 5346 3688 5399 ὄντων

2100 5435 2193 5487 τοῦ
2245 5435 2652 5505 βουλευομένου.
2676 5430 2800 5490 Οἷον
2842 5437 2971 5507 φέρε
3000 5438 3191 5490 εἰπεῖν·
3236 5438 3556 5508 Ἀμπελῶνὰ
3592 5457 3689 5503 τις

2103 5526 2399 5595 φυτεύει,ἦ
2443 5530 2800 5597 ναυπηγεῖται
2829 5528 3056 5596 σκάφος,
3080 5527 3505 5597 βουλευσάμενος
3536 5532 3685 5600 πρό-

2101 5634 2258 5688 τερον
2290 5619 2417 5689 περὶ
2442 5618 2644 5671 αὐτῶν
2701 5617 2945 5671 τίκτεται
3004 5618 3060 5669 δὲ
3126 5618 3266 5670 κατά
3326 5619 3488 5686 φύσιν
3520 5618 3581 5669 τὸ
3621 5620 3687 5685 ἐξ

2102 5706 2395 5775 ἀνθρώπου
2432 5706 2660 5771 παιδίον,
2679 5706 2933 5777 οὐδεμιᾶς
2954 5706 3309 5777 ήγησαμένης
3341 5707 3682 5777 βουλήσεως.
