3876 6208
259 274 330 334 89
1664 278 2112 339 THESAURUS.
3453 276 3532 335 90

256 397 327 450 Ετ
352 413 437 461 τις
464 390 558 450 οὖν
580 396 729 465 λέγοι
757 399 918 468 τυχὸν
944 400 1036 453 ἐπί
1065 417 1209 464 τινος
1262 398 1371 453 τῶν
1422 400 1728 472 ἀνθρώπων
1757 401 1840 453 ὃτι

1962 413 2094 454 ,εσσε
2158 399 2304 455 dicat
2381 400 2447 455 de
2509 398 2690 468 aliquo
2756 397 3036 456 hominum
3097 395 3241 465 quod
3326 404 3525 464 prater

259 490 413 557 παρὰ
471 488 728 560 βούλησιν
778 491 937 564 ἔσχεν
983 492 1097 545 υἱὸν
1125 534 1139 554 ,
1186 492 1261 564 μὴ
1306 494 1467 557 εὐθὺς
1519 495 1613 546 ἐπὶ
1674 493 1734 546 τὸ
1781 492 1839 557 ἐξ

260 579 507 650 ἀνάγκης
543 580 806 650 τρεχέτω·
842 582 902 634 οὑ
932 581 1042 653 γὰρ
1081 583 1146 637 ἐκ
1179 602 1325 648 τινος
1361 585 1608 656 ἀνάγκης
1639 585 1797 655 ἔσχεν
1821 601 1834 614 ·

255 670 371 723 ἀλλ’
405 672 586 741 δράτω
612 673 814 741 μᾶλλον
842 674 924 727 ὅτι
954 676 1061 745 τῶν
1088 677 1151 729 ὲκ
1180 676 1392 745 φύσεως
1415 678 1475 729 οὑ
1508 679 1835 749 προηγεῖται

257 761 533 832 βούλησις.
580 764 755 818 Ἐκὼν
776 768 885 838 γάρ
911 784 996 833 τις
1051 770 1232 839 γεννᾷ,
1276 768 1531 839 οὐδεμιᾶς
1559 770 1688 840 περὶ
1720 770 1842 823 τού-

252 870 348 905 του
377 856 798 928 προηγουμένης
831 858 1159 928 βουλήσεως.
1201 860 1454 930 Θελητῶς
1493 858 1586 915 οὖν
1611 861 1719 933 ἄρα
1746 861 1843 916 καὶ

254 946 572 1017 ἀϐουλήτως
593 948 828 1021 ὑπάρχει
853 953 946 1006 καὶ
967 954 995 1005 6
1020 952 1193 1021 Λόγος
1233 955 1289 1007 ἐν
1325 954 1403 1023 τῷ
1424 954 1620 1027 Πατρὶ,
1654 953 1843 1027 ῶσπερ

254 1040 406 1093 ἐστὶν
433 1042 491 1093 ὲν
524 1042 795 1114 ἀνθρώπῳ
821 1045 881 1098 τὸ
905 1044 962 1111 ἐξ
994 1046 1192 1100 ἑαυτοῦ
1227 1046 1461 1101 παιδίον.

949 1252 1156 1306 ΛΛΛΟ.

335 1360 397 1414 Εἰ
429 1362 570 1416 κατὰ
604 1362 764 1431 φύσιν
797 1364 1000 1430 ἀγαθός
1050 1366 1199 1418 ἐστιν
1229 1367 1256 1419 6
1286 1365 1418 1429 Θεὸς
1464 1368 1558 1421 καὶ
1614 1366 1804 1437 Πατὴρ
1828 1405 1845 1431 ,

259 1454 361 1508 οὑκ
389 1455 453 1507 ὲκ
479 1454 805 1526 βουλήσεως,
844 1459 932 1511 ἵνα
966 1458 1042 1528 μὴ
1087 1458 1349 1529 φαίνηται
1388 1460 1599 1530 χρόνος,
1629 1461 1718 1514 ὅτε
1746 1462 1849 1514 οὑκ

257 1542 329 1618 ἧν
351 1546 530 1611 τοῦτο,
573 1546 694 1601 καθ’
749 1547 809 1601 ὃν
838 1545 906 1620 ἦν
940 1550 1215 1622 βούλησις,
1263 1551 1323 1603 οὑ
1383 1550 1641 1623 βουλήσει
1684 1553 1849 1622 γεννᾷ

256 1640 352 1691 τὸν
390 1639 552 1705 Υἰὸν,
595 1640 732 1695 ἀλλὰ
781 1640 963 1709 φύσει.
1002 1642 1211 1713 Πρέπει
1272 1642 1380 1715 γὰρ
1435 1644 1637 1715 μᾶλλον
1690 1643 1851 1698 τοῦτο

255 1730 431 1802 αὑτῷ.

957 1848 1164 1902 AAAO.

340 1960 677 2033 Ἐρωτητέον
715 1964 842 2025 τοὺς
888 1963 1312 2035 χριστομάχους,
1344 1964 1393 2015 εἰ
1445 1961 1609 2025 αὑτὸς
1655 1963 1684 2014 6
1741 1958 1837 2012 τοῦ

255 2053 434 2121 Λόγου
469 2054 661 2125 Πατὴρ
691 2057 754 2107 ὲκ
783 2055 1091 2126 βουλήσεως
1119 2055 1377 2125 ὑπάρχει,
1406 2054 1439 2125 ἢ
1470 2052 1620 2124 παρὰ
1655 2050 1848 2121 βούλη-

256 2163 346 2200 σιν
370 2144 589 2201 ἑαυτοῦ.
644 2148 707 2199 Εἰ
740 2147 839 2215 μὲν
866 2144 959 2201 οὖν
990 2151 1054 2201 ἐκ
1104 2148 1431 2219 βουλήσεως,
1482 2145 1844 2218 προηγεῖσθαι

255 2238 315 2291 δὲ
339 2238 553 2308 ἀνάγκη
586 2240 687 2309 τῆς
743 2240 1031 2311 ὑπάρξεως
1075 2239 1176 2311 τὴν
1230 2240 1507 2310 βούλησιν,
1563 2237 1754 2292 σιωπῶ
1782 2239 1846 2291 τὸ

255 2328 560 2399 δύσφημον·
584 2332 631 2383 εἰ
654 2328 710 2383 δὲ
736 2332 888 2401 παρὰ
913 2331 1187 2402 βούλησιν,
1208 2330 1265 2396 ἐξ
1292 2331 1536 2400 ἀνάγκης
1557 2330 1664 2400 ἄρα
1687 2328 1847 2382 τοῦτό

257 2423 426 2486 ἐστιν,
465 2423 601 2494 ὅπερ
638 2423 895 2495 ὑπάρχει.
930 2424 1038 2477 Καὶ
1068 2423 1152 2487 τίς
1176 2426 1204 2477 6
1242 2424 1340 2493 τὴν
1363 2424 1611 2491 ἀνάγκην
1637 2422 1846 2484 ἐπιθεὶς

258 2515 449 2583 αὑτῷς
486 2516 548 2569 Εἰ
571 2517 628 2570 δὲ
668 2518 903 2589 ὑπάρχει
938 2517 1038 2588 μὲν
1076 2520 1104 2571 6
1148 2516 1358 2587 Πατὴρ,
1406 2516 1506 2568 οὑκ
1555 2516 1618 2569 ὲκ
1648 2514 1847 2586 βουλή-

261 2624 403 2672 σεως
428 2610 504 2672 δὲ,
527 2608 649 2663 οὔτε
682 2611 789 2681 μὴν
821 2610 973 2681 παρὰ
1002 2609 1278 2680 βούλησιν,
1311 2612 1339 2663 ὁ
1382 2608 1547 2671 αὐτὸς
1574 2608 1846 2677 κρατείτω

257 2701 413 2771 λόγος
445 2703 900 2773 ἀπεριεργὰστως
930 2704 1024 2757 καὶ
1085 2704 1171 2773 ἐφ’
1196 2702 1350 2755 Υἱοῦ.
1406 2700 1712 2765 Ἑξετάζειν
1740 2702 1847 2770 γὰρ

255 2797 329 2851 τά
363 2795 588 2849 τοιαῦτα
618 2797 1004 2867 ῥιψοκινδύνως
1025 2797 1124 2850 οὐκ
1148 2793 1463 2848 ἀκόλουθον.
1491 2793 1610 2861 Χρὴ
1635 2791 1689 2843 δὲ
1722 2792 1850 2861 μᾶλ-

254 2889 350 2943 λον
367 2889 665 2952 ἀκούοντας
700 2891 829 2962 περὶ
858 2889 995 2943 Θεοῦ
1045 2889 1266 2947 εἰδέναι,
1294 2890 1377 2941 ὅτι
1424 2887 1587 2948 αὑτός
1617 2887 1765 2937 ἐστιν
1816 2888 1847 2938 ὁ

253 2982 364 3051 ὢν,
392 2984 493 3038 οὑκ
547 2984 725 3055 ἀρχήν
757 3001 878 3036 τινα
922 2983 1013 3036 τοῦ
1072 2979 1213 3036 εἶναι
1263 2981 1466 3045 λαϐὼν,
1519 2978 1633 3032 ἀλλ’
1684 2977 1848 3041 αὐτὸς

254 3077 370 3139 τοῖς
401 3075 581 3139 ἄλλοις
606 3075 752 3148 ἀρχὴ
783 3075 876 3128 τοῦ
912 3070 1051 3129 εἶναι
1081 3075 1387 3145 γενόμενος.

722 3279 929 3343 ΛΛΛΟ,
959 3276 1418 3347 διηγηματικῶς.

335 3394 572 3446 ’Ἄτοπον
602 3392 810 3463 σφόδρα
846 3394 938 3446 καὶ
972 3393 1309 3446 ἐπικίνδυνον
1360 3394 1444 3462 ἐφ’
1487 3392 1618 3446 Υἱοῦ
1670 3393 1852 3457 λέγειν

257 3485 344 3548 τὺ,
374 3486 632 3555 Βουλήσει
658 3485 767 3556 ἄρα
795 3485 828 3555 ἢ
864 3486 1013 3555 παρὰ
1038 3484 1295 3556 βούλησιν
1334 3485 1623 3556 ἐγεννήθη.
1644 3486 1703 3538 '0
1743 3486 1851 3557 γὰρ

257 3577 363 3630 οὐκ
383 3577 448 3629 ἐκ
476 3575 783 3647 βουλήσεως
819 3577 1081 3647 ὑπάρχων
1113 3575 1268 3639 Θεὸς,
1299 3576 1402 3630 οὑκ
1432 3579 1495 3629 ὲκ
1544 3575 1852 3647 βουλήσεως

261 3666 377 3735 ἔχει
413 3666 505 3719 τὸν
562 3666 627 3717 ὲκ
668 3666 765 3735 τῆς
816 3664 1005 3728 οὐσίας
1065 3664 1230 3718 αὑτοῦ
1290 3665 1628 3737 προελθόντα
1659 3665 1849 3734 Λόγον,

260 3757 403 3813 ἀλλὰ
440 3756 708 3826 φυσικῶς.
751 3758 849 3827 Εῐη
886 3757 993 3829 γὰρ
1021 3757 1117 3811 καὶ
1146 3754 1319 3821 οὕτως
1349 3757 1515 3810 εἰκὼν
1538 3756 1705 3810 αὑτοῦ
1758 3756 1853 3810 καὶ

260 3850 553 3922 χαρακτὴρ
582 3850 643 3903 οὑ
671 3850 1080 3920 διεψευσμένος.

954 3963 1161 4018 ΑΛΛΟ.

334 4072 400 4125 Εἰ
430 4071 683 4143 βούλησις
714 4073 807 4128 καὶ
830 4074 1019 4144 σκέψις
1054 4078 1381 4146 προηγεῖται
1418 4076 1519 4145 τῆς
1561 4074 1852 4148 ὑπάρξεως

261 4164 359 4217 τοῦ
390 4164 542 4230 Υἱοῦ,
575 4165 681 4220 ὁδὲ
711 4165 841 4230 Υἱὸς
870 4168 1030 4235 σοφία
1086 4168 1179 4220 καὶ
1227 4169 1400 4236 Λόγος
1446 4169 1562 4221 ἐστὶ
1600 4165 1695 4219 τοῦ
1744 4168 1854 4220 Ποι-

262 4261 417 4331 τρὸς,
445 4259 564 4323 πῶς
592 4258 842 4312 ὲὸούλετο
860 4261 889 4312 ό
912 4260 1044 4324 Θεὸς
1066 4260 1259 4330 ἄλογός
1287 4279 1346 4314 τε
1373 4262 1465 4315 καὶ
1520 4262 1722 4331 ἄσοφος
1751 4261 1850 4328 ὢν,

265 4352 391 4407 καθ’
419 4354 598 4424 ὑμᾶς;
630 4352 798 4406 Οὑπω
827 4353 937 4425 γὰρ
967 4348 1035 4424 ἦν
1055 4356 1083 4407 ὁ
1113 4354 1259 4417 Υἱὸς,
1296 4355 1377 4408 ἔτι
1401 4356 1502 4426 τῆς
1527 4358 1657 4427 περὶ
1680 4354 1849 4409 αὑτοῦ

265 4445 562 4515 γινομένης
617 4444 879 4514 σκέψεως.
939 4445 1062 4510 Πῶς
1098 4445 1156 4499 δὲ
1186 4448 1287 4500 οὑκ
1340 4447 1540 4501 ἄτοπον
1571 4448 1846 4519 εἰσφέρειν

1944 494 2275 549 voluntatem
2338 492 2506 548 ﬁlium
2573 494 2784 558 habuit,
2851 506 2920 549 ne
2975 490 3161 544 statim
3212 486 3277 544 ad
3332 502 3522 544 neces-

1942 586 2160 647 sitatem
2225 585 2507 656 confugiat
2554 604 2567 639 :

1943 679 2092 746 huit,
2146 677 2238 733 sed
2299 679 2482 748 potius
2533 678 2834 749 intelligat,
2888 678 2942 731 in
3016 673 3353 731 naturalibus
3420 687 3528 726 non

1944 771 2247 844 praecedere
2279 770 2744 826 deliberationem.
2804 768 3010 839 Sponte
3059 767 3207 822 enim
3256 765 3529 835 quispiam

1943 874 2185 936 generat,
2205 864 2346 918 nulla
2374 863 2768 918 deliberatione
2792 861 3157 932 praecedente.
3190 857 3395 927 Sponte
3419 856 3529 928 igi-

2638 600 2816 655 neque
2871 584 3017 640 enim
3072 581 3384 638 necessario
3438 581 3530 634 ha-

1947 969 2035 1014 tur
2058 968 2115 1015 et
2139 959 2279 1014 citra
2334 957 2785 1013 deliberationem
2825 967 2907 1012 est
2949 953 3185 1011 Verbum
3240 954 3296 1009 in
3345 949 3528 1014 Pa'tre,

1946 1052 2398 1124 quemadmodum
2431 1059 2515 1106 est
2554 1050 2608 1106 in
2643 1049 2863 1106 homine
2883 1048 3000 1116 ejus
3035 1046 3238 1102 nroles.

2630 1241 2862 1302 ALIUD.

2022 1363 2077 1417 Si
2113 1360 2433 1416 naturaliter
2455 1361 2631 1417 bonus
2662 1371 2747 1417 est
2796 1362 2941 1417 Deus
2990 1375 3052 1414 ac
3077 1359 3257 1420 Pater,
3288 1377 3394 1413 non
3462 1373 3527 1413 ex

1950 1456 2243 1523 voluntate,
2274 1470 2341 1511 ne
2363 1454 2610 1509 videatur
2626 1453 2846 1524 aliquod
2875 1460 3088 1523 tempus
3125 1452 3292 1506 Iuisse
3319 1455 3536 1521 quando

1951 1550 2053 1606 hoc
2084 1550 2258 1618 ipsum
2298 1562 2403 1603 non
2432 1548 2647 1611 erat,in
2671 1562 2780 1616 quo
2814 1544 2980 1602 ﬁebat
3014 1544 3358 1607 deliberatio,
3424 1558 3530 1597 non

1951 1641 2226 1697 voluntate
2251 1648 2474 1708 generat
2506 1638 2725 1704 Filium,
2754 1638 2849 1694 sed
2881 1644 3099 1694 natura.
3134 1635 3248 1691 Hoc
3285 1636 3430 1690 enim
3482 1634 3533 1689 ei

1882 1761 1923 1817 Β
1953 1734 2360 1791 convenientius
2387 1741 2490 1789 est.

2620 1844 2852 1901 ALIUD.

2010 1961 2381 2032 Interrogandi
2417 1970 2544 2016 sunt
2573 1961 2759 2015 hostes
2793 1956 3024 2021 Christi,
3059 1972 3190 2011 num
3236 1957 3353 2025 ipse
3376 1953 3537 2009 Verbi

1946 2058 2108 2113 Pater
2143 2058 2417 2111 voluntate
2445 2056 2697 2119 exsistat,
2732 2070 2799 2107 an
2842 2063 3039 2122 praeter
3083 2068 3237 2107 suam
3292 2051 3538 2105 volunta~

1952 2151 2095 2204 tem?
2124 2149 2254 2203 Nam
2287 2152 2330 2202 si
2362 2163 2429 2202 ex
2464 2146 2766 2208 voluntate,
2798 2154 2854 2199 et
2888 2159 3113 2199 necesse
3156 2154 3239 2198 est
3292 2143 3540 2198 volunta-

1950 2252 2056 2297 tem
2092 2242 2328 2310 priorem
2359 2238 2528 2293 fuisse
2564 2237 2904 2299 exsistentia,
2965 2244 3120 2289 taceo
3145 2233 3539 2303 blasphemiam

1948 2349 2069 2406 qua:
2097 2332 2221 2387 inde
2248 2314 2542 2402 sequetur;
2566 2330 2609 2383 si
2642 2339 2840 2398 praeter
2859 2328 3217 2389 voluntatem,
3248 2340 3315 2379 ex
3347 2338 3540 2378 neces.

1948 2428 2108 2483 silate
2140 2426 2306 2492 igitur
2333 2433 2419 2478 est
2467 2422 2519 2477 id
2546 2422 2688 2490 quod
2741 2431 2847 2476 est.
2884 2421 2956 2474 At
2979 2419 3103 2488 quis
3150 2419 3199 2472 ei
3241 2420 3541 2471 necessita-

1950 2530 2058 2576 tem
2087 2517 2372 2589 imposuit?
2395 2515 2504 2587 54
2538 2517 2593 2571 Si
2616 2530 2742 2569 vero
2800 2512 3019 2568 exsistit
3082 2511 3300 2581 quidem
3354 2508 3537 2571 Pater,

1948 2627 2124 2681 neque
2149 2626 2216 2665 ex
2246 2611 2544 2673 voluntate,
2586 2622 2760 2675 neque
2807 2616 3007 2675 praeter
3060 2603 3420 2669 voluntatem,
3448 2616 3542 2657 ea-

1950 2706 2070 2761 dem
2104 2716 2237 2756 sane
2277 2702 2415 2757 ratio
2441 2700 2685 2755 obtineat
2713 2697 2949 2752 etiamin
2978 2696 3135 2751 Filio.
3180 2695 3363 2764 Neque
3395 2695 3541 2750 enim

1951 2794 2065 2849 haec
2107 2793 2268 2848 nimis
2311 2792 2568 2848 audacter
2599 2802 2654 2844 et
2684 2790 2979 2844 temerarie
3026 2788 3350 2857 inquirenda
3392 2793 3539 2840 sunt.

1952 2887 2065 2942 Hoc
2096 2901 2222 2940 vero
2247 2886 2443 2954 potius,
2468 2898 2595 2939 cum
2629 2883 2695 2937 de
2718 2883 2827 2936 Deo
2865 2882 3070 2951 agitur,
3110 2878 3404 2933 tenendum
3430 2888 3541 2943 est,

1953 2979 2126 3047 ipsum
2149 2990 2269 3031 esse
2292 2977 2381 3045 qui
2405 2986 2502 3038 est,
2536 2974 2739 3043 quique
2773 2972 2979 3026 nullum
3020 2973 3184 3026 habet
3239 2969 3542 3027 exsistendi

1960 3070 2308 3139 principium,
2334 3068 2430 3124 sed
2456 3067 2680 3137 reliquis
2716 3066 2975 3122 omnibus
3040 3064 3257 3121 essendi
3316 3063 3538 3120 initium

1886 3155 1928 3211 C
1961 3162 2128 3218 dedit.

2298 3274 2532 3339 ALIUD,
2560 3275 2630 3327 ad
2657 3274 2732 3328 rei
2757 3272 3187 3343 explicationem.

2023 3391 2331 3445 Absurdum
2354 3398 2411 3444 et
2439 3388 2798 3459 periculosum
2824 3396 2909 3443 est
2929 3387 2995 3442 de
3015 3386 3153 3441 Filio
3203 3387 3385 3443 dicere
3416 3402 3428 3439 :
3464 3386 3545 3441 Ex

1955 3484 2234 3539 voluntate
2254 3492 2349 3537 aut
2391 3491 2591 3552 pratter
2650 3482 2984 3536 voluntatem
3038 3479 3214 3535 factus
3268 3490 3373 3537 est.
3442 3479 3544 3545 Qui

1953 3576 2098 3632 enim
2126 3592 2229 3631 non
2259 3590 2325 3629 ex
2359 3574 2640 3628 voluntate
2669 3572 2890 3629 exsistit
2916 3570 3086 3636 Deus,
3121 3586 3226 3625 non
3260 3585 3323 3625 ex
3350 3569 3549 3624 volun-

1957 3680 2068 3724 tate
2090 3670 2245 3723 habet
2286 3668 2517 3722 Verbum
2542 3671 2781 3738 quodex
2822 3665 2942 3734 ejus
2976 3664 3215 3718 essentia
3259 3663 3547 3731 processit,

1955 3763 2048 3818 sed
2092 3760 2433 3816 naturaliter.
2473 3759 2550 3813 Ita
2575 3759 2720 3814 enim
2757 3757 2939 3828 imago
2964 3754 3084 3826 ejus
3141 3763 3197 3810 et
3251 3755 3546 3809 character

1956 3868 2082 3910 vere
2118 3851 2279 3909 fuerit
2312 3853 2383 3908 ⁷⁸.

2627 3959 2858 4017 ALIUD.

2028 4076 2085 4131 Si
2120 4077 2371 4131 voluntas
2402 4086 2457 4130 et
2495 4075 2816 4130 deliberatio
2847 4073 2971 4129 Filii
3008 4071 3384 4128 exsistentiam
3417 4085 3553 4139 prae-

1960 4171 2125 4236 cedit,
2164 4167 2332 4223 Filius
2364 4179 2548 4223 autem
2577 4166 2945 4235 estsapientia
2974 4179 3029 4219 et
3079 4162 3314 4218 Verbum
3350 4162 3554 4226 Patris,

1955 4277 2065 4330 quo
2107 4270 2265 4331 pacto
2294 4260 2614 4315 deliberavit
2669 4258 2851 4322 Pater,
2914 4255 3096 4312 Verbo
3154 4266 3209 4311 et
3263 4254 3551 4326 sapientia,

1952 4354 2110 4424 juxta
2149 4362 2393 4408 vestram
2428 4353 2777 4415 sententiam,
2798 4350 3031 4405 carens?
3058 4346 3243 4418 Neque
3277 4348 3422 4401 enim
3447 4346 3550 4401 ad-

1961 4446 2064 4500 huc
2086 4454 2201 4498 erat
2226 4443 2418 4509 Filius,
2444 4458 2566 4498 cum
2602 4443 2779 4497 adhuc
2792 4442 2857 4495 de
2884 4454 2949 4494 eo
2976 4439 3387 4494 deliberaretur.
3432 4436 3551 4505 Quo

268 4508 405 4607 περὶ.
430 4508 626 4590 ἑαυτοῦ
662 4508 1158 4607 βουλευόμενονήτὸν
1193 4540 1436 4611 Πατέρα,
1464 4508 1692 4611 πότερόν
1720 4508 1848 4595 ποτε

1962 4545 2115 4609 pacto
2152 4550 2282 4590 vero
2315 4549 2420 4589 non
2468 4535 2762 4589 absurdum
2824 4531 2991 4586 fuerit
3041 4530 3299 4585 inducere
3335 4529 3552 4585 Patrem

268 4629 376 4700 χρὴ
405 4629 597 4697 σοφίαν
621 4628 765 4699 ἔχειν
821 4630 914 4683 καὶ
962 4630 1157 4698 Λόγον,
1195 4631 1229 4701 ἦ
1287 4632 1394 4701 μή;
1458 4633 1853 4702 Παραιτεῖσθαι

268 4719 559 4791 τοιγαροῦν
582 4721 882 4791 ἀναγκαῖον
903 4722 1001 4785 τὰς
1030 4723 1388 4787 ἀπαιδεύτους
1418 4723 1527 4776 τῶν
1556 4724 1855 4797 χριστομά-

270 4827 383 4882 χων
413 4813 723 4883 προτάσεις,
757 4813 817 4867 οὑ
850 4813 1055 4886 σφόδρα
1108 4814 1469 4869 διατείνεσθαι
1506 4816 1643 4887 πρὸς
1666 4816 1726 4870 τὸ
1764 4818 1858 4871 ἀν·-

270 4904 505 4974 τιλέγειν
530 4906 741 4969 αὑταῖς.

706 5110 909 5175 ΛΛΛΟ,
970 5109 1429 5180 διηγηματικῶς.

353 5223 451 5277 Διὰ
478 5222 689 5276 πολλῶν
710 5222 814 5294 ήδη
844 5222 1111 5276 δέδεικται
1162 5222 1335 5291 λόγων
1354 5223 1437 5275 ὅτι
1464 5223 1571 5276 τῶν
1620 5225 1857 5295 ποιημά-

274 5334 386 5369 των
405 5317 651 5386 ήγήσατο
681 5314 951 5385 βούλησις.
992 5312 1080 5376 Ἐξ
1106 5312 1221 5375 ἑνὸς
1241 5313 1297 5365 δὲ
1321 5314 1381 5365 τὸ
1416 5315 1526 5367 πᾶν
1554 5315 1861 5386 γνωρισθή-

278 5426 448 5465 σεται.
502 5408 625 5460 Ἐπὶ
674 5405 782 5477 γὰρ
829 5408 893 5476 τῇ
918 5404 1013 5457 τοῦ
1058 5402 1345 5473 ἀνθρώπου
1393 5408 1730 5476 κατασκευῇ,
1763 5406 1859 5470 τὸ,

283 5521 300 5551 t
340 5501 663 5570 Ποιήσωμεν
714 5497 1021 5569 ἄνθρωπον,
1054 5515 1073 5547 ι
1106 5496 1199 5548 καὶ
1236 5496 1317 5560 τὸ,
1369 5514 1386 5545 ‹
1425 5497 1711 5566 Γενηθήτω
1742 5514 1862 5549 στε-

1959 4643 2145 4686 secum
2170 4627 2585 4691 deliberantem,
2608 4641 2675 4679 an
2703 4632 2986 4696 Oporteret
3014 4623 3309 4691 aliquando
3334 4623 3552 4691 sapien-

1962 4722 2092 4775 tiam
2123 4729 2178 4774 et
2202 4718 2441 4775 Verbum
2468 4718 2774 4783 habere,an
2810 4718 2959 4771 non?
2988 4714 3306 4784 Rejicienda
3386 4715 3552 4785 igitur

1963 4824 2185 4882 prorsus
2206 4818 2333 4864 sunt
2360 4808 2576 4864 indocta
2631 4807 2867 4862 hostium
2919 4806 3124 4862 Christi
3193 4816 3551 4878 argumenta,

1968 4919 2075 4959 non
2129 4912 2311 4959 autem
2380 4901 2544 4957 anxie
2606 4900 2990 4973 laborioseque
3040 4901 3110 4957 iis
3169 4900 3554 4957 contradicen-

1959 4996 2113 5052 dum.

2450 5104 2680 5173 ALIUD,
2715 5105 3046 5176 explicatius.

2038 5220 2219 5277 Multis
2234 5219 2348 5292 jam
2376 5219 2560 5276 verbis
2578 5229 2855 5275 ostensum
2912 5227 2997 5273 est
3048 5216 3386 5273 voluntatem
3432 5215 3552 5272 sive

1967 5313 2411 5371 deliberationem
2436 5319 2811 5366 creaturarum
2853 5309 3188 5365 creationem
3217 5309 3548 5381 praecedere.

1971 5406 2047 5459 Ex
2073 5420 2183 5460 uno
2223 5412 2402 5457 autem
2437 5410 2606 5457 totum
2637 5400 2983 5471 intelligetur.
3002 5398 3135 5457 Nam
3172 5403 3225 5456 in
3273 5401 3553 5458 creatione

1972 5494 2242 5552 hominis:
2274 5513 2292 5546 ε
2336 5494 2641 5555 Faciamus,
2680 5494 2875 5565 inquit,
2899 5494 3193 5560 hominem,
3222 5513 3241 5546 ι
3271 5502 3350 5559 et,
3382 5512 3400 5545 ι
3427 5491 3552 5548 Fiat

282 5593 494 5664 ρέωμα.
535 5612 552 5642 ι
590 5592 790 5651 καὶτὸ,
845 5588 1130 5658 Γενηθήτω
1168 5586 1286 5640 τόδε
1336 5589 1428 5641 καὶ
1480 5589 1620 5654 τόδε,
1670 5588 1848 5659 βουλῆς

1973 5587 2457 5653 ﬁrmamentum",
2491 5605 2508 5639 ι
2547 5593 2711 5657 atque
2748 5587 2869 5653 hoc,
2899 5584 3135 5641 Fiathoc
3177 5594 3232 5640 et
3281 5584 3431 5654 illud,
3466 5599 3549 5639 νο-

349 5748 395 5779 "
438 5746 598 5803 llehr.
635 5763 671 5808 I,
713 5748 745 5801 5
836 5747 881 5777 ⁷⁷
922 5745 1055 5801 Gen.
1104 5761 1139 5809 ι,
1183 5746 1237 5811 ί),
1268 5745 1354 5799 26.
