3876 6208
289 278 352 332 9|
1332 273 1391 331 S.
1430 271 1712 330 CYRILLI
1746 269 2218 326 ALEXANDRINI
2252 268 2578 326 ARCHIEP.
3491 271 3570 331 9‘2

285 397 507 453 luntatis
530 398 948 469 signiﬁcativum
979 406 1081 462 est,
1115 412 1232 465 qua:
1261 399 1324 449 ad
1349 396 1593 467 singulas
1647 407 1816 453 creati

2037 415 2038 428 ι
2077 393 2163 464 είη
2192 391 2527 465 σημαντικὸν
2558 392 2657 463 τῆς
2682 392 2768 461 ἐφ’
2796 390 3010 463 ἑκάστῳ
3039 392 3149 446 τῶν
3177 392 3568 465 πεποιημένων

287 502 378 543 ras
400 487 674 544 faciendas
724 505 751 540 τι
811 490 921 545 Deo
972 488 1217 543 adhibita
1268 498 1375 551 est,
1439 490 1660 542 tametsi
1693 490 1816 544 stati

2037 484 2277 555 ινομένης
2316 483 2466 555 παρὰ
2499 483 2657 548 Θεοῦ,
2693 485 2741 537 εί
2788 484 2884 537 καὶ
2931 485 3275 557 παραχρῆμα
3297 487 3358 539 τὸ
3399 486 3568 558 ἔργον

288 595 428 649 opus
460 581 809 636 subsecutum
842 588 1120 651 appareat.
1149 579 1205 634 Si
1236 596 1365 649 ergo
1426 589 1714 634 creaturas
1741 596 1819 651 pr:

2037 575 2304 629 ιολουθοὺν
2327 576 2596 644 φαίνεται.
2648 576 2712 628 Εἰ
2764 576 2944 655 τοίνυν
2972 575 3080 630 τῶν
3117 577 3217 647 μὲν
3246 580 3568 649 κτισμάτων

286 672 432 727 cedit
453 670 724 739 voluntas,
758 673 940 728 omnia
990 687 1119 727 vero
1149 671 1289 726 facta
1319 682 1446 727 sunt
1488 687 1586 741 per
1634 672 1817 727 Filiuu

2039 670 2196 732 reita:
2234 666 2504 737 βούλησις,
2551 668 2740 735 γέγονε
2778 662 2848 721 ¹⁴δὲ
2892 669 3070 722 πάντα
3132 669 3197 722 δι’
3229 670 3381 733 Υἱοῦ,
3405 672 3570 736 ἐκτός

287 770 440 817 certe
471 761 715 817 omnium
746 778 971 817 numero
1001 777 1107 817 non
1166 763 1654 831 comprehenditur
1695 764 1741 818 is
1783 780 1815 833 p

2037 775 2097 810 πι
2120 755 2229 810 τῶν
2261 758 2479 812 πάντων
2532 759 2561 810 6
2617 758 2683 812 δι’
2717 753 2778 814 οὗ
2807 758 2875 813 τὰ
2914 758 3093 814 πάντα
3124 761 3333 829 γέγονε.
3379 763 3489 815 Καὶ
3513 765 3568 815 εί

289 870 449 923 quem
474 856 654 909 omnia
683 854 819 910 facta
840 863 984 909 sunt.
1027 854 1090 909 Et
1135 854 1179 909 si
1230 854 1367 909 alius
1396 865 1481 910 est
1530 856 1599 909 ab
1652 857 1716 912 iis
1760 873 1820 924 qu

2037 848 2166 920 apd:
2197 850 2344 902 ἐστιν
2395 849 2621 903 ἐκείνων
2656 843 2732 903 ὧν
2774 852 3020 921 ἡγήσατο
3071 851 3346 925 βούλησις,
3369 854 3468 908 οὑκ
3493 855 3568 908 ἂν

289 945 565 1012 praecessit
590 946 860 1009 voluntas.
895 961 1001 1001 non
1032 956 1116 1000 est
1147 945 1324 1001 factus
1352 962 1419 1001 ex
1455 947 1730 1003 voluntate
1765 950 1820 1003 Sit

2038 956 2067 1009 η
2098 938 2238 993 κατὰ
2269 939 2522 1010 βούλησιν
2555 940 2792 1009 γεγονὼς
2821 941 3008 1014 ὥσπερ
3038 944 3195 997 αὑτά.
3244 944 3415 1007 Αὐτὸς
3452 946 3569 1017 γάρ

290 1036 626 1107 utilla.lpse’
651 1038 796 1092 enim
838 1048 921 1093 est
944 1040 1063 1091 viva
1122 1038 1378 1093 voluntas
1445 1037 1647 1103 Patris,
1681 1040 1733 1093 in
1768 1054 1821 1109 qt

2039 1044 2127 1082 τιν
2167 1030 2200 1101 ή
2224 1028 2375 1093 ζῶσα
2397 1030 2559 1101 βουλὴ
2600 1030 2696 1084 τοῦ
2723 1031 2957 1103 Πατρὺς,
3012 1032 3070 1085 ὲν
3111 1027 3236 1105 ᾖτὰ
3269 1033 3447 1089 πάντα
3471 1035 3570 1113 ἐρ-

288 1126 469 1180 omnia
495 1137 768 1193 operatur.
810 1124 976 1182 Vocat
1035 1137 1216 1181 autem
1273 1128 1437 1183 etiam
1494 1128 1667 1196 ipsum
1726 1126 1819 1184 Psa

2038 1120 2226 1185 ἱζεται.
2257 1121 2429 1175 Καλεῖ
2471 1122 2529 1174 δὲ
2585 1122 2749 1176 αὑτὸν
2769 1124 2864 1176 καὶ
2904 1124 3098 1195 βουλὴν
3141 1124 3234 1178 τοῦ
3282 1126 3492 1197 Πατρὸς
3535 1127 3569 1178 6

292 1219 450 1271 mista
483 1218 815 1273 voluntatem
847 1218 1047 1284 Patris,
1080 1219 1304 1275 dicens:
1340 1239 1359 1273 ι
1397 1221 1452 1276 In
1483 1222 1755 1278 voluntate
1788 1232 1823 1276 ιι

2039 1212 2283 1282 αλμῳδὺς
2312 1253 2325 1278 ,
2366 1211 2540 1282 λέγων
2574 1230 2587 1245 ·
2654 1233 2674 1266 ι
2723 1215 2813 1268 Ἐν
2858 1217 2927 1286 τῇ
2994 1214 3157 1287 βουλῇ
3207 1232 3299 1268 σου
3358 1216 3570 1288 ὡδήγη-

292 1307 563 1363 deduxisti
599 1324 684 1363 me
711 1309 778 1364 ⁷⁸.
823 1326 841 1359 ι

722 1309 778 1364 ’⁸.
823 1326 841 1359 ι
1980 1302 2079 1367 σάς
2113 1320 2199 1373 με,
2235 1322 2253 1354 ι

972 1424 1131 1482 ALIU
1144 1425 1207 1479 D.
2648 1420 2858 1474 AAAO.

367 1540 425 1595 Si
452 1540 733 1595 consilium
761 1550 817 1596 et
845 1538 1091 1595 voluntas
1117 1539 1298 1595 Patris
1340 1548 1425 1595 est
1465 1539 1655 1607 Filius,
1691 1550 1751 1594 ut
1802 1555 1878 1595 re-

2052 1529 2115 1583 Εί
2148 1528 2313 1601 βουλὴ
2366 1530 2462 1585 καὶ
2513 1530 2725 1603 θέλημα
2756 1532 2849 1587 τοῦ
2881 1533 3096 1606 Πατρός
3141 1536 3290 1591 ἐστιν
3337 1538 3367 1590 ὁ
3403 1537 3574 1603 Υἱὸς,

293 1645 424 1685 vera
452 1639 557 1691 est,
595 1644 701 1698 quo
722 1638 878 1700 pacto
899 1629 1158 1700 praecedit
1183 1630 1431 1684 voluntas
1462 1629 1579 1698 ejus
1610 1631 1824 1685 exsistet

2037 1641 2165 1694 map
2203 1618 2296 1677 οὖν
2327 1624 2420 1677 καὶ
2448 1623 2585 1690 ἐστι,
2636 1626 2753 1689 πῶς
2783 1628 2998 1697 ἡγεῖται
3026 1626 3247 1698 θέλησις
3270 1629 3365 1699 τῆς
3387 1629 3568 1699 ὑπάρ-

298 1716 468 1770 tiam?
506 1715 790 1772 Videbitur
813 1718 958 1774 enim
994 1717 1108 1787 ipse
1132 1718 1370 1788 seipsum
1401 1717 1615 1774 fecisse.
1667 1719 1772 1790 55
1812 1721 1829 1774 Ι

2043 1732 2118 1779 ως
2147 1714 2312 1769 αὑτοῦ
2332 1732 2347 1782 ;
2364 1714 2538 1779 Αὐτὸς
2566 1717 2675 1788 γὰρ
2705 1718 2896 1771 ἑαυτὸν
2919 1718 3071 1774 ἔσται
3100 1719 3437 1791 πεποιηκώς.
3457 1722 3574 1773 Καὶ

297 1809 387 1877 qui
416 1809 651 1864 nondum
683 1809 855 1865 factus
877 1819 1016 1874 erat,
1043 1819 1100 1864 ut
1149 1811 1386 1865 haeretici
1436 1811 1642 1876 volunt,
1708 1814 1774 1866 de
1822 1831 1828 1865 ε

2051 1808 2218 1878 μήπω
2267 1804 2528 1875 γεγονὼς,
2586 1808 2728 1862 κατὰ
2779 1810 2907 1874 τοὺς
2957 1812 3379 1882 χριστομάχους,
3440 1811 3581 1880 περὶ

299 1899 416 1965 ipso
440 1900 776 1957 deliberasse
802 1902 1029 1956 dicetur.
1080 1904 1148 1956 At
1170 1902 1215 1957 si
1255 1904 1355 1958 hoc
1382 1906 1677 1959 absurdum
1729 1905 1830 1960 dict

2046 1898 2184 1953 ιυτοὺ
2222 1901 2470 1968 φανεῖται
2526 1899 2930 1972 βουλευόμενος,
2993 1903 3057 1956 EI
3107 1902 3165 1955 δὲ
3196 1902 3355 1956 τοῦτο
3391 1901 3577 1970 λέγειν

300 2002 408 2059 est,
439 2008 545 2048 non
572 2008 703 2064 ergo
728 1993 1002 2050 voluntate
1030 1994 1206 2051 factus
1264 2005 1369 2061 est,
1417 1998 1831 2065 quemadmodw

2045 2006 2208 2055 τοπον,
2241 1989 2343 2042 οὐκ
2367 1988 2476 2059 ἄρα
2501 1989 2752 2061 βουλήσει
2791 1993 3036 2061 γέγονεν,
3080 1994 3268 2065 ὥσπερ
3323 1994 3389 2049 τὰ
3412 1996 3576 2064 ποιή-

299 2092 599 2151 creaturas;
632 2085 727 2141 sed
754 2096 949 2141 eratut
981 2086 1228 2143 voluntas
1261 2088 1440 2143 Patris
1465 2090 1516 2143 in
1546 2090 1682 2160 ipso,
1715 2101 1828 2162 atqu

2051 2098 2157 2136 ιτα’
2200 2082 2314 2135 ἀλλ’
2342 2078 2410 2154 ἦν
2433 2083 2509 2148 ὡς
2534 2083 2696 2156 βουλὴ
2749 2084 2844 2138 τοῦ
2891 2087 3106 2158 Πατρὺς
3128 2088 3185 2140 ὲν
3220 2086 3392 2157 αὐτῷ,
3442 2085 3582 2140 αὐτὸ

300 2180 438 2234 adeo
465 2178 637 2248 ipsius
659 2177 936 2235 Genitoris
957 2181 1211 2235 essentia:
1233 2182 1561 2252 proprietas.

1990 2175 2087 2246 τῆς
2114 2174 2301 2239 οὐσίας
2336 2176 2598 2248 ὑπάρχων
2627 2178 2718 2231 τοῦ
2746 2179 3109 2250 γεννήσαντος
3136 2180 3195 2234 τὸ
3228 2180 3379 2235 ἴδιον.

975 2288 1207 2345 ALIUD.

2691 2293 2893 2349 ΑΛΛΟ.

370 2396 625 2454 Christus
651 2399 851 2455 alicubi
884 2399 1063 2469 inquit
1095 2420 1108 2455 :
1154 2400 1264 2472 Ego
1307 2401 1359 2455 in
1392 2400 1575 2466 Patre,
1612 2414 1665 2458 et
1725 2405 1887 2461 Pater

2061 2400 2225 2471 Λέγει
2251 2420 2355 2456 που
2384 2403 2638 2474 Χριστός
2682 2424 2701 2455 ι
2750 2404 2891 2472 Ἐγὼ
2948 2406 3008 2458 ὲν
3057 2405 3135 2477 τῷ
3174 2408 3371 2479 Πατρὶ,
3408 2410 3502 2463 καὶ
3546 2412 3584 2463 6

303 2489 357 2544 in
385 2504 491 2556 me,
520 2490 685 2545 veluti
716 2491 893 2545 locum
929 2491 1245 2561 quemdam,
1284 2495 1373 2562 qui
1408 2510 1466 2548 se
1496 2494 1671 2549 solum
1706 2508 1829 2551 cont

2050 2494 2184 2565 ατὴρ
2206 2495 2263 2548 ὲν
2286 2495 2431 2565 ἐμοὶ,
2470 2512 2488 2546 ι
2554 2495 2744 2569 ὥσπερ
2790 2496 2913 2549 τινὰ
2962 2497 3129 2552 τόπον
3159 2500 3351 2554 ἑαυτὸν
3384 2500 3581 2571 ἔχοντα

304 2589 453 2647 neat,
517 2583 833 2651 signiﬁcans
881 2582 1125 2648 Patrem,
1158 2594 1213 2639 et
1243 2602 1433 2642 rursus
1462 2588 1679 2644 Patrem
1712 2591 1835 2646 solui

2050 2586 2156 2639 5νον
2196 2585 2476 2656 σημαίνων
2497 2586 2589 2638 τὸν
2624 2587 2863 2657 Πατέρα,
2889 2588 2986 2643 καὶ
3030 2589 3192 2643 πάλιν
3230 2590 3305 2654 ὡς
3337 2591 3431 2645 τοῦ
3463 2593 3581 2646 Πα-

305 2674 359 2727 in
389 2674 505 2741 ipso
534 2673 909 2728 exsistentem.
970 2674 1025 2728 Si
1058 2689 1188 2745 ergo
1218 2675 1363 2730 aliud
1407 2678 1688 2747 quidpiam
1722 2682 1836 2735 esti

2049 2676 2119 2739 >6;
2153 2676 2304 2739 ὄντος
2334 2676 2393 2729 ὲν
2428 2676 2578 2747 αὑτῷ
2607 2677 2786 2747 μόνον.
2820 2679 2881 2731 El
2906 2679 3084 2732 τοίνυν
3123 2680 3310 2752 ἕτερον
3340 2682 3391 2734 τί
3426 2683 3580 2735 ἐστιν

308 2764 467 2817 Patre
502 2764 760 2820 voluntas
786 2765 959 2834 ipsius
1009 2781 1173 2836 quam
1207 2766 1400 2831 Filius,
1430 2784 1539 2838 quo
1574 2780 1731 2838 pacto
1756 2787 1839 2826 vel

2076 2765 2154 2836 τῷ
2180 2766 2355 2837 Πατρὶ
2386 2767 2539 2837 παρὰ
2565 2769 2655 2819 τὸν
2694 2768 2821 2822 Υίὸν
2861 2769 2893 2839 ή
2942 2768 3197 2840 βούλησις
3228 2771 3413 2835 αὑτοῦ,
3460 2771 3583 2834 πῶς

306 2857 424 2911 Ιιιεο
458 2856 699 2911 dixerit?
736 2857 1060 2926 Reperietur
1095 2858 1263 2926 enim,
1306 2858 1459 2927 juxta
1499 2863 1743 2916 insanam
1776 2863 1837 2917 ha

2055 2854 2284 2926 ,ηθεὺσει
2313 2855 2382 2909 τὰ
2413 2856 2638 2909 τοιαῦτα
2680 2857 2888 2926 λέγων;
2914 2858 3239 2930 Εὑρίσκεται
3276 2860 3404 2930 γὰρ,
3436 2860 3586 2915 κατᾶ

308 2947 601 3003 reticorum
633 2947 965 3017 Opinionem,
1020 2958 1144 3004 ante
1203 2952 1578 3007 exsistentiam
1611 2951 1755 3020 Filii,
1792 2969 1839 3008 νι

2053 2963 2095 3016 ιν
2128 2946 2235 2999 τῶν
2267 2947 2650 3018 χριστομάχων
2708 2949 2931 3018 μανίαν,
2974 2951 3080 3020 προ
3142 2950 3242 3021 τῆς
3291 2949 3584 3023 ὑπάρξεως

308 3039 491 3094 Iuntas
552 3038 609 3093 in
659 3037 820 3094 Patre
872 3041 1161 3106 exsistens,
1202 3057 1300 3109 per
1358 3058 1520 3114 quam
1568 3045 1743 3101 factus
1780 3062 1839 3101 es

2053 3038 2090 3091 >6
2121 3037 2274 3105 Υίοὺ,
2309 3025 2564 3109 βούλησις
2583 3035 2718 3094 οὖσα
2757 3043 2815 3094 ὲν
2846 3042 3042 3112 Πατρὶ,
3071 3042 3192 3095 καθ’
3221 3044 3286 3114 ἢν
3310 3038 3535 3112 γέγονεν
3564 3086 3584 3111 ,

311 3132 460 3186 utilli
492 3131 700 3187 dicunt.
740 3131 796 3186 Si
825 3143 1006 3187 autem
1063 3149 1189 3189 vere
1223 3137 1352 3191 dicit
1378 3153 1437 3191 se
1481 3138 1536 3191 in
1566 3137 1724 3193 Patre
1746 3153 1842 3194 esst

2058 3147 2067 3192 ;
2107 3130 2305 3183 ἐκεῖνοί
2337 3147 2521 3200 φασιν.
2550 3132 2611 3184 El
2651 3131 2709 3184 δὲ
2740 3132 3016 3203 ἀληθεύει,
3068 3134 3260 3188 ἑαυτὸν
3306 3136 3366 3187 ὲν
3406 3135 3589 3205 Πατρἰ¹

308 3231 364 3276 et
401 3237 609 3289 rursus,
639 3222 812 3277 solum
837 3224 891 3278 in
924 3238 983 3279 se
1012 3239 1132 3279 esse
1163 3225 1408 3289 Patrem,
1442 3229 1659 3282 ubinam
1687 3242 1838 3283 const

2056 3232 2101 3275 ιν
2132 3216 2272 3275 εἶναι
2306 3224 2553 3291 φάσκων,
2584 3224 2677 3278 καὶ
2710 3224 2896 3285 πάλιν,
2925 3224 3001 3289 ὠς
3025 3226 3185 3296 μόνον
3225 3228 3283 3280 ὲν
3319 3225 3468 3297 αὑτῷ
3489 3227 3587 3279 τὸν

230 3366 234 3369 Α
314 3323 495 3368 tuetur
538 3314 814 3378 voluntas,
869 3330 992 3370 cum
1056 3317 1189 3371 nihil
1246 3317 1349 3373 loci
1422 3319 1492 3373 sit
1540 3320 1761 3375 interme

2055 3314 2235 3382 ιτέρα,
2253 3314 2357 3368 ποῦ
2385 3317 2418 3385 ἡ
2444 3316 2697 3388 βούλησις
2714 3318 2984 3385 κείσεται,
3001 3318 3217 3383 οὐδενὸς
3236 3319 3385 3382 ὄντος
3411 3318 3586 3372 τόπου

313 3405 465 3471 Quod
504 3407 548 3460 si
574 3421 760 3461 verum
786 3416 892 3474 est,
944 3422 1048 3463 nou
1099 3425 1228 3479 ergo
1260 3410 1537 3466 voluntate
1569 3413 1747 3466 factus
1770 3422 1844 3468 est

2057 3405 2206 3471 εταξύ
2230 3424 2245 3472 ;
2282 3408 2344 3461 EE
2368 3407 2424 3461 δὲ
2450 3408 2628 3471 τοῦτο,
2649 3409 2749 3463 οὑκ
2773 3408 2882 3481 ἄρα
2919 3410 3173 3483 βουλήσει
3206 3411 3446 3483 γέγονεν,
3465 3409 3588 3466 ἀλλ’

315 3497 412 3552 sed
451 3496 565 3568 ipse
592 3507 676 3552 est
705 3497 959 3553 voluntas
995 3498 1196 3555 Patris.

1999 3498 2160 3563 αὑτός
2187 3501 2335 3554 ἐστιν
2364 3503 2400 3573 ἠ
2435 3500 2532 3555 τοῦ
2558 3502 2773 3574 Πατρὸς
2803 3502 3080 3576 βούλησις.

996 3611 1226 3669 ALIUD.
2695 3617 2905 3670 AAAO.

384 3722 439 3779 Si
481 3724 941 3792 quemadmodum
988 3712 1288 3793 creaturas,
1321 3728 1391 3783 ita
1441 3730 1604 3785 etiam
1629 3731 1901 3787 exsisten-

2070 3730 2133 3783 Εἰ
2185 3730 2436 3801 καθάπερ
2483 3729 2594 3783 τῶν
2634 3731 2958 3802 ποιημάτων
3009 3719 3253 3802 ἡγήσατο
3298 3722 3582 3802 βούλησις,

318 3821 445 3872 tiam
468 3815 587 3873 Filii
624 3821 903 3889 praecessit
931 3821 1204 3887 voluntas,
1232 3837 1332 3877 cur
1361 3838 1482 3893 quae
1520 3824 1664 3878 idem
1694 3825 1849 3880 habet

2059 3839 2142 3875 ιτω
2168 3822 2263 3874 καὶ
2289 3821 2388 3890 τῆς
2420 3820 2709 3891 ὑπάρξεως
2735 3820 2828 3873 τοῦ
2860 3821 3120 3892 Χριστοῦ,
3164 3821 3288 3874 ὅτου
3312 3820 3376 3892 δὴ
3420 3822 3590 3892 χάριν

316 3910 682 3980 generationis
715 3911 1039 3981 principium
1065 3922 1118 3967 et
1163 3929 1260 3984 per
1284 3915 1529 3970 eamdem
1560 3916 1847 3973 voluntate;

2058 3932 2069 3967 ι
2106 3913 2203 3983 τὴν
2234 3912 2402 3982 αὐτὴν
2462 3910 2653 3981 ἔχοντα
2680 3911 2782 3981 τῆς
2811 3911 3079 3979 γενέσεως
3119 3911 3294 3982 ἀρχὴν
3340 3911 3437 3964 καὶ
3493 3910 3589 3965 διὰ

319 4002 461 4056 facta
494 4012 640 4067 sunt,
669 4012 952 4074 tantopere
980 4005 1122 4059 inter
1145 4021 1204 4061 se
1238 4016 1431 4061 natura
1456 4007 1732 4072 diﬂ'crunt,
1762 4010 1850 4064 adt

2057 4022 2099 4074 λς
2130 4003 2298 4073 αὐτῆς
2333 4003 2596 4072 γεγονότα
2658 4002 2877 4073 βουλῆς,
2924 4002 3179 4056 τοσοῦτον
3213 4001 3457 4072 ἀλλήλων
3484 4001 3588 4073 τὴν

318 4100 376 4146 ιιι
403 4092 491 4147 ille
529 4094 791 4151 Dominus
821 4095 891 4150 sit
924 4105 980 4151 et
1038 4097 1198 4164 Deus,
1233 4098 1315 4152 hae
1343 4098 1567 4154 serviles
1605 4101 1714 4153 sint
1739 4116 1849 4156 ere:

2057 4096 2164 4149 55w
2192 4096 2491 4164 διέστηκεν.
2527 4094 2602 4157 ὡς
2625 4095 2728 4176 τὸν.
2749 4096 2849 4164 μὲν
2880 4094 3084 4165 Κύριον
3122 4093 3293 4158 οὑτως
3325 4089 3463 4146 εἶναι
3489 4093 3588 4147 καὶ

319 4185 480 4239 utne?
502 4184 848 4242 Manifestum
878 4195 1060 4242 autem
1096 4199 1179 4242 est
1205 4191 1345 4258 quod
1387 4190 1558 4246 Filius
1585 4194 1771 4247 deitati
1797 4194 1850 4248 P:

2059 4188 2152 4252 ιὸν,
2199 4187 2268 4240 τὰ
2299 4188 2355 4240 δὲ
2379 4188 2538 4241 δοῦλα
2562 4205 2619 4240 τε
2645 4188 2738 4240 καὶ
2762 4188 3079 4258 umquam;
3122 4187 3260 4239 Ἀλλ’
3294 4186 3590 4258 ἔστιδῆλον

321 4277 419 4331 tris
449 4278 770 4333 naturaliter
802 4278 988 4333 unitus
1045 4280 1302 4336 Dominus
1334 4285 1407 4337 'et
1458 4282 1659 4337 dicitur
1681 4294 1738 4340 et
1762 4294 1845 4339 est

2059 4283 2133 4345 ;6
2165 4280 2263 4351 μὲν
2291 4280 2415 4343 Υἱὸς
2469 4283 2535 4351 τῇ
2566 4283 2660 4332 τοὺ
2699 4278 2915 4349 Ματρὸς
2970 4279 3184 4349 θεότητι
3243 4280 3383 4331 κατὰ
3425 4276 3590 4347 φύσιν

320 4379 566 4422 creatura
598 4384 729 4424 vero
768 4383 949 4437 serva,
988 4372 1111 4440 quia
1168 4384 1322 4427 extra
1346 4374 1643 4429 essentiam
1681 4387 1851 4431 creati

2058 4374 2291 4445 νούμενος
2330 4372 2533 4443 Κύριος
2593 4371 2811 4442 εἴρηται
2875 4370 2967 4424 καὶ
3015 4368 3335 4440 ἐστινοήδὲ
3386 4368 3589 4433 κτίσις,

322 4460 397 4514 ris
424 4470 529 4527 est,
563 4468 619 4515 et
660 4476 691 4515 ιι
724 4462 956 4518 naturali
1008 4461 1075 4516 ad
1128 4463 1344 4519 Patrem
1396 4465 1659 4521 relatione
1699 4468 1853 4523 alien:

2066 4466 2186 4537 ὑλη,
2206 4466 2296 4519 διὰ
2327 4465 2388 4517 τὸ
2412 4464 2516 4531 ἔξω
2552 4463 2767 4517 κεῖσθαι
2791 4462 2893 4533 τῆς
2917 4462 3107 4525 οὐσίας
3159 4460 3256 4515 τοῦ
3291 4460 3592 4531 πεποιηκό-

322 4553 693 4610 Necessarium
729 4556 892 4624 igitur
912 4565 995 4613 est
1024 4566 1085 4611 ut
1125 4574 1245 4627 quae
1295 4566 1498 4613 tantam
1536 4560 1679 4616 inter
1713 4576 1771 4616 se
1796 4563 1853 4615 ha

2054 4578 2117 4623 ις,
2164 4560 2259 4612 καὶ
2307 4558 2409 4627 τῆς
2458 4557 2595 4627 πρὸς
2648 4556 2739 4609 τὸν
2787 4556 3011 4627 Πατέρα
3064 4554 3301 4625 σχέσεως
3326 4553 3585 4623 φυσικῆς.

326 4646 458 4701 bent
484 4646 874 4716 diﬂ‘erentiam,
917 4667 1023 4707 non
1071 4669 1237 4707 unum
1284 4653 1522 4709 habeant
1546 4656 1857 4725 principiun

2065 4652 2258 4723 ινάγκη
2286 4651 2465 4705 τοίνυν
2486 4650 2555 4703 τὰ
2587 4649 2856 4720 τοσαύτην
2880 4647 3072 4718 ἔχοντα
3102 4646 3235 4719 πρὸς
3264 4645 3468 4717 ἄλληλα
3486 4645 3596 4716 τὴν

324 4737 433 4793 Sed
468 4739 551 4793 hae
584 4742 824 4809 quidem,
860 4754 922 4799 ut
966 4754 1252 4806 creaturae,
1303 4759 1370 4799 ex
1423 4746 1701 4802 voluntate
1748 4747 1855 4803 fact

2061 4744 2290 4817 αφορὰν,
2342 4743 2419 4815 μὴ
2458 4744 2590 4813 μίαν
2623 4742 2766 4812 ἔχειν
2813 4742 3009 4812 ἀρχήν.
3057 4739 3219 4793 Ἀλλὰ
3255 4738 3325 4792 τὰ
3358 4739 3476 4808 μὲν,
3512 4738 3591 4801 ὡς

323 4840 470 4884 sunt.
521 4829 693 4888 Filius
749 4845 949 4901 autem,
981 4837 1178 4906 quippe
1204 4839 1294 4907 qui
1327 4848 1412 4893 est
1453 4839 1568 4908 ipsa
1614 4840 1854 4895 volunta:

2061 4837 2313 4907 πήματα,
2368 4836 2432 4886 ὲκ
2482 4832 2789 4904 βουλήσεως
2849 4830 3091 4898 γέγονεν.
3140 4829 3199 4883 '0
3244 4829 3302 4882 δὲ
3334 4828 3483 4892 Υἱὸς,
3513 4826 3592 4891 ὡς

323 4930 444 4977 erat
472 4923 541 4978 ab
565 4933 770 4979 aeterno
792 4925 842 4980 in
878 4925 1062 4986 Patre.

2010 4928 2171 4993 αὑτὸς
2191 4927 2265 4981 ὣν
2288 4928 2322 4998 ἡ
2355 4925 2628 4996 βούλησις,
2654 4920 2721 4996 ἦν
2754 4924 2938 4985 ἀϊδίως
2972 4924 3029 4975 ἐν
3070 4920 3267 4993 Πατρί.

675 5037 908 5105 ALIUD,
936 5043 1007 5096 ad
1034 5044 1110 5098 rei
1131 5044 1550 5114 explicationem.

2091 4969 2168 4993 η,
2191 4969 2262 4981 ..η
2295 4969 2322 4998 .,
2355 4969 2628 4996 rum.-.”
2661 4969 2715 4996 .,.
2755 4969 2935 4985 _---..,
2973 4969 3020 4975 -.
3073 4969 3268 4993 .._-r--

2440 5038 2624 5092 AAAO
2644 5079 2659 5103 ,
2687 5032 3142 5106 διηγηματικῶς.

395 5147 693 5218 Oportebat
739 5164 919 5207 autem
961 5154 1125 5210 hosce
1180 5156 1383 5211 Christi
1434 5158 1620 5214 hostes
1673 5159 1762 5228 qui
1807 5175 1915 5214 non

2073 5154 2223 5209 Ἔδει
2248 5151 2376 5215 τοὺς
2427 5149 2834 5221 χριστομάχους
2879 5145 3304 5217 ἀποτολμῶντας
3356 5144 3588 5216 ἐρωτᾷν,

328 5247 584 5291 verentur
649 5239 991 5311 interrogare
1031 5258 1098 5298 an
1131 5244 1408 5303 voluntate
1434 5247 1629 5303 Filium
1655 5266 1857 5319 genuer

2101 5246 2350 5318 βουλήσει
2381 5246 2473 5297 τὸν
2501 5243 2632 5297 Υίὸν
2670 5241 2961 5311 ἐγέννησεν
2990 5241 3017 5292 6
3065 5239 3280 5309 Πατὴρ,
3304 5237 3404 5291 καὶ
3432 5236 3592 5289 τοῦτο

326 5326 504 5393 Pater,
534 5330 695 5383 etiam
752 5333 852 5386 hoc
898 5333 1077 5389 dicere
1112 5354 1123 5388 :
1186 5336 1268 5389 An
1316 5338 1368 5391 in
1399 5341 1680 5409 prudentia
1711 5340 1857 5396 FIIIUl

2057 5341 2207 5409 ἑγειν·
2243 5339 2306 5391 Εἰ
2337 5338 2395 5390 ὲν
2424 5336 2684 5407 φρονήσει
2710 5333 2800 5386 τον
2837 5331 2965 5385 Υἰδν
2989 5330 3275 5401 ἐγέννησεν
3305 5333 3333 5383 6
3377 5329 3588 5398 Πατήρ.

325 5418 571 5484 genuerit
596 5416 773 5473 Pater.
812 5417 959 5475 Idem
994 5422 1137 5476 enim
1163 5424 1416 5479 videntur
1440 5441 1562 5482 esse
1586 5428 1856 5482 deliberati

2059 5431 2220 5484 αυτὸν
2242 5429 2349 5499 γὰρ
2381 5426 2646 5497 ὑπάρχειν
2686 5425 2936 5492 φαίνεται
2977 5421 3139 5493 βουλὴ
3172 5422 3266 5477 καὶ
3307 5420 3588 5491 φρόνησις.

326 5515 380 5561 et
412 5506 714 5574 prudentia.
746 5510 1024 5581 Siquidem
1059 5514 1308 5587 quisquis
1371 5518 1570 5587 aliquid
1603 5518 1857 5576 deliberal

2062 5522 2241 5593 ἐπειδὴ
2283 5523 2389 5577 πᾶν
2445 5520 2583 5591 ὅπερ
2636 5520 2700 5575 ἄν
2752 5534 2832 5581 τις
2873 5515 3223 5587 βουλεύηται,
3285 5512 3442 5566 τοῦτο
3500 5512 3593 5564 καὶ

405 5684 451 5717 ’⁸
484 5682 619 5741 I’sal
664 5705 832 5755 imi,
874 5691 963 5745 ‘21.
