3876 6208
208 310 279 370 95
1616 255 2057 363 THESAUPUS.
3399 309 3469 364 96

211 429 415 501 φρονεῖ·
442 427 535 482 καὶ
575 426 737 481 πάλιν
774 426 966 498 ὥσπερ
993 425 1054 491 ἐξ
1083 425 1556 497 ἀντιστρέφοντος,
1596 426 1624 479 ὃ
1662 444 1789 498 φρο-

1920 427 2031 484 dem
2058 424 2224 483 etiam
2258 427 2494 497 prudens
2517 436 2603 483 est
2630 444 2645 482 :
2675 435 2729 482 et
2758 428 2880 483 vice
2906 441 3081 493 versa,
3118 429 3208 498 qui
3233 429 3472 499 prudens

210 524 309 582 νεῖ,
352 520 448 573 καὶ
489 516 825 588 βουλεύεται.
888 515 1216 586 Εὑρίσκεται
1251 516 1381 584 γοῦν
1422 516 1499 578 ὡς
1542 516 1789 570 ἰσοδυνα-

212 611 417 683 μοῦντα
451 611 740 665 συνάπτων
766 608 908 662 αὐτὰ
926 609 1022 663 καὶ
1052 610 1082 662 6
1121 608 1311 680 Σωτὴρ
1335 610 1418 677 ἐφ’
1448 608 1664 673 ἑαυτοῦ,
1692 609 1790 664 καὶ

209 704 403 772 λέγων·
451 702 588 773 Ἑμὴ
629 700 792 772 βουλὴ
845 702 938 754 καὶ
974 700 1268 768 ἀσφάλεια,
1311 700 1422 770 ὲμὴ
1484 702 1787 771 φρόνησις,

211 792 318 864 ἐμὴ
337 792 393 844 δὲ
422 790 595 861 ἰσχύς.
619 790 831 860 ’Ὥσπερ
874 789 982 859 γάρ
1007 787 1276 857 ἀσφάλεια
1303 788 1397 840 καί⁵
1421 786 1576 856 ἰσχὺς
1597 786 1791 838 ταυτόν

211 884 380 945 ἐστιν,
420 879 565 934 οὕτω
618 880 711 933 καὶ
757 878 920 949 βουλὴ
972 876 1068 930 καὶ
1123 874 1407 946 φρόνησις.
1443 875 1509 928 Εἰ
1565 873 1662 944 μὲν
1700 868 1793 926 οὖν

210 973 422 1046 ἄφρονά
459 990 590 1026 ποτε
644 970 964 1025 πιστεύουσι
1025 967 1355 1039 γεγενῆσθαι
1408 965 1501 1019 τὸν
1534 965 1788 1036 Πατέρα,

211 1066 574 1138 ὲρωτάτωσαν
602 1066 652 1117 εἰ
690 1064 745 1116 ὲν
776 1061 1036 1134 φρονήσει
1095 1060 1394 1130 γεγέννηκε
1415 1059 1508 1111 τὸν
1531 1057 1679 1110 Υξόν.
1725 1058 1788 1109 Ei

212 1160 271 1214 δὲ
290 1159 570 1232 φρίττουσι
616 1157 777 1211 τοῦτο
820 1158 918 1209 καὶ
982 1154 1142 1223 μόνον
1186 1152 1496 1215 ἀκούοντες,
1527 1149 1644 1213 πῶς
1694 1150 1796 1203 ούκ

214 1251 414 1315 ἀσεϐὲς
448 1250 510 1304 τὸ
542 1250 753 1321 ἐρωτᾷν
782 1248 877 1301 καὶ
904 1246 1082 1315 λέγειν
1116 1246 1199 1313 ἐφ’
1232 1242 1362 1297 Υἱού
1404 1243 1484 1296 τό·
1522 1240 1786 1311 Βουλήσει

215 1341 581 1413 γεγένηται,ἢ
614 1342 723 1413 μή;
748 1338 1019 1409 τοσαύτην
1051 1336 1145 1392 τοῦ
1173 1336 1331 1405 λόγου
1359 1334 1456 1407 τήν
1484 1332 1796 1404 δυσφημίαν

216 1433 577 1504 εἰσφέροντας.

908 1544 1113 1598 AAAO.

299 1659 357 1715 '0
388 1657 657 1730 μακάριος
693 1656 906 1721 Παῦλος
933 1657 1030 1728 τὴν
1057 1656 1478 1726 ἀπαράλλακτον
1504 1656 1800 1727 ὁμοιότητα

216 1751 501 1816 δεικνύων,
533 1750 601 1821 ἢν
625 1752 654 1804 6
681 1749 809 1813 Υἱὸς
858 1748 972 1820 ἔχει
1002 1748 1138 1820 πρὸς
1173 1748 1265 1801 τὸν
1301 1746 1498 1802 ἑαυτοῦ
1541 1746 1759 1818 Πατέρα
1781 1790 1796 1811 ,

1894 528 2000 583 est.
2024 518 2165 575 idem
2195 529 2251 574 et
2282 520 2564 575 deliberat.
2592 521 2767 590 Atque
2809 522 2882 575 ita
2925 522 3187 576 Servator
3215 522 3326 589 ipse
3357 521 3474 575 haec

1896 613 2059 668 veluti
2089 614 2485 684 aaquipollentia
2513 614 2795 684 conjungit
2822 614 3010 670 dicens
3038 615 3102 669 de
3148 629 3208 670 se
3244 633 3258 669 :
3295 614 3472 668 Meum

1897 715 1981 761 est
2018 705 2299 761 consilium
2329 716 2386 760 et
2436 706 2623 771 tutela,
2653 721 2770 759 mea
2821 705 2929 778 56
2962 706 3243 775 prudentia
3289 715 3344 761 et
3370 721 3465 775 po-

1900 794 2084 849 tentia.
2112 794 2577 862 Quemadmodum
2609 797 2750 851 enim
2785 799 2951 852 tutela
2980 809 3034 851 et
3066 796 3302 866 potentia
3333 796 3475 850 idem

1899 894 2065 950 sunt;
2115 887 2190 941 ita
2237 887 2401 942 etiam
2458 888 2779 943 deliberatio
2809 898 2865 942 et
2896 889 3207 959 prudentia.
3249 889 3307 943 Si
3345 902 3478 957 ergo

1900 978 2292 1049 imprudentem
2327 980 2617 1050 aliquando
2645 979 2819 1035 fuisse
2846 980 3063 1034 Patrem
3125 980 3474 1043 existimant,

1900 1072 2234 1141 interrogent
2261 1087 2330 1126 an
2357 1072 2411 1127 in
2442 1072 2725 1142 prudentia
2770 1071 3021 1141 genuerit
3064 1071 3281 1126 Filium.
3332 1070 3401 1122 At
3433 1069 3477 1123 si

1901 1164 1985 1218 vel
2026 1164 2077 1218 id
2109 1163 2393 1219 audientes
2418 1164 2864 1234 perhorrescant.
2895 1179 3005 1233 quo
3029 1172 3192 1232 pacto
3225 1178 3331 1215 non
3374 1162 3478 1214 im-

1903 1254 2047 1323 pium
2076 1255 2238 1309 fuerit
2262 1254 2603 1325 interrogare
2623 1271 2686 1310 ac
2712 1256 2896 1310 dicere
2942 1259 3008 1310 de
3051 1255 3189 1310 Filio
3228 1272 3242 1307 :
3274 1255 3354 1308 An
3388 1268 3482 1308 vo-

1903 1348 2111 1403 luntate
2141 1347 2317 1403 factus
2336 1347 2425 1412 sit,
2476 1348 2691 1402 necne?
2719 1365 2839 1402 cum
2868 1350 2969 1402 hoc
2990 1350 3056 1402 ad
3087 1357 3289 1401 tantam
3320 1353 3483 1413 atque

1905 1441 2034 1496 illud
2064 1441 2117 1494 in
2144 1439 2376 1495 Verbum
2408 1438 2803 1510 blasphemiam
2829 1441 3121 1511 pertineat.

2574 1552 2810 1610 ALIUD.

1979 1669 2177 1725 Beatus
2214 1668 2434 1737 Paulus,
2481 1669 2891 1726 similitudinem
2929 1682 3092 1737 quam
3123 1664 3294 1719 Filius
3324 1662 3488 1717 habet

1908 1778 2030 1818 cum
2062 1762 2222 1818 Patre
2240 1763 2556 1824 ostendens.
2608 1761 2686 1816 ita
2736 1760 2978 1816 scribit:
3042 1776 3060 1809 ι
3098 1757 3200 1824 Qui
3252 1770 3373 1810 cum
3416 1756 3489 1808 sit

218 1845 420 1917 γράφει
450 1844 579 1916 περὶ
605 1842 790 1896 αὐτοῦ·
845 1862 865 1894 ι
904 1843 999 1906 Ὃς
1043 1841 1119 1894 ὢν
1153 1840 1493 1912 ἀπαύγασμα
1518 1841 1617 1912 τῆς
1643 1839 1803 1910 δόξης

1920 1854 2157 1924 splendor
2183 1855 2367 1926 gloriae
2391 1863 2445 1909 et
2483 1856 2771 1909 character
2818 1852 3172 1921 hypostaseos
3203 1846 3349 1902 illius
3381 1844 3484 1898 ⁷⁸.»

219 1942 317 1995 καὶ
344 1941 632 2012 χαρακτὴρ
662 1940 762 2010 τῆς
825 1939 1175 2003 ὑποστάσεως
1229 1937 1415 1994 αὑτοῦ.
1455 1958 1473 1990 ι
1514 1940 1577 1992 ΕΞ
1621 1938 1803 1992 τοίνυν

219 2033 511 2105 χαρακτήρ
546 2018 664 2086 ἐστι
698 2032 791 2086 καὶ
833 2032 999 2086 εἰκὼν
1040 2031 1135 2085 τοῦ
1162 2032 1523 2102 γεννήσαντος
1576 2033 1605 2086 6
1639 2031 1802 2097 Υἱὸς,

221 2123 487 2194 ἐγεννήθη
514 2122 591 2189 δὲ,
623 2123 747 2176 καθ’
772 2122 939 2194 ὑμᾶς,
967 2122 1436 2194 προηγησαμένης
1459 2121 1802 2193 βουλήσεως,

222 2216 436 2286 ἀνάγκη
464 2216 614 2268 πᾶσα
636 2215 728 2268 καὶ
765 2214 856 2268 τὸν
887 2214 1110 2284 Πατέρα
1154 2213 1327 2278 οὕτως
1356 2210 1515 2280 εἶναι,
1551 2212 1743 2285 ὥσπερ
1770 2214 1804 2285 ή

223 2305 388 2359 εἰκὼν
416 2304 581 2360 αὐτοῦ
611 2307 710 2360 καὶ
740 2305 801 2359 τὸ
851 2305 1214 2377 ἀπαύγασμα’
1263 2305 1340 2369 ὡς
1383 2306 1479 2359 καὶ
1501 2305 1633 2359 αὐτὸ
1661 2305 1806 2375 ἔχειν

225 2397 641 2469 προηγουμένην
670 2396 836 2452 αὑτοῦ
863 2399 963 2469 τὴν
1010 2397 1285 2469 βούλησιν.
1309 2399 1372 2451 Εἰ
1398 2399 1454 2451 δὲ
1497 2397 1654 2451 τοῦτο
1681 2398 1805 2451 ἀσε-

224 2491 319 2554 ϐὲς
346 2490 443 2561 (ού
475 2493 585 2562 γὰρ
615 2492 679 2544 ὲκ
712 2489 1019 2561 βουλήσεὼς
1047 2493 1194 2543 ἐστιν
1220 2492 1252 2563 ή
1281 2491 1375 2544 τοῦ
1414 2490 1628 2561 Πατρὸς
1649 2489 1809 2544 οὐσία

226 2583 324 2635 καὶ
376 2582 753 2653 ὑπόστασις),
809 2582 1023 2653 ἀνάγκη
1075 2584 1229 2637 πᾶσα
1269 2581 1403 2655 μηδὲ
1453 2583 1545 2635 τὸν
1575 2583 1703 2636 Υἱὸν
1744 2584 1810 2636 ὲκ

227 2676 535 2747 βουλήσεως
564 2673 722 2742 εἶναι,
750 2675 1018 2747 φρονεῖνῆ
1039 2674 1243 2744 λέγειν.

928 2791 1134 2844 ΑΛΛΟ.

444 2908 543 2974 Ὠς
566 2906 637 2973 ἐξ
682 2905 1043 2971 ἀντιθέσεως
1094 2903 1216 2958 τῶν
1259 2903 1595 2973 αἱρπικῶν.

300 3020 414 3077 Καὶ
438 3019 577 3087 πῶς,
608 3019 795 3090 φησὶν,
825 3019 925 3072 ούκ
948 3017 1161 3088 ἀνάγκη
1195 3016 1599 3088 συνομολογεῖν,
1619 3016 1812 3087 ὅτιπερ

227 3114 491 3185 ἀθέλητός
517 3114 632 3168 ἐστι
678 3111 755 3184 τῷ
804 3113 983 3184 Πατρὶ
1010 3113 1039 3165 6
1069 3112 1222 3176 Υἱὸς,
1252 3111 1370 3181 ἦτοι
1403 3110 1732 3182 ἀϐούλητος,
1763 3112 1812 3165 εἰ

235 3209 313 3281 μὴ
337 3211 401 3262 ὲκ
430 3208 738 3280 βουλήσεως
770 3206 865 3259 καὶ
903 3205 1175 3277 Θελήσεως
1209 3207 1472 3275 γέγονεν;

725 3406 882 3477 Πρὸς
910 3407 1085 3461 τοῦτο
1118 3406 1323 3474 λύσις.

306 3541 632 3597 Δυσωπεῐτω
651 3541 761 3595 τῶν
791 3542 1178 3614 χριστομάχων
1198 3542 1297 3613 τὴν
1317 3542 1624 3614 πάντολμον
1649 3542 1816 3612 γλῶτ-

234 3651 337 3687 ταν
362 3634 391 3686 6
423 3633 614 3705 Σωτὴρ
644 3633 773 3704 περὶ
818 3633 1013 3687 ἑαυτοῦ
1033 3632 1230 3702 λέγων·
1292 3654 1310 3684 ι
1360 3633 1417 3686 '0
1448 3633 1641 3706 Πατὴρ
1672 3634 1819 3703 φιλεῖ

234 3726 329 3781 τὸν
352 3726 500 3780 Υἱόν.
531 3745 549 3778 ι
587 3727 800 3797 ’Ὥσπερ
840 3725 950 3796 γάρ
996 3726 1098 3795 ήδη
1155 3725 1522 3799 προείρηται,
1571 3727 1634 3779 τὸ
1677 3722 1817 3780 εἶναι

236 3819 443 3889 ἀγαθός
466 3837 525 3872 τε
543 3822 638 3873 καὶ
670 3819 938 3890 ἐλεήμων,
978 3818 1091 3889 ἔχει
1134 3819 1255 3889 μὲν,
1281 3819 1381 3872 ούκ
1413 3821 1478 3873 ἐκ
1504 3819 1815 3891 βουλήσεως

234 3916 318 3978 δὲ,
347 3912 471 3967 οὔτε
506 3912 613 3984 μὴν
639 3912 955 3983 ἀϐουλήτως
980 3912 1157 3967 ταῦτά
1185 3914 1320 3966 ἐστι.
1360 3912 1515 3967 Θέλει
1539 3912 1649 3985 γὰρ
1681 3911 1817 3967 εῖναι

234 4006 398 4061 τοῦτο
421 4007 559 4077 ὅπερ
589 4005 737 4059 ἐστὶν
770 4005 859 4058 ἀεὶ
887 4004 982 4059 καὶ
1028 4004 1202 4059 ἔσται.
1255 4004 1413 4059 Οὕτω
1451 4006 1546 4059 καὶ
1568 4006 1616 4059 εἰ
1645 4006 1720 4076 μή
1752 4006 1819 4059 ὲκ

238 4096 546 4167 βουλήσεως
577 4094 834 4163 ἐγέννησε
871 4093 962 4147 τὸν
1014 4095 1163 4157 Υἱὸν.
1221 4094 1336 4148 ἀλλ’
1367 4096 1468 4148 οὐκ
1503 4094 1818 4165 ἀϐουλήτως

235 4188 402 4244 αὑτὸν
424 4188 558 4259 ἔχει.
608 4186 762 4241 Θέλει
784 4186 893 4255 γὰρ
926 4186 1017 4241 τὸν
1050 4186 1178 4240 Υἱὸν
1211 4187 1305 4240 καὶ
1331 4187 1496 4256 φιλεῖ,
1520 4183 1705 4248 καθὼς
1726 4184 1820 4253 γέ-

234 4298 504 4351 γραπται.
544 4278 654 4338 Καὶ
716 4277 967 4348 καθάπερ
1010 4280 1038 4331 6
1086 4278 1279 4350 Πατὴρ
1328 4279 1424 4349 τῆς
1465 4277 1818 4342 ὑποστάσεως

231 4373 336 4442 τῆς
371 4371 560 4425 ἑαυτοῦ
584 4369 816 4440 θελητής
846 4371 1017 4434 ἐστιν,
1058 4370 1159 4423 οὐκ
1197 4371 1261 4423 ἐκ
1309 4368 1618 4441 βουλήσεως
1672 4386 1820 4432 τινος

232 4464 395 4517 τοῦτο
419 4463 494 4517 ὣν
517 4463 655 4534 ὅπερ
691 4460 860 4526 ἐστὶν,
917 4460 1061 4516 οὕτω
1121 4462 1217 4516 καὶ
1264 4463 1292 4515 6
1326 4463 1451 4526 Υἱὸς
1484 4463 1550 4516 ἐκ
1598 4462 1697 4534 τῆς
1723 4458 1816 4515 τοῦ

1907 1947 1963 2002 Si
1997 1962 2126 2019 ergo
2154 1948 2326 2002 Filius
2347 1956 2433 2003 est
2461 1946 2751 2001 character
2778 1954 2833 1997 et
2859 1943 3040 2013 imago
3068 1937 3368 2000 Genitoris,
3394 1950 3487 2006 ge-

1906 2041 2050 2096 nitus
2071 2047 2248 2094 autem
2280 2049 2386 2107 est,
2417 2048 2477 2093 ut
2516 2052 2616 2093 vos
2659 2035 2862 2099 dicitis,
2901 2032 3247 2105 praecedente
3273 2028 3485 2084 delibe-

1907 2132 2139 2196 ratione,
2167 2131 2528 2186 necessarium
2566 2128 2791 2185 omnino
2831 2126 2998 2180 fuerit
3038 2122 3261 2177 Patrem
3318 2121 3390 2175 ita
3431 2132 3493 2173 se

1907 2224 2129 2289 habere,
2161 2223 2416 2294 utimago
2436 2233 2492 2278 et
2514 2220 2775 2293 splendor
2824 2217 3036 2288 ipsius:
3074 2216 3213 2269 adeo
3243 2223 3302 2267 ut
3323 2214 3488 2267 etiam

1910 2316 2084 2384 ipsum
2108 2314 2451 2386 praecesserit
2481 2312 2826 2369 deliberatio.
2855 2310 2912 2365 Si
2948 2323 3080 2364 vero
3118 2309 3225 2362 hoc
3266 2305 3489 2374 impium

1908 2417 1992 2463 est
2020 2407 2039 2479 (
2067 2421 2241 2476 neque
2264 2406 2405 2462 enim
2446 2420 2514 2460 ex
2547 2401 2937 2459 deliberatione
2960 2406 3043 2454 est
3082 2396 3275 2451 Patris
3296 2408 3491 2449 essen-

1913 2497 1986 2551 tia
2012 2506 2173 2567 atque
2193 2495 2502 2568 byposlasis
2523 2494 2542 2563 )
2564 2532 2580 2558 ,
2607 2506 2738 2563 ergo
2764 2506 2866 2546 nec
2906 2488 3101 2544 Filium
3122 2501 3189 2542 ex
3216 2482 3493 2539 delibera-

1913 2593 2058 2646 tione
2087 2589 2288 2645 l‘actunt
2322 2603 2442 2645 esse
2467 2586 2551 2643 vel
2580 2585 2829 2651 credere,
2853 2581 2937 2637 vel
2970 2580 3154 2636 dicere
3180 2584 3414 2647 oportet.

2578 2778 2813 2835 ALIUD.

2287 2898 2372 2953 Ea:
2406 2895 2690 2968 objectione
2715 2894 3105 2949 haereticorum.

1986 3016 2055 3069 At
2079 3028 2186 3084 quo
2204 3021 2385 3083 pacto,
2418 3011 2693 3081 inquiunt,
2728 3023 2833 3064 non
2862 3005 3029 3061 fuerit
3060 3012 3284 3058 necesse
3334 2992 3497 3050 fateri

1917 3106 2111 3162 Filium
2159 3105 2295 3160 citra
2355 3104 2690 3159 voluntatem
2757 3108 2851 3154 aut
2889 3094 3174 3154 consilium
3222 3088 3370 3146 Patri
3414 3099 3501 3139 ac-

1839 3195 1883 3254 C
1916 3199 2168 3261 cessisse,
2192 3197 2296 3253 nisi
2328 3196 2555 3252 consilio
2603 3202 2661 3249 et
2716 3192 2999 3247 voluntate
3050 3184 3390 3258 praecedente
3426 3176 3501 3231 [aa

1922 3301 2043 3348 ctus
2067 3290 2186 3346 est?

2444 3400 2649 3457 Salutio
2680 3399 3002 3469 objectionis.

1992 3539 2265 3595 Retundat
2301 3537 2668 3608 impudentem
2715 3536 2951 3590 hostium
3003 3533 3205 3590 Christi
3256 3533 3500 3605 linguam

1924 3633 2182 3688 Servator
2209 3632 2323 3701 ipse
2353 3631 2425 3685 ita
2484 3630 2552 3685 de
2598 3644 2657 3685 se
2692 3628 2887 3684 dicens
2925 3646 2939 3683 :
2977 3646 2996 3678 ι
3028 3625 3189 3681 Pater
3221 3635 3370 3679 amat
3414 3622 3508 3678 Fi-

1922 3725 2050 3779 lium
2076 3726 2142 3778 ⁸ο.
2186 3744 2205 3776 ι
2263 3722 2724 3791 Quemadmodum
2778 3721 2922 3776 enim
3005 3717 3119 3787 jam
3171 3717 3374 3772 dictum
3423 3726 3508 3770 est

1924 3818 2065 3889 quod
2097 3818 2269 3872 bonus
2303 3818 2374 3871 sit
2427 3825 2482 3871 et
2532 3813 2866 3877 misericors,
2894 3811 3057 3866 habet
3088 3809 3139 3865 id
3175 3824 3279 3863 non
3312 3824 3376 3863 ex
3408 3822 3505 3861 vo-

1924 3912 2150 3975 luntate,
2209 3908 2303 3965 sed
2355 3923 2531 3979 neque
2587 3909 2795 3976 absque
2847 3904 3129 3959 voluntate
3180 3902 3297 3956 base
3359 3910 3504 3955 sunt.

1925 4002 2053 4057 Vult
2071 4001 2214 4056 enim
2242 4014 2364 4056 esse
2394 4000 2446 4055 id
2466 3998 2607 4069 quod
2632 4007 2716 4053 est
2739 4010 2957 4066 semper
2988 4004 3041 4049 et
3062 3992 3185 4049 erit.
3211 3990 3288 4045 ita
3316 3990 3506 4056 etiam,

1923 4094 2051 4149 licet
2082 4107 2187 4148 non
2217 4109 2284 4148 ex
2308 4092 2586 4148 voluntate
2619 4091 2867 4160 genuerit
2918 4088 3138 4153 Filium,
3182 4101 3287 4141 non
3317 4095 3498 4139 tamen

1924 4191 2129 4257 absque
2154 4186 2432 4241 voluntate
2463 4184 2612 4239 illum
2639 4184 2821 4240 habet.
2856 4181 2981 4236 Vult
3015 4183 3160 4236 enim
3199 4179 3399 4235 Filium
3453 4187 3511 4233 et

1927 4290 2095 4346 amat,
2128 4281 2268 4335 sicut
2291 4279 2554 4348 scriptum
2604 4287 2708 4333 est.
2741 4276 2807 4330 Et
2854 4273 3310 4345 quemadmodum
3347 4271 3510 4327 Pater

1925 4388 2079 4429 suam
2129 4373 2299 4443 ipsius
2342 4372 2674 4443 hypostasim
2722 4369 2851 4436 vult,
2905 4384 3080 4437 neque
3112 4376 3292 4422 tamen
3319 4381 3385 4421 ex
3415 4380 3511 4419 vos

1926 4466 2133 4521 luntate
2155 4474 2241 4521 est
2269 4464 2321 4519 id
2349 4465 2490 4535 quod
2515 4473 2599 4520 est
2624 4504 2641 4530 ,
2678 4464 2751 4518 ita
2778 4463 2944 4518 etiam
2967 4460 3137 4517 Filius
3162 4477 3229 4517 ex
3270 4460 3507 4516 essentia

234 4554 453 4625 Πατρὶς
476 4555 663 4619 οὐσίας
713 4554 1011 4625 προελθὼν,
1040 4555 1141 4608 οὐκ
1165 4554 1425 4625 ἀθέλητός
1461 4556 1608 4608 ἐστιν
1639 4553 1807 4625 αὐτῷ,

1925 4560 2107 4615 Patris
2144 4559 2467 4629 procedens,
2500 4573 2604 4611 non
2638 4557 2689 4612 ei
2726 4557 2883 4610 adest
2917 4564 3114 4625 praeter
3137 4554 3305 4624 ipsius
3325 4553 3513 4608 volun:

234 4650 287 4699 εἰ
308 4647 401 4700 καὶ
432 4646 683 4718 βούλησις
709 4646 946 4719 οὐδαμοῦ
964 4647 1063 4717 τῆς
1085 4648 1393 4719 γεννήσεως
1427 4645 1818 4719 προδραμοῦσα

237 4740 509 4811 φαίνεται.

918 4854 1123 4908 ΔΛΛΟ.

310 4967 376 5020 Ei
400 4966 741 5038 ἀπαύγασμα
778 4967 871 5020 καὶ
898 4967 1184 5039 χαρακτήρ
1233 4966 1350 5020 ἐστι
1395 4965 1489 5021 τοῦ
1533 4966 1744 5039 Πατρὸς
1793 4967 1822 5020 6

240 5057 392 5121 Υἱὸς,
416 5058 607 5127 γέγονε
635 5059 693 5112 δὲ
720 5057 959 5128 θελήσει,
981 5058 1106 5113 καθ’
1133 5058 1299 5128 ὑμᾶς.
1347 5054 1415 5129 ἦν
1459 5059 1566 5129 ἄρα
1621 5059 1815 5129 χρόνος

238 5153 330 5205 ὅτε
354 5150 453 5204 οὐκ
483 5147 570 5222 ἦν,
601 5151 723 5205 καθ’
766 5150 824 5204 ὃν
877 5154 910 5222 ἡ
964 5151 1091 5221 περὶ
1136 5151 1299 5204 αὐτοῦ
1349 5150 1566 5222 θέλησις
1589 5153 1818 5205 ἐκινεῖτο

242 5244 392 5315 παρὰ
422 5243 501 5314 τῷ
554 5242 748 5315 Πατρί.
797 5244 1005 5297 Οὐκοῦν
1038 5238 1105 5314 ἦν
1156 5261 1287 5297 ποτε
1331 5245 1421 5296 ὅτε
1450 5243 1619 5314 χωρὶς
1646 5245 1819 5296 ἀπαυ-

236 5337 521 5405 γάσματος
540 5331 606 5407 ἦν
644 5338 672 5389 6
703 5335 835 5399 Θεὸς
875 5335 969 5389 καὶ
999 5335 1120 5405 δίχα
1171 5336 1539 5407 χαρακτῆρος.
1596 5336 1727 5400 Καὶ,
1772 5338 1821 5389 εἰ

238 5426 302 5477 τὸ
330 5425 460 5478 ἴδιον
487 5427 585 5496 τῆς
621 5426 811 5489 οὐσίας
870 5426 962 5479 τοῦ
1001 5428 1212 5497 Πατρός
1262 5430 1408 5480 ἐστιν
1462 5430 1490 5480 ὁ
1541 5427 1690 5489 Υἱὸς,
1722 5427 1822 5481 οὐκ

238 5512 308 5585 ἦν
341 5515 396 5568 δέ
421 5534 572 5579 ποτε,
598 5517 718 5570 καθ’
742 5518 906 5586 ὑμᾶς,
958 5519 1073 5570 ἴσον
1100 5519 1213 5570 ἐστὶ
1265 5518 1342 5587 τῷ
1394 5518 1592 5583 λέγειν·
1625 5520 1725 5572 οὐκ
1753 5515 1821 5589 ἦν

241 5627 371 5663 ποτε
397 5609 693 5680 γεννητικὴ
726 5608 819 5662 τοῦ
849 5608 1061 5679 Πατρὸς
1093 5610 1126 5679 ἡ
1156 5610 1334 5662 οὐσίαο
1395 5611 1509 5664 ἀλλ’
1542 5611 1731 5683 ὥσπερ
1757 5611 1818 5664 ἔκ

315 5796 353 5819 ⁵⁵
404 5791 561 5844 ειιοιιτ.
609 5808 643 5851 ι,
687 5792 738 5842 π.
818 5791 859 5814 “‘
901 5788 1054 5859 Juan.
1100 5808 1176 5846 ιιι.

1921 4662 2108 4719 tatem,
2142 4650 2357 4706 tametsi
2402 4650 2653 4706 voluntas
2676 4651 2790 4703 sive
2846 4646 3171 4703 deliberatio
3194 4645 3508 4715 generatio—

1923 4761 2046 4801 nem
2084 4758 2423 4815 nequaquam
2448 4740 2812 4812 praecesserit.

2605 4852 2838 4910 ALIUD.

1995 4970 2052 5025 Si
2082 4969 2335 5041 splendor
2359 4977 2414 5023 et
2435 4968 2721 5025 character
2756 4965 2936 5021 Patris
2982 4973 3066 5019 est
3096 4962 3289 5027 Filius,
3332 4960 3512 5016 factus

1918 5074 2097 5117 autem
2121 5070 2284 5117 estex
2308 5060 2612 5125 voluntate,
2635 5066 2694 5111 ut
2718 5065 2896 5113 vestra
2923 5056 3028 5111 fert
3050 5054 3257 5124 opinio,
3273 5060 3392 5107 erat
3410 5053 3513 5104 ita-

1919 5172 2023 5227 que
2061 5165 2269 5226 tempus
2314 5154 2529 5225 quando
2561 5168 2666 5207 non
2712 5160 2845 5210 erat,
2888 5150 2939 5202 in
2978 5162 3087 5217 quo
3110 5146 3276 5200 Pater
3329 5144 3514 5197 consi-

1920 5247 2051 5302 lium
2094 5262 2249 5300 suum
2300 5246 2366 5301 de
2420 5244 2511 5299 illo
2560 5243 2818 5314 agitabat.
2861 5240 2985 5295 Fuit
3012 5239 3177 5309 igitur
3210 5238 3375 5291 etiam
3410 5235 3511 5287 ali-

1923 5334 2138 5403 quando
2167 5336 2307 5389 Deus
2338 5334 2544 5402 absque
2587 5347 2685 5387 suo
2737 5330 3023 5401 splendore
3059 5336 3115 5382 et
3161 5327 3505 5381 charactere.

1924 5427 2011 5494 Et,
2043 5428 2087 5482 si
2120 5429 2397 5498 proprium
2425 5427 2676 5481 essentia:
2699 5425 2876 5478 Patris
2905 5423 3011 5494 57
3042 5432 3123 5475 est
3152 5419 3506 5486 Filius,atqui

1926 5522 1970 5575 is
2009 5520 2297 5589 aliquando
2323 5536 2429 5573 non
2462 5519 2588 5583 fuit,
2613 5527 2670 5572 ut
2698 5532 2794 5571 vos
2829 5516 3033 5578 dicitis,
3077 5514 3216 5567 idem
3255 5521 3339 5567 est
3373 5526 3436 5563 ac
3461 5510 3507 5564 si

1926 5615 2075 5669 dicas
2106 5614 2473 5685 generativam
2502 5611 2679 5667 Patris
2728 5611 3028 5666 essentiam
3062 5607 3356 5678 aliquando
3403 5620 3508 5659 non
