3876 6208
314 289 378 343 9|
1358 285 1418 342 S.
1456 282 1738 341 CYRILLI
1773 281 2244 338 ALEXANDRINI
2278 279 2603 337 ARCHIEP.
3518 283 3589 341 92

311 408 533 464 luntatis
556 409 974 480 signiﬁcativum
1005 417 1107 473 est,
1140 423 1259 477 quae
1287 410 1351 461 ad
1374 408 1619 479 singulas
1673 418 1893 463 creatu-

2026 422 2064 458 ιν
2103 405 2189 476 εἴη
2217 403 2553 477 σημαντικὸν
2584 404 2683 475 τῆς
2707 404 2793 473 ἐφ’
2821 402 3036 475 ἑκάστῳ
3065 404 3175 458 τῶν
3203 404 3588 477 πεποιημένων

312 514 404 554 ras
426 499 700 556 faciendas
749 516 777 551 a
836 501 947 557 Deo
999 500 1243 555 adhibita
1294 509 1400 563 est,
1466 501 1686 554 tametsi
1719 502 1901 558 statim

314 606 454 661 opus
487 592 835 648 subsecutum
867 600 1146 662 appareat.
1175 591 1231 645 Si
1262 607 1391 661 ergo
1453 600 1740 646 creaturas
1767 607 1903 662 prte-

312 684 457 739 cedit
479 682 750 751 voluntas,
784 684 966 739 omnia
1016 699 1145 738 vero
1176 682 1315 738 facta
1345 693 1473 738 sunt
1514 699 1612 753 per
1660 683 1857 738 Filium
1887 725 1903 747 ,

312 782 466 828 certe
496 772 740 828 omnium
772 788 996 828 numero
1027 788 1133 828 non
1192 774 1679 843 comprehenditur
1721 776 1767 830 is
1810 792 1907 845 per

314 881 474 935 quem
500 867 680 921 omnia
709 866 845 921 facta
865 875 1011 921 sunt.
1052 866 1115 921 Et
1161 866 1205 921 si
1256 866 1393 921 alius
1422 876 1507 922 est
1557 868 1625 921 ab
1678 868 1743 923 iis
1786 884 1905 935 quas

315 957 591 1024 pmcessit
616 957 885 1020 voluntas,
920 973 1027 1012 non
1058 968 1142 1011 est
1172 957 1349 1012 factus
1378 974 1445 1013 ex
1480 959 1756 1015 voluntate
1791 962 1903 1015 sic-

316 1047 652 1119 utilla.lpse'
677 1050 821 1104 enim
864 1060 947 1104 est
970 1052 1089 1103 viva
1148 1050 1404 1105 voluntas
1471 1048 1673 1115 Patris,
1708 1051 1759 1104 in
1794 1066 1901 1120 qua

314 1138 496 1191 omnia
521 1148 793 1205 operatur.
836 1136 1002 1194 Vocat
1061 1149 1243 1193 autem
1299 1140 1463 1195 etiam
1519 1140 1693 1207 ipsum
1752 1137 1906 1196 Psal-

318 1230 475 1283 mista
508 1230 841 1285 voluntatem
873 1230 1073 1296 Patris,
1106 1231 1330 1287 dicens:
1365 1250 1385 1285 ι
1423 1234 1478 1288 In
1510 1233 1782 1289 voluntate
1814 1244 1903 1290 tua

318 1319 589 1375 deduxisti
624 1335 710 1375 me
737 1320 803 1376 ⁷⁸.
848 1338 866 1371 ι

998 1436 1233 1493 ALIUD.

393 1551 451 1607 Si
477 1552 759 1606 consilium
786 1562 842 1608 ει
870 1549 1117 1607 voluntas
1143 1551 1323 1606 Patris
1366 1560 1450 1606 est
1490 1550 1680 1619 Filius,
1716 1562 1775 1605 ut
1828 1566 1903 1607 rep

318 1657 450 1696 vera
477 1651 582 1703 est,
620 1656 727 1710 quo
748 1648 903 1711 pacto
925 1641 1183 1711 praecedit
1209 1641 1456 1695 voluntas
1487 1640 1605 1710 ejus
1636 1642 1904 1697 exsisten-

324 1728 494 1782 tiam?
532 1727 815 1784 Videbitur
839 1729 984 1785 enim
1019 1729 1133 1799 ipse
1158 1730 1395 1798 seipsum
1427 1729 1641 1785 fecisse.
1693 1731 1798 1801 55
1838 1733 1904 1786 Et
1938 1760 1981 1818 Β

323 1820 413 1888 qui
442 1821 676 1875 nondum
709 1821 880 1877 factus
902 1830 1041 1886 erat,
1068 1831 1125 1875 ut
1174 1822 1411 1877 haeretici
1463 1823 1668 1887 volunt,
1733 1826 1801 1877 de
1848 1840 1906 1879 se

325 1910 442 1977 ipso
466 1912 801 1968 deliberasse
827 1913 1054 1968 dicetur.
1106 1915 1174 1967 At
1196 1914 1241 1968 si
1281 1915 1380 1969 hoc
1408 1917 1702 1970 absurdum
1754 1917 1903 1972 dictu

326 2013 433 2070 est,
465 2020 570 2059 non
597 2019 729 2075 ergo
753 2005 1028 2062 voluntate
1056 2006 1231 2063 factus
1289 2016 1394 2073 est,
1443 2009 1905 2077 quemadmodum

325 2102 625 2162 creaturae;
658 2096 752 2153 sed
780 2107 975 2152 eratut
1006 2098 1254 2155 voluntas
1286 2099 1465 2155 Patris
1491 2102 1542 2155 in
1571 2102 1708 2172 ipso,
1741 2113 1909 2173 atque

326 2190 464 2245 adeo
492 2189 663 2259 ipsius
684 2189 961 2247 Genitoris
982 2193 1236 2247 essentize
1258 2193 1586 2264 proprietas.

1000 2300 1232 2356 ALIUD.

396 2407 650 2465 Christus
677 2409 877 2467 alicubi
909 2410 1088 2480 inquit
1120 2432 1134 2467 :
1179 2411 1289 2483 Ego
1332 2413 1384 2467 in
1418 2412 1601 2478 Patre,
1637 2426 1691 2471 et
1751 2416 1912 2473 Pater

329 2500 382 2555 in
411 2516 517 2567 me,
545 2501 710 2557 veluti
742 2502 919 2557 locum
954 2503 1270 2572 quemdam,
1309 2506 1399 2574 qui
1433 2522 1492 2560 se
1521 2506 1696 2561 solum
1731 2509 1909 2563 couti-

330 2602 478 2659 neat,
542 2595 859 2663 signillcans
907 2593 1150 2659 Patrem,
1183 2606 1238 2651 et
1268 2614 1459 2654 rursus
1488 2599 1705 2656 Patrem
1737 2602 1910 2658 solum

332 2685 384 2738 iu
415 2685 530 2753 ipso
559 2684 935 2739 exsisteutem.
995 2686 1051 2740 Si
1084 2700 1213 2756 ergo
1244 2687 1388 2742 aliud
1432 2690 1714 2759 quidpiam
1747 2692 1910 2747 estin

333 2775 493 2829 Patre
527 2776 785 2831 voluntas
811 2776 985 2845 ipsius
1035 2792 1198 2848 quam
1233 2778 1425 2843 Filius,
1455 2796 1563 2850 quo
1600 2791 1757 2850 pacto
1781 2798 1912 2838 vero

332 2868 450 2922 haec
483 2866 725 2922 dixerit?
761 2868 1086 2937 Reperietur
1119 2870 1288 2938 enim,
1330 2871 1485 2939 juxta
1525 2875 1769 2927 insanam
1802 2875 1915 2930 ha:-

333 2959 627 3014 reticorum
658 2958 991 3028 opinionem,
1045 2970 1169 3015 ante
1228 2964 1604 3019 exsistentiam
1637 2962 1781 3031 Filii,
1818 2981 1912 3021 vo-

334 3051 516 3105 luntas
577 3049 635 3105 iu
685 3048 846 3105 Patre
896 3052 1186 3118 exsistens,
1228 3068 1325 3121 per
1383 3070 1545 3125 quam
1593 3057 1768 3112 factus
1805 3067 1913 3124 est,

2006 495 2303 567 γενομένης
2342 495 2491 566 παρὰ
2524 495 2681 560 Θεοῦ,
2719 497 2767 549 εί
2814 496 2909 549 καὶ
2957 496 3301 568 παραχρῆμα
3322 498 3383 551 τὸ
3425 498 3589 569 ἔργον

2005 586 2330 642 ἀκολουθοῦν
2353 588 2621 656 φαίνεται.
2673 588 2738 641 Ei
2790 588 2969 665 τοίνυν
2998 587 3106 642 τῶν
3143 590 3242 659 μὲν
3271 592 3588 661 κτισμάτων

2006 681 2222 750 ἡγεῖται
2260 678 2530 749 βούλησις,
2577 680 2766 748 γέγονε
2808 680 2874 733 δὲ
2918 682 3096 734 πάντα
3157 680 3223 734 δι’
3256 682 3406 746 Υἱοῦ,
3432 684 3591 747 ὲκτὸς

2007 772 2123 822 ἐστι
2146 768 2255 822 τῶν
2286 769 2504 824 πάντων
2558 771 2586 822 ὁ
2642 771 2708 824 δι’
2742 765 2803 825 οὗ
2833 771 2901 825 τὰ
2940 770 3119 826 πάντα
3150 773 3359 841 γέγονε.
3404 774 3516 827 Καὶ
3540 777 3588 827 εί

2005 860 2192 932 ἕτερός
2223 862 2369 914 ὲστιν
2421 861 2647 915 ἐκείνων
2681 854 2756 915 ὧν
2800 864 3046 933 ήγήσατο
3097 864 3372 936 βούλησις,
3394 866 3493 919 οὑκ
3520 866 3588 919 ἂν

2005 951 2093 1021 εἴη
2124 950 2264 1004 κατὰ
2295 950 2547 1022 βούλησιν
2580 953 2817 1021 γεγονὼς
2847 953 3034 1026 ὥσπερ
3064 955 3222 1008 αὑτά.
3270 955 3441 1019 Αὐτὸς
3478 958 3589 1029 γάρ

2005 1041 2153 1093 ἐστιν
2192 1042 2226 1112 ή
2249 1040 2401 1105 ζῶσα
2422 1041 2585 1113 βουλὴ
2626 1042 2721 1095 τοῦ
2748 1043 2983 1114 Πατρὸς,
3037 1044 3095 1096 ὲν
3137 1039 3262 1118 ᾖτὰ
3295 1045 3473 1100 πάντα
3497 1046 3590 1123 ἐρ-

2005 1131 2253 1199 γάζεται.
2281 1133 2454 1187 Kak!
2496 1134 2554 1186 δὲ
2611 1133 2774 1187 αὑτὸν
2794 1136 2889 1188 καὶ
2929 1135 3124 1207 βουλὴν
3167 1136 3260 1190 τοῦ
3306 1138 3518 1209 Πατρδς
3559 1139 3589 1190 ὁ

2005 1223 2309 1293 Ψαλμῳδὸς
2337 1264 2351 1290 ,
2392 1222 2566 1294 λέγων
2599 1241 2613 1256 ’
2680 1244 2699 1278 ι
2749 1227 2839 1279 Ἐν
2884 1229 2953 1298 τῇ
3020 1226 3182 1299 βουλῇ
3232 1244 3324 1279 σου
3383 1228 3590 1300 ὡδήγη-

2006 1313 2105 1378 σάς
2138 1331 2225 1385 με.
2261 1333 2280 1366 ι

2674 1431 2881 1486 ΑΛΛΟ.

2078 1541 2141 1595 Ei
2174 1539 2339 1612 βουλή
2392 1541 2487 1597 καὶ
2538 1542 2751 1615 θέλημα
2781 1544 2875 1599 τοῦ
2908 1545 3121 1618 Πατρός
3166 1547 3315 1613 ἐστιν
3363 1549 3392 1603 ὁ
3428 1549 3593 1614 Υἱὸς,

2004 1636 2190 1705 ὥσπερ
2229 1630 2321 1689 οῦν
2352 1634 2446 1688 καὶ
2474 1634 2611 1701 ἔστι,
2661 1638 2778 1701 πῶς
2809 1640 3025 1709 ήγεῖται
3053 1639 3273 1710 θέλησις
3296 1641 3392 1710 τῆς
3413 1642 3590 1711 ὑπάρ-

2010 1726 2143 1792 ξεως
2172 1725 2564 1793 αὑτοῦ;Αὑτδς
2592 1728 2701 1799 γάρ
2731 1729 2922 1783 ἑαυτὸν
2945 1730 3096 1785 ἔσται
3126 1731 3464 1803 πεποιηκώς.
3482 1734 3595 1786 Καὶ

2013 1821 2043 1873 ὁ
2077 1819 2244 1890 μήπω
2293 1816 2554 1887 γεγονὼς,
2612 1820 2754 1873 κατὰ
2805 1822 2933 1885 τοὺς
2983 1824 3405 1893 χριστομάχους,
3466 1823 3605 1892 περὶ

2015 1909 2209 1965 ἑαυτοῦ
2248 1912 2495 1980 φανεῖται
2552 1910 2956 1984 βουλευόμενος.
3019 1914 3082 1968 Ei
3132 1913 3192 1967 δὲ
3222 1914 3382 1968 τοῦτο
3418 1912 3599 1982 λέγειν

2014 2000 2233 2066 ἄτοπον,
2267 2001 2369 2053 οὑκ
2393 1999 2501 2071 ἄρα
2527 2000 2778 2073 βουλήσει
2818 2004 3062 2073 γέγονεν,
3106 2005 3293 2077 ὥσπερ
3348 2006 3415 2060 τὰ
3438 2008 3598 2076 ποιή-

2018 2110 2182 2164 ματα·
2225 2094 2339 2147 ἀλλ’
2368 2090 2436 2167 ἦν
2459 2094 2534 2159 ὡς
2560 2095 2722 2168 βουλὴ
2775 2096 2870 2150 τοῦ
2916 2098 3131 2170 Πατρὸς
3154 2100 3212 2152 ἐν
3245 2098 3418 2169 αὑτῷ,
3468 2098 3603 2151 αὑτὸ

2015 2186 2113 2257 τῆς
2140 2186 2326 2251 οὐσίας
2361 2188 2624 2260 ὑπάρχων
2653 2189 2744 2242 τοῦ
2772 2192 3135 2261 γεννήσαντος
3161 2192 3221 2245 τὸ
3254 2191 3405 2247 [διον.

2716 2304 2919 2360 AAAO.

2086 2412 2250 2483 Λέγει
2276 2431 2381 2467 που
2410 2414 2663 2486 Χριστός
2708 2436 2727 2467 ι
2775 2416 2916 2484 Ἐγὼ
2974 2417 3033 2471 ὲν
3082 2417 3160 2488 τῷ
3200 2420 3397 2490 Πατρὶ,
3433 2422 3528 2475 καὶ
3572 2422 3606 2474 ὁ

2020 2506 2209 2577 Πατὴρ
2231 2507 2289 2560 ὲν
2311 2506 2457 2576 ἐμοὶ,
2495 2524 2513 2557 ι
2579 2507 2769 2581 ὥσπερ
2816 2507 2938 2561 τινὰ
2988 2509 3154 2564 τόπον
3185 2512 3377 2565 ἑαυτὸν
3409 2512 3603 2583 ἔχοντα

2021 2597 2181 2667 μόνον
2221 2596 2502 2668 σημαίνων
2523 2597 2615 2650 τὸν
2649 2599 2888 2669 Πατέρα,
2915 2599 3012 2655 καλ⁸
3056 2600 3218 2655 πάλιν
3255 2602 3331 2666 ὡς
3363 2603 3457 2656 τοῦ
3489 2605 3603 2657 Πα-

2018 2688 2144 2758 τρὸς
2178 2688 2329 2751 ὄντος
2360 2688 2418 2741 ὲν
2453 2688 2604 2759 αὑτῷ
2632 2688 2811 2759 μόνον.
2845 2691 2907 2743 Εἰ
2931 2690 3109 2744 τοίνυν
3149 2692 3335 2764 ἕτερόν
3365 2694 3417 2746 τί
3451 2695 3603 2747 ἐστιν

2020 2779 2077 2830 ὲν
2102 2776 2179 2847 τῷ
2206 2778 2381 2848 Πατρὶ
2412 2778 2563 2849 παρὰ
2590 2780 2681 2830 τὸν
2719 2779 2847 2833 Υίὸν
2887 2781 2919 2850 ή
2968 2780 3222 2851 βούλησις
3253 2782 3439 2847 αὑτοῦ,
3486 2783 3605 2846 πῶς

2019 2866 2310 2938 ἀληθεύσει
2339 2867 2407 2921 τὰ
2438 2867 2663 2921 τοιαῦτα
2705 2868 2914 2937 λέγων;
2939 2870 3265 2942 Εὑρίσκεται
3301 2872 3429 2942 γὰρ,
3463 2871 3608 2926 κατά

2020 2959 2120 3028 τὴν
2153 2957 2260 3011 τῶν
2293 2959 2676 3029 χριστομάχων
2734 2961 2956 3030 μανίαν,
3000 2963 3105 3032 πρὸ
3168 2963 3267 3032 τῆς
3317 2960 3606 3035 ὑπάρξεως

2021 3049 2116 3103 τοῦ
2147 3049 2299 3116 Υίοῦ,
2333 3050 2589 3121 βούλησις
2608 3047 2744 3106 οὖσα
2783 3054 2841 3105 ὲν
2871 3054 3067 3124 Πατρὶ,
3096 3054 3218 3107 καθ’
3246 3056 3312 3126 ἣν
3336 3055 3561 3123 γέγονεν
3588 3097 3605 3122 ,

337 3143 485 3197 utilli
518 3143 725 3199 dicunt.
766 3143 822 3198 Si
850 3154 1031 3199 autem
1089 3161 1215 3200 vere
1248 3148 1377 3203 dicit
1403 3165 1462 3202 se
1507 3150 1561 3202 in
1591 3148 1749 3205 Patre
1771 3164 1915 3219 esse,

2026 3141 2093 3204 ὡς
2132 3142 2330 3195 ὲκείνοί
2362 3159 2546 3212 φασιν.
2575 3144 2636 3196 Ei
2677 3143 2735 3196 δὲ
2765 3144 3042 3215 ἀληθεύει,
3094 3146 3285 3199 ἑαυτὸν
3332 3148 3391 3199 ὲν
3432 3147 3610 3217 Πατρὶ

334 3242 389 3287 ει
426 3249 634 3300 rursus,
664 3234 838 3289 solum
862 3236 916 3290 in
948 3250 1008 3290 se
1038 3251 1157 3291 esse
1188 3236 1398 3292 Patrem
1419 3278 1434 3300 ,
1467 3240 1685 3293 ubinam
1713 3242 1917 3295 consti-

256 3378 261 3381 .
338 3335 521 3379 tuetur
563 3326 839 3390 voluntas,
895 3342 1018 3381 cum
1082 3329 1215 3382 nihil
1272 3329 1374 3384 loci
1448 3331 1517 3385 sit
1565 3331 1919 3387 intermedii?

338 3417 490 3482 Quod
529 3418 573 3472 si
600 3433 785 3472 verum
812 3427 918 3485 est,
969 3434 1074 3474 non
1124 3436 1253 3490 ergo
1286 3421 1563 3477 voluntate
1595 3424 1773 3478 factus
1795 3434 1880 3479 est
1902 3465 1918 3491 ,

340 3509 437 3563 sed
476 3508 590 3579 ipse
617 3518 701 3564 est
730 3509 984 3565 voluntas
1021 3510 1222 3567 Patris.

1021 3622 1250 3680 ALIUD.

410 3733 464 3790 Si
506 3736 966 3803 quemadmodum
1013 3724 1314 3804 creaturas,
1346 3740 1417 3795 ita
1466 3741 1630 3796 etiam
1654 3743 1926 3799 exsisten-

344 3832 471 3883 tiam
494 3827 613 3884 Filii
650 3832 929 3900 pmcessit
957 3834 1228 3899 voluntas,
1257 3849 1357 3888 cur
1386 3850 1507 3904 qua:
1544 3835 1689 3890 idem
1720 3837 1925 3892 habent

342 3921 707 3991 generationis
740 3923 1064 3993 principium
1090 3933 1142 3978 et
1189 3941 1285 3995 per
1310 3926 1554 3982 eamdem
1586 3928 1921 3984 voluntatem

344 4013 487 4068 facta
520 4024 666 4077 sunt,
694 4023 977 4086 tantopere
1005 4017 1147 4070 inter
1171 4033 1229 4072 se
1262 4029 1455 4073 natura
1480 4018 1757 4083 dill'erunt,
1788 4022 1925 4076 adeo

343 4112 402 4157 ιιι
428 4103 516 4158 ille
554 4105 816 4163 Dominus
846 4107 916 4162 sit
949 4116 1005 4162 et
1063 4108 1223 4175 Deus,
1258 4109 1339 4163 hae
1368 4110 1592 4166 serviles
1630 4114 1739 4165 sint
1764 4128 1923 4167 crea-

344 4196 505 4250 tum?
528 4195 873 4253 Manifestum
904 4207 1085 4253 autem
1121 4210 1204 4255 est
1230 4202 1371 4270 quod
1412 4203 1583 4258 Filius
1610 4205 1797 4259 deitati
1823 4206 1926 4260 Pa-

347 4288 445 4342 tris
475 4289 796 4344 naturaliter
828 4290 1013 4344 unitus
1070 4291 1327 4347 Dominus
1359 4296 1432 4348 'et
1483 4293 1684 4349 dicitur
1706 4306 1870 4351 etest
1908 4315 1923 4351 :

345 4390 592 4433 creatura
624 4395 755 4435 vero
793 4394 975 4448 serva,
1013 4383 1137 4452 quia
1193 4395 1347 4438 extra
1371 4386 1667 4441 essentiam
1707 4399 1923 4443 creato-

2026 3232 2126 3302 μὲν
2157 3228 2298 3286 εἶναι
2332 3235 2579 3303 φάσκων,
2610 3235 2702 3289 καὶ
2735 3236 2922 3297 πάλιν,
2950 3237 3027 3301 ὡς
3051 3238 3211 3308 μόνον
3251 3240 3309 3292 ὲν
3345 3238 3495 3309 αὑτῷ
3515 3238 3609 3292 τὸν

2024 3325 2261 3393 Πατέρα,
2278 3326 2382 3379 ποῦ
2410 3328 2443 3397 ἡ
2469 3327 2722 3400 βούλησις
2740 3330 3008 3397 κείσεται,
3027 3330 3243 3396 οὐδενὸς
3261 3331 3411 3395 δντος
3437 3330 3608 3384 τόπου

2026 3416 2231 3488 μεταξύ
2255 3435 2269 3484 ;
2308 3420 2368 3472 Ei
2393 3419 2449 3473 δὲ
2474 3420 2654 3483 τοῦτο,
2675 3421 2774 3475 οὑκ
2798 3420 2908 3493 ἄρα
2944 3422 3199 3494 βουλήσει
3232 3423 3473 3495 γέγονεν,
3491 3422 3609 3478 ἀλλ’

2024 3510 2185 3575 αὑτός
2213 3513 2361 3566 ἐστιν
2390 3514 2425 3584 ἡ
2461 3512 2558 3567 τοῦ
2584 3514 2799 3586 Πατρδς
2828 3514 3106 3587 βούλησις.

2721 3630 2930 3682 AAAO.

2095 3742 2159 3795 Εἰ
2210 3741 2461 3813 καθάπερ
2508 3740 2620 3795 τῶν
2659 3743 2983 3813 ποιημάτων
3036 3732 3279 3815 ἡγήσατο
3323 3734 3606 3815 βούλησις,

2024 3832 2167 3887 οὑτω
2193 3833 2288 3886 καὶ
2315 3832 2413 3903 τῆς
2445 3832 2733 3903 ὑπάρξεως
2760 3832 2854 3886 τοῦ
2885 3833 3145 3904 Χριστοῦ,
3189 3833 3314 3886 ὅτου
3338 3832 3402 3904 δὴ
3446 3833 3613 3905 χάριν

2023 3925 2095 3979 τὰ
2131 3925 2228 3995 τὴν
2259 3923 2428 3994 αὑτὴν
2487 3922 2677 3993 ἔχοντα
2705 3923 2808 3993 τῆς
2836 3923 3104 3992 γενέσεως
3144 3923 3321 3995 ἀρχὴν
3366 3923 3462 3977 καί⁵
3518 3922 3612 3978 διὰ

2024 4016 2125 4086 τῆς
2155 4015 2323 4085 αὑτῆς
2358 4015 2621 4083 γεγονότα
2683 4014 2902 4086 βουλῆς,
2948 4014 3205 4068 τοσοῦτον
3238 4013 3482 4084 ἀλλήλων
3509 4013 3611 4085 τὴν

2028 4108 2189 4177 φύσιν
2217 4107 2517 4176 διέστηκεν.
2552 4106 2628 4170 ὼς
2650 4106 2752 4187 τὸν.
2773 4108 2875 4177 μὲν
2905 4106 3109 4177 Κύριον
3147 4106 3318 4170 οὑτως
3350 4101 3489 4159 εἶναι
3514 4106 3611 4159 καὶ

2026 4200 2177 4263 Θεὸν,
2225 4199 2293 4251 τὰ
2325 4199 2380 4251 δὲ
2404 4199 2564 4252 δοῦλὰ
2587 4217 2645 4251 τε
2671 4200 2763 4252 καὶ
2787 4200 3105 4270 ποιήματα;
3147 4199 3285 4252 Ἀλλ’
3319 4198 3614 4270 ἕστιδῆλον

2027 4294 2102 4356 ὡς
2131 4295 2159 4346 ὁ
2190 4292 2288 4363 μὲν
2314 4292 2440 4354 Υἱὸς
2494 4294 2560 4363 τῇ
2591 4295 2685 4344 τοῦ
2723 4290 2940 4362 Ιίατρδς
2995 4291 3208 4361 θεότητι
3268 4294 3408 4344 κατά
3450 4289 3615 4358 φύσιν

2029 4384 2316 4456 ἑνούμενος
2355 4384 2558 4454 Κύριος
2618 4383 2836 4453 είρηται
2901 4383 2992 4435 καὶ
3041 4382 3209 4435 ἔστιν’
3237 4383 3270 4452 ή
3302 4381 3360 4434 δὲ
3411 4381 3614 4446 κτίσις,

347 4472 422 4525 ris
449 4480 555 4539 est,
589 4480 645 4526 ει
686 4487 716 4526 a
750 4474 982 4529 naturali
1033 4473 1101 4529 ad
1153 4475 1369 4530 Patrem
1420 4477 1684 4533 relatione
1724 4480 1915 4535 aliena.

2028 4478 2211 4549 δούλη,
2231 4477 2321 4531 διὰ
2353 4477 2413 4529 τὸ
2438 4476 2541 4542 ἔξω
2577 4475 2793 4529 κεῖσθαι
2816 4474 2918 4545 τῆς
2942 4475 3131 4537 οὑσίας
3185 4473 3287 4527 τοῦ
3316 4472 3616 4543 πεαιτοιηκό⁴

347 4564 719 4621 Necessarium
754 4567 918 4635 igitur
937 4576 1021 4624 est
1050 4577 1111 4623 ιιι
1150 4586 1269 4639 qu:e
1320 4578 1522 4624 tantam
1561 4572 1705 4627 inter
1738 4589 1796 4629 se
1822 4575 1920 4626 ha-

351 4657 900 4728 bentdillerentiam,
943 4679 1049 4718 non
1097 4680 1263 4719 unum
1310 4665 1547 4720 habeant
1571 4667 1924 4737 principium.

351 4748 458 4804 Sed
495 4750 576 4804 hae
610 4752 850 4819 quidem,
886 4765 948 4810 ut
992 4766 1277 4818 creaturae,
1328 4771 1396 4811 ex
1448 4758 1726 4814 voluntate
1774 4759 1931 4815 facta:

349 4851 496 4895 sunt.
548 4841 720 4899 Filius
775 4856 975 4913 autem,
1007 4849 1204 4918 quippe
1230 4850 1319 4919 qui
1352 4860 1437 4905 est
1478 4850 1594 4920 ipsa
1640 4851 1930 4920 voluntas,

349 4942 470 4988 erat
498 4934 567 4989 ab
591 4944 795 4990 aeterno
818 4936 869 4991 iu
904 4936 1087 4997 Patre.

701 5048 934 5116 ALIUD,
962 5054 1033 5107 ad
1060 5056 1135 5109 rei
1157 5056 1575 5126 explicationem.

421 5159 720 5229 Oportebat
765 5175 945 5217 autem
986 5165 1151 5221 hosce
1206 5167 1408 5223 Christi
1460 5170 1645 5226 hostes
1698 5170 1788 5239 qui
1833 5186 1940 5225 non

354 5258 611 5302 vereantur
675 5250 1017 5322 interrogare
1056 5269 1123 5309 an
1158 5256 1433 5314 voluntate
1461 5259 1654 5315 Filium
1680 5265 1930 5331 genuerit

352 5338 530 5405 Pater,
559 5341 721 5394 etiam
778 5343 879 5397 hoc
924 5345 1103 5399 dicere
1138 5365 1150 5400 :
1212 5347 1293 5400 An
1342 5349 1393 5403 in
1425 5353 1706 5420 prudentia
1737 5352 1930 5408 Filium

352 5429 597 5497 genuerit
622 5428 799 5483 Pater.
838 5429 985 5487 Idem
1020 5433 1162 5487 enim
1189 5435 1441 5491 videntur
1465 5453 1587 5493 esse
1611 5439 1929 5495 deliberatio

352 5526 407 5573 et
438 5518 741 5585 prudentia.
772 5520 1050 5592 Siquidem
1085 5524 1333 5597 quisquis
1396 5529 1596 5598 aliquid
1629 5530 1931 5599 deliberat,

431 5696 477 5729 "
510 5694 647 5752 l’sal.
690 5715 858 5766 tu",
899 5702 988 5755 ‘23.

2031 4589 2142 4636 τος,
2190 4571 2284 4624 καὶ
2333 4570 2434 4640 τῆς
2483 4569 2621 4640 πρὸς
2672 4567 2765 4621 τὸν
2812 4567 3036 4638 Πατέρα
3089 4566 3326 4637 σχέσεως
3351 4565 3610 4635 φυσικῆς.

2046 4664 2283 4735 ’Δνάγκη
2310 4663 2490 4716 τοίνυν
2511 4662 2580 4715 τὰ
2612 4660 2882 4732 τοσαύτην
2905 4660 3097 4730 ἔχοντα
3127 4658 3261 4730 πρὸς
3289 4657 3494 4729 ἄλληλα
3512 4657 3620 4728 τὴν

2031 4757 2315 4829 διαφορὰν,
2367 4755 2445 4826 μὴ
2483 4755 2615 4825 μίαν
2648 4753 2791 4824 ἔχειν
2838 4754 3035 4824 ἀρχήν.
3082 4751 3244 4804 Ἀλλὰ
3280 4750 3350 4804 τὰ
3383 4751 3503 4821 μὲν,
3536 4750 3615 4813 ὡς

2034 4848 2338 4919 ποιήματα,
2393 4848 2458 4898 ἐκ
2507 4843 2815 4915 βουλήσεως
2874 4842 3116 4910 γέγονεν.
3165 4841 3224 4894 '0
3269 4841 3327 4893 δὲ
3360 4840 3509 4904 Υἱὸς,
3537 4838 3615 4903 ὡς

2035 4940 2196 5005 αὑτὸς
2216 4938 2291 4993 ὢν
2314 4941 2347 5009 ὴ
2380 4937 2653 5008 βούλησις,
2680 4932 2746 5007 ἦν
2779 4935 2963 4997 άῖδίως
2996 4936 3055 4987 ὲν
3096 4932 3293 5004 Πατρί.

2465 5050 2649 5104 AAAO
2669 5090 2683 5115 ,
2711 5043 3167 5117 διηγηματικῶς.

2099 5166 2248 5219 Ἔδει
2273 5162 2401 5226 τοὺς
2452 5160 2859 5232 χριστομάχους
2904 5156 3329 5228 ἀποτολμῶντας
3382 5155 3613 5227 ἐρωτᾷν,

2034 5262 2082 5313 εἰ
2126 5258 2375 5329 βουλήσει
2406 5257 2499 5309 τὸν
2525 5254 2657 5308 Υἱὸν
2694 5252 2986 5322 ἐγέννησεν
3015 5253 3042 5304 ὁ
3090 5251 3305 5321 Πατὴρ,
3329 5249 3429 5303 καὶ
3457 5247 3617 5301 τοῦτο

2034 5353 2232 5420 λέγειν·
2268 5350 2331 5402 Ei
2362 5350 2420 5401 ὲν
2449 5347 2708 5418 φρονήσει
2734 5344 2825 5397 τὸν
2862 5342 2990 5395 Υἱὺν
3015 5342 3300 5413 ἐγέννησεν
3330 5344 3358 5394 ὁ
3402 5340 3613 5409 Πατήρ.

2037 5442 2245 5497 Ταυτὸν
2267 5441 2374 5510 γὰρ
2405 5438 2671 5508 ὑπάρχειν
2711 5436 2961 5503 φαίνεται
3002 5433 3163 5505 βουλὴ
3198 5434 3291 5488 καὶ
3332 5432 3613 5503 φρόνησις.

2051 5534 2267 5604 Ἐπειδὴ
2308 5534 2415 5588 πᾶν
2470 5531 2607 5602 ὅπερ
2660 5531 2725 5586 ἄν
2777 5546 2857 5593 τις
2899 5526 3248 5599 βουλεύηται,
3310 5524 3468 5579 τοῦτο
3524 5523 3617 5576 καὶ
