3876 6208
219 323 293 382 93
1630 270 2070 377 THESAUilUS.
3413 326 3483 381 95

222 441 429 513 φρονεῖ·
456 439 549 493 καὶ
588 438 751 493 πάλιν
788 438 979 510 ὥσπερ
1006 438 1067 504 ἐξ
1096 438 1569 511 ἀντιστρέφοντος,
1609 440 1639 493 ὃ
1675 458 1803 511 φρο-

1930 441 2045 498 dem
2072 439 2237 497 etiam
2272 442 2508 512 prudens
2529 452 2616 499 est
2643 460 2658 498 :
2688 451 2742 497 et
2772 444 2893 499 vice
2919 457 3094 509 versa,
3131 445 3222 514 qui
3247 445 3486 515 prudens

220 536 322 593 νεῖ,
367 532 462 586 καὶ
502 529 838 601 βουλεύεται.
902 528 1230 599 Εὑρίσκεται
1264 529 1395 597 γοῦν
1435 530 1512 592 ὡς
1555 530 1802 584 ἰσοδυνα-

223 623 430 695 μοῦντα
464 624 753 677 συνάπτων
780 621 921 675 αὑτά
940 622 1036 675 καὶ
1066 623 1095 675 6
1135 622 1324 693 Σωτήρ
1348 624 1432 691 ἐφ’
1461 621 1678 687 ἑαυτοῦ,
1705 623 1803 678 καὶ

219 717 416 784 λέγων·
465 715 602 786 Ἐμή
642 713 805 785 βουλὴ
859 714 951 767 καὶ
987 713 1280 782 ἀσφάλεια,
1324 714 1435 784 ὲμὴ
1497 716 1801 785 φρόνησις,

221 805 332 876 ἐμή
350 804 406 856 δὲ
436 803 608 874 ἰσχύς.
632 802 844 873 Ὥσπερ
887 802 995 872 γάρ
1019 799 1289 871 ἀσφάλεια
1316 802 1410 854 καὶ
1434 800 1589 870 ἰσχὺς
1610 799 1804 852 ταυτόν

222 897 393 957 ἐστιν,
434 892 578 947 οὕτω
631 892 724 945 καὶ
770 890 933 962 βουλὴ
985 890 1081 943 καὶ
1136 888 1420 960 φρόνησις.
1456 889 1522 942 Εἰ
1578 887 1676 958 μὲν
1713 882 1805 940 οὖν

220 986 435 1058 ἄφρονά
472 1002 603 1039 ποτε
656 982 976 1037 πιστεύουσι
1037 981 1368 1053 γεγενῆσθαι
1420 979 1513 1033 τὸν
1546 979 1801 1050 Πατέρα,

222 1078 586 1150 ὲρωτάτωσαν
615 1078 664 1129 εἰ
702 1078 757 1129 ὲν
788 1074 1048 1147 φρονήσει
1108 1074 1407 1143 γεγέννηκε
1427 1072 1521 1125 τὸν
1544 1071 1692 1125 Υίόν.
1738 1072 1801 1123 Εἰ

223 1171 583 1243 δὲφρίττουσι
628 1170 789 1223 τοῦτο
833 1170 930 1222 καὶ
994 1167 1155 1236 μόνον
1198 1165 1508 1229 ἀκούοντες,
1539 1163 1657 1227 πῶς
1706 1164 1808 1218 οὐκ

225 1263 426 1327 ἀσεϐὲς
462 1263 523 1316 τὸ
554 1263 764 1333 ἐρωτᾷν
794 1260 889 1314 καὶ
916 1259 1094 1327 λέγειν
1128 1260 1211 1326 ἐφ’
1243 1257 1375 1311 Υἱοῦ
1416 1257 1496 1310 τό·
1534 1255 1798 1325 Βουλήσει

226 1354 593 1425 γεγὲνηται,ἢ
626 1355 735 1426 μή;
761 1350 1031 1422 τοσαύτην
1063 1350 1156 1405 τοῦ
1185 1350 1344 1419 λόγου
1370 1348 1468 1421 τήν
1496 1346 1809 1419 δυσφημίαν

227 1445 589 1517 εἰσφέροντος.

919 1558 1125 1611 ΑΛΛΟ.

310 1671 369 1727 '0
400 1670 669 1742 μακάριος
705 1669 917 1734 Παῦλος
944 1671 1042 1742 τήν
1069 1669 1490 1740 ἀπαράλλακτον
1516 1671 1811 1742 ὁμοιότητα

226 1763 513 1828 δεικνύων,
545 1763 613 1834 ήν
636 1764 666 1816 6
692 1763 820 1826 Υίδς
870 1761 983 1833 ἔχει
1014 1762 1149 1833 πρὸς
1184 1762 1276 1815 τὸν
1312 1761 1510 1816 ἑαυτοῦ
1552 1761 1771 1832 Πατέρα
1792 1804 1808 1827 ,

1908 543 2014 597 est.
2038 533 2178 589 idem
2209 543 2265 589 et
2296 536 2578 591 deliberat.
2605 536 2780 606 Atque
2822 537 2895 590 ita
2938 538 3199 592 Servator
3228 539 3339 605 ipse
3370 537 3487 592 haec

1909 627 2072 682 veluti
2102 629 2499 699 aaquipollentia
2526 630 2807 699 conjungit
2834 630 3022 686 dicens
3051 632 3116 686 de
3161 646 3220 686 se
3257 649 3271 685 :
3307 630 3485 684 Meum

1910 731 1994 775 est
2031 720 2313 775 consilium
2342 731 2399 775 et
2449 721 2636 786 tutela,
2666 737 2782 775 mea
2834 721 2942 794 56
2974 722 3255 792 prudentia
3302 732 3357 777 et
3383 738 3477 792 po-

1912 808 2098 863 tentia.
2125 809 2590 877 Quemadmodum
2622 813 2763 866 enim
2798 816 2964 867 tutela
2993 826 3047 867 et
3078 814 3315 883 potentia
3346 813 3487 867 idem

1911 909 2079 965 sunt;
2128 902 2203 955 ita
2249 903 2414 957 etiam
2470 903 2791 959 deliberatio
2821 914 2876 957 et
2909 905 3220 975 prudentia.
3262 905 3320 959 Si
3358 920 3490 974 ergo

1913 993 2303 1062 imprudentem
2339 994 2630 1065 aliquando
2658 994 2831 1051 fuisse
2858 996 3075 1051 Patrem
3138 996 3486 1059 existimant,

1913 1086 2246 1156 interrogent
2273 1102 2342 1141 an
2370 1087 2423 1142 in
2454 1088 2737 1158 prudentia
2782 1088 3034 1157 genuerit
3077 1086 3293 1142 Filium.
3345 1086 3413 1139 At
3444 1086 3489 1140 si

1914 1178 1998 1232 vel
2038 1179 2089 1233 id
2122 1177 2405 1234 audientes
2430 1179 2877 1249 perhorrescant,
2908 1195 3018 1249 quo
3042 1189 3204 1248 pacto
3237 1194 3343 1232 non
3385 1178 3490 1232 im-

1915 1268 2059 1338 pium
2088 1270 2251 1324 fuerit
2274 1269 2615 1341 interrogare
2634 1286 2699 1325 ac
2724 1271 2908 1326 dicere
2955 1276 3021 1326 de
3062 1272 3200 1326 Filio
3240 1289 3253 1324 :
3285 1271 3366 1325 An
3400 1285 3494 1325 vo-

1915 1363 2123 1417 luntate
2152 1362 2329 1418 factus
2348 1362 2437 1428 sit,
2488 1364 2703 1418 necne?
2731 1380 2851 1417 cum
2881 1366 2981 1418 hnc
3002 1366 3069 1418 ad
3098 1374 3301 1417 tantam
3332 1370 3494 1431 atque

1916 1455 2046 1511 illud
2076 1456 2129 1509 in
2157 1454 2388 1511 Verbum
2421 1454 2814 1525 blasphemiam
2842 1456 3133 1527 pertineat.

2585 1568 2822 1626 ALIUD.

1992 1684 2188 1740 Beatus
2226 1684 2445 1753 Paulus,
2493 1685 2903 1742 similitudinem
2940 1698 3104 1753 quam
3135 1680 3305 1735 Filius
3336 1678 3499 1734 habet

1920 1793 2041 1833 cum
2074 1777 2234 1833 Patre
2252 1778 2568 1839 ostendens.
2620 1776 2698 1832 ita
2747 1776 2990 1833 scribit:
3053 1792 3072 1825 ε
3110 1774 3211 1841 Qui
3263 1787 3385 1827 cum
3427 1773 3499 1825 sit

228 1857 432 1929 γράφει
461 1857 591 1928 περὶ
617 1855 801 1909 αὐτοῦ·
856 1875 875 1907 ‹
916 1856 1011 1920 ’ος
1054 1854 1130 1909 ὢν
1164 1853 1504 1926 ἀπαύγασμα
1530 1855 1628 1926 τῆς
1654 1854 1815 1925 δόξης

1930 1869 2168 1938 ;plendor
2195 1870 2378 1940 gloriae
2402 1878 2457 1924 et
2494 1872 2783 1924 character
2829 1868 3183 1937 hypostaseos
3214 1863 3360 1918 illius
3392 1861 3495 1915 τ’.»

228 1956 327 2007 καὶ
355 1953 644 2025 χαρακτὴρ
674 1953 772 2025 τῆς
835 1953 1186 2016 ὑποστάσεως
1240 1951 1427 2007 αὑτοῦ.
1466 1972 1485 2004 ι
1525 1954 1588 2006 Ei
1632 1953 1814 2006 τοίνυν

228 2046 522 2117 χαρακτήρ
558 2032 675 2099 ἐστι
709 2046 802 2099 καὶ
843 2045 1010 2099 είκὼν
1051 2045 1146 2098 τοῦ
1173 2047 1534 2116 γεννήσαντος
1588 2047 1616 2100 6
1650 2045 1813 2111 Υἱὸς,

230 2135 497 2207 ἐγεννήθη
525 2136 601 2202 δὲ,
634 2135 758 2189 καθ’
783 2136 949 2207 ὑμᾶς,
978 2136 1447 2207 προηγησαμένης
1470 2135 1779 2207 βουλήσεως
1797 2176 1813 2201 ,

230 2228 446 2298 ἀνάγκη
474 2229 625 2281 πᾶσα
647 2228 739 2281 καὶ
776 2227 867 2281 τὸν
898 2228 1121 2298 Πατέρα
1164 2226 1338 2292 οὓτως
1367 2224 1526 2295 εἶναι,
1562 2227 1754 2299 ὥσπερ
1780 2229 1815 2299 ή

232 2317 398 2371 εἰκὼν
426 2317 591 2373 αὑτοῦ
622 2320 720 2373 καὶ
750 2318 812 2373 τδ
861 2319 1225 2391 ἀπαύγασμαο
1274 2319 1351 2383 ὡς
1394 2320 1490 2373 καὶ
1512 2319 1643 2373 αὐτὸ
1672 2319 1817 2390 ἔχειν

234 2410 651 2482 προηγουμένην
680 2410 847 2464 αὑτοῦ
874 2412 973 2483 τὴν
1019 2411 1295 2483 βούλησιν.
1320 2413 1382 2465 Εἰ
1408 2412 1465 2465 δὲ
1508 2412 1665 2465 τοῦτο
1692 2413 1815 2465 ἀσε-

233 2503 329 2567 ϐὲς
357 2503 453 2574 (οὐ
486 2506 595 2575 γάρ
624 2506 690 2557 ὲκ
722 2502 1030 2575 βουλήσεώς
1057 2506 1205 2558 ἐστιν
1231 2506 1263 2577 ή
1292 2505 1386 2559 τοῦ
1425 2504 1639 2575 Πατρὸς
1659 2504 1819 2559 οὐσία.

236 2596 334 2648 καὶ
386 2595 720 2665 ὑπόστασις)
746 2635 763 2661 ,
819 2596 1034 2667 ἀνάγκη
1085 2598 1239 2651 πᾶσα
1278 2596 1414 2669 μηδὲ
1463 2597 1555 2649 τὸν
1586 2596 1714 2649 Υίὸν
1754 2597 1821 2651 ὲκ

236 2688 544 2759 βουλήσεως
573 2686 732 2754 εἶναι,
759 2689 977 2761 φρονεῖν
996 2688 1029 2759 ἢ
1049 2687 1251 2757 λέγειν.

938 2804 1144 2858 ΑΛΛΟ.

454 2921 553 2986 Ὠς
575 2919 646 2985 ἐξ
692 2918 1053 2984 ἀντιθέσεως
1104 2917 1226 2972 τῶν
1269 2917 1603 2987 αίρπικῶν.

310 3032 425 3089 Καὶ
448 3032 586 3098 πῶς,
618 3031 804 3102 φησὶν,
834 3031 934 3084 οὑκ
957 3030 1171 3101 ἀνάγκη
1205 3030 1608 3101 συνομολογεῖν,
1629 3030 1821 3102 ὅτιπερ

236 3125 500 3197 ἁθέλητός
527 3126 642 3180 ἐστι
688 3124 765 3196 τῷ
813 3125 992 3197 Πατρὶ
1020 3126 1048 3178 6
1080 3126 1232 3189 Υἱὸς,
1261 3125 1380 3194 ήτοι
1412 3124 1741 3196 ἀΰούλητος,
1772 3126 1822 3179 εἰ

244 3222 323 3293 μὴ
347 3222 410 3274 ἐκ
440 3220 748 3291 βουλήσεως
780 3219 874 3273 καὶ
912 3218 1185 3291 θελήσεως
1218 3220 1481 3289 γέγονεν;

735 3419 890 3489 Πρὸς
918 3420 1094 3475 τοῦτο
1127 3420 1332 3488 λύσις.

314 3554 640 3609 Δυσωπείτω
660 3554 769 3608 τῶν
800 3555 1186 3627 χριστομάχων
1207 3556 1306 3628 τὴν
1326 3557 1633 3628 πάντολμον
1658 3556 1824 3626 γλῶτ-

241 3664 346 3700 ταν
372 3647 401 3699 6
433 3645 623 3717 Σωτὴρ
652 3646 781 3717 περὶ
827 3646 1021 3700 ἑαυτοῦ
1042 3646 1239 3715 λέγων·
1300 3668 1319 3699 «
1368 3648 1426 3701 Ὀ
1456 3648 1649 3721 Πατὴρ
1680 3649 1827 3717 φιλεῖ

240 3738 339 3793 τὸν
362 3739 509 3793 Υίόν.
540 3758 558 3790 ι
596 3739 808 3811 Ὠσπερ
849 3738 959 3809 γάρ
1004 3739 1107 3809 ήδη
1165 3739 1530 3813 προείρηται,
1580 3741 1643 3794 τὸ
1685 3737 1825 3795 εἶναι

242 3831 451 3901 ἀγαθός
474 3849 533 3884 τε
551 3834 646 3885 καὶ
679 3831 947 3902 ἐλεήμων,
987 3831 1099 3903 ἔχει
1142 3831 1263 3902 μὲν,
1289 3833 1390 3887 οὐκ
1422 3835 1486 3887 ἐκ
1512 3833 1824 3905 βουλήσεως

243 3928 326 3989 δὲ,
356 3924 478 3979 οὔτε
515 3926 622 3997 μὴν
647 3925 963 3996 ἀϐουλήτως
988 3925 1165 3981 ταῦτά
1193 3927 1329 3980 ἐστι.
1369 3926 1523 3981 Θέλει
1547 3926 1657 4000 γάρ
1688 3925 1825 3981 εἶναι

243 4018 406 4073 τοῦτο
429 4020 566 4090 ὅπερ
597 4018 745 4072 ἐστὶν
779 4018 867 4071 ἀεὶ
895 4018 990 4071 καὶ
1036 4018 1211 4073 ἔσται.
1263 4018 1420 4073 Οὕτω
1459 4021 1554 4073 καὶ
1576 4020 1624 4073 εἰ
1653 4020 1727 4091 μή
1760 4021 1826 4073 ὲκ

246 4108 554 4180 βουλήσεως
584 4108 843 4177 ἐγέννησε
879 4106 969 4161 τὸν
1022 4108 1172 4170 Υἱὸν,
1229 4108 1344 4162 ἀλλ’
1375 4110 1476 4162 οὐκ
1510 4109 1826 4180 ἀϐουλήτως

244 4201 410 4257 αὐτὸν
432 4200 565 4271 ἔχει.
615 4199 770 4254 Θέλει
792 4199 900 4268 γὰρ
934 4199 1025 4254 τὸν
1058 4200 1186 4253 Υίὸν
1218 4201 1312 4254 καὶ
1338 4200 1504 4269 φιλεῖ,
1528 4198 1713 4263 καθὼς
1734 4199 1827 4268 γέ-

242 4310 511 4364 γραπται.
552 4292 662 4351 Καὶ
723 4291 974 4361 καθάπερ
1018 4294 1047 4345 6
1094 4292 1286 4364 Πατὴρ
1336 4293 1432 4364 τῆς
1473 4291 1826 4356 ὑποστάσεως

240 4386 344 4455 τῆς
378 4383 567 4437 ἑαυτοῦ
592 4382 823 4453 θελητής
854 4384 1024 4448 ἐστιν,
1065 4383 1167 4437 ούκ
1205 4384 1269 4437 ὲκ
1316 4383 1626 4455 βουλήσεὼς
1680 4401 1827 4447 τινος

240 4476 403 4529 τοῦτο
427 4476 502 4529 ὢν
525 4476 663 4547 ὅπερ
698 4473 867 4539 ἐστὶν,
924 4474 1068 4529 οὕτω
1129 4476 1225 4530 καὶ
1272 4477 1300 4528 6
1334 4477 1459 4539 Υἱὸς
1491 4478 1556 4531 ὲκ
1605 4477 1705 4548 τῆς
1730 4473 1823 4530 τοῦ

1918 1963 1974 2017 Si
2008 1976 2138 2034 ergo
2165 1962 2337 2017 Filius
2359 1971 2444 2018 est
2472 1961 2763 2016 character
2789 1970 2843 2013 et
2871 1960 3051 2029 imago
3079 1955 3378 2017 Genitoris,
3405 1967 3497 2023 ge-

1918 2055 2061 2110 nitus
2082 2062 2259 2109 autem
2291 2065 2397 2122 est,
2428 2064 2488 2108 ut
2528 2068 2627 2109 vos
2670 2051 2873 2115 dicitis,
2912 2048 3259 2121 praecedente
3284 2044 3496 2102 delibe-

1918 2148 2150 2211 ratione,
2177 2146 2539 2202 necessarium
2577 2145 2802 2201 omnino
2842 2142 3009 2196 fuerit
3050 2139 3272 2193 Patrem
3328 2137 3400 2191 ita
3442 2149 3505 2190 se

1918 2239 2140 2303 habere,
2172 2238 2427 2309 utimago
2447 2249 2502 2293 et
2525 2236 2785 2309 splendor
2835 2233 3008 2304 ipsius
3034 2251 3048 2287 :
3086 2232 3224 2286 adeo
3254 2240 3313 2284 ut
3333 2231 3498 2283 etiam

1920 2332 2095 2399 ipsum
2119 2330 2461 2402 prazcesserit
2491 2329 2836 2385 deliberatio.
2866 2326 2923 2381 Si
2958 2340 3091 2381 vero
3130 2326 3236 2378 hoc
3276 2321 3499 2391 impium

1919 2432 2003 2478 est
2030 2422 2050 2494 (
2078 2437 2251 2492 neque
2274 2422 2416 2478 enim
2456 2436 2524 2476 ex
2557 2418 2949 2475 deliberatione
2970 2423 3054 2469 est
3092 2412 3285 2467 Patris
3307 2425 3501 2465 essen-

1924 2512 1996 2565 tia
2022 2521 2184 2582 atque
2204 2510 2512 2582 hypostasis
2534 2508 2552 2579 )
2574 2548 2590 2574 ,
2617 2522 2749 2578 ergo
2774 2522 2876 2562 nec
2916 2504 3111 2561 Filium
3132 2517 3199 2558 ex
3227 2499 3503 2555 delibera-

1923 2607 2068 2661 tione
2097 2604 2298 2660 factutu
2333 2618 2452 2659 esse
2478 2601 2560 2659 vel
2590 2601 2839 2667 credere,
2862 2597 2948 2653 vel
2980 2596 3164 2652 dicere
3191 2601 3425 2662 oportet.

2588 2794 2822 2851 ALIUD.

2297 2913 2382 2969 Ea:
2416 2911 2699 2983 objectione
2725 2910 3115 2965 hwreticorum.

1996 3031 2064 3083 At
2089 3043 2195 3099 quo
2215 3036 2394 3099 pacto,
2428 3026 2702 3097 inquiunt,
2737 3039 2843 3079 non
2872 3021 3038 3076 fuerit
3069 3029 3293 3074 necesse
3343 3009 3506 3066 lateri

1926 3121 2120 3177 Filium
2169 3120 2305 3175 citra
2364 3119 2699 3174 voluntatem
2765 3125 2861 3170 aut
2898 3111 3183 3170 consilium
3231 3104 3380 3163 Patri
3424 3117 3511 3157 ac-

1849 3209 1892 3268 C
1926 3215 2178 3277 cessisse,
2201 3213 2304 3268 nisi
2338 3212 2565 3267 consilio
2611 3218 2670 3265 et
2725 3208 3009 3263 voluntate
3059 3201 3399 3275 praecedente
3435 3194 3510 3249 ia.

1930 3315 2052 3363 ctus
2077 3306 2195 3361 est?

2453 3416 2657 3473 Salutio
2688 3415 3011 3486 objectionis.

2001 3554 2274 3609 Retundat
2310 3553 2676 3623 impudentem
2724 3552 2959 3606 hostium
3012 3549 3214 3607 Christi
3264 3550 3509 3622 linguam

1933 3647 2192 3702 Servator
2218 3648 2331 3717 ipse
2362 3648 2434 3701 ita
2493 3646 2560 3701 de
2607 3660 2666 3701 se
2700 3644 2895 3700 dicens
2933 3662 2947 3700 :
2986 3662 3005 3695 ‹
3036 3642 3197 3698 Pater
3230 3652 3379 3696 amat
3422 3640 3517 3696 Fi-

1931 3740 2059 3795 lium
2085 3741 2151 3793 ⁸ο.
2195 3759 2213 3792 ›
2271 3738 2733 3806 Quemadmodum
2786 3736 2930 3793 enim
3013 3734 3128 3804 jam
3180 3734 3382 3789 dictum
3432 3743 3517 3787 est

1932 3834 2073 3904 quod
2106 3833 2277 3887 bonus
2312 3833 2383 3887 sit
2435 3840 2490 3886 et
2540 3829 2874 3892 misericors,
2902 3828 3065 3882 habet
3096 3826 3147 3881 id
3184 3841 3287 3879 non
3320 3841 3384 3880 ex
3416 3840 3513 3878 vo-

1932 3927 2158 3991 luntate,
2218 3924 2311 3979 sed
2363 3938 2539 3994 neque
2596 3924 2803 3992 absque
2855 3920 3136 3975 voluntate
3188 3918 3305 3973 hazc
3367 3927 3512 3971 sunt.

1933 4018 2061 4073 Vult
2079 4017 2222 4071 enim
2250 4030 2372 4071 esse
2402 4016 2454 4070 id
2474 4014 2615 4084 quod
2640 4023 2724 4069 est
2747 4026 2965 4082 semper
2995 4020 3049 4065 et
3069 4008 3193 4066 erit.
3218 4006 3296 4062 Ita
3324 4007 3514 4073 etiam,

1932 4109 2059 4164 licet
2090 4122 2194 4163 non
2225 4124 2292 4163 ex
2316 4107 2594 4163 voluntate
2627 4106 2874 4176 genuerit
2926 4104 3145 4169 Filium,
3189 4117 3295 4157 non
3325 4112 3506 4156 tamen

1932 4206 2137 4271 absque
2162 4201 2440 4257 voluntate
2471 4200 2620 4254 illum
2647 4200 2829 4256 habet.
2863 4197 2988 4252 Vult
3022 4199 3169 4253 enim
3207 4196 3407 4252 Filium
3461 4205 3519 4251 et

1933 4305 2102 4361 amat,
2135 4296 2275 4351 sicut
2299 4294 2561 4363 scriptum
2612 4302 2716 4348 est.
2749 4293 2814 4347 Et
2861 4290 3318 4361 quemadmodum
3355 4288 3518 4344 Pater

1932 4404 2086 4444 suam
2136 4388 2306 4458 ipsius
2349 4388 2682 4459 hypostasim
2729 4385 2859 4452 vult,
2912 4400 3087 4454 neque
3119 4392 3299 4439 tamen
3327 4398 3393 4438 ex
3422 4397 3518 4437 vos

1934 4481 2140 4536 luntate
2163 4489 2248 4536 est
2277 4479 2328 4535 id
2356 4481 2498 4550 quod
2522 4489 2648 4546 est,
2685 4478 2758 4534 ita
2784 4479 2951 4534 etiam
2974 4476 3144 4533 Filius
3169 4494 3236 4534 ex
3277 4478 3515 4533 essentia

242 4567 460 4637 Πατρὺς
484 4567 670 4632 οὐσίας
720 4567 1018 4638 προελθὼν,
1046 4568 1148 4622 οὐκ
1172 4568 1433 4639 ἀθέλητός
1468 4570 1615 4622 ἐστιν
1645 4567 1817 4639 αὐτῷ,

1933 4575 2114 4630 Patris
2150 4574 2474 4645 procedens,
2506 4589 2611 4627 non
2645 4573 2695 4628 ei
2733 4573 2889 4626 adest
2924 4580 3121 4640 praeter
3144 4570 3312 4640 ipsius
3333 4570 3520 4626 volun.-

242 4662 293 4712 εξ
315 4659 408 4712 καὶ
440 4659 691 4731 βούλησις
716 4659 954 4732 οὐδαμοῦ
970 4660 1069 4731 τῆς
1092 4662 1400 4733 γεννήσεως
1434 4660 1825 4733 προδραμοῦσα

245 4752 516 4824 φαίνεται.

924 4868 1130 4921 ΑᾹΛΟ.

318 4979 382 5032 Εἰ
408 4979 747 5050 ἀπαύγασμα
784 4980 878 5033 καὶ
905 4981 1191 5052 χαρακτήρ
1240 4980 1357 5033 ἐστι
1402 4979 1496 5034 τοῦ
1540 4981 1751 5053 Πατρὸς
1799 4982 1828 5035 6

247 5069 399 5135 Υἱὸς,
423 5070 614 5139 γέγονε
641 5072 699 5124 δὲ
727 5070 964 5141 θελήσει,
988 5072 1112 5127 καθ’
1140 5072 1305 5141 ὑμᾶς,
1353 5067 1422 5143 ἦν
1465 5072 1573 5142 ἀρα
1628 5074 1821 5143 χρόνος

244 5165 337 5217 ὅτε
360 5163 459 5216 οὐκ
490 5159 577 5235 ἦν,
607 5164 729 5218 καθ’
772 5163 831 5216 ὃν
883 5166 917 5235 ή
970 5165 1097 5235 περὶ
1143 5164 1305 5217 αὐτοῦ
1355 5164 1573 5236 θέλησις
1595 5166 1824 5219 ἐκινεῖτο

248 5255 399 5327 παρὰ
428 5255 507 5326 τῷ
560 5255 755 5327 Πατρί.
803 5257 1011 5310 Ούκοῦν
1043 5252 1111 5327 ἦν
1163 5274 1292 5311 ποτε
1336 5258 1427 5310 ὅτε
1456 5258 1625 5328 χωρὶς
1651 5260 1825 5311 ἀπαυ-

244 5349 526 5417 γάσματος
545 5343 613 5419 ἦν
649 5351 678 5401 6
709 5348 841 5412 Θεὸς
882 5349 974 5402 καὶ
1005 5349 1126 5418 δίχα
1177 5351 1545 5421 χαρακτῆρος.
1603 5351 1734 5415 Καὶ,
1778 5352 1827 5403 εί

244 5439 308 5489 τὸ
336 5438 466 5490 ἴδιον
493 5439 591 5509 τῆς
628 5439 817 5503 οὐσίας
876 5439 967 5491 τοῦ
1006 5441 1217 5510 Πατρός
1268 5443 1414 5494 ἐστιν
1468 5443 1497 5494 6
1547 5441 1695 5504 Υἱὸς,
1728 5442 1827 5495 ούκ

244 5524 315 5597 ἦν
347 5528 403 5580 δέ
427 5546 577 5591 ποτε,
604 5529 724 5582 καθ’
748 5530 911 5600 ὑμᾶς,
963 5531 1078 5583 ἴσον
1104 5532 1219 5583 ἐστὶ
1271 5530 1348 5601 τῷ
1401 5531 1599 5598 λέγειν·
1630 5534 1731 5586 οὐκ
1759 5529 1827 5603 ἦν

248 5639 377 5675 ποτε
404 5621 698 5692 γεννητική
733 5622 825 5675 τοῦ
855 5622 1067 5692 Πατρός
1098 5623 1131 5692 ἡ
1162 5623 1339 5677 οὐσία·
1401 5625 1515 5678 ἀλλ’
1549 5626 1736 5697 ὥσπερ
1762 5626 1824 5679 ἔκ

320 5807 361 5832 τ”
410 5804 567 5857 ειοοιιτ.
614 5821 648 5864 ι,
693 5804 743 5855 3.
824 5804 864 5827 ³⁸³
906 5802 1059 5873 Joan.
1105 5821 1182 5865 ιιι,
1217 5806 1304 5861 Elii.

1928 4678 2115 4734 tatem,
2149 4666 2364 4722 tametsi
2409 4665 2659 4721 voluntas
2682 4666 2797 4719 sive
2853 4662 3178 4719 deliberatio
3201 4662 3515 4732 generatio-

1929 4776 2052 4817 nem
2090 4773 2430 4829 nequaquam
2454 4756 2818 4827 pracesserit.

2612 4868 2843 4925 ALIUD.

2002 4985 2058 5041 Si
2088 4984 2342 5056 splendor
2366 4992 2420 5038 et
2441 4983 2727 5039 character
2761 4980 2943 5036 Patris
2988 4989 3073 5035 est
3103 4978 3296 5044 Filius,
3339 4978 3519 5033 factus

1924 5089 2103 5132 autem
2127 5085 2290 5133 estex
2314 5076 2617 5141 voluntate,
2641 5082 2699 5127 ut
2724 5081 2902 5128 vestra
2929 5072 3034 5128 fert
3056 5071 3263 5141 opinio,
3279 5077 3399 5124 erat
3416 5070 3519 5121 ita-

1924 5187 2029 5242 que
2067 5180 2275 5241 tempus
2320 5170 2535 5240 quando
2567 5184 2672 5223 non
2717 5176 2852 5227 erat,
2894 5167 2945 5219 in
2984 5179 3093 5234 quo
3116 5162 3282 5216 Pater
3335 5161 3520 5214 consi-

1926 5262 2056 5316 lium
2100 5278 2254 5315 suum
2305 5261 2371 5316 de
2425 5260 2517 5315 illo
2565 5258 2824 5330 agitabat.
2867 5258 2990 5312 Fuit
3018 5257 3183 5327 igitur
3216 5256 3380 5308 etiam
3416 5252 3517 5305 ali-

1928 5350 2144 5418 quando
2172 5351 2312 5404 Deus
2344 5350 2549 5418 absque
2593 5364 2691 5403 suo
2744 5348 3029 5417 Splendore
3064 5354 3120 5399 et
3166 5345 3511 5398 charactere.

1930 5442 2016 5509 Et,
2049 5443 2092 5497 si
2125 5444 2402 5512 prepriutn
2430 5444 2681 5496 essentia:
2704 5442 2883 5495 Patris
2910 5440 3015 5510 57
3047 5448 3127 5493 est
3158 5438 3512 5504 Filius,atqni

1932 5536 1975 5590 is
2014 5535 2303 5604 aliquando
2329 5551 2434 5589 non
2467 5534 2593 5599 fuit,
2619 5542 2676 5588 ut
2703 5548 2800 5587 vos
2835 5533 3038 5595 dicitis,
3082 5531 3222 5585 idem
3260 5538 3343 5584 est
3379 5544 3442 5581 ac
3466 5528 3513 5582 si

1931 5630 2080 5685 dicas
2112 5629 2478 5699 generativarn
2508 5627 2685 5683 Patris
2734 5627 3033 5683 essentiam
3067 5624 3361 5695 aliquando
3409 5639 3513 5677 non
