3876 6208
356 289 432 346 95
1396 287 1457 341 S.
1498 283 1777 340 CYRILLI
1815 279 2285 339 ALEXANDRINI
2323 279 2642 336 ARCHIEP.
3568 282 3651 338 96

357 408 652 468 exstitisse.
693 408 789 461 sed
824 405 986 462 velun
1034 422 1102 461 ex
1149 406 1454 463 mulatione
1476 406 1710 476 quadam
1740 420 1807 460 eo
1840 416 1951 460 tra-

2063 421 2197 467 τινος
2234 403 2538 474 μεταϐολῆς
2572 403 2652 464 εἰς
2716 399 2876 453 τοῦτο
2938 398 3214 471 παρῆλθεν
3267 399 3646 471 ἀποκυήσασα

361 500 579 553 ductam
613 498 782 554 fuisse
812 509 869 551 ut
908 500 1153 569 gigneret
1181 497 1395 554 Filium.
1435 497 1491 553 Si
1528 512 1656 553 vero
1694 498 1743 551 id
1771 506 1827 552 et
1853 512 1945 551 co-

2063 496 2140 553 τὸν
2172 496 2321 549 Υίόν.
2359 494 2423 546 Ei
2451 494 2506 547 δὲ
2556 492 2713 546 τοῦτο
2733 490 2928 553 ἀσεϐὲς
2962 495 3178 562 φρονεῖν
3208 508 3267 542 τε
3303 491 3396 545 καὶ
3428 491 3641 561 λέγειν,

360 591 532 660 gitatn
564 601 618 644 et
651 590 797 644 dictu
835 590 1060 660 impium
1090 598 1195 654 est,
1230 605 1295 645 ue
1341 590 1495 651 illud.
1540 589 1850 653 Voluntate,
1876 603 1944 641 an

362 699 488 749 non,
515 685 581 736 de
606 680 745 737 Filio
771 684 1056 750 ulijiciant.
1086 683 1407 737 Sicutenim
1442 682 1603 737 Pater
1624 682 1949 740 naturaliter

362 784 445 831 est
484 774 676 841 bonus,
711 774 781 828 ita
807 776 972 829 etiam
994 774 1315 830 naturaliter
1336 774 1708 845 generativus.

752 907 981 976 ALIUD,
1024 911 1093 963 ad
1131 910 1553 979 explicationem.

434 1017 491 1073 Si
524 1018 705 1073 omnis
735 1018 984 1074 voluntas
1013 1035 1132 1085 quae
1165 1021 1216 1072 in
1251 1036 1522 1091 quoquam
1556 1020 1614 1074 lit
1672 1036 1779 1075 non
1829 1023 1948 1075 abs-

364 1127 468 1180 que
498 1112 664 1167 verbo
705 1113 762 1167 lit
805 1112 1089 1184 (voluntas
1122 1114 1262 1167 enim
1300 1125 1384 1169 est
1416 1115 1638 1170 verbum
1679 1114 1946 1169 occultum

365 1204 506 1274 quod
545 1205 597 1258 in
635 1206 800 1260 corde
837 1206 1139 1277 agitatur),
1176 1205 1346 1260 Filius
1383 1216 1563 1261 autem
1598 1215 1681 1260 est
1718 1203 1947 1259 Verbum

366 1296 571 1359 Patris,
608 1297 747 1351 idem
780 1298 945 1368 igitur
974 1299 1137 1352 etiam
1169 1307 1253 1353 est
1281 1298 1534 1353 voluntas
1565 1297 1755 1365 ipsius.
1785 1298 1947 1366 Atqui

364 1404 472 1457 quo
501 1399 658 1454 pacto
684 1388 933 1441 voluntas
966 1389 1017 1441 in
1046 1390 1319 1443 voluntate
1351 1389 1443 1442 lit?
1470 1398 1563 1441 aut
1594 1388 1683 1457 qui
1713 1387 1949 1441 Verbum

367 1481 420 1533 in
442 1480 659 1535 Verbo?
685 1478 876 1534 Omnia
914 1481 1079 1549 igitur
1108 1482 1221 1535 haec
1250 1491 1332 1536 est
1363 1479 1530 1534 Filius
1559 1478 1704 1532 Patri
1739 1497 1752 1533 :
1779 1489 1832 1533 et
1863 1492 1953 1531 vo-

366 1567 545 1623 luntas
573 1578 626 1624 et
653 1569 915 1633 Verbum,
949 1583 1003 1623 et
1033 1570 1303 1639 sapientia
1336 1586 1351 1623 :
1386 1569 1629 1638 nihilque
1658 1578 1741 1624 est
1773 1569 1823 1621 in
1851 1568 1953 1622 Pa-

369 1669 451 1714 tre
479 1670 606 1714 ante
636 1661 832 1730 ipsum.

942 1771 1155 1827 ALIUD
1192 1772 1381 1826 simile.

440 1882 611 1938 llabet
656 1883 756 1937 sibi
805 1885 966 1938 homo
1008 1884 1328 1938 naturaliter
1366 1884 1582 1937 insitam
1629 1881 1951 1951 procreandi

370 1976 510 2030 filios
548 1986 909 2045 potestatem,
952 1987 1006 2031 et
1047 1992 1152 2031 non
1195 1977 1649 2047 quemadmodum
1692 1979 1853 2030 homo
1886 1990 1950 2030 ex

369 2068 647 2122 voluntate
684 2081 765 2123 est
805 2071 977 2124 bonus
1009 2077 1102 2122 aut
1134 2069 1336 2132 malus,
1371 2069 1443 2123 ita
1474 2069 1638 2122 etiam
1674 2082 1738 2121 ex
1770 2067 1956 2121 volun-

367 2169 478 2214 tate
502 2170 584 2213 est
614 2171 784 2229 pater.
815 2160 919 2215 Sed
950 2162 1054 2216 hoc
1078 2178 1141 2217 ex
1174 2171 1364 2214 natura
1383 2201 1398 2223 ,
1426 2159 1557 2214 illttd
1583 2175 1647 2214 ex
1677 2159 1954 2213 voluntate

366 2250 547 2304 habet.
581 2250 645 2304 Et
678 2251 825 2306 illius
856 2252 1073 2321 quidem
1107 2251 1312 2305 domini
1347 2263 1567 2314 sumus;
1603 2249 1657 2301 in
1691 2247 1793 2302 hoc
1827 2262 1955 2301 vero

366 2350 625 2411 perpetua
676 2353 840 2412 atque
890 2342 1352 2397 incommutabilis
1405 2349 1615 2395 natura-
1660 2340 1745 2393 lex
1788 2339 1949 2409 viget.

370 2434 522 2490 Sicut
560 2435 722 2507 igitur
759 2452 858 2490 nos
898 2451 1001 2489 nou
1037 2450 1102 2489 ex
1140 2434 1439 2498 voluntate,
1478 2433 1570 2487 sed
1606 2440 1820 2493 natura,
1858 2432 1955 2483 ha-

368 2527 558 2581 bemus
582 2536 642 2582 ιιι
666 2529 837 2582 simus
863 2539 1044 2598 patres
1069 2526 1303 2580 filiorum
1330 2534 1660 2587 nostrorum,
1688 2523 1760 2577 ita
1787 2522 1951 2576 etiam

370 2620 511 2674 Deus
541 2635 604 2673 ac
630 2620 791 2674 Pater
818 2635 924 2674 non
953 2636 1019 2674 ex
1048 2619 1322 2673 voluntate
1350 2616 1510 2671 Pater
1533 2627 1640 2682 est,
1669 2617 1763 2671 sed
1796 2625 1953 2669 natu-

368 2711 576 2767 raliter.
617 2713 683 2766 Et
725 2712 1181 2782 quemadmodum
1224 2710 1314 2779 qui
1355 2725 1420 2763 ex
1466 2710 1621 2764 nobis
1660 2709 1955 2776 gignuntur

368 2805 577 2859 similes
610 2820 832 2875 prorsus
870 2804 1027 2859 nobis
1064 2813 1189 2858 sunt
1222 2805 1519 2857 secundum
1559 2802 1951 2864 substantiam,

370 2898 442 2951 ita
473 2899 634 2951 etiam
669 2897 839 2952 Filius
870 2912 977 2951 non
1008 2896 1353 2951 extrinsecus
1388 2895 1536 2949 Patri
1569 2894 1826 2959 accessit,
1858 2894 1953 2947 sed

369 3003 558 3044 revera
586 3005 652 3042 ex
681 2990 916 3044 essentia
947 2988 1120 3058 ipsius
1146 2990 1446 3058 procedens
1473 3002 1570 3055 per
1593 2987 1774 3042 omnia
1803 2985 1954 3040 simi—

369 3078 436 3136 lis
461 3090 544 3135 est
573 3080 836 3135 Genitori.
866 3081 931 3136 Et
952 3081 1408 3150 quemadmodum
1441 3079 1604 3135 Pater
1629 3095 1736 3136 non
1767 3095 1831 3135 ex
1860 3094 1954 3134 vo-

371 3169 579 3226 luntate
605 3183 686 3226 est
718 3172 900 3237 Pater,
929 3171 1000 3225 ita
1028 3181 1082 3227 et
1110 3172 1281 3228 Filius
1310 3187 1415 3226 non
1446 3186 1512 3226 ex
1539 3171 1832 3237 voluntate,
1860 3171 1954 3226 sed

370 3274 437 3315 ex
478 3272 667 3314 natura
705 3272 811 3327 est,
848 3262 1102 3330 splendor
1134 3272 1185 3317 et
1224 3262 1508 3317 character
1538 3261 1808 3318 exsistens
1841 3260 1958 3330 ejus

372 3352 467 3422 qui
502 3352 674 3421 ipsum
710 3352 914 3422 genuit.

1044 3461 1270 3518 ALIUD.

829 3554 1071 3626 Objectio
1110 3571 1175 3609 ea:
1214 3555 1498 3609 Eunomia.

441 3670 811 3741 lnterrogandi
849 3680 1009 3734 sunt,
1044 3671 1251 3741 inquit,
1286 3670 1323 3724 ii
1360 3668 1452 3739 qui
1486 3682 1545 3724 se
1578 3677 1725 3723 recte
1754 3666 1958 3722 sentire

370 3764 704 3825 existimant,
737 3772 916 3817 utrum
948 3763 1242 3832 aliquando
1290 3761 1570 3815 voluntate
1596 3758 1842 3829 genuerit
1869 3757 1957 3812 Fi-

372 3855 499 3909 lium
528 3853 707 3917 Pater,
736 3871 802 3907 an
834 3856 969 3908 citra
1000 3856 1360 3909 voluntatem.
1404 3852 1462 3908 Si
1488 3851 1634 3908 enim
1663 3850 1873 3905 exstitit
1901 3850 1956 3905 itt

370 3948 601 4002 essentia
635 3947 842 4010 Patris,
877 3947 1017 4001 alius
1047 3948 1115 4002 ab
1147 3947 1263 4015 ipso
1294 3946 1490 4006 Filius,
1526 3960 1630 3998 non
1657 3943 1957 3998 voluntarie

370 4041 573 4110 genuit.
597 4039 831 4096 Necesse
860 4040 1004 4095 enim
1036 4048 1153 4094 erat
1185 4054 1375 4109 parere
1405 4053 1529 4092 eum
1558 4038 1647 4107 qui
1682 4039 1734 4091 in
1767 4045 1956 4092 natura

370 4141 508 4185 erat.
541 4130 596 4185 Si
630 4146 757 4186 vero
787 4147 891 4185 non
922 4140 1039 4185 erat
1072 4131 1125 4185 in
1154 4128 1344 4194 Patre,
1378 4128 1471 4184 sed
1506 4128 1682 4183 factus
1711 4137 1793 4183 est
1825 4127 1958 4181 deli-

371 4226 655 4279 heratione
689 4223 868 4279 Patris
898 4224 1138 4279 adhibita
1158 4263 1173 4287 ,
1213 4238 1435 4277 necesse
1463 4231 1545 4277 est
1573 4221 1794 4277 omnino
1824 4220 1959 4275 deli-

372 4318 707 4372 berationem
749 4316 1114 4391 przecessisse.
1156 4314 1270 4371 Non
1311 4324 1429 4371 erat
1473 4314 1641 4386 igitur
1674 4313 1824 4370 Patri
1861 4327 1956 4368 co-

372 4422 610 4467 EPICI'IIUS

880 4522 1089 4579 Salutio
1126 4520 1448 4591 objectionis.

444 4662 681 4716 Primum
713 4661 932 4731 quicetn
965 4657 1230 4727 stupenda
1264 4671 1350 4711 res
1380 4665 1465 4711 est
1495 4671 1603 4724 quo
1632 4666 1791 4723 pacto
1819 4665 1954 4707 aueo

372 4755 659 4810 temerarie
697 4762 752 4808 et
795 4761 1105 4822 portentosa
1141 4749 1288 4804 velut
1325 4749 1596 4816 imperitia
1640 4748 1693 4802 in
1736 4761 1951 4801 omnem

372 4846 756 4916 blasphemiam
782 4854 961 4899 ruant.
981 4843 1165 4913 Neque
1189 4842 1299 4913 58
1322 4844 1464 4896 enim
1490 4843 1650 4910 pudet
1672 4856 1766 4895 eos
1788 4839 1951 4893 etiam

371 4938 547 5009 ipsum
578 4936 747 4992 Deum
779 4936 1087 4991 necessitati
1123 4934 1426 5005 subjicere,
1459 4934 1699 4989 dicentes
1732 4932 1955 5001 perinde

371 5041 533 5101 atque
562 5030 613 5084 in
645 5028 897 5084 humanis
925 5028 1245 5097 corporibus
1274 5025 1479 5096 aliquid
1510 5023 1688 5079 Patris
1715 5021 1952 5078 essentia

369 5121 775 5192 cotnprehcndi,
818 5136 881 5176 ac
922 5120 1076 5191 quasi
1112 5134 1209 5174 vas
1251 5118 1306 5173 in
1345 5134 1496 5183 vase,
1534 5118 1607 5172 ita
1658 5116 1854 5171 Filium
1899 5116 1952 5169 in

372 5213 532 5269 Patre
576 5215 767 5271 teneri.
810 5212 922 5268 Nos
964 5228 1113 5275 vero,
1148 5212 1238 5282 qui
1286 5221 1432 5266 recte
1477 5225 1540 5265 ac
1581 5209 1723 5279 iuste
1753 5208 1956 5263 sentire

373 5306 681 5371 studemus,
711 5305 1001 5361 essentiam
1044 5304 1134 5358 Dei
1175 5302 1321 5357 omni
1360 5302 1680 5358 necessitate
1712 5299 1955 5370 superio-

374 5413 488 5451 rem
521 5413 644 5454 esse
680 5398 940 5465 dicimus;
971 5409 1027 5454 et
1058 5399 1253 5455 Filium
1285 5414 1407 5455 esse
1440 5401 1491 5452 in
1523 5398 1719 5463 Patre,
1751 5413 1857 5452 non
1897 5404 1957 5451 ut

345 5504 570 5569 lcorpus
602 5490 653 5544 in
684 5506 934 5559 corpore,
963 5490 1056 5546 sed
1088 5504 1147 5546 ut
1177 5490 1593 5561 inseparabilem
1625 5490 1695 5545 ab
1724 5488 1841 5557 ejus
1869 5504 1954 5543 es-

373 5580 544 5633 sentia
583 5590 633 5635 et
674 5582 742 5637 ab
781 5583 897 5653 ipso
934 5584 1318 5652 procedentem
1354 5582 1692 5636 naturaliter.
1733 5580 1789 5636 Si
1828 5596 1955 5635 vero

376 5674 693 5729 evistimant
735 5691 793 5731 se
835 5687 1051 5731 acutum
1092 5676 1293 5746 aliquid
1340 5688 1671 5745 proponere,
1717 5674 1955 5728 dicentes

381 5768 655 5825 voluntate
681 5779 772 5826 aut
797 5771 934 5828 citra
958 5771 1291 5829 voluntatem
1318 5784 1440 5827 cum
1468 5767 1670 5826 factum
1698 5782 1835 5825 esse.
1867 5768 1949 5822 vi-

2054 589 2129 661 μὴ
2152 588 2582 660 προτεινέτωσάν
2611 602 2755 649 τινες
2781 585 2865 653 ἐφ’
2902 583 3036 637 Υἰοῦ
3055 584 3134 646 τὸ,
3178 584 3437 654 Βουλήσει
3466 585 3498 657 ἢ
3528 586 3641 655 μή.

2055 681 2268 750 ’Ὠσπερ
2292 679 2402 750 γὰρ
2436 678 2638 747 ἀγαθὸς
2667 674 2808 729 κατά
2843 674 3005 745 φύσιν
3029 676 3175 729 ἐστὶν
3201 677 3229 728 6
3261 678 3468 747 Πατὴρ,
3489 676 3648 729 οὕτω

2054 775 2147 827 καὶ
2175 772 2492 842 γεννητικὸς
2520 771 2660 825 κατὰ
2688 773 2869 839 φύσιν.

2477 907 2658 959 ΑΛΛΟ
2681 946 2696 970 ,
2743 905 3198 977 διηγηματικῶς.

2127 1023 2191 1075 El
2228 1022 2382 1075 πᾶσα
2431 1020 2685 1091 βούλησις
2714 1022 2747 1091 ή
2782 1020 2839 1074 ἔν
2864 1037 2973 1073 τισι
3007 1019 3269 1091 γινομένη
3298 1020 3359 1073 ού
3397 1020 3520 1091 δίχα
3550 1020 3649 1072 λό-

2055 1132 2151 1183 γου
2175 1115 2381 1183 γίνεται
2401 1112 2590 1185 (λόγος
2615 1113 2724 1183 γάρ
2755 1114 2903 1165 ἐστιν
2925 1111 3149 1180 ἀφανῶς
3177 1113 3234 1164 ὲν
3262 1110 3455 1183 καρδία
3484 1129 3647 1183 στρε·

2056 1208 2347 1277 φόμενοςή
2386 1204 2709 1275 βούλησις).
2771 1203 2885 1258 ἐστι
2946 1204 3003 1259 δὲ
3046 1206 3074 1257 6
3100 1203 3227 1267 Υἱὸς
3258 1206 3286 1257 6
3336 1204 3506 1272 Λόγος
3540 1206 3648 1258 τοῦ

2058 1297 2291 1369 Πατρός,
2349 1296 2512 1359 αὐτὸς
2558 1295 2671 1365 ἄρα
2692 1296 2840 1348 ἐστὶν
2896 1295 2930 1364 ή
2972 1294 3225 1365 βούλησις
3276 1295 3459 1350 αὐτοῦ.
3501 1292 3648 1351 Εἶτα

2058 1389 2176 1452 πῶς
2214 1392 2245 1460 ἡ
2285 1389 2540 1460 βούλησις
2582 1389 2641 1440 ἐν
2675 1386 2928 1458 βουλήσει
2968 1387 3215 1455 γίνεται;
3251 1388 3283 1458 ἢ
3327 1387 3441 1451 πῶς
3474 1391 3503 1441 6
3530 1388 3647 1440 Λόο

2057 1498 2151 1549 γος
2174 1483 2231 1534 ὲν
2259 1481 2449 1552 Λόγῳ;
2487 1481 2673 1534 Πάντα
2721 1480 2899 1533 τοίνυν
2927 1479 3075 1531 ἐστὶν
3108 1481 3137 1531 6
3172 1479 3298 1539 Υἱὸς
3326 1479 3401 1549 τῷ
3426 1480 3605 1548 Harp!
3627 1521 3643 1540 ,

2059 1575 2152 1627 καὶ
2206 1573 2369 1644 βουλὴ
2399 1574 2493 1627 καὶ
2526 1573 2719 1641 Λόγος,
2755 1573 2847 1624 καὶ
2873 1571 3052 1640 σοφία·
3089 1570 3182 1624 καὶ
3204 1570 3356 1623 οὐδέν
3388 1571 3533 1624 ἐστιν
3583 1572 3651 1623 ἐν

2060 1667 2173 1718 Πατ
2183 1666 2234 1737 pl.
2261 1664 2366 1736 πρὸ
2406 1664 2589 1718 αὐτοῦ.

2623 1778 2806 1830 ΑΛΛο
2840 1776 3067 1846 ὅμοιον.

2133 1896 2286 1965 Ἔχει
2319 1894 2460 1948 κατὰ
2493 1892 2655 1962 φύσιν
2684 1894 2712 1945 6
2752 1891 3038 1961 ἄνθρωπος
3065 1890 3125 1942 τὸ
3147 1888 3411 1944 δύνασθαι
3431 1890 3654 1943 τέκνων

2056 1985 2217 2039 αὑτὸν
2238 1984 2491 2053 γενέσθαι
2521 1983 2754 2053 πατέρα·
2780 1982 2872 2033 καὶ
2899 1981 2996 2050 οὐχ
3023 1981 3209 2051 ὥσπερ
3236 1982 3301 2032 ὲκ
3333 1980 3646 2049 βουλήσεως

2055 2077 2255 2146 ἀγαθός
2283 2079 2434 2131 ἐστιν
2466 2076 2499 2147 ἦ
2540 2076 2795 2146 πονηρὸς,
2821 2073 2966 2126 οὕτω
3000 2075 3094 2126 καὶ
3122 2075 3326 2144 πατήρ.
3385 2073 3545 2126 Ἀλλὰ
3578 2073 3649 2125 τὸ

2059 2170 2157 2240 μὲν
2196 2167 2376 2238 φύσει,
2408 2167 2465 2220 τὸ
2486 2167 2543 2219 δὲ
2576 2164 2826 2236 βουλήσει
2871 2162 3010 2216 ἐστί.
3066 2163 3173 2214 Καὶ
3226 2162 3320 2215 τοῦ
3353 2163 3450 2232 μὲν
3471 2163 3644 2232 ἐσμὲν

2057 2263 2256 2333 κύριοι·
2292 2259 2387 2313 τοῦ
2417 2259 2471 2311 δὲ
2518 2260 2551 2329 ἡ
2606 2256 2766 2325 φύσις
2800 2253 3157 2324 ἀπαράϐατον
3190 2253 3301 2323 ἔχει
3331 2253 3422 2307 τὸν
3450 2255 3639 2323 νόμον.

2058 2355 2267 2425 Ὥσπερ
2294 2347 2386 2405 οὖν
2412 2351 2511 2403 οὐκ
2545 2350 2610 2402 ἐκ
2639 2347 2943 2418 βουλήσεως
2980 2345 3175 2416 ἔχομεν
3206 2348 3366 2415 ἡμεῖς
3407 2346 3468 2398 τὸ
3491 2341 3643 2401 εἶναι

2053 2443 2290 2514 πατέρες
2334 2442 2444 2495 τῶν
2500 2439 2559 2506 ὲξ
2613 2438 2790 2509 ήμῶν,
2838 2436 2975 2491 ἀλλά
3024 2437 3289 2505 φυσικῶς,
3316 2436 3460 2492 οὕτω
3486 2441 3579 2491 καὶ
3612 2442 3645 2492 6

2055 2534 2188 2597 Θεὸς
2236 2534 2328 2586 καὶ
2376 2531 2566 2602 Πατὴρ
2617 2530 2716 2582 οὐκ
2781 2531 2845 2580 ἐκ
2891 2528 3202 2599 βουλήσεως
3240 2530 3430 2600 Πατήρ
3464 2532 3640 2594 ἐστιν,

2054 2626 2190 2678 ἀλλὰ
2220 2623 2485 2693 φυσικῶς.
2550 2622 2660 2675 Kal.
2712 2620 2906 2690 ὥσπερ
2937 2620 2987 2673 οἱ
3034 2619 3093 2686 ὲξ
3143 2620 3301 2690 ἡμῶν
3328 2621 3643 2691 τικτόμενοι

2054 2721 2224 2789 ὅμοιοι
2251 2719 2467 2778 πάντως
2484 2719 2615 2786 ἡμῖν
2645 2716 2764 2768 κατ’
2787 2714 2977 2768 οὐσίαν
2994 2713 3152 2775 εἰσὶν,
3180 2712 3322 2765 οὕτω
3356 2715 3449 2767 καὶ
3468 2717 3494 2767 ὁ
3513 2715 3645 2780 Υἱὸς

2055 2808 2153 2861 οὐκ
2183 2808 2379 2872 ἔξωθεν
2408 2806 2488 2879 τῷ
2511 2807 2686 2877 Πατρὶ
2726 2805 3182 2881 προσγενόμενος,
3224 2804 3341 2859 ἀλλ’
3375 2807 3541 2871 ὅντως
3571 2809 3645 2861 ἐκ

2055 2900 2153 2970 τῆς
2176 2900 2365 2963 οὐσίας
2397 2897 2562 2953 αὑτοῦ
2591 2896 2870 2970 προελθὼν
2928 2896 3114 2966 ὅμοιός
3145 2898 3261 2950 ἐστι
3292 2898 3433 2951 κατὰ
3461 2900 3645 2953 πάντα

2053 2991 2134 3061 τῷ
2169 2990 2539 3060 γεγεννηκότι.
2575 2990 2685 3043 Καὶ
2716 2990 2908 3060 ὥσπερ
2941 2989 3045 3042 οὐκ
3077 2989 3141 3041 ἐκ
3186 2987 3492 3061 βουλήσεως
3522 2992 3649 3043 ἐστι

2058 3084 2268 3155 Πατὴρ,
2309 3082 2451 3137 οὕτω
2497 3083 2591 3136 καὶ
2624 3086 2652 3135 6
2701 3082 2828 3146 Υἱὸς
2859 3083 2960 3135 οὐκ
3007 3084 3071 3134 ὲκ
3114 3080 3423 3152 βουλήσεως
3458 3084 3645 3147 ἐστιν,

2059 3175 2195 3230 ἀλλά
2227 3173 2369 3228 κατὰ
2388 3173 2572 3244 φύσιν,
2595 3174 2937 3245 ἀπαύγασμα
2958 3173 3053 3227 καὶ
3074 3174 3321 3245 χαρακτὴ
3329 3192 3361 3244 ρ
3379 3173 3655 3246 ὑπάρχων

2056 3267 2150 3321 τοῦ
2180 3268 2535 3338 γεννήσαντος
2571 3266 2753 3320 αὐτόν.

2752 3467 2955 3521 ΑΛΛΟ.

2318 3579 2639 3646 Ἀντίθεσις
2695 3580 2776 3646 ὠς
2806 3579 2876 3634 ἑκ
2910 3577 3031 3633 τῶν
3064 3581 3387 3649 Εὑνομίου.

2142 3670 2493 3743 Ἐρωτητέον,
2530 3672 2686 3743 φησὶ,
2721 3672 2851 3735 τοὺς
2882 3671 3019 3745 ὀρθά
3069 3675 3287 3744 φρονεῖν
3315 3673 3598 3745 οἰομένους
3625 3716 3649 3740 ,

2060 3764 2286 3836 πότερόν
2312 3781 2445 3817 ποτε
2483 3763 2738 3835 βουλήσει
2768 3764 3066 3833 γεγέννηκε
3093 3764 3185 3818 τὸν
3218 3765 3346 3819 Υίὸν
3368 3768 3397 3821 6
3423 3766 3644 3837 Πατὴρ,

2057 3858 2088 3927 ἢ
2125 3856 2458 3926 ἁδουλήτως.
2524 3857 2586 3910 Εἰ
2614 3856 2713 3927 μὲν
2747 3857 2856 3929 γὰρ
2880 3856 3156 3927 ὲνυπῆρχε
3196 3859 3263 3929 τῇ
3302 3856 3399 3911 τοῦ
3425 3857 3645 3928 Πατρὸς

2056 3950 2233 4021 οὐσίᾳ,
2273 3950 2459 4020 ἔτερος
2491 3947 2568 4002 ὣν
2598 3952 2730 4021 παρ’
2766 3949 2929 4003 αὑτὸν
2969 3950 2997 4002 6
3031 3950 3179 4012 Υἱὸς,
3228 3950 3289 4003 οὐ
3316 3952 3643 4022 προαιρέσει

2055 4040 2289 4095 τέτοκεν.
2337 4035 2446 4095 Ἤν
2491 4040 2599 4111 γὰρ
2650 4040 2862 4109 ἀνάγκη
2917 4042 3097 4093 τεκεῖν
3151 4039 3243 4093 τὸν
3275 4041 3333 4093 ὲν
3378 4043 3441 4111 τῇ
3478 4040 3646 4109 φύσει

2058 4134 2326 4202 κείμενον.
2359 4133 2421 4185 Εἰ
2442 4132 2497 4185 δὲ
2527 4132 2626 4185 οὐκ
2651 4127 2718 4202 ἦν
2759 4132 2818 4184 ἐν
2847 4132 3044 4203 Ila-cpi,
3075 4132 3337 4203 ἐγεννήθη
3369 4132 3425 4185 δὲ
3449 4131 3642 4202 βουληο

2059 4224 2244 4287 θέντος
2276 4223 2365 4277 τοῦ
2402 4224 2638 4296 Πατρός.
2680 4224 2894 4294 ἀνάγκη
2929 4224 3306 4296 προϋπάρχειν
3337 4223 3499 4277 αὑτοῦ
3538 4224 3641 4293 τὴν

2059 4315 2332 4387 βούλησιν.
2357 4317 2470 4368 Οὐκ
2501 4310 2567 4385 ἦν
2597 4309 2690 4367 οὖν
2737 4314 2846 4384 ἄρα
2881 4313 2956 4385 τῷ
3001 4316 3323 4386 γεννήσαντι
3353 4313 3642 4377 συναῐδιος.

2550 4516 2707 4583 Πρὸς
2728 4514 2912 4569 ταῦτα
2938 4515 3138 4580 λύσις.

2130 4654 2352 4727 Πρῶτον
2397 4653 2494 4724 μὲν
2519 4649 2930 4721 ἀποθαυμάζειν
2974 4650 3124 4715 ἄξιον
3153 4651 3278 4713 τοὺς
3308 4651 3640 4718 ἀφυλάκτως

2057 4750 2134 4811 εἰς
2165 4750 2347 4801 πᾶσαν
2373 4744 2665 4817 τρέχοντας
2699 4742 3035 4812 δυσφημίαν,
3073 4741 3273 4813 πολλήν
3303 4758 3364 4794 τε
3391 4740 3637 4810 ἀμαθίαν

2057 4842 2240 4903 αὐτοῖς
2292 4837 2564 4909 ἐγκαλεῖν.
2637 4836 2712 4890 Οὐ
2769 4835 2876 4906 γὰρ
2936 4833 3284 4904 αἰσχύνονται
3342 4834 3435 4886 καὶ
3471 4834 3640 4887 αὐτὸν

2056 4931 2324 4999 ἀνάγκαις
2352 4929 2697 4991 ὑποτιθέντες
2723 4927 2814 4980 τὸν
2838 4925 2991 4991 Θεὸν,
3017 4926 3110 4978 καὶ
3141 4923 3393 4993 καθάπερ
3414 4925 3505 4977 ὲπὶ
3533 4942 3640 4977 σω-

2061 5024 2247 5095 μάτων
2297 5021 2652 5094 ἀνθρωπίνων
2710 5016 3136 5089 ὲμπεριὲχεσθαί
3187 5035 3239 5069 τι
3291 5017 3636 5087 λέγοντεςτῇ

2056 5116 2153 5169 τοῦ
2185 5117 2396 5187 ΙΙατρὸς
2425 5113 2606 5184 οὐσίᾳ,
2634 5112 2665 5182 ἢ
2700 5111 2889 5181 ὥσπερ
2912 5128 2964 5162 τι
2992 5108 3183 5171 σκεῦος
3210 5111 3268 5162 ὲν
3309 5109 3493 5162 σκεύει
3523 5112 3639 5160 κεῖο

2059 5210 2180 5263 σθαι
2208 5210 2298 5262 τὸν
2348 5208 2477 5261 Υίὸν
2526 5208 2585 5259 ἐν
2638 5206 2831 5276 Πατρί.
2892 5205 3084 5275 Ἡμεῖς
3133 5202 3190 5254 δὲ
3245 5197 3327 5264 οἷς
3370 5199 3506 5271 όρθά
3542 5200 3635 5252 καὶ

2057 5299 2239 5353 δίκαια
2263 5299 2480 5369 φρονεῖν
2508 5296 2895 5358 ὲσπούδασται,
2914 5293 3025 5346 ἂνω
3052 5292 3149 5363 μὲν
3175 5292 3356 5361 πάσης
3387 5290 3635 5357 ἀνάγκης

2058 5387 2198 5443 εἶναί
2226 5407 2406 5460 φαμεν
2435 5390 2535 5459 τὴν
2572 5388 2759 5440 οὐσίαν
2780 5385 2875 5438 τοῦ
2906 5383 3065 5438 Θεοῦο
3098 5380 3237 5437 εἶναι
3262 5382 3322 5435 δὲ
3353 5380 3515 5435 πάλιν
3544 5380 3637 5434 τὸν

2060 5485 2186 5537 Υίὸν
2213 5485 2269 5535 ὲν
2301 5483 2478 5551 Πατρὶ
2499 5520 2512 5543 ,
2548 5481 2646 5549 οὐχ
2673 5479 2749 5541 ὼς
2778 5479 2935 5548 σῶμα
2974 5477 3078 5529 ὑπὸ
3108 5475 3359 5546 σώματος
3387 5474 3638 5543 περιεχό-

2064 5593 2245 5647 μενον,
2276 5574 2390 5627 ἀλλ’
2418 5572 2492 5635 ὡς
2526 5570 2830 5643 ἀχώριστον
2859 5571 2956 5641 τῆς
3012 5568 3200 5630 οὖσίας
3250 5564 3415 5620 αὐτοῦ
3447 5564 3539 5618 καὶ
3575 5562 3638 5621 ὲε

2062 5670 2231 5737 αὐτῆς
2264 5664 2597 5737 προελθόντα
2632 5663 2773 5717 κατά
2808 5662 2899 5715 τὸν
2943 5662 3041 5730 τῆς
3079 5659 3294 5727 φύσεως
3336 5656 3516 5726 νόμον.
3569 5655 3634 5708 Εἰ

2059 5762 2115 5815 δὲ
2141 5760 2342 5815 οἴονται
2377 5757 2537 5827 σοφόν
2573 5774 2621 5810 τι
2658 5754 2979 5823 προτείνειν,
3011 5752 3262 5823 βουλήσει
3298 5748 3545 5818 λέγοντες
3597 5748 3631 5815 ἧ
