3876 6208
206 360 275 408 (Π
1627 345 1902 404 TilESAU
1915 343 2073 401 RUS.
3410 341 3480 399 $3

199 472 515 545 ἁδουλήτως
543 472 706 526 αὑτὸν
735 470 1085 541 γεγενῆσθαι,
1108 473 1200 523 καὶ
1236 471 1367 539 παρ’
1399 468 1562 539 ἡμῶν
1590 467 1774 521 ἀκουέ-

1888 464 2070 518 Cissim
2098 463 2197 516 hoc
2227 475 2255 514 a
2291 460 2443 515 nobis
2474 458 2695 513 audiant
2728 476 2742 513 :
2776 458 2918 527 Ergo
2956 458 3095 530 ignis
3131 458 3294 515 etiam
3328 462 3473 515 calo-

198 583 401 619 τωσαψ
426 564 687 632 Βουλήσει
715 559 824 634 ἆρα
851 562 913 615 τὸ
962 560 1073 633 πῦρ
1096 562 1195 631 τὴν
1213 559 1454 624 έξαὺτοῦ
1480 558 1792 629 θερμότητα

198 658 367 727 γεννᾷ
390 657 424 727 ἢ
465 656 776 725 ἀϐουλήτως
803 672 817 719 ;
884 653 1025 706 Ἀλλ’
1054 653 1210 721 οὐδὲν
1238 653 1420 717 ἕξουσι
1469 651 1603 722 πρὸς
1632 649 1791 702 τοῦτο

200 750 398 803 εἰπεῖν.
429 747 509 799 Τὰ
540 747 648 815 γὰρ
667 748 731 800 ἐκ
759 745 973 814 φύσεως
1003 746 1259 819 προϊόντα
1279 787 1293 809 ,
1342 744 1468 797 οὔτε
1503 743 1787 814 βούλησιν,

199 839 325 895 οὔτε
359 840 686 910 ἀϐουλησίαν
714 839 1040 909 ἐπιδέχεται.
1090 837 1215 891 Ἐπὶ
1247 837 1305 890 δὲ
1328 835 1439 890 τῶν
1475 836 1671 903 ἔξωθεν
1696 835 1791 888 καὶ

200 924 278 985 ὧν
308 936 473 1002 ἐσμεν
494 934 551 985 έν
578 930 817 1000 ἐξουσίᾳ,
844 930 1095 1001 βούλησις
1119 930 1214 983 καὶ
1244 928 1543 999 ἀδουλησία
1571 930 1786 1000 κρατεῖ.

204 1022 417 1090 Ὥσπερ
446 1014 539 1073 οὖν
598 1020 691 1073 καὶ
729 1022 879 1091 ἡμᾶς
942 1018 1289 1091 ὲργαζόμεθά
1322 1038 1375 1071 τι
1404 1018 1787 1090 βουληθέντες,

202 1114 463 1183 τίκτομεν
518 1113 576 1165 δὲ
626 1111 687 1177 ἐξ
731 1113 975 1176 ἑαυτῶν,
1018 1112 1209 1164 οὐδένα
1254 1111 1421 1163 τόπον
1463 1110 1692 1182 ἐχούσης
1730 1113 1789 1165 ὲν

201 1206 382 1275 τούτῳ
413 1204 718 1275 βουλήσεως
744 1205 777 1275 ἦ
808 1204 1163 1275 ἁδουλησίας,
1208 1202 1351 1256 οὕτω
1392 1203 1485 1256 καὶ
1528 1202 1662 1267 Θεὸς
1694 1204 1786 1273 έρ-

169 1290 179 1299 ’
203 1296 433 1363 γάζεται
466 1296 563 1366 μὲν
598 1295 852 1366 βουλήσει
881 1296 948 1349 τὰ
970 1297 1146 1362 ἐκτὸς,
1179 1296 1437 1365 ἐγέννησε
1462 1294 1519 1348 δὲ
1542 1294 1789 1367 ἁχρόνως

203 1386 297 1439 τὸν
322 1387 450 1440 Υῐδν
477 1386 535 1451 ἐξ
555 1389 771 1449 ἑαυτοῦ,
817 1387 1007 1441 οὐδένα
1058 1389 1221 1441 τόπον
1248 1389 1478 1457 ἐχούσης
1505 1388 1565 1439 έν
1612 1385 1788 1455 τούτῳ

204 1476 508 1549 βουλήσεως
532 1480 623 1531 καὶ
649 1478 996 1548 ὰῦουλησίας,
1017 1480 1066 1530 εἰ
1091 1483 1184 1533 καὶ
1206 1479 1308 1531 οὐκ
1331 1478 1589 1549 ἀθέλητός
1614 1479 1783 1531 ἐστιν.

212 1569 274 1620 '0
305 1570 415 1640 γὰρ
445 1569 631 1640 Πατὴρ
664 1571 857 1641 ἀγαπᾷ
894 1570 984 1624 τὸν
1014 1571 1164 1631 Υἱὺν,
1187 1570 1263 1634 ὡς
1288 1571 1617 1640 γέγραπται,

894 1749 1098 1800 ΑΛΛυ.

449 1860 544 1926 Ὠς
566 1860 635 1923 ἐξ
669 1859 1027 1927 ἀντιθέσεως
1066 1860 1184 1913 τῶν
1218 1861 1538 1930 Εὐνομίου.

268 1976 331 2027 Εἰ
372 1974 446 2045 μὴ
476 1973 746 2046 βουλήσει,
777 1977 963 2045 φησιν,
1023 1976 1281 2047 ἐγέννησε
1308 1976 1399 2029 τὸν
1444 1976 1572 2029 Υίὸν
1602 1975 1630 2027 ὁ
1671 1978 1781 2030 Πα-

193 2065 323 2137 τὴρ,
356 2064 468 2135 ἔχει
500 2066 557 2120 δὲ
596 2067 759 2119 αὑτὸν
780 2068 845 2121 ὲκ
866 2067 1105 2135 φύσεως,
1131 2068 1373 2137 δηλονότι
1402 2054 1497 2121 καὶ
1525 2068 1624 2139 τὴν
1652 2067 1781 2137 περὶ

195 2159 361 2213 αὐτὸν
392 2157 592 2227 γνῶσιν
624 2160 724 2213 οὐκ
754 2159 894 2230 έχων
928 2161 1108 2224 αὐτὸς,
1144 2161 1258 2231 έχει
1284 2161 1445 2215 πάλιν
1480 2160 1649 2231 αὐτὴν
1673 2159 1780 2214 ἀπὸ

194 2251 298 2321 τῆς
328 2251 561 2319 φύσεως.
610 2250 852 2323 Ἐμαθεν
883 2249 976 2307 οὖν
1006 2255 1087 2306 ὅτι
1113 2256 1207 2308 καὶ
1230 2254 1355 2317 Υἱὸς
1386 2253 1551 2307 αὑτοῦ
1593 2252 1776 2319 ἔσται,

194 2344 293 2395 καὶ
337 2344 826 2415 συνδημιουργήσει
863 2346 931 2398 τὰ
976 2346 1173 2399 πάντα’
1231 2348 1325 2400 καὶ
1364 2345 1778 2416 ἐπισυμϐἑὸηκε

192 2434 274 2503 τῷ
306 2434 474 2505 Πατρὶ
497 2436 527 2504 ή
549 2435 678 2505 περὶ
711 2436 838 2488 Υίοῦ
858 2436 1057 2504 γνῶσις
1086 2439 1151 2490 ὲκ
1175 2439 1270 2507 τῆς
1293 2438 1499 2501 οἰκείας
1533 2436 1779 2490 διδασκο-

196 2527 339 2596 μένη
379 2526 611 2594 φύσεως.
655 2526 717 2581 Εἰ
778 2529 835 2581 δὲ
888 2530 1044 2583 τοῦτο
1082 2530 1304 2595 ἄτοπον,
1347 2531 1599 2601 βουλήσει
1640 2530 1776 2599 ἄρα,

192 2618 355 2682 εἰδὼς
402 2621 481 2673 ὃτι
536 2619 709 2685 ἔσται,
750 2623 1050 2694 προέϐαλεν
1112 2625 1300 2687 αὑτὸν,
1347 2624 1441 2677 καὶ
1488 2624 1778 2695 προτρέχει

193 2712 413 2777 πάντως
440 2715 536 2783 τῆς
563 2715 872 2785 γεννήσεως
905 2717 938 2787 ἠ
984 2717 1257 2787 βούλησις.

693 2830 851 2897 Πρὸς
880 2829 1055 2884 τοῦτο
1080 2832 1281 2898 λύσις.

278 2918 366 2977 Ὦς
389 2922 544 2993 ἡμῶν
577 2922 1002 2996 ὁμολογούντων,
1054 2922 1136 2975 ὃτι
1168 2923 1385 2995 πρῶτον
1420 2923 1671 2994 ἐδιδάχθη
1694 2924 1778 2987 τίς

191 3014 345 3067 ἔσται
377 3016 405 3067 ὀ
426 3015 571 3080 Υἱὸς,
594 3011 694 3070 εἶθ’
717 3016 891 3079 οὕτως
916 3015 1248 3085 γεγέννηκεν
1290 3015 1453 3069 αὑτὸν
1481 3018 1510 3069 6
1547 3016 1738 3088 Πατὴρ
1759 3056 1773 3081 ,

194 3106 594 3159 κατασκευάσει
628 3106 727 3176 τὴν
761 3106 1022 3177 πρότασιν
1042 3104 1071 3156 6
1102 3105 1231 3175 περὶ
1259 3104 1429 3157 ταῦτα
1450 3104 1641 3167 δεινὸς,
1678 3105 1777 3157 οὐκ

1896 569 2006 605 rem
2046 566 2110 604 ex
2154 566 2211 605 se
2245 550 2547 605 voluntarie
2587 548 2757 620 gignit
2794 558 2887 604 aut
2923 551 3325 605 involunlarie?
3368 550 3475 606 Sed

1894 644 2026 698 nihil
2055 642 2331 698 habebunt
2358 644 2499 712 quod
2530 643 2593 695 ad
2624 643 2724 695 hoc
2746 642 2948 695 dicant.
2974 642 3107 696 Nam
3136 658 3255 711 qua:
3282 658 3348 696 ex
3377 658 3475 696 na-

1896 743 2015 788 tura
2047 735 2332 802 prodeunt,
2366 747 2537 801 neque
2563 733 2719 797 velle,
2748 732 2829 787 vel
2859 747 2963 786 non
2990 732 3127 787 velle
3156 734 3472 787 admittunt.

1894 825 1948 880 In
1988 828 2149 881 rebus
2180 842 2308 880 vero
2347 841 2464 896 qua:
2502 836 2657 880 extra
2692 841 2789 879 nos
2818 835 2872 879 et
2901 825 2954 879 in
2990 838 3175 881 nostra
3206 837 3473 896 potestate

1892 924 2040 979 sunt,
2068 924 2161 969 aut
2182 916 2448 979 volumus,
2478 924 2569 969 aut
2590 914 2858 972 nolumus.
2883 914 3348 981 Quemadmodum
3376 916 3476 986 igi-

1895 1019 1981 1062 tur
2008 1009 2171 1062 etiam
2205 1024 2304 1063 nos
2333 1023 2624 1078 operamur
2650 1006 2853 1077 aliquid
2880 1009 3155 1063 voluntate
3186 1009 3298 1063 sive
3329 1009 3471 1063 deli-

1892 1101 2170 1154 beratione
2211 1099 2480 1163 adhibita,
2520 1099 2790 1169 gignimus
2829 1113 2957 1153 vero
2998 1113 3064 1152 ex
3109 1098 3263 1153 nobis
3305 1100 3470 1168 ipsis,

1894 1207 2066 1258 neque
2112 1191 2275 1245 ullum
2319 1193 2373 1245 in
2421 1190 2729 1260 generando
2772 1189 2949 1245 locum
2994 1190 3157 1245 habet
3197 1190 3336 1246 velle
3378 1202 3471 1245 aut

1891 1285 2053 1351 nolle,
2096 1286 2167 1338 ita
2210 1284 2371 1338 etiam
2415 1284 2555 1338 Deus
2593 1294 2851 1353 operatur
2914 1283 3130 1351 quidem
3168 1283 3472 1339 voluntarie

1892 1391 2011 1445 qua:
2035 1387 2189 1431 extra
2218 1377 2394 1444 ipsum
2424 1384 2572 1438 sunt,
2620 1374 2817 1429 Filium
2847 1385 3027 1430 autem
3056 1378 3242 1445 genuit
3268 1377 3471 1446 absque

1891 1477 2132 1538 tempore
2166 1483 2229 1523 ex
2267 1482 2346 1533 se,
2383 1482 2561 1536 neque
2598 1468 2763 1521 ullum
2801 1482 2861 1522 ea
2904 1470 2956 1522 in
3000 1483 3056 1522 re
3095 1468 3269 1523 locum
3309 1470 3471 1523 habet

1890 1563 2026 1617 velle
2051 1572 2145 1617 aut
2170 1562 2339 1627 nolle,
2369 1562 2582 1616 tametsi
2612 1578 2716 1617 non
2744 1572 2829 1617 est
2856 1563 3025 1617 invito
3050 1560 3209 1617 Patre
3234 1564 3466 1633 genitus.

1889 1655 2054 1712 Pater
2079 1660 2246 1722 enim,
2276 1668 2336 1711 ut
2363 1657 2647 1727 Scriptura
2682 1655 2944 1725 loquitur,
2973 1664 3118 1710 amat
3144 1654 3363 1710 Filium.

2559 1766 2785 1822 ALIUD.

2321 1859 2404 1913 Ea:
2442 1862 2729 1929 objectione
2770 1858 3040 1914 Eunomii.

1956 1973 2015 2028 Si
2047 1988 2149 2027 non
2176 1972 2472 2037 voluntate,
2505 1974 2696 2041 inquit,
2725 1972 2920 2028 Filium
2952 1974 3134 2044 genuit
3165 1972 3347 2039 Pater,
3373 1974 3469 2028 sed

1884 2080 1950 2119 ex
1997 2074 2187 2117 natura
2236 2064 2411 2133 ipsum
2455 2064 2639 2128 habet,
2686 2064 2975 2119 manifesto
3016 2064 3179 2119 etiam
3222 2065 3466 2118 nmitiam

1884 2156 1949 2207 de
1978 2167 2043 2209 eo
2072 2169 2185 2209 non
2206 2154 2411 2208 habens
2444 2154 2587 2223 ipse,
2619 2169 2739 2208 eam
2772 2172 2798 2208 a
2833 2166 3022 2208 natura
3058 2155 3237 2208 habet.
3270 2154 3468 2208 Didicit

1883 2246 2070 2315 itaque
2094 2316 2097 2321 _
2121 2246 2265 2315 quod
2298 2245 2468 2301 Filius
2497 2261 2626 2300 suos
2656 2246 2866 2300 futurus
2899 2256 3065 2309 esset,
3091 2258 3143 2301 et
3170 2247 3351 2300 omnia
3380 2260 3469 2299 se-

1882 2353 2003 2393 cum
2031 2348 2347 2403 creaturus;
2375 2348 2538 2408 atque
2565 2339 2638 2393 ita
2665 2339 2855 2394 notitia
2883 2338 3006 2393 Filii
3032 2339 3265 2394 accessit
3320 2338 3466 2393 Patri

1882 2444 1911 2483 a
1951 2446 2048 2485 sua
2090 2441 2281 2485 natura
2319 2431 2533 2485 edocto.
2566 2430 2620 2484 Si
2655 2447 2784 2485 vero
2820 2432 2870 2485 id
2905 2430 3201 2485 absurdum
3240 2440 3343 2497 est,
3372 2446 3468 2485 vo-

1881 2520 2089 2576 luntate
2127 2522 2307 2592 igitur,
2340 2523 2521 2576 sciens
2550 2525 2692 2591 quod
2728 2523 2944 2576 laturus
2973 2531 3148 2585 esset,
3182 2536 3305 2576 eum
3336 2535 3466 2590 pro-

1882 2611 2065 2673 duxit,
2099 2612 2463 2680 praeceditque
2500 2614 2723 2665 omnino
2762 2613 3165 2681 generationem
3196 2612 3465 2668 voluntas.

2384 2807 2593 2863 Salutio
2628 2808 2959 2876 objectionis.

1950 2899 2179 2955 Perinde
2227 2916 2290 2954 ac
2341 2901 2386 2954 si
2435 2901 2870 2963 consideremus,
2925 2904 3160 2969 primum
3211 2901 3466 2955 edoctum

1880 2991 2048 3047 fuisse
2085 2990 2304 3047 Patrem
2345 2993 2465 3061 quis
2507 3002 2650 3047 esset
2692 2994 2905 3047 futurus
2949 2992 3142 3057 Filius,
3184 3002 3350 3064 atque
3393 2996 3465 3049 ita

1880 3083 2133 3152 deinceps
2173 3098 2296 3137 eum
2341 3084 2610 3151 genuisse,
2648 3082 2720 3137 ita
2764 3094 3013 3137 versutus
3054 3085 3141 3138 hic
3179 3098 3467 3154 argumeno

191 3196 352 3261 εἰδὼς
403 3198 503 3258 ὅτι.
552 3176 920 3269 διαστήματος
968 3197 1179 3259 οὐδενὸς
1240 3196 1393 3260 ὄντος
1449 3197 1651 3268 μεταξὺ
1680 3197 1774 3251 τοῦ

1884 3184 1994 3228 tum
2031 3189 2191 3229 suum
2224 3176 2438 3237 astruit,
2473 3176 2709 3245 ignarus,
2744 3191 2864 3229 cum
2906 3177 3040 3230 nihil
3076 3176 3148 3230 sit
3184 3177 3345 3246 spatii
3372 3176 3467 3245 Vin-

196 3288 623 3357 μεσολαϐοὖντος
655 3290 717 3341 τὸ
747 3285 886 3341 εἶναι
913 3287 1006 3341 τοῦ
1031 3287 1245 3358 Πατρδς
1282 3289 1375 3340 καὶ
1396 3288 1493 3359 τὴν
1517 3288 1774 3359 γέννησιν

190 3380 288 3432 τοῦ
313 3380 461 3441 Υἱοῦ,
501 3384 534 3451 ἡ
563 3382 690 3452 περὶ
725 3381 886 3435 αὐτοῦ
926 3380 1236 3451 πρόγνωσις
1292 3381 1393 3435 οὐκ
1437 3380 1551 3451 ἔχει
1588 3382 1770 3436 τόπον.

193 3472 257 3524 El
285 3471 393 3544 γὰρ
416 3473 901 3545 προεϐουλεύσατο,
938 3471 1030 3526 καὶ
1073 3472 1459 3543 προεδιδάχθη,
1496 3475 1555 3525 ὲν
1598 3472 1774 3543 χρόνῳ

190 3561 248 3614 δὲ
274 3561 488 3625 πάντως
508 3562 680 3615 ταῦτα
710 3563 936 3631 ἐγίνετο,
969 3562 1119 3615 κάτω
1145 3561 1351 3633 χρόνων
1380 3562 1408 3613 6
1440 3561 1589 3625 Υἱός.
1620 3561 1682 3614 Εἰ
1715 3562 1773 3615 δὲ

189 3652 356 3713 αὐτός
384 3655 529 3705 ὲστιν
556 3655 584 3707 6
644 3653 752 3706 τῶν
784 3653 994 3725 χρόνων
1054 3651 1305 3723 ποιητὴς,
1349 3652 1402 3705 τί
1454 3654 1630 3723 μάτην
1675 3653 1774 3721 τῆς

190 3742 343 3806 Θείας
370 3744 581 3813 φύσεως
609 3745 1001 3815 καταφλυαρεί,
1036 3743 1430 3816 διδασκομένην
1460 3745 1629 3815 αὐτὴν
1660 3745 1773 3796 εἱσ-

191 3831 374 3903 φέρων
413 3834 519 3887 ἀπὸ
550 3834 648 3905 τῆς
688 3833 924 3902 φύσεως,
961 3832 1037 3895 ὼς
1070 3832 1233 3895 αὐτός
1268 3849 1420 3903 φησι,
1466 3832 1533 3886 τὰ
1576 3834 1771 3903 ἐσόμε-

190 3940 278 3988 να,
335 3926 429 3977 καὶ
485 3925 645 3979 πλέον
692 3925 843 3978 οὐδὲν
895 3922 1168 3995 ἀνθρώπῳ
1215 3924 1388 3988 διδοὺς
1440 3925 1472 3997 ἢ
1519 3924 1596 3996 τῷ
1630 3926 1771 3995 ὑπὲρ

190 4016 400 4079 πάντας
440 4017 551 4069 ὄντι
605 4016 759 4088 Θεῷ;
806 4019 952 4071 Ἀνω
1005 4017 1186 4070 τοίνυν
1238 4017 1499 4087 κειμένης
1560 4016 1771 4071 αἰώνων

190 4109 285 4161 καὶ
317 4110 523 4179 χρόνων
576 4108 678 4179 τῆς
739 4110 1045 4180 γεννήσεως
1066 4108 1161 4161 τοῦ
1206 4106 1359 4169 Υἱοῦ,
1394 4107 1679 4178 δύσφημόν
1708 4126 1768 4162 τε

190 4198 286 4251 καὶ
324 4198 531 4268 ἀμαθὲς
560 4200 788 4262 εἰκότως
808 4198 875 4251 ἂν
905 4198 989 4269 εἴη
1014 4198 1076 4250 τὸ
1104 4198 1282 4266 λέγειν
1310 4197 1769 4268 προϐουλεύεσθαι

186 4306 263 4352 τι,
286 4289 318 4358 ἢ
353 4290 808 4360 προδιδάσκεσθαι
830 4290 919 4343 τὸν
938 4290 1157 4360 Πατέρα
1181 4290 1312 4360 περὶ
1338 4288 1525 4342 αὑτοῦ.
1552 4291 1770 4354 Τέλειος

186 4381 300 4451 γὰρ
339 4382 431 4433 καὶ
462 4384 519 4434 ὲν
554 4381 633 4452 τῷ
685 4383 861 4435 πάντα
905 4381 1105 4434 εἰδέναι
1150 4382 1179 4432 ὁ
1216 4381 1429 4451 Πατὴρ,
1462 4382 1557 4433 καὶ
1604 4382 1769 4436 τόπον

186 4473 379 4527 οὐδένα
404 4474 507 4544 πρὸ
547 4474 679 4527 Υίοῦ
703 4476 737 4545 ἡ
769 4476 899 4546 περὶ
926 4473 1093 4528 αὑτοῦ
1135 4473 1389 4544 βούλησις
1420 4473 1553 4545 ἔχει.

871 4582 1076 4637 AAAO.

256 4697 321 4750 Εἰ
355 4691 493 4749 οἶδεν
536 4696 727 4749 ἑαυτὸν
779 4696 866 4749 ἀεὶ
918 4696 1047 4748 ὄντα
1086 4694 1304 4765 Πατέρα
1336 4696 1365 4747 6
1392 4694 1603 4765 Πατὴρ,
1652 4693 1765 4766 ἔχει

185 4789 405 4852 πάντως
434 4787 529 4841 καὶ
561 4790 617 4840 ὲν
648 4786 826 4857 ἑαυτῷ
854 4786 945 4840 τοῦ
975 4786 1106 4840 Υἱοῦ
1139 4788 1237 4857 τὴν
1264 4787 1482 4856 γνῶσιν.
1525 4786 1613 4841 Ἐν
1656 4786 1765 4857 γὰρ

182 4878 263 4947 τῷ
306 4877 503 4931 εἰδέναι
554 4879 687 4948 ὅπερ
737 4877 883 4931 ἐστὶν
913 4877 1096 4941 αὐτὸς,
1132 4876 1352 4946 καὶτῆς
1394 4875 1641 4945 υἱότητος
1665 4876 1764 4944 τὴν

182 4968 388 5035 γνῶσιν
417 4971 604 5040 φορεῖο
636 4967 824 5039 Πατὴρ
857 4967 964 5038 γὰρ
992 4968 1067 5031 ὡς
1099 4967 1231 5038 πρὸς
1268 4965 1397 5019 Υίὸν
1426 4965 1541 5021 ἔστι
1570 4983 1628 5020 τε
1671 4968 1763 5020 καὶ

180 5060 529 5130 ὀνομάζεται.
583 5061 693 5115 Καὶ
733 5060 897 5114 πάλιν
944 5062 1007 5114 ὲκ
1060 5058 1169 5113 τῶν
1216 5060 1503 5113 ἐναντίωνο
1554 5055 1707 5112 οἶδεν
1736 5061 1765 5113 6

184 5152 314 5217 Υἱὸς
347 5153 441 5206 τὸν
467 5152 705 5222 Πατέρα,
733 5151 888 5215 εἰδὼς
921 5152 1058 5221 ὅπερ
1088 5151 1234 5205 ἐστὶν
1265 5151 1447 5214 αὐτός.
1490 5150 1625 5204 Ἀπὸ
1656 5150 1763 5222 γὰρ

178 5242 283 5313 τῆς
315 5242 564 5314 υίότητος
605 5247 637 5314 ἡ
678 5243 953 5315 πατρότης
981 5247 1184 5296 νοεῖται
1207 5260 1221 5273 ’
1254 5243 1346 5296 καὶ
1387 5242 1448 5295 τὸ
1484 5243 1763 5312 ἀντίστρο-

179 5342 301 5405 φον,
336 5338 400 5390 ὲκ
426 5335 525 5406 τῆς
559 5337 899 5410 πατρότητος
931 5338 964 5407 ἡ
999 5337 1182 5406 υἱότης
1202 5354 1215 5367 υ
1246 5332 1314 5407 ἦν
1346 5331 1438 5389 οὖν
1463 5335 1549 5388 ἀεὶ
1575 5334 1763 5407 Πατὴρ

174 5430 206 5481 6
238 5427 393 5491 Θεὸς,
422 5423 489 5498 ἦν
522 5428 630 5499 ἄρα
673 5427 768 5481 καὶ⁸
815 5430 843 5481 6
889 5428 1029 5492 Υἱός.
1070 5428 1363 5498 Δύσφημον
1404 5426 1460 5480 δὲ
1499 5426 1560 5478 τὸ
1585 5427 1763 5494 λέγειν

178 5519 258 5592 μὴ
291 5520 490 5574 εἰδέναι
523 5521 615 5574 τὸν
660 5520 878 5590 Πατέρα
932 5519 992 5586 ἐξ
1042 5521 1237 5575 ἑαυτοῦ
1286 5520 1377 5573 τὸν
1422 5519 1571 5583 Υίὸν,
1621 5519 1765 5573 διδά-

176 5610 409 5665 σκεσθαι
442 5610 497 5663 δὲ
528 5611 635 5664 ἀπὸ
666 5612 765 5682 τῆς
798 5611 1033 5681 φύσεως,
1062 5611 1295 5665 ἑκάστου
1327 5609 1525 5682 δηλαδὴ
1564 5610 1656 5679 ἀφ’
1684 5603 1759 5663 ὧν

173 5706 325 5759 ἔστιν
352 5704 514 5767 αὐτὸς
548 5703 648 5774 τὴν
675 5704 769 5758 τοῦ
813 5704 998 5775 ἑτέρου
1030 5703 1229 5772 γνῶσιν
1280 5701 1512 5773 ἔχοντος.
1549 5700 1758 5764 ’Ἄλλως

1880 3274 1961 3319 ter
1989 3279 2108 3319 esse
2142 3263 2319 3318 Patris
2356 3275 2405 3318 et
2444 3266 2848 3334 generationem
2887 3265 3043 3331 Filii,
3078 3269 3463 3335 praenotionem

1876 3358 1943 3411 de
1973 3371 2038 3411 eo
2069 3356 2272 3411 nullum
2305 3357 2505 3411 habere
2539 3357 2737 3411 locum.
2768 3355 2904 3410 Nam
2934 3356 2979 3410 si
3014 3358 3164 3427 prius
3194 3358 3464 3413 delibera-

1876 3449 1982 3511 vit,
2014 3457 2069 3502 et
2104 3448 2255 3519 prius
2291 3449 2573 3519 cognovit,
2606 3461 2769 3518 atque
2804 3449 2919 3502 hate
2958 3450 3007 3502 in
3047 3459 3287 3519 tempore
3320 3450 3462 3505 facta

1876 3540 2074 3595 fuerint
2112 3555 2335 3595 necesse
2369 3541 2475 3606 sit,
2517 3541 2745 3609 tempori
2782 3554 2911 3612 ergo
2945 3541 3214 3596 obnoxius
3249 3551 3331 3596 est
3367 3542 3460 3596 Fi-

1875 3633 1997 3688 lius.
2036 3636 2104 3688 At
2137 3648 2259 3689 cum
2298 3636 2413 3702 ipse
2452 3634 2523 3689 sit
2565 3644 2869 3703 temporum
2910 3634 3178 3698 conditor,
3216 3634 3345 3704 quid
3384 3644 3463 3688 te-

1877 3739 2023 3779 mere
2044 3726 2301 3779 adversus
2327 3725 2563 3778 divinam
2589 3734 2838 3778 naturam
2863 3723 3188 3788 deblaterat,
3213 3725 3459 3779 edoctatn

1874 3815 2020 3870 illam
2061 3831 2184 3871 esse
2224 3815 2332 3886 59
2373 3832 2401 3869 a
2445 3826 2635 3870 natura
2679 3818 2746 3871 de
2788 3819 2949 3871 rebus
2992 3815 3188 3870 futuris
3227 3815 3456 3886 ﬁngens.

1875 3922 2048 3976 neque
2077 3908 2370 3977 quidquam
2402 3908 2634 3977 amplius
2667 3910 2985 3978 praepotenti
3023 3907 3134 3961 Deo
3167 3923 3329 3977 quam
3364 3910 3459 3962 hoc

1872 4000 2003 4053 mini
2033 4000 2310 4055 tribuens?
2334 4001 2465 4054 Cum
2499 4003 2679 4070 itaque
2707 4000 2988 4070 generatio
3018 3999 3138 4053 Filii
3170 3999 3365 4054 sa'cula
3395 4014 3459 4054 ac

1874 4098 2115 4159 tempora
2147 4093 2394 4155 excedat,
2427 4092 2723 4145 absurdum
2754 4107 2819 4145 ac
2849 4091 3226 4160 hlasphemum
3256 4101 3340 4144 est
3373 4090 3458 4144 di-

1870 4194 1997 4236 cere
2032 4180 2387 4246 deliberasse,
2423 4192 2479 4237 et
2518 4185 2667 4252 prius
2707 4184 2959 4239 edoctum
3002 4184 3169 4238 fuisse
3209 4185 3273 4238 de
3315 4184 3457 4239 illius

1872 4277 2221 4342 generatione
2261 4273 2498 4329 Patrem.
2537 4274 2815 4330 Perfectus
2856 4278 2999 4331 enim
3046 4286 3131 4330 est
3173 4278 3226 4330 in
3274 4278 3457 4345 cogni-

1872 4366 2017 4421 tione
2043 4368 2283 4422 omnium
2318 4384 2496 4421 rerum
2530 4366 2711 4432 Pater,
2743 4369 3055 4439 nullumque
3086 4368 3264 4423 locum
3295 4369 3458 4425 habet

1871 4458 2213 4527 deliberatio,
2242 4459 2438 4515 Filium
2474 4461 2803 4531 prteccdens.

2552 4572 2788 4629 ALIUD.

1943 4682 2000 4738 Si
2052 4682 2211 4738 Pater
2259 4686 2491 4754 semper;
2522 4686 2670 4738 novit
2717 4701 2775 4739 se
2829 4701 2949 4740 esse
2995 4686 3230 4751 Patrem,
3293 4687 3454 4743 habet

1870 4776 2091 4831 omnino
2135 4777 2298 4832 etiam
2331 4776 2383 4831 in
2410 4791 2470 4831 se
2500 4776 2745 4832 notitiam
2790 4776 2932 4833 Filii.
2976 4779 3051 4833 Eo
3105 4780 3246 4833 enim
3310 4781 3453 4849 quod

1870 4873 2105 4940 seipsum
2157 4869 2345 4934 novit,
2392 4870 2540 4924 novit
2592 4880 2647 4925 et
2673 4869 2909 4925 Filium:
2969 4871 3130 4927 Pater
3155 4872 3296 4927 enim
3362 4888 3452 4927 ra-

1872 4962 2016 5015 tione
2056 4959 2176 5013 Filii
2207 4970 2291 5015 est
2326 4970 2381 5015 et
2411 4961 2631 5017 dicitur.
2689 4961 2756 5017 Et
2808 4978 2839 5018 e
2876 4965 3149 5019 contrario
3212 4982 3226 5018 :
3293 4963 3451 5020 Novit

1871 5054 2039 5109 Filius
2076 5054 2315 5118 Patrem,
2344 5069 2575 5111 noscens
2614 5057 2875 5127 seipsmn.
2924 5056 3056 5112 Nam
3092 5073 3159 5112 ex
3192 5058 3453 5114 liliatione

1871 5147 2187 5217 intelligitur
2225 5148 2541 5216 paternitas,
2572 5158 2629 5203 et
2688 5150 2963 5219 reciproce
3014 5165 3076 5204 ex
3126 5156 3450 5219 paternitate

1870 5239 2059 5295 ﬁliatio
2091 5258 2104 5294 :
2137 5248 2255 5294 erat
2311 5255 2443 5310 ergo
2474 5256 2692 5311 semper
2718 5242 2877 5297 Pater
2907 5242 3081 5309 Deus;
3120 5252 3236 5298 erat
3260 5244 3449 5313 utique

1868 5341 1923 5384 et
1961 5330 2150 5385 Filius.
2191 5331 2417 5402 lmpium
2463 5343 2643 5388 autem
2683 5335 2829 5388 dictu
2871 5346 2954 5391 est
2981 5348 3086 5389 non
3134 5348 3295 5391 nosse
3344 5333 3473 5389 Pa-‘

1869 5434 2004 5479 trem
2033 5425 2252 5489 Filium,
2288 5426 2379 5495 qni
2422 5439 2490 5481 ex
2534 5440 2591 5482 se
2641 5436 2743 5492 est,
2786 5430 2879 5483 sed
2923 5428 3103 5482 doceri
3150 5443 3178 5481 a
3228 5435 3444 5490 natura,

1865 5533 1989 5571 cum
2023 5528 2249 5588 uterque
2292 5532 2357 5573 ex
2401 5534 2467 5575 eo
2506 5520 2624 5589 ipso
2652 5521 2794 5589 quod
2818 5532 2902 5576 est
2939 5522 3163 5575 alterius
3198 5521 3444 5576 notitiam

1866 5609 2083 5664 haheat.
2117 5611 2180 5665 Et
2221 5612 2423 5681 alioqui
2461 5623 2652 5666 natura
2681 5612 2771 5667 Dei
2818 5628 2923 5667 non
2970 5613 3039 5666 sit
3081 5613 3224 5669 aliud
3280 5628 3444 5683 quam

1866 5699 1978 5767 ipse
2012 5718 2027 5767 ;
2072 5701 2300 5770 simplex
2326 5702 2469 5758 enim
2500 5713 2553 5759 et
2582 5702 2966 5775 incompositus
2996 5714 3099 5761 est.

178 5813 232 5853 se
268 5800 457 5869 ἕτερον
486 5799 586 5854 οὐκ
617 5800 682 5855 ἂν
709 5800 795 5870 εἴη
828 5799 988 5869 φύσις
1015 5799 1151 5853 Θεοῦ
1181 5799 1312 5869 παρ’
1348 5797 1531 5851 αὐτόν·
1561 5796 1765 5861 ἁπλοῦς
1804 5792 1911 5866 γὰρ
1950 5797 2043 5849 καὶ
2074 5796 2380 5861 ἀσύνθετος.
