3876 6208
370 329 441 392 S9
1374 338 1435 395 S.
1475 338 1749 395 CYRILLI
1782 335 2256 397 ALEXANDRINI
2293 338 2617 397 ARCHIEP.

1042 453 1279 511 ALIUD.

830 564 915 619 Ea:
942 566 1228 636 objectione
1257 566 1527 624 Eunomii.

451 676 748 745 v'oluntate,
776 679 970 749 inquit,
1002 691 1057 735 et
1094 681 1299 750 judicio
1322 682 1507 750 genuit
1544 681 1704 738 Pater
1732 691 1827 737 aut
1852 698 1950 738 na-

370 774 635 831 turaliter.
658 772 728 829 At
751 775 796 829 si
827 776 1145 830 naturaliter
1166 783 1399 841 tantum,
1432 791 1541 829 non
1562 784 1742 829 autem
1767 773 1952 829 volun-

371 875 588 920 tateaut
615 867 845 937 judicio,
900 868 1260 922 involuntarie
1296 868 1475 937 itaque
1533 876 1587 922 et
1648 868 1953 923 lnconside-

372 968 485 1010 rate
527 960 740 1027 genitus
774 970 877 1013 est.
905 961 960 1013 Si
986 975 1113 1013 vero
1150 962 1481 1028 'utruntque,
1529 958 1640 1027 jam
1680 960 1952 1031 composi-

370 1058 480 1101 tum
527 1049 707 1104 lat-itis
769 1048 959 1113 Deum,
1014 1052 1278 1120 judicium
1310 1051 1470 1105 simul
1509 1065 1563 1106 et
1606 1061 1853 1107 naturam
1900 1055 1950 1108 ei

370 1139 692 1194 tribuentes.
725 1139 843 1206 Quo
871 1152 1028 1209 pacto
1053 1141 1195 1195 enim
1247 1142 1337 1211 qui
1392 1157 1459 1195 ex
1503 1142 1585 1197 his
1619 1142 1951 1213 compositus

368 1238 470 1296 est,
513 1232 739 1300 simplex
770 1231 928 1286 fuerit
950 1230 973 1285 ?

827 1344 1036 1399 Salutio
1088 1344 1412 1413 objectionis.

438 1455 730 1511 Generatio
754 1456 876 1511 Filii
931 1474 1105 1527 neque
1129 1459 1334 1524 judicio
1364 1472 1537 1526 neque
1582 1458 1841 1512 voluntati
1870 1469 1955 1513 est

366 1544 616 1598 obnoxia.
650 1544 795 1599 Velle
826 1547 971 1599 enim
1020 1546 1343 1615 etjudicare
1380 1548 1431 1599 itt
1476 1553 1722 1615 tempore
1763 1546 1903 1601 liunt
1933 1562 1949 1602 :

370 1635 536 1689 Filius
564 1651 690 1691 vero
724 1647 1026 1705 temporum
1056 1638 1305 1692 conditur
1333 1650 1439 1693 est.
1471 1638 1589 1704 Quo
1649 1648 1804 1707 pacto
1853 1639 1943 1707 igi-

370 1736 458 1778 tur
498 1726 547 1778 id
575 1727 718 1796 quod
744 1728 1020 1780 conditum
1057 1738 1141 1781 est
1191 1726 1530 1781 conditorem
1565 1727 1952 1797 praecesserit?

3523 337 3633 396 ιω

2735 454 2942 511 ΑΛΛΟ.

2298 567 2394 633 Ὧς
2418 566 2491 633 ἐξ
2525 566 2883 635 ἀντιθέσεως
2918 566 3040 621 τῶν
3076 566 3397 639 Εὐνομίου.

2122 678 2368 749 Θελήσει,
2405 679 2590 749 φησὶν,
2643 681 2764 750 ἦτοι
2790 679 2984 751 κρίσει
3020 680 3113 734 τδν
3143 679 3272 733 Υίδν
3302 679 3636 753 γεγέννηκεν

2054 769 2162 839 ἄρα
2192 772 2221 823 6
2248 770 2458 841 Πατὴρ,
2488 771 2520 841 ἢ
2562 772 2703 824 κατά
2740 770 2925 840 φύσιν.
2959 772 3023 826 Ei
3051 773 3151 841 μὲν
3172 766 3264 825 οὖν
3291 772 3430 826 κατὰ
3466 772 3633 841 φύσιν

2056 861 2235 931 μόνον,
2269 861 2367 914 οὐκ
2408 861 2487 913 ἔτι
2535 861 2591 915 δὲ
2624 862 2766 916 κατὰ
2795 861 3017 932 Θέλησιν
3045 861 3083 933 ἢ
3126 861 3327 935 κρίσιν,
3355 862 3633 933 ἀθελήτως

2053 952 2171 1004 ἐστὶ
2198 952 2293 1006 καὶ
2324 952 2565 1022 ἀκρίτως
2588 952 2887 1023 γεννηθείς.
2923 954 2986 1006 Et
3017 953 3075 1007 δὲ
3107 953 3171 1007 τὸ
3202 936 3658 1025 ιιυνιιμφότερον,ι

2055 1041 2307 1095 σύνθετον
2332 1046 2535 1095 ποιεῖτε
2562 1042 2653 1096 τὸν
2677 1043 2830 1109 Θεὸν,
2854 1045 2946 1097 καὶ
2975 1045 3158 1116 κρίσιν
3178 1044 3326 1116 αύτῷ
3348 1045 3444 1099 καὶ
3467 1045 3633 1114 φύσιν

2052 1133 2302 1197 διδόντες.
2340 1134 2464 1199 Πῶς
2492 1135 2600 1207 γὰρ
2628 1137 2656 1188 ὁ
2687 1136 2751 1189 ὲκ
2792 1135 2997 1190 τούτων
3029 1136 3383 1208 συγκείμενος
3424 1137 3633 1201 ἁπλοῦς

2050 1224 2239 1291 locat;

2530 1341 2688 1409 Πρὸς
2725 1342 2902 1396 τοῦτο
2936 1343 3139 1409 λύσις.

2126 1453 2273 1505 Ἀνω
2306 1453 2403 1524 μὲν
2434 1454 2666 1525 κρίσεως
2703 1457 2799 1510 καὶ
2826 1455 3133 1528 βουλήσεως
3155 1459 3190 1529 ή
3220 1458 3313 1512 τοῦ
3355 1459 3485 1513 Υίοῦ
3515 1461 3631 1513 κεῖ-

2051 1559 2140 1595 ται
2169 1541 2442 1613 γέννησις.
2476 1545 2551 1598 Τὸ
2573 1548 2680 1617 γάρ
2713 1546 2996 1617 βούλεσθαι
3016 1550 3112 1601 καὶ
3135 1547 3339 1620 κρίνειν
3368 1550 3424 1602 ὲν
3448 1549 3629 1621 χρόνῳ

2051 1634 2270 1696 πάντως
2317 1635 2464 1687 ἐστί·
2508 1636 2715 1707 χρόνων
2745 1638 2802 1691 δὲ
2848 1638 3077 1709 ποιητὴς
3114 1639 3143 1691 6
3185 1639 3330 1702 Υἱός.
3379 1639 3503 1703 Πῶς
3532 1635 3629 1693 οὖν

2052 1722 2205 1777 ἔσται
2248 1724 2309 1776 τὸ
2358 1725 2567 1797 ποίημα
2607 1727 2711 1797 πρὸ
2742 1728 2837 1782 τοῦ
2877 1728 3137 1799 ποιητοῦ;
3184 1730 3245 1783 Ei
3277 1730 3335 1783 δὲ
3374 1729 3630 1784 σύνθετον

370 1818 427 1872 Si
470 1834 596 1873 vero
628 1820 983 1890 compositum
1042 1820 1370 1873 existimatis
1426 1818 1542 1873 ﬁeri
1597 1820 1789 1884 Deum,
1831 1819 1949 1875 ideo

2057 1812 2228 1867 οἴεσθε
2260 1815 2505 1882 γίνεσθαι
2535 1816 2666 1871 Θεὸν
2694 1818 2780 1871 διὰ
2822 1819 2882 1873 τὸ
2908 1819 3070 1888 φύσιν
3110 1819 3254 1889 ἔχειν
3296 1821 3390 1873 καὶ
3423 1821 3628 1890 κρίσιν,

368 1911 511 1979 quod
543 1918 794 1964 naturam
819 1911 1039 1974 habeat,
1069 1919 1123 1963 et
1146 1909 1430 1977 judicium,
1453 1910 1568 1965 sive
1594 1910 1945 1976 voluntatem,

368 2002 548 2056 videte
572 2002 735 2054 etiam
767 2002 871 2055 hoc
903 2018 918 2056 :
948 1999 1109 2054 Pater
1146 2010 1369 2068 generat
1397 2000 1716 2054 naturaliter
1744 2016 1762 2065 ς
1798 2011 1949 2056 creat

368 2101 548 2145 autem
580 2105 676 2160 per
700 2088 895 2145 Filium
926 2100 1192 2161 quatenus
1218 2090 1418 2159 opifex.
1446 2088 1631 2160 Neque
1653 2091 1773 2147 ideo
1802 2107 1950 2147 com-

370 2183 577 2249 positus
619 2190 739 2236 est:
782 2182 940 2236 unius
968 2181 1111 2236 enim
1167 2191 1373 2234 naturae
1429 2180 1652 2235 eli‘ectus
1703 2182 1755 2236 hi
1798 2192 1947 2237 sunt.

370 2274 571 2327 Eadem
623 2288 750 2328 vero
778 2274 917 2327 ratio
962 2284 1046 2327 est
1079 2273 1251 2339 boni,
1297 2272 1620 2326 immortalis
1663 2281 1718 2327 et
1767 2273 1951 2327 invisi-

369 2366 513 2425 liilis,
569 2373 733 2433 atque
778 2364 1005 2419 aliorum
1048 2363 1380 2433 ejuscemodi
1436 2378 1557 2432 qua:
1602 2362 1797 2418 divinae
1852 2379 1951 2417 na-

371 2464 504 2507 tura:
543 2453 753 2508 insunt.

1037 2566 1195 2623 ALIU
1208 2567 1265 2621 D.

767 2679 853 2733 Ea:
876 2678 1162 2749 objections
1195 2680 1463 2735 Eunomii.

442 2790 615 2845 Dicite
653 2791 829 2856 nobis,
859 2792 1052 2861 inquit,
1102 2807 1220 2858 vos,
1256 2795 1349 2863 qui
1392 2794 1591 2850 Filium
1634 2794 1797 2849 vultis
1831 2808 1954 2851 esse

370 2882 712 2954 splendorem
773 2883 973 2950 Patris,
1014 2886 1273 2953 quidnam
1308 2884 1653 2941 existimatis.
1683 2885 1951 2952 Quaestio-

371 2975 456 3031 nis
481 2985 661 3031 autem
694 2975 830 3029 ratio
858 2977 972 3031 haec
987 2984 1107 3031 est:
1140 2974 1363 3038 Lumen,
1384 2975 1500 3031 sive
1530 2975 1689 3046 ignis,
1717 2977 1951 3046 exempli

369 3066 563 3137 gratia,
581 3067 633 3120 in
650 3066 867 3121 lucerna
887 3068 1111 3135 positus,
1136 3066 1527 3138 exterioraﬁo
1541 3068 1823 3135 tliuminat;
1840 3069 1955 3139 ipse

2050 1905 2167 1975 ήτοι
2213 1904 2450 1976 θέλησιν,
2496 1909 2656 1977 ὁρᾶτε
2691 1911 2783 1964 καὶ
2817 1909 3005 1963 τοῦτο·
3060 1911 3211 1981 Ἔχει
3255 1911 3316 1963 τὸ
3364 1913 3557 1983 γεννᾷν
3599 1913 3631 1964 6

2050 1996 2241 2068 Πατὴρ
2262 1996 2529 2065 φυσικῶς,
2554 1998 2667 2069 ἔχει
2691 2000 2786 2053 καὶ
2808 2000 2869 2053 τὸ
2898 2001 3101 2065 κτίζειν
3122 2002 3190 2054 δι’
3217 2001 3347 2055 Υίοῦ
3367 2003 3429 2073 δη
3439 2020 3631 2075 μιουρι-

2060 2086 2257 2155 γικῶς,
2288 2088 2381 2141 καὶ
2404 2088 2466 2140 ού
2498 2089 2649 2160 παρὰ
2676 2090 2835 2145 τοῦτο
2867 2092 3120 2156 σύνθετός
3147 2095 3295 2146 ἐστι·
3346 2094 3476 2165 μιᾶς
3516 2096 3634 2165 γὰρ

2051 2173 2264 2242 φύσεως
2310 2176 2379 2230 τὰ
2421 2178 2645 2234 τοιαῦτα
2685 2182 2915 2253 καρπός.
2965 2184 3023 2237 '0
3067 2184 3123 2237 δὲ
3164 2183 3327 2248 αὐτὸς
3363 2186 3633 2256 κρατήσει

2051 2266 2210 2336 λόγος
2238 2269 2331 2322 ὲπί
2357 2288 2416 2322 τε
2448 2271 2542 2325 τοῦ
2577 2272 2782 2341 ἀγαθοῦ
2812 2276 2906 2328 καὶ
2939 2275 3219 2349 ἀφθάρτου
3250 2278 3345 2332 καὶ
3369 2278 3631 2348 ἀοράτου,

2053 2360 2146 2413 καὶ
2168 2361 2268 2414 ὅσα
2300 2361 2561 2431 πρόσεστι
2590 2368 2655 2437 τῇ
2689 2364 2808 2437 Θείᾳ
2836 2366 3013 2436 φύσει.

2731 2564 2935 2618 ΑΛΛΟ.

2320 2672 2413 2738 Ὠς
2441 2671 2510 2736 ἐξ
2541 2672 2900 2741 ἀντιθέσεως
2928 2675 3046 2729 τῶν
3072 2676 3391 2748 Εὐνομίου.

2125 2781 2347 2847 Εἴπατε,
2376 2785 2562 2855 φησὶν,
2592 2788 2747 2856 ήμῖν,
2777 2788 2826 2839 οἱ
2855 2788 3193 2860 ἀπαύγασμα
3222 2791 3472 2861 λέγοντες
3494 2789 3639 2848 εἶναι

2053 2871 2147 2924 τοῦ
2179 2873 2390 2945 Πατρὸς
2418 2876 2509 2928 τὸν
2556 2876 2702 2939 Υἱὸν,
2731 2878 2783 2930 τί
2825 2896 2955 2933 ποτε
2996 2881 3103 2953 ἄρα
3146 2882 3447 2952 λογίζεσθε.
3488 2886 3547 2941 Ὃ
3575 2887 3641 2940 δὲ

2054 2962 2151 3032 τῆς
2181 2966 2499 3036 ἐρωτήσεως
2526 2968 2743 3039 τρόπος,
2778 2963 2967 3034 οὗτοςο
2999 2973 3071 3025 Τὸ
3104 2974 3219 3043 φῶς
3258 2977 3377 3048 ήτοι
3406 2977 3465 3031 τὸ
3498 2978 3636 3050 πῦρ,

2057 3054 2187 3124 φέρε
2218 3057 2414 3122 εἰπεῖν,
2449 3058 2508 3110 ἐν
2554 3059 2730 3131 λύχνῳ
2767 3062 3016 3132 κείμενον
3068 3066 3292 3134 φωτίζει
3338 3068 3407 3122 τὰ
3451 3068 3637 3135 ἐκτὸς,

370 3174 499 3229 vero
523 3173 627 3211 non
656 3156 839 3212 omnia
866 3157 1070 3226 implet,
1098 3157 1191 3212 sed
1224 3158 1277 3213 in
1307 3158 1425 3213 loco
1450 3159 1587 3213 situs
1614 3170 1719 3223 est,
1737 3169 1792 3214 et
1810 3161 1949 3214 circa

2057 3145 2171 3197 ἀλλ’
2214 3145 2346 3199 αὐτὸ
2388 3146 2486 3216 μὲν
2518 3148 2579 3200 οὐ
2606 3148 2783 3204 πάντα
2815 3152 3045 3223 πληροῖ,
3085 3158 3257 3209 κεῖται
3288 3157 3344 3210 δὲ
3376 3159 3433 3210 ἐν
3457 3159 3637 3230 τόπῳ,

368 3266 433 3305 ea
473 3266 591 3320 qua:
625 3250 867 3305 exterius
901 3259 1050 3313 sunt,
1085 3259 1143 3302 ut
1172 3249 1304 3314 dixi,
1330 3248 1448 3317 ejus
1480 3247 1803 3306 illuminatio
1834 3266 1955 3306 ver-

369 3352 541 3398 satur.
570 3342 628 3397 Si
677 3343 841 3413 igitur
874 3342 1055 3396 lumen
1104 3356 1227 3396 esse
1271 3342 1455 3397 dicitis
1484 3341 1723 3403 Patrem,
1767 3342 1951 3412 splen-

370 3436 561 3490 dorem
589 3451 717 3490 vero
744 3436 836 3505 qui
862 3450 930 3490 ex
961 3433 1163 3489 lumine
1196 3434 1457 3504 gignitur,
1480 3434 1696 3499 Filium,
1734 3448 1955 3490 necesse

367 3538 454 3583 est
479 3527 634 3582 lateri
668 3527 957 3581 essentiam
983 3524 1162 3579 Patris
1205 3525 1387 3579 omnia
1432 3525 1658 3594 implere
1700 3541 1803 3579 non
1828 3540 1955 3594 pos-

368 3635 449 3686 se,
480 3630 538 3673 ut
589 3620 737 3673 locus
766 3620 1108 3689 relinquatur
1138 3617 1418 3686 splendori
1441 3618 1533 3686 qui
1567 3633 1637 3673 ex
1659 3618 1775 3686 ipso
1803 3618 1954 3672 emit-

370 3707 519 3765 titur.
553 3710 609 3764 Si
639 3725 768 3763 vero
798 3709 979 3763 omnia
1010 3709 1197 3777 implet
1222 3707 1399 3773 Pater,
1435 3708 1653 3763 ubinam
1690 3708 1954 3763 consistet

367 3802 601 3859 essentia
637 3800 967 3872 geniminis?

880 3912 1088 3967 Salutio
1128 3913 1452 3983 objectiom's.

439 4027 497 4082 Si
532 4029 583 4083 in
622 4028 738 4083 loco
775 4004 1054 4083 constétuit
1083 4026 1325 4091 Patrem,
1356 4036 1410 4081 et
1450 4027 1674 4097 perinde
1699 4042 1766 4083 ac
1821 4043 1949 4083 cor-

367 4135 469 4189 pus
502 4119 750 4190 progredi
782 4118 1075 4183 existimat,
1101 4126 1309 4185 quaerat
1338 4116 1501 4170 etiam
1558 4117 1814 4188 genimiui
1870 4117 1952 4172 lo-

366 4227 513 4266 cum.
541 4210 597 4264 Si
628 4225 753 4264 vero
780 4208 959 4263 Patris
991 4210 1225 4263 essentia
1264 4222 1371 4262 non
1422 4208 1672 4263 consistit
1712 4209 1765 4263 in
1827 4208 1949 4264 loco

365 4304 585 4375 (neque
617 4303 761 4356 enim
801 4300 1053 4355 divinitas
1102 4298 1220 4354 loco
1246 4298 1621 4355 circumscribi
1680 4309 1855 4368 potest
1885 4302 1905 4372 )
1931 4342 1947 4367 ,

366 4408 464 4445 cur
518 4410 576 4445 se
615 4398 827 4459 torquet
855 4390 910 4443 in
956 4389 1117 4444 rebus
1150 4402 1270 4456 qua:
1320 4387 1464 4442 nulla
1513 4390 1811 4459 quaestione
1867 4393 1949 4445 in-

2054 3236 2147 3288 καὶ⁵
2174 3236 2303 3307 περὶ
2326 3237 2395 3291 τὰ
2419 3239 2593 3305 ἐκτὸς,
2624 3240 2877 3313 καθάπερ
2904 3245 3149 3315 εἴπομεν,
3174 3249 3202 3299 6
3230 3247 3289 3311 ἐξ
3319 3249 3484 3303 αὑτοῦ
3517 3269 3641 3320 φω-

2051 3327 2243 3396 τισμὸς
2290 3330 2557 3399 γίγνεται.
2597 3335 2660 3388 Ei
2686 3335 2864 3389 τοίνυν
2897 3337 3013 3405 φῶς
3045 3338 3145 3408 μὲν
3182 3335 3322 3393 εἷναί
3367 3358 3505 3410 φατε
3535 3344 3639 3399 τὸν

2053 3416 2296 3489 Πατέρα,
2326 3422 2389 3473 ὲκ
2423 3410 2598 3491 φωτὸς
2626 3425 2683 3479 δὲ
2711 3425 3052 3497 ἀπαύγασμα
3097 3428 3189 3482 τὸν
3234 3429 3380 3497 Υίὸν,
3413 3432 3637 3505 ἀνάγκη

2052 3508 2230 3577 λέγειν
2261 3512 2354 3565 τοῦ
2383 3514 2592 3586 Πατρὸς
2626 3516 2725 3586 τὴν
2752 3516 2939 3571 οὐσίαν
2970 3518 3045 3590 μὴ
3070 3519 3329 3575 δύνασθαι
3356 3523 3425 3578 τὰ
3448 3524 3639 3579 πάντα

2054 3600 2314 3673 πληροῦν,
2358 3604 2442 3658 ἵνα
2478 3606 2641 3659 τόπον
2672 3608 2785 3679 ἔχοι
2809 3608 2904 3661 καὶ
2930 3612 3179 3681 χωρῆσαί
3207 3630 3298 3667 ποι
3324 3613 3541 3670 δύναιτο
3571 3619 3640 3671 τὸ

2053 3692 2115 3757 ἐξ
2147 3694 2313 3748 αὑτοῦ
2340 3698 2690 3768 πεμπόμενον
2714 3700 3075 3774 ἀπαύγασμα.
3105 3705 3169 3758 Εἰ
3196 3705 3254 3758 δὲ
3288 3707 3465 3761 πάντα
3492 3709 3640 3780 πλη-

2057 3783 2141 3854 ροῖ
2166 3787 2194 3839 6
2233 3787 2440 3860 Πατὴρ,
2470 3788 2574 3842 ποῦ
2607 3791 2848 3863 χωρήσει
2875 3792 2969 3847 τοῦ
2999 3796 3342 3867 γεννήματος
3370 3799 3404 3870 ή
3439 3800 3636 3868 οὐσίας

2533 3903 2692 3973 Πρὸς
2720 3905 2907 3960 ταῦτα
2940 3908 3142 3974 λύσις.

2122 4010 2185 4064 Ei
2232 4012 2328 4082 μὲν
2369 4015 2427 4066 ὲν
2456 4014 2607 4086 τόπῳ
2635 4016 2816 4086 τίθησι
2842 4018 2934 4073 τὸν
2968 4020 3210 4092 Πατέρα,
3253 4024 3349 4077 καὶ
3378 4024 3640 4098 καθάπερ

2049 4119 2103 4156 τι
2137 4104 2296 4175 σῶμα
2326 4106 2621 4177 χωρεῖσθαι
2667 4109 2936 4178 βούλεται,
2980 4110 3215 4182 ζητείτω
3253 4115 3349 4168 καὶ
3388 4117 3467 4187 τῷ
3502 4135 3637 4187 γεν-

2048 4200 2248 4270 νήματι
2276 4200 2459 4253 τόπον.
2488 4201 2550 4255 Εἰ
2575 4200 2634 4254 δὲ
2662 4203 2762 4255 οὑκ
2787 4204 2844 4256 ὲν
2874 4204 3023 4276 τόπῳ
3042 4205 3136 4259 τοῦ
3166 4208 3377 4277 Πατρὸς
3406 4211 3440 4280 ή
3470 4211 3638 4265 οὐσία

2050 4290 2133 4362 (ού
2168 4290 2277 4361 γὰρ
2305 4291 2455 4362 τόπῳ
2485 4292 2824 4365 περιληπτὸν
2852 4291 2914 4347 τὸ
2955 4295 3140 4368 Θείον),
3171 4298 3222 4351 τί
3259 4300 3435 4371 μάτην
3467 4318 3635 4373 περι-

2050 4380 2343 4451 εργάζεται
2369 4383 2439 4435 τὰ
2481 4385 2751 4455 μηδεμίαν
2791 4386 2983 4457 ἔχοντα
3026 4388 3274 4461 ζήτησιν,
3318 4392 3415 4446 καὶ
3452 4393 3638 4466 τολμᾷ

368 4485 576 4553 digcnt,
615 4486 883 4551 audetque
920 4482 1099 4534 dicere
1132 4498 1147 4535 ε
1178 4481 1428 4546 Quonam
1458 4481 1652 4535 evadet
1683 4481 1803 4536 Filii
1869 4498 1949 4537 es-

2057 4473 2235 4541 λέγειν
2260 4490 2273 4503 '
2307 4472 2417 4526 Ποῦ
2444 4476 2685 4546 χωρήσει
2723 4477 2818 4530 τοῦ
2846 4481 3183 4550 γεννήματος
3212 4484 3245 4553 ή
3275 4484 3452 4546 οὐσία,
3484 4484 3637 4553 πλη-

369 4572 569 4631 sentia,
609 4584 731 4623 cum
758 4567 921 4622 Pater
944 4567 1125 4621 omnia
1156 4568 1655 4638 repleat?Apparet
1685 4572 1868 4642 itaque
1894 4580 1949 4628 et

365 4666 453 4713 est
491 4657 651 4711 Pater
689 4657 742 4711 in
782 4656 939 4720 Filio,
987 4666 1042 4711 et
1078 4656 1251 4712 Filius
1291 4657 1345 4712 in
1391 4656 1576 4724 Patre,
1609 4675 1715 4714 non
1770 4669 1945 4716 tamen

370 4759 431 4804 ut
458 4752 597 4805 idem
626 4751 972 4815 exsistentes,
1000 4765 1174 4820 neque
1204 4760 1265 4805 ut
1308 4767 1472 4807 unum
1539 4770 1782 4815 numero.
1852 4756 1950 4810 Est

365 4843 510 4897 enim
543 4842 700 4897 Pater
727 4844 778 4895 in
809 4857 902 4896 sua
931 4844 1286 4911 proprietate,
1323 4853 1380 4898 et
1412 4854 1499 4899 est
1540 4844 1709 4900 Filius
1767 4848 1818 4901 in
1865 4863 1951 4917 pe-

368 4934 560 4990 culiari
602 4950 695 4989 sua
745 4936 1092 5003 pr0prietate,
1121 4936 1261 4991 hanc
1290 4936 1460 4991 solam
1486 4951 1515 4990 a
1577 4936 1741 4993 Patre
1795 4938 1950 4993 dili'e»

368 5028 598 5081 rentiam
656 5026 880 5089 habens,
913 5026 1055 5094 quod
1110 5025 1270 5081 Pater
1311 5027 1527 5095 quidem
1563 5044 1657 5098 per
1715 5043 1775 5083 se
1816 5042 1899 5085 est
1930 5070 1947 5095 ,

308 5168 322 5195 ,ι
368 5132 544 5188 neque
584 5127 667 5171 est
707 5114 920 5179 Filius;
978 5115 1147 5171 Filius
1172 5118 1335 5172 etiam
1376 5134 1472 5189 per
1524 5136 1583 5174 se
1638 5130 1741 5186 est,
1776 5136 1948 5191 neque

314 5258 339 5279 ν.
367 5219 452 5264 eSt
494 5208 676 5264 Pater.
704 5209 810 5263 Sed
862 5209 963 5263 hac
1010 5209 1227 5277 quidem
1276 5210 1389 5264 sola
1430 5210 1731 5268 dili'erentia
1783 5229 1815 5268 a
1843 5214 1947 5269 Pa-

333 5280 455 5371 itre
498 5302 807 5365 distinctus,
853 5300 1098 5355 eamdem
1131 5301 1295 5356 habet
1323 5310 1558 5370 paternae
1592 5313 1797 5359 naturae
1826 5320 1947 5375 pro-

369 5394 689 5462 prietatem;
748 5402 935 5460 estque
1006 5408 1199 5448 rursus
1249 5394 1302 5448 in
1352 5392 1549 5458 Patre,
1596 5398 1944 5465 quemadmo-

367 5484 494 5537 dum
522 5483 773 5551 splendor
799 5482 887 5551 qui
916 5497 946 5536 e
984 5481 1096 5536 sole
1136 5482 1421 5546 emittitur,
1454 5484 1544 5553 qui
1572 5484 1786 5551 quidem
1819 5500 1943 5554 pro-

370 5574 515 5629 cedit
558 5589 624 5627 ex
656 5574 789 5641 ipso,
820 5572 965 5627 aliud
987 5572 1260 5642 quidpiam
1294 5573 1364 5627 ab
1405 5573 1539 5642 ipso,
1570 5588 1733 5626 unum
1763 5582 1938 5627 tamen

371 5676 563 5721 natura
577 5665 866 5721 exsistcns.
887 5663 1020 5717 Nam
1038 5666 1140 5718 hoc
1158 5674 1240 5718 est
1258 5664 1359 5729 sol,
1379 5664 1506 5719 illud
1522 5680 1651 5720 vero
1663 5665 1935 5734 splendor.

372 5759 531 5813 Pater
560 5759 741 5821 itaque
766 5757 1039 5813 exsisteus
1064 5755 1245 5811 emisit
1284 5755 1488 5823 lumen,
1516 5754 1709 5810 Filium
1735 5796 1750 5821 ,
1783 5755 1933 5826 sigil-

2055 4564 2273 4634 ροῦντος
2315 4566 2385 4618 τὰ
2414 4566 2594 4620 πάντα
2628 4568 2723 4620 τοῦ
2764 4570 3011 4643 Πατρός;
3055 4573 3305 4627 Φαίνεται
3352 4576 3451 4646 μὲν
3479 4572 3571 4630 οὖν
3605 4582 3637 4631 6

2049 4656 2239 4727 Πατὴρ
2267 4658 2359 4710 καὶ¹
2381 4657 2526 4712 ἐστιν
2555 4660 2613 4711 ὲν
2646 4659 2780 4731 Υίῷ,
2810 4663 2905 4717 καὶ
2934 4664 3062 4728 Υἱὸς
3097 4666 3157 4717 ὲν
3185 4666 3359 4737 Πατρί
3378 4683 3392 4699 ο
3420 4668 3519 4738 οὐχ
3548 4668 3636 4734 ὡς

2046 4745 2246 4798 ταυτὸν
2278 4745 2336 4798 δὲ
2381 4746 2554 4811 ὅντες,
2583 4748 2704 4802 οὐδὲ
2744 4748 2821 4812 ὡς
2870 4750 2929 4804 ἓν
2971 4752 3211 4824 ἀριθμῷ.
3244 4756 3401 4809 Ἔστι
3443 4756 3551 4829 γὰρ
3601 4760 3635 4811 6

2049 4835 2239 4906 Πατὴρ
2269 4837 2327 4888 ὲν
2357 4837 2424 4907 τῇ
2451 4836 2615 4889 αὑτοῦ
2647 4838 2866 4909 ἰδιότητι
2886 4856 2901 4869 '
2932 4842 3026 4895 καὶ
3062 4841 3211 4896 ἔστιν
3247 4845 3276 4897 6
3304 4844 3431 4908 Υἱὸς
3474 4848 3532 4899 ὲν
3555 4851 3632 4917 τῇ

2053 4927 2159 4998 ίδία
2193 4926 2433 4998 ἰδιότητι,
2461 4929 2664 5001 ταύτην
2693 4930 2831 5001 ἔχων
2861 4933 3028 5005 μόνην
3059 4935 3197 5006 πρὸς
3232 4937 3325 4990 τὸν
3360 4938 3637 5010 Γεγεννηο

2049 5018 2184 5071 κότα
2226 5016 2326 5087 τὴν
2363 5018 2659 5091 διαφοράν·
2700 5021 2730 5073 ό
2758 5024 2857 5091 μὲν
2891 5024 2999 5094 γὰρ
3026 5026 3236 5097 Πατὴρ,
3283 5027 3406 5080 καθ’
3431 5030 3634 5084 ἑαυτόν

2047 5110 2185 5173 ἐστι,
2210 5109 2303 5161 καὶ
2328 5110 2429 5163 ούκ
2452 5110 2599 5165 ἐστιν
2628 5113 2785 5183 Υίὸςπ
2816 5118 2845 5169 6
2864 5116 2922 5170 δὲ
2952 5117 3080 5180 Υἱὸς
3105 5118 3227 5171 καθ’
3250 5118 3441 5172 ἑαυτόν
3480 5121 3633 5183 ἐστι.

2046 5200 2142 5301 καὶζ
2186 5202 2288 5301 οὐκ
2334 5201 2449 5255 ἐστι
2492 5204 2706 5276 Πατήρ.
2767 5206 2926 5262 Ἀλλά
2965 5208 3105 5261 κατά
3147 5207 3305 5263 τοῦτο
3346 5211 3508 5279 μόνον

2046 5292 2184 5363 πρὸς
2233 5292 2325 5346 τὸν
2379 5294 2598 5365 Πατέρα
2641 5297 2739 5368 τήν
2784 5297 3066 5370 διαστολὴν
3113 5300 3276 5370 ἔχων,
3321 5302 3477 5374 φέρει
3524 5304 3635 5373 μὲν

2044 5386 2176 5439 αὐτὸ
2204 5386 2305 5455 τῆς
2335 5388 2605 5458 πατρικῆς
2632 5388 2846 5457 φύσεως
2880 5388 2943 5442 τὸ
2978 5390 3197 5461 ἰδίωμα,
3236 5390 3433 5446 ἔστιδὲ
3458 5393 3633 5447 πάλιν

2043 5477 2101 5529 ὲν
2141 5476 2220 5546 τῷ
2265 5478 2459 5549 Πατρὶ,
2494 5477 2683 5549 ὥσπερ
2724 5480 2785 5533 τὸ
2829 5482 2894 5534 ὲκ
2933 5480 3028 5534 τοῦ
3070 5482 3219 5554 ήλίου
3268 5484 3635 5555 πεμπόμενον

2042 5570 2404 5640 ἀπαύγασμα,
2432 5572 2645 5641 πρόεισι
2673 5572 2771 5643 μὲν
2794 5572 2854 5638 ἐξ
2889 5575 3076 5640 αὐτοῦ,
3112 5575 3297 5645 ἕτερον
3322 5575 3378 5628 δέ
3406 5593 3459 5629 τι
3488 5580 3634 5649 παρ’

2044 5663 2207 5716 αὐτόν
2238 5666 2407 5727 ἐστιν,
2436 5663 2494 5717 ἓν
2537 5664 2676 5717 κατὰ
2724 5663 2887 5732 φύσιν
2932 5667 3193 5739 ὑπάρχον.
3228 5667 3301 5719 Τὸ
3344 5667 3441 5737 μὲν
3486 5671 3630 5738 γὰρ,

2046 5759 2193 5828 ἥλιος
2216 5797 2230 5823 ,
2253 5756 2313 5811 τὸ
2346 5756 2423 5823 δὲ,
2453 5755 2812 5828 ἀπαύγασμα.
2845 5760 2937 5812 Ὢν
2972 5755 3302 5831 οὗνιΠατὴρ,
3330 5760 3633 5831 ἀπηύγασε
