3876 6208
393 333 463 387 85
1384 332 1442 385 S.
1485 329 1764 386 CYRILLI
1803 329 2274 387 ALEXANDRINI
2313 333 2632 390 ARCHIEP.
3583 332 3653 389 Μ

387 445 643 517 paratim,
676 454 838 515 atque
888 446 1010 501 ideo
1041 445 1210 501 divisa
1260 460 1382 502 esse
1441 448 1626 502 omnia
1670 462 1790 519 quae
1847 446 1963 517 ejus

2089 452 2159 504 ιαὶ
2203 452 2656 524 κεχωρισμένως,
2695 453 2787 507 καὶ
2825 452 2913 507 διὰ
2954 451 3112 507 τοῦτο
3144 448 3443 522 φάσκοντες
3483 467 3655 524 μεμε·

386 548 513 593 snnt
545 538 900 601 contendunt,
946 546 1003 591 et
1031 537 1099 591 ad
1150 536 1430 592 dimidium
1466 538 1652 608 gloria:
1680 538 1961 594 redactum

389 646 510 686 esse
538 631 727 686 dicunt
756 630 896 700 quod
923 630 1089 685 altera
1109 629 1372 685 medietas
1400 631 1454 685 in
1478 630 1672 686 Filium
1700 631 1962 687 translata

385 724 482 787 sit,
506 737 612 777 non
638 723 946 791 intelligunt
974 722 1030 776 in
1067 732 1323 792 quantam
1354 724 1747 780 absurditatem
1782 724 1965 795 prola-

388 816 604 868 bantur.
644 814 701 868 Si
751 814 993 883 quidem,
1027 822 1086 869 ut
1124 813 1227 884 ipsi
1280 814 1489 881 volunt,
1539 830 1663 870 cum
1712 816 1863 885 prius
1908 816 1963 872 in

388 906 596 960 unitate
624 905 952 961 constitutus
998 914 1166 970 esset,
1209 904 1369 960 Pater
1396 907 1612 962 creandi
1650 906 1963 963 facultatem

391 996 599 1052 habens
652 997 707 1051 in
753 1010 813 1052 se
858 997 975 1068 ipso
1013 996 1268 1066 produxit
1297 995 1525 1063 Filium,
1554 1007 1612 1053 et
1656 1014 1752 1069 per
1791 1000 1965 1067 ipsum

389 1098 583 1143 cuncta
641 1097 825 1150 creat,
873 1103 1198 1159 omnemque
1247 1091 1467 1146 creandi
1520 1098 1844 1158 potestatem
1899 1105 1966 1145 ex

389 1180 625 1236 essentia
661 1197 755 1235 sua
789 1182 1023 1246 ditnisit,
1053 1192 1109 1237 et
1149 1183 1290 1251 quod
1322 1192 1479 1236 antea
1518 1197 1622 1235 non
1651 1192 1793 1247 erat,
1826 1191 1970 1251 post-

392 1272 612 1326 modum
645 1272 822 1327 factus
860 1283 962 1338 est,
992 1288 1187 1342 expers
1222 1273 1477 1326 nimirum
1508 1272 1761 1327 creativat
1796 1273 1970 1326 virtu-

2068 545 2251 617 ρίσθαι
2280 547 2460 599 πάντα
2487 546 2557 599 τὰ
2588 545 2775 613 αὐτοῦ,
2822 547 2920 599 καὶ
2961 547 3041 609 είς
3066 546 3238 616 ήμισυ
3284 543 3444 615 δόξης
3492 524 3679 598 αὐτὸν.

2066 634 2241 689 ὲλθεῖν
2288 635 2378 690 διὰ
2414 635 2476 689 τὸ
2530 636 2819 707 βεϐηκέναι
2876 634 2940 688 τὸ
2982 634 3170 688 λεῖπον
3218 634 3300 697 είς
3351 633 3444 687 τὸν
3491 633 3652 696 Υίὸν,

2066 727 2352 797 ἀγνοοῦσιν
2399 728 2496 799 οἴῳ
2541 729 2964 799 περιπίπτουσιν
2997 728 3331 796 ἀτοπήματι.
3365 722 3507 796 Ἀρα
3545 723 3656 795 7&9

2068 822 2388 894 ἐπειδήπερ,
2419 822 2494 885 ὡς
2528 822 2681 875 αὐτοί
2724 838 2909 890 φασιν,
2948 821 3008 875 ὲν
3055 818 3242 891 μονάδι
3287 818 3554 891 πρότερον
3580 815 3658 869 ὢν

2067 915 2097 967 6
2139 914 2351 985 Πατὴρ,
2400 911 2497 967 καὶ
2548 912 2648 984 τὴν
2684 911 3082 983 δημιουργικὴν
3132 910 3362 980 δύναμιν
3413 908 3552 977 ἔχων
3598 907 3657 960 ἐν

2068 1004 2268 1075 ἐαυτῷ,
2309 1004 2642 1077 προεϐάλετο
2673 1003 2765 1057 τὸν
2816 1002 2968 1067 Υίδν,
3018 1002 3112 1055 καὶ
3155 1001 3223 1054 δι’
3266 999 3430 1053 αὐτοῦ
3478 998 3659 1052 πάντα

2068 1098 2412 1170 δημιουργεῖ,
2452 1096 2560 1164 ἔξω
2593 1098 2693 1168 τῆς
2729 1096 2915 1159 οὐσίας
2940 1096 3040 1166 τῆς
3078 1094 3275 1148 ἑαυτοῦ
3309 1094 3409 1164 τὴν
3442 1092 3536 1145 ἐπὶ
3578 1092 3659 1163 τῷ

2068 1186 2328 1242 δύνασθαι
2372 1188 2727 1258 δημιουργεῖν
2785 1185 2999 1256 έπεμψε
3046 1184 3317 1255 δύναμιν,
3360 1184 3456 1236 καὶ
3500 1182 3530 1235 ὃ
3579 1183 3658 1254 μή

2071 1279 2336 1351 πρότερον
2366 1274 2454 1351 ἦν,
2492 1278 2649 1331 τοῦτο
2684 1277 2906 1346 γέγονεν
2944 1276 3191 1347 ὕστερον,
3222 1275 3427 1347 ἔρημός
3458 1291 3518 1327 τε
3560 1273 3658 1328 νῦν

394 1364 463 1419 tis
497 1383 511 1419 :
548 1366 643 1419 sed
678 1364 782 1419 hoc
814 1365 895 1419 vel
940 1366 1207 1436 cogitare,
1252 1365 1334 1420 vel
1364 1366 1546 1419 dicere
1577 1375 1825 1419 extreme
1864 1366 1968 1420 im-

2089 1387 2221 1423 εστιν
2272 1368 2455 1439 ἰσχύος
2490 1368 2923 1439 δημιουργικῆςο
2974 1366 3111 1420 ἀλλὰ
3160 1365 3318 1419 τοῦτο
3366 1365 3583 1435 φρονεῖν
3622 1364 3656 1433 ἢ

391 1455 537 1526 pium
580 1464 708 1511 est:
743 1455 851 1527 50
886 1475 905 1509 ι
933 1455 1093 1512 Pater
1133 1458 1276 1512 enim
1332 1458 1631 1527 usquedum
1691 1469 1971 1529 operatur,

2089 1463 2253 1532 té7stv
2276 1463 2515 1533 άμετρον
2542 1460 2655 1531 ἔχει
2684 1460 2783 1530 τὴν
2812 1458 3133 1512 δυσσέϐειαν
3151 1473 3166 1486 °
3195 1476 3214 1509 ι
3258 1456 3319 1510 '0
3338 1455 3527 1526 Πατήρ
3548 1454 3659 1526 γὰρ

391 1557 448 1603 et
488 1563 588 1619 ego
615 1564 832 1619 operor,
862 1569 881 1603 ι
923 1550 1098 1620 inquit
1134 1550 1385 1606 Christus
1408 1552 1475 1606 ⁸⁸.
1507 1551 1971 1617 Quemadmodum

2089 1556 2175 1618 ἕως
2223 1555 2348 1625 ἄρτι
2405 1552 2731 1623 ἐργάζεται,
2784 1550 2940 1619 κάγὼ
2991 1550 3328 1620 ἐργάζομαι,
3362 1566 3385 1599 ι
3421 1547 3586 1618 φησιν
3630 1547 3659 1598 6

393 1640 558 1712 igitur
588 1641 827 1696 creativa
857 1628 1086 1697 facultas
1114 1640 1293 1697 Patris
1323 1658 1431 1699 non
1466 1654 1550 1698 est
1576 1643 1770 1712 divisa,
1799 1659 1974 1714 neque

2089 1644 2328 1715 Κριστός.
2355 1642 2566 1712 Ὠσπερ
2608 1636 2701 1693 οὖν
2740 1640 2801 1693 ού
2840 1639 3167 1710 μεμέρισται
3201 1636 3295 1691 τοῦ
3343 1636 3557 1707 Πατρὸς
3598 1636 3661 1687 τδ

394 1731 713 1801 imperfecta
742 1742 827 1788 est
848 1732 899 1787 in
932 1732 1048 1800 ejus
1075 1736 1335 1798 essentia,
1364 1735 1595 1789 habente
1620 1736 1784 1789 etiam
1827 1735 1971 1790 illam

2089 1731 2612 1804 5ημιουργικὸν,ούδὲ
2634 1730 2829 1801 ἀτελής
2856 1732 2971 1783 ἐστι
3002 1728 3096 1785 νῦν
3118 1730 3175 1781 ὲν
3202 1730 3270 1800 τῇ
3294 1728 3450 1798 οὐσίᾳ
3470 1725 3662 1789 αὐτοῦ,

394 1794 635 1893 perfecte
659 1823 838 1879 Filio:
871 1828 941 1879 ita
960 1794 1146 1879 vetiam
1192 1794 1491 1894 perfectam
1528 1824 1687 1881 habet
1721 1825 1972 1896 gloriam,

2089 1828 2291 1898 ἔχοντος
2313 1824 2531 1889 τελείως
2556 1823 2716 1877 τοῦτο
2738 1822 2833 1877 καὶ
2858 1820 2951 1874 τοῦ
2983 1820 3135 1884 Υἱοῦ,
3162 1819 3303 1873 οὔτω
3327 1820 3422 1873 καὶ
3449 1818 3662 1871 τελείαν

274 1942 277 1945 -
394 1930 518 1970 cum
541 1915 815 1986 perfectus
850 1918 1014 1973 etiam
1051 1919 1103 1972 in
1140 1918 1309 1987 gloria
1344 1919 1416 1974 sit
1444 1918 1638 1974 Filius.
1662 1918 1797 1973 Cum
1827 1919 1974 1974 enim

2089 1922 2193 1993 ἔχει
2225 1920 2323 1992 τὴν
2349 1917 2527 1983 δόξαν,
2554 1917 2767 1988 ἔχοντος
2793 1914 2954 1968 πάλιν
2975 1914 3068 1967 τοῦ
3096 1912 3226 1966 Υἱοῦ
3252 1914 3346 1965 καὶ
3368 1914 3425 1964 ὲν
3446 1911 3574 1983 δόξῃ
3598 1910 3663 1962 τὸ

396 2005 587 2062 similis
617 2022 715 2077 per
741 2008 921 2063 omnia
968 2009 1040 2064 sit
1083 2008 1328 2065 Genitori
1372 2025 1502 2075 suo,
1532 2010 1654 2065 ideo
1682 2009 1974 2079 perfectam

2089 2014 2312 2067 τέλειον.
2337 2011 2562 2081 Ὃμοιος
2594 2009 2701 2077 7&9
2730 2006 2806 2061 ὢν
2839 2006 2981 2060 κατὰ
3004 2006 3182 2059 πάντα
3201 2003 3278 2075 τῷ
3311 2004 3664 2074 γεννήσαντι,

394 2096 557 2151 etiam
591 2098 752 2153 habet
778 2098 1025 2169 gloriam,
1084 2100 1354 2170 siquidem
1383 2117 1448 2157 ex
1477 2100 1639 2157 Patre
1682 2101 1977 2171 perfectam

398 2186 625 2258 gloriam
651 2189 885 2246 habente
905 2192 1121 2263 genitus
1155 2203 1262 2248 est.

744 2339 1320 2434 ASSERTWO
1405 2347 1629 2434 VIL

396 2489 669 2563 Adversus
704 2489 933 2563 sesqui
979 2488 1273 2563 objiciunt:
1304 2490 1495 2547 Utrum
1543 2493 1708 2547 Pater
1759 2493 1978 2563 fortuito

515 2560 688 2631 genuit
720 2558 945 2626 Filium,
974 2558 1048 2614 an
1072 2562 1337 2617 voluntate
1365 2580 1461 2616 sua
1493 2558 1815 2633 pra’ccdeu'te
1834 2564 1860 2615 ει

801 2672 1155 2745 Interrogatio
1192 2676 1579 2733 hereticorum.

469 2782 737 2848 Fortuito,
783 2784 1055 2855 inquiunt,
1106 2796 1163 2843 et
1212 2788 1608 2847 inconsiderate
1651 2793 1835 2863 genuit
1887 2803 1981 2849 aut

401 2873 532 2931 fecit
561 2874 758 2931 Filium
786 2876 973 2945 Pater,
1004 2888 1097 2932 aut
1132 2879 1408 2939 voluntate
1441 2899 1538 2940 sua
1574 2884 1982 2941 intercedente?

401 2966 564 3036 Atqui
593 2968 637 3023 si
683 2969 906 3025 fortuito
931 2972 1141 3039 genuit,
1174 2988 1368 3042 passus
1415 2987 1499 3030 est
1539 2976 1743 3047 aliquid
1785 2987 1984 3047 przeter

400 3058 767 3126 voluntatem;
804 3061 852 3116 si
880 3071 1057 3116 autem
1090 3062 1295 3130 volens,
1331 3074 1386 3120 et
1428 3081 1655 3123 necesse
1691 3069 1764 3122 sit
1801 3070 1981 3124 consi-

2079 2106 2168 2161 διά
2200 2104 2357 2158 τοῦτο
2393 2101 2601 2155 τελείαν
2642 2100 2755 2170 ἔχει
2795 2100 2895 2168 τὴν
2931 2098 3108 2163 δόξαν,
3142 2096 3439 2167 ἐπειδήπερ
3480 2095 3546 2149 ὲκ
3577 2111 3665 2149 τεο

2079 2199 2229 2253 λείαν
2256 2196 2472 2268 ἔχοντος
2496 2192 2654 2259 δόξαν
2683 2190 2949 2262 ἐγεννήθη
2975 2191 3237 2261 Πατρός..

2586 2333 2951 2421 ΛΟΓΟΣ
3039 2328 3145 2427 Ζ.

2081 2495 2235 2564 Πρὸς
2272 2494 2413 2560 τοὺς
2446 2494 2868 2564 προτείνοντας
2904 2492 2991 2564 τό·
3036 2486 3472 2564 ﬂaminicae?)
3512 2484 3665 2539 κατὰ

2234 2555 2546 2632 ,βούλησιν
2574 2555 2867 2632 ἐγέννησε
2896 2562 3004 2615 τὸν
3037 2559 3175 2613 Υίὸν
3207 2562 3239 2612 d
3270 2555 3495 2625 ﬂanip;

2359 2678 2675 2748 Ἐρώτησις
2706 2678 2785 2743 ὡς
2812 2676 2883 2730 ἐκ
2910 2674 3030 2729 τῶν
3061 2669 3395 2742 αἱρετικῶν.

2166 2791 2502 2863 Ἀϐουλήτως
2532 2792 2659 2863 ἄρα,
2706 2790 2869 2861 φασὶ,
2900 2789 2996 2843 καὶ
3043 2788 3331 2851 ἀσκέπτως
3373 2785 3667 2854 ἐγέννησεν

2084 2882 2202 2953 ήτοι
2248 2881 2516 2951 πεποίηκε
2545 2880 2635 2934 τὸν
2684 2880 2813 2933 Υἱὸν
2855 2881 2886 2933 6
2914 2879 3124 2948 Πατὴρ,
3167 2878 3200 2947 ἢ
3233 2875 3376 2929 κατά
3409 2872 3669 2945 βούλησιν

2084 2973 2329 3037 οίκείαν;
2382 2973 2449 3028 Εἰ
2503 2972 2603 3042 μὲν
2636 2968 2729 3027 οὖν
2762 2970 3076 3041 ἀϐουλήτως
3137 2969 3427 3039 ἐγέννησεν
3474 2965 3669 3030 αὑτὸν,

2086 3063 2326 3119 πέπονθέ
2354 3081 2407 3117 τι
2435 3063 2545 3117 τῶν
2578 3062 2729 3136 παρά
2757 3061 3004 3133 γνώμηψ
3047 3061 3093 3113 εἰ
3122 3059 3179 3113 δὲ
3216 3058 3356 3113 κατὰ
3387 3055 3663 3127 βούλησιν,

402 3147 739 3205 derationem
777 3150 845 3205 de
888 3151 1068 3220 aliqua
1100 3169 1158 3207 re
1201 3155 1437 3224 priorem
1483 3172 1605 3213 esse
1654 3174 1813 3229 quam
1863 3161 1981 3230 ipsa

2089 3156 2462 3227 προϋπάρχειν
2487 3155 2544 3209 δὲ
2571 3154 2681 3207 τῶν
2710 3153 3012 3225 γινομένων
3038 3151 3252 3220 ἀνάγκη
3284 3150 3382 3220 τήν
3413 3148 3543 3219 περὶ
3573 3146 3669 3200 αὺ-

404 3240 701 3310 liat,prior
752 3244 933 3312 itaque
980 3245 1078 3299 fuit
1130 3245 1291 3302 Pater
1336 3246 1494 3315 Filio,
1552 3264 1677 3306 cum
1738 3250 1985 3309 voluntas

404 3334 811 3403 generationem
842 3340 1203 3406 praecesserit.

1047 3444 1346 3516 Rcfutatio.

480 3553 652 3620 Unde,
684 3557 932 3626 obsecro,
970 3560 1115 3617 hunc
1163 3561 1417 3633 loquendi
1448 3580 1651 3621 morem
1694 3569 1986 3640 accepistis

406 3642 707 3712 dementes,
743 3652 885 3719 quod
918 3660 1013 3706 aut
1034 3667 1101 3708 ex
1132 3668 1228 3709 sua
1259 3656 1536 3713 voluntate
1562 3668 1653 3712 aut
1676 3660 1811 3715 citra
1831 3675 1985 3717 suam

405 3734 738 3793 voluntatem
767 3744 1018 3811 genuerit
1062 3743 1294 3811 Filium;
1324 3757 1419 3801 aut
1461 3762 1527 3803 ex
1552 3764 1659 3819 quo
1692 3750 1986 3819 Scriptura:

407 3826 528 3887 loco
584 3832 955 3903 hnjuscemodi
1007 3838 1335 3906 quaestiones
1395 3841 1640 3910 proferre
1683 3842 1988 3914 didicistis?

408 3932 541 3999 Quis
578 3946 706 3986 vero
738 3940 1049 3985 sanctorum
1092 3932 1248 3999 dixit,
1280 3942 1375 3987 aut
1424 3948 1489 3989 ex
1544 3934 1839 4001 voluntate,
1896 3946 1989 3991 aut

408 4024 548 4077 citra
575 4021 936 4085 voluntatem,
962 4021 1158 4076 Filium
1191 4037 1258 4077 ex
1286 4021 1448 4079 Patre
1490 4028 1856 4094 processisse?
1884 4030 1991 4085 Aut

406 4114 529 4184 quis
573 4112 879 4183 huiusmodi
910 4113 1189 4168 vocabulis
1217 4123 1302 4169 est
1347 4117 1524 4171 usus?
1567 4116 1721 4185 Quod
1772 4120 1988 4189 quidem

410 4217 529 4260 erat
555 4217 610 4261 et
634 4215 716 4259 est
753 4204 845 4260 Dei
886 4203 1145 4273 Verbum,
1174 4219 1240 4259 ex
1282 4221 1437 4262 saera
1469 4206 1750 4279 Scriptura
1789 4226 1992 4281 cogno-

410 4297 632 4351 simus.
672 4294 806 4351 lllud
832 4310 981 4361 vero,
1015 4296 1148 4349 citra
1192 4298 1524 4353 voluntatem
1555 4309 1647 4353 aut
1677 4309 1890 4363 contra,
1922 4318 1989 4356 ex

412 4387 564 4442 vnbis
612 4386 744 4441 solis
773 4385 1100 4440 audivimus.
1142 4384 1393 4442 Ostendit
1429 4389 1570 4443 enim
1602 4389 1795 4445 Filium
1829 4391 1990 4446 Pater

2084 3246 2193 3299 τῶν
2235 3247 2447 3316 σκέψιν,
2481 3245 2657 3317 προῆν
2690 3245 2797 3317 ἄρα
2834 3243 2930 3298 τοῦ
2970 3241 3103 3296 Υίοῦ
3128 3242 3157 3294 6
3191 3240 3400 3311 Πατὴρ,
3437 3237 3668 3309 μεσολα-

2086 3338 2285 3408 ϐούσης
2318 3338 2417 3409 τὴν
2444 3337 2698 3409 γέννησιν
2724 3337 2822 3406 τῆς
2852 3335 2983 3405 περὶ
3011 3332 3178 3387 αὐτοῦ
3207 3331 3537 3403 βουλήσεως.

2519 3450 2827 3520 Ἀπολογία
2861 3449 3012 3518 πρὸς
3040 3446 3239 3502 τοῦτο.

2158 3566 2327 3621 Πόθεν
2372 3567 2550 3636 ὑμεῖς,
2592 3558 2638 3617 ὧ
2665 3558 2844 3627 οὗτοι,
2889 3562 3032 3617 κατὰ
3069 3560 3323 3632 βούλησιν
3360 3558 3395 3630 ἢ
3433 3554 3670 3629 ἀϐουλήο

2085 3675 2194 3722 τως
2222 3656 2579 3727 γεγεννῆσθαι
2611 3656 2789 3722 λέγειν
2816 3653 2907 3707 τὸν
2937 3653 3085 3717 Υἱὸν,
3116 3652 3152 3723 ἢ
3186 3653 3279 3704 καὶ
3308 3649 3445 3712 ὅλως
3484 3646 3673 3702 τοιαύ-

2086 3768 2187 3815 τας
2216 3752 2330 3813 τοῖς
2360 3748 2748 3817 ἐντυγχάνουσι
2797 3745 2895 3809 τὰς
2930 3744 3149 3808 πεύσεις
3196 3742 3515 3813 προσάγειν,
3557 3738 3673 3793 ἀπὸ

2089 3840 2249 3905 ποίας
2285 3839 2445 3894 τοῦτο
2474 3838 2831 3909 μεμαθήκατε
2862 3835 3114 3905 Γραφῆς;
3147 3834 3243 3897 Τίς
3265 3832 3323 3886 δὲ
3358 3831 3468 3885 τῶν
3493 3830 3671 3899 ἁγίων

2089 3931 2291 4005 ἥκατά
2333 3930 2585 4003 βούλησιν
2614 3930 2647 4000 ἢ
2680 3928 2994 3999 ἀϐουλήτως
3035 3925 3198 3980 αὑτὸν
3241 3925 3439 3993 ἔφησεν
3469 3924 3533 3975 ὲκ
3571 3920 3670 3974 τοῦ

2091 4024 2302 4096 Πατρὸς
2338 4021 2654 4093 προελθεῖν;
2704 4019 2863 4090 Παρὰ
2898 4019 3003 4072 τίνι
3032 4017 3087 4070 δὲ
3119 4016 3433 4086 ὠνόμασται
3462 4013 3531 4066 τά
3558 4028 3674 4065 τοι-

2089 4116 2227 4171 αῦτα
2254 4116 2509 4187 ρήματα;
2534 4114 2656 4166 Ὅτι
2689 4113 2786 4183 μὲν
2813 4109 2923 4182 γάρ
2949 4105 3019 4181 ἦν
3047 4109 3142 4163 καὶ
3171 4108 3317 4160 ἐστιν
3348 4108 3377 4159 6
3403 4104 3498 4159 τοῦ
3529 4101 3672 4156 Θεοῦ

2091 4209 2282 4277 Λόγος,
2310 4206 2555 4277 ἔγνωμεν
2587 4204 2696 4259 ἀπὸ
2720 4203 2820 4273 τῆς
2846 4202 2995 4266 θείας
3026 4200 3269 4272 Γραφῆς.
3298 4198 3372 4252 T6
3398 4198 3476 4263 δὲ,
3503 4195 3674 4250 ἀϐου-

2090 4302 2267 4372 λήτως
2303 4300 2336 4371 ἢ
2380 4299 2488 4370 μὴ,
2525 4298 2679 4369 παρά
2714 4298 2891 4369 μόνων
2940 4294 3093 4366 ὑμῶν
3140 4292 3470 4364 ἠκούσαμεν.
3510 4289 3674 4342 Ἀπο-

2092 4393 2355 4449 καλύπτει
2396 4392 2494 4461 μὲν
2519 4390 2628 4460 γὰρ
2652 4390 2742 4444 τὸν
2770 4389 2896 4444 Υίδν
2919 4389 2948 4441 6
2980 4387 3169 4457 Πατὴρ
3205 4386 3267 4450 ἐξ
3292 4381 3545 4456 οὐρανοῦ,
3574 4380 3673 4436 καί

411 4494 477 4532 ex
513 4477 649 4533 ccelo
672 4478 894 4532 dicens:
926 4497 944 4528 ι
977 4478 1073 4533 Hie
1105 4488 1189 4533 est
1219 4477 1387 4535 Filius
1421 4495 1575 4537 meus
1607 4482 1836 4538 dilectus
1861 4486 1927 4550 ⁶⁶;
1965 4503 1982 4536 ι

2096 4499 2292 4556 φησιν’
2333 4501 2352 4534 ι
2378 4476 2547 4543 Οὗτός
2578 4481 2727 4533 ἐστιν
2758 4480 2786 4531 6
2818 4476 2946 4540 Υἱός
2979 4493 3077 4547 μου
3106 4478 3133 4529 6
3166 4473 3481 4543 ἀγαπητός·
3516 4490 3536 4522 ›
3574 4469 3677 4524 καὶ

412 4581 465 4623 et
502 4584 598 4637 per
627 4568 794 4623 David
824 4585 840 4625 :
876 4586 895 4619 ι
929 4568 1209 4623 Eruetavit
1238 4585 1333 4625 cor
1373 4587 1550 4628 meum
1605 4571 1839 4629 Verbum
1892 4574 1991 4629 bo-

416 4676 541 4713 num
573 4661 653 4726 ‘7;
694 4679 711 4711 ι
757 4668 813 4716 et
854 4660 1291 4731 sapientissimus
1330 4660 1569 4718 Joannes
1601 4686 1612 4718 ς
1652 4682 1671 4715 ι
1707 4664 1761 4719 ln
1796 4666 1995 4735 princi-

418 4752 526 4819 pio,
578 4752 774 4821 inquit,
824 4761 943 4807 erat
996 4753 1258 4820 Verbum,
1310 4767 1365 4807 et
1417 4753 1649 4811 Verbum
1690 4767 1808 4811 erat
1852 4759 1993 4827 apud

423 4846 606 4904 Deum.
636 4850 693 4896 et
724 4841 864 4897 Deus
893 4852 1013 4897 erat
1047 4843 1277 4898 Verbum
1305 4845 1369 4896 ⁸⁸.
1412 4865 1430 4896 ι
1464 4845 1530 4900 Ει
1554 4845 1838 4901 Psalmista
1870 4864 1994 4902 rur-

418 4948 510 4987 sus
534 4936 598 4986 ad
625 4932 838 4988 Patrem
883 4934 1061 4987 dicit:
1100 4954 1118 4985 ι
1153 4934 1417 4999 Quoniam
1443 4936 1581 5002 apud
1636 4946 1687 4988 te
1734 4948 1820 4991 est
1874 4936 1992 4992 fons

419 5026 562 5090 vitaz,
589 5036 643 5081 et
666 5026 717 5079 in
749 5025 947 5081 lumine
980 5035 1070 5081 tuo
1104 5026 1405 5082 videbimus
1426 5028 1604 5082 lumen
1636 5029 1702 5081 “.
1736 5048 1755 5081 ι
1790 5029 1992 5084 Paulus

419 5118 780 5188 splendorem,
812 5128 868 5173 et
901 5118 1147 5183 formant,
1170 5129 1226 5173 et
1256 5119 1542 5191 imaginem
1571 5120 1671 5191 51
1707 5122 1992 5177 invisibilis

422 5211 511 5264 llei
550 5220 708 5265 vocat
737 5210 805 5263 "°.
839 5208 1116 5264 Neminem
1161 5226 1289 5265 vero
1334 5213 1525 5266 horum
1583 5214 1851 5282 repereris
1900 5215 1990 5283 qui

420 5301 613 5354 Filium
678 5316 743 5354 ex
803 5300 1078 5355 voluntate
1138 5312 1231 5355 aut
1280 5303 1415 5356 citra
1461 5303 1788 5358 voluntatem
1841 5305 1992 5373 geni-

422 5401 532 5443 tnm
579 5391 743 5443 dicat.
778 5389 883 5445 Sed
917 5407 1039 5445 cum
1083 5392 1512 5461 dixerint,’_erat,
1553 5404 1627 5457 et,
1659 5404 1754 5459 est,
1790 5395 1991 5449 nullum

421 5480 740 5549 principium
775 5481 825 5535 in
853 5493 1091 5552 tempore
1115 5486 1425 5539 tribuerunt.
1448 5485 1497 5541 ei
1529 5502 1616 5555 qm
1645 5488 1837 5542 srecula
1863 5504 1993 5542 con-

494 5678 539 5711 ⁶⁸
570 5677 728 5733 Joan.
772 5698 823 5743 ν,
867 5682 953 5735 17.
1066 5682 1110 5711 ⁶⁶
1150 5680 1339 5734 Matth.
1388 5697 1467 5741 lll,
1502 5684 1579 5737 l7.

426 5767 485 5815 li,
513 5753 543 5802 ϐ
580 5770 590 5816 ;
638 5750 794 5806 Hebr.
839 5767 875 5817 t,
912 5752 944 5803 '2
976 5771 987 5817 ;
1023 5752 1227 5807 COIUSS.
1277 5768 1311 5813 ι,
1364 5751 1442 5808 lli,

1659 5686 1699 5713 ⁸⁷
1738 5686 1877 5741 νην.
1921 5702 2063 5751 ηυγ,
2104 5689 2159 5739 ‘2.

2090 4579 2179 4632 διὰ
2224 4573 2319 4628 τοῦ
2357 4571 2520 4627 Δαϐὶδ
2568 4571 2750 4639 λέγει·
2791 4589 2809 4620 ι
2853 4567 3213 4640 Ἐξηρεύξατο
3250 4567 3283 4637 ἡ
3322 4564 3518 4635 καρδία
3568 4579 3675 4632 μου

2092 4670 2263 4737 Λόγον
2278 4664 2476 4734 ἀγαθόν
2494 4679 2507 4691 ·
2535 4682 2553 4715 ι
2570 4662 2667 4716 καὶ
2685 4664 2713 4716 6
2728 4660 3032 4731 σοφώτατος
3061 4658 3335 4729 Ἰωάννης·
3361 4676 3379 4708 ι
3420 4656 3508 4709 Ἐν
3526 4656 3673 4727 ἀρχῇ

2090 4756 2179 4831 ἦν,
2212 4756 2397 4828 φησὶν,
2425 4756 2453 4807 6
2480 4752 2652 4820 Λόγος
2671 4793 2686 4818 ,
2726 4751 2820 4804 καὶ
2847 4751 2876 4804 6
2912 4749 3083 4818 Λόγος
3114 4744 3184 4819 ἦν
3228 4746 3365 4818 πρὸς
3392 4744 3484 4798 τὸν
3514 4742 3674 4803 Θεὸν,

2092 4849 2187 4903 καὶ
2213 4846 2344 4909 Θεὸς
2364 4842 2432 4917 ἦν
2454 4846 2484 4897 6
2512 4844 2682 4911 Λόγος
2703 4858 2717 4872 ο
2749 4861 2767 4893 ι
2798 4843 2831 4919 ὁ,
2854 4839 3158 4910 Ψαλμῳδὸς
3185 4838 3258 4900 ὡς
3287 4836 3423 4908 πρὸς
3450 4835 3541 4888 τὸν
3569 4835 3679 4886 Πα-

2099 4939 2232 5011 τέρα
2261 4937 2422 4991 πάλιν
2448 4936 2581 5007 φησι
2602 4952 2616 4965 ·
2654 4954 2673 4986 r
2699 4932 2859 5004 Παρὰ
2888 4932 2971 4985 σοὶ
3012 4931 3163 5003 πηγή
3192 4931 3357 5001 ζωῆς,
3388 4928 3479 4982 καὶ
3508 4930 3564 4982 ὲν
3594 4926 3679 4998 τῷ

2098 5031 2238 5100 φωτί
2266 5047 2360 5083 σου
2385 5028 2628 5099 ὀψόμεθα
2654 5027 2789 5095 φῶς.
2818 5047 2836 5077 ›
2873 5026 2931 5080 '0
2956 5024 3163 5088 Παῦλος
3190 5023 3551 5091 ἀπαύγασμα,
3579 5021 3679 5073 καὶ

2102 5121 2337 5193 μορφὴν,
2377 5120 2473 5175 καὶ
2522 5120 2707 5173 είκόνα
2752 5117 2843 5171 τοῦ
2885 5117 3018 5170 Θεοῦ
3064 5117 3298 5190 ἀοράτου
3339 5114 3513 5168 καλεῖ.
3564 5114 3677 5165 Καὶ

2096 5214 2301 5267 τούτων
2339 5212 2512 5275 οὐδεὶς
2559 5213 2874 5282 εὑρίσκεται
2900 5210 3074 5276 λέγων
3101 5208 3414 5277 ἀϐουλήτως
3450 5206 3483 5275 ἢ
3531 5203 3680 5257 κατὰ

2099 5306 2353 5374 βούλησιν
2386 5304 2737 5373 γεγεννῆσθαι
2760 5304 2852 5356 τὸν
2879 5303 3023 5355 Υἱόν.
3059 5299 3219 5353 Ἀλλά
3250 5300 3330 5363 τὸ,
3358 5295 3457 5369 ἦν,
3498 5297 3679 5349 εἰπόν-

2096 5415 2213 5460 τες,
2249 5398 2343 5450 καὶ
2383 5398 2463 5458 τὸ,
2510 5396 2701 5457 ἔστιν,
2743 5395 3001 5464 οὐδεμίαν
3050 5393 3224 5462 ἀρχὴν
3264 5392 3363 5461 τὴν
3410 5393 3468 5442 ἐν
3500 5388 3681 5459 χρόνῳ

2098 5491 2358 5546 δεδώκασι
2391 5491 2467 5561 τῷ
2496 5493 2601 5543 τῶν
2630 5492 2835 5562 χρόνων
2861 5493 3077 5561 ποιητῇ.
3109 5490 3277 5543 Πόθεν
3305 5484 3397 5541 οῦν
3422 5488 3575 5557 ὑμεῖς
3606 5484 3680 5539 τὰ

2237 5688 2278 5715 ⁸⁸
2319 5685 2469 5742 Joatt.
2520 5704 2554 5745 l,
2596 5687 2641 5739 Ι.

2721 5689 2739 5715 ⁸⁵
2795 5686 2935 5740 Psal.
2980 5702 3142 5746 μεν,
3192 5686 3270 5739 Ιυ.
3356 5686 3397 5714 "‘
3438 5679 3675 5751 Philipp.
