  <div class='ocr_page' id='page_1' title='image "/cluster/home/n/w/nwhite01/storage/ocr_20150623/75/nnc1.0046980121/063.png"; bbox 0 0 3876 6208; ppageno 0'>
   <div class='ocr_carea' id='block_1_1' title="bbox 437 278 3693 343">
    <p class='ocr_par' dir='ltr' id='par_1_1' title="bbox 437 278 3693 343">
     <span class='ocr_line' id='line_1_1' title="bbox 437 278 3693 343; baseline 0.002 -6"><span class='ocrx_word' id='word_1_1' title='bbox 437 287 509 340; x_wconf 80' lang='lat'><strong>87</strong></span> <span class='ocrx_word' id='word_1_2' title='bbox 1427 280 1486 335; x_wconf 88' lang='lat' dir='ltr'><strong>S.</strong></span> <span class='ocrx_word' id='word_1_3' title='bbox 1527 278 1800 336; x_wconf 78' lang='lat' dir='ltr'><strong>CYRILLI</strong></span> <span class='ocrx_word' id='word_1_4' title='bbox 1835 279 2313 337; x_wconf 79' lang='lat' dir='ltr'><strong>ALEXANDRINI</strong></span> <span class='ocrx_word' id='word_1_5' title='bbox 2352 280 2675 338; x_wconf 82' lang='lat' dir='ltr'><strong>ARCHIEP.</strong></span> <span class='ocrx_word' id='word_1_6' title='bbox 3618 283 3693 343; x_wconf 76' lang='grc'>88</span> 
     </span>
    </p>
   </div>
   <div class='ocr_carea' id='block_1_2' title="bbox 434 395 1996 472">
    <p class='ocr_par' dir='ltr' id='par_1_2' title="bbox 434 398 1996 472">
     <span class='ocr_line' id='line_1_2' title="bbox 434 398 1996 472; baseline -0.004 -11"><span class='ocrx_word' id='word_1_7' title='bbox 434 404 527 461; x_wconf 86' lang='lat' dir='ltr'><strong>sed</strong></span> <span class='ocrx_word' id='word_1_8' title='bbox 553 400 659 466; x_wconf 89' lang='lat' dir='ltr'><strong>illi,</strong></span> <span class='ocrx_word' id='word_1_9' title='bbox 687 399 907 472; x_wconf 85' lang='lat' dir='ltr'><strong>opinor,</strong></span> <span class='ocrx_word' id='word_1_10' title='bbox 939 399 1162 454; x_wconf 83' lang='lat' dir='ltr'><strong>credere</strong></span> <span class='ocrx_word' id='word_1_11' title='bbox 1188 412 1410 454; x_wconf 89' lang='lat' dir='ltr'><strong>necesse</strong></span> <span class='ocrx_word' id='word_1_12' title='bbox 1439 407 1542 455; x_wconf 89' lang='lat' dir='ltr'><strong>est.</strong></span> <span class='ocrx_word' id='word_1_13' title='bbox 1571 399 1701 455; x_wconf 86' lang='lat' dir='ltr'><strong>Erat</strong></span> <span class='ocrx_word' id='word_1_14' title='bbox 1731 398 1914 472; x_wconf 84' lang='lat' dir='ltr'><strong>igitur,</strong></span> <span class='ocrx_word' id='word_1_15' title='bbox 1946 407 1996 454; x_wconf 91' lang='lat' dir='ltr'><strong>ut</strong></span> 
     </span>
    </p>
   </div>
   <div class='ocr_carea' id='block_1_3' title="bbox 2111 395 3692 472">
    <p class='ocr_par' dir='ltr' id='par_1_3' title="bbox 2111 395 3692 472">
     <span class='ocr_line' id='line_1_3' title="bbox 2111 395 3692 472; baseline 0 -20"><span class='ocrx_word' id='word_1_16' title='bbox 2111 400 2184 466; x_wconf 84' lang='grc' dir='ltr'><strong>δὲ,</strong></span> <span class='ocrx_word' id='word_1_17' title='bbox 2209 397 2383 472; x_wconf 71' lang='grc' dir='ltr'>οἴμαι,</span> <span class='ocrx_word' id='word_1_18' title='bbox 2412 399 2687 456; x_wconf 78' lang='grc' dir='ltr'><strong>πιστεύειν</strong></span> <span class='ocrx_word' id='word_1_19' title='bbox 2736 400 3051 470; x_wconf 80' lang='grc' dir='ltr'>ἀναγκαῖον.</span> <span class='ocrx_word' id='word_1_20' title='bbox 3081 395 3190 454; x_wconf 65' lang='grc' dir='ltr'><strong>*Ην</strong></span> <span class='ocrx_word' id='word_1_21' title='bbox 3234 398 3364 472; x_wconf 76' lang='grc' dir='ltr'>ἄρα,</span> <span class='ocrx_word' id='word_1_22' title='bbox 3424 399 3566 453; x_wconf 81' lang='grc' dir='ltr'>κατὰ</span> <span class='ocrx_word' id='word_1_23' title='bbox 3594 400 3692 453; x_wconf 74' lang='grc' dir='ltr'><strong>τδδ</strong></span> 
     </span>
    </p>
   </div>
   <div class='ocr_carea' id='block_1_4' title="bbox 433 486 1996 563">
    <p class='ocr_par' dir='ltr' id='par_1_4' title="bbox 433 490 1996 563">
     <span class='ocr_line' id='line_1_4' title="bbox 433 490 1996 563; baseline -0.002 -12"><span class='ocrx_word' id='word_1_24' title='bbox 433 496 524 551; x_wconf 89' lang='lat' dir='ltr'><strong>ille</strong></span> <span class='ocrx_word' id='word_1_25' title='bbox 550 494 702 556; x_wconf 92' lang='lat' dir='ltr'><strong>dicit,</strong></span> <span class='ocrx_word' id='word_1_26' title='bbox 728 490 919 556; x_wconf 85' lang='lat' dir='ltr'><strong>Filius,</strong></span> <span class='ocrx_word' id='word_1_27' title='bbox 953 499 1007 545; x_wconf 90' lang='lat' dir='ltr'><strong>et</strong></span> <span class='ocrx_word' id='word_1_28' title='bbox 1034 490 1188 557; x_wconf 92' lang='lat' dir='ltr'><strong>illud,</strong></span> <span class='ocrx_word' id='word_1_29' title='bbox 1220 506 1324 545; x_wconf 83' lang='lat' dir='ltr'><strong>non</strong></span> <span class='ocrx_word' id='word_1_30' title='bbox 1356 500 1491 557; x_wconf 85' lang='lat' dir='ltr'><strong>erat,</strong></span> <span class='ocrx_word' id='word_1_31' title='bbox 1523 505 1807 563; x_wconf 86' lang='lat' dir='ltr'><strong>perperam</strong></span> <span class='ocrx_word' id='word_1_32' title='bbox 1841 491 1908 547; x_wconf 90' lang='lat' dir='ltr'><strong>de</strong></span> <span class='ocrx_word' id='word_1_33' title='bbox 1940 506 1996 547; x_wconf 79' lang='lat' dir='ltr'><strong>eo</strong></span> 
     </span>
    </p>
   </div>
   <div class='ocr_carea' id='block_1_5' title="bbox 2111 486 3692 563">
    <p class='ocr_par' dir='ltr' id='par_1_5' title="bbox 2111 486 3692 561">
     <span class='ocr_line' id='line_1_5' title="bbox 2111 486 3692 561; baseline 0 -18"><span class='ocrx_word' id='word_1_34' title='bbox 2111 490 2319 543; x_wconf 79' lang='grc' dir='ltr'>ἐκείνου</span> <span class='ocrx_word' id='word_1_35' title='bbox 2376 491 2554 559; x_wconf 89' lang='grc' dir='ltr'>λόγον,</span> <span class='ocrx_word' id='word_1_36' title='bbox 2607 492 2635 544; x_wconf 99' lang='lat'><strong>6</strong></span> <span class='ocrx_word' id='word_1_37' title='bbox 2681 492 2829 555; x_wconf 80' lang='grc' dir='ltr'>Υἱὸς,</span> <span class='ocrx_word' id='word_1_38' title='bbox 2874 492 2967 543; x_wconf 72' lang='grc' dir='ltr'>καὶ</span> <span class='ocrx_word' id='word_1_39' title='bbox 2998 491 3080 558; x_wconf 76' lang='grc' dir='ltr'><strong>τὸ,</strong></span> <span class='ocrx_word' id='word_1_40' title='bbox 3120 492 3231 544; x_wconf 82' lang='grc' dir='ltr'>οὐκ</span> <span class='ocrx_word' id='word_1_41' title='bbox 3260 486 3358 561; x_wconf 82' lang='grc' dir='ltr'><strong>ἦν,</strong></span> <span class='ocrx_word' id='word_1_42' title='bbox 3403 488 3488 541; x_wconf 74' lang='grc' dir='ltr'><strong>ἐπ’</strong></span> <span class='ocrx_word' id='word_1_43' title='bbox 3536 489 3692 560; x_wconf 82' lang='grc' dir='ltr'>αὑτῷ</span> 
     </span>
    </p>
   </div>
   <div class='ocr_carea' id='block_1_6' title="bbox 433 586 628 642">
    <p class='ocr_par' dir='ltr' id='par_1_6' title="bbox 433 586 628 642">
     <span class='ocr_line' id='line_1_6' title="bbox 433 586 628 642; baseline -0.015 0"><span class='ocrx_word' id='word_1_44' title='bbox 433 586 628 642; x_wconf 86' lang='lat' dir='ltr'><strong>dicitur</strong></span> 
     </span>
    </p>
   </div>
   <div class='ocr_carea' id='block_1_7' title="bbox 1105 696 1337 753">
    <p class='ocr_par' dir='ltr' id='par_1_7' title="bbox 1105 696 1337 753">
     <span class='ocr_line' id='line_1_7' title="bbox 1105 696 1337 753; baseline 0 -1"><span class='ocrx_word' id='word_1_45' title='bbox 1105 696 1337 753; x_wconf 84' lang='lat' dir='ltr'><strong>ALIUD.</strong></span> 
     </span>
    </p>
   </div>
   <div class='ocr_carea' id='block_1_8' title="bbox 504 809 2001 884">
    <p class='ocr_par' dir='ltr' id='par_1_8' title="bbox 504 809 2001 884">
     <span class='ocr_line' id='line_1_8' title="bbox 504 809 2001 884; baseline 0.002 -19"><span class='ocrx_word' id='word_1_46' title='bbox 504 809 562 865; x_wconf 89' lang='lat' dir='ltr'><strong>Si</strong></span> <span class='ocrx_word' id='word_1_47' title='bbox 598 824 659 865; x_wconf 92' lang='lat' dir='ltr'><strong>ea</strong></span> <span class='ocrx_word' id='word_1_48' title='bbox 696 824 815 880; x_wconf 74' lang='lat' dir='ltr'><strong>qua:</strong></span> <span class='ocrx_word' id='word_1_49' title='bbox 844 824 911 866; x_wconf 82' lang='lat' dir='ltr'><strong>ex</strong></span> <span class='ocrx_word' id='word_1_50' title='bbox 942 809 1220 866; x_wconf 78' lang='lat' dir='ltr'><strong>voluntate</strong></span> <span class='ocrx_word' id='word_1_51' title='bbox 1252 810 1391 866; x_wconf 83' lang='lat' dir='ltr'><strong>facta</strong></span> <span class='ocrx_word' id='word_1_52' title='bbox 1426 820 1585 877; x_wconf 85' lang='lat' dir='ltr'><strong>sunt,</strong></span> <span class='ocrx_word' id='word_1_53' title='bbox 1614 819 1826 883; x_wconf 87' lang='lat' dir='ltr'><strong>tempus</strong></span> <span class='ocrx_word' id='word_1_54' title='bbox 1858 828 2001 884; x_wconf 84' lang='lat' dir='ltr'><strong>prae-</strong></span> 
     </span>
    </p>
   </div>
   <div class='ocr_carea' id='block_1_9' title="bbox 432 901 2001 976">
    <p class='ocr_par' dir='ltr' id='par_1_9' title="bbox 432 901 2001 976">
     <span class='ocr_line' id='line_1_9' title="bbox 432 901 2001 976; baseline 0.003 -21"><span class='ocrx_word' id='word_1_55' title='bbox 432 901 626 967; x_wconf 82' lang='lat' dir='ltr'><strong>cessit,</strong></span> <span class='ocrx_word' id='word_1_56' title='bbox 655 902 707 956; x_wconf 92' lang='lat' dir='ltr'><strong>in</strong></span> <span class='ocrx_word' id='word_1_57' title='bbox 744 916 849 973; x_wconf 91' lang='lat' dir='ltr'><strong>quo</strong></span> <span class='ocrx_word' id='word_1_58' title='bbox 881 903 949 958; x_wconf 92' lang='lat' dir='ltr'><strong>de</strong></span> <span class='ocrx_word' id='word_1_59' title='bbox 980 902 1112 973; x_wconf 88' lang='lat' dir='ltr'><strong>ipsis</strong></span> <span class='ocrx_word' id='word_1_60' title='bbox 1140 903 1492 959; x_wconf 90' lang='lat' dir='ltr'><strong>deliberatum</strong></span> <span class='ocrx_word' id='word_1_61' title='bbox 1526 911 1639 968; x_wconf 89' lang='lat' dir='ltr'><strong>est,</strong></span> <span class='ocrx_word' id='word_1_62' title='bbox 1668 904 1714 959; x_wconf 88' lang='lat' dir='ltr'><strong>si</strong></span> <span class='ocrx_word' id='word_1_63' title='bbox 1748 905 2001 976; x_wconf 82' lang='lat' dir='ltr'><strong>exiguum</strong></span> 
     </span>
    </p>
   </div>
   <div class='ocr_carea' id='block_1_10' title="bbox 430 992 2000 1066">
    <p class='ocr_par' dir='ltr' id='par_1_10' title="bbox 430 992 2000 1066">
     <span class='ocr_line' id='line_1_10' title="bbox 430 992 2000 1066; baseline 0.003 -19"><span class='ocrx_word' id='word_1_64' title='bbox 430 992 645 1063; x_wconf 84' lang='lat' dir='ltr'><strong>aliquod</strong></span> <span class='ocrx_word' id='word_1_65' title='bbox 680 993 1171 1065; x_wconf 89' lang='lat' dir='ltr'><strong>brevissimumque</strong></span> <span class='ocrx_word' id='word_1_66' title='bbox 1206 1004 1417 1064; x_wconf 82' lang='lat' dir='ltr'><strong>tempus</strong></span> <span class='ocrx_word' id='word_1_67' title='bbox 1446 996 1663 1062; x_wconf 86' lang='lat' dir='ltr'><strong>demus,</strong></span> <span class='ocrx_word' id='word_1_68' title='bbox 1692 1011 1797 1059; x_wconf 84' lang='lat' dir='ltr'><strong>quo</strong></span> <span class='ocrx_word' id='word_1_69' title='bbox 1842 1005 2000 1066; x_wconf 91' lang='lat' dir='ltr'><strong>pacto</strong></span> 
     </span>
    </p>
   </div>
   <div class='ocr_carea' id='block_1_11' title="bbox 429 1085 2001 1159">
    <p class='ocr_par' dir='ltr' id='par_1_11' title="bbox 429 1085 2001 1159">
     <span class='ocr_line' id='line_1_11' title="bbox 429 1085 2001 1159; baseline 0.004 -22"><span class='ocrx_word' id='word_1_70' title='bbox 429 1086 532 1140; x_wconf 87' lang='lat' dir='ltr'><strong>erit</strong></span> <span class='ocrx_word' id='word_1_71' title='bbox 575 1095 874 1156; x_wconf 84' lang='lat' dir='ltr'><strong>temporum</strong></span> <span class='ocrx_word' id='word_1_72' title='bbox 918 1088 1166 1142; x_wconf 85' lang='lat' dir='ltr'><strong>conditor</strong></span> <span class='ocrx_word' id='word_1_73' title='bbox 1205 1085 1405 1152; x_wconf 82' lang='lat' dir='ltr'><strong>Filius,</strong></span> <span class='ocrx_word' id='word_1_74' title='bbox 1439 1087 1485 1141; x_wconf 88' lang='lat' dir='ltr'><strong>si</strong></span> <span class='ocrx_word' id='word_1_75' title='bbox 1513 1086 1843 1153; x_wconf 84' lang='lat' dir='ltr'><strong>deliberatio</strong></span> <span class='ocrx_word' id='word_1_76' title='bbox 1884 1088 2001 1159; x_wconf 84' lang='lat' dir='ltr'><strong>ejus</strong></span> 
     </span>
    </p>
   </div>
   <div class='ocr_carea' id='block_1_12' title="bbox 429 1175 2001 1247">
    <p class='ocr_par' dir='ltr' id='par_1_12' title="bbox 429 1175 2001 1247">
     <span class='ocr_line' id='line_1_12' title="bbox 429 1175 2001 1247; baseline 0.003 -18"><span class='ocrx_word' id='word_1_77' title='bbox 429 1175 831 1244; x_wconf 83' lang='lat' dir='ltr'><strong>generationem</strong></span> <span class='ocrx_word' id='word_1_78' title='bbox 862 1177 1178 1247; x_wconf 70' lang='lat' dir='ltr'><strong>pmcessit?</strong></span> <span class='ocrx_word' id='word_1_79' title='bbox 1208 1178 1368 1247; x_wconf 84' lang='lat' dir='ltr'><strong>Atqui</strong></span> <span class='ocrx_word' id='word_1_80' title='bbox 1390 1186 1473 1233; x_wconf 88' lang='lat' dir='ltr'><strong>est</strong></span> <span class='ocrx_word' id='word_1_81' title='bbox 1503 1178 1723 1235; x_wconf 90' lang='lat' dir='ltr'><strong>omnino</strong></span> <span class='ocrx_word' id='word_1_82' title='bbox 1753 1180 2001 1235; x_wconf 90' lang='lat' dir='ltr'><strong>conditor</strong></span> 
     </span>
    </p>
   </div>
   <div class='ocr_carea' id='block_1_13' title="bbox 431 1267 1996 1339">
    <p class='ocr_par' dir='ltr' id='par_1_13' title="bbox 431 1267 1996 1339">
     <span class='ocr_line' id='line_1_13' title="bbox 431 1267 1996 1339; baseline 0.004 -19"><span class='ocrx_word' id='word_1_83' title='bbox 431 1277 753 1336; x_wconf 88' lang='lat' dir='ltr'><strong>temporum.</strong></span> <span class='ocrx_word' id='word_1_84' title='bbox 782 1267 911 1323; x_wconf 83' lang='lat' dir='ltr'><strong>Erat</strong></span> <span class='ocrx_word' id='word_1_85' title='bbox 944 1268 1154 1338; x_wconf 87' lang='lat' dir='ltr'><strong>itaque,</strong></span> <span class='ocrx_word' id='word_1_86' title='bbox 1184 1278 1238 1323; x_wconf 92' lang='lat' dir='ltr'><strong>et</strong></span> <span class='ocrx_word' id='word_1_87' title='bbox 1275 1268 1407 1323; x_wconf 89' lang='lat' dir='ltr'><strong>nihil</strong></span> <span class='ocrx_word' id='word_1_88' title='bbox 1443 1267 1559 1337; x_wconf 85' lang='lat' dir='ltr'><strong>ejus</strong></span> <span class='ocrx_word' id='word_1_89' title='bbox 1591 1272 1996 1339; x_wconf 75' lang='lat' dir='ltr'><strong>generationem</strong></span> 
     </span>
    </p>
   </div>
   <div class='ocr_carea' id='block_1_14' title="bbox 424 1357 717 1425">
    <p class='ocr_par' dir='ltr' id='par_1_14' title="bbox 424 1357 717 1425">
     <span class='ocr_line' id='line_1_14' title="bbox 424 1357 717 1425; baseline -0.007 -12"><span class='ocrx_word' id='word_1_90' title='bbox 424 1357 717 1425; x_wconf 74' lang='lat' dir='ltr'><strong>praecessit.</strong></span> 
     </span>
    </p>
   </div>
   <div class='ocr_carea' id='block_1_15' title="bbox 1098 1470 1330 1527">
    <p class='ocr_par' dir='ltr' id='par_1_15' title="bbox 1098 1470 1330 1527">
     <span class='ocr_line' id='line_1_15' title="bbox 1098 1470 1330 1527; baseline 0 -1"><span class='ocrx_word' id='word_1_91' title='bbox 1098 1470 1330 1527; x_wconf 84' lang='lat' dir='ltr'><strong>ALIUD.</strong></span> 
     </span>
    </p>
   </div>
   <div class='ocr_carea' id='block_1_16' title="bbox 494 1584 1997 1656">
    <p class='ocr_par' dir='ltr' id='par_1_16' title="bbox 494 1584 1997 1656">
     <span class='ocr_line' id='line_1_16' title="bbox 494 1584 1997 1656; baseline -0.001 -16"><span class='ocrx_word' id='word_1_92' title='bbox 494 1584 554 1640; x_wconf 91' lang='lat' dir='ltr'><strong>Si</strong></span> <span class='ocrx_word' id='word_1_93' title='bbox 583 1584 754 1641; x_wconf 83' lang='lat' dir='ltr'><strong>Filius</strong></span> <span class='ocrx_word' id='word_1_94' title='bbox 778 1594 862 1641; x_wconf 86' lang='lat' dir='ltr'><strong>est</strong></span> <span class='ocrx_word' id='word_1_95' title='bbox 888 1586 1155 1656; x_wconf 85' lang='lat' dir='ltr'><strong>sapientia</strong></span> <span class='ocrx_word' id='word_1_96' title='bbox 1181 1586 1378 1653; x_wconf 81' lang='lat' dir='ltr'><strong>Patris,</strong></span> <span class='ocrx_word' id='word_1_97' title='bbox 1404 1597 1463 1642; x_wconf 91' lang='lat' dir='ltr'><strong>ut</strong></span> <span class='ocrx_word' id='word_1_98' title='bbox 1488 1602 1678 1644; x_wconf 89' lang='lat' dir='ltr'><strong>revera</strong></span> <span class='ocrx_word' id='word_1_99' title='bbox 1700 1596 1805 1653; x_wconf 89' lang='lat' dir='ltr'><strong>est,</strong></span> <span class='ocrx_word' id='word_1_100' title='bbox 1829 1603 1997 1656; x_wconf 79' lang='lat' dir='ltr'><strong>quou-</strong></span> 
     </span>
    </p>
   </div>
   <div class='ocr_carea' id='block_1_17' title="bbox 426 1680 1997 1751">
    <p class='ocr_par' dir='ltr' id='par_1_17' title="bbox 426 1680 1997 1751">
     <span class='ocr_line' id='line_1_17' title="bbox 426 1680 1997 1751; baseline 0 -17"><span class='ocrx_word' id='word_1_101' title='bbox 426 1694 552 1734; x_wconf 87' lang='lat' dir='ltr'><strong>nam</strong></span> <span class='ocrx_word' id='word_1_102' title='bbox 586 1687 798 1748; x_wconf 87' lang='lat' dir='ltr'><strong>tempus</strong></span> <span class='ocrx_word' id='word_1_103' title='bbox 825 1688 1093 1734; x_wconf 85' lang='lat' dir='ltr'><strong>statuetur</strong></span> <span class='ocrx_word' id='word_1_104' title='bbox 1137 1694 1243 1749; x_wconf 91' lang='lat' dir='ltr'><strong>quo</strong></span> <span class='ocrx_word' id='word_1_105' title='bbox 1267 1696 1372 1735; x_wconf 93' lang='lat' dir='ltr'><strong>non</strong></span> <span class='ocrx_word' id='word_1_106' title='bbox 1396 1689 1514 1735; x_wconf 88' lang='lat' dir='ltr'><strong>erat</strong></span> <span class='ocrx_word' id='word_1_107' title='bbox 1533 1680 1586 1734; x_wconf 90' lang='lat' dir='ltr'><strong>in</strong></span> <span class='ocrx_word' id='word_1_108' title='bbox 1606 1696 1674 1736; x_wconf 88' lang='lat' dir='ltr'><strong>eo</strong></span> <span class='ocrx_word' id='word_1_109' title='bbox 1698 1681 1997 1751; x_wconf 80' lang='lat' dir='ltr'><strong>sapientia?</strong></span> 
     </span>
    </p>
   </div>
   <div class='ocr_carea' id='block_1_18' title="bbox 2115 581 2979 653">
    <p class='ocr_par' dir='ltr' id='par_1_18' title="bbox 2115 581 2979 653">
     <span class='ocr_line' id='line_1_18' title="bbox 2115 581 2979 653; baseline 0 -19"><span class='ocrx_word' id='word_1_110' title='bbox 2115 581 2343 650; x_wconf 87' lang='grc' dir='ltr'>μάταιόν</span> <span class='ocrx_word' id='word_1_111' title='bbox 2366 598 2425 633; x_wconf 91' lang='grc' dir='ltr'><strong>τε</strong></span> <span class='ocrx_word' id='word_1_112' title='bbox 2448 582 2546 635; x_wconf 73' lang='grc' dir='ltr'><strong>καὶ</strong></span> <span class='ocrx_word' id='word_1_113' title='bbox 2570 581 2979 653; x_wconf 71' lang='grc' dir='ltr'><strong>διεψευσμένον.</strong></span> 
     </span>
    </p>
   </div>
   <div class='ocr_carea' id='block_1_19' title="bbox 2791 695 2997 749">
    <p class='ocr_par' dir='ltr' id='par_1_19' title="bbox 2791 695 2997 749">
     <span class='ocr_line' id='line_1_19' title="bbox 2791 695 2997 749; baseline 0.019 -4"><span class='ocrx_word' id='word_1_114' title='bbox 2791 695 2997 749; x_wconf 71' lang='grc' dir='ltr'>ΔΑΜ).</span> 
     </span>
    </p>
   </div>
   <div class='ocr_carea' id='block_1_20' title="bbox 2178 803 3688 877">
    <p class='ocr_par' dir='ltr' id='par_1_20' title="bbox 2178 803 3688 877">
     <span class='ocr_line' id='line_1_20' title="bbox 2178 803 3688 877; baseline -0.001 -18"><span class='ocrx_word' id='word_1_115' title='bbox 2178 806 2241 859; x_wconf 79' lang='lat' dir='ltr'><strong>Ei</strong></span> <span class='ocrx_word' id='word_1_116' title='bbox 2265 806 2374 859; x_wconf 88' lang='grc' dir='ltr'><strong>τῶν</strong></span> <span class='ocrx_word' id='word_1_117' title='bbox 2402 808 2459 858; x_wconf 79' lang='grc' dir='ltr'><strong>ἐν</strong></span> <span class='ocrx_word' id='word_1_118' title='bbox 2485 806 2740 877; x_wconf 76' lang='grc' dir='ltr'><strong>βουλήσει</strong></span> <span class='ocrx_word' id='word_1_119' title='bbox 2769 806 3075 877; x_wconf 85' lang='grc' dir='ltr'>γενομένων</span> <span class='ocrx_word' id='word_1_120' title='bbox 3114 808 3436 877; x_wconf 79' lang='grc' dir='ltr'>προηγεῖται</span> <span class='ocrx_word' id='word_1_121' title='bbox 3469 803 3688 874; x_wconf 82' lang='grc' dir='ltr'><strong>χρόνος,</strong></span> 
     </span>
    </p>
   </div>
   <div class='ocr_carea' id='block_1_21' title="bbox 2106 893 3692 970">
    <p class='ocr_par' dir='ltr' id='par_1_21' title="bbox 2106 893 3692 970">
     <span class='ocr_line' id='line_1_21' title="bbox 2106 893 3692 970; baseline -0.003 -20"><span class='ocrx_word' id='word_1_122' title='bbox 2106 897 2229 950; x_wconf 84' lang='grc' dir='ltr'>καθ’</span> <span class='ocrx_word' id='word_1_123' title='bbox 2263 898 2321 950; x_wconf 85' lang='grc' dir='ltr'>ὅν</span> <span class='ocrx_word' id='word_1_124' title='bbox 2348 899 2382 969; x_wconf 82' lang='grc' dir='ltr'>ἡ</span> <span class='ocrx_word' id='word_1_125' title='bbox 2412 901 2538 970; x_wconf 72' lang='grc' dir='ltr'><strong>τιερῖ⁵</strong></span> <span class='ocrx_word' id='word_1_126' title='bbox 2571 900 2749 952; x_wconf 82' lang='grc' dir='ltr'>αὐτῶν</span> <span class='ocrx_word' id='word_1_127' title='bbox 2782 899 2970 968; x_wconf 80' lang='grc' dir='ltr'><strong>σκέψις</strong></span> <span class='ocrx_word' id='word_1_128' title='bbox 3001 898 3231 966; x_wconf 82' lang='grc' dir='ltr'>ἐγίνετο,</span> <span class='ocrx_word' id='word_1_129' title='bbox 3294 898 3385 950; x_wconf 76' lang='grc' dir='ltr'><strong>καὶ</strong></span> <span class='ocrx_word' id='word_1_130' title='bbox 3413 896 3461 948; x_wconf 85' lang='grc' dir='ltr'>εἱ</span> <span class='ocrx_word' id='word_1_131' title='bbox 3488 893 3692 965; x_wconf 85' lang='grc' dir='ltr'>μικρόν</span> 
     </span>
    </p>
   </div>
   <div class='ocr_carea' id='block_1_22' title="bbox 2106 987 3688 1062">
    <p class='ocr_par' dir='ltr' id='par_1_22' title="bbox 2106 987 3688 1062">
     <span class='ocr_line' id='line_1_22' title="bbox 2106 987 3688 1062; baseline -0.004 -19"><span class='ocrx_word' id='word_1_132' title='bbox 2106 1008 2224 1044; x_wconf 90' lang='grc' dir='ltr'>τινα</span> <span class='ocrx_word' id='word_1_133' title='bbox 2255 993 2347 1044; x_wconf 79' lang='grc' dir='ltr'><strong>καὶ</strong></span> <span class='ocrx_word' id='word_1_134' title='bbox 2381 993 2662 1062; x_wconf 86' lang='grc' dir='ltr'>ἀκαριαῖον</span> <span class='ocrx_word' id='word_1_135' title='bbox 2693 992 2914 1062; x_wconf 76' lang='grc' dir='ltr'>δοίημεν</span> <span class='ocrx_word' id='word_1_136' title='bbox 2946 990 3125 1051; x_wconf 81' lang='grc' dir='ltr'>αὐτὸν,</span> <span class='ocrx_word' id='word_1_137' title='bbox 3151 989 3265 1054; x_wconf 80' lang='grc' dir='ltr'>πῶς</span> <span class='ocrx_word' id='word_1_138' title='bbox 3292 990 3444 1042; x_wconf 81' lang='grc' dir='ltr'>ἔσται</span> <span class='ocrx_word' id='word_1_139' title='bbox 3472 987 3688 1057; x_wconf 82' lang='grc' dir='ltr'>χρόνων</span> 
     </span>
    </p>
   </div>
   <div class='ocr_carea' id='block_1_23' title="bbox 2106 1075 3687 1153">
    <p class='ocr_par' dir='ltr' id='par_1_23' title="bbox 2106 1075 3687 1153">
     <span class='ocr_line' id='line_1_23' title="bbox 2106 1075 3687 1153; baseline 0.008 -20"><span class='ocrx_word' id='word_1_140' title='bbox 2106 1081 2379 1153; x_wconf 79' lang='grc' dir='ltr'>ποιητὴςό</span> <span class='ocrx_word' id='word_1_141' title='bbox 2404 1082 2552 1145; x_wconf 83' lang='grc' dir='ltr'>Υἱὸς,</span> <span class='ocrx_word' id='word_1_142' title='bbox 2610 1084 2659 1134; x_wconf 83' lang='grc' dir='ltr'><strong>εί</strong></span> <span class='ocrx_word' id='word_1_143' title='bbox 2703 1081 2953 1153; x_wconf 80' lang='grc' dir='ltr'>βούλησις</span> <span class='ocrx_word' id='word_1_144' title='bbox 3000 1082 3325 1151; x_wconf 75' lang='grc' dir='ltr'>προηγεῖται</span> <span class='ocrx_word' id='word_1_145' title='bbox 3355 1078 3453 1147; x_wconf 81' lang='grc' dir='ltr'>τῆς</span> <span class='ocrx_word' id='word_1_146' title='bbox 3486 1075 3687 1144; x_wconf 78' lang='grc' dir='ltr'>γεννή-</span> 
     </span>
    </p>
   </div>
   <div class='ocr_carea' id='block_1_24' title="bbox 2106 1162 3684 1240">
    <p class='ocr_par' dir='ltr' id='par_1_24' title="bbox 2106 1162 3684 1240">
     <span class='ocr_line' id='line_1_24' title="bbox 2106 1162 3684 1240; baseline 0.004 -19"><span class='ocrx_word' id='word_1_147' title='bbox 2106 1185 2244 1231; x_wconf 84' lang='grc' dir='ltr'>σεως</span> <span class='ocrx_word' id='word_1_148' title='bbox 2291 1170 2487 1237; x_wconf 62' lang='lat' dir='ltr'><strong>aurci);</strong></span> <span class='ocrx_word' id='word_1_149' title='bbox 2525 1170 2663 1222; x_wconf 84' lang='grc' dir='ltr'>Ἀλλ’</span> <span class='ocrx_word' id='word_1_150' title='bbox 2708 1170 2821 1224; x_wconf 77' lang='grc' dir='ltr'>ἐστι</span> <span class='ocrx_word' id='word_1_151' title='bbox 2877 1171 3085 1240; x_wconf 85' lang='grc' dir='ltr'>χρόνων</span> <span class='ocrx_word' id='word_1_152' title='bbox 3130 1171 3381 1239; x_wconf 81' lang='grc' dir='ltr'>ποιητής,</span> <span class='ocrx_word' id='word_1_153' title='bbox 3407 1162 3516 1218; x_wconf 84' lang='grc' dir='ltr'>Ἦν</span> <span class='ocrx_word' id='word_1_154' title='bbox 3547 1166 3684 1235; x_wconf 67' lang='grc' dir='ltr'>ἄρα,</span> 
     </span>
    </p>
   </div>
   <div class='ocr_carea' id='block_1_25' title="bbox 2103 1259 3298 1335">
    <p class='ocr_par' dir='ltr' id='par_1_25' title="bbox 2103 1259 3298 1335">
     <span class='ocr_line' id='line_1_25' title="bbox 2103 1259 3298 1335; baseline -0.001 -22"><span class='ocrx_word' id='word_1_155' title='bbox 2103 1260 2197 1313; x_wconf 72' lang='grc' dir='ltr'>καὶ</span> <span class='ocrx_word' id='word_1_156' title='bbox 2224 1261 2374 1314; x_wconf 77' lang='grc' dir='ltr'>οὐδέν</span> <span class='ocrx_word' id='word_1_157' title='bbox 2399 1262 2514 1314; x_wconf 78' lang='grc' dir='ltr'>ἐστι</span> <span class='ocrx_word' id='word_1_158' title='bbox 2546 1262 2650 1335; x_wconf 83' lang='grc' dir='ltr'><strong>πρὸ</strong></span> <span class='ocrx_word' id='word_1_159' title='bbox 2679 1262 2776 1332; x_wconf 78' lang='grc' dir='ltr'>τῆς</span> <span class='ocrx_word' id='word_1_160' title='bbox 2800 1264 3104 1334; x_wconf 82' lang='grc' dir='ltr'>γεννήσεως</span> <span class='ocrx_word' id='word_1_161' title='bbox 3134 1259 3298 1315; x_wconf 78' lang='grc' dir='ltr'>αὐτοῦ</span> 
     </span>
    </p>
   </div>
   <div class='ocr_carea' id='block_1_26' title="bbox 2788 1463 2992 1518">
    <p class='ocr_par' dir='ltr' id='par_1_26' title="bbox 2788 1463 2992 1518">
     <span class='ocr_line' id='line_1_26' title="bbox 2788 1463 2992 1518; baseline 0 -2"><span class='ocrx_word' id='word_1_162' title='bbox 2788 1463 2992 1518; x_wconf 79' lang='grc' dir='ltr'><strong>ΔΛΛΟ.</strong></span> 
     </span>
    </p>
   </div>
   <div class='ocr_carea' id='block_1_27' title="bbox 2171 1538 3683 1647">
    <p class='ocr_par' dir='ltr' id='par_1_27' title="bbox 2171 1538 3683 1647">
     <span class='ocr_line' id='line_1_27' title="bbox 2171 1538 3683 1647; baseline -0.004 -18"><span class='ocrx_word' id='word_1_163' title='bbox 2171 1578 2234 1630; x_wconf 81' lang='grc' dir='ltr'>Εἰ</span> <span class='ocrx_word' id='word_1_164' title='bbox 2266 1578 2427 1645; x_wconf 77' lang='grc' dir='ltr'>σοφία</span> <span class='ocrx_word' id='word_1_165' title='bbox 2446 1578 2541 1631; x_wconf 78' lang='grc' dir='ltr'>τοῦ</span> <span class='ocrx_word' id='word_1_166' title='bbox 2571 1538 2785 1647; x_wconf 79' lang='grc' dir='ltr'>Πατρός</span> <span class='ocrx_word' id='word_1_167' title='bbox 2809 1579 2956 1631; x_wconf 77' lang='grc' dir='ltr'>ἐστιν</span> <span class='ocrx_word' id='word_1_168' title='bbox 2987 1579 3017 1631; x_wconf 94' lang='lat'><strong>6</strong></span> <span class='ocrx_word' id='word_1_169' title='bbox 3042 1575 3193 1641; x_wconf 82' lang='grc' dir='ltr'>Υἱὸς,</span> <span class='ocrx_word' id='word_1_170' title='bbox 3216 1575 3405 1643; x_wconf 84' lang='grc' dir='ltr'>ὥσπερ</span> <span class='ocrx_word' id='word_1_171' title='bbox 3438 1568 3531 1626; x_wconf 78' lang='grc' dir='ltr'><strong>οὖν</strong></span> <span class='ocrx_word' id='word_1_172' title='bbox 3577 1570 3683 1625; x_wconf 73' lang='grc' dir='ltr'>καὶ</span> 
     </span>
    </p>
   </div>
   <div class='ocr_carea' id='block_1_28' title="bbox 2101 1661 3682 1741">
    <p class='ocr_par' dir='ltr' id='par_1_28' title="bbox 2101 1661 3682 1741">
     <span class='ocr_line' id='line_1_28' title="bbox 2101 1661 3682 1741; baseline -0.004 -21"><span class='ocrx_word' id='word_1_173' title='bbox 2101 1667 2239 1730; x_wconf 82' lang='grc' dir='ltr'>ἔστι,</span> <span class='ocrx_word' id='word_1_174' title='bbox 2268 1669 2418 1732; x_wconf 83' lang='grc' dir='ltr'>ποῖός</span> <span class='ocrx_word' id='word_1_175' title='bbox 2436 1670 2552 1722; x_wconf 82' lang='grc' dir='ltr'>ἐστι</span> <span class='ocrx_word' id='word_1_176' title='bbox 2598 1670 2789 1741; x_wconf 81' lang='grc' dir='ltr'>χρόνος</span> <span class='ocrx_word' id='word_1_177' title='bbox 2815 1670 2903 1721; x_wconf 87' lang='grc' dir='ltr'>ὅτε</span> <span class='ocrx_word' id='word_1_178' title='bbox 2935 1668 3036 1721; x_wconf 79' lang='grc' dir='ltr'><strong>οὐκ</strong></span> <span class='ocrx_word' id='word_1_179' title='bbox 3081 1661 3149 1737; x_wconf 78' lang='grc' dir='ltr'>ἦν</span> <span class='ocrx_word' id='word_1_180' title='bbox 3193 1666 3252 1719; x_wconf 81' lang='grc' dir='ltr'>ὲν</span> <span class='ocrx_word' id='word_1_181' title='bbox 3290 1663 3441 1733; x_wconf 79' lang='grc' dir='ltr'>αὑτῷ</span> <span class='ocrx_word' id='word_1_182' title='bbox 3474 1661 3682 1731; x_wconf 83' lang='grc' dir='ltr'>σοφία;</span> 
     </span>
    </p>
   </div>
   <div class='ocr_carea' id='block_1_29' title="bbox 426 1748 1996 1843">
    <p class='ocr_par' dir='ltr' id='par_1_29' title="bbox 426 1748 1996 1843">
     <span class='ocr_line' id='line_1_29' title="bbox 426 1748 1996 1843; baseline 0.001 -16"><span class='ocrx_word' id='word_1_183' title='bbox 426 1772 483 1827; x_wconf 88' lang='lat' dir='ltr'><strong>Si</strong></span> <span class='ocrx_word' id='word_1_184' title='bbox 526 1782 706 1828; x_wconf 90' lang='lat' dir='ltr'><strong>autem</strong></span> <span class='ocrx_word' id='word_1_185' title='bbox 751 1779 833 1827; x_wconf 90' lang='lat' dir='ltr'><strong>est</strong></span> <span class='ocrx_word' id='word_1_186' title='bbox 874 1781 1112 1827; x_wconf 73' lang='lat' dir='ltr'><strong>aeternus</strong></span> <span class='ocrx_word' id='word_1_187' title='bbox 1156 1748 1212 1826; x_wconf 85' lang='lat' dir='ltr'><strong>in</strong></span> <span class='ocrx_word' id='word_1_188' title='bbox 1252 1770 1413 1826; x_wconf 86' lang='lat' dir='ltr'><strong>Patre</strong></span> <span class='ocrx_word' id='word_1_189' title='bbox 1451 1770 1689 1843; x_wconf 83' lang='lat' dir='ltr'><strong>(semper</strong></span> <span class='ocrx_word' id='word_1_190' title='bbox 1730 1748 1875 1828; x_wconf 80' lang='lat' dir='ltr'><strong>enim</strong></span> <span class='ocrx_word' id='word_1_191' title='bbox 1915 1787 1996 1829; x_wconf 86' lang='lat' dir='ltr'><strong>est</strong></span> 
     </span>
    </p>
   </div>
   <div class='ocr_carea' id='block_1_30' title="bbox 2111 1748 3677 1843">
    <p class='ocr_par' dir='ltr' id='par_1_30' title="bbox 2111 1748 3677 1843">
     <span class='ocr_line' id='line_1_30' title="bbox 2111 1748 3677 1843; baseline 0 -33"><span class='ocrx_word' id='word_1_192' title='bbox 2111 1761 2151 1811; x_wconf 81' lang='grc' dir='ltr'><strong>εί</strong></span> <span class='ocrx_word' id='word_1_193' title='bbox 2181 1758 2238 1811; x_wconf 85' lang='grc' dir='ltr'>δέ</span> <span class='ocrx_word' id='word_1_194' title='bbox 2271 1761 2419 1813; x_wconf 75' lang='grc' dir='ltr'>ἐστιν</span> <span class='ocrx_word' id='word_1_195' title='bbox 2439 1759 2606 1823; x_wconf 81' lang='grc' dir='ltr'>ἀΐδιος</span> <span class='ocrx_word' id='word_1_196' title='bbox 2626 1760 2685 1811; x_wconf 78' lang='grc' dir='ltr'>ἐν</span> <span class='ocrx_word' id='word_1_197' title='bbox 2723 1760 2897 1829; x_wconf 72' lang='grc' dir='ltr'>Πατρὶ</span> <span class='ocrx_word' id='word_1_198' title='bbox 2918 1757 3037 1827; x_wconf 75' lang='grc' dir='ltr'>(ἀεὶ</span> <span class='ocrx_word' id='word_1_199' title='bbox 3067 1755 3179 1826; x_wconf 84' lang='grc' dir='ltr'><strong>γὰρ</strong></span> <span class='ocrx_word' id='word_1_200' title='bbox 3201 1754 3360 1823; x_wconf 76' lang='grc' dir='ltr'>σοφὸς</span> <span class='ocrx_word' id='word_1_201' title='bbox 3379 1756 3407 1806; x_wconf 91' lang='lat'><strong>6</strong></span> <span class='ocrx_word' id='word_1_202' title='bbox 3428 1748 3614 1843; x_wconf 67' lang='grc' dir='ltr'>Πατὴρ</span> <span class='ocrx_word' id='word_1_203' title='bbox 3632 1750 3677 1817; x_wconf 78' lang='grc'><strong>).</strong></span> 
     </span>
    </p>
   </div>
   <div class='ocr_carea' id='block_1_31' title="bbox 423 1864 1995 1938">
    <p class='ocr_par' dir='ltr' id='par_1_31' title="bbox 423 1864 1995 1938">
     <span class='ocr_line' id='line_1_31' title="bbox 423 1864 1995 1938; baseline 0.002 -18"><span class='ocrx_word' id='word_1_204' title='bbox 423 1866 641 1935; x_wconf 87' lang='lat' dir='ltr'><strong>sapiens</strong></span> <span class='ocrx_word' id='word_1_205' title='bbox 670 1864 887 1934; x_wconf 84' lang='lat' dir='ltr'><strong>Pater),</strong></span> <span class='ocrx_word' id='word_1_206' title='bbox 910 1881 1019 1935; x_wconf 87' lang='lat' dir='ltr'><strong>quo</strong></span> <span class='ocrx_word' id='word_1_207' title='bbox 1048 1873 1208 1935; x_wconf 88' lang='lat' dir='ltr'><strong>pacto</strong></span> <span class='ocrx_word' id='word_1_208' title='bbox 1241 1864 1509 1936; x_wconf 69' lang='lat' dir='ltr'><strong>praecedet</strong></span> <span class='ocrx_word' id='word_1_209' title='bbox 1530 1866 1736 1936; x_wconf 91' lang='lat' dir='ltr'><strong>aliquid</strong></span> <span class='ocrx_word' id='word_1_210' title='bbox 1768 1868 1821 1922; x_wconf 87' lang='lat' dir='ltr'><strong>id</strong></span> <span class='ocrx_word' id='word_1_211' title='bbox 1853 1868 1995 1938; x_wconf 91' lang='lat' dir='ltr'><strong>quod</strong></span> 
     </span>
    </p>
   </div>
   <div class='ocr_carea' id='block_1_32' title="bbox 421 1955 1999 2029">
    <p class='ocr_par' dir='ltr' id='par_1_32' title="bbox 421 1955 1999 2029">
     <span class='ocr_line' id='line_1_32' title="bbox 421 1955 1999 2029; baseline 0.003 -19"><span class='ocrx_word' id='word_1_212' title='bbox 421 1968 636 2026; x_wconf 84' lang='lat' dir='ltr'><strong>semper</strong></span> <span class='ocrx_word' id='word_1_213' title='bbox 660 1955 910 2012; x_wconf 78' lang='lat' dir='ltr'><strong>exsistit?</strong></span> <span class='ocrx_word' id='word_1_214' title='bbox 934 1956 1054 2023; x_wconf 87' lang='lat' dir='ltr'><strong>Quo</strong></span> <span class='ocrx_word' id='word_1_215' title='bbox 1081 1965 1240 2025; x_wconf 82' lang='lat' dir='ltr'><strong>pacto</strong></span> <span class='ocrx_word' id='word_1_216' title='bbox 1268 1956 1412 2010; x_wconf 88' lang='lat' dir='ltr'><strong>inter</strong></span> <span class='ocrx_word' id='word_1_217' title='bbox 1439 1970 1501 2011; x_wconf 90' lang='lat' dir='ltr'><strong>ea</strong></span> <span class='ocrx_word' id='word_1_218' title='bbox 1529 1957 1846 2014; x_wconf 88' lang='lat' dir='ltr'><strong>deliberatio</strong></span> <span class='ocrx_word' id='word_1_219' title='bbox 1875 1975 1999 2029; x_wconf 92' lang='lat' dir='ltr'><strong>pro-</strong></span> 
     </span>
    </p>
   </div>
   <div class='ocr_carea' id='block_1_33' title="bbox 421 2044 1994 2115">
    <p class='ocr_par' dir='ltr' id='par_1_33' title="bbox 421 2044 1994 2115">
     <span class='ocr_line' id='line_1_33' title="bbox 421 2044 1994 2115; baseline 0.003 -14"><span class='ocrx_word' id='word_1_220' title='bbox 421 2045 606 2113; x_wconf 86' lang='lat' dir='ltr'><strong>cedet,</strong></span> <span class='ocrx_word' id='word_1_221' title='bbox 637 2044 831 2101; x_wconf 84' lang='lat' dir='ltr'><strong>Filium</strong></span> <span class='ocrx_word' id='word_1_222' title='bbox 867 2045 1153 2115; x_wconf 86' lang='lat' dir='ltr'><strong>aliquando</strong></span> <span class='ocrx_word' id='word_1_223' title='bbox 1182 2061 1288 2102; x_wconf 89' lang='lat' dir='ltr'><strong>non</strong></span> <span class='ocrx_word' id='word_1_224' title='bbox 1320 2047 1669 2103; x_wconf 83' lang='lat' dir='ltr'><strong>exsistentem</strong></span> <span class='ocrx_word' id='word_1_225' title='bbox 1703 2049 1994 2113; x_wconf 88' lang='lat' dir='ltr'><strong>inducens.</strong></span> 
     </span>
    </p>
   </div>
   <div class='ocr_carea' id='block_1_34' title="bbox 424 2137 2000 2212">
    <p class='ocr_par' dir='ltr' id='par_1_34' title="bbox 424 2137 2000 2212">
     <span class='ocr_line' id='line_1_34' title="bbox 424 2137 2000 2212; baseline 0.002 -18"><span class='ocrx_word' id='word_1_226' title='bbox 424 2152 545 2194; x_wconf 84' lang='lat' dir='ltr'><strong>cum</strong></span> <span class='ocrx_word' id='word_1_227' title='bbox 574 2139 644 2195; x_wconf 88' lang='lat' dir='ltr'><strong>sit</strong></span> <span class='ocrx_word' id='word_1_228' title='bbox 668 2137 907 2194; x_wconf 84' lang='lat' dir='ltr'><strong>Genitori</strong></span> <span class='ocrx_word' id='word_1_229' title='bbox 934 2147 1256 2205; x_wconf 66' lang='lat' dir='ltr'><strong>comternus,</strong></span> <span class='ocrx_word' id='word_1_230' title='bbox 1279 2140 1534 2195; x_wconf 87' lang='lat' dir='ltr'><strong>nimirum</strong></span> <span class='ocrx_word' id='word_1_231' title='bbox 1567 2141 1830 2210; x_wconf 86' lang='lat' dir='ltr'><strong>sapientia</strong></span> <span class='ocrx_word' id='word_1_232' title='bbox 1846 2141 2000 2212; x_wconf 82' lang='lat' dir='ltr'><strong>ejus?</strong></span> 
     </span>
    </p>
   </div>
   <div class='ocr_carea' id='block_1_35' title="bbox 1098 2252 1329 2311">
    <p class='ocr_par' dir='ltr' id='par_1_35' title="bbox 1098 2252 1329 2311">
     <span class='ocr_line' id='line_1_35' title="bbox 1098 2252 1329 2311; baseline -0.013 -1"><span class='ocrx_word' id='word_1_233' title='bbox 1098 2252 1329 2311; x_wconf 84' lang='lat' dir='ltr'><strong>ALIUD.</strong></span> 
     </span>
    </p>
   </div>
   <div class='ocr_carea' id='block_1_36' title="bbox 493 2367 1999 2441">
    <p class='ocr_par' dir='ltr' id='par_1_36' title="bbox 493 2367 1999 2441">
     <span class='ocr_line' id='line_1_36' title="bbox 493 2367 1999 2441; baseline -0.001 -16"><span class='ocrx_word' id='word_1_234' title='bbox 493 2368 553 2425; x_wconf 88' lang='lat' dir='ltr'><strong>Si</strong></span> <span class='ocrx_word' id='word_1_235' title='bbox 584 2369 839 2441; x_wconf 66' lang='lat' dir='ltr'><strong>praecedit</strong></span> <span class='ocrx_word' id='word_1_236' title='bbox 864 2367 1186 2425; x_wconf 87' lang='lat' dir='ltr'><strong>deliberatio</strong></span> <span class='ocrx_word' id='word_1_237' title='bbox 1208 2367 1427 2435; x_wconf 88' lang='lat' dir='ltr'><strong>Filium,</strong></span> <span class='ocrx_word' id='word_1_238' title='bbox 1450 2378 1504 2423; x_wconf 91' lang='lat' dir='ltr'><strong>et</strong></span> <span class='ocrx_word' id='word_1_239' title='bbox 1532 2382 1752 2423; x_wconf 87' lang='lat' dir='ltr'><strong>necesse</strong></span> <span class='ocrx_word' id='word_1_240' title='bbox 1778 2370 1999 2424; x_wconf 89' lang='lat' dir='ltr'><strong>omnino</strong></span> 
     </span>
    </p>
   </div>
   <div class='ocr_carea' id='block_1_37' title="bbox 424 2458 1998 2531">
    <p class='ocr_par' dir='ltr' id='par_1_37' title="bbox 424 2458 1998 2531">
     <span class='ocr_line' id='line_1_37' title="bbox 424 2458 1998 2531; baseline 0 -14"><span class='ocrx_word' id='word_1_241' title='bbox 424 2462 497 2517; x_wconf 91' lang='lat' dir='ltr'><strong>sit</strong></span> <span class='ocrx_word' id='word_1_242' title='bbox 528 2476 647 2517; x_wconf 89' lang='lat' dir='ltr'><strong>eam</strong></span> <span class='ocrx_word' id='word_1_243' title='bbox 685 2462 740 2516; x_wconf 91' lang='lat' dir='ltr'><strong>in</strong></span> <span class='ocrx_word' id='word_1_244' title='bbox 784 2470 1028 2531; x_wconf 88' lang='lat' dir='ltr'><strong>tempore</strong></span> <span class='ocrx_word' id='word_1_245' title='bbox 1063 2458 1269 2516; x_wconf 77' lang='lat' dir='ltr'><strong>factam</strong></span> <span class='ocrx_word' id='word_1_246' title='bbox 1300 2459 1469 2516; x_wconf 82' lang='lat' dir='ltr'><strong>fuisse</strong></span> <span class='ocrx_word' id='word_1_247' title='bbox 1513 2477 1528 2515; x_wconf 92' lang='lat'><strong>:</strong></span> <span class='ocrx_word' id='word_1_248' title='bbox 1568 2460 1616 2515; x_wconf 84' lang='lat' dir='ltr'><strong>si</strong></span> <span class='ocrx_word' id='word_1_249' title='bbox 1650 2465 1998 2530; x_wconf 82' lang='lat' dir='ltr'><strong>quantumvis</strong></span> 
     </span>
    </p>
   </div>
   <div class='ocr_carea' id='block_1_38' title="bbox 419 2553 1998 2625">
    <p class='ocr_par' dir='ltr' id='par_1_38' title="bbox 419 2553 1998 2625">
     <span class='ocr_line' id='line_1_38' title="bbox 419 2553 1998 2625; baseline -0.001 -16"><span class='ocrx_word' id='word_1_250' title='bbox 419 2554 673 2625; x_wconf 80' lang='lat' dir='ltr'><strong>exiguum</strong></span> <span class='ocrx_word' id='word_1_251' title='bbox 717 2568 782 2609; x_wconf 88' lang='lat' dir='ltr'><strong>ac</strong></span> <span class='ocrx_word' id='word_1_252' title='bbox 826 2554 993 2609; x_wconf 82' lang='lat' dir='ltr'><strong>breve</strong></span> <span class='ocrx_word' id='word_1_253' title='bbox 1038 2561 1248 2623; x_wconf 86' lang='lat' dir='ltr'><strong>tempus</strong></span> <span class='ocrx_word' id='word_1_254' title='bbox 1295 2553 1483 2616; x_wconf 89' lang='lat' dir='ltr'><strong>detur,</strong></span> <span class='ocrx_word' id='word_1_255' title='bbox 1527 2568 1635 2623; x_wconf 91' lang='lat' dir='ltr'><strong>quo</strong></span> <span class='ocrx_word' id='word_1_256' title='bbox 1686 2562 1844 2622; x_wconf 92' lang='lat' dir='ltr'><strong>pacto</strong></span> <span class='ocrx_word' id='word_1_257' title='bbox 1892 2557 1998 2608; x_wconf 90' lang='lat' dir='ltr'><strong>erit</strong></span> 
     </span>
    </p>
   </div>
   <div class='ocr_carea' id='block_1_39' title="bbox 419 2640 1997 2715">
    <p class='ocr_par' dir='ltr' id='par_1_39' title="bbox 419 2640 1997 2715">
     <span class='ocr_line' id='line_1_39' title="bbox 419 2640 1997 2715; baseline 0 -15"><span class='ocrx_word' id='word_1_258' title='bbox 419 2646 663 2700; x_wconf 91' lang='lat' dir='ltr'><strong>omnium</strong></span> <span class='ocrx_word' id='word_1_259' title='bbox 684 2645 935 2700; x_wconf 83' lang='lat' dir='ltr'><strong>creator?</strong></span> <span class='ocrx_word' id='word_1_260' title='bbox 952 2643 1061 2698; x_wconf 85' lang='lat' dir='ltr'><strong>Aut</strong></span> <span class='ocrx_word' id='word_1_261' title='bbox 1080 2659 1187 2713; x_wconf 89' lang='lat' dir='ltr'><strong>quo</strong></span> <span class='ocrx_word' id='word_1_262' title='bbox 1217 2654 1375 2713; x_wconf 89' lang='lat' dir='ltr'><strong>pacto</strong></span> <span class='ocrx_word' id='word_1_263' title='bbox 1403 2644 1674 2698; x_wconf 91' lang='lat' dir='ltr'><strong>credimus</strong></span> <span class='ocrx_word' id='word_1_264' title='bbox 1700 2640 1997 2715; x_wconf 71' lang='lat' dir='ltr'><strong>Scriptum</strong></span> 
     </span>
    </p>
   </div>
   <div class='ocr_carea' id='block_1_40' title="bbox 420 2736 1995 2809">
    <p class='ocr_par' dir='ltr' id='par_1_40' title="bbox 420 2736 1995 2809">
     <span class='ocr_line' id='line_1_40' title="bbox 420 2736 1995 2809; baseline 0 -16"><span class='ocrx_word' id='word_1_265' title='bbox 420 2738 616 2795; x_wconf 85' lang='lat' dir='ltr'><strong>dicenti</strong></span> <span class='ocrx_word' id='word_1_266' title='bbox 669 2738 853 2793; x_wconf 85' lang='lat' dir='ltr'><strong>omnia</strong></span> <span class='ocrx_word' id='word_1_267' title='bbox 884 2751 981 2806; x_wconf 91' lang='lat' dir='ltr'><strong>per</strong></span> <span class='ocrx_word' id='word_1_268' title='bbox 1009 2751 1132 2793; x_wconf 92' lang='lat' dir='ltr'><strong>eum</strong></span> <span class='ocrx_word' id='word_1_269' title='bbox 1165 2736 1309 2791; x_wconf 86' lang='lat' dir='ltr'><strong>facta</strong></span> <span class='ocrx_word' id='word_1_270' title='bbox 1352 2736 1511 2791; x_wconf 84' lang='lat' dir='ltr'><strong>esse?</strong></span> <span class='ocrx_word' id='word_1_271' title='bbox 1547 2737 1656 2791; x_wconf 84' lang='lat' dir='ltr'><strong>Aut</strong></span> <span class='ocrx_word' id='word_1_272' title='bbox 1684 2736 1774 2791; x_wconf 93' lang='lat' dir='ltr'><strong>ubi</strong></span> <span class='ocrx_word' id='word_1_273' title='bbox 1817 2738 1995 2809; x_wconf 88' lang='lat' dir='ltr'><strong>ipsum</strong></span> 
     </span>
    </p>
   </div>
   <div class='ocr_carea' id='block_1_41' title="bbox 421 2827 1993 2900">
    <p class='ocr_par' dir='ltr' id='par_1_41' title="bbox 421 2827 1993 2900">
     <span class='ocr_line' id='line_1_41' title="bbox 421 2827 1993 2900; baseline 0 -15"><span class='ocrx_word' id='word_1_274' title='bbox 421 2829 758 2900; x_wconf 68' lang='lat' dir='ltr'><strong>praecesserit.</strong></span> <span class='ocrx_word' id='word_1_275' title='bbox 786 2838 1033 2898; x_wconf 80' lang='lat' dir='ltr'><strong>tempus,</strong></span> <span class='ocrx_word' id='word_1_276' title='bbox 1057 2829 1110 2883; x_wconf 92' lang='lat' dir='ltr'><strong>in</strong></span> <span class='ocrx_word' id='word_1_277' title='bbox 1143 2842 1250 2899; x_wconf 89' lang='lat' dir='ltr'><strong>quo</strong></span> <span class='ocrx_word' id='word_1_278' title='bbox 1281 2829 1347 2883; x_wconf 92' lang='lat' dir='ltr'><strong>de</strong></span> <span class='ocrx_word' id='word_1_279' title='bbox 1379 2842 1445 2883; x_wconf 91' lang='lat' dir='ltr'><strong>eo</strong></span> <span class='ocrx_word' id='word_1_280' title='bbox 1475 2827 1830 2883; x_wconf 88' lang='lat' dir='ltr'><strong>deliberatum</strong></span> <span class='ocrx_word' id='word_1_281' title='bbox 1859 2828 1993 2896; x_wconf 80' lang='lat' dir='ltr'><strong>iuit,</strong></span> 
     </span>
    </p>
   </div>
   <div class='ocr_carea' id='block_1_42' title="bbox 419 2916 1716 2989">
    <p class='ocr_par' dir='ltr' id='par_1_42' title="bbox 419 2916 1716 2989">
     <span class='ocr_line' id='line_1_42' title="bbox 419 2916 1716 2989; baseline -0.003 -13"><span class='ocrx_word' id='word_1_282' title='bbox 419 2935 541 2976; x_wconf 90' lang='lat' dir='ltr'><strong>cum</strong></span> <span class='ocrx_word' id='word_1_283' title='bbox 572 2920 776 2976; x_wconf 80' lang='lat' dir='ltr'><strong>nullum</strong></span> <span class='ocrx_word' id='word_1_284' title='bbox 804 2928 1013 2989; x_wconf 89' lang='lat' dir='ltr'><strong>tempus</strong></span> <span class='ocrx_word' id='word_1_285' title='bbox 1041 2928 1168 2974; x_wconf 90' lang='lat' dir='ltr'><strong>ante</strong></span> <span class='ocrx_word' id='word_1_286' title='bbox 1197 2919 1372 2988; x_wconf 89' lang='lat' dir='ltr'><strong>ipsum</strong></span> <span class='ocrx_word' id='word_1_287' title='bbox 1402 2916 1716 2989; x_wconf 73' lang='lat' dir='ltr'><strong>exstiterit?</strong></span> 
     </span>
    </p>
   </div>
   <div class='ocr_carea' id='block_1_43' title="bbox 1081 3031 1313 3088">
    <p class='ocr_par' dir='ltr' id='par_1_43' title="bbox 1081 3031 1313 3088">
     <span class='ocr_line' id='line_1_43' title="bbox 1081 3031 1313 3088; baseline 0 -1"><span class='ocrx_word' id='word_1_288' title='bbox 1081 3031 1313 3088; x_wconf 82' lang='lat' dir='ltr'><strong>ALIUD.</strong></span> 
     </span>
    </p>
   </div>
   <div class='ocr_carea' id='block_1_44' title="bbox 795 3144 1611 3217">
    <p class='ocr_par' dir='ltr' id='par_1_44' title="bbox 795 3144 1611 3217">
     <span class='ocr_line' id='line_1_44' title="bbox 795 3144 1611 3217; baseline -0.001 -15"><span class='ocrx_word' id='word_1_289' title='bbox 795 3144 882 3202; x_wconf 80' lang='lat' dir='ltr'><strong>Ea:</strong></span> <span class='ocrx_word' id='word_1_290' title='bbox 912 3146 1198 3217; x_wconf 77' lang='lat' dir='ltr'><strong>objectione</strong></span> <span class='ocrx_word' id='word_1_291' title='bbox 1227 3146 1611 3201; x_wconf 67' lang='lat' dir='ltr'><strong>haereticorum.</strong></span> 
     </span>
    </p>
   </div>
   <div class='ocr_carea' id='block_1_45' title="bbox 491 3257 1995 3329">
    <p class='ocr_par' dir='ltr' id='par_1_45' title="bbox 491 3257 1995 3329">
     <span class='ocr_line' id='line_1_45' title="bbox 491 3257 1995 3329; baseline -0.001 -13"><span class='ocrx_word' id='word_1_292' title='bbox 491 3261 575 3326; x_wconf 89' lang='lat' dir='ltr'><strong>Si,</strong></span> <span class='ocrx_word' id='word_1_293' title='bbox 601 3260 872 3329; x_wconf 86' lang='lat' dir='ltr'><strong>inquiunt,</strong></span> <span class='ocrx_word' id='word_1_294' title='bbox 900 3258 1072 3315; x_wconf 88' lang='lat' dir='ltr'><strong>Filius</strong></span> <span class='ocrx_word' id='word_1_295' title='bbox 1105 3257 1199 3314; x_wconf 88' lang='lat' dir='ltr'><strong>Dei</strong></span> <span class='ocrx_word' id='word_1_296' title='bbox 1227 3258 1509 3315; x_wconf 81' lang='lat' dir='ltr'><strong>voluntate</strong></span> <span class='ocrx_word' id='word_1_297' title='bbox 1541 3259 1716 3315; x_wconf 79' lang='lat' dir='ltr'><strong>factus</strong></span> <span class='ocrx_word' id='word_1_298' title='bbox 1751 3274 1859 3316; x_wconf 92' lang='lat' dir='ltr'><strong>non</strong></span> <span class='ocrx_word' id='word_1_299' title='bbox 1890 3271 1995 3329; x_wconf 87' lang='lat' dir='ltr'><strong>est,</strong></span> 
     </span>
    </p>
   </div>
   <div class='ocr_carea' id='block_1_46' title="bbox 419 3351 1995 3422">
    <p class='ocr_par' dir='ltr' id='par_1_46' title="bbox 419 3351 1995 3422">
     <span class='ocr_line' id='line_1_46' title="bbox 419 3351 1995 3422; baseline 0 -13"><span class='ocrx_word' id='word_1_300' title='bbox 419 3354 725 3409; x_wconf 74' lang='lat' dir='ltr'><strong>necessario</strong></span> <span class='ocrx_word' id='word_1_301' title='bbox 766 3352 930 3422; x_wconf 79' lang='lat' dir='ltr'><strong>igitur</strong></span> <span class='ocrx_word' id='word_1_302' title='bbox 968 3351 1131 3406; x_wconf 87' lang='lat' dir='ltr'><strong>Pater</strong></span> <span class='ocrx_word' id='word_1_303' title='bbox 1172 3366 1280 3407; x_wconf 91' lang='lat' dir='ltr'><strong>non</strong></span> <span class='ocrx_word' id='word_1_304' title='bbox 1317 3352 1503 3408; x_wconf 88' lang='lat' dir='ltr'><strong>volens</strong></span> <span class='ocrx_word' id='word_1_305' title='bbox 1546 3352 1741 3408; x_wconf 84' lang='lat' dir='ltr'><strong>Filium</strong></span> <span class='ocrx_word' id='word_1_306' title='bbox 1788 3355 1995 3411; x_wconf 87' lang='lat' dir='ltr'><strong>habuit.</strong></span> 
     </span>
    </p>
   </div>
   <div class='ocr_carea' id='block_1_47' title="bbox 420 3441 1996 3513">
    <p class='ocr_par' dir='ltr' id='par_1_47' title="bbox 420 3441 1996 3513">
     <span class='ocr_line' id='line_1_47' title="bbox 420 3441 1996 3513; baseline 0.001 -14"><span class='ocrx_word' id='word_1_307' title='bbox 420 3442 554 3513; x_wconf 84' lang='lat' dir='ltr'><strong>Quis</strong></span> <span class='ocrx_word' id='word_1_308' title='bbox 603 3452 782 3498; x_wconf 83' lang='lat' dir='ltr'><strong>autem</strong></span> <span class='ocrx_word' id='word_1_309' title='bbox 828 3452 912 3499; x_wconf 83' lang='lat' dir='ltr'><strong>est</strong></span> <span class='ocrx_word' id='word_1_310' title='bbox 962 3441 1133 3512; x_wconf 70' lang='lat' dir='ltr'><strong>major</strong></span> <span class='ocrx_word' id='word_1_311' title='bbox 1176 3442 1357 3509; x_wconf 87' lang='lat' dir='ltr'><strong>Patre,</strong></span> <span class='ocrx_word' id='word_1_312' title='bbox 1381 3452 1442 3499; x_wconf 92' lang='lat' dir='ltr'><strong>ut</strong></span> <span class='ocrx_word' id='word_1_313' title='bbox 1489 3444 1564 3498; x_wconf 89' lang='lat' dir='ltr'><strong>illi</strong></span> <span class='ocrx_word' id='word_1_314' title='bbox 1617 3446 1996 3502; x_wconf 88' lang='lat' dir='ltr'><strong>necessitatem</strong></span> 
     </span>
    </p>
   </div>
   <div class='ocr_carea' id='block_1_48' title="bbox 419 3533 1993 3605">
    <p class='ocr_par' dir='ltr' id='par_1_48' title="bbox 419 3533 1993 3605">
     <span class='ocr_line' id='line_1_48' title="bbox 419 3533 1993 3605; baseline 0.001 -14"><span class='ocrx_word' id='word_1_315' title='bbox 419 3535 696 3605; x_wconf 86' lang='lat' dir='ltr'><strong>imponat?</strong></span> <span class='ocrx_word' id='word_1_316' title='bbox 719 3533 848 3601; x_wconf 83' lang='lat' dir='ltr'><strong>Quae</strong></span> <span class='ocrx_word' id='word_1_317' title='bbox 876 3534 1019 3590; x_wconf 92' lang='lat' dir='ltr'><strong>enim</strong></span> <span class='ocrx_word' id='word_1_318' title='bbox 1050 3543 1245 3605; x_wconf 70' lang='lat' dir='ltr'><strong>prazter</strong></span> <span class='ocrx_word' id='word_1_319' title='bbox 1267 3535 1598 3592; x_wconf 82' lang='lat' dir='ltr'><strong>voluntatem</strong></span> <span class='ocrx_word' id='word_1_320' title='bbox 1624 3537 1903 3601; x_wconf 89' lang='lat' dir='ltr'><strong>accidunt,</strong></span> <span class='ocrx_word' id='word_1_321' title='bbox 1929 3553 1993 3592; x_wconf 83' lang='lat' dir='ltr'><strong>ex</strong></span> 
     </span>
    </p>
   </div>
   <div class='ocr_carea' id='block_1_49' title="bbox 418 3623 923 3680">
    <p class='ocr_par' dir='ltr' id='par_1_49' title="bbox 418 3623 923 3680">
     <span class='ocr_line' id='line_1_49' title="bbox 418 3623 923 3680; baseline -0.004 -1"><span class='ocrx_word' id='word_1_322' title='bbox 418 3624 741 3680; x_wconf 81' lang='lat' dir='ltr'><strong>necessitate</strong></span> <span class='ocrx_word' id='word_1_323' title='bbox 766 3623 923 3679; x_wconf 80' lang='lat' dir='ltr'><strong>ﬁunt.</strong></span> 
     </span>
    </p>
   </div>
   <div class='ocr_carea' id='block_1_50' title="bbox 854 3756 1541 3829">
    <p class='ocr_par' dir='ltr' id='par_1_50' title="bbox 854 3756 1541 3829">
     <span class='ocr_line' id='line_1_50' title="bbox 854 3756 1541 3829; baseline -0.001 -15"><span class='ocrx_word' id='word_1_324' title='bbox 854 3756 959 3829; x_wconf 77' lang='lat'><strong>53</strong></span> <span class='ocrx_word' id='word_1_325' title='bbox 978 3756 1182 3814; x_wconf 73' lang='lat' dir='ltr'><strong>Salutio</strong></span> <span class='ocrx_word' id='word_1_326' title='bbox 1209 3759 1541 3827; x_wconf 78' lang='lat' dir='ltr'><strong>objectionis.</strong></span> 
     </span>
    </p>
   </div>
   <div class='ocr_carea' id='block_1_51' title="bbox 488 3893 1998 3967">
    <p class='ocr_par' dir='ltr' id='par_1_51' title="bbox 488 3893 1998 3967">
     <span class='ocr_line' id='line_1_51' title="bbox 488 3893 1998 3967; baseline 0.001 -17"><span class='ocrx_word' id='word_1_327' title='bbox 488 3894 860 3964; x_wconf 84' lang='lat' dir='ltr'><strong>lnterrogandi</strong></span> <span class='ocrx_word' id='word_1_328' title='bbox 889 3902 1015 3950; x_wconf 83' lang='lat' dir='ltr'><strong>sunt</strong></span> <span class='ocrx_word' id='word_1_329' title='bbox 1041 3894 1278 3950; x_wconf 85' lang='lat' dir='ltr'><strong>vicissim</strong></span> <span class='ocrx_word' id='word_1_330' title='bbox 1303 3893 1509 3951; x_wconf 89' lang='lat' dir='ltr'><strong>Christi</strong></span> <span class='ocrx_word' id='word_1_331' title='bbox 1545 3896 1750 3960; x_wconf 88' lang='lat' dir='ltr'><strong>hostes,</strong></span> <span class='ocrx_word' id='word_1_332' title='bbox 1819 3905 1871 3950; x_wconf 92' lang='lat' dir='ltr'><strong>et</strong></span> <span class='ocrx_word' id='word_1_333' title='bbox 1900 3911 1998 3967; x_wconf 91' lang='lat' dir='ltr'><strong>per</strong></span> 
     </span>
    </p>
   </div>
   <div class='ocr_carea' id='block_1_52' title="bbox 419 3986 1990 4056">
    <p class='ocr_par' dir='ltr' id='par_1_52' title="bbox 419 3986 1990 4056">
     <span class='ocr_line' id='line_1_52' title="bbox 419 3986 1990 4056; baseline 0.002 -15"><span class='ocrx_word' id='word_1_334' title='bbox 419 4000 484 4041; x_wconf 87' lang='lat' dir='ltr'><strong>ea</strong></span> <span class='ocrx_word' id='word_1_335' title='bbox 522 3986 643 4055; x_wconf 85' lang='lat' dir='ltr'><strong>ipsa</strong></span> <span class='ocrx_word' id='word_1_336' title='bbox 664 4001 783 4056; x_wconf 64' lang='lat' dir='ltr'><strong>quae</strong></span> <span class='ocrx_word' id='word_1_337' title='bbox 818 3986 1068 4055; x_wconf 89' lang='lat' dir='ltr'><strong>imperite</strong></span> <span class='ocrx_word' id='word_1_338' title='bbox 1111 3987 1266 4042; x_wconf 90' lang='lat' dir='ltr'><strong>nobis</strong></span> <span class='ocrx_word' id='word_1_339' title='bbox 1317 3986 1603 4054; x_wconf 87' lang='lat' dir='ltr'><strong>objiciunt,</strong></span> <span class='ocrx_word' id='word_1_340' title='bbox 1667 3989 1772 4043; x_wconf 91' lang='lat' dir='ltr'><strong>illis</strong></span> <span class='ocrx_word' id='word_1_341' title='bbox 1794 4005 1990 4044; x_wconf 91' lang='lat' dir='ltr'><strong>occur-</strong></span> 
     </span>
    </p>
   </div>
   <div class='ocr_carea' id='block_1_53' title="bbox 419 4078 1997 4151">
    <p class='ocr_par' dir='ltr' id='par_1_53' title="bbox 419 4078 1997 4151">
     <span class='ocr_line' id='line_1_53' title="bbox 419 4078 1997 4151; baseline 0.001 -18"><span class='ocrx_word' id='word_1_342' title='bbox 419 4080 646 4135; x_wconf 89' lang='lat' dir='ltr'><strong>rendum</strong></span> <span class='ocrx_word' id='word_1_343' title='bbox 671 4088 776 4145; x_wconf 89' lang='lat' dir='ltr'><strong>est,</strong></span> <span class='ocrx_word' id='word_1_344' title='bbox 799 4078 1102 4151; x_wconf 89' lang='lat' dir='ltr'><strong>similisque</strong></span> <span class='ocrx_word' id='word_1_345' title='bbox 1126 4080 1442 4148; x_wconf 85' lang='lat' dir='ltr'><strong>opponenda</strong></span> <span class='ocrx_word' id='word_1_346' title='bbox 1476 4081 1795 4150; x_wconf 89' lang='lat' dir='ltr'><strong>propositio.</strong></span> <span class='ocrx_word' id='word_1_347' title='bbox 1824 4079 1997 4135; x_wconf 90' lang='lat' dir='ltr'><strong>Dicite</strong></span> 
     </span>
    </p>
   </div>
   <div class='ocr_carea' id='block_1_54' title="bbox 421 4170 1993 4240">
    <p class='ocr_par' dir='ltr' id='par_1_54' title="bbox 421 4170 1993 4240">
     <span class='ocr_line' id='line_1_54' title="bbox 421 4170 1993 4240; baseline 0.001 -15"><span class='ocrx_word' id='word_1_348' title='bbox 421 4170 776 4240; x_wconf 85' lang='lat' dir='ltr'><strong>itaque‘nobis</strong></span> <span class='ocrx_word' id='word_1_349' title='bbox 797 4190 814 4225; x_wconf 88' lang='lat'><strong>:</strong></span> <span class='ocrx_word' id='word_1_350' title='bbox 846 4172 989 4227; x_wconf 90' lang='lat' dir='ltr'><strong>Deus</strong></span> <span class='ocrx_word' id='word_1_351' title='bbox 1020 4181 1173 4227; x_wconf 90' lang='lat' dir='ltr'><strong>estne</strong></span> <span class='ocrx_word' id='word_1_352' title='bbox 1203 4173 1399 4237; x_wconf 90' lang='lat' dir='ltr'><strong>bonus,</strong></span> <span class='ocrx_word' id='word_1_353' title='bbox 1434 4172 1743 4228; x_wconf 87' lang='lat' dir='ltr'><strong>misericors</strong></span> <span class='ocrx_word' id='word_1_354' title='bbox 1790 4182 1846 4228; x_wconf 92' lang='lat' dir='ltr'><strong>et</strong></span> <span class='ocrx_word' id='word_1_355' title='bbox 1864 4188 1993 4227; x_wconf 89' lang='lat' dir='ltr'><strong>san-</strong></span> 
     </span>
    </p>
   </div>
   <div class='ocr_carea' id='block_1_55' title="bbox 420 4260 1995 4332">
    <p class='ocr_par' dir='ltr' id='par_1_55' title="bbox 420 4260 1995 4332">
     <span class='ocr_line' id='line_1_55' title="bbox 420 4260 1995 4332; baseline -0.001 -15"><span class='ocrx_word' id='word_1_356' title='bbox 420 4272 539 4318; x_wconf 86' lang='lat' dir='ltr'><strong>ctus</strong></span> <span class='ocrx_word' id='word_1_357' title='bbox 563 4277 630 4316; x_wconf 77' lang='lat' dir='ltr'><strong>ex</strong></span> <span class='ocrx_word' id='word_1_358' title='bbox 660 4260 954 4329; x_wconf 85' lang='lat' dir='ltr'><strong>voluntate,</strong></span> <span class='ocrx_word' id='word_1_359' title='bbox 988 4277 1057 4317; x_wconf 86' lang='lat' dir='ltr'><strong>an</strong></span> <span class='ocrx_word' id='word_1_360' title='bbox 1092 4273 1289 4332; x_wconf 61' lang='lat' dir='ltr'><strong>preter</strong></span> <span class='ocrx_word' id='word_1_361' title='bbox 1310 4263 1679 4317; x_wconf 78' lang='lat' dir='ltr'><strong>voluntatem?</strong></span> <span class='ocrx_word' id='word_1_362' title='bbox 1740 4262 1796 4318; x_wconf 91' lang='lat' dir='ltr'><strong>Si</strong></span> <span class='ocrx_word' id='word_1_363' title='bbox 1849 4262 1995 4318; x_wconf 90' lang='lat' dir='ltr'><strong>enim</strong></span> 
     </span>
    </p>
   </div>
   <div class='ocr_carea' id='block_1_56' title="bbox 421 4352 1997 4425">
    <p class='ocr_par' dir='ltr' id='par_1_56' title="bbox 421 4352 1997 4425">
     <span class='ocr_line' id='line_1_56' title="bbox 421 4352 1997 4425; baseline 0.002 -18"><span class='ocrx_word' id='word_1_364' title='bbox 421 4368 486 4407; x_wconf 80' lang='lat' dir='ltr'><strong>ex</strong></span> <span class='ocrx_word' id='word_1_365' title='bbox 520 4352 813 4415; x_wconf 91' lang='lat' dir='ltr'><strong>voluntate,</strong></span> <span class='ocrx_word' id='word_1_366' title='bbox 840 4352 1088 4408; x_wconf 88' lang='lat' dir='ltr'><strong>voluntas</strong></span> <span class='ocrx_word' id='word_1_367' title='bbox 1117 4363 1297 4410; x_wconf 86' lang='lat' dir='ltr'><strong>autem</strong></span> <span class='ocrx_word' id='word_1_368' title='bbox 1314 4368 1527 4425; x_wconf 90' lang='lat' dir='ltr'><strong>semper</strong></span> <span class='ocrx_word' id='word_1_369' title='bbox 1556 4355 1814 4424; x_wconf 68' lang='lat' dir='ltr'><strong>praecedit</strong></span> <span class='ocrx_word' id='word_1_370' title='bbox 1841 4370 1903 4411; x_wconf 88' lang='lat' dir='ltr'><strong>ea</strong></span> <span class='ocrx_word' id='word_1_371' title='bbox 1929 4356 1997 4410; x_wconf 91' lang='lat' dir='ltr'><strong>de</strong></span> 
     </span>
    </p>
   </div>
   <div class='ocr_carea' id='block_1_57' title="bbox 421 4442 2074 4516">
    <p class='ocr_par' dir='ltr' id='par_1_57' title="bbox 421 4442 2074 4516">
     <span class='ocr_line' id='line_1_57' title="bbox 421 4442 2074 4516; baseline 0 -19"><span class='ocrx_word' id='word_1_372' title='bbox 421 4444 617 4514; x_wconf 86' lang='lat' dir='ltr'><strong>quibus</strong></span> <span class='ocrx_word' id='word_1_373' title='bbox 640 4444 733 4509; x_wconf 81' lang='lat' dir='ltr'><strong>ﬁt,</strong></span> <span class='ocrx_word' id='word_1_374' title='bbox 767 4454 887 4499; x_wconf 89' lang='lat' dir='ltr'><strong>erat</strong></span> <span class='ocrx_word' id='word_1_375' title='bbox 932 4445 1114 4515; x_wconf 89' lang='lat' dir='ltr'><strong>itaque</strong></span> <span class='ocrx_word' id='word_1_376' title='bbox 1162 4456 1374 4516; x_wconf 84' lang='lat' dir='ltr'><strong>tempus</strong></span> <span class='ocrx_word' id='word_1_377' title='bbox 1424 4447 1639 4516; x_wconf 86' lang='lat' dir='ltr'><strong>quando</strong></span> <span class='ocrx_word' id='word_1_378' title='bbox 1693 4447 1834 4503; x_wconf 87' lang='lat' dir='ltr'><strong>Deus</strong></span> <span class='ocrx_word' id='word_1_379' title='bbox 1883 4448 1999 4503; x_wconf 70' lang='lat' dir='ltr'><strong>hate</strong></span> <span class='ocrx_word' id='word_1_380' title='bbox 2029 4442 2074 4497; x_wconf 93' lang='lat' dir='ltr'><strong>D</strong></span> 
     </span>
    </p>
   </div>
   <div class='ocr_carea' id='block_1_58' title="bbox 422 4539 1993 4601">
    <p class='ocr_par' dir='ltr' id='par_1_58' title="bbox 422 4539 1993 4601">
     <span class='ocr_line' id='line_1_58' title="bbox 422 4539 1993 4601; baseline 0.002 -9"><span class='ocrx_word' id='word_1_381' title='bbox 422 4552 529 4592; x_wconf 88' lang='lat' dir='ltr'><strong>non</strong></span> <span class='ocrx_word' id='word_1_382' title='bbox 564 4547 707 4601; x_wconf 83' lang='lat' dir='ltr'><strong>erat,</strong></span> <span class='ocrx_word' id='word_1_383' title='bbox 737 4555 860 4593; x_wconf 91' lang='lat' dir='ltr'><strong>cum</strong></span> <span class='ocrx_word' id='word_1_384' title='bbox 898 4539 1152 4593; x_wconf 85' lang='lat' dir='ltr'><strong>nimirum</strong></span> <span class='ocrx_word' id='word_1_385' title='bbox 1173 4539 1346 4593; x_wconf 85' lang='lat' dir='ltr'><strong>adhuc</strong></span> <span class='ocrx_word' id='word_1_386' title='bbox 1368 4539 1435 4594; x_wconf 91' lang='lat' dir='ltr'><strong>de</strong></span> <span class='ocrx_word' id='word_1_387' title='bbox 1460 4539 1527 4594; x_wconf 91' lang='lat' dir='ltr'><strong>iis</strong></span> <span class='ocrx_word' id='word_1_388' title='bbox 1554 4539 1906 4595; x_wconf 89' lang='lat' dir='ltr'><strong>deliberabat.</strong></span> <span class='ocrx_word' id='word_1_389' title='bbox 1937 4541 1993 4595; x_wconf 93' lang='lat' dir='ltr'><strong>Si</strong></span> 
     </span>
    </p>
   </div>
   <div class='ocr_carea' id='block_1_59' title="bbox 424 4616 1995 4699">
    <p class='ocr_par' dir='ltr' id='par_1_59' title="bbox 424 4616 1995 4699">
     <span class='ocr_line' id='line_1_59' title="bbox 424 4616 1995 4699; baseline 0.003 -17"><span class='ocrx_word' id='word_1_390' title='bbox 424 4643 554 4684; x_wconf 74' lang='lat' dir='ltr'><strong>vero</strong></span> <span class='ocrx_word' id='word_1_391' title='bbox 585 4639 780 4699; x_wconf 78' lang='lat' dir='ltr'><strong>praeter</strong></span> <span class='ocrx_word' id='word_1_392' title='bbox 804 4616 1137 4685; x_wconf 87' lang='lat' dir='ltr'><strong>voluntatem</strong></span> <span class='ocrx_word' id='word_1_393' title='bbox 1167 4646 1322 4686; x_wconf 90' lang='lat' dir='ltr'><strong>suam</strong></span> <span class='ocrx_word' id='word_1_394' title='bbox 1351 4630 1527 4687; x_wconf 89' lang='lat' dir='ltr'><strong>bonus</strong></span> <span class='ocrx_word' id='word_1_395' title='bbox 1558 4642 1643 4687; x_wconf 89' lang='lat' dir='ltr'><strong>est</strong></span> <span class='ocrx_word' id='word_1_396' title='bbox 1694 4641 1748 4686; x_wconf 90' lang='lat' dir='ltr'><strong>et</strong></span> <span class='ocrx_word' id='word_1_397' title='bbox 1780 4632 1995 4687; x_wconf 87' lang='lat' dir='ltr'><strong>miseri-</strong></span> 
     </span>
    </p>
   </div>
   <div class='ocr_carea' id='block_1_60' title="bbox 424 4722 1998 4791">
    <p class='ocr_par' dir='ltr' id='par_1_60' title="bbox 424 4722 1998 4791">
     <span class='ocr_line' id='line_1_60' title="bbox 424 4722 1998 4791; baseline 0.003 -16"><span class='ocrx_word' id='word_1_398' title='bbox 424 4734 571 4785; x_wconf 90' lang='lat' dir='ltr'><strong>cors,</strong></span> <span class='ocrx_word' id='word_1_399' title='bbox 595 4736 727 4790; x_wconf 86' lang='lat' dir='ltr'><strong>ergo</strong></span> <span class='ocrx_word' id='word_1_400' title='bbox 752 4722 1076 4777; x_wconf 89' lang='lat' dir='ltr'><strong>necessitate</strong></span> <span class='ocrx_word' id='word_1_401' title='bbox 1108 4722 1340 4791; x_wconf 87' lang='lat' dir='ltr'><strong>quadam</strong></span> <span class='ocrx_word' id='word_1_402' title='bbox 1365 4722 1419 4777; x_wconf 90' lang='lat' dir='ltr'><strong>id</strong></span> <span class='ocrx_word' id='word_1_403' title='bbox 1457 4732 1561 4778; x_wconf 89' lang='lat' dir='ltr'><strong>est.</strong></span> <span class='ocrx_word' id='word_1_404' title='bbox 1598 4722 1731 4791; x_wconf 85' lang='lat' dir='ltr'><strong>Quis</strong></span> <span class='ocrx_word' id='word_1_405' title='bbox 1758 4738 1885 4780; x_wconf 88' lang='lat' dir='ltr'><strong>vero</strong></span> <span class='ocrx_word' id='word_1_406' title='bbox 1911 4734 1998 4780; x_wconf 90' lang='lat' dir='ltr'><strong>est</strong></span> 
     </span>
    </p>
   </div>
   <div class='ocr_carea' id='block_1_61' title="bbox 424 4809 1995 4886">
    <p class='ocr_par' dir='ltr' id='par_1_61' title="bbox 424 4809 1995 4886">
     <span class='ocr_line' id='line_1_61' title="bbox 424 4809 1995 4886; baseline 0.006 -23"><span class='ocrx_word' id='word_1_407' title='bbox 424 4809 519 4879; x_wconf 85' lang='lat' dir='ltr'><strong>qui</strong></span> <span class='ocrx_word' id='word_1_408' title='bbox 568 4812 616 4865; x_wconf 93' lang='lat' dir='ltr'><strong>ei</strong></span> <span class='ocrx_word' id='word_1_409' title='bbox 669 4812 1042 4868; x_wconf 86' lang='lat' dir='ltr'><strong>necessitatem</strong></span> <span class='ocrx_word' id='word_1_410' title='bbox 1099 4821 1193 4868; x_wconf 84' lang='lat' dir='ltr'><strong>aut</strong></span> <span class='ocrx_word' id='word_1_411' title='bbox 1237 4814 1345 4867; x_wconf 91' lang='lat' dir='ltr'><strong>vim</strong></span> <span class='ocrx_word' id='word_1_412' title='bbox 1404 4813 1624 4881; x_wconf 78' lang='lat' dir='ltr'><strong>inferat,</strong></span> <span class='ocrx_word' id='word_1_413' title='bbox 1656 4824 1713 4869; x_wconf 94' lang='lat' dir='ltr'><strong>ut</strong></span> <span class='ocrx_word' id='word_1_414' title='bbox 1738 4831 1831 4872; x_wconf 91' lang='lat' dir='ltr'><strong>vos</strong></span> <span class='ocrx_word' id='word_1_415' title='bbox 1892 4816 1995 4886; x_wconf 87' lang='lat' dir='ltr'><strong>ipsi</strong></span> 
     </span>
    </p>
   </div>
   <div class='ocr_carea' id='block_1_62' title="bbox 425 4902 1995 4976">
    <p class='ocr_par' dir='ltr' id='par_1_62' title="bbox 425 4902 1995 4976">
     <span class='ocr_line' id='line_1_62' title="bbox 425 4902 1995 4976; baseline 0.006 -21"><span class='ocrx_word' id='word_1_416' title='bbox 425 4902 747 4971; x_wconf 81' lang='lat' dir='ltr'><strong>loquimini?</strong></span> <span class='ocrx_word' id='word_1_417' title='bbox 795 4903 1016 4960; x_wconf 83' lang='lat' dir='ltr'><strong>Constat</strong></span> <span class='ocrx_word' id='word_1_418' title='bbox 1067 4904 1233 4975; x_wconf 80' lang='lat' dir='ltr'><strong>igitur</strong></span> <span class='ocrx_word' id='word_1_419' title='bbox 1281 4906 1702 4976; x_wconf 85' lang='lat' dir='ltr'><strong>propositionem</strong></span> <span class='ocrx_word' id='word_1_420' title='bbox 1756 4918 1995 4966; x_wconf 88' lang='lat' dir='ltr'><strong>vestram</strong></span> 
     </span>
    </p>
   </div>
   <div class='ocr_carea' id='block_1_63' title="bbox 425 4995 1787 5068">
    <p class='ocr_par' dir='ltr' id='par_1_63' title="bbox 425 4995 1787 5068">
     <span class='ocr_line' id='line_1_63' title="bbox 425 4995 1787 5068; baseline 0.005 -18"><span class='ocrx_word' id='word_1_421' title='bbox 425 4997 709 5058; x_wconf 68' lang='lat' dir='ltr'><strong>dementiae</strong></span> <span class='ocrx_word' id='word_1_422' title='bbox 735 4995 948 5066; x_wconf 90' lang='lat' dir='ltr'><strong>plenam</strong></span> <span class='ocrx_word' id='word_1_423' title='bbox 973 5012 1119 5065; x_wconf 89' lang='lat' dir='ltr'><strong>esse,</strong></span> <span class='ocrx_word' id='word_1_424' title='bbox 1143 4998 1384 5068; x_wconf 86' lang='lat' dir='ltr'><strong>nihilque</strong></span> <span class='ocrx_word' id='word_1_425' title='bbox 1402 4999 1527 5055; x_wconf 88' lang='lat' dir='ltr'><strong>boni</strong></span> <span class='ocrx_word' id='word_1_426' title='bbox 1564 4999 1787 5057; x_wconf 79' lang='lat' dir='ltr'><strong>inferre.</strong></span> 
     </span>
    </p>
   </div>
   <div class='ocr_carea' id='block_1_64' title="bbox 772 5128 1655 5202">
    <p class='ocr_par' dir='ltr' id='par_1_64' title="bbox 772 5128 1655 5202">
     <span class='ocr_line' id='line_1_64' title="bbox 772 5128 1655 5202; baseline 0.001 -18"><span class='ocrx_word' id='word_1_427' title='bbox 772 5128 1001 5197; x_wconf 86' lang='lat' dir='ltr'><strong>ALIUD,</strong></span> <span class='ocrx_word' id='word_1_428' title='bbox 1036 5132 1105 5186; x_wconf 84' lang='lat' dir='ltr'><strong>ad</strong></span> <span class='ocrx_word' id='word_1_429' title='bbox 1128 5148 1201 5186; x_wconf 89' lang='lat' dir='ltr'><strong>ret</strong></span> <span class='ocrx_word' id='word_1_430' title='bbox 1232 5132 1655 5202; x_wconf 73' lang='lat' dir='ltr'><strong>explicationem.</strong></span> 
     </span>
    </p>
   </div>
   <div class='ocr_carea' id='block_1_65' title="bbox 493 5244 1994 5316">
    <p class='ocr_par' dir='ltr' id='par_1_65' title="bbox 493 5244 1994 5316">
     <span class='ocr_line' id='line_1_65' title="bbox 493 5244 1994 5316; baseline 0.002 -17"><span class='ocrx_word' id='word_1_431' title='bbox 493 5244 550 5300; x_wconf 93' lang='lat' dir='ltr'><strong>ln</strong></span> <span class='ocrx_word' id='word_1_432' title='bbox 578 5246 741 5301; x_wconf 87' lang='lat' dir='ltr'><strong>rebus</strong></span> <span class='ocrx_word' id='word_1_433' title='bbox 765 5245 1103 5301; x_wconf 84' lang='lat' dir='ltr'><strong>naturalibus</strong></span> <span class='ocrx_word' id='word_1_434' title='bbox 1154 5261 1258 5301; x_wconf 93' lang='lat' dir='ltr'><strong>non</strong></span> <span class='ocrx_word' id='word_1_435' title='bbox 1322 5246 1580 5316; x_wconf 67' lang='lat' dir='ltr'><strong>praecedit</strong></span> <span class='ocrx_word' id='word_1_436' title='bbox 1624 5248 1948 5306; x_wconf 88' lang='lat' dir='ltr'><strong>deliberatio</strong></span> <span class='ocrx_word' id='word_1_437' title='bbox 1977 5264 1994 5302; x_wconf 89' lang='lat'><strong>:</strong></span> 
     </span>
    </p>
   </div>
   <div class='ocr_carea' id='block_1_66' title="bbox 426 5339 1994 5411">
    <p class='ocr_par' dir='ltr' id='par_1_66' title="bbox 426 5339 1994 5411">
     <span class='ocr_line' id='line_1_66' title="bbox 426 5339 1994 5411; baseline 0.005 -22"><span class='ocrx_word' id='word_1_438' title='bbox 426 5345 671 5392; x_wconf 89' lang='lat' dir='ltr'><strong>versatur</strong></span> <span class='ocrx_word' id='word_1_439' title='bbox 685 5339 831 5393; x_wconf 87' lang='lat' dir='ltr'><strong>enim</strong></span> <span class='ocrx_word' id='word_1_440' title='bbox 864 5348 1072 5394; x_wconf 89' lang='lat' dir='ltr'><strong>tantum</strong></span> <span class='ocrx_word' id='word_1_441' title='bbox 1100 5340 1245 5395; x_wconf 87' lang='lat' dir='ltr'><strong>circa</strong></span> <span class='ocrx_word' id='word_1_442' title='bbox 1270 5353 1333 5394; x_wconf 88' lang='lat' dir='ltr'><strong>ea</strong></span> <span class='ocrx_word' id='word_1_443' title='bbox 1362 5355 1485 5411; x_wconf 62' lang='lat' dir='ltr'><strong>quas</strong></span> <span class='ocrx_word' id='word_1_444' title='bbox 1536 5351 1664 5395; x_wconf 91' lang='lat' dir='ltr'><strong>sunt</strong></span> <span class='ocrx_word' id='word_1_445' title='bbox 1720 5352 1873 5395; x_wconf 76' lang='lat' dir='ltr'><strong>extra</strong></span> <span class='ocrx_word' id='word_1_446' title='bbox 1899 5345 1994 5397; x_wconf 92' lang='lat' dir='ltr'><strong>de-</strong></span> 
     </span>
    </p>
   </div>
   <div class='ocr_carea' id='block_1_67' title="bbox 428 5424 1998 5500">
    <p class='ocr_par' dir='ltr' id='par_1_67' title="bbox 428 5424 1998 5500">
     <span class='ocr_line' id='line_1_67' title="bbox 428 5424 1998 5500; baseline 0.006 -22"><span class='ocrx_word' id='word_1_447' title='bbox 428 5424 709 5483; x_wconf 77' lang='lat' dir='ltr'><strong>iiberantis</strong></span> <span class='ocrx_word' id='word_1_448' title='bbox 733 5428 1046 5485; x_wconf 89' lang='lat' dir='ltr'><strong>essentiam.</strong></span> <span class='ocrx_word' id='word_1_449' title='bbox 1080 5429 1327 5499; x_wconf 80' lang='lat' dir='ltr'><strong>Exempli</strong></span> <span class='ocrx_word' id='word_1_450' title='bbox 1360 5430 1535 5500; x_wconf 85' lang='lat' dir='ltr'><strong>gratia</strong></span> <span class='ocrx_word' id='word_1_451' title='bbox 1563 5446 1582 5487; x_wconf 91' lang='lat'><strong>:</strong></span> <span class='ocrx_word' id='word_1_452' title='bbox 1642 5430 1859 5487; x_wconf 86' lang='lat' dir='ltr'><strong>Plantat</strong></span> <span class='ocrx_word' id='word_1_453' title='bbox 1897 5435 1998 5487; x_wconf 91' lang='lat' dir='ltr'><strong>ali-</strong></span> 
     </span>
    </p>
   </div>
   <div class='ocr_carea' id='block_1_68' title="bbox 427 5519 1995 5593">
    <p class='ocr_par' dir='ltr' id='par_1_68' title="bbox 427 5519 1995 5593">
     <span class='ocr_line' id='line_1_68' title="bbox 427 5519 1995 5593; baseline 0.008 -24"><span class='ocrx_word' id='word_1_454' title='bbox 427 5519 551 5585; x_wconf 83' lang='lat' dir='ltr'><strong>quis</strong></span> <span class='ocrx_word' id='word_1_455' title='bbox 574 5519 763 5587; x_wconf 85' lang='lat' dir='ltr'><strong>vitem,</strong></span> <span class='ocrx_word' id='word_1_456' title='bbox 791 5531 885 5576; x_wconf 88' lang='lat' dir='ltr'><strong>aut</strong></span> <span class='ocrx_word' id='word_1_457' title='bbox 922 5522 1100 5577; x_wconf 88' lang='lat' dir='ltr'><strong>navim</strong></span> <span class='ocrx_word' id='word_1_458' title='bbox 1134 5524 1387 5590; x_wconf 61' lang='lat' dir='ltr'><strong>mdiﬁcat,</strong></span> <span class='ocrx_word' id='word_1_459' title='bbox 1413 5522 1566 5593; x_wconf 88' lang='lat' dir='ltr'><strong>prius</strong></span> <span class='ocrx_word' id='word_1_460' title='bbox 1596 5524 1663 5577; x_wconf 89' lang='lat' dir='ltr'><strong>de</strong></span> <span class='ocrx_word' id='word_1_461' title='bbox 1702 5524 1770 5580; x_wconf 90' lang='lat' dir='ltr'><strong>iis</strong></span> <span class='ocrx_word' id='word_1_462' title='bbox 1791 5524 1995 5581; x_wconf 76' lang='lat' dir='ltr'><strong>delibe-</strong></span> 
     </span>
    </p>
   </div>
   <div class='ocr_carea' id='block_1_69' title="bbox 429 5609 2054 5684">
    <p class='ocr_par' dir='ltr' id='par_1_69' title="bbox 429 5609 2054 5684">
     <span class='ocr_line' id='line_1_69' title="bbox 429 5609 2054 5684; baseline 0.004 -23"><span class='ocrx_word' id='word_1_463' title='bbox 429 5624 589 5662; x_wconf 83' lang='lat' dir='ltr'><strong>rans:</strong></span> <span class='ocrx_word' id='word_1_464' title='bbox 627 5609 863 5680; x_wconf 81' lang='lat' dir='ltr'><strong>gignitur</strong></span> <span class='ocrx_word' id='word_1_465' title='bbox 885 5622 1061 5667; x_wconf 87' lang='lat' dir='ltr'><strong>autem</strong></span> <span class='ocrx_word' id='word_1_466' title='bbox 1094 5612 1411 5667; x_wconf 88' lang='lat' dir='ltr'><strong>naturaliter</strong></span> <span class='ocrx_word' id='word_1_467' title='bbox 1442 5626 1505 5666; x_wconf 75' lang='lat' dir='ltr'><strong>ex</strong></span> <span class='ocrx_word' id='word_1_468' title='bbox 1533 5611 1750 5667; x_wconf 92' lang='lat' dir='ltr'><strong>homine</strong></span> <span class='ocrx_word' id='word_1_469' title='bbox 1794 5615 1996 5684; x_wconf 87' lang='lat' dir='ltr'><strong>proles,</strong></span> <span class='ocrx_word' id='word_1_470' title='bbox 2049 5622 2054 5627; x_wconf 87' lang='lat'>&#39;</span> 
     </span>
    </p>
   </div>
   <div class='ocr_carea' id='block_1_70' title="bbox 433 5697 1993 5772">
    <p class='ocr_par' dir='ltr' id='par_1_70' title="bbox 433 5697 1993 5772">
     <span class='ocr_line' id='line_1_70' title="bbox 433 5697 1993 5772; baseline 0.005 -20"><span class='ocrx_word' id='word_1_471' title='bbox 433 5697 576 5753; x_wconf 85' lang='lat' dir='ltr'><strong>nulla</strong></span> <span class='ocrx_word' id='word_1_472' title='bbox 616 5700 952 5769; x_wconf 80' lang='lat' dir='ltr'><strong>praecedente</strong></span> <span class='ocrx_word' id='word_1_473' title='bbox 977 5702 1384 5760; x_wconf 83' lang='lat' dir='ltr'><strong>deliberatione.</strong></span> <span class='ocrx_word' id='word_1_474' title='bbox 1418 5700 1475 5756; x_wconf 89' lang='lat' dir='ltr'><strong>Si</strong></span> <span class='ocrx_word' id='word_1_475' title='bbox 1503 5700 1625 5768; x_wconf 89' lang='lat' dir='ltr'><strong>quis</strong></span> <span class='ocrx_word' id='word_1_476' title='bbox 1657 5701 1819 5772; x_wconf 88' lang='lat' dir='ltr'><strong>igitur</strong></span> <span class='ocrx_word' id='word_1_477' title='bbox 1874 5703 1993 5760; x_wconf 77' lang='lat' dir='ltr'><strong>for-</strong></span> 
     </span>
    </p>
   </div>
   <div class='ocr_carea' id='block_1_71' title="bbox 2020 3096 2067 3158">
    <p class='ocr_par' dir='ltr' id='par_1_71' title="bbox 2020 3096 2067 3158">
     <span class='ocr_line' id='line_1_71' title="bbox 2020 3096 2067 3158; baseline 0 0"><span class='ocrx_word' id='word_1_478' title='bbox 2020 3096 2067 3158; x_wconf 73' lang='grc' dir='ltr'><strong>(ἶ</strong></span> 
     </span>
    </p>
   </div>
   <div class='ocr_carea' id='block_1_72' title="bbox 2102 1842 3681 1922">
    <p class='ocr_par' dir='ltr' id='par_1_72' title="bbox 2102 1842 3681 1922">
     <span class='ocr_line' id='line_1_72' title="bbox 2102 1842 3681 1922; baseline -0.007 -18"><span class='ocrx_word' id='word_1_479' title='bbox 2102 1851 2220 1913; x_wconf 83' lang='grc' dir='ltr'>πῶς</span> <span class='ocrx_word' id='word_1_480' title='bbox 2246 1851 2511 1922; x_wconf 83' lang='grc' dir='ltr'>ἡγήσεταί</span> <span class='ocrx_word' id='word_1_481' title='bbox 2538 1868 2592 1903; x_wconf 88' lang='grc' dir='ltr'><strong>τι</strong></span> <span class='ocrx_word' id='word_1_482' title='bbox 2621 1851 2716 1904; x_wconf 76' lang='grc' dir='ltr'>τοῦ</span> <span class='ocrx_word' id='word_1_483' title='bbox 2749 1850 2836 1904; x_wconf 81' lang='grc' dir='ltr'>ἀεὶ</span> <span class='ocrx_word' id='word_1_484' title='bbox 2871 1850 3056 1914; x_wconf 77' lang='grc' dir='ltr'>ὃντοςς</span> <span class='ocrx_word' id='word_1_485' title='bbox 3082 1847 3204 1909; x_wconf 78' lang='grc' dir='ltr'>Πῶς</span> <span class='ocrx_word' id='word_1_486' title='bbox 3237 1846 3293 1898; x_wconf 80' lang='grc' dir='ltr'>δὲ</span> <span class='ocrx_word' id='word_1_487' title='bbox 3344 1847 3377 1915; x_wconf 79' lang='grc' dir='ltr'><strong>ἡ</strong></span> <span class='ocrx_word' id='word_1_488' title='bbox 3418 1842 3681 1913; x_wconf 83' lang='grc' dir='ltr'>βούλησις</span> 
     </span>
    </p>
   </div>
   <div class='ocr_carea' id='block_1_73' title="bbox 2099 1935 3678 2013">
    <p class='ocr_par' dir='ltr' id='par_1_73' title="bbox 2099 1935 3678 2013">
     <span class='ocr_line' id='line_1_73' title="bbox 2099 1935 3678 2013; baseline -0.009 -17"><span class='ocrx_word' id='word_1_489' title='bbox 2099 1944 2339 2013; x_wconf 85' lang='grc' dir='ltr'>χωρήσει</span> <span class='ocrx_word' id='word_1_490' title='bbox 2366 1942 2590 2012; x_wconf 77' lang='grc' dir='ltr'>μεταξὺ,</span> <span class='ocrx_word' id='word_1_491' title='bbox 2616 1942 2692 2013; x_wconf 82' lang='grc' dir='ltr'>μὴ</span> <span class='ocrx_word' id='word_1_492' title='bbox 2726 1941 2853 1995; x_wconf 72' lang='grc' dir='ltr'>ὄντα</span> <span class='ocrx_word' id='word_1_493' title='bbox 2882 1940 3012 1993; x_wconf 82' lang='grc' dir='ltr'>ποτὲ</span> <span class='ocrx_word' id='word_1_494' title='bbox 3034 1939 3126 1991; x_wconf 83' lang='grc' dir='ltr'><strong>τὸν</strong></span> <span class='ocrx_word' id='word_1_495' title='bbox 3168 1937 3296 1991; x_wconf 82' lang='grc' dir='ltr'>Υίὸν</span> <span class='ocrx_word' id='word_1_496' title='bbox 3320 1935 3678 2003; x_wconf 75' lang='grc' dir='ltr'>εἰσφέρουσα,</span> 
     </span>
    </p>
   </div>
   <div class='ocr_carea' id='block_1_74' title="bbox 2098 2025 3501 2103">
    <p class='ocr_par' dir='ltr' id='par_1_74' title="bbox 2098 2025 3501 2103">
     <span class='ocr_line' id='line_1_74' title="bbox 2098 2025 3501 2103; baseline -0.006 -19"><span class='ocrx_word' id='word_1_497' title='bbox 2098 2031 2189 2084; x_wconf 84' lang='grc' dir='ltr'><strong>τὸν</strong></span> <span class='ocrx_word' id='word_1_498' title='bbox 2218 2031 2298 2101; x_wconf 75' lang='grc' dir='ltr'>τῷ</span> <span class='ocrx_word' id='word_1_499' title='bbox 2312 2034 2630 2103; x_wconf 81' lang='grc' dir='ltr'>γεννήσαντι</span> <span class='ocrx_word' id='word_1_500' title='bbox 2659 2030 2927 2084; x_wconf 81' lang='grc' dir='ltr'>συναῖδιον</span> <span class='ocrx_word' id='word_1_501' title='bbox 2964 2030 3040 2093; x_wconf 83' lang='grc' dir='ltr'>ὡς</span> <span class='ocrx_word' id='word_1_502' title='bbox 3079 2027 3270 2097; x_wconf 79' lang='grc' dir='ltr'>σοφίαν</span> <span class='ocrx_word' id='word_1_503' title='bbox 3299 2025 3501 2089; x_wconf 62' lang='lat' dir='ltr'><strong>autat};</strong></span> 
     </span>
    </p>
   </div>
   <div class='ocr_carea' id='block_1_75' title="bbox 2784 2304 2989 2358">
    <p class='ocr_par' dir='ltr' id='par_1_75' title="bbox 2784 2304 2989 2358">
     <span class='ocr_line' id='line_1_75' title="bbox 2784 2304 2989 2358; baseline 0 -1"><span class='ocrx_word' id='word_1_504' title='bbox 2784 2304 2989 2358; x_wconf 81' lang='lat' dir='ltr'><strong>AAAO.</strong></span> 
     </span>
    </p>
   </div>
   <div class='ocr_carea' id='block_1_76' title="bbox 2168 2409 3684 2488">
    <p class='ocr_par' dir='ltr' id='par_1_76' title="bbox 2168 2409 3684 2488">
     <span class='ocr_line' id='line_1_76' title="bbox 2168 2409 3684 2488; baseline -0.005 -17"><span class='ocrx_word' id='word_1_505' title='bbox 2168 2417 2231 2471; x_wconf 82' lang='grc' dir='ltr'>Εί</span> <span class='ocrx_word' id='word_1_506' title='bbox 2274 2419 2595 2488; x_wconf 81' lang='grc' dir='ltr'>προηγεῖται</span> <span class='ocrx_word' id='word_1_507' title='bbox 2636 2416 2892 2488; x_wconf 83' lang='grc' dir='ltr'>βούλησις</span> <span class='ocrx_word' id='word_1_508' title='bbox 2936 2414 3032 2469; x_wconf 78' lang='grc' dir='ltr'>τοῦ</span> <span class='ocrx_word' id='word_1_509' title='bbox 3095 2414 3250 2479; x_wconf 75' lang='grc' dir='ltr'>Υἰοῦ,</span> <span class='ocrx_word' id='word_1_510' title='bbox 3300 2414 3359 2467; x_wconf 77' lang='grc' dir='ltr'>ἐν</span> <span class='ocrx_word' id='word_1_511' title='bbox 3413 2410 3587 2482; x_wconf 83' lang='grc' dir='ltr'>χρόνῳ</span> <span class='ocrx_word' id='word_1_512' title='bbox 3618 2409 3684 2463; x_wconf 70' lang='grc' dir='ltr'><strong>δὲ</strong></span> 
     </span>
    </p>
   </div>
   <div class='ocr_carea' id='block_1_77' title="bbox 2097 2504 3674 2581">
    <p class='ocr_par' dir='ltr' id='par_1_77' title="bbox 2097 2504 3674 2581">
     <span class='ocr_line' id='line_1_77' title="bbox 2097 2504 3674 2581; baseline -0.006 -18"><span class='ocrx_word' id='word_1_513' title='bbox 2097 2510 2311 2579; x_wconf 79' lang='grc' dir='ltr'><strong>ἀνάγκη</strong></span> <span class='ocrx_word' id='word_1_514' title='bbox 2339 2508 2438 2581; x_wconf 83' lang='grc' dir='ltr'>τὴν</span> <span class='ocrx_word' id='word_1_515' title='bbox 2471 2510 2602 2579; x_wconf 75' lang='grc' dir='ltr'>περὶ</span> <span class='ocrx_word' id='word_1_516' title='bbox 2630 2509 2799 2563; x_wconf 77' lang='grc' dir='ltr'>αὑτοῦ</span> <span class='ocrx_word' id='word_1_517' title='bbox 2829 2506 3084 2577; x_wconf 83' lang='grc' dir='ltr'>γενέσθαι</span> <span class='ocrx_word' id='word_1_518' title='bbox 3113 2507 3325 2577; x_wconf 76' lang='grc' dir='ltr'>σκέψιν,</span> <span class='ocrx_word' id='word_1_519' title='bbox 3356 2505 3451 2558; x_wconf 77' lang='grc' dir='ltr'>καὶ</span> <span class='ocrx_word' id='word_1_520' title='bbox 3492 2504 3542 2555; x_wconf 89' lang='grc' dir='ltr'><strong>εί</strong></span> <span class='ocrx_word' id='word_1_521' title='bbox 3584 2519 3674 2573; x_wconf 88' lang='grc' dir='ltr'>μι-</span> 
     </span>
    </p>
   </div>
   <div class='ocr_carea' id='block_1_78' title="bbox 2098 2595 3683 2675">
    <p class='ocr_par' dir='ltr' id='par_1_78' title="bbox 2098 2595 3683 2675">
     <span class='ocr_line' id='line_1_78' title="bbox 2098 2595 3683 2675; baseline -0.007 -19"><span class='ocrx_word' id='word_1_522' title='bbox 2098 2603 2231 2675; x_wconf 89' lang='grc' dir='ltr'>κρός</span> <span class='ocrx_word' id='word_1_523' title='bbox 2254 2620 2339 2666; x_wconf 89' lang='grc' dir='ltr'><strong>τις</strong></span> <span class='ocrx_word' id='word_1_524' title='bbox 2389 2603 2473 2672; x_wconf 74' lang='grc' dir='ltr'>εἴη</span> <span class='ocrx_word' id='word_1_525' title='bbox 2526 2602 2620 2655; x_wconf 78' lang='grc' dir='ltr'><strong>καὶ</strong></span> <span class='ocrx_word' id='word_1_526' title='bbox 2646 2601 2767 2655; x_wconf 88' lang='grc' dir='ltr'>λίαν</span> <span class='ocrx_word' id='word_1_527' title='bbox 2812 2600 3039 2672; x_wconf 80' lang='grc' dir='ltr'>βραχὺς,</span> <span class='ocrx_word' id='word_1_528' title='bbox 3100 2599 3217 2663; x_wconf 87' lang='grc' dir='ltr'><strong>πῶς</strong></span> <span class='ocrx_word' id='word_1_529' title='bbox 3259 2598 3413 2652; x_wconf 80' lang='grc' dir='ltr'>ἔσται</span> <span class='ocrx_word' id='word_1_530' title='bbox 3456 2595 3683 2649; x_wconf 81' lang='grc' dir='ltr'>πάντων</span> 
     </span>
    </p>
   </div>
   <div class='ocr_carea' id='block_1_79' title="bbox 2098 2685 3682 2765">
    <p class='ocr_par' dir='ltr' id='par_1_79' title="bbox 2098 2685 3682 2765">
     <span class='ocr_line' id='line_1_79' title="bbox 2098 2685 3682 2765; baseline -0.006 -18"><span class='ocrx_word' id='word_1_531' title='bbox 2098 2695 2361 2765; x_wconf 76' lang='grc' dir='ltr'>ποιητήςς</span> <span class='ocrx_word' id='word_1_532' title='bbox 2394 2694 2464 2746; x_wconf 86' lang='grc' dir='ltr'><strong><em>Ἦ</em></strong></span> <span class='ocrx_word' id='word_1_533' title='bbox 2499 2693 2617 2756; x_wconf 84' lang='grc' dir='ltr'><strong>πῶς</strong></span> <span class='ocrx_word' id='word_1_534' title='bbox 2664 2692 2991 2763; x_wconf 70' lang='grc' dir='ltr'>πιστεύομεν</span> <span class='ocrx_word' id='word_1_535' title='bbox 3025 2694 3092 2762; x_wconf 82' lang='grc' dir='ltr'>τῇ</span> <span class='ocrx_word' id='word_1_536' title='bbox 3123 2692 3345 2761; x_wconf 78' lang='grc' dir='ltr'>Γραφῇ,</span> <span class='ocrx_word' id='word_1_537' title='bbox 3397 2687 3574 2741; x_wconf 86' lang='grc' dir='ltr'>πάντα</span> <span class='ocrx_word' id='word_1_538' title='bbox 3604 2685 3682 2740; x_wconf 85' lang='grc' dir='ltr'><strong>δι’</strong></span> 
     </span>
    </p>
   </div>
   <div class='ocr_carea' id='block_1_80' title="bbox 2097 2777 3687 2854">
    <p class='ocr_par' dir='ltr' id='par_1_80' title="bbox 2097 2777 3687 2854">
     <span class='ocr_line' id='line_1_80' title="bbox 2097 2777 3687 2854; baseline -0.008 -14"><span class='ocrx_word' id='word_1_539' title='bbox 2097 2784 2262 2841; x_wconf 81' lang='grc' dir='ltr'>αὑτοῦ</span> <span class='ocrx_word' id='word_1_540' title='bbox 2292 2783 2546 2854; x_wconf 84' lang='grc' dir='ltr'>γενέσθαι</span> <span class='ocrx_word' id='word_1_541' title='bbox 2578 2781 2848 2854; x_wconf 71' lang='grc' dir='ltr'>λεγούση;</span> <span class='ocrx_word' id='word_1_542' title='bbox 2886 2783 3059 2837; x_wconf 84' lang='grc' dir='ltr'>Ὅπου</span> <span class='ocrx_word' id='word_1_543' title='bbox 3102 2781 3210 2851; x_wconf 82' lang='grc' dir='ltr'><strong>πρὸ</strong></span> <span class='ocrx_word' id='word_1_544' title='bbox 3231 2778 3391 2833; x_wconf 75' lang='grc' dir='ltr'>αὑτοῦ</span> <span class='ocrx_word' id='word_1_545' title='bbox 3426 2777 3687 2846; x_wconf 72' lang='grc' dir='ltr'>φαίνεται</span> 
     </span>
    </p>
   </div>
   <div class='ocr_carea' id='block_1_81' title="bbox 2099 2868 3681 2949">
    <p class='ocr_par' dir='ltr' id='par_1_81' title="bbox 2099 2868 3681 2949">
     <span class='ocr_line' id='line_1_81' title="bbox 2099 2868 3681 2949; baseline -0.006 -18"><span class='ocrx_word' id='word_1_546' title='bbox 2099 2878 2309 2949; x_wconf 86' lang='grc' dir='ltr'>χρόνος,</span> <span class='ocrx_word' id='word_1_547' title='bbox 2341 2877 2463 2931; x_wconf 80' lang='grc' dir='ltr'>καθ’</span> <span class='ocrx_word' id='word_1_548' title='bbox 2484 2877 2542 2928; x_wconf 85' lang='grc' dir='ltr'>ὃν</span> <span class='ocrx_word' id='word_1_549' title='bbox 2575 2878 2608 2946; x_wconf 79' lang='grc' dir='ltr'>ἡ</span> <span class='ocrx_word' id='word_1_550' title='bbox 2636 2876 2767 2946; x_wconf 70' lang='grc' dir='ltr'>περὶ</span> <span class='ocrx_word' id='word_1_551' title='bbox 2803 2873 2970 2929; x_wconf 80' lang='grc' dir='ltr'>αὑτοῦ</span> <span class='ocrx_word' id='word_1_552' title='bbox 2999 2874 3190 2943; x_wconf 76' lang='grc' dir='ltr'>γέγονε</span> <span class='ocrx_word' id='word_1_553' title='bbox 3246 2870 3517 2943; x_wconf 82' lang='grc' dir='ltr'>βούλησις,</span> <span class='ocrx_word' id='word_1_554' title='bbox 3541 2868 3681 2941; x_wconf 71' lang='grc' dir='ltr'>χρόρ</span> 
     </span>
    </p>
   </div>
   <div class='ocr_carea' id='block_1_82' title="bbox 2098 2965 2875 3039">
    <p class='ocr_par' dir='ltr' id='par_1_82' title="bbox 2098 2965 2875 3039">
     <span class='ocr_line' id='line_1_82' title="bbox 2098 2965 2875 3039; baseline -0.009 -13"><span class='ocrx_word' id='word_1_555' title='bbox 2098 2987 2205 3026; x_wconf 90' lang='grc' dir='ltr'><strong>νων</strong></span> <span class='ocrx_word' id='word_1_556' title='bbox 2223 2970 2323 3023; x_wconf 81' lang='grc' dir='ltr'><strong>οὐκ</strong></span> <span class='ocrx_word' id='word_1_557' title='bbox 2350 2969 2518 3022; x_wconf 76' lang='grc' dir='ltr'>ὄντων</span> <span class='ocrx_word' id='word_1_558' title='bbox 2546 2967 2650 3039; x_wconf 86' lang='grc' dir='ltr'><strong>πρὸ</strong></span> <span class='ocrx_word' id='word_1_559' title='bbox 2670 2965 2834 3020; x_wconf 80' lang='grc' dir='ltr'>αὑτοῦ</span> <span class='ocrx_word' id='word_1_560' title='bbox 2859 2982 2875 3028; x_wconf 91' lang='lat'><strong>;</strong></span> 
     </span>
    </p>
   </div>
   <div class='ocr_carea' id='block_1_83' title="bbox 2785 3078 2972 3135">
    <p class='ocr_par' dir='ltr' id='par_1_83' title="bbox 2785 3078 2972 3135">
     <span class='ocr_line' id='line_1_83' title="bbox 2785 3078 2972 3135; baseline 0 0"><span class='ocrx_word' id='word_1_561' title='bbox 2785 3078 2972 3135; x_wconf 78' lang='lat' dir='ltr'><strong>AAAO</strong></span> 
     </span>
    </p>
   </div>
   <div class='ocr_carea' id='block_1_84' title="bbox 2307 3189 3434 3260">
    <p class='ocr_par' dir='ltr' id='par_1_84' title="bbox 2307 3189 3434 3260">
     <span class='ocr_line' id='line_1_84' title="bbox 2307 3189 3434 3260; baseline -0.003 -14"><span class='ocrx_word' id='word_1_562' title='bbox 2307 3194 2404 3258; x_wconf 87' lang='grc' dir='ltr'>Ὡς</span> <span class='ocrx_word' id='word_1_563' title='bbox 2438 3194 2507 3258; x_wconf 81' lang='grc' dir='ltr'><strong>ἐξ</strong></span> <span class='ocrx_word' id='word_1_564' title='bbox 2548 3193 2904 3259; x_wconf 80' lang='grc' dir='ltr'>ἀντιθέσεως</span> <span class='ocrx_word' id='word_1_565' title='bbox 2939 3190 3061 3245; x_wconf 78' lang='grc' dir='ltr'><strong>τῶν</strong></span> <span class='ocrx_word' id='word_1_566' title='bbox 3108 3189 3434 3260; x_wconf 78' lang='grc' dir='ltr'>αἱρετικῶν.</span> 
     </span>
    </p>
   </div>
   <div class='ocr_carea' id='block_1_85' title="bbox 2168 3280 3681 3357">
    <p class='ocr_par' dir='ltr' id='par_1_85' title="bbox 2168 3280 3681 3357">
     <span class='ocr_line' id='line_1_85' title="bbox 2168 3280 3681 3357; baseline -0.004 -19"><span class='ocrx_word' id='word_1_567' title='bbox 2168 3286 2232 3339; x_wconf 85' lang='grc' dir='ltr'><strong>Εἰ</strong></span> <span class='ocrx_word' id='word_1_568' title='bbox 2267 3285 2340 3357; x_wconf 83' lang='grc' dir='ltr'><strong>μὴ</strong></span> <span class='ocrx_word' id='word_1_569' title='bbox 2373 3285 2645 3356; x_wconf 84' lang='grc' dir='ltr'>βουλήσει,</span> <span class='ocrx_word' id='word_1_570' title='bbox 2701 3284 2857 3355; x_wconf 76' lang='grc' dir='ltr'>φησὶ,</span> <span class='ocrx_word' id='word_1_571' title='bbox 2904 3284 3127 3352; x_wconf 87' lang='grc' dir='ltr'>γέγονεν</span> <span class='ocrx_word' id='word_1_572' title='bbox 3154 3286 3182 3336; x_wconf 89' lang='lat'><strong>6</strong></span> <span class='ocrx_word' id='word_1_573' title='bbox 3218 3283 3347 3344; x_wconf 85' lang='grc' dir='ltr'>Υίὸς</span> <span class='ocrx_word' id='word_1_574' title='bbox 3377 3281 3470 3333; x_wconf 78' lang='grc' dir='ltr'>τοῦ</span> <span class='ocrx_word' id='word_1_575' title='bbox 3515 3280 3681 3347; x_wconf 79' lang='grc' dir='ltr'>Θεοῦ,</span> 
     </span>
    </p>
   </div>
   <div class='ocr_carea' id='block_1_86' title="bbox 2096 3370 3681 3446">
    <p class='ocr_par' dir='ltr' id='par_1_86' title="bbox 2096 3370 3681 3446">
     <span class='ocr_line' id='line_1_86' title="bbox 2096 3370 3681 3446; baseline -0.004 -19"><span class='ocrx_word' id='word_1_576' title='bbox 2096 3374 2155 3441; x_wconf 78' lang='grc' dir='ltr'>ἐξ</span> <span class='ocrx_word' id='word_1_577' title='bbox 2196 3375 2442 3443; x_wconf 80' lang='grc' dir='ltr'>ἀνάγκης</span> <span class='ocrx_word' id='word_1_578' title='bbox 2472 3375 2580 3446; x_wconf 79' lang='grc' dir='ltr'><strong>ἀρα</strong></span> <span class='ocrx_word' id='word_1_579' title='bbox 2604 3376 2701 3428; x_wconf 77' lang='grc' dir='ltr'>καὶ</span> <span class='ocrx_word' id='word_1_580' title='bbox 2742 3373 2818 3444; x_wconf 74' lang='grc' dir='ltr'><strong>μὴ</strong></span> <span class='ocrx_word' id='word_1_581' title='bbox 2852 3372 3021 3426; x_wconf 82' lang='grc' dir='ltr'>θέλων</span> <span class='ocrx_word' id='word_1_582' title='bbox 3049 3372 3206 3443; x_wconf 73' lang='grc' dir='ltr'>ἔσχεν</span> <span class='ocrx_word' id='word_1_583' title='bbox 3250 3371 3377 3423; x_wconf 76' lang='grc' dir='ltr'>Υἰὸν</span> <span class='ocrx_word' id='word_1_584' title='bbox 3407 3373 3434 3422; x_wconf 90' lang='lat'><strong>6</strong></span> <span class='ocrx_word' id='word_1_585' title='bbox 3462 3370 3681 3440; x_wconf 82' lang='grc' dir='ltr'>Πατήρ.</span> 
     </span>
    </p>
   </div>
   <div class='ocr_carea' id='block_1_87' title="bbox 2097 3461 3683 3536">
    <p class='ocr_par' dir='ltr' id='par_1_87' title="bbox 2097 3461 3683 3536">
     <span class='ocr_line' id='line_1_87' title="bbox 2097 3461 3683 3536; baseline -0.004 -16"><span class='ocrx_word' id='word_1_586' title='bbox 2097 3466 2207 3521; x_wconf 77' lang='grc' dir='ltr'><strong>Καὶ</strong></span> <span class='ocrx_word' id='word_1_587' title='bbox 2226 3465 2311 3527; x_wconf 85' lang='grc' dir='ltr'><strong>τίς</strong></span> <span class='ocrx_word' id='word_1_588' title='bbox 2346 3467 2375 3518; x_wconf 95' lang='lat'><strong>6</strong></span> <span class='ocrx_word' id='word_1_589' title='bbox 2428 3464 2629 3536; x_wconf 77' lang='grc' dir='ltr'>μείζων</span> <span class='ocrx_word' id='word_1_590' title='bbox 2663 3463 2831 3518; x_wconf 82' lang='grc' dir='ltr'>αὐτοῦ</span> <span class='ocrx_word' id='word_1_591' title='bbox 2881 3464 2976 3517; x_wconf 73' lang='grc' dir='ltr'><strong>καὶ</strong></span> <span class='ocrx_word' id='word_1_592' title='bbox 3019 3465 3119 3533; x_wconf 81' lang='grc' dir='ltr'>τὴν</span> <span class='ocrx_word' id='word_1_593' title='bbox 3167 3463 3412 3532; x_wconf 84' lang='grc' dir='ltr'>ἀνάγκην</span> <span class='ocrx_word' id='word_1_594' title='bbox 3465 3461 3683 3522; x_wconf 75' lang='grc' dir='ltr'>ἐπιθεὶς</span> 
     </span>
    </p>
   </div>
   <div class='ocr_carea' id='block_1_88' title="bbox 2097 3554 3687 3626">
    <p class='ocr_par' dir='ltr' id='par_1_88' title="bbox 2097 3554 3687 3626">
     <span class='ocr_line' id='line_1_88' title="bbox 2097 3554 3687 3626; baseline -0.001 -19"><span class='ocrx_word' id='word_1_595' title='bbox 2097 3554 2275 3625; x_wconf 54' lang='lat' dir='ltr'><strong>abuit;</strong></span> <span class='ocrx_word' id='word_1_596' title='bbox 2307 3555 2389 3608; x_wconf 84' lang='grc' dir='ltr'><strong>Τὰ</strong></span> <span class='ocrx_word' id='word_1_597' title='bbox 2442 3556 2551 3624; x_wconf 83' lang='grc' dir='ltr'>γὰρ</span> <span class='ocrx_word' id='word_1_598' title='bbox 2592 3555 2745 3626; x_wconf 82' lang='grc' dir='ltr'>παρά</span> <span class='ocrx_word' id='word_1_599' title='bbox 2793 3554 3021 3626; x_wconf 86' lang='grc' dir='ltr'>γνώμην</span> <span class='ocrx_word' id='word_1_600' title='bbox 3080 3555 3568 3624; x_wconf 81' lang='grc' dir='ltr'>ὲπισυμόαίνοντα,</span> <span class='ocrx_word' id='word_1_601' title='bbox 3617 3554 3687 3618; x_wconf 74' lang='grc' dir='ltr'><strong>ἐξ</strong></span> 
     </span>
    </p>
   </div>
   <div class='ocr_carea' id='block_1_89' title="bbox 2096 3648 2600 3718">
    <p class='ocr_par' dir='ltr' id='par_1_89' title="bbox 2096 3648 2600 3718">
     <span class='ocr_line' id='line_1_89' title="bbox 2096 3648 2600 3718; baseline -0.006 -15"><span class='ocrx_word' id='word_1_602' title='bbox 2096 3648 2343 3718; x_wconf 82' lang='grc' dir='ltr'>ἀνάγκης</span> <span class='ocrx_word' id='word_1_603' title='bbox 2372 3648 2600 3716; x_wconf 87' lang='grc' dir='ltr'>γίνεται.</span> 
     </span>
    </p>
   </div>
   <div class='ocr_carea' id='block_1_90' title="bbox 2573 3776 3179 3846">
    <p class='ocr_par' dir='ltr' id='par_1_90' title="bbox 2573 3776 3179 3846">
     <span class='ocr_line' id='line_1_90' title="bbox 2573 3776 3179 3846; baseline 0.002 -16"><span class='ocrx_word' id='word_1_604' title='bbox 2573 3776 2733 3846; x_wconf 75' lang='grc' dir='ltr'>Πρὸς</span> <span class='ocrx_word' id='word_1_605' title='bbox 2764 3777 2948 3832; x_wconf 82' lang='grc' dir='ltr'>ταῦτα</span> <span class='ocrx_word' id='word_1_606' title='bbox 2977 3778 3179 3842; x_wconf 74' lang='grc' dir='ltr'>λύσις.</span> 
     </span>
    </p>
   </div>
   <div class='ocr_carea' id='block_1_91' title="bbox 2179 3904 3684 3982">
    <p class='ocr_par' dir='ltr' id='par_1_91' title="bbox 2179 3904 3684 3982">
     <span class='ocr_line' id='line_1_91' title="bbox 2179 3904 3684 3982; baseline 0.002 -21"><span class='ocrx_word' id='word_1_607' title='bbox 2179 3910 2607 3980; x_wconf 83' lang='grc' dir='ltr'>Ἀντερωτητέον</span> <span class='ocrx_word' id='word_1_608' title='bbox 2637 3912 2763 3973; x_wconf 75' lang='grc' dir='ltr'>τοὺς</span> <span class='ocrx_word' id='word_1_609' title='bbox 2782 3911 3207 3982; x_wconf 81' lang='grc' dir='ltr'>χριστομάχους,</span> <span class='ocrx_word' id='word_1_610' title='bbox 3239 3912 3331 3964; x_wconf 69' lang='grc' dir='ltr'><strong>καὶ</strong></span> <span class='ocrx_word' id='word_1_611' title='bbox 3361 3911 3426 3964; x_wconf 77' lang='grc' dir='ltr'>δι’</span> <span class='ocrx_word' id='word_1_612' title='bbox 3450 3904 3524 3964; x_wconf 84' lang='grc' dir='ltr'>ὦν</span> <span class='ocrx_word' id='word_1_613' title='bbox 3544 3912 3684 3981; x_wconf 76' lang='grc' dir='ltr'>ἡμῖν</span> 
     </span>
    </p>
   </div>
   <div class='ocr_carea' id='block_1_92' title="bbox 2096 4001 3683 4073">
    <p class='ocr_par' dir='ltr' id='par_1_92' title="bbox 2096 4001 3683 4073">
     <span class='ocr_line' id='line_1_92' title="bbox 2096 4001 3683 4073; baseline 0.001 -20"><span class='ocrx_word' id='word_1_614' title='bbox 2096 4001 2473 4072; x_wconf 77' lang='grc' dir='ltr'>προτείνουσιν</span> <span class='ocrx_word' id='word_1_615' title='bbox 2507 4001 2755 4070; x_wconf 85' lang='grc' dir='ltr'>ἀμαθῶς,</span> <span class='ocrx_word' id='word_1_616' title='bbox 2796 4001 2883 4054; x_wconf 80' lang='grc' dir='ltr'>διὰ</span> <span class='ocrx_word' id='word_1_617' title='bbox 2904 4003 3110 4054; x_wconf 85' lang='grc' dir='ltr'>τούτων</span> <span class='ocrx_word' id='word_1_618' title='bbox 3146 4004 3329 4066; x_wconf 75' lang='grc' dir='ltr'>αὐτοῖς</span> <span class='ocrx_word' id='word_1_619' title='bbox 3362 4005 3683 4073; x_wconf 59' lang='grc' dir='ltr'>ὑπαντήσοψ</span> 
     </span>
    </p>
   </div>
   <div class='ocr_carea' id='block_1_93' title="bbox 2099 4093 3681 4166">
    <p class='ocr_par' dir='ltr' id='par_1_93' title="bbox 2099 4093 3681 4166">
     <span class='ocr_line' id='line_1_93' title="bbox 2099 4093 3681 4166; baseline 0.001 -20"><span class='ocrx_word' id='word_1_620' title='bbox 2099 4111 2219 4165; x_wconf 84' lang='grc' dir='ltr'>μεν,</span> <span class='ocrx_word' id='word_1_621' title='bbox 2249 4093 2348 4164; x_wconf 83' lang='grc' dir='ltr'>τὴν</span> <span class='ocrx_word' id='word_1_622' title='bbox 2378 4093 2500 4163; x_wconf 79' lang='grc' dir='ltr'>ἴσην</span> <span class='ocrx_word' id='word_1_623' title='bbox 2537 4095 2933 4163; x_wconf 88' lang='grc' dir='ltr'>ἀντεπάγοντες</span> <span class='ocrx_word' id='word_1_624' title='bbox 2960 4096 3243 4165; x_wconf 78' lang='grc' dir='ltr'>πρότασιν.</span> <span class='ocrx_word' id='word_1_625' title='bbox 3289 4096 3487 4149; x_wconf 75' lang='grc' dir='ltr'>Εἴπατε</span> <span class='ocrx_word' id='word_1_626' title='bbox 3517 4097 3681 4166; x_wconf 77' lang='grc' dir='ltr'>ἡμῖν·</span> 
     </span>
    </p>
   </div>
   <div class='ocr_carea' id='block_1_94' title="bbox 2108 4186 3681 4257">
    <p class='ocr_par' dir='ltr' id='par_1_94' title="bbox 2108 4186 3681 4257">
     <span class='ocr_line' id='line_1_94' title="bbox 2108 4186 3681 4257; baseline 0 -17"><span class='ocrx_word' id='word_1_627' title='bbox 2108 4187 2336 4255; x_wconf 81' lang='grc' dir='ltr'>Ἀγαθὸς</span> <span class='ocrx_word' id='word_1_628' title='bbox 2357 4188 2639 4257; x_wconf 77' lang='grc' dir='ltr'>καὶοίκτὶρ</span> <span class='ocrx_word' id='word_1_629' title='bbox 2649 4204 2785 4255; x_wconf 88' lang='grc' dir='ltr'>μων,</span> <span class='ocrx_word' id='word_1_630' title='bbox 2804 4186 3050 4257; x_wconf 76' lang='grc' dir='ltr'>ἐλεήμων</span> <span class='ocrx_word' id='word_1_631' title='bbox 3076 4206 3133 4240; x_wconf 88' lang='grc' dir='ltr'><strong>τε</strong></span> <span class='ocrx_word' id='word_1_632' title='bbox 3158 4190 3250 4241; x_wconf 74' lang='grc' dir='ltr'><strong>καὶ</strong></span> <span class='ocrx_word' id='word_1_633' title='bbox 3276 4189 3429 4256; x_wconf 75' lang='grc' dir='ltr'>ἅγιος</span> <span class='ocrx_word' id='word_1_634' title='bbox 3456 4190 3519 4241; x_wconf 80' lang='grc' dir='ltr'>ἐκ</span> <span class='ocrx_word' id='word_1_635' title='bbox 3547 4188 3681 4257; x_wconf 86' lang='grc' dir='ltr'>βου-</span> 
     </span>
    </p>
   </div>
   <div class='ocr_carea' id='block_1_95' title="bbox 2095 4276 3684 4351">
    <p class='ocr_par' dir='ltr' id='par_1_95' title="bbox 2095 4276 3684 4351">
     <span class='ocr_line' id='line_1_95' title="bbox 2095 4276 3684 4351; baseline 0.002 -20"><span class='ocrx_word' id='word_1_636' title='bbox 2095 4278 2303 4349; x_wconf 85' lang='grc' dir='ltr'>λήσεώς</span> <span class='ocrx_word' id='word_1_637' title='bbox 2328 4280 2475 4330; x_wconf 79' lang='grc' dir='ltr'>ἐστιν</span> <span class='ocrx_word' id='word_1_638' title='bbox 2499 4280 2527 4330; x_wconf 87' lang='grc' dir='ltr'>ὁ</span> <span class='ocrx_word' id='word_1_639' title='bbox 2549 4278 2699 4342; x_wconf 84' lang='grc' dir='ltr'>Θεὸς,</span> <span class='ocrx_word' id='word_1_640' title='bbox 2730 4280 2761 4350; x_wconf 86' lang='grc' dir='ltr'><strong>ἦ</strong></span> <span class='ocrx_word' id='word_1_641' title='bbox 2782 4279 2931 4350; x_wconf 73' lang='grc' dir='ltr'>παρὰ</span> <span class='ocrx_word' id='word_1_642' title='bbox 2955 4280 3238 4351; x_wconf 79' lang='grc' dir='ltr'>βούλησιν;</span> <span class='ocrx_word' id='word_1_643' title='bbox 3277 4281 3334 4334; x_wconf 73' lang='lat' dir='ltr'><strong>El</strong></span> <span class='ocrx_word' id='word_1_644' title='bbox 3363 4282 3459 4351; x_wconf 86' lang='grc' dir='ltr'><strong>μὲν</strong></span> <span class='ocrx_word' id='word_1_645' title='bbox 3486 4276 3581 4334; x_wconf 77' lang='grc' dir='ltr'><strong>οὖν</strong></span> <span class='ocrx_word' id='word_1_646' title='bbox 3611 4283 3684 4334; x_wconf 82' lang='grc' dir='ltr'>ὲκ</span> 
     </span>
    </p>
   </div>
   <div class='ocr_carea' id='block_1_96' title="bbox 2100 4368 3684 4442">
    <p class='ocr_par' dir='ltr' id='par_1_96' title="bbox 2100 4368 3684 4442">
     <span class='ocr_line' id='line_1_96' title="bbox 2100 4368 3684 4442; baseline 0.001 -22"><span class='ocrx_word' id='word_1_647' title='bbox 2100 4368 2422 4440; x_wconf 84' lang='grc' dir='ltr'>βουλήσεως,</span> <span class='ocrx_word' id='word_1_648' title='bbox 2450 4371 2481 4439; x_wconf 85' lang='grc' dir='ltr'><strong>ἡ</strong></span> <span class='ocrx_word' id='word_1_649' title='bbox 2512 4369 2569 4421; x_wconf 84' lang='grc' dir='ltr'><strong>δὲ</strong></span> <span class='ocrx_word' id='word_1_650' title='bbox 2599 4370 2851 4440; x_wconf 77' lang='grc' dir='ltr'>βούλησις</span> <span class='ocrx_word' id='word_1_651' title='bbox 2878 4372 3167 4442; x_wconf 81' lang='grc' dir='ltr'>προτρέχει</span> <span class='ocrx_word' id='word_1_652' title='bbox 3201 4373 3415 4435; x_wconf 87' lang='grc' dir='ltr'>πάντως</span> <span class='ocrx_word' id='word_1_653' title='bbox 3449 4372 3684 4425; x_wconf 76' lang='grc' dir='ltr'>ἐκείνων</span> 
     </span>
    </p>
   </div>
   <div class='ocr_carea' id='block_1_97' title="bbox 2100 4455 3683 4537">
    <p class='ocr_par' dir='ltr' id='par_1_97' title="bbox 2100 4455 3683 4537">
     <span class='ocr_line' id='line_1_97' title="bbox 2100 4455 3683 4537; baseline 0.003 -22"><span class='ocrx_word' id='word_1_654' title='bbox 2100 4463 2227 4533; x_wconf 74' lang='grc' dir='ltr'>περὶ</span> <span class='ocrx_word' id='word_1_655' title='bbox 2260 4455 2334 4514; x_wconf 86' lang='grc' dir='ltr'>ὧν</span> <span class='ocrx_word' id='word_1_656' title='bbox 2359 4462 2699 4531; x_wconf 74' lang='grc' dir='ltr'>καὶγίνεται,</span> <span class='ocrx_word' id='word_1_657' title='bbox 2724 4460 2789 4534; x_wconf 77' lang='grc' dir='ltr'>ἦν</span> <span class='ocrx_word' id='word_1_658' title='bbox 2814 4464 2923 4536; x_wconf 82' lang='grc' dir='ltr'>ἄρα</span> <span class='ocrx_word' id='word_1_659' title='bbox 2953 4467 3143 4536; x_wconf 84' lang='grc' dir='ltr'>χρόνος</span> <span class='ocrx_word' id='word_1_660' title='bbox 3171 4467 3260 4518; x_wconf 78' lang='grc' dir='ltr'><strong>ὅτε</strong></span> <span class='ocrx_word' id='word_1_661' title='bbox 3283 4467 3381 4519; x_wconf 71' lang='grc' dir='ltr'><strong>οὐκ</strong></span> <span class='ocrx_word' id='word_1_662' title='bbox 3403 4462 3471 4537; x_wconf 86' lang='grc' dir='ltr'>ἦν</span> <span class='ocrx_word' id='word_1_663' title='bbox 3500 4465 3683 4520; x_wconf 77' lang='grc' dir='ltr'>ταῦτα</span> 
     </span>
    </p>
   </div>
   <div class='ocr_carea' id='block_1_98' title="bbox 2098 4554 3682 4627">
    <p class='ocr_par' dir='ltr' id='par_1_98' title="bbox 2098 4554 3682 4627">
     <span class='ocr_line' id='line_1_98' title="bbox 2098 4554 3682 4627; baseline 0.001 -20"><span class='ocrx_word' id='word_1_664' title='bbox 2098 4555 2250 4618; x_wconf 86' lang='grc' dir='ltr'>Θεὸς,</span> <span class='ocrx_word' id='word_1_665' title='bbox 2266 4554 2345 4606; x_wconf 77' lang='grc' dir='ltr'>ἔτι</span> <span class='ocrx_word' id='word_1_666' title='bbox 2356 4554 2453 4625; x_wconf 81' lang='grc' dir='ltr'>τὴν</span> <span class='ocrx_word' id='word_1_667' title='bbox 2466 4572 2531 4606; x_wconf 83' lang='grc' dir='ltr'><strong>πε</strong></span> <span class='ocrx_word' id='word_1_668' title='bbox 2540 4556 2594 4625; x_wconf 72' lang='lat' dir='ltr'><strong>pl.</strong></span> <span class='ocrx_word' id='word_1_669' title='bbox 2610 4554 2788 4608; x_wconf 81' lang='grc' dir='ltr'>αὐτῶν</span> <span class='ocrx_word' id='word_1_670' title='bbox 2799 4557 2997 4626; x_wconf 76' lang='grc' dir='ltr'>σκέψιν</span> <span class='ocrx_word' id='word_1_671' title='bbox 3013 4557 3353 4627; x_wconf 77' lang='grc' dir='ltr'>ποιούμενος.</span> <span class='ocrx_word' id='word_1_672' title='bbox 3372 4558 3497 4610; x_wconf 82' lang='grc' dir='ltr'><strong>Εἰδὲ</strong></span> <span class='ocrx_word' id='word_1_673' title='bbox 3513 4557 3682 4609; x_wconf 81' lang='grc' dir='ltr'>ἀδου-</span> 
     </span>
    </p>
   </div>
   <div class='ocr_carea' id='block_1_99' title="bbox 2097 4644 3682 4717">
    <p class='ocr_par' dir='ltr' id='par_1_99' title="bbox 2097 4644 3682 4717">
     <span class='ocr_line' id='line_1_99' title="bbox 2097 4644 3682 4717; baseline 0.001 -20"><span class='ocrx_word' id='word_1_674' title='bbox 2097 4644 2271 4715; x_wconf 77' lang='grc' dir='ltr'>λήτως</span> <span class='ocrx_word' id='word_1_675' title='bbox 2307 4644 2509 4711; x_wconf 82' lang='grc' dir='ltr'>ἀγαθός</span> <span class='ocrx_word' id='word_1_676' title='bbox 2546 4646 2664 4698; x_wconf 81' lang='grc' dir='ltr'>ἐστι</span> <span class='ocrx_word' id='word_1_677' title='bbox 2696 4647 2788 4698; x_wconf 74' lang='grc' dir='ltr'><strong>καὶ</strong></span> <span class='ocrx_word' id='word_1_678' title='bbox 2839 4646 3085 4717; x_wconf 81' lang='grc' dir='ltr'>ἐλεήμων</span> <span class='ocrx_word' id='word_1_679' title='bbox 3117 4647 3268 4716; x_wconf 82' lang='grc' dir='ltr'><strong>παρά</strong></span> <span class='ocrx_word' id='word_1_680' title='bbox 3298 4647 3541 4716; x_wconf 80' lang='grc' dir='ltr'>γνώμην,</span> <span class='ocrx_word' id='word_1_681' title='bbox 3565 4646 3682 4716; x_wconf 80' lang='grc' dir='ltr'>ἄρα</span> 
     </span>
    </p>
   </div>
   <div class='ocr_carea' id='block_1_100' title="bbox 2097 4735 3682 4808">
    <p class='ocr_par' dir='ltr' id='par_1_100' title="bbox 2097 4735 3682 4808">
     <span class='ocr_line' id='line_1_100' title="bbox 2097 4735 3682 4808; baseline 0.001 -20"><span class='ocrx_word' id='word_1_682' title='bbox 2097 4735 2255 4788; x_wconf 83' lang='grc' dir='ltr'>τοῦτό</span> <span class='ocrx_word' id='word_1_683' title='bbox 2290 4739 2405 4789; x_wconf 78' lang='grc' dir='ltr'>ἐστι</span> <span class='ocrx_word' id='word_1_684' title='bbox 2468 4738 2561 4789; x_wconf 70' lang='grc' dir='ltr'>καὶ</span> <span class='ocrx_word' id='word_1_685' title='bbox 2595 4736 2655 4802; x_wconf 76' lang='grc' dir='ltr'><strong>ἐξ</strong></span> <span class='ocrx_word' id='word_1_686' title='bbox 2704 4738 2971 4808; x_wconf 84' lang='grc' dir='ltr'>ἀνάγκης.</span> <span class='ocrx_word' id='word_1_687' title='bbox 3033 4740 3141 4792; x_wconf 71' lang='grc' dir='ltr'><strong>Καὶ</strong></span> <span class='ocrx_word' id='word_1_688' title='bbox 3175 4740 3256 4802; x_wconf 85' lang='grc' dir='ltr'><strong>τίς</strong></span> <span class='ocrx_word' id='word_1_689' title='bbox 3301 4741 3446 4791; x_wconf 82' lang='grc' dir='ltr'>ἐστιν</span> <span class='ocrx_word' id='word_1_690' title='bbox 3498 4740 3526 4789; x_wconf 89' lang='grc' dir='ltr'>ὁ</span> <span class='ocrx_word' id='word_1_691' title='bbox 3576 4739 3682 4807; x_wconf 80' lang='grc' dir='ltr'>τὴν</span> 
     </span>
    </p>
   </div>
   <div class='ocr_carea' id='block_1_101' title="bbox 2097 4827 3683 4900">
    <p class='ocr_par' dir='ltr' id='par_1_101' title="bbox 2097 4827 3683 4900">
     <span class='ocr_line' id='line_1_101' title="bbox 2097 4827 3683 4900; baseline -0.001 -19"><span class='ocrx_word' id='word_1_692' title='bbox 2097 4828 2343 4898; x_wconf 86' lang='grc' dir='ltr'>ἀνάγκην</span> <span class='ocrx_word' id='word_1_693' title='bbox 2380 4827 2585 4891; x_wconf 79' lang='grc' dir='ltr'>ἐπιθεὶς</span> <span class='ocrx_word' id='word_1_694' title='bbox 2613 4829 2782 4899; x_wconf 82' lang='grc' dir='ltr'>αὐτῷ,</span> <span class='ocrx_word' id='word_1_695' title='bbox 2841 4829 2964 4882; x_wconf 79' lang='grc' dir='ltr'>καθ’</span> <span class='ocrx_word' id='word_1_696' title='bbox 2985 4830 3165 4900; x_wconf 82' lang='grc' dir='ltr'>ὑμῶν;</span> <span class='ocrx_word' id='word_1_697' title='bbox 3195 4830 3471 4883; x_wconf 80' lang='grc' dir='ltr'>Δέδεικται</span> <span class='ocrx_word' id='word_1_698' title='bbox 3495 4829 3683 4880; x_wconf 79' lang='grc' dir='ltr'>τοίνυν</span> 
     </span>
    </p>
   </div>
   <div class='ocr_carea' id='block_1_102' title="bbox 2101 4920 3683 4992">
    <p class='ocr_par' dir='ltr' id='par_1_102' title="bbox 2101 4920 3683 4992">
     <span class='ocr_line' id='line_1_102' title="bbox 2101 4920 3683 4992; baseline 0 -19"><span class='ocrx_word' id='word_1_699' title='bbox 2101 4921 2308 4991; x_wconf 85' lang='grc' dir='ltr'>μωρίας</span> <span class='ocrx_word' id='word_1_700' title='bbox 2330 4922 2632 4990; x_wconf 81' lang='grc' dir='ltr'>ἀνάμεστος</span> <span class='ocrx_word' id='word_1_701' title='bbox 2663 4924 2696 4991; x_wconf 77' lang='grc' dir='ltr'>ἡ</span> <span class='ocrx_word' id='word_1_702' title='bbox 2724 4922 2851 4992; x_wconf 84' lang='grc' dir='ltr'>παρ’</span> <span class='ocrx_word' id='word_1_703' title='bbox 2871 4923 3013 4992; x_wconf 81' lang='grc' dir='ltr'>ὑμᾶς</span> <span class='ocrx_word' id='word_1_704' title='bbox 3045 4922 3327 4992; x_wconf 86' lang='grc' dir='ltr'>πρότασις,</span> <span class='ocrx_word' id='word_1_705' title='bbox 3352 4922 3444 4975; x_wconf 78' lang='grc' dir='ltr'><strong>καὶ</strong></span> <span class='ocrx_word' id='word_1_706' title='bbox 3471 4920 3683 4988; x_wconf 84' lang='grc' dir='ltr'>ἀγαθὸν</span> 
     </span>
    </p>
   </div>
   <div class='ocr_carea' id='block_1_103' title="bbox 2097 5013 2842 5085">
    <p class='ocr_par' dir='ltr' id='par_1_103' title="bbox 2097 5013 2842 5085">
     <span class='ocr_line' id='line_1_103' title="bbox 2097 5013 2842 5085; baseline 0.001 -20"><span class='ocrx_word' id='word_1_707' title='bbox 2097 5013 2247 5065; x_wconf 77' lang='grc' dir='ltr'>οὐδὲν</span> <span class='ocrx_word' id='word_1_708' title='bbox 2278 5013 2607 5083; x_wconf 82' lang='grc' dir='ltr'>εἰσφέρουσα</span> <span class='ocrx_word' id='word_1_709' title='bbox 2644 5014 2842 5085; x_wconf 87' lang='grc' dir='ltr'>νόημα.</span> 
     </span>
    </p>
   </div>
   <div class='ocr_carea' id='block_1_104' title="bbox 2533 5141 3226 5211">
    <p class='ocr_par' dir='ltr' id='par_1_104' title="bbox 2533 5141 3226 5211">
     <span class='ocr_line' id='line_1_104' title="bbox 2533 5141 3226 5211; baseline 0.003 -18"><span class='ocrx_word' id='word_1_710' title='bbox 2533 5142 2738 5206; x_wconf 83' lang='grc' dir='ltr'><strong>ΑΛΛΟ,</strong></span> <span class='ocrx_word' id='word_1_711' title='bbox 2771 5141 3226 5211; x_wconf 78' lang='grc' dir='ltr'>διηγηματικῶς.</span> 
     </span>
    </p>
   </div>
   <div class='ocr_carea' id='block_1_105' title="bbox 2181 5255 3681 5327">
    <p class='ocr_par' dir='ltr' id='par_1_105' title="bbox 2181 5255 3681 5327">
     <span class='ocr_line' id='line_1_105' title="bbox 2181 5255 3681 5327; baseline 0.002 -19"><span class='ocrx_word' id='word_1_712' title='bbox 2181 5256 2303 5308; x_wconf 77' lang='grc' dir='ltr'><strong>Ἐπὶ</strong></span> <span class='ocrx_word' id='word_1_713' title='bbox 2356 5255 2463 5309; x_wconf 83' lang='grc' dir='ltr'><strong>τῶν</strong></span> <span class='ocrx_word' id='word_1_714' title='bbox 2512 5256 2652 5310; x_wconf 73' lang='grc' dir='ltr'>κατὰ</span> <span class='ocrx_word' id='word_1_715' title='bbox 2715 5255 2876 5324; x_wconf 82' lang='grc' dir='ltr'>φύσιν</span> <span class='ocrx_word' id='word_1_716' title='bbox 2914 5257 2975 5308; x_wconf 84' lang='grc' dir='ltr'><strong>οὐ</strong></span> <span class='ocrx_word' id='word_1_717' title='bbox 3035 5258 3353 5326; x_wconf 84' lang='grc' dir='ltr'>προηγεῖται</span> <span class='ocrx_word' id='word_1_718' title='bbox 3396 5256 3681 5327; x_wconf 73' lang='grc' dir='ltr'>βούλησις,</span> 
     </span>
    </p>
   </div>
   <div class='ocr_carea' id='block_1_106' title="bbox 2100 5348 3683 5420">
    <p class='ocr_par' dir='ltr' id='par_1_106' title="bbox 2100 5348 3683 5420">
     <span class='ocr_line' id='line_1_106' title="bbox 2100 5348 3683 5420; baseline 0.001 -18"><span class='ocrx_word' id='word_1_719' title='bbox 2100 5352 2269 5420; x_wconf 88' lang='grc' dir='ltr'>χωρεῖ</span> <span class='ocrx_word' id='word_1_720' title='bbox 2304 5348 2359 5402; x_wconf 86' lang='grc' dir='ltr'>δὲ</span> <span class='ocrx_word' id='word_1_721' title='bbox 2397 5348 2555 5418; x_wconf 84' lang='grc' dir='ltr'>μόνον</span> <span class='ocrx_word' id='word_1_722' title='bbox 2600 5349 2694 5401; x_wconf 76' lang='grc' dir='ltr'>ἐπὶ</span> <span class='ocrx_word' id='word_1_723' title='bbox 2746 5348 2856 5401; x_wconf 86' lang='grc' dir='ltr'>τῶν</span> <span class='ocrx_word' id='word_1_724' title='bbox 2920 5348 3119 5415; x_wconf 82' lang='grc' dir='ltr'>ἔξωθεν</span> <span class='ocrx_word' id='word_1_725' title='bbox 3150 5349 3250 5418; x_wconf 85' lang='grc' dir='ltr'>τῆς</span> <span class='ocrx_word' id='word_1_726' title='bbox 3284 5350 3471 5413; x_wconf 81' lang='grc' dir='ltr'>οὐσίας</span> <span class='ocrx_word' id='word_1_727' title='bbox 3503 5350 3683 5404; x_wconf 75' lang='grc' dir='ltr'>ὄντων</span> 
     </span>
    </p>
   </div>
   <div class='ocr_carea' id='block_1_107' title="bbox 2098 5434 3682 5512">
    <p class='ocr_par' dir='ltr' id='par_1_107' title="bbox 2098 5434 3682 5512">
     <span class='ocr_line' id='line_1_107' title="bbox 2098 5434 3682 5512; baseline 0.003 -20"><span class='ocrx_word' id='word_1_728' title='bbox 2098 5440 2191 5492; x_wconf 81' lang='grc' dir='ltr'>τοῦ</span> <span class='ocrx_word' id='word_1_729' title='bbox 2242 5440 2649 5510; x_wconf 81' lang='grc' dir='ltr'>βουλευομένου.</span> <span class='ocrx_word' id='word_1_730' title='bbox 2673 5434 2797 5494; x_wconf 71' lang='grc' dir='ltr'>Οἷον</span> <span class='ocrx_word' id='word_1_731' title='bbox 2839 5441 2969 5511; x_wconf 85' lang='grc' dir='ltr'>φέρε</span> <span class='ocrx_word' id='word_1_732' title='bbox 2997 5443 3189 5494; x_wconf 77' lang='grc' dir='ltr'>εἰπεῖν’</span> <span class='ocrx_word' id='word_1_733' title='bbox 3233 5443 3554 5512; x_wconf 78' lang='grc' dir='ltr'>’Δμπελῶνά</span> <span class='ocrx_word' id='word_1_734' title='bbox 3588 5461 3682 5508; x_wconf 84' lang='grc' dir='ltr'><strong>τις</strong></span> 
     </span>
    </p>
   </div>
   <div class='ocr_carea' id='block_1_108' title="bbox 2101 5531 3679 5604">
    <p class='ocr_par' dir='ltr' id='par_1_108' title="bbox 2101 5531 3679 5604">
     <span class='ocr_line' id='line_1_108' title="bbox 2101 5531 3679 5604; baseline 0.002 -21"><span class='ocrx_word' id='word_1_735' title='bbox 2101 5531 2397 5600; x_wconf 82' lang='grc' dir='ltr'>φυτεύει,ἢ</span> <span class='ocrx_word' id='word_1_736' title='bbox 2440 5534 2796 5601; x_wconf 80' lang='grc' dir='ltr'>ναυπηγεῖται</span> <span class='ocrx_word' id='word_1_737' title='bbox 2827 5533 3053 5601; x_wconf 82' lang='grc' dir='ltr'>σκάφος,</span> <span class='ocrx_word' id='word_1_738' title='bbox 3077 5532 3502 5603; x_wconf 84' lang='grc' dir='ltr'>βουλευσάμενος</span> <span class='ocrx_word' id='word_1_739' title='bbox 3532 5536 3679 5604; x_wconf 84' lang='grc' dir='ltr'>πρό-</span> 
     </span>
    </p>
   </div>
   <div class='ocr_carea' id='block_1_109' title="bbox 2098 5621 3681 5693">
    <p class='ocr_par' dir='ltr' id='par_1_109' title="bbox 2098 5621 3681 5693">
     <span class='ocr_line' id='line_1_109' title="bbox 2098 5621 3681 5693; baseline -0.001 -18"><span class='ocrx_word' id='word_1_740' title='bbox 2098 5640 2256 5693; x_wconf 87' lang='grc' dir='ltr'>τερον</span> <span class='ocrx_word' id='word_1_741' title='bbox 2289 5624 2414 5693; x_wconf 79' lang='grc' dir='ltr'>περὶ</span> <span class='ocrx_word' id='word_1_742' title='bbox 2440 5622 2641 5676; x_wconf 57' lang='grc' dir='ltr'>αὐτῶν</span> <span class='ocrx_word' id='word_1_743' title='bbox 2698 5621 2943 5676; x_wconf 81' lang='grc' dir='ltr'>τίκτεται</span> <span class='ocrx_word' id='word_1_744' title='bbox 3001 5622 3058 5675; x_wconf 81' lang='grc' dir='ltr'><strong>δὲ</strong></span> <span class='ocrx_word' id='word_1_745' title='bbox 3122 5623 3263 5675; x_wconf 80' lang='grc' dir='ltr'>κατὰ</span> <span class='ocrx_word' id='word_1_746' title='bbox 3323 5624 3487 5691; x_wconf 78' lang='grc' dir='ltr'>φύσιν</span> <span class='ocrx_word' id='word_1_747' title='bbox 3516 5623 3579 5674; x_wconf 85' lang='grc' dir='ltr'>τὸ</span> <span class='ocrx_word' id='word_1_748' title='bbox 3612 5624 3681 5691; x_wconf 76' lang='grc' dir='ltr'>ἐξ</span> 
     </span>
    </p>
   </div>
   <div class='ocr_carea' id='block_1_110' title="bbox 2101 5711 3676 5783">
    <p class='ocr_par' dir='ltr' id='par_1_110' title="bbox 2101 5711 3676 5783">
     <span class='ocr_line' id='line_1_110' title="bbox 2101 5711 3676 5783; baseline 0.001 -18"><span class='ocrx_word' id='word_1_749' title='bbox 2101 5711 2393 5781; x_wconf 77' lang='grc' dir='ltr'>ἀνθρώπου</span> <span class='ocrx_word' id='word_1_750' title='bbox 2430 5711 2657 5775; x_wconf 76' lang='grc' dir='ltr'>παιδίον,</span> <span class='ocrx_word' id='word_1_751' title='bbox 2676 5711 2930 5781; x_wconf 71' lang='grc' dir='ltr'>οὐδεμιᾶς</span> <span class='ocrx_word' id='word_1_752' title='bbox 2951 5712 3306 5783; x_wconf 73' lang='grc' dir='ltr'>ἡγησαμένης</span> <span class='ocrx_word' id='word_1_753' title='bbox 3338 5711 3676 5782; x_wconf 74' lang='grc' dir='ltr'>βουλήσεως.</span> 
     </span>
    </p>
   </div>
  </div>
