3876 6208
271 291 343 350 89
1675 296 2123 356 THESAURUS.
3465 294 3545 353 ει)

269 412 339 467 ΕΖ
364 430 449 477 τις
475 406 570 466 οὖν
591 414 740 482 λέγοι
768 416 931 485 τυχὸν
955 416 1049 470 ἐπί
1077 433 1222 480 τινος
1273 415 1382 470 τῶν
1433 416 1739 489 ἀνθρώπων
1767 418 1851 470 ὃτι

1975 431 2105 472 asse
2170 416 2315 473 dicat
2392 418 2457 472 de
2520 416 2701 486 aliquo
2766 415 3048 475 hominum
3108 414 3253 483 quod
3337 422 3536 482 praeter

271 505 425 574 παρὰ
482 504 739 577 βούλησιν
790 507 947 581 ἔσχεν
994 509 1150 570 υἱὸν,
1197 509 1272 580 μὴ
1316 510 1478 573 εὐθὺς
1530 512 1625 563 ἐπὶ
1684 510 1745 563 τὸ
1791 510 1851 575 ἐξ

1975 512 2286 567 voluntatem
2349 510 2517 566 tilium
2584 512 2795 577 habuit,
2862 525 2931 567 ne
2986 509 3172 562 statim
3223 506 3289 562 ad
3343 520 3534 563 neces-

271 595 519 667 ἀνάγκης
555 597 817 666 τρεχέτω·
853 599 914 650 οὑ
944 598 1052 670 γὰρ
1092 600 1157 655 ἐκ
1190 618 1335 664 τινος
1373 602 1619 672 ἀνάγκης
1650 602 1807 672 ἔσχεν
1832 618 1845 630 ’

1975 604 2171 660 ιῖιειειιι
2236 602 2518 674 confugiat
2565 622 2577 656 :
2650 618 2827 673 neque
2882 603 3028 658 enim
3082 599 3394 656 necessario
3449 599 3541 652 ha-

267 686 384 739 ἀλλ’
417 688 598 758 ὁράτω
623 689 825 757 μᾶλλον
853 691 934 743 ὃτι
964 692 1072 763 τῶν
1099 694 1163 746 ἐκ
1192 693 1403 762 φύσεως
1426 695 1486 746 οὑ
1520 696 1847 766 προηγεῖται

1975 697 2102 764 iuit,
2157 695 2248 751 sed
2310 697 2493 765 potius
2543 696 2845 767 intelligat,
2898 696 2953 749 in
3026 691 3363 749 naturalibus
3431 705 3540 745 non

269 777 544 848 βούλησις.
591 780 765 835 Ἐκὼν
787 784 896 854 γάρ
922 801 1007 848 τις
1062 787 1243 857 γεννᾷ,
1287 785 1542 856 οὐδεμιᾶς
1569 787 1699 856 περὶ
1731 787 1853 840 τού-

1975 788 2258 844 πιεοεάθτθ
2290 787 2755 843 deliberationem.
2814 786 3021 857 Sponte
3070 784 3217 841 enim
3267 783 3539 853 quispiam

264 886 361 922 του
389 872 809 945 προηγουμένης
842 874 1170 945 βουλήσεως.
1212 877 1465 947 Θελητῶς
1504 874 1597 931 οὖν
1622 878 1731 950 ἄρα
1757 878 1853 933 καὶ

1975 892 2196 951 generat,
2216 881 2357 935 nulla
2385 881 2778 936 deliberatione
2803 880 3167 950 praecedente.
3201 876 3405 945 Sponte
3430 875 3540 946 igi-

266 962 582 1033 ἁ6ουλήτως
604 965 839 1038 ὑπάρχει
864 969 956 1022 καὶ
978 971 1006 1021 6
1032 969 1204 1037 Λόγος
1243 972 1300 1023 ὲν
1336 970 1413 1041 τῷ
1435 971 1630 1044 Πατρὶ,
1665 971 1854 1044 ὥσπερ

1975 985 2125 1032 uret
2150 976 2290 1032 citra
2345 974 2795 1031 deliberationem
2835 985 2917 1030 est
2959 972 3196 1029 Verbum
3250 972 3307 1027 in
3356 967 3539 1032 Pa'tre,

266 1056 419 1109 ἐστὶν
445 1059 501 1109 ὲν
534 1058 806 1130 ἀνθρώπῳ
831 1062 892 1114 τὸ
916 1061 973 1128 ἐξ
1005 1062 1203 1117 ἑαυτοῦ
1238 1063 1472 1119 παιδίον.

1975 1069 2409 1141 juctnadmodum
2441 1076 2526 1123 est
2564 1068 2619 1124 in
2654 1066 2874 1124 homine
2893 1066 3011 1134 ejus
3045 1063 3248 1119 proles.

2640 1259 2872 1320 ALIUD.

2033 1380 2087 1434 Si
2123 1378 2443 1433 naturaliter
2465 1379 2641 1435 bonus
2672 1388 2758 1435 est
2806 1380 2951 1435 Deus
3001 1393 3062 1433 ac
3086 1377 3268 1439 Pater.
3298 1394 3404 1431 non
3472 1391 3538 1432 ex

960 1269 1166 1322 ΛΛΛΟ.

346 1376 408 1430 Εἰ
441 1379 580 1432 κατὰ
615 1378 775 1448 φύσιν
808 1381 1011 1447 ἀγαθός
1061 1383 1209 1435 ἐστιν
1239 1384 1266 1435 6
1296 1383 1429 1446 Θεὸς
1475 1385 1569 1437 καὶ
1625 1384 1815 1455 Πατὴρ
1838 1422 1856 1449 ,

270 1470 372 1524 οὑκ
400 1471 463 1523 ὲκ
490 1470 815 1542 βουλήσεως,
855 1475 942 1528 ἵνα
977 1475 1053 1545 μὴ
1098 1475 1360 1547 φαίνηται
1398 1477 1609 1547 χρόνος,
1639 1478 1729 1532 ὅτε
1757 1479 1859 1531 οὑκ

1975 1473 2254 1541 voluntate,
2284 1488 2352 1529 ne
2374 1472 2621 1527 videatur
2636 1470 2856 1542 aliquod
2885 1479 3098 1541 tempus
3135 1469 3302 1524 fuisse
3329 1472 3547 1539 quando

268 1558 340 1635 ἦν
363 1562 541 1627 τοῦτο,
584 1563 705 1617 καθ’
760 1564 819 1617 ὃν
850 1561 916 1636 ἦν
951 1566 1226 1638 βούλησις,
1274 1568 1334 1620 οὑ
1392 1568 1652 1640 βουλήσει
1695 1570 1859 1640 γεννᾷ

1975 1583 2063 1621 uoc
2093 1567 2269 1635 ipsum
2309 1579 2413 1621 non
2443 1566 2658 1629 erat,in
2681 1580 2790 1635 quo
2823 1562 2990 1620 (iebat
3023 1562 3368 1625 deliberatio,
3434 1577 3540 1615 non

268 1656 363 1708 τὸν
402 1655 563 1721 Υἰὸν,
606 1656 743 1711 ἀλλὰ
792 1656 973 1726 φύσει.
1012 1658 1222 1730 Πρέπει
1283 1660 1391 1732 γάρ
1445 1661 1648 1732 μᾶλλον
1700 1659 1859 1715 τοῦτο

1975 1658 2236 1713 roluntate
2261 1665 2484 1726 generat
2516 1656 2735 1721 Filium,
2764 1656 2858 1712 sed
2890 1663 3109 1713 natura.
3144 1653 3259 1709 Hoc
3294 1655 3439 1708 enim
3493 1652 3542 1707 ei

267 1746 442 1818 αὑτῷ.

1975 1751 2371 1808 :unvenientius
2398 1758 2501 1807 est.

967 1864 1175 1918 AAAO.

352 1976 687 2049 Ἐρωτητέον
725 1980 852 2042 τοὺς
899 1980 1322 2051 χριστομάχους,
1355 1980 1403 2032 εί
1455 1978 1619 2041 αὑτὸς
1666 1979 1695 2031 6
1751 1974 1847 2028 τοῦ

266 2068 445 2138 Λόγου
481 2070 672 2141 Πατὴρ
701 2073 765 2123 ἐκ
794 2071 1102 2142 βουλήσεως
1130 2071 1387 2141 ὑπάρχει,
1416 2070 1449 2141 ἦ
1480 2069 1631 2141 παρὰ
1665 2067 1858 2138 βούλη-

268 2179 356 2215 σιν
381 2161 599 2217 ἑαυτοῦ.
654 2163 717 2215 Εἰ
750 2164 849 2231 μὲν
877 2160 969 2217 οὖν
1000 2167 1064 2217 ἐκ
1114 2164 1442 2234 βουλήσεως,
1492 2162 1854 2235 προηγεῖσθαι

266 2254 325 2307 δὲ
349 2253 564 2324 ἀνάγκη
598 2256 697 2325 τῆς
753 2257 1041 2327 ὑπάρξεως
1085 2256 1186 2327 τὴν
1240 2256 1517 2326 βούλησιν,
1574 2254 1764 2308 σιωπῶ
1792 2256 1856 2308 τὸ

266 2344 571 2415 δύσφημον⁸
595 2348 642 2399 εἰ
665 2345 721 2398 δὲ
746 2348 898 2417 παρὰ
923 2347 1197 2418 βούλησιν,
1218 2346 1275 2412 ἐξ
1301 2348 1546 2416 ἀνάγκης
1567 2347 1674 2417 ἄρα
1697 2345 1857 2399 τοῦτό

267 2439 436 2502 ἐστιν,
475 2439 612 2510 ὅπερ
649 2439 905 2511 ὑπάρχει.
941 2440 1049 2494 Καὶ
1078 2440 1163 2504 τίς
1186 2442 1214 2494 6
1253 2440 1351 2510 τὴν
1373 2439 1621 2508 ἀνάγκην
1647 2439 1856 2501 ἐπιθεὶς

268 2530 459 2599 αὑτῷ;
497 2533 559 2585 Εἰ
583 2533 639 2586 δὲ
678 2534 914 2605 ὑπάρχει
948 2533 1048 2603 μὲν
1086 2536 1115 2587 6
1159 2532 1368 2604 Πατὴρ,
1416 2532 1516 2585 οὑκ
1565 2533 1627 2585 ὲκ
1657 2530 1857 2602 βουλή-

271 2640 414 2687 σεως
438 2626 515 2687 δὲ,
538 2624 659 2679 οὑτε
693 2628 799 2696 μὴν
831 2626 983 2697 παρὰ
1012 2625 1288 2697 βούλησιν.
1321 2628 1349 2679 6
1392 2624 1556 2687 αὐτὸς
1583 2624 1856 2693 κρατείτω

268 2716 424 2787 λόγος
456 2719 911 2789 άπεριεργάστως
940 2720 1033 2773 καὶ
1095 2721 1180 2789 ἐφ’
1205 2718 1359 2772 Υἱοῦ.
1416 2717 1721 2782 Ἑξετάζειν
1750 2718 1857 2786 γὰρ

266 2812 338 2867 τὰ
373 2812 599 2866 τοιαῦτα
629 2812 1015 2883 ῥιψοκινδύνως
1035 2813 1134 2867 οὑκ
1158 2809 1473 2865 ἀκόλουθον.
1500 2809 1619 2878 Χρὴ
1644 2808 1698 2860 δὲ
1731 2809 1859 2878 μᾶλ-

265 2906 361 2959 λον
378 2905 675 2969 ἀκούοντας
710 2906 839 2979 περὶ
868 2905 1005 2959 Θεοῦ
1055 2906 1275 2965 εἰδέναι,
1303 2906 1386 2957 ὃτι
1433 2903 1596 2965 αὑτός
1625 2904 1775 2954 ἐστιν
1825 2904 1856 2955 ὁ

265 2998 375 3067 ὢν,
403 3000 503 3054 οὑκ
558 3000 735 3071 ἀρχήν
767 3017 888 3053 τινα
931 2999 1022 3053 τοῦ
1082 2995 1223 3051 εἶναι
1272 2997 1475 3061 λαϐὼν,
1529 2995 1641 3049 ἀλλ’
1693 2994 1857 3057 αὐτὸς

264 3093 381 3156 τοῖς
413 3092 591 3155 ἄλλοις
617 3092 762 3165 ἀρχὴ
793 3092 886 3145 τοῦ
921 3086 1060 3145 εἶναι
1090 3091 1396 3160 γενόμενος.

731 3295 938 3359 ΑΛΛΟ,
969 3292 1427 3363 διηγηματικῶς.

346 3410 581 3462 Ἄτοπον
611 3409 820 3479 σφόδρα
855 3410 947 3462 καὶ
981 3409 1319 3463 ἐπικίνδυνον
1369 3410 1453 3478 ἐφ’
1496 3408 1627 3462 Υἱοῦ
1680 3409 1861 3474 λέγειν

268 3500 354 3563 τὸ,
385 3501 642 3571 Βουλήσει
668 3501 776 3572 ἄρα
804 3501 837 3572 ἢ
874 3502 1021 3572 παρὰ
1048 3500 1304 3573 βούλησιν
1342 3502 1631 3573 ἐγεννήθη.
1653 3503 1712 3554 Ὀ
1752 3502 1860 3574 γὰρ

268 3593 374 3645 οὑκ
393 3593 458 3644 ἐκ
486 3591 791 3663 βουλήσεως
828 3592 1090 3663 ὑπάρχων
1122 3592 1276 3655 Θεὸς,
1308 3593 1411 3646 οὑκ
1441 3595 1504 3645 ὲκ
1553 3591 1861 3664 βουλήσεως

271 3681 387 3751 ἔχει
422 3681 514 3734 τὸν
570 3682 636 3734 ὲκ
676 3681 774 3751 τῆς
826 3680 1013 3745 οὐσίας
1074 3680 1238 3734 αὑτοῦ
1299 3681 1636 3753 προελθόντα
1668 3682 1858 3751 Λόγον,

270 3773 413 3828 ἀλλά
450 3772 717 3842 φυσικῶς.
759 3774 859 3843 Ετη
895 3773 1002 3844 γὰρ
1030 3773 1126 3827 καὶ
1154 3771 1327 3837 οὑτως
1358 3773 1523 3827 εἰκὼν
1547 3773 1714 3826 αὑτοῦ
1766 3773 1862 3826 καὶ

270 3866 562 3938 χαρακτὴρ
591 3866 652 3919 οὑ
680 3866 1089 3936 διεψευσμένος.

962 3979 1170 4034 ΑΛΛΟ.

344 4088 409 4140 Εἰ
438 4087 691 4158 βούλησις
722 4089 816 4144 καὶ
838 4090 1027 4161 σκέψις
1062 4094 1389 4163 προηγεῖται
1427 4092 1528 4161 τῆς
1569 4090 1861 4164 ὑπάρξεως

270 4180 368 4234 τοῦ
400 4181 550 4246 Υίοῦ,
585 4182 690 4235 eos
719 4182 849 4245 Υἱὸς
878 4184 1039 4251 σοφία
1094 4184 1188 4236 καὶ
1236 4185 1408 4252 Λόγος
1454 4186 1570 4237 ἐστὶ
1608 4182 1703 4236 τοῦ
1751 4184 1863 4236 Πα-

270 4277 426 4346 τρδς,
453 4275 573 4339 πῶς
602 4274 850 4327 ἐϐούλετο
869 4276 897 4328 6
921 4276 1051 4341 Θεὸς
1074 4276 1267 4346 άλογός
1295 4296 1355 4331 τε
1381 4279 1473 4331 καὶ
1528 4278 1731 4348 ἄσοφος
1760 4278 1858 4345 ὢν,

275 4368 401 4423 καθ’
428 4370 606 4440 ὑμᾶς;
639 4368 806 4423 Οὑπω
835 4368 945 4440 γὰρ
976 4365 1043 4440 ἦν
1063 4372 1091 4423 ὁ
1121 4370 1268 4434 Υἱὸς,
1305 4371 1385 4424 ἔτι
1409 4373 1511 4443 τῆς
1534 4375 1665 4443 περὶ
1688 4371 1857 4426 αὑτοῦ

274 4461 570 4531 γινομένης
626 4461 887 4530 σκέψεως.
947 4462 1071 4526 Πῶς
1107 4461 1164 4515 δὲ
1194 4463 1295 4516 οὑκ
1348 4463 1548 4517 ἄτοπον
1579 4464 1854 4536 εἰσφέρειν

2631 1862 2861 1918 ALIUD.

2020 1978 2391 2048 Interrogandi
2427 1987 2555 2033 sunt
2582 1978 2768 2032 hostes
2802 1974 3034 2039 Christi,
3068 1990 3200 2029 num
3246 1974 3364 2044 ipse
3386 1971 3546 2028 Verbi

1957 2074 2118 2129 Pater
2152 2075 2427 2128 voluntate
2456 2073 2707 2137 exsistat,
2742 2088 2808 2125 an
2852 2080 3049 2140 praeter
3092 2086 3247 2124 suam
3301 2069 3548 2123 volunta~

1961 2167 2105 2221 tem?
2133 2166 2263 2220 Nam
2297 2168 2340 2219 si
2373 2180 2439 2219 ex
2475 2164 2776 2225 voluntate,
2808 2171 2863 2216 et
2897 2176 3121 2216 necesse
3165 2172 3248 2215 est
3302 2161 3549 2216 volunta-

1960 2269 2066 2314 tem
2102 2260 2338 2328 priorem
2368 2256 2538 2310 fuisse
2574 2254 2914 2316 exsistentia,
2974 2262 3130 2307 taceo
3155 2251 3549 2321 blasphemiam

1958 2366 2078 2423 quae
2107 2350 2231 2404 inde
2258 2330 2552 2419 sequetur;
2576 2348 2619 2400 si
2652 2356 2850 2415 praeter
2868 2345 3227 2407 voluntatem,
3258 2358 3325 2397 ex
3356 2357 3549 2396 neces-

1957 2444 2118 2500 sitate
2150 2442 2316 2509 igitur
2342 2450 2429 2495 est
2478 2439 2529 2495 id
2556 2440 2699 2507 quod
2751 2449 2857 2493 est.
2894 2438 2965 2492 At
2989 2437 3112 2506 quis
3160 2437 3208 2490 ei
3250 2438 3550 2489 necessita-

1959 2547 2067 2593 tem
2096 2534 2382 2605 imposuit?
2405 2532 2514 2605 54
2547 2534 2603 2588 Si
2626 2548 2751 2587 vero
2811 2529 3029 2586 exsistit
3092 2529 3310 2599 quidem
3363 2526 3547 2590 Pater,

1958 2644 2134 2697 neque
2159 2642 2226 2681 ex
2255 2628 2554 2691 voluntate,
2597 2640 2769 2693 neque
2817 2634 3016 2693 printer
3070 2621 3429 2687 voluntatem,
3457 2634 3551 2675 ea-

1959 2723 2080 2776 dem
2113 2733 2246 2774 sane
2287 2719 2425 2774 ratio
2451 2718 2695 2773 obtineat
2723 2716 2959 2770 etiamin
2987 2714 3144 2769 Filio.
3188 2713 3372 2782 Neque
3404 2713 3550 2768 enim

1960 2811 2074 2866 hate
2116 2810 2278 2865 nimis
2321 2810 2578 2865 audacter
2609 2820 2663 2862 et
2693 2808 2989 2862 temerarie
3036 2806 3360 2875 inquirenda
3401 2812 3547 2858 sunt.

1962 2904 2075 2959 Iloc
2106 2918 2232 2958 vero
2257 2903 2453 2971 potius,
2478 2916 2605 2957 cum
2639 2902 2704 2954 de
2727 2901 2836 2954 Deo
2875 2900 3080 2969 agitur,
3119 2896 3413 2951 tenentium
3439 2905 3549 2961 est,

1962 2996 2135 3065 ipsum
2158 3008 2279 3049 esse
2303 2994 2391 3062 qui
2416 3004 2512 3055 est,
2546 2991 2748 3061 quique
2782 2990 2988 3043 nullum
3029 2991 3192 3044 habet
3248 2988 3551 3045 exsistendi

1969 3088 2318 3156 principium,
2345 3086 2440 3141 sed
2466 3084 2689 3154 reliquis
2725 3084 2984 3139 omnibus
3049 3082 3266 3139 esseudi
3325 3081 3547 3138 initium

1895 3172 1937 3228 (Σ
1971 3178 2137 3235 dedit.

2307 3291 2542 3357 ALIUD,
2570 3292 2640 3345 ad
2667 3291 2741 3345 rei
2767 3290 3196 3360 explicationem.

2032 3407 2341 3461 Absurdum
2365 3415 2421 3461 et
2448 3405 2807 3476 periculosum
2833 3414 2917 3461 est
2938 3404 3003 3460 de
3024 3403 3162 3459 Filio
3211 3404 3394 3460 dicere
3424 3420 3437 3456 :
3472 3403 3552 3459 Ex

1964 3501 2244 3556 voluntate
2265 3509 2359 3554 aut
2401 3509 2600 3569 praeter
2658 3499 2993 3553 voluntatem
3047 3496 3223 3552 factus
3277 3506 3381 3554 est.
3450 3496 3553 3562 Qui

1962 3593 2107 3649 enim
2135 3608 2239 3648 non
2269 3607 2335 3646 ex
2370 3591 2649 3646 voluntate
2678 3589 2898 3646 exsistit
2924 3588 3094 3653 Deus,
3129 3603 3235 3642 non
3268 3602 3332 3642 ex
3358 3586 3556 3642 volun—

1966 3697 2077 3741 tate
2099 3686 2255 3740 liabet
2296 3685 2527 3739 Verbum
2551 3687 2693 3754 quod
2722 3698 2789 3738 ex
2831 3681 2951 3751 ejus
2984 3681 3223 3735 essentia
3268 3681 3555 3748 processit,

1964 3780 2057 3835 sed
2101 3777 2442 3833 naturaliter.
2482 3775 2559 3830 Ita
2584 3776 2729 3831 enim
2766 3773 2947 3845 imago
2972 3770 3091 3843 ejus
3149 3781 3205 3827 et
3259 3773 3555 3827 character

1965 3886 2091 3927 vere
2127 3868 2288 3926 fuerit
2321 3870 2392 3924 ⁷⁸.

2636 3976 2866 4033 ALIUD.

2036 4093 2093 4147 Si
2129 4093 2379 4148 voluntas
2410 4102 2465 4146 et
2504 4092 2824 4147 deliberatio
2856 4090 2979 4146 Filii
3016 4090 3392 4145 exsislenliam
3425 4103 3562 4157 prae-

1968 4188 2133 4253 cedit,
2171 4183 2341 4240 Filius
2373 4195 2556 4239 autem
2586 4193 2671 4239 est
2689 4183 2954 4252 sapientia
2982 4197 3038 4236 et
3088 4180 3323 4236 Verbum
3359 4179 3563 4244 Patris.

1963 4294 2073 4347 quo
2115 4288 2274 4348 pacto
2302 4276 2623 4332 deliberavit
2677 4274 2859 4339 Pater,
2924 4273 3104 4329 Verbo
3162 4284 3217 4328 et
3272 4272 3559 4345 sapientia,

1960 4371 2118 4440 juxta
2157 4378 2401 4425 vestram
2437 4369 2785 4431 sententiam,
2807 4366 3039 4422 carens?
3066 4364 3251 4435 Neque
3285 4365 3431 4419 enim
3456 4365 3558 4419 ad-

1969 4462 2071 4517 huc
2094 4470 2209 4515 erat
2235 4460 2427 4524 Filius,
2452 4474 2574 4515 cum
2610 4460 2787 4514 adhuc
2801 4459 2866 4512 de
2893 4471 2958 4512 eo
2985 4457 3396 4512 deliberaretur.
3440 4455 3559 4523 Quo

278 4525 414 4623 περὶ*
439 4525 635 4606 ἑαυτοῦ
670 4525 1054 4623 βοὺλευόμενον
1074 4554 1167 4607 τὸν
1201 4555 1443 4627 Πατέρα,
1471 4558 1601 4610 πότε
1611 4525 1700 4628 ρόν
1728 4525 1859 4611 ποτε

1975 4562 2123 4625 pacto
2160 4567 2291 4607 vero
2324 4566 2428 4606 non
2476 4552 2770 4606 absurdum
2832 4548 2999 4604 fuerit
3050 4549 3307 4603 inducere
3344 4547 3561 4603 Patrem

278 4645 385 4717 χρὴ
412 4645 604 4713 σοφίαν
628 4644 773 4715 ἔχειν
829 4646 921 4699 καὶ
970 4646 1237 4717 Λόγον,ἢ
1296 4648 1401 4718 μή;
1466 4649 1861 4718 Παραιτείσθαι

278 4736 567 4807 τοιγαροῦν
590 4738 890 4806 ἀναγκαῖον
911 4737 1009 4801 τὰς
1038 4739 1396 4803 ἀπαιδεύτους
1426 4739 1535 4792 τῶν
1564 4741 1863 4814 χριστομά-

279 4842 391 4897 χων
422 4829 731 4899 προτάσεις,
765 4829 825 4882 οὑ
859 4829 1063 4902 σφόδρα
1116 4830 1477 4885 διατείνεσθαι
1514 4833 1651 4903 πρὸς
1673 4833 1734 4887 τὸ
1771 4834 1867 4887 ἀνσ-

279 4919 514 4989 τιλέγειν
538 4922 749 4984 αὑταῖς.

714 5127 918 5190 ΑΛΛΟ,
977 5125 1436 5195 διηγηματικῶς.

362 5239 459 5293 Διὰ
487 5238 697 5292 πολλῶν
719 5238 821 5309 ήδη
852 5237 1118 5291 δέδεικται
1170 5238 1342 5307 λόγων
1362 5238 1445 5291 ὅτι
1472 5240 1579 5292 τῶν
1628 5241 1866 5312 ποιημάο

283 5349 395 5385 των
414 5333 659 5402 ἡγήσατο
688 5329 959 5401 βούλησις.
999 5328 1088 5393 Ἐξ
1114 5328 1228 5391 ἑνὸς
1249 5328 1305 5381 δὲ
1329 5329 1388 5382 τὸ
1424 5331 1533 5384 πᾶν
1562 5331 1868 5403 γνωρισθή-

288 5442 456 5481 σεται.
510 5424 631 5475 Ἐπὶ
681 5420 790 5493 γὰρ
837 5424 900 5492 τῇ
926 5420 1021 5473 τοῦ
1066 5419 1352 5489 ἀνθρώπου
1400 5424 1738 5492 κατασκευῇ,
1771 5423 1867 5487 τό.

291 5537 309 5567 ι
348 5517 670 5585 Ποιήσωμεν
722 5512 1028 5584 ἄνθρωπον,
1061 5531 1080 5563 ι
1114 5513 1207 5564 καὶ
1244 5512 1324 5576 τὸ,
1376 5530 1393 5561 t
1432 5513 1719 5583 Γενηθήτω
1749 5530 1870 5565 στε-

290 5608 502 5679 ρέωμα.
543 5628 559 5657 ι
598 5607 798 5667 καὶτὸ,
854 5604 1137 5674 Γενηθήτω
1175 5603 1293 5656 τόδε
1344 5605 1435 5657 καὶ
1488 5605 1627 5671 τόδε,
1678 5604 1873 5675 βουλῆς

358 5764 404 5795 ’⁸
447 5761 606 5818 Hebr.
643 5778 680 5823 t,
720 5763 753 5817 5
844 5762 889 5792 ⁷⁷
930 5761 1062 5816 Gen.
1112 5777 1147 5825 ι,
1190 5762 1244 5827 (ι,
1274 5761 1361 5815 26.

1966 4660 2152 4702 secum
2178 4643 2593 4709 deliberantem,
2617 4658 2683 4696 an
2711 4650 2994 4712 oporteret
3022 4640 3317 4709 aliquando
3342 4640 3561 4710 sapien-

1969 4739 2099 4792 tiam
2130 4745 2187 4791 et
2210 4735 2449 4791 Verbum
2476 4735 2783 4799 habere,an
2819 4735 2966 4789 non?
2996 4731 3315 4803 Rejicienda
3394 4733 3561 4804 igitur

1971 4841 2193 4898 prorsus
2214 4834 2340 4882 sunt
2368 4825 2584 4881 indocta
2641 4824 2874 4879 hostium
2928 4824 3132 4880 Christi
3201 4834 3558 4896 argumenta,

1974 4936 2082 4976 non
2137 4930 2319 4977 autem
2387 4918 2552 4974 anxie
2615 4917 2999 4991 laborioseque
3048 4919 3119 4975 iis
3177 4918 3561 4975 contradicen-

1968 5013 2120 5069 dum.

2457 5122 2688 5190 ALIUD,
2723 5122 3054 5193 explicatius.

2046 5237 2356 5309 Multisjam
2385 5236 2568 5293 verbis
2587 5246 2863 5293 ostensum
2920 5245 3005 5291 est
3056 5234 3394 5291 voluntatem
3440 5233 3560 5289 sive

1975 5331 2419 5388 deliberationem
2444 5337 2819 5384 creaturarum
2861 5327 3195 5383 creationem
3226 5327 3556 5398 prmcedere.

1978 5423 2054 5476 Ex
2080 5437 2190 5477 uno
2231 5430 2410 5475 autem
2445 5428 2614 5475 totum
2645 5417 2991 5489 intelligetur.
3010 5415 3143 5474 Nam
3179 5421 3233 5475 in
3281 5419 3561 5475 creatione

1980 5511 2250 5569 hominis:
2281 5531 2300 5563 ι
2344 5512 2649 5573 Faciamus,
2687 5511 2883 5581 inquit,
2906 5512 3200 5576 hominem,
3230 5530 3249 5564 ι
3279 5520 3358 5576 et,
3390 5529 3408 5563 ι
3435 5509 3560 5565 Fiat

1981 5604 2464 5670 ﬁrmamentum",
2498 5623 2515 5657 ι
2554 5611 2718 5675 atquc
2756 5604 2877 5670 hoc,
2907 5601 3143 5658 Fiathoc
3185 5611 3239 5658 et
3288 5602 3439 5671 illud,
3473 5617 3557 5656 vo-
