3876 6208
299 273 362 327 9|
1342 268 1402 326 S.
1440 266 1723 325 CYRILLI
1756 264 2229 321 ALEXANDRINI
2262 263 2588 321 ARCHIEP.

3503 266 3576 325 92

296 392 518 447 lnntatis
540 393 958 463 signiﬁcativum
990 401 1092 456 est,
1125 407 1243 461 qua:
1272 394 1335 445 ad
1358 392 1603 462 singulas
1657 402 1877 447 creatu-

2011 406 2048 441 LV
2087 388 2173 459 εἴη
2202 387 2538 459 σημαντικὸν
2568 387 2668 459 τῆς
2692 388 2778 456 ἐφ’
2806 386 3020 458 ἑκάστῳ
3050 387 3160 441 τῶν
3186 387 3576 461 πεποιημένων

297 497 389 537 ras
411 482 685 539 faciendas
734 500 761 534 a
820 485 932 541 Deo
983 484 1228 538 adhibita
1278 492 1385 546 est,
1450 485 1669 537 tametsi
1703 485 1885 541 statim

298 589 438 644 opus
471 575 820 631 subsecutum
852 584 1130 645 appareat.
1159 574 1215 629 Si
1246 590 1375 644 ergo
1437 584 1723 629 creaturas
1751 591 1887 646 ιιι-εει

296 667 442 722 cedit
464 665 735 733 voluntas,
769 668 951 723 omnia
1000 682 1129 722 vero
1160 666 1300 721 facta
1329 677 1457 722 sunt
1498 682 1596 735 per
1645 667 1841 722 Filium
1871 709 1887 730 ,

297 766 450 811 certe
482 756 725 812 omnium
757 772 981 812 numero
1012 772 1116 811 non
1176 758 1663 826 comprehenditur
1704 760 1752 813 is
1793 775 1891 828 per

298 864 459 917 quem
485 850 665 904 omnia
693 849 830 905 facta
850 858 995 904 sunt.
1037 849 1099 904 Et
1145 850 1189 905 si
1240 849 1377 904 alius
1406 861 1491 905 est
1540 851 1609 905 ab
1662 852 1727 907 iis
1770 868 1889 919 qua:

300 940 576 1007 praecessit
601 940 870 1003 voluntas.
905 957 1012 995 non
1043 951 1126 995 est
1157 940 1334 995 factus
1362 957 1429 996 ex
1465 943 1740 999 voluntate
1775 945 1888 999 sic-

300 1031 637 1103 utilla.Ipse'
662 1033 806 1087 enim
849 1034 1074 1087 estviva
1132 1034 1388 1088 voluntas
1455 1032 1657 1099 Patris,
1691 1035 1744 1088 in
1778 1049 1885 1104 qua

299 1121 480 1175 omnia
506 1131 778 1187 operatur.
820 1119 986 1177 Vocat
1046 1132 1227 1177 autem
1283 1123 1447 1178 etiam
1504 1123 1677 1191 ipsum
1736 1121 1889 1180 Psal-

302 1213 460 1266 misla
493 1212 826 1267 voluntatem
857 1213 1058 1279 Patris,
1090 1213 1314 1270 dicens:
1349 1233 1369 1269 ι
1406 1216 1462 1271 In
1494 1216 1765 1273 voluntate
1798 1228 1886 1274 tua

302 1301 574 1358 deduxisti
609 1318 694 1357 me
722 1303 788 1359 ⁷⁸.
833 1321 851 1354 ι

982 1419 1217 1477 ALIUD.

378 1534 435 1590 Si
461 1535 743 1590 consilium
771 1546 827 1591 et
854 1533 1101 1590 voluntas
1127 1534 1308 1590 Patris
1350 1543 1435 1590 est
1475 1534 1664 1602 Filius,
1700 1545 1760 1589 ut
1812 1550 1887 1590 re-

303 1640 435 1679 vera
462 1634 567 1687 est,
606 1640 712 1693 quo
733 1632 888 1694 pacto
910 1624 1168 1695 praacedit
1193 1625 1440 1679 voluntas
1471 1624 1590 1694 ejus
1620 1625 1889 1680 exsisten-

308 1712 478 1765 tiam?
516 1711 800 1767 Videbitur
824 1713 968 1769 enim
1003 1713 1118 1782 ipse
1143 1713 1379 1782 seipsum
1411 1712 1625 1769 fecisse.
1677 1714 1782 1785 55
1822 1716 1888 1769 Et
1922 1743 1965 1802 Β

1990 480 2288 550 γενομένης
2326 479 2476 549 παρὰ
2509 478 2666 543 Θεοῦ,
2704 480 2752 532 εί
2799 480 2894 532 καὶ
2941 480 3285 552 παραχρῆμα
3307 482 3368 534 τὸ
3409 481 3577 554 ἔργον

1990 570 2314 625 ἀκολουθοῦν
2338 571 2606 639 φαίνεται.
2658 571 2722 623 Ei
2775 571 2954 626 τοίνυν
2983 571 3091 625 τῶν
3128 572 3226 642 μὲν
3256 576 3575 645 κτισμάτων

1990 665 2207 734 ἡγεῖται
2244 662 2514 732 βούλησις,
2562 663 2750 731 γέγονε
2792 663 2858 716 se
2902 665 3080 717 πάντα
3142 664 3208 717 δι’
3240 666 3391 729 Υἰοῦ,
3416 668 3577 732 ὲκτός

1991 756 2107 806 ἐστι
2130 751 2239 806 τῶν
2271 754 2489 807 πάντων
2542 754 2571 805 ό
2627 754 2693 807 δι’
2726 748 2788 808 06
2817 754 2885 809 τὰ
2925 754 3103 809 πάντα
3134 756 3343 825 γέγονε.
3389 758 3500 810 Καὶ
3524 761 3575 811 εἰ

1988 844 2175 915 ἕτερός
2207 846 2353 897 ἐστιν
2405 844 2631 899 ἐκείνων
2667 838 2742 898 ὧν
2785 847 3031 917 ἡγήσατο
3082 846 3356 920 βούλησις,
3379 850 3478 904 οὑκ
3504 850 3575 903 ἂν

1989 935 2077 1005 εἴη
2108 933 2248 988 κατὰ
2279 934 2532 1005 βούλησιν
2565 936 2802 1005 γεγονὼς
2831 936 3018 1009 ὥσπερ
3048 939 3206 993 αὑτά.
3254 939 3425 1003 Αὐτὸς
3463 941 3576 1012 γάρ

1989 1025 2137 1077 ἐστιν
2177 1023 2385 1095 ήζῶσα
2407 1025 2569 1096 βουλή
2611 1025 2706 1079 τοῦ
2734 1027 2967 1098 Πατρός,
3022 1028 3080 1080 ὲν
3121 1023 3247 1101 ᾖτὰ
3279 1028 3456 1084 πάντα
3482 1030 3577 1107 ἐρ-

1989 1116 2236 1183 γάζεται.
2266 1115 2438 1170 Καλεῑ
2481 1116 2539 1169 δὲ
2595 1117 2758 1171 αὑτὸν
2778 1119 2874 1171 καὶ
2914 1119 3108 1191 βουλὴν
3151 1119 3244 1173 τοῦ
3291 1121 3502 1192 Πατρὸς
3543 1123 3575 1174 ὁ

1989 1206 2293 1277 Ψαλμῳδὸς
2321 1248 2335 1274 ,
2376 1206 2550 1277 λέγων
2584 1225 2597 1240 ·
2664 1228 2683 1262 ι
2733 1210 2824 1263 Ἐν
2868 1213 2937 1282 τῇ
3004 1210 3167 1283 βουλῇ
3216 1228 3308 1264 σου
3367 1211 3577 1284 ὡδήγη-

1989 1297 2088 1362 σάς
2122 1315 2209 1369 με.
2244 1317 2264 1350 ι

2658 1416 2866 1470 ΑΛΛΟ.

2062 1524 2124 1579 Εἰ
2158 1524 2322 1596 βουλή
2376 1525 2472 1581 καί¹
2523 1526 2735 1599 θέλημα
2766 1528 2859 1582 τοὺ
2892 1529 3105 1602 Πατρός
3150 1531 3299 1595 ἐστιν
3347 1533 3376 1586 ὁ
3412 1532 3578 1597 Υἱὸς,

1988 1619 2174 1690 ὥσπερ
2212 1614 2305 1673 οὖν
2336 1619 2429 1672 καὶ
2458 1618 2595 1685 ἐστι,
2645 1622 2763 1684 πῶς
2793 1623 3008 1692 ήγείται
3036 1622 3256 1693 θέλησις
3280 1625 3375 1694 τῆς
3397 1625 3574 1695 ὑπάρ-

1995 1710 2127 1775 ξεως
2156 1709 2322 1764 αὑτοῦ
2342 1728 2357 1778 ;
2374 1710 2548 1775 Αὐτὸς
2576 1712 2684 1783 γάρ
2715 1713 2906 1767 ἑαυτὸν
2929 1714 3080 1769 ἔσται
3110 1714 3447 1786 πεποιηκώς.
3466 1717 3580 1769 Καὶ

307 1804 397 1871 qui
427 1804 661 1859 nondum
694 1804 865 1860 factus
886 1814 1026 1870 erat,
1053 1814 1111 1859 ut
1159 1805 1396 1860 haeretici
1446 1806 1652 1871 volunt,
1717 1810 1784 1861 de
1832 1824 1891 1863 se

2011 1802 2228 1874 ίμήπω
2277 1800 2538 1871 γεγονὼς,
2596 1804 2738 1857 κατά
2788 1805 2917 1869 τοὺς
2967 1807 3388 1877 χριστομάχους,
3450 1806 3587 1875 περὶ

309 1894 427 1961 ipso
451 1895 786 1952 deliberasse
812 1897 1039 1951 dicetur.
1091 1899 1159 1951 At
1180 1897 1225 1952 si
1265 1898 1364 1953 hoc
1392 1900 1686 1954 absurdum
1738 1900 1886 1955 dictu

2011 1893 2194 1949 ἑαυτοῦ
2231 1896 2479 1963 φανεῖται
2535 1894 2940 1967 βουλευόμενος.
3002 1897 3066 1951 El
3116 1897 3174 1950 δὲ
3206 1898 3365 1951 τοῦτο
3401 1896 3583 1965 λέγειν

310 1996 418 2054 est,
449 2003 554 2042 non
582 2002 713 2059 ergo
737 1988 1013 2045 voluntate
1041 1989 1216 2046 factus
1274 2001 1378 2057 est,
1427 1993 1889 2061 quemadmodum

2011 1984 2218 2049 Ξτοπον,
2250 1984 2352 2037 οὑκ
2377 1982 2485 2055 ἄρα
2510 1984 2761 2057 βουλήσει
2801 1988 3046 2057 γέγονεν,
3089 1989 3277 2061 ὥσπερ
3332 1990 3399 2044 τὰ
3421 1991 3581 2059 ποιή-

310 2086 609 2146 creaturas;
642 2079 737 2136 sed
765 2091 960 2136 eratut
990 2082 1238 2139 voluntas
1271 2083 1449 2139 Patris
1475 2085 1526 2138 in
1555 2086 1692 2155 ipso,
1725 2096 1892 2157 atque

310 2173 448 2228 adeo
476 2174 647 2243 ipsius
669 2172 946 2230 Genitoris
967 2176 1220 2231 essentize
1243 2177 1570 2247 proprietas.

985 2283 1216 2339 ALIUD.

381 2390 635 2448 Christus
661 2393 862 2450 alicubi
894 2393 1073 2464 inquit
1105 2414 1118 2449 :
1163 2395 1274 2466 Ego
1317 2396 1369 2450 in
1402 2396 1585 2461 Patre,
1621 2409 1675 2453 et
1735 2400 1895 2457 Pater

314 2483 367 2538 in
395 2499 501 2551 me,
529 2484 695 2540 veluti
726 2486 903 2540 locum
939 2486 1254 2555 quemdam,
1293 2488 1382 2556 qui
1417 2505 1475 2543 se
1505 2489 1680 2544 solum
1715 2492 1893 2546 conti-

315 2584 463 2641 neat,
527 2578 843 2645 signiﬁcans
891 2577 1135 2643 Patrem,
1167 2589 1223 2635 et
1252 2597 1443 2637 rursus
1471 2582 1689 2639 Patrem
1720 2585 1893 2640 solum

316 2669 369 2721 in
400 2668 515 2736 ipso
544 2667 919 2723 exsistentem.
979 2669 1035 2723 Si
1068 2684 1197 2739 ergo
1227 2671 1372 2725 aliud
1416 2674 1697 2742 quidpiam
1731 2684 1815 2730 est
1840 2675 1894 2729 in

318 2758 477 2812 Patre
512 2759 770 2815 voluntas
796 2760 969 2828 ipsius
1019 2776 1182 2831 quam
1217 2761 1408 2826 Filius,
1438 2780 1547 2833 quo
1583 2774 1741 2833 pacto
1765 2782 1896 2821 vero

317 2850 434 2905 haec
468 2850 709 2905 dixerit?
746 2852 1070 2920 Reperietur
1103 2853 1271 2921 enim,
1314 2853 1468 2922 juxta
1508 2858 1752 2911 insanam
1785 2858 1898 2913 bae-

318 2942 611 2997 retieorum
643 2942 975 3011 opinionem,
1029 2953 1153 2998 ante
1212 2947 1587 3002 exsistentiam
1620 2946 1765 3015 Filii,
1802 2964 1896 3004 vo-

318 3033 500 3088 luntas
562 3032 620 3087 in
669 3031 830 3088 Patre
881 3035 1170 3101 exsistens,
1212 3051 1309 3105 per
1366 3053 1529 3108 quam
1577 3040 1752 3095 laetus
1789 3050 1896 3107 est,

2002 2094 2166 2148 ματα·
2208 2077 2323 2130 ἀλλ’
2351 2073 2420 2150 ἦν
2443 2078 2518 2143 ὡς
2544 2078 2706 2151 βουλὴ
2758 2079 2854 2133 τοῦ
2900 2082 3115 2153 Πατρὺς
3137 2084 3195 2135 ἐν
3229 2082 3401 2153 αὑτῷ,
3452 2081 3587 2135 αὐτὸ

1999 2170 2097 2241 τῆς
2124 2170 2310 2234 οὐσίας
2344 2171 2607 2243 ὑπάρχων
2636 2173 2727 2225 τοῦ
2755 2175 3119 2245 γεννήσαντος
3145 2176 3205 2229 τὸ
3238 2175 3389 2231 ἴδιον.

2700 2288 2903 2344 ΑΛΛΟ.

2070 2396 2234 2466 Λέγει
2260 2415 2364 2450 που
2393 2397 2647 2469 Χριστός·
2691 2419 2710 2451 ι
2758 2399 2900 2468 Ἐγὼ
2957 2400 3017 2454 ὲν
3066 2401 3144 2472 τῷ
3184 2403 3381 2475 Πατρὶ,
3417 2406 3512 2459 καὶ
3555 2406 3589 2459 ὁ

2003 2489 2193 2560 Πατήρ
2214 2490 2273 2543 ὲν
2294 2490 2440 2560 ἐμοὶ,
2480 2508 2497 2541 ι
2563 2490 2753 2565 ὥσπερ
2800 2490 2922 2544 τινὰ
2971 2492 3138 2547 τόπον
3169 2495 3361 2549 ἑαυτὸν
3393 2496 3586 2566 ἔχοντα

2005 2581 2164 2650 μόνον
2204 2580 2484 2651 σημαίνων
2507 2581 2598 2633 τὸν
2633 2582 2872 2653 Πατέρα,
2899 2583 2995 2638 καὶ
3040 2584 3201 2638 πάλιν
3239 2586 3314 2650 ὡς
3347 2587 3441 2640 τοῦ
3473 2589 3586 2641 Πα,

2002 2671 2127 2741 τρὸς
2162 2671 2313 2734 ὄντος
2343 2672 2402 2724 ὲν
2437 2671 2587 2742 αὑτῷ
2615 2672 2795 2742 μόνον.
2828 2674 2890 2726 El
2915 2674 3093 2728 τοίνυν
3133 2676 3319 2748 ἕτερόν
3349 2677 3401 2730 τί
3435 2679 3585 2730 ἐστιν

2003 2762 2061 2813 ὲν
2085 2759 2162 2831 τῷ
2189 2761 2363 2832 Πατρὶ
2395 2761 2547 2833 παρὰ
2574 2763 2663 2814 τὸν
2702 2763 2831 2817 Υίὸν
2870 2764 2903 2834 ή
2951 2764 3206 2835 βούλησις
3237 2766 3423 2831 αὑτοῦ,
3470 2766 3589 2829 πῶς

2003 2849 2293 2921 ἀληθεύσει
2322 2850 2391 2904 τὰ
2422 2852 2647 2905 τοιαῦτα
2689 2852 2898 2921 λέγων;
2923 2854 3249 2925 Εὑρίσκεται
3286 2855 3414 2925 γὰρ,
3446 2856 3592 2910 κατὰ

2003 2942 2104 3011 τὴν
2136 2941 2244 2995 τῶν
2276 2942 2660 3013 χριστομάχων
2718 2945 2940 3013 μανίαν,
2983 2947 3090 3016 πρὸ
3151 2946 3251 3016 τῆς
3301 2944 3590 3019 ὑπάρξεως

2005 3032 2100 3086 τοῦ
2130 3032 2283 3100 Υίοῦ,
2317 3033 2573 3105 βούλησις
2593 3031 2727 3089 οὖσα
2767 3038 2824 3089 ὲν
2854 3038 3051 3108 Πατρὶ,
3081 3037 3202 3091 καθ’
3230 3039 3296 3109 ήν
3320 3039 3546 3107 γέγονεν
3572 3081 3589 3106 ,

321 3126 470 3180 utilli
502 3125 710 3181 dicunt.
750 3125 806 3181 Si
834 3137 1015 3182 autem
1073 3143 1199 3183 vere
1231 3131 1361 3186 dicit
1386 3148 1445 3185 se
1490 3133 1545 3186 in
1575 3132 1733 3188 Patre
1755 3147 1899 3202 esse,

2011 3125 2077 3187 ὡς
2117 3125 2315 3178 ἐκεῖνοί
2346 3143 2530 3196 φασιν.
2559 3128 2620 3180 El
2660 3127 2719 3180 δὲ
2748 3127 3025 3199 ἀληθεύει,
3077 3130 3269 3183 ἑαυτὸν
3316 3131 3375 3183 ὲν
3415 3130 3594 3200 Πατρὶ

319 3225 373 3270 et
411 3231 619 3282 rursus,
649 3216 822 3271 solum
847 3218 901 3272 in
933 3232 993 3273 se
1022 3234 1141 3273 esse
1173 3219 1382 3275 Patrem
1402 3261 1417 3284 ,
1451 3223 1668 3277 ubinam
1697 3226 1901 3278 consti-

240 3360 243 3364 Α
324 3317 505 3362 tuetur
548 3309 823 3372 voluntas,
879 3324 1001 3364 cum
1066 3312 1199 3365 nihil
1256 3312 1357 3367 loci
1431 3314 1501 3368 sit
1548 3314 1903 3370 intermedii?

323 3400 475 3465 Quod
513 3402 557 3455 si
584 3416 769 3455 vermn
796 3410 901 3469 est,
953 3416 1057 3457 nou
1109 3419 1237 3473 ergo
1269 3404 1546 3461 voluntate
1578 3408 1757 3461 factus
1779 3417 1901 3474 est,

325 3492 422 3546 sed
460 3491 574 3563 ipse
602 3501 686 3547 est
714 3492 969 3548 voluntas
1005 3493 1206 3550 Patris.

1004 3605 1235 3663 ALIUD.

394 3717 449 3773 Si
491 3719 949 3786 quemadmodum
997 3706 1298 3788 creaturas,
1330 3723 1401 3778 ita
1450 3725 1613 3780 etiam
1637 3726 1909 3783 exsisten-

329 3815 455 3866 tiam
478 3810 597 3867 Filii
634 3816 912 3883 praecessit
941 3816 1213 3882 voluntas,
1241 3833 1341 3872 cur
1370 3834 1491 3888 qua;
1529 3819 1672 3874 idem
1702 3821 1909 3875 habent

327 3904 691 3975 generationis
724 3905 1049 3976 principium
1074 3917 1127 3962 et
1173 3924 1269 3979 per
1294 3910 1538 3965 eamdem
1568 3911 1904 3968 voluntatem

329 3996 471 4051 facta
504 4007 649 4061 sunt,
678 4006 962 4069 tant0pere
989 4000 1131 4054 inter
1154 4016 1213 4055 se
1246 4012 1439 4056 natura
1464 4002 1740 4067 dilferunt,
1771 4005 1908 4061 adeo

328 4095 386 4141 ut
412 4087 500 4142 ille
537 4088 800 4146 Dominus
830 4090 900 4145 sit
933 4100 990 4145 et
1047 4092 1207 4158 Deus,
1242 4092 1324 4147 ba:
1352 4093 1575 4148 serviles
1614 4097 1722 4148 sint
1747 4111 1906 4151 crea-

329 4179 489 4234 tnraa?
512 4179 857 4237 Manifestum
887 4190 1069 4237 autem
1105 4194 1189 4237 est
1214 4186 1355 4253 quod
1396 4185 1567 4241 Filius
1594 4189 1780 4243 deitati
1805 4189 1909 4243 Pa-

331 4271 429 4325 tris
459 4272 779 4328 naturaliter
812 4273 997 4328 unitus
1054 4275 1311 4331 Dominus
1344 4280 1416 4332 'et
1467 4277 1667 4332 dicitur
1690 4290 1747 4335 et
1770 4289 1853 4335 est
1891 4299 1905 4335 :

330 4372 576 4416 creatura
608 4378 739 4419 vero
777 4378 959 4432 serva,
997 4367 1121 4435 quia
1177 4378 1331 4421 extra
1355 4369 1651 4425 essentiam
1690 4383 1906 4427 creato-

2010 3216 2110 3286 μὲν
2141 3212 2281 3271 εἶναι
2315 3219 2562 3287 φάσκων,
2593 3219 2685 3273 καὶ
2718 3220 2905 3281 πάλιν.
2934 3220 3010 3284 ὡς
3034 3221 3194 3291 μόνον
3234 3223 3293 3275 ὲν
3329 3221 3478 3293 αὑτῷ
3498 3223 3593 3275 τὸν

2008 3309 2245 3376 Πατέρα,
2262 3310 2366 3363 ποῦ
2394 3312 2426 3381 ή
2453 3311 2706 3383 βούλησις
2724 3313 2992 3380 κείσεται,
3010 3314 3226 3379 οὐδενὸς
3245 3315 3394 3378 ὄντος
3421 3314 3592 3367 τόπου

2010 3399 2215 3471 μεταξύ
2240 3418 2254 3467 ;
2291 3403 2352 3455 Ei
2377 3402 2433 3457 δὲ
2458 3403 2637 3466 τοῦτο,
2658 3404 2757 3458 οὑκ
2782 3403 2891 3476 ἄρα
2927 3405 3182 3478 βουλήσει
3215 3407 3456 3479 γέγονεν,
3475 3405 3593 3461 ἀλλ’

2008 3493 2169 3558 αὑτός
2196 3496 2345 3549 ἐστιν
2373 3498 2408 3567 ή
2444 3496 2541 3550 106
2567 3498 2783 3569 Πατρὸς
2812 3497 3090 3571 βούλησις.

2703 3613 2914 3665 ΑΛΛΟ.

2078 3725 2142 3778 Εἰ
2194 3724 2445 3796 καθάπερ
2492 3723 2604 3777 τῶν
2643 3726 2967 3797 ποιημάτων
3018 3715 3262 3798 ἡγήσατο
3306 3718 3590 3799 βούλησις,

2007 3815 2150 3870 οὑτω
2176 3816 2271 3869 καὶ
2299 3815 2397 3884 τῆς
2428 3815 2717 3886 ὑπάρξεως
2744 3815 2837 3869 106
2868 3816 3128 3887 Χριστοῦ,
3173 3816 3297 3870 ὅτου
3320 3816 3385 3889 δὴ
3429 3817 3597 3888 χάριν

2007 3909 2078 3962 τά
2114 3908 2212 3978 τὴν
2242 3906 2411 3977 αὐτὴν
2471 3905 2661 3976 ἔχοντα
2689 3906 2791 3976 τῆς
2819 3907 3089 3976 γενέσεως
3127 3907 3304 3978 ἀρχὴν
3350 3907 3446 3961 καὶ
3502 3906 3595 3961 διὰ

2007 4000 2108 4069 τῆς
2139 3999 2307 4069 αὑτῆς
2342 3998 2604 4067 γεγονότα
2666 3997 2886 4069 βουλῆς,
2932 3998 3189 4051 τοσοῦτον
3222 3998 3466 4068 ἀλλήλων
3493 3997 3595 4069 τὴν

2011 4091 2172 4160 φύσιν
2201 4091 2500 4160 διέστηκεν.
2536 4089 2611 4153 ὡς
2634 4089 2736 4170 τὸν.
2757 4091 2858 4160 μὲν
2889 4089 3093 4161 Κύριον
3130 4089 3302 4153 οὕτως
3333 4084 3473 4142 εἶναι
3498 4090 3595 4143 καὶ

2009 4184 2161 4247 Θεὸν,
2208 4183 2276 4235 τὰ
2308 4183 2364 4235 δὲ
2387 4182 2547 4236 δοῦλα
2570 4200 2629 4235 τε
2654 4183 2747 4235 καὶ
2771 4184 3088 4253 umquam;
3131 4183 3269 4235 Ἀλλ’
3303 4182 3596 4253 ἔστιδῆλον

2010 4278 2086 4340 ὡς
2114 4278 2142 4330 ὁ
2173 4276 2271 4346 μὲν
2298 4275 2423 4338 Υἱὸς
2477 4278 2543 4346 τῇ
2574 4278 2669 4327 τοὺ
2707 4273 2923 4345 Πατρὺς
2978 4274 3193 4344 θεότήτι
3252 4276 3392 4327 κατὰ
3434 4272 3597 4342 φύσιν

2012 4369 2299 4440 ἑνούμενος
2339 4367 2541 4437 Κύριος
2601 4367 2819 4437 είρηται
2884 4366 2975 4419 καὶ
3024 4365 3193 4419 ἔστιν·
3221 4366 3253 4435 ἡ
3286 4364 3344 4417 δὲ
3396 4364 3596 4429 κτίσις,

332 4455 407 4509 ris
433 4463 538 4521 est,
573 4462 628 4509 et
670 4470 699 4509 a
734 4457 966 4512 naturali
1017 4456 1085 4511 ad
1137 4459 1353 4513 Patrem
1404 4460 1667 4516 relatione
1708 4463 1899 4519 aliena.

2011 4462 2194 4533 δούλη,
2214 4461 2305 4515 διὰ
2336 4461 2396 4513 τὸ
2420 4459 2525 4526 ἔξω
2560 4459 2776 4512 κεῖσθαι
2800 4458 2901 4528 τῆς
2926 4458 3115 4520 οὐσίας
3168 4456 3272 4511 τοὺ
3300 4456 3599 4527 πεποιηκόο

332 4547 703 4603 Necessarium
738 4550 902 4619 igitur
921 4559 1004 4607 est
1033 4561 1095 4606 ut
1134 4569 1253 4621 quae
1304 4561 1506 4608 tantam
1544 4556 1688 4611 inter
1721 4572 1779 4612 se
1805 4558 1904 4610 ha-

335 4640 884 4710 bentdiﬂerentiam,
927 4662 1033 4702 non
1080 4663 1246 4702 unum
1294 4648 1530 4703 habeant
1554 4651 1907 4719 principium.

335 4731 443 4787 Sed
478 4733 560 4787 ba:
594 4736 834 4803 quidem,
870 4748 932 4793 ut
976 4749 1261 4801 creaturae.
1312 4754 1380 4794 ex
1431 4741 1710 4797 voluntate
1757 4742 1914 4798 factae

333 4834 481 4878 sunt.
530 4824 703 4882 Filius
758 4839 959 4896 autem,
990 4832 1187 4901 quippe
1214 4834 1303 4902 qui
1335 4843 1420 4887 est
1462 4833 1577 4903 ipsa
1622 4834 1913 4902 voluntas,

333 4924 453 4971 erat
482 4917 550 4973 ab
574 4927 779 4974 aeterno
802 4919 852 4974 in
887 4919 1071 4981 Patre.

685 5032 918 5101 ALIUD,
946 5039 1016 5091 ad
1043 5040 1119 5093 rei
1140 5039 1558 5108 explicationem.

405 5142 703 5211 Oportebat
749 5158 929 5200 autem
971 5148 1133 5204 hosce
1189 5150 1391 5206 Christi
1442 5153 1628 5209 hostes
1681 5154 1771 5223 qui
1816 5171 1923 5209 non

338 5241 594 5285 verentur
658 5233 1001 5305 interrogare
1040 5251 1107 5291 an
1140 5239 1417 5297 voluntate
1442 5242 1637 5298 Filium
1664 5249 1913 5315 genuerit

336 5320 513 5386 Pater,
542 5324 705 5377 etiam
763 5326 863 5379 hoc
908 5327 1086 5382 dicere
1121 5347 1133 5382 :
1195 5330 1276 5383 An
1325 5332 1376 5386 in
1408 5336 1690 5402 prudentia
1720 5335 1913 5391 Filium

335 5411 580 5478 genuerit
606 5410 783 5465 Pater.
824 5410 968 5468 Idem
1003 5416 1146 5469 enim
1172 5418 1424 5473 videntur
1448 5436 1570 5476 esse
1595 5422 1912 5479 deliberatio

335 5509 389 5556 et
422 5500 724 5567 prudentia.
756 5503 1034 5574 Siquidem
1069 5507 1316 5580 quisquis
1379 5511 1578 5581 aliquid
1612 5514 1875 5571 deliberat
1900 5556 1914 5581 ,

414 5678 460 5711 "
494 5676 629 5736 I’sal.
673 5698 841 5749 rem),
882 5684 973 5738 Ἡ.

2014 4573 2125 4620 τος,
2172 4555 2267 4608 καὶ
2316 4553 2417 4624 τῆς
2466 4553 2605 4623 πρὸς
2656 4551 2748 4605 τὸν
2795 4551 3019 4622 Πατέρα
3072 4550 3311 4620 σχέσεως
3335 4549 3594 4619 φυσικῆς.

2029 4648 2267 4718 ’Δνάγκη
2294 4647 2473 4700 τοίνυν
2494 4646 2563 4699 τά
2595 4644 2865 4715 τοσαύτην
2888 4643 3080 4713 ἔχοντα
3110 4642 3244 4714 πρὸς
3273 4641 3478 4713 ἄλληλα
3496 4641 3603 4712 τὴν

2015 4740 2299 4812 διαφοράν,
2350 4738 2428 4810 μὴ
2466 4739 2598 4809 μίαν
2631 4737 2774 4808 ἔχειν
2821 4737 3018 4807 ἀρχήν.
3065 4735 3228 4788 Ἀλλὰ
3264 4735 3334 4788 τά
3368 4735 3486 4805 μὲν,
3520 4735 3599 4798 ὡς

2018 4831 2321 4902 ποιήματα,
2377 4831 2441 4881 ἐκ
2490 4827 2798 4899 βουλήσεως
2857 4826 3099 4893 γέγονεν.
3149 4826 3208 4879 '0
3253 4825 3311 4878 δὲ
3344 4824 3493 4889 Υἱὸς,
3522 4823 3599 4888 ὡς

2019 4924 2179 4988 αὑτὸς
2199 4922 2274 4976 ὣν
2296 4924 2331 4993 ἢ
2363 4920 2636 4993 βούλησις,
2663 4916 2729 4992 ἦν
2762 4919 2946 4982 ὰῖδίως
2980 4919 3038 4971 ὲν
3080 4917 3277 4989 Πατρί.

2448 5034 2633 5087 ΑΛΛΟ
2652 5075 2667 5099 ,
2695 5029 3152 5103 διηγηματικῶς.

2082 5149 2232 5203 Ἔδει
2257 5146 2385 5210 τοὺς
2435 5145 2843 5216 χριστομάχους
2887 5140 3313 5212 ἀποτολμῶντας
3365 5139 3597 5211 ἐρωτᾷν,

2018 5246 2065 5297 εἰ
2110 5242 2358 5313 βουλήσει
2389 5241 2482 5293 τὸν
2510 5238 2641 5291 Υίὸν
2679 5236 2969 5305 ἐγέννησεν
2998 5237 3026 5287 ὁ
3074 5234 3288 5304 Πατὴρ,
3312 5233 3412 5287 διαὶ
3440 5231 3600 5285 106'10

2017 5337 2215 5404 λέγειν·
2250 5334 2315 5386 Εἰ
2345 5334 2403 5385 ὲν
2433 5331 2693 5402 φρονήσει
2718 5328 2809 5380 τὸν
2846 5326 2973 5379 Υἱὸν
2998 5325 3284 5396 ἐγέννησεν
3314 5327 3342 5378 ὁ
3386 5324 3596 5393 Πατήρ.

2021 5426 2229 5481 Ταυτὸν
2250 5424 2358 5494 γὰρ
2389 5422 2655 5492 ὑπάρχειν
2696 5420 2944 5487 φαίνεται
2986 5416 3147 5487 βουλὴ
3182 5417 3275 5472 καὶ
3316 5415 3596 5486 φρόνησις.

2034 5517 2250 5589 Ἐπειδὴ
2292 5518 2398 5572 πᾶν
2454 5515 2592 5586 ὅπερ
2644 5514 2708 5569 ἄν
2760 5529 2841 5576 τις
2882 5510 3232 5582 βουλεύηται,
3294 5507 3451 5561 τοῦτο
3508 5507 3600 5560 καὶ
