  <div class='ocr_page' id='page_1' title='image "/cluster/home/n/w/nwhite01/storage/ocr_20150623/75/nnc1.0046980121/066.png"; bbox 0 0 3876 6208; ppageno 0'>
   <div class='ocr_carea' id='block_1_1' title="bbox 232 268 3497 381">
    <p class='ocr_par' dir='ltr' id='par_1_1' title="bbox 232 268 3497 381">
     <span class='ocr_line' id='line_1_1' title="bbox 232 268 3497 381; baseline 0.003 -12"><span class='ocrx_word' id='word_1_1' title='bbox 232 320 306 381; x_wconf 76' lang='lat'><strong>93</strong></span> <span class='ocrx_word' id='word_1_2' title='bbox 1644 268 2085 375; x_wconf 61' lang='lat' dir='ltr'><strong>THESAUllUS.</strong></span> <span class='ocrx_word' id='word_1_3' title='bbox 3427 325 3497 379; x_wconf 69' lang='lat'><strong><em>95</em></strong></span> 
     </span>
    </p>
   </div>
   <div class='ocr_carea' id='block_1_2' title="bbox 237 436 1832 514">
    <p class='ocr_par' dir='ltr' id='par_1_2' title="bbox 237 436 1817 511">
     <span class='ocr_line' id='line_1_2' title="bbox 237 436 1817 511; baseline 0.001 -20"><span class='ocrx_word' id='word_1_4' title='bbox 237 439 445 511; x_wconf 67' lang='lat' dir='ltr'><strong>rppovsi&#39;</strong></span> <span class='ocrx_word' id='word_1_5' title='bbox 471 437 563 492; x_wconf 59' lang='grc' dir='ltr'><strong>καὶ⁵</strong></span> <span class='ocrx_word' id='word_1_6' title='bbox 603 436 767 492; x_wconf 84' lang='grc' dir='ltr'>πάλιν</span> <span class='ocrx_word' id='word_1_7' title='bbox 803 436 995 509; x_wconf 80' lang='grc' dir='ltr'>ὥσπερ</span> <span class='ocrx_word' id='word_1_8' title='bbox 1022 436 1082 503; x_wconf 75' lang='grc' dir='ltr'><strong>ἐξ</strong></span> <span class='ocrx_word' id='word_1_9' title='bbox 1111 437 1584 509; x_wconf 79' lang='grc' dir='ltr'>ἀντιστρέφοντος,</span> <span class='ocrx_word' id='word_1_10' title='bbox 1624 438 1653 492; x_wconf 83' lang='grc' dir='ltr'><strong>ὃ</strong></span> <span class='ocrx_word' id='word_1_11' title='bbox 1690 457 1817 510; x_wconf 87' lang='grc' dir='ltr'>φρο-</span> 
     </span>
    </p>
   </div>
   <div class='ocr_carea' id='block_1_3' title="bbox 1945 436 3500 514">
    <p class='ocr_par' dir='ltr' id='par_1_3' title="bbox 1945 438 3500 514">
     <span class='ocr_line' id='line_1_3' title="bbox 1945 438 3500 514; baseline 0.002 -19"><span class='ocrx_word' id='word_1_12' title='bbox 1945 440 2059 497; x_wconf 86' lang='lat' dir='ltr'><strong>dem</strong></span> <span class='ocrx_word' id='word_1_13' title='bbox 2086 438 2252 497; x_wconf 89' lang='lat' dir='ltr'><strong>etiam</strong></span> <span class='ocrx_word' id='word_1_14' title='bbox 2287 441 2523 511; x_wconf 86' lang='lat' dir='ltr'><strong>prudens</strong></span> <span class='ocrx_word' id='word_1_15' title='bbox 2545 450 2631 497; x_wconf 89' lang='lat' dir='ltr'><strong>est</strong></span> <span class='ocrx_word' id='word_1_16' title='bbox 2659 458 2673 496; x_wconf 89' lang='lat'><strong>:</strong></span> <span class='ocrx_word' id='word_1_17' title='bbox 2703 449 2756 496; x_wconf 88' lang='lat' dir='ltr'><strong>et</strong></span> <span class='ocrx_word' id='word_1_18' title='bbox 2787 442 2908 497; x_wconf 89' lang='lat' dir='ltr'><strong>vice</strong></span> <span class='ocrx_word' id='word_1_19' title='bbox 2933 456 3109 508; x_wconf 86' lang='lat' dir='ltr'><strong>versa,</strong></span> <span class='ocrx_word' id='word_1_20' title='bbox 3145 443 3237 513; x_wconf 87' lang='lat' dir='ltr'><strong>qui</strong></span> <span class='ocrx_word' id='word_1_21' title='bbox 3261 443 3500 514; x_wconf 80' lang='lat' dir='ltr'><strong>prudens</strong></span> 
     </span>
    </p>
   </div>
   <div class='ocr_carea' id='block_1_4' title="bbox 235 526 1817 598">
    <p class='ocr_par' dir='ltr' id='par_1_4' title="bbox 235 526 1817 598">
     <span class='ocr_line' id='line_1_4' title="bbox 235 526 1817 598; baseline -0.003 -12"><span class='ocrx_word' id='word_1_22' title='bbox 235 534 336 592; x_wconf 86' lang='grc' dir='ltr'>νεῖ,</span> <span class='ocrx_word' id='word_1_23' title='bbox 381 530 477 584; x_wconf 81' lang='grc' dir='ltr'>καὶ</span> <span class='ocrx_word' id='word_1_24' title='bbox 517 527 853 598; x_wconf 79' lang='grc' dir='ltr'><strong>βουλεύεται.</strong></span> <span class='ocrx_word' id='word_1_25' title='bbox 917 526 1245 597; x_wconf 79' lang='grc' dir='ltr'>Εὑρίσκεται</span> <span class='ocrx_word' id='word_1_26' title='bbox 1279 527 1410 595; x_wconf 82' lang='grc' dir='ltr'>γοῦν</span> <span class='ocrx_word' id='word_1_27' title='bbox 1450 528 1527 591; x_wconf 85' lang='grc' dir='ltr'>ὡς</span> <span class='ocrx_word' id='word_1_28' title='bbox 1570 528 1817 582; x_wconf 75' lang='grc' dir='ltr'>ἰσοδυνα-</span> 
     </span>
    </p>
   </div>
   <div class='ocr_carea' id='block_1_5' title="bbox 238 619 1818 693">
    <p class='ocr_par' dir='ltr' id='par_1_5' title="bbox 238 619 1818 693">
     <span class='ocr_line' id='line_1_5' title="bbox 238 619 1818 693; baseline -0.001 -18"><span class='ocrx_word' id='word_1_29' title='bbox 238 621 445 693; x_wconf 80' lang='grc' dir='ltr'>μοῦντα</span> <span class='ocrx_word' id='word_1_30' title='bbox 480 622 769 676; x_wconf 83' lang='grc' dir='ltr'><strong>συνάπτων</strong></span> <span class='ocrx_word' id='word_1_31' title='bbox 794 619 936 674; x_wconf 82' lang='grc' dir='ltr'>σὺτά</span> <span class='ocrx_word' id='word_1_32' title='bbox 955 620 1051 674; x_wconf 70' lang='grc' dir='ltr'><strong>καὶ</strong></span> <span class='ocrx_word' id='word_1_33' title='bbox 1081 621 1110 673; x_wconf 92' lang='lat'><strong>6</strong></span> <span class='ocrx_word' id='word_1_34' title='bbox 1149 620 1339 692; x_wconf 84' lang='grc' dir='ltr'>Σωτὴρ</span> <span class='ocrx_word' id='word_1_35' title='bbox 1363 622 1447 689; x_wconf 79' lang='grc' dir='ltr'><strong>ἐφ’</strong></span> <span class='ocrx_word' id='word_1_36' title='bbox 1476 620 1692 685; x_wconf 85' lang='grc' dir='ltr'>ἑαυτοῦ,</span> <span class='ocrx_word' id='word_1_37' title='bbox 1721 622 1818 677; x_wconf 71' lang='grc' dir='ltr'>καὶ</span> 
     </span>
    </p>
   </div>
   <div class='ocr_carea' id='block_1_6' title="bbox 234 711 1816 784">
    <p class='ocr_par' dir='ltr' id='par_1_6' title="bbox 234 711 1816 784">
     <span class='ocr_line' id='line_1_6' title="bbox 234 711 1816 784; baseline -0.001 -17"><span class='ocrx_word' id='word_1_38' title='bbox 234 714 432 782; x_wconf 77' lang='grc' dir='ltr'>λέγων·</span> <span class='ocrx_word' id='word_1_39' title='bbox 480 713 617 784; x_wconf 82' lang='grc' dir='ltr'><strong>Ἐμή</strong></span> <span class='ocrx_word' id='word_1_40' title='bbox 657 711 820 784; x_wconf 85' lang='grc' dir='ltr'>βουλὴ</span> <span class='ocrx_word' id='word_1_41' title='bbox 874 713 966 765; x_wconf 77' lang='grc' dir='ltr'><strong>καὶ</strong></span> <span class='ocrx_word' id='word_1_42' title='bbox 1002 712 1296 780; x_wconf 84' lang='grc' dir='ltr'>ἀσφάλεια,</span> <span class='ocrx_word' id='word_1_43' title='bbox 1339 712 1450 782; x_wconf 78' lang='grc' dir='ltr'><strong>ἐμὴ</strong></span> <span class='ocrx_word' id='word_1_44' title='bbox 1512 715 1816 783; x_wconf 81' lang='grc' dir='ltr'>φρόνησις,</span> 
     </span>
    </p>
   </div>
   <div class='ocr_carea' id='block_1_7' title="bbox 237 798 1819 874">
    <p class='ocr_par' dir='ltr' id='par_1_7' title="bbox 237 798 1819 874">
     <span class='ocr_line' id='line_1_7' title="bbox 237 798 1819 874; baseline -0.003 -18"><span class='ocrx_word' id='word_1_45' title='bbox 237 803 346 874; x_wconf 75' lang='grc' dir='ltr'><strong>ἐμὴ</strong></span> <span class='ocrx_word' id='word_1_46' title='bbox 365 802 422 854; x_wconf 80' lang='grc' dir='ltr'>δὲ</span> <span class='ocrx_word' id='word_1_47' title='bbox 451 802 623 872; x_wconf 80' lang='grc' dir='ltr'>ἰσχύς.</span> <span class='ocrx_word' id='word_1_48' title='bbox 647 801 859 872; x_wconf 80' lang='grc' dir='ltr'>Ὥσπερ</span> <span class='ocrx_word' id='word_1_49' title='bbox 902 800 1010 870; x_wconf 85' lang='grc' dir='ltr'>γὰρ</span> <span class='ocrx_word' id='word_1_50' title='bbox 1034 798 1304 869; x_wconf 78' lang='grc' dir='ltr'>ἀσφάλεια</span> <span class='ocrx_word' id='word_1_51' title='bbox 1332 800 1425 852; x_wconf 74' lang='grc' dir='ltr'>καὶ</span> <span class='ocrx_word' id='word_1_52' title='bbox 1448 799 1603 868; x_wconf 74' lang='grc' dir='ltr'>ἰσχὺς</span> <span class='ocrx_word' id='word_1_53' title='bbox 1625 798 1819 851; x_wconf 89' lang='grc' dir='ltr'>ταυτόν</span> 
     </span>
    </p>
   </div>
   <div class='ocr_carea' id='block_1_8' title="bbox 236 880 1821 960">
    <p class='ocr_par' dir='ltr' id='par_1_8' title="bbox 236 880 1821 960">
     <span class='ocr_line' id='line_1_8' title="bbox 236 880 1821 960; baseline -0.005 -14"><span class='ocrx_word' id='word_1_54' title='bbox 236 895 409 957; x_wconf 81' lang='grc' dir='ltr'>ἐστιν,</span> <span class='ocrx_word' id='word_1_55' title='bbox 449 890 594 945; x_wconf 81' lang='grc' dir='ltr'>οὕτω</span> <span class='ocrx_word' id='word_1_56' title='bbox 646 891 739 944; x_wconf 80' lang='grc' dir='ltr'>καὶ</span> <span class='ocrx_word' id='word_1_57' title='bbox 785 889 948 960; x_wconf 84' lang='grc' dir='ltr'>βουλὴ</span> <span class='ocrx_word' id='word_1_58' title='bbox 1000 889 1097 942; x_wconf 73' lang='grc' dir='ltr'>καὶ</span> <span class='ocrx_word' id='word_1_59' title='bbox 1151 886 1435 958; x_wconf 82' lang='grc' dir='ltr'>φρόνησις.</span> <span class='ocrx_word' id='word_1_60' title='bbox 1471 887 1537 940; x_wconf 81' lang='grc' dir='ltr'><strong>Εἰ</strong></span> <span class='ocrx_word' id='word_1_61' title='bbox 1593 886 1691 956; x_wconf 85' lang='grc' dir='ltr'>μὲν</span> <span class='ocrx_word' id='word_1_62' title='bbox 1728 880 1821 939; x_wconf 84' lang='grc' dir='ltr'>οὖν</span> 
     </span>
    </p>
   </div>
   <div class='ocr_carea' id='block_1_9' title="bbox 235 977 1816 1057">
    <p class='ocr_par' dir='ltr' id='par_1_9' title="bbox 235 977 1816 1057">
     <span class='ocr_line' id='line_1_9' title="bbox 235 977 1816 1057; baseline -0.006 -18"><span class='ocrx_word' id='word_1_63' title='bbox 235 984 451 1057; x_wconf 74' lang='grc' dir='ltr'>ἄφρονά</span> <span class='ocrx_word' id='word_1_64' title='bbox 488 1000 618 1037; x_wconf 87' lang='grc' dir='ltr'>ποτε</span> <span class='ocrx_word' id='word_1_65' title='bbox 672 981 992 1036; x_wconf 86' lang='grc' dir='ltr'>πιστεύουσι</span> <span class='ocrx_word' id='word_1_66' title='bbox 1052 980 1383 1051; x_wconf 83' lang='grc' dir='ltr'>γεγενῆσθαι</span> <span class='ocrx_word' id='word_1_67' title='bbox 1436 977 1528 1031; x_wconf 75' lang='grc' dir='ltr'><strong>τὸν</strong></span> <span class='ocrx_word' id='word_1_68' title='bbox 1561 978 1816 1048; x_wconf 84' lang='grc' dir='ltr'>Πατέρα.</span> 
     </span>
    </p>
   </div>
   <div class='ocr_carea' id='block_1_10' title="bbox 236 1069 1816 1148">
    <p class='ocr_par' dir='ltr' id='par_1_10' title="bbox 236 1069 1816 1148">
     <span class='ocr_line' id='line_1_10' title="bbox 236 1069 1816 1148; baseline -0.005 -19"><span class='ocrx_word' id='word_1_69' title='bbox 236 1076 602 1148; x_wconf 78' lang='grc' dir='ltr'>ὲρωτάτωσαν</span> <span class='ocrx_word' id='word_1_70' title='bbox 631 1077 679 1128; x_wconf 82' lang='grc' dir='ltr'>εἰ</span> <span class='ocrx_word' id='word_1_71' title='bbox 717 1076 772 1127; x_wconf 80' lang='grc' dir='ltr'>ὲν</span> <span class='ocrx_word' id='word_1_72' title='bbox 802 1074 1063 1145; x_wconf 84' lang='grc' dir='ltr'>φρονήσει</span> <span class='ocrx_word' id='word_1_73' title='bbox 1122 1072 1422 1142; x_wconf 80' lang='grc' dir='ltr'><strong>γεγέννηκε</strong></span> <span class='ocrx_word' id='word_1_74' title='bbox 1442 1072 1536 1123; x_wconf 82' lang='grc' dir='ltr'>τὸν</span> <span class='ocrx_word' id='word_1_75' title='bbox 1558 1069 1707 1123; x_wconf 76' lang='grc' dir='ltr'><strong>Υἱόν.</strong></span> <span class='ocrx_word' id='word_1_76' title='bbox 1753 1070 1816 1122; x_wconf 82' lang='lat' dir='ltr'><strong>Ei</strong></span> 
     </span>
    </p>
   </div>
   <div class='ocr_carea' id='block_1_11' title="bbox 237 1162 1823 1242">
    <p class='ocr_par' dir='ltr' id='par_1_11' title="bbox 237 1162 1823 1242">
     <span class='ocr_line' id='line_1_11' title="bbox 237 1162 1823 1242; baseline -0.007 -17"><span class='ocrx_word' id='word_1_77' title='bbox 237 1170 297 1225; x_wconf 82' lang='grc' dir='ltr'>δὲ</span> <span class='ocrx_word' id='word_1_78' title='bbox 317 1169 598 1242; x_wconf 81' lang='grc' dir='ltr'><strong>φρίττουσι</strong></span> <span class='ocrx_word' id='word_1_79' title='bbox 644 1168 804 1222; x_wconf 84' lang='grc' dir='ltr'>τοῦτο</span> <span class='ocrx_word' id='word_1_80' title='bbox 848 1169 945 1220; x_wconf 68' lang='grc' dir='ltr'>καὶ</span> <span class='ocrx_word' id='word_1_81' title='bbox 1010 1165 1170 1235; x_wconf 85' lang='grc' dir='ltr'>μόνον</span> <span class='ocrx_word' id='word_1_82' title='bbox 1213 1164 1523 1227; x_wconf 82' lang='grc' dir='ltr'>ἀκούοντες,</span> <span class='ocrx_word' id='word_1_83' title='bbox 1555 1162 1672 1225; x_wconf 86' lang='grc' dir='ltr'>πῶς</span> <span class='ocrx_word' id='word_1_84' title='bbox 1722 1163 1823 1216; x_wconf 85' lang='grc' dir='ltr'><strong>ούκ</strong></span> 
     </span>
    </p>
   </div>
   <div class='ocr_carea' id='block_1_12' title="bbox 240 1254 1814 1332">
    <p class='ocr_par' dir='ltr' id='par_1_12' title="bbox 240 1254 1814 1332">
     <span class='ocr_line' id='line_1_12' title="bbox 240 1254 1814 1332; baseline -0.005 -17"><span class='ocrx_word' id='word_1_85' title='bbox 240 1261 441 1325; x_wconf 81' lang='grc' dir='ltr'>ἀσεϐὲς</span> <span class='ocrx_word' id='word_1_86' title='bbox 477 1262 539 1315; x_wconf 79' lang='grc' dir='ltr'>τὸ</span> <span class='ocrx_word' id='word_1_87' title='bbox 569 1262 780 1332; x_wconf 74' lang='grc' dir='ltr'>ἐρωτᾷν</span> <span class='ocrx_word' id='word_1_88' title='bbox 809 1259 904 1312; x_wconf 74' lang='grc' dir='ltr'>καὶ</span> <span class='ocrx_word' id='word_1_89' title='bbox 931 1258 1109 1326; x_wconf 84' lang='grc' dir='ltr'>λέγειν</span> <span class='ocrx_word' id='word_1_90' title='bbox 1143 1258 1226 1325; x_wconf 71' lang='grc' dir='ltr'><strong>ἐφ’</strong></span> <span class='ocrx_word' id='word_1_91' title='bbox 1258 1255 1389 1309; x_wconf 81' lang='grc' dir='ltr'>Υἱού</span> <span class='ocrx_word' id='word_1_92' title='bbox 1431 1255 1512 1308; x_wconf 85' lang='grc' dir='ltr'><strong>τό·</strong></span> <span class='ocrx_word' id='word_1_93' title='bbox 1550 1254 1814 1323; x_wconf 87' lang='grc' dir='ltr'>Βουλήσει</span> 
     </span>
    </p>
   </div>
   <div class='ocr_carea' id='block_1_13' title="bbox 240 1346 1824 1424">
    <p class='ocr_par' dir='ltr' id='par_1_13' title="bbox 240 1346 1824 1424">
     <span class='ocr_line' id='line_1_13' title="bbox 240 1346 1824 1424; baseline -0.006 -17"><span class='ocrx_word' id='word_1_94' title='bbox 240 1353 609 1424; x_wconf 81' lang='grc' dir='ltr'>γεγένηται,ή</span> <span class='ocrx_word' id='word_1_95' title='bbox 641 1354 750 1424; x_wconf 88' lang='grc' dir='ltr'>μή;</span> <span class='ocrx_word' id='word_1_96' title='bbox 776 1349 1046 1420; x_wconf 76' lang='grc' dir='ltr'><strong>τοσαύτην</strong></span> <span class='ocrx_word' id='word_1_97' title='bbox 1078 1348 1172 1403; x_wconf 82' lang='grc' dir='ltr'>τοῦ</span> <span class='ocrx_word' id='word_1_98' title='bbox 1201 1348 1359 1417; x_wconf 81' lang='grc' dir='ltr'><strong>λόγου</strong></span> <span class='ocrx_word' id='word_1_99' title='bbox 1386 1346 1483 1419; x_wconf 82' lang='grc' dir='ltr'>τὴν</span> <span class='ocrx_word' id='word_1_100' title='bbox 1512 1346 1824 1417; x_wconf 74' lang='grc' dir='ltr'><strong>δυσφημίαν</strong></span> 
     </span>
    </p>
   </div>
   <div class='ocr_carea' id='block_1_14' title="bbox 242 1444 604 1515">
    <p class='ocr_par' dir='ltr' id='par_1_14' title="bbox 242 1444 604 1515">
     <span class='ocr_line' id='line_1_14' title="bbox 242 1444 604 1515; baseline -0.003 -19"><span class='ocrx_word' id='word_1_101' title='bbox 242 1444 604 1515; x_wconf 72' lang='grc' dir='ltr'><strong>εἰσφέροντας.</strong></span> 
     </span>
    </p>
   </div>
   <div class='ocr_carea' id='block_1_15' title="bbox 935 1556 1140 1610">
    <p class='ocr_par' dir='ltr' id='par_1_15' title="bbox 935 1556 1140 1610">
     <span class='ocr_line' id='line_1_15' title="bbox 935 1556 1140 1610; baseline 0.01 -2"><span class='ocrx_word' id='word_1_102' title='bbox 935 1556 1140 1610; x_wconf 79' lang='grc' dir='ltr'><strong>ΔΛΛΟ.</strong></span> 
     </span>
    </p>
   </div>
   <div class='ocr_carea' id='block_1_16' title="bbox 325 1667 1827 1741">
    <p class='ocr_par' dir='ltr' id='par_1_16' title="bbox 325 1667 1827 1741">
     <span class='ocr_line' id='line_1_16' title="bbox 325 1667 1827 1741; baseline -0.002 -16"><span class='ocrx_word' id='word_1_103' title='bbox 325 1669 382 1725; x_wconf 85' lang='grc' dir='ltr'>Ὀ</span> <span class='ocrx_word' id='word_1_104' title='bbox 414 1668 685 1741; x_wconf 84' lang='grc' dir='ltr'>μακάριος</span> <span class='ocrx_word' id='word_1_105' title='bbox 721 1667 933 1732; x_wconf 78' lang='grc' dir='ltr'><strong>Παῦλος</strong></span> <span class='ocrx_word' id='word_1_106' title='bbox 959 1669 1057 1740; x_wconf 81' lang='grc' dir='ltr'><strong>τήν</strong></span> <span class='ocrx_word' id='word_1_107' title='bbox 1084 1668 1505 1738; x_wconf 82' lang='grc' dir='ltr'>ἀπαράλλακτον</span> <span class='ocrx_word' id='word_1_108' title='bbox 1531 1668 1827 1740; x_wconf 80' lang='grc' dir='ltr'>ὁμοιότητα</span> 
     </span>
    </p>
   </div>
   <div class='ocr_carea' id='block_1_17' title="bbox 242 1759 1823 1832">
    <p class='ocr_par' dir='ltr' id='par_1_17' title="bbox 242 1759 1823 1832">
     <span class='ocr_line' id='line_1_17' title="bbox 242 1759 1823 1832; baseline -0.003 -16"><span class='ocrx_word' id='word_1_109' title='bbox 242 1761 528 1827; x_wconf 83' lang='grc' dir='ltr'><strong>δεικνύων,</strong></span> <span class='ocrx_word' id='word_1_110' title='bbox 561 1762 628 1832; x_wconf 80' lang='grc' dir='ltr'><strong>ήν</strong></span> <span class='ocrx_word' id='word_1_111' title='bbox 652 1762 681 1815; x_wconf 96' lang='lat'><strong>6</strong></span> <span class='ocrx_word' id='word_1_112' title='bbox 708 1761 835 1824; x_wconf 72' lang='grc' dir='ltr'>Υἱὸς</span> <span class='ocrx_word' id='word_1_113' title='bbox 885 1760 999 1831; x_wconf 78' lang='grc' dir='ltr'><strong>ἔχει</strong></span> <span class='ocrx_word' id='word_1_114' title='bbox 1029 1760 1165 1832; x_wconf 81' lang='grc' dir='ltr'>πρὸς</span> <span class='ocrx_word' id='word_1_115' title='bbox 1199 1760 1291 1813; x_wconf 87' lang='grc' dir='ltr'>τὸν</span> <span class='ocrx_word' id='word_1_116' title='bbox 1327 1759 1524 1814; x_wconf 78' lang='grc' dir='ltr'>ἑαυτοῦ</span> <span class='ocrx_word' id='word_1_117' title='bbox 1568 1759 1786 1831; x_wconf 78' lang='grc' dir='ltr'>Πατέρα</span> <span class='ocrx_word' id='word_1_118' title='bbox 1808 1802 1823 1825; x_wconf 87' lang='grc'><em>,</em></span> 
     </span>
    </p>
   </div>
   <div class='ocr_carea' id='block_1_18' title="bbox 1922 532 3501 604">
    <p class='ocr_par' dir='ltr' id='par_1_18' title="bbox 1922 532 3501 604">
     <span class='ocr_line' id='line_1_18' title="bbox 1922 532 3501 604; baseline 0.001 -15"><span class='ocrx_word' id='word_1_119' title='bbox 1922 541 2028 596; x_wconf 87' lang='lat' dir='ltr'><strong>est.</strong></span> <span class='ocrx_word' id='word_1_120' title='bbox 2052 532 2193 588; x_wconf 87' lang='lat' dir='ltr'><strong>idem</strong></span> <span class='ocrx_word' id='word_1_121' title='bbox 2224 542 2279 588; x_wconf 87' lang='lat' dir='ltr'><strong>et</strong></span> <span class='ocrx_word' id='word_1_122' title='bbox 2310 534 2593 590; x_wconf 89' lang='lat' dir='ltr'><strong>deliberat.</strong></span> <span class='ocrx_word' id='word_1_123' title='bbox 2620 535 2795 604; x_wconf 86' lang='lat' dir='ltr'><strong>Atque</strong></span> <span class='ocrx_word' id='word_1_124' title='bbox 2836 535 2911 589; x_wconf 88' lang='lat' dir='ltr'><strong>ita</strong></span> <span class='ocrx_word' id='word_1_125' title='bbox 2953 536 3214 591; x_wconf 87' lang='lat' dir='ltr'><strong>Servator</strong></span> <span class='ocrx_word' id='word_1_126' title='bbox 3242 538 3354 604; x_wconf 91' lang='lat' dir='ltr'><strong>ipse</strong></span> <span class='ocrx_word' id='word_1_127' title='bbox 3384 536 3501 590; x_wconf 66' lang='lat' dir='ltr'><strong>haec</strong></span> 
     </span>
    </p>
   </div>
   <div class='ocr_carea' id='block_1_19' title="bbox 1924 626 3499 698">
    <p class='ocr_par' dir='ltr' id='par_1_19' title="bbox 1924 626 3499 698">
     <span class='ocr_line' id='line_1_19' title="bbox 1924 626 3499 698; baseline 0.001 -18"><span class='ocrx_word' id='word_1_128' title='bbox 1924 626 2087 681; x_wconf 85' lang='lat' dir='ltr'><strong>veluti</strong></span> <span class='ocrx_word' id='word_1_129' title='bbox 2117 627 2513 697; x_wconf 67' lang='lat' dir='ltr'><strong>aequipollentia</strong></span> <span class='ocrx_word' id='word_1_130' title='bbox 2541 628 2822 698; x_wconf 87' lang='lat' dir='ltr'><strong>conjungit</strong></span> <span class='ocrx_word' id='word_1_131' title='bbox 2850 629 3037 685; x_wconf 88' lang='lat' dir='ltr'><strong>dicens</strong></span> <span class='ocrx_word' id='word_1_132' title='bbox 3066 630 3130 684; x_wconf 86' lang='lat' dir='ltr'><strong>de</strong></span> <span class='ocrx_word' id='word_1_133' title='bbox 3176 644 3235 685; x_wconf 91' lang='lat' dir='ltr'><strong>se</strong></span> <span class='ocrx_word' id='word_1_134' title='bbox 3272 648 3285 684; x_wconf 94' lang='lat'>:</span> <span class='ocrx_word' id='word_1_135' title='bbox 3322 628 3499 683; x_wconf 84' lang='lat' dir='ltr'><strong>Meum</strong></span> 
     </span>
    </p>
   </div>
   <div class='ocr_carea' id='block_1_20' title="bbox 1925 719 3492 792">
    <p class='ocr_par' dir='ltr' id='par_1_20' title="bbox 1925 719 3492 792">
     <span class='ocr_line' id='line_1_20' title="bbox 1925 719 3492 792; baseline 0.002 -19"><span class='ocrx_word' id='word_1_136' title='bbox 1925 728 2009 773; x_wconf 88' lang='lat' dir='ltr'><strong>est</strong></span> <span class='ocrx_word' id='word_1_137' title='bbox 2046 719 2328 773; x_wconf 89' lang='lat' dir='ltr'><strong>consilium</strong></span> <span class='ocrx_word' id='word_1_138' title='bbox 2357 730 2414 773; x_wconf 89' lang='lat' dir='ltr'><strong>et</strong></span> <span class='ocrx_word' id='word_1_139' title='bbox 2464 720 2650 785; x_wconf 91' lang='lat' dir='ltr'><strong>tutela,</strong></span> <span class='ocrx_word' id='word_1_140' title='bbox 2681 735 2797 774; x_wconf 90' lang='lat' dir='ltr'><strong>mea</strong></span> <span class='ocrx_word' id='word_1_141' title='bbox 2849 719 2957 792; x_wconf 75' lang='lat'><strong>56</strong></span> <span class='ocrx_word' id='word_1_142' title='bbox 2990 721 3270 790; x_wconf 85' lang='lat' dir='ltr'><strong>prudentia</strong></span> <span class='ocrx_word' id='word_1_143' title='bbox 3317 730 3372 775; x_wconf 89' lang='lat' dir='ltr'><strong>et</strong></span> <span class='ocrx_word' id='word_1_144' title='bbox 3397 737 3492 790; x_wconf 83' lang='lat' dir='ltr'><strong>po—</strong></span> 
     </span>
    </p>
   </div>
   <div class='ocr_carea' id='block_1_21' title="bbox 1927 807 3501 880">
    <p class='ocr_par' dir='ltr' id='par_1_21' title="bbox 1927 807 3501 880">
     <span class='ocr_line' id='line_1_21' title="bbox 1927 807 3501 880; baseline 0.002 -19"><span class='ocrx_word' id='word_1_145' title='bbox 1927 807 2113 862; x_wconf 83' lang='lat' dir='ltr'><strong>tentia.</strong></span> <span class='ocrx_word' id='word_1_146' title='bbox 2140 807 2605 875; x_wconf 83' lang='lat' dir='ltr'><strong>Quemadmodum</strong></span> <span class='ocrx_word' id='word_1_147' title='bbox 2637 812 2778 864; x_wconf 86' lang='lat' dir='ltr'><strong>enim</strong></span> <span class='ocrx_word' id='word_1_148' title='bbox 2814 814 2979 866; x_wconf 84' lang='lat' dir='ltr'><strong>tutela</strong></span> <span class='ocrx_word' id='word_1_149' title='bbox 3008 824 3062 865; x_wconf 90' lang='lat' dir='ltr'><strong>et</strong></span> <span class='ocrx_word' id='word_1_150' title='bbox 3093 812 3329 880; x_wconf 90' lang='lat' dir='ltr'><strong>potentia</strong></span> <span class='ocrx_word' id='word_1_151' title='bbox 3360 812 3501 865; x_wconf 89' lang='lat' dir='ltr'><strong>idem</strong></span> 
     </span>
    </p>
   </div>
   <div class='ocr_carea' id='block_1_22' title="bbox 1927 900 3504 973">
    <p class='ocr_par' dir='ltr' id='par_1_22' title="bbox 1927 900 3504 973">
     <span class='ocr_line' id='line_1_22' title="bbox 1927 900 3504 973; baseline 0.003 -19"><span class='ocrx_word' id='word_1_152' title='bbox 1927 907 2093 963; x_wconf 82' lang='lat' dir='ltr'><strong>sunt;</strong></span> <span class='ocrx_word' id='word_1_153' title='bbox 2143 900 2218 954; x_wconf 88' lang='lat' dir='ltr'><strong>ita</strong></span> <span class='ocrx_word' id='word_1_154' title='bbox 2264 901 2429 956; x_wconf 87' lang='lat' dir='ltr'><strong>etiam</strong></span> <span class='ocrx_word' id='word_1_155' title='bbox 2486 902 2806 957; x_wconf 85' lang='lat' dir='ltr'><strong>deliberatio</strong></span> <span class='ocrx_word' id='word_1_156' title='bbox 2837 913 2892 956; x_wconf 92' lang='lat' dir='ltr'><strong>et</strong></span> <span class='ocrx_word' id='word_1_157' title='bbox 2924 904 3234 973; x_wconf 86' lang='lat' dir='ltr'><strong>prudentia.</strong></span> <span class='ocrx_word' id='word_1_158' title='bbox 3276 903 3335 958; x_wconf 91' lang='lat' dir='ltr'><strong>Si</strong></span> <span class='ocrx_word' id='word_1_159' title='bbox 3372 918 3504 972; x_wconf 80' lang='lat' dir='ltr'><strong>ergo</strong></span> 
     </span>
    </p>
   </div>
   <div class='ocr_carea' id='block_1_23' title="bbox 1928 991 3501 1064">
    <p class='ocr_par' dir='ltr' id='par_1_23' title="bbox 1928 991 3501 1064">
     <span class='ocr_line' id='line_1_23' title="bbox 1928 991 3501 1064; baseline 0.001 -19"><span class='ocrx_word' id='word_1_160' title='bbox 1928 991 2319 1061; x_wconf 83' lang='lat' dir='ltr'><strong>imprudentem</strong></span> <span class='ocrx_word' id='word_1_161' title='bbox 2354 993 2645 1064; x_wconf 87' lang='lat' dir='ltr'><strong>aliquando</strong></span> <span class='ocrx_word' id='word_1_162' title='bbox 2673 993 2846 1049; x_wconf 81' lang='lat' dir='ltr'><strong>fuisse</strong></span> <span class='ocrx_word' id='word_1_163' title='bbox 2873 995 3091 1049; x_wconf 89' lang='lat' dir='ltr'><strong>Patrem</strong></span> <span class='ocrx_word' id='word_1_164' title='bbox 3152 994 3501 1057; x_wconf 82' lang='lat' dir='ltr'><strong>existimant,</strong></span> 
     </span>
    </p>
   </div>
   <div class='ocr_carea' id='block_1_24' title="bbox 1928 1084 3504 1156">
    <p class='ocr_par' dir='ltr' id='par_1_24' title="bbox 1928 1084 3504 1156">
     <span class='ocr_line' id='line_1_24' title="bbox 1928 1084 3504 1156; baseline -0.001 -16"><span class='ocrx_word' id='word_1_165' title='bbox 1928 1085 2261 1155; x_wconf 79' lang='lat' dir='ltr'><strong>interrogent</strong></span> <span class='ocrx_word' id='word_1_166' title='bbox 2288 1101 2357 1139; x_wconf 89' lang='lat' dir='ltr'><strong>an</strong></span> <span class='ocrx_word' id='word_1_167' title='bbox 2385 1085 2438 1140; x_wconf 92' lang='lat' dir='ltr'><strong>in</strong></span> <span class='ocrx_word' id='word_1_168' title='bbox 2469 1086 2753 1156; x_wconf 82' lang='lat' dir='ltr'><strong>prudentia</strong></span> <span class='ocrx_word' id='word_1_169' title='bbox 2796 1086 3049 1155; x_wconf 73' lang='lat' dir='ltr'><strong>genuerit</strong></span> <span class='ocrx_word' id='word_1_170' title='bbox 3091 1085 3308 1140; x_wconf 85' lang='lat' dir='ltr'><strong>Filium.</strong></span> <span class='ocrx_word' id='word_1_171' title='bbox 3359 1085 3427 1137; x_wconf 80' lang='lat' dir='ltr'><strong>At</strong></span> <span class='ocrx_word' id='word_1_172' title='bbox 3459 1084 3504 1138; x_wconf 88' lang='lat' dir='ltr'><strong>si</strong></span> 
     </span>
    </p>
   </div>
   <div class='ocr_carea' id='block_1_25' title="bbox 1930 1176 3505 1248">
    <p class='ocr_par' dir='ltr' id='par_1_25' title="bbox 1930 1176 3505 1248">
     <span class='ocr_line' id='line_1_25' title="bbox 1930 1176 3505 1248; baseline -0.001 -18"><span class='ocrx_word' id='word_1_173' title='bbox 1930 1177 2013 1231; x_wconf 87' lang='lat' dir='ltr'><strong>vel</strong></span> <span class='ocrx_word' id='word_1_174' title='bbox 2053 1178 2104 1232; x_wconf 92' lang='lat' dir='ltr'><strong>id</strong></span> <span class='ocrx_word' id='word_1_175' title='bbox 2137 1176 2419 1232; x_wconf 84' lang='lat' dir='ltr'><strong>audientes</strong></span> <span class='ocrx_word' id='word_1_176' title='bbox 2446 1178 2890 1248; x_wconf 89' lang='lat' dir='ltr'><strong>perhorrescant,</strong></span> <span class='ocrx_word' id='word_1_177' title='bbox 2922 1193 3032 1248; x_wconf 92' lang='lat' dir='ltr'><strong>quo</strong></span> <span class='ocrx_word' id='word_1_178' title='bbox 3057 1186 3219 1246; x_wconf 92' lang='lat' dir='ltr'><strong>pacto</strong></span> <span class='ocrx_word' id='word_1_179' title='bbox 3252 1193 3358 1230; x_wconf 90' lang='lat' dir='ltr'><strong>non</strong></span> <span class='ocrx_word' id='word_1_180' title='bbox 3400 1176 3505 1230; x_wconf 87' lang='lat' dir='ltr'><strong>im-</strong></span> 
     </span>
    </p>
   </div>
   <div class='ocr_carea' id='block_1_26' title="bbox 1930 1267 3508 1339">
    <p class='ocr_par' dir='ltr' id='par_1_26' title="bbox 1930 1267 3508 1339">
     <span class='ocr_line' id='line_1_26' title="bbox 1930 1267 3508 1339; baseline 0.001 -18"><span class='ocrx_word' id='word_1_181' title='bbox 1930 1267 2075 1336; x_wconf 91' lang='lat' dir='ltr'><strong>pium</strong></span> <span class='ocrx_word' id='word_1_182' title='bbox 2104 1268 2265 1323; x_wconf 81' lang='lat' dir='ltr'><strong>fuerit</strong></span> <span class='ocrx_word' id='word_1_183' title='bbox 2289 1268 2629 1339; x_wconf 84' lang='lat' dir='ltr'><strong>interrogare</strong></span> <span class='ocrx_word' id='word_1_184' title='bbox 2650 1285 2713 1323; x_wconf 87' lang='lat' dir='ltr'><strong>ac</strong></span> <span class='ocrx_word' id='word_1_185' title='bbox 2739 1270 2923 1324; x_wconf 87' lang='lat' dir='ltr'><strong>dicere</strong></span> <span class='ocrx_word' id='word_1_186' title='bbox 2969 1274 3035 1324; x_wconf 88' lang='lat' dir='ltr'><strong>de</strong></span> <span class='ocrx_word' id='word_1_187' title='bbox 3077 1270 3215 1324; x_wconf 85' lang='lat' dir='ltr'><strong>Filio</strong></span> <span class='ocrx_word' id='word_1_188' title='bbox 3255 1287 3268 1322; x_wconf 91' lang='lat'><strong>:</strong></span> <span class='ocrx_word' id='word_1_189' title='bbox 3300 1269 3380 1323; x_wconf 82' lang='lat' dir='ltr'><strong>An</strong></span> <span class='ocrx_word' id='word_1_190' title='bbox 3414 1283 3508 1323; x_wconf 88' lang='lat' dir='ltr'><strong>vo-</strong></span> 
     </span>
    </p>
   </div>
   <div class='ocr_carea' id='block_1_27' title="bbox 1931 1360 3509 1428">
    <p class='ocr_par' dir='ltr' id='par_1_27' title="bbox 1931 1360 3509 1428">
     <span class='ocr_line' id='line_1_27' title="bbox 1931 1360 3509 1428; baseline -0.003 -12"><span class='ocrx_word' id='word_1_191' title='bbox 1931 1362 2138 1416; x_wconf 89' lang='lat' dir='ltr'><strong>luntate</strong></span> <span class='ocrx_word' id='word_1_192' title='bbox 2169 1360 2343 1417; x_wconf 82' lang='lat' dir='ltr'><strong>factus</strong></span> <span class='ocrx_word' id='word_1_193' title='bbox 2363 1361 2452 1427; x_wconf 85' lang='lat' dir='ltr'><strong>sit,</strong></span> <span class='ocrx_word' id='word_1_194' title='bbox 2502 1362 2718 1416; x_wconf 82' lang='lat' dir='ltr'><strong>necne?</strong></span> <span class='ocrx_word' id='word_1_195' title='bbox 2746 1378 2866 1416; x_wconf 91' lang='lat' dir='ltr'><strong>cum</strong></span> <span class='ocrx_word' id='word_1_196' title='bbox 2895 1365 2996 1416; x_wconf 91' lang='lat' dir='ltr'><strong>hnc</strong></span> <span class='ocrx_word' id='word_1_197' title='bbox 3017 1364 3083 1416; x_wconf 90' lang='lat' dir='ltr'><strong>ad</strong></span> <span class='ocrx_word' id='word_1_198' title='bbox 3113 1372 3316 1416; x_wconf 83' lang='lat' dir='ltr'><strong>tantam</strong></span> <span class='ocrx_word' id='word_1_199' title='bbox 3346 1369 3509 1428; x_wconf 91' lang='lat' dir='ltr'><strong>atque</strong></span> 
     </span>
    </p>
   </div>
   <div class='ocr_carea' id='block_1_28' title="bbox 1932 1453 3148 1525">
    <p class='ocr_par' dir='ltr' id='par_1_28' title="bbox 1932 1453 3148 1525">
     <span class='ocr_line' id='line_1_28' title="bbox 1932 1453 3148 1525; baseline 0 -17"><span class='ocrx_word' id='word_1_200' title='bbox 1932 1454 2062 1509; x_wconf 88' lang='lat' dir='ltr'><strong>illud</strong></span> <span class='ocrx_word' id='word_1_201' title='bbox 2091 1454 2144 1508; x_wconf 89' lang='lat' dir='ltr'><strong>in</strong></span> <span class='ocrx_word' id='word_1_202' title='bbox 2170 1453 2403 1509; x_wconf 81' lang='lat' dir='ltr'><strong>Verbum</strong></span> <span class='ocrx_word' id='word_1_203' title='bbox 2435 1453 2829 1523; x_wconf 87' lang='lat' dir='ltr'><strong>blasphemiam</strong></span> <span class='ocrx_word' id='word_1_204' title='bbox 2856 1455 3148 1525; x_wconf 89' lang='lat' dir='ltr'><strong>pertineat.</strong></span> 
     </span>
    </p>
   </div>
   <div class='ocr_carea' id='block_1_29' title="bbox 2600 1565 2837 1624">
    <p class='ocr_par' dir='ltr' id='par_1_29' title="bbox 2600 1565 2837 1624">
     <span class='ocr_line' id='line_1_29' title="bbox 2600 1565 2837 1624; baseline 0 -2"><span class='ocrx_word' id='word_1_205' title='bbox 2600 1565 2837 1624; x_wconf 80' lang='lat' dir='ltr'><strong>ALIUD.</strong></span> 
     </span>
    </p>
   </div>
   <div class='ocr_carea' id='block_1_30' title="bbox 2005 1676 3514 1751">
    <p class='ocr_par' dir='ltr' id='par_1_30' title="bbox 2005 1676 3514 1751">
     <span class='ocr_line' id='line_1_30' title="bbox 2005 1676 3514 1751; baseline -0.006 -13"><span class='ocrx_word' id='word_1_206' title='bbox 2005 1682 2203 1738; x_wconf 88' lang='lat' dir='ltr'><strong>Beatus</strong></span> <span class='ocrx_word' id='word_1_207' title='bbox 2241 1682 2460 1751; x_wconf 89' lang='lat' dir='ltr'><strong>Paulus,</strong></span> <span class='ocrx_word' id='word_1_208' title='bbox 2507 1682 2917 1739; x_wconf 86' lang='lat' dir='ltr'><strong>similitudinem</strong></span> <span class='ocrx_word' id='word_1_209' title='bbox 2955 1696 3118 1750; x_wconf 87' lang='lat' dir='ltr'><strong>quam</strong></span> <span class='ocrx_word' id='word_1_210' title='bbox 3149 1678 3319 1733; x_wconf 82' lang='lat' dir='ltr'><strong>Filius</strong></span> <span class='ocrx_word' id='word_1_211' title='bbox 3350 1676 3514 1732; x_wconf 86' lang='lat' dir='ltr'><strong>habet</strong></span> 
     </span>
    </p>
   </div>
   <div class='ocr_carea' id='block_1_31' title="bbox 1935 1771 3514 1838">
    <p class='ocr_par' dir='ltr' id='par_1_31' title="bbox 1935 1771 3514 1838">
     <span class='ocr_line' id='line_1_31' title="bbox 1935 1771 3514 1838; baseline -0.006 -7"><span class='ocrx_word' id='word_1_212' title='bbox 1935 1791 2056 1831; x_wconf 93' lang='lat' dir='ltr'><strong>cum</strong></span> <span class='ocrx_word' id='word_1_213' title='bbox 2088 1775 2249 1831; x_wconf 85' lang='lat' dir='ltr'><strong>Patre</strong></span> <span class='ocrx_word' id='word_1_214' title='bbox 2266 1776 2582 1838; x_wconf 88' lang='lat' dir='ltr'><strong>ostendens.</strong></span> <span class='ocrx_word' id='word_1_215' title='bbox 2634 1774 2712 1830; x_wconf 89' lang='lat' dir='ltr'><strong>ita</strong></span> <span class='ocrx_word' id='word_1_216' title='bbox 2762 1774 3005 1830; x_wconf 88' lang='lat' dir='ltr'><strong>scribit:</strong></span> <span class='ocrx_word' id='word_1_217' title='bbox 3068 1790 3086 1823; x_wconf 74' lang='grc' dir='ltr'><strong>ε</strong></span> <span class='ocrx_word' id='word_1_218' title='bbox 3124 1772 3225 1838; x_wconf 83' lang='lat' dir='ltr'><strong>Qui</strong></span> <span class='ocrx_word' id='word_1_219' title='bbox 3278 1785 3399 1825; x_wconf 92' lang='lat' dir='ltr'><strong>cum</strong></span> <span class='ocrx_word' id='word_1_220' title='bbox 3441 1771 3514 1823; x_wconf 88' lang='lat' dir='ltr'><strong>sit</strong></span> 
     </span>
    </p>
   </div>
   <div class='ocr_carea' id='block_1_32' title="bbox 244 1852 1832 1939">
    <p class='ocr_par' dir='ltr' id='par_1_32' title="bbox 244 1852 1830 1927">
     <span class='ocr_line' id='line_1_32' title="bbox 244 1852 1830 1927; baseline -0.002 -18"><span class='ocrx_word' id='word_1_221' title='bbox 244 1856 446 1927; x_wconf 82' lang='grc' dir='ltr'>γράφει</span> <span class='ocrx_word' id='word_1_222' title='bbox 476 1854 606 1927; x_wconf 76' lang='grc' dir='ltr'>περὶ</span> <span class='ocrx_word' id='word_1_223' title='bbox 632 1852 817 1907; x_wconf 77' lang='grc' dir='ltr'>αὑτοῦ·</span> <span class='ocrx_word' id='word_1_224' title='bbox 872 1873 890 1905; x_wconf 87' lang='grc'><strong><em>‹</em></strong></span> <span class='ocrx_word' id='word_1_225' title='bbox 931 1855 1026 1918; x_wconf 89' lang='grc' dir='ltr'>Ὃς</span> <span class='ocrx_word' id='word_1_226' title='bbox 1069 1853 1145 1906; x_wconf 85' lang='grc' dir='ltr'>ὢν</span> <span class='ocrx_word' id='word_1_227' title='bbox 1179 1852 1519 1924; x_wconf 82' lang='grc' dir='ltr'>ἀπαύγασμα</span> <span class='ocrx_word' id='word_1_228' title='bbox 1545 1853 1644 1924; x_wconf 81' lang='grc' dir='ltr'>τῆς</span> <span class='ocrx_word' id='word_1_229' title='bbox 1670 1852 1830 1923; x_wconf 79' lang='grc' dir='ltr'>δόξης</span> 
     </span>
    </p>
   </div>
   <div class='ocr_carea' id='block_1_33' title="bbox 1945 1852 3509 1939">
    <p class='ocr_par' dir='ltr' id='par_1_33' title="bbox 1945 1858 3509 1939">
     <span class='ocr_line' id='line_1_33' title="bbox 1945 1858 3509 1939; baseline -0.007 -17"><span class='ocrx_word' id='word_1_230' title='bbox 1945 1868 2183 1937; x_wconf 72' lang='lat' dir='ltr'><strong>splendor</strong></span> <span class='ocrx_word' id='word_1_231' title='bbox 2210 1868 2392 1939; x_wconf 68' lang='lat' dir='ltr'><strong>gloriae</strong></span> <span class='ocrx_word' id='word_1_232' title='bbox 2417 1876 2472 1923; x_wconf 93' lang='lat' dir='ltr'><strong>et</strong></span> <span class='ocrx_word' id='word_1_233' title='bbox 2508 1870 2797 1922; x_wconf 90' lang='lat' dir='ltr'><strong>character</strong></span> <span class='ocrx_word' id='word_1_234' title='bbox 2844 1866 3198 1935; x_wconf 84' lang='lat' dir='ltr'><strong>hypostaseos</strong></span> <span class='ocrx_word' id='word_1_235' title='bbox 3228 1861 3375 1916; x_wconf 87' lang='lat' dir='ltr'><strong>illius</strong></span> <span class='ocrx_word' id='word_1_236' title='bbox 3407 1858 3509 1913; x_wconf 72' lang='grc' dir='ltr'><strong>τ’.»</strong></span> 
     </span>
    </p>
   </div>
   <div class='ocr_carea' id='block_1_34' title="bbox 245 1950 1829 2023">
    <p class='ocr_par' dir='ltr' id='par_1_34' title="bbox 245 1950 1829 2023">
     <span class='ocr_line' id='line_1_34' title="bbox 245 1950 1829 2023; baseline -0.001 -18"><span class='ocrx_word' id='word_1_237' title='bbox 245 1953 341 2005; x_wconf 76' lang='grc' dir='ltr'>καὶ</span> <span class='ocrx_word' id='word_1_238' title='bbox 370 1952 659 2023; x_wconf 80' lang='grc' dir='ltr'>χαρακτὴρ</span> <span class='ocrx_word' id='word_1_239' title='bbox 689 1951 788 2021; x_wconf 75' lang='grc' dir='ltr'><strong>τῆς</strong></span> <span class='ocrx_word' id='word_1_240' title='bbox 851 1951 1201 2015; x_wconf 78' lang='grc' dir='ltr'>ὑποστάσεως</span> <span class='ocrx_word' id='word_1_241' title='bbox 1256 1950 1441 2006; x_wconf 83' lang='grc' dir='ltr'><strong>αὑτοῦ.</strong></span> <span class='ocrx_word' id='word_1_242' title='bbox 1481 1970 1500 2002; x_wconf 69' lang='grc' dir='ltr'><strong>ι</strong></span> <span class='ocrx_word' id='word_1_243' title='bbox 1541 1952 1603 2004; x_wconf 78' lang='lat' dir='ltr'><strong>Ei</strong></span> <span class='ocrx_word' id='word_1_244' title='bbox 1648 1950 1829 2005; x_wconf 84' lang='grc' dir='ltr'>τοίνυν</span> 
     </span>
    </p>
   </div>
   <div class='ocr_carea' id='block_1_35' title="bbox 245 2030 1829 2115">
    <p class='ocr_par' dir='ltr' id='par_1_35' title="bbox 245 2030 1829 2115">
     <span class='ocr_line' id='line_1_35' title="bbox 245 2030 1829 2115; baseline 0 -20"><span class='ocrx_word' id='word_1_245' title='bbox 245 2044 537 2115; x_wconf 84' lang='grc' dir='ltr'>χαρακτήρ</span> <span class='ocrx_word' id='word_1_246' title='bbox 572 2030 691 2097; x_wconf 70' lang='grc' dir='ltr'>ἐστι</span> <span class='ocrx_word' id='word_1_247' title='bbox 723 2044 817 2097; x_wconf 77' lang='grc' dir='ltr'>καὶ</span> <span class='ocrx_word' id='word_1_248' title='bbox 859 2043 1025 2097; x_wconf 82' lang='grc' dir='ltr'>εἰκὼν</span> <span class='ocrx_word' id='word_1_249' title='bbox 1066 2042 1162 2096; x_wconf 81' lang='grc' dir='ltr'>τοῦ</span> <span class='ocrx_word' id='word_1_250' title='bbox 1189 2044 1549 2115; x_wconf 81' lang='grc' dir='ltr'>γεννήσαντος</span> <span class='ocrx_word' id='word_1_251' title='bbox 1603 2045 1632 2098; x_wconf 90' lang='lat'><strong>6</strong></span> <span class='ocrx_word' id='word_1_252' title='bbox 1665 2043 1829 2108; x_wconf 82' lang='grc' dir='ltr'><strong>Υἱὸς,</strong></span> 
     </span>
    </p>
   </div>
   <div class='ocr_carea' id='block_1_36' title="bbox 246 2133 1829 2205">
    <p class='ocr_par' dir='ltr' id='par_1_36' title="bbox 246 2133 1829 2205">
     <span class='ocr_line' id='line_1_36' title="bbox 246 2133 1829 2205; baseline 0.001 -18"><span class='ocrx_word' id='word_1_253' title='bbox 246 2134 513 2205; x_wconf 82' lang='grc' dir='ltr'><strong>ἐγεννήθη</strong></span> <span class='ocrx_word' id='word_1_254' title='bbox 539 2133 617 2199; x_wconf 87' lang='grc' dir='ltr'><strong>δὲ,</strong></span> <span class='ocrx_word' id='word_1_255' title='bbox 650 2134 773 2187; x_wconf 85' lang='grc' dir='ltr'>καθ’</span> <span class='ocrx_word' id='word_1_256' title='bbox 798 2134 965 2205; x_wconf 78' lang='grc' dir='ltr'>ὑμᾶς,</span> <span class='ocrx_word' id='word_1_257' title='bbox 994 2133 1462 2205; x_wconf 80' lang='grc' dir='ltr'>προηγησαμένης</span> <span class='ocrx_word' id='word_1_258' title='bbox 1485 2133 1795 2205; x_wconf 84' lang='grc' dir='ltr'>βουλήσεως</span> <span class='ocrx_word' id='word_1_259' title='bbox 1812 2174 1829 2199; x_wconf 88' lang='grc'><strong><em>,</em></strong></span> 
     </span>
    </p>
   </div>
   <div class='ocr_carea' id='block_1_37' title="bbox 246 2222 1830 2297">
    <p class='ocr_par' dir='ltr' id='par_1_37' title="bbox 246 2222 1830 2297">
     <span class='ocr_line' id='line_1_37' title="bbox 246 2222 1830 2297; baseline 0 -19"><span class='ocrx_word' id='word_1_260' title='bbox 246 2226 461 2297; x_wconf 82' lang='grc' dir='ltr'>ἀνάγκη</span> <span class='ocrx_word' id='word_1_261' title='bbox 489 2227 640 2279; x_wconf 81' lang='grc' dir='ltr'>πᾶσα</span> <span class='ocrx_word' id='word_1_262' title='bbox 662 2227 753 2279; x_wconf 78' lang='grc' dir='ltr'><strong>καὶ</strong></span> <span class='ocrx_word' id='word_1_263' title='bbox 790 2225 882 2279; x_wconf 72' lang='grc' dir='ltr'>τὸν</span> <span class='ocrx_word' id='word_1_264' title='bbox 913 2225 1136 2295; x_wconf 79' lang='grc' dir='ltr'>Πατέρα</span> <span class='ocrx_word' id='word_1_265' title='bbox 1179 2224 1354 2290; x_wconf 78' lang='grc' dir='ltr'>οὕτως</span> <span class='ocrx_word' id='word_1_266' title='bbox 1382 2222 1542 2292; x_wconf 74' lang='grc' dir='ltr'>εἶναι,</span> <span class='ocrx_word' id='word_1_267' title='bbox 1578 2224 1769 2296; x_wconf 87' lang='grc' dir='ltr'>ὥσπερ</span> <span class='ocrx_word' id='word_1_268' title='bbox 1796 2226 1830 2297; x_wconf 89' lang='grc' dir='ltr'><strong>ή</strong></span> 
     </span>
    </p>
   </div>
   <div class='ocr_carea' id='block_1_38' title="bbox 248 2315 1832 2389">
    <p class='ocr_par' dir='ltr' id='par_1_38' title="bbox 248 2315 1832 2389">
     <span class='ocr_line' id='line_1_38' title="bbox 248 2315 1832 2389; baseline 0.001 -20"><span class='ocrx_word' id='word_1_269' title='bbox 248 2316 414 2370; x_wconf 82' lang='grc' dir='ltr'>εἰκὼν</span> <span class='ocrx_word' id='word_1_270' title='bbox 441 2315 607 2371; x_wconf 81' lang='grc' dir='ltr'>αὐτοῦ</span> <span class='ocrx_word' id='word_1_271' title='bbox 637 2318 735 2371; x_wconf 73' lang='grc' dir='ltr'>καὶ</span> <span class='ocrx_word' id='word_1_272' title='bbox 764 2317 827 2371; x_wconf 78' lang='grc' dir='ltr'>τὸ</span> <span class='ocrx_word' id='word_1_273' title='bbox 876 2317 1240 2389; x_wconf 82' lang='grc' dir='ltr'>ἀπαύγασμα’</span> <span class='ocrx_word' id='word_1_274' title='bbox 1289 2317 1366 2381; x_wconf 82' lang='grc' dir='ltr'>ὡς</span> <span class='ocrx_word' id='word_1_275' title='bbox 1409 2318 1505 2371; x_wconf 72' lang='grc' dir='ltr'>καὶ</span> <span class='ocrx_word' id='word_1_276' title='bbox 1527 2317 1658 2371; x_wconf 81' lang='grc' dir='ltr'>αὐτὸ</span> <span class='ocrx_word' id='word_1_277' title='bbox 1687 2316 1832 2387; x_wconf 75' lang='grc' dir='ltr'>ἔχειν</span> 
     </span>
    </p>
   </div>
   <div class='ocr_carea' id='block_1_39' title="bbox 250 2407 1831 2481">
    <p class='ocr_par' dir='ltr' id='par_1_39' title="bbox 250 2407 1831 2481">
     <span class='ocr_line' id='line_1_39' title="bbox 250 2407 1831 2481; baseline 0.001 -21"><span class='ocrx_word' id='word_1_278' title='bbox 250 2408 667 2480; x_wconf 83' lang='grc' dir='ltr'>προηγουμένην</span> <span class='ocrx_word' id='word_1_279' title='bbox 696 2407 862 2462; x_wconf 81' lang='grc' dir='ltr'>αὑτοῦ</span> <span class='ocrx_word' id='word_1_280' title='bbox 888 2409 988 2480; x_wconf 76' lang='grc' dir='ltr'>τὴν</span> <span class='ocrx_word' id='word_1_281' title='bbox 1034 2408 1311 2481; x_wconf 85' lang='grc' dir='ltr'>βούλησιν.</span> <span class='ocrx_word' id='word_1_282' title='bbox 1336 2411 1397 2463; x_wconf 79' lang='lat' dir='ltr'><strong>El</strong></span> <span class='ocrx_word' id='word_1_283' title='bbox 1423 2410 1481 2463; x_wconf 79' lang='grc' dir='ltr'>δὲ</span> <span class='ocrx_word' id='word_1_284' title='bbox 1524 2409 1681 2463; x_wconf 82' lang='grc' dir='ltr'>τοῦτο</span> <span class='ocrx_word' id='word_1_285' title='bbox 1707 2411 1831 2462; x_wconf 86' lang='grc' dir='ltr'>ἀσε-</span> 
     </span>
    </p>
   </div>
   <div class='ocr_carea' id='block_1_40' title="bbox 248 2500 1835 2575">
    <p class='ocr_par' dir='ltr' id='par_1_40' title="bbox 248 2500 1835 2575">
     <span class='ocr_line' id='line_1_40' title="bbox 248 2500 1835 2575; baseline 0.003 -22"><span class='ocrx_word' id='word_1_286' title='bbox 248 2501 345 2564; x_wconf 79' lang='grc' dir='ltr'><strong>ϐὲς</strong></span> <span class='ocrx_word' id='word_1_287' title='bbox 372 2501 469 2572; x_wconf 84' lang='grc' dir='ltr'>(ού</span> <span class='ocrx_word' id='word_1_288' title='bbox 501 2504 609 2573; x_wconf 82' lang='grc' dir='ltr'>γὰρ</span> <span class='ocrx_word' id='word_1_289' title='bbox 640 2504 704 2555; x_wconf 82' lang='grc' dir='ltr'>ὲκ</span> <span class='ocrx_word' id='word_1_290' title='bbox 736 2500 1045 2573; x_wconf 77' lang='grc' dir='ltr'>βουλήσεως</span> <span class='ocrx_word' id='word_1_291' title='bbox 1072 2504 1221 2555; x_wconf 77' lang='grc' dir='ltr'>ἐστιν</span> <span class='ocrx_word' id='word_1_292' title='bbox 1246 2504 1279 2575; x_wconf 90' lang='grc' dir='ltr'><strong>ή</strong></span> <span class='ocrx_word' id='word_1_293' title='bbox 1307 2503 1401 2556; x_wconf 83' lang='grc' dir='ltr'>τοῦ</span> <span class='ocrx_word' id='word_1_294' title='bbox 1441 2502 1654 2573; x_wconf 81' lang='grc' dir='ltr'>Πατρὸς</span> <span class='ocrx_word' id='word_1_295' title='bbox 1675 2502 1835 2557; x_wconf 80' lang='grc' dir='ltr'>οὐσία</span> 
     </span>
    </p>
   </div>
   <div class='ocr_carea' id='block_1_41' title="bbox 250 2593 1836 2667">
    <p class='ocr_par' dir='ltr' id='par_1_41' title="bbox 250 2593 1836 2667">
     <span class='ocr_line' id='line_1_41' title="bbox 250 2593 1836 2667; baseline 0.003 -22"><span class='ocrx_word' id='word_1_296' title='bbox 250 2594 349 2646; x_wconf 74' lang='grc' dir='ltr'>καὶ</span> <span class='ocrx_word' id='word_1_297' title='bbox 402 2593 778 2664; x_wconf 82' lang='grc' dir='ltr'>ὑπόστασις),</span> <span class='ocrx_word' id='word_1_298' title='bbox 834 2594 1048 2664; x_wconf 83' lang='grc' dir='ltr'>ἀνάγκη</span> <span class='ocrx_word' id='word_1_299' title='bbox 1100 2596 1254 2649; x_wconf 80' lang='grc' dir='ltr'>πᾶσα</span> <span class='ocrx_word' id='word_1_300' title='bbox 1294 2594 1429 2667; x_wconf 80' lang='grc' dir='ltr'>μηδὲ</span> <span class='ocrx_word' id='word_1_301' title='bbox 1478 2594 1570 2647; x_wconf 84' lang='grc' dir='ltr'>τὸν</span> <span class='ocrx_word' id='word_1_302' title='bbox 1602 2595 1729 2648; x_wconf 84' lang='grc' dir='ltr'><strong>Υἱὸν</strong></span> <span class='ocrx_word' id='word_1_303' title='bbox 1770 2595 1836 2649; x_wconf 85' lang='grc' dir='ltr'>ὲκ</span> 
     </span>
    </p>
   </div>
   <div class='ocr_carea' id='block_1_42' title="bbox 251 2684 1268 2759">
    <p class='ocr_par' dir='ltr' id='par_1_42' title="bbox 251 2684 1268 2759">
     <span class='ocr_line' id='line_1_42' title="bbox 251 2684 1268 2759; baseline 0.001 -20"><span class='ocrx_word' id='word_1_304' title='bbox 251 2686 560 2758; x_wconf 77' lang='grc' dir='ltr'>βουλήσεως</span> <span class='ocrx_word' id='word_1_305' title='bbox 589 2684 747 2753; x_wconf 81' lang='grc' dir='ltr'>εἶναι,</span> <span class='ocrx_word' id='word_1_306' title='bbox 773 2686 1043 2759; x_wconf 81' lang='grc' dir='ltr'>φρονεῖνῆ</span> <span class='ocrx_word' id='word_1_307' title='bbox 1065 2686 1268 2756; x_wconf 85' lang='grc' dir='ltr'>λέγειν.</span> 
     </span>
    </p>
   </div>
   <div class='ocr_carea' id='block_1_43' title="bbox 953 2803 1159 2856">
    <p class='ocr_par' dir='ltr' id='par_1_43' title="bbox 953 2803 1159 2856">
     <span class='ocr_line' id='line_1_43' title="bbox 953 2803 1159 2856; baseline 0.005 -1"><span class='ocrx_word' id='word_1_308' title='bbox 953 2803 1159 2856; x_wconf 80' lang='grc' dir='ltr'><strong>ΑΛΛΟ.</strong></span> 
     </span>
    </p>
   </div>
   <div class='ocr_carea' id='block_1_44' title="bbox 468 2915 1619 2985">
    <p class='ocr_par' dir='ltr' id='par_1_44' title="bbox 468 2915 1619 2985">
     <span class='ocr_line' id='line_1_44' title="bbox 468 2915 1619 2985; baseline -0.003 -12"><span class='ocrx_word' id='word_1_309' title='bbox 468 2919 568 2985; x_wconf 82' lang='grc' dir='ltr'>Ὠς</span> <span class='ocrx_word' id='word_1_310' title='bbox 590 2917 662 2984; x_wconf 78' lang='grc' dir='ltr'><strong><em>ἐξ</em></strong></span> <span class='ocrx_word' id='word_1_311' title='bbox 706 2916 1067 2983; x_wconf 72' lang='grc' dir='ltr'>ἀντιθέσεως</span> <span class='ocrx_word' id='word_1_312' title='bbox 1119 2915 1241 2970; x_wconf 85' lang='grc' dir='ltr'><strong>τῶν</strong></span> <span class='ocrx_word' id='word_1_313' title='bbox 1284 2915 1619 2985; x_wconf 70' lang='grc' dir='ltr'>αἱρετικῶν.</span> 
     </span>
    </p>
   </div>
   <div class='ocr_carea' id='block_1_45' title="bbox 326 3028 1837 3101">
    <p class='ocr_par' dir='ltr' id='par_1_45' title="bbox 326 3028 1837 3101">
     <span class='ocr_line' id='line_1_45' title="bbox 326 3028 1837 3101; baseline -0.003 -16"><span class='ocrx_word' id='word_1_314' title='bbox 326 3030 438 3089; x_wconf 79' lang='grc' dir='ltr'><strong>Καὶ</strong></span> <span class='ocrx_word' id='word_1_315' title='bbox 461 3030 602 3096; x_wconf 83' lang='grc' dir='ltr'>πῶς,</span> <span class='ocrx_word' id='word_1_316' title='bbox 633 3030 819 3101; x_wconf 73' lang='grc' dir='ltr'>φησὶν,</span> <span class='ocrx_word' id='word_1_317' title='bbox 849 3030 950 3083; x_wconf 88' lang='grc' dir='ltr'><strong>ούκ</strong></span> <span class='ocrx_word' id='word_1_318' title='bbox 972 3028 1186 3099; x_wconf 81' lang='grc' dir='ltr'>ἀνάγκη</span> <span class='ocrx_word' id='word_1_319' title='bbox 1220 3029 1623 3099; x_wconf 87' lang='grc' dir='ltr'>συνομολογεῖν,</span> <span class='ocrx_word' id='word_1_320' title='bbox 1644 3029 1837 3099; x_wconf 86' lang='grc' dir='ltr'>ὅτιπερ</span> 
     </span>
    </p>
   </div>
   <div class='ocr_carea' id='block_1_46' title="bbox 250 3122 1836 3196">
    <p class='ocr_par' dir='ltr' id='par_1_46' title="bbox 250 3122 1836 3196">
     <span class='ocr_line' id='line_1_46' title="bbox 250 3122 1836 3196; baseline -0.002 -17"><span class='ocrx_word' id='word_1_321' title='bbox 250 3124 515 3196; x_wconf 78' lang='grc' dir='ltr'>ἀθέλητὸς</span> <span class='ocrx_word' id='word_1_322' title='bbox 542 3126 657 3179; x_wconf 78' lang='grc' dir='ltr'>ἐστι</span> <span class='ocrx_word' id='word_1_323' title='bbox 702 3123 779 3195; x_wconf 85' lang='grc' dir='ltr'><strong>τῷ</strong></span> <span class='ocrx_word' id='word_1_324' title='bbox 828 3124 1007 3195; x_wconf 69' lang='grc' dir='ltr'>Πατρὶ</span> <span class='ocrx_word' id='word_1_325' title='bbox 1034 3125 1063 3177; x_wconf 91' lang='lat'><strong>6</strong></span> <span class='ocrx_word' id='word_1_326' title='bbox 1096 3124 1247 3187; x_wconf 83' lang='grc' dir='ltr'><strong>Υἱὸς,</strong></span> <span class='ocrx_word' id='word_1_327' title='bbox 1277 3122 1395 3192; x_wconf 78' lang='grc' dir='ltr'>ἦτοι</span> <span class='ocrx_word' id='word_1_328' title='bbox 1428 3122 1756 3194; x_wconf 76' lang='grc' dir='ltr'>ἀδούλητος,</span> <span class='ocrx_word' id='word_1_329' title='bbox 1787 3124 1836 3176; x_wconf 85' lang='grc' dir='ltr'>εἰ</span> 
     </span>
    </p>
   </div>
   <div class='ocr_carea' id='block_1_47' title="bbox 258 3217 1496 3291">
    <p class='ocr_par' dir='ltr' id='par_1_47' title="bbox 258 3217 1496 3291">
     <span class='ocr_line' id='line_1_47' title="bbox 258 3217 1496 3291; baseline -0.004 -16"><span class='ocrx_word' id='word_1_330' title='bbox 258 3220 337 3291; x_wconf 84' lang='grc' dir='ltr'>μὴ</span> <span class='ocrx_word' id='word_1_331' title='bbox 361 3221 425 3273; x_wconf 78' lang='grc' dir='ltr'>ὲκ</span> <span class='ocrx_word' id='word_1_332' title='bbox 454 3218 763 3291; x_wconf 81' lang='grc' dir='ltr'>βουλήσεως</span> <span class='ocrx_word' id='word_1_333' title='bbox 795 3218 889 3271; x_wconf 80' lang='grc' dir='ltr'>καὶ</span> <span class='ocrx_word' id='word_1_334' title='bbox 928 3217 1200 3289; x_wconf 83' lang='grc' dir='ltr'>Θελήσεως</span> <span class='ocrx_word' id='word_1_335' title='bbox 1233 3218 1496 3286; x_wconf 88' lang='grc' dir='ltr'>γέγονεν;</span> 
     </span>
    </p>
   </div>
   <div class='ocr_carea' id='block_1_48' title="bbox 749 3417 1347 3488">
    <p class='ocr_par' dir='ltr' id='par_1_48' title="bbox 749 3417 1347 3488">
     <span class='ocr_line' id='line_1_48' title="bbox 749 3417 1347 3488; baseline -0.003 -16"><span class='ocrx_word' id='word_1_336' title='bbox 749 3417 906 3488; x_wconf 85' lang='grc' dir='ltr'>Πρὸς</span> <span class='ocrx_word' id='word_1_337' title='bbox 933 3418 1109 3473; x_wconf 85' lang='grc' dir='ltr'>τοῦτο</span> <span class='ocrx_word' id='word_1_338' title='bbox 1142 3417 1347 3486; x_wconf 70' lang='grc' dir='ltr'>λύσις.</span> 
     </span>
    </p>
   </div>
   <div class='ocr_carea' id='block_1_49' title="bbox 329 3552 1839 3626">
    <p class='ocr_par' dir='ltr' id='par_1_49' title="bbox 329 3552 1839 3626">
     <span class='ocr_line' id='line_1_49' title="bbox 329 3552 1839 3626; baseline 0.001 -19"><span class='ocrx_word' id='word_1_339' title='bbox 329 3552 656 3607; x_wconf 81' lang='grc' dir='ltr'>Δυσωπείτω</span> <span class='ocrx_word' id='word_1_340' title='bbox 675 3552 784 3607; x_wconf 82' lang='grc' dir='ltr'><strong>τῶν</strong></span> <span class='ocrx_word' id='word_1_341' title='bbox 815 3553 1201 3625; x_wconf 83' lang='grc' dir='ltr'>χριστομάχων</span> <span class='ocrx_word' id='word_1_342' title='bbox 1222 3554 1320 3625; x_wconf 81' lang='grc' dir='ltr'><strong>τήν</strong></span> <span class='ocrx_word' id='word_1_343' title='bbox 1342 3554 1649 3626; x_wconf 85' lang='grc' dir='ltr'>πάντολμον</span> <span class='ocrx_word' id='word_1_344' title='bbox 1673 3554 1839 3625; x_wconf 84' lang='grc' dir='ltr'>γλῶτ-</span> 
     </span>
    </p>
   </div>
   <div class='ocr_carea' id='block_1_50' title="bbox 256 3643 1843 3718">
    <p class='ocr_par' dir='ltr' id='par_1_50' title="bbox 256 3643 1843 3718">
     <span class='ocr_line' id='line_1_50' title="bbox 256 3643 1843 3718; baseline 0.001 -21"><span class='ocrx_word' id='word_1_345' title='bbox 256 3662 361 3698; x_wconf 86' lang='grc' dir='ltr'><strong>ταν</strong></span> <span class='ocrx_word' id='word_1_346' title='bbox 386 3645 416 3697; x_wconf 86' lang='lat'><strong>6</strong></span> <span class='ocrx_word' id='word_1_347' title='bbox 447 3643 637 3715; x_wconf 82' lang='grc' dir='ltr'>Σωτὴρ</span> <span class='ocrx_word' id='word_1_348' title='bbox 668 3644 797 3715; x_wconf 71' lang='grc' dir='ltr'>περὶ</span> <span class='ocrx_word' id='word_1_349' title='bbox 842 3644 1036 3698; x_wconf 78' lang='grc' dir='ltr'>ἑαυτοῦ</span> <span class='ocrx_word' id='word_1_350' title='bbox 1057 3644 1253 3713; x_wconf 88' lang='grc' dir='ltr'>λέγων·</span> <span class='ocrx_word' id='word_1_351' title='bbox 1316 3665 1333 3696; x_wconf 80' lang='grc' dir='ltr'>ι</span> <span class='ocrx_word' id='word_1_352' title='bbox 1383 3645 1440 3699; x_wconf 84' lang='lat'><strong>&#39;0</strong></span> <span class='ocrx_word' id='word_1_353' title='bbox 1471 3645 1665 3718; x_wconf 84' lang='grc' dir='ltr'>Πατὴρ</span> <span class='ocrx_word' id='word_1_354' title='bbox 1695 3648 1843 3715; x_wconf 84' lang='grc' dir='ltr'>φιλεῖ</span> 
     </span>
    </p>
   </div>
   <div class='ocr_carea' id='block_1_51' title="bbox 256 3734 1840 3811">
    <p class='ocr_par' dir='ltr' id='par_1_51' title="bbox 256 3734 1840 3811">
     <span class='ocr_line' id='line_1_51' title="bbox 256 3734 1840 3811; baseline 0.001 -21"><span class='ocrx_word' id='word_1_355' title='bbox 256 3736 353 3791; x_wconf 80' lang='grc' dir='ltr'><strong>τὸν</strong></span> <span class='ocrx_word' id='word_1_356' title='bbox 375 3737 523 3790; x_wconf 75' lang='grc' dir='ltr'>Υίόν.</span> <span class='ocrx_word' id='word_1_357' title='bbox 554 3756 573 3787; x_wconf 83' lang='grc'><strong>›</strong></span> <span class='ocrx_word' id='word_1_358' title='bbox 610 3737 823 3809; x_wconf 85' lang='grc' dir='ltr'>’Ὠσπερ</span> <span class='ocrx_word' id='word_1_359' title='bbox 864 3736 974 3807; x_wconf 79' lang='grc' dir='ltr'>γὰρ</span> <span class='ocrx_word' id='word_1_360' title='bbox 1020 3737 1121 3807; x_wconf 82' lang='grc' dir='ltr'><strong>ήδη</strong></span> <span class='ocrx_word' id='word_1_361' title='bbox 1179 3737 1506 3811; x_wconf 79' lang='grc' dir='ltr'>προείρηται</span> <span class='ocrx_word' id='word_1_362' title='bbox 1530 3777 1546 3803; x_wconf 90' lang='grc'><strong><em>,</em></strong></span> <span class='ocrx_word' id='word_1_363' title='bbox 1595 3738 1658 3792; x_wconf 84' lang='grc' dir='ltr'>τὸ</span> <span class='ocrx_word' id='word_1_364' title='bbox 1701 3734 1840 3792; x_wconf 81' lang='grc' dir='ltr'>εἶναι</span> 
     </span>
    </p>
   </div>
   <div class='ocr_carea' id='block_1_52' title="bbox 258 3829 1839 3904">
    <p class='ocr_par' dir='ltr' id='par_1_52' title="bbox 258 3829 1839 3904">
     <span class='ocr_line' id='line_1_52' title="bbox 258 3829 1839 3904; baseline 0 -19"><span class='ocrx_word' id='word_1_365' title='bbox 258 3829 466 3899; x_wconf 82' lang='grc' dir='ltr'>ἀγαθός</span> <span class='ocrx_word' id='word_1_366' title='bbox 489 3848 547 3883; x_wconf 91' lang='grc' dir='ltr'><strong>τε</strong></span> <span class='ocrx_word' id='word_1_367' title='bbox 566 3832 661 3884; x_wconf 73' lang='grc' dir='ltr'>καὶ</span> <span class='ocrx_word' id='word_1_368' title='bbox 693 3829 962 3901; x_wconf 80' lang='grc' dir='ltr'>ἐλεήμων,</span> <span class='ocrx_word' id='word_1_369' title='bbox 1002 3829 1114 3901; x_wconf 78' lang='grc' dir='ltr'><strong>ἔχει</strong></span> <span class='ocrx_word' id='word_1_370' title='bbox 1157 3830 1278 3901; x_wconf 79' lang='grc' dir='ltr'>μὲν,</span> <span class='ocrx_word' id='word_1_371' title='bbox 1305 3831 1405 3884; x_wconf 83' lang='grc' dir='ltr'>οὐκ</span> <span class='ocrx_word' id='word_1_372' title='bbox 1437 3833 1502 3885; x_wconf 80' lang='grc' dir='ltr'>ἐκ</span> <span class='ocrx_word' id='word_1_373' title='bbox 1529 3831 1839 3904; x_wconf 86' lang='grc' dir='ltr'>βουλήσεως</span> 
     </span>
    </p>
   </div>
   <div class='ocr_carea' id='block_1_53' title="bbox 258 3922 1840 3998">
    <p class='ocr_par' dir='ltr' id='par_1_53' title="bbox 258 3922 1840 3998">
     <span class='ocr_line' id='line_1_53' title="bbox 258 3922 1840 3998; baseline 0.001 -20"><span class='ocrx_word' id='word_1_374' title='bbox 258 3926 341 3988; x_wconf 80' lang='grc' dir='ltr'><strong>δὲ,</strong></span> <span class='ocrx_word' id='word_1_375' title='bbox 371 3922 494 3977; x_wconf 74' lang='grc' dir='ltr'>οὕτε</span> <span class='ocrx_word' id='word_1_376' title='bbox 529 3923 637 3994; x_wconf 78' lang='grc' dir='ltr'>μὴν</span> <span class='ocrx_word' id='word_1_377' title='bbox 662 3922 978 3994; x_wconf 77' lang='grc' dir='ltr'>ἀϐουλήτως</span> <span class='ocrx_word' id='word_1_378' title='bbox 1003 3922 1180 3978; x_wconf 78' lang='grc' dir='ltr'>ταῦτά</span> <span class='ocrx_word' id='word_1_379' title='bbox 1208 3925 1345 3978; x_wconf 78' lang='grc' dir='ltr'>ἐστι.</span> <span class='ocrx_word' id='word_1_380' title='bbox 1384 3924 1539 3978; x_wconf 86' lang='grc' dir='ltr'>Θέλει</span> <span class='ocrx_word' id='word_1_381' title='bbox 1562 3924 1672 3998; x_wconf 88' lang='grc' dir='ltr'><strong>γὰρ</strong></span> <span class='ocrx_word' id='word_1_382' title='bbox 1703 3923 1840 3979; x_wconf 73' lang='grc' dir='ltr'>εἶναι</span> 
     </span>
    </p>
   </div>
   <div class='ocr_carea' id='block_1_54' title="bbox 259 4015 1841 4089">
    <p class='ocr_par' dir='ltr' id='par_1_54' title="bbox 259 4015 1841 4089">
     <span class='ocr_line' id='line_1_54' title="bbox 259 4015 1841 4089; baseline 0 -18"><span class='ocrx_word' id='word_1_383' title='bbox 259 4016 421 4071; x_wconf 74' lang='grc' dir='ltr'>τοῦτο</span> <span class='ocrx_word' id='word_1_384' title='bbox 443 4018 581 4087; x_wconf 83' lang='grc' dir='ltr'>ὅπερ</span> <span class='ocrx_word' id='word_1_385' title='bbox 612 4015 760 4070; x_wconf 74' lang='grc' dir='ltr'>ἐστὶν</span> <span class='ocrx_word' id='word_1_386' title='bbox 794 4016 882 4069; x_wconf 77' lang='grc' dir='ltr'>ἀεὶ</span> <span class='ocrx_word' id='word_1_387' title='bbox 911 4016 1005 4069; x_wconf 80' lang='grc' dir='ltr'>καὶ</span> <span class='ocrx_word' id='word_1_388' title='bbox 1052 4016 1226 4071; x_wconf 76' lang='grc' dir='ltr'>ἔσται.</span> <span class='ocrx_word' id='word_1_389' title='bbox 1278 4015 1436 4071; x_wconf 80' lang='grc' dir='ltr'>Οὕτω</span> <span class='ocrx_word' id='word_1_390' title='bbox 1474 4019 1569 4071; x_wconf 78' lang='grc' dir='ltr'>καὶ</span> <span class='ocrx_word' id='word_1_391' title='bbox 1591 4018 1639 4071; x_wconf 76' lang='grc' dir='ltr'>εἰ</span> <span class='ocrx_word' id='word_1_392' title='bbox 1668 4018 1743 4089; x_wconf 83' lang='grc' dir='ltr'>μὴ</span> <span class='ocrx_word' id='word_1_393' title='bbox 1775 4019 1841 4071; x_wconf 81' lang='grc' dir='ltr'>ἐκ</span> 
     </span>
    </p>
   </div>
   <div class='ocr_carea' id='block_1_55' title="bbox 262 4104 1841 4178">
    <p class='ocr_par' dir='ltr' id='par_1_55' title="bbox 262 4104 1841 4178">
     <span class='ocr_line' id='line_1_55' title="bbox 262 4104 1841 4178; baseline 0 -18"><span class='ocrx_word' id='word_1_394' title='bbox 262 4106 568 4177; x_wconf 82' lang='grc' dir='ltr'>βουλήσεως</span> <span class='ocrx_word' id='word_1_395' title='bbox 599 4106 858 4175; x_wconf 73' lang='grc' dir='ltr'>ἐγέννησε</span> <span class='ocrx_word' id='word_1_396' title='bbox 894 4104 985 4159; x_wconf 84' lang='grc' dir='ltr'>τὸν</span> <span class='ocrx_word' id='word_1_397' title='bbox 1037 4106 1187 4169; x_wconf 82' lang='grc' dir='ltr'>Υἱὸν,</span> <span class='ocrx_word' id='word_1_398' title='bbox 1245 4106 1359 4160; x_wconf 87' lang='grc' dir='ltr'>ἀλλ’</span> <span class='ocrx_word' id='word_1_399' title='bbox 1390 4108 1492 4160; x_wconf 83' lang='grc' dir='ltr'>οὐκ</span> <span class='ocrx_word' id='word_1_400' title='bbox 1525 4106 1841 4178; x_wconf 78' lang='grc' dir='ltr'>ἀϐουλήτως</span> 
     </span>
    </p>
   </div>
   <div class='ocr_carea' id='block_1_56' title="bbox 260 4196 1843 4269">
    <p class='ocr_par' dir='ltr' id='par_1_56' title="bbox 260 4196 1843 4269">
     <span class='ocr_line' id='line_1_56' title="bbox 260 4196 1843 4269; baseline -0.003 -15"><span class='ocrx_word' id='word_1_401' title='bbox 260 4199 425 4254; x_wconf 80' lang='grc' dir='ltr'>αὐτὸν</span> <span class='ocrx_word' id='word_1_402' title='bbox 446 4198 581 4269; x_wconf 78' lang='grc' dir='ltr'>ἔχει.</span> <span class='ocrx_word' id='word_1_403' title='bbox 630 4197 785 4252; x_wconf 89' lang='grc' dir='ltr'>Θέλει</span> <span class='ocrx_word' id='word_1_404' title='bbox 806 4197 917 4266; x_wconf 84' lang='grc' dir='ltr'><strong>γὰρ</strong></span> <span class='ocrx_word' id='word_1_405' title='bbox 948 4197 1040 4251; x_wconf 80' lang='grc' dir='ltr'>τὸν</span> <span class='ocrx_word' id='word_1_406' title='bbox 1074 4197 1201 4251; x_wconf 84' lang='grc' dir='ltr'>Υἱὺν</span> <span class='ocrx_word' id='word_1_407' title='bbox 1233 4198 1328 4252; x_wconf 74' lang='grc' dir='ltr'><strong>καὶ</strong></span> <span class='ocrx_word' id='word_1_408' title='bbox 1354 4199 1519 4268; x_wconf 84' lang='grc' dir='ltr'>φιλεῖ,</span> <span class='ocrx_word' id='word_1_409' title='bbox 1543 4196 1728 4261; x_wconf 82' lang='grc' dir='ltr'>καθὼς</span> <span class='ocrx_word' id='word_1_410' title='bbox 1749 4196 1843 4266; x_wconf 83' lang='grc' dir='ltr'>γέ-</span> 
     </span>
    </p>
   </div>
   <div class='ocr_carea' id='block_1_57' title="bbox 258 4289 1841 4362">
    <p class='ocr_par' dir='ltr' id='par_1_57' title="bbox 258 4289 1841 4362">
     <span class='ocr_line' id='line_1_57' title="bbox 258 4289 1841 4362; baseline -0.002 -17"><span class='ocrx_word' id='word_1_411' title='bbox 258 4308 526 4362; x_wconf 89' lang='grc' dir='ltr'>γραπται.</span> <span class='ocrx_word' id='word_1_412' title='bbox 567 4290 676 4349; x_wconf 74' lang='lat' dir='ltr'><strong>Kal</strong></span> <span class='ocrx_word' id='word_1_413' title='bbox 738 4289 989 4358; x_wconf 78' lang='grc' dir='ltr'>καθάπερ</span> <span class='ocrx_word' id='word_1_414' title='bbox 1033 4291 1062 4343; x_wconf 90' lang='lat'><strong>6</strong></span> <span class='ocrx_word' id='word_1_415' title='bbox 1109 4290 1302 4362; x_wconf 84' lang='grc' dir='ltr'>Πατὴρ</span> <span class='ocrx_word' id='word_1_416' title='bbox 1351 4291 1448 4361; x_wconf 85' lang='grc' dir='ltr'>τῆς</span> <span class='ocrx_word' id='word_1_417' title='bbox 1488 4289 1841 4353; x_wconf 79' lang='grc' dir='ltr'>ὑποστάσεως</span> 
     </span>
    </p>
   </div>
   <div class='ocr_carea' id='block_1_58' title="bbox 256 4380 1843 4453">
    <p class='ocr_par' dir='ltr' id='par_1_58' title="bbox 256 4380 1843 4453">
     <span class='ocr_line' id='line_1_58' title="bbox 256 4380 1843 4453; baseline -0.001 -18"><span class='ocrx_word' id='word_1_418' title='bbox 256 4384 359 4453; x_wconf 83' lang='grc' dir='ltr'>τῆς</span> <span class='ocrx_word' id='word_1_419' title='bbox 394 4381 582 4435; x_wconf 75' lang='grc' dir='ltr'>ἑαυτοῦ</span> <span class='ocrx_word' id='word_1_420' title='bbox 607 4380 838 4451; x_wconf 85' lang='grc' dir='ltr'>θελητής</span> <span class='ocrx_word' id='word_1_421' title='bbox 869 4382 1040 4446; x_wconf 79' lang='grc' dir='ltr'>ἐστιν,</span> <span class='ocrx_word' id='word_1_422' title='bbox 1080 4381 1182 4435; x_wconf 82' lang='grc' dir='ltr'>οὐκ</span> <span class='ocrx_word' id='word_1_423' title='bbox 1220 4383 1284 4435; x_wconf 80' lang='grc' dir='ltr'>ὲκ</span> <span class='ocrx_word' id='word_1_424' title='bbox 1332 4381 1641 4452; x_wconf 80' lang='grc' dir='ltr'>βουλήσεως</span> <span class='ocrx_word' id='word_1_425' title='bbox 1695 4399 1843 4445; x_wconf 88' lang='grc' dir='ltr'>τινος</span> 
     </span>
    </p>
   </div>
   <div class='ocr_carea' id='block_1_59' title="bbox 257 4471 1839 4546">
    <p class='ocr_par' dir='ltr' id='par_1_59' title="bbox 257 4471 1839 4546">
     <span class='ocr_line' id='line_1_59' title="bbox 257 4471 1839 4546; baseline -0.002 -19"><span class='ocrx_word' id='word_1_426' title='bbox 257 4474 418 4528; x_wconf 84' lang='grc' dir='ltr'>τοῦτο</span> <span class='ocrx_word' id='word_1_427' title='bbox 442 4473 517 4527; x_wconf 82' lang='grc' dir='ltr'>ὢν</span> <span class='ocrx_word' id='word_1_428' title='bbox 540 4474 677 4546; x_wconf 83' lang='grc' dir='ltr'>ὅπερ</span> <span class='ocrx_word' id='word_1_429' title='bbox 713 4472 883 4537; x_wconf 74' lang='grc' dir='ltr'>ἐστὶν,</span> <span class='ocrx_word' id='word_1_430' title='bbox 940 4472 1084 4527; x_wconf 75' lang='grc' dir='ltr'>οὕτω</span> <span class='ocrx_word' id='word_1_431' title='bbox 1144 4474 1240 4528; x_wconf 71' lang='grc' dir='ltr'>καὶ</span> <span class='ocrx_word' id='word_1_432' title='bbox 1287 4475 1316 4526; x_wconf 89' lang='lat'><strong>6</strong></span> <span class='ocrx_word' id='word_1_433' title='bbox 1349 4475 1474 4538; x_wconf 81' lang='grc' dir='ltr'>Υἱὸς</span> <span class='ocrx_word' id='word_1_434' title='bbox 1506 4476 1572 4529; x_wconf 79' lang='grc' dir='ltr'>ἐκ</span> <span class='ocrx_word' id='word_1_435' title='bbox 1621 4474 1720 4545; x_wconf 86' lang='grc' dir='ltr'>τῆς</span> <span class='ocrx_word' id='word_1_436' title='bbox 1746 4471 1839 4527; x_wconf 82' lang='grc' dir='ltr'><strong>τοῦ</strong></span> 
     </span>
    </p>
   </div>
   <div class='ocr_carea' id='block_1_60' title="bbox 1934 1953 3512 2031">
    <p class='ocr_par' dir='ltr' id='par_1_60' title="bbox 1934 1953 3512 2031">
     <span class='ocr_line' id='line_1_60' title="bbox 1934 1953 3512 2031; baseline -0.006 -16"><span class='ocrx_word' id='word_1_437' title='bbox 1934 1960 1989 2015; x_wconf 91' lang='lat' dir='ltr'><strong>Si</strong></span> <span class='ocrx_word' id='word_1_438' title='bbox 2023 1975 2153 2031; x_wconf 86' lang='lat' dir='ltr'><strong>ergo</strong></span> <span class='ocrx_word' id='word_1_439' title='bbox 2179 1960 2351 2015; x_wconf 86' lang='lat' dir='ltr'><strong>Filius</strong></span> <span class='ocrx_word' id='word_1_440' title='bbox 2373 1968 2459 2016; x_wconf 86' lang='lat' dir='ltr'><strong>est</strong></span> <span class='ocrx_word' id='word_1_441' title='bbox 2487 1959 2778 2014; x_wconf 85' lang='lat' dir='ltr'><strong>character</strong></span> <span class='ocrx_word' id='word_1_442' title='bbox 2804 1968 2859 2012; x_wconf 90' lang='lat' dir='ltr'><strong>et</strong></span> <span class='ocrx_word' id='word_1_443' title='bbox 2885 1958 3065 2027; x_wconf 88' lang='lat' dir='ltr'><strong>imago</strong></span> <span class='ocrx_word' id='word_1_444' title='bbox 3093 1953 3393 2015; x_wconf 81' lang='lat' dir='ltr'><strong>Genitoris,</strong></span> <span class='ocrx_word' id='word_1_445' title='bbox 3419 1965 3512 2021; x_wconf 85' lang='lat' dir='ltr'><strong>ge-</strong></span> 
     </span>
    </p>
   </div>
   <div class='ocr_carea' id='block_1_61' title="bbox 1933 2042 3510 2121">
    <p class='ocr_par' dir='ltr' id='par_1_61' title="bbox 1933 2042 3510 2121">
     <span class='ocr_line' id='line_1_61' title="bbox 1933 2042 3510 2121; baseline -0.006 -14"><span class='ocrx_word' id='word_1_446' title='bbox 1933 2054 2077 2108; x_wconf 88' lang='lat' dir='ltr'><strong>nitus</strong></span> <span class='ocrx_word' id='word_1_447' title='bbox 2098 2060 2274 2107; x_wconf 90' lang='lat' dir='ltr'><strong>autem</strong></span> <span class='ocrx_word' id='word_1_448' title='bbox 2306 2062 2411 2121; x_wconf 93' lang='lat' dir='ltr'><strong>est,</strong></span> <span class='ocrx_word' id='word_1_449' title='bbox 2443 2062 2504 2106; x_wconf 90' lang='lat' dir='ltr'><strong>ut</strong></span> <span class='ocrx_word' id='word_1_450' title='bbox 2542 2066 2641 2107; x_wconf 86' lang='lat' dir='ltr'><strong>vos</strong></span> <span class='ocrx_word' id='word_1_451' title='bbox 2685 2049 2887 2113; x_wconf 86' lang='lat' dir='ltr'><strong>dicitis,</strong></span> <span class='ocrx_word' id='word_1_452' title='bbox 2927 2046 3273 2119; x_wconf 67' lang='lat' dir='ltr'><strong>praecedente</strong></span> <span class='ocrx_word' id='word_1_453' title='bbox 3299 2042 3510 2099; x_wconf 86' lang='lat' dir='ltr'><strong>delibe-</strong></span> 
     </span>
    </p>
   </div>
   <div class='ocr_carea' id='block_1_62' title="bbox 1933 2135 3519 2210">
    <p class='ocr_par' dir='ltr' id='par_1_62' title="bbox 1933 2135 3519 2210">
     <span class='ocr_line' id='line_1_62' title="bbox 1933 2135 3519 2210; baseline -0.008 -11"><span class='ocrx_word' id='word_1_454' title='bbox 1933 2145 2165 2210; x_wconf 89' lang='lat' dir='ltr'><strong>ratione,</strong></span> <span class='ocrx_word' id='word_1_455' title='bbox 2192 2144 2553 2199; x_wconf 89' lang='lat' dir='ltr'><strong>necessarium</strong></span> <span class='ocrx_word' id='word_1_456' title='bbox 2592 2142 2816 2199; x_wconf 92' lang='lat' dir='ltr'><strong>omnino</strong></span> <span class='ocrx_word' id='word_1_457' title='bbox 2856 2140 3023 2194; x_wconf 79' lang='lat' dir='ltr'><strong>fuerit</strong></span> <span class='ocrx_word' id='word_1_458' title='bbox 3064 2136 3286 2192; x_wconf 84' lang='lat' dir='ltr'><strong>Patrem</strong></span> <span class='ocrx_word' id='word_1_459' title='bbox 3343 2135 3415 2189; x_wconf 89' lang='lat' dir='ltr'><strong>ita</strong></span> <span class='ocrx_word' id='word_1_460' title='bbox 3456 2146 3519 2188; x_wconf 88' lang='lat' dir='ltr'><strong>se</strong></span> 
     </span>
    </p>
   </div>
   <div class='ocr_carea' id='block_1_63' title="bbox 1934 2230 3512 2308">
    <p class='ocr_par' dir='ltr' id='par_1_63' title="bbox 1934 2230 3512 2308">
     <span class='ocr_line' id='line_1_63' title="bbox 1934 2230 3512 2308; baseline -0.008 -17"><span class='ocrx_word' id='word_1_461' title='bbox 1934 2237 2156 2301; x_wconf 88' lang='lat' dir='ltr'><strong>habere,</strong></span> <span class='ocrx_word' id='word_1_462' title='bbox 2187 2236 2441 2308; x_wconf 84' lang='lat' dir='ltr'><strong>utimago</strong></span> <span class='ocrx_word' id='word_1_463' title='bbox 2462 2247 2518 2291; x_wconf 88' lang='lat' dir='ltr'><strong>et</strong></span> <span class='ocrx_word' id='word_1_464' title='bbox 2540 2235 2800 2307; x_wconf 84' lang='lat' dir='ltr'><strong>splendor</strong></span> <span class='ocrx_word' id='word_1_465' title='bbox 2850 2231 3023 2302; x_wconf 86' lang='lat' dir='ltr'><strong>ipsius</strong></span> <span class='ocrx_word' id='word_1_466' title='bbox 3049 2249 3062 2285; x_wconf 90' lang='lat'>:</span> <span class='ocrx_word' id='word_1_467' title='bbox 3100 2230 3237 2284; x_wconf 87' lang='lat' dir='ltr'><strong>adeo</strong></span> <span class='ocrx_word' id='word_1_468' title='bbox 3268 2230 3512 2281; x_wconf 72' lang='lat' dir='ltr'><strong>utetiam</strong></span> 
     </span>
    </p>
   </div>
   <div class='ocr_carea' id='block_1_64' title="bbox 1936 2320 3514 2399">
    <p class='ocr_par' dir='ltr' id='par_1_64' title="bbox 1936 2320 3514 2399">
     <span class='ocr_line' id='line_1_64' title="bbox 1936 2320 3514 2399; baseline -0.009 -15"><span class='ocrx_word' id='word_1_469' title='bbox 1936 2330 2110 2396; x_wconf 87' lang='lat' dir='ltr'><strong>ipsum</strong></span> <span class='ocrx_word' id='word_1_470' title='bbox 2135 2328 2476 2399; x_wconf 67' lang='lat' dir='ltr'><strong>praecesserit</strong></span> <span class='ocrx_word' id='word_1_471' title='bbox 2506 2327 2851 2382; x_wconf 88' lang='lat' dir='ltr'><strong>deliberatio.</strong></span> <span class='ocrx_word' id='word_1_472' title='bbox 2881 2324 2938 2379; x_wconf 90' lang='lat' dir='ltr'><strong>Si</strong></span> <span class='ocrx_word' id='word_1_473' title='bbox 2974 2338 3106 2379; x_wconf 90' lang='lat' dir='ltr'><strong>vero</strong></span> <span class='ocrx_word' id='word_1_474' title='bbox 3145 2324 3250 2376; x_wconf 91' lang='lat' dir='ltr'><strong>hoc</strong></span> <span class='ocrx_word' id='word_1_475' title='bbox 3290 2320 3514 2389; x_wconf 78' lang='lat' dir='ltr'><strong>impium</strong></span> 
     </span>
    </p>
   </div>
   <div class='ocr_carea' id='block_1_65' title="bbox 1934 2410 3516 2492">
    <p class='ocr_par' dir='ltr' id='par_1_65' title="bbox 1934 2410 3516 2492">
     <span class='ocr_line' id='line_1_65' title="bbox 1934 2410 3516 2492; baseline -0.01 -16"><span class='ocrx_word' id='word_1_476' title='bbox 1934 2430 2019 2476; x_wconf 89' lang='lat' dir='ltr'><strong>est</strong></span> <span class='ocrx_word' id='word_1_477' title='bbox 2046 2421 2065 2492; x_wconf 92' lang='lat'>(</span> <span class='ocrx_word' id='word_1_478' title='bbox 2094 2434 2266 2490; x_wconf 89' lang='lat' dir='ltr'><strong>neque</strong></span> <span class='ocrx_word' id='word_1_479' title='bbox 2290 2419 2431 2475; x_wconf 90' lang='lat' dir='ltr'><strong>enim</strong></span> <span class='ocrx_word' id='word_1_480' title='bbox 2471 2434 2539 2474; x_wconf 79' lang='lat' dir='ltr'><strong>ex</strong></span> <span class='ocrx_word' id='word_1_481' title='bbox 2572 2416 2963 2473; x_wconf 87' lang='lat' dir='ltr'><strong>deliberatione</strong></span> <span class='ocrx_word' id='word_1_482' title='bbox 2985 2421 3069 2468; x_wconf 90' lang='lat' dir='ltr'><strong>est</strong></span> <span class='ocrx_word' id='word_1_483' title='bbox 3107 2410 3299 2465; x_wconf 87' lang='lat' dir='ltr'><strong>Patris</strong></span> <span class='ocrx_word' id='word_1_484' title='bbox 3322 2423 3516 2463; x_wconf 72' lang='lat' dir='ltr'><strong>essen-</strong></span> 
     </span>
    </p>
   </div>
   <div class='ocr_carea' id='block_1_66' title="bbox 1939 2497 3518 2580">
    <p class='ocr_par' dir='ltr' id='par_1_66' title="bbox 1939 2497 3518 2580">
     <span class='ocr_line' id='line_1_66' title="bbox 1939 2497 3518 2580; baseline -0.009 -17"><span class='ocrx_word' id='word_1_485' title='bbox 1939 2510 2012 2563; x_wconf 90' lang='lat' dir='ltr'><strong>tia</strong></span> <span class='ocrx_word' id='word_1_486' title='bbox 2037 2519 2199 2579; x_wconf 89' lang='lat' dir='ltr'><strong>atque</strong></span> <span class='ocrx_word' id='word_1_487' title='bbox 2219 2508 2528 2580; x_wconf 86' lang='lat' dir='ltr'><strong>hypostasis</strong></span> <span class='ocrx_word' id='word_1_488' title='bbox 2549 2506 2567 2577; x_wconf 93' lang='lat'><strong>)</strong></span> <span class='ocrx_word' id='word_1_489' title='bbox 2589 2546 2605 2572; x_wconf 94' lang='lat'><strong>,</strong></span> <span class='ocrx_word' id='word_1_490' title='bbox 2632 2520 2763 2576; x_wconf 85' lang='lat' dir='ltr'><strong>ergo</strong></span> <span class='ocrx_word' id='word_1_491' title='bbox 2789 2520 2891 2560; x_wconf 91' lang='lat' dir='ltr'><strong>nec</strong></span> <span class='ocrx_word' id='word_1_492' title='bbox 2931 2502 3125 2559; x_wconf 78' lang='lat' dir='ltr'><strong>Filium</strong></span> <span class='ocrx_word' id='word_1_493' title='bbox 3147 2515 3212 2556; x_wconf 81' lang='lat' dir='ltr'><strong>ex</strong></span> <span class='ocrx_word' id='word_1_494' title='bbox 3241 2497 3518 2553; x_wconf 85' lang='lat' dir='ltr'><strong>delibera-</strong></span> 
     </span>
    </p>
   </div>
   <div class='ocr_carea' id='block_1_67' title="bbox 1939 2594 3439 2665">
    <p class='ocr_par' dir='ltr' id='par_1_67' title="bbox 1939 2594 3439 2665">
     <span class='ocr_line' id='line_1_67' title="bbox 1939 2594 3439 2665; baseline -0.01 -8"><span class='ocrx_word' id='word_1_495' title='bbox 1939 2606 2083 2658; x_wconf 91' lang='lat' dir='ltr'><strong>tione</strong></span> <span class='ocrx_word' id='word_1_496' title='bbox 2111 2602 2313 2658; x_wconf 83' lang='lat' dir='ltr'><strong>factum</strong></span> <span class='ocrx_word' id='word_1_497' title='bbox 2348 2616 2467 2657; x_wconf 91' lang='lat' dir='ltr'><strong>esse</strong></span> <span class='ocrx_word' id='word_1_498' title='bbox 2492 2599 2575 2656; x_wconf 88' lang='lat' dir='ltr'><strong>vel</strong></span> <span class='ocrx_word' id='word_1_499' title='bbox 2606 2599 2854 2665; x_wconf 85' lang='lat' dir='ltr'><strong>credere,</strong></span> <span class='ocrx_word' id='word_1_500' title='bbox 2878 2596 2962 2651; x_wconf 93' lang='lat' dir='ltr'><strong>vel</strong></span> <span class='ocrx_word' id='word_1_501' title='bbox 2994 2594 3179 2650; x_wconf 89' lang='lat' dir='ltr'><strong>dicere</strong></span> <span class='ocrx_word' id='word_1_502' title='bbox 3205 2599 3439 2660; x_wconf 89' lang='lat' dir='ltr'><strong>oportet.</strong></span> 
     </span>
    </p>
   </div>
   <div class='ocr_carea' id='block_1_68' title="bbox 2603 2791 2838 2849">
    <p class='ocr_par' dir='ltr' id='par_1_68' title="bbox 2603 2791 2838 2849">
     <span class='ocr_line' id='line_1_68' title="bbox 2603 2791 2838 2849; baseline -0.009 -1"><span class='ocrx_word' id='word_1_503' title='bbox 2603 2791 2838 2849; x_wconf 81' lang='lat' dir='ltr'><strong>ALIUD.</strong></span> 
     </span>
    </p>
   </div>
   <div class='ocr_carea' id='block_1_69' title="bbox 2312 2908 3129 2980">
    <p class='ocr_par' dir='ltr' id='par_1_69' title="bbox 2312 2908 3129 2980">
     <span class='ocr_line' id='line_1_69' title="bbox 2312 2908 3129 2980; baseline -0.006 -14"><span class='ocrx_word' id='word_1_504' title='bbox 2312 2911 2397 2966; x_wconf 76' lang='lat' dir='ltr'><strong>Ea:</strong></span> <span class='ocrx_word' id='word_1_505' title='bbox 2431 2908 2715 2980; x_wconf 71' lang='lat' dir='ltr'><strong>objections</strong></span> <span class='ocrx_word' id='word_1_506' title='bbox 2740 2908 3129 2963; x_wconf 65' lang='lat' dir='ltr'><strong>haereticorum.</strong></span> 
     </span>
    </p>
   </div>
   <div class='ocr_carea' id='block_1_70' title="bbox 2010 3006 3520 3096">
    <p class='ocr_par' dir='ltr' id='par_1_70' title="bbox 2010 3006 3520 3096">
     <span class='ocr_line' id='line_1_70' title="bbox 2010 3006 3520 3096; baseline -0.017 -9"><span class='ocrx_word' id='word_1_507' title='bbox 2010 3028 2079 3081; x_wconf 82' lang='lat' dir='ltr'><strong>At</strong></span> <span class='ocrx_word' id='word_1_508' title='bbox 2103 3040 2210 3096; x_wconf 91' lang='lat' dir='ltr'><strong>quo</strong></span> <span class='ocrx_word' id='word_1_509' title='bbox 2230 3034 2410 3096; x_wconf 86' lang='lat' dir='ltr'><strong>pacto,</strong></span> <span class='ocrx_word' id='word_1_510' title='bbox 2444 3024 2717 3094; x_wconf 85' lang='lat' dir='ltr'><strong>inquiunt,</strong></span> <span class='ocrx_word' id='word_1_511' title='bbox 2753 3037 2858 3077; x_wconf 91' lang='lat' dir='ltr'><strong>non</strong></span> <span class='ocrx_word' id='word_1_512' title='bbox 2887 3019 3053 3074; x_wconf 82' lang='lat' dir='ltr'><strong>fuerit</strong></span> <span class='ocrx_word' id='word_1_513' title='bbox 3083 3026 3308 3072; x_wconf 87' lang='lat' dir='ltr'><strong>necesse</strong></span> <span class='ocrx_word' id='word_1_514' title='bbox 3358 3006 3520 3063; x_wconf 83' lang='lat' dir='ltr'><strong>fateri</strong></span> 
     </span>
    </p>
   </div>
   <div class='ocr_carea' id='block_1_71' title="bbox 1942 3102 3525 3174">
    <p class='ocr_par' dir='ltr' id='par_1_71' title="bbox 1942 3102 3525 3174">
     <span class='ocr_line' id='line_1_71' title="bbox 1942 3102 3525 3174; baseline -0.013 0"><span class='ocrx_word' id='word_1_515' title='bbox 1942 3118 2135 3174; x_wconf 86' lang='lat' dir='ltr'><strong>Filium</strong></span> <span class='ocrx_word' id='word_1_516' title='bbox 2183 3117 2320 3173; x_wconf 90' lang='lat' dir='ltr'><strong>citra</strong></span> <span class='ocrx_word' id='word_1_517' title='bbox 2379 3116 2715 3172; x_wconf 85' lang='lat' dir='ltr'><strong>voluntatem</strong></span> <span class='ocrx_word' id='word_1_518' title='bbox 2781 3122 2876 3168; x_wconf 87' lang='lat' dir='ltr'><strong>aut</strong></span> <span class='ocrx_word' id='word_1_519' title='bbox 2913 3108 3198 3168; x_wconf 89' lang='lat' dir='ltr'><strong>consilium</strong></span> <span class='ocrx_word' id='word_1_520' title='bbox 3246 3102 3395 3160; x_wconf 89' lang='lat' dir='ltr'><strong>Patri</strong></span> <span class='ocrx_word' id='word_1_521' title='bbox 3439 3114 3525 3154; x_wconf 91' lang='lat' dir='ltr'><strong>ac-</strong></span> 
     </span>
    </p>
   </div>
   <div class='ocr_carea' id='block_1_72' title="bbox 1864 3191 3525 3275">
    <p class='ocr_par' dir='ltr' id='par_1_72' title="bbox 1864 3191 3525 3275">
     <span class='ocr_line' id='line_1_72' title="bbox 1864 3191 3525 3275; baseline -0.013 -10"><span class='ocrx_word' id='word_1_522' title='bbox 1864 3207 1907 3265; x_wconf 92' lang='lat' dir='ltr'><strong><em>C</em></strong></span> <span class='ocrx_word' id='word_1_523' title='bbox 1941 3212 2192 3275; x_wconf 88' lang='lat' dir='ltr'><strong>cessisse,</strong></span> <span class='ocrx_word' id='word_1_524' title='bbox 2217 3211 2320 3266; x_wconf 90' lang='lat' dir='ltr'><strong>nisi</strong></span> <span class='ocrx_word' id='word_1_525' title='bbox 2353 3209 2580 3265; x_wconf 90' lang='lat' dir='ltr'><strong>consilio</strong></span> <span class='ocrx_word' id='word_1_526' title='bbox 2627 3216 2685 3262; x_wconf 88' lang='lat' dir='ltr'><strong>et.</strong></span> <span class='ocrx_word' id='word_1_527' title='bbox 2741 3205 3023 3261; x_wconf 82' lang='lat' dir='ltr'><strong>voluntate</strong></span> <span class='ocrx_word' id='word_1_528' title='bbox 3074 3199 3415 3272; x_wconf 70' lang='lat' dir='ltr'><strong>praecedente</strong></span> <span class='ocrx_word' id='word_1_529' title='bbox 3450 3191 3525 3246; x_wconf 83' lang='lat' dir='ltr'><strong>la-</strong></span> 
     </span>
    </p>
   </div>
   <div class='ocr_carea' id='block_1_73' title="bbox 1946 3304 2210 3360">
    <p class='ocr_par' dir='ltr' id='par_1_73' title="bbox 1946 3304 2210 3360">
     <span class='ocr_line' id='line_1_73' title="bbox 1946 3304 2210 3360; baseline -0.015 0"><span class='ocrx_word' id='word_1_530' title='bbox 1946 3314 2067 3360; x_wconf 86' lang='lat' dir='ltr'><strong>ctus</strong></span> <span class='ocrx_word' id='word_1_531' title='bbox 2092 3304 2210 3359; x_wconf 86' lang='lat' dir='ltr'><strong>est?</strong></span> 
     </span>
    </p>
   </div>
   <div class='ocr_carea' id='block_1_74' title="bbox 2468 3412 3027 3482">
    <p class='ocr_par' dir='ltr' id='par_1_74' title="bbox 2468 3412 3027 3482">
     <span class='ocr_line' id='line_1_74' title="bbox 2468 3412 3027 3482; baseline -0.007 -12"><span class='ocrx_word' id='word_1_532' title='bbox 2468 3413 2673 3470; x_wconf 83' lang='lat' dir='ltr'><strong>Salutio</strong></span> <span class='ocrx_word' id='word_1_533' title='bbox 2704 3412 3027 3482; x_wconf 80' lang='lat' dir='ltr'><strong>objectionis.</strong></span> 
     </span>
    </p>
   </div>
   <div class='ocr_carea' id='block_1_75' title="bbox 2016 3547 3525 3620">
    <p class='ocr_par' dir='ltr' id='par_1_75' title="bbox 2016 3547 3525 3620">
     <span class='ocr_line' id='line_1_75' title="bbox 2016 3547 3525 3620; baseline -0.003 -14"><span class='ocrx_word' id='word_1_534' title='bbox 2016 3552 2289 3607; x_wconf 80' lang='lat' dir='ltr'><strong>Retundat</strong></span> <span class='ocrx_word' id='word_1_535' title='bbox 2325 3550 2692 3620; x_wconf 88' lang='lat' dir='ltr'><strong>impudentem</strong></span> <span class='ocrx_word' id='word_1_536' title='bbox 2739 3550 2974 3604; x_wconf 91' lang='lat' dir='ltr'><strong>hostium</strong></span> <span class='ocrx_word' id='word_1_537' title='bbox 3027 3547 3229 3604; x_wconf 86' lang='lat' dir='ltr'><strong>Christi</strong></span> <span class='ocrx_word' id='word_1_538' title='bbox 3279 3547 3525 3619; x_wconf 84' lang='lat' dir='ltr'><strong>linguam</strong></span> 
     </span>
    </p>
   </div>
   <div class='ocr_carea' id='block_1_76' title="bbox 1948 3637 3531 3715">
    <p class='ocr_par' dir='ltr' id='par_1_76' title="bbox 1948 3637 3531 3715">
     <span class='ocr_line' id='line_1_76' title="bbox 1948 3637 3531 3715; baseline -0.003 -17"><span class='ocrx_word' id='word_1_539' title='bbox 1948 3645 2207 3700; x_wconf 86' lang='lat' dir='ltr'><strong>Servator</strong></span> <span class='ocrx_word' id='word_1_540' title='bbox 2232 3645 2346 3715; x_wconf 89' lang='lat' dir='ltr'><strong>ipse</strong></span> <span class='ocrx_word' id='word_1_541' title='bbox 2377 3644 2449 3698; x_wconf 91' lang='lat' dir='ltr'><strong>ita</strong></span> <span class='ocrx_word' id='word_1_542' title='bbox 2508 3643 2576 3699; x_wconf 91' lang='lat' dir='ltr'><strong>de</strong></span> <span class='ocrx_word' id='word_1_543' title='bbox 2622 3658 2681 3699; x_wconf 88' lang='lat' dir='ltr'><strong>se</strong></span> <span class='ocrx_word' id='word_1_544' title='bbox 2716 3641 2911 3698; x_wconf 90' lang='lat' dir='ltr'><strong>dicens</strong></span> <span class='ocrx_word' id='word_1_545' title='bbox 2949 3659 2963 3697; x_wconf 91' lang='lat'><strong>:</strong></span> <span class='ocrx_word' id='word_1_546' title='bbox 3001 3659 3020 3692; x_wconf 86' lang='grc'>‹</span> <span class='ocrx_word' id='word_1_547' title='bbox 3050 3640 3212 3696; x_wconf 89' lang='lat' dir='ltr'><strong>Pater</strong></span> <span class='ocrx_word' id='word_1_548' title='bbox 3246 3649 3394 3694; x_wconf 89' lang='lat' dir='ltr'><strong>amat</strong></span> <span class='ocrx_word' id='word_1_549' title='bbox 3438 3637 3531 3694; x_wconf 81' lang='lat' dir='ltr'><strong>Fi-</strong></span> 
     </span>
    </p>
   </div>
   <div class='ocr_carea' id='block_1_77' title="bbox 1946 3730 3532 3805">
    <p class='ocr_par' dir='ltr' id='par_1_77' title="bbox 1946 3730 3532 3805">
     <span class='ocr_line' id='line_1_77' title="bbox 1946 3730 3532 3805; baseline -0.005 -13"><span class='ocrx_word' id='word_1_550' title='bbox 1946 3739 2074 3792; x_wconf 89' lang='lat' dir='ltr'><strong>lium</strong></span> <span class='ocrx_word' id='word_1_551' title='bbox 2099 3738 2167 3791; x_wconf 78' lang='grc' dir='ltr'><strong>⁸ο.</strong></span> <span class='ocrx_word' id='word_1_552' title='bbox 2210 3757 2229 3790; x_wconf 74' lang='grc' dir='ltr'><strong>ι</strong></span> <span class='ocrx_word' id='word_1_553' title='bbox 2287 3736 2748 3805; x_wconf 87' lang='lat' dir='ltr'><strong>Quemadmodum</strong></span> <span class='ocrx_word' id='word_1_554' title='bbox 2801 3734 2946 3789; x_wconf 89' lang='lat' dir='ltr'><strong>enim</strong></span> <span class='ocrx_word' id='word_1_555' title='bbox 3028 3730 3143 3801; x_wconf 85' lang='lat' dir='ltr'><strong>jam</strong></span> <span class='ocrx_word' id='word_1_556' title='bbox 3194 3732 3397 3787; x_wconf 88' lang='lat' dir='ltr'><strong>dictum</strong></span> <span class='ocrx_word' id='word_1_557' title='bbox 3447 3740 3532 3785; x_wconf 88' lang='lat' dir='ltr'><strong>est</strong></span> 
     </span>
    </p>
   </div>
   <div class='ocr_carea' id='block_1_78' title="bbox 1947 3824 3529 3901">
    <p class='ocr_par' dir='ltr' id='par_1_78' title="bbox 1947 3824 3529 3901">
     <span class='ocr_line' id='line_1_78' title="bbox 1947 3824 3529 3901; baseline -0.005 -18"><span class='ocrx_word' id='word_1_558' title='bbox 1947 3831 2088 3901; x_wconf 90' lang='lat' dir='ltr'><strong>quod</strong></span> <span class='ocrx_word' id='word_1_559' title='bbox 2121 3831 2292 3885; x_wconf 90' lang='lat' dir='ltr'><strong>bonus</strong></span> <span class='ocrx_word' id='word_1_560' title='bbox 2326 3831 2398 3885; x_wconf 89' lang='lat' dir='ltr'><strong>sit</strong></span> <span class='ocrx_word' id='word_1_561' title='bbox 2451 3838 2505 3885; x_wconf 90' lang='lat' dir='ltr'><strong>et</strong></span> <span class='ocrx_word' id='word_1_562' title='bbox 2555 3826 2889 3890; x_wconf 88' lang='lat' dir='ltr'><strong>misericors,</strong></span> <span class='ocrx_word' id='word_1_563' title='bbox 2918 3825 3081 3880; x_wconf 85' lang='lat' dir='ltr'><strong>habet</strong></span> <span class='ocrx_word' id='word_1_564' title='bbox 3111 3824 3163 3879; x_wconf 93' lang='lat' dir='ltr'><strong>id</strong></span> <span class='ocrx_word' id='word_1_565' title='bbox 3199 3838 3303 3877; x_wconf 92' lang='lat' dir='ltr'><strong>non</strong></span> <span class='ocrx_word' id='word_1_566' title='bbox 3336 3839 3400 3878; x_wconf 81' lang='lat' dir='ltr'><strong>ex</strong></span> <span class='ocrx_word' id='word_1_567' title='bbox 3431 3837 3529 3876; x_wconf 86' lang='lat' dir='ltr'><strong>vo-</strong></span> 
     </span>
    </p>
   </div>
   <div class='ocr_carea' id='block_1_79' title="bbox 1947 3916 3528 3992">
    <p class='ocr_par' dir='ltr' id='par_1_79' title="bbox 1947 3916 3528 3992">
     <span class='ocr_line' id='line_1_79' title="bbox 1947 3916 3528 3992; baseline -0.007 -14"><span class='ocrx_word' id='word_1_568' title='bbox 1947 3924 2173 3989; x_wconf 88' lang='lat' dir='ltr'><strong>luntate,</strong></span> <span class='ocrx_word' id='word_1_569' title='bbox 2232 3922 2327 3978; x_wconf 91' lang='lat' dir='ltr'><strong>sed</strong></span> <span class='ocrx_word' id='word_1_570' title='bbox 2378 3937 2554 3992; x_wconf 89' lang='lat' dir='ltr'><strong>neque</strong></span> <span class='ocrx_word' id='word_1_571' title='bbox 2611 3922 2818 3989; x_wconf 85' lang='lat' dir='ltr'><strong>absque</strong></span> <span class='ocrx_word' id='word_1_572' title='bbox 2870 3918 3152 3973; x_wconf 82' lang='lat' dir='ltr'><strong>voluntate</strong></span> <span class='ocrx_word' id='word_1_573' title='bbox 3204 3916 3320 3970; x_wconf 70' lang='lat' dir='ltr'><strong>haec</strong></span> <span class='ocrx_word' id='word_1_574' title='bbox 3382 3925 3528 3969; x_wconf 89' lang='lat' dir='ltr'><strong>sunt.</strong></span> 
     </span>
    </p>
   </div>
   <div class='ocr_carea' id='block_1_80' title="bbox 1949 4004 3529 4083">
    <p class='ocr_par' dir='ltr' id='par_1_80' title="bbox 1949 4004 3529 4083">
     <span class='ocr_line' id='line_1_80' title="bbox 1949 4004 3529 4083; baseline -0.009 -12"><span class='ocrx_word' id='word_1_575' title='bbox 1949 4015 2076 4071; x_wconf 90' lang='lat' dir='ltr'><strong>Vult</strong></span> <span class='ocrx_word' id='word_1_576' title='bbox 2094 4015 2238 4069; x_wconf 90' lang='lat' dir='ltr'><strong>enim</strong></span> <span class='ocrx_word' id='word_1_577' title='bbox 2265 4028 2387 4069; x_wconf 88' lang='lat' dir='ltr'><strong>esse</strong></span> <span class='ocrx_word' id='word_1_578' title='bbox 2417 4013 2469 4068; x_wconf 89' lang='lat' dir='ltr'><strong>id</strong></span> <span class='ocrx_word' id='word_1_579' title='bbox 2490 4011 2630 4083; x_wconf 90' lang='lat' dir='ltr'><strong>quod</strong></span> <span class='ocrx_word' id='word_1_580' title='bbox 2655 4020 2739 4066; x_wconf 91' lang='lat' dir='ltr'><strong>est</strong></span> <span class='ocrx_word' id='word_1_581' title='bbox 2762 4024 2981 4080; x_wconf 88' lang='lat' dir='ltr'><strong>semper</strong></span> <span class='ocrx_word' id='word_1_582' title='bbox 3010 4018 3065 4063; x_wconf 88' lang='lat' dir='ltr'><strong>et</strong></span> <span class='ocrx_word' id='word_1_583' title='bbox 3085 4007 3208 4063; x_wconf 90' lang='lat' dir='ltr'><strong>erit.</strong></span> <span class='ocrx_word' id='word_1_584' title='bbox 3234 4004 3311 4060; x_wconf 88' lang='lat' dir='ltr'><strong>lta</strong></span> <span class='ocrx_word' id='word_1_585' title='bbox 3340 4005 3529 4071; x_wconf 88' lang='lat' dir='ltr'><strong>etiam,</strong></span> 
     </span>
    </p>
   </div>
   <div class='ocr_carea' id='block_1_81' title="bbox 1946 4102 3522 4174">
    <p class='ocr_par' dir='ltr' id='par_1_81' title="bbox 1946 4102 3522 4174">
     <span class='ocr_line' id='line_1_81' title="bbox 1946 4102 3522 4174; baseline -0.006 -13"><span class='ocrx_word' id='word_1_586' title='bbox 1946 4108 2074 4162; x_wconf 89' lang='lat' dir='ltr'><strong>licet</strong></span> <span class='ocrx_word' id='word_1_587' title='bbox 2106 4121 2210 4161; x_wconf 92' lang='lat' dir='ltr'><strong>non</strong></span> <span class='ocrx_word' id='word_1_588' title='bbox 2239 4122 2307 4161; x_wconf 81' lang='lat' dir='ltr'><strong>ex</strong></span> <span class='ocrx_word' id='word_1_589' title='bbox 2330 4105 2609 4161; x_wconf 87' lang='lat' dir='ltr'><strong>voluntate</strong></span> <span class='ocrx_word' id='word_1_590' title='bbox 2642 4104 2890 4174; x_wconf 88' lang='lat' dir='ltr'><strong>genuerit</strong></span> <span class='ocrx_word' id='word_1_591' title='bbox 2942 4102 3161 4167; x_wconf 86' lang='lat' dir='ltr'><strong>Filium,</strong></span> <span class='ocrx_word' id='word_1_592' title='bbox 3205 4115 3310 4155; x_wconf 91' lang='lat' dir='ltr'><strong>non</strong></span> <span class='ocrx_word' id='word_1_593' title='bbox 3341 4110 3522 4153; x_wconf 80' lang='lat' dir='ltr'><strong>tamen</strong></span> 
     </span>
    </p>
   </div>
   <div class='ocr_carea' id='block_1_82' title="bbox 1947 4193 3534 4269">
    <p class='ocr_par' dir='ltr' id='par_1_82' title="bbox 1947 4193 3534 4269">
     <span class='ocr_line' id='line_1_82' title="bbox 1947 4193 3534 4269; baseline -0.005 -14"><span class='ocrx_word' id='word_1_594' title='bbox 1947 4203 2152 4269; x_wconf 86' lang='lat' dir='ltr'><strong>absque</strong></span> <span class='ocrx_word' id='word_1_595' title='bbox 2177 4199 2455 4255; x_wconf 82' lang='lat' dir='ltr'><strong>voluntate</strong></span> <span class='ocrx_word' id='word_1_596' title='bbox 2486 4198 2634 4253; x_wconf 92' lang='lat' dir='ltr'><strong>illum</strong></span> <span class='ocrx_word' id='word_1_597' title='bbox 2661 4198 2844 4254; x_wconf 88' lang='lat' dir='ltr'><strong>habet.</strong></span> <span class='ocrx_word' id='word_1_598' title='bbox 2878 4195 3004 4250; x_wconf 83' lang='lat' dir='ltr'><strong>Vult</strong></span> <span class='ocrx_word' id='word_1_599' title='bbox 3038 4196 3184 4251; x_wconf 90' lang='lat' dir='ltr'><strong>enim</strong></span> <span class='ocrx_word' id='word_1_600' title='bbox 3222 4193 3422 4249; x_wconf 83' lang='lat' dir='ltr'><strong>Filium</strong></span> <span class='ocrx_word' id='word_1_601' title='bbox 3477 4202 3534 4248; x_wconf 88' lang='lat' dir='ltr'><strong>et</strong></span> 
     </span>
    </p>
   </div>
   <div class='ocr_carea' id='block_1_83' title="bbox 1949 4286 3533 4361">
    <p class='ocr_par' dir='ltr' id='par_1_83' title="bbox 1949 4286 3533 4361">
     <span class='ocr_line' id='line_1_83' title="bbox 1949 4286 3533 4361; baseline -0.006 -12"><span class='ocrx_word' id='word_1_602' title='bbox 1949 4302 2117 4359; x_wconf 88' lang='lat' dir='ltr'><strong>amat,</strong></span> <span class='ocrx_word' id='word_1_603' title='bbox 2150 4294 2290 4348; x_wconf 85' lang='lat' dir='ltr'><strong>sicut</strong></span> <span class='ocrx_word' id='word_1_604' title='bbox 2314 4292 2577 4361; x_wconf 86' lang='lat' dir='ltr'><strong>scriptum</strong></span> <span class='ocrx_word' id='word_1_605' title='bbox 2626 4300 2730 4346; x_wconf 91' lang='lat' dir='ltr'><strong>est.</strong></span> <span class='ocrx_word' id='word_1_606' title='bbox 2763 4290 2829 4344; x_wconf 85' lang='lat' dir='ltr'><strong>Et</strong></span> <span class='ocrx_word' id='word_1_607' title='bbox 2877 4288 3334 4359; x_wconf 87' lang='lat' dir='ltr'><strong>quemadmodum</strong></span> <span class='ocrx_word' id='word_1_608' title='bbox 3371 4286 3533 4342; x_wconf 83' lang='lat' dir='ltr'><strong>Pater</strong></span> 
     </span>
    </p>
   </div>
   <div class='ocr_carea' id='block_1_84' title="bbox 1948 4384 3534 4456">
    <p class='ocr_par' dir='ltr' id='par_1_84' title="bbox 1948 4384 3534 4456">
     <span class='ocr_line' id='line_1_84' title="bbox 1948 4384 3534 4456; baseline -0.004 -14"><span class='ocrx_word' id='word_1_609' title='bbox 1948 4401 2101 4442; x_wconf 90' lang='lat' dir='ltr'><strong>suam</strong></span> <span class='ocrx_word' id='word_1_610' title='bbox 2152 4386 2321 4456; x_wconf 83' lang='lat' dir='ltr'><strong>ipsius</strong></span> <span class='ocrx_word' id='word_1_611' title='bbox 2364 4386 2697 4456; x_wconf 88' lang='lat' dir='ltr'><strong>hypostasim</strong></span> <span class='ocrx_word' id='word_1_612' title='bbox 2744 4384 2874 4450; x_wconf 82' lang='lat' dir='ltr'><strong>vult,</strong></span> <span class='ocrx_word' id='word_1_613' title='bbox 2928 4398 3102 4451; x_wconf 87' lang='lat' dir='ltr'><strong>neque</strong></span> <span class='ocrx_word' id='word_1_614' title='bbox 3134 4390 3314 4437; x_wconf 89' lang='lat' dir='ltr'><strong>tamen</strong></span> <span class='ocrx_word' id='word_1_615' title='bbox 3342 4396 3408 4436; x_wconf 81' lang='lat' dir='ltr'><strong>ex</strong></span> <span class='ocrx_word' id='word_1_616' title='bbox 3437 4395 3534 4435; x_wconf 60' lang='lat' dir='ltr'><strong>vo»</strong></span> 
     </span>
    </p>
   </div>
   <div class='ocr_carea' id='block_1_85' title="bbox 1948 4475 3531 4548">
    <p class='ocr_par' dir='ltr' id='par_1_85' title="bbox 1948 4475 3531 4548">
     <span class='ocr_line' id='line_1_85' title="bbox 1948 4475 3531 4548; baseline -0.002 -15"><span class='ocrx_word' id='word_1_617' title='bbox 1948 4479 2155 4533; x_wconf 91' lang='lat' dir='ltr'><strong>luntate</strong></span> <span class='ocrx_word' id='word_1_618' title='bbox 2178 4487 2264 4534; x_wconf 89' lang='lat' dir='ltr'><strong>est</strong></span> <span class='ocrx_word' id='word_1_619' title='bbox 2292 4476 2344 4533; x_wconf 91' lang='lat' dir='ltr'><strong>id</strong></span> <span class='ocrx_word' id='word_1_620' title='bbox 2371 4478 2513 4548; x_wconf 88' lang='lat' dir='ltr'><strong>quod</strong></span> <span class='ocrx_word' id='word_1_621' title='bbox 2537 4486 2622 4533; x_wconf 90' lang='lat' dir='ltr'><strong>est</strong></span> <span class='ocrx_word' id='word_1_622' title='bbox 2646 4517 2663 4543; x_wconf 92' lang='lat'><strong>,</strong></span> <span class='ocrx_word' id='word_1_623' title='bbox 2700 4476 2773 4531; x_wconf 89' lang='lat' dir='ltr'><strong>ita</strong></span> <span class='ocrx_word' id='word_1_624' title='bbox 2799 4476 2965 4531; x_wconf 85' lang='lat' dir='ltr'><strong>etiam</strong></span> <span class='ocrx_word' id='word_1_625' title='bbox 2990 4475 3160 4531; x_wconf 85' lang='lat' dir='ltr'><strong>Filius</strong></span> <span class='ocrx_word' id='word_1_626' title='bbox 3185 4492 3252 4532; x_wconf 87' lang='lat' dir='ltr'><strong>ex</strong></span> <span class='ocrx_word' id='word_1_627' title='bbox 3292 4476 3531 4531; x_wconf 76' lang='lat' dir='ltr'><strong>essentia</strong></span> 
     </span>
    </p>
   </div>
   <div class='ocr_carea' id='block_1_86' title="bbox 258 4564 1832 4642">
    <p class='ocr_par' dir='ltr' id='par_1_86' title="bbox 258 4564 1832 4637">
     <span class='ocr_line' id='line_1_86' title="bbox 258 4564 1832 4637; baseline 0.001 -18"><span class='ocrx_word' id='word_1_628' title='bbox 258 4565 475 4635; x_wconf 61' lang='grc' dir='ltr'>Πατρὶς</span> <span class='ocrx_word' id='word_1_629' title='bbox 500 4566 685 4631; x_wconf 80' lang='grc' dir='ltr'>οὐσίας</span> <span class='ocrx_word' id='word_1_630' title='bbox 736 4566 1034 4637; x_wconf 83' lang='grc' dir='ltr'>προελθὼν,</span> <span class='ocrx_word' id='word_1_631' title='bbox 1063 4566 1163 4619; x_wconf 82' lang='grc' dir='ltr'><strong>οὐκ</strong></span> <span class='ocrx_word' id='word_1_632' title='bbox 1187 4566 1448 4637; x_wconf 87' lang='grc' dir='ltr'>ἀθέλητός</span> <span class='ocrx_word' id='word_1_633' title='bbox 1483 4568 1631 4620; x_wconf 77' lang='grc' dir='ltr'>ἐστιν</span> <span class='ocrx_word' id='word_1_634' title='bbox 1661 4564 1832 4637; x_wconf 72' lang='grc' dir='ltr'><strong>αὐτῷ¹</strong></span> 
     </span>
    </p>
   </div>
   <div class='ocr_carea' id='block_1_87' title="bbox 1945 4564 3536 4642">
    <p class='ocr_par' dir='ltr' id='par_1_87' title="bbox 1948 4568 3536 4642">
     <span class='ocr_line' id='line_1_87' title="bbox 1948 4568 3536 4642; baseline -0.003 -15"><span class='ocrx_word' id='word_1_635' title='bbox 1948 4573 2128 4628; x_wconf 88' lang='lat' dir='ltr'><strong>Patris</strong></span> <span class='ocrx_word' id='word_1_636' title='bbox 2166 4572 2490 4642; x_wconf 85' lang='lat' dir='ltr'><strong>procedens,</strong></span> <span class='ocrx_word' id='word_1_637' title='bbox 2522 4586 2627 4625; x_wconf 91' lang='lat' dir='ltr'><strong>non</strong></span> <span class='ocrx_word' id='word_1_638' title='bbox 2659 4570 2711 4625; x_wconf 91' lang='lat' dir='ltr'><strong>ei</strong></span> <span class='ocrx_word' id='word_1_639' title='bbox 2748 4571 2905 4624; x_wconf 91' lang='lat' dir='ltr'><strong>adest</strong></span> <span class='ocrx_word' id='word_1_640' title='bbox 2940 4577 3137 4638; x_wconf 74' lang='lat' dir='ltr'><strong>praeter</strong></span> <span class='ocrx_word' id='word_1_641' title='bbox 3159 4568 3328 4638; x_wconf 88' lang='lat' dir='ltr'><strong>ipsius</strong></span> <span class='ocrx_word' id='word_1_642' title='bbox 3348 4568 3536 4623; x_wconf 83' lang='lat' dir='ltr'><strong>volun.-</strong></span> 
     </span>
    </p>
   </div>
   <div class='ocr_carea' id='block_1_88' title="bbox 259 4657 1840 4731">
    <p class='ocr_par' dir='ltr' id='par_1_88' title="bbox 259 4657 1840 4731">
     <span class='ocr_line' id='line_1_88' title="bbox 259 4657 1840 4731; baseline 0.002 -21"><span class='ocrx_word' id='word_1_643' title='bbox 259 4660 310 4710; x_wconf 79' lang='lat' dir='ltr'><strong>et</strong></span> <span class='ocrx_word' id='word_1_644' title='bbox 331 4658 424 4710; x_wconf 78' lang='grc' dir='ltr'>καὶ</span> <span class='ocrx_word' id='word_1_645' title='bbox 456 4657 706 4729; x_wconf 85' lang='grc' dir='ltr'>βούλησις</span> <span class='ocrx_word' id='word_1_646' title='bbox 731 4658 969 4730; x_wconf 80' lang='grc' dir='ltr'>οὐδαμοῦ</span> <span class='ocrx_word' id='word_1_647' title='bbox 985 4658 1085 4729; x_wconf 84' lang='grc' dir='ltr'>τῆς</span> <span class='ocrx_word' id='word_1_648' title='bbox 1108 4660 1415 4731; x_wconf 88' lang='grc' dir='ltr'>γεννήσεως</span> <span class='ocrx_word' id='word_1_649' title='bbox 1449 4658 1840 4731; x_wconf 79' lang='grc' dir='ltr'>προδραμοῦσα</span> 
     </span>
    </p>
   </div>
   <div class='ocr_carea' id='block_1_89' title="bbox 262 4750 532 4822">
    <p class='ocr_par' dir='ltr' id='par_1_89' title="bbox 262 4750 532 4822">
     <span class='ocr_line' id='line_1_89' title="bbox 262 4750 532 4822; baseline 0.011 -20"><span class='ocrx_word' id='word_1_650' title='bbox 262 4750 532 4822; x_wconf 82' lang='grc' dir='ltr'>φαίνεται.</span> 
     </span>
    </p>
   </div>
   <div class='ocr_carea' id='block_1_90' title="bbox 940 4866 1145 4919">
    <p class='ocr_par' dir='ltr' id='par_1_90' title="bbox 940 4866 1145 4919">
     <span class='ocr_line' id='line_1_90' title="bbox 940 4866 1145 4919; baseline 0.005 -1"><span class='ocrx_word' id='word_1_651' title='bbox 940 4866 1145 4919; x_wconf 84' lang='grc' dir='ltr'><strong>ΑΛΛΟ.</strong></span> 
     </span>
    </p>
   </div>
   <div class='ocr_carea' id='block_1_91' title="bbox 333 4976 1844 5051">
    <p class='ocr_par' dir='ltr' id='par_1_91' title="bbox 333 4976 1844 5051">
     <span class='ocr_line' id='line_1_91' title="bbox 333 4976 1844 5051; baseline 0.001 -21"><span class='ocrx_word' id='word_1_652' title='bbox 333 4977 399 5030; x_wconf 79' lang='lat' dir='ltr'><strong>El</strong></span> <span class='ocrx_word' id='word_1_653' title='bbox 423 4976 762 5048; x_wconf 83' lang='grc' dir='ltr'>ἀπαύγασμα</span> <span class='ocrx_word' id='word_1_654' title='bbox 800 4979 893 5032; x_wconf 76' lang='grc' dir='ltr'>καὶ</span> <span class='ocrx_word' id='word_1_655' title='bbox 920 4979 1205 5051; x_wconf 87' lang='grc' dir='ltr'>χαρακτήρ</span> <span class='ocrx_word' id='word_1_656' title='bbox 1256 4978 1372 5031; x_wconf 79' lang='grc' dir='ltr'>ἐστι</span> <span class='ocrx_word' id='word_1_657' title='bbox 1417 4977 1510 5032; x_wconf 76' lang='grc' dir='ltr'><strong>τοῦ</strong></span> <span class='ocrx_word' id='word_1_658' title='bbox 1554 4979 1766 5051; x_wconf 81' lang='grc' dir='ltr'>Πατρὸς</span> <span class='ocrx_word' id='word_1_659' title='bbox 1814 4980 1844 5032; x_wconf 90' lang='lat'><strong>6</strong></span> 
     </span>
    </p>
   </div>
   <div class='ocr_carea' id='block_1_92' title="bbox 264 5065 1836 5142">
    <p class='ocr_par' dir='ltr' id='par_1_92' title="bbox 264 5065 1836 5142">
     <span class='ocr_line' id='line_1_92' title="bbox 264 5065 1836 5142; baseline 0.002 -21"><span class='ocrx_word' id='word_1_660' title='bbox 264 5067 414 5132; x_wconf 71' lang='grc' dir='ltr'><strong>Υἱὸς,</strong></span> <span class='ocrx_word' id='word_1_661' title='bbox 438 5068 629 5137; x_wconf 77' lang='grc' dir='ltr'>γέγονε</span> <span class='ocrx_word' id='word_1_662' title='bbox 658 5069 715 5122; x_wconf 85' lang='grc' dir='ltr'>δὲ</span> <span class='ocrx_word' id='word_1_663' title='bbox 743 5068 981 5139; x_wconf 82' lang='grc' dir='ltr'>Θελήσει,</span> <span class='ocrx_word' id='word_1_664' title='bbox 1004 5070 1128 5124; x_wconf 81' lang='grc' dir='ltr'>καθ’</span> <span class='ocrx_word' id='word_1_665' title='bbox 1155 5070 1321 5139; x_wconf 81' lang='grc' dir='ltr'>ὑμᾶς,</span> <span class='ocrx_word' id='word_1_666' title='bbox 1368 5065 1437 5142; x_wconf 83' lang='grc' dir='ltr'>ἦν</span> <span class='ocrx_word' id='word_1_667' title='bbox 1480 5071 1588 5141; x_wconf 85' lang='grc' dir='ltr'><strong>ἀρα</strong></span> <span class='ocrx_word' id='word_1_668' title='bbox 1644 5072 1836 5141; x_wconf 79' lang='grc' dir='ltr'>χρόνος</span> 
     </span>
    </p>
   </div>
   <div class='ocr_carea' id='block_1_93' title="bbox 262 5157 1839 5234">
    <p class='ocr_par' dir='ltr' id='par_1_93' title="bbox 262 5157 1839 5234">
     <span class='ocr_line' id='line_1_93' title="bbox 262 5157 1839 5234; baseline 0.001 -19"><span class='ocrx_word' id='word_1_669' title='bbox 262 5163 352 5215; x_wconf 77' lang='grc' dir='ltr'>ὅτε</span> <span class='ocrx_word' id='word_1_670' title='bbox 376 5161 475 5214; x_wconf 78' lang='grc' dir='ltr'>οὐκ</span> <span class='ocrx_word' id='word_1_671' title='bbox 504 5157 592 5233; x_wconf 75' lang='grc' dir='ltr'><strong>ἦν,</strong></span> <span class='ocrx_word' id='word_1_672' title='bbox 622 5162 745 5215; x_wconf 83' lang='grc' dir='ltr'>καθ’</span> <span class='ocrx_word' id='word_1_673' title='bbox 789 5161 847 5214; x_wconf 86' lang='grc' dir='ltr'>ὃν</span> <span class='ocrx_word' id='word_1_674' title='bbox 899 5165 932 5233; x_wconf 84' lang='grc' dir='ltr'>ἡ</span> <span class='ocrx_word' id='word_1_675' title='bbox 985 5163 1113 5232; x_wconf 76' lang='grc' dir='ltr'>περὶ</span> <span class='ocrx_word' id='word_1_676' title='bbox 1158 5162 1320 5215; x_wconf 77' lang='grc' dir='ltr'>αὐτοῦ</span> <span class='ocrx_word' id='word_1_677' title='bbox 1370 5162 1587 5234; x_wconf 81' lang='grc' dir='ltr'>θέλησις</span> <span class='ocrx_word' id='word_1_678' title='bbox 1611 5165 1839 5217; x_wconf 76' lang='grc' dir='ltr'>ἐκινεῖτο</span> 
     </span>
    </p>
   </div>
   <div class='ocr_carea' id='block_1_94' title="bbox 265 5250 1841 5326">
    <p class='ocr_par' dir='ltr' id='par_1_94' title="bbox 265 5250 1841 5326">
     <span class='ocr_line' id='line_1_94' title="bbox 265 5250 1841 5326; baseline 0 -17"><span class='ocrx_word' id='word_1_679' title='bbox 265 5254 414 5325; x_wconf 72' lang='grc' dir='ltr'>παρὰ</span> <span class='ocrx_word' id='word_1_680' title='bbox 444 5253 522 5324; x_wconf 87' lang='grc' dir='ltr'>τῷ</span> <span class='ocrx_word' id='word_1_681' title='bbox 576 5253 770 5326; x_wconf 88' lang='grc' dir='ltr'>Πατρί.</span> <span class='ocrx_word' id='word_1_682' title='bbox 819 5255 1027 5308; x_wconf 77' lang='grc' dir='ltr'>Οὐκοῦν</span> <span class='ocrx_word' id='word_1_683' title='bbox 1059 5250 1126 5325; x_wconf 83' lang='grc' dir='ltr'>ἦν</span> <span class='ocrx_word' id='word_1_684' title='bbox 1177 5272 1308 5309; x_wconf 86' lang='grc' dir='ltr'>ποτε</span> <span class='ocrx_word' id='word_1_685' title='bbox 1352 5256 1442 5308; x_wconf 78' lang='grc' dir='ltr'>ὅτε</span> <span class='ocrx_word' id='word_1_686' title='bbox 1472 5255 1641 5326; x_wconf 73' lang='grc' dir='ltr'>χωρὶς</span> <span class='ocrx_word' id='word_1_687' title='bbox 1667 5257 1841 5309; x_wconf 87' lang='grc' dir='ltr'>ἀπαυ-</span> 
     </span>
    </p>
   </div>
   <div class='ocr_carea' id='block_1_95' title="bbox 261 5341 1842 5419">
    <p class='ocr_par' dir='ltr' id='par_1_95' title="bbox 261 5341 1842 5419">
     <span class='ocr_line' id='line_1_95' title="bbox 261 5341 1842 5419; baseline 0.001 -20"><span class='ocrx_word' id='word_1_688' title='bbox 261 5348 542 5415; x_wconf 85' lang='grc' dir='ltr'>γάσματος</span> <span class='ocrx_word' id='word_1_689' title='bbox 561 5341 629 5417; x_wconf 79' lang='grc' dir='ltr'>ἦν</span> <span class='ocrx_word' id='word_1_690' title='bbox 665 5348 694 5399; x_wconf 90' lang='lat'><strong>6</strong></span> <span class='ocrx_word' id='word_1_691' title='bbox 725 5346 857 5410; x_wconf 78' lang='grc' dir='ltr'>Θεὸς</span> <span class='ocrx_word' id='word_1_692' title='bbox 897 5347 990 5400; x_wconf 76' lang='grc' dir='ltr'>καὶ</span> <span class='ocrx_word' id='word_1_693' title='bbox 1021 5347 1141 5415; x_wconf 79' lang='grc' dir='ltr'>δίχα</span> <span class='ocrx_word' id='word_1_694' title='bbox 1192 5348 1561 5419; x_wconf 83' lang='grc' dir='ltr'>χαρακτῆρος.</span> <span class='ocrx_word' id='word_1_695' title='bbox 1618 5349 1749 5413; x_wconf 77' lang='lat' dir='ltr'><strong>Kal,</strong></span> <span class='ocrx_word' id='word_1_696' title='bbox 1794 5351 1842 5401; x_wconf 80' lang='lat' dir='ltr'><strong>sl</strong></span> 
     </span>
    </p>
   </div>
   <div class='ocr_carea' id='block_1_96' title="bbox 261 5435 1844 5509">
    <p class='ocr_par' dir='ltr' id='par_1_96' title="bbox 261 5435 1844 5509">
     <span class='ocr_line' id='line_1_96' title="bbox 261 5435 1844 5509; baseline 0.004 -22"><span class='ocrx_word' id='word_1_697' title='bbox 261 5436 323 5488; x_wconf 79' lang='grc' dir='ltr'><strong>τὸ</strong></span> <span class='ocrx_word' id='word_1_698' title='bbox 352 5435 481 5488; x_wconf 81' lang='grc' dir='ltr'>ἴδιον</span> <span class='ocrx_word' id='word_1_699' title='bbox 508 5437 607 5507; x_wconf 82' lang='grc' dir='ltr'>τῆς</span> <span class='ocrx_word' id='word_1_700' title='bbox 644 5437 832 5501; x_wconf 79' lang='grc' dir='ltr'>οὐσίας</span> <span class='ocrx_word' id='word_1_701' title='bbox 892 5437 984 5489; x_wconf 77' lang='grc' dir='ltr'>τοῦ</span> <span class='ocrx_word' id='word_1_702' title='bbox 1023 5439 1232 5509; x_wconf 76' lang='grc' dir='ltr'>Πατρός</span> <span class='ocrx_word' id='word_1_703' title='bbox 1282 5441 1429 5492; x_wconf 77' lang='grc' dir='ltr'>ἐστιν</span> <span class='ocrx_word' id='word_1_704' title='bbox 1483 5441 1512 5491; x_wconf 90' lang='grc' dir='ltr'><strong>ὀ</strong></span> <span class='ocrx_word' id='word_1_705' title='bbox 1562 5439 1711 5502; x_wconf 83' lang='grc' dir='ltr'>Υἱὸς,</span> <span class='ocrx_word' id='word_1_706' title='bbox 1743 5440 1844 5493; x_wconf 87' lang='grc' dir='ltr'><strong>ούκ</strong></span> 
     </span>
    </p>
   </div>
   <div class='ocr_carea' id='block_1_97' title="bbox 263 5521 1842 5601">
    <p class='ocr_par' dir='ltr' id='par_1_97' title="bbox 263 5521 1842 5601">
     <span class='ocr_line' id='line_1_97' title="bbox 263 5521 1842 5601; baseline 0.003 -23"><span class='ocrx_word' id='word_1_707' title='bbox 263 5521 330 5595; x_wconf 74' lang='grc' dir='ltr'>ἦν</span> <span class='ocrx_word' id='word_1_708' title='bbox 363 5526 418 5578; x_wconf 85' lang='grc' dir='ltr'><strong>δέ</strong></span> <span class='ocrx_word' id='word_1_709' title='bbox 442 5544 594 5589; x_wconf 86' lang='grc' dir='ltr'>ποτε,</span> <span class='ocrx_word' id='word_1_710' title='bbox 620 5527 739 5580; x_wconf 84' lang='grc' dir='ltr'>καθ’</span> <span class='ocrx_word' id='word_1_711' title='bbox 764 5529 927 5597; x_wconf 70' lang='grc' dir='ltr'>ὑμᾶς,</span> <span class='ocrx_word' id='word_1_712' title='bbox 980 5529 1093 5581; x_wconf 83' lang='grc' dir='ltr'>ἴσον</span> <span class='ocrx_word' id='word_1_713' title='bbox 1121 5530 1234 5581; x_wconf 74' lang='grc' dir='ltr'>ἐστὶ</span> <span class='ocrx_word' id='word_1_714' title='bbox 1286 5529 1363 5599; x_wconf 84' lang='grc' dir='ltr'>τῷ</span> <span class='ocrx_word' id='word_1_715' title='bbox 1416 5530 1614 5596; x_wconf 74' lang='grc' dir='ltr'>λέγειν’</span> <span class='ocrx_word' id='word_1_716' title='bbox 1646 5532 1746 5584; x_wconf 80' lang='grc' dir='ltr'>οὐκ</span> <span class='ocrx_word' id='word_1_717' title='bbox 1775 5527 1842 5601; x_wconf 77' lang='grc' dir='ltr'>ἦν</span> 
     </span>
    </p>
   </div>
   <div class='ocr_carea' id='block_1_98' title="bbox 265 5619 1840 5695">
    <p class='ocr_par' dir='ltr' id='par_1_98' title="bbox 265 5619 1840 5695">
     <span class='ocr_line' id='line_1_98' title="bbox 265 5619 1840 5695; baseline 0.004 -24"><span class='ocrx_word' id='word_1_718' title='bbox 265 5637 393 5672; x_wconf 73' lang='grc' dir='ltr'>ποτε</span> <span class='ocrx_word' id='word_1_719' title='bbox 419 5619 713 5691; x_wconf 77' lang='grc' dir='ltr'>γεννητική</span> <span class='ocrx_word' id='word_1_720' title='bbox 748 5620 841 5673; x_wconf 79' lang='grc' dir='ltr'>τοῦ</span> <span class='ocrx_word' id='word_1_721' title='bbox 872 5620 1083 5691; x_wconf 77' lang='grc' dir='ltr'>Πατρὸς</span> <span class='ocrx_word' id='word_1_722' title='bbox 1114 5621 1147 5691; x_wconf 84' lang='grc' dir='ltr'>ἡ</span> <span class='ocrx_word' id='word_1_723' title='bbox 1177 5622 1355 5674; x_wconf 70' lang='grc' dir='ltr'>οὐσίαθ</span> <span class='ocrx_word' id='word_1_724' title='bbox 1416 5623 1530 5676; x_wconf 84' lang='grc' dir='ltr'>ἀλλ’</span> <span class='ocrx_word' id='word_1_725' title='bbox 1564 5624 1752 5695; x_wconf 74' lang='grc' dir='ltr'>ὥσπερ</span> <span class='ocrx_word' id='word_1_726' title='bbox 1778 5624 1840 5677; x_wconf 84' lang='grc' dir='ltr'>ἔκ</span> 
     </span>
    </p>
   </div>
   <div class='ocr_carea' id='block_1_99' title="bbox 338 5800 1318 5872">
    <p class='ocr_par' dir='ltr' id='par_1_99' title="bbox 338 5800 1318 5872">
     <span class='ocr_line' id='line_1_99' title="bbox 338 5800 1318 5872; baseline 0 -21"><span class='ocrx_word' id='word_1_727' title='bbox 338 5805 377 5830; x_wconf 70' lang='grc'><strong>⁷“</strong></span> <span class='ocrx_word' id='word_1_728' title='bbox 426 5802 582 5854; x_wconf 50' lang='lat' dir='ltr'><strong>lli-lor.</strong></span> <span class='ocrx_word' id='word_1_729' title='bbox 630 5819 663 5862; x_wconf 80' lang='grc' dir='ltr'><strong>ι,</strong></span> <span class='ocrx_word' id='word_1_730' title='bbox 708 5802 759 5852; x_wconf 70' lang='lat'><strong>7-.</strong></span> <span class='ocrx_word' id='word_1_731' title='bbox 839 5802 880 5827; x_wconf 81' lang='lat'><strong>&quot;‘</strong></span> <span class='ocrx_word' id='word_1_732' title='bbox 922 5800 1076 5872; x_wconf 72' lang='lat' dir='ltr'><strong>Juan.</strong></span> <span class='ocrx_word' id='word_1_733' title='bbox 1120 5819 1197 5863; x_wconf 74' lang='grc' dir='ltr'><strong>ιιι,</strong></span> <span class='ocrx_word' id='word_1_734' title='bbox 1233 5804 1318 5859; x_wconf 69' lang='lat'><strong>53,</strong></span> 
     </span>
    </p>
   </div>
   <div class='ocr_carea' id='block_1_100' title="bbox 1944 4660 3530 4732">
    <p class='ocr_par' dir='ltr' id='par_1_100' title="bbox 1944 4660 3530 4732">
     <span class='ocr_line' id='line_1_100' title="bbox 1944 4660 3530 4732; baseline -0.007 -10"><span class='ocrx_word' id='word_1_735' title='bbox 1944 4675 2130 4732; x_wconf 87' lang='lat' dir='ltr'><strong>tatem,</strong></span> <span class='ocrx_word' id='word_1_736' title='bbox 2164 4663 2379 4720; x_wconf 88' lang='lat' dir='ltr'><strong>tametsi</strong></span> <span class='ocrx_word' id='word_1_737' title='bbox 2424 4664 2675 4718; x_wconf 87' lang='lat' dir='ltr'><strong>voluntas</strong></span> <span class='ocrx_word' id='word_1_738' title='bbox 2698 4664 2812 4717; x_wconf 83' lang='lat' dir='ltr'><strong>sive</strong></span> <span class='ocrx_word' id='word_1_739' title='bbox 2868 4660 3193 4717; x_wconf 88' lang='lat' dir='ltr'><strong>deliberatio</strong></span> <span class='ocrx_word' id='word_1_740' title='bbox 3216 4660 3530 4729; x_wconf 86' lang='lat' dir='ltr'><strong>generatio—</strong></span> 
     </span>
    </p>
   </div>
   <div class='ocr_carea' id='block_1_101' title="bbox 1944 4754 2834 4828">
    <p class='ocr_par' dir='ltr' id='par_1_101' title="bbox 1944 4754 2834 4828">
     <span class='ocr_line' id='line_1_101' title="bbox 1944 4754 2834 4828; baseline -0.007 -14"><span class='ocrx_word' id='word_1_741' title='bbox 1944 4774 2067 4814; x_wconf 91' lang='lat' dir='ltr'><strong>nem</strong></span> <span class='ocrx_word' id='word_1_742' title='bbox 2105 4771 2445 4828; x_wconf 87' lang='lat' dir='ltr'><strong>nequaquam</strong></span> <span class='ocrx_word' id='word_1_743' title='bbox 2470 4754 2834 4825; x_wconf 61' lang='lat' dir='ltr'><strong>praeessem.</strong></span> 
     </span>
    </p>
   </div>
   <div class='ocr_carea' id='block_1_102' title="bbox 2627 4866 2860 4924">
    <p class='ocr_par' dir='ltr' id='par_1_102' title="bbox 2627 4866 2860 4924">
     <span class='ocr_line' id='line_1_102' title="bbox 2627 4866 2860 4924; baseline -0.004 -3"><span class='ocrx_word' id='word_1_744' title='bbox 2627 4866 2860 4924; x_wconf 80' lang='lat' dir='ltr'><strong>ALIUD.</strong></span> 
     </span>
    </p>
   </div>
   <div class='ocr_carea' id='block_1_103' title="bbox 2018 4976 3535 5055">
    <p class='ocr_par' dir='ltr' id='par_1_103' title="bbox 2018 4976 3535 5055">
     <span class='ocr_line' id='line_1_103' title="bbox 2018 4976 3535 5055; baseline -0.003 -18"><span class='ocrx_word' id='word_1_745' title='bbox 2018 4983 2074 5039; x_wconf 88' lang='lat' dir='ltr'><strong>Si</strong></span> <span class='ocrx_word' id='word_1_746' title='bbox 2105 4982 2357 5055; x_wconf 90' lang='lat' dir='ltr'><strong>splendor</strong></span> <span class='ocrx_word' id='word_1_747' title='bbox 2381 4990 2435 5037; x_wconf 92' lang='lat' dir='ltr'><strong>et</strong></span> <span class='ocrx_word' id='word_1_748' title='bbox 2456 4981 2743 5037; x_wconf 89' lang='lat' dir='ltr'><strong>character</strong></span> <span class='ocrx_word' id='word_1_749' title='bbox 2777 4978 2958 5035; x_wconf 88' lang='lat' dir='ltr'><strong>Patris</strong></span> <span class='ocrx_word' id='word_1_750' title='bbox 3005 4988 3089 5033; x_wconf 90' lang='lat' dir='ltr'><strong>est</strong></span> <span class='ocrx_word' id='word_1_751' title='bbox 3118 4977 3312 5041; x_wconf 81' lang='lat' dir='ltr'><strong>Filius,</strong></span> <span class='ocrx_word' id='word_1_752' title='bbox 3354 4976 3535 5032; x_wconf 80' lang='lat' dir='ltr'><strong>factus</strong></span> 
     </span>
    </p>
   </div>
   <div class='ocr_carea' id='block_1_104' title="bbox 1940 5068 3535 5139">
    <p class='ocr_par' dir='ltr' id='par_1_104' title="bbox 1940 5068 3535 5139">
     <span class='ocr_line' id='line_1_104' title="bbox 1940 5068 3535 5139; baseline -0.008 -9"><span class='ocrx_word' id='word_1_753' title='bbox 1940 5087 2118 5130; x_wconf 85' lang='lat' dir='ltr'><strong>autem</strong></span> <span class='ocrx_word' id='word_1_754' title='bbox 2143 5084 2305 5131; x_wconf 78' lang='lat' dir='ltr'><strong>estex</strong></span> <span class='ocrx_word' id='word_1_755' title='bbox 2330 5074 2633 5139; x_wconf 88' lang='lat' dir='ltr'><strong>voluntate,</strong></span> <span class='ocrx_word' id='word_1_756' title='bbox 2656 5080 2715 5125; x_wconf 90' lang='lat' dir='ltr'><strong>ut</strong></span> <span class='ocrx_word' id='word_1_757' title='bbox 2740 5078 2918 5127; x_wconf 87' lang='lat' dir='ltr'><strong>vestra</strong></span> <span class='ocrx_word' id='word_1_758' title='bbox 2946 5070 3050 5125; x_wconf 81' lang='lat' dir='ltr'><strong>fert</strong></span> <span class='ocrx_word' id='word_1_759' title='bbox 3072 5069 3279 5139; x_wconf 86' lang='lat' dir='ltr'><strong>opinio,</strong></span> <span class='ocrx_word' id='word_1_760' title='bbox 3295 5075 3414 5122; x_wconf 89' lang='lat' dir='ltr'><strong>erat</strong></span> <span class='ocrx_word' id='word_1_761' title='bbox 3432 5068 3535 5119; x_wconf 87' lang='lat' dir='ltr'><strong>ita-</strong></span> 
     </span>
    </p>
   </div>
   <div class='ocr_carea' id='block_1_105' title="bbox 1941 5158 3536 5239">
    <p class='ocr_par' dir='ltr' id='par_1_105' title="bbox 1941 5158 3536 5239">
     <span class='ocr_line' id='line_1_105' title="bbox 1941 5158 3536 5239; baseline -0.007 -17"><span class='ocrx_word' id='word_1_762' title='bbox 1941 5185 2045 5239; x_wconf 89' lang='lat' dir='ltr'><strong>que</strong></span> <span class='ocrx_word' id='word_1_763' title='bbox 2082 5178 2291 5239; x_wconf 86' lang='lat' dir='ltr'><strong>tempus</strong></span> <span class='ocrx_word' id='word_1_764' title='bbox 2335 5168 2551 5238; x_wconf 89' lang='lat' dir='ltr'><strong>quando</strong></span> <span class='ocrx_word' id='word_1_765' title='bbox 2584 5182 2688 5221; x_wconf 94' lang='lat' dir='ltr'><strong>non</strong></span> <span class='ocrx_word' id='word_1_766' title='bbox 2733 5173 2867 5225; x_wconf 87' lang='lat' dir='ltr'><strong>erat,</strong></span> <span class='ocrx_word' id='word_1_767' title='bbox 2910 5164 2960 5217; x_wconf 92' lang='lat' dir='ltr'><strong>in</strong></span> <span class='ocrx_word' id='word_1_768' title='bbox 3000 5177 3109 5232; x_wconf 90' lang='lat' dir='ltr'><strong>quo</strong></span> <span class='ocrx_word' id='word_1_769' title='bbox 3133 5160 3298 5214; x_wconf 86' lang='lat' dir='ltr'><strong>Pater</strong></span> <span class='ocrx_word' id='word_1_770' title='bbox 3351 5158 3536 5212; x_wconf 81' lang='lat' dir='ltr'><strong>consi-</strong></span> 
     </span>
    </p>
   </div>
   <div class='ocr_carea' id='block_1_106' title="bbox 1942 5250 3533 5328">
    <p class='ocr_par' dir='ltr' id='par_1_106' title="bbox 1942 5250 3533 5328">
     <span class='ocr_line' id='line_1_106' title="bbox 1942 5250 3533 5328; baseline -0.008 -14"><span class='ocrx_word' id='word_1_771' title='bbox 1942 5260 2072 5314; x_wconf 90' lang='lat' dir='ltr'><strong>lium</strong></span> <span class='ocrx_word' id='word_1_772' title='bbox 2115 5275 2270 5313; x_wconf 91' lang='lat' dir='ltr'><strong>suum</strong></span> <span class='ocrx_word' id='word_1_773' title='bbox 2320 5260 2386 5314; x_wconf 91' lang='lat' dir='ltr'><strong>de</strong></span> <span class='ocrx_word' id='word_1_774' title='bbox 2442 5258 2532 5313; x_wconf 91' lang='lat' dir='ltr'><strong>illo</strong></span> <span class='ocrx_word' id='word_1_775' title='bbox 2581 5257 2840 5328; x_wconf 86' lang='lat' dir='ltr'><strong>agitabat.</strong></span> <span class='ocrx_word' id='word_1_776' title='bbox 2884 5255 3006 5310; x_wconf 77' lang='lat' dir='ltr'><strong>Fuit</strong></span> <span class='ocrx_word' id='word_1_777' title='bbox 3033 5254 3199 5325; x_wconf 89' lang='lat' dir='ltr'><strong>igitur</strong></span> <span class='ocrx_word' id='word_1_778' title='bbox 3232 5254 3396 5307; x_wconf 89' lang='lat' dir='ltr'><strong>etiam</strong></span> <span class='ocrx_word' id='word_1_779' title='bbox 3432 5250 3533 5302; x_wconf 88' lang='lat' dir='ltr'><strong>ali-</strong></span> 
     </span>
    </p>
   </div>
   <div class='ocr_carea' id='block_1_107' title="bbox 1945 5343 3527 5416">
    <p class='ocr_par' dir='ltr' id='par_1_107' title="bbox 1945 5343 3527 5416">
     <span class='ocr_line' id='line_1_107' title="bbox 1945 5343 3527 5416; baseline -0.004 -17"><span class='ocrx_word' id='word_1_780' title='bbox 1945 5348 2160 5416; x_wconf 85' lang='lat' dir='ltr'><strong>quando</strong></span> <span class='ocrx_word' id='word_1_781' title='bbox 2188 5349 2327 5403; x_wconf 88' lang='lat' dir='ltr'><strong>Deus</strong></span> <span class='ocrx_word' id='word_1_782' title='bbox 2359 5348 2564 5416; x_wconf 89' lang='lat' dir='ltr'><strong>absque</strong></span> <span class='ocrx_word' id='word_1_783' title='bbox 2608 5362 2707 5401; x_wconf 92' lang='lat' dir='ltr'><strong>suo</strong></span> <span class='ocrx_word' id='word_1_784' title='bbox 2759 5345 3045 5415; x_wconf 86' lang='lat' dir='ltr'><strong>splemlore</strong></span> <span class='ocrx_word' id='word_1_785' title='bbox 3081 5353 3135 5398; x_wconf 90' lang='lat' dir='ltr'><strong>et</strong></span> <span class='ocrx_word' id='word_1_786' title='bbox 3182 5343 3527 5396; x_wconf 85' lang='lat' dir='ltr'><strong>charactere.</strong></span> 
     </span>
    </p>
   </div>
   <div class='ocr_carea' id='block_1_108' title="bbox 1948 5435 3527 5511">
    <p class='ocr_par' dir='ltr' id='par_1_108' title="bbox 1948 5435 3527 5511">
     <span class='ocr_line' id='line_1_108' title="bbox 1948 5435 3527 5511; baseline -0.004 -17"><span class='ocrx_word' id='word_1_787' title='bbox 1948 5440 2032 5507; x_wconf 84' lang='lat' dir='ltr'><strong>Et,</strong></span> <span class='ocrx_word' id='word_1_788' title='bbox 2065 5441 2107 5495; x_wconf 89' lang='lat' dir='ltr'><strong>si</strong></span> <span class='ocrx_word' id='word_1_789' title='bbox 2141 5442 2418 5511; x_wconf 88' lang='lat' dir='ltr'><strong>propriuttt</strong></span> <span class='ocrx_word' id='word_1_790' title='bbox 2445 5442 2696 5495; x_wconf 74' lang='lat' dir='ltr'><strong>essentia:</strong></span> <span class='ocrx_word' id='word_1_791' title='bbox 2721 5440 2898 5493; x_wconf 87' lang='lat' dir='ltr'><strong>Patris</strong></span> <span class='ocrx_word' id='word_1_792' title='bbox 2926 5438 3032 5509; x_wconf 84' lang='lat'><strong>57</strong></span> <span class='ocrx_word' id='word_1_793' title='bbox 3063 5447 3144 5490; x_wconf 91' lang='lat' dir='ltr'><strong>est</strong></span> <span class='ocrx_word' id='word_1_794' title='bbox 3174 5435 3527 5501; x_wconf 89' lang='lat' dir='ltr'><strong>Filius,atqui</strong></span> 
     </span>
    </p>
   </div>
   <div class='ocr_carea' id='block_1_109' title="bbox 1948 5526 3528 5601">
    <p class='ocr_par' dir='ltr' id='par_1_109' title="bbox 1948 5526 3528 5601">
     <span class='ocr_line' id='line_1_109' title="bbox 1948 5526 3528 5601; baseline -0.004 -15"><span class='ocrx_word' id='word_1_795' title='bbox 1948 5534 1992 5587; x_wconf 88' lang='lat' dir='ltr'><strong>is</strong></span> <span class='ocrx_word' id='word_1_796' title='bbox 2030 5533 2318 5601; x_wconf 80' lang='lat' dir='ltr'><strong>aliquando</strong></span> <span class='ocrx_word' id='word_1_797' title='bbox 2344 5550 2449 5587; x_wconf 90' lang='lat' dir='ltr'><strong>non</strong></span> <span class='ocrx_word' id='word_1_798' title='bbox 2481 5532 2609 5597; x_wconf 78' lang='lat' dir='ltr'><strong>fuit,</strong></span> <span class='ocrx_word' id='word_1_799' title='bbox 2635 5542 2690 5586; x_wconf 95' lang='lat' dir='ltr'><strong>ut</strong></span> <span class='ocrx_word' id='word_1_800' title='bbox 2719 5547 2815 5585; x_wconf 90' lang='lat' dir='ltr'><strong>vos</strong></span> <span class='ocrx_word' id='word_1_801' title='bbox 2850 5530 3055 5593; x_wconf 84' lang='lat' dir='ltr'><strong>dicitis,</strong></span> <span class='ocrx_word' id='word_1_802' title='bbox 3098 5529 3237 5583; x_wconf 89' lang='lat' dir='ltr'><strong>idem</strong></span> <span class='ocrx_word' id='word_1_803' title='bbox 3276 5536 3359 5582; x_wconf 80' lang='lat' dir='ltr'><strong>est</strong></span> <span class='ocrx_word' id='word_1_804' title='bbox 3394 5543 3457 5579; x_wconf 90' lang='lat' dir='ltr'><strong>ac</strong></span> <span class='ocrx_word' id='word_1_805' title='bbox 3483 5526 3528 5580; x_wconf 81' lang='lat' dir='ltr'><strong>si</strong></span> 
     </span>
    </p>
   </div>
   <div class='ocr_carea' id='block_1_110' title="bbox 1947 5622 3530 5698">
    <p class='ocr_par' dir='ltr' id='par_1_110' title="bbox 1947 5622 3530 5698">
     <span class='ocr_line' id='line_1_110' title="bbox 1947 5622 3530 5698; baseline -0.004 -17"><span class='ocrx_word' id='word_1_806' title='bbox 1947 5628 2096 5683; x_wconf 83' lang='lat' dir='ltr'><strong>dicas</strong></span> <span class='ocrx_word' id='word_1_807' title='bbox 2127 5628 2493 5698; x_wconf 85' lang='lat' dir='ltr'><strong>generativam</strong></span> <span class='ocrx_word' id='word_1_808' title='bbox 2524 5625 2701 5682; x_wconf 85' lang='lat' dir='ltr'><strong>Patris</strong></span> <span class='ocrx_word' id='word_1_809' title='bbox 2749 5625 3049 5680; x_wconf 74' lang='lat' dir='ltr'><strong>essentiam</strong></span> <span class='ocrx_word' id='word_1_810' title='bbox 3084 5622 3377 5693; x_wconf 86' lang='lat' dir='ltr'><strong>aliquando</strong></span> <span class='ocrx_word' id='word_1_811' title='bbox 3425 5637 3530 5675; x_wconf 89' lang='lat' dir='ltr'><strong>non</strong></span> 
     </span>
    </p>
   </div>
  </div>
