3876 6208
345 254 421 311 95
1385 253 1445 307 S.
1486 249 1765 306 CYRILLI
1804 246 2275 305 ALEXANDBINI
2311 245 2630 302 ARCHIEP.
3557 248 3631 304 96

346 373 641 434 exstitisse,
682 374 778 427 sed
813 371 974 428 velut:
1022 388 1091 427 ex
1138 373 1443 427 mutatione
1464 372 1698 442 quadam
1728 386 1796 426 eo
1828 381 1939 425 tra-

2052 387 2186 433 τινος
2222 369 2526 440 μεταϐολῆς
2560 369 2641 430 είς
2704 364 2864 419 τοῦτο
2925 364 3203 437 παρῆλθεν
3255 364 3627 437 ἀποκυήσασα

349 466 568 519 ductam
602 464 770 519 fuisse
801 475 857 517 ut
897 466 1141 535 gigneret
1169 463 1383 520 Filium.
1424 463 1480 519 Si
1516 478 1644 520 vero
1682 464 1732 517 id
1759 472 1815 518 et
1842 477 1934 517 co-

348 557 520 626 gitatu
552 567 607 610 et
639 556 786 610 dictu
824 556 1049 626 impium
1079 564 1183 620 est,
1218 572 1284 611 ne
1330 556 1484 617 illud,
1529 555 1838 618 Voluntate,
1864 569 1932 607 an

350 665 477 714 non,
504 651 569 703 de
594 647 734 704 Filio
760 650 1044 716 objieiaut.
1074 649 1229 703 Sicut
1247 649 1396 703 enim
1431 648 1591 702 Pater
1612 647 1937 706 naturaliter

350 749 434 796 est
472 739 665 808 bonus,
699 741 770 794 ita
795 742 960 795 etiam
983 740 1303 797 naturaliter
1325 739 1696 811 generativus.

741 872 969 941 ALIUD,
1013 877 1082 929 ad
1120 876 1542 945 explicationem.

422 983 479 1039 Si
513 985 694 1039 omnis
724 983 973 1040 voluntas
1001 1002 1120 1051 qua:
1154 986 1205 1038 in
1239 1002 1510 1057 quoquam
1544 986 1602 1040 lit
1661 1002 1767 1041 non
1817 988 1937 1041 abs-

353 1092 457 1146 que
486 1078 653 1133 verbo
693 1079 751 1133 [lt
794 1078 1077 1150 (voluntas
1110 1080 1251 1133 enim
1289 1091 1373 1135 est
1404 1081 1627 1136 Verbum
1667 1080 1935 1135 occultum

353 1171 494 1240 quod
533 1171 585 1224 in
624 1172 788 1226 corde
826 1172 1128 1243 agitatur),
1164 1171 1335 1226 Filius
1371 1182 1551 1227 autem
1586 1182 1669 1226 est
1707 1169 1936 1225 Verbum

354 1262 560 1325 Patris,
596 1264 736 1317 idem
769 1264 934 1334 igitur
962 1265 1126 1318 etiam
1158 1272 1242 1318 est
1270 1265 1523 1318 voluntas
1554 1264 1743 1331 ipsius.
1774 1264 1935 1332 Atqui

354 1369 461 1423 quo
490 1364 646 1421 pacto
673 1354 922 1407 voluntas
955 1355 1005 1407 in
1035 1357 1307 1409 voluntate
1340 1355 1431 1408 fit?
1458 1364 1551 1407 aut
1583 1355 1671 1422 qui
1702 1353 1937 1407 Verbum

356 1447 409 1499 in
431 1446 647 1501 Verbo?
673 1444 865 1500 Omnia
902 1447 1068 1515 igitur
1097 1448 1209 1501 hanc
1239 1457 1320 1501 est
1352 1445 1519 1499 Filius
1547 1444 1692 1498 Patri
1727 1463 1740 1499 :
1768 1454 1821 1499 et
1851 1458 1941 1497 vo-

354 1533 534 1588 luntas
562 1544 614 1589 et
641 1534 904 1599 Verbum,
938 1549 992 1589 et
1022 1536 1290 1605 sapientia
1325 1552 1340 1589 :
1374 1535 1617 1604 nihilque
1646 1544 1729 1589 est
1762 1535 1812 1587 in
1839 1533 1941 1587 Pa-

358 1634 439 1680 tre
467 1636 595 1680 aute
625 1626 821 1695 ipsum.

930 1737 1143 1793 ALIUD
1180 1737 1369 1792 simile.

429 1848 601 1903 llabet
645 1848 744 1903 sibi
794 1851 954 1904 homo
996 1850 1317 1904 naturaliter
1354 1849 1571 1903 insitam
1618 1846 1940 1917 procreandi

358 1942 498 1996 ﬁlios
537 1952 897 2011 potestatem,
940 1952 994 1997 et
1035 1958 1141 1996 non
1184 1942 1638 2012 quemadmodum
1681 1944 1842 1995 homo
1874 1956 1939 1995 ex

358 2034 636 2089 voluntate
672 2046 754 2089 est
794 2036 966 2089 bonus
997 2043 1090 2088 aut
1123 2035 1325 2098 malus.
1360 2035 1432 2088 ita
1462 2035 1626 2088 etiam
1663 2048 1727 2086 ex
1759 2033 1944 2085 volun-

356 2135 466 2180 tate
491 2135 573 2180 est
603 2136 773 2195 pater.
804 2126 907 2181 Sed
938 2128 1043 2182 hoc
1067 2143 1129 2182 ex
1163 2138 1352 2181 natura
1371 2167 1387 2189 ,
1415 2125 1545 2180 illud
1572 2140 1635 2180 ex
1664 2124 1943 2179 voluntate

355 2216 536 2270 habet.
569 2216 634 2269 Et
667 2217 814 2271 illius
845 2217 1062 2287 quidem
1095 2216 1301 2271 domini
1335 2229 1556 2280 sumus;
1591 2215 1645 2267 in
1680 2213 1782 2268 hoc
1816 2228 1943 2266 vero

355 2315 614 2377 perpetua
665 2319 828 2378 atque
877 2307 1340 2362 incommutabilis
1393 2315 1603 2361 naturae
1649 2305 1733 2359 lex
1776 2305 1938 2375 viget.

358 2400 511 2456 Sicut
549 2401 710 2473 igitur
748 2418 847 2456 nos
887 2417 990 2455 non
1026 2416 1090 2455 ex
1128 2399 1428 2464 voluntate,
1466 2398 1558 2453 sed
1594 2406 1808 2459 natura,
1846 2397 1943 2449 ba-

357 2493 547 2547 bemus
571 2502 629 2547 ut
654 2495 825 2548 simus
852 2504 1032 2563 patres
1058 2492 1291 2546 filiorum
1318 2500 1649 2552 nostrorum,
1676 2489 1748 2543 ita
1776 2488 1940 2542 etiam

358 2586 499 2640 Deus
530 2601 593 2639 ac
619 2587 780 2641 Pater
807 2601 912 2639 non
941 2601 1008 2640 ex
1036 2585 1311 2638 voluntate
1338 2582 1498 2637 Pater
1520 2592 1628 2647 est.
1656 2583 1752 2637 sed
1784 2592 1942 2635 natu-

357 2678 564 2733 raliter.
606 2679 671 2732 Et
713 2677 1170 2747 quemadmodum
1212 2676 1302 2745 qui
1344 2690 1408 2729 ex
1454 2675 1609 2729 nobis
1649 2674 1944 2742 gignuntur

356 2771 565 2825 similes
599 2786 819 2841 prorsus
859 2770 1015 2825 nobis
1053 2779 1177 2824 sunt
1212 2770 1508 2823 secundum
1547 2767 1940 2830 substantiam,

358 2864 430 2917 ita
461 2865 623 2918 etiam
658 2863 827 2918 Filius
859 2878 965 2917 non
997 2863 1341 2917 extrinsecus
1376 2861 1524 2915 Patri
1558 2860 1815 2924 accessit,
1848 2860 1942 2913 sed

358 2969 547 3010 revera
575 2971 641 3009 ex
670 2956 905 3010 essentia
936 2954 1108 3024 ipsius
1135 2956 1435 3024 procedens
1462 2967 1558 3021 per
1582 2953 1763 3007 omnia
1792 2951 1943 3006 simi-

357 3045 425 3103 lis
449 3056 533 3101 est
562 3046 826 3101 Genitori.
856 3047 920 3103 Et
941 3048 1397 3116 quemadmodum
1430 3045 1592 3100 Pater
1617 3062 1725 3102 non
1755 3061 1821 3101 ex
1849 3059 1943 3101 vo-

359 3136 567 3193 luntate
593 3150 674 3192 est
706 3138 889 3203 Pater,
918 3137 989 3191 ita
1017 3147 1071 3195 et
1098 3138 1270 3194 Filius
1298 3153 1403 3192 non
1434 3152 1501 3192 ex
1527 3137 1820 3202 voluntate,
1848 3137 1943 3192 sed

359 3241 425 3281 ex
466 3238 655 3281 natura
694 3238 800 3293 est,
837 3228 1091 3296 splendor
1123 3238 1174 3283 et
1213 3228 1497 3283 character
1527 3227 1797 3284 exsistens
1830 3226 1947 3295 ejus

361 3318 457 3389 qui
491 3319 663 3387 ipsum
698 3319 903 3388 genuit.

1032 3427 1258 3484 ALIUD.

818 3520 1060 3592 Objectio
1099 3537 1164 3575 ea:
1203 3521 1487 3575 Eunomia.

429 3636 799 3707 lnterrogandi
838 3646 998 3700 sunt,
1032 3637 1240 3707 inquit,
1275 3635 1312 3690 ii
1348 3634 1441 3705 qui
1475 3648 1534 3690 se
1567 3643 1713 3688 recte
1743 3631 1947 3688 sentire

359 3730 693 3791 existimant,
726 3738 905 3782 utrum
937 3729 1231 3798 aliquando
1279 3727 1558 3781 voluntate
1584 3724 1830 3795 genuerit
1857 3722 1945 3778 Fi-

361 3821 488 3875 lium
516 3819 696 3884 Pater,
726 3836 791 3874 au
824 3822 957 3875 citra
988 3822 1349 3874 voluntatem.
1393 3818 1450 3873 Si
1477 3817 1622 3873 enim
1651 3816 1861 3870 exstitit
1890 3816 1944 3870 iu

359 3914 591 3968 essentia
624 3913 831 3977 Patris,
866 3914 1006 3967 alius
1036 3913 1104 3967 ab
1136 3912 1251 3981 ipso
1282 3911 1479 3973 Filius,
1515 3925 1619 3964 non
1646 3908 1946 3964 voluntarie

360 4008 563 4077 genuit.
586 4005 820 4062 Necesse.
849 4006 993 4061 enim
1025 4014 1141 4060 erat
1174 4020 1365 4075 parere
1393 4019 1517 4058 eum
1547 4004 1636 4072 qui
1671 4004 1722 4057 in
1756 4011 1944 4058 natura

359 4108 497 4151 erat.
530 4097 585 4151 Si
619 4112 746 4152 vero
776 4112 879 4151 non
910 4105 1028 4151 erat
1061 4097 1113 4151 iu
1144 4094 1333 4160 Patre,
1366 4094 1460 4149 sed
1496 4093 1671 4149 factus
1699 4101 1782 4149 est
1814 4092 1947 4146 deli-

360 4192 645 4245 beratione
678 4189 856 4245 Patris
887 4189 1127 4245 adhibita
1147 4228 1162 4253 ,
1202 4203 1423 4243 necesse
1452 4197 1533 4243 est
1562 4186 1783 4241 omnino
1813 4185 1947 4240 deli-

362 4284 696 4338 berationem
738 4282 1103 4357 prmcessisse.
1145 4280 1259 4336 Non
1300 4289 1417 4336 erat
1462 4280 1630 4351 igitur
1663 4278 1812 4334 Patri
1849 4292 1945 4332 co-

361 4387 599 4432 αιιεῐηυε

869 4488 1077 4544 Salutio
1115 4486 1437 4556 objectionis.

433 4627 671 4681 Primum
702 4626 921 4695 quidem
954 4623 1219 4693 stupenda
1253 4636 1339 4676 res
1368 4630 1452 4676 est
1484 4636 1591 4690 quo
1620 4630 1780 4688 pacto
1808 4630 1942 4673 aueo

361 4720 649 4775 temerarie
687 4727 742 4773 et
785 4726 1094 4786 portentosa
1130 4715 1276 4769 velut
1314 4714 1584 4782 imperitia
1628 4714 1681 4767 in
1724 4726 1941 4766 omnem

362 4811 746 4881 blasphemiam
772 4819 951 4863 ruant.
970 4808 1154 4878 Neque
1178 4807 1288 4878 58
1310 4809 1453 4861 enim
1478 4807 1638 4875 pudet
1660 4821 1754 4860 eos
1776 4804 1940 4859 etiam

361 4903 535 4974 ipsum
567 4901 736 4957 Deum
768 4901 1077 4956 necessitati
1112 4900 1415 4970 subjicere,
1447 4900 1687 4954 dicentes
1720 4897 1944 4966 perinde

360 5006 521 5066 atque
550 4995 603 5049 in
634 4993 887 5049 humanis
914 4993 1234 5063 corporibus
1263 4991 1467 5061 aliquid
1498 4989 1677 5044 Patris
1703 4986 1941 5043 essentia

358 5086 764 5157 contpreltendi,
807 5101 871 5141 ac
912 5084 1065 5155 quasi
1102 5099 1197 5139 vas
1240 5084 1295 5139 in
1334 5098 1484 5148 vase,
1522 5083 1596 5137 ita
1646 5080 1843 5135 Filium
1888 5081 1941 5135 in

361 5178 521 5234 Patre
565 5181 757 5236 teneri.
800 5177 911 5233 Nos
953 5193 1103 5240 vero,
1137 5177 1227 5246 qui
1274 5186 1421 5231 recte
1466 5190 1529 5229 ac
1569 5174 1712 5243 juste
1742 5173 1945 5229 sentire

362 5272 671 5336 studemus,
700 5270 990 5326 essentiam
1033 5270 1123 5323 Dei
1164 5267 1309 5322 annui
1349 5266 1669 5323 necessitate
1701 5265 1944 5335 superio-

363 5378 476 5416 rem
510 5378 634 5418 esse
669 5363 929 5430 dicimus;
961 5374 1016 5420 et
1047 5364 1242 5420 Filium
1274 5380 1396 5420 esse
1429 5366 1480 5416 in
1512 5362 1708 5427 Patre,
1739 5378 1846 5417 non
1886 5369 1946 5416 ut

334 5468 559 5534 qt'orptts
590 5454 642 5509 in
674 5470 922 5524 corpore,
952 5456 1044 5512 sed
1078 5469 1136 5511 ttt
1166 5455 1581 5526 inseparabilem
1614 5455 1685 5510 ab
1713 5454 1830 5521 ejus
1858 5470 1943 5509 es-

362 5544 534 5598 sentia
573 5555 624 5599 et
663 5546 732 5601 ab
770 5547 887 5617 ipso
924 5548 1307 5617 procedentem
1343 5547 1681 5601 naturaliter.
1722 5546 1778 5601 Si
1817 5561 1944 5601 vero

365 5638 683 5694 cﬁstimant
725 5656 783 5695 se
824 5652 1040 5697 acutum
1081 5641 1282 5711 aliquid
1329 5653 1660 5710 proponere,
1706 5639 1945 5693 dicentes

370 5733 645 5791 voluntate
671 5744 761 5791 aut
786 5735 923 5793 citra
947 5736 1280 5794 voluntatem
1307 5750 1429 5793 eum
1457 5732 1660 5791 factum
1688 5747 1825 5790 esse.
1856 5733 1938 5787 vi-

2038 462 2128 518 τὸν
2160 462 2309 514 Υἱόν.
2348 459 2412 513 Εί
2439 461 2494 512 δὲ
2543 458 2702 511 τοῦτο
2721 456 2916 519 ἀσεϐὲς
2950 461 3166 527 φρονεῖν
3196 473 3255 509 τε
3290 457 3384 510 καὶ
3415 457 3623 527 λέγειν,

2042 555 2117 626 μὴ
2140 554 2570 626 προτεινέτωσάν
2600 568 2743 614 τινες
2770 552 2853 619 ἐφ’
2890 549 3024 603 Υἱοῦ
3043 550 3123 611 τδ,
3166 550 3425 620 Βουλήσει
3454 551 3486 622 ἢ
3517 554 3623 621 μή.

2042 647 2256 716 Ὥσπερ
2281 644 2390 717 γὰρ
2425 643 2627 713 ἀγαθὸς
2655 641 2796 695 κατὰ
2831 640 2994 711 φύσιν
3017 642 3163 695 ἐστὶν
3190 643 3217 694 ὁ
3248 643 3457 713 Πατὴρ,
3477 642 3631 695 οὕτω

2041 741 2135 793 καὶ
2163 737 2479 808 γεννητικὸς
2508 737 2649 791 κατά
2676 739 2857 805 φύσιν.

2465 873 2646 925 AAAO
2669 912 2684 937 ,
2732 871 3187 943 διηγηματικῶς.

2116 989 2179 1041 EI
2216 988 2370 1041 πᾶσα
2419 986 2673 1057 βούλησις
2702 989 2735 1057 ἡ
2770 986 2827 1039 ἐν
2853 1003 2961 1039 τισι
2995 984 3257 1057 γινομένη
3287 986 3347 1038 ού
3385 986 3509 1056 δίχα
3540 986 3635 1038 λό-

2043 1098 2140 1150 γου
2163 1081 2369 1149 γίνεται
2389 1079 2578 1151 (λόγος
2604 1079 2712 1149 γάρ
2743 1080 2891 1131 ἐστιν
2913 1077 3137 1146 ἀφανῶς
3165 1079 3223 1130 ὲν
3250 1077 3443 1148 καρδίᾳ
3473 1095 3634 1149 στρεο

2045 1174 2335 1242 φόμενοςὴ
2375 1170 2697 1241 βούλησις),
2759 1169 2873 1224 ἐστι
2934 1170 2990 1225 δὲ
3034 1172 3062 1223 ὁ
3088 1169 3215 1233 Υἱὸς
3246 1172 3274 1223 ὁ
3324 1170 3494 1237 Λόγος
3528 1171 3635 1224 τοῦ

2046 1263 2280 1336 Πατρὸς,
2337 1262 2501 1325 αὐτὸς
2547 1261 2658 1331 ἀρα
2680 1262 2828 1313 ἐστὶν
2884 1261 2918 1330 ή
2960 1259 3213 1331 βούλησις
3264 1260 3449 1315 αὐτοῦ.
3489 1257 3636 1316 Εἶτα

2047 1356 2164 1419 πῶς
2202 1358 2234 1426 ἡ
2274 1355 2527 1425 βούλησις
2571 1355 2629 1406 ἐν
2663 1352 2916 1424 βουλήσει
2956 1353 3203 1420 γίνεται;
3239 1354 3272 1424 ἢ
3316 1353 3430 1416 πῶς
3463 1356 3492 1407 ὁ
3519 1354 3634 1407 Λό-

2046 1464 2141 1515 γος
2163 1449 2220 1500 ἐν
2246 1447 2438 1518 Λόγῳς
2476 1446 2661 1499 Πάντα
2709 1446 2887 1498 τοίνυν
2916 1445 3064 1497 ἐστὶν
3097 1446 3125 1497 ὁ
3161 1445 3287 1506 Υἱὸς
3315 1445 3390 1514 τῷ
3416 1445 3594 1514 Πατρὶ
3616 1487 3631 1507 ,

2048 1541 2140 1593 καὶ
2194 1539 2357 1609 βουλὴ
2388 1540 2481 1593 καὶ
2514 1538 2707 1607 Λόγος,
2742 1539 2835 1590 καὶ
2860 1537 3040 1606 σοφία’
3078 1536 3170 1590 καὶ
3193 1535 3344 1589 οὐδέν
3376 1537 3522 1590 ἐστιν
3572 1538 3639 1588 ὲν

2048 1632 2161 1684 Πατ
2171 1632 2223 1702 pl.
2249 1630 2354 1702 πρὸ
2394 1631 2578 1684 αὐτοῦ.

2611 1744 2794 1796 ΑᾹΛΟ
2828 1741 3055 1812 ὅμοιον.

2121 1861 2275 1931 Ἔχει
2307 1860 2448 1913 κατά
2481 1858 2643 1928 φύσιν
2672 1860 2700 1911 ὁ
2741 1856 3026 1927 ἄνθρωπος
3054 1855 3114 1908 τὸ
3136 1854 3399 1908 δύνασθαι
3418 1856 3641 1909 τέκνων

2045 1951 2205 2004 αὐτὸν
2226 1949 2480 2019 γενέσθαι
2509 1948 2743 2019 πατέρα’
2768 1948 2860 1999 καὶ
2888 1946 2985 2015 οὐχ
3011 1946 3197 2017 ὥσπερ
3225 1947 3289 1998 ἐκ
3322 1945 3634 2015 βουλήσεως

2043 2042 2244 2111 ἀγαθός
2271 2045 2422 2096 ἐστιν
2454 2042 2487 2112 ἢ
2528 2041 2783 2112 πονηρὸς,
2810 2039 2955 2092 οὕτω
2989 2040 3082 2092 καὶ
3111 2040 3314 2109 πατήρ.
3372 2039 3533 2093 Ἀλλά
3567 2038 3637 2091 τὸ

2048 2136 2146 2205 μὲν
2184 2133 2364 2204 φύσει,
2395 2132 2454 2186 τὸ
2475 2132 2531 2185 δὲ
2563 2130 2815 2201 βουλήσει
2859 2127 2997 2182 ἐστί.
3055 2128 3162 2180 Καὶ
3214 2127 3308 2181 τοῦ
3342 2129 3438 2198 μὲν
3459 2128 3633 2197 ἐσμὲν

2044 2228 2245 2298 κύριον
2280 2225 2375 2278 τοῦ
2405 2225 2459 2277 δὲ
2507 2225 2539 2294 ἡ
2594 2222 2755 2291 φύσις
2789 2218 3145 2290 ἀπαράϐατον
3178 2219 3289 2289 ἔχει
3318 2219 3411 2272 τὸν
3438 2220 3627 2289 νόμον.

2046 2321 2256 2390 Ὥσπερ
2283 2313 2374 2371 οὖν
2401 2317 2499 2369 οὐκ
2534 2316 2599 2367 ἐκ
2628 2313 2931 2383 βουλήσεως
2968 2312 3164 2382 ἔχομεν
3194 2313 3355 2380 ἡμεῖς
3395 2311 3457 2363 τὸ
3479 2306 3632 2366 εἶναι

2041 2409 2279 2480 πατέρες
2322 2407 2432 2460 τῶν
2489 2405 2547 2472 ἐξ
2601 2404 2779 2475 ήμῶν,
2826 2401 2963 2456 ἀλλὰ
3013 2402 3276 2471 φυσικῶς,
3304 2398 3448 2457 οὕτω
3474 2406 3568 2457 καὶ
3601 2408 3635 2458 ὁ

2043 2500 2176 2563 Θεὸς
2225 2500 2317 2551 καὶ
2364 2497 2555 2567 Πατὴρ
2606 2497 2705 2547 οὑκ
2770 2497 2833 2546 ἐκ
2880 2494 3190 2564 βουλήσεως
3227 2495 3418 2565 Πατήρ
3453 2497 3629 2559 ἐστιν,

2043 2591 2179 2644 ἀλλά
2208 2588 2474 2659 φυσικῶς.
2539 2588 2649 2640 Καὶ
2701 2586 2894 2656 ὥσπερ
2925 2586 2976 2639 oi.
3024 2585 3082 2651 ἐξ
3132 2585 3288 2656 ἡμῶν
3316 2587 3632 2656 τικτόμενοι

2042 2686 2212 2754 ὅμοιοι
2240 2684 2455 2744 πάντως
2473 2684 2603 2751 ἡμῖν
2634 2682 2753 2734 κατ’
2776 2679 2965 2733 οὐσίαν
2983 2680 3140 2741 εἰσὶν,
3168 2677 3310 2731 οὕτω
3344 2681 3437 2733 καὶ
3455 2682 3483 2733 ὁ
3500 2681 3633 2746 Υἱὸς

2043 2775 2142 2827 οὐκ
2171 2773 2368 2839 ἔξωθεν
2397 2772 2477 2844 τῷ
2501 2773 2674 2843 Πατρὶ
2715 2772 3170 2845 προσγενόμενος,
3212 2771 3328 2824 ἀλλ’
3363 2773 3531 2837 ὅντως
3560 2775 3634 2827 ἐκ

2043 2866 2141 2936 τῆς
2165 2866 2353 2929 ούσίας
2385 2863 2550 2919 αὑτοῦ
2580 2862 2859 2935 προελθὼν
2916 2862 3103 2931 ὅμοιός
3133 2863 3249 2915 ἐστι
3280 2863 3421 2916 κατὰ
3449 2866 3633 2918 πάντα

2042 2957 2122 3027 τῷ
2158 2955 2528 3026 γεγεννηκότι.
2564 2957 2673 3009 Καὶ
2704 2956 2896 3025 ὥσπερ
2931 2955 3033 3008 οὐκ
3065 2954 3129 3007 ὲκ
3174 2953 3481 3026 βουλήσεως
3510 2957 3635 3008 εστι

2048 3050 2256 3120 Πατὴρ,
2298 3048 2439 3103 οὕτω
2485 3048 2579 3102 καὶ
2613 3051 2641 3101 ὁ
2690 3049 2816 3112 Υίὺς
2848 3048 2948 3100 ούκ
2995 3049 3059 3100 ὲκ
3103 3046 3411 3118 βουλήσεὼς
3446 3049 3633 3113 ἔστιν,

2047 3141 2184 3196 ἀλλὰ
2217 3140 2357 3193 κατά
2378 3139 2561 3210 φύσιν,
2584 3139 2926 3211 ἀπαύγασμα
2946 3138 3041 3193 καὶ
3062 3140 3349 3211 χαρακτὴρ
3367 3139 3641 3213 ὑπάρχων

2045 3233 2139 3287 τοῦ
2169 3234 2524 3304 γεννήσαντος
2560 3232 2742 3286 αὐτόν.

2741 3433 2943 3487 ΑΛΛΟ.

2307 3545 2628 3611 Ἀντίθεσις
2684 3546 2764 3612 ὠς
2795 3545 2864 3599 ἐκ
2899 3543 3019 3598 τῶν
3052 3546 3375 3615 Εὑνομίου.

2131 3636 2481 3708 Ἐρωτητέον,
2519 3637 2675 3709 φησὶ,
2710 3637 2839 3701 τοὺς
2871 3637 3008 3710 ὀρθά
3058 3640 3276 3710 φρονεῖν
3303 3640 3585 3711 οἰομένους
3611 3682 3635 3705 ,,

2048 3729 2275 3802 πότερόν
2301 3746 2433 3783 ποτε
2471 3729 2726 3802 βουλήσει
2757 3730 3055 3799 γεγέννηκε
3082 3731 3174 3784 τὸν
3207 3730 3335 3785 Υίὸν
3356 3734 3385 3786 ὁ
3412 3732 3630 3803 Πατὴρ,

2045 3824 2077 3893 ἦ
2113 3821 2447 3892 ἀϐουλήτως.
2513 3823 2575 3875 Ei
2603 3822 2702 3892 μὲν
2736 3823 2845 3894 γὰρ
2869 3822 3145 3893 ὲνυπῆρχε
3185 3825 3252 3894 τῇ
3291 3822 3387 3876 τοῦ
3414 3823 3631 3894 Πατρὸς

2044 3915 2222 3986 οὐσίᾳ,
2262 3915 2447 3985 ἕτερος
2481 3913 2557 3967 ὢν
2588 3918 2719 3986 παρ’
2755 3916 2918 3969 αὑτὸν
2958 3916 2986 3967 ὁ
3020 3915 3168 3979 Υἱὸς,
3217 3916 3278 3968 ού
3305 3917 3630 3988 προαιρέσει

2044 4005 2277 4060 τέτοκεν.
2326 4001 2435 4060 Ἦν
2480 4005 2589 4076 γὰρ
2638 4005 2851 4074 ἀνάγκη
2906 4007 3086 4058 τεκεῖν
3140 4005 3231 4059 τὸν
3264 4007 3322 4059 ὲν
3366 4008 3429 4077 τῇ
3467 4006 3631 4074 φύσει

2047 4099 2315 4168 κείμενον.
2348 4098 2410 4150 Εἰ
2430 4097 2487 4151 δὲ
2516 4098 2616 4151 οὐκ
2640 4093 2707 4168 ἧν
2747 4097 2806 4150 ἐν
2836 4098 3033 4169 Πατρὶ,
3063 4097 3326 4169 ἐγεννήθη
3357 4098 3413 4151 δὲ
3437 4097 3630 4168 βουλη-

2048 4189 2233 4252 θέντος
2265 4188 2354 4242 τοῦ
2391 4190 2627 4261 Πατρὸς,
2669 4189 2883 4259 ἀνάγκη
2918 4190 3295 4261 προϋπάρχειν
3326 4189 3487 4243 αὑτοῦ
3528 4190 3630 4259 τὴν

2048 4280 2320 4352 βούλησιν.
2347 4281 2460 4334 Ούκ
2490 4276 2556 4351 ἦν
2586 4274 2678 4332 οὖν
2725 4279 2835 4349 ἄρα
2869 4279 2945 4350 τῷ
2990 4281 3311 4352 γεννήσαντι
3342 4280 3633 4343 συναῖδιος.

2540 4481 2696 4549 Πρὸς
2717 4479 2901 4534 ταῦτα
2927 4480 3127 4545 λύσις.

2119 4619 2341 4692 Πρῶτον
2386 4618 2484 4689 μὲν
2508 4614 2919 4687 ἀποθαυμάζειν
2963 4615 3113 4680 ἀξιον
3142 4617 3266 4679 τοὺς
3296 4616 3629 4684 ἀφυλάκτως

2046 4716 2123 4777 εἰς
2154 4715 2336 4766 πᾶσαν
2362 4710 2654 4782 τρέχοντας
2688 4708 3024 4778 δυσφημίαν,
3062 4707 3262 4778 πολλήν
3293 4724 3353 4760 τε
3380 4706 3627 4776 ἀμαθίαν

2046 4808 2229 4868 αὐτοῖς
2281 4803 2553 4874 ἐγκαλεῖν.
2626 4802 2702 4855 Ού
2758 4801 2865 4871 γὰρ
2924 4799 3272 4869 αἰσχύνονται
3331 4799 3423 4851 καὶ
3459 4799 3628 4852 αὑτὸν

2045 4896 2313 4964 ἀνάγκαις
2342 4894 2686 4957 ὑποτιθέντες
2712 4892 2803 4945 τὸν
2827 4890 2980 4956 Θεὸν,
3006 4891 3099 4943 καὶ
3130 4889 3381 4958 καθάπερ
3403 4890 3494 4943 ἐπὶ
3521 4906 3629 4942 σω-

2050 4990 2237 5060 μάτων
2286 4986 2641 5059 ἀνθρωπίνων
2700 4981 3125 5054 ὲμπεριέχεσθαί
3176 5000 3227 5035 τι
3280 4982 3529 5049 λέγοντες
3558 4984 3625 5052 τῇ

2045 5082 2142 5135 τοῦ
2175 5082 2385 5151 Πατρὸς
2414 5079 2595 5149 οὐσίᾳ,
2623 5077 2655 5147 ἢ
2690 5077 2879 5147 ὥσπερ
2902 5093 2953 5127 τι
2982 5073 3173 5136 σκεῦος
3200 5076 3257 5127 ὲν
3298 5074 3481 5127 σκεύει
3510 5077 3628 5125 κεί-

2048 5176 2169 5228 σθαι
2196 5175 2287 5227 τὸν
2338 5173 2466 5226 Υίδν
2515 5172 2574 5223 ἐν
2626 5171 2820 5242 Πατρί.
2882 5170 3073 5240 Ἡμεῖς
3123 5167 3180 5219 δὲ
3234 5162 3315 5229 οἷς
3358 5164 3495 5236 ὀρθὰ
3531 5165 3625 5217 καὶ

2046 5264 2228 5318 δίκαια
2252 5264 2469 5334 φρονεῖν
2498 5261 2884 5323 ὲσπούδασται,
2902 5258 3015 5312 ἀνω
3041 5258 3138 5328 μὲν
3164 5257 3344 5326 πάσης
3375 5255 3625 5323 ἀνάγκης

2048 5352 2187 5409 εἷναί
2214 5372 2395 5425 φαμεν
2425 5354 2524 5423 τὴν
2561 5352 2748 5405 οὐσίαν
2770 5350 2864 5403 τοῦ
2895 5349 3054 5403 Θεοῦ·
3087 5345 3226 5403 εἶναι
3251 5347 3311 5400 δὲ
3341 5346 3504 5400 πάλιν
3533 5346 3626 5399 τὸν

2049 5450 2175 5502 Υίον
2202 5450 2258 5501 ἐν
2290 5447 2468 5517 Πατρὶ
2489 5485 2501 5508 ,
2538 5445 2635 5514 οὐχ
2662 5445 2738 5506 ὼς
2767 5444 2924 5512 σῶμα
2962 5442 3067 5495 ὑπὸ
3096 5440 3348 5511 σώματος
3376 5438 3627 5508 περιεχό-

2053 5557 2235 5612 μενον,
2266 5539 2379 5593 ἀλλ’
2407 5538 2481 5601 ὡς
2515 5535 2819 5607 ἀχώριστον
2847 5536 2944 5605 τῆς
3001 5533 3188 5595 οὐσίας
3239 5529 3403 5585 αὐτοῦ
3436 5529 3529 5582 καὶ
3565 5527 3627 5586 ὲε

2050 5635 2219 5703 αὐτῆς
2253 5630 2586 5703 προελθόντα
2622 5628 2762 5681 κατά
2797 5626 2887 5679 τὸν
2932 5625 3029 5693 τῆς
3067 5623 3283 5691 φύσεως
3325 5621 3506 5692 νόμον.
3558 5620 3623 5673 El

2048 5727 2104 5780 δὲ
2130 5724 2332 5779 οἴονται
2366 5722 2526 5792 σοφόν
2562 5740 2611 5775 τι
2646 5718 2968 5789 προτείνειν,
3000 5716 3252 5787 βουλήσει
3288 5714 3535 5784 λέγοντες
3587 5713 3620 5779 ἦ
