3876 6208
214 381 284 431 97
1634 361 2081 423 THESAURUS.
3418 356 3488 415 $3

208 493 525 565 ἀδουλήτως
554 492 714 546 αὐτὸν
744 489 1094 560 γεγενῆσθαι,
1117 493 1209 542 καὶ
1245 490 1376 559 παρ’
1408 486 1570 558 ἡμῶν
1598 486 1786 540 ἀκουέ-

1896 482 2078 537 cissim
2107 482 2205 533 hoc
2235 493 2263 531 a
2298 478 2451 532 nobis
2482 476 2703 531 audiant
2736 492 2750 530 :
2784 475 2927 543 Ergo
2964 476 3103 546 ignis
3138 474 3301 531 etiam
3335 477 3481 531 calo-

206 603 411 640 τωσανσ
435 583 696 653 Βουλήσει
724 579 833 653 ἆρα
860 581 922 635 τὸ
970 580 1081 652 πῦρ
1104 581 1203 650 τὴν
1221 579 1281 643 ἐξ
1297 577 1462 633 αὐτοῦ
1489 577 1801 648 Θερμότητα

206 679 376 747 γεννᾷ
399 678 435 748 ἢ
474 676 785 744 ἀϐουλήτως
811 691 825 738 ;
893 672 1033 725 Ἀλλ’
1062 672 1218 741 οὐδὲν
1246 671 1428 735 ἕξουσι
1477 670 1613 740 πρὸς
1641 668 1800 720 τοῦτο

208 771 407 823 εἰπεῖν,
438 767 519 820 Τὰ
549 767 657 835 γὰρ
675 768 740 819 ὲκ
768 764 981 834 φύσεως
1012 765 1268 837 προϊόντα
1288 805 1301 829 ,
1351 762 1477 816 οὔτε
1513 761 1795 832 βούλησιν,

207 860 335 915 οὔτε
367 859 695 929 ἀϐουλησίαν
722 858 1050 929 ἐπιδέχεται.
1098 857 1223 911 Ἐπὶ
1257 856 1313 908 δὲ
1336 853 1448 909 τῶν
1484 854 1680 921 ἔξωθεν
1705 852 1800 906 καὶ

207 943 285 1006 ὧν
316 956 483 1022 ἐσμεν
504 954 561 1004 έν
587 950 826 1020 ἐξουσίᾳ,
854 949 1104 1021 βούλησις
1128 949 1223 1003 καὶ
1252 947 1553 1017 ἀϐουλησία
1580 948 1795 1018 κρατεῖ.

213 1042 427 1110 ’Ὠσπερ
456 1035 548 1093 οὖν
608 1040 701 1093 καὶ
738 1041 889 1110 ἡμᾶς
951 1036 1298 1111 ὲργαζόμεθά
1330 1056 1384 1091 τι
1414 1037 1797 1108 βουληθέντες,

211 1134 472 1203 τίκτομεν
529 1133 585 1185 δὲ
636 1132 697 1197 ἐξ
741 1133 984 1197 ἑαυτῶν,
1028 1131 1218 1183 οὐδένα
1264 1129 1430 1182 τόπον
1472 1128 1702 1200 ἐχούσης
1740 1131 1798 1184 ὲν

210 1225 391 1295 τούτῳ
422 1225 727 1296 βουλήσεως
754 1226 785 1296 ἧ
818 1224 1172 1295 ἀϐουλησίας,
1216 1221 1361 1275 οὕτω
1401 1221 1494 1275 καὶ
1538 1221 1672 1286 Θεὸς
1702 1223 1795 1292 ὲρ·

179 1310 189 1317 ’
213 1317 443 1383 γάζεται
476 1316 573 1387 μὲν
608 1316 862 1386 βουλήσει
890 1315 959 1369 τὰ
980 1316 1155 1381 ὲκτὸς,
1188 1315 1446 1384 ἐγέννησε
1472 1313 1529 1367 δὲ
1552 1312 1799 1385 ἀχρόνως

212 1407 307 1460 τὸν
331 1408 459 1460 Υἱὸν
487 1406 545 1471 ἐξ
566 1408 781 1470 ἑαυτοῦ,
826 1407 1016 1460 οὐδένα
1067 1408 1230 1460 τόπον
1258 1408 1488 1476 ἐχούσης
1516 1407 1575 1459 ὲν
1622 1404 1798 1473 τούτῳ

213 1498 519 1569 βουλήσεως
543 1500 633 1551 καὶ
658 1498 1006 1568 ἀδουλησίας,
1027 1500 1075 1550 εἰ
1100 1503 1194 1552 καὶ
1216 1499 1317 1551 οὐκ
1341 1497 1598 1567 ἀθέλητός
1624 1498 1793 1550 ἐστιν.

221 1590 283 1641 '0
316 1591 425 1661 γὰρ
455 1590 641 1661 Πατὴρ
675 1591 866 1662 ἀγαπᾷ
903 1590 993 1643 τὸν
1024 1591 1175 1651 Υἱὸν,
1197 1590 1272 1653 ὡς
1298 1590 1629 1659 γέγραπται.

904 1769 1108 1819 ΑΛΛυ.

459 1880 555 1946 Ὠς
576 1879 645 1943 ἐξ
679 1879 1037 1946 ἀντιθέσεως
1077 1879 1195 1933 τῶν
1229 1881 1549 1949 Εὐνομίου.

278 1997 342 2047 Εἰ
383 1994 456 2066 μὴ
487 1994 755 2066 βουλήσει,
787 1996 973 2065 φησὶν,
1034 1995 1293 2067 ἐγέννησε
1318 1995 1409 2048 τὸν
1454 1994 1582 2047 Υἰὸν
1612 1994 1641 2045 6
1681 1996 1791 2049 Πα-

204 2085 334 2157 τὴρ,
367 2084 478 2155 ἔχει
511 2086 568 2140 δὲ
605 2087 768 2139 αὑτὸν
789 2087 854 2141 ὲκ
875 2086 1115 2155 φύσεως,
1142 2087 1384 2156 δηλονότι
1412 2072 1508 2139 καὶ
1536 2086 1635 2157 τὴν
1662 2085 1791 2156 περὶ

205 2180 371 2234 αὐτὸν
402 2178 602 2248 γνῶσιν
634 2180 733 2232 οὑκ
764 2179 903 2250 ἔχων
938 2180 1118 2243 αὐτὸς,
1155 2180 1268 2251 ἔχει
1294 2180 1457 2233 πάλιν
1491 2178 1659 2250 αὐτὴν
1683 2178 1791 2232 ἀπὸ

205 2272 309 2341 τῆς
338 2271 572 2340 φύσεως.
620 2270 862 2343 Ἐμαθεν
893 2268 987 2326 οὖν
1016 2274 1097 2327 ὅτι
1124 2275 1218 2327 καὶ
1242 2274 1365 2336 Υἱὸς
1397 2272 1562 2325 αὑτοῦ
1603 2271 1787 2338 ἔσται,

206 2366 303 2416 καὶ
347 2365 836 2435 συνδημιουργήσει
873 2366 941 2418 τὰ
986 2365 1183 2419 πάνταε
1242 2366 1336 2418 καὶ
1375 2364 1788 2435 ὲπισυμϐέϐηκε

204 2455 285 2523 τῷ
317 2454 485 2525 Πατρὶ
508 2457 538 2524 ή
560 2455 689 2525 περὶ
721 2456 849 2508 Υἰοῦ
868 2455 1068 2524 γνῶσις
1097 2458 1162 2509 ὲκ
1185 2458 1282 2527 τῆς
1304 2456 1511 2520 οἰκείας
1544 2455 1789 2508 διδασκο-

209 2548 350 2617 μένη
390 2546 622 2614 φύσεως.
666 2546 727 2601 Εἰ
789 2549 846 2601 δὲ
899 2550 1055 2603 τοῦτο
1093 2550 1315 2614 ἄτοπον,
1358 2550 1610 2620 βουλήσει
1651 2550 1787 2618 ἄρα,

206 2639 366 2702 εἰδὼς
413 2641 493 2693 ὅτι
547 2639 719 2704 ἔσται,
760 2643 1061 2714 προέϐαλεν
1124 2644 1311 2707 αὐτὸν,
1358 2643 1453 2697 καὶ
1500 2642 1789 2714 προτρέχει

206 2733 424 2797 πάντως
450 2734 548 2803 τῆς
574 2735 882 2804 γεννήσεως
916 2736 949 2807 ή
995 2737 1268 2807 βούλησις.

704 2850 862 2916 Πρός
890 2848 1067 2903 τοῦτο
1092 2852 1293 2917 λύσις.

289 2939 377 2998 Ὠς
400 2943 555 3013 ἡμῶν
588 2941 1014 3016 ὁμολογούντων,
1065 2942 1148 2994 ὅτι
1180 2942 1396 3014 πρῶτον
1433 2941 1683 3012 ἐδιδάχθη
1706 2942 1790 3005 τίς

203 3034 355 3088 ἔσται
388 3037 416 3087 ὁ
438 3036 583 3100 Υἱὸς,
606 3031 706 3090 εἷθ’
728 3035 903 3098 οὕτως
928 3035 1260 3104 γεγέννηκεν
1303 3035 1465 3088 αὐτὸν
1493 3037 1521 3087 6
1559 3035 1750 3106 Πατὴρ
1771 3075 1785 3099 ,

207 3126 605 3179 κατασκευάσει
641 3126 739 3195 τὴν
773 3125 1034 3197 πρότασιν
1054 3124 1082 3175 ὁ
1114 3123 1243 3194 περὶ
1271 3122 1441 3177 ταῦτα
1461 3123 1653 3187 δεινὸς,
1690 3124 1789 3175 οὑκ

1904 587 2015 623 rem
2054 584 2118 622 ex
2162 584 2218 622 se
2253 568 2555 622 voluntarie
2596 565 2765 637 gignit
2802 575 2895 620 aut
2931 567 3333 621 involuntarie?
3376 565 3483 622 Sed

1900 662 2034 716 nihil
2063 660 2340 716 habebunt
2366 662 2506 729 quod
2537 660 2601 713 ad
2633 660 2732 713 hoc
2755 658 2955 712 dicant.
2984 658 3115 712 Nam
3144 674 3264 728 quae
3290 674 3356 712 ex
3386 674 3483 712 na-

1905 761 2023 805 tura
2055 752 2340 821 prodeunt,
2374 764 2545 819 neque
2571 749 2727 814 velle,
2757 750 2837 803 vel
2868 764 2971 803 non
3000 748 3134 804 velle
3164 750 3480 804 admittunt.

1903 843 1957 898 lu
1998 845 2157 899 rebus
2188 860 2316 897 vero
2354 858 2473 913 quae
2510 852 2665 897 extra
2700 858 2798 895 nos
2827 852 2881 895 et
2910 843 2962 895 in
2999 854 3183 897 nostra
3214 852 3481 913 potestate

1901 941 2048 998 sunt,
2076 942 2169 987 aut
2190 933 2457 996 volumus,
2486 941 2578 986 aut
2599 931 2867 988 nolumus.
2892 930 3357 998 Quemadmodum
3384 932 3485 1002 igi-

1904 1037 1990 1081 tur
2017 1027 2180 1081 etiam
2213 1042 2312 1080 nos
2342 1040 2633 1095 operamur
2658 1024 2862 1094 aliquid
2889 1026 3163 1080 voluntate
3194 1027 3307 1079 sive
3338 1026 3480 1079 deli-

1902 1119 2178 1172 beratione
2220 1117 2489 1181 adhibita,
2530 1116 2799 1186 gignimus
2839 1130 2966 1169 vero
3006 1130 3072 1168 ex
3118 1115 3272 1170 nobis
3314 1116 3479 1185 ipsis,

1903 1226 2075 1276 neque
2121 1209 2284 1263 ullum
2327 1210 2382 1262 in
2430 1207 2739 1278 generando
2781 1206 2958 1262 locum
3003 1207 3166 1262 habet
3205 1207 3345 1262 velle
3387 1218 3479 1261 aut

1901 1303 2063 1369 nolle,
2105 1304 2175 1355 ita
2219 1302 2380 1356 etiam
2424 1301 2564 1356 Deus
2602 1310 2861 1370 operatur
2923 1300 3139 1368 quidem
3177 1300 3481 1355 voluntarie

1902 1409 2021 1463 qua:
2044 1405 2197 1449 extra
2228 1395 2403 1462 ipsum
2433 1402 2582 1456 sunt,
2629 1391 2826 1447 Filium
2856 1402 3036 1447 autem
3065 1393 3251 1462 genuit
3278 1393 3481 1462 absque

1901 1495 2141 1556 tempore
2175 1500 2238 1541 ex
2276 1499 2355 1551 se,
2392 1500 2570 1553 neque
2607 1485 2772 1539 ullum
2811 1500 2871 1539 ea
2913 1486 2965 1539 in
3010 1500 3065 1539 re
3104 1484 3278 1539 locum
3318 1487 3480 1540 habet

1899 1581 2036 1635 velle
2060 1590 2155 1636 aut
2180 1580 2348 1645 nolle,
2379 1580 2592 1634 tametsi
2621 1595 2726 1634 non
2754 1588 2838 1635 est
2865 1580 3034 1634 invito
3060 1577 3219 1633 Patre
3243 1580 3475 1649 genitus.

1898 1672 2063 1730 Pater
2089 1678 2256 1740 enim,
2285 1686 2346 1728 ut
2373 1674 2657 1744 Scriptura
2692 1672 2954 1742 loquitur,
2982 1681 3127 1727 amat
3154 1670 3372 1726 Filium.

2569 1783 2795 1839 ALIUD.

2331 1876 2414 1931 Ex
2452 1879 2739 1946 objectione
2780 1875 3050 1931 Eunomii.

1966 1990 2026 2047 Si
2057 2006 2159 2046 non
2185 1990 2482 2055 voluntate,
2514 1991 2706 2058 inquit,
2734 1989 2930 2045 Filium
2962 1991 3144 2060 genuit
3174 1988 3357 2055 Pater,
3383 1990 3479 2044 sed

1894 2098 1960 2137 ex
2007 2091 2197 2135 natura
2246 2082 2420 2151 ipsum
2465 2081 2649 2146 habet,
2696 2081 2985 2136 manifesto
3025 2081 3189 2136 etiam
3232 2081 3475 2134 notitiam

1894 2174 1959 2226 de
1988 2185 2053 2227 eo
2082 2186 2195 2226 nou-
2217 2171 2421 2226 habens
2453 2172 2598 2240 ipse,
2629 2187 2749 2226 eam
2782 2189 2809 2225 a
2843 2182 3031 2224 natura
3067 2171 3247 2224 habet.
3281 2169 3478 2224 Didicit

1894 2264 2079 2334 itaque
2104 2263 2275 2339 quod
2309 2263 2478 2319 Filius
2508 2279 2636 2317 suus
2666 2263 2877 2318 futurus
2909 2272 3075 2326 esset,
3100 2274 3154 2317 et
3180 2262 3361 2316 omnia
3390 2276 3479 2315 se-

1892 2372 2014 2412 cum
2042 2366 2358 2421 creaturus;
2385 2366 2548 2425 atque
2576 2357 2649 2410 ita
2675 2357 2865 2411 notitia
2894 2355 3017 2410 Filii
3042 2355 3276 2411 accessit
3330 2354 3476 2409 Patri

1892 2463 1921 2502 a
1962 2464 2059 2503 sua
2100 2459 2292 2503 natura
2331 2448 2543 2503 edocto.
2577 2447 2631 2501 Si
2666 2464 2794 2503 vero
2830 2448 2881 2502 id
2916 2447 3212 2502 absurdum
3251 2456 3353 2513 est,
3384 2462 3479 2501 vo-

1891 2538 2100 2594 luntate
2137 2540 2318 2611 igitur,
2351 2540 2531 2594 sciens
2561 2542 2703 2608 quod
2739 2540 2954 2593 iuturus
2983 2547 3158 2601 esset,
3192 2553 3315 2592 eum
3347 2551 3476 2607 pro-

1893 2629 2076 2692 duxit,
2110 2629 2474 2698 praeceditque
2511 2631 2734 2682 omnino
2772 2630 3176 2698 generationem
3207 2628 3475 2685 voluntas.

2394 2825 2604 2880 Salutio
2640 2826 2970 2893 objectionis.

1962 2917 2190 2972 Perinde
2238 2934 2301 2971 ac
2352 2920 2396 2971 si
2446 2919 2881 2979 consideremus,
2935 2921 3171 2985 primum
3222 2917 3477 2972 edoctum

1890 3010 2060 3065 fuisse
2097 3009 2315 3064 Patrem
2356 3011 2477 3078 quis
2518 3020 2662 3064 esset
2704 3011 2916 3064 futurus
2961 3009 3153 3073 Filius,
3195 3018 3362 3080 atque
3404 3012 3477 3065 ita

1892 3101 2145 3170 deinceps
2184 3116 2307 3155 eum
2352 3101 2621 3169 genuisse,
2660 3100 2731 3154 ita
2774 3111 3023 3154 versutus
3065 3101 3152 3155 hic
3190 3114 3479 3171 argumen-

204 3216 363 3281 εἰδὼς
415 3218 515 3279 ὅτι,
564 3192 932 3289 διαστήματος
980 3192 1199 3278 οὐδενὸς
1252 3215 1405 3279 ὄντος
1461 3216 1664 3286 μεταξὺ
1692 3215 1786 3269 τοῦ

1896 3202 2006 3246 tum
2042 3207 2202 3247 suum
2235 3194 2450 3255 astruit,
2484 3193 2721 3262 ignarus,
2756 3208 2876 3246 cum
2918 3194 3051 3246 nihil
3087 3194 3160 3246 sit
3196 3193 3357 3263 spatii
3382 3192 3478 3261 in-

210 3308 636 3378 μεσολαῦοὖντος
667 3310 729 3361 τὸ
758 3305 898 3361 εἶναι
925 3306 1019 3361 τοῦ
1043 3306 1257 3377 Πατρὸς
1294 3307 1387 3359 καὶ
1408 3306 1506 3378 τὴν
1530 3307 1786 3378 γέννησιν

202 3401 300 3453 τοῦ
324 3401 474 3461 Υἱοῦ,
514 3402 701 3472 ήπερὶ
736 3401 898 3454 αὐτοῦ
938 3400 1248 3470 πρόγνωσις
1304 3400 1405 3453 οὐκ
1449 3399 1563 3470 ἔχει
1600 3400 1783 3454 τόπον.

206 3493 269 3545 Εἰ
297 3491 405 3564 γὰρ
428 3493 913 3564 προεϐουλεύσατο,
949 3491 1043 3545 καὶ
1086 3490 1472 3562 προεδιδάχθη,
1509 3494 1567 3544 ὲν
1610 3491 1787 3563 χρόνῳ

202 3581 259 3634 δὲ
286 3582 499 3645 πάντως
521 3582 692 3635 ταῦτα
722 3583 948 3651 ἐγίνετο,
982 3582 1131 3634 κάτω
1157 3581 1364 3652 χρόνων
1393 3582 1421 3633 6
1452 3580 1602 3644 Υἱός.
1632 3580 1695 3633 Εἰ
1728 3581 1785 3633 δὲ

202 3672 368 3735 αὐτός
396 3675 542 3726 ἐστιν
569 3675 596 3727 6
656 3672 764 3725 τῶν
796 3673 1007 3744 χρόνων
1066 3671 1318 3743 ποιητὴς,
1361 3672 1415 3724 τί
1466 3674 1642 3742 μάτην
1687 3672 1786 3740 τῆς

203 3763 356 3827 Θείας
384 3764 593 3833 φύσεως
621 3764 1013 3835 καταφλυαρεί,
1049 3763 1443 3834 διδασκομένην
1474 3764 1642 3834 αὐτὴν
1672 3764 1786 3815 εἰσ-

204 3852 386 3924 φέρων
424 3855 532 3906 ἀπὸ
562 3854 659 3925 ﬁl;
701 3853 937 3921 φύσεως,
974 3851 1049 3915 ὡς
1082 3852 1246 3914 αὐτός
1281 3869 1434 3923 φησι,
1479 3852 1546 3905 τὰ
1588 3853 1785 3921 ἐσόμε-

203 3961 291 4009 να,
348 3947 441 3998 καὶ
496 3944 658 3999 πλέον
704 3945 856 3998 οὐδὲν
907 3942 1182 4014 ἀνθρώπῳ
1228 3943 1402 4007 διδοὺς
1453 3944 1485 4017 ἧ
1532 3943 1609 4015 τῷ
1643 3944 1785 4015 ὑπὲρ

203 4036 413 4100 πάντας
452 4036 564 4090 ὄντι
618 4037 772 4109 Θεῷ;
820 4039 965 4090 Ἂνω
1018 4036 1199 4089 τοίνυν
1252 4036 1512 4106 κειμένης
1573 4034 1785 4090 αἰώνων

203 4129 298 4182 καὶ
328 4130 535 4199 χρόνων
588 4128 691 4199 τῆς
753 4129 1059 4200 γεννήσεως
1079 4127 1174 4181 τοῦ
1220 4126 1372 4188 Υἰοῦ,
1408 4126 1693 4198 δύσφημόν
1722 4145 1782 4181 τε

203 4219 299 4272 καὶ
336 4218 544 4288 ἀμαθὲς
573 4220 801 4282 εἰκότως
822 4218 887 4271 ἂν
919 4217 1003 4288 εἴη
1028 4217 1089 4270 τὸ
1118 4217 1295 4286 λέγειν
1324 4215 1783 4287 προϐουλεύεσθαι

200 4326 276 4372 τι,
299 4310 331 4379 ἦ
366 4310 821 4380 προδιδάσκεσθαι
844 4309 934 4362 τὸν
951 4309 1171 4380 Πατέρα
1195 4309 1325 4380 περὶ
1352 4307 1539 4362 αὐτοῦ.
1566 4310 1784 4373 Τέλειος

199 4401 312 4471 γὰρ
353 4402 444 4454 καὶ
475 4404 533 4454 ὲν
567 4401 646 4472 τῷ
698 4403 874 4455 πάντα
919 4400 1119 4453 εἰδέναι
1164 4402 1193 4452 6
1230 4400 1444 4471 Πατὴρ,
1476 4401 1571 4452 καὶ
1618 4400 1782 4455 τόπον

199 4494 392 4548 οὐδένα
417 4495 521 4565 πρὸ
562 4494 692 4548 Υίοῦ
717 4496 751 4566 ή
782 4496 913 4566 περὶ
939 4493 1107 4548 αὐτοῦ
1150 4493 1403 4563 βούλησις
1434 4492 1568 4564 ἔχει.

886 4602 1091 4657 ΑΛΛΟ.

272 4718 336 4771 Εἰ
370 4712 507 4770 οἶδεν
551 4716 741 4769 ἑαυτὸν
794 4716 881 4768 ἀεὶ
933 4716 1061 4768 ὄντα
1100 4714 1318 4783 Πατέρα
1351 4715 1379 4766 6
1406 4713 1618 4784 Πατήρ,
1666 4712 1779 4784 ἔχει

198 4810 419 4872 πάντως
447 4808 542 4861 καὶ
575 4810 632 4860 ὲν
662 4806 840 4877 ἑαυτῷ
868 4807 961 4860 τοῦ
991 4806 1120 4860 Υἱοῦ
1154 4807 1252 4877 τὴν
1278 4805 1497 4875 γνῶσιν.
1540 4805 1628 4859 Ἐν
1671 4805 1780 4876 γὰρ

196 4899 278 4968 τῷ
320 4898 517 4951 εἰδέναι
569 4899 701 4968 ὅπερ
751 4897 897 4950 ἐστὶν
928 4897 1110 4961 αὐτὸς,
1146 4895 1241 4949 καὶ
1268 4896 1367 4965 τῆς
1409 4894 1655 4963 υἱότητος
1680 4895 1779 4962 τὴν

197 4988 403 5056 γνῶσιν
433 4991 618 5060 φορεῖ·
649 4987 838 5059 Πατὴρ
871 4987 978 5059 γὰρ
1006 4987 1081 5050 ὡς
1113 4986 1245 5057 πρὸς
1282 4982 1411 5038 Υἰὸν
1442 4984 1556 5039 ἔστι
1585 5002 1643 5038 τε
1685 4986 1778 5039 καὶ

194 5081 544 5151 ὀνομάζεται.
598 5082 707 5135 Καὶ
748 5081 911 5134 πάλιν
958 5082 1022 5134 ἐκ
1075 5078 1183 5133 τῶν
1230 5078 1518 5132 ἐναντίωνο
1569 5073 1721 5131 Οἶδεν
1750 5079 1780 5131 6

198 5172 329 5238 Υἱὸς
363 5173 456 5226 τὸν
482 5172 720 5242 Πατέρα,
748 5172 903 5235 εἰδὼς
936 5172 1073 5241 ὅπερ
1103 5171 1248 5224 ἐστὶν
1280 5170 1461 5233 αὑτός.
1505 5168 1640 5222 Ἀπὸ
1671 5168 1779 5240 γὰρ

193 5262 299 5334 τῆς
331 5262 579 5334 υἰότητος
620 5266 652 5335 ἡ
693 5263 968 5336 πατρότης
995 5266 1199 5316 νοεῖται
1222 5279 1235 5293 ο
1268 5262 1361 5315 καὶ
1402 5261 1463 5314 τὸ
1499 5261 1779 5331 ἀντίστρο-

195 5362 318 5425 φον,
353 5358 417 5411 ὲκ
443 5356 541 5427 τῆς
575 5356 914 5430 πατρότητος
946 5358 979 5427 ή
1013 5356 1197 5425 υἰότης
1217 5373 1230 5386 ·
1260 5351 1329 5427 ἦν
1361 5350 1453 5408 οὖν
1478 5354 1565 5407 ἀεὶ
1590 5353 1778 5425 Πατὴρ

192 5450 223 5503 6
256 5447 409 5511 Θεὸς,
438 5443 505 5519 ἦν
538 5449 645 5519 ἄρα
689 5447 784 5501 καὶ
830 5450 858 5500 6
904 5448 1043 5512 Υἱός.
1085 5447 1379 5517 Δύσφημον
1419 5445 1475 5499 δὲ
1515 5445 1576 5497 τὸ
1601 5446 1779 5513 λέγειν

195 5540 275 5613 μὴ
309 5540 506 5594 εἰδέναι
539 5542 631 5593 τὸν
675 5540 893 5611 Πατέρα
947 5538 1007 5606 ἐξ
1056 5541 1253 5594 ἑαυτοῦ
1300 5539 1392 5591 τὸν
1438 5539 1587 5601 Υἰὸν,
1637 5537 1780 5591 διδά-

194 5630 425 5685 σκεσθαι
457 5630 513 5684 δὲ
543 5630 650 5684 ἀπὸ
681 5631 780 5702 τῆς
814 5630 1048 5701 φύσεως,
1078 5631 1310 5684 ἑκάστου
1342 5628 1541 5700 δηλαδή
1580 5629 1671 5697 ἀφ’
1700 5622 1775 5682 ὧν

191 5728 342 5780 ἔστιν
369 5724 530 5787 αὐτὸς
564 5723 663 5794 τὴν
690 5723 786 5777 τοῦ
828 5724 1013 5795 ἐτέρου
1044 5722 1244 5792 γνῶσιν
1295 5720 1527 5792 ἔχοντος.
1565 5718 1773 5782 ’Ἄλλως

1892 3291 1974 3337 ter
2000 3297 2119 3337 esse
2154 3281 2330 3336 Patris
2367 3292 2417 3336 et
2455 3283 2860 3352 generationem
2898 3282 3054 3348 Filii,
3089 3286 3476 3352 praenotionem

1889 3376 1956 3429 de
1985 3390 2050 3429 eo
2081 3374 2283 3429 nullum
2316 3374 2517 3429 habere
2551 3374 2749 3428 locum.
2780 3372 2915 3427 Nam
2946 3373 2991 3427 si
3025 3375 3176 3443 prius
3206 3375 3476 3430 delibera-

1888 3467 1994 3530 vit,
2026 3475 2082 3521 et
2116 3466 2266 3536 prius
2304 3467 2585 3536 cognovit,
2617 3478 2781 3535 atque
2816 3466 2931 3520 haec
2970 3467 3019 3520 in
3059 3477 3298 3535 tempore
3332 3467 3474 3521 iacta

1888 3558 2087 3613 fuerint
2124 3573 2347 3613 necesse
2382 3558 2487 3624 sit,
2529 3558 2757 3626 tempori
2793 3572 2923 3628 ergo
2957 3558 3227 3613 obnoxius
3261 3568 3343 3612 est
3380 3558 3473 3612 Fi-

1888 3651 2009 3707 lius.
2048 3654 2117 3706 At
2150 3666 2272 3707 cum
2310 3654 2425 3720 ipse
2464 3652 2535 3706 sit
2578 3662 2882 3720 temporum
2922 3651 3190 3714 conditor,
3228 3650 3357 3720 quid
3396 3660 3474 3704 te-

1889 3757 2035 3797 mere
2056 3744 2314 3797 adversus
2339 3743 2575 3795 divinam
2601 3751 2850 3795 naturam
2875 3740 3201 3805 deblaterat,
3226 3742 3471 3795 edoctaut

1887 3834 2033 3889 illam
2074 3849 2197 3889 esse
2237 3834 2344 3904 59
2385 3850 2414 3887 a
2457 3844 2647 3887 natura
2691 3835 2758 3889 de
2799 3836 2961 3888 rebus
3005 3832 3200 3887 futuris
3239 3832 3468 3903 ﬁngens,

1888 3941 2061 3995 neque
2090 3926 2383 3995 quidquam
2415 3926 2646 3994 amplius
2679 3927 2997 3996 praepotenti
3036 3924 3147 3979 Deo
3179 3940 3341 3994 quam
3376 3926 3472 3978 lio-

1885 4018 2016 4072 mini
2046 4018 2323 4073 tribuens?
2346 4019 2477 4072 Cum
2512 4020 2691 4087 itaque
2719 4017 3001 4087 generatio
3030 4016 3150 4070 Filii
3183 4015 3377 4070 sa-cula
3407 4030 3471 4069 ac

1888 4116 2128 4178 tempora
2161 4111 2407 4173 excedat,
2439 4109 2735 4163 absurdum
2767 4124 2831 4162 ac
2861 4107 3238 4176 blasphcmutu
3269 4117 3353 4161 est
3385 4106 3471 4160 di-

1884 4213 2011 4255 cere
2045 4199 2400 4265 deliberasse,
2436 4210 2491 4255 et
2530 4202 2679 4270 prius
2719 4201 2973 4255 edoctum
3016 4200 3182 4255 fuisse
3221 4201 3286 4254 de
3328 4200 3470 4255 illius

1885 4295 2234 4360 generatione
2273 4292 2510 4347 Patrem.
2550 4290 2827 4347 Perfectus
2868 4294 3011 4347 enim
3059 4301 3145 4346 est
3186 4294 3239 4346 in
3287 4294 3470 4362 cogni—

1886 4385 2031 4439 tione
2056 4387 2296 4440 omnium
2330 4401 2508 4439 rerum
2542 4384 2723 4449 Pater,
2755 4386 3068 4455 nullumque
3100 4384 3277 4439 locum
3308 4385 3471 4442 habet

1885 4477 2227 4546 deliberatio,
2254 4477 2451 4533 Filium
2486 4478 2815 4549 praecedens.

2565 4590 2800 4646 ALIUD.

1957 4700 2014 4756 Si
2065 4700 2225 4755 Pater
2272 4704 2505 4771 semper;
2535 4704 2683 4756 novit
2729 4718 2787 4756 se
2841 4718 2961 4757 esse
3008 4702 3243 4768 Patrem,
3306 4703 3468 4759 habet

1885 4794 2105 4850 Omnino
2149 4794 2312 4849 etiam
2345 4794 2396 4848 in
2424 4809 2483 4849 se
2513 4794 2757 4849 notitiam
2801 4793 2945 4850 Filii.
2989 4796 3065 4850 Eo
3118 4796 3260 4850 cuitu
3323 4797 3467 4865 quod

1884 4890 2119 4958 seipsum
2171 4886 2359 4951 novit,
2406 4887 2553 4941 novit
2604 4896 2659 4943 et
2686 4886 2921 4942 Filium:
2982 4888 3143 4943 Pater
3169 4888 3310 4943 enim
3374 4905 3465 4943 ra-

1886 4980 2030 5033 tione
2069 4977 2190 5031 Filii
2221 4987 2305 5033 est
2341 4988 2395 5032 et
2425 4978 2644 5034 dicitur.
2701 4978 2769 5034 Et
2821 4996 2852 5035 e
2888 4983 3163 5035 contrario
3226 4998 3240 5035 :
3307 4980 3465 5035 Novit

1886 5072 2053 5127 Filius
2090 5071 2328 5135 Patrem,
2357 5086 2588 5128 noscens
2627 5074 2888 5144 seipsum.
2937 5073 3070 5129 Nam
3106 5090 3172 5129 ex
3206 5075 3467 5129 liliatione

1886 5165 2201 5234 intelligitur
2240 5164 2555 5233 paternitas,
2585 5175 2642 5219 et
2700 5167 2977 5236 reciproce
3027 5182 3090 5221 ex
3140 5172 3464 5235 paternitate

1885 5257 2073 5313 [iliatio
2106 5275 2119 5312 :
2151 5265 2268 5311 erat
2325 5272 2457 5326 ergo
2489 5272 2705 5328 semper
2730 5258 2891 5313 Pater
2920 5258 3096 5325 Deus;
3134 5268 3250 5314 erat
3274 5261 3463 5329 utique

1883 5359 1938 5402 et
1976 5348 2165 5403 Filius.
2205 5348 2431 5419 impium
2476 5359 2657 5403 autem
2697 5351 2842 5404 dictu
2884 5362 2968 5407 est
2995 5364 3100 5405 non
3149 5363 3310 5407 nosse
3358 5348 3487 5405 Pa-‘

1884 5452 2019 5497 trem
2048 5442 2266 5506 Filium,
2302 5443 2393 5512 qui
2436 5455 2504 5498 ex
2548 5456 2606 5498 se
2655 5452 2756 5509 est,
2799 5445 2893 5499 sed
2937 5445 3117 5497 doceri
3164 5459 3192 5497 a
3243 5451 3458 5505 natura,

1880 5551 2004 5589 cum
2038 5546 2263 5605 uterque
2306 5549 2371 5590 ex
2414 5550 2481 5591 eo
2520 5536 2638 5605 ipso
2665 5537 2807 5605 quod
2831 5547 2916 5592 est
2953 5537 3178 5591 alterius
3212 5537 3458 5592 notitiam

1882 5627 2097 5681 habeat.
2132 5627 2195 5682 Et
2235 5628 2436 5698 alioqui
2475 5639 2665 5682 natura
2696 5628 2785 5682 Dei
2832 5643 2937 5683 non
2985 5629 3054 5683 sit
3096 5629 3239 5685 aliud
3295 5643 3458 5699 quam

1881 5716 1993 5785 ipse
2027 5734 2043 5784 ;
2086 5718 2315 5787 simplex
2340 5719 2482 5775 enim
2515 5729 2568 5775 et
2596 5719 2980 5791 incompositus
3010 5731 3113 5777 est.

196 5834 251 5874 ςε
286 5820 473 5889 ἕτερον
502 5819 601 5874 οὐκ
632 5820 698 5875 ἂν
725 5820 811 5890 εἴη
843 5819 1003 5889 φύσις
1030 5818 1166 5873 Θεοῦ
1196 5818 1328 5888 παρ’
1363 5815 1547 5869 αὐτόν·
1577 5814 1781 5878 ἁπλοῦς
1819 5810 1927 5882 γὰρ
1965 5813 2058 5865 καὶ
2088 5812 2394 5878 ἀσύνθετος.
