3876 6208
377 353 448 416 S9
1380 363 1441 419 S.
1480 362 1757 420 CYRILIJ
1787 359 2262 422 ALEXANDBINI
2299 363 2623 422 ARCHIEP.

1049 477 1285 535 ALIUD.

837 588 922 643 Ea:
948 590 1009 644 ob
1006 590 1234 660 jectione
1263 590 1533 647 Eunomii.

458 699 755 768 v'oluntate,
783 702 977 773 inquit,
1008 715 1064 759 et
1100 705 1305 774 judicio
1328 706 1513 774 genuit
1550 705 1710 762 Pater
1739 716 1833 762 aut
1858 722 1956 762 na-

376 797 642 854 turaliter.
665 795 735 853 At
758 799 803 852 si
834 799 1151 854 naturaliter
1172 808 1405 864 tantum,
1438 815 1546 853 non
1568 808 1748 853 autem
1774 798 1959 854 volun-

378 899 594 944 tateaut
622 891 851 961 judicio,
907 892 1266 946 involuntarie
1301 892 1481 961 itaque
1539 900 1593 946 et
1654 892 1960 948 inconside-

378 991 491 1035 rate
534 984 747 1050 genitus
781 993 884 1037 est.
911 984 967 1036 Si
992 999 1120 1037 vero
1156 986 1487 1052 utrumque,
1535 982 1646 1051 jam
1687 984 1959 1055 composi-

377 1082 486 1125 tum
533 1073 713 1128 facitis
775 1072 966 1136 Deum,
1020 1076 1284 1144 judicium
1316 1075 1475 1129 simul
1515 1088 1569 1130 et
1611 1086 1859 1132 naturam
1906 1079 1957 1133 ei

376 1163 698 1217 tribuentes.
732 1164 849 1230 Quo
878 1176 1035 1233 pacto
1059 1166 1201 1219 enim
1252 1166 1343 1235 qui
1398 1181 1465 1220 ex
1509 1167 1592 1221 his
1626 1167 1957 1238 compositus

374 1263 476 1320 est,
519 1255 745 1325 simplex
776 1254 980 1310 fuerit?

833 1368 1042 1423 Salutio
1094 1369 1418 1437 objectionis.

444 1479 736 1535 Generatio
761 1480 882 1534 Filii
937 1497 1111 1551 neque
1136 1483 1340 1548 judicio
1370 1498 1542 1550 neque
1588 1482 1847 1536 voluntati
1875 1493 1961 1538 est

373 1568 623 1622 obnoxia.
657 1568 801 1623 Velle
833 1571 977 1623 enim
1026 1571 1349 1640 etjudicare
1386 1572 1437 1623 in
1482 1578 1728 1640 tempore
1768 1571 1909 1625 ﬁunt
1939 1587 1955 1627 :

376 1659 542 1713 Filius
570 1675 696 1715 vero
730 1670 1033 1729 temporum
1062 1662 1312 1716 conditor
1338 1674 1445 1717 est.
1477 1662 1595 1728 Quo
1655 1672 1811 1732 pacto
1858 1664 1949 1732 igi.

377 1760 463 1802 tur
504 1750 553 1801 id
581 1751 725 1819 quod
750 1751 1027 1804 conditum
1063 1761 1148 1806 est
1197 1750 1535 1805 conditorem
1571 1752 1957 1823 pmesserit?

3529 362 3640 421 100

2741 480 2948 536 ΔΛΛΟ.

2304 592 2401 658 Ὠς
2425 591 2497 657 ἐξ
2531 592 2889 660 ἀντιθέσεως
2924 591 3046 646 τῶν
3082 592 3403 663 Εὐνομιου.

2129 704 2374 774 Θελήσει,
2411 704 2597 774 φησιν,
2649 706 2769 775 ἢτοι
2794 704 2991 777 κρίσει
3026 705 3118 759 τὸν
3148 704 3277 758 Υίδν
3307 703 3642 777 γεγέννηκεν

2060 794 2168 864 ἄρα
2198 797 2226 848 6
2255 795 2464 867 Πατὴρ,
2493 796 2526 866 ἢ
2566 797 2708 849 κατὰ
2746 796 2931 865 φύσιν.
2966 797 3029 851 ΕΙ
3057 797 3156 867 μὲν
3177 792 3269 850 οὖν
3297 797 3436 851 κατὰ
3473 797 3639 865 φύσιν

2063 886 2241 955 μόνον,
2275 886 2373 939 οὐκ
2414 886 2493 939 ἔτι
2541 886 2597 940 δὲ
2629 888 2772 941 κατά
2801 886 3023 957 θέλησιν
3052 887 3087 959 ἢ
3131 886 3331 960 κρίσιν,
3360 886 3639 957 ἀθελήτως

2059 977 2177 1029 ἐστὶ
2204 977 2299 1030 καὶ
2331 977 2570 1047 ἀκρίτως
2593 977 2893 1048 γεννηθείς.
2929 979 2992 1031 Ei
3023 978 3081 1032 δὲ
3112 978 3176 1031 τὸ
3207 960 3665 1050 συναμφόίιτερον,ς

2062 1065 2313 1120 σύνθετον
2338 1070 2541 1120 ποιεῖτε
2568 1067 2659 1121 τὸν
2682 1068 2836 1135 Θεὸν,
2859 1070 2952 1123 καὶ
2981 1070 3163 1141 κρίσιν
3182 1070 3331 1141 αὐτῷ
3353 1070 3450 1124 καὶ
3473 1070 3639 1139 φύσιν

2059 1158 2308 1222 διδόντες.
2346 1159 2470 1223 Πῶς
2497 1160 2606 1232 γὰρ
2633 1161 2662 1213 6
2693 1161 2757 1214 ὲκ
2798 1160 3003 1215 τούτων
3034 1160 3387 1233 συγκείμενος
3430 1162 3639 1226 ἁπλοῦς

2056 1249 2244 1316 locus;

2536 1366 2693 1435 Πρὸς
2730 1367 2907 1421 τοῦτο
2941 1368 3143 1434 λύσις.

2131 1477 2279 1530 Ἀνω
2310 1478 2409 1548 μὲν
2439 1479 2673 1550 κρίσεως
2708 1482 2804 1534 καὶ
2832 1480 3137 1553 βουλήσεως
3160 1484 3194 1554 ή
3225 1482 3318 1536 τοῦ
3360 1484 3489 1538 Υίοῦ
3521 1486 3636 1537 κεῖ-

2056 1583 2146 1619 ται
2174 1566 2447 1637 γέννησις.
2480 1569 2557 1622 Τὸ
2578 1572 2686 1641 γὰρ
2719 1571 3000 1642 βούλεσθαι
3021 1574 3116 1626 xui.
3140 1572 3344 1645 κρίνειν
3373 1576 3428 1626 ὲν
3453 1574 3635 1645 χρόνῳ

2057 1658 2275 1721 πάντως
2322 1659 2469 1711 ὲστί·
2512 1661 2721 1732 χρόνων
2751 1663 2808 1716 δὲ
2853 1663 3082 1734 ποιητής
3119 1664 3148 1716 6
3190 1664 3334 1727 Υἱός.
3384 1664 3508 1728 Πῶς
3537 1659 3633 1719 οὖν

2058 1746 2211 1802 ἔσται
2253 1748 2315 1801 τὸ
2363 1749 2573 1821 ποίημα
2613 1752 2717 1822 πρὸ
2748 1753 2842 1807 τοῦ
2882 1752 3141 1824 ποιητοῦ;
3188 1755 3251 1808 Ei
3282 1755 3339 1808 δὲ
3380 1753 3636 1809 σύνθετον

377 1842 432 1896 Si
476 1858 603 1896 vero
634 1844 989 1913 compositum
1048 1844 1375 1898 existimatis
1432 1843 1548 1897 ﬁeri
1603 1844 1795 1908 Deum,
1836 1844 1954 1900 ideo

2062 1837 2233 1891 οῐεσθε
2265 1839 2511 1907 γίνεσθαι
2540 1841 2672 1895 Θεὸν
2700 1843 2785 1896 διὰ
2827 1844 2887 1897 τὸ
2914 1844 3074 1913 φύσιν
3115 1844 3258 1915 ἔχειν
3301 1846 3395 1899 καὶ
3427 1846 3634 1916 κρίσιν,

374 1935 517 2002 quod
549 1942 800 1988 naturain
824 1935 1046 1998 habeat,
1075 1944 1129 1988 et
1152 1933 1436 2001 judicinm,
1459 1935 1574 1989 sive
1600 1934 1951 2001 voluntatem,

374 2026 554 2080 videte
578 2026 741 2078 etiam
774 2026 877 2079 hoc
909 2042 925 2079 :
954 2022 1115 2078 Pater
1153 2034 1375 2092 generat
1403 2024 1722 2078 naturaliter
1749 2041 1767 2089 ς
1804 2035 1955 2080 creat

375 2124 554 2169 antem
586 2129 682 2185 per
707 2112 901 2169 Filium
932 2125 1198 2185 quatenus
1224 2114 1424 2183 opifex.
1452 2113 1637 2184 Neque
1659 2116 1779 2171 ideo
1808 2132 1956 2171 com-

375 2207 583 2273 positus
625 2215 746 2260 est:
788 2206 946 2260 unius
974 2206 1118 2260 enim
1173 2215 1379 2259 natura:
1435 2204 1657 2260 eli‘ectus
1708 2206 1761 2261 hi
1803 2217 1952 2262 sunt.

376 2297 577 2351 Eadem
629 2312 756 2352 vero
784 2298 923 2351 ratio
969 2308 1052 2351 est
1086 2297 1213 2351 boni
1242 2338 1257 2364 ,
1304 2296 1625 2350 immortalis
1668 2306 1724 2352 et
1772 2297 1956 2352 invisi-

375 2390 518 2449 bilis,
575 2396 739 2457 atque
784 2388 1011 2443 aliorum
1054 2387 1387 2457 ejusceniodi
1442 2403 1562 2457 quae
1608 2387 1802 2443 divinae
1857 2405 1956 2442 na-

378 2488 510 2531 turae
549 2477 758 2532 insunt.

1043 2590 1201 2648 ALIU
1214 2592 1271 2645 D.

772 2703 858 2757 Ex
882 2703 1168 2773 objections
1202 2705 1469 2760 Eunomii.

448 2814 621 2869 Dicite
659 2815 834 2880 nobis,
865 2816 1057 2885 inquit,
1108 2831 1227 2882 vos,
1262 2818 1355 2888 qni
1398 2818 1596 2874 Filium
1640 2818 1803 2873 vultis
1836 2833 1959 2875 esse

376 2907 717 2978 splendorem
778 2907 978 2974 Patris,
1020 2909 1279 2977 quidnam
1315 2908 1658 2966 existimatis.
1689 2909 1956 2977 Questio-

376 2999 462 3055 nis
487 3009 667 3055 autem
699 2999 834 3054 ratio
864 3001 978 3055 haec
992 3008 1112 3055 est:
1146 2998 1369 3062 Lumen,
1390 2999 1505 3055 sive
1535 3000 1695 3070 ignis,
1722 3001 1955 3070 exempli

374 3090 569 3161 gratia,
587 3091 638 3143 in
655 3090 872 3145 lucerna
892 3092 1117 3159 positus,
1141 3090 1532 3162 exteriora60
1546 3093 1827 3159 iliuminal;
1846 3093 1959 3162 ipse

2055 1929 2173 2000 ήτοι
2218 1929 2455 2001 θέλησιν,
2501 1933 2661 2002 ὁρᾶτε
2697 1935 2789 1987 καὶ
2822 1934 3011 1988 τοῦτο’
3065 1936 3215 2006 Ἔχει
3260 1936 3321 1988 τὸ
3369 1938 3561 2009 γεννᾷν
3604 1938 3637 1990 6

2056 2020 2247 2093 Πατὴρ
2267 2021 2535 2090 φυσικῶς,
2559 2022 2672 2093 ἔχει
2697 2025 2791 2078 καὶ
2814 2024 2875 2077 τὸ
2903 2025 3106 2090 κτίζειν
3127 2026 3194 2079 δι’
3222 2026 3351 2080 Υίοῦ
3371 2028 3637 2099 δημιουρ-

2066 2111 2261 2180 γικῶς,
2294 2113 2386 2165 καὶ
2410 2113 2471 2165 οὐ
2503 2113 2654 2185 παρὰ
2682 2115 2840 2169 τοῦτο
2873 2116 3125 2181 σύνθετός
3152 2120 3299 2171 ἐστι’
3351 2120 3481 2190 μιᾶς
3521 2122 3639 2190 γὰρ

2056 2198 2269 2267 φύσεως
2314 2201 2385 2254 τὰ
2426 2203 2651 2258 τοιαῦτα
2690 2207 2919 2277 καρπός.
2971 2208 3029 2261 Ὁ
3072 2209 3127 2262 δὲ
3169 2208 3332 2273 αὐτὸς
3368 2210 3639 2281 κρατήσει

2057 2290 2215 2360 λόγος
2243 2293 2335 2346 ὲπί
2361 2312 2420 2347 τε
2452 2296 2547 2349 τοῦ
2581 2297 2787 2366 ἀγαθοῦ
2817 2300 2911 2353 καὶ
2944 2300 3224 2374 ἀφθάρτου
3255 2303 3349 2356 καὶ
3374 2302 3635 2373 ἀοράτου,

2058 2385 2150 2438 καὶ
2173 2386 2273 2439 ὅσα
2304 2385 2565 2456 πρόσεστι
2594 2393 2660 2461 τῇ
2694 2389 2813 2462 θείᾳ
2840 2391 3018 2460 φύσει.

2735 2588 2939 2642 ΑΛΛΟ.

2324 2696 2417 2762 Ὠς
2446 2696 2515 2761 ἐξ
2546 2697 2905 2766 ἀντιθέσεως
2933 2700 3051 2754 τῶν
3077 2702 3395 2772 Εὐνομίου.

2130 2806 2351 2871 Εἴπατε,
2381 2810 2566 2879 φησὶν,
2597 2812 2752 2881 ἡμῖν,
2782 2813 2830 2864 οί
2860 2813 3198 2885 ἀπαύγασμα
3227 2816 3476 2886 λέγοντες
3498 2814 3643 2872 εἶναι

2057 2895 2151 2948 τοῦ
2184 2898 2394 2969 Πατρὸς
2423 2900 2514 2952 τὸν
2560 2900 2707 2964 Υίὸν,
2735 2902 2788 2955 τί
2830 2921 2959 2957 ποτε
3000 2906 3108 2977 ἀρα
3151 2907 3451 2977 λογίζεσθε.
3492 2910 3552 2965 '0
3578 2912 3644 2965 δὲ

2058 2986 2156 3056 τῆς
2185 2989 2504 3059 ἐρωτήσεως
2530 2992 2748 3063 τρόπος,
2783 2987 2937 3059 οὗτος
2957 3013 2972 3029 ο
3004 2998 3075 3050 Τὸ
3109 3000 3223 3067 φῶς
3263 3002 3381 3073 ήτοι
3410 3001 3470 3056 τὸ
3502 3003 3639 3075 πῦρ,

2061 3078 2192 3148 φέρε
2222 3081 2419 3146 εἰπεῖν,
2454 3082 2512 3134 ἐν
2559 3083 2735 3155 λύχνῳ
2772 3087 3021 3157 κείμενον
3073 3090 3297 3158 φωτίζει
3344 3093 3411 3146 τὰ
3455 3094 3641 3159 ἐκτὸς,

377 3198 505 3255 vero
528 3196 632 3235 non
662 3180 845 3236 omnia
871 3181 1075 3251 implet,
1104 3182 1197 3236 sed
1231 3183 1283 3237 in
1313 3183 1431 3237 loco
1456 3183 1592 3237 situs
1619 3193 1723 3247 est,
1741 3192 1796 3237 et
1815 3183 1954 3237 circa

2062 3168 2175 3221 ἀλλ’
2219 3170 2351 3223 αὐτὸ
2393 3170 2491 3240 μὲν
2522 3172 2583 3225 οὺ
2611 3173 2788 3229 πάντα
2819 3176 3049 3248 πληροῖ,
3090 3183 3262 3233 κεῖται
3292 3182 3349 3234 δὲ
3381 3184 3438 3234 ἐν
3462 3184 3640 3255 τόπῳ,

374 3290 439 3329 ea
478 3290 597 3343 qua:
630 3274 873 3329 exterius
907 3283 1055 3337 sunt,
1090 3283 1148 3327 ut
1178 3273 1310 3338 dixi,
1336 3272 1454 3341 ejus
1486 3271 1806 3329 illuminatio
1837 3289 1959 3329 ver-

375 3376 547 3422 satur.
576 3366 632 3421 Si
682 3367 846 3437 igitur
879 3365 1060 3420 lumen
1109 3380 1233 3421 esse
1277 3366 1461 3421 dicitis
1489 3365 1727 3427 Patrem,
1772 3365 1956 3436 splen-

375 3460 566 3513 dorem
594 3474 723 3513 vero
748 3459 841 3529 qni
867 3474 935 3513 ex
966 3457 1169 3513 lumine
1202 3458 1462 3528 gignitur,
1486 3458 1699 3523 Filium,
1737 3472 1959 3514 necesse

372 3561 459 3607 est
485 3551 639 3605 fateri
673 3551 963 3604 essentiam
988 3548 1168 3603 Patris
1210 3549 1392 3603 omnia
1438 3548 1662 3617 implere
1704 3564 1807 3603 non
1832 3564 1959 3618 pos-

373 3658 454 3709 se,
485 3654 544 3696 ut
594 3643 743 3697 locus
770 3643 1114 3712 relinquatur
1144 3641 1423 3710 splendori
1447 3642 1537 3709 qui
1571 3657 1641 3696 ex
1663 3642 1780 3710 ipso
1807 3642 1958 3696 emit-

376 3730 524 3788 titur.
558 3734 615 3787 Si
644 3748 773 3787 vero
802 3733 984 3786 omnia
1015 3733 1202 3801 implet
1227 3730 1404 3795 Pater,
1440 3732 1656 3787 ubinam
1694 3732 1958 3788 consistet

372 3825 606 3882 essentia
642 3824 972 3895 geniminis?

885 3936 1093 3990 Solutio
1132 3936 1457 4006 objectiom's.

444 4050 502 4106 Si
536 4052 589 4106 in
627 4051 744 4106 loco
780 4028 1059 4106 constﬁuit
1088 4050 1330 4115 Patrem,
1361 4060 1416 4106 et
1454 4050 1677 4121 perinde
1703 4066 1770 4107 ac
1824 4067 1954 4108 cor-

371 4158 473 4213 pus
507 4142 755 4213 progredi
787 4142 1080 4207 existimat,
1105 4150 1315 4209 quaarat
1342 4140 1506 4195 etiam
1562 4140 1817 4212 genitnini
1874 4141 1956 4196 lo-

371 4250 517 4289 cum.
546 4234 602 4287 Si
632 4248 757 4287 vero
784 4232 964 4286 Patris
996 4234 1231 4287 essentia
1269 4246 1375 4286 non
1427 4232 1676 4287 consistit
1716 4232 1769 4286 in
1831 4232 1953 4288 loco

370 4327 589 4398 (neque
622 4326 765 4379 enim
806 4324 1059 4379 divinitas
1108 4322 1225 4378 loco
1251 4322 1624 4378 circumscribi
1684 4333 1859 4392 potest
1889 4325 1909 4396 )
1935 4366 1951 4391 ,

371 4430 469 4469 cur
522 4433 581 4468 se
620 4422 832 4483 torquet
860 4414 914 4467 in
962 4413 1123 4468 rebus
1156 4426 1275 4480 qua:
1325 4412 1468 4466 nulla
1517 4415 1815 4482 quastione
1871 4417 1953 4469 in-

2059 3260 2151 3312 καὶ
2179 3261 2307 3331 περὶ
2332 3261 2399 3315 τὰ
2424 3263 2598 3329 ἐκτὸς,
2630 3265 2882 3337 καθάπερ
2909 3270 3153 3340 εἴπομεν,
3179 3274 3206 3324 6
3235 3271 3293 3335 ἐξ
3324 3273 3488 3327 αὐτοῦ
3521 3293 3643 3345 (pm-

2056 3352 2249 3420 τισμὸς
2294 3354 2561 3435 γίγνεται.
2602 3359 2665 3413 Ei
2691 3359 2868 3413 τοίνυν
2902 3362 3018 3430 φῶς
3050 3363 3149 3433 μὲν
3186 3360 3327 3417 εἷναί
3372 3383 3509 3435 φατε
3540 3368 3642 3423 τὸν

2058 3441 2300 3513 Πατέρα,
2329 3445 2393 3497 ἐκ
2427 3434 2603 3515 φωτὸς
2631 3448 2688 3502 δὲ
2715 3449 3057 3522 ἀπαύγασμα
3102 3454 3193 3506 τὸν
3238 3434 3391 3522 Υίὸν,
3417 3456 3640 3530 ἀνάγκη

2056 3531 2235 3601 λέγειν
2265 3536 2358 3589 τοῦ
2388 3538 2598 3609 Πατρός
2631 3539 2730 3611 τὴν
2756 3541 2944 3596 οὐσίαν
2975 3543 3050 3615 μὴ
3074 3544 3332 3600 δύνασθαι
3360 3548 3429 3601 τὰ
3453 3549 3641 3603 πάντα

2059 3625 2318 3697 πληροῦν,
2362 3628 2447 3682 ἵνα
2483 3630 2647 3684 τόπον
2678 3632 2790 3702 ἔχοι
2815 3634 2909 3686 xui.
2935 3636 3183 3706 χωρῆσαι
3211 3655 3303 3691 ποι
3328 3638 3546 3695 δύναιτο
3574 3643 3642 3696 τὸ

2057 3716 2119 3782 ἐξ
2151 3718 2317 3772 αὑτοῦ
2345 3722 2696 3793 πεμπόμενον
2720 3725 3080 3798 ἀπαύγασμα.
3109 3729 3174 3783 Et
3200 3730 3258 3783 δὲ
3291 3732 3468 3785 πάντα
3495 3734 3642 3805 πλη-

2061 3807 2145 3878 ροῖ
2171 3811 2199 3862 6
2238 3811 2445 3884 Πατὴρ,
2475 3813 2579 3866 ποῦ
2612 3816 2853 3887 χωρήσει
2880 3816 2973 3871 τοῦ
3004 3820 3345 3891 γεννήματος
3373 3824 3407 3895 ή
3442 3825 3637 3892 οὐσίας

2539 3928 2697 3997 Πρὸς
2725 3930 2911 3984 ταῦτα
2946 3932 3147 3998 λύσις.

2127 4035 2190 4088 Ei
2236 4037 2332 4106 μὲν
2373 4039 2431 4090 ὲν
2460 4038 2612 4110 τόπῳ
2640 4040 2822 4110 τίθησι
2848 4043 2940 4097 τὸν
2972 4044 3214 4117 Πατέρα,
3257 4048 3353 4101 καὶ
3381 4049 3640 4122 καθάπερ

2054 4144 2107 4180 τι
2142 4128 2301 4199 σῶμα
2331 4130 2626 4201 χωρεῖσθαι
2673 4133 2941 4202 βούλεται,
2985 4135 3219 4207 ζητείτω
3256 4139 3353 4193 καὶ
3392 4142 3471 4212 τῷ
3505 4160 3637 4212 γεν-

2052 4224 2252 4294 νήματι
2280 4224 2463 4277 τόπον.
2492 4226 2555 4279 Εἰ
2580 4224 2639 4278 δὲ
2667 4227 2767 4280 οὐκ
2792 4229 2849 4280 ὲν
2879 4229 3027 4300 τόπῳ
3046 4229 3140 4284 τοῦ
3169 4232 3381 4302 Πατρός
3410 4235 3443 4305 ή
3474 4236 3639 4289 οὐσία

2054 4315 2137 4386 (οὐ
2172 4314 2282 4385 γὰρ
2309 4314 2459 4386 τόπῳ
2490 4316 2829 4388 περιληπτὸν
2857 4315 2919 4371 τὸ
2960 4319 3143 4393 θεῖον),
3174 4322 3226 4375 τί
3262 4324 3439 4396 μάτην
3470 4343 3636 4397 περι-

2055 4405 2347 4476 εργάζεται
2373 4407 2443 4460 τὰ
2485 4409 2756 4479 μηδεμίαν
2796 4410 2988 4481 ἔχοντα
3030 4412 3278 4484 ζήτησιν.
3322 4416 3418 4471 καὶ
3455 4418 3639 4490 τολμᾷ

373 4508 580 4576 digerit,
619 4509 888 4574 audetque
925 4506 1105 4558 dicere
1137 4522 1152 4559 ε
1183 4504 1433 4570 Quonam
1462 4505 1656 4559 evadet
1686 4505 1807 4560 Filii
1873 4522 1954 4562 es-

2062 4496 2238 4566 λέγειν
2264 4515 2277 4528 ·
2311 4497 2421 4551 Ποῦ
2448 4501 2690 4570 χωρήσει
2728 4501 2823 4554 τοῦ
2850 4505 3187 4574 γεννήματος
3217 4509 3249 4578 ή
3280 4508 3456 4571 οὐσία,
3487 4510 3638 4578 πλη-

374 4595 573 4655 sentia,
613 4607 736 4647 enm
763 4591 926 4647 Pater
950 4592 1131 4646 omnia
1160 4592 1658 4662 repleat?Apparet
1689 4596 1872 4666 itaque
1898 4605 1953 4652 et

370 4690 457 4737 est
495 4680 656 4735 Pater
695 4681 747 4735 in
787 4680 945 4746 Filio,
992 4690 1047 4736 et
1084 4681 1256 4737 Filius
1296 4682 1349 4737 in
1396 4682 1579 4748 Patre,
1613 4699 1718 4738 non
1774 4693 1950 4742 tamen

374 4784 437 4829 ut
463 4776 602 4829 idem
631 4776 976 4841 exsistentes,
1006 4789 1179 4844 neque
1209 4784 1270 4830 ut
1312 4792 1475 4831 unum
1542 4794 1785 4839 numero.
1856 4781 1954 4835 Est

370 4867 515 4922 enim
548 4866 705 4921 Pater
732 4870 783 4920 in
814 4882 907 4921 sua
937 4869 1290 4936 proprietate,
1327 4877 1385 4923 et
1417 4878 1502 4923 est
1543 4868 1713 4925 Filius
1770 4872 1822 4926 in
1869 4888 1955 4942 pe-

373 4960 565 5015 culiari
607 4974 700 5014 sna
750 4960 1097 5028 proprietate,
1126 4961 1265 5014 hanc
1294 4960 1464 5014 solam
1490 4975 1519 5014 a
1580 4961 1744 5018 Patre
1799 4963 1954 5018 diﬂ'e—

373 5052 603 5105 rentiam
661 5050 885 5113 habens,
917 5050 1060 5119 quod
1114 5049 1275 5104 Pater
1315 5051 1531 5118 quidem
1568 5068 1660 5121 per
1719 5068 1779 5107 se
1820 5066 1950 5119 est,

312 5142 327 5217 ζ.
373 5156 549 5211 neque
589 5151 673 5196 est
711 5139 924 5203 Filius;
982 5140 1151 5195 Filius
1176 5140 1340 5195 etiam
1380 5158 1476 5212 per
1528 5158 1587 5198 se
1642 5154 1745 5210 est,
1780 5161 1952 5215 neque

320 5280 345 5303 η,
372 5242 457 5287 est
500 5231 682 5287 Pater.
710 5233 814 5287 Sed
866 5232 967 5287 hac
1014 5233 1231 5301 quidem
1280 5234 1394 5288 sola
1435 5234 1735 5291 diﬂerentia
1787 5252 1818 5292 a
1847 5238 1952 5293 Pa—

338 5304 461 5393 ftre
504 5325 810 5388 distinctus,
856 5323 1102 5378 eamdem
1134 5324 1299 5379 habet
1327 5334 1563 5393 paternae
1597 5336 1801 5384 natura:
1830 5344 1952 5398 pro-

374 5417 694 5485 prietatem;
752 5425 939 5483 estque
1010 5431 1203 5471 rursus
1253 5418 1305 5471 in
1356 5416 1553 5482 Patre,
1599 5422 1948 5489 quemadmo-

372 5506 500 5560 dum
528 5506 777 5574 splendor
802 5505 891 5575 qui
920 5520 950 5559 e
988 5505 1101 5559 sole
1141 5505 1425 5570 emittitur,
1458 5507 1548 5576 qui
1576 5508 1790 5575 quidem
1822 5524 1948 5578 pro-

375 5598 521 5651 cedit
564 5612 630 5650 ex
660 5597 793 5664 ipso,
824 5595 969 5651 aliud
991 5595 1265 5666 quidpiam
1298 5596 1368 5650 ab
1409 5597 1543 5666 ipso,
1575 5612 1737 5650 unum
1767 5606 1943 5651 tamen

376 5700 568 5744 natura
582 5688 870 5743 exsistens.
891 5686 1024 5740 Nam
1042 5689 1144 5742 hoc
1161 5697 1244 5742 est
1262 5688 1363 5753 sol,
1383 5687 1511 5742 illud
1526 5704 1655 5743 vero
1667 5688 1939 5757 Splendor.

376 5782 537 5837 Pater
566 5781 745 5843 itaque
770 5779 1043 5836 exsistens
1068 5778 1249 5834 emisit
1289 5778 1492 5846 lumen,
1520 5777 1713 5833 Filium
1739 5820 1754 5846 ,
1788 5778 1936 5849 sigil—

2059 4589 2277 4659 ροῦντος
2319 4591 2389 4643 τὰ
2418 4591 2598 4645 πάντα
2632 4592 2728 4645 τοῦ
2769 4595 3016 4667 Πατρός;
3060 4597 3311 4652 Φαίνεται
3357 4601 3455 4671 μὲν
3482 4597 3574 4655 οῦν
3605 4607 3637 4656 6

2053 4681 2243 4753 Πατὴρ
2271 4683 2362 4735 καὶ
2385 4682 2530 4736 ἔστιν
2559 4685 2618 4736 ὲν
2651 4684 2785 4756 Titii,
2815 4687 2909 4741 xui.
2938 4688 3066 4753 Υἱὸς
3102 4691 3161 4742 ἐν
3189 4691 3363 4762 Πατρί
3382 4709 3396 4724 ο
3424 4693 3522 4763 οὐχ
3552 4694 3637 4759 ὡς

2051 4771 2250 4823 ταυτὸν
2281 4770 2339 4823 δὲ
2384 4771 2558 4836 ὅντες,
2588 4772 2709 4827 οὐδὲ
2748 4773 2825 4837 ὡς
2875 4774 2933 4829 ἓν
2976 4776 3216 4849 ἀριθμῷ.
3249 4781 3405 4833 Ἐστι
3447 4781 3555 4853 γὰρ
3601 4784 3636 4834 6

2054 4860 2242 4930 Πατὴρ
2273 4861 2330 4912 έν
2359 4862 2427 4931 τῇ
2455 4860 2620 4914 αὐτοῦ
2651 4862 2871 4934 ἰδιότητι
2890 4880 2905 4895 ·
2937 4866 3031 4919 καὶ
3067 4866 3216 4921 ἐστιν
3252 4870 3281 4921 6
3308 4869 3435 4932 Υἱὸς
3478 4872 3536 4923 ἐν
3558 4874 3633 4942 τῇ

2057 4951 2163 5022 ἰδία
2197 4951 2436 5022 ἰδιότητι,
2465 4954 2668 5025 ταύτην
2697 4954 2835 5026 ἔχων
2865 4957 3033 5029 μόνην
3064 4960 3201 5030 πρὸς
3237 4961 3330 5014 τὸν
3365 4962 3638 5034 Γεγεννη-

2053 5042 2188 5095 κότα
2230 5040 2329 5112 τὴν
2365 5042 2664 5115 διαφοράν
2704 5046 2734 5098 6
2763 5048 2861 5116 μὲν
2896 5048 3003 5119 γὰρ
3030 5050 3241 5121 Πατὴρ,
3287 5051 3409 5105 καθ’
3435 5054 3636 5108 ἑαυτόν

2051 5134 2189 5198 ἐστι,
2214 5134 2307 5186 καὶ
2332 5135 2432 5187 οὐκ
2456 5134 2603 5189 ἐστιν
2632 5137 2789 5209 Υίὸςε·
2820 5143 2850 5193 6
2868 5141 2927 5194 δὲ
2956 5142 3084 5205 Υἱὸς
3109 5142 3231 5195 καθ’
3254 5142 3445 5197 ἑαυτόν
3484 5144 3634 5207 ἔστι,

2051 5225 2146 5325 καὶἔ
2191 5226 2292 5325 οὐκ
2337 5226 2452 5280 ἐστι
2496 5229 2710 5300 Πατήρ.
2772 5230 2930 5286 Ἀλλά
2969 5232 3109 5286 κατά
3151 5232 3310 5288 τοῦτο
3350 5235 3511 5305 μόνον

2050 5315 2188 5386 πρὸς
2236 5316 2328 5370 τὸν
2382 5319 2602 5390 Πατέρα
2644 5321 2743 5392 τὴν
2788 5321 3070 5395 διαστολὴν
3117 5324 3281 5395 ἔχων⁹
3326 5327 3480 5399 φέρει
3528 5328 3635 5399 μὲν

2048 5409 2180 5462 αὐτὸ
2208 5409 2308 5479 τῆς
2338 5412 2608 5482 πατρικῆς
2636 5412 2850 5481 φύσεως
2885 5413 2947 5466 τὸ
2982 5415 3201 5486 ίδίωμα,
3241 5416 3438 5471 ἔστιδὲ
3463 5418 3632 5472 πάλιν

2048 5500 2105 5553 ὲν
2145 5499 2223 5570 τῷ
2268 5502 2462 5572 Πατρὶ,
2498 5501 2687 5573 ὥσπερ
2728 5504 2789 5557 τὸ
2833 5507 2898 5558 ἐκ
2938 5505 3032 5559 τοῦ
3073 5507 3224 5578 ἡλίου
3272 5509 3633 5580 πεμπόμενον

2046 5594 2407 5664 ἀπαύγασμα,
2435 5596 2649 5665 πρόεισι
2678 5596 2775 5667 μὲν
2798 5597 2858 5662 ἐξ
2892 5599 3080 5664 αὐτοῦ,
3115 5600 3301 5670 ἕτερον
3327 5600 3382 5653 δέ
3410 5618 3463 5654 τι
3492 5605 3631 5675 παρ’

2047 5687 2211 5740 αὐτόν
2242 5690 2410 5750 ἐστιν,
2440 5686 2497 5740 ἓν
2541 5688 2681 5741 κατά
2729 5688 2891 5756 φύσιν
2936 5691 3197 5763 ὑπάρχον.
3233 5691 3305 5743 Τὸ
3348 5692 3446 5761 μὲν
3489 5696 3628 5763 γὰρ,

2049 5782 2196 5852 ἥλιος
2219 5820 2232 5847 ,
2256 5780 2317 5834 τὸ
2349 5780 2426 5847 δὲ,
2456 5778 2816 5852 ἀπαύγασμα.
2849 5784 2941 5835 ’Ὡν
2976 5779 3306 5855 οὖνιΠατὴρ,
3335 5785 3629 5855 ἀπηύγασε
