3876 6208
267 306 361 361 Illi

1680 292 2123 354 THESAURUS.

3424 291 3523 344 ιη

262 420 354 471 τὸν
386 417 533 479 Υίὸν,
581 415 855 487 σφραγῖδα
887 415 982 469 καὶ
1023 414 1208 470 εἰκόνα
1244 415 1342 488 τῆς
1388 415 1581 470 ἑαυτου
1630 412 1845 482 φύσεως

1967 422 2054 461 mn
2085 415 2140 463 et
2194 406 2483 479 imaginem
2524 405 2981 476 perfectissimam
3030 419 3145 459 ac
3204 402 3373 474 ipsius
3426 421 3526 459 na-

260 505 685 577 ἀκριϐεστάτην.

776 629 1145 715 ΛΟΓΟΣ
1218 630 1351 715 H’.

262 786 423 853 Πρὸς
456 785 599 851 τοὺς
631 784 943 855 λέγοντας,
984 785 1075 839 ὅτι
1103 788 1176 839 οὐ
1203 784 1284 851 τῷ
1328 783 1530 852 "arpi,
1567 783 1728 838 ἀλλὰ
1768 782 1843 851 τῇ

435 856 743 924 βουλήσει
774 856 961 910 αὐτοῦ
999 855 1203 926 ὅμοιός
1228 857 1399 909 ἐστιν
1435 858 1468 909 d
1509 855 1643 920 Υἱός

337 968 545 1041 Πολλὴν
573 969 639 1024 ἄν
664 986 749 1032 τις
774 969 999 1032 εἰκότως
1032 967 1288 1022 ἀϐουλίαν
1314 967 1424 1021 τῶν
1464 965 1844 1037 χριστομάχων

268 1061 740 1134 καταψηφίσαιτο,
792 1062 826 1131 ἢ
876 1062 1136 1131 λογιεῖται
1182 1060 1356 1133 ὀρθῶς
1403 1061 1709 1132 μαίνεσθαι,
1755 1078 1846 1113 πι-

270 1151 477 1205 στεύων
496 1154 612 1216 τοίς
648 1151 747 1221 τῆς
775 1151 1084 1223 βουλήσεως
1116 1151 1211 1205 τοῦ
1242 1150 1457 1222 Πατρδς
1491 1151 1673 1222 ὅμοιον
1709 1145 1847 1205 εἶναι

268 1242 488 1311 λέγουσι
517 1242 609 1294 τὸν
639 1241 787 1303 Υίὸν,
827 1240 930 1294 ούκ
973 1241 1123 1311 αὐτῷ
1162 1240 1240 1310 τῷ
1283 1241 1489 1313 Πατρί·
1540 1240 1717 1295 καίτοι
1750 1240 1849 1310 τῆς

271 1335 424 1396 θείας
448 1335 669 1404 Γραφῆς
712 1334 772 1386 οὐ
810 1331 1000 1386 τοῦτον
1030 1332 1368 1405 ἐκφερούσης
1406 1333 1534 1407 περὶ
1563 1332 1729 1386 αὐτοῦ
1757 1334 1849 1387 τὸν

270 1428 419 1497 ὅρον,
449 1426 564 1479 ἀλλ’
584 1425 705 1479 οὐδὲ
732 1424 901 1479 αὐτοῦ
931 1423 1025 1478 τοῦ
1056 1425 1309 1497 Σωτῆρος
1331 1426 1579 1495 λέγοντος
1599 1444 1613 1457 ⁸
1658 1425 1716 1480 '0
1750 1426 1850 1479 ἑω-

274 1516 459 1587 ρακὼς
482 1515 603 1586 ἐμὲ,
630 1514 841 1586 ὲὼρακτ
866 1514 964 1586 τὴν
990 1514 1243 1584 βούλησιν
1261 1514 1356 1568 τοῦ
1383 1515 1613 1584 Πατρός.
1654 1515 1851 1587 Ἐχρῆν

269 1605 331 1660 δέ
359 1622 423 1675 γε
450 1605 544 1658 τὸν
579 1604 801 1659 εἰπόντα
824 1606 1060 1677 Χριστόν
1081 1620 1093 1635 ⁸
1124 1626 1142 1658 ι
1189 1604 1330 1675 Ἐγὼ
1353 1608 1469 1677 είμι
1496 1609 1529 1677 ἡ
1553 1607 1798 1678 ἀλήθεια,
1825 1627 1844 1659 ι

274 1697 354 1769 μὴ
374 1697 453 1768 τῷ
482 1698 660 1768 llath
699 1699 842 1752 κατά
875 1698 1038 1768 φύσιν
1065 1699 1257 1752 ἑαυτὸν
1289 1698 1589 1771 ἐξομοιοῦν,
1621 1703 1689 1771 τῇ
1731 1698 1852 1770 βου⁹

270 1790 430 1861 λήσει
464 1789 522 1843 δὲ
565 1776 766 1860 μᾶλλον
809 1787 998 1853 αὑτοῦ,
1042 1790 1200 1860 εἴπερ
1233 1788 1405 1853 οὕτως
1433 1789 1568 1860 ἔχει,
1598 1790 1850 1862 καθάπερ

270 1882 471 1936 ἐκεῖνοί
496 1898 682 1951 φασιν.
723 1881 861 1934 Ἀλλ’
886 1881 1121 1953 οὐδαμοῦ
1147 1882 1245 1953 τὴν
1278 1882 1530 1952 βούλησιν
1554 1884 1846 1954 ὀνομάσας,

272 1974 458 2027 εἰκόνα
481 1973 539 2027 δὲ
556 1973 650 2026 τοῦ
681 1973 891 2044 [ἰατρὸς
919 1974 1108 2027 ἑαυτὸν
1141 1973 1473 2045 προσειπὼν,
1494 1974 1649 2046 δῆλος
1676 1976 1743 2029 ἂν
1764 1974 1849 2046 εἴη

273 2067 375 2138 τὴν
405 2065 633 2119 ἐκείνων
664 2065 922 2119 ὑπόνοιαν
956 2066 1214 2137 ἀναιρῶν.

959 2181 1164 2236 ΑΛΛΟ.

362 2290 693 2360 Ἐρωτητέον
712 2290 837 2354 τοὺς
862 2293 1262 2363 χριστομάχους
1281 2308 1295 2322 °
1341 2293 1404 2347 'H
1436 2292 1689 2365 βούλησις
1714 2295 1852 2363 αὕτη

279 2380 375 2433 τοῦ
401 2381 633 2450 Πατρὸς,
663 2376 732 2453 ἦς
771 2382 956 2453 ὅμοιον
981 2379 1121 2437 εἷναί
1146 2402 1282 2452 φατε
1307 2386 1399 2439 τὸν
1443 2386 1591 2449 Υίδν,
1627 2386 1853 2459 πότερόν

279 2490 411 2525 ποτε
440 2473 597 2527 οὐσία
632 2474 715 2537 τίς
760 2475 896 2538 ἐστι,
941 2475 1036 2527 καὶ
1067 2475 1275 2546 ὑπέστη
1308 2476 1447 2548 αὑτὴ
1483 2476 1604 2530 καθ’
1630 2477 1849 2549 ἑαυτὴν,

280 2565 315 2632 ἦ
346 2564 502 2634 οὐχί;
541 2565 602 2617 El
647 2564 747 2633 μὲν
784 2564 894 2637 γὰρ
921 2564 1153 2637 ούσιώδη
1192 2568 1287 2620 καὶ
1325 2567 1691 2639 ὑποστατικὴν
1716 2563 1854 2620 εῖναι

278 2655 479 2708 δώσετε
508 2656 730 2726 ταύτην,
761 2656 877 2721 πῶς
901 2656 981 2711 ἔτι
1012 2658 1304 2729 μονογενὴς
1335 2661 1363 2711 ὁ
1388 2658 1537 2724 Υίδς,
1569 2659 1748 2730 τρίτος
1778 2659 1854 2714 ὢν

276 2749 343 2800 ἐκ
370 2749 613 2820 Πατρός-ς
649 2752 898 2804 Φαίνεται
923 2750 1032 2819 γὰρ
1074 2751 1445 2820 μεσολαόοὖσα
1476 2752 1574 2824 τὴν
1603 2754 1854 2824 γέννησιν

276 2841 446 2895 αὐτοῦ
472 2842 727 2914 βούλησίς
753 2861 834 2907 τις
861 2844 1223 2907 ὲνυπόστατος
1264 2845 1357 2897 καὶ
1391 2845 1561 2910 ζῶσα,
1587 2845 1731 2899 κατά
1757 2846 1855 2915 τὴν

278 2935 553 3007 ὑμετέραν
589 2937 873 3007 πρότασιν.
923 2938 986 2990 Εἰ
1026 2937 1083 2990 δὲ
1115 2936 1273 2990 τοῦτο
1302 2937 1751 3007 παραιτούμενοι,
1792 2937 1854 2990 ού

277 3025 406 3079 καθ’
430 3026 723 3080 ὑπόστασιν
752 3030 849 3098 τὴν
880 3028 1135 3098 βούλησιν
1156 3028 1461 3081 διακεῖσθαι
1492 3027 1711 3093 δώσετε,
1736 3028 1856 3082 οὐδὲ

277 3118 470 3172 οὐσίαν
492 3113 632 3174 εἶναι
662 3120 842 3185 ζῶσαν
865 3122 959 3174 καὶ
981 3120 1347 3195 ὑπάρχουσαν,
1371 3122 1560 3193 ὥσπερ
1593 3121 1683 3175 τὸν
1711 3120 1859 3183 Υίδν,

279 3210 623 3275 ἀπαιδεύτως
655 3211 859 3281 σφόδρα
892 3212 985 3266 καὶ
1018 3212 1244 3283 ἀμαθῶς
1282 3213 1358 3284 μὴ
1392 3211 1487 3266 δύο
1523 3210 1859 3282 παραθέντες

279 3301 473 3365 οὐσίας
502 3303 798 3375 ὁμοιότητα
824 3304 1056 3375 ζητεῖτε.
1088 3303 1213 3367 Πῶς
1249 3303 1357 3373 γὰρ
1388 3302 1541 3355 ἔσται
1575 3302 1635 3355 τὸ
1666 3301 1859 3355 ὲνυπό-

282 3411 479 3448 στατον
511 3394 591 3465 τῷ
626 3394 700 3465 μὴ
726 3394 954 3466 τοιούτῳ
985 3395 1336 3467 προσεοικός;
1372 3395 1404 3468 ἢ
1435 3394 1551 3457 πῶς
1578 3395 1639 3448 τὸ
1670 3393 1745 3465 μὴ
1780 3394 1860 3458 είς

278 3485 471 3539 οὐσίαν
498 3484 712 3556 ἐνεχθὲν
750 3485 826 3557 τῷ
863 3486 1194 3556 ὑφεστηκότι
1234 3486 1377 3540 κατὰ
1404 3486 1497 3539 τὸν
1539 3486 1639 3557 τῆς
1685 3488 1857 3556 ἐμφε-

281 3574 439 3645 ρείας
468 3575 671 3647 τρόπον
698 3574 1134 3643 ἀντεξετάζοιτο;

971 3768 1177 3822 ΑΛΛΟ.

353 3881 465 3935 Καὶ
488 3880 573 3945 τίς
596 3880 697 3935 οὐκ
724 3881 791 3936 ἂν
818 3883 1173 3954 ὁμολογήσειε
1202 3880 1326 3936 νοῦν
1354 3880 1496 3952 ἔχων
1526 3881 1607 3935 ὅτι
1633 3880 1712 3953 τῷ
1736 3879 1860 3953 ζώῳ

277 3972 419 4042 πρὸς
470 3972 533 4026 τὸ
572 3971 711 4037 ζῶον
768 3975 802 4045 ἡ
846 3974 1120 4045 ὁμοιότης,
1168 3974 1261 4028 καὶ
1306 3974 1385 4045 τῷ
1425 3975 1500 4046 μὴ
1550 3974 1675 4046 ζώῳ
1724 3977 1860 4046 πρὸς

275 4066 342 4116 τὸ
372 4063 447 4134 μὴ
475 4062 651 4129 ζὼον;
686 4065 768 4118 Τά
796 4065 905 4136 γὰρ
935 4064 1225 4136 ἑτερογενῆ
1258 4065 1353 4119 καὶ
1382 4065 1559 4135 πάντη
1596 4066 1694 4136 τῆς
1723 4066 1861 4137 πρὸς

273 4155 489 4226 ἄλληλα
535 4156 773 4226 σχέσεως
807 4156 1052 4226 φυσικῶς
1083 4157 1511 4227 διακεκομμένα,
1541 4158 1642 4212 οὑκ
1671 4159 1737 4213 άν
1777 4177 1861 4223 τις

274 4243 341 4301 εὖ
400 4247 612 4317 φρονῶν
664 4247 1008 4314 ἀντεξετάζοι
1046 4248 1197 4320 ’πρὸς
1250 4248 1494 4320 ἄλληλα,
1530 4250 1653 4303 οὐδὲ
1702 4251 1859 4304 τοῦτο

276 4339 476 4409 ἐκείνῳ
493 4339 965 4411 προσεοικὸς,οὔτε
990 4341 1097 4413 μὴν
1121 4343 1297 4396 ἐκεῖνο
1322 4343 1497 4413 τούτῳ
1525 4345 1748 4416 φήσειεν
1772 4345 1857 4399 ἄν.

1948 509 2104 552 tune.

2261 624 2835 719 ASSEBTIO
2927 627 3210 719 VIII.

1944 848 1959 866 ,
1982 797 2244 851 Adversus
2264 796 2511 861 dicentes,
2530 812 2649 866 non
2669 796 2843 866 Patri,
2865 796 2955 849 sed
2976 795 3236 850 voluntati
3252 795 3368 865 ejus
3422 796 3498 850 si-

2445 865 2624 921 milent
2643 882 2755 920 esse
2790 865 3023 921 Filium.

2018 978 2211 1035 Merito
2232 979 2355 1050 quis
2386 993 2635 1047 magnam
2663 977 2897 1033 hostium
2934 977 3138 1034 Christi
3167 977 3529 1033 temeritatem

1948 1070 2185 1134 damnet,
2218 1078 2309 1124 aut
2361 1068 2562 1124 rectius
2610 1068 2850 1123 insanire
2892 1067 3096 1136 iudicet
3136 1082 3228 1123 eos
3266 1068 3357 1139 qui
3422 1081 3531 1120 non

1950 1160 2049 1230 ipsi
2087 1161 2262 1224 Patri,
2308 1160 2402 1215 sed
2429 1157 2689 1213 voluntati
2714 1157 2830 1227 ejus
2881 1158 3111 1213 similem
3159 1172 3283 1214 esse
3336 1156 3531 1212 Filium

1949 1250 2323 1315 contendunt,
2369 1265 2491 1306 cum
2538 1248 2738 1319 alioqui
2788 1264 2943 1305 sacra
2981 1248 3258 1318 Scriptura
3298 1263 3405 1303 non
3460 1249 3531 1302 ita

1951 1345 2018 1399 de
2091 1345 2207 1412 ipso
2263 1343 2529 1408 deﬁniat,
2582 1343 2676 1396 sed
2737 1356 2912 1410 neque
2977 1342 3090 1412 ipse
3146 1338 3401 1395 Servator
3451 1340 3535 1394 dio

1951 1444 2089 1489 cat:
2131 1434 2233 1502 Qui
2292 1436 2420 1489 vidit
2482 1449 2567 1490 me
2600 1476 2614 1499 ,
2671 1435 2805 1488 vidit
2861 1443 2915 1486 et
2966 1435 3304 1489 voluntatem
3357 1433 3538 1487 Patris

1949 1526 2054 1597 61
2093 1528 2217 1582 mci.
2254 1523 2505 1596 Oportuit
2536 1542 2666 1581 vero
2703 1525 2977 1581 Christum
3023 1526 3289 1580 dicentem
3321 1564 3337 1589 ,
3368 1543 3386 1575 ι
3425 1522 3536 1593 Ego

1952 1633 2070 1671 sum
2096 1618 2295 1673 veritas
2323 1618 2392 1685 ⁸⁸,
2426 1636 2444 1670 ι
2479 1632 2817 1687 nequaquam
2843 1632 2901 1672 se
2930 1616 3078 1672 Patri
3107 1615 3403 1671 secundum
3441 1630 3538 1669 na—

1956 1719 2131 1763 turam
2181 1725 2521 1779 comparare,
2550 1710 2648 1765 sed
2691 1708 2870 1778 potius
2900 1707 3017 1777 ejus
3047 1707 3333 1771 voluntati,
3375 1705 3419 1760 si
3454 1705 3527 1758 ita

1953 1811 2059 1866 est,
2101 1811 2159 1855 ut
2212 1801 2311 1870 ipsi
2369 1803 2579 1857 volunt.
2644 1803 2714 1856 At
2756 1816 2879 1856 cum
2923 1814 2982 1855 se
3032 1814 3137 1855 non
3207 1799 3537 1854 voluntatem

1956 1891 2273 1955 nominarit,
2307 1894 2400 1946 sed
2433 1892 2693 1962 adjecerit
2726 1907 2785 1945 se
2830 1905 2950 1945 esse
3004 1888 3298 1959 imaginem
3334 1887 3535 1952 Patris,

1957 1985 2244 2041 manifeste
2275 1999 2464 2040 eorum
2495 1985 2807 2055 opinionem
2834 1982 3119 2037 subvertit.

2636 2179 2866 2235 ALIUD.

2029 2295 2403 2366 lnterrogaudi
2438 2303 2565 2348 sunt
2606 2293 2794 2348 hostes
2830 2290 3031 2346 Christi
3080 2308 3095 2345 :
3133 2290 3394 2346 Voluntas
3428 2290 3541 2345 ba‘c

1961 2388 2157 2452 Patris,
2188 2390 2273 2443 cui
2310 2385 2543 2441 similem
2592 2368 2775 2440 dicitis
2817 2398 2938 2439 esse
2987 2382 3207 2448 Filium,
3264 2392 3416 2437 estne
3456 2400 3541 2439 es-

1959 2480 2155 2543 sentia,
2210 2476 2536 2547 exstititque
2589 2476 2704 2545 ipsa
2746 2490 2843 2546 per
2877 2490 2957 2542 se,
3009 2490 3077 2528 an
3128 2468 3443 2529 non?Nam‘
3494 2475 3540 2528 si

1960 2572 2303 2627 essentialem
2354 2584 2476 2623 esse
2514 2569 2708 2623 dicetis
2754 2576 2810 2622 et
2860 2582 2957 2635 per
2994 2580 3053 2620 se
3084 2567 3381 2633 exstitisse,
3433 2583 3545 2637 quo

1959 2672 2120 2734 pacto
2151 2662 2406 2731 deinceps
2460 2659 2635 2715 Filius
2670 2659 2777 2714 erit
2808 2662 3137 2729 unigenitus,
3170 2675 3290 2713 cum
3331 2660 3442 2729 jam
3473 2660 3544 2713 sit

1963 2756 2154 2811 tertius
2191 2770 2258 2809 ex
2299 2753 2460 2808 Patre
2486 2752 2770 2822 ?Apparet
2803 2752 2946 2805 enim
2983 2752 3330 2821 praecessisse
3374 2752 3545 2822 ipsius

1960 2846 2358 2915 generationem
2416 2843 2745 2899 voluntatem
2796 2843 3088 2912 quamdam
3146 2856 3333 2897 revera
3392 2844 3543 2897 exsi-

1963 2943 2195 2990 stentem
2218 2943 2273 2988 et
2292 2932 2657 3001 vivam,juxta
2675 2939 2910 2986 vestram
2930 2931 3372 3001 pr0positionem.
3388 2932 3545 2997 Quod

1962 3026 2008 3081 si
2054 3040 2184 3079 vero
2230 3025 2334 3078 hoc
2389 3033 2673 3093 negantes,
2727 3038 2833 3077 non
2883 3023 2937 3076 in
2991 3023 3207 3091 propria
3262 3023 3540 3093 hypostasi

1889 3120 1935 3182 C
1966 3118 2265 3171 subsistere
2288 3117 2427 3170 hanc
2452 3115 2784 3169 voluntatem
2807 3115 3026 3179 dabitis,
3054 3128 3227 3183 neque
3251 3117 3544 3169 essentiam

1961 3221 2083 3262 esse
2114 3207 2290 3260 vivam
2339 3215 2505 3276 atque
2559 3206 2937 3270 exsistentem,
2996 3216 3055 3259 ut
3111 3205 3329 3272 Filium,
3366 3207 3550 3275 inepte

1961 3306 2111 3351 certe
2161 3310 2266 3349 non
2330 3296 2524 3366 positis
2578 3296 2785 3351 duabus
2834 3296 3090 3350 essentiis
3134 3295 3546 3350 similitudinem

1959 3386 2225 3454 quaeritis.
2263 3386 2382 3451 Quo
2417 3394 2575 3454 pacto
2618 3384 2763 3439 enim
2809 3384 2862 3438 id
2896 3385 3038 3453 quod
3075 3384 3415 3456 hypostatice
3449 3399 3548 3441 ex-

1960 3476 2125 3541 sistit,
2175 3490 2283 3531 non
2334 3474 2623 3531 exsistenti
2668 3473 2845 3529 simile
2891 3475 2998 3528 dici
3043 3475 3254 3544 possit?
3299 3484 3393 3529 aut
3439 3490 3551 3544 quo

1961 3577 2120 3637 pacto
2149 3568 2199 3622 id
2229 3567 2371 3637 quod
2418 3569 2660 3622 nondum
2710 3566 2776 3621 ad
2809 3580 2931 3621 esse
2978 3567 3301 3637 perductum
3335 3578 3443 3631 est,
3494 3565 3546 3621 ei

1960 3661 2105 3730 quod
2128 3661 2240 3729 jam
2270 3668 2378 3726 est,
2413 3659 2785 3716 similitudinis
2818 3660 3030 3714 ratione
3051 3658 3299 3735 conferri
3330 3662 3549 3731 potest?

2636 3772 2869 3829 ALIUD.

2032 3888 2166 3956 Quis
2195 3889 2339 3942 enim
2374 3900 2523 3942 same
2552 3886 2753 3941 mentis
2793 3899 2899 3940 non
2939 3884 3176 3941 fateatur
3209 3885 3430 3940 animali
3478 3887 3546 3941 ad

1960 3980 2163 4036 animal
2193 3978 2601 4036 similitudinem
2631 3978 2988 4043 intercedere,
3020 3985 3075 4032 et
3096 3992 3201 4032 non
3226 3977 3445 4032 animali
3477 3978 3547 4032 ad

1966 4089 2072 4128 non
2101 4072 2345 4127 animal?
2388 4070 2523 4126 Nam
2558 4084 2679 4139 quae
2714 4069 2914 4125 diversi
2946 4068 3161 4138 generis
3208 4077 3356 4136 sunt,
3390 4079 3447 4124 et
3477 4071 3545 4123 ad

1961 4165 2193 4220 invicem
2238 4163 2431 4229 relata,
2479 4160 2801 4216 naturaliter
2834 4161 3139 4231 dissident,
3192 4174 3352 4215 nemo
3400 4173 3549 4215 recte

1961 4255 2199 4309 sentiens
2227 4253 2369 4308 inter
2400 4266 2459 4307 se
2481 4260 2780 4321 comparet,
2814 4265 2990 4319 neque
3024 4250 3125 4306 ltoc
3154 4250 3254 4314 illi,
3280 4260 3374 4305 aut
3414 4251 3545 4305 illud

1962 4347 2088 4401 huic
2128 4344 2307 4400 simile
2350 4358 2474 4399 esse
2508 4344 2672 4398 dicat.
2704 4341 2907 4407 Veluti,
2937 4344 3167 4410 exempli
3200 4343 3396 4412 gratia,
3431 4352 3541 4398 sta-

276 4428 410 4487 Οἷον
442 4432 573 4503 φέρε
606 4436 814 4487 εἰπεῖν’
837 4432 1156 4505 ’Ἄνθρωπος
1199 4434 1567 4506 προσκείσθω,
1604 4436 1636 4507 ἢ
1670 4437 1854 4510 ἔτερόν

1965 4449 2149 4495 tuatur
2173 4439 2353 4505 homo,
2391 4446 2483 4491 aut
2515 4435 2619 4489 alia
2649 4435 2913 4504 qu:epiam
2946 4435 3247 4489 substantia
3291 4449 3409 4504 quae
3448 4436 3551 4490 sub

275 4541 332 4576 τι
368 4523 475 4576 τῶν
508 4524 677 4577 ὄντων
724 4525 824 4577 ὅσα
866 4525 1054 4578 πίπτει
1092 4524 1229 4594 πρὸς
1258 4525 1352 4578 τὸν
1392 4525 1518 4596 ὅρον
1555 4525 1650 4578 τοῦ
1694 4524 1855 4594 ζώου,

278 4615 485 4670 κείσθω
530 4616 624 4670 καὶ
664 4618 969 4687 ἐπιστήμη,
1022 4618 1141 4689 ἦτοι
1177 4618 1358 4687 σοφία,
1390 4618 1532 4688 λὴτοι
1585 4618 1858 4689 βούλησις,

275 4708 314 4780 ἦ
352 4707 536 4779 ἕτερόν
574 4725 629 4761 τι
668 4707 778 4762 τῶν
831 4709 934 4762 ὃσα
984 4709 1108 4762 καθ⁹
1154 4709 1323 4763 ἑαυτά
1365 4709 1466 4763 οὐκ
1526 4710 1862 4763 ὲνυπόστατα

281 4801 406 4870 μὲν,
451 4800 747 4872 ἐνυπάρχει
793 4800 849 4853 δὲ
892 4802 1041 4870 ὅμως
1082 4801 1190 4855 τῶν
1228 4804 1396 4858 ὄντων
1443 4805 1607 4871 τισὶν,
1650 4802 1863 4875 ἀνθρώ-

262 4909 406 4955 ,ποις
446 4892 605 4963 τυχὸν
660 4892 693 4963 ἢ
750 4892 1022 4961 ἀγγέλοις.
1073 4889 1198 4966 'Ap‘
1230 4890 1358 4961 οὖν,
1404 4896 1578 4961 εἴτις
1619 4898 1712 4950 τὸν
1769 4897 1863 4952 ἄν·

278 4982 499 5053 θρωπον
551 4984 586 5053 ἢ
632 4984 819 5055 ἕτερόν
870 5001 923 5037 τι
981 4983 1119 5049 ζῶον
1159 4988 1224 5057 τῇ
1284 4988 1562 5060 ἐπιστήμῃ
1618 4989 1736 5060 ἦτοι
1792 4991 1859 5059 τῇ

260 5050 449 5149 τσοφίᾳ
481 5075 514 5146 ἢ
560 5050 627 5147 τῇ
678 5050 926 5148 βουλήσει
967 5050 1346 5150 προσεοικέναι
1385 5050 1761 5151 φήσειεν,ὀύκ
1793 5050 1860 5134 ἂν

278 5167 514 5230 εἰκότως
545 5168 758 5239 μωρίας
784 5168 1011 5239 όφλήσοι
1046 5170 1278 5239 γέλωτα,
1306 5171 1379 5225 τὰ
1418 5171 1583 5243 μηδὲν
1611 5170 1862 5243 ἀλλήλοις

279 5260 644 5330 προσεοικότα
680 5261 995 5332 δοκιμάζειν
1023 5280 1083 5317 τε
1114 5263 1207 5318 καὶ
1235 5264 1613 5329 ἀντεξετάζειν
1653 5266 1862 5336 ἐπιχει-

279 5352 425 5423 ρῶν;
477 5352 686 5406 Οὐκοῦν
724 5354 1082 5419 ὲνυπόστατος
1112 5353 1189 5408 ὢν
1230 5357 1260 5408 ό
1290 5356 1416 5421 Υἱὸς
1455 5355 1552 5409 τοῦ
1598 5355 1756 5423 Θεοῦ,
1791 5358 1858 5428 τῇ

275 5444 637 5514 ἀνυποστάτῳ
672 5444 923 5517 βουλήσει
965 5449 1085 5500 κατ’
1111 5447 1265 5500 οὐδὲν
1304 5447 1456 5503 ἔσται
1500 5447 1856 5520 προσεοικώς.

279 5534 354 5589 'II
383 5536 494 5608 γάρ
522 5538 815 5609 ἀποτόμως
848 5540 1097 5612 ἀνόμοιον
1125 5536 1266 5597 εἶναι
1302 5541 1379 5613 τῷ
1414 5542 1588 5611 Πατρὶ
1620 5542 1858 5612 λεγέτω-

350 5718 397 5751 ⁸¹
428 5714 583 5774 Joan.
628 5734 739 5785 xtv,
770 5718 822 5772 6.

1963 4532 2332 4587 deﬁnitionem
2356 4528 2604 4584 animalis
2625 4526 2799 4581 cadit:
2818 4534 3086 4581 statuatur
3107 4527 3271 4581 etiam
3297 4526 3546 4592 scientia,

1964 4623 2051 4678 vel
2084 4622 2373 4693 sapientia,
2423 4620 2510 4675 vel
2538 4618 2807 4683 voluntas,
2854 4617 2940 4673 vel
2990 4618 3137 4672 aliud
3185 4619 3314 4687 quid
3360 4633 3548 4673 eorum

1967 4720 2087 4785 quae
2112 4730 2217 4769 non
2245 4714 2514 4769 exsistunt
2545 4726 2641 4782 per
2676 4725 2754 4778 se,
2782 4712 2962 4764 insunt
2991 4719 3168 4764 tamen
3196 4710 3339 4775 aliis,
3368 4710 3547 4765 homi-

1970 4806 2130 4863 nibus
2156 4807 2410 4862 nimirum
2438 4805 2521 4858 vel
2554 4803 2779 4873 angelis.
2804 4801 2859 4856 Si
2896 4802 3019 4871 quis
3050 4802 3213 4871 igitur
3240 4802 3550 4865 hominem,

1971 4910 2064 4955 aut
2084 4900 2226 4954 aliud
2251 4899 2469 4969 aliquod
2493 4895 2697 4952 animal
2722 4895 2983 4960 scientiae,
3006 4903 3099 4949 aut
3121 4894 3428 4964 sapientize,
3454 4902 3548 4948 aut

1969 4991 2231 5046 voluntati
2272 4989 2450 5045 simile
2470 5002 2592 5043 esse
2619 4987 2843 5049 dixerit,
2871 5000 3050 5041 nonne
3073 4986 3272 5041 merito
3299 4985 3551 5040 stultitiae

1968 5084 2186 5138 nomine
2215 5080 2494 5137 rideatur?
2525 5079 2724 5150 quippe
2757 5078 2851 5148 qui
2876 5093 2937 5133 ea
2966 5078 3161 5147 quibus
3193 5077 3337 5132 nulla
3379 5078 3551 5132 inter-

1964 5175 2108 5229 cedit
2140 5173 2537 5239 convenientia,
2584 5184 2903 5241 comparare
2933 5179 3097 5240 atque
3125 5168 3379 5224 conferre
3407 5168 3550 5224 inter

1964 5282 2024 5323 se
2078 5266 2227 5321 velit.
2284 5264 2451 5320 Filius
2513 5264 2694 5335 itaque
2735 5264 2825 5319 Dei
2883 5261 3216 5333 bypostatice
3257 5261 3549 5328 exsistens,

1964 5355 2225 5412 voluntati
2268 5354 2605 5425 bypostatice
2647 5368 2751 5409 non
2793 5353 3075 5407 exsistenti
3110 5350 3254 5405 nulla
3296 5366 3359 5405 ex
3396 5360 3549 5419 parte

1966 5448 2164 5505 similis
2202 5456 2308 5503 est.
2349 5446 2456 5501 Aut
2498 5446 2642 5501 enim
2693 5444 2856 5515 plane
2886 5442 3201 5499 dissimilem
3242 5441 3386 5496 Patri
3428 5455 3548 5496 esse

1968 5539 2173 5605 dicant,
2216 5547 2271 5594 et
2325 5546 2513 5608 aperte
2557 5535 2995 5606 blasphemantes
3034 5533 3342 5590 detestandi
3387 5532 3543 5589 sint:
