3876 6208
320 374 424 432 ωδ

1316 372 1377 427 S.
1420 369 1705 427 CYRlLLl
1743 366 2227 426 ALEXANDRINI
2261 366 2595 425 ARCHIEP.

3494 367 3603 425 1οι

320 504 417 550 aut
465 490 508 547 si
560 488 877 544 necessario
925 486 1338 543 similitudinem
1384 503 1507 544 cum
1561 489 1721 545 Patre
1774 489 1890 544 Filii

2015 504 2135 555 σαν,
2189 488 2282 541 καὶ
2338 486 2590 560 φανερῶς
2647 484 3060 559 δυσφημοῦντες
3106 486 3500 558 μωείάθωσαν·
3562 490 3601 560 ἢ

320 587 565 643 tribuere
617 581 838 645 debent,
875 581 1245 635 necessarium
1292 583 1453 635 etiam
1487 584 1709 637 omnino
1744 582 1906 636 fuerit

320 695 426 734 non
446 694 568 735 esse
591 678 859 733 voluntati
882 676 1139 742 similem,
1163 678 1273 748 62
1300 678 1396 732 sed
1417 675 1684 732 Genltori.
1711 675 1906 731 Osten-

317 785 435 825 sum
468 770 612 825 enim
648 780 733 825 est
764 768 909 840 quod
938 769 1005 823 iis
1037 784 1158 839 qua:
1190 770 1246 823 in
1280 770 1520 824 essentia
1550 777 1605 822 et
1633 770 1903 839 hypostasi

316 863 610 926 exsistunt,
634 862 700 916 ad
726 877 789 916 ea
815 876 934 931 qua:
960 861 1272 915 essentialia
1303 870 1358 915 et
1395 860 1731 932 hypoﬂatica
1758 870 1903 926 sunt,

317 954 615 1009 similitudo
667 955 781 1009 haec
826 964 1112 1020 servatur;
1156 969 1266 1008 non
1301 952 1369 1007 ad
1405 967 1467 1007 ea
1508 968 1629 1024 quae
1678 954 1905 1009 alterius

317 1055 447 1097 sunt
477 1045 716 1114 generis,
745 1054 799 1098 et
830 1044 883 1098 in
920 1044 1043 1098 aliis
1079 1059 1237 1099 suum
1270 1057 1392 1099 esse
1425 1043 1629 1098 habent
1662 1062 1676 1098 :
1714 1057 1905 1113 quem-

315 1134 606 1189 admodum
657 1135 924 1204 sapientia
972 1134 1025 1188 in
1074 1135 1340 1203 sapiente,
1387 1145 1443 1189 et
1488 1133 1740 1191 voluntas
1789 1136 1904 1191 sive

311 1226 598 1281 consilium
632 1226 684 1280 in
718 1226 934 1282 volente
966 1225 1048 1280 vel
1075 1225 1445 1281 consultante.

524 1336 758 1404 ALIUD,
784 1353 875 1406 per
898 1338 1251 1392 reductionem
1280 1339 1350 1393 ad
1377 1338 1685 1393 absurdum.

383 1450 439 1505 Si
496 1450 760 1504 voluntati
796 1448 977 1505 Patris
1024 1450 1219 1505 similis
1265 1452 1557 1517 exsistens,
1596 1467 1664 1507 ex
1717 1462 1897 1508 vestra

310 1545 601 1605 sententia,
636 1541 807 1597 Filius
829 1544 1107 1598 dissimilis
1135 1554 1217 1598 est
1245 1545 1491 1613 genitori,
1524 1547 1891 1601 necessarium

310 1636 532 1692 omnino
568 1635 756 1701 fuerit,
790 1650 964 1706 neque
999 1636 1330 1690 voluntatem
1365 1636 1598 1692 similem
1635 1653 1759 1693 esse
1793 1640 1903 1694 Deo

310 1742 376 1782 ac
408 1727 586 1792 Patri;
619 1728 771 1797 cujus
802 1730 1112 1791 character,
1145 1743 1266 1780 cum
1293 1728 1364 1782 sit
1396 1726 1586 1793 Filius,
1620 1729 1903 1785 dissimilis

2011 579 2172 651 εἴπερ
2203 580 2418 650 ἀνάγκη
2445 581 2545 651 τὴν
2568 579 2861 650 ὁμοιότητα
2885 579 3068 634 δοῦναι
3100 578 3178 651 τῷ
3204 579 3318 651 Υίῷ
3341 581 3479 653 πρὸς
3507 580 3602 635 τὸν

2012 673 2254 743 Πατέρα,
2289 674 2503 743 ἀνάγκη
2549 671 2615 743 δὴ
2649 674 2799 726 πᾶσα
2833 673 2909 733 ὡς
2937 675 3038 726 οὐκ
3078 673 3233 728 ἔσται
3263 674 3361 742 τῆς
3399 673 3600 745 βουλή-

2015 780 2152 827 σεως
2196 764 2400 833 ὅμοιος,
2450 763 2589 817 ἀλλά
2646 764 2849 834 μᾶλλον
2897 763 2993 818 τοῦ
3032 765 3442 836 γεγεννηκότος.
3492 765 3599 817 Δέ-

2012 854 2219 908 δεικται
2246 856 2352 927 γὰρ
2390 856 2472 909 ὅτι
2507 858 2620 918 τοῖς
2649 858 2706 908 ὲν
2731 857 2888 927 οὐσίᾳ⁵
2917 858 3011 909 καί⁸
3040 856 3335 911 ὑποστάσει
3362 857 3498 928 πρὸς
3527 856 3600 910 τά

2012 946 2229 1001 ἐνούσιά
2253 963 2311 999 τε
2340 947 2433 1000 καὶ
2468 946 2811 1001 ἐνυπόστατα
2846 949 2877 1017 ή
2914 948 3168 1019 ὁμοιότης
3195 951 3227 1017 ἡ
3269 948 3411 1002 κατὰ
3437 946 3599 1001 τοῦτο

2015 1036 2264 1105 σώζεται,
2289 1038 2350 1091 οὐ
2379 1037 2513 1109 πρὸς
2533 1038 2601 1091 τά
2624 1039 2931 1109 ἑτερογενῆ,
2962 1040 3059 1093 καὶ
3085 1040 3144 1093 ἐν
3166 1038 3375 1110 ἑτέροις
3401 1036 3597 1110 ἔχοντα

2009 1130 2071 1184 τὸ
2100 1127 2258 1195 εἶναι,
2292 1130 2481 1201 ὥσπερ
2524 1132 2556 1200 ή
2607 1130 2769 1199 σοφία
2811 1131 2973 1203 τυχὸν
3001 1134 3059 1186 ὲν
3084 1131 3162 1203 τῷ
3209 1130 3377 1203 σοφῷ,
3422 1132 3519 1185 καὶ
3556 1132 3593 1201 ἡ

2012 1222 2266 1296 βούλησις
2297 1226 2354 1278 ὲν
2380 1224 2458 1297 τῷ
2489 1225 2881 1297 βουλευομένῳ.

2184 1339 2389 1405 ΑΛΛΟ,
2420 1339 2518 1393 διὰ
2554 1338 2665 1408 τῆς
2697 1341 2783 1406 εὶς
2810 1340 3039 1394 ἄτοπον
3067 1337 3406 1410 ἀπαγωγῆς.

2078 1448 2141 1504 El
2162 1452 2261 1522 τῆς
2283 1450 2587 1523 βουλήσεως
2606 1451 2700 1506 τοῦ
2728 1452 2842 1505 Πατ
2852 1452 2940 1524 ρὸς
2959 1453 3142 1523 ὅμοιος
3167 1452 3263 1518 ὢν,
3282 1450 3401 1505 καθ’
3422 1450 3586 1523 ὑμᾶς,

2004 1543 2033 1597 6
2061 1541 2189 1607 Υἱὸς
2226 1543 2477 1607 ἀνόμοιός
2505 1545 2621 1597 ἐστι
2658 1543 2736 1615 τῷ
2783 1545 3153 1615 γεγεννηκότι,
3192 1544 3405 1614 ἀνάγκη
3438 1545 3589 1596 πᾶσα

2003 1635 2104 1704 τὴν
2133 1634 2387 1706 βούλησιν
2423 1637 2575 1690 οὐδὲν
2616 1638 2992 1709 προσεοικέναι
3032 1637 3111 1708 τῷ
3142 1636 3261 1707 Θεῷ
3290 1638 3384 1691 καὶ
3410 1636 3589 1706 Πατρὶ

2003 1727 2204 1797 λέγειν,
2232 1722 2300 1799 ἦς
2326 1728 2615 1800 χαρακτὴρ
2648 1716 2907 1799 ὑπάρχων
2933 1731 2961 1782 ὁ
2984 1729 3129 1792 Υἱὸς,
3163 1729 3409 1799 ἀνόμοιός
3443 1729 3584 1789 ἐστι,

308 1829 413 1883 est,
453 1821 753 1874 secundum
788 1835 906 1882 vos.
940 1818 1110 1874 Patri.
1146 1820 1263 1874 Erit
1304 1820 1488 1890 itaque
1512 1821 1678 1875 etiam
1713 1822 1890 1877 volun-

2002 1819 2122 1872 καθ’
2164 1820 2329 1889 ὑμᾶς,
2380 1818 2458 1890 τῷ
2503 1821 2697 1892 Πατρί.
2737 1822 2931 1876 Ἔσται
2961 1817 3055 1874 οῦν
3090 1821 3185 1874 κα)⁸
3216 1821 3283 1891 τῇ
3332 1820 3587 1890 βουλήσει

311 1923 422 1967 tate
455 1928 549 1966 sua
599 1912 881 1967 dissimilis
926 1910 1107 1966 Pater.
1165 1912 1288 1967 Ilaec
1332 1913 1478 1968 enim
1529 1913 1779 1983 impietas
1827 1931 1894 1969 ex

310 2005 454 2058 dicto
480 2013 661 2057 vestro
702 2004 969 2072 sequitur.
1006 2005 1074 2057 At
1111 2006 1155 2058 si
1186 2004 1521 2060 voluntatem
1556 2006 1757 2075 aliquid
1797 2006 1897 2078 hy-

309 2097 578 2163 postatice
609 2098 881 2150 exsistens
915 2110 1037 2151 esse
1074 2096 1289 2161 dicetis,
1318 2098 1425 2151 erit
1469 2098 1656 2167 utique
1708 2099 1759 2151 iu
1812 2112 1899 2152 es-

307 2189 482 2243 sentia
526 2187 617 2242 Dei
651 2188 856 2259 aliquid
897 2190 997 2257 ipsi
1048 2188 1331 2244 dissimile.
1380 2188 1516 2243 Nam
1571 2191 1734 2245 etiam
1796 2192 1899 2245 hoc

310 2279 447 2332 ratio
475 2295 569 2333 vos
600 2279 848 2334 coutiteri
873 2289 1051 2349 coget.
1080 2281 1349 2335 Caeterum
1383 2282 1471 2336 hic
1492 2283 1782 2353 quaerenda
1807 2293 1896 2337 est

308 2374 449 2425 ratio
493 2372 953 2426 dissimilitudinis
996 2388 1117 2442 quae
1151 2372 1416 2427 voluntati
1454 2375 1742 2429 intercedit
1774 2390 1895 2430 cum

307 2463 488 2519 Patre.
532 2464 587 2519 Si
627 2466 768 2518 enim
814 2481 877 2517 ca
923 2464 1133 2518 ratione
1175 2464 1456 2519 dissimilis
1497 2474 1580 2519 est
1625 2467 1767 2535 quod
1830 2482 1894 2522 ex

306 2557 485 2625 aliqua
532 2565 685 2625 parte
734 2557 804 2609 sit
850 2556 1027 2610 minor
1087 2569 1152 2610 eo
1221 2556 1274 2609 id
1326 2557 1471 2625 quod
1522 2557 1787 2625 processit
1828 2572 1893 2611 ex

314 2648 612 2703 substantia
647 2646 845 2710 Patris,
878 2648 982 2700 erit
1025 2646 1181 2716 pejus
1223 2661 1284 2701 se
1331 2662 1395 2702 ac
1439 2649 1621 2703 minus
1667 2666 1681 2701 :
1717 2664 1892 2717 neque

304 2742 451 2795 enim
482 2740 826 2793 extrinsecus
865 2740 1031 2793 aseita
1069 2752 1153 2792 est
1204 2740 1475 2801 voluntas,
1514 2741 1608 2794 sed
1657 2756 1721 2795 ex
1775 2741 1892 2810 ipso

304 2842 360 2885 et
384 2832 436 2883 in
466 2832 600 2899 ipso.
631 2830 821 2899 Pejora
850 2841 1028 2884 autem
1052 2846 1117 2884 ex
1143 2846 1200 2885 se
1231 2832 1471 2898 gignere.
1499 2849 1563 2885 ne
1587 2834 1651 2887 iis
1674 2834 1891 2894 quidem

305 2924 396 2991 qui
418 2938 654 2978 creatam
677 2926 873 2977 hztltettl
898 2939 1172 2988 naturam,
1207 2925 1458 2978 accidere
1484 2936 1677 2995 potest.
1710 2925 1894 2995 Neque

304 3015 451 3069 enim
491 3015 652 3068 homo
687 3015 831 3069 aliud
864 3016 991 3084 quid
1027 3017 1302 3070 diversum
1339 3032 1369 3071 a
1393 3032 1452 3072 se
1480 3021 1761 3088 generabit
1794 3037 1808 3074 :
1838 3029 1896 3072 ut

307 3122 408 3161 nec
436 3108 581 3161 aliud
609 3107 838 3175 quodvis
862 3109 1178 3163 animalium
1219 3109 1427 3164 ratione
1460 3113 1783 3165 carentium.
1835 3111 1893 3166 Si

304 3212 461 3264 vero,
494 3198 637 3267 quod
670 3198 824 3253 nel'as
857 3198 1001 3251 dictu
1029 3209 1133 3267 est,
1164 3200 1340 3255 Patris
1369 3205 1615 3256 voluntas
1641 3216 1708 3257 eo
1739 3204 1891 3258 adui-
1921 3186 1965 3242 (ἶ

305 3300 427 3346 lens
456 3300 514 3344 ut
563 3290 736 3359 majus
778 3290 980 3358 aliquid
1040 3292 1257 3357 habeat,
1303 3293 1623 3347 dissimilem
1681 3310 1741 3349 se
1791 3295 1892 3351 sibi

304 3383 456 3447 facit,
486 3392 672 3452 utpote
704 3380 815 3449 jam
855 3384 1035 3437 minor
1075 3400 1139 3437 ac
1191 3384 1342 3455 pejor
1375 3400 1435 3438 se
1484 3387 1746 3453 redditus,
1789 3405 1897 3458 quo

301 3482 466 3544 pacto
502 3488 609 3527 non
664 3473 887 3541 impium
939 3475 1102 3529 fuerit
1136 3476 1281 3530 dictu
1314 3477 1517 3545 aliquid
1561 3493 1682 3532 esse
1725 3481 1897 3550 majus

300 3574 357 3617 et
389 3563 580 3619 melius
614 3564 815 3619 Patre?
860 3564 916 3620 Si
962 3581 1093 3621 vero
1146 3583 1322 3637 neque
1366 3570 1490 3633 hoc,
1542 3585 1717 3639 neque
1766 3572 1893 3626 illud

301 3657 631 3719 concedetis,
671 3665 726 3711 et
758 3655 1091 3711 voluntatem
1124 3674 1230 3713 non
1278 3675 1374 3728 per
1405 3676 1464 3716 se
1511 3662 1893 3718 subsistentem

301 3760 423 3800 esse
452 3746 647 3802 dicetis
677 3755 841 3815 atque
870 3748 944 3800 ita
985 3756 1045 3802 ut
1091 3749 1143 3802 in
1190 3750 1346 3805 nobis
1390 3751 1740 3817 intellectam,
1789 3771 1895 3825 quo

303 3846 460 3905 pacto
489 3840 651 3892 etiam
688 3838 816 3893 hinc
849 3841 1103 3895 Statuetis
1137 3841 1457 3896 dissimilem
1487 3860 1609 3898 esse
1642 3846 1892 3900 volunta-

304 3941 411 3983 tem
437 3928 582 3984 Patri
606 3930 629 3983 ?
653 3927 786 3983 Nam
828 3931 872 3984 si
907 3932 977 3984 ita
1009 3941 1115 3995 est,
1155 3932 1427 3986 videbitur
1462 3933 1621 3988 Pater
1663 3935 1894 3992 voluisse

301 4034 421 4090 quae
454 4022 555 4077 sibi
584 4023 809 4078 minime
833 4023 1168 4079 conveniunt
1199 4040 1212 4079 :
1246 4026 1397 4094 quod
1424 4025 1507 4082 vel
1537 4026 1651 4082 sola
1686 4030 1892 4099 cogita-

303 4116 451 4169 tione
476 4113 770 4169 absurdum
802 4124 905 4170 est.

987 4206 1217 4264 ALIUD.

376 4323 535 4378 Ratio
567 4324 678 4393 ipsa
706 4338 803 4379 vos
823 4332 982 4392 coget
1014 4332 1073 4377 ut
1100 4326 1263 4379 etiam
1297 4324 1452 4380 inviti
1478 4325 1614 4382 Filio
1646 4327 1891 4383 similitu-

299 4416 481 4470 dinem
510 4431 631 4469 cum
671 4414 834 4469 Patre
876 4416 1146 4472 tribuatis.
1173 4418 1610 4473 Demonstratum
1636 4421 1779 4474 enim
1807 4430 1891 4475 est

1998 1914 2065 1982 τῇ
2097 1911 2292 1965 ἑαυτοῦ
2323 1912 2576 1981 ἀνόμοιος
2608 1915 2636 1965 6
2666 1915 2878 1985 Πατήρ.
2928 1914 3099 1968 Τοῦτο
3126 1915 3235 1984 γὰρ
3264 1915 3327 1965 ὲκ
3362 1913 3454 1965 τοῦ
3493 1912 3583 1965 λόι

2001 2021 2098 2073 γου
2132 2004 2426 2071 συνάγεται
2468 2005 2527 2056 τὸ
2573 2005 2847 2076 ἀσέϐημα.
2886 2006 2995 2057 Καὶ
3026 2007 3074 2058 εί
3119 1990 3482 2058 ἑνυπόστατόν
3532 2020 3585 2057 τι

1999 2095 2097 2166 τὴν
2127 2095 2381 2165 βούλησιν
2408 2093 2545 2150 εἷναί
2578 2114 2736 2165 φατε,
2762 2097 2875 2150 ἐστι
2903 2115 2956 2150 τι
2989 2097 3207 2160 πάντως
3242 2099 3297 2150 ὲν
3326 2099 3391 2167 τῇ
3426 2096 3586 2165 οὐσίᾳ

2000 2189 2094 2243 τοῦ
2117 2188 2253 2243 Θεοῦ
2285 2190 2345 2241 τὸ
2382 2188 2635 2259 ἀνόμοιον
2662 2190 2847 2243 αὑτοῦ.
2886 2189 2999 2242 Καὶ
3027 2187 3185 2242 τοῦτο
3216 2189 3323 2256 γάρ
3358 2190 3385 2239 6
3428 2186 3585 2255 λόγος

2002 2282 2429 2351 προσομολογεῖν
2471 2281 2615 2351 ὑμᾶς
2648 2282 2968 2350 ἀναγκάσει.
3019 2281 3157 2334 Ἀλλ’
3192 2281 3379 2334 ἐνθάδε
3419 2278 3584 2350 ζητη-

2001 2373 2123 2426 τέον
2169 2372 2270 2442 τῆς
2302 2374 2687 2442 ἀνομοιότητος
2736 2373 2827 2426 τὸν
2868 2374 3089 2445 τρόπον,
3140 2373 3207 2445 ἦν
3245 2376 3280 2444 ή
3332 2372 3584 2443 βούλησις

2003 2464 2117 2535 ἔχει
2151 2464 2288 2534 πρὸς
2309 2464 2399 2516 τὸν
2430 2463 2664 2533 Πατέρα.
2705 2462 2763 2515 Εἰ
2787 2464 2885 2533 μὲν
2911 2464 3019 2535 γὰρ
3045 2464 3121 2527 ὡς
3154 2465 3389 2518 ἐλάττων
3417 2463 3580 2516 αὑτοῦ

2002 2556 2146 2609 κατά
2182 2572 2236 2608 τι
2265 2556 2626 2625 τυγχάνουσα,
2665 2554 2762 2626 τὴν
2791 2557 3081 2626 ὁμοιότητα
3112 2558 3212 2628 τὴν
3255 2556 3388 2626 πρὸς
3422 2555 3585 2609 αὐτὸν

1998 2646 2099 2698 οὐκ
2132 2644 2266 2714 ἔχει,
2294 2644 2355 2697 τὸ
2384 2645 2749 2714 προεληλυθὸς
2782 2648 2847 2698 ἐκ
2873 2648 2970 2717 τῆς
3001 2648 3190 2709 οὐσίας
3218 2646 3311 2700 τοῦ
3347 2646 3579 2718 Πατρὸς,

1996 2740 2180 2808 χεῖρον
2232 2736 2394 2791 αὑτοῦ
2451 2737 2545 2790 καὶ
2602 2736 2853 2790 ἐλάττον’
2904 2738 2966 2791 οὐ
3022 2739 3133 2808 γὰρ
3186 2738 3402 2803 ἔξωθεν,
3459 2740 3582 2791 οὐδὲ

1999 2829 2322 2882 ἐπείσακτον
2368 2830 2400 2899 ή
2452 2826 2727 2897 βούλησις,
2757 2829 2869 2881 ἀλλ’
2908 2829 2966 2893 ἐξ
2995 2829 3161 2882 αὐτοῦ
3191 2831 3286 2884 καὶ
3322 2833 3378 2882 ὲν
3410 2830 3578 2898 αὐτῷ.

2000 2923 2075 2975 Τὸ
2107 2923 2163 2975 δὲ
2192 2924 2410 2993 χείρονα
2438 2923 2667 2985 τίκτειν,
2708 2922 2828 2975 οὐδὲ
2861 2926 2972 2986 τοῖς
3002 2922 3236 2995 γενητὴν
3271 2923 3452 2993 ἔχουσι
3480 2925 3583 2993 τὴν

2002 3016 2163 3086 φύσιν
2193 3012 2299 3069 οἶδε
2332 3016 2668 3085 συμόαίνειν.
2699 3016 2831 3069 Οὐδὲ
2860 3016 2966 3086 γὰρ
2998 3015 3283 3086 ἄνθρωπος
3309 3017 3496 3078 ’ἐτερόν
3527 3033 3583 3071 τι

2002 3111 2254 3181 γεννήσει
2284 3112 2413 3180 παρ’
2439 3112 2575 3180 ὅπερ
2596 3110 2742 3161 ἐστὶν
2774 3109 2937 3173 αὑτός
2959 3124 2970 3137 ·
3004 3109 3120 3161 ἀλλ’
3152 3109 3273 3162 οὐδὲ
3303 3110 3486 3179 ἕτερόν
3524 3126 3581 3163 τι

1999 3202 2108 3255 τῶν
2137 3203 2346 3271 ἀλόγων
2381 3200 2555 3266 ζώων.
2612 3204 2675 3255 El
2721 3202 2799 3264 δὲ,
2847 3203 2985 3272 ὅπερ
3018 3202 3079 3254 οὐ
3125 3202 3342 3271 θεμιτὸν
3379 3202 3580 3271 λέγειν,

2000 3296 2095 3349 ἐπὶ
2124 3295 2184 3349 τὸ
2222 3297 2404 3365 μεῖζον
2433 3296 2578 3366 ἔχειν
2614 3314 2667 3348 τι
2696 3296 2981 3366 δραμοῦσα
3015 3294 3109 3347 τοῦ
3144 3296 3353 3365 Πατρὺς
3394 3298 3426 3365 ἠ
3458 3296 3583 3366 βού-

1999 3389 2154 3459 λησις
2176 3388 2339 3441 αὑτοῦ
2365 3389 2461 3459 τὴν
2497 3387 2633 3459 πρὸς
2676 3388 2836 3442 αὑτὸν
2869 3388 3229 3460 ἀνομοιότητα
3257 3387 3394 3441 κατά
3425 3387 3584 3442 τοῦτο

2000 3485 2176 3551 φορεῖ,
2220 3482 2295 3543 ὡς
2328 3482 2463 3552 πρὸς
2514 3481 2771 3535 ἐλάττονα
2822 3481 2854 3551 ἢ
2903 3481 3043 3535 κατά
3085 3498 3137 3534 τι
3178 3481 3415 3552 χείρονα,
3463 3482 3583 3544 πῶς

1997 3574 2098 3625 οὐκ
2127 3572 2321 3634 ἀσεϐὲς
2354 3571 2537 3640 μεῖζόν
2576 3587 2628 3624 τι
2660 3570 2753 3623 καὶ
2784 3574 3030 3643 κρεῖττον
3072 3570 3165 3624 τοῦ
3201 3570 3409 3642 Πατρὸς
3439 3568 3580 3624 εἶναι

1997 3662 2213 3731 λέγειν;
2245 3663 2307 3715 Εἰ
2353 3663 2408 3714 δὲ
2446 3664 2583 3733 μήτε
2619 3662 2777 3715 τοῦτο
2809 3661 3030 3728 δώσετε,
3081 3665 3216 3735 μήτε
3251 3666 3446 3728 ἐκεῖνο,
3493 3666 3583 3717 ἀν-

1998 3756 2295 3809 υπόστατόν
2342 3772 2403 3807 τε
2455 3756 2552 3825 τὴν
2587 3754 2841 3824 βούλησιν
2880 3751 3018 3808 εἶναι
3070 3755 3433 3826 ὁμολογήσετε
3483 3761 3581 3811 καὶ

1996 3847 2140 3901 οὕτω
2192 3847 2487 3916 νοουμένην
2539 3845 2728 3916 ὥσπερ
2778 3845 2863 3914 ἐφ’
2901 3846 3080 3917 ἡμῶν,
3129 3847 3244 3911 πῶς
3299 3848 3577 3902 κάνταῦθα

1995 3941 2191 4012 θήσετε
2218 3940 2469 4009 ἀνόμοιον
2489 3934 2627 3993 εἶναι
2650 3939 2749 4009 τὴν
2778 3937 3031 4010 βούλησιν
3051 3939 3127 4010 τῷ
3149 3942 3324 4011 Πατρί
3345 3959 3358 4006 ;
3383 3942 3576 3996 Ἔσται

1995 4036 2126 4105 γὰρ,
2160 4034 2227 4088 ἂν
2269 4031 2439 4095 οὕτως
2478 4032 2597 4103 ἔχῃ,
2639 4030 2707 4084 τά
2744 4030 2921 4102 ἑαυτῷ
2957 4032 3032 4103 μὴ
3072 4033 3347 4103 πρέποντα
3384 4034 3574 4105 βουλη-

1994 4126 2108 4187 θείς
2131 4144 2144 4156 ·
2180 4128 2316 4195 ὅπερ
2343 4124 2460 4178 ἐστὶ
2490 4122 2584 4178 καὶ
2613 4122 2774 4193 μόνον
2803 4124 3005 4176 ἐννοεῖν
3044 4124 3411 4181 ἀτοπώτατον.

2690 4212 2899 4265 ΑΛΛΟ.

2075 4327 2133 4379 '0
2163 4326 2318 4392 λόγος
2360 4324 2660 4391 ἀναγκάσει
2706 4325 2801 4376 καὶ
2830 4323 3061 4386 ἄκοντας
3093 4325 3238 4393 ὑμᾶς
3281 4323 3462 4379 δοῦναι
3494 4323 3575 4395 τῷ

1994 4419 2105 4489 Υἱῷ
2134 4419 2231 4489 τὴν
2269 4417 2562 4486 ὁμοιότητα
2605 4415 2705 4486 τὴν
2742 4416 2877 4486 πρὸς
2918 4415 3010 4468 τὸν
3041 4416 3279 4487 Πατέρα.
3328 4416 3569 4489 Ἐδείχθη

299 4507 751 4560 absurdissimum
784 4521 926 4572 esse,
976 4507 1019 4561 si
1053 4510 1175 4576 quis
1220 4510 1407 4564 credat
1448 4509 1617 4564 Deum
1652 4511 1887 4568 voluisse

2002 4511 2097 4580 γὰρ
2127 4508 2247 4561 λίαν
2276 4509 2623 4560 ἀτοπώτατον
2650 4505 2709 4559 ὃν
2741 4507 2800 4558 τὸ
2834 4504 3126 4570 πιστεύειν,
3176 4506 3245 4559 τὰ
3295 4508 3370 4577 μὴ
3421 4507 3572 4577 αὐτῷ

300 4615 366 4652 ca
392 4614 513 4667 qua:
546 4598 648 4652 sibi
689 4612 1029 4669 nequaquam
1074 4601 1425 4666 conveniunt,
1470 4604 1541 4656 ita
1579 4613 1638 4656 ut
1666 4618 1886 4660 necesse

2002 4599 2271 4671 πρέποντα
2303 4596 2660 4666 βεϐουλῆσθαι
2687 4594 2841 4658 Θεὸν,
2869 4596 2946 4659 ὡς
2985 4598 3230 4667 ἀνάγκην
3269 4594 3407 4650 εἶναι
3458 4601 3571 4651 πᾶ.-

297 4692 524 4745 onmino
557 4691 629 4744 sit
672 4691 1004 4747 voluntatem
1042 4707 1193 4745 suam
1236 4693 1468 4749 similem
1506 4693 1607 4749 sibi
1650 4709 1794 4753 esse.
1825 4694 1882 4751 Si

296 4802 431 4854 ergo
460 4784 707 4837 voluntas
740 4784 932 4837 similis
961 4793 1046 4838 est
1081 4785 1249 4851 Patri,
1285 4785 1453 4840 Filius
1482 4797 1663 4842 autem
1695 4788 1885 4842 volun-

299 4880 398 4933 tati
433 4896 447 4931 :
480 4878 911 4932 eritnecessario
938 4878 1132 4931 tertius
1156 4879 1351 4932 similis
1380 4880 1573 4949 primo.
1607 4879 1741 4933 Nam
1760 4895 1883 4950 qua:

299 4971 354 5024 in
375 4971 551 5024 medio
568 4970 740 5040 posita
755 4979 833 5024 est
852 4969 1119 5033 voluntas,
1134 4970 1243 5041 63
1257 4969 1556 5025 naturalem
1569 4970 1881 5025 similitudi-

301 5076 425 5116 nem
452 5061 569 5130 ejus
598 5064 689 5130 qui
710 5076 830 5117 eam
857 5062 1023 5131 gignit
1048 5064 1383 5132 exprimens,
1409 5062 1555 5116 dedit
1578 5077 1697 5116 eam
1725 5060 1879 5127 Filio,

296 5150 450 5219 juxta
478 5164 713 5208 vestram
738 5153 1065 5208 sententiam
1092 5168 1107 5206 :
1137 5156 1238 5208 hac
1262 5153 1427 5224 igitur
1448 5155 1657 5209 ratione
1684 5154 1878 5209 similis

302 5243 448 5298 Patri
470 5244 661 5310 Filius,
685 5246 851 5300 etiam
880 5244 1191 5301 nolentibus
1216 5245 1389 5309 vobis,
1424 5246 1878 5315 deprehendetur.

299 5339 436 5393 Cum
468 5352 596 5393 vero
636 5337 941 5392 intermedii
976 5336 1109 5391 nihil
1142 5340 1214 5392 sit
1258 5337 1400 5392 inter
1439 5336 1650 5391 Patrem
1691 5350 1745 5392 et
1786 5337 1878 5391 Fi—

306 5432 452 5496 tium,
494 5430 733 5486 cessabit
771 5431 993 5485 omnino
1024 5439 1081 5483 et
1114 5444 1511 5500 supervacanea
1550 5429 1658 5482 crit
1702 5438 1877 5482 vestra

298 5524 366 5577 de
394 5522 680 5579 uoluntate
719 5524 857 5577 ratio
896 5541 909 5577 :
964 5522 1216 5590 nulloque
1262 5521 1655 5575 interveniente
1708 5518 1878 5575 Filius

296 5615 406 5672 erit
435 5615 749 5672 immediate
776 5617 1070 5670 secundum
1103 5624 1354 5669 naturam
1385 5613 1578 5668 similis
1610 5613 1778 5667 Patri.

961 5727 1188 5783 ALIUD.

369 5824 618 5883 Christus
648 5827 698 5882 in
731 5825 1009 5895 Scriptura
1045 5831 1265 5878 vocatur
1314 5820 1549 5891 potentia
1578 5828 1630 5874 et
1664 5818 1875 5889 sapien-

1993 4712 2092 4747 aav
2136 4694 2376 4745 ἐοικυῖαν
2414 4691 2564 4762 αὐτῷ
2609 4690 2707 4763 τὴν
2757 4691 3011 4761 βούλησιν
3061 4692 3227 4747 αὑτοῦ
3273 4694 3466 4762 λέγειν.
3506 4697 3571 4750 Εἰ

1988 4785 2168 4839 τοίνυν
2197 4787 2230 4853 ή
2276 4783 2373 4852 μὲν
2417 4781 2669 4852 βούλησις
2698 4781 2840 4836 ἔοικε
2868 4783 2944 4852 τῷ
2981 4784 3176 4855 Πατρὶ,
3206 4786 3234 4836 6
3265 4786 3319 4837 δὲ
3348 4786 3473 4849 Υἱὸς
3500 4790 3567 4857 τῇ

1991 4875 2264 4946 βουλήσει,
2294 4874 2447 4927 ἐσται
2474 4875 2686 4938 πάντως
2716 4877 2745 4928 6
2770 4874 2953 4945 τρίτος
2984 4876 3060 4944 τῷ
3092 4876 3293 4947 πρώτῳ
3322 4894 3571 4949 προσεοι-

1987 4965 2118 5029 κώς.
2169 4965 2234 5018 Ἦ
2266 4964 2373 5035 γάρ
2401 4966 2461 5017 ὲν
2487 4963 2567 5034 τῷ
2607 4965 2757 5035 μέσῳ
2786 4966 3012 5036 κειμένη
3045 4966 3318 5038 βούλησις,
3351 4970 3448 5038 τὴν
3471 4968 3569 5022 τοῦ

1986 5057 2241 5120 τεκόντος
2295 5056 2459 5110 αὑτὸν
2512 5056 2751 5126 φυσικὴν
2798 5059 3098 5128 ἐμφέρειαν
3143 5059 3567 5131 ἀναμαξαμένη,

1986 5150 2217 5203 δέδωκεν
2261 5148 2435 5219 αὐτὴν
2488 5148 2567 5217 τῷ
2607 5148 2740 5219 rte,
2790 5149 2911 5203 καθ’
2947 5151 3117 5219 ὑμᾶς·
3166 5150 3308 5203 οὕτω
3345 5152 3442 5220 μὲν
3473 5147 3569 5205 σῦν

1984 5241 2063 5313 τῷ
2093 5242 2270 5312 Πατρὶ
2317 5239 2672 5311 προσεοικὼς,
2712 5242 2806 5295 καὶ
2836 5240 2910 5312 μὴ
2955 5241 3295 5311 βουλομένων
3331 5243 3505 5313 ὑμῶν,
3538 5246 3570 5296 6

1987 5332 2117 5396 Υἱὸς
2145 5331 2522 5403 εὑρεθήσεται.
2564 5331 2780 5401 Ἐπειδὴ
2828 5331 2883 5383 δὲ
2924 5330 3078 5384 οὐδέν
3110 5334 3223 5383 ἐστι
3257 5331 3318 5383 τὸ
3362 5330 3567 5401 μεταξὺ

1985 5423 2198 5494 Πατρὸς
2237 5423 2331 5475 καὶ
2363 5420 2517 5485 Υίοῦ,
2551 5421 2784 5491 ἀργήσει
2836 5423 2933 5492 μὲν
2980 5423 3196 5483 πάντως
3230 5424 3259 5475 6
3290 5422 3420 5493 περὶ
3462 5426 3568 5494 τῆς

1987 5515 2294 5587 βουλήσεως
2348 5515 2540 5583 λόγος,
2596 5515 2691 5567 καὶ
2742 5514 2955 5577 οὐδενὸς
3006 5516 3085 5567 ἔτι
3139 5515 3567 5584 μεσολαϐοῦντος

1986 5610 2269 5680 προσεχῶς
2295 5611 2322 5661 ὁ
2355 5608 2481 5672 Υἱὸς
2513 5608 2666 5661 ἔσται
2695 5607 2837 5660 κατά
2870 5610 3032 5675 φύσιν
3053 5609 3235 5678 ἓμοιος
3259 5608 3337 5677 τῷ
3368 5607 3565 5681 Πατρί.

2673 5723 2875 5775 ΔΛΛΟ.

2054 5818 2366 5890 Γέγραπται
2396 5815 2632 5887 Χριστὸς
2657 5814 2793 5869 Θεοῦ
2822 5813 3051 5886 δύναμις
3082 5816 3174 5869 καὶ
3203 5814 3338 5868 Θεοῦ
3380 5810 3564 5881 σοφία.
