3876 6208
220 315 326 378 ιῖιὸ

1633 306 2083 366 TllESAUliUS.

3371 317 3471 371 1οῦ

217 438 278 488 Εἰ
305 435 483 488 τοίνυν
519 435 553 504 ἡ
588 432 839 504 βούλησις
881 434 975 488 τοῦ
1018 430 1228 503 Πατρὺς
1263 428 1656 503 χαρακτηρίζει
1692 430 1784 496 τήν

1906 429 1976 482 tia
2007 430 2098 484 Dei
2126 429 2194 483 δ’.
2222 430 2280 484 Si
2308 446 2439 500 ergo
2479 433 2731 488 voluntas
2778 434 2872 490 Dei
2922 434 3176 504 exprimit
3222 449 3288 490 ac
3324 444 3472 489 notat

210 543 271 577 τε
321 526 547 594 ἃῦναμιν
598 526 691 577 καὶ
743 525 933 593 σοφίαν
986 524 1173 587 αὐτοῦ,
1214 523 1462 576 τουτέστι
1503 522 1594 575 τὸν
1641 522 1789 584 Υίὸν,

210 620 429 689 ἀνάγκη
469 619 618 670 πᾶσα
663 618 738 688 μὴ
788 617 1045 688 ἀνομοίαν
1078 616 1247 687 αὐτὴν
1301 612 1437 669 εἶναι
1488 615 1667 683 λέγειν
1714 613 1792 685 τῷ

214 712 410 779 "arpi,
448 710 534 762 ἵνα
569 711 643 780 μὴ
676 709 930 779 φαίνηται
963 709 1191 779 δύναμιν
1226 710 1318 761 καὶ
1356 708 1557 777 σοφίαν
1587 708 1724 777 ἔχων
1761 710 1790 760 6

214 803 406 872 Πατὴρ
435 803 533 870 οὐχ
562 801 753 871 ὁμοίαν
789 801 988 871 ἐαυτῷ.
1026 801 1089 855 Εἰ
1138 801 1194 853 δὲ
1245 800 1425 863 τοῦτο,
1470 800 1656 854 λοιπὸν
1706 802 1791 852 ἐν·

208 893 503 943 νοείτωσαν
541 891 589 943 οἱ
627 891 985 961 χριστομάχοι
1024 892 1125 962 τῆς
1170 892 1379 945 ἑαυτῶν
1426 891 1685 954 ἀϐουλίας
1731 892 1793 944 τὸ

212 982 464 1052 μέγεθος,
521 982 949 1053 Παραιτούμενοι
994 984 1103 1054 γὰρ
1155 984 1250 1036 ἕνα
1307 984 1436 1037 ὅντα
1485 984 1577 1037 τὸν
1639 984 1787 1048 Υίὸν,

206 1075 397 1142 ὅμοιον
436 1070 570 1126 εἶναι
604 1074 782 1142 λέγειν
810 1075 887 1145 τῷ
921 1078 1114 1147 Πατρὶ,
1155 1076 1248 1129 δύο
1275 1076 1592 1139 δεδώκασιν,
1632 1076 1791 1146 εἴπερ

206 1163 353 1219 εἷναί
399 1184 451 1219 τι
496 1166 593 1236 τὴν
631 1166 884 1238 βούλησιν
923 1168 1141 1238 ἐροῦσιν
1181 1170 1563 1223 ὲνυπὸστατον.
1622 1171 1685 1222 Ei
1734 1170 1790 1222 δὲ

206 1259 574 1321 ἀνυπόστατός
604 1260 767 1321 ἐστιν,
792 1260 893 1313 οὐκ
922 1259 1073 1313 ἔσται
1106 1260 1390 1332 χαρακτὴρ
1423 1261 1516 1313 τοῦ
1548 1262 1790 1330 ὑφεστῶ-

205 1369 300 1415 τος
348 1352 406 1405 τὸ
462 1351 536 1422 μὴ
585 1351 912 1422 ὑφεστηκὸς,
958 1354 1078 1407 κατ’
1109 1354 1243 1408 αὐτὸ
1294 1354 1553 1426 δήτοῦτο
1602 1355 1663 1407 τὸ
1712 1354 1787 1425 μὴ

205 1445 594 1515 ὑφεστηκέναι.

893 1560 1075 1613 ΑΛΛΟ

279 1667 361 1720 Τὰ
401 1667 499 1738 τὴν
541 1671 708 1741 αὐτὴν
750 1671 1030 1742 ἐνέργειαν
1077 1670 1267 1742 ἔχοντα
1315 1670 1411 1724 καὶ
1442 1672 1561 1732 ταῖς
1596 1670 1787 1733 αὐταῖς

199 1757 469 1828 δυνάμεσι
505 1765 761 1828 φυσικαῖς
801 1763 1248 1833 ἀποκεχρημένα,
1295 1764 1396 1833 τῆς
1437 1763 1606 1832 αὐτῆς
1648 1760 1787 1816 εἶναι

206 1848 427 1912 πάντως
476 1852 669 1913 οὐσίας
718 1854 1035 1921 ἀναγκαῖον.
1094 1852 1261 1907 Οὐδὲν
1313 1854 1421 1924 γὰρ
1470 1853 1578 1906 τῶν
1622 1854 1790 1906 ὄντων

204 1939 343 2009 =96;
372 1941 432 1991 τὸ
465 1943 776 2011 ἑτερογενὲς
807 1945 900 1998 καὶ
934 1944 1240 2016 ἑτερούσιον
1275 1945 1373 2009 τὰς
1414 1946 1581 2009 αὐτὰς
1610 1948 1791 2018 ἀπαρ-

202 2030 490 2095 αλλάκτως
517 2035 738 2105 φορέσει
779 2035 1038 2105 δυνάμεις
1086 2053 1145 2089 τε
1196 2036 1292 2091 καὶ
1340 2037 1655 2109 ἐνεργείας·
1695 2056 1788 2091 κε-

204 2123 472 2191 χρήσεται
502 2123 558 2176 δὲ
590 2127 773 2194 μόνοις
821 2130 933 2189 τοῖς
964 2129 1099 2191 ίσοις
1148 2128 1398 2199 ίδιὼμασι
1439 2127 1509 2181 τά
1540 2130 1668 2199 μίαν
1696 2129 1791 2182 λα-

202 2214 371 2281 χόντα
404 2214 501 2286 τὴν
537 2215 697 2285 φύσιν
719 2234 731 2246 ·
765 2212 844 2281 οἷς
876 2218 934 2271 δὲ
964 2220 997 2288 ἡ
1021 2221 1079 2272 ὲν
1117 2222 1181 2291 τῇ
1213 2220 1369 2291 οὐσίᾳ
1395 2221 1641 2292 κοινότης
1666 2221 1786 2291 μία,

204 2307 417 2372 τούτοις
469 2310 828 2382 ἀκολουθήσει
871 2313 1062 2366 καὶτὸ
1118 2313 1374 2385 ἀλλήλοις
1423 2315 1562 2368 κατά
1610 2315 1788 2368 πάντα

203 2400 609 2469 προσεοικέναι.
646 2402 710 2455 Ei
752 2404 931 2457 τοίνυν
985 2405 1082 2476 μία
1130 2407 1229 2477 μὲν
1278 2406 1526 2477 ἐνέργεια
1574 2408 1790 2478 Πατρὸς

203 2490 303 2544 καὶ
336 2493 489 2559 Υίοῦ,
534 2497 565 2564 ή
618 2494 757 2566 αὑτὴ
785 2495 843 2548 δὲ
879 2496 1107 2568 δύναμις
1139 2498 1196 2550 ὲν
1240 2501 1407 2551 πᾶσιν
1440 2500 1655 2569 ὁρᾶται,
1689 2501 1788 2571 οὐχ

203 2585 517 2655 ἐτερούσιος
562 2587 637 2649 ὡς
685 2586 821 2658 πρὸς
873 2589 1071 2659 ἑαυτὴν
1127 2591 1159 2659 ή
1211 2588 1363 2653 δυάς.
1410 2590 1473 2642 Et
1509 2590 1564 2643 δὲ
1604 2589 1782 2656 τοῦτο,

203 2675 692 2746 φορέσειπάντως
738 2679 832 2732 καὶ
877 2681 976 2751 τὴν
1023 2681 1315 2753 ὁμοιότητα
1365 2681 1460 2735 τοῦ
1508 2682 1721 2753 Πατρὸς
1757 2683 1787 2735 6

202 2768 356 2833 Υἱὸς,
390 2769 465 2833 ὡς
497 2769 797 2841 ὁμοούσιος,
849 2774 945 2826 καὶ
987 2773 1087 2827 οὐκ
1132 2772 1283 2826 ἔσται
1330 2776 1427 2845 τῆς
1479 2773 1785 2845 βουλήσεως

200 2860 392 2915 εἰκών.

896 2981 1095 3034 ΛΛΛΟ.

272 3092 340 3144 Li
370 3092 470 3145 ὅσα
508 3091 821 3162 βουλεύεται
860 3096 889 3147 6
933 3094 1064 3158 Θεὸς
1098 3096 1191 3148 καὶ
1223 3096 1431 3167 Πατὴρ,
1458 3096 1630 3151 ταῦτα
1659 3098 1780 3167 βου-

1905 521 2201 588 potentiam
2241 532 2295 575 et
2340 524 2662 591 sapientiam
2738 541 2929 590 suam,
2983 526 3087 581 hoc
3129 535 3215 580 est
3259 525 3473 589 Filium,

1903 613 2273 667 necessarium
2307 612 2465 682 plane
2503 623 2589 667 est
2623 625 2680 667 ut
2709 631 2827 670 eam
2858 631 2963 669 non
2996 614 3300 669 absimilem
3332 613 3474 668 Patri

1898 720 2022 759 esse
2055 705 2325 769 dicamus,
2370 719 2435 758 ne
2471 705 2716 760 videatur
2744 705 2907 761 Pater
2954 706 3154 761 habere
3185 705 3474 773 potentiam

1899 808 1953 851 et
1983 796 2303 864 sapientiam
2329 812 2398 865 qu
2419 812 2465 850 ιε
2500 812 2605 852 non
2636 799 2707 852 sit
2737 798 2931 854 similis
2961 797 3062 852 sibi
3098 797 3219 865 ipsi.
3247 796 3396 864 Quod
3429 797 3473 850 si

1901 888 1971 941 ita
2007 897 2111 951 est,
2150 886 2453 957 intelligant
2489 889 2707 943 tandem
2741 888 2929 944 hostes
2952 890 3155 944 Christi
3188 887 3473 943 dementiae

1900 996 2013 1035 sua:
2046 982 2493 1051 magnitudinem.
2513 981 2647 1035 Cum
2680 983 2822 1036 enim
2851 991 3103 1037 recusent
3135 980 3351 1041 Filium,
3380 978 3472 1047 qui

1899 1088 2039 1126 unus
2063 1082 2164 1137 est,
2205 1072 2352 1127 Patri
2387 1072 2618 1127 similem
2648 1072 2849 1138 dicere,
2879 1072 3013 1128 duos
3047 1072 3464 1135 constituerunt,

1898 1166 1945 1221 si
1990 1166 2319 1220 voluntatem
2347 1181 2443 1235 per
2481 1180 2541 1219 se
2570 1166 2867 1220 subsistere
2886 1163 3088 1219 volunt.
3119 1163 3189 1218 At
3216 1179 3336 1216 cum
3376 1176 3471 1215 v0-

1899 1257 2077 1313 luntas
2110 1272 2206 1327 per
2233 1274 2290 1313 se
2316 1273 2424 1312 non
2459 1256 2742 1320 subsistat,
2774 1272 2879 1311 non
2915 1256 3019 1311 erit
3044 1257 3328 1311 character
3356 1254 3473 1322 ejus

1897 1356 2037 1420 quod
2067 1351 2315 1404 subsistit
2346 1350 2398 1405 id
2429 1352 2570 1420 quod
2600 1366 2707 1405 non
2741 1349 3008 1413 subsistit,
3032 1364 3096 1404 ea
3124 1350 3240 1419 ipsa
3262 1346 3472 1402 ratione

1896 1443 2037 1512 quod
2071 1458 2176 1498 non
2205 1443 2472 1498 subsistit.

2574 1556 2797 1613 ALIUD.

1964 1668 2097 1735 Quae
2118 1671 2362 1725 eamdem
2391 1671 2589 1726 habent
2615 1672 2881 1726 actionem
2913 1670 3215 1738 iisdemque
3244 1676 3432 1722 natura
3451 1696 3468 1707 -

1896 1758 2035 1814 libus
2071 1759 2421 1815 facultatibus
2463 1769 2732 1826 utuntur,
2777 1761 3019 1830 ejusdem
3064 1762 3317 1815 essentia:
3360 1760 3470 1815 sint

1896 1862 2116 1903 necesse
2145 1857 2249 1904 est.
2280 1848 2422 1903 Nihil
2447 1852 2591 1906 enim
2621 1866 2808 1906 eorum
2837 1867 2955 1921 quae
2988 1853 3040 1905 in
3069 1868 3244 1907 rerum
3277 1859 3467 1905 natura

1891 1942 2183 2007 exsistunt,
2214 1946 2431 1999 easdem
2461 1947 2666 2015 absque
2697 1947 2804 2001 ulla
2837 1947 3139 2003 dill'erentia
3185 1945 3471 2033 facultates

1892 2034 2246 2103 actionesque
2284 2036 2429 2100 edet,
2479 2052 2601 2090 cum
2649 2052 2714 2090 eo
2763 2039 2905 2106 quod
2940 2053 3137 2110 genere
3183 2048 3345 2108 atque
3379 2055 3467 2095 es-

1891 2125 2064 2177 sentia
2093 2124 2315 2192 diﬂ‘ert;
2351 2134 2575 2180 utentur
2612 2142 2740 2181 vero
2768 2142 2831 2181 ea
2863 2137 3071 2181 tantum
3112 2130 3304 2184 iisdem
3340 2145 3467 2199 pro-

1891 2214 2233 2284 prietatibus,
2254 2231 2374 2284 qua:
2408 2233 2511 2271 una
2543 2227 2704 2287 atque
2733 2222 2921 2275 eadem
2951 2221 3173 2290 prtedita
3209 2232 3339 2276 sunt
3366 2238 3466 2278 na-

1893 2316 2010 2359 tura
2039 2324 2052 2359 :
2090 2317 2145 2358 at
2178 2307 2381 2377 quibus
2415 2325 2518 2362 una
2550 2312 2776 2383 contigit
2806 2313 3059 2367 essentite
3100 2314 3354 2379 societas,
3399 2331 3463 2369 ea

1888 2398 2053 2449 etiam
2095 2398 2349 2453 omnibus
2384 2398 2584 2453 similia
2621 2401 2762 2456 inter
2795 2417 2853 2456 se
2880 2411 3057 2457 erttnt.
3088 2403 3145 2457 Si
3189 2420 3321 2474 ergo
3358 2421 3462 2458 una

1889 2495 1972 2539 est
2002 2486 2249 2552 operatio
2298 2486 2476 2544 Patris
2511 2500 2565 2545 et
2596 2491 2740 2557 Filii,
2785 2494 3086 2563 eademque
3131 2496 3370 2564 potentia
3408 2496 3461 2549 itt

1889 2578 2141 2632 nutnibus
2172 2578 2439 2641 cernitur,
2483 2597 2591 2635 non
2632 2592 2715 2636 est
2746 2583 2977 2638 dualitas
3014 2585 3243 2641 diversze
3282 2601 3465 2641 essen-

1891 2672 1999 2724 tite.
2029 2671 2161 2726 Etsi
2192 2673 2264 2726 ita
2291 2683 2398 2740 est,
2422 2677 2651 2742 gestabit
2676 2678 2899 2731 omnino
2921 2678 3329 2733 similitudinem
3358 2679 3463 2733 Pa-

1891 2764 1988 2816 tris
2036 2762 2224 2830 Filius,
2273 2775 2332 2820 ut
2369 2769 2881 2834 eonsubstantialis;
2922 2785 3097 2839 neque
3136 2773 3241 2826 erit
3287 2772 3465 2843 imago

1890 2852 2201 2909 voluntatis.

2559 2975 2793 3048 ALIUD.

1959 3082 2015 3137 Si
2042 3099 2379 3156 quaecunque
2422 3090 2613 3143 statuit
2647 3088 2788 3147 Deus
2820 3102 2874 3147 et
2909 3094 3088 3159 Pater,
3116 3099 3303 3151 eadem
3349 3106 3462 3151 sta-

199 3183 419 3237 λεύεται
465 3156 558 3239 καὶ
594 3187 622 3239 6
653 3186 778 3250 Υἱὸς
809 3156 1057 3258 (οὐδεμία
1090 3188 1201 3260 γὰρ
1249 3156 1437 3255 στάςὲἰξ
1468 3190 1501 3261 ἢ
1547 3156 1782 3263 διχόνοια

1895 3175 1990 3230 luit
2018 3190 2072 3230 et
2098 3176 2268 3232 Filius
2291 3179 2461 3251 (nulla
2488 3183 2635 3236 enim
2672 3184 2941 3239 dissensio
2972 3187 3023 3240 in
3060 3203 3163 3241 una
3194 3198 3248 3241 ct
3276 3189 3455 3243 incor-

201 3277 447 3347 χωρήσει
477 3276 608 3329 ποτὲ
640 3278 699 3330 ἐν
725 3280 790 3349 τῇ
826 3279 924 3349 μιᾷ
965 3280 1059 3333 καὶ
1090 3280 1341 3351 ἀχράντῳ
1370 3281 1604 3353 Τριάδι),
1630 3286 1783 3336 ποῖον

198 3369 317 3432 ἔξει
362 3367 529 3421 τόπον
574 3369 934 3432 ὲνυπόστατος
985 3368 1258 3441 βούλησις,
1314 3371 1498 3441 τρίτον
1545 3373 1781 3441 ἀποφαί-

200 3477 368 3514 νουσα
402 3462 493 3514 τὺν
516 3462 642 3515 Υἱὸν
662 3462 754 3514 τὸν
784 3463 1021 3534 προσεχῆ
1046 3462 1123 3532 τῷ
1147 3464 1342 3534 Πατρὶ,
1378 3464 1510 3518 καθὸ
1537 3466 1630 3518 καὶ
1658 3466 1784 3529 Tib;

197 3554 358 3608 οὐδὲν
387 3554 526 3623 ἔχων
563 3553 894 3623 μεσολαὸοὖν
920 3557 1017 3626 τὴν
1042 3557 1294 3625 γέννησιν
1333 3556 1499 3611 αὐτοῦ
1523 3575 1538 3623 ;
1569 3558 1660 3611 Διὸ
1689 3558 1783 3612 καὶ

199 3648 369 3711 αὑτός
401 3649 548 3701 ἐστιν
577 3651 608 3721 ή
648 3649 797 3712 ζῶσα
828 3650 922 3704 καὶ
948 3650 1187 3713 ἐνούσιος
1218 3652 1250 3721 ἡ
1283 3650 1536 3722 βούλησις
1565 3648 1658 3703 τοῦ
1699 3666 1782 3718 γε·

198 3740 549 3810 τεννηκότος.

884 3855 1087 3912 ΑΛΛΟ.

274 3961 391 4031 Τῆς
417 3962 723 4034 βουλήσεως
748 3964 842 4017 τοῦ
873 3966 1086 4036 Πατρὸς
1114 3967 1440 4039 χαρακτῆρα
1472 3970 1565 4022 καὶ
1594 3967 1785 4037 ομοίω-

204 4070 294 4104 σιν
321 4048 455 4104 εἷναι
478 4055 568 4106 τὸν
597 4054 723 4108 Υἰον
746 4056 1195 4127 καταψεύδονται,
1225 4058 1341 4113 ἀλλ’
1361 4060 1461 4113 οὐκ
1493 4061 1658 4114 αὑτοῦ
1688 4060 1781 4113 τοῦ

202 4144 439 4214 Πατρός.
472 4144 561 4197 Διὸ
594 4146 656 4217 δὴ
686 4146 847 4200 πάλιν
881 4150 1178 4220 ὲρωτητέον
1206 4152 1331 4215 τοὺς
1358 4154 1782 4224 χριστομάχους,

202 4235 269 4288 EE
307 4236 489 4305 ὅμοιός
524 4238 669 4291 ἐστιν
707 4240 735 4291 6
772 4241 961 4311 Πατὴρ
1001 4242 1103 4312 τῆς
1146 4243 1340 4296 ἑαυτυῦ
1376 4244 1705 4317 βουλήσεως,
1748 4247 1781 4318 ἧ

200 4326 357 4395 οὐχί;
415 4327 476 4378 Et
528 4329 626 4397 μὲν
676 4330 785 4399 γὰρ
840 4330 1113 4400 ἀνόμοιος,
1165 4332 1424 4404 ἀνομοίαν
1465 4336 1640 4407 ἐαυτῷ
1683 4335 1783 4407 τὴν

198 4416 461 4488 βούλησιν
482 4418 593 4489 ἔχει
614 4434 626 4447 °
659 4420 751 4472 καὶ
784 4421 971 4473 σιωπῶ
1005 4422 1142 4493 πρὸς
1178 4423 1336 4477 τοῦτο
1373 4424 1433 4478 τὸ
1465 4425 1777 4497 δύσφημον·

196 4512 251 4562 εί
289 4509 347 4562 δὲ
380 4511 569 4577 ὁμοίαν
597 4510 776 4582 ἑαυτῷ
805 4512 902 4583 τὴν
939 4512 1193 4585 βούλησιν
1222 4515 1356 4584 ἔχει,
1382 4511 1471 4588 ἦς,
1511 4516 1586 4580 ὥς
1622 4534 1781 4586 φατε,

196 4602 489 4673 χαρακτήρ
529 4604 643 4654 ἐστι
688 4604 783 4657 καὶ
826 4602 989 4657 εἰκὼν
1028 4606 1057 4658 6
1091 4606 1239 4671 Υἱὸς,
1279 4608 1453 4664 ἔοικεν
1496 4610 1603 4681 ἄρα
1638 4612 1778 4666 κατά

197 4693 359 4745 τοῦτο
386 4692 464 4761 τῷ
497 4693 691 4765 Πατρί.
724 4695 848 4758 Πῶς
886 4691 979 4749 οὖν
1021 4697 1271 4766 ἀνόμοιος
1314 4699 1467 4754 ἔσται
1500 4703 1639 4755 κατά
1682 4703 1779 4774 τὴν

197 4784 389 4836 οὐσίαν
414 4784 581 4856 αὐτῷ,
610 4788 639 4839 6
682 4786 769 4839 διὰ
809 4787 870 4839 τὸ
898 4791 962 4859 τῇ
998 4788 1246 4861 βουλήσει
1283 4795 1657 4862 προσεοικέναι
1684 4813 1779 4865 χα-
1819 4854 1824 4863 ,

200 4875 416 4947 ρακτὴρ
448 4875 522 4929 ὢν
552 4878 753 4944 aurai;
788 4880 1141 4947 Συγκείσεται
1183 4884 1314 4956 γὰρ,
1352 4885 1417 4939 ἂν
1457 4886 1627 4951 οὕτως
1657 4888 1775 4959 ἔχῃ,

198 4967 324 5020 καθ’
355 4969 518 5037 ὑμᾶς,
562 4971 619 5038 ἐξ
648 4972 832 5041 ὁμοίου
865 4974 958 5026 καὶ
997 4973 1055 5041 ἐξ
1089 4975 1343 5045 ἀνομοίου
1386 4978 1415 5029 6
1448 4978 1592 5042 Υἱὸς,
1637 4982 1778 5034 κατά

194 5076 249 5110 τι
283 5058 382 5127 μὲν
410 5060 599 5124 ἐοικὼς
631 5063 707 5133 τῷ
750 5064 945 5136 Πατρὶ,
978 5067 1119 5121 κατά
1144 5085 1196 5121 τι
1236 5068 1292 5121 δὲ
1331 5068 1778 5142 ἀλλοτριούμενος

195 5150 299 5220 τῆς
333 5152 470 5222 πρὸς
498 5152 659 5206 αὐτὸν
694 5155 1028 5225 ὁμοιότητος.
1061 5153 1215 5222 Εἶτα,
1250 5163 1401 5224 ποῖος
1432 5164 1776 5233 συγχωρήσει

196 5243 357 5310 λόγος
382 5244 443 5295 τὸ
474 5243 531 5295 ἓν
558 5247 674 5297 κατ’
703 5246 890 5300 οὐσίαν
921 5249 1164 5320 ὑπάρχον
1207 5251 1298 5303 καὶ
1324 5252 1381 5303 ἐν
1407 5252 1643 5322 ἀριθμῷ,
1668 5249 1779 5306 οἷον

199 5332 413 5385 Παῦλον
442 5334 602 5404 τυχὸν
643 5335 674 5405 ἢ
722 5336 949 5407 Πέτρον,
978 5338 1071 5393 δύο
1102 5342 1289 5412 φέρειν
1316 5343 1373 5394 ὲν
1417 5344 1601 5414 ταυτῴ
1640 5347 1779 5399 κατὰ

198 5423 361 5491 φύσιν
387 5424 457 5477 τὰ
486 5426 732 5491 ἐναντίας
762 5429 836 5481 Οὐ
867 5428 977 5501 γὰρ
1006 5430 1294 5501 δυνήσεταί
1322 5452 1404 5497 τις
1430 5437 1603 5488 εἰπεῖν
1628 5451 1641 5465 ⁸
1673 5438 1776 5489 Ao-

193 5516 347 5581 γικός
384 5515 446 5568 τέ
479 5519 594 5588 εἰμι
635 5520 729 5573 καὶ
776 5520 1005 5590 ἄλογος·
1036 5524 1146 5578 οὐδ’
1177 5522 1244 5578 αὗ
1286 5527 1345 5579 τὺ
1386 5527 1494 5599 πῦρ
1536 5530 1654 5598 ἐρεῖ
1694 5545 1776 5591 τις

192 5608 396 5679 Θερμὺν
425 5604 562 5663 εἷναί
605 5629 665 5664 τε
700 5614 793 5667 καὶ
836 5614 1042 5685 ψυχρόν
1062 5630 1077 5646 ⁸
1108 5616 1187 5668 δεῖ
1216 5618 1344 5689 γὰρ,
1375 5620 1492 5682 ἐνὸς
1537 5622 1774 5692 ἐνυπάρ-

260 5763 306 5795 ³²
347 5764 366 5819 ι
402 5766 527 5823 Cor.
560 5783 601 5833 ι,
640 5768 731 5822 2t.

548 5864 824 5928 ΡΑτιιοι..
874 5868 989 5929 (ita.
1037 5866 1285 5929 LXXV.

1890 3277 2046 3337 rupta
2078 3268 2394 3343 'l'rinitate),
2433 3288 2591 3342 quem
2628 3274 2806 3330 locum
2836 3277 3057 3332 habebit
3090 3280 3339 3334 voluntas
3369 3297 3463 3350 per

1889 3375 1947 3413 se
1974 3362 2299 3427 subsistens,
2320 3365 2537 3420 tertium
2560 3370 2897 3423 constituens
2924 3368 3120 3425 Filium
3151 3374 3463 3428 immediate

1887 3456 2239 3529 conjunctqm
2265 3453 2437 3523 Patri,
2475 3465 2729 3527 tanquam
2775 3470 2829 3515 et
2856 3460 3023 3518 Filius
3066 3465 3156 3532 qui
3204 3466 3334 3519 nihil
3368 3466 3463 3520 ha-

1888 3547 1978 3599 bet
2025 3546 2402 3602 intermedium
2448 3549 2589 3605 inter
2629 3567 2786 3607 suam
2837 3555 3279 3624 generationem?
3314 3558 3461 3624 Quo-

1884 3639 2029 3692 circa
2067 3638 2181 3709 ipse
2212 3647 2296 3695 est
2325 3640 2515 3697 vivens
2544 3653 2707 3714 atque
2739 3647 3052 3702 essentialis
3082 3648 3333 3706 voluntas
3367 3666 3460 3723 ge-

1887 3732 2101 3787 nitoris.

2561 3850 2776 3907 ALIUD

1960 3958 2267 4016 Voluntatis
2288 3972 2548 4032 paternas,
2587 3979 2697 4019 non
2732 3975 2910 4020 autem
2939 3966 3107 4037 ipsius
3139 3968 3250 4043 64
3282 3968 3462 4025 Patris

1887 4051 2263 4105 characterem
2290 4062 2346 4107 et
2375 4054 2784 4110 similitudinem
2811 4071 2931 4113 esse
2954 4056 3150 4113 Filium
3184 4062 3459 4114 mentiun-

1890 4154 1995 4196 tur.
2026 4144 2204 4213 Atque
2235 4145 2440 4201 idcirco
2475 4162 2667 4201 rursus
2716 4148 3081 4218 interrogandi
3113 4161 3239 4203 sunt
3275 4149 3461 4205 hostes

1888 4232 2018 4301 Dei,
2071 4251 2138 4290 an
2184 4238 2377 4293 similis
2428 4238 2501 4294 sit
2543 4237 2707 4295 Pater
2751 4256 2864 4295 sua:
2914 4242 3207 4308 voluntati,
3262 4258 3453 4298 necne.

1886 4323 2019 4379 Nam
2043 4328 2085 4380 si
2120 4329 2404 4383 dissimilis
2436 4343 2540 4396 εει,
2575 4346 2703 4402 ergo
2731 4332 3050 4387 dissimilem
3082 4333 3185 4387 sibi
3218 4334 3459 4387 volunta-

1891 4427 1996 4469 tem
2031 4418 2233 4473 habet:
2259 4430 2314 4475 et
2358 4430 2513 4477 taceo
2546 4422 2937 4492 blasphemiam
2966 4438 3086 4493 quae
3120 4425 3242 4479 inde
3275 4428 3461 4494 sequi-

1816 4497 1861 4556 D
1890 4514 2006 4571 tur;
2044 4509 2088 4563 si
2113 4524 2243 4565 vero
2267 4512 2498 4568 similem
2524 4513 2627 4568 sibi
2662 4514 2762 4583 ipsi
2795 4514 3128 4569 voluntatem
3156 4514 3339 4579 habet,
3367 4532 3458 4571 cu-

1887 4600 1992 4669 jus,
2023 4612 2078 4655 ut
2110 4602 2311 4668 dicitis,
2348 4605 2632 4660 character
2652 4617 2732 4661 est
2755 4616 2809 4660 et
2837 4607 3011 4678 imago
3043 4606 3230 4673 Filius,
3265 4610 3459 4665 similis

1885 4694 2049 4764 igitur
2093 4695 2193 4750 hac
2241 4712 2307 4749 ex
2354 4706 2508 4764 parte
2537 4708 2621 4751 est
2668 4696 2836 4751 Patri.
2889 4698 3167 4765 Quomodo
3200 4702 3363 4772 igitur
3406 4702 3457 4755 ei

1883 4785 2162 4839 dissimilis
2194 4788 2302 4839 erit
2340 4785 2497 4854 juxta
2540 4787 2835 4841 essentiam
2880 4787 2926 4841 is
2973 4788 3063 4857 qui
3097 4788 3166 4842 ob
3212 4789 3264 4842 id
3310 4791 3453 4858 quod

1879 4878 2156 4933 voluntate
2185 4880 2379 4934 similis
2412 4880 2501 4942 sit,
2535 4880 2817 4934 character
2852 4881 3019 4949 ipsius
3068 4880 3186 4936 est?
3214 4881 3269 4935 Si
3312 4882 3457 4937 enim

1880 4970 1954 5024 ita
1996 4979 2113 5034 est,
2173 4981 2228 5024 ut
2275 4986 2369 5025 vos
2420 4970 2742 5041 opinamini,
2785 4984 2850 5025 ex
2899 4971 3065 5026 simili
3115 4982 3170 5025 et
3201 4971 3455 5027 dissimili

1883 5065 2217 5135 compositus
2250 5067 2355 5121 erit
2378 5065 2549 5119 Filius
2578 5083 2591 5121 :
2624 5065 2804 5136 aliqua
2847 5081 2915 5120 ex
2944 5076 3098 5136 parte
3134 5067 3325 5122 similis
3352 5068 3456 5122 Pa-

1886 5158 1975 5222 tri,
2021 5172 2086 5210 ex
2135 5157 2238 5211 alia
2276 5173 2406 5212 vero
2448 5174 2478 5211 a
2523 5158 2875 5213 similitudine
2906 5174 3027 5212 cum
3064 5159 3179 5227 ipso
3220 5159 3451 5213 alienus.

1886 5250 2110 5315 Deinde,
2141 5264 2262 5319 qua:
2289 5250 2428 5304 ratio
2457 5249 2561 5304 hoc
2586 5249 2713 5316 fert,
2744 5259 2802 5304 ut
2826 5250 2877 5304 id
2907 5249 3048 5320 quod
3073 5250 3377 5305 substantia
3400 5262 3456 5306 et

1888 5356 2114 5397 numero
2147 5357 2311 5397 unum
2347 5352 2451 5406 est,
2495 5350 2549 5397 ut
2579 5342 2798 5404 Paulus,
2835 5341 2918 5396 vel
2941 5341 3155 5407 Petrus,
3187 5344 3292 5399 dtto
3318 5344 3372 5399 in
3399 5360 3457 5399 se

1887 5433 2084 5488 habeat
2112 5433 2435 5489 naturaliter
2463 5432 2733 5488 contraria
2757 5431 2779 5485 ?
2801 5430 2984 5501 Neque
3001 5432 3142 5486 enim
3170 5434 3455 5505 quisquam

1885 5530 2069 5585 dicere
2103 5532 2340 5599 poterit:
2387 5530 2523 5585 Sum
2556 5532 2765 5586 ratione
2809 5531 3086 5602 prazditus,
3118 5545 3173 5587 et
3204 5548 3321 5589 sum
3364 5550 3454 5589 ra-

1891 5622 2052 5677 tionis
2099 5636 2330 5691 expers;
2386 5637 2560 5693 neque
2617 5622 2754 5678 ullus
2820 5624 2995 5693 ignem
3050 5622 3285 5681 calidum
3334 5642 3455 5683 esse

3028 5878 3064 5939 4
