3876 6208
398 333 505 397 to?

1420 318 1493 378 Β.
1527 308 1799 374 (ΣἯὶιιιῖλΙ
1846 296 2333 367 ALEXANDRINI
2354 291 2675 356 A'RClllL‘P.

3556 285 3665 338 ινδ

404 454 604 514 dixerit
634 449 793 510 simul
838 457 895 503 et
922 442 1190 514 frigidum
1226 457 1241 495 :
1272 451 1497 493 necesse
1546 435 1689 491 enim
1726 441 1833 497 est,
1863 444 1970 484 uno

2104 440 2276 494 evroc,
2331 414 2682 491 ἀναρῤεῖσθαι
2715 409 2825 465 τῶν
2874 404 3294 480 σημαινομένων
3343 399 3403 455 τὸ
3445 400 3662 474 ιτερον.

404 551 721 608 θιείειεηιε,
743 543 969 596 alterum
997 550 1183 592 eorum
1226 546 1346 602 qua:
1373 528 1745 601 signiﬁcantur
1777 524 1973 595 perire.

410 639 549 695 Fieri
582 638 761 707 itaque
794 648 901 689 non
935 636 1114 701 potest
1141 635 1197 681 ut
1228 625 1280 679 in
1316 622 1453 677 Filio
1486 616 1783 676 similitudo
1817 612 1977 670 simul

406 736 477 787 sit
505 738 561 785 et
586 705 997 784 dissimilitudo.
1020 720 1154 776 Cum
1181 729 1314 771 vero
1339 728 1495 768 sacra
1520 710 1798 779 Scriptura
1825 705 1980 760 simi-

409 825 513 877 lem
548 820 692 875 Patri
725 832 845 872 esse
880 811 1133 875 testetur',
1161 821 1394 876 cumque
1434 806 1549 874 ipse
1588 803 1736 858 dicat
1774 818 1789 856 :
1827 817 1846 850 c
1877 798 1979 865 Qui

406 914 544 969 vidit
571 926 683 976 me,
711 909 845 962 vidit
877 913 931 961 et
956 904 1170 958 Patrem
1189 901 1289 966 ⁸³,ι
1323 893 1814 952 dissimilitudinem
1842 891 1983 945 hanc

409 1001 895 1061 nouadmittemus,
921 1008 1017 1065 per
1049 992 1167 1047 haec
1203 986 1505 1043 testimonia
1543 984 1608 1037 ad
1633 981 1686 1036 id
1718 980 1862 1050 quod
1894 991 1983 1031 ve-

407 1097 522 1149 rius
550 1089 1071 1156 convenientiusque
1089 1093 1173 1139 est
1188 1079 1423 1136 adducti.
1449 1076 1654 1131 Etcum
1692 1088 1797 1128 non
1829 1072 1981 1127 dixe-

409 1192 520 1245 rit:
550 1188 650 1255 Qui
686 1187 820 1241 vidit
851 1198 966 1249 me,
996 1182 1131 1237 vidit
1170 1190 1219 1234 et
1258 1175 1587 1232 voluntatem
1627 1170 1806 1225 Patris
1838 1169 1976 1235 mei,

411 1296 513 1333 non
560 1275 885 1341 voluntatis,
934 1272 1028 1327 sed
1071 1268 1251 1325 Patris
1289 1264 1580 1335 imaginem
1629 1275 1751 1319 esse
1788 1259 1981 1315 Filium

409 1371 717 1425 fatebimur.

1084 1472 1318 1531 ALIUD.

483 1602 615 1668 Quae
655 1612 684 1652 a
726 1606 910 1651 mutua
950 1589 1330 1663 conjunctione
1368 1594 1424 1641 et
1463 1581 1693 1639 naturali
1734 1576 1987 1635 similitu-

414 1693 541 1748 dine
570 1691 865 1753 recedunt,
891 1695 946 1740 et
970 1681 1277 1740 essentialis
1304 1677 1582 1749 qualitatis
1612 1673 1819 1727 ratione
1850 1672 1990 1724 inter

414 1798 476 1840 se
496 1782 798 1842 dissident,
827 1792 892 1833 ea
928 1784 1022 1829 aut
1053 1774 1203 1835 loco,
1229 1778 1322 1823 aut
1358 1767 1469 1822 sola
1506 1764 1713 1818 ratione
1746 1761 1989 1828 seiuncta
2020 1786 2064 1843 Β

415 1884 561 1930 sunt.
585 1873 653 1929 Et
676 1871 795 1926 loco
821 1868 1036 1938 quidem
1065 1878 1094 1917 a
1120 1869 1305 1916 mutua
1333 1856 1709 1926 conjunctione
1739 1867 1991 1923 separan-

418 1979 505 2022 tur
533 1980 653 2036 qua:
683 1973 1003 2031 corpoream
1035 1952 1479 2011 constitutionem
1513 1948 1745 2011 habent;
1785 1943 1993 1999 ratione

420 2035 599 2113 antem
634 2055 1018 2124 disiunguntur
1053 2044 1342 2107 nonnulla,
1369 2056 1488 2112 qua:
1527 2037 1801 2094 essentiali
1837 2035 1993 2092 diﬁ'e-

420 2148 592 2203 rentia
624 2144 900 2206 dilferuut,
926 2149 985 2194 ut
1016 2140 1176 2193 homo
1208 2135 1274 2190 ab
1305 2147 1466 2202 equo.
1496 2129 1841 2196 Quaecunque
1864 2140 1995 2181 vero

418 2235 865 2307 signiﬁcationem
909 2240 966 2285 et
1007 2226 1151 2296 quod
1192 2238 1260 2278 ex
1300 2221 1431 2292 ipsis
1472 2218 1700 2273 elIicitur
1736 2215 1997 2271 dissimile

420 2328 657 2392 habent,
695 2339 757 2379 ea
817 2321 1030 2376 ratione
1078 2314 1517 2386 cogitationeque
1565 2309 1992 2377 distinguuntur,

418 2388 872 2489 quemadmodum
934 2409 1141 2465 sanitas
1196 2416 1251 2462 et
1303 2405 1542 2459 morbus.
1599 2402 1678 2455 Ex
1730 2388 1815 2454 his
1869 2411 1998 2455 vero

420 2523 757 2581 quaecunque
784 2504 896 2559 sola
927 2503 1137 2557 ratione
1159 2509 1213 2554 et
1245 2496 1435 2552 eﬂ‘ectu
1465 2494 1738 2550 contraria
1771 2492 1913 2546 inter
1939 2504 1998 2544 se

423 2612 584 2668 sunt,
644 2600 930 2672 peritiores
990 2592 1293 2665 philosophi
1354 2588 1627 2645 contraria
1684 2585 1997 2641 immediata

421 2702 649 2758 vocant»;
706 2690 810 2745 alia
854 2703 985 2743 vero
1037 2685 1289 2741 mediata.
1333 2680 1653 2736 lmmediata
1701 2678 1892 2746 igitur,
1941 2684 1999 2729 ut

420 2788 584 2840 modo
616 2783 883 2844 diximus,
910 2786 1036 2832 sunt
1068 2775 1274 2831 sanitas
1314 2783 1368 2826 et
1406 2772 1625 2825 morbus
1666 2786 1680 2821 :
1720 2766 1829 2839 65
1870 2766 2000 2820 nihil

424 2880 567 2932 enim
596 2877 738 2930 inter
764 2875 879 2928 haec
907 2879 990 2924 est
1022 2867 1277 2922 medium.
1307 2863 1362 2918 Si
1394 2863 1536 2918 enim
1572 2860 1772 2928 aliquid
1807 2859 1998 2912 horum

427 2966 627 3023 homini
661 2964 893 3025 accidat.
917 2961 968 3016 id
994 2960 1165 3014 solum
1196 2959 1251 3011 in
1282 2957 1397 3025 ipso
1425 2963 1527 3007 est.
1553 2953 1661 3005 Aut
1681 2952 1828 3004 enim
1863 2949 1999 3002 bene

418 3062 586 3124 Valet,
610 3068 701 3113 aut
722 3063 979 3126 aegrotat;
1008 3051 1321 3117 nullumque
1351 3048 1492 3100 inter
1516 3055 1784 3112 aegrOtare
1813 3049 1867 3094 et
1895 3055 1999 3093 non

424 3160 687 3220 aegrotare
720 3157 804 3202 est
837 3145 1091 3199 medium.
1117 3141 1345 3196 Mediata
1380 3152 1505 3191 vero
1538 3136 1810 3191 contraria
1840 3133 1999 3202 juSti-

429 3246 556 3297 tiam
593 3252 648 3297 et
677 3239 989 3309 iniustitiam
1024 3250 1146 3290 esse
1181 3233 1385 3288 volunt.
1421 3229 1607 3299 Neque
1647 3228 1794 3281 enim
1830 3226 2009 3280 omnis

419 3340 589 3390 'hnmo
631 3344 727 3389 aut
764 3334 817 3387 in
866 3332 1176 3385 universum
1217 3326 1427 3395 justus,
1465 3332 1555 3376 aut
1596 3322 1649 3375 in
1696 3319 2007 3373 universum

421 3429 658 3497 iniustus
696 3437 799 3480 eat.
823 3422 969 3479 Fieri
1008 3420 1152 3474 enim
1194 3428 1369 3487 potest
1403 3425 1461 3470 ut
1495 3415 1729 3468 medium
1773 3410 2006 3478 aliquem

426 3516 602 3574 locum
635 3518 972 3573 inveniamus
991 3553 1007 3577 ,
1035 3512 1289 3567 nimirum
1324 3516 1382 3562 ut
1412 3508 1534 3577 quis
1558 3520 1623 3558 cx
1653 3512 1804 3571 parte
1830 3501 2010 3567 justus

428 3613 520 3677 sit,
549 3624 653 3663 non
683 3616 859 3662 autem
891 3588 1142 3659 omnibus
1165 3601 1410 3673 partibus
1442 3598 1697 3667 injustus.
1724 3592 1817 3647 llis
1845 3591 2010 3658 igitur

430 3702 531 3757 hoc
560 3700 717 3754 modo
744 3696 1122 3762 consideratis,
1147 3704 1202 3749 et
1227 3690 1671 3748 dissimilitudine
1701 3688 1754 3741 in
1782 3683 2008 3753 singulis

433 3793 594 3845 rebus
629 3788 1016 3859 pervestigata,
1052 3784 1329 3837 videamus
1361 3792 1594 3848 quonam
1638 3776 1798 3830 modo
1835 3788 1899 3828 es
1944 3772 2010 3828 iis

430 3896 550 3950 quae
580 3880 722 3934 dicta
756 3887 882 3933 sunt
915 3874 1085 3929 Filius
1118 3888 1147 3926 ε
1184 3868 1535 3925 similitudine
1560 3865 1745 3921 Patris
1770 3863 2003 3919 dilIerat.

432 3974 576 4029 Loco
607 3982 755 4026 certe
787 3966 1028 4038 separari
1066 3976 1227 4019 nemo
1259 3960 1460 4015 dixerit
1492 3977 1505 4013 :
1544 3972 1718 4028 neque
1749 3957 1891 4011 enim
1928 3963 2012 4009 est

432 4078 647 4133 corpus,
666 4073 953 4131 corporum
972 4064 1159 4109 autem
1189 4051 1465 4123 proprium
1493 4058 1577 4105 est
1597 4046 1856 4103 localibus
1884 4058 2011 4115 spa-

434 4158 526 4212 tiis
565 4152 781 4218 dirimi;
822 4150 1086 4219 reliquum
1133 4160 1265 4215 ergo
1295 4152 1380 4198 est
1412 4152 1470 4197 ut
1502 4139 1712 4196 ratione
1744 4136 1957 4192 diﬂ‘erat
1992 4152 2007 4189 :

437 4251 644 4304 ratione
687 4254 867 4299 autem
902 4241 1021 4295 dico
1062 4236 1316 4292 naturali.
1340 4235 1415 4288 «At
1448 4234 1490 4288 si
1526 4241 1718 4286 natura
1755 4236 1838 4283 est
1871 4228 2010 4282 Deus

434 4342 615 4405 Pater,
640 4348 695 4392 et
722 4344 917 4391 natura
948 4331 1088 4387 Deus
1114 4329 1305 4395 Filius,
1333 4326 1633 4396 qualisnam
1664 4322 1806 4377 ratio
1837 4321 2013 4390 ipsum

437 4428 752 4500 distinguit?
779 4427 911 4491 Quis
941 4432 1118 4477 autem
1147 4436 1254 4474 non
1283 4420 1517 4472 fateatur
1538 4431 1599 4470 ea
1631 4429 1750 4483 quas
1770 4412 2010 4482 ejusdem

2086 490 2292 571 ὸύκοῢν
2318 490 2595 583 ἀμήχανον
2626 508 2684 560 ἐν
2711 503 2828 571 Υίῷ
2853 502 2946 556 καὶ
2969 500 3032 554 τδ
3072 499 3256 570 ὅμοιον
3281 490 3422 549 εἶναι
3460 494 3557 547 καὶ
3603 494 3666 546 τδ

2086 607 2361 678 ἀνόμοιον.
2400 595 2911 672 Ἐπιμαρτυρούσης
2936 593 2993 646 δὲ
3019 591 3120 661 τῆς
3154 588 3304 652 θείας
3332 584 3482 656 αὐτῷ
3522 584 3667 657 Γραο

2087 673 2201 770 φῆς
2235 696 2331 768 τὴν
2359 692 2654 765 ὁμοιότητα
2695 688 2795 756 τὴν
2825 685 2961 756 πρὸς
2985 681 3074 737 τὸν
3104 679 3349 751 Πατέρα,
3374 677 3468 731 καὶ
3494 673 3668 730 αὐτοῦ

2085 767 2508 859 δὲ-φάσκοντος·
2555 801 2574 835 ι
2629 782 2687 835 '0
2716 777 2977 851 ἑωρακὼς
3025 772 3147 846 ἐμὲ,
3180 770 3391 842 ἑώρακε
3432 767 3521 823 τὸν
3552 768 3668 820 Παι

2087 883 2243 953 τέρα,
2286 899 2305 932 δ
2340 878 2401 931 τὸ
2427 875 2679 947 ἀνόμοιον
2707 872 2768 926 οὐ
2800 864 3236 941 παραδεξόμεθα,
3271 860 3669 933 ποδηγούμενοι

2087 951 2174 1028 διά
2226 969 2431 1025 τούτων
2473 966 2566 1021 ἐπὶ
2609 964 2672 1018 τὸ
2715 959 3075 1032 ἀληθέστερόν
3120 974 3180 1010 τε
3239 955 3333 1009 καὶ
3378 951 3669 1024 πρεπωδέ-

2091 1081 2300 1136 στερον.
2359 1058 2579 1130 Ἐπειδὴ
2621 1056 2679 1109 δὲ
2726 1054 2887 1108 πάλιν
2926 1051 3027 1103 οὐκ
3069 1044 3254 1103 εῖπεν·
3295 1046 3354 1099 ὐ
3404 1042 3670 1115 ἑωρακὼς

2091 1134 2211 1224 ἐμὲ,
2244 1151 2342 1223 τὴν
2373 1148 2626 1220 βούλησιν
2667 1142 2878 1215 ἑώρακε
2924 1140 3019 1194 τοῦ
3052 1139 3262 1211 Πατρός
3304 1154 3430 1209 μου,
3464 1136 3525 1189 ού
3564 1134 3671 1203 τῆς

2094 1222 2398 1314 βουλήσεως
2428 1236 2610 1290 εἰκόνα
2634 1233 2726 1287 τὸν
2754 1231 2883 1285 Υίὸν
2911 1228 3339 1300 ὁμολογήσομεν,
3361 1224 3474 1278 ἀλλ’
3498 1222 3670 1276 αὑτοῦ

2091 1332 2185 1387 τοῦ
2215 1331 2425 1401 Πατρδς
2451 1327 2527 1391 ὡς
2562 1324 2714 1379 Υίόν.

2778 1433 2984 1489 AAAO.

2164 1558 2245 1610 Τὰ
2281 1556 2381 1627 τῆς
2410 1553 2546 1625 πρὸς
2575 1549 2780 1622 ἄλληλα
2825 1544 3118 1616 συναφείας
3152 1544 3185 1616 ἢ
3228 1541 3460 1614 φυσικῆς
3500 1541 3675 1611 ὲμφεο

2097 1650 2247 1723 ρείας
2290 1646 2743 1716 ἀναχωρήσαντα,
2783 1640 2878 1694 καὶ.
2920 1638 3062 1693 κατὰ
3103 1636 3194 1690 τὸν
3231 1635 3330 1706 τῆς
3383 1631 3676 1693 ούσιὼδους

2096 1742 2378 1811 ποιότητος
2409 1737 2563 1805 λόγον
2608 1732 3086 1803 ἀπεσχοινισμένα,
3139 1725 3471 1797 διίσταταιῆ
3520 1723 3677 1791 τόπῳ

2092 1834 2420 1906 τεμνόμενα,
2449 1830 2484 1902 ἢ
2532 1828 2720 1898 μόναις
2762 1827 2879 1888 ταῖς
2915 1821 3202 1884 ἐπινοίαις.
3250 1818 3413 1887 Τόπῳ
3445 1816 3543 1887 μὲν
3579 1810 3677 1867 οὖν

2092 1904 2192 1999 τῆς
2219 1925 2356 1997 πρὸς
2382 1920 2588 1990 ἄλληλα
2625 1916 2918 1986 συναφείας
2944 1914 3211 1967 διίσταται
3241 1910 3308 1963 τὰ
3354 1904 3679 1978 σωματικὴν

2095 1996 2288 2091 ἔχοντα
2344 2016 2624 2075 σύστασιν,
2682 2010 2949 2063 διίσταται
2985 2005 3042 2059 δὲ
3083 2003 3180 2058 καὶ
3222 2002 3365 2070 λόγῳ
3401 1998 3523 2052 τινὰ
3562 1996 3682 2048 τῶν

2096 2089 2238 2165 κατά
2294 2107 2392 2179 τὴν
2441 2103 2671 2174 ούσιὼδη
2733 2097 3015 2171 διαφορὰν,
3082 2096 3159 2158 ὼς
3228 2091 3515 2163 ἄνθρωπος
3584 2089 3683 2140 ἴπ-

2094 2221 2222 2257 που.
2255 2200 2336 2255 Τὰ
2363 2199 2420 2253 δὲ
2452 2199 2551 2250 ὅσα
2582 2195 2680 2265 τὴν
2709 2191 2939 2262 δήλωσιν
2973 2188 3068 2243 καὶ
3110 2186 3172 2239 τὸ
3218 2184 3277 2250 ὲξ
3314 2182 3493 2239 αὐτῶν
3536 2184 3683 2235 ἀπυ-

2096 2291 2420 2363 τελούμενον
2474 2287 2726 2357 ἀνόμοιον
2775 2283 2907 2351 ἔχει,
2958 2280 3101 2349 λόγῳ
3144 2276 3284 2348 ψιλῷ
3324 2277 3417 2328 καὶ
3460 2272 3683 2343 ἐπινοίᾳ.

2103 2383 2436 2456 μεριζόμενα
2474 2376 2745 2448 φαίνεται,
2776 2371 2886 2427 οἷον
2926 2372 3108 2440 ὑγίεια
3152 2369 3245 2422 καὶ
3274 2367 3445 2429 νόσος.
3499 2364 3587 2417 Ἐν
3620 2363 3683 2416 δὲ

2097 2473 2306 2534 τούτοις
2340 2471 2441 2523 ὃσα
2472 2467 2618 2536 λόγῳ
2650 2464 2796 2535 μόνῳ
2842 2462 2936 2515 καὶ
2969 2462 3046 2530 τῷ
3080 2460 3138 2525 ἐξ
3166 2457 3344 2513 αὐτῶν
3384 2454 3684 2509 ἀποτελου-

2102 2566 2248 2638 μένῳ
2275 2563 2394 2617 κατ’
2425 2561 2773 2627 ἐναντιότητα
2815 2554 3086 2624 διέστηκε,
3118 2554 3184 2605 τὰ
3215 2549 3314 2620 μὲν
3360 2547 3541 2618 ἀμεσα
3580 2563 3685 2599 κα-

2095 2636 2278 2713 λοῦσιν
2318 2656 2367 2709 οἱ
2400 2654 2469 2708 τὰ
2510 2655 2610 2722 τῆς
2656 2647 2971 2718 φιλοσοφίας
3009 2642 3310 2713 ἠσκημένοι
3353 2636 3683 2709 μαθήματα,

2099 2750 2169 2804 τὰ
2190 2748 2247 2801 δὲ
2278 2747 2512 2818 ἔμμεσα.
2549 2743 2764 2812 Ἀμεσα
2800 2738 2899 2809 μὲν
2930 2731 3042 2798 οὖν,
3070 2733 3323 2802 καθάπερ
3350 2729 3449 2801 ἥδη
3495 2730 3689 2799 προεῖ-

2101 2859 2220 2906 πον,
2254 2840 2432 2908 ύγίεια
2464 2835 2560 2890 καὶ
2598 2833 2750 2896 νόσος
2770 2848 2784 2862 ·
2832 2828 2986 2884 οὐδὲν
3016 2826 3126 2897 γὰρ
3156 2823 3360 2878 τούτων
3405 2822 3523 2874 ἐστὶ
3576 2836 3686 2889 με-

2098 2932 2251 2997 ταξύ.
2288 2931 2350 2982 Εἰ
2376 2928 2485 2999 γὰρ
2513 2925 2598 2978 ἐπ’
2626 2921 2911 2992 ἀνθρώπου
2940 2918 3101 2989 τυχὸν
3133 2913 3352 2986 φέροιτό
3376 2930 3429 2965 τι
3452 2909 3688 2975 τούτων,

2102 3026 2158 3077 ἓν
2193 3023 2341 3075 ἔσται
2370 3020 2586 3080 πάντως
2614 3016 2671 3067 ὲν
2704 3010 2875 3083 αὐτῷ.
2918 3010 2992 3063 Ἦ
3026 3008 3134 3080 γὰρ
3164 3005 3415 3075 ὑγιαίνει,
3448 3002 3481 3074 ἦ
3511 3003 3689 3067 νοσεῖ,

2028 3133 2070 3188 C
2102 3116 2197 3170 καὶ
2227 3115 2288 3168 τὸ
2324 3112 2485 3183 μέσον
2514 3107 2606 3163 τοῦ
2640 3108 2813 3160 νοσεῖν
2840 3104 2875 3175 ἢ
2911 3103 2983 3173 μὴ
3018 3102 3217 3165 νοσεῖν,
3250 3096 3425 3151 οὐδέν.
3465 3094 3691 3164 Ἐμμε-

2110 3225 2200 3262 σον
2236 3205 2293 3259 δὲ
2323 3204 2421 3274 τὴν
2444 3197 2788 3269 δικαιοσύνην
2817 3191 2955 3249 εἶναί
3002 3208 3133 3262 φασι
3174 3190 3270 3243 καί
3306 3187 3405 3259 τὴν
3443 3185 3689 3239 ἀδικίαν.

2120 3297 2451 3369 Ἐπειδήπερ
2485 3294 2545 3347 ού
2568 3294 2674 3355 πᾶς
2698 3289 2792 3344 ἄνθ
2803 3303 2981 3359 ρωπος
3008 3285 3041 3357 ἦ
3066 3281 3369 3354 ὁλοκλήρως
3390 3278 3623 3341 δίκαιος,
3654 3275 3690 3345 ἦ

2107 3392 2288 3453 ἄδικός
2321 3391 2458 3442 ὲστι.
2497 3384 2730 3439 Δυνατὸν
2763 3382 2871 3450 γὰρ
2918 3380 3082 3449 μέσον
3132 3375 3321 3445 ὥσπερ
3372 3370 3492 3425 τινὰ
3519 3369 3693 3423 τόπον

2106 3483 2363 3556 εὑρέσθαι
2392 3481 2455 3533 ὲκ
2483 3479 2685 3549 μέρους
2709 3472 2919 3528 δικαίου
2954 3469 3097 3532 τινὸς
3125 3467 3295 3529 ὄντος,
3321 3464 3416 3518 καὶ
3447 3462 3509 3515 ού
3541 3477 3693 3525 παν-

2074 3617 2083 3627 .
2106 3553 2275 3637 τελῶς
2298 3572 2504 3626 ἀδίκου.
2537 3568 2752 3621 Τούτων
2781 3560 3068 3634 τοιγαροῦν
3099 3558 3241 3612 κατά
3268 3557 3416 3610 τόνδε
3444 3554 3534 3608 τὸν
3558 3553 3695 3625 τρό-

2108 3684 2209 3720 πον
2257 3666 2388 3737 ήμῖν
2429 3658 2859 3731 διεσκεμμένων,
2910 3654 3005 3709 καὶ
3053 3655 3153 3723 τῆς
3188 3648 3571 3719 ἀνομοιότητος
3630 3646 3693 3698 έν

2108 3756 2317 3819 τούτοις
2343 3750 2739 3822 ἐξεταζομένης
2766 3747 2856 3800 ἐπὶ
2879 3744 3081 3807 παντὸς
3105 3742 3451 3813 πράγματος,
3483 3736 3693 3808 ἴδωμεν

2109 3844 2251 3901 κατά
2283 3846 2434 3897 ποῖον
2461 3842 2570 3895 τῶν
2618 3838 2921 3913 εἰρημένων
2961 3836 3117 3904 λόγον
3158 3833 3435 3901 ἀφέστηκε
3464 3829 3561 3899 τῆς
3590 3827 3694 3882 τοῦ

2109 3937 2320 4007 Πατρός
2352 3934 2669 4006 ὁμοιότητος
2699 3932 2727 3983 6
2755 3928 2901 3992 Υἱός.
2934 3926 3095 3996 Τόπῳ
3121 3924 3221 3995 μὲν
3245 3918 3339 3977 οὖν
3368 3922 3467 3975 ούκ
3507 3922 3572 3975 ἄν
3602 3937 3695 3983 τις

2108 4029 2270 4083 αὑτὸν
2302 4025 2619 4098 μερίζεσθαι
2646 4022 2831 4091 λέγοι,
2863 4018 2985 4073 ἐπεὶ
3020 4019 3154 4088 μήτε
3188 4014 3348 4085 σῶμά
3378 4014 3493 4067 ὲστι
3516 4028 3531 4042 ο
3576 4028 3695 4065 σω-

2112 4121 2298 4192 μάτων
2331 4120 2436 4189 γάρ
2492 4117 2621 4170 ἴδιον
2664 4115 2919 4174 τοπικαῖς
2968 4106 3287 4182 μερίζεσθαι
3332 4104 3691 4159 διαστάσεσιο

2109 4213 2355 4267 λείπεται
2384 4210 2563 4262 τοίνυν
2590 4207 2675 4272 τὸ,
2708 4206 2851 4275 λόγῳ
2890 4199 3254 4274 χωρίζεσθαι·
3289 4198 3431 4267 λόγῳ
3455 4196 3513 4249 δέ
3544 4213 3695 4265 φημι

2111 4304 2186 4375 τῷ
2214 4304 2355 4358 κατά
2383 4302 2482 4372 τὴν
2526 4300 2711 4369 φύσιν.
2754 4296 2893 4350 Ἀλλ’
2924 4295 3081 4364 εἰπερ
3132 4291 3291 4362 φύσει
3338 4288 3471 4350 θεὸς
3512 4288 3541 4339 6
3568 4287 3695 4339 Ila.-

2110 4399 2234 4468 τὴρ,
2273 4397 2369 4449 καὶ
2397 4393 2556 4463 φύσει
2583 4392 2714 4454 Θεὸς
2757 4390 2786 4441 6
2828 4386 2975 4451 Υίὺς,
3008 4388 3159 4448 ποῖος
3190 4381 3351 4437 αὑτὸν
3391 4379 3695 4447 ἀποτέμνει

438 4470 747 4500 ...ο-...νην
783 4470 910 4491 κ-.-
941 4470 1118 4477 __-----
1648 4470 1665 4483 _
1798 4470 1818 4482 ,

438 4522 688 4579 essentia:
718 4527 875 4583 sunt,
907 4514 1105 4571 similia
1140 4512 1280 4566 inter
1309 4524 1369 4564 se
1396 4506 1550 4563 esse?
1579 4505 1878 4567 Praeterea,
1908 4516 2000 4556 non

2114 4489 2297 4557 λόγος;
2322 4487 2419 4550 Τίς
2438 4485 2494 4539 δὲ
2522 4485 2584 4537 ού
2623 4481 2965 4553 συγχωρήσει
2991 4476 3089 4547 τὴν
3113 4474 3250 4546 πρὸς
3275 4470 3478 4543 ἄλληλα
3504 4470 3696 4538 φορεῖν

2124 4581 2133 4583 ς
2248 4575 2263 4583 μ
2490 4573 2515 4583 -
2654 4572 2665 4583 .
2744 4569 2770 4579 -
2857 4569 2870 4583 .
2926 4568 2938 4583 .
3060 4565 3392 4583 μέλψω-μ
3450 4556 3567 4583 ,πη
3633 4571 3695 4583 η

439 4616 601 4671 veluti
630 4611 962 4669 contrarium
989 4606 1353 4674 distinguetur
1378 4598 1547 4654 Filius
1573 4613 1603 4650 a
1630 4596 1810 4659 Patre,
1836 4600 1896 4647 ut
1922 4593 2010 4646 illa

439 4721 561 4778 qua:
589 4705 847 4759 dicuntur
875 4698 1209 4756 immediata.
1243 4691 1430 4762 Neque
1463 4688 1604 4743 enim
1638 4697 1695 4740 ut
1724 4686 1927 4740 sanitas
1958 4693 2014 4738 et

444 4775 665 4853 morbus
711 4794 853 4847 inter
898 4805 957 4844 se
1002 4786 1298 4847 dissident;
1343 4795 1517 4851 neque
1562 4775 2009 4847 quemadmodum

443 4900 609 4943 unum
655 4882 857 4952 aliquid
889 4894 1077 4934 eorum
1105 4889 1224 4944 quas
1266 4872 1512 4939 diximus:
1536 4869 1590 4923 in
1626 4868 1846 4922 homine
1878 4864 2011 4917 reti-

444 4978 555 5034 neri
575 5016 591 5041 ,
621 4973 763 5028 ratio
789 4969 1058 5034 ostendit,
1086 4968 1161 5021 ita
1191 4964 1354 5020 etiam
1384 4972 1468 5017 est
1496 4960 1549 5013 in
1578 4956 1738 5013 Patre
1768 4966 1823 5009 et
1852 4955 2008 5010 Filio.

444 5040 716 5120 luhabitat
744 5059 889 5115 enim
920 5072 974 5111 In
1005 5057 1185 5124 aliquo
1209 5051 1371 5105 Pater
1404 5066 1417 5102 :
1449 5045 1715 5101 inhabitat
1739 5052 1795 5096 et
1820 5040 2006 5095 Filius.

443 5157 648 5226 Neque,
678 5147 1131 5224 quemadmodum
1162 5144 1251 5198 illa
1277 5140 1435 5196 simul
1463 5140 1630 5205 coire,
1660 5135 1925 5203 simulque
1957 5132 2009 5185 in

442 5250 630 5306 eodem
674 5244 915 5313 subjecto
954 5238 1254 5296 subsistere
1296 5242 1600 5302 nequeunt,
1637 5230 1709 5283 ita
1751 5226 1919 5280 Filius
1961 5233 2016 5278 et

444 5344 606 5398 Pater
648 5354 709 5395 se
753 5337 950 5393 habent
991 5348 1006 5385 :
1061 5349 1079 5382 ι
1135 5328 1272 5383 Ecce
1316 5326 1491 5389 enim,
1519 5322 1692 5391 inquit
1729 5318 2011 5381 Christus,

448 5435 724 5489 veniemus
762 5443 864 5496 ego
900 5436 955 5481 et
991 5422 1171 5485 Pater,
1200 5429 1254 5474 et
1286 5420 1338 5470 in
1374 5418 1490 5486 ipso
1531 5411 1867 5467 manebimus
1886 5406 1953 5461 ⁸⁸.
1992 5424 2009 5457 ι

448 5526 554 5581 Sed
596 5536 768 5593 neque
810 5522 885 5576 ita
930 5516 1107 5573 media
1141 5528 1227 5568 res
1263 5510 1367 5566 erit
1400 5508 1562 5562 Pater
1597 5508 1664 5560 ad
1700 5504 1927 5569 Filium,
1961 5508 2017 5555 nt

438 5617 674 5687 1iustitia.
702 5611 885 5681 Neque
910 5609 1053 5665 enim
1085 5605 1264 5660 minus
1292 5602 1397 5655 erit
1422 5598 1604 5663 Pater,
1631 5594 1813 5662 Pater,
1845 5605 2016 5663 neque

518 5774 569 5806 ³³
605 5772 757 5830 Joan.
788 5784 898 5833 xw.
930 5768 983 5825 9.
1061 5765 1108 5797 ”
1138 5761 1272 5818 Ibid.
1308 5759 1400 5813 25.

2112 4556 2408 4649 ὁμοιότητα
2456 4573 2556 4643 τῆς
2607 4569 2773 4626 αὑτοῦ
2819 4568 3005 4630 οὐσίας
3052 4565 3394 4633 ὑπάρχοντας
3450 4556 3571 4609 Ἔτι
3633 4571 3696 4607 τε

2114 4648 2250 4741 πρὸς
2284 4668 2478 4737 τούτῳ,
2513 4665 2632 4719 οὐδὲ
2661 4664 2738 4727 ὡς
2770 4660 3010 4717 ἐναντίον
3043 4657 3153 4725 ἔξει
3181 4673 3233 4710 τι
3263 4652 3399 4725 πρὸς
3439 4650 3531 4703 τὸν
3561 4648 3699 4701 Υίὸν

2112 4765 2141 4816 6
2164 4740 2371 4831 Πατὴρ,
2396 4759 2471 4819 ὡς
2500 4755 2569 4808 τά
2590 4756 2770 4825 ἄμεσα
2799 4749 3122 4819 καλούμενα.
3155 4745 3229 4799 Οὐ
3259 4744 3369 4814 γὰρ
3406 4741 3481 4804 ὡς
3510 4740 3699 4807 ὑγίεια

2114 4853 2206 4907 καὶ
2243 4829 2395 4913 νόσος
2442 4845 2693 4916 ἀλλήλοις
2723 4841 3085 4896 ἀντίκεινται·
3119 4833 3241 4889 οὐδὲ
3292 4833 3481 4902 ὥσπερ
3525 4829 3585 4881 ἓν
3642 4846 3698 4882 τι

2114 4945 2330 4998 πάντων
2352 4940 2461 4993 τῶν
2483 4934 2791 5009 εἰρημένων
2820 4933 2878 4984 ἐν
2899 4925 3207 5002 ἀνθρώποις
3235 4922 3505 4989 σώζεσθαι
3533 4922 3561 4974 ό
3580 4924 3699 4974 τών

2115 5034 2459 5106 πραγμάτων
2516 5027 2819 5096 ἀναγκάσει
2851 5024 3031 5092 λόγος,
3056 5019 3200 5075 οὓτω
3227 5018 3320 5072 καὶ
3352 5015 3446 5069 ἐπὶ
3475 5010 3707 5083 Πατρὸς

2116 5104 2212 5182 καὶ
2244 5104 2663 5189 Υίοῦ.,Ἐνοικεῖ
2692 5118 2801 5189 γάρ
2828 5132 2971 5169 τισιν
2995 5115 3024 5167 ό
3048 5109 3260 5183 Πατὴρ,
3295 5108 3491 5162 ἐνοικεῖ
3513 5104 3569 5159 δὲ
3598 5104 3700 5156 καὶ

2117 5222 2145 5273 6
2180 5219 2328 5282 Υἱός.
2360 5215 2470 5270 Καὶ
2495 5214 2555 5268 οὐ
2586 5211 2837 5280 καθάπερ
2869 5208 3049 5261 ἐκεῖνα
3076 5205 3157 5267 είς
3177 5199 3371 5256 ταυτὸν
3398 5194 3702 5266 ἀσύμϐατά

2119 5329 2178 5365 τε
2224 5310 2319 5363 καὶ
2359 5301 2756 5373 ἀσυνύπαρκτά
2794 5300 2963 5361 ἐστιν,
2993 5295 3138 5350 οὕτω
3165 5294 3259 5347 καὶ
3304 5292 3333 5343 6
3362 5288 3489 5349 Υἱὸς
3536 5286 3631 5337 καί
3672 5286 3702 5336 6

2122 5402 2349 5472 Πατήρ⁶
2390 5417 2409 5449 ι
2460 5397 2591 5449 Ἰδοὺ
2618 5372 2755 5463 γὰρ,
2808 5389 2972 5460 φησιν
3012 5388 3041 5439 6
3088 5381 3341 5454 Χριστὸς,
3390 5372 3699 5429 είσελευσό-

2127 5462 2405 5565 μεθαηὲγὼ
2439 5488 2535 5542 καὶ
2561 5488 2589 5539 6
2629 5462 2836 5553 Πατὴρ,
2866 5479 2959 5533 καὶ
2996 5475 3162 5547 μονὴν
3190 5471 3319 5543 παρ’
3342 5466 3489 5536 αὐτῷ
3534 5462 3701 5531 md;-

2125 5557 2308 5655 σομεν.
2338 5557 2377 5635 ἡ»
2433 5579 2571 5634 Ἀλλ’
2619 5574 2738 5630 οὐδὲ
2771 5572 2944 5635 οὕτως
2980 5567 3222 5640 έμμεσον
3264 5564 3414 5617 ἔσται
3462 5557 3701 5630 πρᾶγμα
