3876 6208
238 350 341 405 109

1635 334 2089 395 τηεεΑυιιυε.

3389 337 3486 391 ΗΟ

233 466 429 537 Πατὴρ
468 464 603 537 πρὸς
653 462 801 527 Υἱὸν,
850 461 1039 529 ὥσπερ
1086 462 1120 530 ή
1156 458 1469 529 δικαιοσύνη
1512 458 1695 528 τυχόν.
1733 458 1809 510 Ού

1943 456 2093 510 uinus
2117 453 2224 509 erit
2250 451 2446 517 Filius,
2471 449 2672 515 Filius,
2703 458 2761 504 ut
2783 449 2996 505 medius
3020 449 3216 520 aliquis
3243 450 3392 519 locus
3419 458 3488 511 sit

231 558 346 630 γάρ
382 557 602 610 ἔλαττον
665 554 817 607 ἐσται
866 552 1057 624 Πατὴρ
1100 553 1130 605 6
1175 549 1388 623 Πατὴρ,
1430 549 1552 604 οὐδὲ
1592 550 1812 605 ἔλαττον

233 650 392 704 ἔσται
424 648 552 712 Υἱὸς
577 649 606 701 6
635 646 783 710 Υἱὸς,
823 644 912 698 ἵνα
939 661 1022 708 τις
1057 643 1223 715 μέσος
1258 641 1480 712 γένηται
1510 641 1675 704 τόπος
1704 659 1815 710 χω-

238 742 351 814 ρῶν
376 741 477 810 τῆς
522 739 707 804 οὐσίας
734 740 833 809 τὴν
881 736 1165 803 ὑπόϐασιν,
1217 734 1407 806 ὥσπερ
1451 735 1545 787 ἐπὶ
1584 734 1687 803 τῆς
1732 732 1812 785 δι-

237 831 534 902 καιοσύνης
585 831 681 884 καὶ
729 829 941 892 ἀδικίας
976 827 1213 896 ἐλέγετο.
1250 825 1478 889 Οὐδενὸς
1526 822 1817 894 τοιγαροῦν

224 914 566 996 χωρίζοντος
593 921 759 975 τόπου
797 921 898 991 τῆς
931 919 1065 992 πρὸς
1095 919 1229 971 Θεὸν
1256 918 1474 988 Πατέρα
1504 916 1820 986 ὁμοιότητος

236 1018 336 1071 τὸν
362 1017 509 1080 Υἱὸν,
544 1014 795 1087 περιττὸν
816 1014 878 1066 τὸ
900 1013 1084 1081 λέγειν
1110 1014 1176 1083 τῇ
1210 1010 1463 1081 βουλήσει
1503 1006 1816 1079 προσεοικέ-

239 1129 332 1164 ναι
357 1109 556 1182 μᾶλλον
579 1109 765 1172 αὑτὸν,
787 1107 881 1160 καὶ
902 1106 1000 1158 οὐκ
1024 1104 1173 1173 αὐτῷ
1194 1102 1273 1173 τῷ
1297 1099 1636 1172 ἐκλάμψαντι
1657 1098 1817 1153 αὑτὸν

240 1201 438 1272 Πατρξ.

928 1309 1125 1362 ΑΛΛΟ.

314 1424 417 1481 τΩν
449 1428 477 1480 6
515 1426 669 1494 λόγος
706 1427 737 1477 ὁ
775 1424 955 1484 αὐτὸς,
1006 1421 1180 1476 ταῦτα
1224 1420 1441 1484 πάντως
1489 1419 1707 1490 ὁμοειδῆ
1760 1435 1820 1471 τε

242 1518 385 1574 εἶναι
414 1519 507 1573 καὶ
533 1517 783 1586 ἀλλήλοις
826 1514 1038 1567 ἐοικότα
1073 1511 1317 1583 φυσικῶς
1344 1513 1662 1580 ἀναγκαῖον.
1694 1505 1822 1564 Οῖον

242 1613 381 1687 φέρε
426 1613 601 1663 εἰπεῖν
624 1625 637 1635 ·
692 1609 751 1662 '0
782 1606 877 1660 τοῦ
919 1605 1208 1677 ἀνθρώπου
1241 1603 1399 1673 λόγος
1443 1602 1615 1667 οὕτως
1661 1602 1819 1673 ἔχων,

244 1703 385 1767 ζῶον
410 1700 650 1769 λογικὸν,
690 1697 905 1768 θνητὸν,
936 1695 1028 1749 νοῦ
1062 1696 1156 1749 καὶ⁸
1197 1694 1509 1765 ἐπιστήμης
1540 1692 1819 1746 δεκτικόν·

245 1794 370 1847 καθ’
396 1786 470 1845 ὧν
502 1791 545 1843 δ’
575 1790 640 1843 ἂν
668 1788 907 1859 φέροιτο,
935 1786 1109 1841 ταῦτα
1134 1788 1234 1858 τῆς
1272 1785 1445 1855 αὐτῆς
1482 1784 1670 1848 οὐσίας
1694 1783 1825 1837 ὅντα

242 1886 502 1941 δεικνύει.
535 1883 643 1937 Καὶ
668 1879 748 1945 οἷς
778 1881 846 1935 ἂν
872 1880 1046 1934 ταῦτα
1091 1877 1517 1950 ὲπαληθεύηται,
1545 1876 1615 1930 τὰ
1644 1878 1700 1928 ἐν
1747 1876 1826 1944 τῷ

244 1982 380 2051 ὅρῳ,
425 1977 588 2048 φημὶ,
616 1974 788 2028 ταῦτα
818 1973 1039 2035 πάντως
1076 1970 1397 2043 ἀνθρώπους
1443 1965 1584 2022 εἶναι
1628 1968 1726 2021 δεῖ.
1765 1968 1825 2021 Εἰ

246 2073 357 2144 γὰρ
404 2070 542 2135 ζῶόν
582 2069 699 2120 ἐστι
728 2065 965 2134 λογικὸν,
1010 2062 1226 2135 θνητὸν,
1254 2061 1347 2115 νοῦ
1380 2062 1474 2115 καὶ
1515 2061 1826 2131 ἐπιστήμης

245 2162 517 2226 δεκτικὸν,
546 2161 599 2213 τί
627 2159 692 2214 ἂν
721 2159 907 2228 ἓτερον
940 2156 1025 2227 εἴη
1060 2155 1246 2209 λοιπὸν
1273 2154 1306 2225 ἦ
1332 2153 1617 2225 ἄνθρωπος
1644 2151 1705 2205 τὸ
1734 2168 1829 2220 ση-

252 2256 612 2327 μαινόμενοη
645 2253 708 2306 Ei
728 2251 905 2305 τοίνυν
925 2250 987 2303 τὸ
1010 2248 1142 2311 Θεὸς
1172 2247 1342 2317 ὄνομα
1367 2246 1460 2299 καὶ
1485 2245 1708 2316 Κύριος,
1734 2244 1829 2296 καὶ

246 2349 314 2401 τὸ
343 2347 635 2417 ἄφθαρτος,
661 2343 839 2397 καὶτὸ
869 2339 1141 2411 βασιλεὺς,
1179 2337 1275 2390 καλ⁵
1296 2335 1351 2388 εἴ
1369 2353 1422 2389 τι
1463 2335 1651 2406 ἕτερον
1691 2333 1833 2417 πρὸς.

247 2439 461 2503 τούτοις
498 2438 626 2506 περὶ
653 2434 749 2488 τοῦ
774 2431 987 2504 Πατρὸς
1012 2430 1250 2498 λέγεται,
1287 2427 1379 2481 καὶ
1414 2425 1587 2479 ταῦτα
1624 2424 1719 2478 καὶ
1743 2425 1828 2492 ἐφ’

252 2532 385 2589 Υἱοῦ
404 2531 676 2602 φερόμενα
692 2524 1110 2597 ἐπαληθεύεται,
1135 2521 1229 2576 καὶ
1249 2520 1310 2572 ού
1331 2518 1490 2590 μέχρι
1524 2516 1703 2587 μόνων
1721 2514 1830 2568 τῶν

249 2624 535 2697 ὀνομάτων
562 2620 660 2693 τὴν
686 2618 965 2690 εὐφημίαν
993 2616 1127 2688 ἔχει,
1159 2614 1273 2669 ἀλλ’
1308 2613 1455 2667 ἐστιν
1483 2611 1653 2671 ὅντως
1687 2609 1830 2663 οὕτω

251 2718 351 2772 καὶ⁵
384 2715 523 2771 κατά
549 2713 731 2783 φύσιν,
757 2714 909 2774 ποῖος
948 2709 1103 2777 λόγος
1149 2706 1249 2777 τῆς
1295 2705 1431 2776 πρὸς
1475 2703 1567 2756 τὸν
1612 2701 1830 2770 Πατέρα

252 2809 490 2880 φυσικῆς
545 2806 862 2879 ὁμοιότητος
910 2803 1102 2875 χωριεί
1149 2799 1243 2853 τὸν
1301 2798 1464 2862 Υίόν;
1530 2797 1665 2849 Ἕνα
1722 2794 1830 2865 γὰρ

253 2904 437 2975 ἔχουσι
462 2901 562 2971 τῆς
584 2900 772 2961 οὐσίας
801 2896 893 2950 τὸν
930 2897 1074 2967 ὅρον,
1100 2894 1195 2947 καὶ
1223 2892 1401 2947 πάντα
1441 2891 1542 2943 ὃσα
1570 2888 1832 2959 πρόσεστι

249 2996 334 3065 τῷ
383 2991 754 3064 γεγεννηκότι,
797 2988 893 3041 καὶ
936 2986 1030 3041 ἐπὶ
1078 2984 1171 3039 τοῦ
1223 2980 1577 3053 γεννηθέντος
1624 2978 1831 3045 ἐπαλη-

252 3087 489 3141 θεύεται.
524 3086 587 3138 Εί
612 3083 669 3138 δέ
707 3098 791 3144 τις
832 3077 1117 3149 ἀποτολμᾷ
1152 3073 1502 3145 ψευδώνυμον
1530 3070 1662 3124 Θεὸν
1694 3066 1833 3122 εἶναι

1916 548 2005 619 qui
2039 547 2215 616 capiat
2242 545 2493 600 essentize
2525 541 2978 607 imminutionem,
3006 543 3149 597 sicut
3185 543 3250 597 de
3278 544 3488 614 iustitia

1915 649 1967 694 et
2015 637 2276 704 injustitia
2318 635 2519 690 dictum
2542 642 2644 689 est.
2678 632 2811 687 Cum
2856 633 3042 703 itaque
3082 634 3260 689 nullus
3301 640 3493 693 modus

1916 729 2009 791 sit,
2040 728 2129 797 qui
2160 725 2356 779 Filium
2385 738 2413 777 a
2445 721 2795 778 similitudine
2824 720 3004 777 Patris
3033 733 3271 794 separet,
3301 740 3495 795 super-

1918 834 2213 872 vacaneum
2268 826 2429 886 atque
2482 812 2773 869 absurdum
2837 823 2923 869 est
2980 814 3162 868 dicere
3232 814 3493 870 voluntati

1918 910 2096 963 Patris
2130 909 2303 978 ipsum
2339 905 2520 977 potius
2553 903 2785 959 similem
2816 918 2971 965 esse.
3002 918 3109 958 non
3143 903 3293 959 Patri
3330 906 3427 975 ipsi
3465 922 3496 959 e

1918 1017 2025 1071 quo
2054 999 2291 1068 eﬁ‘ulget.

2598 1293 2827 1350 ALIUD.

1992 1410 2234 1478 Quorum
2266 1410 2455 1468 eadem
2489 1421 2571 1467 est
2598 1412 2763 1478 ratio,
2795 1413 2909 1468 haec
2940 1413 3230 1467 uniformia
3261 1422 3316 1467 et
3345 1422 3498 1467 natu-

1924 1506 2116 1560 raliter
2142 1503 2340 1561 similia
2378 1505 2522 1560 inter
2548 1517 2608 1560 se
2632 1520 2755 1560 esse
2788 1519 3009 1560 necesse
3036 1514 3139 1560 est.
3170 1503 3242 1559 Ut
3268 1506 3498 1574 exempli

1922 1597 2099 1667 gratia
2133 1613 2149 1652 :
2181 1596 2416 1652 hominis
2446 1596 2587 1651 ratio
2618 1597 2690 1651 ita
2721 1598 2944 1662 habens,
2983 1597 3181 1652 animal
3212 1598 3496 1661 rationale.

1925 1689 2183 1753 mortale,
2224 1688 2530 1744 intellectus
2570 1698 2625 1744 et
2671 1690 2911 1745 scientia
2958 1704 3160 1759 capax,
3195 1705 3386 1745 omnes
3432 1692 3499 1742 ad

1927 1795 2064 1849 quos
2094 1780 2145 1833 id
2178 1780 2433 1844 refertur,
2458 1778 2700 1848 ejusdem
2735 1780 3052 1835 substantiae
3086 1794 3209 1836 esse
3242 1780 3500 1839 ostendit.

1924 1873 2036 1944 66
2070 1873 2133 1926 Et
2162 1873 2356 1941 quibus
2385 1873 2501 1927 haec
2530 1872 2769 1927 delinitio
2793 1887 2919 1927 vere
2941 1874 3228 1941 competit,
3257 1873 3503 1927 homines

1928 1980 2050 2019 esse
2090 1980 2315 2019 necesse
2351 1974 2455 2018 est.
2487 1964 2544 2018 Si
2590 1966 2733 2019 enim
2781 1965 2978 2019 animal
3021 1965 3179 2021 fuerit
3218 1965 3501 2030 rationale,

1931 2054 2197 2119 mortale,
2235 2054 2543 2110 intellectus
2588 2064 2640 2109 et
2686 2056 2962 2124 sapientiae
3004 2071 3210 2126 capax,
3244 2057 3501 2125 quidnam

1929 2146 2071 2201 aliud
2105 2161 2266 2214 quam
2303 2147 2465 2202 homo
2497 2146 2865 2218 signiﬁcetur?
2905 2148 2960 2203 Si
2982 2163 3113 2217 ergo
3142 2163 3336 2204 nomen
3375 2150 3499 2213 hoc,

1928 2236 2072 2291 Deus
2096 2247 2151 2292 et
2179 2237 2466 2303 Dominus,
2496 2248 2551 2292 et.
2580 2238 2931 2305 immortalis,
2959 2251 3012 2292 et
3047 2256 3139 2294 rex
3160 2278 3176 2303 ,
3204 2250 3258 2294 et
3287 2240 3331 2294 si
3361 2241 3504 2308 quod

1931 2338 2189 2396 praeterea
2220 2329 2365 2384 aliud
2390 2330 2457 2386 de
2486 2329 2647 2386 Patre
2677 2331 2898 2397 dicitur,
2926 2330 3092 2384 etiam
3119 2332 3185 2386 de
3211 2331 3349 2386 Filio
3375 2345 3506 2386 vere

1930 2422 2202 2486 dicuntur,
2258 2436 2431 2491 neque
2479 2422 2787 2477 nominibus
2829 2423 3038 2488 solum,
3084 2424 3178 2478 sed
3231 2424 3408 2494 reipsa
3452 2432 3510 2478 et

1930 2516 2224 2567 secundum
2268 2526 2547 2581 naturam,
2575 2531 2819 2584 quasnam
2859 2517 2998 2571 ratio
3034 2531 3062 2568 a
3107 2516 3339 2570 naturali
3381 2531 3504 2570 cum

1931 2602 2091 2659 Patre
2140 2605 2491 2660 similitudine
2540 2606 2734 2660 Filium
2784 2609 3093 2678 separabit?
3138 2609 3312 2664 Unam
3359 2608 3505 2662 enim

1933 2697 2132 2751 habent
2159 2699 2407 2753 essentias
2437 2697 2834 2764 deﬁnitionem,
2859 2709 2915 2754 et
2950 2701 3131 2754 omnia
3165 2715 3285 2764 quae
3326 2701 3510 2754 insunt

1931 2788 2197 2852 Genitori,
2220 2788 2382 2843 etiam
2401 2790 2467 2844 de
2487 2790 2682 2844 Genito
2706 2804 2830 2846 vere
2856 2792 3130 2845 dicuntur.
3155 2789 3211 2844 Si
3239 2790 3361 2858 quis
3381 2804 3511 2843 vero

1933 2895 2099 2935 ausus
2142 2880 2306 2935 fuerit
2345 2883 2525 2937 dicere
2562 2882 2755 2937 Filium
2800 2882 2939 2937 falso
2983 2883 3251 2937 nominari
3307 2882 3507 2944 Deum.

1935 2988 2107 3041 neque
2139 2973 2369 3043 amplius
2397 2974 2689 3043 quidquam
2725 2975 2926 3030 habere
2958 2990 3123 3045 quam
3160 2990 3254 3030 eos
3284 2976 3375 3043 qui
3412 2990 3510 3045 per

1934 3065 2163 3132 gratiam
2189 3067 2255 3119 ad
2280 3066 2617 3121 divinitatem
2648 3077 2702 3122 et
2726 3067 3037 3122 liliationem
3067 3069 3240 3122 vocati
3268 3075 3428 3132 sunt,
3457 3069 3509 3123 in

251 3178 435 3247 λέγειν
462 3176 553 3229 τὸν
578 3175 724 3239 Υίὸν,
763 3172 856 3226 καὶ
887 3168 1054 3222 πλέον
1082 3168 1233 3220 οὐδὲν
1258 3164 1404 3236 ἔχειν
1426 3162 1537 3217 τῶν
1563 3162 1705 3217 κατά
1733 3160 1832 3232 χά-

1943 3154 2085 3209 i‘auli
2108 3154 2444 3210 Samosateni
2471 3156 2663 3225 dogma
2689 3156 2989 3226 prolapsus,
3009 3158 3055 3212 is
3083 3160 3274 3212 merito
3296 3172 3326 3211 a
3354 3158 3512 3212 nobis

255 3288 344 3341 ριν
374 3271 452 3332 εἰς
490 3267 722 3336 θεότητα
750 3262 845 3317 καὶ
874 3264 954 3326 είς
984 3261 1211 3330 υἰότητα
1238 3257 1611 3330 κεκλημένων,
1662 3256 1741 3321 εἰς
1776 3254 1835 3308 τὸ

254 3360 469 3415 Παύλου
509 3357 603 3411 τοῦ
641 3352 1000 3427 Σαμοσατέως
1028 3348 1349 3423 ὲμὸεδηκὼς
1374 3350 1568 3419 δόγμα,
1611 3347 1836 3410 δικαίως

252 3452 548 3507 ἀκούσεται
581 3450 712 3520 παρ’
761 3446 954 3517 ήμῶν·
998 3463 1016 3497 ι
1071 3444 1198 3498 Ἐὰν
1231 3442 1305 3515 μὴ
1347 3441 1699 3511 πιστεύσητε,
1728 3439 1835 3493 οὐδ’

252 3548 319 3599 ού
352 3546 430 3615 μὴ
474 3542 689 3612 συνῆτε.
726 3559 744 3590 ι
787 3540 1091 3610 Ἀμήχανον
1126 3535 1235 3608 γὰρ
1258 3536 1384 3599 τοὺς
1424 3534 1499 3606 μή
1524 3533 1683 3604 φύσει
1705 3532 1836 3586 Θεὸν

254 3636 526 3706 ὑπάρχειν
569 3633 924 3692 πιστεύοντας
964 3628 1055 3681 τὸν
1102 3626 1251 3692 Υἱὸν,
1289 3624 1480 3695 νοῆσαι
1519 3624 1622 3695 τὴν
1664 3621 1837 3692 ἐμφέι

258 3745 413 3801 ρειαν
433 3728 499 3799 ἦν
518 3725 631 3795 ἔχει
651 3722 787 3795 πρὸς
810 3722 901 3775 τὸν
927 3720 1149 3791 Πατέρα
1174 3717 1316 3771 κατὰ
1336 3716 1515 3787 φύσιν.
1539 3715 1839 3787 Τοιγαροῦν

254 3817 454 3882 ἐοικὼς
480 3816 557 3887 τῷ
580 3814 776 3885 Πατρὶ,
810 3814 912 3866 οὐκ
944 3811 1289 3881 ὲνυπάρκτου
1318 3808 1624 3879 βουλήσεως
1653 3807 1838 3859 εἰκόνα

254 3913 435 3983 φορεῖ,
468 3909 728 3978 ὑπάρχων
765 3904 873 3976 πρὸ
901 3903 1010 3956 τῶν
1043 3902 1255 3956 αἰώνων
1286 3901 1434 3964 Υἱός.

769 4027 1133 4115 ΛΟΓΟΣ
1202 4023 1325 4113 Θ’.

258 4191 391 4244 Ὀτι
423 4190 742 4260 όμοούᾳιος
780 4184 860 4260 τῷ
906 4181 1090 4260 Harp!
1128 4184 1160 4235 ὀ
1191 4179 1356 4260 ηὼς,
1388 4177 1839 4260 παρατεθέντων

328 4261 427 4314 καὶ
456 4249 693 4329 ’ρητῶη
716 4249 869 4319 ⁷τοῦ,
911 4276 947 4329 ι-
977 4249 1041 4308 Τί
1060 4269 1142 4329 με
1171 4251 1368 4329 τὶέιτεις
1414 4249 1677 4329 ἀγαθόηῖ
1725 4249 1837 4327 θίῗ

328 4270 427 4314 καὶ
472 4270 693 4329 ρητων,
739 4274 869 4319 του,
911 4276 928 4308 ι
977 4270 1142 4376 '1‘th
1171 4270 1368 4338 ,ειεγεις
1414 4270 1677 4319 αγασονς
1725 4270 1837 4327 υιί-

328 4331 455 4394 delc
486 4329 727 4399 ἀγαθὸς,
774 4330 827 4381 εὶ
860 4325 964 4399 μὴ
992 4341 1134 4399 ἐς
1159 4340 1191 4375 o
1220 4320 1407 4399 ¹θεὸς,
1470 4338 1487 4370 ι
1551 4318 1658 4399 καὶ
1709 4334 1837 4399 tot),

335 4421 355 4451 σ
400 4387 726 4470 Πορέύομὰὶ
763 4387 915 4464 πρὸξ-
943 4387 1050 4449 sor
1076 4387 1310 4470 Πατέρα
1334 4408 1452 4470 μου
1472 4388 1579 4468 καὶ
1607 4387 1840 4470 Πατέρα

327 4456 530 4541 ὑμῶνῖ,
596 4456 747 4541 έεόν
802 4456 932 4541 ’μου
993 4465 1092 4541 καὶ
1138 4456 1347 4541 ,Θεὸνπ
1377 4459 1649 4541 ὑμῶν...)
1724 4456 1837 4541 Καρ

1938 3247 2120 3301 audiet
2152 3264 2167 3300 :
2202 3264 2221 3297 ι
2257 3246 2369 3301 Nisi
2401 3247 2773 3313 credideritis,
2806 3263 2911 3302 nou
2947 3249 3277 3318 intelligetis.
3315 3268 3333 3301 ι
3365 3250 3508 3305 Fieri

1936 3340 2080 3393 enim
2117 3354 2222 3393 non
2274 3348 2452 3408 poteSt
2492 3349 2548 3391 ut
2579 3339 2668 3409 qui
2706 3338 2904 3394 Filium
2943 3353 3131 3396 natura
3183 3343 3347 3397 Deum
3391 3359 3513 3399 esse

1938 3443 2043 3482 non
2072 3429 2324 3496 credunt,
2348 3429 2650 3499 intelligant
2680 3431 2980 3485 naturalem
3011 3447 3171 3497 quam
3202 3448 3325 3488 cum
3351 3432 3512 3488 Patre

1940 3520 2101 3576 habet
2122 3520 2551 3577 similitudinem.
2576 3523 2779 3577 Similis
2804 3524 2985 3594 itaque
3005 3524 3175 3591 Patri,
3199 3541 3305 3579 non
3329 3535 3511 3580 autem

1939 3611 2231 3665 voluntatis
2263 3627 2359 3681 per
2384 3629 2443 3668 se
2476 3614 2790 3669 exsistentis
2829 3618 3117 3685 imaginem
3153 3624 3361 3687 gestat,
3389 3630 3516 3674 ante

1938 3702 2117 3755 omnia
2150 3703 2342 3757 saecula
2375 3706 2645 3759 exsistens
2673 3705 2859 3759 Filius.

2317 4013 2892 4107 ASSEHTIO
2963 4018 3137 4106 IX.

1942 4164 2095 4230 Quod
2116 4162 2577 4218 consubstantialis
2601 4162 2753 4217 Patri
2776 4166 2844 4217 sit
2872 4162 3067 4227 Filius,
3084 4167 3335 4231 appositis
3360 4170 3515 4221 etiam

2011 4238 2163 4289 dictis
2197 4251 2214 4287 :
2251 4254 2267 4286 ι
2310 4233 2448 4299 Quid
2480 4251 2560 4288 me
2584 4236 2717 4287 dicis
2747 4235 2978 4287 bonum?
3010 4234 3175 4287 Nemo
3202 4239 3387 4299 bonus,
3416 4255 3515 4291 nm

2010 4323 2146 4359 unus
2203 4305 2339 4359 Deus
2361 4305 2464 4369 "‘,
2492 4323 2509 4355 ι
2550 4316 2596 4357 et
2618 4344 2634 4365 ,
2667 4323 2686 4355 ι
2721 4303 2865 4358 Vada
2910 4306 2978 4355 ad
3019 4302 3228 4358 Patrem
3264 4324 3435 4361 meum
3469 4322 3515 4360 rt

2016 4374 2224 4429 Patrem
2244 4384 2487 4436 vestrum,
2508 4372 2678 4427 Deum
2692 4390 2862 4427 meum
2883 4383 2933 4426 et
2954 4372 3122 4427 Deum
3146 4386 3367 4430 vestrum
3383 4376 3430 4411 ⁸⁸
3452 4398 3464 4429 :
3495 4400 3512 4429 ι

2010 4445 2251 4517 similiter
2290 4460 2524 4514 quoque,
2558 4463 2577 4495 ι
2617 4442 2781 4498 Pater
2802 4445 2890 4514 qui
2919 4446 3059 4497 misit
3105 4462 3215 4510 me,
3245 4450 3417 4517 major
3440 4466 3520 4502 me

328 4515 576 4611 ἓὶἆὶδὶ,
600 4515 750 4592 Ττὸ
781 4515 1321 4604 ιῖαντῆρίόπέμιιυς
1352 4515 1430 4600 μέ
1466 4528 1678 4599 μείζων
1716 4527 1835 4596 μού
1867 4522 1913 4578 D
2009 4515 2169 4571 est“.
2200 4534 2221 4567 ι

326 4615 515 4665 ἐστιν.
557 4630 576 4662 ι

330 4725 395 4780 Εἰ
416 4726 622 4797 ῆρξατο
659 4722 755 4777 τοῦ
787 4721 980 4791 γεννᾷν
1011 4717 1103 4772 τὸν
1144 4717 1271 4771 Υίὸν
1298 4718 1327 4770 6
1352 4714 1563 4786 Πατὴρ,
1590 4713 1685 4767 καὶ
1706 4730 1837 4767 κατ-

257 4821 490 4882 έπαυσε,
543 4815 800 4886 καθάπερ
844 4815 893 4867 οἱ
924 4810 1295 4883 Χριστομάχοι
1341 4808 1495 4878 φασὶ,
1527 4809 1584 4860 ἐν
1627 4805 1837 4877 ὑστέρῳ

256 4916 433 4987 χρόνῳ
466 4910 827 4984 προσγέγονεν
859 4906 1026 4977 αὐτῷ.
1055 4900 1165 4958 Ἦν
1196 4899 1289 4957 οὖν
1330 4902 1439 4974 ἄρα
1484 4901 1613 4967 πρὶν
1641 4916 1837 4968 γεννη-

259 5009 441 5079 θῆναι,
473 5005 591 5059 κατ’
619 5003 864 5065 ἐκείνους
910 5004 967 5053 ὲν
1013 4996 1200 5069 μονάδι
1225 4997 1285 5051 τὸ
1323 4995 1476 5049 Θεῖον
1501 5010 1514 5023 ο
1560 4994 1749 5061 γέγονε
1782 4991 1840 5043 δὲ

260 5101 488 5169 ὕστερον
512 5101 569 5152 ὲν
592 5097 745 5152 δυάδι
768 5093 1117 5164 γεννηθέντος
1139 5090 1232 5144 τοῦ
1257 5087 1409 5151 Υίοῦ,
1432 5088 1525 5141 καὶ
1549 5086 1736 5155 ὥσπερ
1758 5100 1841 5146 τις

261 5191 550 5263 προσθήκη
591 5196 686 5244 καὶ
717 5187 945 5257 αὔξησις
975 5185 1224 5255 θεότητος
1265 5181 1323 5245 se
1353 5181 1584 5252 ἀρχαίας
1614 5178 1841 5248 μονάδος

262 5288 344 5351 είς
377 5287 475 5357 τὴν
520 5285 658 5355 μετά
705 5282 877 5336 ταῦτα
911 5279 1098 5333 δυάδα.
1141 5272 1467 5345 Ἀποκαμὼν
1500 5271 1557 5324 δὲ
1590 5273 1618 5324 6
1652 5268 1841 5338 Πατὴρ

261 5379 453 5448 ὥσπερ
476 5380 533 5431 ὲν
558 5376 637 5446 τῷ
656 5370 797 5429 εἶναι
824 5373 1006 5444 μόνος,
1030 5369 1291 5439 ἐπενόησε
1316 5366 1408 5419 τὸν
1433 5363 1562 5417 Υίὸν
1588 5361 1841 5416 κοινωνὸν

259 5473 363 5539 τῆς
388 5468 640 5540 θεότητος
665 5468 761 5520 καὶ
785 5465 896 5519 τῶν
920 5464 1120 5536 ἔργων.
1144 5462 1255 5515 Καὶ
1284 5457 1454 5513 πολλά
1478 5456 1614 5527 πρὸς
1632 5454 1842 5515 τούτοις

262 5552 526 5632 δύσφημά
559 5576 619 5613 τε
675 5558 771 5613 καὶ
825 5556 1023 5626 πολλῆς
1075 5553 1318 5625 γέμοντα
1353 5552 1451 5621 τῆς
1499 5546 1728 5607 ἀτοπίας
1778 5545 1842 5597 ὲκ

262 5652 359 5708 τοῦ
398 5654 615 5725 φρονεῖν
657 5651 799 5705 οὓτω
830 5647 1297 5721 παρενεχθήσεται
1320 5662 1333 5675 ·
1364 5642 1399 5697 ἀ
1439 5643 1532 5695 καὶ
1570 5638 1840 5708 τοσαύτην

2018 4715 2073 4767 Si
2095 4712 2254 4768 Pater
2266 4712 2733 4782 aliquandofctepit
2750 4727 3013 4782 generare
3027 4713 3243 4781 Filium,
3261 4723 3312 4769 et
3331 4726 3515 4785 postea

1948 4804 2199 4867 cessavit,
2244 4802 2699 4874 quemadmodum
2751 4804 2934 4859 hostes
2975 4803 3181 4859 Christi
3224 4817 3516 4871 asserunt,

1946 4896 2212 4965 posterior
2242 4905 2483 4965 tempore
2503 4894 2649 4949 Patri
2688 4896 2937 4951 accessit.
2966 4897 3094 4952 Erat
3130 4898 3331 4967 itaque,
3360 4908 3517 4953 antea

1944 5003 2103 5058 quam
2146 4990 2300 5044 ﬁeret
2338 4986 2535 5053 Filius,
2565 4999 2624 5043 ut
2662 4988 2739 5042 illi
2784 4988 2998 5056 volunt,
3031 4990 3184 5044 unica
3223 4990 3275 5044 iu
3321 4984 3521 5045 deitate

1944 5096 2203 5151 persona;
2234 5090 2415 5149 postca
2443 5095 2569 5134 vero
2591 5081 2727 5143 duae,
2753 5078 2894 5135 facto
2916 5081 3080 5149 Filio;
3104 5092 3265 5151 atque
3284 5081 3355 5136 ita
3376 5083 3523 5135 addi-

1948 5184 2244 5228 tamentum
2271 5174 2483 5243 aliquod
2514 5174 2628 5229 sive
2654 5175 3042 5230 incrementum
3068 5174 3287 5230 deitatis
3313 5173 3517 5229 factum

1949 5277 2115 5322 estex
2138 5267 2303 5321 veteri
2330 5268 2535 5321 unitate
2558 5267 2608 5320 in
2633 5268 2985 5336 posteriorem
3009 5267 3341 5322 dualitatem.
3361 5267 3523 5322 Cunt-

1950 5373 2056 5426 que
2090 5356 2489 5426 quodaminodo
2531 5358 2754 5413 taederet
2790 5357 3006 5412 Patrem
3039 5358 3149 5429 67
3183 5359 3521 5423 solitudinis,

1950 5451 2293 5504 machinatus
2339 5459 2422 5505 est
2461 5448 2688 5517 Filium,
2721 5452 2812 5521 qui
2863 5451 3163 5507 divinitatis
3207 5467 3319 5508 suae
3363 5464 3529 5523 atque

1948 5556 2170 5612 operum
2193 5541 2373 5597 socius
2393 5540 2557 5597 esset.
2583 5540 2860 5612 Multaque
2882 5544 3185 5615 hujusmodi
3212 5545 3526 5614 blasphema

1952 5647 2269 5705 summaque
2334 5634 2669 5693 absurditate
2730 5634 2924 5692 rel‘erta
2986 5652 3048 5691 ex
3117 5638 3219 5692 hac
3277 5636 3557 5703 Opinione-

340 5811 407 5845 ’δ’
440 5810 606 5869 Marc.
638 5825 691 5878 ι,
718 5808 800 5865 l8.
876 5807 921 5841 ⁸⁸
950 5806 1105 5864 Joan.
1144 5820 1237 5869 xx,
1274 5802 1360 5858 l7.
1437 5801 1482 5834 ⁸⁸
1520 5798 1674 5854 Joan.
1719 5810 1825 5861 xlv,
1854 5792 1944 5847 ‘28.
