3876 6208
342 342 440 395 III

1375 329 1431 378 δ.
1474 325 1752 378 CYHIIJJ
1793 318 2259 375 ALEXANDRIM
2292 315 2615 372 ABCHIEP.

3509 314 3613 368 ﬂ?

343 461 683 519 accumulant
714 478 727 513 :
763 472 882 527 quae
913 455 1046 509 adeo
1076 459 1317 506 atrocem
1348 447 1743 517 blasphemiam
1781 445 1832 498 in
1869 458 1929 496 se

2038 440 2148 511 ἔχει
2183 439 2282 511 τὴν
2315 439 2649 510 δυσφημίαν,
2684 438 2758 500 ὠς
2798 437 2961 491 παντί
2988 453 3065 508 τῳ
3093 434 3348 504 γενέσθαι
3376 436 3615 503 φευκτά.

338 558 650 619 continent,
683 563 743 607 ut
790 550 989 605 merito
1028 544 1277 602 omnibus
1320 540 1651 598 exsecranda
1697 537 1919 593 sint.‘Si

341 666 472 724 ergo
498 662 618 705 eam
647 660 769 716 qua:
800 645 854 698 in
887 642 1045 697 dictis
1080 652 1265 693 eorum
1301 645 1383 690 est
1415 631 1799 688 absurditatem
1828 629 1921 684 de-

350 742 537 801 testari
572 736 863 800 convenit,
900 745 1239 801 consequens
1281 738 1366 783 est
1394 735 1453 781 ut
1483 725 1770 780 credamus
1813 736 1919 777 non

344 833 584 888 additum
619 841 743 884 esse
776 824 974 880 Filium
1006 820 1181 883 Patri,
1214 818 1307 872 sed
1344 828 1559 884 semper
1592 821 1920 868 coaeternum

342 942 410 982 ex
439 926 553 995 ipso
576 921 762 977 fuisse.
782 918 850 971 Et
869 911 1345 986 quemadmodum,
1366 908 1411 963 si
1440 906 1652 961 additus
1676 903 1795 969 fuit,
1817 915 1921 955 non

343 1027 462 1074 erat
495 1007 976 1069 consubstantialis
1013 1025 1026 1060 :
1068 1004 1141 1059 ita
1177 1002 1340 1057 etiam
1362 1040 1377 1064 ,
1412 1013 1535 1052 cum
1571 995 1785 1049 additus
1817 1006 1922 1046 non

344 1109 524 1173 fuerit,
555 1104 650 1161 sed
679 1115 895 1170 semper
921 1114 1043 1155 cum
1070 1097 1187 1168 ipso
1205 1089 1734 1156 exstilerit,omnino
1762 1085 1929 1141 etiam

343 1194 824 1256 consubstantialis
856 1191 905 1246 ei
938 1198 1041 1245 est.

1017 1298 1249 1357 ALIUD.

411 1421 650 1481 Tametsi
687 1419 869 1490 aliquo
902 1415 1059 1471 modo
1089 1411 1305 1467 ditl‘erat
1335 1406 1506 1462 Filius
1538 1418 1569 1457 a
1601 1416 1701 1457 suo
1730 1400 1926 1465 Patre,

340 1533 401 1573 ea
436 1516 691 1571 nimirum
723 1511 936 1566 ratione
958 1521 1063 1575 qua
1091 1504 1255 1559 Pater
1279 1498 1603 1571 principium
1631 1501 1738 1558 est,
1757 1490 1929 1546 Filius

343 1619 523 1664 autem
553 1622 619 1661 ex
652 1602 938 1675 principio,
965 1613 1070 1653 non
1100 1605 1282 1650 tamen
1311 1593 1516 1647 idcirco
1540 1588 1682 1643 idem
1714 1600 1836 1641 cum
1862 1598 1929 1640 eo

343 1712 396 1756 et
426 1673 923 1754 consubstantialis
955 1703 1078 1745 esse
1111 1687 1342 1740 desinet.
1377 1680 1560 1749 Neque
1592 1676 1735 1732 enim
1766 1673 1927 1744 quid-

344 1804 506 1860 quam
539 1787 704 1841 fuerit
730 1790 1059 1839 coaeternum
1089 1775 1271 1843 Patri,
1300 1771 1441 1842 quod
1471 1785 1539 1825 ex
1566 1769 1682 1839 ipso
1709 1776 1927 1821 natura-
1960 1801 2005 1856 Β

346 1884 467 1937 liter
493 1895 599 1936 non
630 1876 822 1941 fuerit;
855 1888 923 1928 ne
954 1872 1118 1927 etiam
1148 1864 1415 1923 creaturis
1442 1864 1545 1917 boc
1576 1861 1754 1915 inesse
1778 1857 1926 1912 dica-

349 1992 498 2041 mus,
530 1974 673 2043 quod
704 1971 805 2026 soli
836 1968 1031 2023 divinat
1061 1974 1267 2018 natum
1298 1961 1460 2014 inest.
1486 1954 1752 2023 Quocirca
1786 1961 1927 2004 tam-

345 2070 446 2126 etsi
470 2067 638 2123 Filius
659 2063 876 2117 Patrem
897 2074 1053 2114 suum
1080 2055 1402 2127 principium
1429 2051 1723 2113 babeat,ea
1746 2054 1925 2099 tamen

348 2162 555 2216 ratione
605 2172 711 2227 qua
765 2168 833 2209 ex
884 2150 1150 2220 principio
1205 2156 1317 2213 est,
1368 2156 1584 2212 unaque
1633 2154 1757 2195 cum
1810 2138 1928 2206 ipso

346 2252 586 2316 exsistit,
614 2243 897 2301 dissimilis
928 2241 979 2296 ei
1014 2239 1309 2295 secundum
1340 2231 1632 2290 essentiam
1665 2244 1786 2285 esse
1821 2241 1927 2281 non

346 2349 541 2412 potest.
567 2338 844 2408 Siquidem
870 2334 995 2403 quia
1024 2345 1090 2385 ex
1112 2327 1382 2401 principio
1405 2333 1507 2389 est,
1532 2323 1736 2379 idcirco
1761 2319 1925 2375 etiam

346 2427 828 2490 consubstantialis
854 2423 1121 2496 principio
1150 2431 1257 2476 est.
1283 2418 1339 2473 Id
1368 2431 1498 2472 vero
1524 2415 1667 2483 quod
1697 2413 1930 2467 consub-

347 2524 601 2582 stantiale
630 2520 782 2577 Patri
825 2527 930 2582 est,
974 2514 1265 2570 ascititium
1310 2525 1417 2565 non
1470 2518 1578 2574 est,
1620 2520 1688 2562 ne
1733 2514 1787 2559 et
1818 2505 1931 2573 ipse

352 2616 617 2690 ejusmodi
645 2628 768 2671 esse
796 2609 1122 2682 reperiatur.

1030 2697 1255 2754 ALIUD.

792 2816 876 2870 Ea:
905 2811 1190 2883 objectione
1218 2807 1488 2861 Eunonen.

422 2938 541 2994 Non
565 2933 782 3003 recipit,
806 2930 1000 2999 inquit,
1026 2922 1428 2994 generationem
1455 2917 1634 2973 Patris
1660 2913 1932 2980 essentia;

354 3033 571 3103 genitus
616 3039 797 3083 autem
847 3031 930 3077 est
968 3018 1157 3074 Filius.
1190 3015 1305 3081 Quo
1350 3021 1510 3082 pacto
1548 3011 1711 3080 igitur
1752 3009 1801 3064 is
1840 3008 1930 3077 qui

357 3101 568 3198 genitus
596 3131 679 3177 est
699 3118 805 3174 erit
834 3107 1316 3170 consubstantialis
1339 3104 1509 3173 Patri,
1533 3103 1623 3174 qui
1654 3116 1759 3157 non
1792 3101 1933 3156 reci-

351 3221 429 3290 pit
452 3214 853 3288 generationem
872 3206 900 3260 ‘i

861 3315 1070 3374 Salutio
1104 3309 1429 3382 objectionis.

423 3443 614 3497 Dieant
638 3434 825 3498 nobis,
853 3433 1115 3493 obsecro,
1144 3424 1237 3496 qui
1269 3419 1582 3493 bujusmodi
1610 3416 1774 3473 stulte
1806 3430 1934 3483 pro-

351 3538 567 3594 ferunt:
598 3530 654 3586 Si
687 3544 783 3600 per
806 3522 1207 3597 generationem
1231 3516 1436 3571 tollitur
1464 3508 1935 3568 consubstantiali-

353 3642 463 3693 zas,
501 3640 600 3699 per
638 3636 800 3693 quam
855 3632 968 3673 rem
1020 3606 1464 3669 conservabitur?
1507 3603 1574 3659 Et
1606 3617 1855 3666 rursum,
1888 3600 1932 3657 si

352 3695 592 3794 genitum
620 3731 726 3771 non
760 3722 844 3768 est
874 3702 1339 3766 consubstantiale
1376 3696 1646 3771 genitori,
1674 3695 1932 3764 quidnam

354 3790 459 3870 erit
484 3802 981 3867 consubstantiale?
1007 3801 1167 3855 Certe
1197 3797 1248 3850 id
1275 3792 1419 3864 quod
1448 3790 1688 3861 genitura
1719 3802 1825 3840 non
1852 3793 1935 3839 est

354 3918 410 3961 et
435 3904 666 3959 alienum
693 3904 778 3953 est
801 3894 868 3948 ab
894 3890 1155 3952 essentia,
1181 3893 1273 3939 aut
1304 3884 1357 3938 id
1382 3879 1525 3951 quod
1554 3885 1825 3946 sumptum
1852 3881 1935 3927 est

356 3997 425 4053 ab
463 3996 644 4063 aliquo
689 4001 876 4041 eorum
918 3996 1042 4053 qua:
1079 3980 1224 4033 circa
1263 3972 1528 4031 essentias
1566 3978 1693 4023 sunt
1731 3984 1745 4021 :
1784 3964 1934 4032 atqui

359 4095 459 4144 hoc
488 4057 819 4155 impossibile
845 4086 949 4129 est.
978 4071 1136 4125 Dices
1165 4067 1328 4138 igitur
1360 4063 1659 4132 ingenitum
1692 4057 1934 4126 ingenito

358 4182 519 4251 plane
550 4147 1014 4231 consubstantiale
1043 4175 1191 4223 esse,
1223 4155 1518 4227 ingenitum
1551 4159 1727 4205 autem
1755 4147 1936 4217 genito

358 4239 463 4327 bon
493 4270 643 4323 item.
666 4261 1099 4330 Quocirca,cum
1123 4254 1293 4308 Adam
1313 4248 1527 4320 genitus
1554 4260 1661 4299 non
1690 4245 1784 4309 sit,
1803 4239 1934 4295 Abel

359 4374 538 4418 autem
570 4374 638 4413 ex
668 4354 894 4410 muliere
923 4348 1163 4419 genitus,
1195 4359 1299 4398 non
1333 4340 1439 4396 erit
1466 4339 1670 4392 Adamo
1703 4332 1936 4390 consub-

2024 533 2088 585 Εἰ
2118 532 2298 585 τοίνυν
2335 531 2436 603 τὴν
2469 532 2526 583 ὲν
2566 532 2678 592 τοῖς
2709 529 3022 601 εἰρημένοις
3063 526 3292 581 ἀτοπίαν
3322 526 3615 595 παραιτεῖ-

2025 623 2348 688 σθαικαλὸν,
2370 623 2651 676 πιστεύειν
2671 621 2965 675 ἀκόλουθον
2989 621 3065 683 ὡς
3100 620 3162 674 οὐ
3203 618 3571 690 προσγέγονεν
3587 619 3617 671 6

2023 716 2153 779 Tib;
2179 715 2257 786 τῷ
2282 716 2479 785 Πατρὶ,
2504 714 2629 799 ,ἀλλ’
2659 710 2728 786 ἦν
2756 714 2844 767 ἀεὶ
2881 712 3147 775 συναῒδιος
3177 710 3237 775 ἐξ
3280 709 3467 764 αὐτοῦ.
3502 711 3619 764 Καὶ

2023 808 2234 880 ὥσπερ,
2274 808 2322 860 εί
2349 805 2731 878 προσγεγονὼς
2766 806 3036 876 ἐφαίνετο,
3082 805 3183 858 οὐκ
3213 804 3278 857 ἂν
3308 799 3375 875 ἦν
3414 802 3617 874 69.001.3—

2026 921 2158 966 σιος,
2206 902 2397 967 οὕτως,
2445 902 2569 955 ἐπεὶ
2616 899 2691 972 μὴ
2719 899 2877 953 τοῦτό
2905 901 3073 964 ἐστιν,
3117 897 3231 951 ἀλλ’
3272 892 3340 967 ἧν
3380 896 3469 949 ἀεὶ
3514 895 3616 947 σὺν

2024 995 2197 1066 αὐτῷ,
2230 995 2451 1057 πάντως
2484 992 2639 1047 ἔσται
2678 992 2774 1047 καὶ
2805 992 3111 1062 ὁμοούσιος.

2714 1278 2922 1334 AAAO.

2096 1398 2217 1449 Καν
2240 1413 2341 1466 εχῃ,
2363 1394 2485 1448 τινὰ
2506 1393 2769 1465 διαφορὰν
2793 1395 2821 1447 6
2850 1394 2980 1456 Υἱὸς
3011 1393 3086 1455 ὡς
3118 1390 3252 1463 πρὸς
3281 1391 3372 1444 τὸν
3417 1390 3617 1445 ἑαυτοῦ

2028 1487 2269 1559 Πατέρα,
2299 1486 2420 1539 καθ’
2445 1486 2512 1557 ἣν
2542 1489 2570 1539 6
2597 1486 2695 1556 μὲν
2735 1485 2926 1556 Πατὴρ
2955 1485 3096 1555 ἀρχή
3123 1485 3293 1550 ἐστιν,
3324 1487 3351 1537 6
3378 1484 3435 1537 δὲ
3478 1484 3615 1546 Tib;

2027 1583 2091 1634 ἐκ
2115 1580 2211 1651 τῆς
2242 1580 2436 1651 ἀρχῆς,
2472 1578 2586 1631 ἀλλ’
2618 1578 2679 1631 οὐ
2722 1578 2810 1631 διὰ
2834 1576 2992 1629 τοῦτο
3021 1577 3119 1646 τῆς
3145 1576 3472 1648 ταύτότητος
3512 1575 3613 1629 καὶ

2028 1673 2127 1743 τῆς
2167 1673 2305 1743 πρὸς
2337 1670 2501 1724 αὐτὸν
2533 1669 2953 1741 ὁμοουσιὸτητος
2981 1667 3369 1738 ἐξωσθησεται.
3402 1668 3474 1721 Οὐ
3504 1667 3621 1738 γὰρ

2029 1765 2182 1818 ἔσται
2219 1782 2271 1818 τι
2313 1764 2583 1817 συναῖδιον
2610 1761 2690 1832 τῷ
2724 1762 2925 1832 Πατρὶ,
2968 1761 3043 1832 μὴ
3073 1760 3132 1812 ὃν
3166 1759 3227 1825 ἐξ
3255 1759 3420 1813 αὐτοῦ
3454 1778 3619 1829 φυσι-

2028 1858 2141 1921 κῶς
2161 1875 2173 1887 ·
2206 1857 2296 1911 ἴνα
2336 1856 2415 1927 μὴ
2446 1856 2542 1909 καὶ
2578 1858 2693 1918 τοῖς
2725 1855 2989 1924 κτίσμασι
3021 1852 3180 1907 τοῦτο
3213 1856 3496 1923 προσεῖναι
3526 1853 3619 1905 λέ-

2026 1967 2240 2021 γωμεν,
2268 1949 2297 2002 ὃ
2330 1949 2467 2021 μόνῃ
2497 1949 2757 2019 πρόσεστι
2781 1950 2848 2018 τῇ
2887 1946 3007 2017 θείᾳ
3046 1946 3228 2014 φύσει.
3265 1944 3475 1998 Οὐκοῦν
3510 1944 3620 1998 κᾶν

2026 2041 2201 2114 ἀρχὴν
2239 2043 2267 2094 6
2309 2042 2436 2107 Υἱὸς
2468 2041 2569 2115 ἔχῃ
2596 2040 2688 2093 τὸν
2718 2038 2911 2096 ἑαυτοῦ
2955 2038 3196 2108 Πατέρα,
3226 2038 3362 2091 ἀλλὰ
3384 2038 3521 2091 καθὸ
3548 2040 3618 2091 ὲκ

2027 2136 2128 2206 τῆς
2170 2134 2346 2205 ἀρχῆς
2386 2136 2525 2196 ἐστι,
2563 2132 2860 2204 σύνδρομον
2889 2132 3027 2202 αὐτῇ
3057 2131 3117 2183 τὸ
3145 2126 3287 2183 εἶναι
3314 2129 3475 2201 ἔχων.
3520 2132 3618 2183 ἀν-

2027 2225 2211 2296 όμοιος
2239 2225 2339 2277 οὐκ
2365 2222 2517 2276 ἔσται
2547 2221 2686 2276 κατὰ
2715 2221 2812 2292 τὴν
2840 2220 3029 2274 οὐσίαν
3061 2222 3218 2292 αὐτῇ.
3258 2221 3477 2291 Ἐπειδὴ
3503 2222 3629 2290 γὰρ

2029 2318 2093 2368 ἐκ
2125 2315 2226 2385 τῆς
2254 2315 2428 2386 ἀρχῆς
2452 2316 2588 2380 ἐστι,
2615 2313 2702 2367 διὰ
2724 2311 2883 2366 τοῦτο
2911 2312 3006 2366 καὶ
3035 2312 3320 2384 ὁμοούσιος
3353 2315 3420 2384 τῇ
3445 2314 3615 2385 ἀρχῇ.

2029 2408 2103 2460 Τὸ
2131 2407 2187 2460 δὲ
2222 2405 2508 2477 ὀμοούσιον
2540 2405 2617 2475 τῷ
2646 2405 2840 2477 Πατρὶ,
2876 2405 3198 2476 ὲπιγενητδν
3225 2406 3327 2459 οὐκ
3359 2404 3507 2470 ἔστι,
3525 2406 3620 2460 ἵνα.

2034 2499 2108 2572 μὴ
2138 2499 2295 2554 τοῦτο
2326 2498 2403 2554 ὢν
2439 2499 2764 2571 εὑρίσκηται
2797 2498 2892 2552 καὶ
2919 2498 3102 2561 αὐτός.

2717 2673 2922 2728 ΔΛΛΟ.

2281 2791 2370 2856 Ὦς
2399 2790 2467 2854 ἐξ
2500 2788 2859 2855 ἀντιθέσεως
2894 2789 3014 2844 τῶν
3041 2792 3363 2859 Ε’ὺνομιου.

2102 2904 2215 2959 Οιύκ
2268 2903 2598 2973 ἐπιδέχεται,
2658 2904 2813 2972 φησὶ,
2854 2904 3108 2973 γέννησιν
3167 2903 3200 2971 ή
3253 2900 3346 2955 τοῦ
3400 2899 3621 2972 Πατρὺς

2030 2998 2189 3053 οὐσία
2209 3013 2223 3026 ο
2255 2994 2527 3065 ἐγεννήθη
2551 2994 2607 3047 δὲ
2646 2995 2673 3047 6
2692 2994 2851 3079 Υἱός.
2884 2994 3009 3057 Πῶς
3038 2990 3130 3048 οὖν
3163 2995 3191 3046 6
3220 2994 3628 3063 γεγεννημένος

2031 3089 2316 3161 ὁμοούσιος
2349 3086 2501 3139 ἔσται
2532 3085 2610 3156 τῷ
2641 3087 2837 3159 Πατρὶ,
2867 3087 2945 3157 τῷ
2976 3086 3050 3158 μὴ
3079 3086 3449 3159 ἐπιδεχομένῳ
3486 3087 3621 3156 γέν-

2035 3200 2222 3256 νησιν;

2522 3295 2678 3363 Πρὸς
2706 3295 2882 3350 τοῦτο
2909 3296 3115 3363 λύσις.

2103 3413 2424 3483 Λεγέτωσαν
2451 3413 2583 3482 ἡμῖν
2616 3412 2666 3463 οἱ
2698 3412 2767 3462 τὰ
2800 3409 3027 3462 τοιαῦτα
3063 3408 3436 3479 προτείνοντες
3463 3409 3619 3478 ἀμα-

2034 3506 2163 3571 θῶς,
2196 3506 2258 3559 Εἰ
2290 3506 2378 3559 διὰ
2411 3506 2510 3575 τῆς
2541 3504 2849 3575 γεννήσεως
2883 3503 3188 3575 ἀναιρεῖται
3214 3501 3272 3555 τὸ
3308 3500 3624 3571 ὁμοούσιον,

2033 3598 2122 3652 διὰ
2147 3598 2299 3653 ποίου
2338 3598 2642 3669 σωθήσεται
2687 3594 3053 3666 πράγματος;
3099 3594 3212 3648 Καὶ
3241 3594 3423 3658 πάλιν,
3454 3596 3503 3647 εί
3537 3594 3623 3667 τῷ

2033 3692 2390 3763 γεγεννηκότι
2416 3691 2478 3744 τὸ
2511 3689 2772 3759 γεννηθὲν
2806 3688 2906 3758 οὐχ
2933 3686 3241 3757 ὁμοούσιον,
3276 3691 3430 3742 ποῖον
3462 3689 3623 3743 ἔσται

2032 3787 2094 3839 τὸ
2133 3784 2452 3856 ὁμοούσιον;
2501 3784 2644 3853 ’Ἄρα
2694 3781 2754 3834 τὸ
2803 3780 2880 3851 μὴ
2922 3779 3182 3850 γεννηθὲν
3213 3778 3307 3833 καὶ
3336 3779 3622 3851 ἀλλότριον

2031 3883 2132 3953 τῆς
2155 3882 2364 3944 οὐσίας,
2386 3879 2419 3949 ἥ
2453 3878 2513 3932 τὸ
2535 3877 2644 3931 ἀπό
2668 3892 2816 3939 τινος
2841 3873 3047 3945 ληφθὲν
3082 3873 3191 3927 τῶν
3212 3874 3310 3926 ὅσα
3341 3873 3457 3927 ἐστὶ
3487 3875 3617 3942 περὶ

2031 3976 2128 4039 τὰς
2164 3973 2353 4036 οὐσίας
2372 3989 2385 4003 ο
2417 3970 2553 4025 ἀλλὰ
2583 3969 2739 4023 τοῦτο
2783 3966 3064 4021 ἀδύνατον.
3114 3965 3289 4034 Ἐρεῖς
3325 3959 3418 4018 οὖν
3445 3966 3527 4017 ὅτι
3553 3965 3625 4017 τὸ

2034 4066 2327 4137 ἀγέννητον
2373 4062 2454 4134 τῷ
2505 4061 2787 4132 ἀγεννήτῳ
2836 4058 3054 4121 πάντως
3104 4055 3410 4127 ὁμοούσιον,
3450 4056 3513 4108 τὸ
3556 4056 3623 4109 δὲ

2034 4158 2327 4229 ἀγέννητον
2351 4155 2430 4226 τῷ
2453 4152 2696 4224 γεννητῷ
2717 4153 2816 4222 οὐχ
2836 4153 3041 4223 ὅμοιον.
3081 4148 3291 4201 Οὐκοῦν
3316 4146 3625 4219 ἐπειδήπερ

2034 4250 2134 4303 οὐκ
2183 4247 2446 4318 ἐγεννήθη
2498 4244 2597 4315 μὲν
2627 4245 2655 4297 6
2697 4242 2888 4312 Ἀδὰμ,
2926 4238 3189 4310 ἐγεννήθη
3238 4238 3295 4292 δὲ
3332 4237 3498 4291 ’Δὸελ
3550 4240 3629 4291 ὲκ

2034 4340 2310 4420 γυναικδς,
2331 4339 2429 4391 οὐκ
2459 4336 2610 4389 ἔσται
2639 4332 2718 4404 τῷ
2754 4332 2923 4401 ’Δδὰμ
2947 4329 3249 4401 ὁμοούσιος.
3285 4328 3348 4381 Εἰ
3376 4327 3432 4381 δὲ
3460 4330 3624 4397 ἐγεν-

356 4451 643 4509 stantialis.
664 4447 720 4502 Si
742 4458 868 4499 vero
891 4440 1106 4511 genitus
1126 4436 1343 4505 quidem
1366 4441 1472 4495 est,
1490 4428 1728 4498 ejusdem
1753 4436 1929 4480 tamen

2038 4430 2173 4502 νήθη
2209 4419 2327 4500 μὲν,
2358 4427 2471 4497 ἔχει
2516 4427 2572 4479 δὲ
2600 4428 2699 4495 τῆς
2752 4424 2970 4492 φύσεως
2995 4421 3092 4492 τὴν
3128 4419 3435 4489 ταύτότητα
3480 4419 3624 4489 πρὸς

357 4557 441 4603 est
465 4559 588 4601 cum
614 4541 820 4594 Adamo
846 4535 1010 4589 etiam
1069 4545 1174 4584 non
1206 4526 1389 4598 genito
1419 4534 1656 4587 naturae,
1673 4520 1803 4590 quid
1838 4519 1929 4574 ob.

2038 4499 2126 4576 τδν
2168 4499 2359 4590 Ἀδὰμ,
2392 4519 2569 4573 καίτοι
2622 4516 2698 4587 μὴ
2742 4514 3159 4584 γεγεννημένον,
3188 4511 3243 4565 τί
3278 4510 3474 4564 κωλύει
3521 4512 3625 4563 καὶ

360 4645 471 4694 stat
502 4633 792 4705 quominus
826 4626 996 4683 Filius
1038 4638 1107 4679 ex
1152 4619 1392 4689 ingenito
1435 4613 1595 4669 Patre
1635 4612 1848 4684 genitus
1886 4609 1934 4664 ei

360 4733 426 4788 sit
460 4716 972 4784 consubstantialis?

778 4835 891 4908 68
921 4829 1149 4894 ALIUD,
1181 4826 1511 4894 explicatius.

431 4958 681 5016 Genitum
721 4968 841 5008 esse
874 4950 1074 5006 Filium
1116 4961 1182 5001 ex
1213 4943 1374 4998 Patre
1408 4942 1572 4997 etiam
1611 4938 1709 5007 ipsi
1751 4938 1937 4991 hostes

359 5032 561 5110 Christi
602 5047 962 5109 conﬁtentur;
1006 5055 1180 5110 neque
1227 5038 1543 5107 quisquam,
1578 5032 1836 5094 arbitror,
1870 5043 1935 5082 eo

363 5144 614 5214 nequitiae
640 5138 876 5203 devenit,
903 5144 965 5189 ut
988 5135 1186 5186 audeat
1212 5130 1395 5184 dicere
1420 5127 1594 5195 ipsum
1623 5123 1847 5191 perinde
1870 5134 1934 5173 ac

360 5247 638 5292 creaturas
678 5231 885 5286 ratione
909 5235 1115 5280 natura:
1153 5232 1329 5277 extra.
1373 5218 1617 5272 Divinam
1640 5214 1932 5268 essentiam

358 5344 502 5385 esse.
533 5324 590 5381 Si
633 5324 794 5395 igitur
833 5318 1021 5388 genuit
1052 5332 1119 5372 ex
1153 5329 1211 5369 se
1247 5312 1405 5366 Pater
1439 5309 1667 5374 Filium,
1694 5322 1790 5361 cur
1827 5320 1932 5361 non

360 5422 467 5475 erit
496 5412 1002 5473 cousubstantialis‘!
1036 5410 1225 5463 Dicant
1266 5406 1421 5460 nobis
1453 5402 1545 5457 Dei
1576 5400 1739 5456 Verbi
1772 5415 1933 5454 accu-

360 5523 589 5567 satores.
620 5508 753 5562 Nam
787 5516 879 5559 aut
910 5505 1034 5574 quia
1070 5518 1175 5555 non
1213 5499 1418 5568 potuit,
1444 5505 1536 5549 aut
1570 5494 1694 5565 quia
1731 5492 1932 5555 noluit,

360 5607 522 5659 talem
571 5604 743 5672 ipsum
790 5606 1032 5670 generat.
1079 5595 1137 5649 Si
1180 5593 1364 5647 dicant
1411 5590 1537 5659 quia
1582 5604 1686 5641 non
1730 5589 1931 5655 potuit,

361 5700 555 5767 pudeat
601 5693 719 5746 illos
760 5689 936 5743 Patris
980 5686 1271 5741 essentiam
1317 5680 1643 5736 contumelia
1691 5679 1932 5739 allicere,

360 5762 485 5841 cum
521 5780 889 5850 Impotentiam
929 5777 1002 5831 illi
1044 5776 1279 5829 tribuere
1316 5770 1546 5835 audent;
1582 5768 1637 5822 si.
1660 5780 1790 5821 vero
1827 5762 1934 5817 alio

2037 4615 2128 4669 τὸν
2169 4614 2296 4667 Υἰὸν
2339 4612 2401 4677 ἐξ
2434 4612 2730 4681 ἁγεννήτου
2776 4607 2990 4679 Πατρὸς
3026 4605 3157 4661 ὅντα
3190 4604 3445 4675 γεννητὸν
3477 4600 3633 4657 εἶναι

2037 4708 2133 4761 καὶ
2158 4706 2477 4778 ὀμοούσιον;

2473 4816 2676 4880 ΑΛΛο,
2714 4810 3167 4883 διηγηυιατικῶς.

2106 4934 2469 5005 Γεγεννῆσθαι
2494 4932 2585 4987 τὸν
2617 4930 2744 4983 Υίδν
2768 4931 2833 4982 ὲκ
2862 4926 3079 4998 Πατρὸς
3101 4926 3197 4978 καὶ⁸
3228 4924 3279 4975 οἱ
3319 4921 3624 4993 χριστομά-

2040 5044 2125 5098 χοι
2155 5024 2539 5094 συνθήσονται’
2595 5021 2688 5074 καὶ
2712 5019 2810 5071 οὐκ
2861 5016 2928 5071 ἄν
2956 5032 3058 5080 τις,
3108 5012 3285 5083 οἶμαι,
3312 5010 3449 5080 πρὸς
3482 5025 3623 5061 τοσ-

2041 5117 2213 5188 αύτην
2242 5115 2433 5169 ὲλάσαι
2474 5111 2691 5176 κακίαν,
2737 5110 2813 5172 ὡς
2843 5106 3111 5176 τολμῆσαι
3140 5101 3391 5171 καθάπερ
3424 5099 3521 5152 καὶ
3547 5100 3625 5153 τὰ

2041 5212 2322 5281 ποιήματα
2360 5208 2453 5261 καὶ
2497 5205 2659 5259 αὐτὸν
2693 5203 2797 5267 ἔξω
2831 5199 3042 5254 κεῖσθαι
3080 5197 3180 5267 τῆς
3227 5194 3377 5257 θείας
3426 5190 3625 5255 οὐσίας

2036 5303 2179 5357 κατὰ
2216 5302 2307 5353 τὸν
2334 5299 2431 5369 τῆς
2464 5295 2676 5365 φύσεως
2706 5293 2883 5360 λόγον.
2926 5290 2989 5343 ΕΞ
3027 5287 3209 5340 τοίνυν
3243 5283 3530 5353 ἐγέννησεν
3555 5282 3624 5347 ἐξ

2037 5391 2230 5447 ἑαυτοῦ
2248 5391 2337 5445 τὸν
2351 5390 2478 5443 Υἱδν
2493 5390 2521 5441 6
2543 5386 2753 5456 Πατὴρ,
2769 5382 2909 5436 διατί
2942 5382 3015 5451 μὴ
3045 5376 3358 5449 ὁμοούσιοςς
3377 5372 3625 5441 Λεγέτω-

2039 5504 2137 5541 σαν
2163 5487 2295 5557 ἡμῖν
2320 5485 2367 5535 οἱ
2398 5481 2492 5533 τοῦ
2521 5478 2655 5532 Θεοῦ
2688 5478 2862 5544 Λόγου
2892 5473 3211 5542 κατήγοροι.
3252 5466 3625 5534 ’Δδυνατήσας

2036 5575 2144 5649 ἆρα
2172 5554 2408 5629 τοιοῦτον
2440 5570 2602 5625 αὐτὸν
2652 5565 2902 5639 γεννᾷ,ἢ
2952 5562 3027 5634 μὴ
3080 5561 3352 5631 θελήσας;
3409 5557 3473 5611 El
3517 5554 3626 5625 μὲν

2035 5668 2129 5725 οὖν
2182 5667 2524 5737 ἁδυνατήσας
2574 5662 2846 5730 λέγουσιν,
2890 5653 3332 5726 αἱσχυνέσθωσαν
3377 5648 3475 5718 τὴν
3518 5646 3626 5699 τοῦ

2038 5762 2250 5831 [ἰατρὸς
2288 5761 2478 5829 οὐσίαν
2510 5755 2842 5825 ὑϐρίζοντες,
2888 5750 2953 5803 δι’
2992 5741 3066 5805 ὧν
3098 5746 3234 5816 αὐτῇ
3282 5741 3635 5814 προσάπτειν
