3876 6208
252 351 364 406 113

1678 356 2124 419 THESAURUS.

3427 370 3528 424 114

244 469 309 520 τὸ
351 466 426 537 μὴ
445 464 705 520 δύνασθαι
731 466 1154 537 τετολμήκασιν.
1194 469 1257 522 Εἰ
1285 470 1333 523 δ’
1356 472 1449 525 ἐπὶ
1483 471 1712 544 θάτερον
1741 492 1833 546 με·

1945 479 2280 552 confugiant,
2310 492 2364 538 et
2388 483 2634 540 noluisse
2665 482 2850 538 dicant
2876 482 3394 539 consubstantialem
3423 487 3525 539 sibi

243 559 637 629 ταστήσονται,
685 559 780 612 καὶ
824 560 900 629 μὴ
941 559 1197 632 ἐθελῆσαι
1232 563 1499 632 φήσουσιν
1549 565 1835 636 ὁμοούσιον

245 646 399 715 αὐτῷ
426 645 689 714 γεννῆσαι
721 646 814 699 τὸν
850 647 995 711 Υἱὸν,
1039 649 1241 719 ἑτέρως
1275 651 1556 724 ὑϐρίζουσι
1600 658 1835 727 πρᾶγμα

245 738 485 809 χαλεπὸν
507 741 603 793 καὶ
621 740 681 792 τὸ
713 739 933 793 πάντων
957 739 1237 812 αἴσχιστον
1268 745 1641 816 περιτιθέντες
1664 749 1832 820 αὐτῷ,

246 831 340 883 τὸν
369 830 461 882 ἐπὶ
490 833 604 894 τοῖς
638 831 919 902 ἀμείνοσιν
945 832 1123 887 ὄκνον.
1155 834 1218 886 Εἰ
1253 834 1363 905 γὰρ
1395 839 1643 908 κρεῖττον
1674 834 1741 911 ἦν
1772 841 1835 893 τὸ

245 920 533 988 ὁμοούσιον
561 921 655 975 τοῦ
690 922 765 994 μὴ
792 922 1053 989 τοιούτου,
1080 924 1198 989 πῶς
1227 927 1326 981 οὐκ
1348 927 1500 983 ἕσται
1526 931 1834 1003 δυσφημίας

246 1011 470 1084 ἀπάσης
513 1014 771 1068 ἐπέκεινα
799 1014 861 1069 τὸ
892 1014 1071 1085 λέγειν
1098 1018 1325 1089 ὀκνῆσαι
1372 1022 1500 1091 περὶ
1540 1023 1610 1076 τὰ
1651 1025 1835 1095 κρείτ·
1892 1035 1904 1045 '

243 1120 379 1158 τονα
425 1104 521 1158 καὶ
570 1106 997 1179 πρεπωδέστερα
1027 1109 1129 1180 τὴν
1177 1109 1326 1164 θείαν
1373 1114 1582 1180 οὐσίαν,
1621 1117 1713 1169 καὶ
1757 1116 1833 1188 μὴ

248 1196 453 1263 μᾶλλον
501 1196 753 1271 ἐθελῆσαι
794 1199 855 1253 τὸ
888 1200 1171 1274 κὰλλιονῆ
1212 1204 1271 1258 τὸ
1323 1206 1397 1277 μὴ
1449 1205 1622 1271 οὕτως
1670 1207 1830 1280 ἕχονς

260 1288 421 1342 Ἀλλά
473 1290 653 1344 πάντα
697 1290 921 1345 δύναται
978 1296 1151 1347 ποιεῖν
1194 1297 1224 1348 6
1275 1298 1485 1369 Πατὴρ,
1539 1299 1634 1353 καὶ
1691 1300 1834 1355 θέλει

247 1383 453 1452 μᾶλλον
472 1384 533 1437 τὸ
564 1387 813 1455 κρεῖττον
834 1401 849 1416 θ
879 1387 1031 1441 οὐδὲν
1054 1382 1147 1442 οὖν
1167 1389 1282 1443 ἐστι
1306 1389 1368 1444 τὸ
1402 1391 1609 1448 κωλύον
1640 1394 1835 1465 ὀμοού-

247 1488 363 1527 σιον
391 1469 531 1529 εἶναι
561 1477 654 1529 τὸν
687 1476 837 1532 Υίόν.

930 1718 1135 1775 ΑᾹΛΟ.

519 1825 849 1904 Ἀντίθεσις
878 1827 957 1895 ὡς
987 1828 1056 1883 ἐκ
1086 1828 1207 1884 τῶν
1239 1832 1561 1903 Εὐνομῑου.

310 1915 389 1969 Τὸ
440 1917 503 1982 ἐξ
548 1917 726 1971 αἰτίου
783 1920 929 1984 τινὸς
962 1921 1043 1985 ὂν,
1094 1922 1127 1992 ἢ
1172 1926 1597 1995 γεγεννημένον,
1640 1928 1828 1998 φησὶν,

242 2006 458 2079 ἀνάγκη
489 2008 741 2080 δεύτερον
762 2004 902 2063 εἶναι
931 2012 1146 2080 τούτου,
1169 2013 1197 2066 ὃ
1222 2014 1286 2085 δὴ
1311 2016 1405 2068 καὶ
1435 2016 1656 2085 γέγονεν
1678 2018 1830 2089 αὐτῷ

242 2097 337 2151 τοῦ
372 2094 511 2152 εἶναι
538 2099 734 2156 αῖτιον.
777 2102 984 2157 Οὐκοῦν
1023 2104 1274 2177 δεύτερος
1309 2105 1460 2160 ἔσται
1487 2108 1582 2162 τοῦ
1618 2112 1833 2182 Πατρὺς

239 2190 270 2241 6
300 2189 429 2253 Υίὺς
458 2189 630 2243 αἴτιον
664 2190 827 2244 αὑτὸν
855 2191 1023 2263 ἔχιδν’
1057 2194 1151 2247 καὶ
1193 2195 1281 2249 διὰ
1313 2196 1471 2251 τοῦτο
1496 2198 1595 2269 οὐχ
1636 2201 1833 2271 ὁμοούο

244 2299 386 2346 σιος.
433 2285 504 2337 Ἢ
550 2284 1018 2357 ἅφιλονεικότερον
1064 2288 1386 2360 ἐνστήσεται
1418 2308 1501 2355 τις
1544 2291 1833 2363 ὁμοούσιον

242 2373 408 2427 αὐτὸν
440 2369 581 2429 εἶναι
613 2375 809 2445 λέγων,
856 2378 891 2448 ἡ
941 2377 1039 2447 μία
1084 2376 1297 2450 θεότης,
1332 2380 1458 2452 ἄρα,
1508 2384 1682 2456 τομήν
1710 2402 1841 2438 τιναδ

242 2464 567 2534 χωρήσασα,
597 2465 820 2534 γέγονεν
859 2468 939 2529 είς
982 2466 1183 2521 δυάδα·
1229 2470 1290 2522 οὑ
1332 2472 1441 2542 γάρ
1470 2472 1674 2543 ἑτέρως
1704 2475 1833 2545 ὁμο-

235 2554 426 2619 ούσιος
456 2552 593 2610 εἶναι
619 2557 861 2613 δύναται.
910 2560 1148 2631 Ἀνάγκη
1179 2556 1273 2615 οὖν
1297 2562 1479 2633 λέγειν
1505 2565 1605 2635 οὐχ
1635 2566 1831 2636 ὁμοού-

245 2665 362 2701 σιον
396 2643 536 2704 εἶναι
562 2650 654 2704 τὸν
688 2651 836 2706 Υίόν.

732 2863 889 2932 Πρὸς
920 2864 1108 2919 ταῦτα
1135 2866 1339 2932 λύσις.

316 2972 432 3026 Οὐκ
460 2973 773 3027 αἰσθάνεται
818 2974 983 3029 πάλιν
1011 2975 1227 3047 μεθύων
1254 2980 1282 3031 6
1311 2980 1702 3051 χριστομάχος,
1739 2982 1836 3035 καὶ

244 3065 429 3135 μάτην
456 3067 864 3138 καταφλυαρῶν
907 3068 1010 3139 τῆς
1056 3068 1209 3134 θείας
1238 3071 1447 3134 οὐσίας.
1485 3072 1559 3125 Τὸ
1587 3072 1684 3143 μὲν
1725 3075 1835 3146 γὰρ

1942 593 2204 648 generare
2232 578 2463 643 Filium,
2489 578 2650 632 aliam
2686 578 3075 634 contumeliam
3107 578 3156 632 ei
3188 578 3523 649 impingunt,

1943 672 2309 742 turpissimam
2372 673 2775 741 pessimamqne
2833 687 2949 726 rem
3010 671 3084 726 illi
3149 670 3523 734 ascribentes,

1943 763 2319 834 negligentiam
2345 765 2600 817 nimirum
2633 773 2795 832 atque
2827 763 3098 833 ignaviam
3129 762 3182 815 in
3210 762 3527 818 melioribus

1942 871 2007 909 ac
2046 853 2515 923 praestantiorihus
2556 852 2840 907 faciendis.
2880 851 2939 906 Si
2980 852 3125 907 enim
3174 850 3366 906 melius
3409 859 3529 905 erat

1941 946 2400 1001 consubstantiale
2441 962 2603 1015 quam
2651 946 2703 999 id
2745 946 2890 1015 quod
2936 944 3203 1015 ejusmodi
3250 960 3356 998 non
3401 953 3522 1009 est,

1940 1053 2047 1107 quo
2073 1048 2230 1108 pacto
2258 1054 2364 1094 non
2391 1040 2540 1093 omni
2572 1038 2906 1105 blasphemia
2944 1037 3120 1106 majus
3150 1036 3314 1091 fuerit
3340 1035 3527 1092 dicere

1940 1130 2177 1185 divinam
2207 1130 2500 1185 essentiam
2533 1129 2583 1181 in
2616 1128 2682 1182 iis
2710 1142 2830 1197 quae
2860 1124 3085 1180 meliora
3118 1124 3522 1179 convenientia.

1940 1238 2111 1292 raque
2154 1231 2312 1278 erant
2354 1220 2619 1276 faciendis
2667 1219 3029 1290 negligentem
3069 1216 3272 1281 fuisse,
3318 1226 3372 1271 et
3420 1232 3523 1271 non

1939 1316 2116 1387 potius
2152 1313 2387 1369 voluisse
2426 1311 2572 1383 quod
2615 1310 2807 1365 melius
2855 1324 3020 1381 quam
3064 1309 3209 1380 quod
3258 1309 3526 1364 deterius?

1938 1409 2098 1478 Atqui
2136 1406 2298 1462 Pater
2331 1406 2513 1461 omnia
2547 1412 2719 1473 potest
2751 1403 2967 1467 facere,
3008 1401 3291 1471 magisque
3325 1402 3438 1456 vult
3471 1402 3523 1455 ἰιΙ

1937 1502 2083 1573 quod
2124 1499 2318 1557 melius
2349 1508 2433 1554 est
2467 1516 2481 1551 :
2521 1495 2652 1551 nihil
2686 1503 2770 1550 est
2801 1494 2968 1565 igitur
2998 1495 3145 1565 quod
3176 1493 3357 1549 obstet
3388 1510 3525 1564 quo—

1937 1597 2117 1651 minus
2141 1589 2621 1650 consubstantialis
2648 1589 2719 1645 sit
2747 1587 2939 1643 Filius.

2615 1721 2847 1778 ALIUD.

2372 1821 2457 1875 Ex
2489 1821 2776 1891 objectioue
2809 1819 3089 1874 Eunomii.

2004 1942 2154 2011 Quod
2184 1955 2249 1995 ex
2280 1952 2439 1993 causa
2473 1936 2652 2006 aliqua
2679 1945 2783 2001 est,
2803 1935 2889 1989 vel
2921 1935 3166 2005 genitum
3198 1945 3301 1999 est,
3326 1935 3519 2003 inquit,

1934 2032 2303 2093 necessarium
2351 2041 2433 2085 est
2475 2038 2534 2084 ut
2576 2029 2650 2085 sit
2693 2028 2992 2084 secundum
3037 2027 3109 2083 ab
3148 2028 3243 2083 illo
3281 2031 3426 2098 quod
3472 2026 3520 2081 ei

1934 2142 2097 2184 causa
2128 2125 2460 2181 exsistentiae
2489 2121 2608 2176 fuit.
2640 2122 2921 2179 Secundus
2950 2123 3137 2194 itaque
3166 2124 3267 2179 erit
3296 2124 3465 2179 Filius
3493 2139 3521 2175 κ

1934 2220 2095 2275 Patre
2116 2259 2131 2283 ,
2163 2218 2363 2289 quippe
2390 2216 2479 2286 qui
2514 2215 2728 2270 Patrem
2760 2224 2821 2271 ut
2848 2232 3069 2272 causam
3099 2218 3295 2273 habeat
3325 2239 3337 2273 :
3366 2227 3524 2286 atque

1935 2313 2141 2368 idcirco
2184 2325 2252 2364 ne
2292 2306 2773 2364 consubstantialis
2811 2309 3031 2378 quidem
3076 2310 3126 2364 ei
3168 2310 3292 2365 erit.
3328 2307 3437 2362 Aut
3478 2310 3522 2362 si

1935 2403 2058 2473 quis
2114 2398 2502 2456 contentiosius
2559 2407 2783 2469 urgeat,
2830 2399 3344 2454 consubstantialem
3398 2413 3521 2453 eum

1933 2509 2057 2550 esse
2082 2492 2303 2556 dicens,
2331 2506 2435 2544 una
2476 2499 2625 2544 certe
2663 2489 2836 2544 deitas
2891 2490 3188 2547 sectionem
3232 2491 3524 2546 admittens

1935 2586 1989 2641 in
2016 2584 2329 2640 dnalitatem
2355 2581 2531 2636 divisa
2557 2580 2661 2633 erit
2688 2597 2703 2635 :
2732 2595 2905 2649 neque
2933 2582 3078 2635 enim
3111 2582 3268 2636 aliter
3289 2583 3526 2637 consub-

1935 2679 2210 2735 stantialis
2239 2693 2361 2733 esse
2387 2684 2583 2747 potest.
2602 2672 2982 2730 Necessarium
3008 2674 3173 2744 igitur
3190 2682 3275 2730 est
3298 2682 3355 2728 ut
3378 2673 3525 2728 dica-

1935 2788 2056 2829 mus
2085 2769 2600 2828 consubstantialem
2628 2784 2733 2824 non
2760 2783 2882 2825 esse
2904 2767 3123 2823 Filium.

2614 2880 2843 2936 Salutio.

2008 2988 2386 3053 Debacchatur
2432 3012 2653 3052 rursum
2706 2996 2910 3053 Christi
2971 2995 3168 3061 hostis,
3208 3003 3525 3061 temereqne

1935 3091 2197 3145 adversus
2239 3091 2473 3146 divinam
2516 3092 2809 3148 essentiam
2858 3089 3109 3146 blaterat.
3147 3088 3335 3144 Secari
3378 3088 3521 3142 enim

242 3157 545 3227 τέμνεσθαι
572 3159 668 3213 καὶ
686 3159 965 3215 διάστασίν
986 3178 1108 3216 τινα
1133 3161 1332 3232 μεταξὺ
1348 3162 1447 3235 τὴν
1472 3164 1611 3235 πρὸς
1628 3164 1832 3237 ἄλληλα

1945 3192 1990 3239 ει
2033 3183 2352 3240 divisionem
2405 3185 2640 3254 aliquam
2694 3184 2937 3252 recipere
2996 3198 3186 3253 posse,
3231 3196 3522 3251 corporum

239 3250 511 3305 δύνασθαι
555 3250 760 3321 λαϐεῖν,
813 3254 1082 3325 σωμάτων
1132 3255 1284 3311 ῖδιον.
1349 3257 1413 3310 Ἦ
1462 3257 1521 3311 δὲ
1570 3256 1692 3312 θεία
1734 3258 1828 3312 τοῦ

244 3342 462 3413 Πατρὺς
491 3343 669 3411 οὐσία,
702 3343 994 3417 ἀσώματος
1019 3342 1176 3415 οὖσα,
1210 3351 1385 3420 τομῆς
1407 3367 1468 3402 τε
1497 3350 1593 3404 καὶ
1622 3350 1831 3422 διαιρέ-

247 3450 390 3499 σεως
432 3437 782 3503 ἀνεπίδεκτός
812 3441 991 3493 ἐστιν·
1022 3438 1146 3494 οὔτε
1195 3440 1253 3493 δὲ
1288 3442 1346 3495 ἐν
1376 3441 1527 3513 τόπῳ
1570 3442 1830 3512 μένουσα,

240 3525 373 3581 οὔτε
403 3529 508 3583 ὑπό
550 3548 695 3594 τινος
736 3527 873 3586 οὖσα
917 3533 1161 3605 χωρητὴ,
1203 3534 1319 3588 ἀλλ’
1366 3535 1425 3588 ἐν
1458 3536 1684 3607 ἀρρήτῳ
1722 3536 1833 3589 τινὶ

245 3622 347 3675 καὶ
378 3622 638 3693 ἀφράστῳ
656 3626 992 3679 καταστάσει
1015 3626 1266 3697 κειμένη,
1288 3625 1381 3680 τὸν
1401 3626 1531 3680 Υἱὺν
1552 3628 1609 3693 ἐξ
1633 3626 1835 3697 ἑαυτῆς

245 3711 592 3777 ἀδιαστάτως
620 3714 923 3786 ἐξέλαμψεν
943 3733 956 3747 ·
990 3717 1090 3771 οὐκ
1118 3717 1184 3772 ἀν
1216 3717 1418 3789 ἑτέρως
1440 3718 1585 3787 ἔχειν
1612 3717 1673 3771 τὸ
1695 3714 1833 3772 εἶναι

244 3802 431 3858 τελεία
460 3805 754 3878 δυναμένη,
790 3810 839 3861 εί
872 3808 947 3879 μὴ
980 3809 1239 3879 ἐγέννησε
1286 3809 1377 3864 τὸν
1409 3810 1562 3875 Υίὸν,
1594 3810 1690 3864 καὶ
1736 3812 1834 3866 ἀν-

245 3892 461 3963 εδείχθη
491 3897 825 3966 καρπογόνος
841 3915 855 3928 ·
882 3900 977 3951 καὶ
992 3899 1152 3954 πάλιν
1173 3901 1273 3954 οὐκ
1290 3901 1355 3955 ἂν
1377 3900 1577 3972 ἑτέρως
1598 3901 1832 3973 ἐσομένη

245 3986 600 4058 δημιουργὸς,
641 3991 691 4043 εἰ
722 3989 798 4061 μὴ
825 3991 1043 4047 τέτοκεν
1072 3992 1131 4058 ἐξ
1164 3994 1365 4064 ἐαυτῆς
1403 3993 1713 4066 ἀμερίστως
1742 3996 1835 4048 τὸν

250 4079 399 4143 Υἱὸν,
434 4079 502 4131 δι’
534 4074 593 4134 οὗ
621 4081 692 4135 τὰ
720 4083 900 4136 πάντα
948 4084 1262 4154 ἐργάζεται.
1299 4088 1486 4141 Ἔστιν
1514 4083 1608 4141 οὖν
1638 4089 1666 4141 6
1706 4088 1836 4151 Υἱὸς

246 4169 530 4240 γεννηθεὶς
556 4173 621 4225 ἐκ
662 4173 900 4244 Πατρὸς,
930 4175 991 4227 οὐ
1032 4176 1177 4229 κατά
1203 4194 1326 4231 τινα
1364 4179 1558 4251 τομὴν,
1593 4180 1627 4250 ἢ
1663 4179 1837 4251 ἀπόρ-

249 4263 425 4330 ροιαν,
474 4262 724 4334 καθάπερ
772 4264 932 4335 ὑμεῖς
976 4268 1347 4336 φαντάζεσθε·
1397 4269 1514 4323 ἀλλ’
1548 4269 1736 4341 ὥσπερ
1770 4272 1837 4324 ἐκ

248 4353 422 4423 πυρὸς
468 4353 761 4425 θερμότης,
816 4358 1131 4430 ἀμερίστως
1179 4362 1245 4414 ἐκ
1292 4359 1394 4431 τῆς
1435 4361 1529 4415 τοῦ
1580 4362 1833 4427 τεκόντος

248 4444 531 4515 προελθὼν
564 4448 774 4512 οὐσίας.

938 4543 1138 4597 ΑΛΛΟ.

500 4654 596 4720 Ὠς
625 4655 695 4721 ἐξ
731 4654 1089 4723 ἀντιθέσεως
1122 4655 1243 4710 τῶν
1274 4658 1596 4728 Εὐνομίου.

320 4768 384 4821 Ei
412 4768 694 4837 ὁμοούσιός
716 4769 857 4834 ἐστι,
886 4769 1069 4839 φησιν,
1105 4772 1133 4823 6
1175 4770 1303 4834 Υἱὸς
1332 4771 1410 4842 τῷ
1441 4771 1638 4842 Πατρὶ,
1670 4771 1723 4823 τί
1757 4772 1833 4842 μὴ

252 4856 348 4909 καὶ
371 4857 531 4920 αὐτός
555 4858 702 4910 ἐστιν
716 4858 921 4927 ἀγαθὸς
945 4858 1117 4925 οὕτως
1134 4859 1207 4923 ὡς
1224 4861 1253 4912 6
1276 4862 1501 4932 Πατήρ;
1540 4862 1703 4930 Λέγει
1727 4863 1836 4932 γάρ

250 4964 357 4999 που
398 4948 535 5018 πρὸς
577 4966 701 5003 τινα
727 4952 756 5003 6
790 4951 1061 5022 Χριστόςο
1104 4971 1122 5004 ι
1162 4953 1226 5005 Τί
1275 4970 1342 5024 με
1380 4952 1559 5021 λέγεις
1588 4953 1833 5023 ἀγαθόν;

250 5039 442 5103 Οὐδεὶς
486 5040 689 5111 ἀγαθὸς
719 5043 768 5096 εἰ
826 5044 900 5114 μὴ
950 5038 1031 5107 εἷς
1075 5046 1102 5097 6
1130 5044 1281 5109 Θεός.
1324 5064 1343 5097 ι
1385 5045 1522 5100 Ἕνα
1553 5046 1609 5099 δὲ
1639 5045 1833 5111 είπὼν,

252 5134 445 5188 ἑαυτὸν
476 5134 580 5202 ἔξω
603 5136 868 5202 τέθεικεν,
897 5138 974 5201 ὡς
1003 5138 1205 5207 ἀγαθὸν
1246 5143 1346 5209 μὲν
1372 5139 1501 5192 ὄντα
1527 5140 1622 5194 καὶ
1649 5140 1834 5208 αὑτὸν,

250 5228 350 5299 οὐχ
380 5227 521 5282 οὕτω
548 5228 605 5282 δὲ
636 5228 827 5301 ὥσπερ
859 5229 926 5285 ἂν
959 5229 1044 5300 εἴη
1077 5232 1173 5284 καὶ
1201 5232 1230 5284 6
1267 5233 1479 5305 Πατήρ.

731 5343 887 5411 Πρὸς
914 5343 1100 5398 ταῦτα
1136 5345 1342 5410 λύσις.

328 5456 534 5527 Κύριον
567 5457 950 5520 ἀποκαλούσης
988 5456 1081 5511 τὸν
1122 5458 1249 5511 Υἱὸν
1286 5461 1383 5527 τῆς
1411 5459 1562 5523 θείας
1591 5461 1834 5531 Γραφῆς,

252 5549 443 5611 δώσεις
468 5548 579 5618 ἄρα
616 5548 711 5602 καί
750 5546 913 5601 αὐτὸν
955 5544 1095 5601 εἶναι
1130 5550 1354 5621 Κύριον,
1390 5549 1660 5604 καὶτοῦτο
1694 5554 1839 5606 κατὰ

254 5641 534 5710 ἀλήθειαν,
564 5639 597 5709 ἢ
628 5638 764 5708 πρὸς
786 5640 898 5702 τοῖς
928 5638 1105 5702 ἄλλοις
1130 5642 1341 5711 ἀρνήσῃ
1372 5642 1468 5695 καὶ
1488 5642 1629 5695 τόδε.
1656 5644 1719 5696 Ei
1739 5644 1839 5712 μὲν

258 5733 364 5802 γὰρ
384 5733 483 5785 οὐκ
519 5726 656 5783 εἶναι
704 5727 909 5799 Κύριον
942 5730 1117 5801 ἐρεῖς,
1155 5733 1413 5785 τάναντία
1458 5736 1674 5804 φρονεῖς
1717 5738 1837 5800 ταῖς

259 5825 431 5889 θείαις
464 5823 706 5895 Γραφαῖς
739 5822 831 5874 καὶ
874 5822 949 5893 τῷ
981 5822 1151 5878 ταῦτα
1197 5824 1491 5895 λαλήσαντι
1537 5826 1836 5885 Πνεύιιατι.

1936 3276 2214 3345 proprium
2243 3285 2347 3331 est.
2374 3276 2564 3331 Divina
2596 3285 2776 3332 autem
2815 3275 2990 3331 Patris
3019 3275 3280 3341 essentia,
3304 3289 3426 3329 cum
3456 3273 3524 3327 sit

1934 3369 2252 3438 incorporea
2273 3409 2287 3433 ,
2314 3370 2577 3425 sectionis
2617 3378 2709 3424 aut
2742 3370 3024 3425 divisionis
3063 3382 3236 3438 capax
3270 3383 3376 3421 non
3411 3377 3523 3431 est;

1934 3475 2111 3531 neque
2151 3464 2203 3517 in
2245 3461 2364 3518 loco
2402 3463 2647 3528 exsistit,
2679 3478 2852 3532 neque
2894 3478 2922 3515 a
2963 3476 3236 3531 quoquam
3276 3459 3525 3515 contine-

1935 3562 2055 3619 tur;
2089 3555 2182 3609 sed
2214 3554 2268 3609 in
2301 3570 2504 3611 arcano
2534 3565 2696 3623 atque
2725 3555 2979 3609 ineﬂ‘abili
3017 3564 3162 3609 statu
3195 3554 3520 3614 consistens,

1936 3643 2136 3699 Filium
2167 3659 2236 3699 ex
2264 3660 2323 3700 se
2354 3646 2662 3701 immediate
2689 3645 2944 3713 protulit;
2979 3659 3154 3714 neque
3178 3644 3282 3698 alia
3313 3642 3525 3697 ratione

1938 3738 2175 3805 perfecta
2200 3750 2321 3792 esse
2350 3745 2549 3805 potest,
2572 3736 2672 3791 nisi
2700 3735 2894 3790 Filium
2926 3735 3193 3804 genuerit,
3215 3742 3271 3788 et
3297 3734 3524 3789 fecunda

1936 3836 2160 3882 ostensa
2186 3826 2288 3892 sit;
2319 3840 2493 3895 neque
2524 3841 2738 3879 rursum
2770 3825 3006 3879 creatrix
3036 3839 3161 3879 esse
3191 3833 3393 3892 petest,
3422 3823 3523 3877 nisi

1937 3918 2184 3987 genuerit
2227 3933 2293 3972 ex
2334 3932 2395 3973 se
2438 3917 2703 3971 indivulse
2741 3916 2971 3985 Filium,
3012 3930 3111 3985 per
3146 3931 3305 3986 quem
3344 3918 3526 3971 omnia

1935 4008 2048 4079 69
2070 4018 2345 4077 operatur.
2371 4007 2467 4062 Est
2494 4008 2657 4078 igitur
2683 4008 2897 4079 genitus
2929 4022 2996 4062 ex
3021 4005 3182 4061 Patre
3204 4006 3394 4072 Filius,
3420 4021 3524 4059 non

1937 4101 2179 4156 sectione
2210 4110 2305 4154 aut
2341 4099 2556 4155 deﬂuxu
2588 4100 2797 4169 aliquo,
2824 4100 2965 4155 sicut
2998 4115 3093 4154 vos
3126 4099 3521 4169 imaginamini;

1938 4190 2033 4245 sed
2065 4190 2522 4261 quemadmodum
2561 4190 2811 4245 caliditas
2851 4205 2916 4245 ex
2960 4189 3117 4259 igne,
3148 4187 3415 4243 indivulse
3457 4203 3521 4241 ex

1938 4283 2172 4339 essentia
2206 4281 2482 4355 gignentia
2508 4281 2770 4353 procedit.

2618 4542 2843 4600 ALIUD.

2368 4658 2452 4713 Ex
2489 4659 2782 4729 objectione
2826 4657 3097 4713 Eunomii.

2016 4770 2095 4836 Si,
2134 4771 2330 4841 inquit,
2364 4769 2534 4825 Filius
2576 4779 2659 4825 est
2707 4770 3191 4825 consubstantialis
3222 4771 3390 4837 Patri,
3427 4787 3518 4827 cur

1945 4878 2050 4917 non
2075 4863 2237 4918 etiam
2265 4865 2379 4933 ipse
2398 4876 2483 4920 est
2502 4866 2676 4919 bonus
2699 4864 2772 4917 ita
2804 4875 2859 4917 ut
2882 4863 3082 4919 Pater?
3106 4866 3359 4921 Christus
3380 4868 3522 4921 enim

1943 4956 2140 5012 alicubi
2191 4957 2257 5011 ad
2290 4957 2579 5026 quemdam
2626 4959 2698 5011 ita
2748 4959 2868 5011 ait:
2906 4977 2924 5008 ι
2956 4957 3068 5012 Cur
3117 4972 3200 5011 me
3250 4958 3388 5013 dicis
3428 4959 3526 5014 bo-

1946 5048 2119 5102 num?
2166 5046 2339 5103 Nemo
2368 5048 2541 5103 bonus
2584 5049 2686 5103 nisi
2736 5065 2877 5104 unus
2926 5050 3091 5104 Deus.
3122 5068 3140 5100 ι
3178 5048 3355 5103 Unum
3396 5066 3525 5104 vero

1945 5155 2066 5193 cum
2096 5140 2256 5205 dixit,
2287 5139 2523 5209 seipsum
2552 5142 2787 5211 excepit,
2814 5142 3011 5211 quippe
3037 5141 3128 5209 qui
3166 5141 3340 5198 bonus
3360 5143 3523 5198 etiam

1947 5231 2062 5300 ipse
2092 5231 2184 5298 sit,
2211 5248 2316 5286 non
2353 5242 2530 5287 tamen
2568 5234 2641 5287 ita
2672 5234 2847 5289 bonus
2880 5244 2937 5287 ut
2966 5232 3145 5287 Pater.

2457 5343 2658 5399 Salutio
2687 5345 3017 5416 objectionis.

2016 5458 2148 5512 Cum
2180 5472 2337 5513 sacra
2371 5457 2650 5528 Scriptura
2682 5459 2879 5514 Filium
2913 5459 3203 5515 Dominum
3233 5472 3410 5527 vocet,
3443 5463 3525 5516 t‘a-

1949 5550 2150 5604 leberis
2198 5550 2446 5620 profecto
2495 5552 2659 5606 etiam
2715 5552 2890 5620 ipsum
2940 5553 3227 5608 Dominum
3282 5571 3424 5619 esse,
3471 5568 3528 5611 et

1945 5642 2166 5710 quidem
2195 5656 2341 5705 vere,
2376 5652 2472 5697 aut
2500 5659 2606 5697 una
2636 5659 2760 5699 cum
2789 5644 2910 5699 aliis
2941 5645 3107 5699 etiam
3143 5646 3243 5701 hoc
3279 5647 3520 5717 negabis.

1945 5737 2015 5786 At
2070 5733 2113 5786 si
2167 5734 2389 5804 negabis
2442 5734 2729 5790 Dominum
2778 5752 2918 5797 esse,
2977 5739 3310 5792 contrarium
3365 5738 3523 5808 plane

1946 5824 2115 5881 sentis
2153 5839 2183 5878 a
2230 5826 2530 5895 Scripturis
2582 5834 2636 5884 ct
2686 5844 2716 5883 a
2765 5827 2967 5884 Spiritu
3015 5829 3119 5884 hoc
3153 5829 3422 5894 loquente.
3462 5828 3521 5882 Si
