3876 6208
353 372 460 427 H5

1352 376 1409 431 S.
1451 376 1726 434 CYlilLLl
1767 376 2240 433 ALEXANDRINI
2281 376 2605 434 ARCHIEP.

3527 379 3636 435 HG

349 498 687 554 concesseris
718 499 1032 569 dixerisque
1076 502 1360 557 Dominum
1396 520 1538 571 esse,
1570 505 1733 576 impie
1774 522 1936 577 agere

2045 505 2464 576 Συντεθειμένος
2497 504 2554 559 δὲ
2590 502 2684 557 καὶ
2736 501 2965 572 φάσκων
3019 499 3183 555 αὐτὸν
3221 495 3360 554 εἶναι
3397 498 3632 570 Κύριον,

348 592 794 659 deprehenderis,
820 594 1016 662 quippe
1044 595 1136 663 qui
1163 594 1447 651 Dominum
1472 613 1633 654 voces
1658 608 1713 652 et
1736 601 1931 655 adores

347 700 470 738 enin
506 676 664 751 quem
696 685 1215 741 consubstantialem
1251 704 1373 744 esse
1406 688 1514 745 Deo
1545 706 1609 745 ac
1647 688 1795 745 Patri
1836 708 1932 746 ne-

347 792 463 845 gas,
496 787 551 830 et
595 789 905 832 creaturam
937 781 1119 850 potius
1152 796 1314 850 quam
1348 798 1538 837 verum
1569 784 1734 838 Deum
1770 786 1926 840 colis.

346 868 502 932 Quod
550 870 693 923 enim
729 868 953 924 alterius
998 880 1208 924 naturae
1238 881 1323 926 est
1351 870 1420 926 ab
1458 886 1524 927 eo
1562 871 1654 941 qui
1686 887 1814 926 vere
1847 883 1933 929 est

348 959 513 1023 Dens,
556 961 609 1014 id
646 970 837 1013 natura
870 961 1012 1018 Deus
1043 976 1163 1017 esse
1200 979 1307 1017 non
1353 972 1550 1033 potest.
1582 964 1735 1032 Quod
1765 966 1929 1020 etiam

349 1049 463 1116 ipsa
510 1066 665 1104 sacra
720 1049 1000 1122 Scriptura
1047 1062 1300 1117 testatur,
1353 1053 1589 1109 dicens:
1624 1074 1641 1106 ι
1675 1054 1931 1110 Dominus

349 1144 490 1195 Dens
525 1153 735 1210 noster,
773 1144 1032 1200 Dominus
1064 1162 1203 1200 unus
1235 1156 1317 1200 est
1337 1146 1382 1178 ⁸⁷
1411 1165 1426 1203 :
1467 1166 1486 1201 ι
1528 1164 1630 1201 una
1660 1149 1805 1203 enim
1847 1158 1933 1204 est

349 1235 571 1289 dcitatis
625 1246 839 1291 natura.
899 1236 1054 1303 Quod
1112 1253 1240 1293 vero
1288 1237 1430 1294 hanc
1486 1240 1657 1294 solam
1700 1241 1932 1295 adorare

347 1340 616 1397 oporteat,
663 1332 851 1385 audies
882 1346 1095 1386 rursum
1131 1349 1145 1386 :
1184 1350 1204 1384 ι
1239 1331 1528 1388 Dominum
1576 1334 1742 1389 Deum
1777 1344 1928 1388 tuum

346 1422 628 1488 adorabis,
659 1431 713 1476 et
739 1423 788 1478 ei
823 1423 923 1477 soli
954 1424 1162 1479 servies
1183 1423 1251 1478 ⁸⁸.
1284 1442 1302 1475 ι
1345 1423 1402 1478 Si
1440 1426 1603 1495 igitur
1636 1427 1762 1496 quia
1789 1425 1931 1481 Deus

350 1528 415 1566 ac
442 1511 603 1567 Pater
636 1513 785 1568 solus
812 1513 1011 1569 dicitur
1037 1517 1230 1579 bonus,
1267 1516 1436 1571 Filius
1461 1516 1637 1571 bonus
1667 1532 1791 1573 esse
1822 1533 1927 1572 non

349 1615 527 1675 potest
556 1607 698 1661 sicut
725 1605 909 1671 Pater,
940 1607 1235 1678 eademque
1264 1609 1473 1664 ratione
1503 1625 1626 1665 cum
1658 1626 1797 1665 unus
1825 1610 1929 1665 Pa-

354 1712 435 1756 ter
461 1701 663 1757 dicitur
689 1701 945 1757 Dominus
975 1713 1030 1757 et
1063 1704 1223 1766 Deus,
1264 1703 1508 1774 sequitur
1532 1707 1694 1759 etiam
1744 1720 1931 1759 neces-

353 1795 500 1848 sario
526 1810 591 1849 ex
636 1795 827 1849 eodem
860 1805 1179 1866 argumento
1206 1796 1400 1851 Filium
1440 1812 1614 1867 neque
1643 1795 1929 1851 Dominum

2039 598 2253 661 ἀσεϐῶς
2281 595 2589 667 ἐλεγχθήσῃ
2608 593 2704 649 καὶ
2724 593 2934 665 Κύριον
2961 592 3140 661 λέγων
3179 592 3273 646 καὶ
3306 589 3634 661 προσκυνῶν

2037 691 2097 743 ὃν
2121 691 2180 744 οὐ
2232 689 2339 761 φὴς
2386 688 2674 759 ὀμοούσιον
2705 681 2843 739 εἶναι
2890 684 2969 755 τῷ
3006 683 3127 755 Θεῷ
3171 685 3267 738 καὶ
3300 683 3500 754 Πατρὶ,
3533 683 3634 735 καὶ

2039 783 2301 851 κτίσματι
2340 781 2541 853 μᾶλλον
2588 779 2623 850 ἢ
2676 777 2798 849 Θεῷ
2828 776 2973 832 κατὰ
3014 776 3179 847 φύσιν
3217 775 3523 845 λατρεύεις.
3554 774 3634 826 Τὸ

2038 875 2147 946 γὰρ
2169 874 2364 945 ἐτέρας
2390 872 2638 943 ὑπάρχον
2664 870 2851 934 οὐσίας
2891 869 3045 941 παρά
3068 869 3161 922 τὸν
3194 868 3322 921 ὅντα
3348 867 3503 927 Θεὸν,
3525 866 3631 918 οὐκ

2038 966 2107 1021 ἂν
2128 968 2213 1036 εῐη
2232 965 2393 1036 φύσει
2420 965 2575 1028 Θεός.
2598 965 2710 1019 Καὶ
2735 962 2928 1017 τούτου
2954 962 3165 1034 μάρτυς
3187 963 3220 1032 ὴ
3248 960 3366 1013 Θεία
3390 959 3631 1027 λέγουσα

2038 1058 2261 1129 Γραφή·
2308 1074 2327 1107 ι
2364 1054 2570 1126 Κύριος
2608 1057 2637 1108 6
2664 1054 2795 1117 Θεὸς
2844 1051 3024 1125 ἡμῶν,
3071 1050 3279 1122 Κύριος
3304 1045 3385 1112 είς
3414 1051 3562 1100 ἐστι·
3604 1066 3625 1098 ι

2041 1150 2140 1222 μία
2168 1148 2278 1220 γὰρ
2329 1147 2584 1217 θεότητος
2636 1145 2820 1216 φύσις.
2876 1145 2988 1199 Καὶ
3018 1144 3099 1197 ὅτι
3143 1142 3314 1213 ταύτῃ
3359 1143 3495 1211 μόνῃ
3545 1140 3633 1193 δεῖ

2039 1243 2385 1313 προσκυνεῖν,
2435 1238 2646 1312 ἀκούσῃ
2677 1238 2875 1292 πάλιν·
2936 1256 2955 1288 ι
2990 1235 3198 1306 Κύριον
3236 1233 3325 1287 τὸν
3373 1232 3508 1286 Θεόν
3532 1248 3632 1285 σω

2039 1334 2460 1405 προσκυνήσεις,
2501 1331 2597 1385 καὶ
2627 1330 2780 1402 αύτῷ
2821 1329 2970 1399 μόνῳ
2996 1326 3339 1399 λατρεύσεις.
3364 1344 3383 1378 ι
3417 1326 3482 1378 Ei
3512 1324 3629 1377 τοί-

2038 1443 2132 1479 νυν
2153 1424 2241 1478 διά
2265 1424 2326 1477 τὸ
2360 1424 2519 1494 μόνον
2546 1421 2752 1491 ἀγαθὸν
2782 1419 3038 1485 λέγεσθαι
3060 1418 3152 1473 τὸν
3176 1417 3308 1471 Θεὸν
3330 1418 3425 1470 καὶ
3452 1416 3632 1468 Πατέ-

2040 1538 2128 1593 ρα,
2160 1522 2475 1574 ἐκπεσεῖται
2517 1517 2611 1572 τοῦ
2645 1513 2787 1571 εἶναι
2820 1516 3030 1586 ἀγαθὸς
3053 1519 3082 1569 6
3124 1515 3255 1580 Υἱὸς
3290 1514 3461 1577 οὕτως
3490 1513 3569 1576 ὡς
3599 1515 3630 1563 6

2038 1613 2249 1683 Πατὴρ,
2280 1611 2375 1665 καὶ
2418 1610 2504 1664 διὰ
2546 1612 2607 1664 τὸ
2639 1610 2736 1667 ἕνα
2781 1608 3039 1678 λέγεσθαι
3100 1606 3307 1679 Κύριον
3346 1606 3442 1667 καὶ
3493 1605 3630 1659 Θεὸν

2035 1701 2126 1753 τὸν
2148 1700 2399 1772 Πατέρα,
2439 1701 2749 1753 ἐκπεσεῖται
2782 1696 2880 1751 τοῦ
2918 1692 3061 1751 εἶναι
3086 1696 3289 1766 Κύριος
3343 1696 3438 1749 καὶ
3491 1694 3631 1757 Θεὸς

2039 1792 2068 1844 ό
2109 1792 2254 1857 Υἱὸς,
2310 1790 2454 1846 κατά
2502 1790 2603 1861 τὴν
2653 1788 2748 1842 τοῦ
2792 1789 3064 1859 νοήματος
3121 1784 3477 1840 ἀκολουθίανο
3508 1784 3629 1847 πῶς

355 1901 530 1954 neque
556 1887 723 1942 Deum
751 1903 874 1943 esse
900 1909 912 1942 :
944 1904 1052 1959 quo
1080 1899 1239 1960 pacto
1270 1891 1434 1961 igitur
1465 1891 1661 1945 adoras
1691 1905 1812 1943 cum
1838 1888 1930 1959 qui

2045 1880 2129 1939 οὖν
2156 1886 2482 1955 προσκυνεῖς
2508 1882 2588 1954 τῷ
2619 1883 2755 1953 μήτε
2779 1881 2973 1952 Κυρίῳ
3000 1880 3137 1951 μήτε
3156 1877 3315 1949 Θεῷς
3345 1878 3408 1931 Ei
3431 1877 3490 1930 δὲ
3510 1878 3627 1934 Κυ-

353 1996 450 2035 nec
477 1980 758 2050 Dominus,
793 1998 893 2038 nec
932 1981 1074 2040 Deus
1100 1986 1216 2039 est?
1247 1983 1303 2039 Si
1342 1998 1489 2050 vero,
1519 1998 1641 2038 cum
1672 1982 1834 2038 Pater
1861 1984 1934 2038 sit

354 2072 611 2129 Dominus
660 2086 712 2129 et
773 2074 938 2141 Deus,
992 2077 1152 2131 simul
1202 2077 1366 2131 etiam
1412 2076 1691 2131 inducitur
1738 2074 1929 2141 Filius,

351 2170 598 2224 eamdem
631 2171 835 2227 habens
871 2172 1283 2245 proprietatem,
1318 2180 1504 2239 utpote
1524 2186 1590 2226 ex
1622 2170 1738 2240 ipso
1770 2179 1931 2224 natu-

356 2258 542 2314 raliter
580 2262 905 2331 procedens,
954 2272 1010 2317 et
1065 2271 1151 2318 est
1183 2278 1306 2318 cum
1361 2262 1520 2316 Patre
1561 2261 1822 2316 Dominus
1867 2276 1934 2317 ac

358 2352 519 2417 Deus,
562 2356 875 2409 necessario
910 2355 1076 2411 etiam
1108 2354 1286 2413 bonus
1325 2356 1450 2422 erit,
1482 2365 1542 2410 ut
1590 2353 1774 2420 Pater,
1809 2370 1932 2409 cum

353 2456 574 2512 paterna
604 2447 907 2515 proprietas
935 2447 1101 2502 etiam
1134 2448 1235 2503 hac
1268 2448 1320 2502 in
1346 2460 1501 2517 parte
1547 2448 1600 2502 in
1635 2448 1752 2517 ipso
1786 2447 1934 2502 exsi-

351 2544 482 2601 stat,
520 2536 744 2607 perinde
780 2548 943 2606 atque
978 2539 1029 2592 in
1066 2538 1177 2593 illo.

1033 2668 1267 2726 ALIUD.

424 2804 591 2859 Multa
640 2806 708 2859 de
741 2806 899 2860 Patre
943 2815 997 2859 et
1044 2803 1183 2860 Filio
1215 2818 1370 2860 sacra
1407 2804 1691 2874 Scriptura
1736 2807 1935 2875 pracdi-

353 2905 464 2963 cat,
517 2910 693 2965 neqne
744 2906 924 2951 tamen
978 2894 1287 2951 dilferentia
1347 2896 1631 2951 nominum
1684 2898 1937 2953 essentia:

355 2990 627 3043 rationem
660 2990 711 3043 in
760 2988 1075 3044 univensum
1120 2989 1427 3059 distinguit,
1462 2988 1540 3042 ita
1572 2997 1632 3044 ut
1665 2988 1792 3045 inde
1819 2990 1934 3045 dis-

355 3078 655 3134 similitudo
680 3079 925 3149 quaedam
951 3092 1048 3132 eos
1070 3087 1305 3147 separet.
1340 3074 1456 3131 Una
1484 3074 1628 3131 enim
1653 3085 1738 3131 est
1761 3076 1934 3131 deitas

354 3171 535 3227 Patris
577 3182 633 3227 et
659 3171 807 3238 Filii,
856 3170 1071 3227 etiamsi
1120 3180 1352 3239 uterque
1403 3183 1500 3238 per
1528 3169 1681 3223 varia
1714 3170 1931 3223 nomina

354 3267 673 3323 diﬂ'erenter
722 3266 1061 3335 significetur
1097 3284 1110 3320 :
1149 3281 1253 3318 non
1300 3265 1445 3333 quod
1500 3264 1764 3319 alteruter
1807 3279 1933 3333 pro-
1963 3239 2005 3297 (ἶ

356 3363 532 3431 prium
565 3360 673 3430 7o
699 3359 901 3429 aliquid
958 3359 1018 3413 in
1063 3372 1122 3412 se
1170 3357 1389 3421 habeat,
1429 3357 1573 3426 quod
1620 3355 1786 3411 alteri
1833 3371 1938 3410 non

357 3452 509 3515 insit,
540 3453 635 3507 sed
679 3451 821 3521 quod
864 3451 930 3505 de
958 3459 1189 3519 utroque
1232 3448 1337 3503 dici
1371 3449 1543 3518 possit
1573 3448 1837 3518 quidquid
1873 3450 1941 3503 de

358 3562 469 3601 uno
495 3546 713 3608 dicitur,
752 3555 979 3614 excepta
1017 3543 1359 3599 solummodo
1388 3542 1568 3598 Patris
1600 3550 1655 3598 et
1683 3541 1803 3597 Filii
1840 3557 1938 3611 ap-

358 3638 647 3707 pellatione
693 3652 757 3691 ac
786 3653 864 3692 re.
900 3636 1038 3692 Nam
1082 3638 1246 3693 Pater
1283 3652 1499 3708 semper
1529 3645 1615 3692 est
1640 3634 1822 3701 Pater,
1846 3651 1942 3690 ne-

357 3747 466 3799 que
516 3746 755 3799 unquam
807 3730 971 3786 fuerit
1010 3729 1221 3796 Filius;
1269 3730 1441 3785 Filius
1488 3739 1679 3784 contra
1724 3742 1941 3796 semper

359 3837 442 3881 est
488 3826 679 3891 Filius,
742 3839 919 3894 neque
966 3840 1205 3895 unquam
1254 3822 1419 3877 fuerit
1464 3822 1651 3878 Pater.
1706 3821 1763 3876 Si
1819 3821 1943 3891 quis

357 3935 489 3975 vero
524 3920 754 3973 voluerit
807 3919 991 3973 dicere
1032 3933 1139 3971 non
1179 3931 1338 3986 posse
1383 3915 1606 3984 utrique
1650 3913 1944 3968 convenire

360 4010 781 4078 appellationem
821 4024 943 4077 quae
976 4007 1069 4061 uni
1104 4008 1398 4073 tribuatur,
1427 4006 1480 4062 in
1508 4006 1801 4060 maximum
1832 4020 1942 4059 tua-

360 4102 473 4155 lum
537 4102 756 4156 incidet.
806 4100 944 4167 Quid
999 4099 1143 4155 enim
1195 4097 1399 4163 faciat,
1453 4098 1669 4154 dicente
1717 4096 1880 4151 Paulo
1927 4116 1940 4152 :

367 4212 385 4243 ι
418 4190 567 4247 Unus
592 4190 732 4245 Deus
762 4188 926 4244 Pater
948 4204 1018 4244 ex
1047 4202 1155 4258 quo
1184 4188 1389 4255 oumia,
1415 4198 1471 4244 et
1501 4204 1643 4244 unus
1674 4187 1943 4244 Dominus

360 4283 517 4339 Jcsus
557 4284 806 4339 Christus
857 4298 952 4351 per
1002 4294 1164 4350 quem
1214 4281 1396 4335 omnia
1422 4281 1517 4333 εει
1545 4300 1564 4333 ι
1603 4279 1747 4337 Ecce
1781 4296 1944 4350 quam

366 4384 556 4443 aperte
585 4372 731 4426 Patri
766 4370 973 4425 tribuat
1005 4369 1174 4425 Deum
1205 4384 1325 4425 esse
1354 4379 1409 4425 et
1441 4386 1607 4425 unum
1636 4385 1781 4436 esse.
1807 4371 1947 4427 Filio

361 4474 547 4517 autem
575 4462 862 4518 Dominum
890 4477 1012 4517 esse
1050 4470 1106 4515 et
1142 4477 1331 4516 unum.
1365 4460 1502 4516 Num
1537 4463 1704 4534 igitur
1740 4464 1948 4519 idcirco

362 4556 534 4611 Filius
585 4572 693 4610 non
738 4556 843 4610 erit
879 4555 1044 4621 Deus,
1079 4557 1205 4625 quia
1239 4553 1403 4609 Pater
1446 4564 1674 4610 vocatur
1704 4556 1846 4610 Deus
1890 4564 1947 4610 et

363 4651 549 4705 unus?
590 4660 683 4703 aut
726 4648 890 4705 Pater
948 4666 1053 4706 nou
1112 4652 1219 4705 erit
1266 4650 1548 4714 Dominus,
1596 4649 1725 4719 quia
1774 4647 1947 4704 Filius

362 4742 667 4813 appellatus
694 4750 779 4796 est
806 4741 1066 4796 Dominus
1094 4752 1151 4798 et
1179 4741 1362 4799 unus!
1412 4739 1635 4797 Minime
1664 4755 1816 4806 vero,
1845 4739 1944 4795 ab—

362 4838 481 4893 sit!
529 4836 662 4889 Cum
711 4835 857 4889 enim
902 4833 1067 4889 Pater
1098 4835 1168 4889 sit
1206 4832 1370 4898 Deus,
1423 4832 1595 4888 Filius
1644 4833 1812 4890 etiam
1862 4840 1948 4888 est

364 4931 511 4985 Deus
544 4947 560 4985 :
591 4939 646 4983 et
678 4942 892 4994 rursus,
945 4944 1067 4982 cum
1112 4928 1377 4985 Dominus
1421 4926 1494 4981 sit
1523 4924 1718 4989 Filius,
1764 4925 1949 4980 Domi-

367 5038 469 5078 nus
498 5030 584 5079 est
607 5030 663 5075 et
692 5020 873 5075 Pater.
905 5019 1069 5089 Atqui
1112 5019 1157 5074 si
1191 5035 1311 5089 quae
1340 5024 1486 5074 esset
1509 5018 1770 5073 essentia
1788 5017 1945 5073 dilic-

369 5114 541 5166 rentia
592 5126 712 5183 qua:
752 5109 873 5166 illos
911 5111 963 5165 in
1007 5112 1112 5165 duo
1159 5110 1447 5172 divideret.
1492 5124 1668 5179 neque
1709 5108 1945 5163 naturali

368 5203 651 5257 ide-ntitate
688 5202 986 5258 convenire
1033 5202 1392 5271 permitteret,
1446 5200 1607 5257 unius
1656 5200 1949 5272 appellatio

369 5295 523 5349 alteri
558 5295 773 5364 proprie
801 5294 961 5349 tribui
997 5310 1100 5348 non
1141 5304 1345 5364 posset.
1374 5292 1644 5363 Quocirca
1677 5309 1801 5349 cum
1832 5309 1949 5348 om-

370 5387 460 5441 nia
477 5402 596 5456 qnaa
622 5386 801 5442 Patris
823 5395 950 5441 sunt
977 5385 1114 5441 Filio
1145 5387 1337 5451 insint,
1360 5396 1416 5441 et
1444 5398 1656 5455 contra,
1682 5402 1803 5458 qua:
1820 5386 1949 5442 Filii

371 5490 517 5542 sunt,
570 5478 736 5532 insint
784 5477 954 5538 Patri.
994 5479 1066 5533 ita
1123 5488 1180 5531 ut
1239 5478 1385 5533 nulla
1437 5479 1577 5534 ratio
1612 5479 1949 5534 identitatem

375 5569 634 5640 impedire
664 5569 852 5638 possit.
886 5569 995 5624 erit
1020 5569 1185 5623 etiatn
1220 5567 1338 5637 ipse
1376 5569 1570 5633 bonus,
1605 5568 1951 5638 quemadmo-

373 5662 499 5717 dum
535 5662 716 5727 Pater,
754 5672 916 5732 atque
950 5661 1072 5717 ideo
1099 5660 1266 5716 etiam
1302 5660 1809 5718 consubstantialis.

2038 1979 2156 2053 ρίου
2190 1980 2287 2032 καὶ⁷
2320 1976 2457 2031 Θεοῦ
2497 1976 2592 2029 τοῦ
2622 1974 2855 2045 ιΠατρὸς
2888 1973 3076 2037 ὸντος,
3129 1970 3492 2039 συνεπάγεται
3526 1971 3626 2023 καὶ

2034 2073 2063 2123 6
2092 2070 2221 2133 Υίὸς
2253 2069 2352 2140 τὴν
2380 2067 2591 2122 ἐκεῖθεν
2634 2066 2875 2136 ἰδιότητα
2923 2063 3063 2135 ἔχων
3086 2061 3163 2127 ὡς
3188 2062 3249 2128 ἐξ
3280 2061 3446 2117 αὑτοῦ
3480 2064 3628 2119 κατὰ

2036 2161 2198 2232 φύσιν
2226 2160 2488 2232 ὑπάρχων
2515 2199 2530 2224 ,
2565 2160 2659 2214 καὶ
2690 2157 2806 2210 ἐστι
2849 2156 2991 2227 μετά
3034 2154 3250 2226 Πατρὸς
3294 2152 3501 2226 Κύριος
3527 2153 3629 2206 καὶ

2036 2252 2188 2319 Θεὸς,
2223 2251 2335 2319 ἕξει
2376 2251 2597 2315 πάντως
2634 2250 2731 2305 καὶ
2756 2247 2818 2303 τὸ
2845 2243 2991 2302 εἶναι
3018 2247 3221 2317 ἀγαθὸς
3256 2244 3331 2311 ὡς
3352 2247 3380 2299 6
3409 2246 3630 2316 Πατὴρ,

2034 2347 2136 2417 τῆς
2166 2345 2436 2417 πατρικῆς
2462 2344 2724 2413 ἰδιότητος
2747 2342 2851 2395 κάν
2881 2340 3057 2412 τούτῳ
3087 2339 3252 2395 πάλιν
3271 2337 3630 2411 ὑπαρχούσης

2037 2440 2094 2495 ὲν
2126 2437 2296 2508 αὐτῷ,
2327 2435 2582 2506 καθάπερ
2612 2435 2707 2489 καὶ
2734 2435 2792 2487 ὲν
2821 2432 3037 2503 ἐκείνῳ.

2726 2669 2931 2723 AAAO.

2108 2808 2286 2861 Πολλά
2311 2807 2440 2877 περί
2468 2824 2527 2861 τε
2545 2806 2641 2860 τοῦ
2668 2806 2881 2875 Πατρὸς
2901 2804 2996 2857 καὶ
3022 2800 3117 2856 τοῦ
3142 2800 3273 2855 Υἱοῦ
3294 2800 3549 2869 λέγουσιν
3571 2801 3635 2854 αι

2039 2900 2181 2955 θεῖαι
2206 2901 2446 2971 Γραφαὶ,
2471 2899 2567 2953 καὶ
2590 2899 2652 2953 ού
2681 2897 2743 2951 τὸ
2770 2896 2883 2951 τῶν
2911 2895 3193 2966 ὀνομάτων
3230 2892 3487 2962 διάφορον
3510 2892 3633 2945 διαο

2040 2994 2250 3049 στέλλει
2271 2994 2489 3056 πάντως
2518 2992 2703 3054 αὐτοῖς
2729 2989 2824 3045 καὶ
2850 2989 2951 3061 τῆς
2978 2987 3166 3049 οὐσίας
3199 2985 3292 3039 τὸν
3324 2983 3484 3052 λόγον
3503 3025 3521 3050 ,
3549 2984 3635 3046 ὡς

2039 3085 2402 3158 ἀνομοιότητα
2431 3101 2552 3137 τινα
2579 3083 2668 3136 διὰ
2692 3080 2899 3135 τούτων
2934 3080 3181 3150 χωρῆσαι
3216 3074 3443 3148 μεταξύ.
3469 3075 3634 3127 Ἐστι

2039 3179 2149 3250 γὰρ
2183 3178 2282 3249 μία
2312 3175 2503 3247 θεότης
2549 3175 2765 3246 Πατρὸς
2798 3173 2893 3226 καὶ
2924 3170 3082 3235 Υίοῦ,
3127 3168 3230 3223 κᾶν
3268 3168 3528 3239 ἑκάτερος
3558 3168 3630 3237 τῇ

2042 3273 2149 3326 τῶν
2172 3270 2453 3341 ὀνομάτων
2480 3267 2727 3339 ποικιλίᾳ
2745 3264 3019 3336 διαφόρως
3052 3262 3407 3333 σημαίνηται,
3429 3261 3527 3331 οὐχ
3550 3260 3634 3322 ὡς

2042 3363 2173 3418 ἴδιον
2208 3362 2349 3433 ἔχων
2377 3379 2429 3414 τι
2466 3361 2562 3415 καὶ
2590 3359 2716 3414 καθ’
2740 3358 2953 3422 ἑαυτὸν,
2978 3356 3006 3410 ὸ
3044 3355 3119 3428 μὴ
3154 3354 3231 3426 τῷ
3254 3354 3427 3427 ἑτέρῳ
3454 3353 3632 3425 πρόσ-

2041 3470 2213 3517 εστιν,
2248 3452 2364 3506 ἀλλ’
2389 3453 2465 3515 ὡς
2511 3453 2597 3504 ὲπ⁹
2626 3452 2829 3522 ἀμφοῖν
2859 3451 3059 3522 χωρεῖν
3088 3448 3385 3518 δυναμένου
3424 3446 3634 3509 παντὸς

2041 3547 2179 3616 ὅπερ
2212 3545 2277 3599 ἂν
2309 3546 2395 3614 ἐφ’
2426 3544 2543 3605 ἐνὸς
2559 3544 2793 3613 λέγοιτο,
2818 3543 2942 3613 δίχα
2972 3540 3139 3613 μόνης
3166 3541 3266 3612 τῆς
3288 3540 3383 3594 τοῦ
3416 3540 3634 3610 Πατρὸς

2042 3636 2254 3689 καὶτοῦ
2286 3634 2416 3688 Υἱοῦ
2458 3634 2834 3705 προσηγορίας
2876 3650 2935 3686 τε
2964 3632 3061 3687 καὶ
3094 3633 3440 3704 πράγματος.
3471 3631 3635 3684 Ἔστι

2042 3729 2152 3799 γάρ
2184 3731 2214 3781 6
2240 3726 2431 3798 Πατὴρ
2476 3727 2563 3780 ἀεὶ
2618 3726 2831 3796 Πατὴρ,
2883 3725 2977 3777 καὶ
3019 3723 3148 3787 Υἱὸς
3195 3725 3295 3778 οὐκ
3324 3722 3391 3776 ἂν
3420 3721 3637 3791 γένοιτό

2043 3836 2177 3873 ποτε
2200 3834 2216 3850 °
2252 3819 2347 3872 κα)⁴
2368 3817 2566 3871 έστινό
2601 3817 2728 3881 Υίὸς
2768 3817 2857 3871 ἀεὶ
2888 3816 3037 3883 Υἱὸς,
3078 3816 3174 3871 καὶ
3211 3815 3400 3887 Πατὴρ
3434 3816 3533 3868 οὐκ
3562 3815 3637 3870 ἂν

2045 3912 2129 3983 εἴη
2172 3910 2325 3964 ποτέ.
2353 3910 2416 3963 Ei
2447 3909 2504 3963 δέ
2548 3926 2633 3972 τις
2683 3908 2926 3980 βούλοιτο
2979 3909 3209 3979 φάσκειν
3265 3909 3340 3981 μὴ
3370 3907 3639 3967 δύνασθαι

2047 4004 2246 4074 χωρεῖν
2280 4002 2366 4054 ἐπ’
2396 4002 2598 4073 ἀμφοῖν
2623 4002 2763 4073 ὅπερ
2790 4001 2857 4058 ἂν
2890 4002 2975 4071 ἐφ’
3008 4002 3133 4066 ἐνὸς
3152 4001 3368 4073 φέροιτο
3390 4003 3639 4073 πρόσρηο

2052 4113 2147 4165 μα,
2182 4094 2403 4166 μεγάλῳ
2432 4096 2814 4165 περιπεσεῖται
2854 4093 3032 4165 κακῷ.
3065 4093 3129 4147 Τί
3152 4093 3262 4164 γὰρ
3289 4092 3357 4148 ἂν
3389 4095 3636 4164 ποιήσοι,

2047 4187 2297 4256 λέγοντος
2324 4184 2420 4240 τοῦ
2444 4186 2657 4240 Παύλου
2678 4202 2692 4215 -
2724 4203 2742 4237 ι
2776 4178 2875 4249 Εἲς
2894 4188 2923 4238 6
2946 4185 3080 4248 Θεὸς
3107 4185 3138 4237 ό
3168 4184 3356 4255 Πατὴρ
3390 4184 3448 4248 ἐξ
3474 4176 3536 4237 οὗ
3562 4184 3639 4237 τὰ

2047 4284 2256 4336 πάνταο
2302 4282 2397 4335 καὶ
2439 4275 2521 4345 εἷς
2566 4281 2770 4352 Κύριος
2836 4278 3047 4350 Ἰησοῦς
3097 4280 3333 4350 Χριστὸς
3375 4279 3441 4332 δι’
3470 4273 3531 4332 οὗ
3564 4280 3641 4331 τὰ

2048 4374 2248 4429 πάντα.
2299 4393 2316 4426 ι
2366 4374 2497 4429 Ἰδοὺ
2536 4374 2648 4445 γὰρ
2668 4371 2747 4443 τῷ
2774 4373 2951 4439 Ilasz
2982 4371 3046 4424 τὸ
3064 4368 3207 4425 εἶναι
3249 4371 3379 4424 Θεὸν
3413 4371 3505 4423 καὶ
3537 4370 3638 4423 ἕνα

2047 4466 2285 4521 δέδωκε⁶
2316 4464 2396 4536 τῷ
2435 4465 2493 4518 δὲ
2526 4464 2642 4534 Υἱῷ
2688 4463 2750 4517 τὸ
2790 4460 2929 4517 εἶναι
2974 4462 3179 4533 Κύριον
3221 4463 3315 4515 καὶ
3351 4462 3467 4515 ἕνα.
3504 4458 3640 4533 Ἃρ*

1978 4583 2023 4640 υ
2051 4555 2143 4615 οὖν
2168 4560 2258 4614 διὰ
2280 4558 2441 4613 τοῦτο
2461 4557 2595 4623 Θεὸς
2612 4558 2713 4629 μὲν
2742 4557 2842 4611 ούκ
2870 4556 3024 4610 ἔσται
3053 4557 3082 4608 6
3115 4557 3259 4622 Υἱὸς,
3291 4555 3477 4627 ἐπειδὴ
3501 4556 3641 4621 Θεὸς

2054 4654 2150 4708 καὶ
2177 4649 2259 4716 εἷς
2280 4654 2313 4705 6
2332 4652 2523 4723 Πατὴρ
2555 4649 2976 4720 κατωνόμασται
2999 4666 3015 4716 ;
3039 4647 3243 4719 Κύριος
3266 4649 3324 4701 δὲ
3357 4648 3456 4701 οὐκ
3481 4648 3641 4702 ἔσται

2055 4747 2084 4799 6
2121 4743 2335 4815 Πατὴρ,
2364 4743 2551 4813 ἐπειδὴ
2585 4741 2789 4814 Κύριος
2811 4741 2905 4795 καὶ
2927 4734 3007 4805 εἷς
3026 4741 3055 4793 ό
3076 4741 3201 4805 Υίὸς
3229 4740 3431 4811 ἐκλήθη
3456 4756 3470 4804 ;
3492 4740 3642 4794 Ἀλλ’

2054 4836 2156 4889 οὐκ
2174 4834 2288 4888 ἔστι
2309 4834 2489 4898 τοῦτο,
2533 4832 2607 4905 μὴ
2632 4832 2863 4902 γένοιτο.
2895 4831 3032 4887 Θεοῦ
3066 4832 3172 4905 γὰρ
3204 4832 3357 4893 δντος
3386 4830 3480 4883 τοῦ
3519 4832 3642 4884 Πα-

2053 4926 2201 4998 τρὸς,
2236 4926 2368 4989 Θεός
2399 4926 2516 4978 ἐστι
2542 4925 2636 4978 καὶ
2666 4926 2694 4978 6
2728 4924 2891 4988 Υίόςο
2923 4923 3018 4978 καὶ
3048 4923 3256 4994 Κυρίου
3291 4923 3457 4977 πάλιν
3484 4922 3645 4988 ὄντος

2054 5018 2151 5072 τοῦ
2183 5017 2335 5083 Υίοῦ,
2370 5017 2575 5090 Κύριός
2606 5018 2755 5070 ἐστιν
2784 5019 2813 5070 6
2839 5017 3049 5087 Πατήρ.
3084 5015 3225 5069 Ἀλλ’
3275 5016 3430 5087 εἴπερ
3457 5011 3531 5086 ἦν
3553 5032 3645 5080 τις

2054 5111 2243 5176 οὐσίας
2270 5112 2501 5185 διαφορά
2547 5110 2646 5183 τὴν
2694 5110 2866 5167 δυάδα
2901 5110 3301 5186 διατειχίζουσα
3327 5152 3349 5175 ,
3404 5111 3497 5165 καὶ
3535 5110 3646 5165 οὐκ

2060 5202 2204 5257 ὲῶσα
2231 5202 2527 5273 μίσγεσθαι
2572 5202 2816 5270 φυσικῶς
2845 5204 2926 5266 είς
2946 5203 3249 5275 ταυτότητα
3268 5244 3287 5268 ,
3313 5203 3413 5256 οὐκ
3442 5202 3529 5265 ἀν,
3558 5199 3643 5257 οἷο

2057 5310 2176 5364 μαι,
2204 5294 2410 5365 κυρίως
2430 5294 2490 5347 τὸ
2508 5293 2601 5346 τοῦ
2626 5293 2817 5365 ἐτέρου
2844 5294 3142 5365 πρόσρημα
3171 5292 3249 5363 τῷ
3278 5293 3449 5365 ἑτέρῳ
3469 5309 3636 5363 προσ·

2055 5386 2143 5456 ῆν.
2168 5384 2389 5458 Ἐπειδὴ
2435 5386 2492 5439 δὲ
2526 5386 2705 5440 πάντα
2739 5386 2807 5439 τὰ
2826 5385 2923 5440 τοῦ
2972 5385 3186 5457 Πατρὸς
3210 5387 3269 5438 ιν
3303 5384 3419 5455 Υίῷ
3446 5383 3649 5453 φαίνε⁴

2054 5494 2165 5540 ται,
2199 5476 2295 5531 καὶ
2310 5476 2379 5530 τὰ
2405 5476 2500 5530 τοῦ
2541 5477 2672 5531 Υἱοῦ
2701 5477 2865 5531 πάλιν
2890 5478 2950 5530 ἐν
2984 5478 3182 5549 Πατρὶ,
3210 5477 3287 5540 ὡς
3318 5475 3532 5539 οὐδενὸς
3556 5475 3649 5530 ἔτι

2056 5569 2147 5624 τὸν
2172 5570 2274 5640 τῆς
2301 5570 2631 5639 ταυτότητος
2664 5568 2994 5639 διείργοντος
3032 5568 3209 5636 λόγον,
3233 5567 3389 5620 ἔσται
3418 5567 3516 5620 καὶ
3546 5567 3649 5620 αὖ.

2058 5663 2149 5727 τὸς
2176 5661 2402 5731 ἀγαθὸς,
2434 5661 2509 5726 ὡς
2531 5663 2558 5715 ό
2591 5663 2800 5732 Πατὴρ,
2835 5662 2928 5715 καὶ
2956 5660 3045 5716 διὰ
3081 5659 3236 5713 τοῦτο
3264 5659 3576 5729 ὀμοούσιος.

443 5842 485 5874 ⁸⁷
512 5843 665 5898 Deut.
701 5857 773 5909 vr,
806 5840 855 5895 ιι.
935 5841 979 5872 ⁸⁸
1002 5840 1158 5897 Deut.
1190 5856 1245 5908 χ,
1275 5839 1375 5907 ‘20;
1412 5838 1598 5896 Matth.
1636 5856 1708 5909 tv,
1744 5840 1825 5896 l0.
1905 5839 1938 5873 ἐ

2045 5839 2157 5896 Cor.
2187 5853 2298 5908 vnt,
2336 5839 2391 5893 6.
