3876 6208
351 299 454 352 H9
1151 306 1155 310 '
1372 297 1432 353 S.
1472 294 1746 350 CYRILLI
1787 294 2256 351 ALEXANDRINI
2296 299 2617 357 ARCIHEP.
3508 303 3629 358 120

347 408 648 465 conditioni
679 411 920 481 subj-ecta
950 421 1055 476 est,
1087 412 1288 482 poterit
1320 413 1480 466 etiam
1527 411 1688 466 Pater
1720 413 1923 468 habere

2052 416 2210 480 ιύσις,
2239 416 2349 482 ἕξει
2374 419 2468 472 καὶ
2512 422 2540 472 ὁ
2571 418 2762 491 Πατὴρ
2789 420 2945 487 Θεὸν,
2977 421 3071 476 καί
3097 424 3145 476 εἰ
3174 422 3250 493 μή
3280 441 3366 477 πω
3393 421 3624 490 γέγονε.

350 503 544 566 Deum,
601 504 815 558 tametsi
865 504 917 558 id
962 519 1236 573 nunquam
1285 504 1487 560 factum
1540 504 1724 560 fuerit.
1769 504 1923 571 Quod

2052 507 2102 561 Γὸ
2129 509 2238 579 γὰρ
2266 509 2611 582 ἐνδεχόμενον
2649 512 2932 580 γενέσθαι,
2964 515 3056 568 καὶ
3085 516 3134 568 εἰ
3166 515 3241 586 μή
3276 531 3362 568 πω
3395 514 3626 567 τετέλε-

347 591 492 645 enim
528 589 644 646 fieri
685 601 884 661 potest,
921 593 1134 648 tametsi
1170 609 1446 663 nunquam
1479 592 1776 663 perfectum
1807 592 1924 648 fne-

2052 615 2174 663 r1at,
2197 599 2423 671 δυνάμει
2449 600 2604 654 τοῦτό
2625 602 2771 655 ἐστιν
2796 601 2932 673 ὅπερ
2961 602 3256 673 ἐνδέχεται.
3287 603 3351 656 Εἰ
3377 601 3432 655 δὲ
3452 601 3629 654 τοῦτο

351 683 441 749 rit,
485 684 724 751 potentia
781 683 832 738 id
879 695 962 738 est
1009 685 1153 754 quod
1208 699 1330 740 esse
1376 693 1574 754 potest.
1621 686 1692 740 At
1732 685 1777 740 si
1824 686 1927 742 hoc

2052 692 2307 764 ῖύσφημον
2331 733 2346 756 ,
2397 693 2459 746 o6
2502 694 2643 748 κατὰ
2690 694 2850 763 φύσιν
2888 697 2917 749 ό
2948 696 3140 767 Πατὴρ
3179 695 3272 749 106
3319 694 3450 748 Υἰοῦ
3479 695 3626 759 Θεὸς

347 774 720 842 blasphemum
750 784 855 840 est,
886 789 991 828 non
1020 775 1317 830 secundum
1362 784 1612 829 naturam
1646 774 1807 830 Pater
1848 775 1928 829 tli-

2052 785 2265 856 .έγεται,
2295 785 2428 840 ἀλλὰ
2455 786 2590 840 καθὸ
2617 787 2842 855 γέγονεν
2880 785 3166 859 ἄνθρωπος
3189 785 3579 858 οἰκονομικῶς.

349 868 492 920 citur
532 866 671 921 Deus
690 865 836 934 Filii,
878 869 973 922 sed
1007 868 1218 923 ratione
1245 867 1635 923 incarnationis
1659 877 1927 939 quatenus

350 959 514 1013 homo
538 968 642 1013 est.

1023 1071 1254 1129 ALIUD.

423 1190 480 1243 Si
531 1189 586 1244 in
628 1188 806 1244 forma
844 1188 1262 1258 aequalitatequc
1298 1188 1391 1244 Dei
1429 1189 1703 1245 exsistens
1737 1189 1927 1255 Filius,

2102 1189 2164 1242 Ei
2203 1190 2260 1241 ὲν
2289 1189 2469 1258 μορφῇ
2496 1185 2630 1240 Θεοῦ
2667 1185 2927 1256 ὑπάρχων
2962 1185 2990 1238 ὁ
3020 1183 3150 1247 Υἱὸς
3169 1199 3264 1236 και
3292 1182 3353 1235 ἐν
3381 1182 3626 1252 ἰσοτητι,

350 1279 492 1334 sicut
522 1280 783 1349 scriptum
799 1288 900 1342 est,
937 1279 1244 1334 humiliavit
1273 1276 1536 1348 Seipsum,
1564 1279 1671 1350 72
1699 1280 1928 1335 fortnam

2052 1279 2176 1334 ιαθὰ
2193 1279 2524 1351 γέγραπται,
2553 1277 2920 1331 ἐταπείνωσεν
2950 1275 3165 1340 ἑαυτὸν,
3190 1273 3404 1345 μορφὴν
3424 1273 3627 1326 δούλου

349 1371 494 1426 servi
544 1371 838 1440 accipiens,
885 1380 1049 1439 atque
1093 1370 1277 1425 habitu
1335 1370 1589 1426 inventus
1637 1383 1695 1427 ut
1741 1373 1926 1436 homo,

2052 1371 2232 1438 ιαϐὼν,
2254 1373 2349 1427 καὶ
2373 1372 2610 1441 σχήματι
2634 1368 2879 1441 εὑρεθεὶς
2899 1368 2975 1431 ὡς
3004 1366 3101 1421 ἄνθ
3111 1383 3312 1437 ρωπος,
3342 1364 3498 1418 ἔσται
3518 1365 3630 1434 τῆς·

353 1471 481 1518 Sunt.
515 1462 633 1518 haec
646 1462 812 1516 verba
845 1459 1240 1516 humiliationis
1267 1469 1322 1514 et
1348 1473 1505 1516 servo
1529 1462 1928 1527 convenientia,

2052 1464 2413 1529 ταπεινώσεως
2435 1464 2506 1518 τά
2519 1463 2859 1534 δουλοπρεπῆ
2885 1463 3122 1534 ῥήματα,
3143 1460 3244 1514 οὐκ
3257 1458 3627 1516 ἀναϐαίνοντα

354 1568 460 1607 non
495 1555 562 1608 ad
603 1553 898 1609 essentiam
929 1554 1100 1623 ipsius
1127 1553 1514 1623 pertingentia,
1544 1552 1640 1607 sed
1676 1553 1932 1606 incarna-

2052 1558 2139 1614 ιὲν
2163 1557 2301 1630 πρὸς
2325 1557 2423 1628 τὴν
2449 1557 2640 1609 οὐσίαν
2671 1554 2838 1608 αὐτοῦ
2857 1594 2872 1619 ,
2925 1553 3062 1608 ἀλλὰ
3099 1552 3176 1624 τῷ
3219 1553 3319 1623 τῆς
3342 1549 3627 1620 ἐνανθρω-

357 1646 490 1701 tioni
534 1645 966 1701 accommodata.
998 1645 1064 1701 Et
1095 1650 1554 1716 quemadmodum
1588 1659 1655 1700 ex
1686 1643 1935 1699 sublimi-

2052 1651 2259 1721 πτήσεως
2297 1647 2576 1718 προσώπῳ
2621 1647 2999 1718 περικείμενα.
3044 1646 3155 1699 Καὶ
3189 1643 3380 1714 ὥσπερ
3411 1643 3477 1694 ὲκ
3521 1639 3628 1692 106

357 1750 472 1793 tate
513 1737 734 1793 dcitatis
771 1736 1135 1791 humilitatem
1181 1753 1303 1809 qua:
1346 1737 1400 1792 in
1443 1735 1782 1792 humanitate
1819 1735 1934 1789 sive

2052 1741 2135 1812 τῆς
2166 1741 2419 1812 θεότητος
2446 1739 2617 1811 ὕψους
2645 1741 2746 1810 τὴν
2772 1742 2830 1793 ὲν
2875 1738 3260 1811 ὰνθρωπότητι
3285 1734 3628 1790 ταπείνωσιν

358 1831 747 1884 humanatione
770 1836 874 1892 est,
911 1830 1312 1900 cognoscimus,
1340 1830 1412 1884 ita
1437 1838 1625 1884 contra
1657 1843 1723 1884 ex
1756 1826 1934 1881 humi-

2052 1833 2492 1904 ίπιγινώσκομεν,
2511 1831 2684 1896 οὕτως
2698 1832 2758 1886 τὸ
2773 1831 3014 1886 ἐναντίον
3038 1832 3101 1883 ὲκ
3117 1829 3215 1900 τῆς
3234 1826 3628 1887 ταπεινώσεως

358 1922 512 1977 litate
563 1936 683 1991 quae
720 1924 773 1978 in
825 1923 1214 1978 humanatione
1262 1922 1533 1987 consistit,
1580 1920 1633 1975 id
1685 1919 1828 1990 quod
1882 1920 1935 1972 in

2052 1927 2136 1996 τῆς
2166 1927 2225 1978 ὲν
2248 1925 2651 1998 άνθρωπότητι,
2693 1923 2753 1977 τὸ
2783 1925 2841 1976 ὲν
2873 1922 3090 1994 θεότητι
3124 1921 3268 1992 μέγα
3289 1920 3384 1974 καὶ
3415 1917 3626 1989 ὑψηλὸν

358 2015 558 2066 deitate
582 2029 834 2083 magnum
868 2023 924 2068 et
952 2013 1006 2067 in
1035 2014 1273 2068 essentia
1300 2012 1422 2068 Filii
1455 2011 1687 2068 sublime
1717 2019 1818 2071 est.
1849 2009 1936 2063 in-

2052 2018 2138 2088 ι-ῆς
2167 2017 2354 2082 οὐσίας
2385 2016 2479 2071 106
2503 2015 2636 2070 Υἰοῦ
2669 2013 3122 2087 γνωρισθήσεται.

2715 1071 2922 1127 ΑΛΛΟ.

361 2105 636 2177 telligetis.

759 2251 1340 2344 ASSERTIO
1408 2257 1533 2342 Χ.

578 2404 734 2471 Quod
755 2405 1220 2460 eonsubstantialis
1249 2405 1402 2460 Patri
1429 2406 1498 2460 sit
1527 2404 1722 2461 Filius.

432 2514 628 2570 ilostes
671 2515 899 2581 Christi,
939 2531 1063 2571 cum
1114 2530 1177 2572 ea
1225 2530 1345 2586 qua:
1398 2516 1464 2571 ad
1509 2517 1763 2573 deitatem
1814 2517 1938 2573 Filii

361 2612 656 2680 pertinent,
682 2619 941 2674 tractant,
978 2620 1033 2664 et
1071 2609 1441 2665 habitudinem
1478 2625 1639 2680 quam
1677 2611 1941 2665 naturali-

366 2715 448 2760 ter
481 2705 646 2759 habet
669 2703 732 2758 ad
767 2702 1009 2768 Patrem,
1043 2705 1342 2774 inquirunt,
1383 2720 1487 2760 non
1525 2714 1670 2760 recte
1717 2715 1942 2758 utuntur

364 2795 546 2848 verbis
573 2810 694 2863 quae
740 2795 974 2849 humano
1017 2810 1168 2850 more
1198 2795 1343 2850 dicta
1378 2804 1525 2861 sunt,
1554 2804 1609 2849 et
1654 2810 1685 2849 a
1712 2794 1940 2850 Domino

366 2893 552 2940 nostro
579 2885 813 2953 prolata,
839 2885 1059 2954 quando
1095 2899 1314 2940 carnem
1349 2895 1590 2939 nostram
1623 2885 1937 2953 assumpsit.

367 2973 551 3044 Neque
575 2975 721 3029 enim
758 2989 822 3028 cx
859 2975 925 3028 iis
953 2989 1074 3044 quae
1107 2984 1164 3029 ut
1196 2975 1358 3030 homo
1389 2985 1638 3045 respectu
1685 2975 1941 3030 incarna-

369 3067 534 3121 tionis
573 3067 784 3120 locutus
830 3075 938 3133 est,
992 3067 1310 3137 incorporea
1350 3067 1468 3136 ejus
1510 3070 1748 3125 essentia
1797 3071 1943 3126 desi-
1971 3109 2014 3168 ο

367 3167 561 3227 εηιιιιιτ
595 3166 758 3227 atque
798 3157 1140 3228 exprimitur,
1185 3159 1279 3213 sed
1321 3159 1452 3215 illud
1495 3176 1594 3216 nos
1627 3170 1682 3216 et
1716 3160 1859 3217 scire
1890 3170 1946 3216 et

367 3250 592 3303 credere
641 3257 880 3318 oportet,
927 3248 1070 3317 quod
1108 3246 1346 3304 Verbum
1391 3251 1660 3307 exsistens
1706 3252 1850 3309 Deus
1892 3261 1948 3310 et

368 3341 831 3398 consubstantiale
858 3355 952 3411 per
971 3344 1152 3396 omnia
1180 3341 1352 3409 Patri,
1377 3344 1668 3398 humanam
1698 3351 1947 3400 nat'ltram

368 3432 680 3502 assumpsit,
718 3442 773 3486 et
811 3431 988 3490 laetus
1029 3443 1114 3489 est
1163 3434 1345 3501 homo,
1381 3444 1440 3491 ut
1474 3436 1748 3491 interdum
1783 3437 1946 3493 etiam

372 3532 432 3579 ut
478 3525 641 3580 homo
695 3524 982 3592 loquatur,
1034 3535 1254 3594 propter
1299 3527 1759 3596 dispensationem
1823 3543 1946 3582 cum

369 3631 558 3672 carne.
589 3616 856 3686 Loquitur
887 3633 1018 3672 vero
1045 3618 1211 3672 etiam
1244 3630 1303 3672 ut
1337 3619 1478 3674 Deus
1505 3635 1626 3690 quae
1670 3620 1945 3676 hominem

369 3710 659 3775 excedunt,
689 3709 890 3780 quippe
920 3709 1010 3778 qui
1048 3710 1188 3766 Deus
1233 3711 1552 3766 naturaliter
1580 3722 1692 3776 est;
1735 3723 1792 3768 et
1823 3728 1945 3768 cum

369 3806 584 3867 tempus
609 3799 664 3852 id
701 3799 954 3869 requirit,
993 3813 1058 3854 eo
1090 3799 1346 3871 loquendi
1378 3815 1578 3870 genere
1605 3803 1799 3858 utitur.
1831 3804 1948 3859 Cae-

373 3899 570 3954 terum,
603 3889 646 3943 si
673 3890 798 3958 quis
827 3890 959 3944 velit
987 3905 1048 3944 ea
1080 3905 1199 3960 qua:
1217 3891 1454 3946 humano
1484 3907 1636 3947 more
1659 3902 1714 3947 et
1738 3893 1950 3949 ratione

369 3977 787 4046 incarnationis,
837 3988 896 4034 ut
935 3981 1070 4046 dixi,
1111 3983 1256 4038 dicta
1307 3992 1454 4049 sunt,
1499 3986 1566 4038 ad
1611 3985 1947 4040 divinitatem

371 4070 542 4140 ipsius
571 4071 798 4138 referre,
842 4087 961 4141 quat
993 4088 1123 4128 vero
1149 4073 1336 4130 divino
1374 4090 1524 4131 more
1547 4075 1690 4131 dicta
1727 4087 1852 4131 sunt
1883 4078 1950 4132 ad

369 4161 505 4218 illud
547 4172 760 4233 tempus
781 4164 1080 4221 transferre
1110 4181 1219 4236 quo
1247 4165 1424 4223 lactus
1457 4178 1541 4224 est
1566 4171 1748 4236 homo,
1781 4171 1828 4226 is
1855 4187 1952 4226 na-

374 4265 553 4310 turam
601 4272 783 4312 rerum
825 4258 1140 4322 confundet,
1189 4273 1518 4328 omnemque
1559 4261 1953 4318 incarnationis

373 4352 641 4406 rationem
700 4349 872 4404 tollet.
938 4349 1209 4404 Interdum
1265 4351 1409 4406 enim
1467 4362 1524 4405 ut
1582 4352 1723 4409 Deus
1774 4354 1948 4409 dicit:

2533 2249 2898 2334 ΛΟΓΟΣ
2973 2239 3108 2333 Θ’.

2287 2406 2416 2458 Ὀτι
2449 2403 2770 2470 ὀλιοοὺσιος
2804 2400 2884 2467 τῷ
2929 2401 3114 2469 Πατρὶ
3144 2402 3178 2456 ό
3215 2401 3348 2467 Υἱός

2112 2519 2225 2574 Οὐκ
2255 2518 2492 2587 εὐλόγως
2513 2519 2560 2569 οἱ
2585 2515 2946 2588 χριστομάχοι
2983 2513 3049 2566 τὰ
3078 2512 3207 2583 περί
3232 2511 3336 2580 τῆς
3370 2507 3631 2579 θεότητος

2039 2612 2134 2665 106
2171 2611 2302 2665 Υίοῢ
2330 2610 2722 2682 γυμνάζοντες,
2758 2609 2853 2661 καὶ
2883 2606 3068 2678 σχέσιν
3102 2603 3391 2675 ζητοῦντες
3417 2603 3484 2674 ἢν
3511 2602 3630 2674 ἔχει

2043 2703 2286 2774 φυσικῶς
2315 2703 2450 2775 πρὸς
2480 2703 2572 2756 τὸν
2603 2700 2795 2756 ἑαυτοῦ
2830 2699 3068 2771 Πατέρα,
3117 2700 3239 2760 ταῖς
3268 2694 3632 2768 ἀνθρωπίνως

2042 2795 2362 2868 εἰρημέναις
2401 2793 2698 2866 κέχρηνται
2749 2795 2976 2864 φωναῖς,
3018 2785 3109 2856 αἷς
3141 2792 3169 2844 ὁ
3212 2789 3418 2860 Κύριος
3446 2783 3631 2847 εἶπεν,

2043 2887 2133 2940 ὅτε
2164 2884 2261 2956 τὴν
2288 2883 2445 2955 ἡμῶν
2480 2885 2659 2957 σάρκα
2694 2883 3068 2956 περιεϐάλετο.
3105 2881 3180 2935 Οὐ
3216 2881 3323 2950 γὰρ
3353 2878 3412 2944 ἐξ
3445 2869 3521 2931 ὧν
3549 2877 3632 2941 ὡς

2043 2977 2327 3048 ἄνθρωπος
2357 2976 2717 3047 οἰκονομικῶς
2744 2975 3089 3045 διαλέγεται,
3120 2976 3176 3026 ἐν
3204 2972 3378 3043 τούτῳ
3411 2971 3444 3041 ἡ
3477 2969 3632 3023 άσῶ-

2048 3087 2216 3140 ματος
2262 3069 2421 3124 οὐσία
2473 3068 2961 3140 χαρακτηρίζεται,
2999 3066 3116 3120 ἀλλ’
3155 3065 3352 3118 εἰδέναι
3392 3063 3497 3134 χρὴ
3529 3063 3633 3114 καὶ

2047 3163 2348 3228 πιστεύειν,
2411 3164 2491 3216 ὅτι
2517 3162 2648 3226 Θεὸς
2677 3160 2752 3214 ὢν
2797 3162 2823 3213 ὁ
2848 3160 3018 3228 Λόγος
3039 3158 3134 3212 καὶ
3173 3156 3456 3229 ὀμοούσιος
3483 3153 3634 3207 κατὰ

2047 3257 2224 3310 πάντα
2250 3254 2328 3326 τῷ
2361 3254 2554 3325 Πατρί,
2595 3254 2695 3323 τὴν
2723 3251 3010 3324 ἀνθρώπου
3043 3250 3204 3321 φύσιν
3246 3245 3629 3320 περιεϐάλετο,

2047 3349 2141 3401 καὶ
2172 3345 2396 3416 γέγονεν
2427 3344 2732 3416 ἄνθρωπος,
2765 3345 2851 3397 ἵνα
2880 3343 2976 3396 καὶ
3004 3342 3079 3405 ὡς
3099 3339 3384 3412 ἄνθρωπος
3404 3337 3516 3390 ἔσθ’
3536 3338 3630 3390 ὅτε

2045 3437 2203 3508 λαλῇ,
2233 3434 2321 3488 διὰ
2353 3435 2451 3506 τὴν
2485 3434 2623 3505 μετὰ
2655 3436 2852 3505 σαρκὸς
2884 3432 3216 3502 οἰκονομίαν,
3244 3429 3407 3484 Λαλεῖ
3436 3428 3492 3481 δὲ
3532 3426 3632 3480 καὶ

2047 3529 2123 3591 ὡς
2144 3527 2276 3590 Θεὸς
2299 3527 2369 3580 τὰ
2391 3527 2530 3597 ὑπὲρ
2558 3525 2866 3596 ἄνθρωπον,
2893 3523 2968 3586 ὡς
2995 3522 3154 3575 τοῦτο
3175 3520 3314 3574 κατὰ
3341 3517 3501 3590 φύσιν
3523 3515 3626 3580 ὣν,

2049 3621 2143 3674 καὶ
2173 3621 2262 3673 ὅτε
2299 3618 2490 3690 καιρὸς
2524 3618 2622 3688 τὴν
2650 3615 2842 3670 τούτου
2874 3614 3064 3686 χρείαν
3105 3613 3369 3683 εἰσφέρει.
3408 3609 3549 3663 Ἀλλ’
3580 3610 3632 3662 εἰ

2047 3727 2132 3772 τις
2185 3708 2428 3780 βούλοιτο
2478 3707 2548 3760 τὰ
2575 3704 3064 3777 ἀνθρωπινώτερον
3102 3704 3198 3757 καὶ
3245 3697 3631 3772 οἰκονομικῶς,

2049 3803 2300 3873 καθάπερ
2328 3801 2482 3874 ἔφην,
2518 3801 2783 3873 εἰρημένα
2814 3800 2999 3870 φέρειν
3033 3799 3122 3853 ἐπὶ
3143 3798 3234 3850 τὸν
3260 3798 3358 3867 τῆς
3380 3795 3634 3865 θεότητος

2048 3893 2213 3949 αὐτοῦ
2233 3893 2413 3962 λόγον,
2438 3893 2533 3944 καὶ
2559 3891 2722 3943 πάλιν
2742 3934 2756 3956 ,
2790 3891 2860 3943 τὰ
2890 3889 3086 3953 θεῖκῶς
3129 3889 3396 3960 εἰρημένα
3442 3887 3634 3958 φέρειν

2051 3988 2138 4040 ἐπ’
2171 3988 2378 4039 ἐκεῖνον
2405 3983 2498 4037 τὸν
2531 3983 2722 4052 καιρὸν
2767 3980 2890 4034 καθ’
2938 3981 2996 4034 ὃν
3048 3980 3272 4048 γέγονεν
3320 3978 3631 4049 ἄνθρωπος,

2051 4078 2298 4149 ἀδικήσει
2337 4077 2446 4128 τῶν
2480 4074 2822 4145 πραγμάτων
2848 4072 2943 4142 τὴν
2974 4071 3169 4142 φύσιν,
3211 4071 3305 4124 καὶ
3346 4070 3634 4139 ἀναιρήσει

2050 4171 2148 4242 τὴν
2165 4167 2497 4240 οἰκονομίαν.
2525 4167 2662 4220 Ποτὲ
2691 4166 2788 4238 μὲν
2812 4164 2923 4238 γὰρ
2949 4164 3024 4228 ὡς
3053 4164 3184 4227 Θεὸς
3199 4163 3348 4231 λέγει
3367 4178 3383 4194 ο
3411 4181 3429 4213 ι
3456 4161 3634 4231 Ἀμὴν

2051 4261 2196 4328 λέγω
2229 4260 2378 4330 ὑμῖν,
2414 4259 2546 4328 πρὶν
2590 4254 2844 4327 Ἀϐραὰμ
2869 4253 3142 4323 γενέσθαι,
3173 4252 3285 4322 ἐγώ
3311 4255 3444 4323 εἰμι.
3476 4271 3494 4302 ι
3523 4251 3635 4304 Kst‘.

2054 4353 2248 4408 πάλιν·
2292 4371 2310 4404 ι
2347 4350 2719 4421 Καταεέῦηκα
2766 4351 2830 4402 ὲκ
2875 4348 2970 4401 106
3003 4346 3255 4418 οὐρανοῦ.
3303 4365 3322 4397 ι
3355 4347 3417 4398 Εἰ
3453 4345 3511 4398 δέ
3546 4361 3634 4409 τις

378 4457 399 4490 ι
427 4441 600 4493 Amen
629 4439 752 4492 dico
785 4439 956 4502 vobis,
1005 4448 1298 4506 antequam
1326 4440 1598 4494 Abraham
1635 4442 1808 4506 ﬁeret,
1849 4457 1947 4513 ego

2056 4446 2297 4518 βούλοιτο
2320 4445 2479 4516 μόνον
2496 4443 2643 4514 αὐτῷ
2668 4442 2957 4511 φυλάττειν
2975 4440 3034 4494 τὸ
3061 4439 3364 4510 θεοπρεπὲς
3392 4438 3631 4508 ἀξίωμα,

361 4546 485 4587 sum
509 4530 577 4584 ".
609 4548 627 4581 ι
665 4530 730 4585 Et
757 4546 984 4584 rursus:
1020 4548 1039 4581 ι
1072 4528 1184 4601 Ego
1224 4531 1477 4586 descendi
1513 4549 1544 4587 e
1574 4532 1713 4588 caelo
1734 4535 1804 4590 ³⁷.
1835 4553 1853 4587 ι
1893 4535 1951 4589 Si

362 4637 498 4677 vero
528 4622 797 4692 quispiam
842 4623 968 4677 velit
999 4623 1168 4678 solam
1207 4623 1328 4693 ejus
1360 4624 1596 4680 divinam
1630 4626 1951 4696 dignitatem

370 4715 532 4780 tueri,
567 4717 718 4771 tollet
754 4716 913 4786 plane
951 4716 1094 4786 quod
1144 4717 1349 4774 ultimis
1395 4718 1734 4789 temporibus
1781 4720 1950 4774 homo

370 4807 548 4862 factus
585 4806 770 4862 fuerit.
818 4806 1003 4875 Neque
1035 4808 1183 4863 enim
1228 4809 1344 4878 ipse
1387 4820 1508 4865 erat
1548 4812 1733 4875 homo,
1771 4811 1952 4879 prius-

369 4917 531 4970 quam
563 4900 838 4955 Abraham
891 4900 1069 4964 lieret,
1098 4917 1275 4973 neque
1321 4911 1380 4956 ut
1423 4902 1584 4958 homo
1610 4903 1888 4956 descendit
1919 4919 1950 4958 e

371 4993 531 5049 coelo.
565 4992 791 5057 Contra,
835 4992 880 5047 si
912 4993 1034 5062 quis
1073 4996 1232 5050 verba
1263 5002 1319 5050 et
1359 5009 1444 5050 res
1469 5010 1589 5064 quae
1619 4995 1947 5051 humanitati

369 5088 727 5154 conveniunt,
783 5085 896 5142 Deo
946 5085 1160 5152 Verbo,
1202 5087 1278 5142 ita
1323 5096 1383 5141 ut
1435 5097 1561 5142 ante
1619 5087 1952 5142 incarnatio-

372 5195 497 5234 nem
531 5189 672 5245 erat,
709 5178 1126 5234 accommodare
1157 5178 1322 5256 volet,
1355 5179 1644 5233 admodum
1678 5181 1840 5250 impie
1871 5180 1953 5235 fa-

370 5273 497 5328 ciet.
545 5272 684 5339 Quid
729 5272 872 5326 enim
922 5269 1110 5334 faciat,
1155 5271 1368 5325 dicente
1397 5272 1616 5326 Christo
1650 5290 1663 5324 :
1703 5290 1722 5322 ι
1754 5274 1947 5328 Anima

370 5379 493 5418 mea
546 5365 828 5426 turbatur,
863 5360 971 5432 73
1008 5371 1062 5414 et
1093 5361 1263 5415 tristis
1294 5370 1379 5414 est
1424 5361 1582 5416 valde
1604 5361 1650 5394 "
1688 5381 1706 5414 ι
1733 5363 1759 5416 ?
1799 5362 1955 5418 Anne

371 5469 664 5511 maerorem
709 5463 766 5510 et
807 5455 1140 5509 anxietatem
1189 5453 1385 5508 divinae
1433 5464 1640 5511 naturae
1688 5457 1955 5512 accidisse

368 5556 599 5610 statuet,
643 5557 738 5601 aut
785 5545 968 5601 timori
1005 5544 1202 5600 mortis
1239 5545 1531 5602 obnoxiam
1574 5547 1744 5603 fuisse
1770 5547 1954 5604 dicet?

443 5731 486 5763 ⁸⁸
512 5727 604 5786 10a
613 5745 644 5784 n

2053 4540 2341 4610 ἀναιρήσει
2373 4529 2592 4598 πάντως
2630 4534 2690 4588 τὸ
2719 4537 2776 4588 ὲν
2822 4534 3072 4603 ὑστέροις
3107 4533 3320 4603 καιροῖς
3349 4531 3633 4603 ἄνθρωπον

2053 4630 2304 4700 γενέσθαι
2337 4629 2518 4684 αὐτόν.
2555 4627 2629 4680 06
2660 4625 2768 4697 γάρ
2811 4621 2879 4696 ἦν
2919 4627 2978 4678 ὲν
3024 4624 3402 4696 ἀνθρωπότητι
3429 4665 3443 4689 ,
3504 4625 3633 4693 πρὶν

2067 4720 2320 4791 Ἀϐραὰμ
2370 4719 2645 4787 γενέσθαι,
2677 4718 2798 4771 οὐδὲ
2837 4718 2974 4770 καθὸ
3006 4715 3291 4788 ἄνθρωπος
3331 4714 3626 4784 καταϐέϐη-

2055 4829 2150 4867 κεν
2184 4815 2248 4865 ὲκ
2273 4810 2367 4866 106
2387 4810 2644 4883 οὐρανοῦ.
2680 4811 2789 4863 Καὶ
2821 4809 3004 4873 πάλιν,
3028 4810 3180 4872 εἴτις
3211 4807 3424 4879 θελήσει
3448 4805 3516 4858 τὰ
3536 4805 3634 4875 τῆς

2058 4907 2155 4960 ἀνθ
2167 4906 2479 4978 ρωπότητος
2500 4903 2722 4977 ῥήματά
2736 4921 2794 4957 τε
2815 4904 2910 4956 καὶ
2939 4901 3240 4974 πράγματα
3257 4899 3447 4971 γυμνῷ
3469 4916 3629 4970 προσο

2059 4997 2251 5052 άπτειν
2277 4996 2355 5068 τῷ
2379 4997 2496 5068 Θεῷ
2525 4998 2682 5068 Λόγῳ
2715 4997 2821 5068 πρὸ
2856 4996 2956 5067 τῆς
3001 4993 3483 5066 ὲνανθρωπήσεως,
3510 4994 3634 5045 ἀσε-

2059 5089 2220 5160 6ήσει
2265 5088 2537 5158 μεγάλως.
2578 5087 2642 5140 Τί
2687 5088 2794 5159 γὰρ
2824 5088 3060 5156 ποιήσει,
3090 5085 3339 5153 λέγοντος
3373 5083 3465 5136 τοῦ
3499 5085 3630 5154 Χρι-

2062 5180 2191 5235 στοῦ
2212 5197 2227 5212 ο
2259 5201 2277 5232 t
2312 5181 2428 5234 Νῦν
2458 5184 2491 5247 ἡ
2517 5181 2662 5253 ψυχή
2701 5199 2802 5250 μου
2825 5182 3181 5252 τετάρακται,
3213 5177 3309 5232 καὶ
3341 5176 3633 5247 περίλυπός

2054 5276 2210 5338 ἑστις
2245 5294 2264 5327 ι
2290 5273 2482 5345 Λύπην
2511 5275 2623 5346 ἄρα
2651 5275 2746 5327 καὶ
2781 5273 3012 5346 θόρυϐον
3045 5272 3206 5326 δώσει
3243 5271 3372 5340 περὶ
3418 5269 3515 5340 τὴν
3539 5269 3633 5322 106

2053 5366 2190 5420 Θεοῦ
2213 5367 2374 5436 φύσιν
2403 5367 2678 5436 γενέσθαι,
2710 5368 2806 5421 καὶ
2832 5368 3056 5438 κρατεῖν
3083 5365 3317 5419 θανάτου
3342 5363 3532 5432 φόδον;
3567 5362 3632 5414 Τί

2052 5458 2110 5512 δὲ
2153 5459 2284 5512 ὅταν
2335 5458 2740 5531 σταυρούμενον
2782 5458 2888 5530 ἴδῃ,
2945 5459 3040 5512 καὶ
3078 5455 3238 5510 τοῦτο
3275 5457 3504 5526 πάσχειν
3539 5453 3630 5507 τοῦ

2055 5551 2186 5605 Υἰοῦ
2216 5551 2555 5623 τὴνθεότητα
2592 5551 2753 5605 δώσει
2790 5549 2964 5615 οὕτως
2991 5551 3066 5614 ὡς
3109 5549 3428 5622 άνθρωπον;
3474 5547 3542 5600 Ἦ
3579 5546 3628 5598 τ)

709 5745 830 5790 \‘lll.
857 5728 951 5785 58.
1020 5727 1064 5762 °’
1099 5727 1255 5787 Joan.
1289 5744 1362 5789 νι.
1396 5728 1484 5784 '58.
1564 5726 1610 5761 ”
1640 5727 1794 5784 Joan.
1831 5743 1929 5790 xu,
1963 5728 2057 5782 ΕΠ.
