3876 6208
279 324 380 377 ‘l'll

1704 320 2144 377 TllESAURUS.

3445 317 3550 375 {2‘3

281 444 567 514 δύσφημον
597 447 1033 516 παραιτήσεται;
1069 445 1279 499 Οὐκοῦν
1308 445 1555 514 ἐκατέρῳ
1585 440 1762 512 καιρῷ
1804 458 1863 494 τε

1968 442 2106 508 Quid
2136 457 2265 497 vero
2294 456 2415 495 cum
2447 442 2768 496 cruciﬁxum
2812 439 3050 495 viderit?
3077 454 3218 495 anne
3246 448 3411 494 ettam
3445 440 3550 495 hoc

281 537 378 588 καὶ
410 538 696 606 πράγματι
728 536 984 600 σωζέσθω
1021 536 1082 589 τὸ
1122 538 1350 603 πρέπον,
1377 535 1471 589 καὶ
1497 532 1863 603 γυμναζέσθω

284 627 385 695 μὲν
412 628 509 695 τῆς
534 628 812 697 θεολογίας
840 631 868 682 ό
896 628 1073 696 λόγος,
1110 628 1183 699 μὴ
1216 630 1437 690 πάντως
1472 627 1532 693 ἐξ
1563 620 1637 680 ὧν
1667 627 1741 688 ώς
1766 626 1863 679 άν-

280 718 499 788 θρωπος
525 720 770 785 φαίνεται
804 719 1001 785 λαλῶν,
1030 720 1142 775 ἀλλ’
1168 721 1227 785 ἐξ
1254 714 1329 772 ὧν
1357 722 1508 772 ἐστιν
1532 720 1596 771 ἐκ
1628 717 1862 786 Πατρδς,

276 811 357 874 ὡς
395 811 520 875 Υἱὸς
548 813 644 865 καὶ
685 814 832 877 Θεός.
868 814 1262 885 Συγχωρείσθω
1297 815 1353 866 δὲ
1385 815 1451 883 τῇ
1498 809 1776 880 οἰκονομίᾳ
1796 811 1862 880 τῇ

283 902 424 970 μετά
451 904 671 973 σαρκὸς,
699 904 761 956 τὸ
790 905 970 971 λέγειν
997 906 1161 958 αὑτὸν
1188 904 1297 957 ἐσθ’
1322 905 1410 957 ὅτε
1434 904 1529 955 καὶ
1551 902 1588 956 ἃ
1623 901 1700 971 μὴ
1728 901 1865 970 πρέ-

280 1010 378 1046 πει
408 998 585 1065 γυμνῇ
621 996 713 1049 καὶ
743 997 867 1049 καθ’
898 996 1100 1068 ἑαυτὴν
1140 995 1274 1068 οὔσῃ
1316 998 1382 1066 τῇ
1412 996 1647 1064 θεότητι.
1696 994 1864 1046 Ὅταν

280 1081 399 1149 οὗν,
428 1086 505 1148 ὡς
533 1087 819 1155 ἄνθρωπος
837 1130 851 1154 ,
893 1089 1027 1161 λέγῃ
1058 1087 1131 1159 μὴ
1160 1083 1300 1140 εἶναι
1354 1087 1558 1155 ἀγαθὸς
1587 1085 1760 1146 οὕτως
1790 1084 1865 1147 ὡς

279 1177 310 1227 ὁ
340 1175 550 1245 Πατὴρ,
584 1176 837 1247 φερέσθω
874 1178 1071 1248 μᾶλλον
1093 1179 1187 1231 κειι)⁸
1216 1177 1373 1231 τοῦτο
1400 1176 1492 1228 ἐπὶ
1525 1176 1625 1248 τὴν
1655 1178 1864 1228 οὲκονο-

284 1265 417 1334 μίαν
457 1266 557 1338 τὴν
603 1268 744 1337 μετὰ
771 1271 995 1340 σαρκὸς,
1024 1271 1119 1323 καὶ
1154 1269 1228 1339 μὶκ
1264 1268 1519 1322 ἁπτέσθω
1548 1268 1646 1338 τῆς
1675 1266 1867 1329 οὐσίας

280 1357 380 1410 τοῦ
407 1358 536 1413 Υίοῦ
571 1360 668 1415 καὶ
696 1361 856 1417 Θεοῦ.

292 1650 607 1739 Ἀπρλοτςα
645 1653 867 1739 πιθανὴ
882 1654 1062 1739 “spec
1097 1654 1205 1739 τρτς
1220 1652 1666 1739 ,ἐρωτήσανεαιο
1701 1670 1719 1702 ι
1762 1650 1868 1732 εξιὰ

352 1740 510 1792 τιμε

534 1723 730 1792 λέγεις
754 1724 1018 1794 ἁταθόν;
1050 1725 1149 1777 καὶ
1178 1723 1471 1793 ἐξήγησις
1498 1722 1606 1776 τοῦ
1619 1721 1831 1790 ῥητοῦ.
1868 1762 1875 1768 μ

1966 532 2086 587 Filii
2123 532 2460 603 divinitatem
2488 534 2597 601 pati
2625 532 2887 587 concedet
2918 531 3141 600 perinde
3179 540 3348 600 atque
3375 532 3549 585 bomi-
3642 572 3653 595 χ

1969 623 2230 677 uem?Au
2269 623 2448 694 potius
2481 622 2871 691 blasphemiam
2909 622 3549 678 vetabit?Couservetur

1969 718 2149 785 itaque
2186 720 2330 786 quod
2360 715 2580 784 utrique
2609 723 2665 769 et
2704 715 2933 783 tempori
2968 722 3023 769 et
3057 714 3134 769 rei
3171 714 3450 778 convenit,
3496 721 3551 766 et

1967 808 2131 861 divini
2165 808 2432 862 sermonis
2475 809 2615 861 ratio
2642 807 2970 876 inquiratur,
3006 822 3112 861 non
3144 806 3196 861 in
3229 806 3544 860 universum

1965 917 2030 955 ex
2060 902 2124 955 iis
2145 915 2267 970 quae
2308 911 2365 953 ut
2396 900 2555 953 homo
2592 900 2850 969 loquitur,
2888 899 2983 954 sed
3024 915 3088 954 ex
3120 899 3328 968 quibus
3360 908 3445 953 est
3482 910 3550 953 ex

1967 994 2150 1057 Patre,
2190 1002 2250 1046 ut
2299 991 2467 1047 Filius
2512 1002 2565 1045 et
2593 991 2757 1046 Deus.
2802 990 3100 1044 Tribuatnr
3133 1005 3264 1045 vero
3308 990 3412 1046 hoc
3439 989 3553 1044 dis-

1966 1086 2272 1156 pensationi
2323 1100 2448 1139 cum
2506 1101 2674 1139 carne
2718 1084 2833 1139 sive
2866 1082 3252 1151 incarnationi,
3301 1083 3347 1138 si
3381 1083 3552 1138 inter-

1966 1178 2094 1233 dum
2126 1179 2242 1248 ipse
2288 1194 2351 1233 ea
2386 1179 2531 1231 dicat
2567 1192 2687 1246 quae
2732 1179 2887 1231 nuda:
2920 1190 2985 1230 ac
3031 1191 3127 1245 per
3156 1191 3216 1230 se
3265 1174 3549 1229 exsistenti

1967 1270 2153 1325 deitati
2189 1285 2296 1324 non
2339 1272 2625 1339 quadrant.
2659 1268 2793 1323 Cum
2843 1268 3006 1340 igitur
3034 1280 3091 1322 ut
3136 1268 3295 1323 homo
3329 1267 3461 1323 dicit
3491 1282 3553 1322 se

1968 1378 2074 1418 non
2106 1377 2225 1417 esse
2249 1362 2451 1417 bonum
2487 1363 2557 1416 ita
2588 1372 2647 1416 ut
2675 1361 2855 1426 Pater,
2895 1363 2961 1416 ad
2998 1361 3426 1416 incarnationem
3452 1375 3551 1430 po-

1968 1454 2076 1508 tius
2105 1453 2237 1510 illud
2273 1453 2562 1515 referatur,
2592 1466 2769 1523 neque
2794 1454 2861 1508 ad
2892 1453 3185 1509 essentiam
3222 1449 3343 1507 Filii
3366 1461 3421 1507 et
3450 1452 3544 1506 Dei

1967 1545 2243 1615 pertinere
2263 1545 2543 1615 iudicetur

1971 1657 2219 1725 Defensio
2278 1657 2577 1711 verisimilis
2627 1655 2696 1707 ad
2747 1656 3159 1725 interrogantem
3204 1670 3223 1708 :
3265 1652 3423 1708 «Cur
3472 1669 3552 1706 me

2238 1728 2371 1781 dicis
2395 1728 2624 1782 bonum?
2650 1746 2670 1779 ι
2710 1725 2779 1778 Et
2814 1724 3096 1793 explicatio
3133 1726 3282 1778 dicti.

364 1832 711 1896 Ἐξεταστέον
750 1832 878 1905 ὃλην
921 1833 1019 1887 τοῦ
1053 1834 1418 1906 προκειμένου
1447 1834 1545 1906 τὴν
1580 1834 1855 1888 διάνοιαν·

2038 1842 2231 1897 Totius
2274 1841 2351 1895 rei
2397 1841 2464 1895 de
2520 1855 2627 1910 qua
2674 1839 2885 1910 agimus
2940 1854 3137 1895 sensus
3194 1836 3554 1908 inquirendus

279 1924 377 1978 xui.
403 1925 546 1977 οὔτω
572 1924 893 1996 γνωσόμεθα
924 1925 1134 1995 σαφῶς,
1153 1926 1289 1997 ὅπερ
1313 1925 1564 1979 ἐϐούλετο
1592 1926 1865 1980 διδάσκειν

277 2017 308 2069 ό
344 2015 599 2088 Χριστὸς,
631 2015 721 2069 διὰ
753 2017 846 2070 τοῦ
885 2018 1071 2087 φάνσιι⁸
1103 2037 1123 2070 ι
1159 2018 1225 2071 Τί
1260 2035 1328 2089 με
1353 2017 1531 2086 λέγεις
1556 2016 1798 2086 ἀγαθόν;
1840 2036 1859 2070 ι

277 2108 522 2179 Νομικὸς
554 2108 862 2179 προσῆλθεν
886 2108 1048 2179 (οὕτω
1085 2109 1195 2179 γὰρ
1227 2109 1584 2180 γέγραπται),
1624 2108 1685 2161 τὸ
1714 2109 1865 2172 ὅπως

280 2201 587 2272 σωθήσεται
619 2202 911 2273 μανθάνειν
936 2202 1233 2271 ἐπιζητῶν.
1262 2198 1395 2255 Εἶτα
1423 2201 1697 2271 προτείνει
1720 2201 1865 2255 διδά-

278 2285 480 2345 σκαλον
498 2292 661 2346 αὑτὸν
682 2293 778 2346 καὶ
795 2293 999 2361 ἀγαθὸν
1020 2291 1370 2364 προειρηκὼς
1394 2293 1473 2359 τὸ,
1500 2312 1518 2345 ι
1545 2293 1610 2346 Τί
1631 2294 1865 2364 ποιήσας

278 2382 426 2455 ζωὴν
453 2384 672 2437 αἰώνιον
704 2384 1130 2456 κληρονομήσω;
1163 2403 1182 2436 ι
1222 2385 1368 2455 Πρὸς
1388 2384 1562 2438 ταῦτα
1588 2383 1825 2457 Χριστός
1846 2400 1860 2414 °

284 2496 304 2527 ι
340 2477 405 2529 Τί
436 2495 502 2547 με
528 2477 726 2546 λέγεις,
760 2476 946 2547 φησὶν,
977 2475 1212 2544 ἀγαθόν;
1246 2475 1435 2541 Οὐδεὶς
1458 2474 1681 2543 ἀγαθὸς,
1714 2477 1763 2527 εἰ
1789 2474 1865 2545 μὴ

276 2562 404 2632 εἷςό
430 2568 584 2631 Θεός.
616 2569 858 2639 “Υπαγε,
891 2568 1144 2641 πώλησόν
1175 2587 1268 2623 σου
1288 2569 1358 2622 τά
1390 2570 1704 2642 ὑπάρχοντα
1725 2610 1740 2635 ,
1771 2571 1866 2624 καὶ

276 2662 367 2724 δὸς
393 2664 653 2731 πτωχοῖς,
682 2662 779 2715 καὶ
804 2660 949 2727 ἔξεις
978 2660 1253 2733 θησαυρὸν
1279 2665 1339 2715 ἐν
1362 2663 1635 2733 οὐρανοῖς.
1678 2683 1697 2714 ι
1720 2663 1864 2716 Ἀλλ’

274 2756 377 2809 οὐκ
401 2755 641 2824 ἐνεγκὼν
664 2755 762 2825 τῆς
792 2753 1011 2824 ἐντολῆς
1031 2755 1094 2808 τὸ
1115 2755 1301 2827 βάρος,
1325 2756 1421 2809 καὶ
1442 2756 1711 2826 άτονήσας
1735 2758 1866 2827 περὶ

275 2848 377 2918 τὴν
408 2846 633 2919 ἀρετὴν,
679 2846 901 2911 ὀκλάζει
932 2848 1061 2917 περὶ
1108 2848 1169 2901 τὸ
1210 2848 1560 2921 πρόσταγμα.
1628 2848 1866 2920 ’Δπῆλθε

274 2946 408 3012 γάρ,
433 2942 586 3013 φησὶ,
610 2940 968 3011 λυπούμενος.
995 2942 1154 3003 Ποῖος
1173 2936 1267 2993 οὖν
1280 2936 1350 3012 ἦν
1368 2941 1555 2995 ἐνθάδε
1584 2941 1867 3011 θεολογίας

274 3034 504 3103 καιρός;
530 3032 621 3103 Τῷ
649 3033 707 3086 δὲ
735 3034 1090 3105 ὲρωτήσαντι,
1122 3032 1188 3084 Τί
1208 3032 1317 3104 ἄρα
1340 3035 1571 3103 ποιήσας
1597 3033 1750 3086 ἔσται
1770 3034 1867 3087 καὶ

273 3128 440 3191 αὐτὸς
470 3131 581 3192 τοῖς
606 3127 937 3198 σωζομένοις
963 3126 1313 3198 ἐναρίθμιος;
1348 3129 1501 3180 ποῖον
1538 3126 1652 3198 ἔχει
1681 3127 1861 3194 λόγον,
1890 3159 1933 3216 C

279 3222 357 3292 μὴ
394 3222 530 3290 ὅπερ
575 3218 805 3290 ἐξῄτησε
859 3219 1048 3289 μαθεῖν
1086 3217 1437 3289 ἀποκαλύψαι
1489 3218 1710 3289 μᾶλλον,
1746 3218 1863 3271 ἀλλ’

274 3313 467 3383 ἕτερόν
500 3329 553 3365 τι
578 3312 730 3382 παρά
764 3312 829 3364 τὸ
871 3313 1066 3383 ἐκείνῳ
1121 3311 1457 3381 ποθούμενον
1497 3314 1706 3370 είπεῖνς
1740 3311 1865 3375 Πῶς

275 3405 335 3457 δὲ
365 3398 475 3456 οἷόν
509 3420 567 3456 τε
593 3400 660 3475 ἦν
679 3404 740 3456 τὸ
768 3405 1017 3471 ἐνεγκεῖν
1038 3404 1140 3457 οὐκ
1174 3402 1478 3473 ἰσχύσαντα
1496 3405 1625 3473 μιᾶς
1647 3402 1864 3472 ἐντολῆς

276 3494 641 3566 εὐαγγελικῆς
679 3496 920 3567 φορτίον,
968 3494 1029 3548 τὸ
1086 3494 1229 3566 ὑπὲρ
1278 3494 1457 3548 πάντα
1514 3493 1864 3547 διδάσκεσθαι

280 3588 604 3658 μυστήριον,
651 3586 826 3651 οὕτως
867 3584 1162 3640 ἀτονοῦντα
1216 3586 1348 3657 περὶ
1371 3585 1470 3657 τὴν
1496 3585 1619 3653 τῶν.
1643 3585 1864 3653 ἀγαθῶν

275 3680 487 3748 ἔφεσιν,
509 3679 584 3743 ὡς
607 3678 742 3749 μηδὲ
760 3679 903 3749 λόγῳ
926 3677 1187 3732 δύνασθαι
1209 3678 1413 3747 ταύτην
1441 3680 1672 3750 χωρεῖν;
1694 3677 1863 3731 Λελύ⁶

276 3788 449 3841 πηται
477 3772 608 3842 γάρ,
632 3771 708 3833 ὡς
738 3770 1068 3841 γέγραπται.
1119 3770 1339 3842 Ἐπειδὴ
1368 3770 1547 3823 τοίνυν
1577 3770 1863 3842 ἄνθρωπον

278 3858 492 3930 βλέπων
531 3862 560 3913 ό
608 3862 853 3930 νομικὸς,
903 3859 976 3923 ὡς
1015 3859 1290 3931 ἀνθρώπῳ
1318 3860 1571 3932 πρόσεισι
1597 3899 1611 3924 ,
1647 3860 1740 3913 καὶ
1787 3860 1864 3925 ὡς

276 3953 431 4022 ψιλὸν
469 3953 752 4025 ἄνθρωπον
794 3953 1007 4023 ἐρωτᾷ,
1052 3952 1352 4023 ἐξελέγχων
1394 3952 1471 4015 ὡς
1501 3953 1719 4024 ἀμαθῆ,
1758 3954 1865 4023 μά-

277 4043 419 4097 λισθ’
463 4045 543 4097 ὃτι
581 4045 775 4113 σοφίας
819 4045 1089 4114 ὑπόληψιν
1123 4044 1597 4116 ἐπραγματεύετο,
1651 4045 1740 4099 διὰ
1769 4044 1861 4098 τοῦ

276 4138 453 4191 δοκεῖν
477 4138 682 4191 εἰδέναι
702 4138 794 4190 τὸν
819 4138 1005 4208 νόμον,
1028 4138 1273 4192 δυσωπεῖ
1299 4138 1473 4208 λέγων
1492 4157 1506 4170 ·
1529 4138 1705 4203 Μόνος
1729 4139 1864 4208 ἀγα-

277 4230 369 4293 θὸς
399 4230 540 4283 κατά
568 4229 828 4301 ἀλήθειαν
852 4231 880 4281 ὁ
910 4230 1061 4293 Θεός.
1085 4230 1151 4282 Τί
1178 4229 1467 4302 τοιγαροῦν
1487 4230 1563 4294 ώς
1590 4230 1863 4303 ἀνθρώπῳ

278 4320 614 4391 προσελθὼν,
640 4321 700 4373 τὸ
730 4320 875 4391 μόνῳ
894 4321 1093 4390 προσὸν
1110 4320 1187 4391 τῷ
1215 4321 1334 4391 Θεῷ
1364 4322 1506 4375 κατά
1536 4321 1719 4391 φύσιν,
1740 4323 1864 4392 ἐμοὶ

280 4410 586 4483 περι-τίθης,
623 4410 827 4478 ἀγαθὸν
861 4411 1154 4464 ἀποκαλῶν
1174 4430 1188 4477 ;
1212 4406 1307 4474 Εἷς
1334 4413 1442 4481 γάρ
1473 4414 1619 4465 ἐστιν
1648 4415 1676 4465 ό
1704 4412 1863 4482 φύσει

1966 1935 2124 1989 nobis
2175 1943 2293 1997 est;
2345 1940 2507 1999 atque
2559 1932 2632 1984 ita
2683 1928 2971 1984 manifeste
3014 1928 3384 1995 intelligemus
3425 1927 3552 1996 quid

1966 2026 2200 2082 voluerit
2247 2025 2444 2079 docere
2492 2023 2744 2078 Christus
2794 2021 3032 2077 dicens:
3072 2039 3091 2073 ι
3121 2019 3231 2075 Cur
3284 2034 3372 2074 me
3420 2018 3555 2071 dicis

1966 2117 2212 2172 bonum?
2246 2135 2265 2167 ›
2301 2114 2460 2185 Legis
2510 2114 2719 2185 peritus
2769 2113 2993 2182 quidam
3025 2113 3123 2183 (ita
3173 2110 3318 2166 enim
3363 2110 3555 2165 scribi-

1966 2212 2073 2279 tur)
2104 2209 2218 2264 adit
2248 2208 2560 2274 Domlnmn,
2590 2207 2819 2277 cupiens
2853 2221 2920 2261 ex
2954 2220 3019 2262 eo
3049 2215 3382 2273 cognoscere
3410 2217 3551 2271 quo—

1965 2318 2090 2357 nam
2156 2310 2314 2371 pacto
2380 2300 2613 2354 salutem
2686 2309 2945 2354 aeternam
3028 2295 3290 2365 consequi
3347 2306 3550 2365 posset.

1965 2393 2169 2449 Deinde
2191 2394 2293 2447 hoc
2316 2392 2567 2462 petitioni
2595 2406 2706 2445 suae
2726 2390 2996 2461 prtetexit,
3031 2386 3351 2458 magistrum
3376 2387 3553 2457 ipsum

1964 2499 2088 2539 esse
2131 2493 2186 2537 et
2219 2484 2450 2548 bonum,
2498 2484 2574 2537 ita
2624 2483 2901 2537 Christum
2952 2479 3328 2550 compellans:
3366 2495 3386 2529 ι
3416 2478 3555 2543 Quid

1965 2576 2172 2631 faciens
2215 2575 2379 2628 vitam
2422 2583 2684 2628 aeternam
2720 2572 3046 2643 possidebo?
3077 2589 3096 2623 ι
3130 2570 3227 2624 Cui
3263 2568 3556 2625 Christus:

1970 2685 1988 2719 ι
2023 2667 2165 2734 Quid
2199 2682 2307 2732 me,
2339 2668 2534 2735 inquit,
2583 2667 2720 2722 dicis
2752 2666 2991 2719 bonum?
3022 2662 3193 2718 Nemo
3221 2662 3420 2728 bonus,
3454 2661 3553 2715 nisi

1964 2776 2108 2815 unus
2132 2760 2293 2817 Deus.
2329 2760 2504 2825 Vade,
2542 2771 2596 2816 et
2625 2760 2801 2815 vende
2835 2757 3016 2814 omnia
3043 2773 3162 2827 quae
3191 2757 3378 2821 babes,
3409 2765 3463 2810 et
3488 2756 3553 2810 da

1964 2855 2317 2926 pauperibus,
2369 2864 2425 2910 et
2477 2854 2701 2909 habebis
2756 2854 3085 2908 thesaurum
3146 2850 3199 2904 in
3259 2851 3500 2905 caelis”.
3533 2866 3552 2899 ι

1965 2947 2128 3016 Atqui
2180 2946 2225 3001 is
2259 2963 2367 3001 non
2402 2947 2578 3001 ferens
2621 2946 2875 3016 pracepti
2914 2946 3149 3013 pondus,
3201 2951 3255 2996 et
3303 2941 3559 3011 languido

1965 3057 2093 3110 erga
2135 3041 2393 3094 virtutem
2440 3040 2648 3101 animo,
2685 3045 3021 3106 prmeeptum
3072 3049 3177 3088 non
3220 3034 3556 3102 exsequitur.

1970 3131 2389 3195 Recessiteuim,
2416 3130 2612 3199 inquit,
2630 3137 2879 3183 maestus.
2905 3127 3164 3192 Quaenam
3186 3125 3351 3196 igitur
3373 3124 3459 3178 hic
3476 3141 3561 3177 or.-

1972 3226 2121 3278 casio
2138 3232 2259 3278 erat
2279 3234 2335 3274 ut
2352 3222 2533 3276 divino
2558 3236 2708 3275 more
2729 3219 3086 3290 loqueretur?
3107 3218 3239 3272 Cum
3270 3231 3398 3270 vero
3428 3217 3560 3286 legis

1971 3316 2183 3386 peritus
2226 3315 2529 3383 interrogat
2582 3314 2710 3383 quid
2747 3312 2956 3367 faciens
3006 3312 3058 3364 in
3094 3324 3281 3364 eorum
3322 3309 3414 3379 qui
3447 3309 3557 3361 sal-

1966 3407 2127 3460 vandi
2165 3415 2290 3460 sunt
2332 3419 2618 3458 numerum
2664 3401 2988 3457 referendus
3019 3401 3118 3465 sit,
3158 3415 3419 3469 quanam,
3446 3399 3549 3450 oh-

1970 3517 2153 3566 secro,
2186 3500 2417 3563 ratione,
2439 3514 2544 3553 non
2582 3498 2633 3552 id
2664 3497 2807 3566 quod
2841 3495 3063 3565 optabat
3090 3494 3255 3558 scire,
3290 3493 3365 3546 illi
3394 3492 3553 3559 expli-

1965 3605 2071 3652 cet.
2109 3593 2202 3646 sed
2230 3592 2408 3661 potius
2438 3590 2641 3659 aliquid
2680 3588 2954 3643 diversum
2985 3586 3052 3641 ab
3094 3600 3159 3640 eo
3186 3585 3332 3655 quod
3368 3584 3557 3653 cupie-

1964 3688 2076 3753 bat,
2106 3688 2181 3741 illi
2217 3686 2360 3740 dicat
2385 3686 2409 3738 ?
2433 3683 2551 3751 Quo
2579 3691 2736 3753 pacto
2764 3696 2895 3735 vero
2940 3679 3057 3733 lieri
3090 3686 3305 3747 poterat
3352 3686 3430 3740 ut,
3466 3674 3557 3745 qui

1965 3796 2033 3834 ue
2066 3780 2225 3834 unius
2264 3778 2481 3848 quidem
2542 3774 2839 3845 evangelici
2877 3770 3133 3844 praecepti
3169 3764 3380 3840 pondus
3420 3770 3559 3822 ferre

1966 3880 2213 3942 poterat,
2265 3884 2527 3925 arcanum
2583 3867 2826 3921 omnium
2885 3864 3186 3919 maximum
3244 3861 3554 3921 doceretur,

1967 3963 2171 4031 quique
2202 3961 2275 4014 ita
2318 3959 2607 4028 languidus
2639 3972 2702 4011 ac
2727 3957 2990 4011 remissus
3025 3956 3078 4007 in
3116 3951 3433 4022 appetendis
3464 3951 3558 4004 hn-

1966 4055 2051 4108 nis
2082 4066 2221 4118 erat,
2256 4064 2315 4107 ut
2344 4068 2411 4108 ne
2443 4053 2654 4108 ratione
2686 4051 2904 4121 quidem
2941 4065 3003 4104 ea
3033 4048 3315 4118 percipere
3343 4046 3560 4113 posset?

1964 4145 2193 4201 Moestus
2224 4146 2368 4201 enim
2407 4154 2546 4210 erat,
2578 4154 2640 4198 ut
2692 4145 2955 4213 scriptum
3009 4141 3152 4195 est‘.
3203 4140 3338 4195 Cum
3380 4139 3560 4207 itaque

1965 4241 2098 4308 lcgis
2136 4239 2343 4308 peritus
2392 4236 2479 4291 ille
2527 4236 2806 4292 hominem
2867 4235 3017 4288 illum
3057 4245 3179 4287 esse
3215 4246 3466 4296 cernens,
3502 4239 3559 4282 ut

1965 4331 2290 4399 simpliciter
2340 4331 2615 4385 hominem
2669 4328 3055 4397 compellaret,
3118 4339 3355 4395 arguens
3404 4323 3552 4376 illum

1965 4423 2269 4492 imperitiae,
2299 4437 2365 4479 eo
2411 4422 2684 4491 praecipue
2732 4420 2954 4474 nomine
2991 4416 3138 4488 quod
3181 4414 3461 4483 sapientiae
3494 4413 3559 4464 ti-

279 4504 514 4574 ἀγαθὸς,
556 4504 687 4566 Θεὸς
737 4504 959 4574 δηλαδή.
1018 4504 1080 4557 Ei
1129 4504 1228 4575 μὲν
1275 4500 1368 4557 οὖν
1397 4500 1543 4567 οἶδάς
1578 4522 1667 4575 με,
1703 4505 1858 4576 φησὶ,

1971 4516 2084 4569 tulo
2123 4514 2507 4581 sejacutaret,
2559 4511 2812 4566 nimirum
2861 4510 3006 4580 quod
3049 4523 3109 4561 se
3145 4506 3394 4578 peritiam
3424 4502 3560 4567 legis

280 4596 413 4650 Θεὸν
452 4597 602 4663 ὄντα,
645 4598 739 4649 καὶ
778 4596 864 4649 διὰ
888 4595 1047 4649 τοῦτο
1073 4595 1298 4665 ἀγαθὸν,
1332 4598 1453 4651 ὅτου
1496 4597 1559 4668 δὴ
1590 4597 1748 4669 χάριν
1788 4597 1864 4661 ώς

282 4688 553 4761 ἀνθρώπῳ
606 4690 885 4760 προσέρχῃ
923 4689 1099 4759 ψιλῷς
1132 4689 1197 4743 El
1230 4689 1287 4742 δὲ
1324 4690 1385 4742 οὑ
1426 4688 1703 4753 πιστεύεις
1728 4685 1865 4742 εἷναί

285 4798 353 4853 με
384 4781 538 4846 Θεὸν,
569 4781 684 4835 ἀλλ’
718 4779 1003 4851 ἄνθρωπον
1032 4782 1135 4833 οἴει
1159 4798 1227 4851 με
1255 4781 1428 4850 ψιλὸν,
1461 4782 1514 4834 τί
1538 4782 1601 4853 δή
1634 4799 1765 4835 ποτε
1787 4780 1866 4851 τῷ

283 4872 402 4941 Θεῷ
441 4872 648 4943 πρέπον
703 4872 924 4942 ἀξίωμα
976 4872 1123 4942 μόνῳ
1172 4871 1508 4942 προσάπτεις
1558 4870 1860 4944 άνθρώπῳ;

288 4965 549 5035 Ἔλεγχος
575 4959 667 5018 οὖν
698 4965 939 5036 ἀμαθίας
968 4965 1028 5018 τὸ
1055 4965 1343 5037 εἰρημένον
1373 4965 1520 5019 ἐστὶν
1542 5005 1557 5029 ,
1585 4966 1646 5018 οὑ
1680 4965 1863 5019 θεολο-

282 5058 409 5124 γίας
438 5057 683 5122 ἀξίωσις.

1964 4614 2318 4660 consecutum
2352 4606 2601 4674 putabat,
2630 4602 2951 4672 perstringit
2983 4600 3161 4665 illum,
3193 4596 3381 4651 dicens
3410 4611 3424 4647 :
3456 4594 3558 4646 So-

1963 4699 2047 4753 lus
2078 4698 2219 4753 Deus
2258 4713 2445 4753 revera
2471 4696 2644 4751 bouus
2681 4704 2784 4751 est.
2832 4692 2941 4747 Cur
2973 4693 3135 4761 igitur
3174 4705 3261 4745 me
3293 4698 3351 4741 ut
3383 4687 3557 4740 homi-

1964 4790 2470 4851 nem-accedendo,
2505 4787 2613 4860 74.
2653 4788 2703 4841 id
2753 4785 2897 4855 quod
2941 4785 3039 4839 soli
3095 4783 3205 4837 Deo
3240 4778 3560 4835 naturaliter

1966 4884 2125 4945 inest,
2160 4885 2288 4937 mihi
2328 4883 2547 4947 tribuis,
2589 4883 2786 4936 bonum
2836 4896 2922 4934 me
2948 4877 3190 4934 vocans?
3233 4875 3383 4931 Unus
3411 4870 3556 4925 enim

1972 4986 2162 5028 natura
2197 4992 2291 5029 sua
2336 4977 2507 5030 bonus
2535 4983 2641 5038 est,
2679 4972 2825 5028 Deus
2866 4971 3144 5026 nimirum.
3185 4968 3241 5022 Si
3276 4965 3441 5030 enim,
3480 4962 3557 5013 iu«

1971 5068 2111 5135 quit,
2163 5068 2302 5122 nosti
2351 5081 2437 5120 me
2488 5065 2654 5119 Demu
2700 5079 2846 5131 esse,
2902 5074 3067 5133 atque
3110 5060 3180 5113 ob
3231 5058 3283 5111 id
3336 5057 3559 5115 bonum,

284 5166 445 5220 quam
479 5153 547 5206 ob
575 5168 690 5207 rem
724 5163 816 5206 me‘
854 5152 1137 5207 utnudum
1178 5151 1454 5207 hominem
1509 5154 1766 5208 accedis?
1807 5156 1863 5209 Si
1902 5172 2035 5214 vero
2079 5176 2183 5215 non
2233 5161 2409 5215 credis
2453 5174 2537 5214 me
2608 5173 2730 5214 esse
2774 5156 2968 5221 Deum,
3021 5156 3116 5210 sed
3174 5152 3310 5207 nihil
3354 5159 3553 5218 praeter

282 5247 562 5302 hominem
595 5248 867 5319 vulgarem
899 5264 985 5303 me
1017 5264 1139 5305 eSse
1169 5264 1382 5314 censes,
1415 5264 1516 5303 cur
1543 5249 1861 5318 dignitatem
1902 5268 2021 5323 quae
2060 5256 2160 5311 soli
2224 5257 2334 5311 Deo
2399 5256 2628 5311 debetur
2661 5253 2796 5308 mihi
2824 5251 3030 5307 homini
3067 5260 3280 5306 tantum
3329 5245 3561 5302 tribuis?

288 5340 503 5396 Dictum
534 5342 699 5412 igitur
735 5343 861 5409 hoc,
894 5351 1099 5396 tantum
1141 5342 1208 5397 ad
1251 5343 1730 5411 reprehensionem
1799 5346 2083 5417 imperitiae
2114 5349 2279 5415 illius,
2352 5364 2455 5402 nou
2524 5350 2590 5403 ad
2643 5345 2947 5403 divinitatis
2977 5342 3399 5398 declarationem
3436 5352 3557 5406 per-

285 5437 443 5491 tinet.

968 5527 1171 5580 AA.\0.

358 5638 421 5691 Εἰ
454 5636 542 5690 διὰ
580 5638 640 5691 τὸ
667 5637 919 5707 λέγεσθαι
958 5639 1118 5708 μόνον
1148 5634 1286 5692 εἶναι
1328 5641 1420 5693 καὶ
1457 5642 1551 5697 ἐνα
1585 5642 1723 5697 κατά
1761 5642 1861 5712 φύ-

368 5796 413 5826 "
444 5794 605 5850 Marc.
636 5810 687 5858 κ,
736 5796 915 5849 17-21.
1004 5797 1014 5826 ¹
1053 5798 1184 5853 Ibid.
1226 5798 1318 5853 2'2.

2653 5527 2882 5585 ALIUD.

2047 5643 2103 5698 Si
2135 5657 2198 5698 ex
2229 5658 2293 5699 co
2325 5643 2468 5714 quod
2492 5641 2694 5699 dicitur
2718 5641 2861 5698 Deus
2895 5639 3042 5697 solus
3072 5655 3196 5696 esse
3228 5649 3390 5711 atque
3417 5652 3557 5696 unus
