3876 6208
384 295 486 352 123

383 410 705 466 naturaliter
736 412 933 479 bonus,
978 416 1287 473 exclu'llitur
1337 421 1439 476 bac
1475 425 1527 478 ln
1558 439 1713 494 parte
1752 445 1779 483 a
1811 431 1964 485 simi-
1992 438 2037 494 Α
2069 422 2152 489 σῖν
2184 440 2218 492 ἁ

382 502 611 557 litudine
641 519 763 558 cum
798 503 961 562 Patre
1002 507 1191 574 Filius,
1229 520 1280 565 et
1314 513 1491 569 minus
1532 519 1704 574 bunns
1735 531 1836 588 est,
1876 532 1962 575 at-

380 608 487 661 que
519 594 721 649 idcirco
753 610 855 649 non
896 599 1394 666 consubstantialis,
1437 606 1580 659 dicat
1632 610 1786 665 nobis
1814 612 1964 680 quis-

381 687 522 751 piam
574 702 761 741 eurum
798 690 888 758 qui
935 690 1154 745 Christo
1205 692 1404 749 bellum
1455 697 1786 766 indixerunt,
1832 704 1961 772 quid
2061 715 2121 767 οὐ

382 776 584 830 laciant
608 779 653 833 si
681 781 843 834 etiam
882 797 979 837 nos
1010 783 1188 838 simile
1212 786 1416 857 aliquid
1448 790 1528 843 eis
1567 806 1956 860 proponamus.

383 867 519 922 Dicit
567 870 710 923 enim
760 872 959 927 alicubi
1006 875 1225 944 quidam
1271 894 1338 933 ex
1384 884 1593 937 sanctis
1637 885 1703 938 de
1738 886 1845 941 Deo
1895 903 1958 943 ac

376 958 538 1014 Patre
572 963 714 1030 quod
748 964 887 1018 Deus
938 966 1010 1019 sit
1057 967 1314 1035 lumen”;
1363 973 1495 1027 dicit
1531 990 1659 1030 vero
1698 976 1839 1032 idem
1889 980 1958 1035 dc

377 1051 538 1117 Filio,
570 1055 716 1123 quod
756 1056 829 1112 sit
866 1057 1047 1113 iumen
1096 1075 1281 1116 verum
1308 1065 1350 1119 ⁸.
1396 1065 1535 1121 Ecce
1577 1066 1739 1123 Pater
1773 1070 1953 1127 lumen

377 1145 600 1213 dicitur,
653 1157 708 1201 et
754 1148 927 1206 Filius
981 1155 1106 1206 item
1165 1153 1366 1213 lumen.
1422 1157 1532 1213 Soli
1584 1172 1762 1216 autem
1818 1162 1955 1219 Filio

374 1237 633 1291 tribuitur
666 1242 809 1310 quod
853 1244 923 1297 sit
955 1261 1129 1298 verum
1178 1246 1382 1301 lumen.
1416 1248 1580 1304 Pater
1618 1251 1803 1323 itaque
1839 1270 1943 1310 non

369 1329 475 1382 erit
507 1345 693 1385 verum
742 1333 947 1401 lumen,
983 1338 1029 1391 si
1073 1339 1288 1405 quidem
1321 1341 1559 1399 Joannes
1590 1344 1642 1400 id
1684 1347 1783 1402 soli
1815 1349 1952 1407 Filio

372 1421 621 1477 ascribit.
657 1424 822 1497 Atqui
868 1429 1141 1483 neminem
1192 1433 1431 1487 arbitror
1476 1450 1543 1491 eo
1586 1437 1811 1495 insaniae
1859 1443 1953 1497 de-

373 1523 680 1579 venturum,
725 1527 784 1571 ut
816 1519 952 1573 adeo
996 1522 1213 1588 impiam
1258 1525 1568 1592 opinionem
1605 1531 1743 1586 tueri
1792 1533 1947 1592 velit.

372 1606 431 1660 Si
461 1622 593 1677 ergo
625 1624 746 1663 cum
772 1610 938 1668 Filius
968 1614 1113 1670 solus
1141 1632 1266 1671 vere
1299 1629 1524 1676 vocetur
1551 1632 1605 1677 et
1640 1624 1713 1679 sit
1743 1624 1946 1694 iumen,

369 1713 498 1754 vere
538 1701 702 1757 etiam
742 1704 843 1759 hoc
889 1706 1065 1775 ipsum
1108 1719 1193 1764 est
1230 1709 1411 1779 Pater,
1443 1729 1566 1769 cum
1599 1715 1760 1773 Pater
1792 1731 1948 1775 natu-

367 1789 557 1845 raliter
588 1793 660 1846 sit
694 1793 888 1861 bonus,
917 1809 971 1852 et
1010 1800 1228 1867 quidem
1254 1803 1420 1869 solus,
1455 1807 1559 1861 erit
1579 1808 1744 1863 etiam
1775 1809 1945 1869 Filius
1978 1780 2020 1836 Β

368 1883 692 1939 naturaliter
739 1887 950 1953 bonus,
1001 1895 1456 1960 quemadmodum
1498 1908 1552 1951 et
1605 1898 1786 1955 Pater.
1840 1902 1944 1959 Ubi

366 1984 550 2030 autem
595 1987 679 2033 est
724 1979 978 2037 identitas
1024 1994 1253 2053 natura;
1295 1988 1368 2043 ibi
1400 1992 1565 2045 etiam
1612 1993 1947 2053 omninoest

363 2068 924 2127 consubstantialitas.

1033 2256 1261 2315 ALIUD.

430 2362 489 2417 Si
524 2378 592 2418 ex
617 2378 684 2419 eo
710 2366 852 2435 quod
885 2367 1068 2437 aliqua
1102 2371 1155 2425 in
1181 2386 1239 2427 re
1264 2372 1479 2429 diﬂ'erat
1504 2375 1675 2433 Filius
1697 2395 1727 2433 a
1754 2377 1938 2448 Patre,

358 2453 420 2507 lit
452 2462 512 2508 ut
541 2472 647 2510 non
677 2459 922 2513 eamdem
950 2475 1074 2515 cum
1113 2477 1178 2517 eo
1204 2466 1496 2521 essentiam
1531 2469 1739 2526 habere
1782 2473 1901 2528 dica
1921 2504 1939 2516 -

358 2554 469 2611 tur,
506 2547 599 2602 sed
635 2548 862 2604 alterius
892 2552 1108 2619 generis
1134 2562 1189 2609 et
1217 2558 1616 2622 quodammodo
1642 2573 1938 2622 extraneos

356 2640 450 2701 sit,
480 2649 631 2695 certe
665 2642 709 2696 si
758 2642 810 2697 in
840 2644 989 2699 nullo
1020 2643 1256 2712 dill‘erat,
1291 2652 1778 2709 consubstantialis
1806 2656 1933 2711 erit.

353 2729 489 2783 Cum
532 2747 662 2802 ergo
709 2748 869 2789 sacra
909 2733 1195 2806 Scriptura
1226 2739 1359 2795 dicit
1391 2742 1458 2795 de
1489 2740 1649 2798 Patre
1677 2748 1820 2815 quod
1865 2748 1938 2804 sit

354 2820 561 2886 lumen,
594 2832 650 2877 et
680 2840 871 2880 rursus
903 2827 1100 2882 Filium
1137 2841 1294 2885 vocet
1321 2830 1530 2900 lumen,
1567 2837 1811 2906 nihilque
1846 2839 1934 2895 hic

354 3003 597 3074 (utrique
625 3006 769 3061 enim
814 3024 1003 3064 verum
1043 3012 1223 3068 lumen
1256 3017 1555 3086 tribuitur),
1590 3021 1717 3089 quid
1751 3022 1935 3081 obstat

353 3099 642 3166 quominus
664 3101 1146 3162 consubstantialis
1180 3106 1329 3164 Patri
1360 3111 1430 3165 sit
1460 3110 1671 3169 Filius?

1040 3197 1266 3257 ALIUD.

423 3280 479 3335 Si
516 3280 686 3338 Filius
719 3283 947 3341 diversae
991 3291 1242 3346 essentia;
1284 3303 1367 3348 est
1400 3309 1428 3348 a
1466 3295 1650 3361 Patre,
1689 3298 1794 3369 75
1821 3315 1929 3368 quo

353 3382 512 3438 pacto
542 3372 701 3431 Pater
728 3377 779 3431 in
814 3378 930 3447 ipso
962 3391 1208 3451 apparet,
1237 3394 1291 3439 et
1323 3387 1437 3454 ipse
1470 3389 1521 3442 in
1547 3389 1746 3446 Patre?
1777 3411 1795 3443 ι
1825 3392 1929 3459 Qui

350 3465 497 3517 enim
542 3467 675 3521 vidit
708 3483 815 3533 me,
852 3471 1049 3539 inquit,
1097 3475 1231 3530 vidit
1268 3486 1324 3531 et
1365 3477 1583 3533 Patrem
1621 3497 1799 3537 meum
1824 3483 1865 3537 ⁸.
1904 3503 1923 3536 ι

352 3554 540 3626 Neque
590 3574 719 3614 vero
758 3561 996 3618 hominis
1036 3564 1266 3622 formam
1318 3569 1371 3623 in
1411 3585 1552 3641 equo
1597 3588 1925 3629 cernemus:

351 3662 528 3715 neque
583 3652 823 3706 vicissim
873 3655 998 3723 equi
1053 3655 1278 3712 formam
1332 3660 1386 3714 in
1435 3661 1674 3718 homine.
1739 3665 1929 3722 Simile

347 3737 491 3791 enim
525 3737 577 3793 in
612 3740 779 3795 simili
822 3744 1099 3813 cernitur;
1131 3762 1253 3815 quae
1299 3764 1428 3805 vero
1456 3752 1686 3809 diversae
1728 3758 1925 3824 speciei

348 3840 496 3897 sunt,
544 3842 599 3886 et
651 3850 680 3887 a
734 3837 967 3892 naturali
1025 3839 1381 3897 similitudine
1429 3844 1571 3898 inter
1607 3860 1667 3901 se
1713 3848 1923 3903 discre-

348 3932 499 3989 pant,
530 3940 802 3994 nunquam
845 3926 1014 3982 altera
1052 3930 1237 3986 alteris
1269 3932 1449 3988 inesse
1479 3947 1793 3993 cernentur.
1837 3941 1927 3994 Vi-

347 4014 510 4067 detur
540 4027 718 4069 autem
755 4016 916 4073 Pater
943 4024 997 4074 in
1030 4021 1190 4089 Filio,
1218 4033 1273 4078 et
1303 4023 1472 4081 Filius
1510 4027 1561 4080 in
1600 4027 1779 4089 Patre.
1808 4029 1924 4087 Non

347 4120 499 4174 ergo,
533 4117 591 4161 ut
620 4123 716 4164 vos
749 4112 1069 4179 opinamini,
1105 4114 1335 4171 diversae
1365 4117 1683 4175 substantiae
1716 4132 1801 4177 est
1837 4125 1926 4179 Fi-

347 4196 472 4261 lius,
510 4198 605 4253 sed
648 4202 1156 4273 consubstantiaiis,
1209 4216 1268 4261 ut
1303 4209 1594 4265 character
1643 4220 1699 4267 et.
1748 4214 1924 4287 imago

347 4289 524 4345 Patris
548 4293 607 4352 '.,

344 4405 501 4492 Quod
550 4405 839 4492 Filiufvu'}
885 4413 1353 4492 consubstantialis
1409 4417 1614 4492 Patri,
1653 4428 1923 4492 proposito

416 4477 554 4531 dt'clo
591 4491 610 4530 .‘
639 4496 656 4529 ι
702 4477 852 4551 Vada
901 4483 970 4535 ad
1006 4467 1560 4544 I’atremﬁvmeumwe’t’
1583 4467 1922 4551 Ἱδὲίνῖἶιῖἶοὲἶ
1954 4467 1999 4523 D

413 4557 602 4614 stram,
636 4558 683 4602 ει
720 4548 884 4604 Deum
916 4569 1087 4606 meum
1129 4566 1175 4607 et
1209 4555 1377 4611 Deum
1408 4571 1632 4616 vestrum
1658 4565 1698 4617 ‘.
1734 4584 1752 4617 ι

756 4661 840 4717 Ea:
871 4664 1158 4735 objectione
1190 4668 1457 4725 Eunomii.

411 4772 481 4827 At
515 4788 622 4841 quo
653 4784 830 4843 pacto,
871 4776 1065 4845 inquit,
1112 4778 1281 4835 Filius
1312 4793 1491 4850 potest
1538 4800 1656 4841 esse
1684 4790 1917 4845 consub-

1380 310 1440 366 S.
1484 311 1753 370 CYRILLI
1794 316 2262 379 ALEXANDRINI
2303 328 2624 386 ARCHIEP.

3548 356 3657 415 ηε

2222 440 2392 509 γαθὸν
2414 444 2506 500 τὸν
2530 446 2684 514 Θεὸν,
2717 451 3039 511 ἐκϐάλλεται
3077 459 3175 529 τῆς
3200 463 3339 519 κατὰ
3371 467 3528 523 τοῦτο
3546 472 3652 542 sp.-

2066 533 2292 602 φερείας
2323 553 2381 589 τε
2410 539 2504 592 καὶ
2534 542 2852 615 ὁμοιότητος
2880 549 2908 601 6
2941 549 3066 615 Υἱὸς
3098 570 3201 623 της
3234 559 3371 627 πρὸς
3405 561 3496 616 τὸν
3534 533 3650 618 Hi:-

2063 622 2212 693 τέρα,
2252 630 2414 699 φημὶ,
2455 633 2550 686 καὶ
2567 633 2787 689 ἔλαττον
2816 638 2969 695 ἔσται
3001 622 3237 712 ἀγαθός,
3265 622 3352 704 ὄιά
3388 669 3449 705 τε
3486 655 3650 709 τοῦτο

2128 717 2494 817 χλόμοούσιος,
2528 728 2789 797 φρασάτω
2821 749 2905 795 τις
2938 736 3074 805 ἡμῖν
3110 738 3220 793 τῶν
3251 750 3648 817 χριστομαχεῖν

2060 806 2350 873 εἰωθότων,
2384 813 2438 866 τί
2467 815 2573 886 ἄρα
2601 819 2825 889 ποιήσαι
2858 822 2986 877 ὅταν
3023 827 3117 878 καὶ
3143 806 3307 899 ἡμεῖς
3350 806 3646 905 προθῶμεν

2057 898 2243 963 αὐτοῖς
2271 902 2445 973 τούτῳ
2479 910 2898 983 παραπλήσιον;
2930 916 3092 985 Λέγει
3124 898 3224 989 μὲν
3250 922 3361 993 γάρ
3379 898 3482 979 που
3509 898 3643 999 περὶ

2056 991 2190 1045 Θεοῦ
2215 995 2308 1048 καὶ
2343 997 2556 1070 Πατρός
2576 1018 2661 1065 τις
2688 1004 2797 1057 τῶν
2827 1006 2996 1074 ἁγίων
3017 1010 3098 1064 ὃτι
3131 1012 3161 1064 6
3191 991 3469 1086 656;;6);
3495 991 3635 1074 ἐστι’

2055 1082 2202 1152 λέγει
2220 1085 2279 1140 δὲ
2307 1090 2549 1163 καὶπερὶ
2575 1093 2669 1147 τοῦ
2704 1095 2858 1162 Υἱοῦ,
2877 1099 2959 1152 ὅτι
2979 1102 3073 1155 καὶ
3100 1099 3167 1174 ἦν
3186 1105 3247 1159 τὸ
3276 1082 3392 1176 φῶς
3412 1111 3474 1163 τὺ
3500 1114 3640 1185 ἀλη-

2055 1173 2218 1231 θινόν.
2266 1179 2396 1232 Ἰδοὺ
2419 1182 2535 1250 φῶς
2564 1185 2593 1237 ὁ
2626 1186 2839 1259 Πατὴρ,
2870 1189 2987 1260 φῶς
3024 1195 3119 1248 καὶ
3145 1197 3174 1249 6
3206 1173 3351 1262 Υἱός.
3383 1202 3547 1274 Μόνῳ
3574 1173 3634 1259 ὄὲ

2051 1266 2129 1337 τῷ
2159 1270 2274 1367 ΥΞῷ
2295 1273 2617 1343 πρόσκειται
2638 1278 2698 1331 τὸ
2723 1279 3036 1348 ἀληθινόν.
3074 1286 3500 1363 Ἐκόληθήσεται
3518 1266 3637 1367 ὄρα

2049 1357 2144 1411 τοῦ
2171 1355 2307 1414 εἶναι
2348 1365 2486 1417 κατὰ
2519 1365 2778 1438 ἀλήθειαν
2805 1372 2920 1439 φῶς
2954 1374 2982 1426 6
3018 1376 3228 1448 Πατὴρ,
3259 1355 3453 1454 causa
3484 1355 3636 1455 μόνῳ

2048 1448 2209 1504 τοῦτο
2240 1454 2582 1523 περιτέθεικε
2601 1458 2679 1529 τῷ
2698 1460 2813 1531 ΥΞῴ
2839 1464 2869 1534 ἡ
2893 1464 2985 1517 τοῦ
3022 1465 3265 1523 Ἰωάννου
3294 1448 3464 1545 φωνή..
3485 1448 3633 1528 im“

2048 1541 2147 1597 οὐκ
2175 1542 2262 1609 ἂν,
2288 1540 2462 1616 οἶμαι,
2490 1549 2576 1613 τὶς
2607 1552 2689 1615 εἰς
2720 1552 2881 1607 τοῦτο
2904 1559 3099 1626 μανίας
3128 1560 3317 1616 ἐλάσαι
3357 1540 3517 1629 ποτὲ,
3550 1567 3633 1631 ὡς

2048 1632 2203 1688 τοῦτο
2249 1638 2662 1710 παραδέξασθαι
2695 1647 2756 1698 τὸ
2795 1646 3135 1720 δυσσέϐημα.
3175 1652 3241 1706 Εἰ
3279 1653 3456 1709 τοίνυν
3486 1660 3632 1711 κατὰ

2048 1726 2305 1796 ἀλήθειαν
2326 1730 2477 1797 ὄντος
2494 1751 2555 1787 τε
2590 1737 2683 1789 καὶ
2726 1738 3059 1811 καλουμένου
3103 1745 3283 1813 φωτὸς
3325 1746 3487 1817 μόνου
3529 1751 3629 1804 τοῦ

2050 1814 2205 1883 Υἱοῦ,
2233 1818 2350 1888 φῶς
2371 1823 2513 1877 κατὰ
2533 1824 2792 1896 ἀλήθειάν
2820 1829 2936 1884 ἐστι
2963 1833 3059 1885 καὶ
3078 1836 3106 1888 6
3130 1814 3341 1908 Πατὴρ,
3368 1841 3463 1892 καὶ
3492 1842 3630 1911 ἁγα-

2048 1906 2143 1960 Θοῦ
2167 1910 2308 1964 κατὰ
2332 1913 2493 1982 φύσιν
2520 1916 2671 1982 ὄντος
2706 1920 2800 1974 τοῦ
2832 1923 3044 1996 Πατρὸς
3081 1928 3175 1981 καὶ
3201 1929 3288 1982 ἐπ’
3318 1930 3484 1986 αὑτοῦ
3512 1938 3628 1987 κείς

2046 2018 2134 2054 ται
2162 2002 2223 2057 τὸ
2256 2004 2435 2075 μόνος,
2475 2009 2627 2064 ἔσται
2655 2014 2795 2068 κατὰ
2823 2015 2984 2084 φύσιν
3029 2020 3234 2087 ἀγαθὸς
3262 2026 3362 2077 καὶ
3406 2028 3435 2078 ὁ
3473 2027 3625 2091 Υἱὸς,

2044 2091 2232 2167 ὥσπερ
2263 2098 2359 2150 καὶ
2389 2100 2419 2152 6
2456 2101 2669 2175 Πατήρ.
2714 2105 2888 2160 Ὅπου
2941 2109 2999 2163 δὲ
3053 2110 3269 2178 φύσεως
3320 2117 3621 2188 ταυτότης,

2044 2188 2162 2241 ἐκεῖ
2187 2190 2405 2256 πάντως
2428 2193 2579 2249 ἔσται
2602 2198 2768 2252 καὶτὸ
2787 2201 3095 2270 ὁμοούσιον.

2728 2293 2935 2350 ΑΛΛΟ.

2112 2400 2175 2454 Εἰ
2206 2400 2267 2454 τὸ
2295 2419 2437 2457 κατα
2452 2421 2506 2457 τι
2532 2405 2809 2478 διαφέρειν
2833 2409 2925 2464 τὸν
2952 2413 3083 2465 Υἱὸν
3109 2413 3185 2479 ὡς
3212 2415 3349 2486 πρὸς
3376 2417 3468 2471 τὸν
3492 2419 3625 2473 ἑαυ-

2039 2491 2134 2545 τοῦ
2163 2494 2403 2565 Πατέρα,
2431 2496 2531 2567 τὴν
2566 2498 2736 2570 αὐτὴν
2772 2501 2872 2555 οὐκ
2912 2501 3058 2574 ἔχειν
3103 2506 3253 2577 αὐτῷ
3288 2508 3503 2563 δίδωσιν
3527 2513 3623 2564 οὐ·

2040 2583 2182 2648 σίαν,
2209 2586 2326 2639 ἀλλ’
2349 2589 2639 2659 ἑτερογενῆ
2662 2592 2758 2648 καὶ
2776 2592 3009 2662 ἔκφυλον
3036 2596 3225 2669 ὥσπερ
3249 2600 3410 2653 αὐτὸν
3436 2604 3616 2674 ἁπερ-

2036 2678 2285 2746 γάζεται,
2317 2681 2379 2733 τὸ
2413 2682 2555 2735 κατὰ
2578 2684 2746 2755 μηδὲν
2769 2684 3048 2757 διαφέρειν
3092 2691 3375 2760 ὀμοοὺσιον
3401 2694 3622 2748 ἀποδει-

2036 2767 2207 2821 κνύει.
2233 2770 2399 2822 Ὅταν
2428 2766 2575 2843 οὖνὴ
2604 2772 2724 2827 θεία
2744 2773 2877 2846 λέγῃ
2902 2776 3092 2847 Γραφὴ
3122 2779 3250 2850 περὶ
3273 2779 3366 2832 τοῦ
3400 2781 3619 2852 Πατρὸς

2033 2859 2114 2913 ὅτι
2145 2860 2261 2929 φῶς
2289 2862 2455 2924 ἐστιν,
2483 2864 2732 2936 ἀποκαλῇ
2762 2865 2820 2919 δὲ
2853 2868 3016 2921 πάλιν
3038 2868 3154 2938 φῶς
3179 2869 3268 2922 τὸν
3304 2872 3439 2936 υἱὸν,
3490 2874 3617 2925 οὐδ-

2033 2951 2153 3015 ενὸς
2184 2952 2335 3016 ὄντος
2385 2954 2571 3009 ἐνθάδε
2623 2957 2717 3010 τοῦ
2753 2958 2853 3029 τὴν
2894 2961 3189 3031 ὁμοιότητα
3233 2961 3617 3033 διατέμνοντος

2035 3043 2234 3113 (κεῖται
2268 3044 2375 3116 γὰρ
2402 3046 2490 3099 ἐπ’
2515 3048 2717 3118 ἀμφοῖν
2744 3048 2805 3101 τὸ
2839 3050 2954 3119 φῶς
2991 3036 3377 3124 τὸ’ἁληθινὸν),
3417 3055 3469 3108 τί
3502 3073 3618 3109 κω-

1957 3127 2004 3190 C
2033 3136 2151 3190 λύει
2178 3136 2270 3190 τὸν
2290 3137 2417 3192 Υξὸν
2439 3139 2727 3209 ὁμοούσιον
2758 3136 2999 3214 εἶναιτῷ
3030 3145 3240 3216 Πατρί;

2717 3236 2921 3290 AAAO.

2102 3321 2165 3375 Εἰ
2196 3321 2503 3392 έτερούσιός
2551 3326 2700 3377 ἐστιν
2749 3327 2776 3378 6
2806 3326 2934 3391 Υἱὸς
2957 3328 3034 3393 ὡς
3063 3329 3201 3402 πρὸς
3240 3332 3333 3386 τὸν
3367 3334 3612 3406 Πατέρα,

2031 3412 2149 3476 πῶς
2181 3415 2209 3466 6
2233 3413 2423 3484 Πατὴρ
2450 3417 2509 3467 ὲν
2537 3416 2685 3487 αὐτῷ
2702 3416 2974 3485 φαίνεται,
2998 3422 3093 3474 καὶ
3121 3423 3284 3488 αὐτὸς
3311 3425 3369 3476 ὲν
3392 3427 3565 3497 Πατρὶ
3592 3445 3608 3493 ;

2036 3522 2055 3554 ι
2101 3504 2158 3556 '0
2189 3504 2450 3575 ἑωρακὼς
2475 3507 2583 3578 γὰρ
2614 3508 2734 3577 ἐμὲ,
2760 3510 2944 3580 φησὶν,
2968 3510 3179 3583 ἑώρακε
3212 3514 3302 3567 τὸν
3332 3516 3567 3588 Πατέρα.
3586 3538 3604 3567 ι

2030 3596 2104 3648 Οὐ
2134 3596 2241 3666 γὰρ
2268 3596 2331 3668 δή
2363 3615 2465 3650 που
2500 3598 2597 3669 τὴν
2644 3600 2934 3672 ἀνθρώπου
2983 3605 3198 3677 μορφὴν
3218 3607 3275 3658 έν
3300 3608 3449 3679 ἵππῳ
3474 3609 3611 3663 θεω-

2034 3689 2303 3759 ρήσομεν·
2334 3690 2456 3744 οὐδὲ
2498 3690 2564 3744 αὖ
2590 3693 2751 3747 πάλιν
2784 3694 2882 3765 τὴν
2934 3697 3141 3751 ἐκείνου
3192 3699 3485 3769 κατόψεται
3522 3720 3611 3767 τις

2027 3780 2343 3853 ἀνθρωπεία
2383 3787 2589 3855 μορφῇ.
2618 3786 2692 3839 Τὸ
2714 3785 2822 3857 γὰρ
2845 3787 3029 3857 ὅμοιον
3050 3791 3109 3842 ἐν
3136 3791 3307 3863 ὁμοίῳ
3334 3793 3605 3863 φαίνεται*

2028 3871 2097 3925 τὰ
2122 3871 2179 3925 δὲ
2206 3874 2503 3946 έτεροειδῆ,
2531 3878 2742 3949 καὶτῆς
2761 3878 3007 3950 ἀλλήλων
3029 3881 3266 3953 φυσικῆς
3290 3884 3609 3954 ὁμοιότητος

2027 3964 2506 4037 ἀπεσχοινισμένα,
2543 3970 2644 4023 οὐκ
2667 3969 2735 4023 ἂν
2776 3972 2835 4024 ὲν
2876 3971 3125 4042 ἀλλήλοις
3155 3974 3397 4043 φαίνοιτό
3448 3994 3605 4031 ποτε.

2026 4054 2277 4111 Φαίνεται
2299 4058 2356 4112 δὲ
2390 4060 2509 4123 Υἱὸς
2533 4063 2590 4114 ἐν
2620 4063 2820 4133 Πατρὶ,
2845 4065 2939 4118 καὶ
2975 4066 3165 4138 Πατὴρ
3196 4068 3254 4122 έν
3302 4069 3436 4140 Υιῷ.
3488 4072 3608 4124 Οὐκ

2028 4145 2154 4216 ἄρα,
2192 4146 2313 4200 καθ’
2348 4150 2493 4217 ὑμᾶς
2530 4150 2858 4221 ὲτερούσιος,
2892 4153 3008 4207 ἀλλ’
3047 4155 3353 4226 ὁμοούσιος,
3395 4159 3470 4222 ὡς
3507 4178 3609 4230 χα-

2029 4235 2240 4307 ρακτὴρ
2266 4237 2359 4291 καὶ
2396 4237 2559 4293 εἰκὼν
2592 4240 2684 4293 τοῦ
2714 4244 2938 4315 πατρὸς.

2028 4429 2158 4513 Ὀτι
2208 4431 2528 4513 ὁροούιζίος
2654 4434 2787 4501 Υἱὸς
2824 4436 2905 4513 τῷ
2949 4438 3154 4513 Πατρὶ,
3204 4446 3605 4513 προκειμένου

2087 4500 2277 4581 ,ῥῃτοῇ
2299 4516 2312 4531 ⁸
2359 4520 2386 4581 (-
2406 4504 2744 4581 Πρρεύοιιαε
2759 4500 2910 4581 πρὸς·
2938 4509 3044 4561 τὸν
3068 4500 3296 4581 Πατέρα
3332 4500 3451 4581 μοι)
3500 4518 3602 4569 καὶ

2097 4573 2327 4638 Πατέρα
2358 4571 2545 4640 ὑμῶν,
2578 4571 2675 4627 καὶ
2709 4576 2858 4629 Θεόν
2882 4595 3002 4646 μου
3034 4580 3131 4632 καὶ
3172 4571 3535 4652 Θὲὸν’ύμιῖ›ν.
3576 4605 3596 4636 ι

2295 4684 2616 4753 Ἀντίθεσις
2641 4690 2723 4756 ὡς
2762 4690 2833 4745 ἐκ
2877 4692 2997 4745 τῶν
3033 4695 3351 4764 Εὐνομίου.

2091 4798 2201 4852 Καὶ
2234 4800 2371 4867 πῶς,
2396 4802 2581 4873 φησιν,
2620 4806 2648 4857 ὁ
2679 4804 2808 4868 Υἱὸς
2851 4804 3137 4875 όμοούσιος
3186 4804 3327 4864 εἶναι
3371 4811 3597 4869 δύναται

339 4863 613 4919 stantialis
664 4864 835 4929 Patri,
895 4884 1018 4922 cum
1076 4870 1252 4939 ipsum
1307 4875 1508 4929 habeat
1569 4877 1779 4934 Deum?
1840 4883 1913 4938 Ita

2049 4890 2098 4961 1;)
2130 4863 2496 4963 Πατρὶ,Θεόν
2525 4863 2621 4949 καὶ
2649 4863 2812 4951 αὐτὸν
2843 4863 2983 4969 ἕξων
3007 4916 3021 4965 ;
3053 4863 3228 4956 Αότοῦ
3256 4863 3392 4975 γὰρῗ
3412 4863 3597 4975 φαίνε-

339 4955 485 5009 enim
534 4956 648 5025 ipse
699 4956 973 5027 loquitur:
1009 4978 1030 5012 ι
1067 4960 1214 5017 Vado
1260 4964 1327 5018 ad
1371 4964 1584 5023 Patrem
1639 4986 1816 5027 meum
1860 4984 1918 5029 et

344 5042 555 5067 n_._-_.
602 5054 835 5067 ---ΑΑῌηῌΑ
943 5059 983 5067 ᾼ.
1041 5049 1103 5067 n,
1608 5059 1640 5067 ...

2049 4955 2110 5037 ἀι
2145 4955 2327 5056 φωνή·
2373 5006 2392 5037 ι
2428 4987 2740 5058 Πορεύομαι
2775 4955 2908 5059 πρὸς
2951 4955 3043 5045 τὸν
3088 4955 3449 5067 Πατέρατμου
3499 5000 3597 5053 καὶ

341 5042 558 5099 Patrem
602 5054 881 5112 vestrum,
935 5059 989 5103 et
1040 5049 1207 5106 Deum
1262 5070 1441 5110 meum
1495 5068 1550 5112 et
1606 5059 1772 5115 Deum
1822 5080 1916 5119 ve-

342 5144 554 5200 strum;
592 5154 610 5187 »
662 5145 717 5192 et
767 5153 1032 5194 rursum:
1075 5158 1094 5192 ι
1126 5140 1264 5198 Deus
1313 5160 1488 5213 meus,
1544 5149 1685 5205 Deus
1738 5168 1911 5218 mens,

339 5241 441 5278 cur
472 5241 559 5281 me
586 5227 960 5298 dereliquisli?
989 5250 1007 5284 ι
1045 5231 1102 5288 Si
1139 5250 1266 5290 vero
1299 5237 1440 5293 Deus
1470 5238 1638 5308 ipsius
1671 5253 1775 5308 est,
1806 5260 1913 5316 quo

2049 5259 2077 5311 li
2106 5258 2162 5311 δὲ
2190 5259 2322 5322 Θεὸς
2357 5227 2689 5326 αῡὲοῠιστι,

2023 5075 2242 5146 Πατέρα
2272 5076 2445 5147 ὑμῶν,
2477 5079 2571 5132 καὶ
2597 5080 2729 5133 Θεόν
2766 5099 2866 5151 μου
2913 5085 3007 5137 καὶ
3035 5085 3168 5138 Θεὸν
3213 5086 3366 5157 ὑμῶν
3390 5105 3405 5121 ·
3445 5108 3463 5141 ι
3498 5094 3597 5145 καὶ

2022 5166 2184 5220 πάλιν
2206 5184 2219 5197 ·
2254 5189 2271 5219 ι
2298 5168 2399 5222 Θεέ
2431 5188 2551 5240 μου,
2581 5172 2681 5224 Θεέ
2712 5190 2837 5243 μου,
2869 5175 2953 5228 ἵνα
2973 5176 3025 5229 τί
3055 5195 3123 5246 με
3154 5179 3508 5247 ἐγκατέλιπες
3530 5201 3545 5250 ;
3568 5204 3587 5235 ι

2716 5265 2832 5328 πῶς
2858 5266 3183 5334 ὁμοούσιοςς
3232 5270 3311 5324 Τὰ
3353 5272 3461 5343 γὰρ
3494 5274 3593 5344 τῆς

339 5330 500 5385 pacto
532 5321 638 5374 erit
661 5323 1184 5383 consubstantialis?
1209 5328 1342 5384 Nam
1371 5347 1492 5400 qua:
1524 5334 1764 5404 ejusdem
1787 5349 1915 5394 sunt

2304 5321 2311 5322 ί
2679 5321 2686 5326 ’
2812 5321 2829 5328 ⁷
2893 5321 2903 5334 ⁸
3126 5321 3141 5331 ⁷
3169 5321 3182 5332 ’
3282 5321 3309 5324 ’⁷
3363 5321 3375 5340 ο
3396 5321 3456 5343 "r
3504 5321 3592 5344 ’Ἰ1

2052 5349 2185 5420 ὐτῆς
2222 5348 2351 5403 ὄντα
2385 5350 2600 5422 φύσεως
2651 5356 2750 5409 οὐκ
2784 5356 2853 5410 ἂν
2890 5354 2998 5412 εἶεν
3052 5362 3141 5415 ἐπ’
3191 5361 3396 5435 ἄλληλα
3452 5369 3592 5421 κατὰ

343 5418 569 5473 natura,
610 5427 712 5466 non
760 5423 921 5469 erunt
960 5415 1129 5473 altera
1176 5419 1363 5476 alteris
1410 5425 1703 5481 secundum
1757 5437 1916 5483 natu-

343 5517 457 5553 runt
505 5501 623 5556 dii:
658 5508 1109 5574 quemadmodum
1163 5528 1261 5568 nec
1296 5515 1475 5571 anima
1517 5518 1674 5574 alteri
1716 5522 1910 5579 anima:

343 5592 482 5649 Dens
507 5608 629 5650 esse
655 5605 852 5667 potest,
884 5616 1055 5671 neque
1084 5604 1307 5672 angelus
1340 5609 1551 5664 angelo.

428 5749 484 5804 -‘l
521 5750 675 5808 Joan.
711 5769 749 5823 ι,
783 5756 831 5811 5.
910 5757 1105 5817 ‘Joan.
1147 5776 1181 5827 l,
1215 5762 1265 5819 9.

2011 5441 2173 5509 φύσιν
2194 5440 2334 5494 θεοί·
2359 5442 2435 5506 ὡς
2454 5444 2572 5497 οὐδὲ
2595 5445 2741 5518 ψυχὴ
2763 5448 2894 5512 Θεὸς
2914 5449 2979 5503 ἂν
3005 5450 3167 5523 ἑτέρᾳ
3189 5453 3396 5524 γένοιτο
3420 5456 3587 5531 ψυχῇ,

2009 5533 2131 5587 οὐδὲ
2160 5534 2387 5603 ἄγγελος
2415 5537 2651 5607 ἀγγέλῳ.

1346 5764 1363 5792 ⁵
1394 5762 1548 5821 Juatt.
1590 5783 1694 5831 XIV,
1736 5769 1787 5823 υ.
1865 5768 1882 5798 ⁵
1912 5766 2075 5825 llcbr.
2114 5785 2149 5835 ι,
2195 5768 2243 5823 5.
2325 5769 2341 5798 ⁸
2372 5768 2527 5831 Juan.
2567 5786 2658 5836 xx,
2698 5772 2778 5828 l7.
