  <div class='ocr_page' id='page_1' title='image "/cluster/home/n/w/nwhite01/storage/ocr_20150623/75/nnc1.0046980121/082.png"; bbox 0 0 3876 6208; ppageno 0'>
   <div class='ocr_carea' id='block_1_1' title="bbox 270 347 373 403">
    <p class='ocr_par' dir='ltr' id='par_1_1' title="bbox 270 347 373 403">
     <span class='ocr_line' id='line_1_1' title="bbox 270 347 373 403; baseline 0.019 -2"><span class='ocrx_word' id='word_1_1' title='bbox 270 347 373 403; x_wconf 68' lang='lat'><strong>123</strong></span> 
     </span>
    </p>
   </div>
   <div class='ocr_carea' id='block_1_2' title="bbox 757 457 1343 528">
    <p class='ocr_par' dir='ltr' id='par_1_2' title="bbox 757 457 1343 528">
     <span class='ocr_line' id='line_1_2' title="bbox 757 457 1343 528; baseline -0.002 -15"><span class='ocrx_word' id='word_1_2' title='bbox 757 458 911 528; x_wconf 84' lang='grc' dir='ltr'>Πρὸς</span> <span class='ocrx_word' id='word_1_3' title='bbox 934 457 1121 513; x_wconf 83' lang='grc' dir='ltr'>ταῦτα</span> <span class='ocrx_word' id='word_1_4' title='bbox 1139 460 1343 524; x_wconf 75' lang='grc' dir='ltr'>λύσις.</span> 
     </span>
    </p>
   </div>
   <div class='ocr_carea' id='block_1_3' title="bbox 335 568 1843 641">
    <p class='ocr_par' dir='ltr' id='par_1_3' title="bbox 335 568 1843 641">
     <span class='ocr_line' id='line_1_3' title="bbox 335 568 1843 641; baseline -0.003 -15"><span class='ocrx_word' id='word_1_5' title='bbox 335 572 451 626; x_wconf 76' lang='grc' dir='ltr'>Οὐκ</span> <span class='ocrx_word' id='word_1_6' title='bbox 472 568 791 626; x_wconf 70' lang='grc' dir='ltr'>αἰσθάνεται</span> <span class='ocrx_word' id='word_1_7' title='bbox 827 571 990 625; x_wconf 87' lang='grc' dir='ltr'>πάλιν</span> <span class='ocrx_word' id='word_1_8' title='bbox 1023 571 1052 623; x_wconf 85' lang='grc' dir='ltr'>ὁ</span> <span class='ocrx_word' id='word_1_9' title='bbox 1079 570 1447 641; x_wconf 86' lang='grc' dir='ltr'>χριστομάχος</span> <span class='ocrx_word' id='word_1_10' title='bbox 1478 569 1686 639; x_wconf 88' lang='grc' dir='ltr'>κτίσμα</span> <span class='ocrx_word' id='word_1_11' title='bbox 1722 570 1843 640; x_wconf 77' lang='grc' dir='ltr'>μὲν,</span> 
     </span>
    </p>
   </div>
   <div class='ocr_carea' id='block_1_4' title="bbox 264 659 1844 733">
    <p class='ocr_par' dir='ltr' id='par_1_4' title="bbox 264 659 1844 733">
     <span class='ocr_line' id='line_1_4' title="bbox 264 659 1844 733; baseline -0.003 -17"><span class='ocrx_word' id='word_1_12' title='bbox 264 664 365 733; x_wconf 83' lang='grc' dir='ltr'><strong>οὑχ</strong></span> <span class='ocrx_word' id='word_1_13' title='bbox 383 661 512 715; x_wconf 74' lang='grc' dir='ltr'>Υἱὸν</span> <span class='ocrx_word' id='word_1_14' title='bbox 537 662 805 732; x_wconf 76' lang='grc' dir='ltr'><strong>εἰσφέρων</strong></span> <span class='ocrx_word' id='word_1_15' title='bbox 831 660 922 714; x_wconf 82' lang='grc' dir='ltr'><strong>τὸν</strong></span> <span class='ocrx_word' id='word_1_16' title='bbox 950 661 1176 732; x_wconf 80' lang='grc' dir='ltr'><strong>Κύριον,</strong></span> <span class='ocrx_word' id='word_1_17' title='bbox 1202 660 1388 714; x_wconf 74' lang='grc' dir='ltr'>δοῦλον</span> <span class='ocrx_word' id='word_1_18' title='bbox 1407 660 1464 713; x_wconf 79' lang='grc' dir='ltr'><strong>δὲ</strong></span> <span class='ocrx_word' id='word_1_19' title='bbox 1497 662 1618 714; x_wconf 79' lang='grc' dir='ltr'>ἀντὶ</span> <span class='ocrx_word' id='word_1_20' title='bbox 1638 659 1844 712; x_wconf 85' lang='grc' dir='ltr'>Δεσπό-</span> 
     </span>
    </p>
   </div>
   <div class='ocr_carea' id='block_1_5' title="bbox 265 751 1845 823">
    <p class='ocr_par' dir='ltr' id='par_1_5' title="bbox 265 751 1845 823">
     <span class='ocr_line' id='line_1_5' title="bbox 265 751 1845 823; baseline -0.002 -17"><span class='ocrx_word' id='word_1_21' title='bbox 265 771 384 817; x_wconf 73' lang='grc' dir='ltr'>του;</span> <span class='ocrx_word' id='word_1_22' title='bbox 409 753 503 806; x_wconf 70' lang='grc' dir='ltr'>καὶ</span> <span class='ocrx_word' id='word_1_23' title='bbox 528 752 721 823; x_wconf 84' lang='grc' dir='ltr'>λάτριν</span> <span class='ocrx_word' id='word_1_24' title='bbox 747 752 868 805; x_wconf 75' lang='grc' dir='ltr'>ἀντὶ</span> <span class='ocrx_word' id='word_1_25' title='bbox 893 751 1052 805; x_wconf 83' lang='grc' dir='ltr'><strong>Θεοῦ.</strong></span> <span class='ocrx_word' id='word_1_26' title='bbox 1086 752 1149 805; x_wconf 77' lang='lat' dir='ltr'><strong>Ei</strong></span> <span class='ocrx_word' id='word_1_27' title='bbox 1178 752 1285 822; x_wconf 81' lang='grc' dir='ltr'><strong>γάρ</strong></span> <span class='ocrx_word' id='word_1_28' title='bbox 1314 752 1456 806; x_wconf 81' lang='grc' dir='ltr'>κατὰ</span> <span class='ocrx_word' id='word_1_29' title='bbox 1481 752 1642 820; x_wconf 83' lang='grc' dir='ltr'>φύσιν</span> <span class='ocrx_word' id='word_1_30' title='bbox 1672 752 1845 805; x_wconf 75' lang='grc' dir='ltr'>οἴεται</span> 
     </span>
    </p>
   </div>
   <div class='ocr_carea' id='block_1_6' title="bbox 263 841 1847 915">
    <p class='ocr_par' dir='ltr' id='par_1_6' title="bbox 263 841 1847 915">
     <span class='ocr_line' id='line_1_6' title="bbox 263 841 1847 915; baseline -0.003 -17"><span class='ocrx_word' id='word_1_31' title='bbox 263 845 401 898; x_wconf 82' lang='grc' dir='ltr'>Θεὸν</span> <span class='ocrx_word' id='word_1_32' title='bbox 434 841 571 898; x_wconf 77' lang='grc' dir='ltr'>εἶναι</span> <span class='ocrx_word' id='word_1_33' title='bbox 602 843 697 897; x_wconf 81' lang='grc' dir='ltr'>τοῦ</span> <span class='ocrx_word' id='word_1_34' title='bbox 719 843 851 897; x_wconf 88' lang='grc' dir='ltr'>Υίοῦ</span> <span class='ocrx_word' id='word_1_35' title='bbox 884 842 976 897; x_wconf 83' lang='grc' dir='ltr'>τὸν</span> <span class='ocrx_word' id='word_1_36' title='bbox 1007 844 1247 915; x_wconf 82' lang='grc' dir='ltr'>Πατέρα,</span> <span class='ocrx_word' id='word_1_37' title='bbox 1280 843 1374 896; x_wconf 79' lang='grc' dir='ltr'>καὶ</span> <span class='ocrx_word' id='word_1_38' title='bbox 1398 843 1499 913; x_wconf 81' lang='grc' dir='ltr'>τὴν</span> <span class='ocrx_word' id='word_1_39' title='bbox 1522 843 1581 894; x_wconf 86' lang='grc' dir='ltr'>ὲν</span> <span class='ocrx_word' id='word_1_40' title='bbox 1610 845 1723 905; x_wconf 82' lang='grc' dir='ltr'>τοῖς</span> <span class='ocrx_word' id='word_1_41' title='bbox 1754 843 1847 895; x_wconf 79' lang='grc' dir='ltr'>άλ-</span> 
     </span>
    </p>
   </div>
   <div class='ocr_carea' id='block_1_7' title="bbox 263 930 1845 1007">
    <p class='ocr_par' dir='ltr' id='par_1_7' title="bbox 263 930 1845 1007">
     <span class='ocr_line' id='line_1_7' title="bbox 263 930 1845 1007; baseline -0.004 -17"><span class='ocrx_word' id='word_1_42' title='bbox 263 937 379 1001; x_wconf 88' lang='grc' dir='ltr'>λοις</span> <span class='ocrx_word' id='word_1_43' title='bbox 406 936 716 1007; x_wconf 84' lang='grc' dir='ltr'>οἰκονομίαν</span> <span class='ocrx_word' id='word_1_44' title='bbox 744 936 841 1007; x_wconf 92' lang='grc' dir='ltr'><strong>οὑχ</strong></span> <span class='ocrx_word' id='word_1_45' title='bbox 872 936 994 1006; x_wconf 81' lang='grc' dir='ltr'>ὁρᾷ,</span> <span class='ocrx_word' id='word_1_46' title='bbox 1030 934 1154 988; x_wconf 78' lang='grc' dir='ltr'>οὔτε</span> <span class='ocrx_word' id='word_1_47' title='bbox 1185 933 1469 1003; x_wconf 83' lang='grc' dir='ltr'>ὁμοούσιος</span> <span class='ocrx_word' id='word_1_48' title='bbox 1510 932 1686 996; x_wconf 71' lang='grc' dir='ltr'>ἔσται,</span> <span class='ocrx_word' id='word_1_49' title='bbox 1719 930 1845 985; x_wconf 76' lang='grc' dir='ltr'>οὕτε</span> 
     </span>
    </p>
   </div>
   <div class='ocr_carea' id='block_1_8' title="bbox 264 1023 1846 1098">
    <p class='ocr_par' dir='ltr' id='par_1_8' title="bbox 264 1023 1846 1098">
     <span class='ocr_line' id='line_1_8' title="bbox 264 1023 1846 1098; baseline -0.004 -17"><span class='ocrx_word' id='word_1_50' title='bbox 264 1028 562 1098; x_wconf 84' lang='grc' dir='ltr'>Δεσπότης,</span> <span class='ocrx_word' id='word_1_51' title='bbox 596 1027 722 1080; x_wconf 78' lang='grc' dir='ltr'>οὔτε</span> <span class='ocrx_word' id='word_1_52' title='bbox 750 1026 902 1091; x_wconf 87' lang='grc' dir='ltr'>Θεὸς.</span> <span class='ocrx_word' id='word_1_53' title='bbox 945 1025 1141 1089; x_wconf 84' lang='grc' dir='ltr'>Καλῶς</span> <span class='ocrx_word' id='word_1_54' title='bbox 1180 1026 1292 1095; x_wconf 79' lang='grc' dir='ltr'>γὰρ</span> <span class='ocrx_word' id='word_1_55' title='bbox 1333 1024 1399 1093; x_wconf 83' lang='grc' dir='ltr'><strong>δὴ</strong></span> <span class='ocrx_word' id='word_1_56' title='bbox 1421 1024 1547 1095; x_wconf 79' lang='grc' dir='ltr'>τῇδε</span> <span class='ocrx_word' id='word_1_57' title='bbox 1575 1023 1846 1094; x_wconf 75' lang='grc' dir='ltr'>διίσχυρίο</span> 
     </span>
    </p>
   </div>
   <div class='ocr_carea' id='block_1_9' title="bbox 264 1116 1845 1189">
    <p class='ocr_par' dir='ltr' id='par_1_9' title="bbox 264 1116 1845 1189">
     <span class='ocr_line' id='line_1_9' title="bbox 264 1116 1845 1189; baseline -0.003 -16"><span class='ocrx_word' id='word_1_58' title='bbox 264 1120 441 1183; x_wconf 80' lang='grc' dir='ltr'>ζεται.</span> <span class='ocrx_word' id='word_1_59' title='bbox 485 1119 791 1173; x_wconf 79' lang='grc' dir='ltr'>Ἐκὸαλέτω</span> <span class='ocrx_word' id='word_1_60' title='bbox 815 1118 1105 1189; x_wconf 79' lang='grc' dir='ltr'>τοιγαροῦν</span> <span class='ocrx_word' id='word_1_61' title='bbox 1129 1116 1380 1189; x_wconf 75' lang='grc' dir='ltr'>φανερῶς</span> <span class='ocrx_word' id='word_1_62' title='bbox 1408 1120 1502 1171; x_wconf 80' lang='grc' dir='ltr'>καὶ</span> <span class='ocrx_word' id='word_1_63' title='bbox 1528 1116 1633 1185; x_wconf 81' lang='grc' dir='ltr'>τῆς</span> <span class='ocrx_word' id='word_1_64' title='bbox 1662 1116 1845 1186; x_wconf 86' lang='grc' dir='ltr'>θεότη-</span> 
     </span>
    </p>
   </div>
   <div class='ocr_carea' id='block_1_10' title="bbox 261 1210 1844 1283">
    <p class='ocr_par' dir='ltr' id='par_1_10' title="bbox 261 1210 1844 1283">
     <span class='ocr_line' id='line_1_10' title="bbox 261 1210 1844 1283; baseline -0.003 -18"><span class='ocrx_word' id='word_1_65' title='bbox 261 1228 357 1275; x_wconf 84' lang='grc' dir='ltr'><strong>τος</strong></span> <span class='ocrx_word' id='word_1_66' title='bbox 381 1213 476 1265; x_wconf 75' lang='grc' dir='ltr'>καὶ</span> <span class='ocrx_word' id='word_1_67' title='bbox 497 1211 819 1283; x_wconf 79' lang='grc' dir='ltr'>κυριότητος</span> <span class='ocrx_word' id='word_1_68' title='bbox 850 1210 943 1264; x_wconf 83' lang='grc' dir='ltr'>τὸν</span> <span class='ocrx_word' id='word_1_69' title='bbox 964 1210 1111 1273; x_wconf 82' lang='grc' dir='ltr'>Υἱδν,</span> <span class='ocrx_word' id='word_1_70' title='bbox 1150 1210 1245 1263; x_wconf 79' lang='grc' dir='ltr'>καὶ</span> <span class='ocrx_word' id='word_1_71' title='bbox 1272 1211 1382 1272; x_wconf 82' lang='grc' dir='ltr'>τοῖς</span> <span class='ocrx_word' id='word_1_72' title='bbox 1420 1210 1690 1280; x_wconf 86' lang='grc' dir='ltr'>ποιήμασι</span> <span class='ocrx_word' id='word_1_73' title='bbox 1716 1224 1844 1261; x_wconf 88' lang='grc' dir='ltr'>συν-</span> 
     </span>
    </p>
   </div>
   <div class='ocr_carea' id='block_1_11' title="bbox 262 1300 1841 1375">
    <p class='ocr_par' dir='ltr' id='par_1_11' title="bbox 262 1300 1841 1375">
     <span class='ocr_line' id='line_1_11' title="bbox 262 1300 1841 1375; baseline -0.003 -18"><span class='ocrx_word' id='word_1_74' title='bbox 262 1306 529 1366; x_wconf 81' lang='grc' dir='ltr'>ταττέτω,</span> <span class='ocrx_word' id='word_1_75' title='bbox 566 1304 656 1357; x_wconf 82' lang='grc' dir='ltr'><strong>ἴνα</strong></span> <span class='ocrx_word' id='word_1_76' title='bbox 697 1304 878 1375; x_wconf 75' lang='grc' dir='ltr'>σαφὴς</span> <span class='ocrx_word' id='word_1_77' title='bbox 932 1303 1114 1357; x_wconf 86' lang='grc' dir='ltr'>αὑτῶν</span> <span class='ocrx_word' id='word_1_78' title='bbox 1144 1305 1178 1374; x_wconf 84' lang='grc' dir='ltr'>ή</span> <span class='ocrx_word' id='word_1_79' title='bbox 1219 1301 1502 1372; x_wconf 85' lang='grc' dir='ltr'>δυσφημία</span> <span class='ocrx_word' id='word_1_80' title='bbox 1549 1300 1841 1372; x_wconf 73' lang='grc' dir='ltr'><strong>γινομένη,</strong></span> 
     </span>
    </p>
   </div>
   <div class='ocr_carea' id='block_1_12' title="bbox 264 1394 1843 1469">
    <p class='ocr_par' dir='ltr' id='par_1_12' title="bbox 264 1394 1843 1469">
     <span class='ocr_line' id='line_1_12' title="bbox 264 1394 1843 1469; baseline -0.002 -19"><span class='ocrx_word' id='word_1_81' title='bbox 264 1396 477 1459; x_wconf 79' lang='grc' dir='ltr'>πάντας</span> <span class='ocrx_word' id='word_1_82' title='bbox 504 1395 807 1469; x_wconf 84' lang='grc' dir='ltr'>ἀναπείσῃς</span> <span class='ocrx_word' id='word_1_83' title='bbox 832 1396 1010 1464; x_wconf 87' lang='grc' dir='ltr'>λέγειν</span> <span class='ocrx_word' id='word_1_84' title='bbox 1036 1411 1049 1424; x_wconf 82' lang='grc'>⁶</span> <span class='ocrx_word' id='word_1_85' title='bbox 1084 1394 1363 1449; x_wconf 80' lang='grc' dir='ltr'><strong>Πλανᾶσθε</strong></span> <span class='ocrx_word' id='word_1_86' title='bbox 1411 1394 1487 1466; x_wconf 83' lang='grc' dir='ltr'>μὴ</span> <span class='ocrx_word' id='word_1_87' title='bbox 1520 1394 1721 1458; x_wconf 78' lang='grc' dir='ltr'>ειδότες</span> <span class='ocrx_word' id='word_1_88' title='bbox 1742 1396 1843 1458; x_wconf 86' lang='grc' dir='ltr'>τὰς</span> 
     </span>
    </p>
   </div>
   <div class='ocr_carea' id='block_1_13' title="bbox 264 1484 1843 1557">
    <p class='ocr_par' dir='ltr' id='par_1_13' title="bbox 264 1484 1843 1557">
     <span class='ocr_line' id='line_1_13' title="bbox 264 1484 1843 1557; baseline 0 -19"><span class='ocrx_word' id='word_1_89' title='bbox 264 1486 510 1557; x_wconf 84' lang='grc' dir='ltr'>Γραφάς.</span> <span class='ocrx_word' id='word_1_90' title='bbox 547 1488 674 1541; x_wconf 85' lang='grc' dir='ltr'>Δέον</span> <span class='ocrx_word' id='word_1_91' title='bbox 701 1488 812 1557; x_wconf 85' lang='grc' dir='ltr'>γὰρ</span> <span class='ocrx_word' id='word_1_92' title='bbox 853 1487 1128 1554; x_wconf 71' lang='grc' dir='ltr'><strong>ἐξετάζειν</strong></span> <span class='ocrx_word' id='word_1_93' title='bbox 1170 1486 1267 1557; x_wconf 83' lang='grc' dir='ltr'><strong>τὴν</strong></span> <span class='ocrx_word' id='word_1_94' title='bbox 1311 1486 1703 1557; x_wconf 76' lang='grc' dir='ltr'><strong>κεκρυμμένην</strong></span> <span class='ocrx_word' id='word_1_95' title='bbox 1746 1484 1843 1539; x_wconf 81' lang='grc' dir='ltr'><strong>τοῦ</strong></span> 
     </span>
    </p>
   </div>
   <div class='ocr_carea' id='block_1_14' title="bbox 260 1576 1841 1651">
    <p class='ocr_par' dir='ltr' id='par_1_14' title="bbox 260 1576 1841 1651">
     <span class='ocr_line' id='line_1_14' title="bbox 260 1576 1841 1651; baseline -0.001 -20"><span class='ocrx_word' id='word_1_96' title='bbox 260 1578 441 1647; x_wconf 83' lang='grc' dir='ltr'>Λόγου</span> <span class='ocrx_word' id='word_1_97' title='bbox 461 1578 706 1650; x_wconf 82' lang='grc' dir='ltr'>δύναμιν,</span> <span class='ocrx_word' id='word_1_98' title='bbox 724 1580 898 1651; x_wconf 86' lang='grc' dir='ltr'>δυσφη</span> <span class='ocrx_word' id='word_1_99' title='bbox 907 1579 1097 1651; x_wconf 86' lang='grc' dir='ltr'>μοῦσιν</span> <span class='ocrx_word' id='word_1_100' title='bbox 1118 1578 1463 1648; x_wconf 80' lang='grc' dir='ltr'>ἀφυλάκτως,</span> <span class='ocrx_word' id='word_1_101' title='bbox 1485 1577 1669 1630; x_wconf 85' lang='grc' dir='ltr'>οὑκέτι</span> <span class='ocrx_word' id='word_1_102' title='bbox 1686 1576 1841 1639; x_wconf 78' lang='grc' dir='ltr'>Θεὸν,</span> 
     </span>
    </p>
   </div>
   <div class='ocr_carea' id='block_1_15' title="bbox 260 1664 1843 1743">
    <p class='ocr_par' dir='ltr' id='par_1_15' title="bbox 260 1664 1843 1743">
     <span class='ocr_line' id='line_1_15' title="bbox 260 1664 1843 1743; baseline -0.002 -20"><span class='ocrx_word' id='word_1_103' title='bbox 260 1670 401 1724; x_wconf 79' lang='grc' dir='ltr'><strong>ἀλλὰ</strong></span> <span class='ocrx_word' id='word_1_104' title='bbox 419 1671 545 1725; x_wconf 72' lang='grc' dir='ltr'>ναὸν</span> <span class='ocrx_word' id='word_1_105' title='bbox 570 1671 727 1738; x_wconf 84' lang='grc' dir='ltr'>Θεοῦ,</span> <span class='ocrx_word' id='word_1_106' title='bbox 756 1672 848 1725; x_wconf 81' lang='grc' dir='ltr'>τὸν</span> <span class='ocrx_word' id='word_1_107' title='bbox 870 1673 997 1726; x_wconf 84' lang='grc' dir='ltr'>Υίὸν</span> <span class='ocrx_word' id='word_1_108' title='bbox 1026 1673 1386 1743; x_wconf 78' lang='grc' dir='ltr'>εἰσφέροντες,</span> <span class='ocrx_word' id='word_1_109' title='bbox 1418 1668 1609 1739; x_wconf 84' lang='grc' dir='ltr'>ὥσπερ</span> <span class='ocrx_word' id='word_1_110' title='bbox 1638 1664 1707 1739; x_wconf 73' lang='grc' dir='ltr'>ἦν</span> <span class='ocrx_word' id='word_1_111' title='bbox 1734 1668 1843 1721; x_wconf 90' lang='grc' dir='ltr'><strong>τῶν</strong></span> 
     </span>
    </p>
   </div>
   <div class='ocr_carea' id='block_1_16' title="bbox 1670 334 2116 402">
    <p class='ocr_par' dir='ltr' id='par_1_16' title="bbox 1670 334 2116 402">
     <span class='ocr_line' id='line_1_16' title="bbox 1670 334 2116 402; baseline 0.013 -6"><span class='ocrx_word' id='word_1_112' title='bbox 1670 334 2116 402; x_wconf 77' lang='lat' dir='ltr'><strong>THESAURUS.</strong></span> 
     </span>
    </p>
   </div>
   <div class='ocr_carea' id='block_1_17' title="bbox 3419 351 3521 408">
    <p class='ocr_par' dir='ltr' id='par_1_17' title="bbox 3419 351 3521 408">
     <span class='ocr_line' id='line_1_17' title="bbox 3419 351 3521 408; baseline 0.029 -3"><span class='ocrx_word' id='word_1_113' title='bbox 3419 351 3521 408; x_wconf 71' lang='grc' dir='ltr'>ΗΘ</span> 
     </span>
    </p>
   </div>
   <div class='ocr_carea' id='block_1_18' title="bbox 2446 463 3009 532">
    <p class='ocr_par' dir='ltr' id='par_1_18' title="bbox 2446 463 3009 532">
     <span class='ocr_line' id='line_1_18' title="bbox 2446 463 3009 532; baseline 0.004 -14"><span class='ocrx_word' id='word_1_114' title='bbox 2446 463 2654 518; x_wconf 84' lang='lat' dir='ltr'><strong>Salutio</strong></span> <span class='ocrx_word' id='word_1_115' title='bbox 2686 465 3009 532; x_wconf 76' lang='lat' dir='ltr'><strong>objectionis.</strong></span> 
     </span>
    </p>
   </div>
   <div class='ocr_carea' id='block_1_19' title="bbox 2016 571 3514 633">
    <p class='ocr_par' dir='ltr' id='par_1_19' title="bbox 2016 571 3514 633">
     <span class='ocr_line' id='line_1_19' title="bbox 2016 571 3514 633; baseline 0.005 -8"><span class='ocrx_word' id='word_1_116' title='bbox 2016 571 2131 625; x_wconf 82' lang='lat' dir='ltr'><strong>Non</strong></span> <span class='ocrx_word' id='word_1_117' title='bbox 2164 573 2329 628; x_wconf 89' lang='lat' dir='ltr'><strong>sentit</strong></span> <span class='ocrx_word' id='word_1_118' title='bbox 2364 574 2562 629; x_wconf 90' lang='lat' dir='ltr'><strong>iterum</strong></span> <span class='ocrx_word' id='word_1_119' title='bbox 2588 577 2760 631; x_wconf 90' lang='lat' dir='ltr'><strong>hostis</strong></span> <span class='ocrx_word' id='word_1_120' title='bbox 2782 577 2983 632; x_wconf 85' lang='lat' dir='ltr'><strong>Christi</strong></span> <span class='ocrx_word' id='word_1_121' title='bbox 3012 592 3069 632; x_wconf 89' lang='lat' dir='ltr'><strong>se</strong></span> <span class='ocrx_word' id='word_1_122' title='bbox 3099 576 3382 632; x_wconf 88' lang='lat' dir='ltr'><strong>Dominum</strong></span> <span class='ocrx_word' id='word_1_123' title='bbox 3411 594 3514 633; x_wconf 89' lang='lat' dir='ltr'><strong>non</strong></span> 
     </span>
    </p>
   </div>
   <div class='ocr_carea' id='block_1_20' title="bbox 1944 664 3514 733">
    <p class='ocr_par' dir='ltr' id='par_1_20' title="bbox 1944 664 3514 733">
     <span class='ocr_line' id='line_1_20' title="bbox 1944 664 3514 733; baseline 0.004 -16"><span class='ocrx_word' id='word_1_124' title='bbox 1944 674 1999 718; x_wconf 85' lang='lat' dir='ltr'><strong>ut</strong></span> <span class='ocrx_word' id='word_1_125' title='bbox 2031 664 2250 731; x_wconf 82' lang='lat' dir='ltr'><strong>Filium,</strong></span> <span class='ocrx_word' id='word_1_126' title='bbox 2281 667 2375 721; x_wconf 88' lang='lat' dir='ltr'><strong>sed</strong></span> <span class='ocrx_word' id='word_1_127' title='bbox 2411 677 2468 721; x_wconf 92' lang='lat' dir='ltr'><strong>ut</strong></span> <span class='ocrx_word' id='word_1_128' title='bbox 2502 676 2807 723; x_wconf 70' lang='lat' dir='ltr'><strong>creaturam</strong></span> <span class='ocrx_word' id='word_1_129' title='bbox 2859 670 3138 733; x_wconf 88' lang='lat' dir='ltr'><strong>inducere,</strong></span> <span class='ocrx_word' id='word_1_130' title='bbox 3184 679 3240 725; x_wconf 91' lang='lat' dir='ltr'><strong>et</strong></span> <span class='ocrx_word' id='word_1_131' title='bbox 3276 685 3514 733; x_wconf 84' lang='lat' dir='ltr'><strong>servum,</strong></span> 
     </span>
    </p>
   </div>
   <div class='ocr_carea' id='block_1_21' title="bbox 1946 754 3517 824">
    <p class='ocr_par' dir='ltr' id='par_1_21' title="bbox 1946 754 3517 824">
     <span class='ocr_line' id='line_1_21' title="bbox 1946 754 3517 824; baseline 0.006 -18"><span class='ocrx_word' id='word_1_132' title='bbox 1946 770 2050 807; x_wconf 95' lang='lat' dir='ltr'><strong>non</strong></span> <span class='ocrx_word' id='word_1_133' title='bbox 2097 754 2415 821; x_wconf 90' lang='lat' dir='ltr'><strong>Dominum,</strong></span> <span class='ocrx_word' id='word_1_134' title='bbox 2452 757 2749 824; x_wconf 80' lang='lat' dir='ltr'><strong>famulum,</strong></span> <span class='ocrx_word' id='word_1_135' title='bbox 2779 775 2883 814; x_wconf 91' lang='lat' dir='ltr'><strong>non</strong></span> <span class='ocrx_word' id='word_1_136' title='bbox 2918 759 3106 815; x_wconf 89' lang='lat' dir='ltr'><strong>Deum.</strong></span> <span class='ocrx_word' id='word_1_137' title='bbox 3144 760 3199 815; x_wconf 88' lang='lat' dir='ltr'><strong>Si</strong></span> <span class='ocrx_word' id='word_1_138' title='bbox 3237 762 3380 815; x_wconf 88' lang='lat' dir='ltr'><strong>enim</strong></span> <span class='ocrx_word' id='word_1_139' title='bbox 3419 776 3517 816; x_wconf 79' lang='lat' dir='ltr'><strong>ex-</strong></span> 
     </span>
    </p>
   </div>
   <div class='ocr_carea' id='block_1_22' title="bbox 1945 845 3516 919">
    <p class='ocr_par' dir='ltr' id='par_1_22' title="bbox 1945 845 3516 919">
     <span class='ocr_line' id='line_1_22' title="bbox 1945 845 3516 919; baseline 0.004 -19"><span class='ocrx_word' id='word_1_140' title='bbox 1945 845 2150 901; x_wconf 68' lang='lat' dir='ltr'><strong>istimat</strong></span> <span class='ocrx_word' id='word_1_141' title='bbox 2176 846 2388 903; x_wconf 90' lang='lat' dir='ltr'><strong>Patrem</strong></span> <span class='ocrx_word' id='word_1_142' title='bbox 2421 850 2717 905; x_wconf 88' lang='lat' dir='ltr'><strong>secundum</strong></span> <span class='ocrx_word' id='word_1_143' title='bbox 2758 860 3004 906; x_wconf 87' lang='lat' dir='ltr'><strong>naturam</strong></span> <span class='ocrx_word' id='word_1_144' title='bbox 3032 867 3151 907; x_wconf 91' lang='lat' dir='ltr'><strong>esse</strong></span> <span class='ocrx_word' id='word_1_145' title='bbox 3183 851 3347 907; x_wconf 88' lang='lat' dir='ltr'><strong>Deum</strong></span> <span class='ocrx_word' id='word_1_146' title='bbox 3372 850 3516 919; x_wconf 78' lang='lat' dir='ltr'><strong>Filii,</strong></span> 
     </span>
    </p>
   </div>
   <div class='ocr_carea' id='block_1_23' title="bbox 1943 940 3519 1013">
    <p class='ocr_par' dir='ltr' id='par_1_23' title="bbox 1943 940 3519 1013">
     <span class='ocr_line' id='line_1_23' title="bbox 1943 940 3519 1013; baseline 0.006 -23"><span class='ocrx_word' id='word_1_147' title='bbox 1943 948 1998 991; x_wconf 92' lang='lat' dir='ltr'><strong>et</strong></span> <span class='ocrx_word' id='word_1_148' title='bbox 2028 953 2132 991; x_wconf 92' lang='lat' dir='ltr'><strong>non</strong></span> <span class='ocrx_word' id='word_1_149' title='bbox 2162 940 2343 1006; x_wconf 84' lang='lat' dir='ltr'><strong>potius</strong></span> <span class='ocrx_word' id='word_1_150' title='bbox 2378 940 2587 995; x_wconf 91' lang='lat' dir='ltr'><strong>ratione</strong></span> <span class='ocrx_word' id='word_1_151' title='bbox 2615 941 3031 1008; x_wconf 90' lang='lat' dir='ltr'><strong>incarnationis,</strong></span> <span class='ocrx_word' id='word_1_152' title='bbox 3069 959 3243 1013; x_wconf 90' lang='lat' dir='ltr'><strong>neque</strong></span> <span class='ocrx_word' id='word_1_153' title='bbox 3283 947 3519 999; x_wconf 86' lang='lat' dir='ltr'><strong>consub-</strong></span> 
     </span>
    </p>
   </div>
   <div class='ocr_carea' id='block_1_24' title="bbox 1943 1029 3517 1106">
    <p class='ocr_par' dir='ltr' id='par_1_24' title="bbox 1943 1029 3517 1106">
     <span class='ocr_line' id='line_1_24' title="bbox 1943 1029 3517 1106; baseline 0.004 -23"><span class='ocrx_word' id='word_1_154' title='bbox 1943 1029 2211 1084; x_wconf 89' lang='lat' dir='ltr'><strong>stantialis</strong></span> <span class='ocrx_word' id='word_1_155' title='bbox 2235 1030 2358 1094; x_wconf 89' lang='lat' dir='ltr'><strong>erit,</strong></span> <span class='ocrx_word' id='word_1_156' title='bbox 2382 1046 2558 1102; x_wconf 89' lang='lat' dir='ltr'><strong>neque</strong></span> <span class='ocrx_word' id='word_1_157' title='bbox 2581 1032 2864 1097; x_wconf 84' lang='lat' dir='ltr'><strong>Dominus,</strong></span> <span class='ocrx_word' id='word_1_158' title='bbox 2900 1049 3076 1104; x_wconf 92' lang='lat' dir='ltr'><strong>neque</strong></span> <span class='ocrx_word' id='word_1_159' title='bbox 3104 1034 3269 1090; x_wconf 87' lang='lat' dir='ltr'><strong>Deus.</strong></span> <span class='ocrx_word' id='word_1_160' title='bbox 3298 1034 3517 1106; x_wconf 78' lang='lat' dir='ltr'><strong>Optime</strong></span> 
     </span>
    </p>
   </div>
   <div class='ocr_carea' id='block_1_25' title="bbox 1944 1120 3518 1196">
    <p class='ocr_par' dir='ltr' id='par_1_25' title="bbox 1944 1120 3518 1196">
     <span class='ocr_line' id='line_1_25' title="bbox 1944 1120 3518 1196; baseline 0.004 -22"><span class='ocrx_word' id='word_1_161' title='bbox 1944 1120 2091 1174; x_wconf 92' lang='lat' dir='ltr'><strong>enim</strong></span> <span class='ocrx_word' id='word_1_162' title='bbox 2142 1122 2244 1175; x_wconf 90' lang='lat' dir='ltr'><strong>hac</strong></span> <span class='ocrx_word' id='word_1_163' title='bbox 2278 1123 2486 1176; x_wconf 83' lang='lat' dir='ltr'><strong>ratione</strong></span> <span class='ocrx_word' id='word_1_164' title='bbox 2512 1126 2792 1193; x_wconf 88' lang='lat' dir='ltr'><strong>probatur.</strong></span> <span class='ocrx_word' id='word_1_165' title='bbox 2823 1126 3083 1181; x_wconf 90' lang='lat' dir='ltr'><strong>Deturbet</strong></span> <span class='ocrx_word' id='word_1_166' title='bbox 3120 1127 3301 1196; x_wconf 83' lang='lat' dir='ltr'><strong>itaque</strong></span> <span class='ocrx_word' id='word_1_167' title='bbox 3334 1137 3518 1196; x_wconf 84' lang='lat' dir='ltr'><strong>aperte</strong></span> 
     </span>
    </p>
   </div>
   <div class='ocr_carea' id='block_1_26' title="bbox 1944 1213 3517 1281">
    <p class='ocr_par' dir='ltr' id='par_1_26' title="bbox 1944 1213 3517 1281">
     <span class='ocr_line' id='line_1_26' title="bbox 1944 1213 3517 1281; baseline 0.004 -15"><span class='ocrx_word' id='word_1_168' title='bbox 1944 1226 1975 1266; x_wconf 86' lang='lat' dir='ltr'><strong>a</strong></span> <span class='ocrx_word' id='word_1_169' title='bbox 2001 1213 2201 1267; x_wconf 83' lang='lat' dir='ltr'><strong>deitate</strong></span> <span class='ocrx_word' id='word_1_170' title='bbox 2233 1222 2288 1268; x_wconf 89' lang='lat' dir='ltr'><strong>et</strong></span> <span class='ocrx_word' id='word_1_171' title='bbox 2312 1214 2684 1269; x_wconf 88' lang='lat' dir='ltr'><strong>dominatione</strong></span> <span class='ocrx_word' id='word_1_172' title='bbox 2712 1214 2926 1281; x_wconf 85' lang='lat' dir='ltr'><strong>Filium,</strong></span> <span class='ocrx_word' id='word_1_173' title='bbox 2962 1228 3017 1271; x_wconf 91' lang='lat' dir='ltr'><strong>et</strong></span> <span class='ocrx_word' id='word_1_174' title='bbox 3042 1219 3309 1273; x_wconf 81' lang='lat' dir='ltr'><strong>creaturis</strong></span> <span class='ocrx_word' id='word_1_175' title='bbox 3339 1234 3517 1272; x_wconf 88' lang='lat' dir='ltr'><strong>annn-</strong></span> 
     </span>
    </p>
   </div>
   <div class='ocr_carea' id='block_1_27' title="bbox 1944 1306 3515 1380">
    <p class='ocr_par' dir='ltr' id='par_1_27' title="bbox 1944 1306 3515 1380">
     <span class='ocr_line' id='line_1_27' title="bbox 1944 1306 3515 1380; baseline 0.001 -19"><span class='ocrx_word' id='word_1_176' title='bbox 1944 1315 2137 1371; x_wconf 91' lang='lat' dir='ltr'><strong>meret,</strong></span> <span class='ocrx_word' id='word_1_177' title='bbox 2176 1317 2253 1371; x_wconf 88' lang='lat' dir='ltr'><strong>nt,</strong></span> <span class='ocrx_word' id='word_1_178' title='bbox 2291 1306 2575 1362; x_wconf 81' lang='lat' dir='ltr'><strong>manifesta</strong></span> <span class='ocrx_word' id='word_1_179' title='bbox 2612 1306 2825 1362; x_wconf 88' lang='lat' dir='ltr'><strong>illorum</strong></span> <span class='ocrx_word' id='word_1_180' title='bbox 2851 1308 3190 1379; x_wconf 83' lang='lat' dir='ltr'><strong>blasphemia</strong></span> <span class='ocrx_word' id='word_1_181' title='bbox 3219 1310 3515 1380; x_wconf 78' lang='lat' dir='ltr'><strong>patefacta,</strong></span> 
     </span>
    </p>
   </div>
   <div class='ocr_carea' id='block_1_28' title="bbox 1944 1398 3513 1455">
    <p class='ocr_par' dir='ltr' id='par_1_28' title="bbox 1944 1398 3513 1455">
     <span class='ocr_line' id='line_1_28' title="bbox 1944 1398 3513 1455; baseline 0.003 -4"><span class='ocrx_word' id='word_1_182' title='bbox 1944 1398 2136 1452; x_wconf 81' lang='lat' dir='ltr'><strong>merito</strong></span> <span class='ocrx_word' id='word_1_183' title='bbox 2154 1412 2340 1451; x_wconf 91' lang='lat' dir='ltr'><strong>omnes</strong></span> <span class='ocrx_word' id='word_1_184' title='bbox 2373 1398 2671 1452; x_wconf 82' lang='lat' dir='ltr'><strong>exclamem</strong></span> <span class='ocrx_word' id='word_1_185' title='bbox 2706 1417 2718 1452; x_wconf 91' lang='lat'>:</span> <span class='ocrx_word' id='word_1_186' title='bbox 2749 1399 2989 1453; x_wconf 70' lang='lat' dir='ltr'><strong>«Erratis</strong></span> <span class='ocrx_word' id='word_1_187' title='bbox 3020 1400 3329 1455; x_wconf 87' lang='lat' dir='ltr'><strong>nescientes</strong></span> <span class='ocrx_word' id='word_1_188' title='bbox 3358 1400 3513 1455; x_wconf 67' lang='lat' dir='ltr'><strong>Scrio</strong></span> 
     </span>
    </p>
   </div>
   <div class='ocr_carea' id='block_1_29' title="bbox 1942 1487 3517 1559">
    <p class='ocr_par' dir='ltr' id='par_1_29' title="bbox 1942 1487 3517 1559">
     <span class='ocr_line' id='line_1_29' title="bbox 1942 1487 3517 1559; baseline 0.004 -19"><span class='ocrx_word' id='word_1_189' title='bbox 1942 1498 2130 1559; x_wconf 83' lang='lat' dir='ltr'><strong>pturas</strong></span> <span class='ocrx_word' id='word_1_190' title='bbox 2146 1489 2205 1544; x_wconf 81' lang='lat'><strong>&quot;.</strong></span> <span class='ocrx_word' id='word_1_191' title='bbox 2220 1508 2237 1539; x_wconf 75' lang='grc' dir='ltr'><strong>ι</strong></span> <span class='ocrx_word' id='word_1_192' title='bbox 2260 1487 2391 1543; x_wconf 89' lang='lat' dir='ltr'><strong>Cum</strong></span> <span class='ocrx_word' id='word_1_193' title='bbox 2408 1489 2550 1544; x_wconf 89' lang='lat' dir='ltr'><strong>enim</strong></span> <span class='ocrx_word' id='word_1_194' title='bbox 2574 1488 2841 1543; x_wconf 84' lang='lat' dir='ltr'><strong>occultam</strong></span> <span class='ocrx_word' id='word_1_195' title='bbox 2862 1490 3021 1544; x_wconf 79' lang='lat' dir='ltr'><strong>Verbi</strong></span> <span class='ocrx_word' id='word_1_196' title='bbox 3047 1492 3341 1559; x_wconf 89' lang='lat' dir='ltr'><strong>potentiam</strong></span> <span class='ocrx_word' id='word_1_197' title='bbox 3366 1506 3517 1546; x_wconf 82' lang='lat' dir='ltr'><strong>scru-</strong></span> 
     </span>
    </p>
   </div>
   <div class='ocr_carea' id='block_1_30' title="bbox 1945 1579 3515 1653">
    <p class='ocr_par' dir='ltr' id='par_1_30' title="bbox 1945 1579 3515 1653">
     <span class='ocr_line' id='line_1_30' title="bbox 1945 1579 3515 1653; baseline 0.002 -19"><span class='ocrx_word' id='word_1_198' title='bbox 1945 1579 2047 1634; x_wconf 80' lang='lat' dir='ltr'><strong>tari</strong></span> <span class='ocrx_word' id='word_1_199' title='bbox 2095 1579 2376 1645; x_wconf 88' lang='lat' dir='ltr'><strong>deberent,</strong></span> <span class='ocrx_word' id='word_1_200' title='bbox 2427 1579 2773 1650; x_wconf 86' lang='lat' dir='ltr'><strong>blasphemiis</strong></span> <span class='ocrx_word' id='word_1_201' title='bbox 2814 1582 2992 1649; x_wconf 88' lang='lat' dir='ltr'><strong>potius</strong></span> <span class='ocrx_word' id='word_1_202' title='bbox 3057 1581 3358 1653; x_wconf 78' lang='lat' dir='ltr'><strong>indulgent,</strong></span> <span class='ocrx_word' id='word_1_203' title='bbox 3410 1598 3515 1637; x_wconf 87' lang='lat' dir='ltr'><strong>non</strong></span> 
     </span>
    </p>
   </div>
   <div class='ocr_carea' id='block_1_31' title="bbox 1946 1673 3516 1743">
    <p class='ocr_par' dir='ltr' id='par_1_31' title="bbox 1946 1673 3516 1743">
     <span class='ocr_line' id='line_1_31' title="bbox 1946 1673 3516 1743; baseline 0.001 -17"><span class='ocrx_word' id='word_1_204' title='bbox 1946 1673 2137 1736; x_wconf 88' lang='lat' dir='ltr'><strong>Deum,</strong></span> <span class='ocrx_word' id='word_1_205' title='bbox 2180 1674 2272 1729; x_wconf 87' lang='lat' dir='ltr'><strong>sed</strong></span> <span class='ocrx_word' id='word_1_206' title='bbox 2322 1674 2575 1743; x_wconf 81' lang='lat' dir='ltr'><strong>templum</strong></span> <span class='ocrx_word' id='word_1_207' title='bbox 2625 1675 2741 1738; x_wconf 87' lang='lat' dir='ltr'><strong>Dei,</strong></span> <span class='ocrx_word' id='word_1_208' title='bbox 2776 1673 2972 1728; x_wconf 82' lang='lat' dir='ltr'><strong>Filium</strong></span> <span class='ocrx_word' id='word_1_209' title='bbox 3012 1689 3133 1730; x_wconf 90' lang='lat' dir='ltr'><strong>esse</strong></span> <span class='ocrx_word' id='word_1_210' title='bbox 3177 1684 3516 1741; x_wconf 82' lang='lat' dir='ltr'><strong>statuentes;</strong></span> 
     </span>
    </p>
   </div>
   <div class='ocr_carea' id='block_1_32' title="bbox 262 1759 1830 1855">
    <p class='ocr_par' dir='ltr' id='par_1_32' title="bbox 262 1759 1830 1837">
     <span class='ocr_line' id='line_1_32' title="bbox 262 1759 1830 1837; baseline -0.002 -20"><span class='ocrx_word' id='word_1_211' title='bbox 262 1764 440 1831; x_wconf 87' lang='grc' dir='ltr'>άγίων</span> <span class='ocrx_word' id='word_1_212' title='bbox 460 1764 708 1829; x_wconf 73' lang='grc' dir='ltr'>ἕκαστος,</span> <span class='ocrx_word' id='word_1_213' title='bbox 740 1766 871 1835; x_wconf 77' lang='grc' dir='ltr'>περὶ</span> <span class='ocrx_word' id='word_1_214' title='bbox 898 1759 975 1819; x_wconf 82' lang='grc' dir='ltr'>ὧν</span> <span class='ocrx_word' id='word_1_215' title='bbox 1003 1782 1166 1837; x_wconf 89' lang='grc' dir='ltr'>φησιν</span> <span class='ocrx_word' id='word_1_216' title='bbox 1187 1783 1201 1797; x_wconf 89' lang='grc'><strong>·</strong></span> <span class='ocrx_word' id='word_1_217' title='bbox 1251 1783 1269 1815; x_wconf 82' lang='grc' dir='ltr'><strong>ι</strong></span> <span class='ocrx_word' id='word_1_218' title='bbox 1314 1763 1612 1833; x_wconf 79' lang='grc' dir='ltr'><strong>Ἐνοικήσω</strong></span> <span class='ocrx_word' id='word_1_219' title='bbox 1645 1764 1705 1816; x_wconf 82' lang='grc' dir='ltr'>ὲν</span> <span class='ocrx_word' id='word_1_220' title='bbox 1738 1762 1830 1815; x_wconf 89' lang='grc' dir='ltr'>αὑ-</span> 
     </span>
    </p>
   </div>
   <div class='ocr_carea' id='block_1_33' title="bbox 1942 1759 3518 1855">
    <p class='ocr_par' dir='ltr' id='par_1_33' title="bbox 1947 1763 3518 1837">
     <span class='ocr_line' id='line_1_33' title="bbox 1947 1763 3518 1837; baseline 0.003 -21"><span class='ocrx_word' id='word_1_221' title='bbox 1947 1763 2172 1831; x_wconf 87' lang='lat' dir='ltr'><strong>perinde</strong></span> <span class='ocrx_word' id='word_1_222' title='bbox 2217 1774 2380 1829; x_wconf 85' lang='lat' dir='ltr'><strong>atque</strong></span> <span class='ocrx_word' id='word_1_223' title='bbox 2420 1765 2794 1836; x_wconf 90' lang='lat' dir='ltr'><strong>unusquisque</strong></span> <span class='ocrx_word' id='word_1_224' title='bbox 2834 1777 3169 1832; x_wconf 91' lang='lat' dir='ltr'><strong>sanctorum,</strong></span> <span class='ocrx_word' id='word_1_225' title='bbox 3205 1766 3274 1823; x_wconf 89' lang='lat' dir='ltr'><strong>de</strong></span> <span class='ocrx_word' id='word_1_226' title='bbox 3321 1768 3518 1837; x_wconf 78' lang='lat' dir='ltr'><strong>quibus</strong></span> 
     </span>
    </p>
   </div>
   <div class='ocr_carea' id='block_1_34' title="bbox 261 1851 1830 1928">
    <p class='ocr_par' dir='ltr' id='par_1_34' title="bbox 261 1854 1830 1928">
     <span class='ocr_line' id='line_1_34' title="bbox 261 1854 1830 1928; baseline 0.003 -22"><span class='ocrx_word' id='word_1_227' title='bbox 261 1858 401 1920; x_wconf 85' lang='grc' dir='ltr'>τοῖς,</span> <span class='ocrx_word' id='word_1_228' title='bbox 451 1856 544 1909; x_wconf 77' lang='grc' dir='ltr'>καὶ</span> <span class='ocrx_word' id='word_1_229' title='bbox 583 1858 1039 1928; x_wconf 81' lang='grc' dir='ltr'>ὲμπεριπατήσω.</span> <span class='ocrx_word' id='word_1_230' title='bbox 1076 1877 1095 1908; x_wconf 69' lang='grc' dir='ltr'><strong>ι</strong></span> <span class='ocrx_word' id='word_1_231' title='bbox 1137 1857 1331 1910; x_wconf 80' lang='grc' dir='ltr'>Ἔσται</span> <span class='ocrx_word' id='word_1_232' title='bbox 1372 1854 1662 1927; x_wconf 69' lang='grc' dir='ltr'>τοιγαροῦν</span> <span class='ocrx_word' id='word_1_233' title='bbox 1697 1856 1830 1910; x_wconf 78' lang='grc' dir='ltr'>κατὰ</span> 
     </span>
    </p>
   </div>
   <div class='ocr_carea' id='block_1_35' title="bbox 1942 1851 3510 1928">
    <p class='ocr_par' dir='ltr' id='par_1_35' title="bbox 1946 1851 3510 1924">
     <span class='ocr_line' id='line_1_35' title="bbox 1946 1851 3510 1924; baseline 0.001 -18"><span class='ocrx_word' id='word_1_234' title='bbox 1946 1852 2193 1907; x_wconf 89' lang='lat' dir='ltr'><strong>dicitur:</strong></span> <span class='ocrx_word' id='word_1_235' title='bbox 2249 1871 2268 1904; x_wconf 73' lang='grc' dir='ltr'><strong>ι</strong></span> <span class='ocrx_word' id='word_1_236' title='bbox 2302 1851 2568 1909; x_wconf 83' lang='lat' dir='ltr'><strong>Habitabo</strong></span> <span class='ocrx_word' id='word_1_237' title='bbox 2616 1855 2672 1909; x_wconf 91' lang='lat' dir='ltr'><strong>in</strong></span> <span class='ocrx_word' id='word_1_238' title='bbox 2726 1855 2875 1924; x_wconf 89' lang='lat' dir='ltr'><strong>ipsis,</strong></span> <span class='ocrx_word' id='word_1_239' title='bbox 2924 1865 2979 1909; x_wconf 92' lang='lat' dir='ltr'><strong>et</strong></span> <span class='ocrx_word' id='word_1_240' title='bbox 3028 1855 3383 1911; x_wconf 89' lang='lat' dir='ltr'><strong>deambulabo</strong></span> <span class='ocrx_word' id='word_1_241' title='bbox 3403 1855 3447 1911; x_wconf 85' lang='lat'><strong>&#39;.</strong></span> <span class='ocrx_word' id='word_1_242' title='bbox 3489 1874 3510 1908; x_wconf 73' lang='grc' dir='ltr'><strong>ι</strong></span> 
     </span>
    </p>
   </div>
   <div class='ocr_carea' id='block_1_36' title="bbox 260 1943 1830 2020">
    <p class='ocr_par' dir='ltr' id='par_1_36' title="bbox 260 1944 1830 2020">
     <span class='ocr_line' id='line_1_36' title="bbox 260 1944 1830 2020; baseline 0.004 -23"><span class='ocrx_word' id='word_1_243' title='bbox 260 1946 363 2015; x_wconf 77' lang='grc' dir='ltr'>τὴν</span> <span class='ocrx_word' id='word_1_244' title='bbox 393 1947 617 2003; x_wconf 70' lang='grc' dir='ltr'>ἐκείνων</span> <span class='ocrx_word' id='word_1_245' title='bbox 660 1947 858 2019; x_wconf 89' lang='grc' dir='ltr'>μανίαν</span> <span class='ocrx_word' id='word_1_246' title='bbox 908 1944 990 2012; x_wconf 74' lang='grc' dir='ltr'>εἷς</span> <span class='ocrx_word' id='word_1_247' title='bbox 1031 1949 1125 2003; x_wconf 78' lang='grc' dir='ltr'><strong>καὶ</strong></span> <span class='ocrx_word' id='word_1_248' title='bbox 1168 1947 1331 2011; x_wconf 81' lang='grc' dir='ltr'>αὑτὸς</span> <span class='ocrx_word' id='word_1_249' title='bbox 1372 1949 1481 2003; x_wconf 89' lang='grc' dir='ltr'><strong>τῶν</strong></span> <span class='ocrx_word' id='word_1_250' title='bbox 1510 1951 1651 2005; x_wconf 83' lang='grc' dir='ltr'>κατά</span> <span class='ocrx_word' id='word_1_251' title='bbox 1682 1952 1830 2020; x_wconf 59' lang='grc' dir='ltr'>χάρικ</span> 
     </span>
    </p>
   </div>
   <div class='ocr_carea' id='block_1_37' title="bbox 1942 1943 3517 2020">
    <p class='ocr_par' dir='ltr' id='par_1_37' title="bbox 1943 1943 3517 2019">
     <span class='ocr_line' id='line_1_37' title="bbox 1943 1943 3517 2019; baseline 0.004 -21"><span class='ocrx_word' id='word_1_252' title='bbox 1943 1944 2064 1999; x_wconf 81' lang='lat' dir='ltr'><strong>Erit</strong></span> <span class='ocrx_word' id='word_1_253' title='bbox 2106 1943 2287 2014; x_wconf 87' lang='lat' dir='ltr'><strong>itaque</strong></span> <span class='ocrx_word' id='word_1_254' title='bbox 2318 1944 2470 2013; x_wconf 78' lang='lat' dir='ltr'><strong>juxta</strong></span> <span class='ocrx_word' id='word_1_255' title='bbox 2522 1946 2737 2003; x_wconf 92' lang='lat' dir='ltr'><strong>illorum</strong></span> <span class='ocrx_word' id='word_1_256' title='bbox 2786 1947 3049 2002; x_wconf 81' lang='lat' dir='ltr'><strong>insaniam</strong></span> <span class='ocrx_word' id='word_1_257' title='bbox 3083 1948 3304 2017; x_wconf 86' lang='lat' dir='ltr'><strong>perinde</strong></span> <span class='ocrx_word' id='word_1_258' title='bbox 3354 1957 3517 2019; x_wconf 87' lang='lat' dir='ltr'><strong>atque</strong></span> 
     </span>
    </p>
   </div>
   <div class='ocr_carea' id='block_1_38' title="bbox 261 2036 1830 2114">
    <p class='ocr_par' dir='ltr' id='par_1_38' title="bbox 261 2036 1830 2114">
     <span class='ocr_line' id='line_1_38' title="bbox 261 2036 1830 2114; baseline 0.001 -25"><span class='ocrx_word' id='word_1_259' title='bbox 261 2037 619 2107; x_wconf 79' lang='grc' dir='ltr'>κεκλημένων</span> <span class='ocrx_word' id='word_1_260' title='bbox 646 2036 777 2091; x_wconf 85' lang='grc' dir='ltr'>υἱῶν</span> <span class='ocrx_word' id='word_1_261' title='bbox 807 2038 901 2092; x_wconf 68' lang='grc' dir='ltr'><strong>καί⁵</strong></span> <span class='ocrx_word' id='word_1_262' title='bbox 922 2036 1079 2102; x_wconf 89' lang='grc' dir='ltr'>θεῶν,</span> <span class='ocrx_word' id='word_1_263' title='bbox 1109 2040 1242 2111; x_wconf 81' lang='grc' dir='ltr'>πρὸς</span> <span class='ocrx_word' id='word_1_264' title='bbox 1268 2039 1360 2105; x_wconf 79' lang='grc' dir='ltr'>οὓς</span> <span class='ocrx_word' id='word_1_265' title='bbox 1386 2042 1634 2114; x_wconf 73' lang='grc' dir='ltr'>εῐρηκενο</span> <span class='ocrx_word' id='word_1_266' title='bbox 1660 2058 1678 2091; x_wconf 77' lang='grc' dir='ltr'><strong>ι</strong></span> <span class='ocrx_word' id='word_1_267' title='bbox 1703 2038 1830 2108; x_wconf 74' lang='grc' dir='ltr'><strong>Ἐγά</strong></span> 
     </span>
    </p>
   </div>
   <div class='ocr_carea' id='block_1_39' title="bbox 1942 2036 3512 2114">
    <p class='ocr_par' dir='ltr' id='par_1_39' title="bbox 1943 2037 3512 2112">
     <span class='ocr_line' id='line_1_39' title="bbox 1943 2037 3512 2112; baseline 0.001 -21"><span class='ocrx_word' id='word_1_268' title='bbox 1943 2053 2085 2092; x_wconf 87' lang='lat' dir='ltr'><strong>unus</strong></span> <span class='ocrx_word' id='word_1_269' title='bbox 2110 2037 2339 2093; x_wconf 82' lang='lat' dir='ltr'><strong>ﬁliorum</strong></span> <span class='ocrx_word' id='word_1_270' title='bbox 2369 2048 2422 2093; x_wconf 88' lang='lat' dir='ltr'><strong>et</strong></span> <span class='ocrx_word' id='word_1_271' title='bbox 2443 2038 2667 2094; x_wconf 91' lang='lat' dir='ltr'><strong>deorum</strong></span> <span class='ocrx_word' id='word_1_272' title='bbox 2692 2039 2784 2110; x_wconf 92' lang='lat' dir='ltr'><strong>qui</strong></span> <span class='ocrx_word' id='word_1_273' title='bbox 2817 2041 2989 2096; x_wconf 86' lang='lat' dir='ltr'><strong>vocati</strong></span> <span class='ocrx_word' id='word_1_274' title='bbox 3021 2047 3148 2096; x_wconf 90' lang='lat' dir='ltr'><strong>sunt</strong></span> <span class='ocrx_word' id='word_1_275' title='bbox 3170 2040 3235 2095; x_wconf 90' lang='lat' dir='ltr'><strong>ad</strong></span> <span class='ocrx_word' id='word_1_276' title='bbox 3262 2040 3512 2112; x_wconf 77' lang='lat' dir='ltr'><strong>gratiam,</strong></span> 
     </span>
    </p>
   </div>
   <div class='ocr_carea' id='block_1_40' title="bbox 260 2126 1830 2203">
    <p class='ocr_par' dir='ltr' id='par_1_40' title="bbox 260 2126 1830 2203">
     <span class='ocr_line' id='line_1_40' title="bbox 260 2126 1830 2203; baseline 0.002 -21"><span class='ocrx_word' id='word_1_277' title='bbox 260 2126 396 2184; x_wconf 74' lang='grc' dir='ltr'>εἶπα</span> <span class='ocrx_word' id='word_1_278' title='bbox 420 2146 435 2160; x_wconf 86' lang='grc'><strong>·</strong></span> <span class='ocrx_word' id='word_1_279' title='bbox 466 2131 590 2184; x_wconf 89' lang='grc' dir='ltr'>Θεοί</span> <span class='ocrx_word' id='word_1_280' title='bbox 622 2132 746 2184; x_wconf 78' lang='grc' dir='ltr'>ἐστε</span> <span class='ocrx_word' id='word_1_281' title='bbox 775 2132 870 2185; x_wconf 73' lang='grc' dir='ltr'>καὶ</span> <span class='ocrx_word' id='word_1_282' title='bbox 899 2132 1017 2184; x_wconf 84' lang='grc' dir='ltr'><strong>Υίοί⁴</strong></span> <span class='ocrx_word' id='word_1_283' title='bbox 1047 2132 1273 2203; x_wconf 80' lang='grc' dir='ltr'>ὑψίστου</span> <span class='ocrx_word' id='word_1_284' title='bbox 1300 2134 1523 2197; x_wconf 83' lang='grc' dir='ltr'>πάντες.</span> <span class='ocrx_word' id='word_1_285' title='bbox 1576 2152 1594 2183; x_wconf 74' lang='grc' dir='ltr'><strong>ι</strong></span> <span class='ocrx_word' id='word_1_286' title='bbox 1632 2128 1732 2188; x_wconf 79' lang='grc' dir='ltr'>Ὧν</span> <span class='ocrx_word' id='word_1_287' title='bbox 1752 2133 1830 2185; x_wconf 87' lang='grc' dir='ltr'>ὅτι</span> 
     </span>
    </p>
   </div>
   <div class='ocr_carea' id='block_1_41' title="bbox 1942 2126 3508 2203">
    <p class='ocr_par' dir='ltr' id='par_1_41' title="bbox 1942 2129 3508 2199">
     <span class='ocr_line' id='line_1_41' title="bbox 1942 2129 3508 2199; baseline 0.002 -17"><span class='ocrx_word' id='word_1_288' title='bbox 1942 2129 2009 2182; x_wconf 87' lang='lat' dir='ltr'><strong>ad</strong></span> <span class='ocrx_word' id='word_1_289' title='bbox 2041 2143 2177 2198; x_wconf 85' lang='lat' dir='ltr'><strong>quos</strong></span> <span class='ocrx_word' id='word_1_290' title='bbox 2208 2129 2338 2184; x_wconf 89' lang='lat' dir='ltr'><strong>dicit</strong></span> <span class='ocrx_word' id='word_1_291' title='bbox 2368 2148 2382 2184; x_wconf 85' lang='lat'><strong>:</strong></span> <span class='ocrx_word' id='word_1_292' title='bbox 2417 2148 2435 2181; x_wconf 81' lang='grc' dir='ltr'><strong>ι</strong></span> <span class='ocrx_word' id='word_1_293' title='bbox 2466 2129 2576 2199; x_wconf 81' lang='lat' dir='ltr'><strong>Ego</strong></span> <span class='ocrx_word' id='word_1_294' title='bbox 2606 2129 2716 2184; x_wconf 81' lang='lat' dir='ltr'><strong>dixi</strong></span> <span class='ocrx_word' id='word_1_295' title='bbox 2745 2148 2757 2185; x_wconf 93' lang='lat'>:</span> <span class='ocrx_word' id='word_1_296' title='bbox 2790 2130 2867 2185; x_wconf 73' lang='lat' dir='ltr'><strong>Dii</strong></span> <span class='ocrx_word' id='word_1_297' title='bbox 2900 2132 3053 2195; x_wconf 88' lang='lat' dir='ltr'><strong>estis,</strong></span> <span class='ocrx_word' id='word_1_298' title='bbox 3088 2139 3141 2185; x_wconf 89' lang='lat' dir='ltr'><strong>et</strong></span> <span class='ocrx_word' id='word_1_299' title='bbox 3169 2129 3261 2185; x_wconf 83' lang='lat' dir='ltr'><strong>ﬁlii</strong></span> <span class='ocrx_word' id='word_1_300' title='bbox 3298 2130 3508 2186; x_wconf 73' lang='lat' dir='ltr'><strong>Excelsi</strong></span> 
     </span>
    </p>
   </div>
   <div class='ocr_carea' id='block_1_42' title="bbox 264 2226 1841 2300">
    <p class='ocr_par' dir='ltr' id='par_1_42' title="bbox 264 2226 1841 2300">
     <span class='ocr_line' id='line_1_42' title="bbox 264 2226 1841 2300; baseline -0.001 -20"><span class='ocrx_word' id='word_1_301' title='bbox 264 2226 551 2289; x_wconf 85' lang='grc' dir='ltr'>παντελῶς</span> <span class='ocrx_word' id='word_1_302' title='bbox 596 2226 907 2298; x_wconf 85' lang='grc' dir='ltr'>ἀφέστηκε,</span> <span class='ocrx_word' id='word_1_303' title='bbox 950 2228 1042 2280; x_wconf 75' lang='grc' dir='ltr'>καὶ</span> <span class='ocrx_word' id='word_1_304' title='bbox 1079 2226 1292 2296; x_wconf 80' lang='grc' dir='ltr'>φύσεως</span> <span class='ocrx_word' id='word_1_305' title='bbox 1330 2228 1568 2300; x_wconf 79' lang='grc' dir='ltr'>ὑπεροχῇ</span> <span class='ocrx_word' id='word_1_306' title='bbox 1613 2226 1841 2298; x_wconf 82' lang='grc' dir='ltr'>μεμέρι-</span> 
     </span>
    </p>
   </div>
   <div class='ocr_carea' id='block_1_43' title="bbox 262 2315 1836 2388">
    <p class='ocr_par' dir='ltr' id='par_1_43' title="bbox 262 2315 1836 2388">
     <span class='ocr_line' id='line_1_43' title="bbox 262 2315 1836 2388; baseline -0.001 -20"><span class='ocrx_word' id='word_1_307' title='bbox 262 2331 414 2379; x_wconf 83' lang='grc' dir='ltr'>σται,</span> <span class='ocrx_word' id='word_1_308' title='bbox 442 2316 640 2381; x_wconf 77' lang='grc' dir='ltr'>διδάξει</span> <span class='ocrx_word' id='word_1_309' title='bbox 674 2316 862 2385; x_wconf 82' lang='grc' dir='ltr'>σαφῶς</span> <span class='ocrx_word' id='word_1_310' title='bbox 894 2316 953 2368; x_wconf 88' lang='grc' dir='ltr'>ὲν</span> <span class='ocrx_word' id='word_1_311' title='bbox 978 2315 1297 2387; x_wconf 84' lang='grc' dir='ltr'>Εὑαγγελίῳ</span> <span class='ocrx_word' id='word_1_312' title='bbox 1328 2318 1583 2388; x_wconf 78' lang='grc' dir='ltr'>Χριστὸς,</span> <span class='ocrx_word' id='word_1_313' title='bbox 1619 2316 1794 2386; x_wconf 87' lang='grc' dir='ltr'>λέγων</span> <span class='ocrx_word' id='word_1_314' title='bbox 1822 2334 1836 2349; x_wconf 73' lang='grc' dir='ltr'><strong><em>ο</em></strong></span> 
     </span>
    </p>
   </div>
   <div class='ocr_carea' id='block_1_44' title="bbox 266 2406 1830 2479">
    <p class='ocr_par' dir='ltr' id='par_1_44' title="bbox 266 2406 1830 2479">
     <span class='ocr_line' id='line_1_44' title="bbox 266 2406 1830 2479; baseline 0.001 -20"><span class='ocrx_word' id='word_1_315' title='bbox 266 2427 287 2459; x_wconf 75' lang='grc' dir='ltr'><strong>ι</strong></span> <span class='ocrx_word' id='word_1_316' title='bbox 344 2408 531 2478; x_wconf 70' lang='grc' dir='ltr'>Ὑμεῖς</span> <span class='ocrx_word' id='word_1_317' title='bbox 553 2409 619 2461; x_wconf 75' lang='grc' dir='ltr'>ἑκ</span> <span class='ocrx_word' id='word_1_318' title='bbox 650 2408 760 2460; x_wconf 88' lang='grc' dir='ltr'><strong>τῶν</strong></span> <span class='ocrx_word' id='word_1_319' title='bbox 798 2409 947 2462; x_wconf 85' lang='grc' dir='ltr'>κάτω</span> <span class='ocrx_word' id='word_1_320' title='bbox 974 2407 1119 2472; x_wconf 71' lang='grc' dir='ltr'>ἐστὲ,</span> <span class='ocrx_word' id='word_1_321' title='bbox 1146 2406 1258 2477; x_wconf 71' lang='grc' dir='ltr'><strong>ἐγὼ</strong></span> <span class='ocrx_word' id='word_1_322' title='bbox 1281 2410 1346 2462; x_wconf 78' lang='grc' dir='ltr'>ὲκ</span> <span class='ocrx_word' id='word_1_323' title='bbox 1374 2409 1484 2462; x_wconf 89' lang='grc' dir='ltr'><strong>τῶν</strong></span> <span class='ocrx_word' id='word_1_324' title='bbox 1506 2409 1619 2463; x_wconf 80' lang='grc' dir='ltr'>ἄνω</span> <span class='ocrx_word' id='word_1_325' title='bbox 1644 2409 1782 2479; x_wconf 88' lang='grc' dir='ltr'>εἰμί·</span> <span class='ocrx_word' id='word_1_326' title='bbox 1812 2427 1830 2460; x_wconf 73' lang='grc' dir='ltr'><strong>ι</strong></span> 
     </span>
    </p>
   </div>
   <div class='ocr_carea' id='block_1_45' title="bbox 261 2497 1840 2571">
    <p class='ocr_par' dir='ltr' id='par_1_45' title="bbox 261 2497 1840 2571">
     <span class='ocr_line' id='line_1_45' title="bbox 261 2497 1840 2571; baseline 0.001 -20"><span class='ocrx_word' id='word_1_327' title='bbox 261 2497 416 2551; x_wconf 79' lang='grc' dir='ltr'>κάτω</span> <span class='ocrx_word' id='word_1_328' title='bbox 444 2498 618 2567; x_wconf 84' lang='grc' dir='ltr'>λέγων</span> <span class='ocrx_word' id='word_1_329' title='bbox 645 2500 745 2570; x_wconf 84' lang='grc' dir='ltr'><strong>τὴν</strong></span> <span class='ocrx_word' id='word_1_330' title='bbox 778 2497 1203 2569; x_wconf 79' lang='grc' dir='ltr'>βασιλευομένην</span> <span class='ocrx_word' id='word_1_331' title='bbox 1228 2499 1323 2552; x_wconf 82' lang='grc' dir='ltr'>καὶ</span> <span class='ocrx_word' id='word_1_332' title='bbox 1345 2498 1712 2571; x_wconf 78' lang='grc' dir='ltr'>ὑποκειμένην</span> <span class='ocrx_word' id='word_1_333' title='bbox 1738 2500 1840 2569; x_wconf 82' lang='grc' dir='ltr'>τὴν</span> 
     </span>
    </p>
   </div>
   <div class='ocr_carea' id='block_1_46' title="bbox 262 2589 1839 2661">
    <p class='ocr_par' dir='ltr' id='par_1_46' title="bbox 262 2589 1839 2661">
     <span class='ocr_line' id='line_1_46' title="bbox 262 2589 1839 2661; baseline 0.003 -20"><span class='ocrx_word' id='word_1_334' title='bbox 262 2589 458 2658; x_wconf 76' lang='grc' dir='ltr'>φύσιν·</span> <span class='ocrx_word' id='word_1_335' title='bbox 491 2591 606 2644; x_wconf 84' lang='grc' dir='ltr'>ἄνω</span> <span class='ocrx_word' id='word_1_336' title='bbox 628 2592 684 2644; x_wconf 86' lang='grc' dir='ltr'><strong>δὲ</strong></span> <span class='ocrx_word' id='word_1_337' title='bbox 712 2591 875 2645; x_wconf 84' lang='grc' dir='ltr'>πάλιν</span> <span class='ocrx_word' id='word_1_338' title='bbox 902 2592 1003 2659; x_wconf 84' lang='grc' dir='ltr'>τὴν</span> <span class='ocrx_word' id='word_1_339' title='bbox 1042 2590 1430 2661; x_wconf 80' lang='grc' dir='ltr'>βασιλεύουσαν</span> <span class='ocrx_word' id='word_1_340' title='bbox 1474 2593 1569 2645; x_wconf 74' lang='grc' dir='ltr'>καὶ</span> <span class='ocrx_word' id='word_1_341' title='bbox 1595 2593 1708 2655; x_wconf 85' lang='grc' dir='ltr'>τοῖς</span> <span class='ocrx_word' id='word_1_342' title='bbox 1736 2592 1839 2645; x_wconf 79' lang='grc' dir='ltr'><strong>πᾶ-</strong></span> 
     </span>
    </p>
   </div>
   <div class='ocr_carea' id='block_1_47' title="bbox 262 2681 1839 2753">
    <p class='ocr_par' dir='ltr' id='par_1_47' title="bbox 262 2681 1839 2753">
     <span class='ocr_line' id='line_1_47' title="bbox 262 2681 1839 2753; baseline 0.001 -20"><span class='ocrx_word' id='word_1_343' title='bbox 262 2697 351 2733; x_wconf 81' lang='grc' dir='ltr'><strong>σιν</strong></span> <span class='ocrx_word' id='word_1_344' title='bbox 378 2682 746 2752; x_wconf 72' lang='grc' dir='ltr'>ἐποχουμένην</span> <span class='ocrx_word' id='word_1_345' title='bbox 782 2681 1032 2751; x_wconf 89' lang='grc' dir='ltr'>θεότητα.</span> <span class='ocrx_word' id='word_1_346' title='bbox 1079 2681 1317 2753; x_wconf 69' lang='grc' dir='ltr'>Ἀληθῶς</span> <span class='ocrx_word' id='word_1_347' title='bbox 1353 2683 1534 2735; x_wconf 86' lang='grc' dir='ltr'>τοίνυν</span> <span class='ocrx_word' id='word_1_348' title='bbox 1576 2682 1670 2735; x_wconf 82' lang='grc' dir='ltr'>τοῦ</span> <span class='ocrx_word' id='word_1_349' title='bbox 1703 2684 1839 2753; x_wconf 86' lang='grc' dir='ltr'>Χρι-</span> 
     </span>
    </p>
   </div>
   <div class='ocr_carea' id='block_1_48' title="bbox 262 2765 1838 2840">
    <p class='ocr_par' dir='ltr' id='par_1_48' title="bbox 262 2765 1838 2840">
     <span class='ocr_line' id='line_1_48' title="bbox 262 2765 1838 2840; baseline 0.003 -17"><span class='ocrx_word' id='word_1_350' title='bbox 262 2770 392 2823; x_wconf 85' lang='grc' dir='ltr'>στοῦ</span> <span class='ocrx_word' id='word_1_351' title='bbox 414 2770 660 2840; x_wconf 80' lang='grc' dir='ltr'>λέγοντος</span> <span class='ocrx_word' id='word_1_352' title='bbox 684 2771 888 2827; x_wconf 77' lang='grc' dir='ltr'>ἄνωθεν</span> <span class='ocrx_word' id='word_1_353' title='bbox 911 2768 1071 2839; x_wconf 75' lang='grc' dir='ltr'>εἶναι,</span> <span class='ocrx_word' id='word_1_354' title='bbox 1091 2765 1245 2837; x_wconf 76' lang='grc' dir='ltr'>οὗτος</span> <span class='ocrx_word' id='word_1_355' title='bbox 1270 2774 1433 2828; x_wconf 79' lang='grc' dir='ltr'>αὑτὸν</span> <span class='ocrx_word' id='word_1_356' title='bbox 1459 2776 1524 2828; x_wconf 81' lang='grc' dir='ltr'>ὲκ</span> <span class='ocrx_word' id='word_1_357' title='bbox 1560 2774 1669 2828; x_wconf 88' lang='grc' dir='ltr'><strong>τῶν</strong></span> <span class='ocrx_word' id='word_1_358' title='bbox 1686 2774 1838 2828; x_wconf 85' lang='grc' dir='ltr'>κάτω</span> 
     </span>
    </p>
   </div>
   <div class='ocr_carea' id='block_1_49' title="bbox 261 2863 1712 2937">
    <p class='ocr_par' dir='ltr' id='par_1_49' title="bbox 261 2863 1712 2937">
     <span class='ocr_line' id='line_1_49' title="bbox 261 2863 1712 2937; baseline 0.002 -21"><span class='ocrx_word' id='word_1_359' title='bbox 261 2864 419 2934; x_wconf 70' lang='grc' dir='ltr'>φησι,</span> <span class='ocrx_word' id='word_1_360' title='bbox 445 2863 695 2936; x_wconf 85' lang='grc' dir='ltr'>φανερῶς</span> <span class='ocrx_word' id='word_1_361' title='bbox 716 2864 807 2918; x_wconf 80' lang='grc' dir='ltr'><strong>τοῦ</strong></span> <span class='ocrx_word' id='word_1_362' title='bbox 842 2864 971 2918; x_wconf 90' lang='grc' dir='ltr'><strong>Υίοῦ</strong></span> <span class='ocrx_word' id='word_1_363' title='bbox 998 2865 1095 2937; x_wconf 83' lang='grc' dir='ltr'>τὴν</span> <span class='ocrx_word' id='word_1_364' title='bbox 1121 2865 1311 2919; x_wconf 81' lang='grc' dir='ltr'>οὐσίαν</span> <span class='ocrx_word' id='word_1_365' title='bbox 1338 2866 1712 2935; x_wconf 84' lang='grc' dir='ltr'>συκοφαντῶν.</span> 
     </span>
    </p>
   </div>
   <div class='ocr_carea' id='block_1_50' title="bbox 530 3088 1565 3159">
    <p class='ocr_par' dir='ltr' id='par_1_50' title="bbox 530 3088 1565 3159">
     <span class='ocr_line' id='line_1_50' title="bbox 530 3088 1565 3159; baseline 0 -17"><span class='ocrx_word' id='word_1_366' title='bbox 530 3088 660 3143; x_wconf 85' lang='grc' dir='ltr'>Ὀτι</span> <span class='ocrx_word' id='word_1_367' title='bbox 690 3090 1009 3159; x_wconf 81' lang='grc' dir='ltr'>ὁμοούσιος</span> <span class='ocrx_word' id='word_1_368' title='bbox 1032 3088 1111 3155; x_wconf 84' lang='grc' dir='ltr'>τῷ</span> <span class='ocrx_word' id='word_1_369' title='bbox 1132 3091 1315 3157; x_wconf 80' lang='grc' dir='ltr'>Πατρὶ</span> <span class='ocrx_word' id='word_1_370' title='bbox 1345 3091 1377 3143; x_wconf 87' lang='grc' dir='ltr'><em>ὀ</em></span> <span class='ocrx_word' id='word_1_371' title='bbox 1411 3090 1565 3156; x_wconf 80' lang='grc' dir='ltr'>Υἱός.</span> 
     </span>
    </p>
   </div>
   <div class='ocr_carea' id='block_1_51' title="bbox 487 3179 1614 3251">
    <p class='ocr_par' dir='ltr' id='par_1_51' title="bbox 487 3179 1614 3251">
     <span class='ocr_line' id='line_1_51' title="bbox 487 3179 1614 3251; baseline 0 -16"><span class='ocrx_word' id='word_1_372' title='bbox 487 3179 813 3247; x_wconf 78' lang='grc' dir='ltr'>Ἀντίθεσις</span> <span class='ocrx_word' id='word_1_373' title='bbox 860 3182 942 3246; x_wconf 84' lang='grc' dir='ltr'>ὡς</span> <span class='ocrx_word' id='word_1_374' title='bbox 995 3182 1064 3235; x_wconf 76' lang='grc' dir='ltr'>ἐκ</span> <span class='ocrx_word' id='word_1_375' title='bbox 1132 3180 1251 3235; x_wconf 78' lang='grc' dir='ltr'>τῶν</span> <span class='ocrx_word' id='word_1_376' title='bbox 1295 3182 1614 3251; x_wconf 80' lang='grc' dir='ltr'>Εὑνομίου.</span> 
     </span>
    </p>
   </div>
   <div class='ocr_carea' id='block_1_52' title="bbox 334 3313 1833 3387">
    <p class='ocr_par' dir='ltr' id='par_1_52' title="bbox 334 3313 1833 3387">
     <span class='ocr_line' id='line_1_52' title="bbox 334 3313 1833 3387; baseline 0.003 -21"><span class='ocrx_word' id='word_1_377' title='bbox 334 3314 444 3367; x_wconf 80' lang='grc' dir='ltr'><strong>Καὶ</strong></span> <span class='ocrx_word' id='word_1_378' title='bbox 473 3313 609 3378; x_wconf 85' lang='grc' dir='ltr'>πῶς,</span> <span class='ocrx_word' id='word_1_379' title='bbox 641 3314 825 3385; x_wconf 81' lang='grc' dir='ltr'>φησὶν,</span> <span class='ocrx_word' id='word_1_380' title='bbox 846 3314 999 3368; x_wconf 80' lang='grc' dir='ltr'>ἔσται</span> <span class='ocrx_word' id='word_1_381' title='bbox 1022 3314 1101 3386; x_wconf 81' lang='grc' dir='ltr'>τῷ</span> <span class='ocrx_word' id='word_1_382' title='bbox 1125 3315 1301 3387; x_wconf 77' lang='grc' dir='ltr'>Πατρὶ</span> <span class='ocrx_word' id='word_1_383' title='bbox 1329 3315 1614 3386; x_wconf 76' lang='grc' dir='ltr'>ὁμοούσιος</span> <span class='ocrx_word' id='word_1_384' title='bbox 1633 3317 1661 3371; x_wconf 85' lang='grc' dir='ltr'><strong>ὁ</strong></span> <span class='ocrx_word' id='word_1_385' title='bbox 1686 3316 1833 3385; x_wconf 68' lang='grc' dir='ltr'>Υἱὸς,</span> 
     </span>
    </p>
   </div>
   <div class='ocr_carea' id='block_1_53' title="bbox 260 3402 1836 3481">
    <p class='ocr_par' dir='ltr' id='par_1_53' title="bbox 260 3402 1836 3481">
     <span class='ocr_line' id='line_1_53' title="bbox 260 3402 1836 3481; baseline 0.003 -21"><span class='ocrx_word' id='word_1_386' title='bbox 260 3406 435 3460; x_wconf 75' lang='grc' dir='ltr'>αἴτιον</span> <span class='ocrx_word' id='word_1_387' title='bbox 458 3406 617 3460; x_wconf 82' lang='grc' dir='ltr'>αὑτὸν</span> <span class='ocrx_word' id='word_1_388' title='bbox 644 3407 739 3461; x_wconf 82' lang='grc' dir='ltr'><strong>τοῦ</strong></span> <span class='ocrx_word' id='word_1_389' title='bbox 770 3402 909 3461; x_wconf 76' lang='grc' dir='ltr'>εἶναι</span> <span class='ocrx_word' id='word_1_390' title='bbox 937 3406 1110 3477; x_wconf 74' lang='grc' dir='ltr'>ἔχων;</span> <span class='ocrx_word' id='word_1_391' title='bbox 1137 3409 1201 3461; x_wconf 77' lang='lat'><strong>‘0</strong></span> <span class='ocrx_word' id='word_1_392' title='bbox 1224 3408 1306 3480; x_wconf 75' lang='grc' dir='ltr'>μὴ</span> <span class='ocrx_word' id='word_1_393' title='bbox 1334 3411 1597 3481; x_wconf 82' lang='grc' dir='ltr'>πρόσεστι</span> <span class='ocrx_word' id='word_1_394' title='bbox 1624 3412 1703 3481; x_wconf 84' lang='grc' dir='ltr'>τῷ</span> <span class='ocrx_word' id='word_1_395' title='bbox 1722 3412 1836 3464; x_wconf 80' lang='grc' dir='ltr'>Πα-</span> 
     </span>
    </p>
   </div>
   <div class='ocr_carea' id='block_1_54' title="bbox 259 3494 1835 3571">
    <p class='ocr_par' dir='ltr' id='par_1_54' title="bbox 259 3494 1835 3571">
     <span class='ocr_line' id='line_1_54' title="bbox 259 3494 1835 3571; baseline 0 -20"><span class='ocrx_word' id='word_1_396' title='bbox 259 3495 370 3569; x_wconf 62' lang='grc' dir='ltr'>ιρί.</span> <span class='ocrx_word' id='word_1_397' title='bbox 401 3496 475 3551; x_wconf 69' lang='grc' dir='ltr'><strong>Οὐ</strong></span> <span class='ocrx_word' id='word_1_398' title='bbox 496 3494 605 3570; x_wconf 76' lang='grc' dir='ltr'><strong>γὰρ</strong></span> <span class='ocrx_word' id='word_1_399' title='bbox 628 3494 686 3564; x_wconf 75' lang='grc' dir='ltr'>ἐξ</span> <span class='ocrx_word' id='word_1_400' title='bbox 711 3495 884 3554; x_wconf 75' lang='grc' dir='ltr'>αἰτίου</span> <span class='ocrx_word' id='word_1_401' title='bbox 918 3496 1084 3564; x_wconf 66' lang='grc' dir='ltr'>τινὰς,</span> <span class='ocrx_word' id='word_1_402' title='bbox 1111 3498 1249 3571; x_wconf 78' lang='grc' dir='ltr'>ὅπερ</span> <span class='ocrx_word' id='word_1_403' title='bbox 1283 3498 1370 3565; x_wconf 80' lang='grc' dir='ltr'>ἂν,</span> <span class='ocrx_word' id='word_1_404' title='bbox 1407 3499 1482 3564; x_wconf 84' lang='grc' dir='ltr'>ὡς</span> <span class='ocrx_word' id='word_1_405' title='bbox 1524 3495 1699 3570; x_wconf 84' lang='grc' dir='ltr'>οἶμαι,</span> <span class='ocrx_word' id='word_1_406' title='bbox 1727 3501 1835 3562; x_wconf 78' lang='grc' dir='ltr'>πᾶς</span> 
     </span>
    </p>
   </div>
   <div class='ocr_carea' id='block_1_55' title="bbox 257 3587 1119 3664">
    <p class='ocr_par' dir='ltr' id='par_1_55' title="bbox 257 3587 1119 3664">
     <span class='ocr_line' id='line_1_55' title="bbox 257 3587 1119 3664; baseline 0 -20"><span class='ocrx_word' id='word_1_407' title='bbox 257 3609 343 3659; x_wconf 84' lang='grc' dir='ltr'><strong>τις</strong></span> <span class='ocrx_word' id='word_1_408' title='bbox 367 3587 459 3646; x_wconf 79' lang='grc' dir='ltr'>οὖν</span> <span class='ocrx_word' id='word_1_409' title='bbox 475 3590 670 3664; x_wconf 83' lang='grc' dir='ltr'>ἀληθὲς</span> <span class='ocrx_word' id='word_1_410' title='bbox 698 3587 839 3645; x_wconf 75' lang='grc' dir='ltr'>εἶναι</span> <span class='ocrx_word' id='word_1_411' title='bbox 873 3592 1119 3663; x_wconf 82' lang='grc' dir='ltr'>φήσειεν.</span> 
     </span>
    </p>
   </div>
   <div class='ocr_carea' id='block_1_56' title="bbox 729 3792 1354 3863">
    <p class='ocr_par' dir='ltr' id='par_1_56' title="bbox 729 3792 1354 3863">
     <span class='ocr_line' id='line_1_56' title="bbox 729 3792 1354 3863; baseline 0 -15"><span class='ocrx_word' id='word_1_412' title='bbox 729 3792 887 3863; x_wconf 84' lang='grc' dir='ltr'>Πρὸς</span> <span class='ocrx_word' id='word_1_413' title='bbox 929 3793 1104 3848; x_wconf 88' lang='grc' dir='ltr'>τοῦτο</span> <span class='ocrx_word' id='word_1_414' title='bbox 1148 3795 1354 3859; x_wconf 75' lang='grc' dir='ltr'>λύσις.</span> 
     </span>
    </p>
   </div>
   <div class='ocr_carea' id='block_1_57' title="bbox 329 3906 1831 3979">
    <p class='ocr_par' dir='ltr' id='par_1_57' title="bbox 329 3906 1831 3979">
     <span class='ocr_line' id='line_1_57' title="bbox 329 3906 1831 3979; baseline -0.001 -17"><span class='ocrx_word' id='word_1_415' title='bbox 329 3908 536 3979; x_wconf 84' lang='grc' dir='ltr'>Πολλὴν</span> <span class='ocrx_word' id='word_1_416' title='bbox 563 3908 628 3962; x_wconf 80' lang='grc' dir='ltr'>ἄν</span> <span class='ocrx_word' id='word_1_417' title='bbox 648 3925 731 3970; x_wconf 87' lang='grc' dir='ltr'><strong>τις</strong></span> <span class='ocrx_word' id='word_1_418' title='bbox 759 3906 982 3971; x_wconf 81' lang='grc' dir='ltr'>εἰκότως</span> <span class='ocrx_word' id='word_1_419' title='bbox 1004 3906 1245 3977; x_wconf 81' lang='grc' dir='ltr'>ἀμαθίαν</span> <span class='ocrx_word' id='word_1_420' title='bbox 1269 3906 1708 3978; x_wconf 70' lang='grc' dir='ltr'>καταψηφίσαιτο</span> <span class='ocrx_word' id='word_1_421' title='bbox 1723 3907 1831 3961; x_wconf 90' lang='grc' dir='ltr'><strong>τῶν</strong></span> 
     </span>
    </p>
   </div>
   <div class='ocr_carea' id='block_1_58' title="bbox 254 3997 1825 4070">
    <p class='ocr_par' dir='ltr' id='par_1_58' title="bbox 254 3997 1825 4070">
     <span class='ocr_line' id='line_1_58' title="bbox 254 3997 1825 4070; baseline -0.002 -15"><span class='ocrx_word' id='word_1_422' title='bbox 254 4002 324 4055; x_wconf 71' lang='grc' dir='ltr'><strong>τὰ</strong></span> <span class='ocrx_word' id='word_1_423' title='bbox 370 3999 591 4053; x_wconf 83' lang='grc' dir='ltr'>τοιαῦτα</span> <span class='ocrx_word' id='word_1_424' title='bbox 636 3999 956 4069; x_wconf 82' lang='grc' dir='ltr'>τολμώντων</span> <span class='ocrx_word' id='word_1_425' title='bbox 1008 3997 1207 4052; x_wconf 87' lang='grc' dir='ltr'>λαλεῖν.</span> <span class='ocrx_word' id='word_1_426' title='bbox 1256 3999 1383 4052; x_wconf 84' lang='grc' dir='ltr'>Υίὸν</span> <span class='ocrx_word' id='word_1_427' title='bbox 1416 3999 1524 4070; x_wconf 85' lang='grc' dir='ltr'><strong>γὰρ</strong></span> <span class='ocrx_word' id='word_1_428' title='bbox 1552 3999 1825 4068; x_wconf 81' lang='grc' dir='ltr'>λέγοντες,</span> 
     </span>
    </p>
   </div>
   <div class='ocr_carea' id='block_1_59' title="bbox 253 4086 1829 4162">
    <p class='ocr_par' dir='ltr' id='par_1_59' title="bbox 253 4086 1829 4162">
     <span class='ocr_line' id='line_1_59' title="bbox 253 4086 1829 4162; baseline -0.001 -15"><span class='ocrx_word' id='word_1_429' title='bbox 253 4095 355 4162; x_wconf 77' lang='grc' dir='ltr'><strong>οὑχ</strong></span> <span class='ocrx_word' id='word_1_430' title='bbox 393 4092 677 4161; x_wconf 85' lang='grc' dir='ltr'>ὁμοούσιον</span> <span class='ocrx_word' id='word_1_431' title='bbox 729 4086 868 4144; x_wconf 85' lang='grc' dir='ltr'>εἷναί</span> <span class='ocrx_word' id='word_1_432' title='bbox 902 4106 1065 4159; x_wconf 90' lang='grc' dir='ltr'>φασιν</span> <span class='ocrx_word' id='word_1_433' title='bbox 1088 4130 1105 4157; x_wconf 92' lang='grc'><strong>,</strong></span> <span class='ocrx_word' id='word_1_434' title='bbox 1138 4090 1238 4143; x_wconf 84' lang='grc' dir='ltr'><strong>οὑκ</strong></span> <span class='ocrx_word' id='word_1_435' title='bbox 1287 4089 1662 4161; x_wconf 87' lang='grc' dir='ltr'>αἰσθανόμενοι</span> <span class='ocrx_word' id='word_1_436' title='bbox 1689 4092 1829 4162; x_wconf 78' lang='grc' dir='ltr'>τάχα</span> 
     </span>
    </p>
   </div>
   <div class='ocr_carea' id='block_1_60' title="bbox 254 4181 1828 4254">
    <p class='ocr_par' dir='ltr' id='par_1_60' title="bbox 254 4181 1828 4254">
     <span class='ocr_line' id='line_1_60' title="bbox 254 4181 1828 4254; baseline 0.001 -19"><span class='ocrx_word' id='word_1_437' title='bbox 254 4185 392 4254; x_wconf 78' lang='grc' dir='ltr'>πρὸς</span> <span class='ocrx_word' id='word_1_438' title='bbox 414 4185 480 4254; x_wconf 81' lang='grc' dir='ltr'>ἢν</span> <span class='ocrx_word' id='word_1_439' title='bbox 506 4182 853 4254; x_wconf 74' lang='grc' dir='ltr'>ἐμϐαίνουσιν</span> <span class='ocrx_word' id='word_1_440' title='bbox 881 4183 1087 4237; x_wconf 81' lang='grc' dir='ltr'>ἄνοιαν.</span> <span class='ocrx_word' id='word_1_441' title='bbox 1124 4182 1187 4236; x_wconf 85' lang='grc' dir='ltr'>Εἰ</span> <span class='ocrx_word' id='word_1_442' title='bbox 1216 4181 1326 4253; x_wconf 81' lang='grc' dir='ltr'><strong>γάρ</strong></span> <span class='ocrx_word' id='word_1_443' title='bbox 1349 4182 1475 4247; x_wconf 81' lang='grc' dir='ltr'>Υἱός</span> <span class='ocrx_word' id='word_1_444' title='bbox 1510 4184 1679 4247; x_wconf 75' lang='grc' dir='ltr'>ἐστιν,</span> <span class='ocrx_word' id='word_1_445' title='bbox 1716 4183 1828 4237; x_wconf 85' lang='grc' dir='ltr'>ῶσ-</span> 
     </span>
    </p>
   </div>
   <div class='ocr_carea' id='block_1_61' title="bbox 252 4274 1829 4348">
    <p class='ocr_par' dir='ltr' id='par_1_61' title="bbox 252 4274 1829 4348">
     <span class='ocr_line' id='line_1_61' title="bbox 252 4274 1829 4348; baseline -0.002 -18"><span class='ocrx_word' id='word_1_446' title='bbox 252 4295 361 4348; x_wconf 88' lang='grc' dir='ltr'><strong>περ</strong></span> <span class='ocrx_word' id='word_1_447' title='bbox 380 4274 474 4330; x_wconf 83' lang='grc' dir='ltr'>οὖν</span> <span class='ocrx_word' id='word_1_448' title='bbox 507 4277 597 4330; x_wconf 77' lang='grc' dir='ltr'>καὶ</span> <span class='ocrx_word' id='word_1_449' title='bbox 637 4276 785 4330; x_wconf 75' lang='grc' dir='ltr'>ἔστιν</span> <span class='ocrx_word' id='word_1_450' title='bbox 812 4276 1049 4348; x_wconf 89' lang='grc' dir='ltr'>άληθῶς,</span> <span class='ocrx_word' id='word_1_451' title='bbox 1084 4275 1236 4330; x_wconf 73' lang='grc' dir='ltr'>ἔσται</span> <span class='ocrx_word' id='word_1_452' title='bbox 1272 4275 1490 4339; x_wconf 87' lang='grc' dir='ltr'>πάντως</span> <span class='ocrx_word' id='word_1_453' title='bbox 1529 4275 1606 4346; x_wconf 85' lang='grc' dir='ltr'>τῷ</span> <span class='ocrx_word' id='word_1_454' title='bbox 1638 4292 1829 4345; x_wconf 87' lang='grc' dir='ltr'>γεγεν-</span> 
     </span>
    </p>
   </div>
   <div class='ocr_carea' id='block_1_62' title="bbox 251 4369 1824 4441">
    <p class='ocr_par' dir='ltr' id='par_1_62' title="bbox 251 4369 1824 4441">
     <span class='ocr_line' id='line_1_62' title="bbox 251 4369 1824 4441; baseline -0.001 -19"><span class='ocrx_word' id='word_1_455' title='bbox 251 4371 438 4440; x_wconf 83' lang='grc' dir='ltr'>νηκότι</span> <span class='ocrx_word' id='word_1_456' title='bbox 461 4369 603 4423; x_wconf 77' lang='grc' dir='ltr'>κατὰ</span> <span class='ocrx_word' id='word_1_457' title='bbox 626 4369 725 4441; x_wconf 77' lang='grc' dir='ltr'>τὴν</span> <span class='ocrx_word' id='word_1_458' title='bbox 746 4369 934 4423; x_wconf 81' lang='grc' dir='ltr'>οὐσίαν</span> <span class='ocrx_word' id='word_1_459' title='bbox 951 4373 979 4424; x_wconf 88' lang='grc' dir='ltr'><strong>ό</strong></span> <span class='ocrx_word' id='word_1_460' title='bbox 1004 4370 1184 4434; x_wconf 87' lang='grc' dir='ltr'>αὑτός.</span> <span class='ocrx_word' id='word_1_461' title='bbox 1210 4370 1272 4424; x_wconf 86' lang='grc' dir='ltr'><strong>Εἰ</strong></span> <span class='ocrx_word' id='word_1_462' title='bbox 1301 4370 1357 4423; x_wconf 82' lang='grc' dir='ltr'><strong>δὲ</strong></span> <span class='ocrx_word' id='word_1_463' title='bbox 1377 4370 1479 4423; x_wconf 88' lang='grc' dir='ltr'><strong>οὑκ</strong></span> <span class='ocrx_word' id='word_1_464' title='bbox 1502 4369 1650 4423; x_wconf 80' lang='grc' dir='ltr'>ἔστιν</span> <span class='ocrx_word' id='word_1_465' title='bbox 1676 4370 1824 4432; x_wconf 72' lang='grc' dir='ltr'>Υἱὸς,</span> 
     </span>
    </p>
   </div>
   <div class='ocr_carea' id='block_1_63' title="bbox 1940 2220 3515 2292">
    <p class='ocr_par' dir='ltr' id='par_1_63' title="bbox 1940 2220 3515 2292">
     <span class='ocr_line' id='line_1_63' title="bbox 1940 2220 3515 2292; baseline 0.002 -17"><span class='ocrx_word' id='word_1_466' title='bbox 1940 2235 2128 2276; x_wconf 89' lang='lat' dir='ltr'><strong>omnes</strong></span> <span class='ocrx_word' id='word_1_467' title='bbox 2147 2220 2189 2275; x_wconf 86' lang='grc'>⁸.</span> <span class='ocrx_word' id='word_1_468' title='bbox 2225 2240 2243 2271; x_wconf 74' lang='grc' dir='ltr'><strong>ι</strong></span> <span class='ocrx_word' id='word_1_469' title='bbox 2280 2220 2326 2275; x_wconf 80' lang='grc' dir='ltr'><strong>Α</strong></span> <span class='ocrx_word' id='word_1_470' title='bbox 2352 2221 2548 2291; x_wconf 90' lang='lat' dir='ltr'><strong>quibus</strong></span> <span class='ocrx_word' id='word_1_471' title='bbox 2580 2222 2723 2292; x_wconf 91' lang='lat' dir='ltr'><strong>quod</strong></span> <span class='ocrx_word' id='word_1_472' title='bbox 2756 2222 2810 2277; x_wconf 90' lang='lat' dir='ltr'><strong>in</strong></span> <span class='ocrx_word' id='word_1_473' title='bbox 2852 2224 3163 2278; x_wconf 90' lang='lat' dir='ltr'><strong>universum</strong></span> <span class='ocrx_word' id='word_1_474' title='bbox 3191 2223 3428 2285; x_wconf 85' lang='lat' dir='ltr'><strong>dilIerat,</strong></span> <span class='ocrx_word' id='word_1_475' title='bbox 3457 2235 3515 2278; x_wconf 87' lang='lat' dir='ltr'><strong>et</strong></span> 
     </span>
    </p>
   </div>
   <div class='ocr_carea' id='block_1_64' title="bbox 1940 2312 3508 2384">
    <p class='ocr_par' dir='ltr' id='par_1_64' title="bbox 1940 2312 3508 2384">
     <span class='ocr_line' id='line_1_64' title="bbox 1940 2312 3508 2384; baseline 0.004 -21"><span class='ocrx_word' id='word_1_476' title='bbox 1940 2318 2146 2366; x_wconf 61' lang='lat' dir='ltr'><strong>natura:</strong></span> <span class='ocrx_word' id='word_1_477' title='bbox 2178 2312 2288 2384; x_wconf 78' lang='lat'><strong>76</strong></span> <span class='ocrx_word' id='word_1_478' title='bbox 2314 2312 2632 2369; x_wconf 77' lang='lat' dir='ltr'><strong>excellentia</strong></span> <span class='ocrx_word' id='word_1_479' title='bbox 2663 2324 2946 2384; x_wconf 87' lang='lat' dir='ltr'><strong>separatus</strong></span> <span class='ocrx_word' id='word_1_480' title='bbox 2977 2315 3067 2380; x_wconf 90' lang='lat' dir='ltr'><strong>sit,</strong></span> <span class='ocrx_word' id='word_1_481' title='bbox 3098 2315 3326 2384; x_wconf 88' lang='lat' dir='ltr'><strong>ipsemet</strong></span> <span class='ocrx_word' id='word_1_482' title='bbox 3350 2315 3508 2369; x_wconf 88' lang='lat' dir='ltr'><strong>Chri-</strong></span> 
     </span>
    </p>
   </div>
   <div class='ocr_carea' id='block_1_65' title="bbox 1943 2404 3504 2477">
    <p class='ocr_par' dir='ltr' id='par_1_65' title="bbox 1943 2404 3504 2477">
     <span class='ocr_line' id='line_1_65' title="bbox 1943 2404 3504 2477; baseline 0.003 -19"><span class='ocrx_word' id='word_1_483' title='bbox 1943 2412 2062 2459; x_wconf 88' lang='lat' dir='ltr'><strong>stus</strong></span> <span class='ocrx_word' id='word_1_484' title='bbox 2102 2404 2154 2458; x_wconf 92' lang='lat' dir='ltr'><strong>in</strong></span> <span class='ocrx_word' id='word_1_485' title='bbox 2185 2405 2474 2476; x_wconf 80' lang='lat' dir='ltr'><strong>Evangelia</strong></span> <span class='ocrx_word' id='word_1_486' title='bbox 2504 2415 2690 2474; x_wconf 90' lang='lat' dir='ltr'><strong>aperte</strong></span> <span class='ocrx_word' id='word_1_487' title='bbox 2719 2406 2956 2473; x_wconf 89' lang='lat' dir='ltr'><strong>docebit,</strong></span> <span class='ocrx_word' id='word_1_488' title='bbox 3005 2407 3256 2477; x_wconf 83' lang='lat' dir='ltr'><strong>inquiens</strong></span> <span class='ocrx_word' id='word_1_489' title='bbox 3286 2426 3299 2461; x_wconf 92' lang='lat'>:</span> <span class='ocrx_word' id='word_1_490' title='bbox 3340 2426 3360 2460; x_wconf 78' lang='grc' dir='ltr'><strong>ι</strong></span> <span class='ocrx_word' id='word_1_491' title='bbox 3399 2406 3504 2463; x_wconf 83' lang='lat' dir='ltr'><strong>Vos</strong></span> 
     </span>
    </p>
   </div>
   <div class='ocr_carea' id='block_1_66' title="bbox 1937 2495 3508 2569">
    <p class='ocr_par' dir='ltr' id='par_1_66' title="bbox 1937 2495 3508 2569">
     <span class='ocr_line' id='line_1_66' title="bbox 1937 2495 3508 2569; baseline 0.002 -20"><span class='ocrx_word' id='word_1_492' title='bbox 1937 2495 2004 2550; x_wconf 93' lang='lat' dir='ltr'><strong>de</strong></span> <span class='ocrx_word' id='word_1_493' title='bbox 2036 2495 2289 2552; x_wconf 84' lang='lat' dir='ltr'><strong>deorsum</strong></span> <span class='ocrx_word' id='word_1_494' title='bbox 2311 2498 2465 2562; x_wconf 85' lang='lat' dir='ltr'><strong>estis,</strong></span> <span class='ocrx_word' id='word_1_495' title='bbox 2490 2512 2591 2569; x_wconf 81' lang='lat' dir='ltr'><strong>ego</strong></span> <span class='ocrx_word' id='word_1_496' title='bbox 2615 2513 2681 2553; x_wconf 81' lang='lat' dir='ltr'><strong>ex</strong></span> <span class='ocrx_word' id='word_1_497' title='bbox 2710 2501 2957 2568; x_wconf 90' lang='lat' dir='ltr'><strong>supernis</strong></span> <span class='ocrx_word' id='word_1_498' title='bbox 2977 2515 3095 2556; x_wconf 88' lang='lat' dir='ltr'><strong>sum</strong></span> <span class='ocrx_word' id='word_1_499' title='bbox 3113 2502 3172 2568; x_wconf 80' lang='lat'><strong>&#39;;</strong></span> <span class='ocrx_word' id='word_1_500' title='bbox 3208 2519 3228 2553; x_wconf 74' lang='grc' dir='ltr'><strong>ι</strong></span> <span class='ocrx_word' id='word_1_501' title='bbox 3256 2500 3508 2556; x_wconf 85' lang='lat' dir='ltr'><strong>deorsum</strong></span> 
     </span>
    </p>
   </div>
   <div class='ocr_carea' id='block_1_67' title="bbox 1938 2588 3506 2662">
    <p class='ocr_par' dir='ltr' id='par_1_67' title="bbox 1938 2588 3506 2662">
     <span class='ocr_line' id='line_1_67' title="bbox 1938 2588 3506 2662; baseline 0.003 -22"><span class='ocrx_word' id='word_1_502' title='bbox 1938 2588 2212 2656; x_wconf 80' lang='lat' dir='ltr'><strong>appellans</strong></span> <span class='ocrx_word' id='word_1_503' title='bbox 2254 2598 2501 2643; x_wconf 85' lang='lat' dir='ltr'><strong>naturam</strong></span> <span class='ocrx_word' id='word_1_504' title='bbox 2533 2600 2771 2645; x_wconf 86' lang='lat' dir='ltr'><strong>creatam</strong></span> <span class='ocrx_word' id='word_1_505' title='bbox 2806 2600 2862 2645; x_wconf 91' lang='lat' dir='ltr'><strong>et</strong></span> <span class='ocrx_word' id='word_1_506' title='bbox 2908 2590 3134 2661; x_wconf 91' lang='lat' dir='ltr'><strong>imperio</strong></span> <span class='ocrx_word' id='word_1_507' title='bbox 3158 2592 3456 2662; x_wconf 86' lang='lat' dir='ltr'><strong>subjectam</strong></span> <span class='ocrx_word' id='word_1_508' title='bbox 3491 2610 3506 2645; x_wconf 91' lang='lat'><strong>:</strong></span> 
     </span>
    </p>
   </div>
   <div class='ocr_carea' id='block_1_68' title="bbox 1938 2679 3511 2750">
    <p class='ocr_par' dir='ltr' id='par_1_68' title="bbox 1938 2679 3511 2750">
     <span class='ocr_line' id='line_1_68' title="bbox 1938 2679 3511 2750; baseline 0.001 -16"><span class='ocrx_word' id='word_1_509' title='bbox 1938 2693 2151 2734; x_wconf 85' lang='lat' dir='ltr'><strong>sursum</strong></span> <span class='ocrx_word' id='word_1_510' title='bbox 2204 2692 2333 2733; x_wconf 88' lang='lat' dir='ltr'><strong>vero</strong></span> <span class='ocrx_word' id='word_1_511' title='bbox 2392 2679 2729 2735; x_wconf 76' lang='lat' dir='ltr'><strong>divinitatem</strong></span> <span class='ocrx_word' id='word_1_512' title='bbox 2792 2695 2953 2750; x_wconf 91' lang='lat' dir='ltr'><strong>supra</strong></span> <span class='ocrx_word' id='word_1_513' title='bbox 3024 2682 3205 2736; x_wconf 90' lang='lat' dir='ltr'><strong>omnia</strong></span> <span class='ocrx_word' id='word_1_514' title='bbox 3265 2691 3511 2736; x_wconf 82' lang='lat' dir='ltr'><strong>evectam</strong></span> 
     </span>
    </p>
   </div>
   <div class='ocr_carea' id='block_1_69' title="bbox 1936 2769 3511 2842">
    <p class='ocr_par' dir='ltr' id='par_1_69' title="bbox 1936 2769 3511 2842">
     <span class='ocr_line' id='line_1_69' title="bbox 1936 2769 3511 2842; baseline 0.001 -18"><span class='ocrx_word' id='word_1_515' title='bbox 1936 2769 2295 2839; x_wconf 90' lang='lat' dir='ltr'><strong>omnibusque</strong></span> <span class='ocrx_word' id='word_1_516' title='bbox 2334 2770 2711 2842; x_wconf 88' lang='lat' dir='ltr'><strong>imperantem.</strong></span> <span class='ocrx_word' id='word_1_517' title='bbox 2761 2770 2894 2825; x_wconf 88' lang='lat' dir='ltr'><strong>Cum</strong></span> <span class='ocrx_word' id='word_1_518' title='bbox 2947 2771 3108 2842; x_wconf 78' lang='lat' dir='ltr'><strong>igitur</strong></span> <span class='ocrx_word' id='word_1_519' title='bbox 3137 2770 3386 2827; x_wconf 85' lang='lat' dir='ltr'><strong>Christus</strong></span> <span class='ocrx_word' id='word_1_520' title='bbox 3428 2773 3511 2825; x_wconf 81' lang='lat' dir='ltr'><strong>di-</strong></span> 
     </span>
    </p>
   </div>
   <div class='ocr_carea' id='block_1_70' title="bbox 1937 2863 3507 2929">
    <p class='ocr_par' dir='ltr' id='par_1_70' title="bbox 1937 2863 3507 2929">
     <span class='ocr_line' id='line_1_70' title="bbox 1937 2863 3507 2929; baseline 0.001 -14"><span class='ocrx_word' id='word_1_521' title='bbox 1937 2870 2025 2916; x_wconf 86' lang='lat' dir='ltr'><strong>cat</strong></span> <span class='ocrx_word' id='word_1_522' title='bbox 2057 2876 2115 2916; x_wconf 87' lang='lat' dir='ltr'><strong>se</strong></span> <span class='ocrx_word' id='word_1_523' title='bbox 2151 2876 2217 2917; x_wconf 77' lang='lat' dir='ltr'><strong>ex</strong></span> <span class='ocrx_word' id='word_1_524' title='bbox 2251 2864 2501 2929; x_wconf 89' lang='lat' dir='ltr'><strong>supernis</strong></span> <span class='ocrx_word' id='word_1_525' title='bbox 2525 2876 2662 2928; x_wconf 90' lang='lat' dir='ltr'><strong>esse,</strong></span> <span class='ocrx_word' id='word_1_526' title='bbox 2701 2863 2805 2918; x_wconf 90' lang='lat' dir='ltr'><strong>iste</strong></span> <span class='ocrx_word' id='word_1_527' title='bbox 2837 2863 2985 2917; x_wconf 92' lang='lat' dir='ltr'><strong>illum</strong></span> <span class='ocrx_word' id='word_1_528' title='bbox 3033 2864 3085 2917; x_wconf 90' lang='lat' dir='ltr'><strong>in</strong></span> <span class='ocrx_word' id='word_1_529' title='bbox 3121 2864 3308 2921; x_wconf 81' lang='lat' dir='ltr'><strong>inferis</strong></span> <span class='ocrx_word' id='word_1_530' title='bbox 3342 2863 3507 2920; x_wconf 83' lang='lat' dir='ltr'><strong>collo-</strong></span> 
     </span>
    </p>
   </div>
   <div class='ocr_carea' id='block_1_71' title="bbox 1936 2952 3232 3017">
    <p class='ocr_par' dir='ltr' id='par_1_71' title="bbox 1936 2952 3232 3017">
     <span class='ocr_line' id='line_1_71' title="bbox 1936 2952 3232 3017; baseline 0.003 -10"><span class='ocrx_word' id='word_1_531' title='bbox 1936 2962 2046 3017; x_wconf 86' lang='lat' dir='ltr'><strong>cat,</strong></span> <span class='ocrx_word' id='word_1_532' title='bbox 2073 2952 2360 3009; x_wconf 78' lang='lat' dir='ltr'><strong>manifeste</strong></span> <span class='ocrx_word' id='word_1_533' title='bbox 2392 2952 2512 3009; x_wconf 88' lang='lat' dir='ltr'><strong>Filii</strong></span> <span class='ocrx_word' id='word_1_534' title='bbox 2547 2955 2839 3009; x_wconf 87' lang='lat' dir='ltr'><strong>essentiam</strong></span> <span class='ocrx_word' id='word_1_535' title='bbox 2870 2955 3232 3011; x_wconf 87' lang='lat' dir='ltr'><strong>calumnians.</strong></span> 
     </span>
    </p>
   </div>
   <div class='ocr_carea' id='block_1_72' title="bbox 2133 3085 3327 3159">
    <p class='ocr_par' dir='ltr' id='par_1_72' title="bbox 2133 3085 3327 3159">
     <span class='ocr_line' id='line_1_72' title="bbox 2133 3085 3327 3159; baseline 0.006 -21"><span class='ocrx_word' id='word_1_536' title='bbox 2133 3085 2287 3152; x_wconf 82' lang='lat' dir='ltr'><strong>Quod</strong></span> <span class='ocrx_word' id='word_1_537' title='bbox 2321 3086 2493 3141; x_wconf 84' lang='lat' dir='ltr'><strong>Filius</strong></span> <span class='ocrx_word' id='word_1_538' title='bbox 2529 3089 2597 3143; x_wconf 82' lang='lat' dir='ltr'><strong>sit</strong></span> <span class='ocrx_word' id='word_1_539' title='bbox 2638 3088 3100 3144; x_wconf 78' lang='lat' dir='ltr'><strong>consubstantialis</strong></span> <span class='ocrx_word' id='word_1_540' title='bbox 3130 3089 3327 3159; x_wconf 69' lang='lat' dir='ltr'><strong>lPatri.</strong></span> 
     </span>
    </p>
   </div>
   <div class='ocr_carea' id='block_1_73' title="bbox 2412 3177 3047 3248">
    <p class='ocr_par' dir='ltr' id='par_1_73' title="bbox 2412 3177 3047 3248">
     <span class='ocr_line' id='line_1_73' title="bbox 2412 3177 3047 3248; baseline 0.003 -15"><span class='ocrx_word' id='word_1_541' title='bbox 2412 3177 2646 3248; x_wconf 85' lang='lat' dir='ltr'><strong>Objectio</strong></span> <span class='ocrx_word' id='word_1_542' title='bbox 2674 3196 2739 3235; x_wconf 74' lang='lat' dir='ltr'><strong>ea:</strong></span> <span class='ocrx_word' id='word_1_543' title='bbox 2766 3178 3047 3235; x_wconf 84' lang='lat' dir='ltr'><strong>Eunomia.</strong></span> 
     </span>
    </p>
   </div>
   <div class='ocr_carea' id='block_1_74' title="bbox 2009 3311 3510 3385">
    <p class='ocr_par' dir='ltr' id='par_1_74' title="bbox 2009 3311 3510 3385">
     <span class='ocr_line' id='line_1_74' title="bbox 2009 3311 3510 3385; baseline 0.002 -18"><span class='ocrx_word' id='word_1_544' title='bbox 2009 3311 2117 3369; x_wconf 91' lang='lat' dir='ltr'><strong>Sed</strong></span> <span class='ocrx_word' id='word_1_545' title='bbox 2148 3327 2254 3384; x_wconf 92' lang='lat' dir='ltr'><strong>quo</strong></span> <span class='ocrx_word' id='word_1_546' title='bbox 2279 3323 2458 3381; x_wconf 87' lang='lat' dir='ltr'><strong>pacto,</strong></span> <span class='ocrx_word' id='word_1_547' title='bbox 2495 3314 2696 3385; x_wconf 88' lang='lat' dir='ltr'><strong>inquit,</strong></span> <span class='ocrx_word' id='word_1_548' title='bbox 2726 3314 2833 3371; x_wconf 91' lang='lat' dir='ltr'><strong>erit</strong></span> <span class='ocrx_word' id='word_1_549' title='bbox 2862 3314 3341 3371; x_wconf 79' lang='lat' dir='ltr'><strong>consubstantialis</strong></span> <span class='ocrx_word' id='word_1_550' title='bbox 3364 3314 3510 3370; x_wconf 85' lang='lat' dir='ltr'><strong>Patri</strong></span> 
     </span>
    </p>
   </div>
   <div class='ocr_carea' id='block_1_75' title="bbox 1935 3403 3508 3474">
    <p class='ocr_par' dir='ltr' id='par_1_75' title="bbox 1935 3403 3508 3474">
     <span class='ocr_line' id='line_1_75' title="bbox 1935 3403 3508 3474; baseline 0.003 -17"><span class='ocrx_word' id='word_1_551' title='bbox 1935 3403 2125 3470; x_wconf 90' lang='lat' dir='ltr'><strong>Filius,</strong></span> <span class='ocrx_word' id='word_1_552' title='bbox 2170 3421 2293 3459; x_wconf 91' lang='lat' dir='ltr'><strong>cum</strong></span> <span class='ocrx_word' id='word_1_553' title='bbox 2345 3405 2503 3460; x_wconf 87' lang='lat' dir='ltr'><strong>Pater</strong></span> <span class='ocrx_word' id='word_1_554' title='bbox 2548 3406 2597 3461; x_wconf 91' lang='lat' dir='ltr'><strong>ei</strong></span> <span class='ocrx_word' id='word_1_555' title='bbox 2649 3421 2813 3462; x_wconf 89' lang='lat' dir='ltr'><strong>causa</strong></span> <span class='ocrx_word' id='word_1_556' title='bbox 2866 3408 3162 3462; x_wconf 78' lang='lat' dir='ltr'><strong>exsistendi</strong></span> <span class='ocrx_word' id='word_1_557' title='bbox 3212 3407 3326 3462; x_wconf 88' lang='lat' dir='ltr'><strong>sit?</strong></span> <span class='ocrx_word' id='word_1_558' title='bbox 3356 3408 3508 3474; x_wconf 75' lang='lat' dir='ltr'><strong>Quod</strong></span> 
     </span>
    </p>
   </div>
   <div class='ocr_carea' id='block_1_76' title="bbox 1934 3494 3510 3567">
    <p class='ocr_par' dir='ltr' id='par_1_76' title="bbox 1934 3494 3510 3567">
     <span class='ocr_line' id='line_1_76' title="bbox 1934 3494 3510 3567; baseline 0.004 -22"><span class='ocrx_word' id='word_1_559' title='bbox 1934 3494 2150 3562; x_wconf 84' lang='lat' dir='ltr'><strong>quidem</strong></span> <span class='ocrx_word' id='word_1_560' title='bbox 2190 3494 2257 3549; x_wconf 87' lang='lat' dir='ltr'><strong>de</strong></span> <span class='ocrx_word' id='word_1_561' title='bbox 2287 3494 2449 3550; x_wconf 77' lang='lat' dir='ltr'><strong>Patre</strong></span> <span class='ocrx_word' id='word_1_562' title='bbox 2483 3496 2589 3550; x_wconf 89' lang='lat' dir='ltr'><strong>dici</strong></span> <span class='ocrx_word' id='word_1_563' title='bbox 2641 3511 2745 3551; x_wconf 92' lang='lat' dir='ltr'><strong>non</strong></span> <span class='ocrx_word' id='word_1_564' title='bbox 2782 3504 2981 3565; x_wconf 91' lang='lat' dir='ltr'><strong>potest.</strong></span> <span class='ocrx_word' id='word_1_565' title='bbox 3027 3494 3213 3567; x_wconf 86' lang='lat' dir='ltr'><strong>Neque</strong></span> <span class='ocrx_word' id='word_1_566' title='bbox 3251 3498 3392 3551; x_wconf 88' lang='lat' dir='ltr'><strong>enim</strong></span> <span class='ocrx_word' id='word_1_567' title='bbox 3426 3508 3510 3552; x_wconf 76' lang='lat' dir='ltr'><strong>est</strong></span> 
     </span>
    </p>
   </div>
   <div class='ocr_carea' id='block_1_77' title="bbox 1932 3584 3511 3654">
    <p class='ocr_par' dir='ltr' id='par_1_77' title="bbox 1932 3584 3511 3654">
     <span class='ocr_line' id='line_1_77' title="bbox 1932 3584 3511 3654; baseline 0.004 -18"><span class='ocrx_word' id='word_1_568' title='bbox 1932 3596 1997 3637; x_wconf 83' lang='lat' dir='ltr'><strong>ex</strong></span> <span class='ocrx_word' id='word_1_569' title='bbox 2046 3584 2223 3652; x_wconf 87' lang='lat' dir='ltr'><strong>aliqua</strong></span> <span class='ocrx_word' id='word_1_570' title='bbox 2274 3600 2460 3650; x_wconf 88' lang='lat' dir='ltr'><strong>causa,</strong></span> <span class='ocrx_word' id='word_1_571' title='bbox 2505 3585 2651 3654; x_wconf 83' lang='lat' dir='ltr'><strong>quod</strong></span> <span class='ocrx_word' id='word_1_572' title='bbox 2700 3594 2869 3641; x_wconf 90' lang='lat' dir='ltr'><strong>certe.</strong></span> <span class='ocrx_word' id='word_1_573' title='bbox 2923 3594 2981 3640; x_wconf 92' lang='lat' dir='ltr'><strong>ut</strong></span> <span class='ocrx_word' id='word_1_574' title='bbox 3023 3585 3281 3651; x_wconf 83' lang='lat' dir='ltr'><strong>arbitror,</strong></span> <span class='ocrx_word' id='word_1_575' title='bbox 3320 3600 3511 3643; x_wconf 79' lang='lat' dir='ltr'><strong>onnns</strong></span> 
     </span>
    </p>
   </div>
   <div class='ocr_carea' id='block_1_78' title="bbox 1935 3675 2635 3731">
    <p class='ocr_par' dir='ltr' id='par_1_78' title="bbox 1935 3675 2635 3731">
     <span class='ocr_line' id='line_1_78' title="bbox 1935 3675 2635 3731; baseline 0.006 -4"><span class='ocrx_word' id='word_1_576' title='bbox 1935 3689 2119 3729; x_wconf 86' lang='lat' dir='ltr'><strong>verum</strong></span> <span class='ocrx_word' id='word_1_577' title='bbox 2149 3690 2271 3731; x_wconf 86' lang='lat' dir='ltr'><strong>esse</strong></span> <span class='ocrx_word' id='word_1_578' title='bbox 2300 3675 2635 3731; x_wconf 80' lang='lat' dir='ltr'><strong>fatebuntur.</strong></span> 
     </span>
    </p>
   </div>
   <div class='ocr_carea' id='block_1_79' title="bbox 2424 3788 2991 3861">
    <p class='ocr_par' dir='ltr' id='par_1_79' title="bbox 2424 3788 2991 3861">
     <span class='ocr_line' id='line_1_79' title="bbox 2424 3788 2991 3861; baseline 0 -16"><span class='ocrx_word' id='word_1_579' title='bbox 2424 3788 2635 3845; x_wconf 79' lang='lat' dir='ltr'><strong>Salutio</strong></span> <span class='ocrx_word' id='word_1_580' title='bbox 2685 3790 2991 3861; x_wconf 79' lang='lat' dir='ltr'><strong>objectionis</strong></span> 
     </span>
    </p>
   </div>
   <div class='ocr_carea' id='block_1_80' title="bbox 2003 3900 3506 3974">
    <p class='ocr_par' dir='ltr' id='par_1_80' title="bbox 2003 3900 3506 3974">
     <span class='ocr_line' id='line_1_80' title="bbox 2003 3900 3506 3974; baseline 0.002 -18"><span class='ocrx_word' id='word_1_581' title='bbox 2003 3900 2196 3957; x_wconf 83' lang='lat' dir='ltr'><strong>Merito</strong></span> <span class='ocrx_word' id='word_1_582' title='bbox 2228 3910 2373 3957; x_wconf 88' lang='lat' dir='ltr'><strong>certe</strong></span> <span class='ocrx_word' id='word_1_583' title='bbox 2407 3901 2530 3973; x_wconf 88' lang='lat' dir='ltr'><strong>quis</strong></span> <span class='ocrx_word' id='word_1_584' title='bbox 2565 3917 2752 3957; x_wconf 89' lang='lat' dir='ltr'><strong>eorum</strong></span> <span class='ocrx_word' id='word_1_585' title='bbox 2794 3902 3117 3974; x_wconf 84' lang='lat' dir='ltr'><strong>imperitiam</strong></span> <span class='ocrx_word' id='word_1_586' title='bbox 3147 3903 3386 3969; x_wconf 91' lang='lat' dir='ltr'><strong>damnet,</strong></span> <span class='ocrx_word' id='word_1_587' title='bbox 3415 3905 3506 3973; x_wconf 89' lang='lat' dir='ltr'><strong>qui</strong></span> 
     </span>
    </p>
   </div>
   <div class='ocr_carea' id='block_1_81' title="bbox 1928 3993 3499 4065">
    <p class='ocr_par' dir='ltr' id='par_1_81' title="bbox 1928 3993 3499 4065">
     <span class='ocr_line' id='line_1_81' title="bbox 1928 3993 3499 4065; baseline -0.001 -15"><span class='ocrx_word' id='word_1_588' title='bbox 1928 3993 2191 4065; x_wconf 85' lang='lat' dir='ltr'><strong>ejusmodi</strong></span> <span class='ocrx_word' id='word_1_589' title='bbox 2235 3996 2435 4049; x_wconf 80' lang='lat' dir='ltr'><strong>audent</strong></span> <span class='ocrx_word' id='word_1_590' title='bbox 2475 3994 2677 4051; x_wconf 90' lang='lat' dir='ltr'><strong>dicere.</strong></span> <span class='ocrx_word' id='word_1_591' title='bbox 2716 3995 2912 4050; x_wconf 85' lang='lat' dir='ltr'><strong>Filium</strong></span> <span class='ocrx_word' id='word_1_592' title='bbox 2955 3996 3101 4051; x_wconf 92' lang='lat' dir='ltr'><strong>enim</strong></span> <span class='ocrx_word' id='word_1_593' title='bbox 3136 4012 3258 4051; x_wconf 92' lang='lat' dir='ltr'><strong>cum</strong></span> <span class='ocrx_word' id='word_1_594' title='bbox 3290 3997 3499 4061; x_wconf 85' lang='lat' dir='ltr'><strong>dicunt,</strong></span> 
     </span>
    </p>
   </div>
   <div class='ocr_carea' id='block_1_82' title="bbox 1929 4086 3506 4155">
    <p class='ocr_par' dir='ltr' id='par_1_82' title="bbox 1929 4086 3506 4155">
     <span class='ocr_line' id='line_1_82' title="bbox 1929 4086 3506 4155; baseline 0.001 -14"><span class='ocrx_word' id='word_1_595' title='bbox 1929 4086 2448 4142; x_wconf 83' lang='lat' dir='ltr'><strong>consubstantialem</strong></span> <span class='ocrx_word' id='word_1_596' title='bbox 2494 4101 2616 4141; x_wconf 90' lang='lat' dir='ltr'><strong>esse</strong></span> <span class='ocrx_word' id='word_1_597' title='bbox 2664 4096 2885 4155; x_wconf 87' lang='lat' dir='ltr'><strong>negant,</strong></span> <span class='ocrx_word' id='word_1_598' title='bbox 2942 4103 3048 4141; x_wconf 89' lang='lat' dir='ltr'><strong>non</strong></span> <span class='ocrx_word' id='word_1_599' title='bbox 3106 4087 3404 4143; x_wconf 83' lang='lat' dir='ltr'><strong>sentientes</strong></span> <span class='ocrx_word' id='word_1_600' title='bbox 3452 4090 3506 4142; x_wconf 93' lang='lat' dir='ltr'><strong>in</strong></span> 
     </span>
    </p>
   </div>
   <div class='ocr_carea' id='block_1_83' title="bbox 1929 4176 3506 4251">
    <p class='ocr_par' dir='ltr' id='par_1_83' title="bbox 1929 4176 3506 4251">
     <span class='ocr_line' id='line_1_83' title="bbox 1929 4176 3506 4251; baseline 0.001 -19"><span class='ocrx_word' id='word_1_601' title='bbox 1929 4195 2090 4251; x_wconf 89' lang='lat' dir='ltr'><strong>quam</strong></span> <span class='ocrx_word' id='word_1_602' title='bbox 2121 4178 2511 4234; x_wconf 89' lang='lat' dir='ltr'><strong>absurditatem</strong></span> <span class='ocrx_word' id='word_1_603' title='bbox 2546 4177 2818 4233; x_wconf 87' lang='lat' dir='ltr'><strong>labantur.</strong></span> <span class='ocrx_word' id='word_1_604' title='bbox 2853 4177 2910 4233; x_wconf 91' lang='lat' dir='ltr'><strong>Si</strong></span> <span class='ocrx_word' id='word_1_605' title='bbox 2944 4178 3088 4233; x_wconf 89' lang='lat' dir='ltr'><strong>enim</strong></span> <span class='ocrx_word' id='word_1_606' title='bbox 3112 4176 3283 4233; x_wconf 79' lang='lat' dir='ltr'><strong>Filius</strong></span> <span class='ocrx_word' id='word_1_607' title='bbox 3307 4188 3412 4243; x_wconf 91' lang='lat' dir='ltr'><strong>est,</strong></span> <span class='ocrx_word' id='word_1_608' title='bbox 3446 4188 3506 4234; x_wconf 93' lang='lat' dir='ltr'><strong>ut</strong></span> 
     </span>
    </p>
   </div>
   <div class='ocr_carea' id='block_1_84' title="bbox 1932 4269 3503 4340">
    <p class='ocr_par' dir='ltr' id='par_1_84' title="bbox 1932 4269 3503 4340">
     <span class='ocr_line' id='line_1_84' title="bbox 1932 4269 3503 4340; baseline 0.001 -16"><span class='ocrx_word' id='word_1_609' title='bbox 1932 4270 2179 4340; x_wconf 79' lang='lat' dir='ltr'><strong>profecto</strong></span> <span class='ocrx_word' id='word_1_610' title='bbox 2214 4279 2320 4336; x_wconf 86' lang='lat' dir='ltr'><strong>est,</strong></span> <span class='ocrx_word' id='word_1_611' title='bbox 2362 4271 2468 4325; x_wconf 90' lang='lat' dir='ltr'><strong>erit</strong></span> <span class='ocrx_word' id='word_1_612' title='bbox 2500 4270 2721 4324; x_wconf 84' lang='lat' dir='ltr'><strong>omnino</strong></span> <span class='ocrx_word' id='word_1_613' title='bbox 2747 4269 2987 4340; x_wconf 85' lang='lat' dir='ltr'><strong>ejusdem</strong></span> <span class='ocrx_word' id='word_1_614' title='bbox 3032 4269 3348 4325; x_wconf 71' lang='lat' dir='ltr'><strong>substantize</strong></span> <span class='ocrx_word' id='word_1_615' title='bbox 3381 4286 3503 4326; x_wconf 92' lang='lat' dir='ltr'><strong>cum</strong></span> 
     </span>
    </p>
   </div>
   <div class='ocr_carea' id='block_1_85' title="bbox 1928 4358 3503 4424">
    <p class='ocr_par' dir='ltr' id='par_1_85' title="bbox 1928 4358 3503 4424">
     <span class='ocr_line' id='line_1_85' title="bbox 1928 4358 3503 4424; baseline -0.003 -8"><span class='ocrx_word' id='word_1_616' title='bbox 1928 4360 2205 4417; x_wconf 87' lang='lat' dir='ltr'><strong>Genitore.</strong></span> <span class='ocrx_word' id='word_1_617' title='bbox 2245 4360 2302 4415; x_wconf 91' lang='lat' dir='ltr'><strong>Si</strong></span> <span class='ocrx_word' id='word_1_618' title='bbox 2350 4375 2477 4415; x_wconf 82' lang='lat' dir='ltr'><strong>vero</strong></span> <span class='ocrx_word' id='word_1_619' title='bbox 2517 4358 2690 4414; x_wconf 82' lang='lat' dir='ltr'><strong>Filius</strong></span> <span class='ocrx_word' id='word_1_620' title='bbox 2736 4374 2841 4413; x_wconf 89' lang='lat' dir='ltr'><strong>non</strong></span> <span class='ocrx_word' id='word_1_621' title='bbox 2887 4367 2991 4424; x_wconf 85' lang='lat' dir='ltr'><strong>est,</strong></span> <span class='ocrx_word' id='word_1_622' title='bbox 3047 4360 3341 4414; x_wconf 81' lang='lat' dir='ltr'><strong>secundum</strong></span> <span class='ocrx_word' id='word_1_623' title='bbox 3387 4375 3503 4424; x_wconf 82' lang='lat' dir='ltr'><strong>vos.</strong></span> 
     </span>
    </p>
   </div>
   <div class='ocr_carea' id='block_1_86' title="bbox 252 4450 1830 4533">
    <p class='ocr_par' dir='ltr' id='par_1_86' title="bbox 252 4460 1823 4533">
     <span class='ocr_line' id='line_1_86' title="bbox 252 4460 1823 4533; baseline -0.001 -19"><span class='ocrx_word' id='word_1_624' title='bbox 252 4460 375 4515; x_wconf 84' lang='grc' dir='ltr'>καθ’</span> <span class='ocrx_word' id='word_1_625' title='bbox 408 4462 572 4533; x_wconf 79' lang='grc' dir='ltr'>ὑμᾶς,</span> <span class='ocrx_word' id='word_1_626' title='bbox 601 4460 810 4525; x_wconf 78' lang='grc' dir='ltr'>δείξατε</span> <span class='ocrx_word' id='word_1_627' title='bbox 835 4463 1047 4533; x_wconf 82' lang='grc' dir='ltr'>γυμνὴν</span> <span class='ocrx_word' id='word_1_628' title='bbox 1087 4462 1295 4516; x_wconf 84' lang='grc' dir='ltr'>ἑαυτῶν</span> <span class='ocrx_word' id='word_1_629' title='bbox 1316 4462 1416 4533; x_wconf 84' lang='grc' dir='ltr'>τὴν</span> <span class='ocrx_word' id='word_1_630' title='bbox 1452 4461 1823 4533; x_wconf 82' lang='grc' dir='ltr'>βλασφημίαν,</span> 
     </span>
    </p>
   </div>
   <div class='ocr_carea' id='block_1_87' title="bbox 1942 4450 3507 4533">
    <p class='ocr_par' dir='ltr' id='par_1_87' title="bbox 1942 4450 3507 4520">
     <span class='ocr_line' id='line_1_87' title="bbox 1942 4450 3507 4520; baseline 0.001 -14"><span class='ocrx_word' id='word_1_631' title='bbox 1942 4455 2130 4508; x_wconf 79' lang='lat' dir='ltr'><strong>nudam</strong></span> <span class='ocrx_word' id='word_1_632' title='bbox 2175 4461 2413 4507; x_wconf 84' lang='lat' dir='ltr'><strong>vestram</strong></span> <span class='ocrx_word' id='word_1_633' title='bbox 2468 4451 2857 4519; x_wconf 83' lang='lat' dir='ltr'><strong>blasphemiam</strong></span> <span class='ocrx_word' id='word_1_634' title='bbox 2894 4450 3202 4520; x_wconf 80' lang='lat' dir='ltr'><strong>patefacite,</strong></span> <span class='ocrx_word' id='word_1_635' title='bbox 3255 4459 3312 4506; x_wconf 90' lang='lat' dir='ltr'><strong>et</strong></span> <span class='ocrx_word' id='word_1_636' title='bbox 3346 4452 3507 4507; x_wconf 86' lang='lat' dir='ltr'><strong>dicite</strong></span> 
     </span>
    </p>
   </div>
   <div class='ocr_carea' id='block_1_88' title="bbox 249 4548 1823 4625">
    <p class='ocr_par' dir='ltr' id='par_1_88' title="bbox 249 4548 1823 4625">
     <span class='ocr_line' id='line_1_88' title="bbox 249 4548 1823 4625; baseline -0.001 -19"><span class='ocrx_word' id='word_1_637' title='bbox 249 4552 345 4606; x_wconf 78' lang='grc' dir='ltr'><strong>καὶ</strong></span> <span class='ocrx_word' id='word_1_638' title='bbox 368 4552 556 4620; x_wconf 84' lang='grc' dir='ltr'>λέγετε</span> <span class='ocrx_word' id='word_1_639' title='bbox 586 4554 798 4624; x_wconf 82' lang='grc' dir='ltr'>ποίημα</span> <span class='ocrx_word' id='word_1_640' title='bbox 830 4549 989 4613; x_wconf 75' lang='grc' dir='ltr'>εἶναι,</span> <span class='ocrx_word' id='word_1_641' title='bbox 1027 4554 1114 4606; x_wconf 81' lang='grc' dir='ltr'>ἵνα</span> <span class='ocrx_word' id='word_1_642' title='bbox 1144 4553 1277 4624; x_wconf 85' lang='grc' dir='ltr'>μηδὲ</span> <span class='ocrx_word' id='word_1_643' title='bbox 1310 4554 1594 4623; x_wconf 78' lang='grc' dir='ltr'>ὁμοοὺσιος</span> <span class='ocrx_word' id='word_1_644' title='bbox 1712 4553 1823 4605; x_wconf 74' lang='grc' dir='ltr'><strong>Καὶ</strong></span> 
     </span>
    </p>
   </div>
   <div class='ocr_carea' id='block_1_89' title="bbox 249 4644 1824 4718">
    <p class='ocr_par' dir='ltr' id='par_1_89' title="bbox 249 4644 1824 4718">
     <span class='ocr_line' id='line_1_89' title="bbox 249 4644 1824 4718; baseline -0.001 -18"><span class='ocrx_word' id='word_1_645' title='bbox 249 4647 371 4700; x_wconf 81' lang='grc' dir='ltr'>τότε</span> <span class='ocrx_word' id='word_1_646' title='bbox 399 4646 746 4718; x_wconf 78' lang='grc' dir='ltr'>δειχθήσεσθε</span> <span class='ocrx_word' id='word_1_647' title='bbox 779 4647 980 4710; x_wconf 84' lang='grc' dir='ltr'>πάσαις</span> <span class='ocrx_word' id='word_1_648' title='bbox 1005 4644 1300 4716; x_wconf 85' lang='grc' dir='ltr'>μαχόμενοι</span> <span class='ocrx_word' id='word_1_649' title='bbox 1332 4646 1453 4708; x_wconf 81' lang='grc' dir='ltr'>ταῖς</span> <span class='ocrx_word' id='word_1_650' title='bbox 1483 4644 1655 4707; x_wconf 89' lang='grc' dir='ltr'>θείαις</span> <span class='ocrx_word' id='word_1_651' title='bbox 1680 4645 1824 4713; x_wconf 82' lang='grc' dir='ltr'>Γρα-</span> 
     </span>
    </p>
   </div>
   <div class='ocr_carea' id='block_1_90' title="bbox 251 4737 1715 4809">
    <p class='ocr_par' dir='ltr' id='par_1_90' title="bbox 251 4737 1715 4809">
     <span class='ocr_line' id='line_1_90' title="bbox 251 4737 1715 4809; baseline -0.001 -18"><span class='ocrx_word' id='word_1_652' title='bbox 251 4741 397 4808; x_wconf 84' lang='grc' dir='ltr'><strong>φαίς.</strong></span> <span class='ocrx_word' id='word_1_653' title='bbox 429 4739 555 4793; x_wconf 76' lang='grc' dir='ltr'><strong>Υἱὸν</strong></span> <span class='ocrx_word' id='word_1_654' title='bbox 582 4739 690 4809; x_wconf 75' lang='grc' dir='ltr'><strong>γὰρ</strong></span> <span class='ocrx_word' id='word_1_655' title='bbox 713 4738 928 4807; x_wconf 82' lang='grc' dir='ltr'>λέγουσι</span> <span class='ocrx_word' id='word_1_656' title='bbox 956 4738 1049 4792; x_wconf 82' lang='grc' dir='ltr'>τὸν</span> <span class='ocrx_word' id='word_1_657' title='bbox 1080 4738 1229 4799; x_wconf 80' lang='grc' dir='ltr'>Υἱδν,</span> <span class='ocrx_word' id='word_1_658' title='bbox 1265 4740 1360 4792; x_wconf 80' lang='grc' dir='ltr'><strong>καί</strong></span> <span class='ocrx_word' id='word_1_659' title='bbox 1396 4737 1458 4791; x_wconf 78' lang='grc' dir='ltr'>οὐ</span> <span class='ocrx_word' id='word_1_660' title='bbox 1483 4737 1715 4808; x_wconf 86' lang='grc' dir='ltr'>ποίημα.</span> 
     </span>
    </p>
   </div>
   <div class='ocr_carea' id='block_1_91' title="bbox 932 4937 1115 4990">
    <p class='ocr_par' dir='ltr' id='par_1_91' title="bbox 932 4937 1115 4990">
     <span class='ocr_line' id='line_1_91' title="bbox 932 4937 1115 4990; baseline -0.005 0"><span class='ocrx_word' id='word_1_661' title='bbox 932 4937 1115 4990; x_wconf 77' lang='grc' dir='ltr'><strong>ΑΛΛΟ</strong></span> 
     </span>
    </p>
   </div>
   <div class='ocr_carea' id='block_1_92' title="bbox 318 5045 1814 5125">
    <p class='ocr_par' dir='ltr' id='par_1_92' title="bbox 318 5045 1814 5125">
     <span class='ocr_line' id='line_1_92' title="bbox 318 5045 1814 5125; baseline -0.003 -17"><span class='ocrx_word' id='word_1_662' title='bbox 318 5055 498 5108; x_wconf 81' lang='grc' dir='ltr'>Δίτιον</span> <span class='ocrx_word' id='word_1_663' title='bbox 536 5052 865 5125; x_wconf 75' lang='grc' dir='ltr'>γεγενῆσθαι</span> <span class='ocrx_word' id='word_1_664' title='bbox 895 5049 991 5104; x_wconf 82' lang='grc' dir='ltr'><strong>τοῦ</strong></span> <span class='ocrx_word' id='word_1_665' title='bbox 1030 5045 1167 5104; x_wconf 83' lang='grc' dir='ltr'>εἶναι</span> <span class='ocrx_word' id='word_1_666' title='bbox 1216 5048 1293 5120; x_wconf 79' lang='grc' dir='ltr'>τῷ</span> <span class='ocrx_word' id='word_1_667' title='bbox 1321 5048 1435 5121; x_wconf 53' lang='lat' dir='ltr'><strong>Tit}:</strong></span> <span class='ocrx_word' id='word_1_668' title='bbox 1478 5048 1569 5103; x_wconf 81' lang='grc' dir='ltr'><strong>τὸν</strong></span> <span class='ocrx_word' id='word_1_669' title='bbox 1600 5048 1814 5119; x_wconf 83' lang='grc' dir='ltr'>Πατέρα</span> 
     </span>
    </p>
   </div>
   <div class='ocr_carea' id='block_1_93' title="bbox 246 5136 1819 5216">
    <p class='ocr_par' dir='ltr' id='par_1_93' title="bbox 246 5136 1819 5216">
     <span class='ocr_line' id='line_1_93' title="bbox 246 5136 1819 5216; baseline -0.005 -16"><span class='ocrx_word' id='word_1_670' title='bbox 246 5145 405 5216; x_wconf 74' lang='grc' dir='ltr'>φατὲ,</span> <span class='ocrx_word' id='word_1_671' title='bbox 438 5145 576 5199; x_wconf 81' lang='grc' dir='ltr'>κατὰ</span> <span class='ocrx_word' id='word_1_672' title='bbox 601 5145 720 5197; x_wconf 89' lang='grc' dir='ltr'>τίνα</span> <span class='ocrx_word' id='word_1_673' title='bbox 750 5143 969 5215; x_wconf 84' lang='grc' dir='ltr'>τρόπον,</span> <span class='ocrx_word' id='word_1_674' title='bbox 999 5136 1044 5195; x_wconf 78' lang='grc' dir='ltr'><strong>ὦ</strong></span> <span class='ocrx_word' id='word_1_675' title='bbox 1064 5141 1419 5215; x_wconf 82' lang='grc' dir='ltr'>χριστομάχοι</span> <span class='ocrx_word' id='word_1_676' title='bbox 1444 5156 1459 5203; x_wconf 90' lang='lat'><strong>;</strong></span> <span class='ocrx_word' id='word_1_677' title='bbox 1489 5141 1552 5194; x_wconf 84' lang='lat' dir='ltr'><strong>Ei</strong></span> <span class='ocrx_word' id='word_1_678' title='bbox 1594 5138 1692 5210; x_wconf 84' lang='grc' dir='ltr'>μὲν</span> <span class='ocrx_word' id='word_1_679' title='bbox 1724 5136 1819 5193; x_wconf 82' lang='grc' dir='ltr'>οὖν</span> 
     </span>
    </p>
   </div>
   <div class='ocr_carea' id='block_1_94' title="bbox 242 5230 1817 5307">
    <p class='ocr_par' dir='ltr' id='par_1_94' title="bbox 242 5230 1817 5307">
     <span class='ocr_line' id='line_1_94' title="bbox 242 5230 1817 5307; baseline -0.004 -18"><span class='ocrx_word' id='word_1_680' title='bbox 242 5237 323 5299; x_wconf 83' lang='grc' dir='ltr'><strong>ὡς</strong></span> <span class='ocrx_word' id='word_1_681' title='bbox 353 5235 684 5307; x_wconf 82' lang='grc' dir='ltr'>δημιουργόν</span> <span class='ocrx_word' id='word_1_682' title='bbox 733 5252 853 5287; x_wconf 89' lang='grc' dir='ltr'>τινα</span> <span class='ocrx_word' id='word_1_683' title='bbox 907 5233 1118 5304; x_wconf 87' lang='grc' dir='ltr'>ποίημα</span> <span class='ocrx_word' id='word_1_684' title='bbox 1171 5230 1527 5300; x_wconf 78' lang='grc' dir='ltr'>φαντάζεσθε,</span> <span class='ocrx_word' id='word_1_685' title='bbox 1580 5232 1676 5284; x_wconf 73' lang='grc' dir='ltr'>καὶ</span> <span class='ocrx_word' id='word_1_686' title='bbox 1720 5232 1817 5300; x_wconf 84' lang='grc' dir='ltr'><strong>οὑχ</strong></span> 
     </span>
    </p>
   </div>
   <div class='ocr_carea' id='block_1_95' title="bbox 243 5322 1818 5398">
    <p class='ocr_par' dir='ltr' id='par_1_95' title="bbox 243 5322 1818 5398">
     <span class='ocr_line' id='line_1_95' title="bbox 243 5322 1818 5398; baseline -0.004 -18"><span class='ocrx_word' id='word_1_687' title='bbox 243 5326 397 5389; x_wconf 81' lang='grc' dir='ltr'>Υίδν,</span> <span class='ocrx_word' id='word_1_688' title='bbox 423 5327 518 5381; x_wconf 79' lang='grc' dir='ltr'><strong>καὶ</strong></span> <span class='ocrx_word' id='word_1_689' title='bbox 550 5325 850 5398; x_wconf 73' lang='grc' dir='ltr'>διαρρήδην</span> <span class='ocrx_word' id='word_1_690' title='bbox 886 5324 1121 5396; x_wconf 88' lang='grc' dir='ltr'>μάχεσθε</span> <span class='ocrx_word' id='word_1_691' title='bbox 1144 5323 1221 5393; x_wconf 85' lang='grc' dir='ltr'>τῷ</span> <span class='ocrx_word' id='word_1_692' title='bbox 1245 5324 1418 5394; x_wconf 78' lang='grc' dir='ltr'>Πατρὶ</span> <span class='ocrx_word' id='word_1_693' title='bbox 1448 5322 1660 5391; x_wconf 84' lang='grc' dir='ltr'>λέγοντι</span> <span class='ocrx_word' id='word_1_694' title='bbox 1690 5322 1818 5393; x_wconf 78' lang='grc' dir='ltr'>περὶ</span> 
     </span>
    </p>
   </div>
   <div class='ocr_carea' id='block_1_96' title="bbox 242 5415 1816 5490">
    <p class='ocr_par' dir='ltr' id='par_1_96' title="bbox 242 5415 1816 5490">
     <span class='ocr_line' id='line_1_96' title="bbox 242 5415 1816 5490; baseline -0.003 -18"><span class='ocrx_word' id='word_1_695' title='bbox 242 5418 340 5473; x_wconf 84' lang='grc' dir='ltr'>τοῦ</span> <span class='ocrx_word' id='word_1_696' title='bbox 376 5418 503 5472; x_wconf 87' lang='grc' dir='ltr'>ἰδίου</span> <span class='ocrx_word' id='word_1_697' title='bbox 535 5420 900 5490; x_wconf 76' lang='grc' dir='ltr'>γεννήματοςο</span> <span class='ocrx_word' id='word_1_698' title='bbox 947 5438 965 5469; x_wconf 72' lang='grc' dir='ltr'><strong>ι</strong></span> <span class='ocrx_word' id='word_1_699' title='bbox 990 5418 1085 5471; x_wconf 86' lang='grc' dir='ltr'><strong>Ἐκ</strong></span> <span class='ocrx_word' id='word_1_700' title='bbox 1105 5416 1343 5489; x_wconf 81' lang='grc' dir='ltr'>γαστρὸς</span> <span class='ocrx_word' id='word_1_701' title='bbox 1391 5416 1497 5486; x_wconf 72' lang='grc' dir='ltr'><strong>πρὸ</strong></span> <span class='ocrx_word' id='word_1_702' title='bbox 1538 5415 1816 5487; x_wconf 76' lang='grc' dir='ltr'>ἐωσφόρου</span> 
     </span>
    </p>
   </div>
   <div class='ocr_carea' id='block_1_97' title="bbox 243 5509 1816 5582">
    <p class='ocr_par' dir='ltr' id='par_1_97' title="bbox 243 5509 1816 5582">
     <span class='ocr_line' id='line_1_97' title="bbox 243 5509 1816 5582; baseline -0.003 -16"><span class='ocrx_word' id='word_1_703' title='bbox 243 5512 571 5582; x_wconf 79' lang='grc' dir='ltr'>ὲξεγέννησά</span> <span class='ocrx_word' id='word_1_704' title='bbox 611 5527 692 5564; x_wconf 90' lang='grc' dir='ltr'><strong>σε.</strong></span> <span class='ocrx_word' id='word_1_705' title='bbox 725 5529 745 5561; x_wconf 68' lang='grc' dir='ltr'><strong>ι</strong></span> <span class='ocrx_word' id='word_1_706' title='bbox 780 5511 843 5563; x_wconf 86' lang='grc' dir='ltr'>Εἰ</span> <span class='ocrx_word' id='word_1_707' title='bbox 884 5510 941 5563; x_wconf 86' lang='grc' dir='ltr'><strong>δὲ</strong></span> <span class='ocrx_word' id='word_1_708' title='bbox 974 5510 1099 5563; x_wconf 83' lang='grc' dir='ltr'>Υἱδν</span> <span class='ocrx_word' id='word_1_709' title='bbox 1138 5510 1304 5572; x_wconf 78' lang='grc' dir='ltr'>ὅντως</span> <span class='ocrx_word' id='word_1_710' title='bbox 1344 5509 1653 5580; x_wconf 82' lang='grc' dir='ltr'>ὁμολογεῖτε</span> <span class='ocrx_word' id='word_1_711' title='bbox 1674 5549 1689 5573; x_wconf 89' lang='grc'><strong>,</strong></span> <span class='ocrx_word' id='word_1_712' title='bbox 1722 5509 1816 5562; x_wconf 78' lang='grc' dir='ltr'>καὶ</span> 
     </span>
    </p>
   </div>
   <div class='ocr_carea' id='block_1_98' title="bbox 243 5600 1816 5674">
    <p class='ocr_par' dir='ltr' id='par_1_98' title="bbox 243 5600 1816 5674">
     <span class='ocr_line' id='line_1_98' title="bbox 243 5600 1816 5674; baseline -0.003 -15"><span class='ocrx_word' id='word_1_713' title='bbox 243 5603 417 5668; x_wconf 71' lang='grc' dir='ltr'>οὕτως</span> <span class='ocrx_word' id='word_1_714' title='bbox 446 5600 585 5658; x_wconf 78' lang='grc' dir='ltr'>εἶναι</span> <span class='ocrx_word' id='word_1_715' title='bbox 606 5603 909 5668; x_wconf 84' lang='grc' dir='ltr'>πιστεύετε,</span> <span class='ocrx_word' id='word_1_716' title='bbox 949 5603 1160 5673; x_wconf 83' lang='grc' dir='ltr'>ἀνάγκη</span> <span class='ocrx_word' id='word_1_717' title='bbox 1196 5606 1338 5657; x_wconf 70' lang='grc' dir='ltr'>πᾶσι</span> <span class='ocrx_word' id='word_1_718' title='bbox 1358 5602 1434 5674; x_wconf 78' lang='grc' dir='ltr'>μὴ</span> <span class='ocrx_word' id='word_1_719' title='bbox 1459 5602 1535 5666; x_wconf 83' lang='grc' dir='ltr'><strong>ὡς</strong></span> <span class='ocrx_word' id='word_1_720' title='bbox 1550 5603 1816 5673; x_wconf 85' lang='grc' dir='ltr'>δημιουρ-</span> 
     </span>
    </p>
   </div>
   <div class='ocr_carea' id='block_1_99' title="bbox 319 5779 2482 5850">
    <p class='ocr_par' dir='ltr' id='par_1_99' title="bbox 319 5779 2482 5850">
     <span class='ocr_line' id='line_1_99' title="bbox 319 5779 2482 5850; baseline -0.001 -12"><span class='ocrx_word' id='word_1_721' title='bbox 319 5784 360 5813; x_wconf 83' lang='grc'><strong>⁶⁹</strong></span> <span class='ocrx_word' id='word_1_722' title='bbox 393 5782 580 5838; x_wconf 79' lang='lat' dir='ltr'><strong>Matth.</strong></span> <span class='ocrx_word' id='word_1_723' title='bbox 618 5798 752 5849; x_wconf 69' lang='lat' dir='ltr'><strong>un,</strong></span> <span class='ocrx_word' id='word_1_724' title='bbox 782 5782 849 5840; x_wconf 75' lang='lat'><strong>&#39;29</strong></span> <span class='ocrx_word' id='word_1_725' title='bbox 943 5782 961 5811; x_wconf 89' lang='grc'><strong>⁷</strong></span> <span class='ocrx_word' id='word_1_726' title='bbox 999 5780 1137 5838; x_wconf 75' lang='lat' dir='ltr'><strong>l‘sal.</strong></span> <span class='ocrx_word' id='word_1_727' title='bbox 1186 5797 1234 5835; x_wconf 73' lang='grc' dir='ltr'><strong>γ.</strong></span> <span class='ocrx_word' id='word_1_728' title='bbox 1269 5781 1348 5835; x_wconf 74' lang='grc'><strong>12.</strong></span> <span class='ocrx_word' id='word_1_729' title='bbox 1428 5782 1446 5814; x_wconf 79' lang='grc'>⁸</span> <span class='ocrx_word' id='word_1_730' title='bbox 1482 5780 1619 5836; x_wconf 80' lang='lat' dir='ltr'><strong>Psal.</strong></span> <span class='ocrx_word' id='word_1_731' title='bbox 1652 5797 1833 5850; x_wconf 69' lang='lat' dir='ltr'><strong>tum,</strong></span> <span class='ocrx_word' id='word_1_732' title='bbox 1872 5780 1924 5836; x_wconf 91' lang='lat'><strong>6.</strong></span> <span class='ocrx_word' id='word_1_733' title='bbox 2001 5782 2020 5811; x_wconf 87' lang='lat'><strong>’</strong></span> <span class='ocrx_word' id='word_1_734' title='bbox 2054 5779 2208 5836; x_wconf 81' lang='lat' dir='ltr'><strong>Joan.</strong></span> <span class='ocrx_word' id='word_1_735' title='bbox 2240 5796 2352 5847; x_wconf 73' lang='lat' dir='ltr'><strong>vnn,</strong></span> <span class='ocrx_word' id='word_1_736' title='bbox 2395 5780 2482 5836; x_wconf 76' lang='lat'><strong>‘25.</strong></span> 
     </span>
    </p>
   </div>
   <div class='ocr_carea' id='block_1_100' title="bbox 1930 4543 3502 4610">
    <p class='ocr_par' dir='ltr' id='par_1_100' title="bbox 1930 4543 3502 4610">
     <span class='ocr_line' id='line_1_100' title="bbox 1930 4543 3502 4610; baseline -0.001 -10"><span class='ocrx_word' id='word_1_737' title='bbox 1930 4555 2233 4600; x_wconf 88' lang='lat' dir='ltr'><strong>creaturam</strong></span> <span class='ocrx_word' id='word_1_738' title='bbox 2264 4558 2404 4610; x_wconf 86' lang='lat' dir='ltr'><strong>esse,</strong></span> <span class='ocrx_word' id='word_1_739' title='bbox 2430 4553 2488 4598; x_wconf 92' lang='lat' dir='ltr'><strong>ut</strong></span> <span class='ocrx_word' id='word_1_740' title='bbox 2516 4558 2578 4597; x_wconf 89' lang='lat' dir='ltr'><strong>ea</strong></span> <span class='ocrx_word' id='word_1_741' title='bbox 2606 4543 2815 4597; x_wconf 90' lang='lat' dir='ltr'><strong>ratione</strong></span> <span class='ocrx_word' id='word_1_742' title='bbox 2843 4543 3319 4598; x_wconf 85' lang='lat' dir='ltr'><strong>consubstantialis</strong></span> <span class='ocrx_word' id='word_1_743' title='bbox 3339 4544 3502 4598; x_wconf 83' lang='lat' dir='ltr'><strong>etiam</strong></span> 
     </span>
    </p>
   </div>
   <div class='ocr_carea' id='block_1_101' title="bbox 1930 4634 3506 4706">
    <p class='ocr_par' dir='ltr' id='par_1_101' title="bbox 1930 4634 3506 4706">
     <span class='ocr_line' id='line_1_101' title="bbox 1930 4634 3506 4706; baseline 0.001 -17"><span class='ocrx_word' id='word_1_744' title='bbox 1930 4649 2036 4689; x_wconf 91' lang='lat' dir='ltr'><strong>non</strong></span> <span class='ocrx_word' id='word_1_745' title='bbox 2062 4635 2152 4688; x_wconf 85' lang='lat' dir='ltr'><strong>sit.</strong></span> <span class='ocrx_word' id='word_1_746' title='bbox 2174 4635 2249 4689; x_wconf 82' lang='lat' dir='ltr'><strong>Ac</strong></span> <span class='ocrx_word' id='word_1_747' title='bbox 2272 4644 2384 4688; x_wconf 93' lang='lat' dir='ltr'><strong>tum</strong></span> <span class='ocrx_word' id='word_1_748' title='bbox 2413 4634 2680 4689; x_wconf 66' lang='lat' dir='ltr'><strong>universae</strong></span> <span class='ocrx_word' id='word_1_749' title='bbox 2697 4648 2867 4689; x_wconf 70' lang='lat' dir='ltr'><strong>sacrae</strong></span> <span class='ocrx_word' id='word_1_750' title='bbox 2888 4634 3182 4704; x_wconf 72' lang='lat' dir='ltr'><strong>Scriptura:</strong></span> <span class='ocrx_word' id='word_1_751' title='bbox 3205 4649 3506 4706; x_wconf 88' lang='lat' dir='ltr'><strong>repugnare</strong></span> 
     </span>
    </p>
   </div>
   <div class='ocr_carea' id='block_1_102' title="bbox 1927 4726 3502 4794">
    <p class='ocr_par' dir='ltr' id='par_1_102' title="bbox 1927 4726 3502 4794">
     <span class='ocr_line' id='line_1_102' title="bbox 1927 4726 3502 4794; baseline -0.001 -12"><span class='ocrx_word' id='word_1_752' title='bbox 1927 4728 2313 4782; x_wconf 84' lang='lat' dir='ltr'><strong>ostendemini.</strong></span> <span class='ocrx_word' id='word_1_753' title='bbox 2348 4727 2543 4782; x_wconf 90' lang='lat' dir='ltr'><strong>Filium</strong></span> <span class='ocrx_word' id='word_1_754' title='bbox 2571 4728 2715 4783; x_wconf 93' lang='lat' dir='ltr'><strong>enim</strong></span> <span class='ocrx_word' id='word_1_755' title='bbox 2754 4727 3039 4783; x_wconf 87' lang='lat' dir='ltr'><strong>nominant</strong></span> <span class='ocrx_word' id='word_1_756' title='bbox 3068 4726 3287 4794; x_wconf 86' lang='lat' dir='ltr'><strong>Filium,</strong></span> <span class='ocrx_word' id='word_1_757' title='bbox 3314 4738 3369 4783; x_wconf 92' lang='lat' dir='ltr'><strong>et</strong></span> <span class='ocrx_word' id='word_1_758' title='bbox 3398 4743 3502 4782; x_wconf 93' lang='lat' dir='ltr'><strong>non</strong></span> 
     </span>
    </p>
   </div>
   <div class='ocr_carea' id='block_1_103' title="bbox 1928 4828 2256 4875">
    <p class='ocr_par' dir='ltr' id='par_1_103' title="bbox 1928 4828 2256 4875">
     <span class='ocr_line' id='line_1_103' title="bbox 1928 4828 2256 4875; baseline 0.009 -3"><span class='ocrx_word' id='word_1_759' title='bbox 1928 4828 2256 4875; x_wconf 87' lang='lat' dir='ltr'><strong>creaturam.</strong></span> 
     </span>
    </p>
   </div>
   <div class='ocr_carea' id='block_1_104' title="bbox 2592 4932 2822 4991">
    <p class='ocr_par' dir='ltr' id='par_1_104' title="bbox 2592 4932 2822 4991">
     <span class='ocr_line' id='line_1_104' title="bbox 2592 4932 2822 4991; baseline 0.004 -1"><span class='ocrx_word' id='word_1_760' title='bbox 2592 4932 2822 4991; x_wconf 76' lang='lat' dir='ltr'><strong>ALIUD.</strong></span> 
     </span>
    </p>
   </div>
   <div class='ocr_carea' id='block_1_105' title="bbox 1997 5049 3501 5117">
    <p class='ocr_par' dir='ltr' id='par_1_105' title="bbox 1997 5049 3501 5117">
     <span class='ocr_line' id='line_1_105' title="bbox 1997 5049 3501 5117; baseline -0.003 -9"><span class='ocrx_word' id='word_1_761' title='bbox 1997 5051 2186 5108; x_wconf 85' lang='lat' dir='ltr'><strong>Dicitis</strong></span> <span class='ocrx_word' id='word_1_762' title='bbox 2235 5049 2451 5105; x_wconf 84' lang='lat' dir='ltr'><strong>Patrem</strong></span> <span class='ocrx_word' id='word_1_763' title='bbox 2502 5049 2667 5105; x_wconf 80' lang='lat' dir='ltr'><strong>inisse</strong></span> <span class='ocrx_word' id='word_1_764' title='bbox 2718 5051 2856 5106; x_wconf 85' lang='lat' dir='ltr'><strong>Filio</strong></span> <span class='ocrx_word' id='word_1_765' title='bbox 2901 5065 3121 5107; x_wconf 85' lang='lat' dir='ltr'><strong>causam</strong></span> <span class='ocrx_word' id='word_1_766' title='bbox 3170 5049 3501 5117; x_wconf 76' lang='lat' dir='ltr'><strong>exsistendi;</strong></span> 
     </span>
    </p>
   </div>
   <div class='ocr_carea' id='block_1_106' title="bbox 1922 5140 3505 5216">
    <p class='ocr_par' dir='ltr' id='par_1_106' title="bbox 1922 5140 3505 5216">
     <span class='ocr_line' id='line_1_106' title="bbox 1922 5140 3505 5216; baseline -0.003 -16"><span class='ocrx_word' id='word_1_767' title='bbox 1922 5161 2154 5216; x_wconf 87' lang='lat' dir='ltr'><strong>quonam</strong></span> <span class='ocrx_word' id='word_1_768' title='bbox 2190 5160 2321 5201; x_wconf 88' lang='lat' dir='ltr'><strong>vero</strong></span> <span class='ocrx_word' id='word_1_769' title='bbox 2356 5145 2533 5209; x_wconf 89' lang='lat' dir='ltr'><strong>modo,</strong></span> <span class='ocrx_word' id='word_1_770' title='bbox 2579 5159 2613 5198; x_wconf 95' lang='lat' dir='ltr'><strong>o</strong></span> <span class='ocrx_word' id='word_1_771' title='bbox 2640 5143 2842 5199; x_wconf 80' lang='lat' dir='ltr'><strong>Christi</strong></span> <span class='ocrx_word' id='word_1_772' title='bbox 2892 5143 3118 5199; x_wconf 85' lang='lat' dir='ltr'><strong>hostes?</strong></span> <span class='ocrx_word' id='word_1_773' title='bbox 3146 5140 3314 5206; x_wconf 83' lang='lat' dir='ltr'><strong>Nam,</strong></span> <span class='ocrx_word' id='word_1_774' title='bbox 3350 5142 3396 5197; x_wconf 80' lang='lat' dir='ltr'><strong>si</strong></span> <span class='ocrx_word' id='word_1_775' title='bbox 3445 5148 3505 5195; x_wconf 90' lang='lat' dir='ltr'><strong>nt</strong></span> 
     </span>
    </p>
   </div>
   <div class='ocr_carea' id='block_1_107' title="bbox 1928 5235 3499 5304">
    <p class='ocr_par' dir='ltr' id='par_1_107' title="bbox 1928 5235 3499 5304">
     <span class='ocr_line' id='line_1_107' title="bbox 1928 5235 3499 5304; baseline -0.003 -11"><span class='ocrx_word' id='word_1_776' title='bbox 1928 5248 2254 5303; x_wconf 88' lang='lat' dir='ltr'><strong>creatorem,</strong></span> <span class='ocrx_word' id='word_1_777' title='bbox 2280 5236 2393 5304; x_wconf 83' lang='lat' dir='ltr'><strong>jam</strong></span> <span class='ocrx_word' id='word_1_778' title='bbox 2439 5247 2747 5290; x_wconf 88' lang='lat' dir='ltr'><strong>creaturam</strong></span> <span class='ocrx_word' id='word_1_779' title='bbox 2800 5250 2921 5290; x_wconf 89' lang='lat' dir='ltr'><strong>esse</strong></span> <span class='ocrx_word' id='word_1_780' title='bbox 2968 5235 3359 5304; x_wconf 84' lang='lat' dir='ltr'><strong>imaginamini,</strong></span> <span class='ocrx_word' id='word_1_781' title='bbox 3393 5251 3499 5290; x_wconf 85' lang='lat' dir='ltr'><strong>non</strong></span> 
     </span>
    </p>
   </div>
   <div class='ocr_carea' id='block_1_108' title="bbox 1922 5326 3501 5398">
    <p class='ocr_par' dir='ltr' id='par_1_108' title="bbox 1922 5326 3501 5398">
     <span class='ocr_line' id='line_1_108' title="bbox 1922 5326 3501 5398; baseline -0.002 -14"><span class='ocrx_word' id='word_1_782' title='bbox 1922 5329 2138 5392; x_wconf 84' lang='lat' dir='ltr'><strong>Filium,</strong></span> <span class='ocrx_word' id='word_1_783' title='bbox 2174 5338 2229 5383; x_wconf 91' lang='lat' dir='ltr'><strong>et</strong></span> <span class='ocrx_word' id='word_1_784' title='bbox 2260 5327 2550 5384; x_wconf 84' lang='lat' dir='ltr'><strong>manifeste</strong></span> <span class='ocrx_word' id='word_1_785' title='bbox 2589 5328 2732 5382; x_wconf 86' lang='lat' dir='ltr'><strong>Patri</strong></span> <span class='ocrx_word' id='word_1_786' title='bbox 2772 5326 3106 5396; x_wconf 74' lang='lat' dir='ltr'><strong>repugnatis,</strong></span> <span class='ocrx_word' id='word_1_787' title='bbox 3139 5328 3229 5398; x_wconf 93' lang='lat' dir='ltr'><strong>qui</strong></span> <span class='ocrx_word' id='word_1_788' title='bbox 3270 5327 3335 5382; x_wconf 90' lang='lat' dir='ltr'><strong>de</strong></span> <span class='ocrx_word' id='word_1_789' title='bbox 3363 5327 3501 5382; x_wconf 75' lang='lat' dir='ltr'><strong>Filio</strong></span> 
     </span>
    </p>
   </div>
   <div class='ocr_carea' id='block_1_109' title="bbox 1922 5416 3496 5487">
    <p class='ocr_par' dir='ltr' id='par_1_109' title="bbox 1922 5416 3496 5487">
     <span class='ocr_line' id='line_1_109' title="bbox 1922 5416 3496 5487; baseline -0.003 -13"><span class='ocrx_word' id='word_1_790' title='bbox 1922 5434 2021 5474; x_wconf 89' lang='lat' dir='ltr'><strong>suo</strong></span> <span class='ocrx_word' id='word_1_791' title='bbox 2043 5420 2115 5474; x_wconf 89' lang='lat' dir='ltr'><strong>ita</strong></span> <span class='ocrx_word' id='word_1_792' title='bbox 2148 5419 2224 5473; x_wconf 92' lang='lat' dir='ltr'><strong>ait</strong></span> <span class='ocrx_word' id='word_1_793' title='bbox 2256 5437 2268 5473; x_wconf 89' lang='lat'>:</span> <span class='ocrx_word' id='word_1_794' title='bbox 2303 5436 2322 5470; x_wconf 75' lang='grc' dir='ltr'><strong>ι</strong></span> <span class='ocrx_word' id='word_1_795' title='bbox 2360 5419 2436 5473; x_wconf 79' lang='lat' dir='ltr'><strong>Ex</strong></span> <span class='ocrx_word' id='word_1_796' title='bbox 2461 5429 2615 5472; x_wconf 90' lang='lat' dir='ltr'><strong>utero</strong></span> <span class='ocrx_word' id='word_1_797' title='bbox 2641 5427 2767 5472; x_wconf 84' lang='lat' dir='ltr'><strong>ante</strong></span> <span class='ocrx_word' id='word_1_798' title='bbox 2792 5416 3077 5471; x_wconf 76' lang='lat' dir='ltr'><strong>luciferum</strong></span> <span class='ocrx_word' id='word_1_799' title='bbox 3105 5419 3265 5487; x_wconf 91' lang='lat' dir='ltr'><strong>genui</strong></span> <span class='ocrx_word' id='word_1_800' title='bbox 3302 5427 3353 5473; x_wconf 89' lang='lat' dir='ltr'><strong>te</strong></span> <span class='ocrx_word' id='word_1_801' title='bbox 3378 5417 3441 5472; x_wconf 79' lang='lat'><strong>“.</strong></span> <span class='ocrx_word' id='word_1_802' title='bbox 3476 5436 3496 5469; x_wconf 72' lang='grc' dir='ltr'><strong><em>ν</em></strong></span> 
     </span>
    </p>
   </div>
   <div class='ocr_carea' id='block_1_110' title="bbox 1924 5509 3500 5578">
    <p class='ocr_par' dir='ltr' id='par_1_110' title="bbox 1924 5509 3500 5578">
     <span class='ocr_line' id='line_1_110' title="bbox 1924 5509 3500 5578; baseline -0.002 -12"><span class='ocrx_word' id='word_1_803' title='bbox 1924 5511 1982 5566; x_wconf 90' lang='lat' dir='ltr'><strong>Si</strong></span> <span class='ocrx_word' id='word_1_804' title='bbox 2019 5526 2145 5566; x_wconf 86' lang='lat' dir='ltr'><strong>vero</strong></span> <span class='ocrx_word' id='word_1_805' title='bbox 2168 5510 2365 5565; x_wconf 87' lang='lat' dir='ltr'><strong>Filium</strong></span> <span class='ocrx_word' id='word_1_806' title='bbox 2422 5524 2609 5565; x_wconf 90' lang='lat' dir='ltr'><strong>revera</strong></span> <span class='ocrx_word' id='word_1_807' title='bbox 2641 5524 2763 5564; x_wconf 70' lang='lat' dir='ltr'><strong>esse</strong></span> <span class='ocrx_word' id='word_1_808' title='bbox 2793 5509 3058 5574; x_wconf 79' lang='lat' dir='ltr'><strong>fatemini,</strong></span> <span class='ocrx_word' id='word_1_809' title='bbox 3092 5518 3251 5578; x_wconf 85' lang='lat' dir='ltr'><strong>atque</strong></span> <span class='ocrx_word' id='word_1_810' title='bbox 3286 5511 3357 5564; x_wconf 89' lang='lat' dir='ltr'><strong>ita</strong></span> <span class='ocrx_word' id='word_1_811' title='bbox 3382 5525 3500 5563; x_wconf 83' lang='lat' dir='ltr'><strong>esse</strong></span> 
     </span>
    </p>
   </div>
   <div class='ocr_carea' id='block_1_111' title="bbox 1924 5602 3500 5671">
    <p class='ocr_par' dir='ltr' id='par_1_111' title="bbox 1924 5602 3500 5671">
     <span class='ocr_line' id='line_1_111' title="bbox 1924 5602 3500 5671; baseline -0.001 -12"><span class='ocrx_word' id='word_1_812' title='bbox 1924 5602 2169 5667; x_wconf 85' lang='lat' dir='ltr'><strong>creditis,</strong></span> <span class='ocrx_word' id='word_1_813' title='bbox 2200 5603 2566 5657; x_wconf 87' lang='lat' dir='ltr'><strong>necessarium</strong></span> <span class='ocrx_word' id='word_1_814' title='bbox 2600 5602 2758 5671; x_wconf 88' lang='lat' dir='ltr'><strong>plane</strong></span> <span class='ocrx_word' id='word_1_815' title='bbox 2804 5610 2886 5657; x_wconf 90' lang='lat' dir='ltr'><strong>est</strong></span> <span class='ocrx_word' id='word_1_816' title='bbox 2926 5611 2982 5656; x_wconf 90' lang='lat' dir='ltr'><strong>ut</strong></span> <span class='ocrx_word' id='word_1_817' title='bbox 3025 5602 3262 5666; x_wconf 84' lang='lat' dir='ltr'><strong>Patrem,</strong></span> <span class='ocrx_word' id='word_1_818' title='bbox 3297 5618 3400 5658; x_wconf 92' lang='lat' dir='ltr'><strong>non</strong></span> <span class='ocrx_word' id='word_1_819' title='bbox 3442 5611 3500 5657; x_wconf 90' lang='lat' dir='ltr'><strong>ut</strong></span> 
     </span>
    </p>
   </div>
   <div class='ocr_carea' id='block_1_112' title="bbox 2562 5780 2994 5847">
    <p class='ocr_par' dir='ltr' id='par_1_112' title="bbox 2562 5780 2994 5847">
     <span class='ocr_line' id='line_1_112' title="bbox 2562 5780 2994 5847; baseline 0.002 -12"><span class='ocrx_word' id='word_1_820' title='bbox 2562 5782 2604 5812; x_wconf 81' lang='grc'><strong>⁸⁰</strong></span> <span class='ocrx_word' id='word_1_821' title='bbox 2632 5780 2770 5836; x_wconf 79' lang='lat' dir='ltr'><strong>Psal.</strong></span> <span class='ocrx_word' id='word_1_822' title='bbox 2806 5794 2913 5847; x_wconf 75' lang='lat' dir='ltr'><strong>cu,</strong></span> <span class='ocrx_word' id='word_1_823' title='bbox 2939 5782 2994 5836; x_wconf 77' lang='lat'><strong>3.</strong></span> 
     </span>
    </p>
   </div>
  </div>
