3876 6208
390 321 493 376 ΗἹ

1381 324 1437 380 S.
1480 322 1753 379 CYRILLI
1791 316 2259 378 ALEXANDRINI
2296 318 2616 375 ARCHIEP.

3552 306 3665 368 128

391 448 695 495 creatorem
740 456 956 495 causam
998 439 1299 496 essistendi
1353 441 1492 495 Filio
1538 441 1704 495 fuisse
1748 439 1956 499 dicatis1

2069 437 2166 505 γὸν
2191 439 2363 491 αἴτιον
2398 436 2493 491 τοῦ
2525 434 2667 490 εἶναι
2703 434 2781 505 τῷ
2821 432 2935 503 Υίῷ
2981 428 3309 499 γεγενῆσθαι
3340 424 3520 493 λέγειν
3560 424 3665 477 τὸν

389 531 483 585 sed
543 542 600 585 ut
638 534 939 602 genitorem
996 533 1338 588 naturaliter.
1388 531 1533 588 Nihil
1588 548 1718 588 vero
1760 533 1963 596 obstat,

392 621 501 677 imo
535 638 664 678 vero
710 625 1076 679 necessarium
1118 634 1226 689 est,
1275 636 1333 678 ut
1372 625 1422 678 id
1457 625 1602 696 quod
1645 622 1968 678 naturaliter

391 726 460 765 ex
499 712 682 780 aliquo
718 715 1008 782 processit,
1034 713 1210 768 simile
1247 714 1295 769 ei
1329 714 1624 769 secundum
1666 712 1964 767 essentiam

389 804 479 870 sit,
513 805 726 859 tametsi
756 804 988 876 idipsum
1024 806 1321 860 exsisteudi
1355 821 1577 862 causam
1611 805 1827 860 habeat.

1054 916 1286 976 ALIUD.

459 1027 516 1082 Si
558 1029 817 1099 quidquid
850 1044 915 1084 ex
957 1045 1121 1086 causa
1163 1031 1342 1100 aliqua
1390 1032 1472 1095 ﬁt,
1516 1032 1567 1088 id
1599 1035 1823 1091 omnino
1856 1036 1963 1091 erit

386 1119 666 1174 dissimilis
700 1136 820 1173 cum
874 1122 991 1190 ipso
1020 1123 1358 1187 substantize,
1404 1127 1677 1193 quomodo
1719 1126 1853 1182 Abel
1888 1142 1955 1182 ex

384 1211 593 1265 Adamo
619 1222 877 1282 tanquam
905 1230 969 1267 ex
1009 1228 1172 1268 causa
1205 1216 1441 1285 genitus,
1467 1217 1661 1273 similis
1690 1219 1737 1273 ei
1763 1234 1962 1274 secun-

380 1303 514 1356 dum
548 1302 910 1357 substantiam
950 1303 1094 1357 fuit?
1129 1304 1509 1362 Necessarium
1542 1309 1703 1378 igitur
1738 1312 1964 1365 omnino

381 1401 468 1448 est
502 1403 561 1447 ut
586 1397 765 1447 omnis
799 1396 852 1448 itt
882 1397 1192 1451 universum
1227 1399 1539 1468 generaliva
1568 1410 1783 1465 natura,
1813 1402 1965 1457 simi-

385 1483 456 1537 lia
484 1485 586 1539 sibi
632 1500 699 1540 ex
748 1500 811 1541 se
861 1488 1144 1555 producat,
1195 1491 1415 1548 tametsi
1466 1491 1521 1547 id
1571 1493 1713 1560 quod
1764 1493 1960 1565 gignit,

380 1587 549 1626 causa
581 1573 653 1627 sit
678 1574 1000 1629 naturaliter
1025 1575 1073 1631 ei
1110 1579 1253 1647 quod
1276 1594 1343 1634 ex
1378 1593 1436 1635 se
1466 1580 1726 1652 gignitur.

988 1686 1220 1746 ALIUD.

2070 527 2310 598 Πατέρα,
2335 526 2448 579 ἀλλ’
2473 526 2549 589 ὡς
2579 526 2881 595 γεννήτορα
2916 518 3184 590 φυσικῶς.
3221 516 3435 572 Κωλύει
3477 515 3537 569 δὲ
3563 515 3663 617 0-6—

2064 620 2174 683 ὁὲν,
2213 619 2412 691 μᾶλλον
2465 618 2523 673 δὲ
2555 618 2771 686 ἀνάγκη
2826 616 2977 669 πᾶσα
3008 613 3070 666 16
3115 611 3179 665 ἔκ
3209 626 3353 673 τινος
3399 611 3661 677 φυσικῶς

2065 710 2349 781 προελθὸν,
2375 710 2558 779 ὅμοιον
2578 705 2716 761 εἶναι
2743 707 2863 761 κατ’
2898 704 3085 758 οὐσίαν
3118 701 3306 767 αὐτοῦ,
3348 698 3453 754 κᾶν
3474 701 3662 752 αἴτιον

2064 802 2196 856 αὐτὸ
2230 801 2323 855 τοῦ
2351 796 2491 855 εἷναι
2520 800 2657 872 ἔχοι.

2750 913 2958 971 ΑΛΛΟ.

2136 1032 2198 1086 ΕΞ
2221 1033 2331 1086 πᾶν
2353 1032 2489 1103 ὅπερ
2507 1030 2575 1085 ἀν
2604 1029 2667 1095 ἐξ
2688 1028 2860 1084 αἰτίου
2882 1026 3030 1090 τινὸς
3060 1026 3304 1094 γένηται,
3330 1022 3491 1075 τοῦτο
3511 1018 3659 1072 πάν⁵

2062 1141 2171 1187 τως
2216 1124 2367 1177 ἔσται
2419 1123 2556 1195 πρὸς
2594 1122 2729 1177 αὐτὸ
2773 1122 2867 1175 καὶ
2897 1116 3274 1189 ἀνομοιούσιον
3318 1114 3419 1186 (1),
3468 1112 3594 1174 πῶς
3624 1111 3658 1162 6

2066 1216 2231 1269 Ἅϐελ
2264 1215 2322 1282 ἐξ
2351 1214 2525 1269 αίτίου
2544 1213 2823 1285 γεννηθεὶς
2852 1212 2947 1266 τοῦ
2979 1210 3169 1281 Ἀδὰμ,
3199 1210 3384 1279 ὅμοιος
3409 1201 3476 1277 ἦν
3497 1202 3656 1272 αὐτῷ

2062 1309 2184 1364 κατ’
2205 1309 2433 1373 οὐσίανς
2463 1307 2671 1361 Οὐκοῦν
2707 1307 2921 1375 ἀνάγκη
2951 1305 3135 1357 πᾶσαν
3181 1298 3368 1363 ἁπλῶς
3396 1312 3656 1366 γεννητι-

2063 1401 2167 1473 κὴν
2193 1400 2355 1471 φύσιν
2380 1442 2394 1464 ,
2429 1401 2591 1469 ὅμοια
2619 1398 2838 1462 πάντως
2871 1397 3008 1467 αὐτῇ
3051 1395 3123 1449 τὰ
3162 1392 3226 1460 ἐξ
3274 1390 3447 1460 αὐτῆς
3475 1387 3652 1457 ἔχειν,

2061 1493 2166 1548 κᾶν
2202 1492 2263 1545 16
2290 1491 2474 1546 τίκτον
2503 1489 2675 1544 αίτιον
2774 1486 3022 1559 φυσικῶς
3050 1485 3128 1556 τῷ
3169 1484 3229 1552 ἐξ
3260 1482 3425 1537 αὑτοῦ
3464 1496 3658 1534 τικτο-

2065 1584 2232 1657 μένῳ.

2746 1690 2952 1744 AAAO.

455 1798 510 1851 Si
564 1800 768 1854 idcirco
816 1799 985 1856 Filius
1034 1818 1141 1858 non
1192 1814 1276 1859 est
1328 1807 1627 1865 secundum
1667 1811 1956 1865 essentiam

2133 1806 2196 1859 El
2228 1804 2316 1858 διά
2347 1811 2504 1858 τοῦτο
2526 1806 2651 1858 κατ’
2681 1802 2869 1857 οὐσίαν
2892 1803 2920 1855 6
2943 1800 3072 1865 Υἱὸς
3104 1800 3205 1854 οὐκ
3230 1798 3383 1852 ἔσται
3416 1796 3494 1868 τῷ
3532 1798 3654 1849 Πα-

383 1889 579 1942 similis
607 1890 713 1960 77
747 1889 893 1945 Patri
919 1908 1094 1964 neque
1121 1895 1617 1967 consubstantialis,
1646 1903 1773 1972 quia
1804 1902 1963 1959 Pater

380 1989 449 2028 ex
494 1977 636 2031 nulla
687 1995 850 2036 causa
884 1982 999 2035 sive
1045 1984 1458 2055 principioest,
1490 1989 1660 2045 Filius
1685 1987 1812 2049 vero
1853 1993 1961 2050 Pa-

385 2072 520 2119 trem
569 2069 892 2141 principium
945 2073 1130 2140 habet,
1167 2077 1294 2146 quid
1357 2080 1627 2138 obstiterit
1674 2086 1962 2154 quominus

382 2155 627 2211 dicamus
652 2159 783 2215 Cain
818 2164 980 2219 etiam
1006 2169 1146 2236 patri
1178 2185 1278 2224 suo
1304 2174 1821 2233 consubstantialem
1854 2196 1958 2235 non

383 2245 587 2303 fuisse?
619 2248 674 2304 Si
710 2254 931 2321 quidem
969 2257 1141 2312 Adam
1174 2274 1205 2313 a
1246 2264 1463 2319 nemine
1493 2279 1786 2335 generatus
1816 2270 1958 2325 fuit:

379 2338 593 2405 primus
620 2340 766 2395 enim
818 2344 1098 2400 hominum
1131 2348 1254 2404 l'nit.
1291 2352 1422 2408 Cain
1468 2370 1599 2412 vero
1632 2357 1806 2427 ipsum
1855 2377 1956 2416 au-

381 2439 587 2482 ctorem
621 2440 675 2483 et
709 2433 1035 2504 principium
1080 2437 1288 2506 habuit,
1333 2459 1456 2498 nam
1487 2460 1555 2501 ex
1603 2449 1720 2516 ipso
1748 2455 1961 2519 genitus

378 2529 485 2571 est.
522 2519 681 2590 Atqui
722 2524 765 2576 si
801 2525 903 2580 hoc
934 2526 1126 2583 falsum
1169 2543 1251 2586 est
1284 2534 1785 2601 (consubstantialis
1816 2544 1959 2597 enim

379 2609 589 2665 Adamo
616 2622 700 2668 est
733 2614 909 2687 Cain),
947 2620 1051 2674 erit
1078 2623 1322 2689 profecto
1357 2627 1835 2688 consubstantialis
1861 2634 1963 2688 Pa-

377 2699 447 2751 tri
489 2699 677 2767 Filius,
711 2707 923 2760 tametsi
960 2709 1110 2763 illum
1148 2728 1369 2769 causam
1412 2719 1709 2777 exsistendi
1740 2724 1959 2791 habeat,

388 2794 688 2860 procedens
720 2810 787 2850 ex
834 2797 950 2867 ipso
997 2802 1205 2873 absque
1234 2815 1500 2878 tempore,
1555 2820 1610 2866 et
1648 2813 1717 2868 ab
1759 2823 1962 2871 aeterno

378 2899 503 2937 eum
536 2884 651 2954 ipso
678 2887 964 2944 exsistens.

1058 3003 1286 3065 ALIUD.

810 3117 899 3177 Ea:
927 3121 1219 3192 objectione
1249 3124 1519 3182 Eunomit.

448 3224 717 3284 Cmterum
740 3234 1032 3300 quomodo,
1060 3235 1257 3304 inquit,
1290 3237 1586 3307 ingenitum
1612 3242 1796 3312 genito
1824 3260 1957 3299 cou-

373 3318 729 3375 snbstantiale
766 3324 903 3377 erit?
951 3323 1172 3380 Multum
1205 3328 1346 3381 enim
1389 3330 1529 3385 inter
1576 3347 1637 3387 ea
1672 3341 1757 3388 est
1804 3334 1957 3391 dill‘e-

375 3413 586 3466 rentitc.

878 3526 1085 3585 Solnlio
1114 3534 1444 3603 objectiom's.

445 3641 629 3695 Ardua
660 3642 877 3707 scilicet
912 3646 1145 3700 hostium
1174 3646 1377 3703 Christi
1424 3648 1659 3716 obiectio
1691 3668 1797 3707 non
1842 3653 1955 3709 elli-

373 3732 483 3786 ciet
525 3743 576 3787 ut
611 3732 781 3789 Filius
814 3752 922 3791 non
967 3738 1038 3792 sit
1088 3739 1570 3797 consubstantialis
1613 3744 1783 3811 Patri,
1834 3748 1955 3803 ideo

373 3824 499 3892 quia
551 3825 713 3880 Pater
761 3827 1037 3897 ingenitus
1084 3839 1189 3894 est,
1225 3830 1398 3887 Filius
1444 3848 1569 3889 vero
1610 3837 1845 3905 genitus.
1895 3840 1953 3895 Si

374 3916 521 3968 enim
547 3915 764 3973 diﬂ‘erre
796 3920 848 3974 in
883 3919 1063 3987 aliquo
1093 3920 1223 3976 facit
1259 3932 1317 3976 ut
1344 3924 1553 3979 diversa
1592 3929 1664 3981 sit
1698 3930 1749 3983 in
1790 3933 1953 3988 rebus

375 4014 594 4071 natura,
624 4017 677 4062 et
701 4024 895 4080 genera
928 4027 957 4065 a
990 4024 1174 4066 mutua
1209 4014 1348 4069 inter
1369 4028 1427 4069 se
1453 4019 1827 4074 convenientia
1856 4038 1953 4075 na-

376 4100 644 4169 luralique
692 4101 1047 4158 similitudine
1101 4116 1349 4173 separat,
1395 4108 1731 4179 distinguant
1783 4113 1948 4166 etiavn

372 4186 595 4241 Paulum
629 4205 658 4243 a
692 4189 850 4247 Petro
881 4193 1089 4248 ratione
1134 4196 1408 4263 essentia,
1469 4199 1737 4269 siquidem
1778 4204 1950 4271 parti-

368 4278 612 4333 cularem
661 4285 950 4350 quamdam
1006 4285 1206 4341 habent
1245 4302 1309 4342 ac
1358 4289 1520 4344 veluti
1566 4290 1621 4345 in
1674 4292 1952 4351 individuo

2061 1895 2152 1966 τρὶ
2183 1893 2520 1965 προσεοικὼς
2540 1894 2663 1947 οὐδὲ
2688 1892 2995 1963 ὸμοούσιος,
3024 1889 3324 1961 ἐπειδήπερ
3344 1887 3372 1939 6
3406 1888 3503 1958 μὲν
3525 1886 3650 1938 Πα-

2060 1988 2167 2059 τὴρ
2202 1987 2304 2039 οὐκ
2334 1986 2392 2053 ἐξ
2420 1986 2595 2039 αἰτίου
2627 1985 2774 2049 τινός
2794 1985 2962 2048 ἐστιν,
2990 1985 3020 2037 ὁ
3044 1981 3104 2035 δὲ
3129 1980 3255 2044 Υἱὸς
3276 1979 3450 2033 αἴτιον
3481 1977 3650 2030 αὑτὸν

2062 2078 2196 2149 ἔχει,
2222 2078 2276 2130 τί
2303 2076 2536 2130 κωλύσει
2560 2076 2739 2146 λέγειν
2766 2076 2849 2129 ὅτι
2880 2074 2974 2129 καὶ
2997 2073 3026 2125 6
3056 2072 3196 2127 Κάῖν
3218 2070 3422 2124 οὑκ-ἂν
3452 2069 3536 2138 εἴη
3565 2067 3648 2138 τῷ

2061 2167 2233 2239 πατρὶ
2269 2166 2582 2238 ὁμοούσιοςς
2639 2161 2986 2237 ἘπειδήπερΙ
3013 2165 3041 2218 6
3073 2163 3173 2234 μὲν
3209 2160 3380 2231 Ἀδὰμ
3408 2160 3501 2212 ὑπ’
3547 2160 3648 2211 οὺ-

2060 2260 2209 2324 δενὸς
2234 2259 2518 2331 ἐγεννήθη·
2545 2259 2763 2330 πρῶτος
2785 2257 2894 2329 γὰρ
2918 2251 2987 2328 ἦν
3004 2255 3309 2326 ἄνθρωπος.
3343 2253 3401 2305 '0
3418 2252 3474 2305 δὲ
3494 2250 3643 2304 Κάῖν

2061 2351 2235 2406 αἴτιον
2265 2352 2423 2423 ἔσχεν
2452 2351 2635 2405 αὐτόν’
2662 2348 2722 2416 ἐξ
2750 2348 2913 2403 αὐτοῦ
2941 2347 3050 2419 γὰρ
3070 2347 3314 2416 γέγονεν.
3338 2346 3403 2399 El.
3435 2344 3493 2397 δὲ
3512 2343 3648 2413 ψεύ-

2064 2461 2215 2499 σεται
2248 2444 2465 2507 πάντως
2492 2445 2519 2496 ὁ
2539 2441 2697 2495 τοῦτο
2718 2442 2893 2509 λέγων
2914 2438 3221 2511 (ὁμοούσιος
3246 2437 3353 2508 γάρ
3375 2435 3644 2507 τῷἋδάμ

2060 2538 2090 2590 6
2115 2536 2298 2605 Κάῖν),
2327 2534 2480 2587 ἔσται
2520 2532 2598 2605 τῷ
2638 2532 2816 2603 Πατρὶ
2865 2533 3083 2595 πάντως
3116 2529 3397 2602 ὀμοούσιος
3433 2527 3463 2579 6
3494 2526 3645 2589 Υἱὸς,

2062 2626 2168 2681 κᾶν
2194 2628 2364 2680 αἴτιον
2394 2624 2556 2677 αὐτὸν
2581 2623 2678 2694 ἔχῃ
2717 2623 2811 2677 τοῦ
2859 2618 3021 2687 εἶναι,
3056 2621 3116 2687 ἐξ
3163 2619 3329 2675 αὐτοῦ
3359 2617 3645 2691 προελθὼν

2061 2719 2329 2791 ἀχρόνως,
2361 2717 2459 2771 καὶ
2478 2715 2666 2780 ἀΐδίως
2686 2715 2761 2768 ὣν
2794 2713 2893 2767 σὺν
2926 2712 3095 2785 αὐτῷ.

2746 3016 2952 3069 ΑΑΛΟ.

2317 3132 2415 3200 Ὠς
2440 3131 2509 3196 ἐξ
2537 3128 2897 3194 ἀντιθέσεως
2921 3124 3041 3180 τῶν
3065 3126 3385 3196 Εὑνομίου.

2128 3247 2239 3301 Καὶ
2276 3246 2392 3307 πῶς
2420 3244 2593 3309 ἔσται,
2632 3243 2802 3313 φησι,
2837 3242 2897 3294 16
2934 3240 3228 3309 ἀγέννητον
3268 3238 3347 3308 τῷ
3394 3236 3641 3307 νεννήτῷ

2057 3338 2379 3413 ὀμοούσιον;
2409 3337 2586 3407 Πολλὴ
2622 3336 2731 3406 γὰρ
2752 3337 2810 3387 ὲν
2831 3334 3017 3395 αὐτοῖς
3048 3333 3080 3404 ή
3117 3331 3365 3402 διαφορά.

2539 3534 2696 3605 Πρὸς
2733 3534 2911 3588 τοῦτο
2938 3533 3143 3598 λύσις.

2126 3655 2241 3708 Οὐκ
2262 3648 2553 3722 ἀνατρέψει
2581 3646 2641 3700 τὸ
2663 3646 2824 3715 σοφὸν
2852 3644 2960 3698 τῶν
2982 3644 3364 3716 χριστομάχων
3399 3643 3643 3715 πρόϐλη-

2061 3765 2136 3818 μα
2165 3745 2227 3799 16
2249 3740 2390 3797 εἶναι
2428 3742 2519 3795 τὸν
2544 3740 2673 3794 Υίδν
2702 3738 2986 3808 ὁμοούσιον
3006 3736 3084 3805 τῷ
3111 3735 3310 3806 Πατρὶ,
3340 3736 3640 3805 ἐπειδήπερ

2054 3839 2084 3891 6
2119 3837 2216 3907 μὲν
2250 3832 2437 3905 Πατὴρ
2463 3828 2760 3901 ἁγέννητός
2798 3829 2965 3889 ἐστιν,
3002 3826 3130 3890 Υἱὸς
3171 3827 3229 3879 δὲ
3257 3825 3535 3895 γεννητός.
3576 3826 3640 3878 Ei

2055 3929 2165 3999 γὰρ
2188 3926 2250 3979 16
2272 3926 2416 3979 κατά
2446 3942 2500 3978 τι
2534 3922 2853 3993 διαφέρειν,
2902 3918 3119 3981 πάντως
3156 3919 3251 3971 καὶ
3288 3918 3545 3989 διάφορον
3581 3920 3641 3972 ὲν

2054 4019 2164 4081 τοῖς
2190 4010 2308 4070 οὖσι
2332 4014 2430 4086 τὴν
2449 4012 2612 4083 φύσιν
2633 4008 3027 4079 ἀπεργάζεται,
3043 4008 3137 4061 καὶ
3158 4008 3256 4079 τῆς
3281 4006 3418 4078 πρὸς
3434 4006 3642 4079 ἄλληλα

2055 4106 2339 4169 κοινωνίας
2360 4122 2420 4158 τε
2467 4105 2562 4158 καὶ
2597 4103 2832 4173 φυσικῆς
2882 4099 3202 4171 ὁμοιότητος
3232 4099 3535 4170 ἀποτέμνει
3571 4102 3641 4153 τὰ

2054 4200 2207 4270 γένη⁹
2229 4197 2635 4271 διοριζέτωσαν,
2668 4196 2804 4266 φέρε
2827 4194 3020 4256 εἰπεῖν,
3049 4193 3145 4245 καὶ
3168 4191 3258 4245 τὸν
3286 4191 3502 4246 Παῦλον
3530 4193 3640 4245 ἀπὸ

2052 4290 2146 4343 τοῦ
2161 4289 2368 4360 Πέτρου
2388 4288 2532 4341 κατὰ
2558 4286 2648 4340 τὸν
2664 4287 2763 4355 τῆς
2786 4286 2971 4348 οὐσίας
2994 4284 3173 4351 λόγον.
3195 4283 3490 4355 ἐπειδήπερ
3516 4286 3639 4336 τινὰ

367 4369 514 4424 inter
563 4385 621 4425 se
669 4371 1230 4445 dill'erentiam,juxta
1273 4395 1437 4449 quam
1486 4382 1574 4438 hic
1605 4383 1819 4453 quidem
1868 4396 1954 4441 est

2064 4382 2289 4453 μερικὴν
2302 4380 2483 4451 ἔχουσι
2500 4379 2593 4432 καὶ
2610 4379 2685 4442 ὡς
2703 4380 2760 4431 ὲν
2781 4377 2968 4448 ἀτόμῳ
2985 4375 3118 4448 πρὸς
3137 4376 3398 4447 ἀλλήλους
3422 4375 3520 4446 τὴν
3531 4377 3638 4429 δια-

367 4457 584 4525 Pelrus,
616 4460 705 4516 hic
752 4478 882 4518 vero
910 4463 1129 4521 Paulus.
1181 4466 1435 4523 Videmus
1481 4481 1658 4526 autem
1708 4488 1950 4542 saepenu-

2064 4471 2247 4543 ροράν,
2279 4472 2402 4525 καθ’
2426 4472 2492 4541 ἢν
2516 4471 2543 4522 ὁ
2570 4470 2668 4541 μὲν
2694 4469 2809 4522 ἔστι
2838 4469 3064 4539 Πέτρος,
3084 4470 3112 4521 6
3132 4468 3188 4521 δὲ
3223 4466 3450 4531 Παῦλος.
3473 4468 3637 4538 Ὃρῶ

372 4565 523 4605 mero
562 4553 728 4607 etiam
772 4571 834 4609 ea
875 4570 996 4626 quae
1044 4557 1155 4612 alio
1207 4562 1364 4616 modo
1392 4576 1420 4613 a
1476 4573 1659 4616 mutna
1704 4565 1845 4619 inter
1891 4580 1950 4620 se

2064 4580 2159 4635 μεν
2178 4564 2236 4615 δὲ
2273 4564 2354 4615 ὅτι
2382 4560 2644 4625 πολλάκις
2666 4561 2760 4613 καὶ
2791 4558 2859 4611 τά
2901 4558 3024 4611 καθ’
3070 4558 3257 4629 ἕτερόν
3283 4576 3404 4613 τινα
3436 4560 3637 4630 τρόπον

366 4641 727 4698 similitudine
782 4648 1015 4702 multum
1071 4650 1371 4715 dissident,
1424 4655 1678 4709 essentia;
1736 4656 1949 4711 ratione

362 4735 681 4791 convenire.
706 4736 841 4791 Nam
867 4740 1031 4795 homo
1065 4743 1215 4811 niger
1243 4744 1469 4799 multum
1498 4744 1677 4802 diﬂ‘erl
1705 4748 1771 4802 ab
1800 4748 1947 4813 albo,

370 4827 466 4881 sed
507 4827 622 4882 haec
655 4828 958 4885 differentia
1014 4847 1202 4886 eorum
1249 4836 1608 4891 substantiam
1660 4852 1764 4892 non
1820 4839 1951 4893 facit

370 4917 664 4973 diversam.
698 4918 756 4974 Si
803 4936 934 4989 ergo
980 4923 1143 4977 etiam
1189 4924 1242 4978 in
1287 4926 1442 4981 nobis
1488 4928 1619 4996 ipsis
1648 4928 1947 4983 differentia

364 5009 665 5064 secundum
716 5011 921 5081 aliquid
976 5030 1082 5069 non
1136 5015 1387 5070 immutat
1430 5033 1553 5073 esse
1600 5020 1773 5089 ipsum
1821 5023 1950 5075 sub-

365 5101 606 5165 stantiae,
637 5116 703 5157 ex
733 5118 841 5172 qua
882 5112 1138 5159 constant
1182 5106 1253 5159 illi
1284 5107 1376 5175 qui
1425 5124 1456 5162 a
1490 5111 1647 5164 nobis
1670 5110 1948 5180 differunt,

366 5191 501 5260 quid
527 5194 707 5249 obstat
734 5195 1026 5264 quominus
1076 5197 1241 5251 etiam
1279 5197 1451 5254 Filius
1484 5201 1556 5255 sit
1584 5203 1946 5258 consubstan-

373 5283 519 5337 tialis
559 5283 729 5352 Patri,
776 5286 990 5340 etiamsi
1024 5287 1077 5340 in
1121 5302 1187 5342 eo
1232 5289 1375 5344 inter
1421 5306 1479 5345 se
1521 5291 1773 5347 diﬂ‘erant
1807 5295 1950 5364 quod

371 5372 537 5429 Pater
564 5376 637 5429 sit
664 5377 953 5447 ingenitus,
976 5378 1148 5435 Filius
1167 5393 1347 5436 autem
1377 5386 1631 5453 genitus?
1662 5385 1783 5442 Una
1805 5389 1948 5443 enim

371 5467 427 5520 in
469 5468 602 5537 ipsis
636 5478 720 5525 est
745 5471 937 5539 deitas,
967 5488 1031 5527 ex
1063 5470 1226 5530 Patre
1258 5474 1502 5545 ingenito
1544 5479 1867 5535 naturaliter
1896 5480 1949 5534 in

372 5557 570 5614 Filium
603 5562 915 5630 procedens.

2056 4652 2440 4723 τῆςιάλλήλων
2485 4650 2801 4721 ὁμοιότητος
2843 4648 2977 4702 πολὺ
3000 4647 3325 4718 διεστηκότα
3346 4689 3360 4712 ,
3392 4651 3637 4702 κοινωνεί

2057 4745 2199 4798 κατὰ
2228 4744 2317 4798 τὸν
2347 4744 2444 4814 τῆς
2464 4742 2651 4806 οὐσίας
2682 4741 2860 4810 λόγον.
2903 4742 2961 4794 '0
2990 4742 3088 4811 μὲν
3115 4743 3223 4812 γὰρ
3243 4741 3405 4812 μέλας
3434 4741 3637 4811 ἄνθρω-

2056 4851 2157 4897 πος
2186 4834 2349 4905 τυχὸν
2384 4833 2460 4897 ὡς
2498 4833 2635 4905 πρὸς
2673 4832 2764 4886 τὸν
2788 4832 2980 4886 λευκὸν
3011 4831 3210 4904 πολλὴν
3243 4832 3355 4902 ἔχει
3392 4833 3489 4902 τὴν
3523 4833 3635 4887 δια-

2059 4925 2252 4997 φοράν,
2284 4924 2399 4980 ἀλλ’
2430 4926 2491 4977 οὐ
2516 4924 2673 4978 τοῦτο
2702 4924 2801 4995 τὴν
2828 4925 3018 4979 οὐσίαν
3047 4926 3231 4988 αὐτοῖς
3251 4924 3547 4995 διατέμνει.
3572 4926 3635 4977 Εἰ

2057 5019 2234 5072 τοίνυν
2250 5018 2344 5071 καὶ
2374 5017 2458 5087 ἐφ’
2479 5017 2639 5088 ήμῶν
2661 5017 2840 5071 αὐτῶν
2862 5019 2895 5089 ἡ
2919 5017 3060 5071 κατά
3078 5035 3131 5070 τι
3155 5017 3387 5088 διαφορά
3409 5017 3472 5071 16
3497 5013 3635 5072 εἶναι

2053 5110 2151 5180 τῆς
2182 5110 2353 5180 αὐτῆς
2375 5109 2562 5172 οὐσίας
2582 5110 2683 5162 οὐκ
2717 5109 3034 5181 ἀνατρέπει,
3062 5104 3130 5181 ἦς
3154 5109 3219 5163 ἂν
3251 5105 3360 5161 εἷεν
3393 5110 3635 5163 κάκεῖνοι

2054 5200 2191 5271 πρὸς
2221 5199 2313 5263 οὒς
2336 5200 2402 5253 ἂν
2430 5199 2868 5270 διακρινοίμεθαθ
2918 5200 2971 5253 τί
3020 5199 3218 5254 κωλύει
3263 5202 3359 5255 καὶ
3389 5201 3480 5253 τὸν
3508 5201 3634 5255 Υἱὸν

2052 5291 2337 5363 ὁμοούσιον
2370 5287 2513 5344 εἷναι
2564 5289 2641 5360 τῷ
2681 5292 2875 5362 Ila-cpt,
2912 5292 3053 5346 κατά
3098 5292 3257 5345 τοῦτο
3308 5292 3633 5363 διαφέροντα

2053 5385 2174 5439 καθ’
2208 5385 2237 5437 ὃ
2270 5384 2369 5453 μὲν
2400 5383 2590 5455 Πατὴρ
2616 5383 2913 5456 ἀγέννητὸς
2942 5386 3113 5451 ἐστιν,
3147 5387 3175 5438 6
3205 5385 3263 5437 δὲ
3287 5384 3416 5449 Υἱὸς
3442 5402 3632 5455 γεννη-

2051 5475 2177 5540 τόςς
2210 5475 2323 5529 Μία
2346 5474 2455 5544 γὰρ
2489 5476 2547 5526 ὲν
2584 5474 2769 5537 αὐτοῖς
2806 5474 3075 5545 ήθεότης,
3115 5474 3180 5527 ὲκ
3218 5476 3431 5547 Πατρδς
3472 5476 3631 5545 ἀγεν-

2053 5568 2215 5639 νήτου
2246 5567 2513 5638 τρέχουσα
2544 5565 2787 5635 φυσικῶς
2810 5566 2900 5619 ἐπὶ
2924 5567 2983 5619 16
3011 5565 3277 5638 γέννημα.

442 5738 522 5808 ll)
560 5738 678 5799 Ed..
710 5738 1079 5810 ἀνομοούσιον.
1120 5739 1249 5799 Vide
1289 5743 1615 5801 Cotclerium
1650 5746 1702 5801 in
1740 5756 1854 5801 not.
1881 5745 1946 5802 ad
1988 5743 2230 5801 Manum.
2260 5742 2401 5798 Eccl.
2437 5743 2555 5811 (In,
2591 5743 2798 5815 p.551.
2829 5742 2988 5800 EDIT.
