3876 6208
185 309 294 365 ιτς

868 427 1068 482 AAAO.

439 538 759 604 Ἀντίθεσις
797 539 878 604 ὡς
914 541 983 595 ἐκ
1022 541 1143 596 τῶν
1186 544 1509 611 Εὐνομιόυ.

255 653 369 705 Οὐκ
400 651 465 704 ἂν
511 652 595 721 εἰη
626 651 848 716 τέλειος,
897 654 1051 724 φησι,
1086 654 1162 728 μὴ
1217 657 1435 721 πάντως
1473 656 1582 709 ἀπό
1616 673 1763 720 τινος

186 744 457 815 ἐκτρέχων
483 743 678 814 ἀρχῆς.
709 744 772 797 Εἰ
802 745 980 798 τοίνυν
1003 747 1349 800 κατέπαυσεν
1375 750 1401 800 6
1424 747 1614 818 Πατὴρ
1641 766 1764 816 γεν-

184 836 290 890 νῶν
308 837 399 889 τὸν
428 835 579 898 Υίὸν,
603 835 663 888 τὸ
707 835 764 889 δὲ
797 836 1150 892 καταπαῦσαι
1186 840 1338 903 τέλος
1379 841 1526 893 ἐστὶν
1544 882 1559 904 ,
1588 842 1763 913 ἀρχὴν

184 930 290 999 ἄρα
320 926 552 998 ἔχειτοῦ
597 923 758 982 εἶναι.
812 928 939 993 Πῶς
988 924 1080 983 οῦν
1113 931 1142 983 6
1193 929 1436 994 τοιοῦτος
1476 932 1763 1002 ὁμοούσιος

186 1021 336 1075 ἔσται
363 1020 442 1091 τῷ
467 1020 534 1073 ἐκ
564 1019 835 1091 μηδεμιᾶς
866 1021 1041 1093 ἀρχῆς
1071 1022 1185 1075 ὄντι
1208 1022 1382 1094 Πατρί
1400 1039 1414 1089 ;

676 1196 830 1266 Πρὸς
858 1198 1033 1253 τοῦτο
1064 1198 1268 1266 λύσις.

255 1310 317 1362 Εἰ
344 1308 686 1363 κατέπαυσεν
714 1309 744 1362 6
767 1309 975 1381 Πατὴρ,
1014 1309 1137 1363 καθ’
1182 1311 1350 1381 ὑμᾶς,
1373 1304 1421 1365 ὦ
1460 1313 1761 1383 χριστομά·

181 1418 285 1472 χοι,
315 1401 519 1471 γεννῶν
569 1401 659 1454 τὸν
692 1400 841 1464 Υἱὺν,
892 1403 987 1453 καὶ
1037 1402 1144 1455 ἀπό
1183 1420 1327 1466 τινος
1352 1404 1527 1475 ἀρχῆς
1558 1404 1763 1475 ἧρξατο

183 1494 360 1557 (τοῦτο
378 1494 485 1565 γὰρ
514 1492 669 1562 ὑμῶν
702 1494 742 1562 ἡ
772 1493 1039 1563 πρότασις
1065 1493 1222 1565 ἔχει),
1248 1496 1614 1565 προσγέγονεν
1654 1496 1763 1568 ἄρα

180 1583 259 1654 τῷ
292 1584 485 1655 Πατρί.
536 1583 609 1637 Τὸ
655 1582 710 1636 δὲ
742 1586 1111 1654 προσγεγονὺς
1159 1587 1253 1639 καὶ
1282 1586 1457 1657 ἀρχὴν
1505 1586 1625 1657 ἕχον
1665 1588 1760 1640 τοῦ

180 1671 338 1736 εἶναι,
376 1677 685 1747 πρόσφατον
710 1677 775 1729 ἂν
800 1675 885 1745 εἴη
914 1678 1129 1740 πάντως
1157 1679 1249 1731 καὶ
1280 1678 1613 1747 ἀναγκαίως.
1636 1680 1761 1744 Πῶς

1594 312 2041 369 THESAURUS.

3347 311 3449 365 150

2538 424 2646 479 ΜΛ
2657 425 2695 480 U
2709 426 2773 480 D.

2299 539 2385 593 Ex
2422 539 2713 608 objectionc
2738 538 3013 593 Eunomii.

1935 652 2236 717 Perfectus,
2268 653 2460 723 inquit,
2506 668 2627 708 esse
2669 670 2774 707 non
2820 664 3019 723 potest,
3070 656 3173 711 nisi
3205 659 3295 727 qui
3328 674 3447 713 om-

1867 747 1995 801 nino
2027 747 2095 800 ab
2121 746 2302 813 aliquo
2335 745 2601 814 principio
2635 749 2981 813 processerit.
3012 748 3068 802 Si
3096 749 3257 820 igitur
3283 749 3448 807 Pater

1865 840 2024 894 desiit
2055 854 2319 911 generare
2347 838 2565 903 Filium,
2595 840 2723 893 illud
2754 851 2934 894 autem
2978 824 3243 905 desinere,
3283 847 3443 897 linem

1865 932 2157 1002 signiﬁcat,
2201 935 2526 1002 principium
2558 936 2740 1002 itaque
2781 934 3077 987 cxsistendi
3117 934 3294 989 habet.
3327 938 3452 1002 Quo

1865 1038 2024 1095 pacto
2054 1026 2217 1096 igitur
2250 1027 2296 1080 is
2326 1027 2826 1081 consobstantialis
2855 1027 2960 1079 erit
2997 1027 3168 1092 Patri,
3202 1028 3293 1097 qui
3323 1031 3440 1083 nul-

1865 1117 1975 1172 lum
2005 1118 2329 1189 principium
2364 1119 2577 1172 habet?

2363 1209 2572 1264 Salutio
2622 1211 2947 1279 objecliom's.

1934 1320 1991 1374 Si
2025 1320 2184 1375 desiit
2221 1320 2305 1375 vel
2334 1321 2570 1375 cessavit
2620 1318 2782 1373 Pater
2820 1334 3008 1373 creare
3045 1319 3263 1383 Filium,
3290 1323 3443 1386 juxta

1863 1421 2098 1466 vestram
2145 1412 2476 1482 opinionem,
2538 1413 2723 1466 hostes
2765 1412 2990 1477 Christi,
3045 1422 3101 1465 et
3150 1410 3217 1464 ab
3264 1412 3444 1480 aliquo

1864 1504 2134 1575 principio
2166 1506 2328 1574 cmpit
2361 1504 2475 1574 78
2499 1504 2594 1572 (ita
2634 1505 2780 1557 enim
2806 1516 2987 1558 vestra
3020 1506 3316 1574 propositio
3357 1507 3443 1559 ba-

1864 1596 1996 1667 bet),
2044 1610 2176 1666 ergo
2206 1597 2537 1649 adventitius
2573 1605 2655 1649 est
2684 1594 2854 1649 Patri.
2894 1595 2950 1649 Id
2998 1610 3127 1648 vero
3158 1596 3299 1664 quod
3344 1598 3443 1648 ad-

1862 1689 2150 1743 ventitium
2184 1689 2300 1743 sive
2358 1689 2650 1743 ascititium
2690 1698 2793 1752 est,
2824 1700 2878 1743 et
2913 1688 3238 1757 principium
3280 1688 3445 1743 habet

179 1768 242 1838 δὴ
271 1764 364 1821 οῦν
391 1770 500 1839 ἄρα
520 1768 714 1839 ϐήσετε
730 1767 823 1821 τὸν
847 1768 973 1822 Υἰὸν
995 1769 1126 1823 Θεὸν
1151 1766 1292 1823 εἷναι
1316 1771 1467 1844 παρά
1491 1773 1590 1845 τῆς
1612 1773 1762 1837 θείας

1875 1781 2215 1845 exsisteutiar,
2248 1795 2439 1835 recens
2465 1781 2684 1834 omnino
2717 1781 2786 1835 sit
2816 1794 3039 1835 necesse
3063 1789 3165 1833 cst.
3194 1778 3314 1847 Quo
3350 1795 3445 1849 pa-

180 1859 399 1931 Γραφῆς
428 1860 489 1912 ού
519 1857 991 1930 συγχωρούμενον,
1029 1860 1095 1914 ἂν
1122 1861 1295 1927 οὕτως
1332 1864 1432 1936 ἔχῃ
1451 1905 1465 1929 ,
1503 1864 1759 1937 καθάπερ

180 1950 334 2022 ὑμεῖς
381 1968 548 2020 φατες
592 1970 611 2004 ι
647 1953 761 2007 Οὐκ
806 1952 959 2007 ἔσται
1006 1953 1114 2025 γάρ
1165 1955 1223 2006 έν
1276 1955 1357 2007 σοὶ
1395 1955 1548 2021 Θεὸς,
1600 1960 1755 2026 φησι,

181 2041 513 2112 πρόσφατος.
542 2061 563 2096 ι
596 2045 736 2099 Ἀλλ’
756 2042 897 2100 οἶδεν
921 2046 1083 2100 αὑτὸν
1106 2048 1138 2117 ὴ
1165 2046 1285 2100 Θεία
1307 2047 1499 2118 Γραφὴ
1518 2049 1611 2101 καὶ
1628 2048 1758 2102 Υἰὸν

178 2132 303 2186 ὄντα
336 2135 432 2187 καὶ
459 2134 611 2192 Θεόν.
649 2138 765 2192 Οὐκ
793 2140 901 2210 ἀρα
934 2139 1272 2210 πρόσφατος,
1304 2139 1424 2193 οὐδὲ
1453 2140 1758 2211 ἀρξάμενος

178 2222 269 2276 τοῦ
298 2226 613 2291 γεννᾶσθαι,
646 2227 767 2281 καθ’
798 2229 972 2299 ὑμᾶς’
1006 2228 1142 2283 ἀλλά
1182 2231 1440 2301 γεννητὸς
1469 2232 1596 2302 μὲν,
1634 2250 1759 2286 συν-

177 2316 343 2379 αῖδιος
372 2318 428 2370 δὲ
452 2318 598 2387 ὅμως
618 2319 694 2383 ὡς
717 2320 843 2383 Υίὸς
867 2321 942 2373 ὢν
968 2322 1024 2373 ἐν
1042 2320 1119 2391 τῷ
1143 2321 1336 2393 Πατρί.
1359 2323 1423 2375 Εἰ
1449 2323 1506 2376 δὲ
1529 2323 1589 2376 τὸ
1615 2318 1758 2377 εἶναι

178 2407 492 2477 πρόσφατον
519 2411 580 2464 οὐ
609 2412 957 2484 συγχωρήσει
986 2412 1087 2483 τῆς
1110 2414 1278 2483 αὐτῆς
1300 2415 1487 2479 οὐσίας
1517 2412 1656 2470 εἶναι
1679 2416 1759 2489 τῷ

179 2498 357 2569 Πατρὶ
388 2499 478 2552 τὸν
505 2500 655 2565 Υίὸν,
683 2503 745 2555 τὸ
772 2503 851 2574 μὴ
890 2499 1028 2557 εἶναι
1077 2504 1392 2576 πρόσφατον
1419 2548 1436 2573 ,
1470 2507 1763 2577 ὁμοούοιον

176 2588 473 2653 ἀποδείξει.

866 2832 1070 2889 ΑΛΛΟ.

154 2978 175 2999 ,
246 2941 310 2995 Εἰ
334 2940 481 3011 μόνῳ
497 2940 615 3013 Θεῷ
636 2941 715 3014 τῷ
739 2943 881 2998 κατά
897 2944 1058 3014 φύσιν
1080 2962 1142 2999 το
1163 2950 1585 3019 προσκυνεῖσθαι
1607 2954 1762 3026 παρά

1862 1884 1949 1927 cto
1982 1873 2147 1940 igitur
2189 1873 2441 1927 statuetis
2474 1886 2689 1925 sacram
2726 1871 3063 1941 Scripturam
3099 1887 3204 1925 non
3251 1886 3445 1925 concc-

1862 1967 1989 2019 dere
2022 1962 2221 2018 Filium
2259 1965 2429 2018 Deum
2460 1978 2603 2027 esse,
2634 1963 2677 2018 si
2720 1963 2792 2017 ita
2823 1977 2882 2018 se
2925 1979 3009 2017 res
3043 1963 3225 2027 habet,
3258 1972 3317 2017 ut
3347 1978 3445 2017 vos

1860 2057 2087 2114 dicitis?
2117 2076 2134 2108 ι
2166 2055 2283 2112 Non
2309 2057 2451 2111 enim
2476 2054 2823 2125 erit,inquit,
2848 2054 2899 2106 in
2922 2063 2975 2107 te
3001 2053 3142 2108 Deus
3173 2067 3378 2107 recens.
3418 2070 3438 2104 ι

1863 2148 2028 2219 Atqui
2070 2162 2226 2203 sacra
2256 2146 2542 2216 Scriptura
2575 2145 2721 2200 illiilli
2766 2156 2822 2199 et
2859 2144 3054 2199 Filium
3095 2145 3357 2214 agnoscit,
3389 2155 3444 2198 et

1862 2242 2055 2296 Deum.
2098 2240 2217 2295 Non
2254 2240 2420 2310 igitur
2451 2253 2642 2293 recens
2670 2249 2776 2301 est,
2808 2251 2983 2306 neque
3011 2238 3236 2306 incmpit
3274 2251 3441 2307 gene-

1862 2334 1995 2394 rari,
2029 2341 2087 2386 ut
2130 2347 2225 2387 vos
2278 2330 2597 2401 opinamini,
2652 2330 2746 2384 sed
2794 2330 3013 2399 genitus
3057 2327 3299 2398 quidem,
3347 2343 3442 2382 co-

1862 2436 2099 2479 :eternus
2133 2423 2506 2487 nihilominus,
2557 2433 2616 2482 ut
2646 2422 2818 2476 Filius
2858 2422 3131 2476 exsistens
3161 2421 3213 2473 in
3260 2420 3437 2474 Patre.

1861 2516 2015 2570 Sicut
2047 2515 2230 2583 igitur,
2265 2514 2309 2569 si
2347 2527 2538 2567 recens
2573 2522 2746 2577 esset,
2772 2512 3010 2578 ejusdem
3042 2512 3293 2566 essentiae
3322 2526 3444 2566 esse

1860 2623 1983 2662 cum
2016 2606 2174 2661 Patre
2208 2605 2377 2662 Filius
2423 2620 2765 2676 nequaquam
2802 2613 3006 2673 posset,
3068 2605 3141 2659 ita
3178 2605 3343 2659 etiam
3376 2618 3443 2659 eo

1862 2700 1978 2769 ipso
2007 2700 2151 2769 quod
2186 2713 2376 2755 recens
2402 2712 2507 2753 non
2538 2706 2645 2760 est,
2674 2695 3154 2751 consubstantialis
3190 2708 3312 2751 esse
3346 2696 3445 2751 de-

1860 2794 2123 2849 claratur.

2537 2860 2767 2917 ALIUD.

1936 2975 1994 3030 Si
2030 2976 2129 3029 soli
2164 2974 2275 3029 Deo
2315 2974 2613 3029 secundum
2649 2982 2897 3027 naturam
2930 2973 3179 3028 adoratio
3212 2986 3245 3026 a
3288 2972 3444 3028 nobis

178 3049 233 3085 τε
264 3032 425 3104 ἡμῶν
448 3034 543 3087 καὶ
561 3036 808 3104 ἀγγέλων
840 3037 1137 3107 ὀφείλεται,
1168 3041 1339 3113 ἑτέρῳ
1366 3042 1425 3097 δὲ
1454 3042 1650 3111 οὐδενὶ,
1668 3048 1761 3100 καὶ

1875 3074 1919 3120 at
1950 3063 2155 3134 angelis
2181 3063 2431 3126 debetur,
2462 3074 2515 3117 et
2546 3062 2675 3116 nulli
2711 3062 2893 3126 alteri,
2923 3073 2978 3117 et
3013 3062 3080 3117 de
3115 3062 3273 3118 nobis
3309 3066 3446 3116 scri-

177 3126 262 3194 ὲφ⁹
297 3125 461 3196 ἡμῶν
490 3126 589 3197 μὲν
625 3126 893 3183 τέθειται’
920 3150 938 3181 ι
962 3130 1167 3202 Κύριον
1192 3132 1284 3187 τὸν
1312 3134 1445 3189 Θεόν
1473 3152 1567 3190 σου
1586 3154 1759 3208 προσ-

1875 3125 2145 3222 ptumvest
2179 3170 2192 3204 :
2225 3171 2244 3205 ι
2285 3125 2568 3208 Dominum
2620 3151 2789 3205 Deum
2835 3125 2982 3206 tuum
3029 3154 3281 3208 adorabis
3306 3154 3383 3219 “;
3419 3172 3438 3206 ι

179 3220 460 3288 κυνήσεις,
495 3236 514 3268 ι
544 3219 798 3288 ἀγγέλοις
831 3221 887 3274 δὲ
923 3222 986 3276 τὸ
1016 3222 1243 3294 Πνεῦμα
1274 3226 1484 3282 κελεύει
1515 3247 1759 3301 προσκυ-

178 3313 289 3363 νεῖν
314 3310 411 3363 τὸν
430 3310 581 3374 Υἰὸν,
606 3311 750 3366 κατά
772 3312 854 3377 τὸ,
888 3333 905 3364 ι
933 3314 1102 3369 Ὅταν
1127 3316 1187 3370 δὲ
1213 3318 1485 3391 εἰσαγάγῃ
1501 3320 1592 3375 τὸν
1608 3338 1757 3393 πρωσ

180 3402 401 3454 τότοκον
439 3402 517 3464 εἰς
548 3401 644 3472 τὴν
672 3402 1017 3476 οἰκουμένην,
1061 3405 1244 3475 λέγει·
1289 3409 1402 3462 Καί⁸
1445 3427 1760 3483 προσκυνη-

179 3492 434 3546 σάτωσαν
454 3491 604 3564 αύτῷ
630 3493 831 3557 πάντες
859 3494 1079 3564 ἄγγελοι
1101 3496 1259 3565 Θεοῦ,
1296 3518 1316 3552 ι
1337 3499 1469 3565 Θεὸς
1484 3500 1594 3573 ἄρα
1612 3502 1761 3557 ἐστὶν

179 3587 206 3637 6
232 3583 711 3656 προσκυνούμενος
741 3585 892 3650 Υἱός.
930 3587 1054 3652 Πῶς
1086 3584 1179 3643 οῦν
1230 3589 1384 3646 ἔσται
1422 3593 1521 3663 μία
1548 3594 1758 3665 θεότης,

180 3678 227 3730 εἰ
252 3676 360 3730 οὐκ
388 3676 523 3740 ἐστι,
554 3676 677 3730 καθ’
702 3678 868 3748 ὑμᾶς,
898 3680 1182 3751 όμοούσιος
1208 3682 1288 3754 τῷ
1312 3684 1525 3757 Πατρί;
1557 3686 1621 3740 Εἰ
1652 3686 1761 3758 γὰρ

180 3772 294 3839 ἔχει
309 3768 438 3822 τινὰ
454 3767 736 3822 διάστασιν
760 3770 881 3841 ἧτοι
902 3771 1166 3844 διαφορὰν
1188 3774 1330 3828 κατὰ
1346 3775 1439 3829 τὸν
1455 3777 1554 3844 τῆς
1573 3778 1762 3843 οὐσίας

182 3862 366 3929 λόγον,
400 3861 636 3931 ἑτεροῖος
668 3862 766 3933 μὲν
806 3862 873 3916 ἂν
901 3863 986 3935 εἴη
1017 3862 1150 3929 Θεὸς
1180 3867 1209 3919 6
1238 3866 1400 3934 Υἱὸς,
1435 3868 1673 3939 ἑτεροῖος
1703 3870 1762 3924 δὲ

181 3955 209 4005 6
237 3953 456 4023 Πατὴρ,
481 3954 579 4006 καὶ
606 3952 698 4007 δύο
742 3954 885 4008 κατὰ
920 3954 1080 4009 τοῦτο
1115 3956 1283 4022 Θεοὺς
1310 3958 1524 4031 ἀνάγκη
1547 3960 1725 4030 λέγειν
1743 3977 1758 3992 ·

181 4046 320 4116 ὅπερ
354 4046 501 4099 ἐστὶν
536 4045 752 4111 ἀσεϐὲς,
786 4046 883 4100 καὶ
915 4046 1038 4101 οὐδὲ
1070 4046 1232 4122 μέχρι
1260 4050 1422 4121 μόνον
1453 4052 1624 4123 ἀκοῆς
1657 4072 1762 4109 πα·

184 4136 468 4205 ραδεκτόν.
517 4137 655 4190 Ἀλλ’
682 4138 799 4192 ἔστι
821 4138 921 4209 μία
949 4139 1160 4213 ϐεότης,
1184 4142 1277 4195 καί⁵
1296 4140 1439 4198 οὕτω
1465 4144 1763 4217 κηρύττου-

185 4246 268 4281 σιν
300 4230 362 4282 αἰ
386 4228 528 4284 θεῖαι
559 4230 771 4301 Γραφαι
790 4248 805 4263 ·
839 4232 1124 4302 όμοούσιος
1150 4235 1259 4305 ἀρα
1272 4234 1351 4305 τῷ
1364 4237 1539 4311 Πατρί
1564 4240 1594 4293 ὁ
1613 4239 1758 4307 Υἱός.

182 4319 346 4376 Οῦτω
380 4321 491 4394 γὰρ
524 4322 588 4376 τὸ
615 4322 674 4377 ἓν
694 4323 922 4394 Θεότητι
955 4327 1282 4399 σωθήσεται.

873 4434 1081 4493 AAAO.

260 4548 325 4600 Εἰ
349 4546 555 4617 ἦρξατο
579 4547 674 4602 τοῦ
704 4550 900 4621 γεννᾷν
925 4548 1018 4604 τὸν
1045 4551 1176 4607 Υἰδν
1204 4553 1235 4606 6
1265 4554 1455 4628 Πατὴρ
1498 4556 1593 4613 καὶ
1633 4576 1767 4613 κατι-

188 4640 420 4704 έπαυσε,
454 4640 594 4694 κατὰ
612 4640 710 4712 τὴν
736 4640 844 4697 τῶν
869 4646 1252 4716 χριστομάχων
1295 4650 1509 4719 μανίαν,
1546 4651 1769 4707 ἀλλοίω-

191 4732 276 4795 σις
298 4749 385 4795 τις
414 4732 506 4785 καὶ
528 4732 799 4805 μεταϐολὴ
833 4734 960 4805 περί
980 4736 1141 4790 αὐτὸν
1167 4738 1407 4807 γέγονεν.
1446 4743 1510 4795 Ὃ
1542 4742 1650 4815 γάρ
1670 4745 1768 4799 οὐκ

189 4817 259 4899 ἦν
281 4822 410 4893 πρὶν
432 4824 687 4896 γεννήσῃ,
727 4822 918 4892 γέγονε
942 4824 1081 4895 μετά
1098 4823 1160 4879 τὸ
1186 4830 1465 4899 γεννῆσαι.
1488 4829 1552 4883 Εἰ
1579 4830 1636 4883 δὲ
1659 4832 1768 4885 τῶν

190 4897 454 4967 τοιούτων
483 4913 741 4983 ἀνωτέρω
772 4915 833 4968 τὸ
865 4913 1006 4969 θεῖόν
1053 4917 1169 4970 ἐστι
1214 4897 1423 4992 τροπῆς
1454 4938 1516 4974 τε
1539 4922 1634 4975 καὶ
1672 4923 1771 4976 ἀλ-

190 5002 465 5067 λοιώσεως
497 5004 869 5073 ἀνεπίδεκτον,
899 5007 1001 5060 οὐκ
1031 5007 1234 5080 ἤρξατο
1280 5009 1375 5064 τοῦ
1407 5015 1623 5085 γεννᾷν,
1653 5015 1774 5069 οὐδὲ

193 5096 532 5161 κατέπαυσε,
566 5098 819 5170 καθάπερ
844 5093 992 5153 οῦτοι
1022 5118 1187 5171 φασιν
1208 5118 1224 5133 ·
1271 5103 1388 5158 ἀλλ’
1426 5101 1496 5177 ἦν
1532 5107 1774 5177 ἀχρόνως

192 5189 254 5240 ὲν
276 5187 452 5259 Πατρὶ
481 5190 511 5242 ό
546 5189 655 5243 τῶν
706 5189 920 5245 αἰώνων
971 5193 1067 5247 καὶ
1099 5192 1305 5265 χρόνων
1345 5196 1575 5268 ποιητὴς
1622 5198 1771 5264 Υἱός.

205 5276 427 5351 Ἐπειδὴ
447 5279 503 5333 δὲ
536 5280 820 5347 συναΐὸιος,
848 5280 938 5335 διὰ
966 5281 1124 5337 τοῦτο
1146 5284 1241 5337 καὶ
1270 5286 1577 5357 ὁμοούσιος.

879 5484 1084 5540 MAG.

267 5590 334 5647 Εἰ
362 5591 565 5664 ἤρξατο
585 5594 678 5670 ⁸ιεοῦ
711 5597 907 5665 γεννᾷν
926 5596 957 5649 6
998 5598 1190 5670 Πατὴρ
1231 5600 1323 5655 τὸν
1346 5602 1497 5669 Υίδν,
1537 5609 1774 5677 προσγέ-

270 5754 314 5783 ¹⁸
354 5754 503 5810 Deut.
543 5769 619 5822 vr,
660 5756 760 5822 15;
792 5754 981 5812 Matth.
1018 5774 1089 5824 Iv,
1128 5760 1210 5816 10.
1293 5762 1337 5793 ¹²
1363 5761 1525 5821 Hebr.
1554 5782 1592 5834 ι,
1632 5770 1681 5825 6.

1867 3245 2073 3315 angelis
2117 3260 2248 3298 vero
2301 3244 2533 3314 Spiritus
2572 3243 2728 3312 jubet
2761 3244 2993 3297 adorare
3034 3244 3253 3312 Filium,
3286 3245 3443 3317 juxta

1869 3336 1999 3390 illud
2031 3353 2045 3387 τ
2074 3353 2098 3386 ο
2132 3336 2359 3401 Quando
2394 3334 2668 3389 induxerit
2700 3335 3120 3403 primogenitum
3172 3335 3225 3390 in
3254 3338 3441 3392 orbem

1869 3437 2180 3493 terrarum,
2236 3427 2410 3481 dicit:
2446 3426 2509 3480 Et
2572 3427 2803 3479 adorent
2849 3442 2971 3481 eum
3023 3444 3214 3483 omnes
3267 3430 3445 3502 angeli

1867 3519 1963 3574 Dei
1986 3520 2069 3589 “;
2097 3538 2116 3569 ι
2177 3519 2319 3573 Deus
2356 3532 2485 3587 ergo
2531 3530 2615 3571 eet
2667 3517 2837 3572 Filius
2870 3518 2962 3588 qui
3011 3519 3291 3574 adoratur.
3326 3521 3446 3588 Quo

1868 3621 2026 3680 pacto
2056 3609 2221 3680 igitur
2242 3611 2349 3663 erit
2386 3625 2490 3662 una
2523 3608 2721 3675 deitas,
2758 3610 2801 3663 si
2834 3624 2941 3663 non
2975 3620 3080 3675 est,
3105 3622 3163 3665 ut
3198 3627 3294 3669 vos
3327 3615 3447 3684 opi-

1870 3702 2099 3768 namini,
2131 3701 2617 3757 consubstantialis
2647 3700 2833 3755 Patri?
2862 3702 2917 3755 Si
2952 3703 3096 3756 enim
3132 3703 3445 3759 distantiam

1868 3791 1983 3843 sive
2010 3788 2371 3844 differentiam
2413 3789 2578 3842 ullam
2617 3789 2779 3842 habet
2807 3790 3021 3845 ratione
3052 3794 3324 3855 essentia,
3359 3794 3443 3846 di-

1867 3897 2060 3937 versus
2092 3895 2228 3936 sane
2273 3880 2435 3936 fuerit
2468 3881 2611 3935 Deus
2641 3880 2813 3935 Filius
2842 3898 2871 3935 a
2911 3880 3023 3937 Deo
3057 3881 3240 3949 Patre,
3282 3894 3447 3955 atque

1870 3973 1943 4027 ita
1991 3972 2127 4026 duos
2150 3973 2290 4026 Deos
2326 3972 2663 4027 constituere
2715 3987 2936 4029 necesse
2968 3974 3115 4029 erit:
3149 3975 3291 4044 quod
3322 3980 3446 4045 qui-

1868 4065 1989 4119 dem
2022 4063 2244 4133 impium
2281 4074 2383 4129 est,
2417 4074 2472 4118 et
2502 4064 2585 4118 vel
2612 4064 2726 4119 solo
2749 4065 2935 4120 auditu
2962 4066 3322 4123 exsecrabile.
3350 4068 3449 4121 Αι-

1868 4158 1959 4226 qui
1994 4171 2101 4211 una
2137 4166 2221 4211 est
2255 4156 2450 4220 deitas,
2489 4165 2652 4223 atque
2685 4157 2757 4211 ita
2800 4173 2970 4213 sacrae
3005 4157 3225 4214 Littera:
3254 4161 3449 4229 pradi-

1869 4256 1993 4300 cant
2025 4264 2040 4302 :
2071 4245 2552 4305 consubstantialis
2605 4249 2770 4319 igitur
2806 4259 2890 4306 est
2938 4249 3084 4306 Patri
3135 4252 3325 4310 Filius.
3372 4254 3447 4308 Ita

1870 4341 2017 4393 enim
2050 4339 2233 4395 unitas
2270 4339 2323 4393 in
2363 4338 2575 4395 Deitate
2606 4344 3040 4400 conservabitur.

2540 4454 2772 4511 ALIUD.

1946 4569 2004 4623 Si
2037 4569 2203 4639 capit
2233 4583 2495 4638 generare
2538 4568 2735 4624 Filium
2779 4568 2939 4626 Pater
2986 4580 3041 4626 et
3082 4571 3264 4638 desiit,
3293 4572 3447 4644 juxta

1875 4660 2118 4714 insanam
2151 4661 2360 4715 Christi
2388 4661 2622 4716 hostium
2666 4661 2999 4731 opinionem,
3029 4663 3279 4719 alteratio
3299 4681 3451 4736 quae-

1876 4754 1999 4805 dam
2030 4760 2083 4806 et
2116 4753 2351 4807 mutatio
2367 4754 2416 4808 ei
2447 4754 2665 4809 accidit.
2697 4753 2831 4809 Nam
2864 4757 3009 4825 quod
3048 4773 3154 4811 non
3202 4769 3321 4812 erat
3347 4774 3449 4810 aii-

1876 4850 2093 4911 tequam
2123 4853 2435 4915 generaret,
2480 4845 2659 4905 lactus
2702 4856 2781 4901 est
2816 4858 3104 4917 postquam
3145 4850 3445 4916 generavit.

1874 4934 2039 5004 Atqui
2076 4935 2121 4991 si
2150 4936 2411 4993 divinitas
2453 4938 2582 4992 nulli
2614 4939 2924 4994 alterationi
2962 4941 3320 4995 mutationive
3354 4942 3452 4994 0b-

1877 5027 2040 5080 noxia
2070 5037 2181 5092 est,
2225 5041 2332 5081 non
2372 5044 2505 5099 ergo
2535 5031 2702 5101 cmpit
2738 5026 3031 5103 generare,
3066 5046 3243 5101 neque
3286 5032 3450 5085 etiam

1876 5118 2077 5184 desiit,
2144 5123 2597 5190 quemadmodum
2654 5124 2742 5180 isti
2794 5127 3131 5194 opinantur,
3188 5125 3283 5180 sed
3334 5136 3453 5180 erat

1876 5209 2082 5279 absque
2122 5221 2366 5282 tempore
2405 5216 2458 5270 in
2490 5213 2673 5284 Patre,
2707 5216 3027 5271 saeculorum
3061 5227 3117 5271 et
3148 5225 3457 5287 temporum

1876 5301 2119 5354 omnium
2170 5303 2422 5359 conditor
2452 5303 2640 5361 Filius.
2689 5305 2825 5362 Cum
2853 5322 2985 5363 vero
3027 5317 3331 5362 coaeternus
3361 5305 3466 5369 sit,

1880 5392 2193 5447 necessario
2219 5394 2386 5449 etiam
2423 5397 2920 5453 consubstantialis.

2555 5511 2785 5571 ALIUD.

1955 5615 2013 5674 Si
2047 5616 2207 5676 Patcr
2235 5624 2394 5694 coepit
2426 5640 2689 5695 generare
2721 5627 2942 5695 Filium,
2973 5627 3205 5685 accessit
3233 5625 3465 5683 omnino
