3876 6208
430 319 524 375 131

1420 310 1479 366 8.
1518 308 1792 365 CYRILLI
1834 306 2304 364 ALEXANDRlNI
2343 304 2666 361 ARCHIEP.

3592 308 3697 356 152

431 438 536 490 hoc
582 430 650 486 ad
678 428 970 485 essentiam
998 425 1193 498 ipsms,
1219 432 1275 478 et
1312 424 1457 495 quod
1504 425 1659 480 initio
1689 439 1797 479 non
1837 424 2004 479 habe-

2116 439 2266 491 γονεν
2286 422 2393 492 άρα
2430 425 2497 494 τῇ
2523 420 2691 492 οὐσίᾳ.
2711 419 2876 475 αὑτοῦ
2905 436 3082 483 τουτο,
3114 417 3209 473 καὶ
3242 414 3379 486 ἅπερ
3414 415 3513 468 οὐκ
3545 410 3697 487 εἶχεν

431 528 543 591 bat,
577 531 765 594 postea
802 519 1032 589 accepit.
1060 517 1215 585 Quod
1256 531 1382 571 vero
1426 517 1750 573 incrementi
1779 517 2007 586 alicujus

429 628 515 674 est
553 631 745 686 capax,
778 612 1159 683 imperfectum
1196 610 1409 665 censeri
1456 611 1637 677 debet,
1678 626 1785 665 non
1824 620 2005 665 autem

430 712 749 782 perfectum.
791 708 901 780 79
944 708 1052 762 Sed
1111 706 1213 760 hoc
1262 705 1555 760 absurdum
1610 716 1734 759 est:
1768 704 2005 774 perfecta

428 805 573 858 enim
615 812 698 857 est
730 799 911 855 Patris
952 797 1214 853 essentia.
1249 795 1530 851 Generare
1575 795 1741 866 igitur
1772 810 1877 850 non
1908 794 2010 849 fuit

432 894 484 946 in
517 907 585 949 eo
627 890 1018 953 accessorium,
1072 888 1167 943 sed
1226 886 1388 942 infuit
1436 887 1541 942 hoc
1584 888 1631 942 ei
1680 888 1749 943 ab
1781 895 2005 953 αξιοι-πο,

430 998 606 1053 neque
637 997 871 1051 unquam
906 994 1029 1035 esse
1065 980 1252 1049 erepit.
1293 977 1350 1033 Si
1369 988 1547 1031 autem
1582 993 1686 1032 non
1723 979 1888 1047 cmpit
1912 994 2007 1047 ge-

430 1091 647 1141 nerare,
669 1083 972 1130 coaeternus
1007 1088 1136 1142 ergo
1162 1081 1246 1125 est
1287 1070 1433 1125 Patri
1468 1069 1640 1126 Filius
1666 1084 1733 1124 ex
1780 1071 1895 1139 ipso
1914 1085 2008 1137 ge-

430 1170 595 1224 nitus.
626 1167 688 1221 Et
719 1164 1210 1237 quemadmodum,
1240 1163 1286 1217 si
1320 1161 1530 1217 initium
1575 1160 1869 1217 exsistendi
1911 1162 2009 1217 ha-

428 1260 659 1323 buisset,
702 1275 805 1314 non
848 1267 997 1311 esset
1038 1255 1521 1310 consubstantialis
1548 1254 1734 1309 Patri:
1762 1254 2009 1324 ita,quia

428 1367 536 1407 non
594 1350 785 1405 habuit
834 1349 1048 1404 initium
1100 1348 1154 1403 in
1207 1357 1489 1418 tempore,
1531 1346 2011 1402 consubstantialis

426 1443 652 1499 omnino
679 1443 803 1498 erit.

908 1529 1143 1598 ALIUD,
1186 1529 1524 1599 explicatius.

500 1668 967 1735 Quemadmodum
1014 1668 1089 1723 illi
1130 1668 1220 1736 qui
1254 1665 1466 1721 veritati
1504 1672 1827 1735 repugnant,
1858 1662 2007 1733 prin-

2108 517 2166 569 ὲν
2189 515 2355 587 ἀρχῇ,
2382 513 2717 587 προσέλαϐεν
2740 512 2984 584 ὕστερον.
3002 513 3076 566 Τὸ
3093 511 3150 566 δὲ
3173 512 3491 583 προσθηκην
3512 509 3695 563 ἐπιδε-

2107 607 2336 678 χόμενον
2381 624 2523 672 τινα,
2578 605 2766 669 ἀτελὲς
2794 604 2860 659 ἂν
2884 605 2991 675 εἴη,
3023 604 3118 657 καὶ
3160 604 3222 655 οὐ
3262 601 3487 658 τέλειον.
3530 598 3698 657 Ἀλλὰ

2108 699 2266 753 τοῦτο
2290 698 2489 753 ἄτοπον
2514 715 2528 729 ·
2563 697 2743 751 τελεία
2776 697 2885 768 γὰρ
2923 700 2955 768 ἡ
2982 694 3075 749 τοῦ
3109 693 3323 765 Πατρὸς
3367 693 3544 748 οὐσία.
3577 693 3695 748 οὐκ

2109 792 2217 863 ἄρα
2246 791 2613 863 προσγέγονεν
2658 789 2796 859 αὐτῇ
2832 787 2892 842 τὸ
2924 788 3119 858 γεννᾷν
3141 828 3159 851 ,
3203 784 3319 839 ἀλλ’
3346 780 3415 857 ἦν
3458 786 3517 838 έν
3550 785 3693 853 αὐτῇ

2052 900 2056 905 ·
2107 886 2268 939 τοῦτο
2295 885 2395 938 οὐκ
2429 883 2758 956 ἀρξάμενον.
2786 882 2850 935 El
2870 881 2928 933 δὲ
2956 881 3056 934 οὐκ
3080 878 3283 951 ἦρξατο
3323 879 3538 949 γεννᾷν,
3564 893 3694 930 συν-

2110 979 2278 1042 αἲδιος
2312 979 2422 1049 ἄρα
2444 978 2563 1031 ἐστὶ
2584 975 2661 1047 τῷ
2687 974 2866 1046 Πατρὶ
2889 975 2918 1027 6
2945 972 3004 1038 ἐξ
3029 971 3193 1026 αὑτοῦ
3229 971 3509 1042 γεννηθεὶς
3536 969 3690 1033 Υἱός.

2109 1072 2222 1127 Καὶ
2244 1071 2431 1141 ὥσπερ
2456 1071 2504 1123 εἰ
2526 1069 2700 1141 ἀρχὴν
2724 1068 2849 1138 ἔσχε
2870 1066 2964 1122 τοῦ
2994 1064 3153 1131 εἶναι,
3182 1066 3283 1119 οὐκ
3306 1064 3371 1119 ἂν
3396 1060 3464 1136 ἦν
3492 1062 3692 1135 ὀμ,οού-

2112 1182 2246 1229 σιος,
2273 1164 2446 1228 οὕτως
2471 1164 2593 1217 ἐπεὶ
2622 1162 2699 1235 μὴ
2729 1161 2885 1233 ἔσχεν
2908 1159 3084 1233 ἀρχὴν
3101 1159 3200 1231 τὴν
3226 1159 3283 1213 ὲν
3316 1158 3512 1231 χρόνῳ,
3536 1157 3692 1211 ἔσται

2112 1258 2329 1322 πάντως
2358 1256 2663 1329 δμοούσιος.

2553 1517 2759 1585 ΑΛΛΟ,
2792 1516 3247 1588 διηγηματικῶς.

2182 1647 2396 1721 ’Ὠσπερ
2424 1651 2473 1703 οἱ
2500 1652 2565 1721 τῇ
2594 1650 2826 1723 ἀληθείᾳ
2851 1650 3168 1721 μαχόμενοι,
3200 1646 3376 1720 ἀρχὴν
3414 1648 3506 1701 καὶ
3537 1647 3695 1711 τέλος

426 1761 626 1830 cipiunt
650 1772 705 1815 et
730 1761 890 1815 ﬁnem
923 1760 1257 1831 generationi
1291 1759 1413 1814 Filii
1443 1759 1800 1821 ascribentes,
1832 1757 2005 1827 ipsum

2116 1742 2176 1811 τῇ
2199 1740 2292 1793 τοῦ
2318 1739 2448 1794 Υίοῦ
2475 1743 2727 1811 γεννήσει
2744 1741 3134 1813 περιτιθέντες.
3159 1739 3511 1794 ὲκσάλλουσιν
3528 1739 3696 1793 αὐτὸν

430 1854 500 1909 ab
558 1852 916 1908 similitudine
978 1868 1101 1907 cum
1159 1851 1321 1908 Patre
1374 1850 1707 1916 excludunt;
1765 1848 1838 1903 ita
1887 1861 2006 1911 nos,

427 1957 607 2013 neque
663 1944 985 2014 principium
1029 1957 1205 2012 neque
1244 1942 1405 1995 ﬁnem
1459 1936 1828 2011 generationis
1887 1935 2008 1990 Filii

425 2044 804 2102 agnoscentes,
867 2032 1237 2086 omnimodam
1289 2031 1339 2085 ei
1405 2029 1823 2085 similitudinem
1885 2040 2009 2081 cum

426 2124 586 2180 Patre
630 2125 936 2180 tribuimus.
979 2123 1133 2191 Quod
1180 2136 1311 2178 vero
1349 2137 1447 2193 per
1487 2120 1669 2177 omnia
1699 2119 1877 2175 simile
1906 2126 2008 2186 est,

428 2216 899 2272 consubstantiale
921 2217 1085 2270 etiam
1111 2224 1211 2269 est.

592 2350 745 2417 Quod
804 2348 1269 2405 comubstantialis
1320 2348 1389 2402 sit
1442 2346 1620 2401 Filius
1678 2344 1851 2400 Patri.

1021 2442 1261 2511 Objectio
1284 2441 1440 2496 Aetii.

496 2558 617 2626 Quo
655 2566 817 2629 pacto
842 2556 1014 2628 possit
1042 2558 1272 2621 servari,
1311 2556 1509 2626 inquit,
1548 2554 1803 2610 identitas
1834 2566 2015 2609 essen-

428 2652 518 2705 tia:
556 2654 610 2704 in
658 2650 821 2704 Patre
873 2659 927 2703 et
968 2647 1129 2716 Filio,
1178 2651 1223 2703 si
1270 2647 1433 2704 Pater
1482 2649 1699 2719 quidem
1739 2648 2014 2714 ingenitus

424 2754 531 2808 est,
570 2743 740 2796 Filius
784 2752 968 2795 autem
1019 2742 1273 2811 genitus?
1314 2739 1695 2795 Necessariqu
1747 2741 1891 2796 enim
1931 2748 2016 2793 est

428 2837 592 2906 plane
629 2835 787 2889 lateri
832 2833 976 2887 nulla
1026 2848 1091 2887 ex
1122 2845 1275 2902 parte
1325 2832 1524 2888 similia
1556 2846 1681 2887 esse
1713 2830 2011 2901 ingenitum

424 2936 481 2980 et
506 2925 773 2994 genitum.
806 2924 878 2978 At
907 2924 952 2978 si
984 2923 1182 2978 similia
1218 2933 1367 2989 sunt,
1400 2923 1536 2977 nihil
1561 2924 1841 2978 obstiterit
1878 2937 2014 2993 quo-

426 3017 606 3069 minus
649 3022 707 3067 et
759 3011 977 3068 Patrem
1031 3012 1295 3083 genitum,
1355 3022 1411 3068 et
1465 3011 1662 3067 Filium
1712 3012 2011 3084 ingenitum

425 3104 758 3176 appellemus
814 3104 1111 3173 omniaque
1135 3103 1558 3160 confundamus.

927 3214 1141 3272 Salutio
1184 3216 1514 3287 objectionis.

495 3336 598 3402 Qui
650 3335 764 3389 haec
812 3331 885 3388 ita
939 3334 1191 3404 imperite
1233 3331 1445 3401 objicit,
1492 3331 1728 3387 vicissim
1776 3346 1807 3384 a
1856 3330 2013 3386 nobis

423 3429 609 3483 audiet
639 3445 653 3481 :
683 3428 802 3495 Quo
843 3435 1003 3496 pacto
1043 3440 1150 3481 non
1200 3426 1372 3495 possit
1397 3428 1602 3480 servari
1636 3427 1891 3480 identitas
1922 3439 2010 3480 es-

423 3522 613 3576 sentia:
645 3521 697 3576 in
727 3521 890 3575 Patre
915 3529 971 3577 et
1000 3519 1159 3581 Filio,
1191 3522 1235 3573 si
1266 3518 1436 3574 Filius
1473 3529 1557 3575 est
1585 3518 1763 3585 imago
1811 3516 2006 3580 Patris,

421 3623 479 3668 et
518 3614 571 3667 iu
609 3612 791 3683 seipso
822 3610 1064 3666 ostendit
1100 3608 1353 3665 Patrem?
1380 3608 1723 3664 Manifestum
1751 3609 1897 3663 enim
1925 3616 2011 3663 est

423 3717 480 3763 et
508 3708 578 3762 ab
610 3707 865 3761 omnibus
897 3705 1223 3768 admissum,
1279 3704 1549 3757 neminem
1592 3702 1647 3756 in
1675 3702 1777 3756 alia
1814 3713 2008 3756 natura

422 3801 586 3855 aliam
623 3813 890 3861 cernere;
940 3811 1116 3866 neque
1158 3797 1445 3866 quisquam
1485 3795 1667 3850 dicere
1704 3795 1875 3863 possit
1910 3808 2005 3857 se,

424 3904 549 3949 eum
581 3907 779 3961 equum
813 3890 1029 3957 viderit,
1054 3892 1332 3946 hominum
1362 3887 1598 3957 aliquem
1628 3888 1846 3942 vidisse.
1872 3884 2005 3939 Nam

424 3987 479 4040 in
520 3986 735 4055 iisquae
774 3985 1014 4056 ejusdem
1048 3992 1253 4038 natura:
1299 3990 1427 4035 sunt
1452 3980 1648 4035 similia
1683 3981 1846 4036 etiam
1886 3993 2005 4033 cer-

424 4089 659 4145 nuntur,
687 4093 791 4131 non
823 4078 876 4131 in
907 4076 974 4132 iis
1015 4090 1140 4146 quae
1184 4074 1326 4129 inter
1367 4088 1425 4128 se
1452 4073 1718 4128 dissident
1742 4114 1757 4139 ,
1794 4073 2005 4127 ratione

425 4171 571 4225 modi
612 4186 720 4239 quo
751 4170 1044 4224 exsistunt.
1076 4166 1133 4222 Si
1180 4181 1310 4237 ergo
1339 4166 1586 4235 Philippo
1629 4164 1865 4235 cupienti
1904 4162 2004 4217 Pa-

424 4276 561 4320 trem
614 4266 798 4319 videre
856 4262 1113 4318 Christus
1165 4260 1406 4329 seipsum
1461 4258 1715 4322 ostendit,
1775 4258 2000 4312 dicens:

427 4378 447 4412 ι
482 4359 582 4426 Qui
634 4359 767 4413 vidit
807 4371 914 4422 me,
945 4355 1084 4411 vidit
1130 4362 1186 4408 et
1230 4352 1447 4407 Patrem
1467 4352 1543 4418 ¹³;
1584 4371 1602 4403 ι
1652 4365 1873 4407 necesse
1920 4360 2002 4404 est

419 4449 644 4506 omnino
688 4459 745 4502 ut
792 4448 1034 4516 ejusdem
1077 4444 1330 4501 essentia:
1359 4444 1604 4498 dicamus
1645 4457 1765 4497 esse
1803 4441 1998 4497 Filium
2030 4483 2077 4539 Β

420 4558 545 4596 cum
583 4540 765 4606 Patre,
800 4550 859 4594 ut
900 4538 1274 4595 omnimodam
1313 4535 1600 4605 imaginem
1630 4545 1685 4591 et
1718 4536 1999 4591 characte-

423 4648 537 4689 rem
562 4648 674 4689 suae
705 4633 1080 4703 hypostaseos.

1089 4741 1318 4798 ALIUD.

492 4858 774 4923 Dominus,
810 4856 1026 4911 etiamsi
1072 4857 1286 4927 genitus
1350 4856 1457 4922 sit,
1503 4858 1699 4927 passim
1757 4855 1995 4927 seipsum

418 4948 945 5007 consubstantialem
993 4949 1141 5003 Patri
1174 4964 1296 5004 esse
1338 4951 1538 5005 docet:
1576 4949 1842 5018 siquidem
1889 4964 1998 5019 quo

421 5055 580 5115 pacto
609 5045 845 5114 seipsum
877 5042 1072 5097 Filium
1114 5058 1238 5098 esse
1274 5043 1445 5098 dicit?
1473 5042 1512 5097 Ε
1542 5042 1778 5106 diverso,
1816 5043 1998 5097 hostes

417 5138 621 5193 Christi
658 5136 927 5192 imbecilla
983 5152 1078 5189 sua
1138 5146 1442 5191 commenta
1484 5146 1838 5206 opponentes,
1882 5136 1997 5190 ﬁeri

419 5241 525 5279 non
576 5240 733 5294 posse
771 5225 922 5279 aiunt
953 5225 1067 5296 80
1108 5235 1187 5293 ut,
1221 5242 1343 5280 cum
1382 5226 1453 5280 sit
1488 5228 1725 5294 genitus,
1759 5227 1998 5295 ejusdem

416 5314 671 5367 essentia:
721 5314 796 5368 sit
839 5330 961 5368 cum
1014 5314 1175 5369 Patre
1221 5316 1312 5386 qui
1360 5326 1444 5370 est
1491 5316 1784 5385 ingenitus.
1832 5315 1997 5385 Atqui

417 5420 541 5457 cum
573 5405 825 5461 Christus
854 5406 942 5461 illa
972 5407 1039 5461 de
1076 5408 1253 5478 seipso
1282 5408 1450 5473 dicat,
1484 5408 1599 5463 ha'c
1631 5423 1765 5463 vero
1793 5405 1997 5463 Christi

418 5494 625 5559 hostes,
659 5497 936 5565 quisnam,
961 5499 1207 5565 obsecro,
1237 5514 1302 5555 eo
1333 5501 1619 5557 dementia:
1639 5501 1907 5574 pervenit,
1938 5509 1998 5556 ut

415 5599 639 5643 censeat
670 5588 979 5648 hominibus
1010 5593 1189 5664 potius
1217 5594 1545 5654 credendum
1580 5610 1743 5668 quam
1770 5594 1904 5661 Deo,
1943 5604 1999 5651 et

488 5764 531 5796 "
552 5763 708 5822 toan.
742 5782 851 5834 xlv,
881 5771 935 5825 9.

2111 1832 2211 1902 τῆς
2234 1832 2553 1903 ὁμοιότητος
2576 1832 2679 1904 τῆς
2708 1835 2843 1904 πρὸς
2867 1832 2960 1886 τὸν
2990 1831 3362 1903 Γέγεννηκότα
3380 1846 3396 1861 ο
3428 1831 3573 1885 οὕτω
3594 1830 3694 1884 καὶ

2113 1926 2274 1997 ⁴ἡμεῖς
2301 1924 2425 1977 οὔτε
2451 1925 2647 1996 ἀρχὴν,
2677 1923 2801 1978 οὕτε
2824 1924 2975 1989 τέλος
3013 1925 3142 1996 περὶ
3162 1924 3260 1996 τὴν
3293 1923 3386 1977 τοῦ
3420 1922 3552 1976 Υἱοῦ
3572 1924 3697 1991 γέν-

2112 2036 2266 2089 νησιν
2302 2017 2753 2089 παραδεχόμενοι,
2788 2017 3114 2089 εἰσφέρομεν
3143 2016 3307 2070 αὐτὸν
3331 2016 3410 2080 είς
3441 2014 3695 2086 ἀπαράλο

2112 2109 2310 2165 λακτον
2346 2111 2637 2180 ὁμοιότητα
2666 2109 2761 2181 τὴν
2784 2110 2919 2181 πρὸς
2947 2109 3036 2162 τὸν
3064 2108 3304 2180 Πατέρα.
3334 2108 3406 2161 Τὸ
3430 2107 3489 2161 δὲ
3508 2108 3696 2178 ὅμοιον

2113 2202 2255 2257 κατὰ
2288 2204 2487 2268 πάντα,
2525 2204 2620 2258 καὶ
2644 2202 2947 2275 ὁμοούσιον.

2328 2344 2457 2397 Ὀτι
2506 2345 2831 2413 ὀμοούσιος
2885 2346 2919 2397 ὀ
2983 2342 3117 2410 Υἱὸς
3154 2342 3234 2409 τῷ
3273 2344 3479 2412 Πατρι.

2430 2435 2729 2504 Πρότασις
2757 2436 2838 2501 ὠς
2869 2435 2937 2489 ὲκ
2964 2434 3084 2489 τῶν
3124 2435 3369 2491 Ἀετίου.

2186 2548 2297 2601 Καὶ
2324 2546 2443 2611 πῶς
2476 2547 2542 2601 ἂν
2573 2548 2811 2616 δύναιτο,
2863 2547 3020 2618 φησὶ,
3070 2548 3335 2618 ταυτότης
3362 2545 3552 2610 οὐσίας
3600 2545 3697 2599 ἐπί

2112 2657 2173 2695 τε
2204 2641 2418 2713 Πατρὺς
2471 2641 2567 2694 καὶ
2612 2640 2743 2694 Υίοῦ
2801 2640 3091 2705 σώζεσθαι,
3130 2640 3182 2693 εί
3212 2656 3274 2707 γε
3314 2641 3342 2692 6
3370 2638 3468 2709 μὲν
3502 2636 3697 2708 Πατὴρ

2114 2733 2406 2803 ἀγέννητός
2454 2732 2591 2796 ἐστι,
2646 2732 2901 2803 γεννητὸς
2948 2731 3005 2785 δὲ
3032 2732 3061 2783 6
3101 2731 3263 2797 Υἱός;
3310 2729 3547 2799 Ἀνάγκη
3585 2730 3698 2798 γὰρ

2114 2828 2265 2881 πᾶσα
2316 2826 2492 2894 λέγειν
2528 2827 2586 2879 έν
2625 2825 2800 2878 οὐδενὶ
2844 2823 3243 2895 παραλλάττειν
3292 2821 3352 2875 τὸ
3399 2820 3699 2891 ἀγέννητον

2115 2918 2251 2989 πρὸς
2279 2918 2339 2971 τὸ
2371 2917 2650 2988 γεννητόν.
2678 2918 2739 2970 Εἰ
2769 2916 2824 2971 δὲ
2850 2915 3026 2981 τοῦτο,
3051 2915 3203 2969 οὐδὲν
3231 2914 3462 2969 κωλύσει
3492 2914 3586 2966 καὶ
3604 2913 3700 2965 τὸν

2114 3013 2332 3084 Πατέρα
2363 3011 2622 3082 γεννητὸν
2643 3006 2785 3065 εἶναι
2814 3009 2993 3077 λέγειν
3024 3010 3119 3062 καὶ
3150 3007 3242 3061 τὸν
3284 3006 3409 3061 Υίὸν
3457 3005 3699 3075 ἀγέννη-

2065 3137 2082 3193 τ
2113 3123 2226 3170 τον,
2257 3104 2351 3158 καὶ
2389 3104 2724 3174 συγκέχυται
2743 3102 2805 3155 τὸ
2835 3103 2963 3156 πᾶν.

2604 3215 2763 3286 Πρὸς
2787 3215 2975 3270 ταῦτα
3002 3217 3204 3283 λύσις.

2196 3334 2253 3387 '0
2284 3331 2458 3386 ταῦτα
2490 3330 2794 3403 προτείνων
2836 3329 3067 3401 ἀμαθῶς
3087 3369 3103 3395 ,
3134 3329 3528 3384 ἀντακούσεται
3562 3332 3698 3400 παρ’

2110 3425 2269 3496 ἡμῶν
2288 3441 2302 3454 ·
2341 3424 2454 3479 Καὶ
2486 3423 2604 3487 πῶς
2629 3422 2697 3478 ἂν
2726 3422 2944 3476 δύναιτο
2969 3421 3235 3492 ταυτότης
3254 3422 3439 3485 οὐσίας
3476 3421 3553 3492 μὴ
3583 3422 3695 3474 σώ-

2108 3521 2299 3586 ζεσθαι
2342 3522 2435 3575 έπί
2488 3539 2548 3575 τε
2589 3521 2802 3593 Πατρὸς
2837 3522 2931 3575 καὶ¹
2966 3522 3128 3588 Υἱοῦ,
3165 3522 3219 3575 εί
3244 3539 3308 3591 γε
3344 3522 3437 3577 τοῦ
3478 3524 3698 3594 Πατρδς

2110 3614 2274 3669 εἰκών
2299 3614 2448 3667 ὲστιν
2476 3615 2505 3667 6
2531 3615 2677 3679 Υἱὸς,
2701 3616 2796 3668 καὶ
2824 3616 2883 3667 έν
2913 3614 3093 3687 ἑαυτῷ
3110 3614 3351 3670 δείκνυσι
3388 3617 3479 3669 τὸν
3513 3618 3695 3670 Πατέ-

2113 3723 2212 3777 ρα;
2247 3704 2484 3776 Εὖδηλον
2509 3707 2619 3778 γὰρ
2651 3706 2714 3778 δή
2750 3705 2949 3759 πουθέν
2986 3707 3103 3759 ἐστι
3158 3707 3252 3760 καὶ
3288 3707 3453 3760 πᾶσιν
3500 3707 3697 3776 ὁμολο-

2108 3801 2205 3870 γού
2215 3818 2394 3872 μενον,
2423 3798 2499 3861 ὡς
2527 3800 2701 3862 οὐδεὶς
2728 3800 2785 3851 ὲν
2822 3798 2988 3869 ἑτέρᾳ
3025 3797 3183 3867 φύσει
3222 3796 3320 3869 τὴν
3346 3798 3538 3869 έτέραν
3565 3798 3697 3866 ὅψε-

2107 3910 2233 3946 ται·
2260 3892 2370 3945 οὐδ’
2396 3892 2464 3947 ἄν
2498 3908 2582 3955 τις
2631 3892 2744 3962 ἔχοι
2775 3888 2955 3959 λέγειν
3006 3890 3171 3943 ἵππον
3200 3889 3479 3961 ἑωρακὼς,
3517 3891 3601 3943 ὅτι
3624 3891 3693 3961 δή

2106 4000 2227 4037 τινα
2249 3982 2359 4035 τῶν
2386 3982 2688 4056 ἀνθρώπων
2708 3981 2981 4036 τεθέαται.
3014 3980 3103 4035 Ἐν
3124 3980 3234 4053 γὰρ
3264 3984 3376 4044 τοῖς
3394 3982 3695 4050 ὀμοφυέσιν

2107 4078 2140 4149 ἡ
2165 4077 2273 4131 τῶν
2302 4077 2505 4148 ὁμοίων
2528 4075 2826 4141 ἀπόδειξις,
2849 4075 2950 4128 οὐκ
2974 4075 3031 4127 ὲν
3056 4074 3170 4138 τοῖς
3206 4074 3447 4145 ἀλλήλων
3469 4074 3692 4145 διεστη-

2106 4171 2246 4233 κόσι,
2278 4169 2417 4224 κατὰ
2445 4169 2535 4224 τὸν
2554 4169 2648 4223 τοῦ
2672 4169 2791 4231 πῶς
2807 4165 3134 4237 εἷναιλόγον.
3162 4169 3224 4221 El
3243 4168 3419 4223 τοίνυν
3437 4167 3691 4239 ζητοῦντι

2104 4262 2182 4333 τῷ
2209 4262 2461 4331 Φιλίππῳ
2514 4259 2606 4313 τὸν
2660 4260 2883 4331 Πατέρα
2936 4258 3088 4323 ἰδεῖν,
3112 4258 3306 4312 ἑαυτὸν
3359 4260 3692 4313 ἐπιδεικνύει

2103 4353 2359 4425 Χριστὸς,
2381 4352 2555 4421 λέγων
2574 4368 2586 4380 ·
2625 4369 2644 4404 ι
2689 4352 2747 4404 ’0
2782 4349 3043 4421 ἑωρακὼς
3064 4350 3181 4421 ἐμὲ,
3220 4349 3431 4421 ἑώρακε
3458 4351 3552 4403 τὸν
3575 4353 3692 4405 Ila—

2105 4447 2258 4517 τέρα,
2292 4464 2310 4497 ›
2342 4446 2556 4515 ἀνάγκη
2588 4446 2738 4499 πᾶσα
2769 4445 2868 4516 τῆς
2892 4444 3064 4516 αὐτῆς
3107 4443 3293 4507 οὐσίάς
3326 4439 3463 4497 εἶναι
3504 4443 3691 4512 λέγειν

2105 4540 2199 4592 τὸν
2226 4538 2354 4592 Υίὸν
2378 4538 2455 4609 τῷ
2478 4539 2674 4609 Πατρὶ,
2704 4537 2779 4603 ὡς
2812 4538 3228 4609 ἀπαράλλακτον
3252 4537 3434 4593 εἰκόνα
3463 4538 3560 4592 καὶ
3588 4555 3691 4609 χα-

2111 4633 2362 4705 ρακτῆρα
2381 4633 2482 4703 τῆς
2506 4632 2857 4695 ὑποστάσεως
2880 4630 3070 4687 αὐτοῦ.

2796 4744 2998 4797 ΑΛΛΟ.

2192 4857 2504 4929 Ὀμοούσιον
2532 4856 2722 4911 ἑαυτὸν
2749 4856 2879 4910 ὄντα
2903 4857 2981 4928 τῷ
3014 4858 3191 4929 Πατρὶ
3220 4858 3486 4913 διδάσκων
3510 4861 3539 4913 6
3570 4859 3689 4913 Κύ-

2111 4969 2224 5023 ριος
2252 4951 2444 5020 ὁρᾶται
2494 4948 2795 5019 πανταχοῦ,
2845 4949 3023 5004 καίτοι
3068 4952 3327 5020 γεννητὸς
3376 4950 3643 5025 ὑπάρχων
3669 4969 3686 4985 ’

2106 5046 2229 5099 ἐπεὶ
2254 5043 2372 5108 πῶς
2415 5043 2604 5097 ἑαυτὸν
2649 5043 2778 5096 Υἱὸν
2830 5038 2966 5096 εἷναί
3000 5045 3337 5116 φησιςΠρδς
3360 5044 3534 5099 ταῦτα
3586 5047 3691 5117 τὴν

2106 5136 2215 5190 ἀπὸ
2240 5135 2346 5188 τῶν
2361 5134 2577 5188 οἰκείων
2602 5134 2877 5205 λογισμῶν
2897 5136 3182 5189 ἀσθένειαν
3207 5136 3608 5205 ἁντεπάγοντες
3635 5140 3689 5191 οξ

2102 5226 2482 5298 χριστομάχοι,
2522 5227 2598 5297 μὴ
2628 5226 2889 5280 δύνασθαί
2938 5244 3101 5295 φασιν
3129 5268 3145 5293 ,
3192 5228 3383 5299 ἐπειδὴ
3425 5227 3690 5299 γεννητός

2101 5321 2239 5383 ἐστι,
2266 5318 2367 5388 τῆς
2412 5318 2585 5390 αὐτῆς
2631 5319 2819 5382 οὐσίας
2856 5312 2997 5371 εἶναι
3035 5319 3113 5391 τῷ
3160 5320 3439 5392 ἀγεννήτῳ
3483 5321 3683 5392 Πατρί.

2114 5412 2329 5464 Ἐκεῖνα
2359 5409 2652 5481 τοιγαροῦν
2687 5412 2815 5482 περὶ
2853 5410 3048 5466 ἑαυτοῦ
3093 5414 3394 5482 φάσκοντος
3421 5412 3514 5465 τοῦ
3545 5412 3687 5484 Χρι-

2100 5501 2253 5567 στοῦ,
2287 5501 2461 5555 ταῦτα
2484 5501 2540 5556 δὲ
2574 5502 2682 5556 τῶν
2712 5504 3117 5576 χριστομάχων,
3142 5504 3227 5568 τίς
3258 5506 3337 5567 είς
3379 5504 3538 5557 τοῦτο
3569 5522 3687 5575 μω-

2103 5596 2223 5668 ρίας
2246 5593 2560 5667 ἐκϐήσεται,
2588 5596 2665 5661 ὡς
2706 5595 2914 5652 οἴεσθαι
2941 5595 3053 5651 δεῖν
3093 5594 3369 5668 ἀνθρώπῳ
3412 5593 3617 5665 μᾶλλον
3650 5595 3685 5667 ἢ
