3876 6208
250 309 356 369 135

1657 308 2105 367 TIIESAURUS.

3399 305 3500 362 158

248 428 369 498 θ.ιῷ
398 426 695 490 πιστεύειν,
726 427 820 480 καὶ
852 426 927 498 μὴ
958 425 1057 495 τὴν
1082 424 1257 495 καλὴν
1296 423 1512 495 εκείνην
1554 425 1662 479 τῶν
1691 427 1827 479 ἀπο-

1939 441 2038 481 uon
2067 424 2244 492 potius
2272 422 2418 477 illam
2451 419 2803 493 apostolicam
2835 420 3159 476 sententiam
3172 419 3498 486 exclamem,

251 520 453 571 στόλων
489 516 827 586 φθέγγεσθαι
872 516 1076 588 φωνὴν,
1111 514 1289 583 λέγειν
1321 531 1381 567 τε
1420 514 1556 587 πρὸς
1576 517 1701 581 τοὺς
1730 519 1825 571 ἀν-

249 608 431 673 οσίους
463 609 795 680 αίρετικούςο
848 628 867 659 ι
915 607 1239 678 Πειθαρχεῖν
1271 607 1353 660 δεῖ
1389 606 1507 677 Θεῷ
1556 608 1755 678 μᾶλλον
1790 608 1824 680 ἦ

249 698 593 771 ἀνθρώποις;
629 719 649 752 ι
678 701 743 755 El
770 700 879 770 γὰρ
908 698 1157 752 ἀτονοῦσι
1180 700 1307 770 περὶ¹
1334 700 1433 771 τὴν
1446 702 1546 771 τῆς
1572 700 1828 772 ἀληθείας

254 791 595 861 κατάληψιν,
644 792 746 845 οὐκ
792 792 1041 862 ἀδικήσει
1088 789 1247 844 τοῦτο
1300 789 1606 863 προσούσης
1646 793 1827 855 αὐτοῖς

250 881 527 946 ἀϐουλίας.

931 996 1135 1049 ΔΛΛΟ.

319 1102 687 1173 Γεγεννῆσθαι
724 1102 819 1157 τόν
864 1104 993 1158 Υἰὸν
1020 1106 1085 1158 ὲκ
1111 1106 1352 1177 Πατρὸς,
1386 1106 1480 1161 καὶ
1505 1106 1657 1161 αὐτοὶ
1691 1111 1826 1162 πάν-

250 1212 360 1259 τως
377 1197 722 1266 ὁμολογεῖτεο
757 1199 819 1250 οὐ
856 1198 966 1269 γὰρ
996 1198 1072 1261 ὡς
1100 1198 1157 1251 ἓν
1205 1202 1314 1253 τῶν
1364 1200 1681 1271 ποιημάτων
1721 1201 1827 1267 ἔξω

252 1288 353 1358 τῆς
380 1288 567 1351 οὐσίας
593 1287 688 1341 τοῦ
711 1290 960 1353 τεκόντος
988 1290 1249 1345 κείσεται.
1278 1292 1387 1345 Καὶ
1411 1293 1525 1356 πῶς
1548 1294 1647 1345 οὐκ
1675 1292 1826 1345 ἔσται

251 1376 335 1445 τῷ
359 1377 570 1430 τεκόντι
594 1379 813 1443 πάντως
835 1380 1138 1450 όμοούσιος,
1164 1383 1217 1434 εἴ
1244 1399 1309 1451 γε
1347 1383 1514 1447 ὅντως
1543 1385 1662 1437 ἐστὶ
1704 1385 1828 1452 γέν-

253 1482 426 1536 νημα,
481 1466 691 1539 καρπὸς
734 1466 927 1539 ῶσπερ
958 1486 1039 1531 τις
1084 1470 1309 1538 φυσικὸς
1345 1468 1436 1522 τοῦ
1469 1472 1827 1541 γεννήσαντος

254 1556 549 1627 ὑπάρχων;
579 1557 643 1610 Εἰ
674 1556 773 1627 μὲν
793 1554 888 1611 οὖν
915 1558 1103 1612 τοῦτον
1142 1560 1286 1629 ἔχειν
1335 1559 1536 1614 δώσετε
1577 1561 1667 1615 τὸν
1696 1561 1824 1635 τρό-

252 1663 377 1711 πον,
410 1648 563 1700 εσται
590 1648 806 1712 πάντως
836 1650 932 1703 καὶ
958 1650 1241 1719 ὁμοούσιος
1262 1668 1276 1682 ’
1300 1652 1350 1704 εί
1382 1652 1437 1704 δὲ
1460 1652 1622 1723 μέχρι
1647 1651 1825 1705 διακό-

250 1754 345 1790 νου
370 1738 554 1809 φωνῆς
582 1739 676 1792 καὶ
706 1743 1075 1814 προσηγορίας
1095 1743 1258 1813 ψιλῆς
1282 1745 1529 1815 γέννημα
1556 1743 1820 1807 καλεῖται,

1931 513 2219 583 impiisque
2260 511 2532 567 haereticis
2583 507 2840 577 objiciant
2894 525 2911 563 :
2958 527 2977 560 ι
3009 506 3242 564 Obedire
3288 520 3501 580 oportet

1928 604 2040 660 Deo
2080 604 2253 675 magis
2294 618 2454 674 quam
2487 602 2797 657 hominibus
2820 600 2925 654 ¹⁸⁶⁴ί
2952 619 2970 651 ι
3012 600 3068 654 Si
3093 601 3235 656 enim
3268 600 3321 655 in
3355 615 3501 656 com—

1929 694 2310 765 prehendenda
2349 693 2577 749 veritate
2614 693 2750 747 adeo
2784 700 2999 760 torpent
3031 699 3086 745 et
3124 689 3502 760 languescunt,

1929 787 2153 852 nullam,
2181 786 2395 856 opinor,
2427 783 2676 852 injuriam
2718 784 2907 839 inferri
2948 784 3051 839 sibi
3080 794 3501 853 conquerentur,

1927 894 2051 933 cum
2075 888 2227 933 tanta
2259 878 2455 935 mentis
2479 878 2723 933 caecitate
2749 878 3015 933 laborent.

2590 990 2820 1045 ALIUD.

1996 1103 2249 1160 Genitum
2276 1118 2396 1161 esse
2430 1103 2624 1158 Filium
2655 1119 2717 1157 ex
2756 1101 2937 1167 Patre,
2962 1120 3058 1159 vos
3086 1107 3248 1161 etiam
3282 1105 3503 1160 omnino

1929 1194 2167 1250 fatemini
2201 1212 2215 1248 :
2248 1211 2422 1265 tneque
2444 1195 2587 1248 enim
2615 1194 2775 1247 veluti
2806 1210 2908 1248 una
2939 1207 3319 1251 creaturarum
3347 1207 3500 1250 extra

1926 1288 2216 1343 essentiam
2247 1286 2523 1343 Geuitoris
2568 1287 2778 1356 positus
2805 1288 2929 1340 erit.
2965 1288 3083 1353 Quo
3121 1298 3280 1357 pacto
3321 1298 3500 1343 autem

1926 1396 2033 1435 non
2065 1382 2169 1435 erit
2210 1381 2264 1436 in
2298 1382 2609 1435 universum
2638 1380 3120 1436 consubstantialis
3152 1381 3421 1447 Genitori,
3453 1383 3500 1436 si

1927 1489 2113 1527 revera
2166 1484 2248 1527 est
2288 1474 2572 1541 genimen,
2625 1487 2691 1527 ac
2744 1472 2906 1526 veluti
2968 1474 3229 1528 naturalis
3282 1475 3501 1545 quidam

1925 1564 2138 1619 fructus
2168 1564 2489 1620 Genitoris?
2518 1564 2574 1618 Si
2606 1580 2732 1619 vero
2760 1565 2861 1617 hac
2898 1567 3105 1621 ratione
3140 1566 3287 1619 illum
3322 1582 3381 1621 se
3408 1567 3502 1619 ha-

1925 1654 2052 1709 bere
2082 1656 2379 1710 conceditis
2403 1694 2418 1720 ,
2452 1657 2555 1710 erit
2586 1657 2827 1724 profectu
2870 1656 3033 1710 etiam
3067 1657 3503 1711 consubstantia-

1931 1745 2033 1813 lis;
2065 1757 2121 1800 at
2147 1748 2193 1800 si
2227 1748 2401 1801 solum
2441 1747 2745 1802 ministerio
2792 1749 2942 1801 vocis
2979 1748 3227 1816 nudaque
3268 1745 3501 1815 appella-

248 1830 494 1898 λεγέσθω
523 1832 733 1903 ποίημα
762 1835 891 1902 παρ’
923 1834 1097 1904 ὑμῶν,
1134 1835 1220 1889 ἵνα
1240 1835 1305 1907 δὴ
1347 1837 1442 1891 καὶ
1490 1836 1822 1908 σαφέστερον

1939 1836 2071 1891 .ioue
2107 1837 2357 1906 genimen
2394 1847 2641 1903 vocatur,
2673 1838 2879 1891 dicatur
2907 1841 3072 1890 etiam
3100 1853 3127 1889 a
3163 1836 3313 1890 vobis
3346 1850 3503 1889 crea-

249 1919 657 1991 δυσφημοῦντες
685 1922 969 1994 φαίνησθε.

936 2036 1138 2090 AAAO.

536 2148 629 2215 Ὦς
649 2148 718 2214 ἐξ
743 2150 1102 2217 ἀντιθέσεως
1130 2148 1249 2204 τῶν
1294 2149 1534 2205 Ἀετίου.

322 2260 390 2315 Εἰ
415 2263 708 2334 άμέριστός
745 2266 883 2329 ἐστι,
920 2266 1073 2336 φησὶ,
1123 2265 1223 2336 τὴν
1252 2265 1441 2321 οὐσίαν
1473 2268 1503 2320 ό
1538 2266 1692 2333 Θεὸς,
1724 2268 1824 2320 οὐκ

247 2356 437 2418 οὐσίας
474 2356 747 2410 διαστάσει
778 2356 838 2410 τὸ
866 2356 1123 2427 γεννηθὲν
1154 2358 1441 2430 ἐγεννήθη,
1468 2359 1582 2413 ἀλλ’
1616 2360 1823 2432 ὑπέστη

250 2449 377 2498 κατ’
399 2446 667 2511 ἐξουσίαν.
700 2449 808 2501 Καὶ
833 2448 949 2511 πῶς
981 2449 1049 2501 ἂν
1095 2449 1180 2521 εἴη
1223 2450 1323 2520 τῆς
1363 2452 1534 2523 αὐτῆς
1565 2451 1752 2516 οὐσίας
1788 2456 1821 2523 ή

252 2540 536 2595 ὐποστᾶσα
566 2540 725 2609 φύσις
763 2540 900 2613 πρὸς
930 2541 1029 2613 τὴν
1052 2541 1439 2613 ὐποστήσασαν
1482 2544 1681 2609 αὐτόν;

732 2740 890 2806 Πρὸς
922 2739 1108 2794 ταῦτα
1131 2740 1335 2807 λύσις.

326 2851 402 2905 Τὸ
433 2850 574 2921 μέγα
622 2852 780 2906 τοῦτο
807 2853 902 2907 καὶ
926 2853 1083 2924 βαθὺ,
1116 2853 1369 2927 καθάπερ
1408 2856 1642 2924 οίονται,
1674 2859 1826 2929 σόφι-

257 2965 392 3016 σμα,
425 2947 487 3001 τὸ
521 2949 595 3020 μὴ
631 2949 944 3020 μερίζεσθαι
992 2950 1087 3004 τοῦ
1132 2950 1269 3004 Θεοῦ
1323 2952 1422 3023 τὴν
1452 2953 1663 3020 οὐσίαν,
1724 2955 1827 3026 τῆς

252 3040 426 3111 αὐτῆς
457 3042 640 3105 οὐσίας
670 3038 808 3095 εἷναι
829 3042 920 3096 τὸν
959 3042 1086 3096 Υἱὸν
1108 3044 1187 3115 τῷ
1220 3046 1413 3116 Πατρὶ,
1440 3046 1554 3111 πῶς
1584 3049 1682 3101 οὐκ
1704 3049 1827 3102 ὲπι-

254 3133 445 3203 τρέψει
471 3135 620 3205 παρὰ
650 3137 762 3198 τοῖς
788 3134 962 3206 ὀρθῶς
989 3136 1300 3208 δοκιμάζειν
1323 3139 1537 3194 εἰωθόσι
1557 3141 1624 3195 τά
1651 3144 1825 3213 πρὰγο
1849 3123 1897 3181 C

259 3246 441 3297 ματα;
476 3229 795 3296 Δεγέτωσαν
826 3232 960 3301 ημῖν
1006 3232 1056 3284 οἱ
1103 3231 1267 3285 δεινοί⁵
1291 3234 1383 3287 καὶ
1422 3235 1696 3303 φιλαίτιοι.
1750 3238 1825 3289 Οὐ

255 3320 365 3390 γὰρ
418 3319 715 3391 ἐπειδήπερ
763 3320 1054 3391 άμέριστός
1110 3324 1228 3375 ἐστι
1274 3324 1372 3393 τὴν
1404 3326 1641 3379 οὐσίανό
1673 3326 1825 3391 Θεὸς,

254 3411 344 3463 διὰ
366 3409 525 3462 τοῦτο
546 3411 637 3464 καὶ
654 3412 751 3482 τῆς
775 3414 1100 3483 γεννητικῆς
1120 3413 1402 3486 δυνάμεως
1425 3417 1630 3489 ἔρημος
1651 3417 1824 3485 ἔσται,

257 3501 381 3553 καθ’
412 3503 577 3571 ὑμᾶς.
620 3503 727 3555 Καὶ
763 3503 864 3557 οὐκ
897 3505 1169 3572 ἀπόδειξιν
1199 3506 1313 3578 ἔχει
1340 3508 1434 3561 τοῦ
1467 3511 1543 3580 μὴ
1570 3510 1827 3565 δύνασθαι

255 3592 451 3662 γεννᾷν
483 3592 665 3658 αὐτὸν,
688 3593 750 3646 τὸ
781 3596 1075 3666 ἀμέριστον
1114 3593 1256 3653 εἶναι
1283 3600 1427 3654 κατὰ
1466 3601 1567 3672 τὴν
1616 3603 1824 3658 οὐσίαν.

256 3684 320 3735 El
346 3684 402 3738 δὲ
438 3687 603 3755 τιμᾷν
626 3685 828 3741 οἵονται
856 3689 947 3741 τὸν
974 3689 1127 3756 Θεὸν,
1164 3691 1429 3756 σώζοντες
1462 3694 1561 3763 μὲν
1593 3696 1739 3766 αὐτῷ
1767 3696 1829 3749 τὸ

259 3775 580 3845 μερίζεσθαι
605 3778 893 3849 μηδαμῶς,
916 3780 1343 3852 ἀποστεροῦντες
1372 3784 1429 3838 δὲ
1454 3785 1549 3839 τοῦ
1570 3786 1829 3840 δύνασθαι

256 3868 475 3937 γεννᾷν,
506 3867 581 3931 ὼς
609 3868 697 3922 διὰ
740 3869 899 3923 τοῦτο
942 3873 1060 3927 κατ’
1101 3873 1349 3939 ἐξουσίαν
1387 3876 1692 3947 ὑποστῆσαι
1736 3879 1828 3931 τὸν

260 3956 410 4018 ἶῖὸν,
442 3958 789 4011 άκουέτωσαν
818 3959 900 4012 ὃτι
945 3959 1079 4013 πολὺ
1116 3962 1300 4031 μεῖζον
1346 3962 1443 4016 καὶ
1476 3963 1694 4017 κάλλιον
1730 3964 1829 4033 τῆς

256 4048 381 4100 κατ’
406 4048 657 4111 ἐξουσίαν
681 4049 1059 4121 λαμπρότητος
1087 4053 1185 4121 τῆς
1215 4054 1451 4124 φυσικῆς
1482 4054 1759 4126 ἐνεργείας
1793 4057 1828 4126 ἡ

254 4141 437 4211 χάρις.
479 4139 919 4212 ’Λξιολογώτερον
941 4141 1050 4212 γὰρ
1078 4144 1140 4195 τὸ
1170 4144 1481 4215 άμερίστως
1506 4145 1713 4200 οῐεσθαι
1737 4147 1830 4199 τὸν

256 4231 393 4285 (τεὸν
420 4233 615 4302 γεννᾷν
642 4232 702 4297 ἐξ
731 4233 894 4287 αὐτοῦ
929 4236 1153 4307 ἀρρήτῳ
1191 4238 1298 4290 τινὶ
1336 4238 1429 4291 καὶ
1461 4238 1831 4310 ἀκαταλήπτῳ

255 4324 464 4395 τρόπῳ,
491 4325 525 4396 ἢ
550 4326 640 4379 διὰ
662 4326 723 4379 τὸ
748 4326 823 4398 μὴ
845 4327 1179 4398 μερίζεσθαι,
1206 4328 1328 4384 καθ’
1354 4331 1518 4401 ὑμᾶς,
1545 4332 1682 4403 μηδὲ
1704 4348 1830 4401 γεν-

256 4418 359 4485 νᾷν
390 4417 611 4487 ἰσχύειν.

946 4616 1149 4671 ΔΛΛΟ.

330 4725 398 4779 El
428 4726 547 4780 κατ’
584 4727 854 4792 ἐξουσίαν,
883 4729 960 4794 ὥς
988 4748 1146 4801 φατε,
1179 4731 1271 4786 τὸν
1300 4732 1427 4787 Υίὸν
1468 4734 1776 4805 ὐπέστησεν
1802 4736 1831 4787 ό

257 4818 473 4889 Πατὴρ,
503 4818 770 4890 περιττῶς
799 4820 1043 4876 καλεῖται
1087 4822 1180 4876 καὶ
1227 4824 1371 4887 Υίός.
1407 4825 1480 4879 Τὸ
1504 4826 1611 4899 γὰρ
1639 4828 1739 4880 οὐκ
1764 4829 1830 4880 ὲκ

256 4912 361 4981 τῆς
388 4910 574 4973 οὐσίας
594 4910 686 4963 τοῦ
717 4912 929 4982 Πατρὸς
952 4914 1233 4984 προελθὸν,
1255 4916 1372 4979 πῶς
1402 4915 1467 4971 ἂν
1499 4917 1710 4987 λέγοιτο
1734 4919 1832 4971 καὶ

252 5005 287 5056 ό
329 5003 491 5068 Υἱόςς
526 5002 598 5053 Τὸ
624 5002 679 5055 δὲ
709 5002 773 5056 ἐκ
793 5021 937 5067 τινος
966 5006 1107 5059 κατὰ
1141 5006 1303 5076 φύσιν
1328 5009 1609 5080 προελθὸν,
1628 5011 1827 5082 ὲπαλη·

256 5091 522 5146 θεύουσαν
559 5094 672 5163 ἔχει
720 5097 816 5147 καὶ
846 5095 945 5166 τὴν
985 5096 1079 5149 τοῦ
1112 5100 1450 5170 γεννήματος
1489 5102 1827 5172 ἐπωνυμίαν.

269 5184 568 5254 Ἐγεννήθη
600 5184 886 5256 τοιγαροῦν
925 5188 954 5239 ό
985 5187 1134 5253 Υἱὸς,
1157 5189 1438 5269 ὁμοοὺσιος
1467 5190 1574 5264 ἄρα
1600 5192 1678 5263 τῷ
1717 5195 1828 5246 Πα-

254 5277 370 5347 τρί.
400 5277 508 5330 Καὶ
539 5278 638 5348 μία
658 5278 767 5345 γάρ
791 5279 905 5340 τοῖς
930 5280 1289 5351 γεννωμένοις
1317 5283 1451 5354 πρὸς
1474 5284 1541 5337 τά
1558 5284 1832 5353 γεννῶντα

256 5368 443 5436 φύσις.

940 5470 1143 5523 ΔΛΔΟ.

332 5572 396 5625 ει
429 5572 677 5648 καθάπερ
718 5567 875 5650 ὑμεῖς
907 5581 1083 5637 οίεσθε
1115 5581 1426 5648 πλανῶντές
1476 5599 1536 5636 τε
1572 5584 1667 5637 καὶ
1697 5582 1833 5636 πλας

333 5735 535 5806 ¹²“,Δοι.
567 5738 730 5809 v,§29.

1856 4471 1909 4531 Ι)

1926 1935 2045 1981 tura
2087 1944 2228 1995 esse,
2261 1936 2318 1983 ut
2356 1929 2695 1983 manifestior
2726 1930 2797 1983 sit
2828 1938 3009 1982 vestra
3034 1927 3391 1995 blasphemia.

2600 2038 2833 2094 ALIUD.

2406 2154 2492 2208 Ea:
2530 2154 2820 2224 objections
2860 2151 3013 2205 Aetii.

1996 2267 2052 2322 Si
2101 2266 2466 2332 indivisibilis,
2509 2266 2705 2336 inquit,
2748 2269 3046 2321 secundum
3092 2268 3382 2322 essentiam
3418 2276 3501 2321 est

1926 2360 2088 2423 Deus,
2119 2375 2223 2414 non
2263 2360 2517 2413 essentia:
2544 2360 2886 2428 separatione
2912 2360 3159 2425 genimen
3185 2368 3497 2429 generatum

1924 2460 2029 2517 est,
2058 2451 2153 2505 sed
2202 2449 2556 2504 constitutum
2603 2458 2686 2503 est
2742 2465 2807 2503 ex
2859 2448 3156 2503 voluntate.
3189 2450 3306 2516 Quo
3342 2461 3501 2521 pacto

1926 2553 2107 2597 autem
2135 2541 2376 2611 ejusdem
2415 2540 2663 2595 essentiam
2698 2555 2818 2594 esse
2848 2541 3019 2610 possit
3060 2549 3250 2596 natura
3293 2543 3500 2598 constio

1927 2644 2043 2689 tuta
2070 2649 2198 2689 cum
2234 2647 2354 2687 eam
2385 2630 2792 2687 constituente?

2424 2745 2632 2801 Salutio
2683 2746 3008 2816 objectionis.

1999 2863 2190 2934 lugens
2253 2860 2357 2915 hoc
2420 2874 2485 2913 ac
2537 2858 2891 2928 praeclarum,
2938 2867 2999 2912 ut
3049 2858 3385 2926 existimant,
3421 2876 3505 2915 so-

1928 2956 2161 3026 phisma,
2200 2968 2306 3023 quo
2342 2952 2597 3020 colligunt
2643 2964 2709 3004 ex
2755 2965 2821 3004 eo
2854 2952 2998 3020 quod
3043 2954 3286 3021 separari
3325 2952 3502 3006 divina

1929 3048 2164 3103 essentia
2200 3061 2305 3099 non
2341 3044 2529 3113 possit,
2565 3040 2810 3110 ejusdem
2855 3044 3107 3096 essentia;
3148 3056 3269 3097 esse
3308 3041 3503 3097 Filium

1930 3155 2051 3195 cum
2098 3138 2285 3200 Patre,
2320 3151 2428 3206 quo
2472 3146 2633 3204 pacto
2676 3148 2780 3187 non
2831 3135 3163 3189 concedatur
3210 3137 3277 3189 ab
3317 3135 3503 3203 iis-qui

1930 3241 2077 3284 recte
2109 3230 2174 3281 de
2202 3224 2663 3295 rebusjudicant?
2688 3224 2757 3277 At
2790 3222 2972 3277 dicant
3002 3224 3158 3280 nobis
3184 3226 3507 3280 contentiosi

1930 3321 2041 3374 isti.
2070 3318 2186 3373 Non
2232 3317 2377 3373 enim
2411 3316 2536 3386 quia
2568 3315 2914 3370 indivisibilis
2945 3327 3029 3370 est
3072 3317 3371 3371 secundum
3413 3331 3507 3371 es-

1928 3411 2156 3467 sentiam
2188 3408 2352 3474 Deus,
2404 3406 2526 3460 ideo
2559 3407 2724 3461 etiam
2775 3409 3085 3476 generativa
3118 3407 3373 3464 facultate
3417 3424 3509 3463 ca-

1929 3515 2034 3571 ret,
2070 3504 2221 3574 juxta
2270 3513 2505 3555 vestram
2541 3499 2877 3569 opinionem.
2918 3497 3105 3568 Neque
3155 3515 3342 3555 rursus
3379 3502 3509 3570 quia

1930 3595 2274 3653 indivisibilis
2328 3602 2412 3648 est
2461 3591 2755 3647 secundum
2810 3592 3146 3655 essentiam,
3202 3592 3510 3648 declaratur

1930 3701 2194 3757 generare
2230 3700 2333 3739 nou
2366 3698 2545 3752 posse.
2584 3681 2654 3734 At
2681 3695 2811 3736 vero
2847 3683 2890 3736 si
2938 3698 2998 3737 se
3029 3682 3196 3736 Deum
3240 3684 3509 3740 honorare

1929 3780 2268 3842 existimant,
2314 3777 2612 3830 tribuentes
2660 3773 2733 3828 illi
2781 3774 2927 3843 quod
2962 3775 3125 3829 dividi
3168 3792 3272 3831 non
3314 3780 3506 3846 possit,

1930 3873 2024 3927 sed
2076 3869 2370 3943 generandi
2409 3867 2668 3923 facultate
2699 3870 2997 3936 privautes,
3035 3878 3092 3919 ut
3133 3883 3200 3922 ex
3240 3869 3340 3924 hoc
3372 3870 3509 3925 infe-

1932 3971 2055 4016 rant
2097 3961 2266 4016 Deum
2314 3974 2379 4012 ex
2429 3959 2708 4013 voluntate
2750 3958 3097 4012 constituisse
3145 3958 3357 4026 Filium,
3407 3962 3507 4016 hoc

1931 4065 2119 4109 contra
2173 4051 2398 4106 audiant
2446 4050 2602 4120 longe
2657 4050 2916 4119 majorem
2972 4052 3510 4123 praestantioremque

1931 4145 2218 4217 splendore
2271 4142 2562 4197 voluntatis
2614 4156 2735 4196 esse
2795 4142 3059 4196 naturalis
3106 4144 3335 4197 actionis
3382 4160 3508 4213 gra-

1936 4240 2088 4293 tiam.
2125 4235 2348 4306 Dignins
2371 4235 2515 4288 enim
2538 4242 2619 4288 est
2646 4235 2716 4286 ita
2741 4233 2962 4300 sentire,
2989 4232 3155 4288 Deum
3185 4235 3413 4289 indivise
3435 4251 3503 4291 ex

1933 4344 1991 4382 se
2018 4340 2302 4396 generare,
2332 4322 2588 4377 ineffabili
2620 4322 2853 4391 quodatn
2883 4332 2939 4376 et
2969 4324 3505 4393 incomprehensibili

1936 4421 2118 4485 modo,
2148 4433 2333 4487 quam,
2368 4423 2427 4469 ut
2451 4430 2546 4471 vos
2578 4415 2898 4484 opinamini,
2920 4416 3047 4485 quia
3075 4418 3237 4470 dividi
3276 4428 3331 4472 et
3361 4432 3513 4487 sepa-

1940 4510 2046 4565 rari
2077 4524 2181 4565 non
2206 4516 2405 4580 potest,
2437 4523 2612 4577 neque
2638 4522 2900 4579 generare
2928 4523 3086 4578 posse

2540 4620 2647 4690 31
2680 4618 2911 4675 ALIUD.

2009 4733 2065 4789 Si
2118 4733 2419 4799 voluntate,
2447 4739 2507 4786 ut
2534 4732 2735 4797 dicitis,
2761 4730 2957 4786 Filium
3012 4734 3295 4788 constituit
3327 4733 3507 4800 Pater,

1939 4837 2141 4881 temere
2200 4828 2363 4882 etiam
2404 4834 2627 4880 vocatur
2643 4821 2831 4879 Filius.
2857 4822 3011 4890 Quod
3036 4826 3181 4879 enim
3217 4841 3281 4880 ex
3326 4841 3511 4882 esseu—

1939 4921 2007 4973 tia
2043 4917 2217 4973 Patris
2240 4934 2346 4973 non
2375 4915 2662 4988 processit,
2692 4931 2800 4986 quo
2828 4926 2987 4986 pacto
3010 4927 3239 4972 vocetur
3303 4917 3510 4973 Filius?

1937 5008 2087 5075 Quod
2126 5022 2255 5064 vero
2291 5022 2355 5063 ex
2390 5007 2573 5074 aliquo
2617 5006 2911 5061 secundum
2956 5019 3205 5061 naturam
3242 5012 3510 5077 procedit,

1943 5115 2123 5157 veram
2156 5100 2317 5154 etiam
2340 5097 2627 5167 genitninis
2664 5096 3075 5166 appellationem
3118 5099 3298 5153 habet.
3346 5101 3511 5156 Geni-

1951 5205 2036 5249 tus
2060 5195 2245 5263 itaque
2268 5208 2386 5247 cum
2420 5192 2489 5245 sit
2525 5190 2721 5257 Filius,
2747 5189 3119 5244 coessentialis
3159 5193 3321 5244 etiam
3363 5191 3512 5246 Patri

1937 5297 2042 5342 est.
2080 5286 2193 5343 Una
2223 5286 2364 5340 enim
2404 5295 2488 5339 est
2530 5292 2726 5337 natura
2759 5282 3087 5352 gignentium
3119 5292 3375 5338 eteorum
3395 5300 3512 5354 qua

1930 5379 2247 5450 gignuntur.

2600 5464 2828 5521 ALIUD.

2008 5582 2051 5640 S
2078 5620 2095 5649 ,
2131 5580 2593 5651 quemadmodum
2627 5596 2721 5636 vos
2750 5580 2987 5637 censetis
3013 5580 3131 5638 falsi
3158 5594 3211 5638 et
3238 5580 3506 5650 fallentes,
