3876 6208
393 346 493 401 135

1382 330 1441 384 S.
1479 324 1749 384 CYRILLI
1792 320 2261 390 ALEXANDRINI
2298 320 2616 375 ARCIHEP.

3558 308 3660 361 {36

389 480 495 519 non
528 475 594 515 ex
624 455 867 512 essentia
897 452 1074 506 Patris
1115 449 1383 520 processit
1409 447 1604 508 Filius.
1638 448 1731 500 sed
1755 460 1819 499 ex
1873 458 1967 498 vo-

2088 443 2330 513 νώμενοι,
2363 441 2463 494 οὑκ
2494 442 2558 493 ὲκ
2584 438 2684 509 τῆς
2714 434 2903 497 οὐσίας
2943 433 3036 487 τοῦ
3079 430 3292 502 Πατρὸς
3325 427 3596 500 προῆλθεν
3630 430 3660 479 6

389 556 600 611 liintate
626 548 805 603 Patris
834 545 1167 601 constitutus
1200 549 1301 605 est,
1340 550 1391 593 et
1428 548 1512 594 est
1566 539 1680 608 ipse
1707 536 1971 606 sapientia

389 662 454 701 ac
486 641 726 713 potentia
746 638 946 702 Patris,
974 645 1121 688 certe
1156 647 1333 700 neque
1375 632 1594 701 sapiens
1629 640 1712 685 est
1759 643 1963 683 secun-

389 740 517 792 dum
546 745 816 793 naturain,
848 742 1020 797 neque
1064 738 1257 796 potens
1290 725 1473 779 Pater.
1510 723 1567 777 Si
1622 736 1753 776 vero
1799 719 1973 790 (juxta

388 822 784 894 ineptissimam
847 829 1085 872 vestram
1129 813 1575 885 propositionem)
1634 811 1975 864 extrinsecus

389 911 670 970 constituit
693 908 917 970 Filium,
951 906 1041 975 qui
1070 906 1287 974 quidem
1316 902 1485 973 ipsius
1507 900 1770 971 sapientia
1798 909 1853 953 et
1879 913 1975 967 po-

392 1006 563 1059 tentia
592 1011 700 1065 est,
724 1000 819 1055 sed
847 1008 928 1053 est
962 1013 1027 1052 ex
1059 1013 1155 1050 sua
1208 1006 1399 1050 natura
1435 994 1651 1063 sapiens
1687 1000 1740 1046 et
1765 1000 1971 1058 potens,

391 1095 760 1152 necessarium
793 1090 1018 1145 omnino
1050 1099 1155 1151 est,
1178 1089 1341 1141 etiam
1379 1084 1575 1139 Filium
1607 1097 1673 1137 ex
1706 1081 1974 1150 gessentia

393 1189 576 1245 Patris
603 1201 764 1252 esse,
804 1194 965 1253 atque
990 1183 1064 1237 ita
1096 1181 1261 1236 etiam
1294 1175 1835 1233 consubstantialem.

1073 1313 1305 1369 ALIUD.

460 1436 697 1493 Necesse
733 1445 818 1489 est
848 1440 906 1487 ut
963 1430 1052 1501 qui
1115 1428 1311 1484 Filium
1360 1441 1425 1481 ex
1475 1423 1757 1477 voluntate
1800 1420 1976 1475 Patris

390 1529 748 1585 constitutum
766 1540 890 1581 esse
923 1522 1275 1583 contendunt,
1301 1533 1406 1573 non
1455 1525 1634 1570 autem
1658 1530 1723 1569 ex
1744 1513 1860 1583 ipso
1889 1527 1979 1582 ge-

392 1605 593 1685 nitum,
629 1620 811 1673 dicant
838 1615 965 1686 quid
992 1613 1221 1668 moverit
1248 1610 1465 1665 Patrem
1504 1617 1560 1661 ut
1592 1605 1787 1659 Filium
1844 1622 1978 1659 cou-

392 1714 665 1774 stitueret,
702 1718 761 1762 ut
785 1708 887 1777 ipsi
917 1708 1098 1774 inepte
1152 1704 1475 1771 loquuntur.
1529 1697 1849 1753 Necessario
1889 1696 1981 1765 igi-

394 1815 481 1860 tur
511 1805 613 1858 lioc
651 1800 779 1855 fecit
812 1818 825 1853 :
858 1796 1109 1852 autFilio
1131 1795 1182 1849 id
1212 1793 1396 1864 largiri
1422 1791 1612 1856 voluit,
1644 1801 1699 1843 ut
1734 1788 1880 1842 illuni
1909 1788 1975 1841 ad
2010 1794 2051 1848 Β

396 1912 523 1952 esse
553 1896 865 1950 traduceret
895 1890 1120 1962 perinde
1143 1905 1203 1941 ac
1227 1902 1348 1941 nos.
1372 1884 1428 1939 Si
1449 1884 1614 1954 igitur
1642 1881 1972 1960 necessario,

387 1987 499 2057 jam
524 1988 692 2042 Deum
726 1982 1038 2039 necessitati
1076 1978 1375 2049 subjectum
1437 1989 1563 2030 esse
1614 1971 1930 2027 concedetis
1961 1987 1975 2037 ;

391 2080 477 2135 sin
501 2090 691 2134 contra
724 2077 938 2130 Patrem
970 2073 1073 2128 hoc
1102 2070 1243 2125 Filio
1274 2068 1458 2138 largiri
1485 2065 1719 2121 voluisse
1772 2063 1976 2126 dicitis,

391 2173 603 2241 sibiipsi
670 2170 849 2239 potius
903 2166 955 2220 id
1009 2164 1237 2233 largitus
1282 2174 1406 2215 esse
1455 2158 1744 2219 videbitur,
1796 2165 1853 2208 ut
1908 2155 1979 2208 sit

392 2274 632 2327 creator,
659 2271 713 2315 et
741 2269 932 2329 potens
956 2271 1021 2310 ac
1069 2254 1325 2323 sapiens:
1363 2250 1625 2320 siquidem
1673 2247 1810 2302 Filio
1864 2246 1979 2300 liarc

389 2360 596 2414 insunt.
624 2372 643 2405 ι
678 2350 872 2409 Omnia
897 2348 1043 2405 enini
1078 2360 1173 2416 per
1198 2345 1374 2413 ipsum
1409 2347 1547 2394 facta
1594 2350 1743 2407 sunt,
1805 2340 1976 2409 inquit

387 2448 693 2515 Scriptura,
722 2452 776 2497 et
801 2441 920 2496 sine
943 2439 1058 2506 ipso
1088 2436 1288 2489 factum
1319 2442 1403 2488 est
1430 2430 1566 2485 nihil
1592 2429 1655 2483 ³⁸⁵.
1690 2448 1709 2480 ι
1747 2431 1813 2483 Et
1863 2445 1976 2481 rur-

389 2558 535 2608 sum,
572 2558 591 2592 ι
616 2538 873 2593 Christus
911 2534 1003 2588 Dei
1039 2529 1280 2601 potentia
1304 2538 1358 2582 et
1387 2524 1651 2593 sapientia
1685 2524 1769 2577 ⁸⁸⁸.
1806 2541 1827 2575 ι
1860 2522 1977 2577 Cae-

391 2646 569 2689 terum
599 2648 695 2687 nos
724 2645 829 2684 non
855 2627 959 2683 sibi
993 2626 1090 2695 ipsi
1132 2624 1247 2677 hinc
1276 2621 1525 2690 largitum
1559 2633 1680 2673 esse
1716 2619 1879 2671 Deiini
1913 2630 1978 2669 ac

394 2727 609 2783 Patrem
639 2723 892 2787 dicimus,
924 2721 1017 2775 sed
1045 2730 1166 2774 esse
1191 2713 1511 2769 naturaliter
1567 2710 1862 2780 sapientem
1924 2715 1980 2760 et

394 2828 695 2890 petentem.
719 2816 834 2870 Non
864 2813 1026 2882 igitur
1055 2824 1123 2864 ex
1150 2807 1426 2861 voluntate
1445 2803 1727 2858 conStituit
1754 2798 1974 2861 Filium,

395 2923 457 2967 iit
498 2927 596 2966 vos
658 2905 980 2980 opinamini,
1035 2902 1132 2957 sed
1195 2899 1361 2954 veluti
1434 2905 1644 2951 naturae
1699 2907 1810 2946 suae
1862 2890 1978 2945 fru-

395 3018 516 3061 ctus
548 3014 653 3070 est,
678 3000 972 3073 quodcum
1009 2997 1083 3051 ita
1132 2994 1223 3061 sit,
1272 2994 1437 3047 etiam
1500 2983 1980 3043 consubstantialis

2077 536 2205 598 Υἱὸς
2226 575 2241 599 ,
2292 533 2505 602 ὑπέστη
2537 531 2595 584 δὲ
2628 525 3050 593 ἐξουσιαστικῶς
3071 564 3085 587 ,
3123 523 3218 576 καὶ
3252 521 3397 576 ἔστιν
3424 520 3588 583 αὐτὸς
3623 522 3659 588 ἡ

2076 629 2240 697 σοφία
2268 626 2365 680 καὶ
2390 626 2622 694 δύναμις
2643 619 2739 674 τοῦ
2771 617 3005 687 Πατρδς,
3030 614 3154 668 οὔτε
3185 612 3346 681 σοφὸς
3386 611 3530 663 κατὰ
3559 610 3661 677 φῦ-

2077 738 2161 776 σιν
2198 720 2344 773 ὲστὶν
2371 719 2399 771 6
2431 714 2643 786 Πατὴρ,
2690 710 2815 765 οὔτε
2861 711 2967 780 μὴν
3001 705 3247 768 δυνατός.
3295 705 3358 757 Εἰ
3385 704 3472 766 δὲ,
3514 702 3661 755 κατὰ

2073 813 2174 885 τὴν
2204 808 2592 881 ἀμαθεστάτην
2622 804 2778 876 ὑμῶν
2825 801 3111 872 πρότασιν,
3144 796 3345 862 ἔξωθεν
3376 796 3657 862 ὑπέστησε

2074 906 2167 960 τὸν
2212 903 2363 967 Υἱδν,
2395 903 2454 964 ὃς
2497 903 2644 953 ἐστιν
2674 894 2837 951 αὑτοῦ
2888 893 3048 961 σοφία
3098 892 3193 944 καὶ
3240 888 3488 956 δύναμις,
3540 884 3658 937 ἀλλ’

2076 999 2193 1052 ἔστι
2219 995 2363 1050 κατὰ
2386 992 2549 1064 φύσιν
2577 991 2738 1058 σοφός
2770 1006 2829 1041 τε
2861 988 2957 1041 καὶ
2984 983 3229 1047 δυνατὸς,
3256 981 3471 1049 ἀνάγκη
3502 980 3658 1031 πᾶσα

2076 1089 2288 1145 καὶτὸν
2310 1087 2438 1140 Υἰὸν
2470 1086 2534 1138 ἐκ
2558 1083 2659 1153 τῆς
2691 1078 2785 1134 τοῦ
2821 1077 3035 1150 Πατρός
3070 1076 3257 1138 οὐσίας
3282 1070 3422 1127 εἶναι
3452 1070 3656 1140 λέγειν,

2077 1189 2126 1242 εἰ
2153 1186 2212 1240 δὲ
2241 1183 2420 1250 τοῦτο,
2445 1179 2539 1235 καὶ
2562 1175 2866 1249 όμοούσιος.

2758 1312 2960 1364 ΑΛΛΟ.

2163 1432 2487 1501 Ἀναγκαῖον
2519 1424 2741 1501 ἐρέσθαι
2788 1423 2914 1485 τοὺς
2952 1421 3069 1474 ὅσοι
3113 1421 3205 1470 τὸν
3240 1414 3369 1469 Υἱὸν
3413 1411 3533 1465 κατ’
3566 1409 3658 1475 ἑξ-

2078 1529 2263 1585 ουσίαν
2294 1524 2595 1613 ὑποστῆναι
2624 1519 2724 1590 τὴν
2758 1516 2850 1571 τοῦ
2882 1513 3124 1585 Πατρός,
3153 1510 3244 1564 καὶ
3270 1509 3367 1562 οὑκ
3406 1506 3464 1571 ἐξ
3488 1503 3657 1559 αὑτοῦ

2826 1610 2836 1613 _
3106 1606 3117 1613 ,
3229 1602 3242 1613 ,
3318 1603 3361 1613 __
3449 1599 3460 1613 ,
3600 1596 3613 1613 ,

2079 1596 2440 1692 γεγεννῆσθαί
2489 1633 2645 1687 φασι,
2692 1613 2744 1666 τί
2790 1610 2852 1664 τὸ
2899 1606 3162 1667 πεπεικὸς
3195 1602 3285 1656 τὸν
3317 1599 3538 1668 Πατέρα
3565 1596 3660 1648 τὸν

2080 1718 2207 1771 Υἱὸν
2237 1712 2541 1782 ὑποστῆσαι
2571 1707 2712 1762 κατὰ
2745 1704 2836 1758 τὸν
2876 1701 3028 1770 ὑμῶν
3053 1697 3242 1768 ἀμαθῆ
3268 1694 3443 1762 λόγον.
3464 1693 3661 1753 Ἀναγ-

2080 1809 2249 1872 καίως
2279 1807 2387 1876 ἄρα
2416 1801 2574 1857 τοῦτο
2616 1798 2916 1867 πεποίηκεν
2937 1833 2952 1856 ,
2987 1792 3020 1864 ἢ
3052 1788 3381 1862 χαρίσασθαι
3415 1783 3493 1855 τῷ
3540 1781 3661 1850 Υἱῴ

2080 1901 2381 1975 βουληθεὶς,
2406 1899 2488 1952 ὅτι
2516 1895 2581 1967 δὴ
2606 1893 2699 1948 καὶ
2716 1891 2879 1946 αὑτὸν
2900 1890 2979 1951 εἰς
3013 1884 3309 1939 ὑπόστασιν
3339 1880 3462 1947 ἄγοι
3493 1876 3662 1931 καθά·

2079 1968 2185 2064 περ
2221 1968 2316 2048 καὶ
2359 1992 2530 2063 ἡμᾶς.
2571 1990 2633 2041 Εἰ
2660 1985 2786 2057 ιμὲν
2821 1979 2913 2036 οὖν
2953 1977 3264 2046 ἀναγκαίως
3310 1972 3525 2042 ἀνάγκῃ
3554 1968 3663 2023 δὼ-

2079 2107 2203 2143 σετε
2248 2087 2341 2140 τὴν
2388 2084 2521 2138 Θεὸν
2561 2076 2904 2138 ὑποκεῖσθαι,
2938 2076 2987 2127 εἰ
3024 2073 3082 2125 δὲ
3116 2071 3191 2142 μὴ
3220 2069 3398 2133 τοῦτο,
3427 2065 3664 2136 χαρίσα-

2079 2182 2206 2237 σθαι
2250 2180 2307 2234 δὲ
2361 2174 2695 2247 βουληθέντα
2734 2170 2814 2241 τῷ
2859 2167 3008 2238 Υἱῷ,
3057 2162 3234 2233 ἐαυτῷ
3289 2161 3662 2232 χαρισάμενος

2080 2278 2330 2347 φανεῖται
2355 2272 2418 2324 τὸ
2452 2264 2591 2323 εἶναι
2612 2262 2944 2339 δημιουργὸς
2969 2261 3063 2314 καὶ
3087 2258 3312 2319 δυνατὸς
3341 2256 3435 2308 καὶ
3470 2252 3659 2319 σοφὲς.

2079 2343 2132 2421 εἴ
2172 2382 2237 2435 γε
2285 2367 2343 2417 ὲν
2391 2361 2506 2432 Υἰῷ
2545 2359 2721 2413 ταῦτά
2762 2358 2899 2409 ἐστι.
2951 2372 2970 2405 ί
3002 2352 3191 2405 Πάντα
3236 2349 3344 2418 γὰρ
3388 2348 3455 2400 δι’
3489 2343 3673 2399 αὑτοῦ.

2080 2461 2318 2529 ἐγένετο,
2349 2458 2512 2526 φησιν
2561 2456 2595 2524 ἡ
2637 2450 2850 2522 Γραφὴ,
2893 2447 2986 2500 καὶ
3029 2446 3197 2517 χωρὶς
3242 2439 3407 2497 αὑτοῦ
3441 2440 3664 2509 ἐγένετο

2078 2553 2199 2607 οὐδὲ
2254 2551 2367 2604 ἓν.»
2420 2547 2532 2602 Καὶ
2576 2545 2760 2608 πάλιν,
2805 2562 2822 2593 i
2848 2540 3085 2611 Χριστὸς
3126 2537 3261 2591 Θεοῦ
3293 2536 3524 2605 δύναμις
3565 2533 3664 2586 καὶ

2079 2645 2212 2701 Θεοῦ
2233 2642 2449 2713 σοφία.»
2481 2639 2643 2694 Ἀλλὰ
2671 2638 2777 2709 μὴν
2808 2637 2906 2706 οὐχ
2930 2632 3106 2703 ἑαυτῷ
3134 2630 3307 2685 ταῦτα
3335 2626 3663 2699 χαρίζεσθαί

2084 2755 2157 2807 φα
2167 2753 2265 2808 μεν
2289 2735 2381 2787 τὸν
2403 2733 2537 2786 Θεὸν
2558 2730 2654 2785 καὶ
2676 2730 2918 2799 Πατέρα,
2936 2725 3053 2780 ἀλλ’
3070 2721 3212 2777 εἶναι
3232 2720 3471 2791 φυσικῶς
3497 2716 3665 2786 σοφόν

2077 2848 2138 2884 τε
2171 2829 2266 2883 καὶ
2301 2826 2546 2881 δυνατόν.
2597 2823 2715 2879 Οὐκ
2762 2816 3186 2887 ἑξουσιαστικῶς
3233 2813 3340 2885 ἄρα
3393 2810 3485 2863 τὸν
3530 2808 3667 2861 Υίὸν

2080 2923 2382 2991 ὑπέστησε,
2415 2918 2538 2973 καθ’
2566 2917 2732 2985 ὑμᾶς,
2759 2913 2895 2967 ἀλλὰ
2922 2914 3023 2981 τῆς
3055 2907 3259 2971 οἰκείας
3290 2904 3505 2975 φύσεως
3546 2901 3665 2972 ἔχει

2080 3013 2313 3084 καρπόνο
2351 3008 2540 3079 ἐπειδὴ
2576 3008 2633 3060 δὲ
2666 3005 2843 3069 τοῦτο,
2876 3004 2970 3057 καὶ
3004 3001 3309 3072 ὁμοούσιος.
3342 2995 3417 3049 Τὸ
3451 2994 3562 3066 γάρ
3595 2995 3667 3045 ὲκ

395 3110 498 3155 est.
532 3097 687 3166 Quod
715 3095 859 3150 enim
895 3089 1217 3146 naturaliter
1271 3100 1340 3140 ex
1391 3082 1501 3139 Deo
1552 3078 1812 3151 procedit,
1850 3077 1976 3131 alie-

2088 3077 2217 3161 Θεοῦ
2244 3102 2505 3175 προελθὸν
2527 3077 2668 3155 κατὰ
2690 3098 2876 3168 φύσιν,
2904 3095 3006 3149 οὐκ
3034 3093 3312 3165 ἀλλότριον
3349 3088 3536 3144 αὑτοῦ.

396 3208 524 3248 nuin
558 3191 626 3244 ab
657 3202 724 3244 eo
749 3201 871 3241 esse
898 3199 1002 3238 non
1039 3190 1238 3253 potest.

466 3324 623 3393 Quod
665 3324 772 3377 Deo
798 3338 860 3376 ac
897 3319 1049 3374 Patri
1071 3312 1541 3372 consubstantialis
1585 3310 1653 3365 ait
1705 3306 1751 3361 F
1757 3308 1904 3362 ilius.

466 3438 525 3495 Si
549 3447 767 3509 propter
802 3437 1028 3491 ﬁerinam
1078 3447 1241 3503 quam
1264 3427 1495 3499 accepit,
1544 3426 1596 3481 in
1650 3422 1826 3477 forma
1886 3419 1979 3474 Dei

396 3531 690 3592 exsiStens,
723 3523 1203 3583 consubstantialis
1232 3521 1387 3575 nobis
1420 3527 1524 3581 est,
1552 3518 1678 3585 quia
1718 3528 1785 3568 ex
1816 3511 1974 3565 nobis

394 3633 500 3689 cst,
525 3630 610 3678 est
643 3629 825 3675 autem
869 3621 1041 3672 forma
1096 3614 1191 3670 Dei
1256 3612 1446 3677 Filius,
1502 3603 1981 3664 consubstantialis

395 3713 562 3783 igitur
598 3710 648 3767 ei
680 3718 786 3774 est,
814 3707 972 3779 cujus
988 3715 1069 3760 est
1094 3704 1292 3761 forma.

997 3818 1109 3891 32
1145 3814 1378 3872 ALIUD.

468 3939 525 3995 Si
560 3948 747 3993 nostro
793 3934 986 3991 lumini
1036 3933 1292 4003 splendor
1324 3929 1443 4000 ejus
1506 3922 1983 3983 consubstantialis

395 4043 501 4097 est,
529 4030 701 4087 Filius
719 4037 898 4083 autem
920 4024 1110 4080 aeterni
1135 4022 1355 4077 luminis
1378 4029 1462 4075 est
1514 4018 1801 4089 splendor;
1850 4030 1983 4070 con-

396 4122 776 4181 substantialis
806 4119 974 4191 igitur
1002 4117 1167 4171 etiam
1200 4116 1314 4186 ipse
1337 4125 1421 4170 est
1444 4111 1654 4176 lumini,
1686 4111 1839 4181 cujus
1899 4118 1983 4165 est

396 4216 672 4287 splendor,
703 4228 829 4269 cum
861 4209 1113 4280 exempla
1136 4217 1292 4279 parte
1325 4207 1503 4277 aliqua
1552 4220 1665 4260 sure
1686 4215 1893 4259 natura;
1927 4202 1981 4257 in

394 4309 573 4366 simile
603 4304 952 4364 conveniant.
1635 4362 1645 4388 Χ

1080 4432 1309 4489 ALIUD.

465 4552 930 4623 Quemadmodum
959 4548 1247 4620 inqualitas
1276 4546 1327 4600 in
1358 4542 1812 4599 intellectualibus
1872 4559 1976 4598 non

395 4649 698 4718 quantitate
724 4644 1046 4707 aestimatur,
1076 4648 1129 4694 et
1156 4636 1299 4707 quod
1330 4635 1402 4689 ita
1427 4633 1633 4703 aequale
1664 4644 1768 4698 est,
1792 4648 1978 4689 neces-

394 4740 542 4795 sario
574 4737 737 4792 etiam
788 4751 886 4806 par
915 4732 1179 4803 dignitate
1232 4742 1298 4781 ac
1355 4725 1811 4782 consubstantiale
1872 4735 1976 4790 est,

392 4831 566 4889 Filius
596 4837 775 4884 autem
806 4837 890 4883 est
914 4842 1011 4897 par
1032 4823 1296 4894 dignitate
1326 4820 1495 4885 Patri,
1535 4829 1594 4873 ut
1627 4835 1781 4875 sacra
1823 4819 1974 4875 Scri-

395 4932 556 4992 plura
608 4925 879 4984 testatur;
931 4913 1241 4970 necessario
1288 4911 1451 4965 etiam
1501 4911 1978 4966 consubstantialis

392 5012 500 5065 erit
531 5028 546 5065 :
582 5008 890 5078 aequalitate
915 5005 1170 5058 uiin'iruin
1200 5001 1311 5066 illa,
1339 5015 1445 5054 non
1504 4999 1714 5054 ratione
1758 5002 1973 5069 quanti-

396 5108 526 5159 tatis
550 5105 601 5157 iii
626 5111 816 5157 natura
844 5101 1158 5168 incorporea
1172 5096 1461 5157 aestimata,
1486 5095 1581 5148 sed
1614 5095 1790 5165 potius
1820 5098 1971 5152 iden-

394 5197 551 5252 litate
576 5195 851 5249 essentia.

1065 5305 1301 5361 ALIUD.

469 5427 527 5481 Si
550 5441 669 5494 quae
707 5438 835 5479 vere
875 5438 939 5478 ac
962 5421 1285 5477 naturaliter
1313 5421 1494 5490 genita
1541 5431 1686 5486 sunt,
1718 5437 1825 5476 non
1873 5436 1973 5475 au-

396 5524 503 5568 tein
539 5512 848 5582 adoptione,
881 5510 1104 5566 dubium
1143 5526 1250 5565 non
1292 5518 1379 5564 est
1414 5508 1544 5578 quin
1580 5510 1690 5564 sint
1736 5513 1972 5565 consub-

390 5606 669 5667 stantialia
687 5620 811 5663 cum
836 5606 904 5661 iis
919 5605 1010 5676 qui
1047 5618 1176 5660 vere
1198 5619 1262 5658 ac
1286 5604 1609 5660 naturaliter
1647 5614 1974 5675 genuerunt,

469 5765 510 5794 “
545 5759 700 5821 Joan.
732 5775 771 5821 t.
802 5760 856 5816 3.
937 5762 999 5796 ⁸⁵·
1031 5760 1052 5817 ι
1083 5760 1205 5821 Cor.
1245 5780 1284 5833 ι,
1316 5770 1407 5825 ⁸24,

2206 3330 2328 3381 ’Ότι
2353 3325 2434 3393 τῷ
2460 3323 2583 3390 Θεῷ
2609 3323 2708 3377 καὶ
2734 3318 2917 3389 Πατρὶ
2942 3317 3264 3388 ὀμοούσιος
3293 3315 3328 3369 ὁ
3359 3314 3516 3378 Υἱός.

2152 3443 2215 3495 Εί
2249 3440 2314 3494 δι’
2340 3440 2407 3511 ἣν
2437 3438 2596 3491 ἔλαϐε
2622 3434 2833 3506 μορφὴν
2861 3433 2889 3485 ὁ
2916 3434 2975 3484 ἐν
2999 3432 3180 3501 μορφῇ
3207 3425 3343 3482 Θεοῦ
3373 3425 3666 3495 ὑπάρχων,

2081 3536 2365 3603 ὁμοούσιος
2398 3531 2556 3603 ἡμῶν
2604 3532 2685 3583 ὅτι
2719 3528 2779 3592 ἐξ
2812 3526 2989 3597 ἡμῶν,
3020 3524 3134 3577 ἔστι
3162 3522 3220 3575 δὲ
3256 3519 3437 3592 μορφὴ
3463 3516 3601 3571 Θεοῦ
3636 3519 3667 3569 6

2082 3629 2230 3693 Υἱὸς,
2258 3625 2545 3699 ὁμοούσιος
2577 3624 2686 3695 ἄρα
2710 3621 2926 3689 ἐκείνῳ,
2953 3613 3014 3670 οὑ
3049 3616 3144 3669 καὶ
3172 3614 3289 3667 ἔστι
3323 3611 3541 3685 μορφή;

2763 3817 2965 3874 ΑΛΛΟ.

2155 3946 2217 3998 Et
2248 3942 2328 4014 τῷ
2347 3941 2467 3996 καθ’
2501 3940 2647 4010 ἡμᾶς
2681 3937 2823 4006 φωτὶ
2850 3933 2911 3988 τὸ
2943 3931 3285 4000 ἀπαύγασμα
3316 3923 3482 3981 αὑτοῦ
3514 3923 3667 3975 ἐστιν

2081 4038 2392 4110 ὁμοούσιον,
2433 4037 2462 4087 6
2504 4035 2561 4087 δὲ
2597 4032 2725 4095 Υἱὸς
2753 4029 2849 4083 τοῦ
2885 4028 3056 4083 ἀϊδίου
3100 4023 3276 4094 φωτός
3312 4024 3460 4074 ἐστιν
3490 4018 3668 4071 ἀπαύ-

2082 4104 2272 4201 γασμα
2297 4170 2311 4193 ,
2345 4128 2629 4198 όμοοὺσιος
2664 4125 2773 4196 ἄρα
2807 4123 2902 4176 καὶ
2934 4120 3096 4183 αὐτὸς
3145 4116 3223 4186 τῷ
3272 4114 3430 4183 φωτὶ,
3462 4104 3525 4164 οὗ
3570 4110 3663 4163 καὶ

2082 4225 2228 4277 ἔστιν
2266 4221 2631 4290 ἀπαύγασμα,
2664 4218 2773 4270 τῶν
2803 4212 3217 4283 ὑποδειγμάτων
3246 4208 3389 4261 κατά
3412 4224 3466 4258 τι
3496 4204 3667 4273 μέρος

2083 4316 2182 4387 τῆς
2211 4314 2420 4378 οἰκείας
2451 4312 2667 4382 φύσεως
2696 4311 2776 4372 εἰς
2806 4308 2867 4361 τὸ
2899 4308 3084 4376 ὅμοιον
3114 4298 3534 4373 παραγομένων.

2766 4444 2969 4498 ΔΛΛΟ.

2156 4563 2219 4617 Εἰ
2253 4563 2314 4616 τὸ
2365 4561 2479 4614 ἴσον
2517 4561 2575 4612 ὲν
2608 4559 2820 4627 νοητοῖς
2862 4555 2923 4608 οὑ
2959 4553 3220 4622 ποσότητι
3267 4548 3556 4621 μετρητὸν,
3601 4547 3667 4599 τὸ

2084 4655 2128 4707 δ’
2159 4652 2335 4713 οὕτως
2366 4652 2500 4713 ἴσον,
2552 4650 2645 4702 καὶ
2687 4647 2946 4718 ὁμότιμον
2980 4644 3039 4709 ἐξ
3069 4646 3315 4713 ἀνάγκης
3343 4643 3438 4695 καὶ
3462 4643 3667 4711 ὁμοοὺο

2084 4764 2218 4809 σιον,
2275 4745 2391 4797 ἐστι
2437 4743 2493 4796 δὲ
2541 4744 2654 4805 ἶσος
2700 4742 2795 4795 καὶ
2832 4740 3094 4811 ὁμότιμος
3131 4737 3208 4807 τῷ
3238 4736 3413 4805 Ιῐατρὶ
3448 4738 3476 4788 6
3509 4735 3663 4797 Υἱὸς,

2081 4837 2308 4892 κατὰτὰ
2325 4838 2444 4889 θεῖα
2472 4836 2664 4903 Λὸγια,
2686 4834 2745 4898 ἐξ
2774 4833 3019 4901 ἀνάγκης
3046 4831 3198 4883 ἔσται
3228 4830 3322 4882 καὶ
3350 4825 3655 4898 όμοούσιος·

2080 4932 2175 4984 τοῦ
2205 4932 2322 4983 ἴσου
2354 4927 2499 4983 κατὰ
2528 4928 2588 4980 τὸ
2625 4927 2792 4980 ποσὸν
2821 4929 2880 4979 ὲν
2908 4925 3183 4994 ἀσωμάτῳ
3223 4921 3382 4991 φύσει
3412 4919 3487 4991 μὴ
3522 4918 3663 4971 θεω-

2082 5024 2369 5096 ρουμένου,
2402 5021 2540 5076 ἀλλὰ
2575 5020 2775 5092 μᾶλλον
2800 5022 2858 5073 ὲν
2882 5019 3071 5082 οὑσίας
3100 5016 3408 5087 ταυτότητι.

2766 5316 2964 5368 ΛΛΛο.

2154 5425 2214 5479 Εἰ
2252 5426 2320 5479 τά
2355 5427 2476 5479 κατ’
2530 5428 2810 5499 ἀλήθειαν,
2853 5427 2967 5481 ἀλλ’
3010 5427 3069 5480 οὑ
3117 5427 3283 5493 θέσει,
3320 5424 3660 5497 γεννώμενα,

2078 5518 2339 5586 ὁμοούσια
2362 5519 2470 5572 τῶν
2501 5523 2622 5573 κατ’
2650 5519 2910 5591 ἀλήθειαν
2942 5520 3255 5589 γεννώντων
3282 5520 3660 5591 ὡμολόγηται,

2077 5606 2192 5660 ἔστι
2221 5609 2277 5661 δὲ
2305 5608 2413 5663 τῶν
2451 5612 2573 5665 κατ’
2601 5611 2861 5682 ἀλήθειαν
2897 5610 3268 5685 γεννηθέντων
3295 5614 3324 5667 6
3352 5612 3481 5677 Υἱὸς
3511 5614 3619 5685 ﬁn;
3630 5628 3664 5685 ρ
