3876 6208
198 342 299 402 I37

1594 331 2037 389 TIIESAURUS.

3345 336 3447 389 I33

192 460 302 514 τῶν
333 459 473 515 κατὰ
508 458 679 520 θέσιν,
733 459 1019 529 ὁμοούσιος
1067 460 1176 529 ἄρα
1226 458 1305 529 τῷ
1351 458 1468 511 κατ’
1520 455 1761 527 ἁλήθειαη

1888 448 2052 503 Filius
2091 456 2271 502 autem
2304 457 2388 502 est
2419 461 2481 502 ex
2516 447 2583 502 iis
2603 447 2696 517 qui
2728 462 2853 503 vere
2884 449 3050 518 geniti
3087 458 3234 516 sunt,
3259 452 3443 522 longe-

195 552 375 615 αὐτὸν,
402 551 520 605 ἀλλ’
545 551 606 605 οὐ
640 550 809 615 θέσει,
840 554 1192 623 γεγεννηκότι
1221 550 1359 621 Θεῷ.

885 841 1069 893 AAAO

262 954 323 1005 Ei
374 953 434 1005 τὸ
468 951 741 1015 οὐσιωόὦς
787 950 1129 1024 γεννώμενον
1177 954 1505 1025 κληρονομεῖ
1538 951 1637 1022 τὴν
1678 950 1769 1005 τοῦ

1873 555 1979 610 que
1995 540 2338 611 praestantior
2357 554 2517 610 quam
2537 540 2627 610 qui
2652 540 2975 608 adoptione;
3003 542 3443 597 consubstantia-

1874 632 1941 686 Iis
1959 633 2141 701 itaque
2164 640 2247 687 est
2279 630 2391 687 Deo
2420 634 2511 702 qui
2539 646 2662 687 eum
2696 647 2800 688 non
2823 633 3132 703 adoptione,
3167 638 3263 689 sed
3321 652 3447 691 vero

1874 738 1938 777 ac
1962 723 2287 780 naturaliter
2312 725 2519 795 genuit.

2536 836 2770 896 ALIUD.

1948 951 2006 1005 Si
2045 952 2188 1022 quod
2211 951 2641 1008 substantialiter
2667 954 2907 1024 genitum
2940 964 3042 1020 est,
3068 957 3332 1027 genitoris
3360 974 3449 1014 es-

186 1043 579 1114 γεγεννηκότος
602 1043 813 1110 οὐσίαν,
850 1043 973 1114 ἔχον
1000 1044 1205 1113 ταύτην
1252 1046 1309 1097 ὲν
1339 1042 1537 1113 ἑαυτῷ,
1568 1043 1681 1113 ἔχει
1714 1043 1761 1096 δὲ

1888 1044 2102 1099 sentiam
2131 1043 2390 1114 possidet,
2413 1044 2618 1101 habens
2651 1059 2771 1101 eam
2796 1046 2847 1101 in
2875 1062 2967 1113 se:
2986 1047 3151 1103 Filius
3175 1064 3305 1103 vero
3323 1065 3449 1119 pos-

185 1138 365 1189 πάντα
392 1135 462 1188 τὰ
492 1136 587 1189 τοῦ
618 1136 833 1206 Πατρὸς
864 1137 894 1187 6
931 1136 1058 1201 Υἱὸς
1078 1176 1095 1201 ,
1136 1134 1410 1198 οὐσιωδῶς
1443 1135 1551 1207 ἄρα
1578 1136 1770 1206 γεγέν-

184 1242 346 1297 νηται

866 1340 1075 1392 AAAO.

255 1450 318 1502 Ei
370 1449 533 1520 μηδὲν
559 1450 670 1503 τῶν
708 1449 848 1519 μετὰ
875 1450 967 1503 τὸν
999 1449 1128 1503 Υίὸν
1178 1452 1241 1503 ὲκ
1276 1452 1351 1522 μὴ
1385 1451 1554 1504 όντων
1582 1448 1771 1511 οὐσίας

179 1540 496 1612 ὑφίστησιν,
547 1541 808 1613 ὑφίστησι
856 1542 914 1595 δὲ
962 1544 991 1595 6
1041 1542 1191 1610 Υἱὸς,
1228 1544 1327 1597 οὐκ
1371 1544 1479 1615 ἄρα
1510 1543 1618 1596 τῶν
1654 1543 1771 1614 μετ’

180 1633 345 1685 αὐτὸν
394 1632 545 1686 ἔσται
581 1633 886 1705 συγγενὴς,
924 1632 1061 1687 ἀλλὰ
1102 1634 1181 1705 τῷ
1232 1636 1297 1689 ὲκ
1334 1636 1410 1705 μὴ
1448 1634 1618 1687 ὄντων
1660 1633 1764 1703 ὐφ-

179 1724 405 1777 ιστῶντι
434 1725 741 1794 ὁμοούσιος.
760 1724 843 1777 Τὰ
865 1725 974 1798 γὰρ
987 1727 1085 1796 τῆς
1114 1727 1285 1797 αὐτῆς
1314 1726 1596 1799 ἐνεργείας
1616 1726 1765 1788 ὄντα,

180 1816 274 1867 καὶ
298 1816 399 1884 τῆς
429 1816 599 1885 αὐτῆς
626 1815 813 1879 οὐσίας
844 1815 1246 1888 ὡμολόγηνται.

856 2018 1062 2072 ΔΛΔΟ.

248 2133 313 2185 Εἰ
348 2132 414 2185 τὰ
441 2132 540 2203 τῆς
580 2133 749 2204 αὐτῆς
790 2134 1073 2205 ἐνεργείας
1116 2132 1553 2204 ἀπαραλλάκτως
1584 2135 1765 2207 ὐπάρ-

1873 1135 2016 1190 sidet
2043 1136 2227 1191 omnia
2249 1152 2369 1207 qua:
2392 1136 2571 1193 Patris
2607 1146 2775 1205 sunt;
2811 1139 3176 1195 essentialiter
3204 1156 3336 1211 ergo
3354 1156 3448 1211 ge-

1874 1226 2019 1282 nitus
2046 1234 2153 1282 est.

2538 1339 2770 1396 ALIUD.

1948 1448 2004 1502 Si
2042 1463 2199 1503 nemo
2229 1456 2347 1517 post
2378 1446 2575 1501 Filium
2608 1462 2673 1502 ex
2707 1448 2879 1503 nihilo
2927 1448 3262 1505 substantias
3321 1468 3447 1522 pro-

1874 1540 2044 1606 ducit,
2078 1540 2329 1610 producit
2358 1550 2539 1594 autem
2565 1539 2775 1596 Filius:
2808 1556 2913 1595 non
2948 1541 3115 1612 igitur
3138 1543 3246 1597 erit
3297 1545 3447 1614 ejus-

1874 1631 1995 1686 dem
2023 1632 2244 1702 generis
2280 1648 2402 1687 cum
2430 1633 2495 1687 iis
2532 1632 2623 1701 qui
2657 1642 2778 1703 post
2811 1634 2984 1703 ipsum
3010 1643 3157 1699 sunt,
3216 1638 3309 1692 sed
3370 1638 3446 1692 illi

1875 1723 1966 1792 qui
2002 1738 2069 1777 ex
2097 1723 2267 1778 nihilo
2299 1723 2552 1793 producit
2581 1725 3089 1779 consubstantialis.
3114 1726 3245 1793 Quae
3300 1730 3445 1783 enim

1796 1792 1843 1853 Β
1867 1815 2108 1884 ejusdem
2131 1792 2358 1871 actionis
2379 1816 2817 1887 operationisque
2849 1825 2993 1885 sunt,
3013 1818 3251 1888 ejusdem
3281 1821 3445 1874 etiam

1868 1916 1993 1962 sunt
2021 1908 2356 1963 substatiar.

2537 2020 2769 2079 ALIUD.

1939 2130 1997 2185 Si
2031 2145 2150 2201 quae
2178 2130 2419 2200 ejusdem
2440 2146 2662 2201 prorsus
2712 2132 2943 2189 actionis
2998 2135 3447 2205 operationisque

174 2242 364 2295 χοντα,
416 2227 511 2279 καὶ
553 2229 654 2298 τῆς
683 2226 858 2292 αὐτῆς
887 2225 1076 2290 οὐσίας
1111 2226 1510 2299 ὡμολόγηνται,
1559 2225 1674 2280 ἐστι
1707 2228 1761 2281 δὲ

1888 2233 2013 2291 sunt,
2045 2224 2289 2296 ejusdem
2308 2232 2362 2279 et
2392 2224 2709 2280 substantiae
2741 2236 2888 2293 sunt,
2922 2235 2977 2282 et
3010 2227 3180 2282 Filius
3200 2228 3442 2297 ejusdem

173 2318 275 2389 τῆς
308 2318 481 2389 αὐτῆς
522 2317 600 2388 τῷ
633 2318 809 2390 llath
858 2317 1140 2389 ἐνεργείας
1181 2318 1211 2371 6
1260 2317 1407 2383 Υἱὸς,
1450 2318 1630 2372 πάντα
1663 2319 1761 2374 ὃσα

1888 2324 2090 2371 :stcum
2120 2314 2279 2371 Patre
2296 2317 2550 2381 actionis,
2585 2318 2766 2372 omnia
2787 2334 2909 2389 qua
2941 2318 3071 2375 facit
3091 2319 3253 2376 Pater
3284 2322 3442 2377 sitni-

175 2414 328 2463 ποιεί
351 2412 443 2464 καὶ
475 2411 637 2476 αὐτὸς
666 2411 871 2483 ὁμοίως
905 2410 1102 2474 ποιῶν,
1130 2409 1579 2482 ὁμολογουμένως
1610 2412 1762 2467 ἔσται

175 2504 273 2557 καὶ
313 2504 413 2573 τῆς
462 2504 632 2574 αὐτῆς
660 2504 883 2570 οὐσίας,
929 2504 1019 2559 διὰ
1064 2503 1125 2557 τὸ
1160 2503 1254 2557 καὶ
1293 2503 1391 2574 τῆς
1420 2503 1591 2575 αὐτῆς
1624 2499 1762 2559 εἶναι

176 2597 485 2667 ἐνεργείας.

859 2714 1063 2769 ΔΛΔΟ.

249 2826 315 2878 Εἰ
348 2825 507 2895 φύσει
534 2826 667 2891 Θεός
695 2829 843 2880 ἐστιν
874 2827 904 2880 6
928 2825 1140 2898 Πατὴρ,
1168 2826 1286 2879 ἀλλ’
1310 2826 1371 2879 οὐ
1403 2829 1629 2898 μετοχῇ,
1648 2827 1762 2880 ἐστι

172 2914 232 2968 δὲ
266 2915 431 2986 φύσει
455 2917 588 2982 Θεὸς
633 2920 727 2971 καὶ
756 2920 785 2972 6
821 2917 968 2982 Υἱός.
1008 2918 1178 2990 Εἴπερ
1205 2917 1315 2972 τῶν
1353 2919 1495 2974 κατὰ
1528 2920 1762 2990 μετοχὴν

175 3008 475 3080 ὑπερέχει,
525 3009 624 3081 τῆς
651 3010 822 3084 αὐτῆς
852 3010 962 3084 ἄρα
1011 3009 1226 3081 φύσεως
1258 3009 1408 3066 ἔσται
1450 3011 1528 3084 τῷ
1561 3013 1757 3083 Πατρὶ,

174 3099 294 3155 ἀλλ’
321 3100 385 3153 οὐ
416 3104 528 3165 τοῖς
555 3103 698 3156 κατὰ
734 3104 989 3176 μετοχήν.

852 3302 1054 3357 ΔΛΔΟ.

242 3432 312 3487 Ei
349 3433 582 3503 μετοχῇ,
612 3431 729 3485 ἀλλ’
766 3432 828 3485 οὐ
861 3432 1042 3501 φύσει,
1072 3434 1206 3499 Θεὸς
1242 3436 1272 3489 ό
1302 3435 1450 3503 Υἱὸς,
1478 3435 1664 3489 πολλοὶ
1700 3436 1756 3489 δὲ

171 3528 224 3580 οι
274 3524 424 3580 κατὰ
477 3524 712 3596 μετοχὴν
762 3524 909 3590 θεοὶ,
962 3527 1116 3581 οὐδὲν
1155 3527 1262 3599 ἄρα
1306 3527 1591 3592 πλεονάζει
1649 3527 1758 3579 τῶν

175 3615 395 3670 πολλῶν
422 3616 501 3678 εἰς
530 3615 806 3686 ὑπεροχὴν
830 3617 1041 3679 οὐσίας.
1074 3617 1136 3670 Εἰ
1166 3616 1223 3671 δὲ
1248 3618 1323 3688 μὴ
1350 3617 1504 3671 ἔσται
1532 3619 1753 3688 μετοχῇ.

173 3710 255 3762 ὃτι
288 3707 401 3760 τῶν
426 3705 565 3758 κατὰ
594 3707 830 3778 μετοχὴν
857 3708 1021 3772 αὐτός
1045 3710 1161 3762 ἐστι
1187 3709 1437 3781 ποιητὴς,
1467 3711 1566 3780 τῆς
1588 3708 1758 3778 αὐτῆς

174 3804 286 3874 ἄρα
338 3799 552 3868 φύσεως
602 3796 753 3852 ἔσται
804 3800 882 3871 τῷ
942 3801 1139 3872 Πατρὶ,
1188 3800 1304 3853 ἀλλ’
1348 3800 1410 3852 οὐ
1455 3801 1564 3863 τοῖς
1615 3798 1759 3852 κατὰ

177 3894 436 3967 parum

853 4003 1057 4057 ΔΛΔΟ.

244 4124 312 4177 Εἰ
355 4124 506 4176 πᾶσα
536 4120 695 4176 οὐσία
734 4116 948 4187 λογικὴ,
979 4116 1042 4169 οὐ
1091 4112 1239 4186 μόνῳ
1283 4113 1363 4184 τῷ
1395 4113 1593 4182 θέλειν,
1621 4114 1760 4168 ἀλλὰ

1868 2405 1993 2462 liter
2018 2415 2074 2461 et
2102 2407 2215 2477 ipse
2234 2406 2460 2472 faciens,
2479 2409 2583 2463 erit
2606 2419 2753 2465 certe
2782 2411 2944 2466 etiam
2979 2414 3220 2484 ejusdem
3254 2428 3441 2470 essen-

1871 2498 1976 2563 tiae,
2006 2498 2125 2553 ideo
2145 2500 2285 2567 quod
2309 2500 2547 2569 ejusdem
2579 2502 2651 2556 sit
2680 2503 3029 2560 ooerationis.

2545 2700 2772 2756 ALIUD.

1938 2814 1997 2870 Si
2021 2816 2181 2873 Pater
2206 2829 2286 2873 est
2303 2817 2624 2872 naturaliter
2654 2816 2819 2884 Deus,
2843 2833 2947 2874 non
2986 2830 3166 2876 autem
3219 2824 3444 2891 partici-

1869 2908 2104 2976 patione,
2133 2920 2218 2964 est
2244 2925 2371 2966 vero
2393 2910 2556 2964 etiam
2582 2908 2753 2965 Filius
2784 2912 3103 2966 naturaliter
3135 2912 3298 2970 Deus.
3367 2917 3443 2970 At

1868 2999 1913 3053 si
1947 2998 2014 3054 iis
2038 3000 2128 3069 qni
2149 3000 2561 3071 participatione
2592 3002 2663 3057 dii
2691 3001 2824 3057 ﬁunt
2848 3003 3005 3075 longe
3034 3014 3118 3061 est
3152 3008 3435 3077 superior:

1788 3131 1832 3188 ο
1866 3091 2107 3162 ejusdem
2135 3106 2265 3163 ergo
2290 3104 2499 3149 natura:
2551 3092 2656 3148 erit
2685 3109 2805 3149 cum
2853 3092 3033 3163 Patre,
3093 3113 3199 3155 non
3258 3110 3439 3157 autem

1869 3197 1989 3235 cum
2023 3184 2087 3236 iis
2117 3184 2209 3252 qui
2259 3184 2600 3253 participant.

2546 3298 2777 3355 ALIUD.

1939 3428 1997 3481 Si
2031 3429 2461 3499 participatione,
2493 3445 2596 3485 non
2663 3441 2842 3487 autem
2887 3442 3102 3497 natura,
3146 3435 3257 3506 83
3294 3435 3438 3493 Deus

1865 3528 1947 3574 est
2007 3519 2197 3586 Filius,
2233 3520 2387 3575 multi
2421 3536 2550 3576 vero
2578 3531 2706 3575 sunt
2734 3521 3149 3591 participatione
3174 3526 3268 3589 dii,
3302 3525 3434 3579 nihil

1867 3614 2052 3682 itaque
2071 3614 2331 3684 dignitate
2349 3613 2601 3669 essentia:
2628 3613 2750 3667 aliis
2767 3615 3055 3669 antecellit.
3089 3615 3145 3669 Si
3163 3629 3292 3672 vero
3325 3632 3433 3671 non

1867 3705 2280 3774 participatione
2305 3706 2442 3776 (ipse
2463 3704 2606 3760 enim
2639 3714 2720 3760 est
2742 3706 2981 3760 omnium
3005 3706 3437 3777 quiparticipant

1865 3797 2384 3868 creator),ejusdem
2416 3798 2580 3867 igitur
2602 3800 2707 3854 erit
2734 3809 2940 3855 natura:
2972 3817 3091 3855 cum
3123 3800 3302 3865 Patre,
3329 3820 3433 3859 non

1866 3903 1987 3943 cum
2017 3889 2085 3944 iis
2117 3892 2210 3959 qui
2234 3890 2558 3960 participant

2534 4002 2765 4059 ALIUD.

1940 4115 1996 4171 Si
2024 4117 2203 4172 omnis
2229 4117 2463 4171 essentia
2498 4118 2794 4182 rationalis,
2827 4134 2933 4173 non
2980 4120 3258 4176 voluntate
3289 4123 3433 4190 sola,

173 4217 270 4269 καί
300 4214 383 4284 τῷ
414 4215 659 4283 ἐνεργεῖν
686 4210 780 4264 καὶ
822 4210 1051 4279 πάσχειν
1088 4206 1433 4279 δημιουργεῖ,
1470 4205 1606 4277 μόνη
1639 4206 1697 4260 δὲ
1721 4209 1755 4278 ή

1888 4208 1960 4264 ted
1990 4208 2200 4279 agendo
2218 4215 2276 4263 et
2304 4208 2556 4278 patiendo
2578 4219 2836 4279 operatur
2871 4227 2884 4262 :
2913 4211 3026 4265 sola
3058 4220 3236 4267 autem
3283 4214 3435 4284 inge-

174 4306 477 4377 ἀγέννητος
509 4304 671 4358 οὐσία
692 4302 771 4374 τῷ
796 4301 973 4356 θέλειν
999 4299 1093 4354 καὶ
1126 4299 1200 4371 μὴ
1229 4298 1481 4370 πάσχειν,
1505 4298 1675 4354 θέλων
1700 4300 1757 4354 δὲ

1888 4302 1979 4357 lita
2012 4300 2249 4357 essentia
2282 4301 2513 4356 vnlendo
2545 4310 2600 4356 et
2620 4318 2728 4357 non
2754 4302 3004 4373 patiendo
3039 4318 3055 4358 :
3089 4306 3277 4362 volens
3302 4321 3430 4361 vero

175 4400 269 4453 καὶ
312 4399 389 4469 μὴ
432 4396 659 4466 πάσχων
690 4393 1014 4465 δημιουργεῖ
1040 4392 1070 4445 ό
1101 4390 1251 4455 Υἱὸς,
1288 4391 1387 4461 τῆς
1429 4392 1489 4445 ὲν
1535 4390 1755 4462 θελήσει

1888 4407 1921 4451 :t
1950 4411 2054 4452 non
2086 4395 2297 4466 patiens
2338 4404 2595 4465 operatur
2635 4395 2838 4462 Filius;
2871 4396 2989 4466 ejus
3018 4412 3147 4470 ergo
3186 4401 3436 4455 essentia:

178 4492 322 4564 μόνῃ
352 4486 796 4559 δημιουργούσης
842 4484 1030 4547 οὐσίας
1077 4481 1251 4550 ἐστὶν,
1301 4481 1418 4535 ἀλλ’
1444 4482 1505 4535 οὐ
1532 4482 1633 4553 τῆς
1669 4484 1758 4536 ὲν-

1888 4498 2085 4559 :stquae
2116 4487 2391 4543 voluntate
2429 4486 2545 4542 sola
2592 4496 2870 4556 operatur,
2930 4504 3033 4542 non
3086 4505 3181 4560 per
3225 4491 3434 4560 passio.

175 4581 447 4652 εργούσης
474 4577 616 4633 κατὰ
644 4576 840 4641 πάθος.

853 4688 1055 4742 ΔΛΔΟ.

248 4810 313 4864 Εἰ
352 4810 459 4862 πᾶν
504 4808 566 4860 τὸ
606 4806 876 4877 γεννῆσαν
914 4803 976 4858 οὐ
1018 4801 1193 4867 νόθον,
1244 4800 1533 4871 ὁμοούσιον
1579 4798 1759 4871 ἑαυτῷ

176 4902 497 4971 γεγέννηκε,
531 4900 828 4970 γεγέννηκε
873 4896 929 4949 δὲ
973 4897 1001 4949 6
1029 4895 1161 4958 Θεὸς
1189 4894 1281 4947 τὸν
1309 4893 1589 4965 Μονογενῆ
1608 4932 1623 4955 ,
1658 4893 1759 4947 οὐκ

179 4992 314 5045 ὄντα
339 4990 513 5055 νόθον,
555 4990 840 5060 ὁμοούσιον
870 4986 977 5056 ἄρα
1018 4983 1193 5055 ἐαυτῷ
1218 4982 1567 5054 γεγέννηκεν.
1602 4982 1665 5035 Εί
1700 4982 1758 5035 δὲ

179 5081 349 5147 γεννᾷ
401 5080 524 5151 μὲν,
557 5080 710 5133 νόθον
743 5080 799 5132 δὲ
825 5076 1092 5147 γεννήσας
1125 5076 1187 5130 οὐ
1218 5075 1534 5146 γεγέννηκε.
1563 5075 1760 5146 Χεϊρον

180 5173 292 5244 γὰρ
320 5172 381 5225 τὸ
412 5172 562 5243 παρὰ
595 5170 756 5241 φύσιν
780 5168 875 5223 τοῦ
908 5167 1153 5239 αηδόλως
1180 5167 1562 5237 γεγεννῆσθαι.

849 5376 1052 5430 AAAO.

251 5492 318 5548 El
363 5494 454 5548 τὸν
503 5494 780 5564 Μονογενῆ
853 5492 1122 5562 γεννήσας
1169 5491 1198 5543 ό
1252 5489 1385 5555 Θεὸς
1431 5489 1527 5543 καὶ
1569 5491 1758 5563 Πατὴρ

182 5590 505 5661 κρειττόνως
544 5588 702 5659 ἡμῶν
756 5586 1094 5657 γεγέννηκε,
1145 5583 1441 5652 γεννῶντες
1492 5582 1548 5637 δὲ
1596 5585 1759 5654 ἡμεῖς

182 5678 609 5749 προύπάρχομεν
638 5677 747 5730 τῶν
775 5678 1213 5748 γεγεννημένων,
1241 5678 1374 5743 Θεὸς
1416 5679 1524 5750 ἄρα
1552 5680 1759 5748 γεννῶν

184 5772 244 5822 οὐ
305 5770 667 5842 ποοῡπάρχει.
722 5770 784 5822 Εἰ
831 5770 888 5823 δὲ
942 5769 1205 5834 ὡσαύτως
1250 5772 1379 5843 ἡμῖν
1429 5772 1756 5843 γεγέννηκεν

496 5866 765 5928 PATROL.
813 5868 927 5927 Gn.
978 5866 1201 5927 LXXV.

1862 4596 2006 4636 nem.

2520 4690 2753 4747 ALIUD.

1933 4806 1988 4860 Si
2017 4806 2279 4878 quidquid
2306 4808 2494 4878 genuit
2518 4823 2626 4863 non
2664 4807 2933 4877 spuriuni,
2970 4808 3436 4865 consuostantiale

1862 4898 1967 4954 sibi
1991 4899 2090 4970 ipsi
2122 4900 2326 4966 genuit,
2351 4898 2494 4955 Deus
2515 4908 2695 4953 autem
2722 4899 2906 4968 genuit
2933 4899 3300 4969 Unigenitum,
3325 4915 3431 4955 non

1862 4993 2142 5061 spnrium;
2174 5006 2302 5063 ergo
2322 4991 2834 5053 consubstantialem
2864 4992 2964 5046 sibi
2988 4994 3194 5061 genuit.
3225 4991 3282 5046 Si
3310 4991 3436 5061 qui-

1861 5084 1987 5141 dem
2015 5084 2208 5155 gignit,
2237 5085 2330 5139 sed
2360 5086 2604 5152 spurium
2636 5083 2988 5155 gignensnon
3015 5084 3219 5152 genuit.
3278 5081 3437 5147 Pejus

1862 5178 2007 5233 enim
2038 5187 2119 5232 est
2154 5187 2351 5247 praeter
2380 5185 2629 5231 naturam
2656 5189 2798 5241 esse,
2834 5192 2994 5245 quam
3042 5178 3093 5229 in
3121 5175 3433 5229 universum

1864 5268 2107 5337 genitum
2138 5281 2241 5320 non
2268 5282 2408 5322 esse.

2532 5378 2761 5436 ALIUD.

1933 5493 1991 5550 Si
2021 5509 2143 5551 cum
2179 5492 2322 5549 Deus
2371 5508 2433 5547 ac
2462 5491 2621 5548 Pater
2658 5491 3003 5562 Unigenitum
3051 5492 3235 5562 genuit
3283 5490 3437 5559 longe

1861 5584 2235 5657 praestantiore
2265 5583 2424 5639 modo
2466 5599 2628 5653 quam
2655 5599 2757 5639 nos
2778 5584 2995 5654 genuit;
3029 5598 3129 5638 nos
3158 5598 3287 5639 vero
3314 5596 3437 5636 cum

1863 5686 2187 5746 generamus
2237 5673 2448 5741 priores
2498 5686 2657 5742 quam
2699 5672 2791 5742 qui
2837 5688 2904 5729 ex
2944 5674 3099 5729 nobis
3147 5674 3438 5744 gignuntur

1863 5767 2209 5836 exsistimus;
2238 5762 2384 5822 Deus
2403 5778 2533 5837 ergo
2552 5763 2743 5822 Filium
2763 5765 2987 5838 gignens
3014 5766 3161 5836 prior
3185 5768 3300 5836 ipso
3328 5780 3435 5819 non
