3876 6208
423 337 523 392 159

1411 335 1469 381 S.
1510 325 1783 381 (ZYRILLI
1827 324 2294 379 ALEXANDRINI
2336 326 2657 382 ARCIIIEP.

3595 334 3697 391 HO

424 454 654 509 exstitit.
684 451 740 506 Si
774 459 955 507 autem
982 449 1126 507 Deus
1161 450 1274 520 pari
1307 448 1517 501 ratione
1546 460 1649 514 qua
1681 458 1798 507 nos,
1840 440 2006 513 gignit

2119 444 2246 515 [οὐκ
2281 445 2345 498 ἂν
2380 445 2490 516 γὰρ
2522 450 2662 501 εἴποι
2696 467 2778 513 τις
2812 452 3122 521 ἡττόνως),
3157 453 3434 525 γεννῶμεν
3460 457 3504 511 δ’
3532 460 3697 528 ἡμεῖς

424 547 607 613 (ιιεηιο
645 546 791 598 enim
828 542 1025 597 dixerit
1059 542 1333 596 deteriore
1361 538 1519 593 modo
1552 537 1700 591 illum
1736 536 2001 604 gignere),

420 654 520 692 nos
564 653 693 692 vero
716 654 779 693 ex
807 646 988 693 nostra
1049 637 1287 706 ipsorum
1340 633 1642 689 substantia
1695 630 2001 698 gignimus:

419 733 563 786 Deus
594 733 777 801 itaque
843 731 1007 786 etiam
1057 747 1125 784 ex
1170 744 1265 784 sua
1314 729 1481 797 ipsius
1519 725 1755 781 essentia
1796 722 2001 793 genuit.

418 823 684 890 Quocirca
719 820 1182 878 consubstantiale
1213 821 1262 875 ei
1294 816 1585 874 omninoid
1616 817 1759 886 quod
1795 830 1859 870 ex
1888 814 2005 883 ipso

418 915 659 983 genitum
681 924 782 979 est,
811 912 1121 969 necessario
1155 909 1501 965 statuendum
1536 918 1639 961 est.

1089 1023 1322 1079 ALIUD.

493 1142 548 1194 Si
572 1142 813 1196 omnium
834 1148 1211 1195 creaturarum
1253 1135 1489 1191 mundus
1517 1132 1844 1189 universalis
1892 1146 2004 1187 νει-

423 1235 498 1287 nti
542 1248 713 1303 genus
749 1242 868 1297 est,
908 1230 1258 1298 particularia
1290 1243 1419 1283 vero
1451 1235 1578 1282 sunt
1617 1224 1834 1295 generis
1876 1238 2003 1293 spc-

422 1327 554 1389 cies,
590 1325 769 1380 factus
826 1334 1007 1378 autem
1063 1333 1144 1378 est
1186 1320 1386 1386 Filius;
1441 1318 1652 1389 species
1704 1316 1870 1387 igitur
1923 1324 2008 1371 est

426 1420 661 1487 generis,
690 1418 800 1473 hoc
838 1427 925 1470 est
960 1416 1169 1469 mundi.
1203 1412 1258 1469 Si
1282 1428 1409 1468 vero
1440 1410 1649 1481 species
1673 1408 1858 1463 mundi
1897 1421 2003 1463 non

420 1512 670 1582 est,quia
731 1512 986 1565 nimirqu
1037 1517 1161 1561 ante
1225 1506 1481 1560 mundum
1540 1501 1770 1564 exstitit,
1832 1512 2007 1569 neque

420 1605 537 1660 ﬁeri
562 1612 747 1674 potest
772 1602 1061 1671 utspecies
1102 1599 1253 1670 prius
1276 1597 1508 1653 exsistat
1534 1608 1697 1664 quam
1732 1606 2005 1663 genus,ex

421 1699 622 1753 mundo
646 1710 868 1766 prorsus
892 1709 995 1747 non
1022 1692 1283 1759 est.Quod
1313 1690 1359 1746 si
1385 1690 1458 1744 ita
1491 1697 1596 1752 est,
1639 1701 1744 1741 non
1769 1684 2003 1749 mundo,

422 1792 516 1846 sed
536 1788 768 1846 creatori
799 1786 983 1841 mundi
1020 1780 1505 1839 consubstantialis
1537 1780 1665 1835 erit.

1097 1893 1332 1949 ALIUD.

492 2015 549 2069 Si
582 2026 769 2067 eorum
809 2023 930 2079 qua:
959 2016 1107 2072 sunt,
1143 2005 1283 2059 aliud
1330 2012 1415 2059 est
1466 2003 1631 2069 Deus,
1658 2000 1801 2056 aliud
1847 2012 2007 2053 mun-

420 2107 538 2170 dus,
576 2102 885 2158 necessario
924 2099 1091 2154 Filius
1137 2107 1230 2152 aut
1272 2096 1475 2151 mundo
1500 2094 1798 2151 secundum
1827 2098 2009 2146 ortum

420 2214 576 2253 suum
630 2195 879 2266 proprius
951 2193 1075 2259 erit,
1129 2198 1223 2245 aut
1270 2189 1381 2244 Deo
1452 2189 1752 2243 secundum
1804 2198 1997 2239 essen-

419 2292 570 2345 tiam.
603 2289 737 2343 Curn
761 2300 892 2341 vero
914 2284 1115 2339 mundo
1145 2282 1399 2352 proprius
1442 2296 1549 2334 non
1607 2279 1700 2341 sit,
1729 2277 1857 2347 quia
1889 2274 2006 2331 ﬁeri

422 2398 526 2435 nun
589 2387 767 2452 potest
826 2386 883 2431 ut
940 2374 1218 2445 preprium
1265 2373 1545 2441 aproprio
1610 2378 1845 2425 creetur.
1906 2366 2012 2422 erit

421 2474 585 2541 igitur
641 2468 871 2524 creatori
920 2465 1107 2520 mundi
1148 2462 1261 2519 Deo
1286 2461 1788 2518 consubstantialis.

796 2591 1379 2686 ASSERTIO
1444 2596 1626 2681 X1.

424 2750 579 2819 Quod
612 2744 1080 2819 consubstantialis
1138 2746 1208 2819 sit
1257 2742 1432 2797 Filius
1491 2739 1669 2806 Patri,
1720 2756 1783 2794 ex
1823 2741 1999 2795 dicto.

837 2836 855 2866 ι
896 2815 1062 2869 Pater
1097 2815 1273 2885 major
1294 2831 1374 2867 me
1403 2822 1499 2867 est.
1533 2830 1552 2863 ι

856 2928 970 3002 84
1003 2928 1240 2999 Objectio
1280 2927 1549 2981 Eunomii.

493 3047 624 3114 Quae
649 3045 866 3107 eadem,
896 3040 1091 3111 inquit,
1122 3039 1426 3095 substantia
1454 3049 1706 3096 constant
1762 3048 1817 3094 et
1863 3038 2008 3109 ejus-

2107 539 2171 590 ἑκ
2204 537 2303 606 τῆς
2334 539 2544 593 ἑαυτῶν
2579 541 2789 608 οὐσίας,
2819 544 2914 596 καὶ
2939 544 3070 609 Θεὸς
3104 547 3214 617 ἄρα
3244 548 3307 600 ἑκ
3349 549 3449 619 τῆς
3496 549 3695 603 ἑαυτοῦ

2106 630 2438 703 γεγέννηκεν
2488 633 2695 697 οὐσίας.
2749 637 2948 708 Διόπερ
3001 639 3286 709 ὁμοούσιον
3332 641 3483 713 αὐτῷ
3525 642 3588 695 τὸ
3636 643 3696 708 ἐξ

2106 719 2270 774 αὐτοῦ
2307 723 2524 787 πάντως
2552 741 2654 778 που
2681 726 2777 778 καὶ
2805 726 3121 796 ἀναγκαίως
3146 728 3389 785 τίθεσθαι
3420 734 3549 803 χρή.

2783 1010 2987 1070 AAAO.

2178 1129 2244 1183 Ei.
2271 1128 2380 1182 τῶν
2411 1129 2657 1200 γενητῶν
2679 1131 2707 1183 ὁ
2741 1129 2976 1184 καθόλου
2997 1131 3203 1202 κόσμος
3231 1131 3421 1206 ὥσπερ
3452 1152 3504 1188 τι
3535 1153 3697 1203 γενος

2108 1221 2250 1287 ἑστι,
2277 1221 2373 1275 τοῦ
2400 1221 2458 1284 δὲ
2495 1222 2685 1289 γένους
2715 1222 2775 1274 τὸ
2807 1223 2949 1276 κατὰ
2978 1225 3143 1296 μέρος
3176 1219 3338 1291 εἶδος,
3371 1226 3569 1280 ἔστιδὲ
3600 1245 3696 1296 γε·

2108 1314 2268 1386 νητὸς
2294 1315 2324 1368 ό
2358 1314 2518 1380 Υίὸς,
2560 1311 2699 1380 εἶδος
2738 1315 2850 1386 ἄρα
2892 1318 3011 1371 ἐστὶ
3059 1317 3155 1373 τοῦ
3185 1319 3405 1387 γένους,
3444 1323 3695 1375 τουτέστι

2108 1407 2204 1460 τοῦ
2232 1406 2461 1478 κόσμου.
2494 1408 2560 1463 El
2588 1407 2646 1462 δὲ
2674 1408 2751 1480 μὴ
2780 1409 2929 1463 ἑστιν
2957 1405 3097 1474 εἶδος
3130 1410 3223 1465 τοῦ
3247 1413 3476 1482 κόσμου,
3506 1412 3596 1466 διὰ
3631 1413 3696 1465 τὸ

2107 1501 2202 1554 καὶ
2249 1502 2628 1572 προῦπάρχειν
2675 1502 2878 1565 αὑτοῦ,
2926 1503 3005 1574 τῷ
3069 1504 3144 1575 μὴ
3193 1504 3501 1574 ἐνδέχεσθαι
3560 1523 3698 1574 προ-

2109 1592 2379 1664 ϋπάρχειν
2396 1592 2457 1646 τὸ
2481 1588 2621 1655 εἶδος
2640 1591 2734 1646 τοῦ
2758 1594 2972 1662 γένους,
2989 1595 3111 1649 οὐδὲ
3132 1596 3197 1649 ἑκ
3214 1595 3309 1650 τοῦ
3332 1596 3538 1667 κόσμου
3558 1597 3699 1655 επ

2106 1682 2279 1736 ἐστίν.
2329 1683 2394 1735 El
2441 1682 2499 1736 δὲ
2547 1681 2728 1748 τοῦτο,
2774 1684 2870 1738 τοῦ
2922 1685 3275 1756 κοσμοποιοῦ,
3323 1686 3438 1741 ἀλλ’
3483 1688 3546 1739 οὑ
3597 1686 3697 1740 τοῦ

2035 1810 2080 1868 Β
2109 1775 2339 1847 κόσμου,
2374 1776 2435 1841 ἑξ
2461 1777 2712 1849 ἀνάγκης
2734 1776 2887 1832 ἔσται
2912 1778 3219 1849 ὁμοούσιος.

2798 1894 3003 1947 ΑΔΛΟ.

2182 2007 2245 2059 Ei
2273 2006 2382 2059 τῶν
2410 2006 2580 2061 ὄντων
2606 2008 2667 2061 τὸ
2701 2008 2799 2079 μὲν
2837 2007 2956 2059 ἐστὶ
2982 2006 3134 2073 Θεὸς,
3182 2007 3242 2061 τὸ
3274 2007 3333 2061 δὲ
3375 2008 3601 2078 κόσμος,
3633 2009 3699 2073 ἐξ

2111 2100 2361 2171 ἀνάγκης
2386 2102 2415 2153 ὁ
2446 2101 2572 2164 Υἱὸς
2601 2100 2634 2172 ἢ
2677 2100 2884 2171 κόσμου
2916 2099 3049 2163 ἴδιός
3094 2101 3210 2153 ἑστι
3245 2102 3388 2154 κατά
3414 2102 3513 2172 τὴν
3543 2102 3699 2169 γένε-

2113 2210 2216 2255 σιν,
2250 2193 2283 2265 ἢ
2315 2192 2453 2246 Θεοῦ
2483 2192 2628 2246 κατά
2654 2192 2755 2263 τὴν
2794 2192 3001 2247 οὐσίαν.
3045 2192 3263 2263 Ἐπειδὴ
3294 2194 3349 2246 δὲ
3382 2194 3456 2264 μὴ
3484 2194 3696 2262 κόσμου

2114 2286 2247 2350 ἴδιος
2288 2284 2367 2356 τῷ
2403 2285 2478 2358 μὴ
2524 2284 2838 2357 ἐνδέχεσθαι
2878 2286 2939 2339 τὸ
2968 2286 3097 2340 [διον
3137 2286 3242 2340 ὑπὸ
3273 2286 3401 2339 ἰδίου
3425 2286 3695 2357 δημιουρ-

2112 2379 2330 2449 γεῖσθαί
2366 2396 2496 2433 ποτε
2519 2418 2533 2441 ,
2573 2377 2665 2431 τοῦ
2712 2378 3046 2450 κοσμοποισῦ
3082 2379 3191 2449 ἄρα
3227 2378 3362 2432 Θεοῦ
3408 2378 3697 2449 ὀμοοιὶσιὸς

2110 2473 2280 2525 ἑστιν.

2608 2597 2976 2686 ΛΟΓΟΣ
3051 2599 3199 2688 ΙΑ’.

2112 2756 2242 2811 Ὅτι
2289 2758 2613 2827 ὁμοούσιος
2656 2761 2689 2812 ό
2755 2756 2887 2824 Υἱός
2920 2756 3254 2827 τῷίΠατρί,
3301 2754 3697 2824 προκειμένου

2280 2826 2470 2897 ῥητοῦ
2490 2845 2502 2857 ·
2528 2848 2546 2880 ι
2585 2829 2637 2881 '0
2668 2828 2871 2898 Πατὴρ
2895 2826 3106 2898 μείζων
3122 2830 3240 2897 μού
3266 2829 3455 2881 ἐστιν.
3491 2845 3509 2877 ι

2383 2942 2704 3007 Ἀντίθεσις
2727 2942 2808 3008 ὡς
2831 2942 2900 2995 ἐκ
2926 2940 3045 2994 τῶν
3072 2942 3392 3010 Εὐνομίου.

2183 3054 2265 3109 Τά
2292 3057 2393 3128 τὴν
2436 3056 2609 3126 αὐτὴν
2641 3055 2831 3109 οὐσίαν
2873 3055 3126 3125 λαχόντα,
3167 3054 3353 3123 φησὶν,
3382 3052 3601 3122 όμοφυῆ
3633 3070 3699 3106 τε

423 3140 543 3194 dem
572 3148 778 3191 natura:
815 3142 963 3197 sunt,
1001 3147 1108 3187 non
1138 3130 1410 3200 recipiunt
1450 3132 1503 3185 in
1564 3146 1624 3187 se
1688 3130 2006 3186 naturaliter

2119 3150 2238 3204 5ντα
2282 3150 2384 3202 οὐκ
2430 3147 2613 3219 ἔχουσι
2661 3147 2783 3201 καθ’
2832 3146 3041 3202 ἑαυτῶν
3081 3145 3330 3217 φυσικῶς
3375 3146 3435 3199 τὸ
3486 3146 3697 3215 μεῖζον,

424 3232 620 3302 magis,
656 3242 837 3297 neque
878 3226 1077 3280 minus.
1142 3222 1331 3294 Neque
1378 3225 1523 3280 enim
1583 3225 1768 3291 homo,
1799 3224 2010 3280 ratione

425 3325 767 3389 substantia},
836 3323 1005 3391 magis
1062 3322 1225 3376 homo
1282 3331 1367 3375 est
1419 3336 1582 3390 quam
1617 3320 1774 3388 alius,
1823 3332 2011 3375 utnec

423 3434 594 3490 equus
610 3433 769 3487 equo.
806 3413 862 3469 Si
896 3428 1026 3484 ergo
1056 3413 1228 3468 Filius
1251 3409 1618 3467 dicitPatrem
1658 3428 1719 3467 se
1746 3411 2008 3481 majorem

421 3527 565 3574 esse,
601 3506 1065 3565 consubstantiale
1088 3516 1270 3560 autem
1334 3504 1785 3560 consubstantiali
1836 3503 2010 3575 majus

422 3621 672 3660 essenon
703 3611 880 3674 potest
918 3603 1133 3657 ratione
1175 3600 1527 3666 substantiae;
1565 3614 1671 3654 non
1706 3607 1789 3654 est
1841 3598 2011 3669 igitur

422 3704 470 3754 ei
492 3694 1003 3754 consubstantialis.

938 3807 1145 3862 Solatia
1175 3806 1511 3877 objectionis.

494 3927 791 3997 Oportebat
824 3940 957 3981 sane
994 3924 1127 3978 istos
1144 3920 1350 3978 Christi
1404 3921 1590 3977 hostes
1646 3920 2006 3991 undequaque

421 4020 702 4072 veritatem
738 4014 913 4069 sacris
972 4011 1197 4067 Litteris
1256 4011 1510 4066 traditam
1562 4010 1910 4080 investigare,
1942 4023 2002 4064 ea

421 4124 542 4180 quae
580 4110 647 4163 de
677 4108 839 4163 Patre
863 4115 917 4160 et
946 4104 1087 4160 Filio
1113 4106 1372 4159 dicuntur
1430 4105 1834 4173 expendentes;
1899 4120 2004 4159 non

422 4213 604 4257 autem
634 4216 730 4271 pro
752 4214 849 4255 sua
883 4197 1107 4253 libidine
1134 4197 1477 4268 syllogismos
1504 4194 1780 4264 eliingere,
1834 4204 2005 4263 atque

422 4303 871 4365 argumentorum
904 4304 1076 4346 nexus
1099 4288 1436 4359 excogitare.
1471 4285 1526 4341 Si
1560 4287 1702 4341 enim
1727 4284 2005 4340 offendun-

422 4396 515 4441 tur
544 4384 759 4439 dicente
812 4380 994 4437 Filio:
1030 4398 1048 4433 ι
1081 4379 1243 4434 Pater
1282 4377 1455 4447 major
1506 4391 1590 4429 me
1614 4384 1699 4429 est
1728 4377 1812 4430 ης
1847 4393 1866 4425 ι
1922 4374 2001 4441 ju-

2112 3243 2227 3296 ἀλλ’
2260 3242 2388 3296 οὔτε
2419 3242 2481 3296 τὸ
2512 3242 2751 3296 ἔλαττον.
2786 3241 2861 3295 υύ
2890 3240 3001 3311 γὰρ
3042 3239 3246 3311 μείζων
3274 3238 3564 3309 ἄνθρωπος
3602 3240 3700 3293 άνο

2113 3336 2333 3408 θρώπου
2364 3336 2508 3390 κατὰ
2542 3336 2634 3389 τὸν
2668 3336 2768 3405 τῆς
2792 3335 2981 3397 οὐσίας
3013 3332 3189 3401 λόγον,
3235 3332 3352 3386 ἀλλ’
3380 3332 3500 3386 οὐδὲ
3527 3333 3699 3395 ἵππος

2112 3429 2282 3482 ἵππου
2328 3427 2514 3497 τυχόν.
2565 3425 2630 3479 Ei
2674 3425 2856 3479 τοίνυν
2916 3423 3113 3479 ἑαιτοῦ
3170 3423 3395 3493 μείζονά
3446 3440 3615 3491 φησιν
3669 3426 3701 3475 ό

2110 3520 2240 3583 Υίὸς
2277 3516 2416 3573 εἶναι
2447 3518 2541 3572 τὸν
2571 3518 2814 3590 Πατέρα,
2844 3514 3132 3585 ὁμοούσιον
3174 3514 3233 3568 δὲ
3281 3514 3569 3585 ὀμοουσίου
3594 3514 3700 3567 οὐκ

2111 3614 2179 3668 ἂν
2213 3598 2309 3684 εἴη
2330 3610 2514 3685 μεῖζον
2546 3610 2692 3667 κατὰ
2745 3610 2839 3664 τὸν
2876 3610 2978 3680 τῆς
3003 3608 3194 3671 οὐσίας
3236 3608 3414 3677 λόγον,
3444 3608 3546 3661 οὐκ
3586 3608 3699 3677 ἄρα

2109 3705 2396 3777 ὁμοούσιος
2424 3704 2575 3775 αὐτῷ
2613 3705 2781 3758 ἑστιν.

2608 3820 2763 3888 Πρὸς
2796 3819 2973 3873 τοῦτο
2998 3818 3200 3884 λύσις.

2183 3938 2328 3991 Ἔδει
2363 3937 2491 3999 τοὺς
2534 3932 2936 4007 χριστομάχους
2967 3932 3304 4003 πανταχόθεν
3346 3932 3443 4001 τὴν
3485 3931 3542 3983 ἑν
3571 3933 3697 3993 ταῖς

2108 4028 2281 4094 θείαις
2328 4028 2575 4100 Γραφαίς
2622 4025 2881 4094 ἀλήθειαν
2914 4023 3183 4095 θηρᾶσθαι
3234 4020 3587 4087 σπουδάζειν,
3622 4024 3694 4075 τὰ

2107 4122 2237 4192 περὶ
2263 4116 2478 4190 Πατρὸς
2498 4118 2593 4173 καὶ
2627 4117 2755 4171 Υἱοῦ
2780 4116 3192 4188 γυμνάζοντας·
3225 4117 3286 4169 οὐ
3314 4115 3450 4186 πρὸς
3479 4114 3582 4179 τὰς
3614 4117 3696 4168 οἱ·

2106 4212 2261 4275 κείας
2295 4210 2493 4282 ἡδονὰς
2524 4211 2738 4273 ἑαυτοῖς
2772 4207 3137 4263 ἀναπλάττειν
3162 4206 3695 4277 συλλογισμοὺς,καὶ

2109 4304 2316 4367 πλοκὰς
2363 4306 2603 4357 ἐπινοεῖν
2645 4303 2936 4374 νοημάτων
2966 4302 3432 4374 διεστραμμένων.
3472 4302 3536 4355 Ei
3582 4304 3695 4372 γάρ

2109 4395 2554 4459 σκανδαλίζονται
2582 4394 2834 4465 λέγοντος
2861 4393 2954 4448 τοῦ
2995 4393 3123 4447 Υἱοῦ
3145 4410 3159 4426 ·
3206 4414 3225 4446 ι
3268 4393 3328 4447 ὐ
3358 4393 3552 4465 Πατήρ
3587 4411 3694 4465 μου

423 4487 615 4533 ventur
636 4475 920 4530 audientes
957 4472 1025 4527 de
1057 4472 1173 4541 ipso
1201 4469 1443 4524 dictum:
1482 4486 1500 4521 ι
1535 4468 1635 4535 Qui
1686 4483 1807 4523 cum
1858 4475 2003 4522 esset

2119 4489 2314 4561 μείζων
2356 4488 2457 4559 μού
2498 4489 2670 4552 ἐστιν,
2712 4507 2730 4540 ι
2770 4486 3187 4556 ὠφελείσθωσαν
3228 4487 3521 4550 ἀκούοντες
3562 4488 3695 4557 περὶ

422 4574 479 4626 in
513 4570 685 4624 forma
717 4567 843 4633 Dei,
879 4582 986 4621 non
1028 4562 1271 4634 rapinam
1317 4562 1613 4616 arbitratus
1654 4571 1739 4614 est
1784 4575 1843 4614 se
1882 4574 2005 4614 esse

422 4662 686 4733 aqualem
714 4660 824 4715 Deo
854 4660 917 4713 ‘°.
951 4677 972 4712 ι
1003 4658 1156 4725 Quod
1185 4663 1240 4710 et
1280 4654 1517 4711 Joannes
1558 4654 1899 4725 apertissime
1925 4653 2006 4707 di-

422 4760 497 4811 cit
531 4774 546 4810 :
584 4772 604 4805 ι
637 4753 772 4820 Quia
796 4751 1013 4807 Patrem
1042 4765 1197 4805 suum
1244 4748 1459 4803 dicebat
1501 4747 1693 4812 Deum,
1743 4745 2004 4817 aequalem

423 4850 665 4915 seipsum
707 4845 912 4899 faciens
937 4843 1047 4899 Deo
1078 4843 1148 4895 ".
1183 4860 1203 4894 ι
1235 4840 1292 4896 Si
1327 4856 1478 4910 ergo,
1510 4839 1664 4909 juxta
1692 4850 2002 4895 sanctorum

425 4954 635 5002 vocem,
668 4935 896 5006 aequalis
918 4934 1065 4989 Patri
1099 4943 1204 4998 est,
1236 4947 1471 5002 quonam
1496 4939 1655 5001 pacto
1692 4932 1797 4986 erit
1828 4931 2005 4985 diver-

422 5047 496 5084 sa:
525 5030 593 5083 ab
619 5044 683 5083 eo
710 5026 1067 5083 substantiae?
1110 5025 1365 5081 Dicemus
1386 5023 1530 5078 enim
1577 5022 1658 5078 eis
1693 5021 1854 5077 etiam
1905 5037 2004 5077 nos

424 5122 567 5194 quod
593 5134 713 5191 qua:
739 5127 946 5173 natura:
998 5118 1309 5188 alqualitate
1351 5116 1493 5170 inter
1543 5128 1603 5171 se
1654 5114 2003 5179 conveniunt,

424 5210 911 5269 consubstantialia
946 5226 1070 5267 esse
1130 5224 1358 5265 necesse
1410 5210 1502 5275 sit,
1549 5207 2003 5278 quemadmodum

425 5310 585 5363 homo
612 5306 839 5374 homini,
866 5315 920 5361 et
941 5319 1115 5377 equus
1145 5319 1304 5375 equo.

1095 5418 1327 5476 ALIUD.

498 5531 555 5586 ln
619 5533 955 5604 incorporeis
1012 5532 1184 5601 majus
1232 5542 1289 5588 et
1337 5536 1515 5587 minus
1561 5548 1669 5587 non
1700 5532 2001 5601 quantitate

424 5628 785 5692 aestimantur,
816 5642 1104 5696 corporum
1134 5629 1278 5682 enim
1330 5628 1381 5682 id
1414 5627 1697 5699 proprium
1731 5635 1838 5693 est,
1904 5626 2000 5682 sed

496 5786 538 5818 "
563 5784 720 5841 Joan.
758 5800 867 5852 XIV,
909 5788 999 5846 ‘28.
1080 5790 1124 5821 ¹⁶
1156 5788 1388 5857 Philipp.
1421 5805 1482 5854 ιι,
1508 5790 1561 5843 6.
1643 5790 1682 5820 ‘7
1712 5788 1845 5845 Joan
1880 5804 1956 5848 .v.
1990 5786 2079 5843 18.

2108 4581 2275 4635 αὐτοῦ
2299 4598 2312 4611 ·
2344 4600 2362 4632 ι
2380 4582 2474 4644 Ὃς
2505 4582 2564 4634 ἑν
2597 4581 2780 4651 μορφῇ
2804 4578 2941 4632 Θεοῦ
2968 4579 3247 4648 ὑπάρχων,
3273 4578 3372 4649 οὐχ
3391 4580 3696 4650 ἁρπαγμὸν

2108 4670 2353 4739 ἡγήσατο
2399 4669 2460 4722 τὸ
2494 4664 2635 4722 εἶναι
2684 4668 2778 4721 ῐσα
2820 4666 2959 4739 Θεῷ.
2996 4686 3015 4719 ι
3052 4668 3116 4720 Ὃ
3146 4666 3209 4740 δὴ
3240 4669 3543 4739 τρανότατα
3597 4670 3696 4722 καὶ

2122 4764 2374 4834 Ἰωάννης
2401 4762 2567 4832 φησίν
2588 4778 2603 4791 ·
2643 4761 2797 4814 ("Ott
2821 4759 3045 4828 Πατέρα
3076 4759 3205 4813 ἴδιον
3233 4759 3385 4830 ἔλεγε
3415 4760 3507 4813 τὸν
3528 4760 3691 4825 Θεὸν,

2110 4857 2224 4910 ἴσον
2272 4855 2464 4911 ἑαυτὸν
2513 4854 2685 4908 ποιῶν
2726 4852 2803 4924 τῷ
2831 4851 2968 4923 Θεῷ.
3011 4872 3028 4905 ι
3073 4853 3134 4907 Et
3165 4851 3377 4920 τοίνυν,
3414 4852 3558 4907 κατὰ
3589 4852 3694 4925 τὴν

2108 4948 2217 5003 τῶν
2250 4948 2423 5017 ἁγίων
2454 4947 2668 5018 φωνὴν,
2701 4947 2759 4999 ἑν
2797 4945 3004 5016 ἰσότητι
3032 4944 3127 4998 τοῦ
3161 4945 3376 5017 Πατρός
3402 4946 3540 5011 ἑστι,
3572 4946 3695 5010 πῶς

2110 5040 2261 5095 ἔσται
2302 5040 2443 5111 πρὸς
2470 5038 2634 5093 αὐτὸν
2660 5038 3030 5107 ἑτεροούσιος;
3075 5038 3340 5109 Ἐροῦμεν
3367 5037 3477 5109 γάρ
3504 5038 3695 5101 αὐτοῖς

2110 5135 2205 5187 καὶ
2235 5135 2398 5205 ἡμεῖς
2427 5132 2510 5186 ὅτι
2544 5132 2614 5186 τὰ
2650 5132 2858 5201 ἰσότητι
2888 5134 3024 5204 πρὸς
3051 5130 3255 5202 ἄλληλα
3298 5130 3544 5200 φυσικῶς
3576 5131 3694 5183 κεί-

2114 5242 2253 5296 μενα
2285 5225 2438 5278 ἔσται
2465 5224 2683 5289 πάντως
2727 5224 2823 5278 καὶ
2854 5224 3115 5294 ὁμοούσια
3136 5240 3149 5253 ·
3185 5220 3373 5293 ὥσπερ
3401 5220 3693 5292 ἄνθρωπος

2109 5316 2402 5388 ἀνθρώπῳ,
2428 5315 2524 5370 καὶ
2553 5316 2719 5379 ἵππος
2746 5317 2918 5388 ἵππῳ.

2779 5425 2986 5483 ΑΛΛΟ.

2192 5542 2317 5596 Ἐπὶ
2346 5541 2454 5595 τῶν
2483 5541 2790 5614 ἀσωμάτων
2841 5541 2901 5594 τὸ
2939 5540 3125 5612 μεῖζον
3157 5539 3251 5593 καὶ
3288 5540 3349 5594 τὸ
3374 5538 3597 5592 ἔλαττον
3626 5538 3691 5592 οὐ

2113 5630 2333 5702 μεγέθει
2382 5629 2651 5703 κρίνεται,
2702 5630 2971 5703 σωμάτων
3010 5630 3116 5703 γὰρ
3155 5630 3285 5684 ἴδιον
3330 5628 3519 5695 τοῦτο,
3552 5627 3692 5682 ἀλλὰ
