3876 6208
226 332 327 387 ιιι

1628 322 2075 381 THESAURUS.

3378 337 3478 392 ιη

231 447 418 518 μόναις
470 447 701 509 ἑννοιαις
745 444 1122 516 δοκιμάζεται.
1172 445 1350 497 Ἔστω
1397 443 1453 496 δὲ
1499 444 1805 513 ὑπόδειγμα

1922 444 2021 498 sola
2055 444 2399 513 cogitatione.
2448 445 2530 500 Sit
2580 460 2705 502 vero
2766 446 3070 518 exemplum
3123 450 3392 509 dictorum
3425 458 3479 511 id

225 539 335 591 τῶν
381 537 694 607 λεγομένων
721 537 784 591 τὺ
813 537 964 607 παρὰ
1002 535 1081 607 τῷ
1112 536 1314 603 Παύλῳ
1338 534 1590 605 κείμενον
1609 551 1623 564 ·
1662 556 1680 586 ι
1711 534 1802 604 Τῷ

228 630 327 700 μιν
352 630 484 701 γὰρ,
516 630 669 700 φησὶ,
694 628 906 682 δέδοται
935 628 1095 697 λόγος
1123 628 1316 697 σοφίας
1342 627 1495 699 παρὰ
1517 626 1612 681 τοῦ
1635 627 1804 680 Πνεὺ-

228 737 433 790 ματος·
481 721 628 790 ἄλλῳ
668 720 728 774 δὲ
764 720 1087 791 χαρίσματα
1128 719 1397 789 ἰαμάτων,
1432 737 1455 770 η»
1497 718 1593 771 καὶ
1632 717 1804 771 πολλὰ

226 812 365 880 πρὸς
388 810 599 877 τούτοις
628 811 793 884 ἔτερα
818 812 959 875 θεὶς,
992 812 1193 879 ἐπάγει
1214 827 1228 842 ·
1267 830 1285 863 ι
1320 810 1507 865 Ταῦτα
1531 811 1589 864 δὲ
1625 812 1803 866 πάντα

223 904 442 974 ἐνεργεῖ
472 904 532 957 τὺ
560 905 618 957 ἓν
642 904 737 957 καὶ
770 904 831 958 τὸ
858 903 993 957 αὑτὸ
1026 904 1271 973 Πνεῦμα.
1306 923 1326 956 ι
1353 900 1487 957 Είτα
1510 903 1672 958 πάλιν
1697 919 1802 972 φη-

228 995 314 1048 σὶν
343 996 424 1048 ὄτι
455 995 691 1065 Ζηλοῦτε
720 996 790 1050 τὰ
816 996 1134 1067 χαρίσματα
1177 996 1248 1050 τὰ
1274 995 1516 1066 μείζονα.
1544 992 1672 1067 'Ap’
1710 991 1803 1047 οὖν

225 1087 507 1158 διαφέρειν
542 1089 617 1152 ὡς
649 1089 789 1160 πρὸς
821 1090 985 1142 ἑαυτὸ
1008 1089 1071 1141 τὸ
1101 1088 1330 1160 Πνεῦμα
1358 1087 1598 1156 ἐροῦσιν,
1639 1087 1673 1157 ἢ
1708 1086 1803 1154 οὑχ

223 1180 412 1249 ὅμοιον
442 1178 619 1251 ἐαυτῷ
663 1180 805 1234 κατὰ
833 1180 933 1252 τὴν
964 1180 1154 1234 οὐσίαν
1183 1175 1346 1246 εἷναι,
1378 1179 1566 1251 ἐπειδὴ
1608 1178 1806 1251 μικρὸν

230 1272 331 1341 μὲν
368 1274 426 1324 ὲν
467 1275 705 1344 μικροῖς,
731 1273 922 1344 μεῖζον
955 1272 1011 1326 δὲ
1037 1275 1096 1325 ἐν
1140 1270 1353 1343 μείζοσι
1394 1271 1643 1341 φαίνεται
1663 1310 1678 1336 ,
1705 1270 1805 1341 τὴν

224 1364 336 1417 τῶν
362 1365 667 1437 δεχομένων
699 1365 813 1432 ἕξιν
846 1364 1129 1436 πληροῦν;
1162 1364 1300 1418 Ἀλλ’
1328 1362 1483 1435 οίμαι
1515 1364 1591 1435 μὴ
1614 1363 1804 1417 τοσοῦ-

226 1470 320 1505 τον
362 1452 467 1517 ἔξω
513 1453 725 1525 φρενῶν
767 1453 1023 1522 γενέσθαι
1069 1453 1220 1519 τινὰ,
1273 1452 1349 1517 ὡς
1393 1453 1659 1524 τολμῆσαι
1713 1454 1807 1506 καὶ

224 1544 386 1597 τοῦτο
420 1546 614 1599 εἰπεῖν.
655 1544 863 1599 Οὐκοῦν
901 1545 1003 1616 τῆς
1039 1545 1334 1616 ἀσωμάτου
1374 1545 1587 1615 φύσεως
1620 1545 1682 1599 οὑ
1717 1545 1805 1598 δε-

228 1636 469 1706 χομένης
498 1638 581 1705 ἐφ’
609 1638 808 1707 ἑαυτῆς
825 1636 893 1689 δι’
926 1635 1123 1706 ἑαυτὴν
1147 1637 1209 1689 τὸ
1242 1636 1426 1706 μεῖζον
1446 1637 1541 1689 καὶ
1563 1636 1803 1702 ἔλαττον,

225 1729 359 1781 ὅταν
388 1729 521 1800 λέγῃ
547 1727 778 1799 Χριστὸς
807 1728 1002 1782 ἑαυτοῦ
1026 1729 1120 1782 τὸν
1149 1728 1369 1798 Πατέρα
1392 1727 1633 1798 μείζονα,
1653 1726 1807 1782 ἔσται

1905 537 2047 605 quod
2087 554 2115 590 ιι
2152 535 2320 591 Paulo
2366 537 2620 593 all‘ertur:
2663 556 2681 589 ι
2726 539 2830 593 Alii
2871 542 3038 608 enim,
3074 543 3273 613 inquit,
3321 548 3480 604 datus

1905 638 1989 682 est
2025 643 2205 682 sermo
2251 630 2529 697 sapientia
2555 645 2584 683 a
2611 631 2815 700 Spiritu
2845 649 2859 686 :
2894 633 2985 688 alii
3018 636 3191 705 gratia
3239 642 3477 695 curatio-

1906 734 2055 784 num,
2083 738 2101 770 ι
2138 720 2428 790 multisque
2455 721 2762 789 lmjusmodi
2794 730 3256 797 commemoratis,
3278 732 3476 788 infert:

1911 806 2130 863 «Omnia
2150 823 2278 863 vero
2310 811 2423 865 hac
2446 823 2700 880 operatur
2721 830 2857 869 unus
2875 825 2928 869 et
2954 817 3095 873 idem
3131 820 3436 891 Spiritus".
3453 842 3476 876 ι

1908 901 2111 955 Deinde
2135 916 2346 954 rursum
2377 901 2632 957 hortatur
2663 914 2723 959 ut
2769 906 2999 975 majores
3017 912 3219 981 gratias
3275 929 3307 970 a
3367 914 3481 972 Deo

1907 1000 2175 1061 petamus.
2214 992 2294 1046 An
2382 993 2545 1062 igitur
2604 992 2823 1050 dilferre
2874 995 3132 1067 Spiritum
3193 1002 3247 1058 in
3302 1006 3483 1076 seipso

1904 1083 2013 1153 85
2044 1083 2243 1149 dicent,
2272 1093 2364 1138 aut
2396 1084 2716 1141 dissimilem
2743 1088 2844 1143 sibi
2883 1090 2936 1144 in
2961 1094 3196 1147 essentia
3211 1109 3353 1164 esse,
3399 1100 3463 1153 si

1906 1175 2122 1244 quidem
2155 1190 2353 1244 parvus
2386 1177 2438 1230 in
2460 1178 2666 1245 parvis,
2692 1179 2865 1246 major
2899 1184 2950 1237 in
2977 1182 3272 1253 majoribus
3304 1203 3475 1261 appa-

1909 1278 2012 1331 ret,
2038 1269 2445 1337 suscipieutium
2474 1270 2713 1325 habitum
2734 1272 2997 1344 impleas?
3020 1278 3184 1350 Atqui
3206 1282 3477 1340 neminem

1910 1362 1980 1414 ita
2010 1371 2200 1416 emota
2231 1363 2425 1418 mentis
2455 1363 2714 1429 arbitror,
2761 1375 2818 1419 ut
2882 1369 2984 1423 hoc
3025 1370 3206 1427 dicere
3251 1376 3473 1432 audeat.

1906 1454 2038 1509 Cum
2064 1454 2225 1524 igitur
2255 1455 2570 1525 incorporea
2601 1467 2794 1513 natura
2837 1474 2945 1514 non
2980 1463 3208 1533 recipiat
3229 1466 3281 1521 in
3306 1483 3365 1523 se
3385 1482 3484 1537 per

1908 1545 2145 1614 seipsam
2180 1545 2351 1617 magis
2384 1556 2478 1600 aut
2511 1550 2710 1617 minus,
2796 1553 3013 1622 quando
3053 1555 3305 1614 Christus
3350 1560 3482 1618 dicit

1908 1635 2123 1692 Patrem
2158 1654 2216 1695 se
2232 1640 2492 1708 majorem
2523 1657 2663 1710 esse,
2695 1658 2875 1701 sermo
2901 1649 2991 1703 hic
3019 1649 3342 1710 humanitati
3365 1656 3486 1724 ejus

1909 1733 2185 1796 convenit,
2214 1748 2324 1787 non
2356 1748 2485 1790 vero
2534 1735 2772 1791 divinam
2805 1752 2959 1793 suam
2993 1745 3285 1800 essentiam
3314 1746 3487 1818 ladit,

228 1820 392 1873 πάλιν
420 1822 486 1891 τῇ
522 1820 907 1892 ἀνθρωπότητι
932 1819 1157 1888 πρέπων
1184 1820 1212 1872 ό
1237 1819 1418 1886 λόγος,
1447 1819 1509 1871 οὑ
1539 1819 1637 1889 τῆς
1657 1818 1807 1881 θείας

1922 1822 2066 1889 quasi
2092 1821 2317 1878 inferior
2342 1839 2407 1879 ac
2436 1825 2613 1881 minor
2640 1829 2711 1882 sit
2744 1843 2842 1885 suo
2859 1828 3135 1889 Genitore.

225 1912 417 1975 οὐσίας
451 1911 615 1965 αὑτοῦ
647 1911 1031 1983 κατηγόρημα,
1060 1910 1137 1974 ὡς
1157 1912 1215 1963 ἐν
1246 1910 1493 1964 ἐλάττοσι
1523 1909 1802 1980 κειμένης,

226 2003 263 2075 ἦ
299 2006 358 2058 ἐν
384 1998 465 2067 οἷς
491 2006 637 2057 ἐστιν
664 2003 693 2055 ό
718 2003 992 2074 Γεννήσας
1024 2001 1207 2059 αὑτόν.

470 2138 672 2204 ΑΛΑΟ,
697 2135 1133 2207 διηγηματικῶς
1160 2138 1247 2204 εὶς
1276 2137 1342 2191 τὸ
1360 2139 1574 2207 ῥητόν.

304 2274 468 2343 Λέγει
498 2291 601 2328 που
627 2274 880 2345 Χριστός*
910 2291 930 2326 ι
961 2274 1021 2327 '0
1046 2273 1235 2346 Πατὴρ
1263 2273 1293 2326 ὁ
1326 2274 1549 2344 πέμψας
1573 2292 1662 2347 με,
1692 2275 1811 2345 μεί-

231 2369 345 2434 ζων
391 2366 493 2438 μοὺ
536 2366 673 2419 ἐστι.
709 2384 728 2416 ι
791 2368 1075 2439 Μαρτυρεῖ
1100 2366 1157 2419 δὲ
1189 2366 1353 2420 πάλιν
1382 2369 1416 2437 ἡ
1453 2366 1574 2421 θεία
1620 2366 1809 2439 Γραφὴ

231 2461 366 2532 περὶ
390 2459 555 2513 αὑτοῦ
582 2460 663 2512 ὅτι
686 2479 703 2510 ι
725 2460 836 2529 υὺχ
866 2459 1155 2531 ἁρπαγμὸν
1178 2459 1425 2529 ἡγήσατο
1452 2458 1513 2511 τὸ
1548 2455 1687 2513 εἶναι
1719 2460 1811 2513 ίσα

228 2553 377 2623 Θεῷ.
413 2571 434 2604 ι
467 2551 591 2615 Πῶς
618 2547 713 2604 οὖν
744 2550 898 2604 ἔσται
934 2553 1026 2603 καὶ
1053 2552 1189 2614 ῐσος,
1214 2551 1307 2603 καὶ
1339 2550 1559 2621 μείζονα
1585 2550 1696 2615 ἔξει
1719 2551 1811 2603 τὸν

229 2646 478 2716 Πατέρα,
532 2643 795 2715 ζητητέον
828 2642 1107 2714 ἀκριϐῶς·
1141 2642 1361 2696 ἐναντία
1404 2641 1512 2711 γὰρ
1563 2641 1813 2713 ἀλλήλοις

229 2740 307 2792 τὰ
358 2736 587 2792 τοιαῦτᾶ
632 2738 802 2789 ἔστιν.
840 2736 1057 2805 Ἐπειδὴ
1110 2736 1169 2789 δὲ
1208 2734 1530 2806 δοκιμάζειν
1572 2736 1814 2799 εὐσεϐῶς

232 2830 533 2901 πρόκειται
565 2828 634 2882 τὰ
669 2827 830 2898 ῥητὰ,
861 2827 987 2880 οὔτε
1017 2828 1079 2880 τὸ
1118 2828 1231 2880 ἴσον
1262 2827 1602 2897 ἐκϐαλοῦμεν
1631 2827 1723 2881 διὰ
1753 2829 1816 2881 τὸ

237 2922 446 2992 μεῖζον,
480 2921 606 2975 οὔτε
643 2922 749 2992 μὴν
773 2922 835 2974 τὸ
859 2921 1041 2992 μεῖζον
1071 2921 1160 2975 διὰ
1190 2921 1251 2974 τὸ
1283 2920 1396 2975 ἴσον
1424 2922 1812 2993 ἀναιρήσομεν

233 3018 505 3087 κρατήσει
541 3015 585 3068 δ’
631 3015 918 3086 ἀμφότερα
967 3015 1201 3086 θεωρίας
1229 3014 1468 3078 εὐσεϐῶς
1499 3013 1816 3084 εἰσφερομέ-

2152 2123 2380 2194 ALIUD,
2405 2129 2719 2198 explicatius
2758 2132 2814 2187 in
2842 2134 3042 2191 dictum
3075 2137 3228 2197 illud.

1976 2263 2228 2320 Christus
2261 2264 2456 2323 alicubi
2503 2268 2578 2323 ait
2603 2285 2616 2321 :
2661 2288 2681 2322 ι
2707 2268 2870 2325 Pater
2897 2273 2987 2344 qui
3014 2270 3161 2331 misit
3184 2291 3290 2343 me,
3314 2280 3487 2351 major

1913 2370 1997 2408 me
2030 2364 2112 2409 est
2144 2357 2210 2410 η.
2253 2376 2270 2409 ι
2302 2357 2490 2413 Divina
2518 2360 2679 2415 etiam
2718 2362 3000 2432 Scriptura
3032 2363 3140 2423 hoc
3194 2370 3260 2424 de
3310 2387 3376 2428 eo
3401 2382 3485 2428 te-

1913 2458 2108 2514 Statur,
2145 2450 2284 2517 quod
2322 2467 2340 2500 ι
2378 2449 2495 2505 Non
2541 2454 2785 2522 rapinam
2831 2454 3125 2513 arbitratus
3161 2470 3243 2515 est
3281 2477 3339 2518 se
3365 2478 3488 2521 esse

1913 2538 2172 2606 aqualem
2209 2538 2319 2595 Deo
2351 2540 2417 2593 ²⁰.
2451 2560 2469 2592 ι
2500 2541 2745 2607 Quonam
2781 2545 2944 2615 igitur
2969 2557 3125 2615 pacto
3162 2549 3370 2609 iuturus
3418 2558 3491 2612 sit

1914 2629 2155 2697 aqualis,
2196 2640 2251 2685 et
2273 2632 2532 2701 majorem
2563 2650 2622 2690 se
2656 2636 2941 2693 habiturus
2966 2638 3203 2711 Patrem,
3236 2659 3489 2706 accurate

1917 2720 2073 2774 nobis
2104 2722 2480 2791 inquirendum
2505 2734 2589 2780 est
2627 2744 2641 2780 :
2687 2742 2931 2799 pugnare
2972 2733 3121 2787 enim
3178 2736 3291 2793 hac
3346 2738 3491 2796 inter

1916 2827 1975 2866 se
2012 2813 2280 2870 videntur.
2301 2815 2431 2870 Cum
2468 2829 2645 2873 autem
2674 2821 2832 2877 nobis
2883 2827 3218 2896 propositum
3282 2833 3357 2887 sit
3401 2834 3489 2903 pie

1919 2906 2032 2959 haec
2053 2906 2192 2960 dicta
2226 2909 2560 2977 examinare,
2589 2927 2763 2981 neque
2786 2916 3094 2984 aqualitate
3129 2935 3251 2975 eum
3303 2923 3490 2992 priva-

1918 2996 2116 3062 bimus,
2145 3010 2209 3051 eo
2238 2999 2382 3066 quod
2432 3000 2608 3069 major
2639 3001 2710 3058 sit
2732 3002 2925 3073 Pater;
2963 3023 3135 3078 neque
3173 3027 3355 3068 rursus
3382 3032 3492 3072 ma-

234 3085 337 3180 γης
365 3085 452 3161 ἐπ’
485 3085 687 3171 αὑτοῖςι
712 3085 920 3160 Οὐκοῦν
952 3085 1099 3177 ἁπλῆ
1126 3124 1211 3170 τις
1232 3102 1369 3160 οὖσα
1398 3106 1493 3160 καὶ
1520 3104 1816 3168 ἀσύνθετος

1922 3085 2083 3153 iorem
2117 3102 2237 3142 esse
2255 3086 2474 3145 Patrem
2517 3094 2832 3163 negabimtts
2852 3097 2922 3153 ob
2950 3102 3312 3170 aqualitatem
3342 3105 3489 3166 Filii.

234 3164 413 3269 ah;
458 3164 714 3269 θεότητος
761 3196 958 3267 φύσις,
1008 3164 1108 3250 οὑκ
1143 3164 1209 3251 ἂν
1257 3196 1467 3269 ἐτμήθη
1517 3198 1648 3251 ποτὲ
1697 3164 1816 3260 ταῖς

1924 3179 2221 3250 Utrumque
2242 3183 2386 3236 enim
2419 3183 2595 3238 locum
2624 3164 3113 3261 habebit,siea-pie
3142 3164 3491 3256 considerare

236 3290 510 3352 ἐπινοίαις
543 3289 624 3352 εἰς
660 3288 827 3343 δυάδα
859 3287 1073 3357 Πατρός
1115 3288 1211 3343 καὶ
1236 3286 1390 3353 Υίοῦ,
1422 3288 1471 3340 εί
1507 3289 1581 3359 μή
1611 3305 1694 3351 τις
1726 3287 1814 3340 εὑ-

237 3381 393 3433 δόκει
420 3378 743 3451 προκεῖσθαι
775 3378 1029 3450 διαφορὰ,
1060 3380 1121 3432 οὑ
1148 3379 1288 3433 κατὰ
1314 3380 1413 3452 τὴν
1434 3380 1624 3435 οὐσίαν
1650 3398 1723 3451 φη
1734 3382 1817 3451 μἰ,

243 3472 363 3525 ἀλλ’
393 3472 591 3537 ἔξωθεν
621 3470 1003 3542 ὲπινοουμένη,
1044 3471 1112 3524 δι’
1154 3465 1223 3543 ἦς
1258 3470 1320 3525 τὸ
1346 3472 1608 3543 ἐκατέρου
1648 3472 1817 3542 πρόσ-

246 3580 401 3618 ωπον
431 3564 746 3634 εἰσφέρεται
779 3563 839 3616 ὲν
878 3561 1152 3636 ἰδιαζούσῃ
1180 3562 1278 3633 μὲν
1303 3562 1599 3619 ὑποστάσει
1631 3562 1822 3632 κείμε-

246 3672 362 3720 νον,
393 3658 473 3720 είς
500 3657 728 3727 ἑνότητα
752 3655 809 3708 δὲ
841 3654 1096 3725 θεότητος
1125 3654 1213 3708 διὰ
1238 3655 1563 3724 ταυτότητος
1584 3654 1823 3724 φυσικῆς

245 3749 642 3820 σφιγγόμενον,
672 3748 762 3802 ἵνα
797 3749 872 3818 μή
898 3764 981 3810 τις
1008 3746 1269 3817 ἀνάχυσις
1292 3746 1388 3799 καὶ
1419 3747 1581 3799 οἱονεὶ
1610 3746 1823 3818 φυρμὸς

243 3842 476 3913 γένηται
498 3840 711 3910 Πατρὸς
734 3840 827 3892 καὶ
853 3837 1008 3900 Υἱοῦ,
1032 3837 1112 3900 είς
1144 3837 1311 3908 μόνην
1339 3836 1501 3889 ένάδα
1522 3835 1823 3909 τρεχοὺσης

242 3934 355 4005 τῆς
385 3933 735 3995 ὑποστάσεως
756 3970 771 3997 ,
818 3931 917 4001 τῆς
951 3929 1153 4000 πολλῆς
1202 3928 1323 3983 λίαν
1371 3928 1689 4001 ὁμοιότητος
1724 3928 1829 3982 οὑκ

245 4025 432 4095 ἐώσης
476 4022 764 4093 φαίνεσθαι
809 4022 1005 4075 δυάδα·
1050 4020 1129 4084 ὡς
1173 4018 1427 4075 ἐντεῦθεν
1468 4021 1570 4091 ἤδη
1607 4019 1826 4073 καὶτὸν

245 4116 414 4170 αὑτὸν
448 4113 669 4185 Πατέρα
710 4114 805 4168 καὶ⁸
839 4114 965 4167 Υίὸν
997 4111 1345 4165 ὑπονοεῖσθαι
1388 4114 1543 4181 παρα
1575 4128 1714 4165 τισιν
1746 4113 1826 4174 είς

245 4209 422 4264 δυάδα
476 4208 781 4279 μηδαμόθεν
826 4205 1244 4279 χωριζομένους.
1288 4205 1506 4274 Ἐπειδὴ
1554 4204 1611 4257 δὲ
1659 4206 1825 4276 ἐχρῆν

247 4298 453 4352 εἰδέναι
490 4297 585 4349 καὶ
618 4296 716 4366 τὴν
742 4297 1081 4366 γεννήσασαν
1106 4293 1271 4363 φύσιν
1304 4296 1396 4346 καὶ
1429 4294 1528 4365 τὴν
1551 4294 1828 4365 γεννηθεῖ-

251 4407 360 4443 σαν
384 4389 443 4455 ἐξ
472 4388 659 4457 αὑτῆς,
688 4386 932 4439 τέθεικεν
964 4389 996 4456 ὴ
1026 4385 1145 4439 θεία
1173 4384 1366 4456 Γραφὴ
1403 4385 1463 4437 τὸ
1494 4385 1589 4438 τοῦ
1616 4384 1829 4455 Πατρὸς

251 4483 430 4551 ὄνομα
468 4479 561 4532 καὶ
586 4478 648 4531 τὺ
678 4477 773 4530 τοῦ
815 4475 966 4540 Υἱοῦ,
1013 4476 1099 4530 ἵνα
1129 4475 1243 4545 φῶς
1290 4477 1354 4530 ἐκ
1389 4478 1562 4546 φωτὸς
1601 4475 1825 4547 νοῆται,
1858 4505 1904 4561 D

253 4575 355 4629 καὶ
391 4573 651 4643 ἑκάτερον
678 4571 735 4623 ὲν
769 4570 877 4641 ἰδίᾳ
912 4568 1210 4622 ὑποστάσει
1255 4569 1568 4639 σωζομένης
1600 4567 1687 4620 ἐπ’
1723 4569 1829 4638 ἀμ-

253 4669 381 4737 φοῖν
418 4665 518 4735 τῆς
552 4662 879 4734 ταυτότητος
907 4662 1040 4732 πρὸς
1072 4663 1163 4715 τὸν
1188 4661 1395 4732 ἕτερον.
1434 4661 1829 4715 Ἀκολουθοῦσα

252 4760 314 4813 δὲ
353 4757 511 4809 πάλιν
539 4758 606 4825 τῇ
636 4755 758 4809 καθ’
789 4756 936 4825 ἡμᾶς
984 4752 1273 4825 συνηθείᾳ,
1317 4753 1378 4805 τὸ
1429 4752 1653 4824 μείζονα
1686 4754 1818 4807 ἀπο-

253 4848 441 4901 δίδωσι
471 4846 548 4916 τῷ
594 4844 792 4916 Πατρὶ,
830 4844 917 4897 ἵνα
946 4842 1282 4912 πανταχόθεν
1325 4845 1358 4913 ἡ
1395 4842 1524 4906 δυὰς
1550 4842 1645 4896 καὶ
1672 4842 1734 4895 τὸ
1767 4841 1828 4906 ἐξ

255 4935 322 4993 οὗ
354 4937 684 5008 σημαίνηται
708 4952 719 4963 ·
753 4937 1164 5006 προσμαρτυρεῖ
1185 4934 1242 4987 δὲ
1262 4934 1321 4986 τὸ
1350 4934 1484 4998 ἴσον,
1516 4920 1602 4986 ἵνα
1638 4935 1711 5003 μή
1742 4950 1827 4995 τις

257 5032 391 5101 περὶ
418 5028 515 5099 τὴν
539 5028 727 5082 οὐσίαν
753 5026 1078 5096 ἀνομοιότης
1101 5028 1287 5096 νοῆται
1307 5024 1522 5095 Πατρὸς
1554 5025 1646 5077 καὶ
1674 5022 1827 5077 Υἱοῦ.

260 5124 407 5185 Ἶσος
434 5120 716 5190 τοιγαροῦν
746 5119 887 5173 κατὰ
917 5119 1008 5172 τὸν
1038 5118 1134 5189 τῆς
1161 5118 1348 5179 οὑσίας
1381 5116 1538 5184 λόγον
1570 5116 1831 5186 ὑπάρχων

253 5218 286 5268 ὁ
321 5213 448 5275 Υἱὸς
480 5212 555 5281 τῷ
584 5212 759 5282 Πατρὶ
810 5212 905 5264 καὶ
952 5211 1135 5281 ὅμοιος
1176 5211 1317 5263 κατὰ
1359 5209 1559 5272 πάντα,
1612 5208 1833 5280 μείζονα

257 5305 427 5361 αὑτόν
458 5320 619 5374 φησιν
669 5303 743 5365 ὡς
787 5302 1039 5374 ἄναρχον,
1082 5302 1220 5372 ἔχων
1261 5302 1435 5373 ἀρχὴν
1480 5302 1622 5354 κατὰ
1672 5300 1835 5372 μόνον

257 5398 323 5451 τδ
349 5397 407 5462 ἐξ
438 5392 521 5459 οὑ,
570 5398 616 5449 εί
647 5396 738 5448 καὶ
776 5396 1072 5465 σύνδρομον
1105 5393 1255 5465 αὑτῷ
1286 5393 1381 5465 τὴν
1415 5392 1650 5463 ὓπαρξιν
1699 5392 1831 5463 ἔχει.

1922 3272 2330 3343 intelligereque
2380 3274 2625 3331 velimus.
2662 3279 2898 3351 Simplex
2928 3284 3108 3353 itaque
3129 3297 3180 3341 et
3204 3304 3308 3346 non
3340 3305 3493 3349 com-

1921 3366 2092 3434 posita
2125 3366 2340 3422 deitatis
2369 3377 2560 3423 natura
2603 3386 2879 3440 nunquam
2928 3375 2981 3429 in
3014 3377 3339 3437 dualitatem
3396 3385 3493 3441 Pa-

1923 3458 2020 3511 tris
2046 3466 2101 3512 et
2155 3456 2271 3512 Filii
2296 3469 2443 3512 secta
2467 3459 2677 3528 fuisset,
2720 3464 2821 3518 nisi
2851 3467 2997 3534 prius
3030 3469 3205 3539 aiiqua
3242 3474 3495 3533 d‘ilIereu-

1925 3552 1995 3602 tia
2025 3548 2193 3604 fuisse
2231 3550 2345 3604 visa
2385 3560 2550 3619 esset,
2586 3569 2691 3608 non
2722 3559 3015 3612 secundum
3054 3565 3364 3632 essentiam,
3398 3574 3493 3626 sed

1922 3640 2263 3696 extrinsecus
2287 3641 2584 3708 intellecta,
2620 3659 2718 3714 per
2743 3662 2905 3716 quam
2939 3652 3224 3722 utriusque
3264 3672 3494 3723 persona

1925 3732 2201 3789 inducitur
2220 3734 2484 3801 peculiari
2508 3737 2725 3805 quidem
2761 3741 3035 3812 hypostasi
3095 3756 3372 3815 constans,
3402 3754 3496 3807 sed

1926 3825 1979 3879 in
2004 3826 2265 3881 unitatem
2308 3826 2612 3883 divinitatis
2651 3845 2747 3900 per
2800 3835 3103 3890 naturalem
3156 3838 3497 3897 identitatem

1926 3918 2246 3983 constricta;
2278 3933 2344 3972 ne
2370 3918 2547 3988 aliqua
2577 3922 2820 3977 confusio
2872 3924 2965 3980 fiat
3021 3926 3197 3985 Patris
3256 3942 3312 3985 et
3353 3933 3498 4002 Filii,

1927 4020 2281 4065 concurrente
2313 4012 2364 4065 in
2397 4015 2565 4066 solam
2586 4015 2848 4069 unitatem
2874 4018 3175 4088 hypostasi,
3199 4037 3320 4076 cum
3348 4041 3499 4096 mag»

1929 4117 1996 4153 na
2026 4103 2314 4169 quainter
2367 4120 2462 4159 eos
2508 4107 2799 4164 intercedit
2849 4112 3146 4169 similitudo
3185 4116 3497 4172 dualitatem

1930 4208 2319 4262 apparerenon
2350 4198 2535 4250 sinat:
2576 4201 2711 4254 adeo
2760 4211 2819 4256 ut
2873 4204 2999 4258 hinc
3052 4207 3296 4262 nonnulli
3352 4211 3499 4264 inter

1931 4283 2143 4338 Patrem
2170 4295 2224 4340 et
2255 4284 2452 4340 Filittm
2485 4290 2682 4344 nullam
2706 4292 2866 4361 plane
2928 4296 3243 4352 dualitatem
3303 4304 3504 4358 consti-

1933 4376 2152 4429 tuerint.
2169 4375 2299 4429 Cum
2330 4392 2458 4432 vero
2477 4389 2760 4448 oporteret
2782 4392 2838 4436 et
2855 4398 3204 4453 getterantem
3229 4399 3498 4454 naturam,

1932 4479 1986 4522 et
2013 4483 2132 4523 eam
2159 4484 2279 4538 qua
2308 4486 2373 4526 ex
2391 4485 2452 4526 ea
2489 4473 2668 4542 genita
2695 4483 2778 4529 est
2805 4491 3152 4546 cognoscere,
3177 4496 3327 4535 sacra
3359 4480 3506 4538 Scri-

1935 4568 2093 4630 ptura
2154 4560 2329 4618 Patris
2367 4574 2422 4617 et
2448 4562 2567 4617 Filii
2600 4566 2817 4620 nomina
2883 4570 3180 4637 constituit,
3214 4584 3272 4627 ut
3326 4574 3505 4629 lumen

1934 4668 1998 4708 ex
2036 4653 2238 4709 lumine
2284 4654 2695 4725 intelligeretur,
2721 4659 2937 4727 utrique
2966 4663 3241 4731 pr0priam
3268 4680 3420 4720 suam
3441 4682 3506 4722 ac

1936 4745 2261 4815 peculiarem
2296 4747 2629 4818 ltypostasim
2681 4749 2943 4817 tribuens,
2984 4764 3195 4808 servata
3240 4764 3420 4813 tamen
3454 4759 3506 4812 itt

1935 4844 2167 4906 utroque
2196 4846 2406 4892 natura
2430 4838 2735 4893 identitate.
2778 4840 2986 4898 Nostra
3039 4859 3166 4899 vero
3208 4857 3506 4904 consuetu-

1938 4928 2046 4981 dini
2071 4943 2190 4983 scse
2218 4934 2651 4998 accommodans,
2685 4932 2829 4987 Patri
2857 4935 2958 4989 hoc
2989 4935 3171 4990 tribuit
3223 4948 3283 4992 ut
3337 4939 3510 5009 major

1936 5020 2041 5074 sit:
2070 5030 2130 5074 ut
2156 5021 2411 5077 nimirum
2466 5024 2824 5093 undequaque
2880 5027 3111 5082 dualitas
3154 5043 3507 5097 personarum

1937 5115 2205 5184 gignentis
2234 5125 2287 5170 et
2309 5118 2503 5186 genita
2537 5118 2889 5188 significetur;
2923 5120 3110 5174 tribuit
3133 5132 3315 5176 autem
3340 5140 3513 5192 aequa-

1936 5207 2166 5274 litatem,
2194 5224 2262 5263 ne
2292 5210 2468 5279 aliqua
2500 5210 2676 5266 Patris
2708 5227 2739 5265 ιι
2776 5212 2915 5267 Filto
2939 5214 3188 5267 essentia
3238 5215 3514 5269 dissimili-

1940 5299 2068 5356 tudo
2089 5300 2437 5371 intelligatur.
2472 5301 2718 5373 Ieqtalis
2762 5302 2944 5373 itaque
2998 5305 3249 5360 essentia
3305 5306 3516 5361 ratione

1941 5392 2210 5448 exsistens
2235 5408 2356 5447 cum
2420 5392 2582 5449 Patre
2631 5393 2823 5460 Filius,
2855 5394 3155 5466 similisque
3186 5410 3281 5465 per
3304 5397 3512 5461 omnia,

260 5495 522 5563 majorem
542 5493 692 5547 illum
712 5501 887 5557 vocat,
922 5502 1174 5560 tanquam
1226 5491 1494 5561 principio
1524 5500 1822 5553 carentem,
1861 5488 1974 5560 86
2017 5489 2134 5557 ipse
2164 5472 2488 5561 principium
2549 5489 2751 5548 habens
2779 5504 2844 5546 ea
2883 5498 3093 5546 tantum
3133 5490 3340 5547 ratione
3369 5492 3519 5563 quod

259 5609 325 5648 ex
354 5590 511 5645 Patre
560 5599 663 5655 est,
699 5588 909 5644 tametsi
962 5587 1291 5645 exsistentia
1361 5587 1571 5642 ratione
1632 5600 1753 5640 cum
1804 5599 1868 5639 eo
1908 5585 2212 5639 conveniat.

337 5770 380 5801 “
409 5768 428 5823 l
453 5768 577 5824 Cor.
609 5782 706 5836 Ml,
740 5768 826 5836 10,
864 5766 951 5824 ll.
1028 5768 1071 5800 ι’
1105 5764 1259 5824 Joan.
1301 5781 1408 5833 xw,
1437 5765 1528 5823 28.
1608 5766 1653 5798 ²⁰
1681 5762 1912 5836 Philipp.
1950 5780 2007 5828 tt,
2044 5764 2096 5821 ti.
