3876 6208
329 376 433 434 145

1014 479 1173 535 ALIU
1186 479 1246 534 D.

395 604 527 671 Quae
557 599 801 669 ejusdem
838 596 1159 652 substantia:
1190 602 1315 649 sunt
1348 602 1403 648 et
1460 602 1692 656 naturae,
1740 591 1916 659 magis

324 697 492 750 etiam
532 691 752 764 proprie
777 690 923 744 inter
953 701 1013 743 se
1046 684 1282 740 conferri
1314 694 1571 754 possunt;
1606 700 1726 753 qua:
1787 697 1917 738 vero

329 789 401 840 ita
430 798 552 840 sese
577 798 688 838 non
722 782 946 845 habent,
972 780 1066 833 sed
1090 777 1322 832 diversa:
1352 786 1565 830 naturae
1585 785 1733 835 sunt,
1753 786 1916 843 atque

322 894 389 932 ea
424 880 492 933 de
519 888 685 932 causa
710 872 1034 929 diversitate
1064 867 1306 941 quadam
1339 868 1484 922 inter
1517 882 1579 922 se
1636 867 1913 931 distincta,

324 967 629 1040 comparari
679 964 785 1022 sibi
823 963 1056 1021 invicem
1109 976 1215 1015 non
1254 968 1505 1030 possunt.
1557 956 1743 1028 Neque
1767 958 1915 1012 enim

326 1064 617 1132 quisquam
640 1060 745 1115 nisi
767 1056 957 1127 judicii
986 1056 1167 1125 inops,
1193 1051 1429 1109 hominis
1460 1060 1712 1107 naturam
1737 1049 1918 1120 inqui-

327 1170 453 1211 rens
479 1155 645 1218 dicat,
676 1153 869 1208 bovem
894 1148 1117 1207 homine
1144 1145 1414 1217 majorem
1442 1158 1590 1209 esse,
1629 1151 1723 1198 aut
1750 1142 1915 1197 vicis-

325 1248 428 1302 sim
443 1247 596 1302 bovis
614 1254 866 1300 naturam
911 1256 1074 1299 nosse
1102 1239 1314 1303 volens,
1345 1237 1489 1292 dicat
1516 1234 1793 1291 hominem
1842 1249 1911 1290 eo

328 1340 587 1409 majorem
615 1351 758 1393 esse.
806 1334 939 1403 Qua:
980 1334 1124 1389 enim
1156 1329 1399 1401 ejusdem
1432 1338 1643 1384 natura:
1684 1342 1750 1383 ac
1789 1341 1916 1398 spe-

325 1432 429 1488 ciei
456 1440 602 1496 sunt,
630 1439 690 1484 ut
716 1429 918 1484 dictum
947 1434 1052 1491 est,
1086 1438 1148 1479 ea
1174 1421 1461 1477 commode
1494 1430 1732 1491 apteque
1774 1419 1919 1473 inter

326 1540 386 1581 se
404 1523 782 1582 conferuntur.
820 1520 878 1576 Si
920 1520 1105 1589 itaque
1131 1516 1436 1581 confertur,
1459 1515 1756 1570 secundum
1800 1528 1917 1577 vos,

326 1616 499 1672 Filius
523 1631 646 1671 cum
666 1613 849 1678 Patre,
882 1611 1096 1667 ratione
1126 1608 1351 1678 majoris
1383 1615 1439 1663 et
1491 1606 1743 1671 minoris,
1783 1622 1920 1660 con-

326 1706 702 1765 substautialis
729 1713 882 1761 certe
904 1717 1082 1774 neque
1114 1701 1367 1756 diversus
1394 1700 1463 1755 ab
1491 1713 1558 1755 eo
1614 1699 1744 1754 erit.
1774 1698 1919 1753 Con-

325 1796 678 1855 substantiale
708 1806 889 1850 autem
921 1810 1029 1848 non
1064 1800 1244 1864 potest
1306 1789 1767 1847 consubstantiali
1807 1804 1918 1842 ma-

1325 359 1381 413 S.
1425 357 1704 414 CYRlLLl
1744 352 2219 410 ALEXANDRINI
2260 350 2584 407 ARCHIEP.

1624 472 1629 477 ’
1950 478 1995 534 Α

3513 352 3618 407 144

2710 471 2917 527 ΑΛΛΟ.

2092 586 2174 639 Τὰ
2202 586 2302 655 τῆς
2341 585 2514 657 αὐτῆς
2557 586 2746 651 οὐσίας
2789 584 2919 639 ὄντα
2971 584 3066 636 καὶ
3114 582 3330 653 φύσεως
3372 584 3466 637 καὶ
3512 586 3613 654 τὴν

2021 680 2160 751 πρὸς
2189 679 2395 749 ἄλληλα
2443 678 2735 751 σύγκρισιν
2765 677 3110 749 κυριωτέραν
3156 678 3498 749 ὲπιδέχεται’
3544 681 3614 733 τά

2015 772 2073 826 δὲ
2108 772 2182 843 μὴ
2206 770 2377 836 οὕτως
2405 770 2621 843 ἔχοντα,
2652 769 2924 844 ἑτεροφυῆ
2947 769 3004 823 δὲ
3026 769 3179 835 ὄντα,
3199 770 3297 824 καὶ⁸
3327 770 3415 824 διά
3452 770 3616 825 τοῦτο

2015 864 2329 936 τεμνόμενα
2385 864 2524 937 πρὸς
2576 864 3005 936 ἀλλοτριότητα,
3061 863 3163 917 οὐκ
3220 862 3288 918 ἂν
3356 863 3615 936 ἀλλήλοις

2023 960 2407 1031 συγκρίνοιτο’
2437 958 2766 1015 ἀπαιδευσία
2801 958 2911 1030 γὰρ
2942 956 3102 1012 τοῦτό
3145 974 3229 1028 γε.
3277 958 3354 1011 Οὐ
3383 958 3493 1031 γὰρ
3545 959 3615 1013 ἄν

2017 1066 2104 1113 τις
2132 1049 2277 1103 εἴποι
2302 1050 2427 1104 νοῦν
2459 1049 2618 1121 ἔχων,
2646 1048 2873 1120 μείζονα
2894 1049 2990 1102 τοῦ
3014 1048 3305 1120 ἀνθρώπου
3340 1050 3434 1104 τὸν
3457 1049 3611 1120 βοῦν,

2024 1141 2127 1213 τὴν
2155 1141 2445 1213 ανθρώπου
2471 1141 2634 1213 φύσιν
2664 1141 2901 1213 ἐρευνῶν
2919 1158 2935 1176 ο
2969 1141 3078 1196 οὐδ’
3108 1136 3176 1197 αὖ
3211 1142 3374 1196 πάλιν
3392 1143 3494 1214 τὴν
3515 1143 3614 1197 τοῦ

2026 1235 2147 1306 βοὸς
2172 1235 2439 1306 ἐκμαθεῖν
2470 1235 2733 1307 βούλοιτο,
2753 1235 2977 1307 μείζονα
2992 1235 3186 1289 τούτου
3210 1236 3301 1290 τὸν
3322 1236 3615 1309 ἄνθρωπον

2017 1330 2187 1400 λέγοι.
2220 1329 2304 1384 Τὰ
2332 1329 2444 1401 γὰρ
2480 1331 2694 1401 ὁμοφυῆ
2727 1345 2788 1382 τε
2819 1329 2914 1382 καὶ
2943 1328 3165 1400 ὁμοειδῆ
3192 1367 3206 1393 ,
3248 1328 3504 1402 καθάπερ
3536 1329 3615 1383 εῖ-

2022 1437 2209 1493 ρηται,
2243 1418 2344 1493 τὴν
2373 1419 2509 1493 πρὸς
2536 1419 2745 1490 ἄλληλα
2772 1416 3066 1490 σύγκρισιν
3098 1418 3394 1473 ἀκόλουθόν
3419 1436 3479 1473 τε
3515 1421 3615 1473 καὶ

2023 1513 2342 1584 πρέπουσαν
2370 1512 2507 1584 ἔχει.
2536 1513 2602 1566 Et
2638 1512 2823 1567 τοίνυν
2853 1513 3242 1585 συγκρίνεται,
3278 1515 3403 1569 καθ’
3439 1515 3612 1585 ὐμᾶς,

2017 1606 2047 1659 6
2073 1607 2202 1670 Υίὸς
2228 1606 2306 1679 τῷ
2337 1607 2515 1677 [Ia-cpi.
2543 1606 2685 1661 κατὰ
2712 1605 2775 1659 τὸ
2809 1604 2996 1677 μεῖζον
3020 1607 3117 1661 καὶ
3149 1607 3392 1674 ἔλαττον,
3415 1610 3619 1679 ὁμοού-

2022 1720 2137 1767 σιος
2175 1703 2286 1774 ἄρα
2317 1702 2411 1756 καὶ
2432 1702 2535 1755 οὐκ
2564 1701 2846 1774 ἀλλότριος
2874 1700 3043 1757 αὐτοῦ
3076 1704 3246 1756 ἐστιν.
3292 1702 3615 1775 Ὀμοούσιον

2020 1790 2081 1845 δὲ
2107 1790 2398 1861 ὁμοουσίου
2425 1791 2527 1844 οὐκ
2556 1789 2624 1844 ἂν
2650 1791 2862 1860 γένοιτο
2893 1791 3077 1863 μεῖζον
3099 1793 3193 1845 καὶ
3223 1791 3445 1846 ἔλαττον
3469 1794 3617 1846 κατὰ

321 1891 411 1959 jus
433 1897 525 1942 aut
545 1888 723 1942 minus
760 1900 884 1942 esse
910 1861 1122 1941 ratione
1143 1882 1466 1939 substantia:
1501 1897 1519 1937 :
1565 1897 1743 1952 neque
1771 1882 1915 1936 enim

2024 1885 2113 1939 τὸν
2144 1884 2245 1956 τῆς
2277 1884 2466 1947 οὐσίας
2494 1885 2649 1955 λόγον
2680 1902 2692 1915 ·
2722 1886 2783 1939 οὐ
2815 1861 2925 1957 γὰρ
2952 1884 3157 1957 μείζων
3184 1886 3471 1956 ἄνθρωπος
3512 1889 3612 1940 άν-

328 1985 491 2038 homo
521 1981 740 2036 homine
769 1979 943 2049 major
968 1987 1074 2042 est,
1100 1987 1372 2047 quatenus
1408 1976 1567 2032 homo
1589 1986 1693 2032 est.
1718 1975 1920 2046 [Equa-

326 2074 394 2130 lis
428 2073 591 2145 igitur
620 2081 705 2128 est
733 2083 787 2126 et
810 2070 1295 2128 consubstantialis
1359 2067 1505 2123 Patri
1578 2067 1786 2134 Filius;
1833 2085 1919 2122 ra-

327 2170 475 2224 tione
499 2182 629 2224 vero
657 2164 1047 2222 incarnationis
1078 2163 1354 2220 credimus
1386 2148 1599 2216 Patrem
1630 2161 1900 2228 majorem

324 2278 357 2316 a
387 2259 525 2317 Filio
553 2258 1078 2326 vocatum.Quando
1091 2257 1239 2313 enim
1261 2256 1655 2312 humanitatem
1671 2271 1919 2327 assump-

326 2354 421 2421 sit,
450 2360 567 2409 tum
598 2352 761 2409 etiam
797 2359 857 2405 ut
886 2351 1047 2406 homo
1076 2350 1180 2405 hoc
1216 2348 1380 2405 dixit.

999 2461 1235 2520 ALIUD.

393 2578 741 2651 Quaecunque
768 2576 987 2648 proprie
1023 2579 1492 2647 comparationem
1521 2575 1664 2631 inter
1721 2589 1781 2631 se
1822 2575 1919 2629 ad-

327 2672 574 2739 mittunt,
602 2669 1095 2728 consubstantialia
1122 2669 1289 2725 etiam
1341 2681 1467 2726 sunt
1500 2686 1514 2722 :
1563 2669 1726 2724 homo
1768 2667 1917 2723 enim

330 2764 559 2831 homini,
598 2773 654 2819 et
678 2777 858 2834 equus
882 2776 1025 2832 equo
1058 2759 1363 2817 confertur.
1415 2758 1733 2814 Differentia
1789 2774 1920 2814 vero

327 2857 513 2929 quain
544 2856 610 2911 iis
639 2864 861 2925 estquae
883 2852 1126 2921 ejusdem
1152 2850 1353 2922 speciei
1381 2860 1530 2917 sunt,
1572 2851 1629 2905 in
1660 2849 1919 2906 acciden-

329 2948 474 3004 tibus
508 2945 800 3013 consistit;
846 2953 1011 3014 atque
1058 2942 1194 3011 hare,
1233 2952 1291 2995 ut
1320 2939 1639 3011 plurimum,
1689 2955 1754 2995 ex
1794 2954 1921 3011 pas-

330 3040 506 3105 sione,
526 3046 623 3093 aut
648 3036 754 3093 alia
790 3037 1047 3106 quapiam
1081 3047 1243 3088 causa
1268 3032 1425 3097 ﬁunt,
1461 3048 1567 3089 non
1606 3033 1661 3088 in
1709 3034 1921 3089 ratione

329 3128 651 3186 substantiae
679 3128 785 3182 sita
816 3134 965 3193 sunt,
991 3126 1059 3182 de
1083 3140 1190 3195 qua
1223 3126 1551 3195 prmdicetur
1571 3126 1788 3198 aliquod
1823 3141 1919 3183 ac-

2021 1976 2268 2047 θρώπου,
2300 1977 2438 2032 καθὸ
2467 1978 2778 2051 ἄνθρωπος.
2815 1980 2961 2042 Ἰσος
2994 1979 3103 2051 ἄρα
3127 1979 3206 2051 τῷ
3238 1980 3415 2052 Πατρὶ
3453 1981 3551 2034 καὶ
3582 1982 3614 2033 6

2020 2070 2149 2135 Υἱὸς
2199 2071 2297 2127 καὶ
2338 2071 2663 2142 ὁμοούσιος·
2709 2073 3073 2144 οἰκονομικῶς
3118 2072 3176 2127 δὲ
3226 2072 3476 2144 εἰρῆσθαι
3526 2091 3615 2125 πι-

2024 2163 2295 2235 στεύομεν
2328 2165 2425 2218 ἐπὶ
2458 2163 2555 2218 τοῦ
2604 2166 2821 2238 Πατρδς
2860 2168 2923 2221 τὸ
2964 2165 3170 2237 μεῖξον.
3198 2166 3327 2220 Ὅτε
3373 2165 3483 2237 γάρ
3522 2167 3612 2221 ὲν-

2024 2256 2399 2329 ανθρωπήσας
2431 2257 2717 2328 φαίνεται,
2750 2259 2875 2311 τότε
2910 2260 3006 2313 καὶ
3035 2257 3192 2313 τοῦτό
3217 2275 3385 2329 φησιν
3406 2258 3483 2323 ὡς
3513 2259 3613 2317 ἇν-

2020 2346 2049 2399 θ
2060 2363 2262 2416 ρωπος.

2696 2466 2881 2520 ΔΛΛΟ

2094 2578 2235 2632 Ὅσα
2293 2577 2394 2649 τὴν
2446 2577 2585 2649 πρὸς
2636 2579 2841 2650 ἄλληλα
2890 2578 3183 2650 σύγκρισιν
3228 2581 3437 2652 κυρίως
3497 2583 3618 2635 ἐπι-

2019 2669 2259 2740 δέχεται,
2290 2670 2467 2725 ταῦτα
2496 2670 2718 2733 πάντως
2745 2672 2863 2725 ἐστὶ
2884 2672 2979 2726 καὶ
3002 2673 3269 2745 ὁμοούσια
3286 2690 3301 2705 ’
3322 2674 3614 2746 ἄνθρωπος

2019 2760 2129 2832 γὰρ
2161 2759 2438 2834 ἀνθρώπῳ
2463 2801 2479 2828 ,
2522 2764 2618 2817 καὶ
2648 2763 2816 2828 ἵππος
2852 2764 3006 2836 ἵππῳ
3044 2766 3418 2837 συγκρίνεται.
3464 2767 3529 2821 Ἦ
3554 2768 3617 2821 δὲ

2019 2852 2079 2906 ὲν
2100 2854 2216 2918 τοῖς
2241 2853 2512 2925 ὁμοειδέσι
2537 2854 2774 2927 διαφορὰ
2803 2856 2936 2928 περὶ
2964 2857 3036 2910 τὰ
3063 2857 3452 2929 συμϐεϐηκότα
3470 2858 3613 2911 ἐστί’

2020 2945 2116 3000 καὶ
2149 2945 2346 3010 ταῦτα,
2374 2946 2451 3011 ὡς
2477 2948 2572 3001 ἐπὶ
2595 2948 2868 3013 πλεῖστον,
2898 2950 2964 3003 ἐκ
2992 2950 3197 3014 πάθους
3227 2948 3458 3019 γίνεται,
3490 2948 3524 3020 ἢ
3554 2950 3619 3017 ἐξ

2020 3036 2215 3109 ἑτέρας
2237 3037 2384 3103 τινὸς
2407 3039 2612 3105 αἰτίας,
2642 3040 2745 3094 οὐκ
2775 3040 2835 3094 ἐν
2860 3040 2939 3113 τῷ
2963 3042 3106 3114 λόγῳ
3133 3042 3237 3114 τῆς
3271 3042 3461 3107 οὐσίας
3496 3044 3619 3097 κεί-

2025 3146 2182 3201 μενα,
2210 3129 2335 3185 καθ’
2363 3125 2537 3203 οὗπερ
2582 3132 2650 3187 ἂν
2689 3134 3053 3206 κατηγοροϊτό
3093 3151 3147 3189 τι
3184 3132 3294 3189 τῶν
3345 3133 3619 3206 συμϐεϐη-

328 3223 648 3279 cidentium.
683 3220 757 3279 Ut
796 3220 1031 3291 exempli
1063 3220 1265 3291 gratia,
1305 3219 1468 3276 homo
1524 3222 1743 3277 homine
1797 3235 1915 3275 ma-

2024 3221 2217 3277 κότων.
2250 3218 2378 3276 Οἴον
2406 3223 2541 3296 φέρε
2569 3225 2780 3291 εἰπεῖν,
2826 3224 3117 3296 ἄνθρωπος
3161 3224 3452 3297 ἀνθρώπου
3498 3226 3619 3293 μεί-

321 3316 410 3385 jor
438 3324 544 3384 est,
571 3314 949 3384 magnitudine
984 3314 1235 3385 corporis
1261 3322 1318 3370 et
1351 3313 1565 3380 robore,
1590 3314 1757 3369 animi
1780 3329 1921 3383 prte-

327 3408 525 3475 sentia,
567 3406 769 3463 mentis
801 3406 1092 3473 acumine;
1125 3406 1221 3461 sed
1269 3422 1374 3461 una
1396 3406 1649 3462 omnibus
1683 3413 1766 3460 est
1795 3405 1922 3461 sub-

328 3501 543 3556 stantiae
570 3501 735 3565 ratio,
768 3514 875 3554 non
903 3513 1033 3555 vero
1062 3499 1360 3568 separatim
1386 3499 1441 3553 in
1489 3498 1719 3570 singulis
1749 3499 1923 3553 diver-

329 3604 410 3643 sa.
457 3587 777 3644 Aecidentia
852 3597 1039 3643 autem
1105 3602 1171 3643 ex
1226 3588 1484 3660 passione
1553 3589 1717 3644 veluti
1781 3590 1924 3645 radi-

330 3695 394 3735 ce
469 3681 774 3736 oriuntur:
833 3694 901 3735 ex
969 3680 1225 3750 passione
1294 3681 1439 3736 enim
1512 3681 1763 3737 infirmus
1827 3684 1916 3752 qui

328 3781 412 3827 est
477 3770 759 3836 infirmus,
843 3781 899 3826 et
1005 3775 1195 3828 tardus
1277 3771 1549 3827 intellectu
1623 3773 1920 3843 timidoque

329 3864 534 3919 animo.
564 3862 628 3918 Si
660 3878 792 3934 ergo
812 3878 919 3917 una
938 3873 1020 3918 est
1043 3873 1238 3919 natura
1267 3865 1568 3935 eademque
1598 3866 1921 3922 substantiae

332 3955 474 4009 ratio
508 3956 573 4010 iis
597 3970 719 4025 quae
734 3956 955 4026 proprie
1014 3956 1160 4011 inter
1199 3970 1260 4012 se
1294 3956 1600 4027 comparari
1627 3966 1863 4027 possunt
1899 3975 1914 4013 :

326 4061 449 4117 qua:
470 4061 598 4103 vero
621 4046 948 4103 substantiis
977 4047 1236 4103 accidunt
1269 4063 1337 4103 ex
1382 4048 1638 4118 passione
1668 4048 1919 4105 oriuntur

326 4148 422 4193 aut
445 4154 509 4195 ex
538 4154 603 4194 eo
626 4140 771 4210 quod
817 4155 922 4195 non
968 4139 1251 4212 patiuntur
1290 4156 1305 4193 :
1349 4151 1698 4211 comparatur
1736 4149 1916 4195 autem

327 4228 498 4286 Filius
520 4228 672 4285 Patri
704 4231 915 4286 ratione
947 4228 1173 4298 majoris
1201 4239 1256 4287 et
1276 4231 1527 4300 minoris,
1570 4232 1792 4302 ipseque
1821 4246 1917 4285 ex-

331 4332 411 4376 tra
444 4336 663 4378 omnem
693 4323 1004 4393 passionem
1036 4331 1122 4379 est
1148 4322 1316 4395 (Deus
1348 4325 1493 4378 enim
1547 4325 1653 4395 pati
1685 4340 1791 4380 non
1828 4339 1917 4395 po-

328 4413 480 4483 test),
504 4411 826 4483 nullafplane
851 4412 1063 4469 ratione
1088 4411 1365 4482 superabit
1390 4410 1556 4468 Pater
1584 4410 1801 4478 Filium,
1821 4413 1913 4484 qui

327 4505 570 4576 ejusdem
587 4520 710 4561 cum
742 4520 807 4561 eo
853 4507 1103 4561 essentite
1141 4515 1247 4572 est,
1284 4505 1579 4576 omnisque
1632 4507 1912 4576 passionis

328 4608 525 4663 expers
553 4604 657 4651 est.
680 4594 790 4667 8'7
817 4596 1031 4651 Dicitur
1060 4611 1191 4656 vero
1252 4595 1449 4668 major,
1485 4606 1540 4651 ut
1581 4596 1910 4666 principium

327 4688 585 4743 coaeterni
614 4688 925 4757 geniminis.

362 4798 430 4857 In
459 4800 628 4860 illud.
662 4819 681 4853 ι
718 4800 882 4857 Pater
905 4803 997 4871 qui
1027 4802 1167 4857 misit
1201 4819 1310 4868 me,
1342 4803 1514 4874 major
1539 4818 1619 4857 me
1646 4813 1723 4857 est
1746 4804 1811 4855 ²¹.
1853 4828 1871 4854 ι

770 4977 854 5033 Ea:
884 4980 1171 5047 obiectione
1200 4978 1473 5037 Eunomit'.

393 5094 555 5163 Atqui
588 5092 849 5149 Servatur
876 5094 992 5163 ipse
1021 5110 1127 5149 non
1157 5096 1412 5159 obscure,
1443 5095 1642 5166 inquit,
1670 5105 1765 5151 aut
1792 5111 1912 5152 am-

326 5184 517 5255 bigue,
552 5187 649 5241 sed
683 5185 1027 5257 apertissime
1065 5186 1282 5243 Patrem
1322 5186 1583 5257 majorem
1621 5202 1682 5244 se
1716 5199 1909 5257 vocat,

324 5289 446 5328 cum
480 5274 612 5330 dicit
645 5294 658 5331 :
698 5295 717 5329 ι
756 5275 919 5331 Pater
948 5277 1038 5346 qui
1078 5277 1226 5332 misit
1258 5292 1378 5346 me,
1414 5277 1591 5349 major
1618 5292 1706 5335 me
1736 5289 1842 5337 est.
1880 5300 1899 5333 ι

328 5364 384 5420 Si
420 5375 598 5422 autem
632 5370 916 5424 veritatem
950 5385 1135 5424 verum
1172 5370 1358 5427 dicere
1396 5369 1671 5437 fatemini,
1711 5373 1912 5430 veritas

325 5466 504 5511 autem
543 5458 828 5527 Christus,
863 5472 1014 5518 certe
1061 5460 1320 5530 majorem
1365 5476 1424 5517 se
1464 5462 1626 5519 habet
1669 5462 1909 5521 Patrem.
1942 5456 1945 5457 ⁷

324 5549 478 5615 Quod
505 5550 549 5605 si
579 5551 653 5606 ita
681 5562 786 5617 est,
812 5554 1094 5611 dissimilis
1120 5557 1287 5610 etiam
1318 5556 1396 5611 illi
1428 5557 1555 5613 erit.
1584 5557 1654 5613 At
1679 5558 1725 5614 si
1753 5558 1912 5617 dissi-

326 5642 494 5709 milis,
525 5657 629 5699 non
661 5659 792 5714 ergo
820 5648 1304 5704 consubstantialis

395 5825 440 5859 “
463 5824 624 5883 Joan.
667 5839 778 5890 xw,
812 5826 901 5880 28.

2022 3310 2153 3378 ζων,
2192 3314 2419 3385 μεγέθει
2449 3313 2705 3387 σώματος
2755 3315 2851 3368 καὶ
2902 3313 3083 3385 ίσχύῖ,
3113 3314 3295 3387 ψυχῆς
3324 3318 3617 3388 παραστή-

2024 3424 2179 3479 ματι,
2210 3408 2452 3474 διανοίας
2477 3408 2701 3480 ὀξύτητι
2721 3425 2737 3442 ο
2777 3409 2895 3464 ἀλλ’
2940 3404 3024 3473 εἷς
3071 3408 3172 3481 μὲν
3214 3409 3419 3463 ἅπασιν
3444 3411 3473 3464 6
3507 3410 3615 3479 τῆς

2020 3499 2209 3563 οὐσίας
2251 3499 2433 3568 λόγος,
2479 3499 2575 3555 καὶ
2603 3501 2669 3556 οὐ
2697 3501 3120 3573 μεμερισμένως
3149 3501 3209 3555 ὲν
3236 3500 3454 3572 ἑκάστῳ
3487 3502 3612 3555 διά-

2021 3607 2207 3663 φορος.
2235 3590 2317 3646 Τὰ
2348 3592 2406 3646 δὲ
2444 3592 2833 3664 συμϐεϐηκότα
2869 3592 3027 3664 ῥίζαν
3076 3591 3188 3663 ἔχει
3216 3593 3279 3647 τὺ
3309 3593 3482 3657 πάθος
3502 3609 3519 3626 ο
3547 3596 3615 3647 ὲκ

2021 3681 2233 3747 πάθους
2272 3683 2382 3756 γὰρ
2412 3684 2645 3756 ἀσθενὴς
2691 3686 2720 3739 6
2765 3684 3036 3756 ἀσθενὴς,
3068 3684 3165 3740 καὶ
3208 3688 3238 3740 6
3267 3685 3476 3758 νωθρὸς
3511 3687 3615 3757 τὴν

2018 3774 2280 3844 διάνοιαν,
2313 3776 2408 3830 καὶ
2439 3778 2469 3830 6
2501 3776 2707 3832 δειλίαν
2739 3776 2879 3848 ἔχων
2907 3778 2967 3829 ὲν
2995 3776 3167 3849 ψυχῇ.
3195 3777 3261 3832 El
3293 3778 3476 3833 τοίνυν
3509 3778 3614 3848 μία

2023 3868 2122 3937 μὲν
2161 3869 2196 3940 ἡ
2232 3867 2397 3938 φύσις
2426 3869 2522 3923 καὶ
2548 3868 2649 3940 τῆς
2683 3868 2874 3933 οὐσίας
2899 3871 2928 3924 6
2950 3869 3110 3939 λόγος
3134 3872 3162 3923 6
3190 3869 3356 3935 αὐτὸς
3376 3872 3491 3934 τοῖς
3509 3871 3615 3942 τὴν

2021 3959 2162 4031 πρὸς
2188 3959 2395 4033 ἄλληλα
2419 3959 2710 4032 σύγκρισιν
2742 3962 2950 4034 κυρίως
2980 3962 3410 4033 ἐπιδεχομένοις,
3444 3962 3514 4017 τὰ
3550 3962 3613 4017 δὲ

2017 4054 2119 4108 ὅσα
2150 4053 2280 4125 περὶ
2324 4053 2427 4118 τὰς
2456 4054 2646 4121 οὐσίας
2694 4055 2833 4109 είσὶν
2866 4057 2932 4109 ὲκ
2963 4056 3172 4121 πάθους
3219 4056 3431 4125 γίνεται
3475 4056 3509 4129 ἢ
3544 4058 3615 4112 ὲκ

2018 4142 2115 4199 τοῦ
2151 4145 2227 4217 μὴ
2255 4143 2451 4198 παθεῖν
2473 4185 2489 4211 ,
2522 4145 2875 4217 συγκρίνεται
2901 4146 2958 4199 δὲ
2991 4148 3019 4201 6
3045 4146 3175 4209 Υἱὸς
3204 4147 3344 4217 πρὸς
3371 4148 3465 4201 τὸν
3494 4148 3615 4203 Πα·

2016 4234 2153 4308 τέρα
2194 4236 2339 4291 κατὰ
2378 4236 2440 4291 τὸ
2489 4238 2675 4308 μεῖζον
2713 4239 2808 4293 καὶ
2833 4237 3055 4293 ἔλαττον
3085 4239 3478 4311 εἰσφερομένου
3512 4241 3612 4295 τοῦ

2017 4325 2148 4397 περὶ
2179 4325 2342 4381 αὐτὸν
2382 4326 2568 4396 λόγου,
2602 4328 2697 4381 καὶ
2744 4327 2861 4382 ἔστι
2893 4328 3103 4393 πάθους
3143 4329 3303 4395 ὲκτδς
3352 4329 3613 4402 (ἀπαθὴς

2015 4416 2127 4489 γὰρ
2151 4417 2229 4479 ὡς
2250 4416 2429 4490 Θεὸς),
2465 4419 2589 4473 κατ’
2615 4419 2809 4475 οὐδένα
2835 4420 3041 4493 τρόπον
3063 4422 3092 4475 6
3125 4421 3315 4494 Πατὴρ
3348 4424 3611 4494 ὑπερέξει

2014 4510 2111 4564 τοῦ
2144 4509 2279 4564 Υἱοῦ
2306 4512 2403 4565 καὶ
2437 4512 2539 4584 τὴν
2581 4512 2755 4585 αὐτὴν
2785 4512 3006 4584 ἔχοντος
3052 4513 3243 4568 οὐσίαν
3284 4516 3379 4570 καὶ
3410 4516 3613 4570 παθεῖν

2020 4601 2175 4656 οὐδὲν
2218 4602 2541 4675 δυναμένου.
2585 4604 2822 4674 Λέγεται
2866 4604 2925 4660 δὲ
2973 4603 3177 4676 μείζων
3206 4606 3283 4671 ὡς
3328 4608 3475 4681 ἀρχὴ
3509 4609 3610 4663 τοῦ

2022 4693 2297 4747 συναῖδίου
2323 4695 2686 4765 γεννήματος.

2020 4801 2125 4867 Είς
2160 4801 2227 4855 τὸ
2250 4842 2265 4867 ,
2318 4822 2336 4852 ι
2378 4800 2443 4856 '0
2484 4803 3050 4931 Hathpégtf’zfjﬁyrac
3090 4823 3171 4877 με
3223 4806 3438 4879 μείζων
3486 4811 3612 4881 μού

2336 4985 2672 5056 Ἀντίθεσις
2707 4989 2778 5044 ἐκ
2816 4989 2937 5044 τῶν
2967 4991 3289 5063 Εὐνομίου.

2087 5100 2260 5166 Αὐτὸς
2295 5102 2324 5155 6
2350 5102 2543 5176 Σωτὴρ
2582 5104 2685 5158 οὐκ
2724 5106 3274 5179 ἐπικεκαλυμμένως,
3299 5108 3609 5181 τρανότατα

2015 5192 2071 5247 δὲ
2101 5195 2321 5264 μείζονα
2350 5196 2545 5267 ἑαυτοῦ
2579 5197 2672 5251 τὸν
2697 5198 2917 5271 Πατέρα
2962 5202 3116 5271 φησὶ,
3149 5201 3237 5254 διὰ
3261 5200 3356 5255 τοῦ
3387 5202 3571 5271 λέγειν
3592 5224 3605 5234 ·

2022 5302 2043 5337 t
2064 5284 2122 5338 Ὀ
2151 5286 2342 5358 Πατὴρ
2367 5288 2397 5340 6
2420 5287 2641 5359 πέμψας
2666 5305 2735 5361 με
2773 5288 2975 5360 μείζων
3024 5290 3126 5361 μού
3158 5294 3323 5347 ἐστιν.
3354 5312 3372 5344 ι
3407 5293 3470 5346 Εἰ
3494 5294 3613 5347 τοί-

2015 5391 2112 5427 νυν
2162 5374 2448 5446 ἀληθεύειν
2492 5375 2691 5430 δὼσετε
2737 5379 2838 5450 τὴν
2881 5380 3161 5452 ἀλήθειαν,
3198 5380 3428 5453 ἀλήθεια
3472 5382 3531 5435 δὲ
3580 5382 3613 5434 ὁ

2014 5467 2270 5539 Χριστὸς,
2305 5467 2531 5539 μείζονα
2584 5470 2701 5541 ἔχει
2752 5471 2845 5527 τὸν
2892 5473 3134 5544 Πατέρα.
3168 5474 3279 5528 Καὶ
3331 5476 3379 5527 εί
3423 5473 3610 5539 τοῦτο,

2015 5559 2233 5624 πάντως
2264 5561 2419 5617 ἐσται
2446 5562 2542 5617 καὶ
2571 5563 2846 5637 ἀνόμοιος.
2864 5564 3082 5638 Ἐπειδὴ
3101 5566 3157 5621 δὲ
3186 5566 3461 5638 ἀνόμοιος,
3484 5568 3615 5623 οὐδὲ

2015 5652 2325 5725 ὁμοούσιος.
