3876 6208
246 396 351 452 145

724 512 881 584 Πρός
919 514 1096 570 τοῦτο
1131 515 1334 582 λύσις.

322 646 650 717 Ἀναγκαῖον
673 649 840 722 ὑμᾶς,
868 646 914 705 ὦ
943 654 1322 726 χριστομάχοι,
1342 655 1438 709 καὶ
1461 654 1557 709 νῦν
1586 656 1828 729 ἐρέσθαι,

240 740 375 792 πότε
408 737 505 793 τοῦ
535 740 667 794 Υἱοῦ
701 741 904 812 μείζων
928 745 957 797 6
989 744 1181 817 Πατὴρ
1218 745 1252 817 ἢ
1286 746 1514 815 γέγονεν
1543 746 1576 818 ἢ
1606 747 1829 820 εὑρέθη,

238 829 271 899 ἦ
312 830 451 902 ὅπερ
477 829 544 885 ἂν
583 830 862 901 βούλοισθε
900 833 1101 902 λέγειν.
1134 836 1339 908 Χρόνον
1371 838 1469 909 μὲν
1494 834 1588 893 οὖν
1618 839 1830 910 ὁριζόν-

237 936 352 973 των
386 921 539 991 ὑμῶν
570 923 671 976 οὐκ
709 924 776 979 ἄν
800 942 884 989 τις
912 925 1205 997 ἀνάσχοιτο
1228 946 1242 959 ·
1288 929 1498 1000 χρόνων
1528 934 1638 1003 γάρ
1672 948 1832 1005 ποιη-

238 1013 342 1083 τὴς
367 1014 396 1067 6
418 1014 565 1081 Υἱὸς,
584 1016 680 1069 καὶ
707 1018 815 1087 πρὸ
840 1017 951 1071 τῶν
978 1018 1193 1074 αἰώνων
1216 1021 1351 1087 ἐστὶ,
1370 1021 1516 1076 κατὰ
1535 1022 1635 1088 τάς
1659 1022 1829 1094 ἀψευ-

236 1104 350 1169 δεῖς
372 1106 484 1160 τῶν
514 1108 687 1177 ἁγίων
723 1111 927 1181 φωνάς.
970 1113 1175 1183 Χρόνου
1211 1113 1268 1167 δὲ
1290 1114 1659 1187 ἀνῃρημένου,
1688 1119 1830 1171 πάνυ

237 1212 350 1259 τως
374 1198 622 1253 λείπεται
643 1200 825 1270 λέγειν
857 1203 995 1257 κατά
1017 1202 1117 1275 τὴν
1147 1204 1303 1275 ὑμῶν
1328 1206 1593 1278 πρότασιν
1623 1208 1712 1261 ἀεὶ
1736 1207 1833 1262 καὶ

237 1287 493 1359 ἀνάρχως
517 1290 606 1345 τὸν
641 1292 861 1363 Πατέρα
890 1294 1113 1364 μείζονα
1139 1293 1241 1348 τοῦ
1261 1296 1415 1352 Υίοῦ,
1451 1297 1612 1363 Ἀλλ’,
1631 1292 1676 1353 ὦ
1705 1298 1828 1370 βέλ-

235 1392 430 1441 τιστοι,
471 1379 668 1451 μικρὸν
702 1382 1079 1454 ἀνανήψαντες
1107 1385 1284 1440 ἐκεῖνο
1327 1386 1450 1442 καθ’
1481 1389 1708 1454 ἑαυτοὺς
1746 1393 1831 1445 ὲν-

238 1465 542 1539 θυμήθητε,
569 1472 733 1526 ὅτιτὸ
764 1474 1024 1548 διαφέρον
1042 1475 1188 1541 τινὸς
1222 1480 1363 1533 κατὰ
1385 1479 1446 1533 τὸ
1470 1476 1609 1535 εἶναι
1640 1481 1829 1552 μεῖζον

235 1557 270 1623 ἢ
322 1556 594 1627 λέγεσθαι,
631 1567 1037 1636 παρακείμενον
1071 1568 1185 1640 ἔχει
1215 1570 1310 1623 καὶ
1340 1573 1829 1645 συνεισφερόμενον

236 1646 419 1718 ἑαυτῷ
452 1650 513 1703 τὸ
551 1651 793 1718 ἔλαττον,
827 1648 889 1708 οὗ
924 1656 1020 1711 καὶ
1062 1659 1180 1714 ἐστὶ
1212 1660 1595 1732 μεῖζον.”οταν
1627 1665 1736 1737 γὰρ
1768 1664 1829 1719 τὸ

238 1736 425 1805 μεῖζον
451 1739 771 1813 θελήσωμεν
799 1746 1013 1817 μαθεῖν,
1032 1750 1126 1803 ἐπὶ
1150 1752 1251 1822 τὴν
1276 1751 1369 1806 τοῦ
1392 1754 1675 1820 ἐλάττονος
1697 1736 1831 1828 δρα·

235 1829 434 1897 μόντες
478 1834 804 1906 κατάληψιν,
832 1838 933 1910 τὴν
960 1840 1174 1897 ἐκείνου
1216 1843 1491 1917 βλέπομεν
1528 1849 1822 1922 ὑπεροχήν.

233 1920 297 1972 Et
334 1922 515 1977 τοίνυν
548 1926 634 1980 ἀεὶ
664 1928 867 1998 μείζων
897 1931 925 1983 6
949 1934 1141 2007 Πατὴρ
1172 1936 1267 1991 τοῦ
1306 1938 1459 2003 Υἱοῦ,
1489 1935 1558 2012 ἦν
1588 1920 1687 2013 μέν
1725 1920 1823 1998 αύ-

231 2015 323 2106 τρς
365 2016 453 2070 ἀεί
475 2034 487 2046 ·
522 2013 591 2091 ἦν
617 2019 674 2074 δὲ
706 2023 803 2077 σὺν
848 2025 999 2096 αὐτῷ
1031 2028 1123 2082 καὶ
1152 2030 1182 2082 ό
1216 2029 1364 2095 Υἱὸς,
1392 2025 1455 2085 οὗ
1494 2035 1589 2088 καὶ
1621 2037 1822 2106 μείζων

230 2101 374 2161 εἶναι
408 2108 645 2178 λέγεται,
677 2113 799 2167 καθ’
823 2116 986 2187 ὑμᾶς.
1017 2119 1090 2173 Τὸ
1133 2121 1191 2175 δὲ
1224 2122 1314 2177 ἀεὶ
1352 2124 1434 2193 ὃν,
1468 2125 1545 2197 τῷ
1578 2101 1664 2182 ea
1709 2129 1822 2184 δντι

232 2200 353 2265 πῶς
380 2202 639 2275 ἀνόμοιον
672 2206 858 2277 ἐσταις
906 2212 1109 2278 Μεῖζον
1154 2214 1213 2268 δὲ
1252 2216 1391 2282 πῶς,
1420 2222 1822 2293 συντρεχούσης

230 2293 311 2363 τῷ
360 2299 711 2367 γεγεννηκότι
759 2302 860 2373 τῆς
906 2303 1193 2377 ὑπάρξεως
1216 2308 1311 2363 τοῦ
1336 2312 1698 2382 γεννήματος,
1728 2317 1822 2370 καὶ

231 2384 415 2438 πάντα
443 2386 657 2458 ἔχοντος
689 2394 935 2461 φυσικῶς
962 2399 1062 2453 ὅσα
1092 2402 1358 2472 πρόσεστι
1388 2402 1467 2475 τῷ
1497 2405 1711 2476 Πατρί;

923 2702 1128 2761 ΑΛΛΟ.

315 2802 413 2859 Ἐκ
442 2808 781 2880 μαθημάτων
810 2813 943 2885 ήμῖν
972 2817 1082 2871 τῶν
1122 2819 1526 2890 Ἀριστοτέλους
1560 2828 1817 2900 όρμὼμει

226 2913 334 2995 νοι,
365 2900 463 2953 καὶ
490 2904 555 2973 τῇ
580 2901 846 2977 δεινότητι
866 2909 965 2979 τῆξ
991 2911 1049 2963 ὲν
1076 2913 1268 2984 κόσμῳ
1292 2917 1485 2986 σοφίας
1509 2920 1820 2995 ἀποκεχρη-

231 2988 410 3060 μένοι,
450 2992 691 3059 κτύπους
729 2998 1001 3070 ἐγείρουσι
1036 3006 1299 3076 ῥημάτων
1322 3009 1515 3075 κενῶν,
1554 3012 1654 3065 οὐκ
1683 2988 1819 3069 εἰδό-

226 3095 324 3144 τες
349 3083 431 3177 ὅτι
460 3086 554 3137 καὶ
584 3088 721 3159 πρὸς
742 3091 948 3165 ταύτην
970 3095 1199 3166 ἀμαθῶς
1222 3098 1439 3170 ἔχοντες
1468 3102 1820 3177 ἐλεγχθήσον-

1661 394 2106 456 THESAURUS.

1855 518 1908 578 Δ

3419 413 3522 465 H6

2445 518 2649 576 Salutio
2678 520 3010 591 objectionis.

2007 645 2382 719 lnterrogandi
2421 651 2577 708 nobis
2612 663 2739 709 sunt
2775 654 2963 711 hostes
3000 655 3235 723 Christi,
3274 662 3523 729 quamle-

1934 754 2058 795 nam
2097 742 2268 811 major
2306 743 2446 801 Filio
2477 744 2638 801 Pater
2675 757 2767 802 aut
2798 748 2977 804 factus
3010 750 3080 805 sit
3115 761 3207 805 ant
3254 753 3523 819 inventus,

1935 844 2030 888 aut
2053 836 2542 909 quomodocunque
2572 838 2702 895 illud
2729 841 2933 897 dicant.
2955 841 3192 913 Tempus
3218 846 3361 899 enim
3388 861 3525 916 pne-

1933 925 2183 982 ﬁnientes
2212 943 2310 984 vos
2341 944 2499 985 nemo
2531 930 2670 987 ferat
2700 947 2715 984 :
2755 934 3007 989 conditor
3040 936 3183 990 enim
3219 946 3522 1008 temporum

1933 1024 2018 1072 est
2042 1015 2232 1087 Filius,
2259 1029 2315 1075 et
2340 1030 2467 1078 ante
2493 1022 2689 1078 saecula
2716 1025 2831 1093 ipse
2857 1026 3092 1091 exsistit,
3118 1027 3270 1097 juxta
3304 1039 3523 1085 sancto-

1934 1124 2055 1164 rum
2097 1112 2189 1179 qui
2231 1112 2449 1167 mentiri
2494 1128 2602 1168 non
2641 1126 2869 1184 possunt
2906 1120 3249 1175 verissimum
3291 1121 3517 1177 dictum.

1934 1196 2156 1255 Sublato
2182 1209 2364 1257 autem
2390 1210 2652 1273 tempore,
2669 1217 2941 1277 superest,
2974 1223 3039 1263 ex
3067 1221 3250 1267 vestra
3279 1213 3518 1281 ipsorum

1931 1292 2224 1359 sententia,
2242 1309 2459 1365 semper
2482 1306 2537 1352 et
2565 1298 2682 1354 sine
2711 1299 2975 1370 principio
2998 1302 3213 1359 Patrem
3240 1304 3376 1361 Filio
3403 1322 3519 1360 ma-

1922 1381 2099 1452 jorem
2138 1384 2325 1441 fuisse.
2363 1388 2432 1442 At
2464 1403 2580 1453 vos,
2621 1389 2746 1444 boni
2784 1391 2907 1455 viri,
2944 1395 3193 1451 nonnihil
3226 1397 3293 1451 ad
3330 1398 3519 1453 melio-

1931 1490 2045 1532 rem
2077 1488 2314 1534 mentem
2348 1481 2639 1561 redeuntes
2665 1484 2745 1536 ita
2775 1483 3059 1540 vobiscum
3090 1487 3345 1558 cogitate,
3374 1489 3517 1558 quod

1930 1568 1983 1623 id
2024 1570 2169 1640 quod
2210 1570 2394 1627 diﬂ‘ert
2427 1576 2495 1627 ab
2529 1574 2713 1645 aliquo
2747 1591 2810 1631 ea
2848 1578 3057 1633 ratione
3090 1593 3197 1649 qua
3234 1578 3404 1648 majus
3436 1590 3520 1634 est

1930 1668 2024 1715 aut
2051 1661 2272 1727 dicitur,
2308 1662 2673 1734 propinquum
2709 1666 2809 1722 sibi
2844 1667 3010 1722 habet
3039 1677 3094 1723 et
3124 1668 3377 1724 collatum
3414 1671 3517 1726 sibi

1929 1749 2137 1815 minus,
2170 1765 2277 1820 quo
2309 1752 2565 1807 nimirum
2597 1754 2771 1822 majus
2800 1766 2906 1812 est.
2942 1756 3075 1812 Cum
3107 1759 3252 1814 enim
3286 1761 3337 1815 id
3372 1763 3516 1830 quod

1931 1841 2107 1910 majus
2130 1852 2213 1898 est
2240 1858 2577 1915 cognoscere
2600 1847 2881 1915 volumus,
2909 1850 2976 1903 ad
3007 1851 3236 1906 minoris
3265 1854 3514 1909 notitiam

1931 1930 2326 2002 confugientes,
2348 1935 2570 2005 majoris
2587 1936 2962 1993 excellentiam
2984 1942 3279 1996 cernimus.
3304 1942 3360 1996 Si
3384 1958 3517 2012 ergo

1931 2022 2092 2079 Pater
2113 2039 2329 2096 semper
2352 2026 2530 2096 major
2553 2037 2636 2082 est
2663 2026 2823 2095 Filio,
2852 2027 2953 2082 fuit
2981 2032 3198 2101 quidem
3231 2034 3345 2102 ipse
3372 2048 3517 2090 sem-

1930 2132 2027 2186 per
2061 2135 2073 2171 :
2110 2117 2213 2172 fuit
2247 2134 2376 2175 vero
2410 2121 2575 2175 etiam
2608 2135 2734 2177 cum
2768 2137 2835 2177 eo
2873 2122 3072 2191 Filius,
3109 2141 3216 2195 quo
3248 2137 3304 2181 et
3345 2126 3517 2197 major

1928 2224 2049 2265 esse
2077 2211 2298 2277 dicitur,
2330 2219 2627 2270 secundum
2656 2230 2774 2270 vos.
2805 2214 2961 2282 Quod
2993 2232 3122 2271 vero
3153 2233 3370 2288 semper
3396 2232 3511 2287 est,

1928 2317 2162 2372 quonam
2196 2314 2355 2374 pacto
2383 2305 2651 2363 dissimile
2680 2309 2786 2364 erit
2817 2311 2891 2365 illi
2925 2312 3066 2381 quod
3098 2312 3265 2366 etiam
3299 2328 3513 2383 semper

1927 2394 2043 2448 est?
2068 2395 2176 2448 Aut
2204 2397 2480 2466 quomodo
2509 2399 2716 2470 majus,
2746 2418 2868 2457 cum
2903 2403 3019 2472 ipsa
3047 2403 3213 2473 geniti
3242 2406 3514 2459 exsisten-

1927 2488 2001 2540 tia
2030 2501 2151 2541 cum
2183 2488 2433 2557 genitore
2460 2494 2750 2546 conveniat
2778 2494 3074 2564 omniaque
3106 2495 3428 2552 naturaliter
3458 2497 3510 2552 in

1927 2592 1985 2633 se
2017 2579 2212 2635 habeat
2240 2595 2359 2650 quae
2388 2579 2532 2638 Patri
2566 2583 2788 2639 insunt?

2598 2716 2827 2775 ALIUD.

1997 2826 2073 2881 Ex
2120 2826 2472 2885 Aristotelica
2521 2832 2804 2902 disciplina
2853 2836 3010 2892 nobis
3055 2837 3409 2909 insu.tantes,
3456 2851 3512 2899 et

1927 2920 2214 2974 mundanae
2244 2922 2526 2991 sapientiae
2557 2923 2701 2980 fastu
2734 2928 2966 2997 turgidi,
3001 2928 3190 2985 inanes
3219 2933 3504 2988 verborum

1926 3011 2165 3080 crepitus
2196 3014 2469 3079 excitant,
2509 3030 2700 3085 parum
2733 3017 2836 3072 sibi
2871 3022 3260 3088 persuadentes
3293 3039 3351 3079 se
3382 3023 3505 3078 Ari-

1924 3104 2187 3161 stotelicte
2225 3106 2525 3177 disciplina:
2567 3110 2787 3179 ignaros
2829 3114 3043 3169 ostendi
3086 3129 3265 3185 posse.
3304 3116 3507 3173 Miran'

228 3186 341 3269 ται.
376 3172 665 3276 Θαυμάσαι
705 3179 814 3252 γὰρ
846 3182 1016 3248 ὅντως
1047 3186 1343 3241 ἀκόλουθον
1370 3189 1452 3243 ὅτι
1480 3190 1543 3262 δὴ
1570 3172 1661 3246 τόν
1683 3172 1817 3266 περὶ

1927 3196 2051 3250 dum
2087 3197 2231 3252 enim
2266 3207 2349 3252 est
2381 3199 2559 3269 quod,
2593 3216 2717 3256 cum
2755 3203 3021 3260 rationem
3057 3209 3280 3276 majoris
3311 3217 3366 3263 et
3406 3212 3509 3263 mi-

228 3258 329 3358 τοῦ
378 3263 624 3358 μείζονος
666 3270 759 3322 καὶ
802 3272 897 3325 τοῦ
943 3273 1225 3341 ἐλάττονος
1269 3258 1613 3347 ἐξετάζοντες
1642 3258 1817 3353 λόγον,

1927 3289 2077 3345 noris
2106 3292 2406 3356 excutiant,
2436 3294 2501 3347 ad
2536 3309 2844 3351 sermonem
2876 3298 2943 3352 de
2973 3300 3137 3354 simili
3170 3311 3225 3356 et
3256 3302 3504 3358 dissimili

229 3350 329 3404 ἐπὶ
355 3352 447 3407 τὸν
475 3358 604 3427 περὶ
632 3360 727 3412 τοῦ
758 3362 946 3433 ὁμοίου
976 3367 1073 3419 καὶ
1100 3368 1354 3440 ἀνομοίου
1384 3350 1821 3442 μεταπεπτῶκα-

234 3449 476 3539 σιν,-ούκ
501 3450 702 3516 εἰδότες
724 3454 829 3520 ὅτι,
864 3457 1006 3511 κατά
1045 3459 1145 3530 τήν
1188 3462 1596 3533 Ἀριστοτέλους
1626 3466 1821 3539 τέχνην

230 3532 376 3611 ὲφ⁹ᾔ
404 3540 637 3608 μάλιστα
663 3548 1090 3621 μεγαλοφρονεῖν
1121 3532 1375 3609 εἰώθασιν
1412 3558 1588 3623 αὐτοὶ,
1619 3532 1720 3613 οὐκ
1742 3532 1822 3625 είς

230 3631 429 3685 ταυτὸν
473 3637 869 3694 κατατάττεται
897 3643 1056 3711 γένος
1082 3645 1145 3698 τό
1176 3663 1238 3699 τε
1270 3647 1455 3719 ὅμοιον
1486 3651 1580 3703 καὶ
1624 3652 1685 3705 τὸ
1727 3654 1822 3706 ἀν-

228 3722 441 3820 όμριον,
469 3726 549 3820 ὡς
564 3730 659 3820 καὶ
690 3732 754 3785 τὸ
784 3734 971 3804 μεῖζον
1006 3739 1182 3793 καὶτὸ
1214 3740 1457 3798 ἔλαττον.
1491 3745 1565 3797 Τὸ
1593 3747 1691 3817 μὲν
1711 3748 1820 3820 γὰρ

233 3810 425 3910 μεῖζον
467 3816 560 3869 καὶ
596 3818 655 3872 τὸ
687 3820 928 3893 ἔλαττον,
960 3827 1069 3881 τῶν
1117 3830 1255 3901 πρός
1300 3849 1352 3885 τι
1396 3810 1629 3905 ἐχόντων
1678 3810 1821 3910 παρ’

229 3901 464 4001 εκείνοις
507 3907 741 3977 λέγεται.
785 3912 859 3969 Τὸ
909 3916 966 3971 δὲ
1012 3919 1200 3989 ὅμοιον
1244 3923 1277 3995 ἢ
1327 3901 1524 3980 καῖ’-τὸ
1568 3901 1821 4001 ἀνόμοιον

230 3995 428 4067 ἑτέρας
465 4001 581 4055 ἐστὶ
606 4007 944 4077 κατηγορίας
983 4010 1103 4081 ἦτοι
1141 4012 1478 4086 διαιρέσεως.
1509 3995 1681 4074 Πόθεν
1709 4023 1816 4077 τοί-

227 4105 327 4183 νυν
356 4090 483 4183 ύμῖν
504 4094 612 4148 ἀπὸ
631 4097 726 4150 τοῦ
752 4098 998 4169 μείζονος
1022 4105 1115 4157 ἐπὶ
1133 4106 1195 4159 τὸ
1215 4108 1400 4178 ὅμοιον
1424 4112 1457 4183 ή
1482 4112 1817 4183 μετάϐασις;

228 4181 327 4232 καὶ
438 4182 719 4253 ἐλάττονος
761 4190 880 4262 ήτοι
907 4194 1002 4247 τοῦ
1032 4197 1278 4266 μείζονος
1304 4200 1404 4272 τὴν
1434 4181 1699 4274 πρότασιν
1729 4181 1818 4274 eg;

228 4271 565 4367 υφαίνοντες,
612 4278 925 4351 ἐτερογενὲς
982 4287 1266 4359 είσφέρετε
1309 4271 1371 4345 τὸ
1423 4271 1815 4367 συμπέρασμα,

226 4359 511 4455 λέγοντες·
548 4366 611 4419 Ei
642 4368 881 4426 ἐλάττων
915 4374 1065 4428 ἐστὶν
1103 4378 1131 4429 6
1166 4378 1295 4443 Υἱὸς
1326 4380 1420 4434 τοῦ
1460 4359 1693 4455 [inp-6c,
1720 4359 1820 4440 6v;

224 4451 415 4551 όμοιος
445 4455 554 4527 ἄρα
573 4476 586 4489 ·
620 4460 792 4533 ἐχρῆν
820 4464 929 4537 γάρ
956 4467 1159 4537 μᾶλλον
1182 4472 1378 4538 εἰπεῖν,
1405 4474 1506 4529 οὐκ
1539 4451 1654 4541 ἴσος
1685 4479 1816 4551 ἄρα,

224 4546 261 4620 ἢ
289 4548 351 4600 οὐ
389 4550 641 4617 τοσοῦτος
669 4555 797 4627 ἄρα,
832 4558 920 4612 ἵνα
954 4561 1029 4633 μὴ
1069 4563 1234 4618 πάλιν
1262 4567 1496 4636 ἀμαθεῖς
1533 4571 1686 4635 ὄντες
1725 4546 1815 4637 ἒξ-

224 4640 633 4716 ελεγχθήσησθε
667 4622 745 4720 τῶ
772 4667 833 4703 τε
855 4622 1060 4723 μείζονι
1078 4657 1171 4710 καὶ
1192 4657 1269 4730 τῷ
1292 4622 1535 4716 έλάττοννι
1567 4622 1815 4720 τδᾶοᾷξν
1844 4622 1895 4683 D

224 4733 600 4805 ἐπιφέροντες.
619 4742 693 4793 Οὐ
728 4744 839 4815 γάρ
873 4746 941 4801 τά
963 4748 1101 4819 πρός
1136 4751 1189 4804 τί
1216 4770 1334 4817 πως
1363 4753 1571 4826 ἔχοντα,
1598 4758 1734 4814 ἀλλὰ
1755 4760 1816 4814 τὸ

228 4826 415 4893 μεῖζον
442 4829 475 4899 ἢ
505 4830 726 4887 ἔλαττον
753 4837 1075 4893 ὑποκεῖσθαι
1100 4841 1178 4914 τῷ
1210 4845 1361 4917 ποσῷ
1386 4849 1815 4923 νενομοθέτηκεν

224 4918 260 5012 ή
300 4919 705 5012 ’ᾼριστοτέλους
731 4929 918 5002 τέχνη.
957 4934 1085 5007 Είδη
1126 4936 1183 4990 δὲ
1230 4939 1379 5011 αὐτῷ
1402 4918 1617 5012 τίθησιν
1650 4918 1812 5009 sm,

222 5010 484 5082 ἀριθμὸν,
517 5016 611 5070 καὶ
654 5018 833 5088 λόγον,
868 5024 967 5077 καὶ
1013 5029 1301 5102 γραμμὴν,
1334 5010 1429 5086 καὶ
1464 5010 1806 5104 ἐπιφάνειαν,

222 5104 323 5200 καὶ
352 5106 530 5178 σῶμα,
562 5113 659 5166 καὶ
697 5114 908 5186 χρόνον,
942 5119 1038 5173 καὶ
1069 5120 1253 5176 τόπον.
1288 5124 1481 5180 Μόνων
1523 5127 1813 5200 τοιγαροῦν

216 5196 333 5251 τῶν
369 5201 675 5273 εἰρημένων
705 5207 955 5280 δέχεσθαι
992 5212 1052 5267 τὸ
1082 5214 1249 5269 ποσὸν
1276 5218 1620 5287 πεφυκότων,
1647 5196 1813 5277 πόθεν

217 5291 405 5361 ὑμεῖς,
433 5287 478 5348 ὦ
506 5292 673 5363 οὗτοι,
706 5301 784 5372 τῷ
815 5304 1021 5374 μείζονι
1048 5307 1145 5361 καὶ
1167 5307 1246 5379 τῷ
1278 5310 1524 5364 ἐλάττονι
1551 5312 1613 5366 τὸ
1647 5315 1812 5367 ποσὸν

217 5384 513 5457 ἐπιφέρετε
539 5429 554 5453 ,
608 5392 781 5465 ἑτέρῳ
826 5396 977 5464 γένει
1030 5398 1204 5453 ταῦτα
1258 5400 1354 5455 τοῦ
1406 5404 1811 5473 Ἀριστοτέλους

218 5478 667 5548 ἀνατεθεικότος;
696 5486 915 5560 Ἐπειδὴ
949 5491 1127 5545 τοίνυν
1160 5494 1254 5547 τὸν
1284 5495 1528 5567 περὶτοῦ
1565 5496 1810 5567 μείζονος

219 5572 320 5624 καὶ
366 5574 461 5626 τοῦ
516 5576 800 5646 ἐλάττονος
848 5583 1194 5651 ἐξετάζοντες
1244 5588 1424 5658 λόγον,
1468 5591 1810 5657 ἀπαιδεύτως

217 5663 316 5714 ἐπὶ
352 5664 452 5735 τὴν
485 5668 579 5722 τοῦ
613 5672 801 5742 ὁμοίου
844 5678 938 5731 καὶ
969 5679 1226 5750 ἀνομοίου
1268 5684 1575 5754 παράθεσιν
1601 5685 1808 5753 ἐξεκλί-

220 5772 372 5823 νατε,
406 5758 686 5831 λέγοντες’
716 5768 780 5823 Εἰ
806 5769 1041 5826 ἐλάττων
1067 5774 1213 5827 ἐστὶν
1238 5777 1267 5830 6
1292 5776 1419 5840 Υἱὸς
1448 5776 1543 5830 τοῦ
1572 5778 1805 5850 [ἰατρὸς.

222 5854 477 5925 ἀνόμοιος
526 5860 666 5924 ἄρα’
718 5865 1089 5931 χαλεπωτέοω
1138 5869 1195 5925 δὲ
1244 5873 1405 5928 πάλιν
1455 5873 1807 5938 ἀπαιδευσίας

1923 3379 2307 3449 prolabantur,
2351 3383 2699 3452 nescientes,
2740 3388 2893 3457 juxta
2939 3390 3252 3445 Aristotelis
3302 3393 3500 3462 placita

1922 3484 2030 3538 quo
2058 3471 2157 3540 ipsi
2190 3472 2482 3542 plurimum
2511 3489 2632 3530 sese
2656 3475 2937 3545 jactitant,
2970 3479 3148 3535 simile
3175 3482 3290 3553 88
3316 3494 3371 3538 et
3397 3485 3509 3540 dis-

1922 3560 2098 3616 simile
2130 3578 2236 3618 non
2267 3563 2321 3618 in
2354 3564 2543 3621 eodem
2575 3581 2775 3638 genere
2802 3567 3084 3633 collocari,
3115 3571 3167 3625 in
3195 3588 3301 3640 quo
3332 3574 3506 3644 majus

1921 3659 1977 3705 et
2012 3652 2212 3708 minus.
2245 3652 2303 3709 Si
2339 3655 2556 3726 quidem
2594 3657 2768 3728 majus
2804 3668 2862 3714 et
2900 3659 3082 3715 minus
3117 3662 3341 3716 relativo
3389 3666 3505 3719 sive

1923 3741 1989 3795 ad
2024 3741 2229 3813 aliquid
2265 3745 2334 3801 ab
2366 3746 2433 3801 iis
2466 3746 2743 3804 dicuntur.
2776 3748 2966 3805 Simile
2997 3766 3126 3807 vero
3158 3761 3213 3807 et
3245 3754 3505 3809 dissimile

1921 3831 2147 3888 alterius
2172 3835 2382 3891 ordinis
2408 3836 2523 3892 sive
2551 3838 2959 3907 praedicamenti
2984 3852 3131 3897 sunt.
3160 3841 3313 3899 Unde
3340 3845 3505 3915 igitur

1925 3938 2019 3979 vos
2047 3924 2122 3979 ita
2150 3940 2181 3980 a
2208 3925 2412 3993 majore
2437 3928 2504 3983 ad
2533 3928 2710 3985 simile
2740 3932 3064 3990 transilitis?
3090 3945 3146 3990 et
3173 3951 3240 3991 ex
3268 3936 3501 4005 majore,

1920 4025 2034 4079 sive
2074 4026 2283 4080 minore
2312 4027 2737 4098 propositionem
2766 4030 3120 4099 deducentes,
3169 4033 3370 4089 diversi
3410 4052 3504 4106 ge-

1922 4116 2069 4173 neris
2098 4118 2504 4175 conclusionem
2534 4121 2771 4187 inl’ertis,
2802 4123 3047 4181 dicentes
3079 4142 3093 4180 :
3130 4123 3185 4180 Si
3218 4127 3394 4181 minor
3420 4138 3505 4183 est

1921 4209 2089 4265 Filius
2113 4210 2308 4280 Patre,
2340 4212 2619 4270 dissimilis
2645 4214 2842 4285 igitur;
2868 4231 2990 4271 cmn
3018 4218 3195 4288 potius
3220 4220 3293 4273 ita
3316 4220 3501 4275 diren-

1918 4302 2046 4358 dum
2080 4302 2247 4360 fuerit
2280 4324 2293 4359 :
2333 4304 2448 4362 Non
2479 4322 2609 4376 ergo
2639 4310 2896 4378 aequalis,
2928 4320 3021 4365 aut
3052 4326 3157 4366 non
3191 4321 3401 4381 tantus,
3435 4331 3502 4370 ne

1919 4394 2246 4465 imperitiam
2273 4408 2512 4454 vestram
2540 4401 2863 4471 proderetis,
2888 4417 2954 4457 ex
2982 4402 3188 4472 majore
3211 4414 3264 4459 et
3292 4406 3502 4463 minore

1918 4490 2275 4560 quantitatem
2310 4490 2624 4549 inferentes.
2668 4492 2855 4564 Neque
2881 4496 3027 4549 enim
3057 4510 3176 4567 qua:
3203 4497 3268 4552 ad
3292 4497 3496 4568 aliquid

1921 4591 2070 4644 sunt.
2102 4583 2196 4638 sed
2235 4582 2411 4653 majus
2446 4594 2502 4639 et
2537 4586 2742 4653 minus,
2775 4588 3066 4658 quantitati
3104 4590 3343 4659 subjecta
3377 4606 3498 4647 esse

1918 4675 2266 4731 Aristotelica
2290 4676 2574 4748 disciplina
2605 4680 2788 4736 tradit.
2816 4679 3039 4751 Species
3061 4691 3239 4737 autem
3268 4684 3343 4738 illi
3368 4700 3499 4740 con-

1917 4765 2092 4820 stituit
2125 4776 2331 4836 septem
2368 4787 2381 4823 :
2416 4784 2700 4824 numerum
2722 4810 2737 4837 ,
2771 4773 3109 4840 orationem,
3143 4774 3370 4842 lineam,
3405 4793 3498 4830 sn-

1918 4859 2213 4928 perliciem,
2240 4876 2460 4931 corpus,
2492 4873 2705 4935 tempus
2731 4875 2786 4921 et
2817 4864 3015 4921 locum.
3043 4866 3177 4922 Cum
3205 4869 3350 4923 enim
3384 4870 3496 4924 haec

1915 4949 2254 5007 solummodo
2278 4963 2540 5023 quantum
2569 4956 2857 5026 recipiant,
2886 4959 3154 5014 undenam
3180 4974 3275 5013 vos
3304 4959 3494 5029 majori

1916 5053 1970 5096 et
2014 5042 2210 5097 minori
2253 5055 2514 5112 quantum
2563 5047 2830 5114 tribuitis,
2876 5064 2999 5103 cum
3039 5048 3363 5105 Aristoteles
3406 5051 3493 5105 illa

1915 5134 2015 5187 sub
2044 5134 2149 5187 alio
2180 5150 2381 5205 genere
2407 5137 2678 5194 collocet?
2704 5138 2841 5194 Cum
2873 5139 3038 5211 igitur
3064 5155 3161 5196 vos
3192 5142 3414 5211 majoris
3440 5154 3496 5197 et

1917 5227 2142 5281 minoris
2172 5226 2433 5283 rationem
2466 5229 2885 5298 investigantes,
2923 5231 3174 5299 imperite
3203 5233 3267 5286 ad
3299 5233 3495 5288 similis

1914 5327 1963 5365 et
1996 5315 2276 5371 dissimilis
2305 5319 2767 5386 comparationem
2797 5321 3171 5388 devolvimini,
3196 5321 3446 5377 dicentes
3476 5344 3489 5377 :

1916 5407 1971 5462 Si
2016 5407 2187 5463 Filius
2229 5409 2409 5464 minor
2447 5421 2534 5465 est
2572 5410 2754 5475 Patre,
2796 5428 2927 5483 ergo
2966 5414 3131 5468 etiam
3172 5414 3491 5477 dissimilis;

1911 5503 2130 5573 gravius
2158 5503 2342 5557 statim
2369 5505 2589 5571 erratis,
2617 5506 2789 5573 majus
2818 5514 2871 5558 et
2904 5507 3085 5561 minus
3113 5506 3180 5560 ad
3210 5507 3489 5577 quantita-

1913 5604 2019 5647 tem
2062 5591 2395 5657 referentes,
2438 5608 2559 5648 cum
2599 5594 2780 5649 dicitis
2822 5613 2835 5649 :
2879 5594 2935 5650 Si
2978 5594 3148 5652 Filius
3188 5609 3273 5652 est
3317 5602 3492 5653 minor

1912 5684 2093 5753 Patre,
2130 5699 2261 5753 ergo
2302 5700 2407 5739 non
2447 5686 2689 5755 vqualis,
2731 5702 2905 5757 neque
2948 5698 3146 5746 tantus.
3188 5693 3322 5747 Cum
3362 5709 3489 5749 vero

1912 5793 2066 5833 mens
2092 5778 2245 5833 vobis
2273 5777 2415 5831 nulla
2447 5793 2512 5833 ex
2545 5788 2699 5848 parte
2731 5797 2861 5837 sana
2892 5784 2983 5849 sit,
3017 5784 3198 5841 inanis
3228 5786 3392 5840 etiam
3425 5800 3489 5840 ac

1912 5887 2048 5928 vana
2081 5881 2165 5926 est
2196 5880 2371 5926 vestra
2404 5873 2717 5942 propositio.
