3882 6210
352 340 459 396 ΗῚ
1348 344 1405 399 S.
1446 342 1727 399 CYRlLLl
1768 339 2237 395 ALEXANDRINI
2276 341 2597 397 ARCHIEP.
3526 349 3631 405 H8

351 462 659 533 ὶγκλήματι
690 460 1052 535 περιπίπτετε
1089 460 1230 516 κατὰ
1274 459 1368 513 τοῦ
1404 458 1650 529 μείζονος
1687 460 1902 514 καὶτοῦ
1945 459 2226 525 ἐλάττονος
2265 461 2326 514 τὸ
2352 461 2517 516 ποσὸν
2543 460 2807 531 τιθέντες,
2847 464 2977 518 ὅταν
3008 462 3233 536 λέγητε·
3286 467 3347 519 El
3390 466 3628 520 ἐλάττων

353 560 501 613 ἐστὶν
528 558 558 611 ὁ
586 558 715 622 Υίδς
742 557 837 612 τοῦ
876 560 1113 630 Πατρὸς,
1144 559 1245 612 οὐκ
1286 558 1402 622 ἴσος
1447 558 1577 629 ἄρα.
1607 558 1727 613 οὐδὲ
1784 557 2057 623 τοσοῦτος.
2077 558 2391 631 Οὑδαμόθεν
2456 560 2501 613 δ’
2526 560 2657 631 ὑμῖν
2704 558 3041 627 ὑγιαίνοντος
3100 556 3195 611 τοῦ
3217 557 3399 628 λόγου,
3425 559 3628 629 ματαία

353 651 573 715 πάντως
602 650 719 705 ἐστὶ
750 651 844 705 καὶ
872 649 1099 723 [κούφη]
1126 653 1159 722 ἡ
1190 650 1475 723 πρότασις.

1041 767 1253 824 ALIUD

359 878 560 934 Docem
604 881 1053 947 quon,proposito
1101 878 1302 949 majore
1340 890 1386 931 et
1433 880 1655 944 minore,
1699 882 1937 945 imperite

427 954 711 1002 admodum
739 950 1071 1019 iquualitas
1099 949 1381 1017 inferatur,
1410 966 1529 1003 cum
1549 949 1707 1019 juxta
1733 951 1940 1004 Aristo-

429 1020 543 1076 telis
574 1020 910 1088 disciplinam
940 1020 1164 1073 alterius
1194 1021 1260 1073 sit
1290 1022 1512 1087 generis.

426 1196 657 1251 Nomina
698 1212 819 1266 quae
856 1196 924 1251 ad
963 1194 1171 1265 aliquid
1207 1190 1370 1263 sunt,
1409 1207 1571 1266 atque
1610 1197 1684 1252 ita
1724 1199 1791 1253 ab
1834 1198 1940 1253 illis

358 1296 643 1354 vocantur,
666 1303 789 1343 cum
814 1288 1141 1342 Aristoteles
1162 1287 1391 1356 hujusce
1416 1288 1552 1344 artis
1578 1289 1829 1345 inventor
1846 1305 1940 1344 ex-

358 1380 544 1452 plicat,
573 1382 648 1437 ita
676 1380 866 1437 deﬁnit
894 1399 908 1436 :
941 1381 1025 1435 Ad
1048 1381 1272 1451 aliquid,
1301 1380 1507 1451 inquit,
1530 1392 1796 1437 vocantur
1818 1398 1940 1453 quae

357 1469 413 1524 id
441 1470 615 1540 ipsum
639 1470 783 1540 quod
810 1478 968 1534 sunt,
992 1469 1220 1524 aliorum
1245 1483 1366 1526 esse
1390 1471 1663 1540 dicuntur,
1690 1481 1785 1527 aut
1807 1488 1942 1543 quo-

357 1562 654 1618 modolibet
678 1561 841 1618 aliter
868 1564 935 1617 ad
966 1562 1111 1617 aliud
1141 1576 1156 1615 :
1189 1571 1245 1617 ut
1275 1563 1472 1634 majus,
1503 1565 1556 1620 id
1589 1566 1764 1635 ipsum
1795 1568 1942 1637 quod

357 1663 447 1709 est
479 1665 730 1724 respectu
760 1656 987 1711 alterius
1018 1671 1140 1711 esse
1169 1656 1391 1712 dicitur.
1423 1656 1491 1712 Et
1523 1658 1773 1729 duplum,
1798 1660 1941 1730 idip-

358 1761 477 1801 sum
511 1748 656 1815 quod
690 1756 804 1811 est,
840 1747 1071 1803 alterius
1103 1757 1187 1802 est
1221 1761 1237 1802 :
1272 1749 1505 1817 alicujus
1537 1750 1684 1805 enim
1718 1752 1939 1821 duplum

355 1838 580 1894 dicitur.
613 1838 748 1894 Cum
786 1840 949 1910 igitur
978 1842 1094 1895 haec
1125 1841 1197 1895 sit
1228 1855 1414 1896 eorum
1446 1842 1561 1914 89
1594 1858 1715 1913 quae
1745 1845 1813 1900 ad
1845 1845 1943 1899 ali-

355 1930 486 1997 quid
514 1942 640 1984 sunt
664 1930 928 1998 deﬁnitio,
955 1932 1140 1987 dicant
1166 1932 1323 1988 nobis
1350 1933 1468 1999 isti,
1496 1934 1586 2003 qui
1617 1934 1752 1990 nihil
1779 1951 1940 2005 quam

355 2022 703 2078 Aristotelem
732 2032 987 2091 crepant,
1004 2033 1056 2079 et
1087 2024 1437 2096 illiustpotius
1468 2025 1750 2096 disciplina
1778 2042 1940 2096 quam

1962 751 2010 809 Α

2732 746 2922 819 ἏΛΛΟ

2040 880 2338 934 ΔιδὰσκΟν
2365 880 2477 946 ὅτι,
2514 880 2911 949 προκειμένου
2942 879 3055 932 τοῦ
3078 879 3349 948 μείζονος
3384 898 3482 935 και
3518 882 3627 935 τοῦ

2112 950 2457 1014 ἐλάττονος,
2503 951 2875 1015 ἀπαιδεύτως
2925 949 2994 1003 τὸ
3037 950 3323 1020 ἀνόμοιον
3367 951 3627 1020 εἰσφέρε-

2112 1038 2206 1074 ται
2229 1061 2242 1083 ,
2301 1020 2641 1089 ἑτερογενὲρ
2703 1020 2777 1074 ὃν
2820 1020 2972 1074 κατὰ
3022 1021 3138 1090 τὴν
3178 1022 3627 1090 Ἀριστοτέλους

2111 1091 2355 1161 τέχνην.

2112 1204 2193 1257 Τὰ
2245 1204 2384 1276 πρός
2431 1222 2485 1257 τι
2527 1204 2719 1275 ἔχοντα
2750 1204 2862 1259 τῶν
2908 1206 3189 1276 ὀνομάτων
3221 1205 3365 1261 οὕτω
3396 1225 3457 1260 τε
3488 1208 3629 1277 παρ’

2042 1290 2273 1354 ἐκείνοις
2299 1290 2629 1362 καλούμενα,
2655 1294 2866 1365 φανερά
2894 1293 3168 1348 καθιστῶν
3191 1298 3219 1349 ὁ
3246 1300 3345 1366 τῆς
3373 1297 3627 1368 τοιαύτης

2041 1384 2237 1456 τέχνης
2275 1385 2505 1456 εὑρετὴς
2540 1385 2936 1456 Ἀριστοτέλης,
2981 1385 3223 1439 τοιοῦτον
3271 1387 3490 1458 ἐκφέρει
3537 1388 3629 1440 τὸν

2041 1478 2166 1549 ὅρον
2188 1494 2203 1509 ·
2237 1476 2381 1547 Πρός
2402 1496 2453 1529 τι
2484 1477 2539 1529 δὲ
2562 1476 2630 1530 τὰ
2663 1477 2889 1530 τοιαῦτα
2921 1477 3162 1546 λέγεται,
3197 1480 3297 1533 ὅσα
3325 1479 3465 1532 αὐτὰ
3485 1478 3629 1549 ἅπερ

2043 1571 2215 1633 ἐστὶν,
2244 1569 2449 1641 ἑτέρων
2486 1563 2628 1621 εἶναι
2672 1569 2890 1637 λέγεται
2922 1570 2954 1640 ἢ
2990 1569 3242 1623 ὁπωσοῦν
3277 1568 3451 1631 ἄλλως
3494 1570 3631 1638 πρὸς

2042 1659 2263 1731 ἕτερον’
2299 1652 2410 1712 οἷον
2460 1658 2522 1711 τὸ
2565 1657 2750 1728 μεῖζον
2796 1656 2943 1710 τοῦθ’
2969 1658 3105 1727 ὅπερ
3138 1656 3285 1708 ἐστὶν
3320 1654 3505 1725 ἐτέρου
3545 1653 3631 1705 λέ-

2044 1768 2223 1820 γεται.
2251 1751 2362 1805 Καὶ
2405 1751 2466 1804 τὸ
2508 1749 2793 1804 διπλάσιον
2840 1748 3030 1819 ἑτέρου
3081 1747 3298 1815 λέγεται
3328 1745 3472 1799 τοῦθ’
3492 1746 3633 1814 ὅπερ

2044 1842 2161 1896 ὲστί
2181 1857 2196 1872 ο
2223 1841 2367 1905 τινὸς
2392 1842 2501 1912 γὰρ
2528 1841 2810 1895 διπλάσιον
2847 1839 3089 1909 λέγεται.
3112 1837 3313 1891 Τοῦτον
3340 1837 3633 1907 τοιγαροῦν

2045 1933 2278 2005 ἐχόντων
2303 1933 2413 1987 τῶν
2441 1932 2577 2002 πρός
2604 1950 2657 1986 τι
2700 1932 2793 1986 τὸν
2836 1933 2980 2003 ὅρον,
3017 1932 3382 1986 δεικνύτωσαν
3417 1932 3549 2001 ἡμῖν
3580 1929 3635 1981 οἱ

2043 2026 2147 2097 τὴν
2179 2024 2584 2096 Ἀριστοτέλους
2609 2023 2960 2096 ἐρευγόμενοι
2987 2023 3202 2094 τέχνην,
3232 2022 3325 2075 καὶ
3350 2022 3461 2084 τοῖς
3488 2022 3633 2072 ἐκεῖ·

356 2132 635 2173 sacrarum
682 2117 1093 2187 Scripturarum
1137 2120 1447 2192 cognitione
1485 2134 1610 2175 sese
1644 2120 1936 2188 jactitant,

2048 2118 2134 2172 θεν
2160 2118 2502 2191 μαθήμασιν,
2530 2118 2591 2171 οὐ
2625 2120 2738 2183 τοῖς
2780 2117 2889 2172 ἀπὸ
2915 2118 3015 2189 τῆς
3053 2116 3206 2181 θείας
3244 2115 3469 2187 Γραφῆς
3512 2116 3626 2167 ἐαυ-

353 2225 425 2264 an
459 2208 640 2265 simile
680 2210 733 2264 id
766 2210 944 2281 ipsum
991 2211 1134 2280 quod
1168 2220 1252 2265 est
1292 2211 1518 2268 alterius
1547 2213 1647 2279 sit,
1682 2214 1941 2282 quemad-

355 2301 575 2356 modum
622 2303 800 2374 majus
842 2312 897 2359 et
946 2303 1189 2374 duplum.
1237 2304 1541 2376 Opponitur
1580 2308 1725 2361 enim
1774 2308 1938 2363 simili

354 2392 647 2458 dissimile,
666 2394 809 2449 sicut
834 2394 1045 2461 majori,
1074 2397 1280 2463 minus;
1309 2398 1402 2452 sed
1431 2412 1536 2453 non
1561 2400 1750 2454 eodem
1780 2401 1941 2455 modo

355 2493 521 2554 atque
548 2487 777 2541 ratione.
805 2485 978 2557 Majus
1005 2486 1153 2542 enim
1188 2488 1386 2543 dicitur
1413 2498 1474 2544 ut
1502 2490 1711 2545 minore
1741 2492 1937 2562 majus.

356 2572 546 2629 Simile
574 2582 755 2629 autem
785 2591 1067 2647 nunquam
1099 2577 1349 2634 dissimili
1380 2581 1556 2650 majus
1582 2582 1816 2649 dicitur,
1847 2599 1941 2640 ne-

355 2680 461 2733 que
492 2667 947 2736 quemadmodum
976 2668 1173 2740 majus,
1202 2671 1298 2740 qui
1326 2672 1634 2743 oppositum
1663 2687 1820 2727 suum
1850 2691 1941 2728 su-

355 2763 543 2824 perat,
585 2766 669 2811 est
715 2758 767 2811 id
809 2760 956 2827 quod
1001 2775 1125 2815 esse
1167 2761 1402 2829 dicitur;
1445 2762 1523 2818 ita
1560 2764 1769 2829 simile,
1811 2769 1938 2834 quia

356 2844 533 2914 majus
567 2857 652 2902 est
685 2847 975 2915 dissimili,
1009 2851 1113 2907 hoc
1147 2855 1292 2923 quod
1325 2864 1412 2911 est
1442 2870 1565 2912 esse
1599 2859 1935 2914 censebitur.

358 2938 563 2995 Diversi
602 2940 770 3012 igitur
803 2944 1019 3013 generis
1057 2960 1280 3015 prorsus
1315 2957 1376 3003 ut
1412 2948 1523 3004 sint
1558 2965 1780 3006 necesse
1819 2961 1936 3017 est,

354 3046 477 3099 qua:
501 3033 758 3090 eamdem
777 3035 1098 3093 divisionem
1124 3039 1604 3113 deﬁnitionemque
1630 3058 1736 3099 non
1764 3046 1939 3101 susci-

354 3134 526 3191 piunt.

1035 3243 1264 3302 ALIUD;

427 3349 654 3407 Nomina
685 3368 807 3422 quae
837 3356 903 3410 ad
935 3355 1137 3430 aliquid
1169 3369 1331 3428 sunt,
1366 3372 1458 3419 aut
1487 3379 1813 3435 quacunque
1843 3380 1936 3420 ra-

2040 2210 2168 2274 τοὺς
2214 2208 2709 2280 ἀποσεμνύνοντες,
2739 2208 2788 2260 εἰ
2837 2208 2933 2261 καὶ
2980 2206 3041 2260 τὸ
3088 2207 3276 2277 ὅμοιον
3320 2202 3463 2257 τοῦθ’
3493 2203 3635 2272 ὅπερ

2040 2304 2191 2358 ἐστὶν
2228 2302 2417 2375 ἐτέρου
2446 2302 2687 2371 λέγεται,
2719 2300 2973 2372 καθάπερ
3004 2294 3189 2353 καὶτὸ
3217 2298 3400 2370 μεῖζον
3442 2296 3537 2349 καὶ
3572 2296 3635 2348 τὸ

2040 2398 2342 2452 διπλάσιον.
2361 2396 2686 2449 Ἀντίκειται
2720 2394 2819 2465 μὲν
2843 2393 2952 2464 γὰρ
2974 2391 3053 2463 τῷ
3075 2391 3247 2463 ὁμοίῳ
3269 2389 3331 2443 τὸ
3354 2388 3637 2459 ἀνόμοιον,

2041 2489 2229 2560 ὥσπερ
2262 2489 2358 2542 καὶ
2402 2486 2481 2557 τῷ
2520 2485 2731 2557 μείζονι
2762 2483 2825 2538 τὸ
2874 2484 3119 2545 ἔλαττον,
3163 2481 3280 2535 ἀλλ’
3310 2479 3409 2549 οὐχ
3456 2477 3635 2541 οὕτως

2040 2581 2160 2635 οὐδὲ
2193 2580 2480 2644 ὡσαύτως.
2510 2578 2584 2633 Τὸ
2621 2579 2720 2649 μὲν
2746 2577 2856 2649 γὰρ
2884 2577 3069 2647 μεῖζον
3098 2575 3173 2639 ὡς
3198 2574 3478 2636 ἐλάττονος
3515 2574 3617 2641 μεῖ-

2040 2673 2133 2738 ζον
2161 2673 2400 2742 λέγεται.
2429 2671 2503 2724 Τὸ
2529 2671 2587 2724 δὲ
2612 2672 2799 2739 ὅμοιον
2828 2670 2930 2723 οὐκ
2961 2669 3031 2723 ἂν
3062 2667 3138 2732 ὡς
3165 2666 3421 2737 ἀνομοίου
3445 2663 3637 2736 μεῖζον

2038 2762 2258 2833 λεχθείη
2295 2761 2450 2827 ποτὲ,
2495 2760 2616 2815 οὐδὲ
2636 2761 2827 2829 ὥσπερ
2852 2759 2912 2812 τὸ
2936 2758 3122 2827 μεῖξον
3146 2758 3232 2811 διὰ
3257 2756 3318 2809 τὸ
3338 2755 3637 2825 ὑπερέχειν

2039 2853 2134 2908 τοῦ
2199 2853 2577 2923 ἀντικειμένου
2615 2851 2777 2906 τοῦτό
2815 2851 2967 2904 ἐστιν
3012 2851 3150 2920 ὅπερ
3192 2845 3331 2901 εἶναι
3371 2847 3633 2915 λέγεταιο

2039 2946 2182 3000 οὕτω
2207 2945 2303 2999 καὶ
2339 2944 2402 2999 τὸ
2438 2947 2625 3016 ὅμοιον
2658 2945 2746 2998 διὰ
2787 2944 2848 2997 τὸ
2891 2942 3075 3014 μεῖζον
3099 2938 3352 2996 εἷναιτοῦ
3374 2939 3637 3010 ἀνομοίου

2039 3036 2366 3107 νοηθήσεται
2407 3036 2584 3090 τοῦτο.
2610 3034 2820 3089 Οὐκοῦν
2843 3034 3132 3107 ἑτερογενῆ
3154 3032 3367 3096 πάντως
3387 3031 3540 3084 ἔσται
3562 3031 3635 3085 τὰ

2038 3131 2137 3201 τὴν
2161 3130 2337 3202 αὐτὴν
2352 3128 2616 3201 διαίρεσίν
2636 3147 2697 3184 τε
2720 3129 2814 3183 καὶ
2838 3130 2965 3201 ὅρον
2986 3130 3088 3182 οὐκ
3111 3126 3495 3196 ὲπιδεχόμενα.

2739 3243 2948 3298 ΛΛΛΟ.

2109 3356 2189 3410 Τὰ
2226 3355 2362 3427 πρός
2400 3374 2453 3410 τι
2491 3354 2684 3427 ἔχοντα
2717 3354 2828 3408 τῶν
2871 3352 3233 3424 ὀνομάτων,ἢ
3277 3352 3369 3405 καὶ
3396 3352 3543 3414 ὅπως
3563 3349 3632 3421 δή

354 3445 501 3499 tione
532 3457 778 3517 respectu
811 3448 1035 3508 alterius
1066 3452 1343 3522 dicuntur,
1373 3457 1539 3513 simul
1570 3469 1623 3514 et
1652 3459 1931 3516 intellectu

2048 3444 2271 3502 ποτόὗν
2307 3448 2444 3519 πρὸς
2484 3448 2673 3518 ἕτερόν
2714 3466 2768 3500 τι
2806 3446 3101 3518 λεγόμενα,
3124 3446 3242 3515 ἅμα
3284 3445 3401 3497 ἐστὶ
3432 3444 3528 3497 καὶ
3560 3447 3631 3515 τῇ

352 3548 407 3590 et
442 3549 631 3593 natura
667 3551 828 3608 sunt,
868 3552 926 3599 ut
963 3546 1199 3616 exempli
1235 3548 1443 3619 gratia,
1481 3550 1702 3621 duplum
1736 3561 1790 3608 et
1824 3568 1940 3607 ma-

353 3645 541 3697 gnum.
572 3631 802 3702 Duplum
831 3635 975 3692 enim
1002 3638 1228 3694 omnino
1253 3654 1435 3696 secum
1466 3642 1674 3698 inducit
1700 3644 1752 3699 id
1781 3644 1938 3714 cujus

350 3730 436 3774 est
462 3722 705 3793 duplum,
729 3734 785 3781 et
810 3742 1067 3799 magnum
1094 3744 1279 3787 secum
1305 3732 1470 3788 etiam
1499 3732 1658 3789 aﬂ’ert
1684 3750 1935 3805 parvum,

352 3813 511 3883 cujus
544 3822 952 3887 comparatione
985 3830 1072 3877 est
1108 3836 1385 3895 magnum.
1423 3824 1612 3896 Neque
1647 3828 1794 3883 enim
1829 3830 1938 3884 erit

351 3909 573 3980 duplum
600 3926 707 3967 non
734 3913 1035 3969 exsistente
1062 3916 1239 3971 medio
1267 3935 1282 3972 :
1310 3932 1489 3987 neque
1515 3936 1769 3989 magnum
1788 3963 1804 3987 ,
1831 3922 1935 3977 nisi

353 4010 623 4056 statuatur
643 4002 860 4073 aliquod
881 4018 1129 4075 parvum.
1156 4004 1282 4062 Haec
1306 4017 1391 4063 est
1418 4009 1582 4077 igitur
1603 4024 1789 4065 eorum
1815 4026 1936 4081 quae

353 4092 422 4144 ad
455 4093 661 4163 aliquid
693 4103 819 4149 sunt
852 4094 1127 4163 deﬁnitio;
1166 4097 1343 4152 simile
1371 4112 1503 4154 vero
1540 4114 1646 4155 non
1683 4116 1938 4157 necessa-

352 4186 436 4239 rio
480 4200 587 4240 una
628 4200 751 4242 cum
795 4187 1044 4243 dissimili
1094 4188 1439 4259 intelligitur,
1479 4194 1933 4261 quemadmodum

353 4278 474 4341 illa,
508 4278 652 4334 sicut
683 4292 861 4349 neque
886 4278 1094 4347 justum
1128 4294 1250 4334 cum
1291 4280 1519 4349 iniusto,
1553 4298 1728 4353 neque
1763 4285 1934 4340 virtus

352 4387 475 4425 cum
510 4371 665 4427 vitio.
704 4371 838 4426 Nam
882 4371 1148 4441 ejusmodi
1190 4373 1525 4443 privationes
1566 4376 1745 4445 potius
1785 4388 1932 4444 sunt,

350 4475 406 4518 et
433 4479 621 4519 eorum
652 4481 771 4535 quae
803 4468 856 4520 in
892 4466 1079 4522 habitu
1108 4468 1412 4523 consistunt
1441 4472 1804 4536 mutationes,
1839 4488 1933 4526 ne-

350 4570 456 4625 que
489 4557 943 4626 quemadmodum
979 4574 1040 4613 ea
1077 4574 1199 4628 quae
1230 4561 1298 4616 ad
1337 4560 1543 4630 aliquid
1577 4572 1730 4628 sunt,
1768 4562 1932 4635 simul

349 4665 475 4703 cum
510 4649 625 4704 suis
657 4651 923 4719 oppositis
956 4650 1351 4725 intelliguntur.
1384 4654 1593 4710 Similis
1628 4656 1771 4709 enim
1813 4672 1931 4710 mu-

351 4742 484 4794 tatio
513 4739 758 4810 quaedam
788 4750 876 4796 est
904 4742 1198 4808 dissimile,
1224 4742 1451 4811 iustitia:
1477 4760 1607 4800 vero
1641 4746 1928 4817 injustitia.

2044 3540 2226 3611 νοήσει
2264 3541 2357 3592 καὶ
2394 3542 2457 3611 τῇ
2500 3538 2694 3609 φύσει’
2740 3533 2852 3592 οἷον
2876 3539 3007 3611 φέρε
3050 3539 3243 3602 εἰπεῖν,
3269 3537 3328 3590 τὸ
3350 3536 3634 3590 διπλάσιον

2044 3632 2137 3684 καὶ
2182 3631 2243 3683 τὸ
2284 3630 2445 3701 μέγα.
2470 3631 2544 3685 Τὸ
2586 3630 2686 3701 μὲν
2729 3630 2839 3702 γὰρ
2886 3630 3187 3691 διπλάσιον,
3214 3631 3634 3700 συνεισφέρειτι

2043 3720 2261 3783 πάντως
2301 3719 2479 3791 ἑαυτῷ
2522 3712 2584 3773 οὗ
2626 3721 2721 3773 καὶ
2759 3720 2875 3773 ἐστὶ
2918 3720 3218 3785 διπλάσιον,
3246 3720 3339 3773 καὶ
3383 3718 3442 3771 τὸ
3486 3719 3634 3788 μέγα

2044 3812 2366 3865 συνεισοίσει
2405 3811 2623 3876 πάντως
2668 3810 2849 3882 ἑαυτῷ
2872 3811 2933 3865 τὸ
2968 3811 3163 3882 μικρὸν
3194 3812 3329 3882 πρὸς
3354 3811 3382 3863 ὃ
3414 3811 3510 3864 καὶ
3542 3810 3635 3862 λέ-

2043 3918 2197 3969 γεται
2231 3902 2392 3971 μέγα.
2430 3902 2504 3953 Οὐ
2535 3900 2644 3972 γὰρ
2678 3902 2743 3954 ἂν
2788 3902 2873 3970 εἴη
2925 3900 3223 3965 διπλάσιον,
3257 3900 3482 3971 ἡμίσεος
3526 3901 3636 3953 οὐκ

2042 3993 2215 4059 ὄντος,
2250 3993 2364 4046 ἀλλ’
2391 3993 2510 4047 οὐδὲ
2554 3995 2716 4065 μέγα,
2754 3993 2954 4066 μικροῦ
3001 3992 3080 4065 μὴ
3126 3994 3414 4064 νοουμένου
3460 3994 3631 4055 τινος.

2042 4086 2124 4139 Τὰ
2160 4088 2257 4157 μὲν
2287 4081 2380 4139 οὖν
2415 4086 2552 4156 πρός
2598 4104 2650 4139 τι
2677 4086 2866 4140 τοῦτον
2912 4086 3026 4159 ἔχει
3067 4087 3159 4140 τὸν
3205 4088 3357 4157 ὅρον·
3386 4086 3447 4139 τὸ
3475 4085 3532 4138 δέ
3572 4101 3635 4153 ει

2042 4181 2226 4251 ὅμοιον
2275 4180 2375 4233 οὐκ
2425 4178 2485 4246 ἐξ
2532 4178 2782 4250 ἀνάγκης
2826 4178 2945 4250 ἅμα
2990 4179 3066 4251 τῷ
3121 4179 3353 4250 ἀνομοίῳ
3398 4180 3631 4237 νοεῖται,

2043 4275 2295 4345 καθάπερ
2342 4275 2590 4329 κάκεῖνα·
2628 4273 2818 4346 ὥσπερ
2856 4275 2977 4328 οὐδὲ
3019 4273 3083 4327 τὸ
3130 4275 3337 4328 δίκαιον
3384 4272 3500 4342 ἅμα
3548 4271 3635 4340 τῷ

2040 4368 2235 4438 ἀδίκῳ,
2272 4367 2464 4439 οὐδὲή
2514 4368 2684 4439 ἀρετὴ
2734 4367 2848 4438 ἅμα
2894 4370 2963 4439 τῇ
3014 4368 3201 4439 κακίᾳ.
3234 4368 3316 4421 Τὰ
3365 4367 3466 4436 μὲν
3517 4366 3633 4438 γὰρ

2038 4460 2262 4514 τοιαῦτα
2292 4461 2577 4531 στερήσεις
2613 4460 2811 4532 μᾶλλόν
2841 4463 2947 4515 εἰσι
2995 4461 3090 4514 καὶ
3131 4460 3397 4531 ἐκτροπαὶ
3426 4458 3533 4511 τῶν
3568 4459 3635 4510 ἐν

2039 4552 2149 4618 Ege:
2178 4553 2466 4623 κειμένων,
2491 4553 2552 4605 οὐ
2588 4551 3037 4625 συνεισφέρεσθαι
3071 4553 3286 4615 πάντως
3317 4550 3630 4620 ὀφείλοντα,

2041 4645 2291 4714 καθάπερ
2322 4646 2414 4698 καὶ
2443 4647 2535 4699 ἐπὶ
2564 4645 2673 4698 τῶν
2714 4647 2851 4717 πρός
2895 4663 2949 4699 τι
2995 4644 3064 4699 τὰ
3110 4643 3482 4714 ἀντικείμενα.
3515 4644 3633 4697 Τοῦ

2041 4735 2143 4807 μὲν
2172 4735 2281 4806 γὰρ
2309 4734 2495 4806 ὁμοίου
2525 4737 2768 4806 ἐκτροπή
2798 4736 2881 4800 τίς
2910 4737 3026 4789 ἐστι
3054 4734 3114 4788 τὸ
3141 4734 3412 4804 ἀνόμοιον,
3440 4736 3539 4804 τῆς
3566 4733 3634 4787 δὲ

349 4833 485 4890 Cum
522 4848 685 4900 vero,
721 4832 875 4903 juxta
919 4832 1135 4889 illorum
1176 4834 1552 4905 disciplinam,
1596 4836 1932 4905 privationes

2048 4828 2382 4899 ῑικαιοσύνης
2429 4830 2462 4899 ὴ
2507 4829 2709 4882 ἀδικία.
2729 4827 2947 4899 Ἐπειδὴ
2976 4827 3053 4891 δὲ,
3086 4827 3226 4880 κατὰ
3263 4826 3359 4898 τὴν
3399 4828 3635 4879 ἐκείνων

351 4925 625 4980 habilibus
655 4926 765 4981 sint
793 4926 1143 4994 posteriores,
1176 4942 1284 4982 non
1315 4929 1422 4982 erit
1453 4926 1635 4999 itaque
1665 4929 1934 4985 dissimile

2048 4922 2251 4992 τέχνην,
2285 4922 2343 4973 αἱ
2372 4922 2657 4993 στερήσεις
2688 4920 2798 4973 τῶν
2826 4918 2992 4984 ἕξεων
3018 4918 3289 4990 δεύτεραι,
3313 4918 3413 4971 οὑκ
3444 4917 3511 4970 ἂν
3537 4919 3632 4988 εἴη

350 5033 415 5073 ex
445 5018 514 5074 iis
538 5033 659 5090 qua:
686 5034 791 5074 una
822 5018 1217 5091 intelliguntur,
1245 5035 1370 5075 cum
1398 5023 1580 5092 potius
1603 5023 1674 5077 sit
1701 5023 1933 5094 privatio

350 5119 407 5164 et
436 5111 665 5167 mutatio
694 5110 909 5166 similis.

1028 5225 1256 5282 ALIUD.

420 5336 708 5392 Nomiuum
738 5354 856 5408 qua:
885 5338 951 5391 ad
983 5339 1183 5408 aliquid
1212 5350 1369 5405 sunt,
1398 5341 1628 5396 alterum
1662 5343 1924 5413 quodam-

352 5431 514 5483 modo
544 5428 597 5483 iu
631 5428 802 5483 altero
830 5444 949 5485 esse
978 5446 1137 5484 suum
1170 5432 1353 5497 habet,
1386 5444 1439 5485 et
1469 5437 1682 5489 sublato
1712 5452 1819 5492 uno
1848 5435 1927 5492 al-

352 5532 525 5576 terum
565 5523 728 5577 etiam
768 5522 973 5579 interit.
1014 5523 1480 5589 Quemadmodum
1519 5528 1681 5597 igitur
1718 5529 1931 5584 sublato

353 5614 580 5683 Inajorc,
625 5613 830 5668 tollitur
869 5614 1033 5669 etiam
1080 5616 1289 5681 minus;
1338 5633 1516 5687 neque
1560 5620 1702 5674 enim
1750 5622 1930 5676 minus

2034 5013 2144 5067 τῶν
2182 5014 2299 5083 ἅμα
2332 5013 2634 5080 νοουμένων
2686 5012 2747 5065 τὸ
2776 5012 3049 5082 ἀνόμοιον,
3086 5010 3338 5083 στέρησις
3386 5010 3480 5064 καὶ
3529 5012 3633 5062 ἐκ-

2035 5103 2214 5174 τοοπὴ
2246 5101 2341 5155 τοῦ
2378 5102 2562 5173 ὁμοίου
2597 5102 2886 5172 τυγχάνον.

2727 5222 2932 5276 AAAO.

2114 5342 2196 5395 Τά
2230 5342 2364 5412 πρός
2396 5357 2448 5393 τι
2474 5340 2665 5409 ἔχοντα
2700 5339 2809 5395 τῶν
2835 5339 3120 5411 ὀνομάτων
3147 5356 3258 5393 οιον
3285 5340 3343 5393 ὲν
3369 5338 3633 5411 ἀλλήλοις

2034 5434 2149 5505 ἔχει
2175 5433 2237 5487 τὸ
2264 5429 2425 5495 εἶναι,
2477 5432 2571 5485 καὶ
2593 5433 2711 5495 ἑνὸς
2740 5432 3119 5504 ἀναιρεθέντος
3143 5434 3243 5487 οὐκ
3266 5431 3382 5486 ἔστι
3410 5434 3477 5486 τὸ
3502 5433 3633 5487 δεύ-

2036 5542 2216 5596 τερον.
2244 5525 2459 5594 Ὥσπερ
2501 5520 2596 5578 οὖν
2640 5524 2734 5577 καὶ
2777 5524 3161 5593 ἀναιρεθέντος
3203 5526 3298 5580 τοῦ
3349 5524 3627 5596 μείζονος,

2037 5618 2445 5688 συναναιρεῖται
2470 5615 2689 5679 πάντως
2706 5616 2768 5669 τὸ
2793 5615 3012 5671 ἔλαττον
3033 5634 3047 5647 ⁸
3078 5618 3140 5670 οὐ
3170 5617 3277 5689 γὰρ
3305 5616 3371 5671 ἂν
3398 5616 3633 5670 ἔλαττον

355 5704 559 5771 aliquid
604 5702 789 5770 fuerit,
832 5704 936 5759 nisi
978 5706 1208 5760 exsistat
1250 5708 1444 5777 majus,
1485 5709 1636 5776 cujus
1682 5720 1930 5779 respectu

2048 5709 2120 5777 εἴη
2155 5727 2229 5771 τι,
2271 5708 2347 5779 μὴ
2379 5709 2531 5773 ὖντος
2568 5709 2832 5779 μείζονος,
2868 5704 2930 5763 οὗ
2962 5709 3058 5763 καὶ
3086 5709 3233 5762 ἔστιν
3277 5709 3522 5762 ἔλαττον.
3559 5710 3630 5761 Εἰ

353 5810 539 5851 minus
565 5804 665 5850 est.
696 5794 749 5849 Si
778 5811 906 5864 ergo
934 5796 1107 5853 simile
1134 5798 1372 5870 ejusdem
1412 5803 1627 5873 generis
1657 5817 1774 5859 esse
1802 5818 1923 5862 cum

2030 5801 2211 5857 τοίνυν
2240 5802 2499 5872 ὁμογενὲς
2520 5798 2655 5857 εἷναί
2678 5818 2813 5873 φατε
2844 5804 2954 5865 τοῖς
2976 5803 3107 5873 πρὸς
3131 5821 3182 5856 τι
3209 5804 3301 5857 καὶ
3328 5802 3387 5857 τὺ
3409 5803 3629 5869 ὅμοιον,
