3882 6210
212 398 317 455 149

1628 382 2070 441 TllESAURUS.

3362 383 3461 439 150

211 516 493 589 ἀναιρεθὲν
524 515 704 579 αὑτὸν,
739 511 1129 585 συναναιρείτω
1153 512 1213 564 τὸ
1252 510 1522 581 ἀνόμοιον,
1558 508 1653 561 καὶ
1680 525 1800 561 συν-

1913 501 2212 556 nomiuibus
2241 516 2359 570 qum
2388 502 2454 556 ad
2484 501 2685 570 aliquid
2714 511 2839 555 sunt
2871 500 3123 567 censetis,
3150 501 3361 556 sunlato
3390 507 3462 557 si-

210 608 539 681 ἀναιρείσθω
591 608 755 663 πάλιν
809 606 1025 676 ἐκείνῳ.
1061 604 1199 657 Ἀλλ’
1248 603 1308 656 οὐ
1366 603 1788 671 συναναιρεῖται,

210 701 331 754 οὐδὲ
364 702 471 773 μὴν
499 702 742 772 ἀναιρεῖ·
784 699 936 763 ὄντος
965 699 1074 769 γάρ
1104 714 1249 760 τινος
1291 693 1600 765 ἀνθρώπου,
1631 692 1792 763 τυχὸν

210 800 367 852 ἔσται
397 815 449 852 τι
476 796 535 850 τὸ
558 794 810 865 ἀνόμοιον
840 790 987 862 αὐτῷ
1010 809 1021 821 ’
1044 790 1139 844 καὶ
1171 787 1549 859 ἀναιρεθέντος
1579 785 1675 840 τοῦ
1708 786 1794 839 ἀνο

212 893 426 963 ομοίου,
455 891 517 943 οὐ
549 888 953 958 συναναιρεῖται
994 884 1052 938 τὸ
1086 882 1170 947 6v,
1200 883 1476 936 τουτέστιν
1505 882 1534 934 6
1579 880 1789 951 ἄνθρω-

212 1000 337 1048 πος,
372 978 433 1037 οὗ
465 983 560 1036 καὶ
587 980 813 1049 γέγονεν
838 977 1092 1048 ἀνόμοιον
1117 976 1179 1029 τὸ
1202 974 1508 1045 ἀναιρεθέν.
1543 973 1657 1025 Οὐκ
1684 971 1792 1042 ἄρα

210 1078 324 1131 τῶν
369 1077 506 1148 πρὸς
537 1074 741 1145 ἄλληλα
787 1069 1096 1140 λεγομένων
1126 1067 1187 1121 τὸ
1227 1068 1410 1138 ὅμοιον
1448 1066 1539 1119 καὶ
1590 1065 1650 1118 τὸ
1700 1064 1793 1117 ἀν-

212 1168 419 1238 όμοιον.

902 1276 1105 1331 AAAO.

295 1394 422 1449 Ἐπὶ
460 1391 554 1447 τοῦ
588 1392 772 1463 ὁμοίου
824 1390 919 1445 καὶ
944 1391 1046 1460 τῆς
1072 1389 1274 1461 ἀρετῆς
1302 1388 1393 1442 καὶ
1421 1387 1530 1440 τῶν
1559 1387 1795 1440 ἀντικει-

216 1482 395 1554 μένων
438 1482 649 1547 τούτοις
684 1481 923 1552 χωρήσει
964 1480 1027 1532 τὸ
1072 1477 1273 1549 μᾶλλον
1316 1476 1412 1530 καὶ
1443 1471 1793 1547 ἦττον.”Εστι

212 1576 327 1646 γὰρ
369 1576 544 1629 εἰπεῖν
588 1575 648 1628 οὐ
691 1572 1020 1643 ψευδόμενον
1052 1570 1202 1624 τόνδε
1248 1569 1370 1623 τινὰ
1415 1569 1577 1638 τυχὸν
1609 1568 1792 1637 ὅμοιον

212 1667 371 1737 τῷδε,
389 1666 484 1721 καὶ
511 1660 672 1739 ἦττον
699 1664 733 1735 ἢ
767 1664 967 1735 μᾶλλον
993 1665 1195 1734 ὅμοιον,
1218 1662 1309 1714 καὶ
1336 1660 1535 1733 μᾶλλον
1561 1659 1791 1723 δίκαιον,

213 1759 312 1812 καὶ
342 1758 549 1812 δίκαιον
580 1752 765 1828 ἦττον.
783 1756 906 1810 Ἐπὶ
939 1755 1039 1827 μέν
1084 1772 1166 1808 τοι
1215 1753 1311 1807 τοῦ
1362 1751 1664 1823 μείζονοςῆ
1698 1752 1793 1804 καὶ

209 1851 308 1905 τοῦ
359 1849 657 1913 ἐλάττονος,
687 1846 1030 1908 διπλασίονός
1073 1862 1133 1899 τε
1182 1845 1276 1898 καὶ
1320 1844 1567 1914 ήμίσεος,
1601 1842 1698 1896 οὐκ
1727 1841 1792 1895 ἂν
1827 1876 1868 1930 Β

211 1945 361 1997 εἰποι
388 1959 495 2005 τις,
532 1939 731 2010 μᾶλλον
766 1937 1004 2009 μεῖζονῆ
1040 1936 1238 2007 μᾶλλον
1272 1935 1561 2005 ἑλαττον,ἢ
1597 1934 1794 2005 μᾶλλον

210 2028 496 2083 διπλάσιον
513 2027 547 2097 ἢ
574 2027 773 2099 μᾶλλον
797 2027 991 2096 ἥμισυ.
1010 2025 1359 2080 Ἀνεπίδεκτα
1380 2024 1487 2096 γὰρ
1508 2024 1601 2078 τοῦ
1627 2025 1794 2077 ποσοῦ

212 2122 285 2175 τά
328 2123 428 2193 τῆς
466 2121 754 2191 ποιότητος
795 2119 911 2191 είδη
944 2119 1033 2174 διὰ
1064 2120 1274 2173 πολλῶν
1304 2120 1702 2174 ἀποδέδεικται.
1734 2121 1795 2173 Εἰ

212 2215 395 2269 τοίνυν
419 2214 479 2270 τὸ
502 2216 688 2285 ὅμοιον
714 2214 809 2269 τοῦ
838 2212 1005 2269 ποοοῦ
1031 2213 1336 2286 χωρητικόν
1361 2215 1497 2278 ἐστι,
1526 2214 1619 2266 καὶ
1644 2214 1796 2284 δέχε-

212 2325 309 2361 ται
337 2307 397 2361 τὸ
430 2307 629 2379 μᾶλλον
656 2307 749 2361 καὶ
778 2306 839 2360 τὸ
871 2306 1111 2370 ἔλαττον,
1131 2307 1193 2359 οὐ
1215 2306 1517 2378 δεχομένων
1549 2308 1680 2360 αὐτὸ
1702 2306 1796 2361 τοῦ

212 2399 465 2467 ἡμίσεως
502 2398 598 2452 καὶ
630 2398 935 2464 διπλασίου,
969 2398 1065 2469 οὐχ
1093 2398 1350 2469 ὁμογενὲς
1378 2398 1485 2470 ἄρα
1519 2401 1629 2463 τοῖς
1663 2399 1799 2470 πρός

214 2490 271 2543 τί
306 2491 471 2546 ἐστιν.

900 2607 1103 2661 AAAO.

292 2716 368 2769 T6
394 2717 595 2789 μᾶλλον
624 2720 742 2789 ήτοι
770 2720 832 2773 τὸ
860 2721 1043 2792 μεῖζον
1076 2722 1327 2785 ὲπίτασίς
1357 2723 1473 2775 ἐστι
1506 2723 1600 2776 καὶ
1637 2722 1801 2791 ὑπερ-

212 2806 352 2879 ϐολή
400 2825 546 2873 τινος
588 2811 915 2882 πράγματος
963 2813 1365 2884 οίουδηποτοῦν,
1396 2816 1497 2867 οὐκ
1547 2815 1799 2885 ἀνομοίου

215 2900 367 2963 τινὸς
411 2900 508 2953 καὶ
553 2902 934 2972 ἀντικειμένου
983 2904 1212 2976 δήλωσιν
1260 2904 1395 2976 ἔχει.
1426 2906 1501 2959 Τὸ
1537 2905 1594 2959 δὲ
1618 2907 1801 2976 ὅμοιον

216 2992 321 3061 οὐχ
352 2991 544 3057 οὕτως.
572 2994 831 3067 Εἱσφέρει
863 2995 971 3066 γὰρ
1004 2996 1096 3050 τοῦ
1128 2999 1383 3069 ἀνομοίου
1411 2999 1509 3070 τὴν
1541 3000 1799 3071 ἔμφασιν.

222 3084 440 3148 ’Ἄλλως
468 3103 526 3138 τε
553 3085 630 3156 τῷ
655 3088 754 3157 μὲν
776 3088 1014 3160 ἀνομοίῳ
1046 3090 1303 3162 στέρησις
1332 3092 1633 3147 ἀκολουθεῖ.
1652 3096 1804 3149 Ἀπο-

1893 592 2029 655 mili,
2074 593 2259 646 interit
2302 593 2463 644 etiam
2510 602 2565 645 et
2609 591 2890 657 dissimile,
2933 592 3199 661 simulque
3242 604 3462 662 peream

1892 698 2112 737 necesse
2150 692 2253 737 est.
2291 682 2402 752 90
2438 680 2542 737 Sed
2580 698 2750 752 neque
2787 683 3137 749 interimitur,
3173 699 3347 753 neque
3385 684 3465 738 iu-

1894 773 2095 827 lerimit
2125 792 2139 827 :
2170 789 2290 827 cum
2320 775 2462 827 enim
2501 773 2702 842 aliquid
2733 776 2803 828 sit
2834 775 3014 837 homo,
3044 774 3147 828 erit
3174 774 3335 828 etiam
3369 774 3466 828 ali-

1849 875 1867 895 ·
1892 867 2017 934 quid
2049 866 2096 920 ei
2128 866 2413 928 dissimile,
2447 874 2500 918 et
2530 866 2743 919 sublato
2777 864 3049 928 dissimili,
3084 880 3191 919 non
3227 865 3369 934 perit
3396 866 3468 918 si-

1893 961 2003 1015 mul
2034 960 2084 1014 id
2112 962 2254 1029 quod
2282 969 2419 1022 erat,
2459 958 2560 1013 hoc
2593 966 2673 1013 est
2712 960 2895 1021 homo,
2942 958 3028 1011 cui
3060 957 3323 1012 dissimile
3350 967 3468 1011 erat

1892 1052 2034 1124 quod
2071 1053 2251 1123 periit.
2289 1051 2479 1105 Simile
2516 1051 2679 1119 igitur
2711 1061 2765 1104 et
2798 1049 3060 1105 dissimile
3095 1064 3201 1105 non
3239 1056 3366 1105 sunt
3401 1050 3465 1103 ad

1892 1142 2115 1214 aliquid.

2564 1252 2797 1310 ALIUD.

1967 1371 2041 1426 De
2068 1370 2228 1425 simili
2255 1380 2311 1423 et
2333 1369 2531 1423 virtute
2556 1380 2716 1437 atque
2748 1369 2940 1423 horum
2972 1368 3234 1439 oppositis
3268 1369 3469 1423 dicitur

1894 1463 2066 1531 magis
2111 1471 2153 1514 τι
2188 1462 2386 1515 minus.
2410 1459 2546 1514 Vere
2576 1460 2718 1513 enim
2756 1460 2861 1513 dici
2898 1470 3092 1528 potest,
3120 1461 3261 1515 hunc
3284 1460 3361 1515 illi
3394 1462 3468 1515 si-

1894 1551 2074 1606 milem
2107 1565 2255 1613 esse,
2286 1558 2339 1603 et
2376 1549 2557 1603 minus
2586 1558 2678 1602 aut
2710 1549 2881 1615 magis
2912 1548 3179 1615 similem,
3211 1560 3267 1605 et
3297 1553 3469 1619 magis

1895 1654 1989 1697 aut
2032 1644 2208 1698 minus
2263 1642 2491 1711 justum.
2525 1639 2589 1693 Et
2627 1641 2693 1694 de
2740 1642 2910 1712 magis
2981 1643 3142 1712 duplo
3180 1652 3235 1697 et
3296 1644 3471 1699 medio

1894 1733 1999 1788 dici
2046 1748 2149 1786 non
2192 1741 2372 1800 potest
2427 1733 2597 1802 magis
2648 1732 2843 1801 majus,
2894 1732 2978 1787 vel
3026 1733 3196 1801 magis
3254 1734 3469 1798 minus,

1896 1833 1988 1879 aut
2011 1825 2181 1894 magis
2198 1824 2441 1894 duplum,
2461 1824 2545 1877 vel
2563 1825 2733 1891 magis
2752 1824 3307 1891 medium.Qualitatis
3324 1826 3469 1879 enim

1897 1916 2103 1986 species
2137 1916 2419 1985 incapaces
2440 1929 2560 1971 esse
2586 1916 2904 1984 quantitatis
2934 1930 3004 1970 ex
3035 1916 3219 1970 multis
3246 1918 3472 1971 demou-

1899 2016 2123 2061 stratum
2157 2019 2257 2062 est.
2291 2008 2347 2061 Si
2392 2023 2519 2077 ergo
2559 2008 2737 2062 simile
2783 2008 3103 2077 quantitatis
3142 2023 3315 2077 capax
3356 2019 3469 2074 est,

1900 2098 2199 2167 recipitque
2226 2100 2392 2169 magis
2412 2109 2462 2152 et
2481 2099 2674 2161 minus,
2694 2099 2975 2153 dimidium
3010 2115 3140 2155 vero
3167 2109 3221 2155 et
3253 2102 3472 2171 duplum

1900 2190 1953 2244 id
1972 2205 2076 2244 non
2098 2192 2363 2261 recipiunt
2388 2208 2401 2255 ;
2430 2208 2536 2247 non
2562 2208 2691 2261 ergo
2714 2190 2956 2260 ejusdem
2986 2192 3205 2263 generis
3224 2195 3329 2249 erit
3348 2209 3482 2252 cunt

1901 2282 1967 2338 iis
1998 2300 2115 2355 quze
2144 2293 2273 2339 sunt
2300 2284 2365 2339 ad
2398 2284 2622 2354 aliquid.

2574 2602 2804 2659 ALIUD.

1972 2713 2141 2784 Magis
2175 2716 2288 2771 sive
2320 2718 2489 2786 majus
2516 2718 2871 2773 intentionem
2902 2728 3079 2788 atque
3100 2719 3472 2775 excellentiam

1903 2804 2129 2877 alicujus
2166 2809 2240 2861 rei
2281 2810 2579 2877 significat,
2614 2826 2717 2864 non
2757 2823 2935 2865 autent
2977 2812 3241 2866 dissimile
3274 2812 3475 2881 aliquid

1903 2906 1958 2951 et
1996 2901 2300 2968 oppositum
2350 2901 2573 2956 iudicat.
2620 2900 2809 2955 Simile
2851 2917 2981 2956 vero
3031 2918 3135 2957 non
3182 2905 3310 2958 item
3340 2919 3353 2954 :
3383 2903 3476 2957 de-

1905 3001 2171 3046 monstrat
2203 2994 2342 3046 enim
2379 2994 2429 3047 id
2464 2994 2605 3061 quod
2640 2995 2900 3049 dissimile
2930 3004 3033 3050 est.
3068 2995 3301 3050 Amissio
3331 2996 3473 3048 enim

1907 3084 2123 3149 similis,
2150 3085 2413 3139 dissimile
2441 3084 2603 3139 elllcit
2633 3104 2645 3140 :
2674 3086 2809 3140 adde
2835 3090 2977 3156 quod
3006 3087 3269 3141 dissimile
3297 3088 3476 3155 sequi-

213 3175 353 3243 ϐολὴ
392 3177 501 3249 γὰρ
534 3178 627 3232 τοῦ
659 3180 846 3249 ὁμοίου
880 3181 942 3233 τὸ
984 3181 1238 3252 ἀνόμοιον
1282 3184 1595 3253 ἐργάζεται.
1631 3185 1703 3237 Τὸ
1746 3185 1803 3237 δὲ

1913 3185 1993 3229 tur
2022 3177 2271 3245 privatio.
2304 3176 2473 3245 Magis
2501 3192 2629 3233 vero
2660 3188 2714 3232 et
2746 3180 2923 3232 minus
2952 3194 3073 3232 cum
3106 3180 3214 3232 sint
3244 3180 3479 3234 intensio

223 3241 429 3337 μᾶλλον
467 3241 559 3323 καὶ
607 3241 792 3341 μείζον
840 3241 1099 3336 ἐπίτασις
1128 3241 1450 3338 τινος
1483 3276 1643 3329 ποίαν
1693 3276 1802 3341 ἕξει

1913 3266 2131 3333 alicujus
2175 3266 2271 3331 rei,
2314 3280 2559 3333 quamam
2607 3267 2657 3320 in
2698 3266 2781 3321 his
2824 3270 3067 3331 amissio,
3115 3278 3207 3322 aut
3248 3270 3475 3337 privatio

218 3360 324 3429 ⁴τὴν
348 3360 687 3433 ἀποδολήν,ἦ
712 3362 829 3428 πῶς
851 3363 938 3417 ἐπ’
958 3365 1123 3419 αὑτοῦ
1148 3367 1402 3439 στέρησις
1423 3367 1596 3435 ἔσται,
1617 3368 1803 3439 ὥσπερ

218 3450 321 3502 καὶ
370 3451 459 3504 ἐπὶ
484 3453 577 3505 τοῦ
609 3454 899 3524 ἀνομοίου;
947 3455 1085 3509 Ἀλλ’
1118 3456 1217 3509 οὐκ
1253 3457 1319 3511 ἂν
1352 3458 1465 3528 ἔχοι
1493 3476 1576 3523 τις
1608 3460 1799 3512 εἰπεῖν.

236 3537 580 3611 Ἕτερογενὲς
610 3541 716 3613 ἄρα
745 3543 824 3613 τῷ
857 3545 1029 3615 ὁμοίῳ
1062 3546 1123 3599 τὸ
1154 3540 1358 3617 μεῖζον.

222 3652 433 3730 ΔΛΔᾼΟ,
478 3656 789 3730 ἀπόδειξιν
814 3656 960 3727 ἔχον
989 3658 1075 3711 ὅτι
1116 3658 1214 3730 διὰ
1245 3660 1351 3714 τοῦ
1378 3661 1658 3729 λέγεσθαι
1679 3664 1805 3730 μεί-

298 3722 439 3799 {ora
468 3728 573 3799 τόν
604 3722 1334 3799 Πᾳτέραξσυνδισςρέρεται
1368 3722 1484 3799 μὲὶν·
1514 3722 1749 3799 πάντως
1774 3736 1805 3786 ό

308 3795 461 3861 Υιός,
500 3798 630 3850 ἐστι
660 3796 728 3850 δὲ
764 3800 876 3851 οὐκ
902 3795 1397 3854 ἐλάττωνίαὺτοῦ.

298 3911 375 3964 Τδ
407 3910 592 3982 μεῖζον
623 3914 780 3975 εἴτις
808 3914 1091 3983 ὀνομάσαι,
1120 3915 1444 3968 συνεισοίσει
1471 3917 1687 3981 πάντως
1714 3918 1807 3972 καὶ

224 4002 545 4071 ἀναγκαίως
576 4003 761 4073 ’ἐτερόν
806 4020 858 4056 τι
906 4006 1033 4075 παρ’
1066 4005 1198 4058 αὐτὸ
1226 4000 1287 4059 οὗ
1315 4008 1409 4060 καὶ
1437 4007 1553 4061 ἐστι
1603 4008 1804 4079 μεῖζον.

227 4095 389 4148 υῦτω
430 4094 716 4166 τοιγαροῦν
761 4094 975 4165 ἔχοντος
1020 4095 1115 4150 τοῦ
1162 4098 1453 4169 νοήματος,
1492 4099 1623 4170 φέρε
1676 4103 1810 4154 κατ’

227 4185 365 4238 αὐτὸ
403 4185 501 4255 τὴν
550 4184 700 4237 Θείαν
750 4186 1090 4257 ἐξετάσωμεν
1124 4188 1397 4259 γέννησιν,
1426 4191 1519 4243 καὶ
1562 4189 1654 4245 τὸν
1680 4192 1809 4263 περὶ

228 4277 448 4349 Πατρδς
497 4278 590 4331 καὶ
637 4264 766 4330 Υἱοῦ
813 4279 1181 4349 γυμνάσωμεν
1232 4280 1584 4350 λόγον.Ὅταν
1629 4284 1808 4338 τοίνυν

226 4370 459 4441 λέγηται
491 4370 691 4440 μείζων
724 4373 753 4424 6
776 4372 987 4443 Πατὴρ,
1018 4372 1358 4442 συνεισφέρει
1378 4372 1477 4444 μὲν
1504 4374 1721 4438 πάντως
1751 4375 1810 4428 τὸ

228 4464 291 4517 ὲν
332 4461 511 4531 σχέσει
556 4465 620 4533 τῇ
672 4462 809 4533 πρὸς
837 4464 1020 4531 αὐτὸν,
1047 4464 1144 4536 τὴν
1170 4462 1302 4517 Υίοῦ
1340 4464 1614 4535 σημασίαν
1644 4466 1807 4537 φημὶ,

1905 3357 2070 3411 statui
2113 3366 2306 3425 potcSt.
2346 3364 2401 3409 ut
2443 3356 2495 3409 in
2541 3357 2825 3411 dissimili?
2862 3357 3018 3412 Nulla
3063 3371 3229 3413 certe.
3272 3358 3476 3415 Diversi

1908 3447 2071 3515 igitur
2100 3448 2315 3515 generis
2345 3457 2470 3501 sunt
2503 3447 2680 3502 simile
2708 3458 2764 3501 et
2795 3450 2990 3519 majus.

1907 3647 2142 3709 ALIUD,
2172 3648 2535 3701 demonstrans
2570 3664 2662 3717 per
2690 3649 2743 3701 id
2773 3650 2910 3717 quod
2944 3650 3141 3703 dicitur
3173 3650 3332 3707 Pater
3358 3671 3472 3706 ma—

1972 3718 2084 3786 jor,
2113 3719 2271 3771 simul
2299 3722 2454 3771 etiam
2485 3719 2680 3786 inferre
2708 3717 2929 3785 Filium,
2966 3722 3138 3774 minor
3163 3734 3336 3778 autem
3366 3726 3478 3794 ipso

1978 3804 2079 3841 non
2108 3798 2203 3843 est.

1984 3915 2039 3969 Si
2074 3916 2195 3985 quis
2228 3918 2468 3972 nominet
2505 3918 2710 3987 majus,
2744 3919 3051 3973 necessario
3083 3920 3245 3973 etiam
3284 3918 3480 3974 inferet

1909 4004 2051 4059 aliud
2081 4005 2353 4075 quidpiam
2386 4017 2579 4077 prarter
2626 4010 2676 4061 id
2705 4009 2862 4077 cujus
2896 4018 3141 4078 respectu
3171 4011 3346 4079 majus
3373 4020 3478 4065 est.

1910 4098 2062 4163 Quod
2092 4113 2213 4152 cum
2244 4098 2317 4152 ita
2350 4102 2569 4155 omnino
2600 4116 2659 4157 se
2692 4102 2917 4167 habeat,
2947 4119 3044 4171 age
3074 4103 3176 4158 hac
3205 4106 3367 4158 etiam
3399 4121 3482 4159 ra-

1913 4188 2057 4242 tione
2087 4188 2319 4241 divinam
2351 4195 2750 4258 generationem
2785 4193 3162 4263 exploremus,
3189 4205 3243 4249 et
3270 4210 3481 4249 sermo-

1912 4293 2033 4332 nem
2068 4279 2134 4334 de
2165 4278 2325 4335 Patre
2356 4291 2409 4335 et
2440 4281 2575 4337 Filio
2604 4284 3008 4355 invesdgemus.
3039 4286 3175 4341 Cum
3208 4288 3372 4352 igitur
3398 4288 3482 4341 di-

1912 4371 2053 4425 citur
2088 4373 2261 4440 major
2292 4371 2475 4439 Pater,
2512 4374 2742 4430 infertur
2777 4377 2999 4432 omnino
3039 4378 3200 4432 etiam
3247 4379 3296 4432 id
3337 4380 3481 4449 quod

1913 4462 2232 4518 relationem
2280 4465 2346 4518 ad
2397 4466 2571 4534 ipsum
2619 4467 2811 4532 habet,
2862 4469 3113 4522 nimirum
3160 4470 3484 4539 significatio

230 4554 359 4607 καθ’
382 4549 453 4625 ἦς
489 4555 552 4607 τδ
578 4554 801 4609 ἔλαττον
830 4554 1041 4609 νοοῦσιν
1083 4556 1133 4609 oi
1178 4557 1555 4627 χριστομάχοι.
1588 4558 1804 4611 Συνεισ-

1918 4552 2061 4617 Filii,
2087 4554 2137 4607 in
2163 4569 2267 4624 qua
2292 4556 2469 4611 minus
2490 4558 2828 4612 constituunt
2851 4560 3033 4613 hostes
3055 4560 3279 4614 Christi.
3305 4561 3486 4629 Quan-

229 4645 545 4717 ενεχθέντος
573 4646 864 4718 τοιγαροῦν
901 4647 1211 4717 ἀναγκαίως
1243 4648 1319 4719 τῷ
1340 4650 1516 4719 Πατρὶ
1539 4648 1632 4702 τοῦ
1657 4650 1808 4718 Υίοῢ,

234 4738 375 4809 φέρε
416 4738 801 4809 δοκιμάζωμεν
832 4739 947 4804 πῶς
980 4739 1090 4806 ἕξει
1137 4739 1198 4793 τὸ
1235 4741 1420 4810 μεῖζον
1445 4743 1473 4794 6
1506 4741 1717 4813 Πατήρ.
1748 4742 1813 4794 El

232 4828 347 4897 γὰρ
375 4827 534 4895 φύσει
566 4827 699 4891 Θεὸς
726 4828 755 4879 6
788 4827 933 4893 Υἱὸς,
956 4827 1207 4899 καθάπερ
1236 4827 1330 4881 καὶ
1360 4830 1387 4881 6
1420 4827 1631 4899 Πατὴρ,
1654 4826 1813 4897 φύσει

233 4916 461 4985 ἀγαθὸς,
509 4918 670 4985 φύσει
712 4917 1060 4989 δημιουργὸς,
1111 4918 1271 4987 φύσει
1328 4918 1601 4989 βασιλεὺς,
1662 4920 1815 4973 ποῖον

234 5007 393 5060 ἔσται
419 5008 479 5060 τὸ
515 5006 698 5078 μεῖζον
726 5010 782 5063 ὲν
812 5010 1008 5080 Πατρὶ,
1042 5008 1256 5079 ἔχοντος
1287 5011 1429 5065 αὺτά
1464 5010 1685 5075 τελείως
1720 5010 1816 5065 καὶ

232 5101 335 5155 τοῦ
363 5100 525 5168 Υίοῦ;
552 5104 616 5156 Ei
649 5100 707 5155 δὲ
741 5103 818 5173 μὴ
864 5102 977 5172 ἔχει
1015 5101 1255 5168 τελείως,
1285 5101 1404 5166 πῶς
1436 5101 1570 5166 Θεὸς
1606 5103 1722 5155 ἐστι
1755 5101 1816 5156 τὸ

231 5189 281 5265 ᾧ
298 5211 353 5248 τι
368 5194 477 5248 τῶν
499 5194 719 5263 ἀγαθῶν
742 5196 940 5260 ὲνδεεῖ;
961 5195 1033 5247 Τὸ
1049 5194 1159 5264 γὰρ
1187 5192 1339 5247 οῠπω
1365 5193 1462 5264 τῆς
1491 5193 1815 5264 ὀφειλούσης

234 5288 517 5359 προσεῖναι
550 5285 669 5357 Θεῷ
700 5286 1033 5357 τελειότητος
1057 5284 1478 5357 ἐπειλημμένον,
1506 5286 1608 5339 οὐκ
1639 5285 1705 5339 ἂν
1731 5287 1817 5359 εἴη

235 5376 402 5447 φύσει
433 5377 565 5441 Θεὸς
584 5391 598 5406 ·
636 5376 797 5446 φύσει
823 5376 879 5430 δὲ
902 5376 1033 5440 Θεὸς
1060 5378 1089 5429 ὁ
1111 5374 1257 5438 Υἱός⁶
1286 5375 1489 5439 τέλειος
1516 5375 1624 5445 ἄρα
1649 5376 1819 5430 καθά-

234 5485 350 5539 περ
392 5470 487 5522 καὶ
512 5469 541 5521 6
568 5470 1011 5540 Πατήρ.Ἐπειδὴ
1057 5469 1115 5522 δὲ
1160 5469 1366 5532 τέλειος
1404 5471 1432 5522 6
1468 5469 1677 5539 Πατὴρ,
1719 5469 1821 5522 οὐκ

238 5562 480 5617 ἐλάττων
505 5561 728 5633 δηλαδή.
757 5561 1131 5633 Οίκονομικῶς
1164 5562 1223 5615 δέ
1264 5580 1428 5634 φησιν
1473 5562 1666 5617 ἑαυτοῦ
1702 5562 1821 5635 μεί-

241 5655 377 5719 ζονα
401 5654 492 5707 τὸν
521 5653 808 5726 Πατέρα,ἦ
833 5653 969 5709 καθὸ
993 5655 1215 5723 γέγονεν
1243 5653 1551 5726 ἅνθρωπος,
1570 5671 1823 5725 παραχω⁴

248 5745 357 5816 ρῶν
380 5748 448 5817 τῇ
472 5745 569 5817 τῆς
592 5746 842 5817 Θεὸτητος
861 5745 1020 5816 φύσει
1043 5746 1105 5799 τὸ
1120 5746 1409 5818 ὑπερέχειν
1430 5745 1536 5801 τῶν
1556 5747 1817 5820 γενητῶν·

249 5840 342 5892 καὶ
370 5838 445 5906 τῷ
474 5838 617 5894 κατά
648 5839 807 5909 φύσιν
833 5839 1021 5910 Κυρίῳ
1048 5838 1109 5896 τὸ
1134 5840 1245 5897 ἀνω
1277 5840 1489 5895 κεῖσθαι
1518 5839 1691 5905 διδοὺς
1726 5841 1823 5907 τῆς

1918 4646 2205 4715 doquidem
2240 4661 2369 4717 ergo
2403 4648 2714 4703 necessario
2753 4664 2858 4703 una
2895 4665 3017 4703 cum
3056 4650 3219 4705 Patre
3256 4652 3487 4706 infertur

1916 4734 2106 4801 Filius,
2131 4750 2248 4806 age,
2266 4738 2641 4793 examinemus
2672 4754 2778 4807 quo
2814 4752 2970 4808 pacto
3003 4739 3165 4795 Pater
3193 4744 3365 4811 major
3393 4743 3482 4796 sit.

1915 4824 1972 4905 Si
2008 4826 2151 4881 enim
2186 4825 2356 4880 Filius
2390 4835 2475 4881 est
2508 4836 2701 4881 natura
2739 4828 2906 4893 Deus,
2940 4831 3395 4902 quemadmodum
3432 4842 3487 4887 et

1912 4917 2075 4973 Pater
2099 4929 2181 4974 est
2208 4928 2399 4973 natura
2431 4920 2623 4984 bonus,
2655 4930 2843 4975 natura
2873 4930 3109 4987 creator,
3142 4932 3334 4976 natura
3364 4938 3482 4988 rex,

1914 5010 2197 5079 qualenam
2226 5011 2335 5065 erit
2362 5011 2533 5081 majus
2566 5013 2617 5066 in
2650 5012 2829 5079 Patre,
2856 5012 2965 5091 91
2994 5029 3115 5067 cum
3143 5023 3198 5069 et
3226 5015 3393 5070 Filius
3423 5031 3489 5071 ea

1913 5100 2153 5171 perfecte
2196 5102 2424 5157 habeat?
2463 5103 2521 5157 Si
2562 5118 2690 5158 vero
2731 5103 2964 5172 perfecte
3003 5119 3113 5158 non
3158 5104 3340 5171 habet,
3382 5120 3491 5174 quo

1915 5202 2075 5263 pacto
2097 5194 2201 5248 dici
2225 5203 2403 5263 potest
2426 5197 2567 5250 Deus
2593 5195 2637 5248 is
2661 5196 2747 5248 cui
2776 5194 2992 5263 aliquod
3017 5196 3279 5249 bonorum
3306 5195 3491 5249 deest?
3606 5187 3615 5199 ’

1918 5281 1977 5337 Id
2009 5285 2153 5338 enim
2186 5288 2328 5354 quod
2356 5299 2475 5339 eam
2506 5302 2628 5355 qua:
2661 5287 2836 5339 inesse
2866 5286 2975 5340 Deo
3006 5282 3166 5340 debet
3200 5285 3489 5355 perfectio-

1923 5390 2047 5429 nem
2078 5392 2181 5428 non
2214 5375 2406 5441 habet,
2433 5376 2574 5431 Deus
2600 5389 2789 5430 natura
2818 5390 2941 5431 esse
2965 5392 3072 5430 non
3101 5385 3310 5444 potest;
3341 5378 3489 5447 atqui

1922 5468 2088 5521 Filius
2130 5478 2215 5522 est
2257 5469 2396 5523 Deus
2439 5478 2628 5523 natura
2666 5488 2679 5525 :
2718 5468 2991 5539 perfectus
3030 5469 3192 5539 igitur
3226 5471 3489 5537 quemad-

1922 5561 2140 5615 modum
2165 5570 2217 5614 et
2242 5560 2420 5613 Pater.
2442 5560 2576 5614 Cum
2603 5575 2730 5614 vero
2756 5559 3024 5628 perfectus
3046 5560 3117 5612 sit
3139 5556 3321 5625 Pater,
3344 5572 3491 5613 certe

1925 5653 2102 5705 minor
2125 5668 2228 5705 non
2255 5662 2359 5706 est.
2384 5652 2651 5705 Caeterum
2680 5659 2924 5721 respectu
2952 5652 3345 5705 incarnationis
3370 5667 3487 5705 ma-

1921 5745 2093 5813 jorem
2123 5745 2251 5799 dicit
2278 5745 2513 5811 Patrem,
2545 5745 2657 5799 sive
2681 5754 2950 5815 quatenus
2982 5745 3159 5800 factus
3186 5755 3268 5800 est
3299 5746 3489 5810 homo;

1929 5836 2172 5892 tribuens
2215 5837 2315 5893 hoc
2359 5847 2561 5893 naturae
2602 5837 2898 5893 divinitatis
2941 5846 2998 5892 ut
3040 5836 3306 5893 creaturis
3344 5848 3485 5892 ante
