3882 6210
408 343 501 397 lii)

1428 341 1484 394 S.
1525 340 1801 395 CYRILLI
1844 342 2312 400 ALEXANDRINI
2340 344 2672 400 ARCIIIEP.

3562 344 3671 398 {5‘2

402 458 596 521 cellat;
646 465 700 510 et
746 456 973 510 Domino
1020 454 1317 510 secundum
1364 464 1614 508 naturam
1664 456 1767 511 hoc
1811 455 1976 511 ascri-

2096 455 2169 509 τοῦ
2192 456 2379 509 δούλου
2405 458 2638 527 μορφῆς,
2657 459 2705 509 εἱ
2731 455 2825 509 καὶ
2850 456 2933 509 ὄτι
2966 455 3203 526 μάλιστα
3225 457 3318 509 καὶ
3338 456 3498 520 αὐτὸς
3522 458 3672 511 κατὰ

405 551 537 604 hens
564 549 705 618 quod
733 546 916 603 servili
945 545 1118 601 forma
1151 546 1309 615 longe
1339 546 1584 614 superior
1608 554 1687 600 est
1714 586 1729 610 ,
1758 547 1974 601 tatnetsi

402 641 565 693 ctiam
608 641 721 709 ipse.
757 640 1055 694 secundum
1093 647 1340 691 naturam
1377 636 1638 692 Dominus
1672 640 1779 703 sit;
1814 649 1977 708 atque

404 733 476 785 ita
514 732 731 801 quidem
773 731 1016 786 tribuens
1052 729 1224 795 Patri,
1263 739 1322 784 ut
1359 730 1530 800 major
1564 729 1654 795 sit,
1696 740 1755 783 ut
1795 740 1975 783 tamen

404 825 519 888 ipse
554 824 684 877 nihil
726 826 904 877 minus
937 823 1134 878 habeat
1167 824 1378 877 ratione
1409 822 1677 878 essentia.
1715 823 1791 877 Ita
1828 824 1975 877 enim

401 917 507 968 erit
535 931 719 969 verum
752 915 999 984 genimen
1031 925 1193 984 alque
1224 914 1401 985 imago
1426 913 1723 978 Gelliloris,
1751 929 1856 968 non
1884 914 1978 969 ali-

400 1020 504 1072 qua
536 1019 600 1058 ex
635 1016 789 1073 parte
819 1018 1109 1073 expressa,
1144 1004 1238 1059 sed
1269 1004 1639 1058 omnimodam
1669 1005 1977 1061 similitudi-

402 1110 525 1149 nem
562 1110 682 1148 cum
726 1095 842 1162 ipso
876 1095 1115 1160 habens;
1151 1094 1318 1150 solius
1347 1110 1478 1150 vero
1508 1097 1690 1151 decori
1725 1111 1889 1152 causa
1920 1106 1978 1152 ιιι

400 1184 571 1240 Filius
601 1186 862 1255 majorem
897 1188 1159 1241 honorem
1192 1186 1335 1241 Patri
1370 1188 1577 1242 tribuit.

487 1324 744 1380 delvertus
781 1324 1028 1389 dicentes,
1058 1326 1197 1393 quod
1235 1322 1397 1379 Pater
1423 1326 1494 1378 sit
1527 1325 1701 1394 major
1726 1322 1893 1380 Fiit‘o.

848 1506 1087 1572 Obiectio
1119 1507 1509 1561 hereticorum.

469 1619 655 1686 Pater,
698 1619 983 1689 inquiunt,
1029 1632 1250 1689 semper
1287 1628 1443 1684 erat,
1488 1617 1659 1673 Filius
1702 1633 1830 1674 vero
1871 1633 1976 1673 non

400 1727 613 1780 semper
646 1729 660 1765 :
695 1726 802 1781 quo
834 1722 995 1782 pacto
1032 1710 1195 1780 igitur
1226 1724 1333 1766 non
1370 1711 1477 1764 erit
1512 1709 1683 1777 major
1710 1709 1804 1780 qui
1838 1725 1977 1764 sem-

2085 547 2247 617 φύσιν
2287 548 2507 618 Κύριος,
2558 549 2591 619 ἢ
2641 547 2701 600 τὸ
2745 548 2928 618 μεῖζον
2968 548 3313 619 παραχωρῶν
3356 549 3429 613 ὡς
3466 549 3669 619 Ιῖατρὶ,

2083 641 2233 695 οὐδὲν
2272 641 2371 712 μὲν
2401 636 2563 710 ἦττον
2592 640 2731 712 ἔχων
2760 639 2925 694 αὐτοῦ
2956 640 3098 693 κατὰ
3127 640 3217 694 τὸν
3236 641 3335 711 τῆς
3368 641 3557 703 οὐσίας
3581 642 3673 693 λό-

2082 754 2200 805 γον.
2219 735 2377 789 Οὖτω
2403 735 2511 806 γὰρ
2535 735 2601 788 ἂν
2633 734 2718 805 εἴη
2748 734 2843 787 καὶ
2870 735 3095 803 γνήσιον
3119 734 3364 805 γέννημα
3385 734 3478 788 καὶ
3500 734 3670 787 εἰκὼν

2083 830 2250 893 ὅντως
2274 828 2368 882 τοῦ
2396 828 2806 898 γεγεννηκότος,
2835 828 2895 881 οὐ
2924 827 3064 880 κατὰ
3088 843 3138 879 τι
3163 826 3672 897 παρακεχαραγμέ-

2083 940 2173 991 νη,
2201 921 2317 975 ἀλλ’
2355 921 2648 992 ὁλόκληρον
2693 920 2832 991 πρὸς
2880 918 3043 973 αὐτὸν
3080 916 3328 983 σώζουσα
3353 919 3453 989 τὴν
3489 918 3669 988 ἐμφέ-

2089 1032 2238 1086 ρειαν
2263 1031 2276 1044 ’
2323 1014 2412 1068 διὰ
2460 1014 2519 1068 δὲ
2569 1012 2731 1085 μόνον
2762 1012 2825 1065 τὸ
2852 1010 3066 1082 πρέπον
3109 1010 3186 1074 ὡς
3216 1011 3343 1076 Υἱὸς
3380 1010 3459 1082 τῷ
3489 1010 3670 1081 Πατρὶ

2084 1107 2251 1178 τιμὴν
2280 1106 2570 1178 ἀπονέμων
2596 1105 2695 1176 τὴν
2726 1103 2968 1176 μείζονα.

2084 1330 2243 1398 Πρὸς
2290 1328 2435 1396 τοὺς
2478 1330 2770 1399 λέγοντας
2793 1330 2939 1453 ,ηὸτι
2978 1328 3193 1399 μείζων
3230 1330 3264 1383 ὀ
3300 1330 3504 1399 Πατὴρ
3559 1332 3670 1386 τοῦ

2869 1417 2962 1453 ου.

2869 1417 2962 1453 Ου.

2345 1512 2667 1579 Ἀντίθεσις
2703 1512 2784 1577 ὡς
2818 1512 2887 1565 ἐκ
2924 1512 3045 1567 τῶν
3080 1514 3414 1583 αΙρετικῶν.

2167 1627 2227 1680 '0
2256 1626 2467 1697 Πατὴρ,
2500 1624 2685 1696 φησὶν,
2715 1620 2785 1695 ἦν
2812 1624 2921 1689 ἀεὶ,
2953 1626 3055 1680 οὐκ
3080 1625 3253 1681 ἀεὶδὲ
3288 1627 3318 1679 6
3348 1626 3477 1690 Υἱός
3497 1642 3513 1656 ο
3552 1626 3671 1689 πῶς

2084 1714 2178 1774 οὖν
2205 1717 2307 1771 οὐκ
2336 1716 2490 1769 ἔσται
2525 1715 2726 1785 μείζων
2752 1716 2782 1768 6
2809 1715 2900 1769 ἀεὶ
2930 1715 3192 1788 ὑπάρχων
3232 1716 3329 1770 τοῦ
3375 1716 3451 1787 μὴ
3492 1715 3673 1779 οὕτως

400 1819 495 1874 per
534 1804 754 1859 exsistit
786 1818 851 1860 eo
877 1803 969 1873 qui
998 1818 1105 1857 nou
1134 1802 1386 1872 semper?
1410 1802 1518 1856 Aut
1544 1816 1652 1872 quo
1679 1814 1837 1871 pacto
1864 1817 1970 1857 non

2096 1814 2259 1872 Mog;
2292 1806 2419 1869 Πῶς
2446 1805 2505 1859 δὲ
2529 1804 2631 1858 οὐκ
2663 1803 2904 1859 ἐλάττων
2929 1805 3023 1859 τοῦ
3050 1806 3241 1871 ἀϊδίως
3265 1807 3606 1878 ὑπάρχοντος
3640 1807 3675 1859 6

398 1899 471 1951 sit
503 1898 681 1952 minor
710 1910 775 1951 eo
807 1896 898 1966 qui
932 1897 1000 1951 ab
1034 1904 1241 1951 aterno
1269 1895 1487 1951 exsistit
1522 1895 1568 1949 is
1596 1897 1688 1964 qui
1738 1905 1976 1951 aternus

399 2003 506 2042 non
551 1988 673 2043 est?
716 1986 773 2042 Si
814 2001 944 2042 vero
990 1985 1160 2055 major
1199 1993 1285 2041 est
1329 1985 1495 2043 Pater
1533 1986 1705 2051 Filio,
1752 1987 1981 2044 diversa

397 2080 559 2135 etiam
588 2080 841 2135 essentia
868 2078 939 2134 ab
966 2078 1084 2149 ipso
1113 2078 1239 2134 erit.

895 2211 1104 2267 Salutio
1140 2211 1473 2282 objectionis.

474 2328 774 2401 Oportebat
800 2342 932 2384 sane
963 2343 1070 2383 uon
1105 2328 1180 2383 ita
1217 2329 1399 2397 inepte
1428 2337 1590 2398 atque
1624 2327 1832 2382 ruditer
1859 2344 1981 2397 pro-

396 2421 525 2488 poni
556 2433 776 2487 gravem
810 2419 987 2483 hanc,
1020 2426 1078 2472 et
1115 2417 1403 2486 imperitia
1429 2425 1624 2472 vestra
1652 2418 1981 2473 convenien-

398 2525 510 2567 tem
538 2514 918 2582 quaestionem.
942 2509 1079 2565 Nam
1104 2525 1229 2566 cum
1254 2511 1622 2566 diversitatem
1647 2512 1900 2566 essentia
1927 2511 1979 2565 in

398 2602 561 2658 Patre
583 2612 639 2656 et
664 2601 803 2657 Filio
827 2601 1055 2671 urgetis,
1082 2601 1337 2672 imperite
1361 2601 1653 2657 admodum
1681 2618 1748 2656 ex
1776 2601 1982 2670 majore

397 2704 454 2750 et
482 2696 691 2750 minore
718 2696 770 2750 id
796 2695 1028 2764 probare
1053 2693 1288 2750 studetis
1319 2712 1332 2748 :
1361 2695 1586 2765 proinde
1610 2709 1674 2749 ac
1699 2694 1743 2749 si
1772 2709 1834 2748 ea
1859 2708 1982 2763 qua

397 2787 591 2843 horum
627 2788 847 2857 capacia
882 2796 1030 2851 sunt,
1064 2787 1376 2842 necessario
1410 2788 1550 2842 inter
1580 2802 1641 2841 se
1674 2786 1980 2842 substantia

397 2879 671 2935 diﬂerant.
696 2878 861 2949 Atqui
892 2879 1089 2949 lapidis
1117 2879 1335 2949 quidem
1364 2880 1432 2943 ad
1461 2878 1721 2949 lapidem,
1746 2877 1875 2949 ligni
1910 2878 1978 2932 ad

398 2970 638 3042 lignum,
669 2970 903 3026 hominis
934 2970 1001 3025 ad
1031 2970 1343 3036 hominem,
1374 2969 1695 3025 substantia:
1726 2969 1867 3022 ratio
1897 2977 1981 3021 est

398 3064 610 3119 eadem.
640 3063 854 3118 Accidit
887 3072 1067 3119 tamen
1106 3062 1237 3133 ipsis
1268 3072 1324 3119 et
1357 3062 1532 3133 majus
1563 3072 1618 3117 et
1655 3062 1861 3116 minus.
1892 3060 1981 3115 Li-

398 3168 562 3222 gnum
592 3153 738 3208 enim
766 3153 914 3224 ligno
943 3152 1123 3223 majus
1151 3153 1452 3209 secundum
1481 3154 1707 3223 aliquid,
1735 3164 1789 3207 et
1817 3153 1979 3207 vicis-

400 3246 503 3301 sim
538 3245 717 3302 minus
748 3257 994 3317 apparet.
1021 3246 1157 3303 Cum
1192 3247 1358 3319 igitur
1383 3247 1549 3304 etiam
1583 3249 1650 3304 iis
1678 3264 1799 3319 qua
1831 3247 1977 3315 ejus-

400 3340 521 3393 dem
547 3340 867 3395 substantia
892 3350 1016 3396 sunt
1043 3341 1219 3413 majus
1242 3349 1300 3397 et
1325 3340 1506 3396 minus
1533 3341 1766 3406 accidat,
1798 3340 1982 3407 inepte

399 3446 499 3486 vos
536 3446 602 3486 ex
642 3433 745 3488 hoc
777 3433 1151 3491 diversitatem
1186 3436 1444 3491 essentia
1475 3435 1528 3489 in
1562 3433 1724 3491 Patre
1755 3446 1810 3489 et
1841 3433 1981 3489 Filio

400 3526 782 3581 demonstrare
826 3526 1095 3592 nititnini,
1131 3535 1479 3595 vestramque
1522 3528 1848 3582 dementiam
1897 3527 1981 3579 ni-

402 3618 698 3673 hilominus
736 3634 835 3688 per
865 3620 983 3677 hac
1014 3619 1328 3676 declaratis.
1366 3618 1618 3692 Equalis
1650 3620 1796 3674 enim
1830 3616 1978 3673 Patri

400 3710 674 3765 exsistens
698 3709 903 3778 Filius,
932 3711 1200 3767 minorem
1229 3726 1291 3767 se
1321 3710 1451 3766 facit
1483 3711 1691 3766 ratione
1722 3710 1977 3765 incarna-

402 3801 585 3869 tionis,
616 3813 677 3858 ut
700 3802 960 3859 diximus.

986 4098 1103 4169 93
1136 4096 1367 4156 ALIUD.

473 4236 606 4301 Qua
648 4234 880 4289 naturali
927 4235 1070 4289 inter
1107 4249 1168 4289 se
1212 4234 1569 4289 similitudine
1609 4249 1716 4288 non
1765 4232 1986 4301 conjun-

404 4341 623 4397 gnmnr,
656 4337 711 4382 et
747 4328 957 4382 ratione
988 4326 1239 4382 essentia
1272 4325 1548 4391 dilferunt,
1588 4340 1685 4396 per
1715 4325 1899 4380 simile
1930 4335 1987 4380 et

405 4422 698 4484 dissimile,
729 4435 841 4475 non
870 4435 1001 4476 vero
1031 4436 1126 4489 per
1157 4420 1331 4490 majus
1357 4429 1412 4473 et
1445 4420 1623 4473 minus
1650 4418 1983 4472 discernun-

2086 1902 2161 1974 μὴ
2192 1898 2359 1963 ἀΐδιος
2391 1898 2498 1965 (iw;
2547 1898 2610 1951 Ei
2640 1897 2698 1950 δὲ
2742 1896 2949 1969 μείζων
2976 1900 3005 1953 6
3032 1899 3225 1971 Πατὴρ
3252 1899 3346 1953 τοῦ
3381 1898 3535 1964 Υίοῦ,
3572 1897 3679 1952 καὶ

2083 1995 2169 2046 έτε
2180 1992 2422 2064 ροούσιος
2449 1988 2558 2060 ἄρα
2592 1988 2729 2060 πρὸς
2754 1988 2940 2046 αὐτόν.

2557 2210 2714 2278 Πρὸς
2752 2209 2940 2263 ταῦτα
2976 2211 3177 2277 λύσις.

2171 2324 2388 2397 Ἐχρῆν,
2418 2341 2464 2378 ω
2494 2322 2787 2395 βέλτιστοι,
2819 2323 2897 2394 μὴ
2942 2322 3063 2376 λίαν
3114 2323 3259 2378 οὕτω
3293 2322 3479 2387 κακῶς
3536 2322 3676 2393 μηδὲ

2082 2418 2325 2488 ἀτέχνως
2352 2413 2676 2487 προκεῖσθαι
2701 2413 2761 2467 τὸ
2786 2414 2950 2484 σοφὸν
2974 2413 3040 2486 δὴ
3063 2413 3223 2469 τοῦτο
3253 2416 3355 2486 τῆς
3382 2416 3512 2485 ὑμῖν
3536 2432 3675 2485 πρε-

2085 2510 2295 2580 πούσης
2341 2507 2581 2579 ἀμαθίας
2633 2504 2948 2577 πρόϐλημα.
2981 2507 3344 2579 Είσφέροντες
3386 2509 3492 2578 γὰρ
3541 2510 3681 2577 ἡμῖν

2083 2601 2177 2655 ἐπί
2205 2618 2265 2654 τε
2294 2598 2507 2670 [ἰατρὸς
2536 2598 2633 2652 καὶ
2663 2595 2795 2651 Υἱοῦ
2822 2596 2885 2650 τὸ
2912 2596 3273 2668 ὲτεροούσιον,
3300 2599 3409 2653 ἀπὸ
3436 2599 3529 2653 τοῦ
3558 2599 3679 2669 μεί-

2085 2692 2237 2758 ζονος
2259 2692 2355 2746 καὶ
2385 2690 2478 2744 τοῦ
2513 2690 2797 2753 ἐλάττονος
2822 2688 2924 2760 τὴν
2944 2690 3222 2757 ἀπόδειξιν
3242 2691 3475 2762 ἀμαθῶς
3501 2693 3679 2744 ποιεῖ-

2087 2786 2212 2840 σθαι
2268 2783 2622 2848 σπουδάζετε,
2671 2781 2865 2854 ὥσπερ
2904 2783 3221 2851 ἀναγκαίως
3258 2782 3493 2853 ἐχόντων
3539 2782 3683 2852 πρὸς

2083 2877 2289 2948 ἄλληλα
2315 2876 2414 2947 τὴν
2442 2875 2917 2947 ἑτεροουσιότητα,
2935 2874 3044 2928 τῶν
3071 2874 3172 2928 ὅσα
3198 2873 3402 2928 τούτων
3430 2873 3683 2942 πέφυκεν

2083 2966 2224 3023 εἶναι
2270 2969 2516 3023 δεκτικά.
2549 2968 2744 3023 Καίτοι
2777 2967 2919 3039 ξύλῳ
2960 2967 3060 3039 μὲν
3109 2967 3273 3019 παντὶ
3320 2965 3460 3037 πρὸς
3493 2959 3678 3031 ξύλον,

2086 3061 2181 3117 καὶ
2212 3060 2345 3132 λίθῳ
2389 3062 2525 3132 πρὸς
2555 3060 2725 3126 λίθον,
2758 3061 2853 3115 καὶ
2884 3059 3157 3131 ἀνθρώπῳ
3201 3057 3338 3129 πρὸς
3369 3056 3683 3127 ἄνθρωπον,

2084 3154 2184 3222 τῆς
2220 3151 2319 3222 μὲν
2350 3151 2539 3215 οὐσίας
2584 3152 2613 3205 ό
2657 3150 2817 3218 λόγος
2841 3152 2871 3204 6
2895 3150 3080 3213 αὐτός.
3135 3149 3406 3219 Πρόσεστι
3439 3146 3684 3212 δὲ’ὃμως

2008 3209 2053 3265 G
2091 3209 2188 3298 καί
2216 3209 2276 3297 τὸ
2305 3244 2489 3314 μεῖζον
2517 3209 2624 3297 καὶ
2665 3209 2974 3297 τοέλαττον
2994 3259 3009 3273 ·
3040 3209 3200 3308 ξύλον
3225 3241 3335 3311 γὰρ
3366 3238 3524 3304 ξύλου
3558 3209 3687 3309 μεί-

2091 3337 2185 3403 ζον
2236 3337 2380 3391 κατά
2414 3353 2488 3402 τι,
2522 3337 2617 3390 καὶ
2673 3335 2839 3390 πάλιν
2892 3335 3096 3406 ὁμοίως
3151 3334 3371 3387 ἔλαττον
3404 3333 3680 3402 φαίνεται.

2103 3429 2484 3498 Ἐμδαίνοντος
2513 3429 2692 3481 τοίνυν
2734 3428 2831 3480 καὶ
2871 3428 2967 3481 ἐπὶ
3015 3427 3128 3480 τῶν
3160 3425 3462 3495 όμοουσίων
3498 3424 3593 3477 τοῦ
3618 3440 3684 3478 τε

2093 3520 2339 3592 μείζονος
2369 3521 2463 3574 καὶ
2491 3519 2584 3573 τοῦ
2614 3520 2922 3584 ἐλάττονος,
2957 3520 3229 3593 περιττῶς
3263 3520 3422 3590 ὑμεῖς
3446 3518 3542 3570 ἐπὶ
3568 3518 3687 3571 Πα-

2086 3612 2218 3684 τρὸς
2259 3612 2354 3666 καὶ
2387 3611 2518 3666 Υίοῦ
2556 3611 2765 3684 ταύτην
2789 3612 3069 3679 ἀπόδειξιν
3095 3611 3336 3667 ποιεῖσθε
3361 3609 3455 3664 τοῦ
3491 3611 3682 3680 ἑτερο-

2085 3706 2300 3760 ουσίου·
2334 3705 2428 3759 καὶ
2457 3703 2775 3758 διὰ’τούτων
2802 3703 2861 3757 δὲ
2884 3704 3039 3758 οὐδὲν
3069 3721 3233 3775 ηττον
3258 3702 3555 3775 ληροῦντες
3588 3704 3684 3755 εὑ-

2091 3798 2515 3871 ρίσκεσθε.¹’1σος
2552 3796 2663 3866 γὰρ
2709 3795 2974 3867 ὑπάρχων
3022 3796 3051 3849 6
3080 3796 3211 3859 Υἱὸς
3255 3813 3331 3867 τῳ
3370 3796 3569 3866 Πατρὶ,
3614 3792 3681 3846 τὸ

2089 3896 2311 3951 ἔλαττον
2358 3895 2442 3964 ἐφ’
2468 3891 2662 3948 ἑαυτοῦ
2706 3891 2922 3963 τίθησιν
2954 3892 3335 3964 οἰκονομικῶς,
3372 3890 3464 3963 ιὼς
3508 3890 3686 3943 δέξει-

2094 4004 2239 4040 κται.

2777 4101 2979 4153 ΑΛΛΟ.

2161 4228 2243 4281 Τὰ
2268 4228 2371 4297 τῆς
2397 4228 2533 4299 πρὸς
2565 4228 2772 4299 ἄλληλα
2817 4229 3056 4299 φυσικῆς
3099 4228 3415 4299 ὁμοιότητος
3447 4229 3683 4299 ἐστερη-

2091 4322 2249 4389 μένα,
2281 4319 2376 4372 καὶ
2409 4318 2550 4372 κατὰ
2575 4320 2668 4373 τὸν
2696 4318 2792 4373 τοῦ
2827 4337 2943 4383 πως
2975 4316 3118 4373 εἶναι
3147 4320 3303 4388 λόγον
3331 4321 3684 4391 διεστηκότα,

2088 4410 2166 4480 τῷ
2194 4411 2367 4481 ὁμοίῳ
2402 4412 2497 4463 καὶ
2521 4410 2599 4481 τῷ
2633 4412 2872 4483 ἀνομοίῳ
2904 4412 3151 4483 κρίνεται
3187 4413 3411 4485 μᾶλλον,
3435 4416 3532 4468 καὶ
3561 4416 3685 4469 οὐδέ

407 4523 511 4564 tur.
537 4512 593 4565 Si
616 4527 745 4580 ergo
770 4527 933 4565 unum
958 4524 1042 4566 est
1068 4511 1226 4565 Pater
1246 4520 1301 4565 et
1326 4510 1493 4564 Filius
1520 4511 1729 4563 ratione
1756 4518 1982 4574 natura,

2096 4522 2197 4557 που
2244 4503 2323 4573 τῷ
2353 4521 2413 4556 τε
2453 4503 2663 4574 μείζονι
2714 4505 2807 4558 καὶ
2851 4504 2929 4577 τῷ
2975 4505 3243 4560 ἐλάττονι.
3276 4507 3337 4559 Εἰ
3369 4508 3469 4578 μὲν
3498 4505 3594 4562 οὖν
3622 4510 3687 4561 ἓν

406 4605 588 4658 dicant
614 4605 770 4658 nobis
794 4605 975 4659 acerbi
1003 4604 1091 4658 isti
1117 4604 1534 4673 disceptatores,
1560 4604 1836 4673 quomodo
1864 4618 1982 4655 ma-

400 4694 490 4761 jus
515 4705 569 4749 et
599 4696 777 4749 minus
805 4695 889 4750 eis
910 4705 1220 4764 competere
1253 4695 1491 4765 poterit?
1519 4694 1574 4747 Si
1605 4710 1733 4747 vero
1762 4693 1990 4747 alterius

404 4786 563 4855 plane
597 4787 935 4856 diversaque
969 4803 997 4842 a
1035 4787 1198 4841 Patre
1230 4789 1487 4842 essentia
1525 4787 1719 4841 Filium
1755 4802 1877 4841 esse
1912 4786 1987 4840 di-

406 4880 547 4940 citis,
576 4893 683 4946 quo
708 4888 867 4947 pacto
894 4893 955 4932 ea
984 4894 1103 4948 qua
1132 4880 1290 4947 plane
1316 4879 1568 4935 essentia
1597 4879 1809 4933 ratione
1838 4879 1981 4932 inter

406 4988 463 5025 se
502 4972 803 5037 dissident,
843 4974 1151 5043 comparari
1192 4974 1334 5028 inter
1370 4988 1429 5028 se
1468 4973 1762 5042 poterunt?
1800 4972 1988 5041 Neque

405 5066 550 5116 enim
595 5081 700 5117 non
746 5064 1004 5119 ridiculus
1043 5079 1168 5119 esse
1207 5066 1399 5134 possit,
1440 5063 1530 5133 qui
1575 5079 1692 5132 qua
1733 5062 1875 5117 nulla
1923 5077 1992 5117 ex

405 5167 557 5225 parte
586 5156 914 5211 conveniant
944 5158 1086 5211 inter
1114 5171 1174 5212 se
1206 5156 1556 5225 compararit,
1589 5159 1791 5225 quique
1818 5153 1986 5209 solem

408 5250 550 5315 ligno
592 5250 1012 5319 splendidiorem
1063 5249 1247 5305 dicere
1290 5249 1541 5304 voluerit.
1585 5248 1640 5302 Si
1691 5262 1819 5319 ergo
1872 5263 1992 5315 qua

408 5343 604 5397 diversi
637 5343 853 5412 generis
879 5352 1026 5405 sunt,
1051 5358 1079 5396 a
1108 5354 1292 5397 mutua
1322 5342 1463 5398 inter
1487 5357 1547 5398 se
1570 5341 1991 5410 comparatione

407 5434 705 5490 abhorrent
736 5457 746 5490 :
781 5435 963 5506 inepta
1001 5445 1149 5490 certe
1182 5446 1266 5491 est
1300 5436 1617 5505 propositio,
1652 5451 1777 5504 qua
1816 5434 1993 5503 majus

408 5535 461 5580 et
494 5527 674 5580 minus
707 5526 851 5581 Patri
891 5536 947 5582 et
985 5527 1125 5583 Filio
1155 5528 1529 5583 accommodat
1556 5568 1570 5591 ,
1608 5527 1651 5582 si
1691 5525 1849 5581 modo
1882 5541 1989 5579 non

407 5618 647 5688 ejusdem
673 5660 686 5679 .
712 5619 864 5688 juxta
895 5631 1138 5675 vestram
1164 5620 1473 5689 opinionem
1496 5659 1511 5686 ,
1544 5628 1672 5676 sunt
1699 5619 1954 5674 essentia
1979 5657 1994 5685 ,

412 5720 465 5763 et
488 5725 605 5780 qua
630 5727 749 5765 eam
776 5713 1027 5767 essentia
1051 5713 1419 5769 diversitatem
1445 5713 1804 5776 demonstrat,
1829 5727 1994 5781 quam

409 5804 602 5860 nescio
623 5807 760 5861 unde
779 5804 1140 5876 excogitarint
1158 5806 1223 5863 de
1240 5816 1441 5862 natura»
1455 5806 1694 5863 omnium
1714 5790 1993 5875 suprema,

2096 4596 2245 4649 ἐστιν
2269 4596 2297 4647 6
2324 4594 2513 4667 Πατὴρ
2542 4596 2618 4660 ὡς
2645 4596 2783 4668 πρὸς
2802 4596 2893 4650 τὸν
2921 4598 3046 4651 Υἱὸν
3073 4599 3216 4651 κατὰ
3234 4598 3326 4653 τὸν
3346 4599 3447 4670 τῆς
3468 4600 3688 4669 φύσεως

2091 4685 2271 4753 λόγον,
2302 4687 2608 4755 λεγέτωσαν
2655 4690 2787 4759 ἡμῖν
2835 4690 2884 4741 οί
2934 4690 3123 4759 πικροὶ
3178 4691 3498 4762 συζητηταὶ,
3545 4693 3687 4746 κατὰ

2097 4781 2219 4833 τίνα
2265 4781 2465 4851 τρόπον
2502 4782 2742 4852 χωρήσει
2785 4781 2873 4834 ἐπ’
2899 4783 3082 4835 αὐτῶν
3129 4782 3191 4836 τὸ
3244 4783 3427 4853 μεῖζον
3480 4786 3578 4838 καὶ
3621 4786 3688 4837 τὸ

2097 4870 2336 4938 Eia-rem;
2354 4872 2418 4926 Εἰ
2441 4871 2500 4925 δὲ
2520 4872 2695 4943 πάντη
2714 4872 3010 4942 διεστηκὼς
3040 4874 3131 4927 καὶ
3158 4875 3563 4945 κεχωρισμένος
3586 4877 3687 4945 τῆς

2099 4964 2193 5019 τοῦ
2224 4963 2438 5038 Πατρδς
2464 4964 2653 5028 οὐσίας
2676 4966 2705 5018 ό
2733 4965 2863 5028 Υἱὸς
2899 4966 3232 5037 εἰσφέρεται,
3262 4968 3456 5040 ἐτέρας
3486 4986 3549 5021 τε
3580 4969 3685 5039 φύ-

2103 5074 2239 5121 σεως
2261 5056 2594 5127 ὑπείληπται
2617 5060 2747 5128 παρ’
2764 5058 2914 5128 ὑμῖν,
2931 5058 3047 5122 πῶς
3068 5058 3137 5112 τὰ
3160 5059 3337 5130 πάντη
3361 5060 3688 5131 διεστηκότα

2103 5151 2243 5204 κατὰ
2270 5151 2362 5205 τὸν
2404 5150 2500 5206 τοῦ
2536 5170 2650 5216 πως
2680 5150 2821 5207 εἶναι
2848 5152 3007 5221 λόγον
3033 5152 3129 5224 τὴν
3156 5153 3291 5223 πρὸς
3316 5153 3522 5223 ἄλληλα
3553 5154 3686 5222 σύγ-

2105 5260 2284 5313 κρισιν
2322 5242 2661 5309 ἐπιδέξεταις
2690 5245 2766 5299 Οὐ
2804 5244 2912 5315 γὰρ
2949 5244 3014 5314 δή
3065 5261 3149 5309 τις
3191 5245 3296 5311 ἔξω
3341 5245 3689 5315 γελοιότητος

2105 5336 2343 5390 κείσεται
2359 5337 2427 5392 τὰ
2454 5338 2595 5392 κατὰ
2624 5338 2788 5409 μηδὲν
2807 5337 3058 5407 ἀλλήλοις
3079 5336 3439 5393 κοινωνοῦντα
3460 5340 3689 5409 συγκρίο

2105 5447 2232 5494 νων,
2268 5432 2360 5483 καὶ
2391 5431 2542 5501 ἥλιον
2574 5431 2730 5496 ξύλου
2772 5431 2947 5500 λέγων
2993 5427 3133 5486 εἶναι
3181 5431 3582 5502 λαμπρότερον.
3619 5432 3685 5486 Ei

2102 5523 2284 5575 τοίνυν
2317 5522 2383 5576 τὰ
2411 5525 2698 5595 ἑτερογενῆ
2730 5523 2823 5577 καὶ
2854 5522 2951 5594 τὴν
2989 5523 3127 5594 πρὸς
3154 5522 3361 5594 ἄλληλα
3392 5522 3683 5594 σύγκρισιν

2104 5615 2519 5685 παραιτούμενα
2565 5615 2827 5685 φαίνεται,
2861 5615 3183 5679 ἀπαίδευτος
3233 5619 3266 5686 ἡ
3322 5616 3586 5687 πρότασις
3622 5616 3686 5668 τὸ

2112 5707 2293 5777 μεῖζον
2338 5710 2431 5762 καὶ
2464 5710 2525 5761 τὸ
2556 5707 2775 5762 ἔλαττον
2806 5708 2897 5760 ἐπὶ
2945 5708 3076 5761 Υὶοῦ
3107 5710 3199 5761 καὶ
3234 5709 3448 5778 Πατρὸς
3498 5708 3683 5775 εἰσφέ-

2109 5816 2293 5871 ρουσα,
2325 5800 2481 5871 εἴπερ
2518 5802 2651 5855 εἰσιν
2689 5801 2747 5853 οὐ
2793 5802 2891 5874 τῆς
2918 5801 3091 5873 αὐτῆς
3122 5801 3331 5866 οὐσίας,
3360 5800 3480 5855 καθ’
3509 5802 3679 5872 ὑμᾶς.
