3882 6210
271 259 380 320 153

1697 268 1973 328 THESAU
1988 272 2145 330 nus.

3443 281 3544 337 Nil

270 378 367 432 καὶ
396 375 604 449 ταύτην
632 377 910 443 ἀπόδειξιν
955 382 1252 454 ποιουμένη
1300 385 1396 456 τῆς
1454 384 1860 460 ἐτεροουσιότη-

1972 402 2021 449 et
2055 394 2109 449 in
2147 408 2311 464 quam
2347 396 2526 453 minus
2559 397 2704 453 nulla
2736 396 2947 472 ratione
2981 398 3176 453 cadere
3207 408 3413 469 potest,
3448 403 3543 457 sed

267 488 383 535 τος,
414 472 482 541 ἢν
513 471 613 525 οὐκ
649 468 765 526 οἶδα
803 473 969 528 πόθεν
998 475 1303 531 ἐπινοοῦσιν
1337 480 1428 532 ἐπὶ
1454 480 1555 551 τῆς
1584 481 1653 536 τά
1680 484 1859 539 πάντα

270 562 680 632 ὑπερκειμένης
712 564 919 630 οὐσίας,
942 566 1037 619 καὶ
1062 566 1121 619 τὸ
1142 566 1362 621 ἔλαττον
1402 571 1705 641 οὐδαμόθεν
1748 591 1858 644 χω-

274 654 390 721 ρεῖν
433 653 774 725 δυναμένης·
828 655 1167 728 ἀπαιτούσης
1212 658 1271 713 δέ
1325 661 1527 726 μᾶλλον
1566 662 1666 735 τὴν
1721 664 1857 736 αὐτῇ

270 748 594 815 πρέπουσαν
638 746 972 818 τελειότητα,
1008 749 1242 821 ἐπείπερ
1276 751 1430 805 οὐδὲν
1471 752 1691 807 ἔλαττον
1737 754 1859 808 οὐδὲ

272 838 465 902 ἀτελὲς
492 840 551 892 ἐν
580 839 657 911 τῷ
686 842 828 894 κατά
853 840 1015 910 φύσιν
1047 841 1189 914 Θεῷ,
1209 845 1347 917 ὅπερ
1374 846 1522 901 ἐστὶν
1551 848 1579 901 6
1614 846 1764 912 Υἱός.

962 977 1162 1035 ΑΛΛΟ.

342 1111 583 1175 Μείζονά
606 1129 770 1181 φασιν
793 1114 840 1166 οἱ
869 1115 1229 1187 χριστομάχοι
1258 1116 1353 1171 τοῦ
1370 1118 1500 1173 Υίοῦ
1520 1118 1613 1175 τὸν
1637 1121 1860 1194 Πατέρα

269 1200 686 1271 δυσφημοῦντες
733 1205 1081 1274 ἀφυλάκτως,
1122 1209 1216 1262 καὶ
1279 1209 1356 1282 μὴ
1408 1210 1678 1277 νοοῦντες,
1715 1212 1861 1267 καθά

271 1293 607 1364 γέγραπται,
650 1297 790 1368 μήτε
823 1297 858 1351 ἀ
890 1298 1129 1368 λέγουσι,
1168 1302 1307 1371 μήτε
1338 1303 1469 1373 περὶ
1499 1304 1662 1357 τίνων
1688 1304 1860 1358 διαϐε-

271 1385 577 1440 6αιοῦνται.
614 1388 705 1440 Διὸ
735 1388 800 1460 δὴ
842 1389 1004 1444 πάλιν
1054 1394 1174 1455 ταῖς
1216 1393 1446 1447 ἐκείνων
1497 1396 1722 1465 μανίαις
1768 1396 1861 1450 τὸν

268 1471 984 1549 ὀρθδν’ἀντιστρατεύοντες
1026 1481 1206 1551 λόγον,
1240 1486 1590 1555 ἐρωτήσομεν
1631 1485 1855 1550 αὐτούς’

268 1570 477 1637 Λέγετε
516 1572 679 1625 πάλιν
708 1573 861 1643 ἡμῖν,
900 1567 945 1627 ὦ
975 1567 1144 1639 οὗτοι,
1176 1576 1404 1647 πότερόν
1430 1594 1583 1644 ποτε,
1606 1577 1859 1648 καθάπερ

269 1661 433 1730 ὑμεῖς
460 1678 619 1731 φατε,
657 1664 858 1732 μείζων
891 1659 959 1735 ἦν
986 1665 1073 1718 ἀεὶ
1100 1668 1129 1719 6
1163 1666 1354 1737 Πατὴρ
1387 1666 1481 1720 τοῦ
1509 1666 1665 1731 Υἱοῦ,
1698 1667 1731 1739 ἢ
1766 1668 1860 1736 γέ-

1962 501 2083 555 qua:
2126 488 2307 558 potius
2342 487 2727 559 perfectionem
2768 490 2873 546 sibi
2912 491 3324 547 convenientem
3362 496 3546 563 requi-

1964 580 2054 645 rit,
2083 580 2351 650 siquidem
2391 582 2524 637 nihil
2552 583 2732 638 minus
2758 593 2853 638 aut
2883 581 3260 653 imperfectum
3290 594 3373 641 est
3402 586 3453 640 in
3481 602 3547 642 eo

1962 672 2054 744 qui
2089 674 2413 730 naturaliter
2441 673 2581 731 Deus
2609 684 2717 742 est,
2746 676 2848 733 hoc
2874 684 2960 731 est
2989 676 3044 731 in
3074 673 3234 730 Filio.

2633 980 2867 1038 ALIUD.

2036 1119 2233 1176 Hostes
2261 1119 2464 1175 Christi
2498 1119 2761 1189 majorem
2798 1117 2960 1174 Patre
2988 1118 3183 1174 Filium
3216 1133 3335 1174 esse
3363 1118 3550 1173 dicunt

1962 1214 2201 1284 graviter
2224 1212 2680 1283 blasphemantes,
2704 1221 2760 1268 et
2786 1228 2891 1267 non
2919 1212 3304 1282 intelligentes,
3330 1220 3388 1265 ttt
3411 1212 3547 1266 scri-

1961 1315 2112 1377 ptum
2143 1314 2227 1360 est
2249 1307 2320 1370 ²¹,
2348 1319 2525 1375 neque
2551 1318 2614 1359 ea
2645 1319 2765 1372 qua:
2796 1305 3013 1368 dicunt,
3047 1318 3221 1372 neque
3248 1318 3368 1372 quae
3398 1318 3546 1356 asse-

1962 1406 2172 1453 verant.
2207 1396 2475 1463 Quocirca
2515 1411 2704 1451 rursus
2742 1396 2956 1450 illorum
2998 1394 3225 1450 insaniae
3257 1395 3545 1449 veritatem

1962 1498 2319 1560 opponentes,
2353 1503 2448 1545 eos
2484 1488 2963 1560 interrogahimus.
2999 1489 3172 1543 Dicite
3206 1487 3387 1555 nobis,
3421 1487 3547 1541 boni

1963 1582 2101 1647 viri,
2134 1581 2331 1637 Fuitne
2378 1596 2595 1652 semper
2623 1581 2814 1651 major,
2845 1588 2904 1635 ut
2944 1596 3040 1635 vos
3072 1579 3380 1650 loquimini,
3412 1577 3552 1632 Filio

1964 1673 2147 1739 Pater,
2179 1689 2244 1728 an
2281 1673 2569 1743 postmodo
2600 1674 2653 1728 id
2687 1671 2866 1728 factus
2897 1672 3022 1727 est?
3050 1670 3185 1725 Nam
3223 1671 3271 1725 si
3307 1679 3551 1737 tempore

267 1770 429 1820 γονεν
453 1754 713 1825 ’ὑστερον;
750 1757 812 1809 Εἰ
851 1757 950 1828 μὲν
978 1753 1072 1811 οὖν
1105 1758 1250 1811 κατά
1278 1777 1397 1812 τινα
1424 1759 1618 1830 χρόνον
1653 1759 1857 1829 μείζων

1972 1765 2143 1834 aliquo
2168 1763 2340 1831 major
2358 1762 2497 1818 Filio
2520 1762 2745 1820 elfectus
2768 1771 2875 1829 est,
2896 1763 3129 1817 accessit
3157 1762 3322 1832 igitur
3345 1760 3550 1831 aliquid

266 1846 522 1913 ἐφαίνετο
551 1846 642 1900 τοῦ
665 1846 817 1914 Υἰοῦ,
850 1849 1189 1921 προσγέγονέ
1206 1868 1258 1904 τι
1281 1850 1362 1922 τῷ
1384 1850 1503 1922 Θεῷ
1532 1852 1624 1906 καὶ
1646 1852 1820 1923 Πατρί
1840 1869 1853 1883 ⁸

266 1937 363 1989 καὶ
381 1936 410 1989 ὃ
432 1937 508 2008 μὴ
533 1940 798 2011 πρότερον
825 1940 1071 2011 ὑπῆρχεν
1096 1940 1268 2013 αὐτῷ,
1295 1942 1391 1996 νῦν
1415 1942 1556 2013 έχων
1583 1942 1854 2012 φαίνεταιο

267 2029 389 2091 πῶς
420 2024 513 2082 οὖν
553 2031 760 2093 τέλειος
798 2026 867 2103 ἦν
904 2034 932 2086 6
969 2031 1158 2086 τούτου
1201 2033 1523 2104 λειπόμενος
1555 2033 1613 2101 ἐξ
1646 2034 1857 2105 ἀρχῆς;

280 2122 425 2174 ’Λλλ“
448 2117 517 2192 ἦν
544 2124 633 2177 ἀεὶ
662 2123 891 2190 τέλειος,
920 2124 1022 2179 οὐκ
1049 2126 1158 2196 ἄρα
1179 2125 1424 2179 ἐλείπετο
1457 2126 1552 2179 τοῦ
1578 2126 1854 2197 μείζονος⁹

264 2208 337 2283 ἦν
371 2213 428 2266 δὲ
462 2214 548 2267 ἀεὶ
578 2213 758 2280 τοῦτο,
796 2215 919 2269 καθ’
950 2217 1114 2286 ὑμᾶς.
1134 2215 1297 2281 Ἀλλ’,
1332 2210 1377 2270 ὦ
1409 2215 1697 2286 βέλτιστοι,
1734 2233 1860 2269 aw-

265 2307 433 2375 ορᾶτε
480 2306 541 2377 δή
590 2323 694 2359 που
747 2306 842 2361 καὶ
890 2307 1049 2378 ὑμεῖς
1079 2307 1282 2361 ὅτιδιά
1312 2307 1373 2361 τὸ
1400 2307 1624 2361 ἔλαττον
1658 2307 1753 2362 καὶ
1800 2307 1862 2360 τὸ

270 2397 460 2466 μεῖζον
508 2398 636 2467 ὑμῖν
682 2398 921 2466 εὐλόγως
969 2399 1324 2465 κινδυνεύσει,
1376 2403 1469 2454 καὶ
1520 2399 1862 2470 δειχθήσεται

267 2490 456 2543 λοιπὸν
480 2490 648 2555 ἕωλος
682 2492 839 2563 ὑμῶν
871 2494 905 2564 ἡ
934 2492 1219 2564 πρότασις.
1252 2493 1327 2547 Τὸ
1355 2493 1466 2562 γάρ
1508 2493 1692 2565 μεῖζόν
1716 2509 1861 2557 τινος

267 2582 583 2653 λεγόμενον,
615 2584 716 2637 οὐκ
743 2583 812 2638 ἂν
842 2584 926 2655 εἴη
958 2585 1164 2656 μεῖζον,
1184 2585 1275 2656 »μὴ
1320 2585 1510 2657 ἐτέρου
1544 2585 1691 2650 τινὸς
1721 2586 1862 2639 πάν-

269 2690 381 2738 τως
414 2675 817 2747 παρακειμένου
848 2677 944 2728 καὶ
968 2675 1272 2740 ἐλάττονος,
1314 2676 1450 2746 πρὸς
1478 2676 1506 2730 ὃ
1538 2676 1602 2748 δὴ
1639 2679 1734 2731 καὶ
1764 2696 1864 2749 με·

270 2766 595 2838 τροὺμενον,
633 2766 818 2839 μεῖζον
852 2768 928 2833 ὡς
957 2769 1093 2840 πρὸς
1125 2769 1261 2823 αὐτὸ
1289 2769 1564 2839 φαίνεται.
1594 2771 1658 2824 Εἰ
1682 2771 1866 2825 τοίνυν

268 2861 363 2913 ἀεὶ
410 2860 613 2931 μείζων
646 2857 717 2933 ἦν
748 2864 989 2934 ὁΠατὴρ
1026 2861 1123 2916 τοῦ
1151 2862 1303 2929 Υἰοῦ,
1336 2863 1552 2936 ἀνάγκη
1597 2866 1751 2920 πᾶσα
1773 2866 1867 2919 τὸν

268 2952 405 3007 Υίδν
459 2955 904 3025 συνεισφέρεσθαι
945 2954 1023 3026 τῷ
1068 2957 1262 3027 Πατρὶ,
1303 2956 1441 3029 πρὸς
1479 2957 1539 3011 ὃν
1588 2957 1684 3024 ὡς,
1734 2959 1869 3012 καθ’

270 3046 442 3115 ὑμᾶς,
471 3047 730 3102 ἐλάττονα
744 3047 873 3101 ὄντα
897 3049 1347 3119 συγκρινόμενος,
1371 3049 1573 3119 μείζων
1590 3050 1865 3120 ἐφαίνετο.

1963 1857 2071 1912 Deo
2108 1871 2172 1911 ac
2207 1855 2355 1910 Patri
2396 1875 2411 1912 :
2452 1865 2506 1911 et
2543 1855 2687 1924 quod
2726 1865 2887 1909 antea
2925 1854 2975 1909 ei
3015 1868 3120 1908 non
3160 1854 3364 1913 inerat,
3405 1868 3551 1907 nunc

1962 1949 2164 2005 habere
2190 1948 2464 2015 cernitur;
2493 1947 2768 2019 quomodo
2796 1946 2961 2015 igitur
2987 1944 3264 2015 perfectus
3293 1954 3431 2008 erat,
3462 1944 3550 1998 cui

1963 2044 2016 2098 id
2058 2044 2127 2096 ah
2167 2042 2325 2096 initio
2358 2040 2582 2095 deerat?
2616 2038 2780 2109 Atqui
2817 2052 3035 2108 semper
3066 2045 3186 2092 erat
3227 2035 3498 2106 perfectus
3533 2052 3549 2089 :

1964 2150 2069 2191 non
2099 2135 2266 2204 igitur
2286 2133 2464 2188 caruit
2490 2131 2698 2201 majore
2723 2148 2738 2185 :
2767 2144 2983 2198 semper
3002 2128 3150 2182 enim
3178 2127 3231 2182 id
3256 2135 3375 2181 erat
3395 2126 3553 2196 juxta

1965 2241 2079 2281 vos.
2110 2227 2375 2280 Caeterum
2405 2223 2598 2279 videtis
2628 2223 2790 2277 etiam
2820 2236 2917 2277 vos
2949 2236 3044 2291 per
3074 2220 3256 2274 minus
3287 2228 3342 2275 et
3372 2219 3551 2284 majus

1964 2317 2288 2390 periclitari,
2320 2329 2628 2385 vanamque
2660 2313 2995 2384 deprehendi
3032 2321 3270 2366 vestram
3302 2309 3551 2380 proposiw

1968 2415 2191 2468 tionem.
2232 2410 2387 2478 Quod
2426 2409 2571 2465 enim
2621 2406 2796 2476 majus
2838 2406 3022 2475 aliquo
3063 2404 3283 2469 dicitur,
3323 2418 3432 2457 non
3482 2402 3555 2454 sit

1966 2505 2174 2576 tuajns,
2203 2504 2305 2558 nisi
2338 2502 2484 2557 aliud
2512 2499 2791 2572 quidpiam
2818 2498 2963 2571 quod
2993 2497 3175 2552 minus
3204 2497 3276 2551 sit
3306 2510 3547 2565 appona-

1968 2609 2077 2661 tur,
2114 2598 2178 2650 ad
2221 2596 2362 2665 quod
2403 2593 2656 2649 collatum
2696 2589 2870 2659 majus
2904 2605 2970 2646 eo
3006 2596 3288 2657 appareat.
3327 2586 3384 2641 Si
3422 2601 3554 2656 ergo

1967 2683 2128 2739 Pater
2152 2698 2366 2753 semper
2392 2681 2492 2736 fttit
2519 2680 2691 2751 major
2716 2679 2872 2745 Filio,
2902 2678 3274 2734 necessarium
3301 2676 3410 2748 93
3439 2692 3555 2732 om-

1969 2778 2100 2833 nino
2123 2786 2206 2831 est
2229 2787 2288 2831 ut
2310 2792 2414 2829 tttta
2436 2790 2561 2829 cum
2586 2772 2745 2827 Patre
2768 2771 3035 2827 inferatur
3055 2770 3253 2837 Filius,
3274 2772 3342 2824 ad
3367 2784 3551 2839 quem,

1969 2872 2267 2925 secundum
2308 2878 2547 2924 vestram
2588 2866 2925 2937 opinionem,
2964 2872 3337 2933 comparatus,
3382 2865 3558 2932 major

1969 2962 2239 3033 apparuit.
2270 2960 2328 3017 Si
2361 2976 2513 3032 ergo,
2548 2970 2607 3013 ut
2636 2973 2733 3014 vos
2764 2955 3084 3029 opinamini,
3121 2954 3244 3010 ideo
3279 2951 3444 3008 Pater
3471 2961 3559 3007 est

1971 3055 2146 3123 major
2176 3051 2348 3118 Filio,
2382 3053 2507 3123 quia
2538 3051 2628 3105 ille
2657 3051 2726 3104 ab
2754 3059 2961 3104 aeterno
2991 3055 3140 3111 erat,
3172 3047 3263 3102 hic
3290 3059 3420 3100 vero
3450 3059 3555 3100 non

272 3139 341 3190 Ei
368 3139 567 3204 τοίνυν,
607 3138 749 3193 κατά
792 3140 891 3210 τὴν
940 3141 1215 3213 ὑμετέραν
1262 3142 1549 3213 πρότασιν,
1580 3142 1668 3197 διὰ
1705 3142 1861 3197 τοῦτο

1972 3149 2120 3211 item,
2151 3162 2274 3201 cum
2306 3145 2417 3215 jattt
2451 3155 2731 3199 ostensum
2762 3143 2835 3196 sit
2865 3155 2990 3195 eum
3023 3154 3240 3209 semper
3296 3153 3422 3193 cum
3458 3136 3555 3190 Pa-

276 3230 482 3302 μείζων
530 3232 679 3285 ἐστὶν
723 3235 751 3286 ὁ
803 3232 993 3305 Πατὴρ
1024 3233 1120 3286 τοῦ
1156 3233 1310 3298 Υίοῦ,
1358 3236 1659 3306 ἐπειδήπερ
1702 3235 1866 3297 αὐτὸς

272 3326 463 3389 ἀῐδίως
498 3325 596 3396 μὲν
628 3321 716 3395 ἦν,
734 3325 762 3377 6
788 3323 846 3377 δὲ
873 3324 1000 3388 Υἱὸς
1026 3325 1126 3395 οὐχ
1153 3323 1349 3389 οὑτως,
1378 3326 1567 3396 ἐπειδὴ
1596 3324 1866 3379 δέδεικται

274 3418 453 3471 συνὼν
482 3418 569 3472 ἀεὶ
589 3419 684 3471 καὶ
714 3418 1077 3491 συνυπάρχων
1105 3416 1182 3488 τῷ
1206 3418 1404 3487 Πατρὶ,
1426 3420 1526 3471 οὐκ
1548 3416 1702 3471 ἔσται
1724 3417 1868 3470 κατά

272 3529 329 3565 τι
356 3511 486 3580 γοῦν
520 3511 780 3572 ἐλάττων,
810 3510 846 3582 ἢ
886 3508 1225 3579 ἐτεροούσιος
1267 3502 1531 3580 αὐτοῦ.ᾯ
1567 3508 1675 3580 γὰρ
1723 3508 1868 3577 λόγῳ

278 3605 357 3676 μὴ
387 3603 561 3658 συνὼν
586 3603 915 3657 ἀπελείπετο
954 3604 1055 3674 τῆς
1100 3603 1365 3674 ἰσότητος,
1397 3602 1477 3673 τῷ
1515 3602 1663 3673 αὐτῷ
1705 3602 1869 3655 πάλιν

276 3699 376 3751 καὶ
418 3697 477 3765 ἐξ
514 3698 878 3770 ἀντιστροφῆς
905 3696 1073 3766 λόγῳ,
1107 3695 1293 3767 ἐπειδὴ
1334 3697 1693 3768 συνυπάρχει,
1735 3697 1869 3751 κατ’

273 3791 468 3844 οὐδένα
497 3790 698 3862 τρόπον
742 3789 1225 3859 ἀπολειφθήσεται.
1245 3789 1369 3842 Ἐπὶ¹
1395 3789 1452 3842 δέ
1482 3789 1593 3843 τῶν
1618 3788 1871 3860 ἀλλήλοις

276 3885 423 3937 κατά
462 3884 640 3937 πάντα
678 3884 1077 3954 προσεοικότων
1107 3881 1377 3952 φυσικῶς,
1410 3883 1505 3935 καὶ
1535 3880 1756 3954 μεγέθει
1794 3882 1870 3953 μὴ

279 3977 688 4048 μετρουμένων,
718 3976 823 4031 ποῦ
860 3977 1104 4048 χωρήσει
1133 3976 1194 4029 τὸ
1225 3975 1413 4047 μεῖζον
1457 3976 1554 4029 καὶ
1594 3975 1657 4029 τὸ
1708 3973 1837 4028 ἔλατ

276 4088 371 4125 τον
392 4088 409 4138 ;

975 4204 1178 4258 ΔΛΛΟ.

353 4347 416 4399 Εἰ
444 4343 643 4415 μείζων
672 4344 701 4394 6
731 4341 921 4413 Πατὴρ
950 4342 1044 4394 τοῦ
1076 4341 1230 4403 Υίοῦ,
1271 4340 1413 4393 κατά
1457 4341 1556 4412 τὴν
1597 4340 1873 4411 ὑμετέραν

277 4439 566 4509 πρότασιν.
620 4429 666 4489 ὦ
706 4432 1084 4505 χριστομὰχοι,
1138 4430 1256 4495 πῶς
1298 4430 1448 4501 αὐτῷ
1497 4430 1595 4502 τὴν
1648 4433 1871 4500 ἰσότητα

1969 3246 2054 3294 tre
2083 3238 2355 3292 exsistere
2385 3254 2398 3290 :
2431 3252 2537 3290 non
2568 3235 2673 3290 erit
2702 3244 2849 3289 certe
2879 3234 3178 3287 secundum
3214 3228 3421 3299 aliquid
3456 3227 3557 3280 mi-

1969 3348 2091 3399 nor,
2128 3340 2222 3385 attt
2257 3331 2489 3385 diversa:
2524 3328 2593 3382 ab
2626 3342 2693 3381 eo
2726 3324 3003 3381 essentiae.
3041 3321 3242 3377 Eadem
3278 3320 3425 3377 enim
3462 3334 3553 3372 ra-

1968 3427 2119 3480 tione
2146 3438 2252 3493 qua
2286 3423 2571 3493 probatur,
2601 3421 2646 3473 si
2680 3433 2786 3471 una
2817 3432 2942 3471 cum
2973 3414 3137 3469 Patre
3167 3428 3275 3467 non
3305 3411 3559 3473 exsistit,

1968 3515 2039 3569 ab
2073 3512 2384 3583 aaqualitate
2418 3510 2653 3565 deiicere
2694 3526 2708 3562 :
2744 3508 2934 3561 eadem
2970 3504 3138 3559 etiam
3179 3516 3248 3557 ex
3289 3501 3556 3560 adverso,

1969 3610 2096 3679 quia
2133 3622 2240 3661 una
2277 3621 2401 3661 cum
2442 3604 2603 3657 Patre
2634 3600 2874 3661 exsistit,
2909 3596 3058 3653 nullo
3098 3594 3259 3664 plane
3292 3592 3454 3646 modo
3489 3591 3559 3643 ah

1968 3719 2034 3759 eo
2072 3704 2255 3771 dispar
2287 3699 2415 3755 erit.
2450 3696 2510 3751 In
2551 3696 2619 3751 iis
2648 3710 2778 3749 vero
2814 3706 2935 3762 quae
2972 3705 3070 3760 per
3099 3687 3286 3742 omnia
3323 3686 3464 3739 inter
3497 3699 3557 3738 se

1972 3793 2295 3850 naturaliter
2320 3790 2519 3845 similia
2561 3794 2690 3842 sunt
2712 3827 2730 3854 ,
2759 3794 2816 3840 et
2854 3780 3225 3854 magnitudine
3254 3791 3364 3832 non
3398 3789 3553 3830 men-

1971 3895 2253 3953 surantur,
2283 3897 2444 3954 quem
2481 3880 2660 3935 locum
2693 3874 2916 3933 habebit
2946 3872 3122 3944 majus
3150 3879 3210 3929 et
3243 3865 3487 3938 minus?)

2657 4191 2882 4248 ALIUD.

2047 4335 2105 4390 Si
2146 4332 2312 4388 Pater
2347 4328 2525 4397 major
2560 4336 2645 4383 est
2683 4324 2854 4389 Filio,
2888 4322 3187 4379 secundum
3223 4327 3495 4387 vestram,
3528 4335 3563 4372 ο

1974 4429 2159 4484 hostes
2186 4423 2423 4489 Christi,
2456 4419 2919 4491 propositionem,
2950 4430 3059 4485 quo
3090 4422 3251 4484 pacto
3280 4412 3481 4467 Paulus
3511 4412 3561 4464 ei

281 4506 494 4595 Παῦλος
537 4530 851 4590 ἀποδίδωσι,
883 4528 1089 4597 λέγων⁹
1126 4529 1258 4590 «Ὃς
1282 4529 1339 4579 ἐν
1375 4527 1558 4596 μορφῇ
1594 4523 1731 4577 Θεοῦ
1765 4525 1861 4577 ὑπ-

1975 4522 2337 4593 aaqualitatem
2384 4516 2605 4580 tribuit,
2648 4513 2833 4570 dicens
2870 4529 2884 4565 :
2934 4528 2953 4561 ι
2999 4509 3102 4576 Qui
3147 4508 3200 4561 in
3245 4506 3420 4561 forma
3467 4506 3563 4561 Dei

279 4626 487 4695 ἅρχων,
516 4624 615 4692 οὐχ
660 4620 954 4692 ἁρπαγμὸν
991 4621 1237 4691 ἡγήσατο
1275 4619 1337 4671 τὸ
1379 4612 1517 4671 εἶναι
1572 4616 1661 4670 ἴσα
1708 4616 1827 4688 Θεῷ
1857 4633 1869 4644 ’

280 4716 396 4771 ἀλλ’
424 4716 616 4769 ἐαυτὸν
647 4715 906 4777 ἐκένωσε,
936 4713 1150 4786 μορφὴν
1180 4711 1368 4766 δούλου
1400 4709 1605 4774 λαϐὼν,
1627 4710 1721 4763 καὶ
1742 4716 1872 4780 σχή-

287 4828 418 4880 ματι
454 4808 702 4881 εὑρεθεὶς
728 4807 804 4872 ὡς
835 4806 1143 4878 ἄνθρωπος,
1178 4803 1545 4858 ἐταπείνωσεν
1582 4802 1809 4866 ἐαυτόν;
1846 4818 1863 4851 ι

285 4902 350 4955 Ei
372 4899 552 4953 τοίνυν
576 4902 605 4952 6
632 4901 731 4969 τῆς
763 4896 1231 4967 ἐνανθρωπήσεως
1255 4894 1457 4963 τρόπος
1486 4893 1582 4965 τὴν
1609 4892 1872 4946 ταπείνω-

287 5010 372 5045 σιν
399 4991 534 5063 ἔχει,
563 4991 655 5044 καὶ
682 4990 780 5060 τὴν
810 4988 1111 5060 λεγομένην
1142 4985 1333 5041 ἐνθάδε
1371 4986 1623 5050 κένωσιν,
1655 4984 1868 5055 ἀνάγκη

286 5086 436 5137 πᾶσα
484 5080 753 5146 σώζεσθαι
782 5080 842 5134 τὸ
867 5080 1070 5133 τέλειον
1096 5079 1174 5150 τῷ
1204 5077 1318 5150 Υίῷ
1350 5078 1473 5131 κατ’
1506 5077 1729 5147 ἰσότητα
1769 5077 1871 5146 τὴν

285 5175 423 5246 πρὸς
454 5177 545 5228 τὸν
573 5173 707 5227 Θεὸν
741 5173 834 5227 καὶ
866 5172 1086 5244 Πατέρα
1118 5172 1224 5243 πρὸ
1253 5172 1353 5242 τῆς
1383 5170 1871 5242 ἐνανθρωπήσεως.

298 5267 580 5321 Ἐντεῦθεν
610 5266 720 5337 γὰρ
749 5268 882 5337 ήμῖν
908 5268 1159 5334 φανεῖται
1198 5265 1294 5318 καὶ
1339 5265 1373 5335 ἡ
1422 5262 1770 5326 ταπείνωσις.
1808 5262 1871 5315 Ei

286 5360 397 5429 γὰρ
423 5354 491 5429 ἦν
516 5358 755 5412 ἐλάττων
780 5359 839 5424 ἐξ
869 5357 1066 5411 ἐαυτοῦ
1091 5359 1189 5412 καὶ
1210 5357 1315 5429 πρὸ
1338 5356 1440 5427 τῆς
1467 5356 1871 5421 ταπεινώσεως,

288 5455 382 5506 ποῖ
407 5452 472 5522 δὴ
502 5452 610 5522 ἄρα
662 5451 1060 5524 καταϐεϐηκὼς
1084 5452 1402 5525 ὀφθήσεται,
1441 5452 1535 5507 καὶ
1562 5451 1646 5518 τίς
1684 5452 1821 5525 ἡμῖν
1846 5452 1874 5504 6

288 5546 390 5617 τῆς
418 5545 803 5610 ταπεινώσεως
828 5547 1060 5617 τρόπος;

367 5727 409 5757 ’⁸
447 5724 727 5781 lTitnoth.
764 5741 803 5794 ι,
836 5725 889 5780 7.
969 5726 1013 5757 ³³
1042 5724 1274 5796 Pltilipp.
1304 5740 1363 5794 tt,
1400 5724 1454 5795 6,
1488 5724 1538 5779 7.

1976 4617 2280 4679 exsistens,
2311 4625 2415 4666 non
2444 4609 2689 4679 rapinam
2718 4605 3015 4660 arbitratus
3039 4610 3121 4656 est
3148 4614 3208 4654 se
3232 4613 3354 4654 esse
3379 4613 3565 4668 aequa-

1979 4711 2083 4764 lem
2114 4706 2256 4771 Deo,
2288 4704 2381 4758 sed
2412 4702 2650 4770 seipsum
2680 4696 3011 4759 exinanivit,
3043 4692 3274 4748 formam
3304 4690 3444 4744 servi
3474 4703 3566 4742 ac-

1976 4800 2217 4870 cipiens,
2246 4805 2410 4866 atque
2439 4791 2627 4848 habitu
2656 4790 2909 4844 inventus
2938 4794 2998 4839 ut
3029 4776 3567 4861 homonhumiliavit

1978 4888 2315 4963 seipsum”?
2360 4907 2379 4940 ι
2427 4886 2486 4941 Si
2530 4896 2661 4954 ergo
2698 4875 3090 4936 incarnationis
3132 4873 3347 4929 ratione
3386 4870 3567 4925 humi-

1981 4961 2145 5040 liatus
2178 4992 2340 5051 atque
2372 4976 2686 5034 exinanitus
2716 4972 2938 5037 dicitur,
2972 4978 3196 5024 necesse
3226 4961 3452 5019 omnino
3483 4968 3567 5012 est

1979 5088 2040 5133 ut
2064 5074 2327 5148 perfectio
2351 5069 2474 5126 Filii
2501 5066 2828 5128 retineatur,
2853 5060 3068 5116 ratione
3091 5052 3422 5127 aequalitatis
3447 5065 3567 5119 qua-

1978 5173 2027 5227 ei
2059 5146 2183 5226 cum
2218 5168 2328 5223 Deo
2358 5174 2414 5220 et
2443 5162 2604 5217 Patre
2636 5154 2924 5212 intercedit
2953 5160 3080 5207 ante
3113 5146 3566 5206 incarnationem.

1981 5268 2120 5324 Hinc
2152 5263 2297 5320 enim
2331 5269 2386 5316 et
2417 5254 2723 5314 humiliatio
2755 5267 2787 5306 a
2821 5251 2981 5306 nobis
3017 5250 3396 5318 cognoscetur.
3431 5237 3564 5292 Nam

1982 5360 2030 5416 si
2057 5374 2156 5431 per
2184 5372 2243 5412 se
2269 5355 2449 5411 minor
2473 5360 2593 5409 erat
2616 5351 2783 5407 etiam
2811 5356 2938 5402 ante
2964 5336 3431 5431 incarnationem,
3459 5345 3572 5430 quo

1983 5422 2146 5524 pacto
2172 5447 2526 5506 descendisse
2552 5451 2831 5509 ccrnctur,
2861 5448 2955 5494 aut
2980 5445 3229 5507 quaenam
3259 5425 3365 5485 erit
3390 5422 3576 5481 humi-

1986 5543 2224 5601 liationis
2256 5539 2432 5598 ratio?
