3882 6210
300 296 407 352 155
1341 294 1395 349 S.
1441 293 1709 351 CYRIILI
1750 294 1833 352 AL

2061 296 2223 355 )lilNl
2263 297 2585 357 AlKClllEP.
3483 297 3594 353 156

978 408 1210 467 ALIUD.
1860 424 1863 427 λ
1919 420 1967 475 Α

1860 424 1863 427 λ
1919 420 1967 475 Α
2684 415 2886 471 ΑΛΛΟ.

375 525 430 579 Si
466 539 565 595 per
596 524 906 596 passionem
941 524 1136 580 mortis
1171 524 1516 580 imminutum
1549 524 1733 581 Jesum
1769 541 1891 581 cer-

2067 526 2128 578 Ei
2156 525 2244 579 διὰ
2275 526 2336 580 τὸ
2369 525 2598 597 πάθημα
2625 527 2722 580 τοῦ
2759 527 2991 583 θανάτου
3033 528 3303 600 βλέπομεν
3339 530 3588 601 ἠλαττω-

303 618 520 679 nimus,
554 614 709 685 juxta
750 615 902 671 Pauli
939 630 1126 672 vocem
1150 616 1217 684 “,
1253 632 1383 688 ergo
1417 628 1544 672 ante
1579 620 1833 687 passione

2057 618 2156 671 Ξνον
2186 618 2276 671 τὸν
2320 618 2547 685 Ἰησοῦν,
2583 620 2727 674 κατὰ
2749 621 2851 693 τὴν
2884 621 2978 674 τοῦ
3006 622 3220 675 Παύλου
3257 623 3459 693 φωνὴν,
3479 623 3590 693 πρὸ

306 709 487 764 minus
521 708 575 764 in
615 709 733 779 ipso
769 724 874 764 non
911 716 1049 764 erat.
1086 708 1220 765 Cum
1256 725 1385 765 vero
1422 710 1512 765 hic
1548 711 1726 774 dicat,
1765 726 1839 779 pel

2060 706 2088 760 ῦ
2117 707 2325 772 πάθους
2345 708 2455 779 ἄρα
2483 708 2544 761 τὸ
2578 707 2800 763 ἔλαττον
2829 710 2931 763 οὐκ
2954 706 3024 781 ἦν
3045 712 3104 763 ἐν
3136 711 3303 781 αὐτῷ.
3324 712 3590 774 Εἰπόντος

305 800 507 855 fectum
532 801 706 872 ipsum
733 816 854 856 esse
878 816 1104 858 necesse
1126 812 1231 858 est.
1254 802 1388 858 Cum
1416 812 1594 859 autem
1622 804 1838 874 perfecti

2088 797 2380 862 τούτου,τὸ
2400 795 2541 853 εἶναι
2565 798 2776 853 τέλειον
2811 801 2976 854 αὐτὸν
3004 801 3296 855 εἰσϐαίνειν
3340 803 3585 874 ἀνάγκη.

307 892 380 946 sit
410 890 595 958 Filius,
627 901 682 947 et
713 890 1031 962 perfectioni
1064 892 1244 950 Patris
1272 894 1607 964 adaequatus,
1642 906 1793 950 certe
1823 895 1837 949 i

2055 891 2211 955 ἕλειος
2248 890 2305 944 δὲ
2334 891 2411 944 ὣν
2448 893 2478 945 6
2512 891 2662 957 Υἱὸς,
2693 893 2786 945 καὶ
2809 894 2877 963 τῇ
2915 892 3007 946 τοῦ
3049 892 3262 963 Πατρὸς
3285 893 3588 963 τελειότητι

306 982 401 1039 Iud
428 984 806 1040 haereticorum
832 984 1032 1051 minus,
1059 984 1237 1040 locum
1271 986 1326 1041 in
1357 986 1475 1057 ipso
1508 1003 1615 1043 non
1649 987 1839 1042 habebi

2089 982 2421 1052 ρισούμενος,
2452 983 2551 1037 οὐκ
2578 982 2883 1050 ἐπιδέξεται
2916 982 3161 1054 δηλονότι
3182 983 3292 1038 τῶν
3310 983 3587 1054 ἀνομοίων
3617 1055 3622 1065 ς

1995 1075 2057 1128 τὸ
2086 1074 2361 1130 ἔλαττον.

985 1188 1215 1245 ALIUD.

2682 1190 2892 1245 ΔΛΛΟ.

375 1323 600 1391 Paulus,
636 1324 940 1381 lcstiﬁcans
966 1326 1335 1396 aequalitatem
1353 1341 1473 1397 qua:
1490 1326 1631 1383 Filio
1646 1342 1767 1383 cum
1798 1327 1898 1383 Pa-

2067 1325 2180 1399 Τὴν
2210 1326 2430 1397 ἰσότητα
2458 1325 2533 1397 τῷ
2561 1324 2678 1397 Υἱῷ
2723 1323 3166 1397 προσμαρτυρῶν
3198 1327 3227 1379 6
3262 1324 3477 1391 Παῦλος
3516 1325 3592 1397 ἢν

306 1424 391 1469 tre
434 1416 746 1480 intercedit,
782 1416 980 1471 alicubi
1026 1418 1097 1471 ita
1146 1418 1371 1488 inquit:
1416 1436 1436 1470 ι
1476 1418 1577 1486 Qui
1624 1421 1676 1473 in
1723 1420 1839 1475 forn

2064 1438 2113 1474 ει
2159 1420 2298 1493 πρὸς
2346 1420 2434 1473 τὸν
2477 1418 2730 1490 Πατέρα,
2768 1418 2905 1488 φησί
2940 1435 3042 1470 που
3078 1416 3295 1485 σαφῶς·
3350 1420 3482 1481 ιὊς
3530 1419 3593 1470 ἐν

305 1507 484 1563 Patris
518 1508 787 1563 exsislens
822 1525 927 1564 non
965 1510 1207 1580 rapinam
1242 1512 1537 1568 arbitratus
1571 1521 1655 1567 est
1687 1526 1746 1566 se
1777 1527 1836 1568 es

2061 1510 2182 1579 ιρφῇ
2236 1507 2372 1561 Θεοῦ
2419 1506 2700 1578 ὑπάρχων,
2741 1508 2841 1578 οὐχ
2891 1506 3189 1577 ἁρπαγμὸν
3242 1508 3487 1578 ἡγήσατο
3526 1508 3594 1561 τὸ

302 1600 570 1669 aequalem
602 1600 732 1657 Deo.
767 1621 785 1654 ι
820 1603 963 1659 Dicit
991 1619 1124 1661 vero
1150 1605 1315 1660 etiam
1343 1605 1519 1676 ipsum
1548 1605 1835 1661 imminutu

2062 1616 2137 1652 ναι
2169 1601 2259 1653 ἴσα
2283 1598 2423 1669 Θεῷ.
2458 1619 2477 1651 ι
2534 1599 2699 1667 Λέγει
2722 1598 2780 1651 δέ
2814 1598 2978 1652 αὐτὸν
3009 1599 3103 1652 καὶ
3129 1600 3475 1670 ἡλαττῶσθαι
3501 1600 3595 1653 διὰ

306 1693 479 1749 fuisse
522 1710 620 1765 per
655 1697 959 1766 passionem
1002 1700 1213 1754 mortis.
1253 1700 1388 1756 Cum
1430 1700 1597 1771 igitur
1632 1700 1747 1755 lieri
1790 1716 1839 1757 nt

2090 1688 2320 1760 πάθημα
2352 1688 2446 1742 τοῦ
2481 1689 2738 1743 θανάτου.
2775 1691 2891 1744 Οὐκ
2925 1691 3278 1761 ἐνδεχομένου
3301 1690 3594 1763 τοιγαροῦν

306 1786 481 1855 possit
520 1797 578 1842 ut
621 1789 687 1843 de
728 1803 835 1843 uno
876 1798 1043 1859 atque
1081 1791 1273 1846 eodem
1317 1792 1482 1847 simul
1523 1793 1839 1864 signiticeutl

2060 1782 2080 1829 ν’
2112 1781 2231 1843 ἐνὸς
2270 1783 2366 1836 καὶ
2400 1782 2497 1836 τοῦ
2532 1781 2699 1836 αὐτοῦ
2733 1783 3099 1855 σημαίνεσθαι
3125 1782 3262 1854 ὁμοῦ
3294 1784 3357 1838 τό
3384 1801 3441 1837 τε
3467 1786 3593 1854 μεῖ-

305 1879 482 1949 majus
522 1890 579 1934 et
625 1881 806 1938 minus
851 1885 1211 1950 naturaliter;
1262 1887 1616 1954 quaerendum
1663 1894 1747 1941 est
1788 1902 1838 1955 qt

2066 1888 2093 1925 ν
2124 1872 2217 1926 καὶ
2244 1872 2305 1925 τὸ
2334 1872 2556 1927 ἔλαττον
2597 1874 2866 1943 φυσικῶς,
2908 1875 3168 1946 ζητητέον
3199 1876 3347 1939 ὅπως
3375 1875 3470 1928 ἐπὶ
3495 1875 3596 1927 τοῦ

304 1981 466 2041 pacto
501 1982 793 2043 utrumque
828 1974 881 2029 in
922 1974 1032 2030 Deo
1065 1976 1244 2031 Verbo
1280 1978 1572 2041 tuebimur,
1610 1988 1665 2034 et
1700 1980 1755 2033 in
1790 1995 1837 2033 ιιι

2064 1964 2136 2018 ιοῦ
2164 1964 2341 2034 Λόγου
2368 1964 2711 2036 διασώσομεν
2746 1967 3055 2038 ἀμφότερα,
3087 1967 3184 2021 καὶ
3226 1968 3353 2039 περὶ
3375 1967 3466 2021 τὸν
3494 1967 3597 2021 ἕνα

304 2078 370 2117 ac
402 2064 521 2119 solo
553 2067 660 2120 duo
695 2067 808 2121 haac
840 2067 946 2122 sita
980 2081 1103 2123 esse
1135 2075 1461 2124 statuemus.
1491 2068 1603 2143 94
1633 2069 1837 2138 Quociri

2063 2053 2094 2106 ιὶ
2123 2052 2284 2124 μόνον
2316 2054 2385 2109 τὰ
2412 2053 2506 2107 δύο
2537 2054 2752 2109 κεῖσθαι
2779 2054 3047 2127 δώσομεν.
3084 2055 3296 2109 Οὐκοῦν
3323 2056 3459 2109 καθὸ
3486 2055 3596 2124 φύ-

304 2166 578 2223 quatenus
613 2167 804 2213 natura
842 2173 938 2213 sua
977 2158 1120 2215 Deus
1151 2169 1255 2225 est,
1288 2161 1516 2231 aequalis
1546 2173 1630 2218 est
1664 2164 1772 2219 Deo
1804 2178 1837 2234 q

2067 2164 2085 2199 t
2123 2146 2276 2216 Θεὸς,
2313 2148 2429 2211 ἴσος
2465 2146 2620 2202 ἔσται
2657 2146 2737 2218 τῷ
2786 2147 3105 2220 γεγενηκότι
3155 2146 3308 2219 Θεῷ·
3360 2146 3497 2199 καθὸ
3536 2146 3598 2198 δὲ

304 2264 429 2303 etim
464 2250 685 2321 genuit;
721 2261 992 2321 quatenus
1016 2267 1149 2309 vero
1179 2253 1352 2309 factus
1380 2265 1464 2311 est
1492 2256 1686 2321 homo,
1720 2257 1837 2311 imtr

2069 2256 2227 2308 γονεν
2273 2238 2582 2311 ἄνθρωπος,
2614 2239 2968 2311 ὴλαττῶσθαι
3015 2239 3256 2308 λέγεται.
3294 2239 3358 2291 Et
3403 2239 3463 2291 δέ
3507 2255 3600 2301 τις

308 2353 473 2399 nutus
495 2357 615 2398 esse
635 2344 852 2399 dicitur.
870 2346 929 2401 Si
953 2346 1076 2416 quis
1099 2356 1279 2403 autem
1303 2363 1333 2402 a
1359 2350 1592 2404 naturali
1615 2349 1733 2420 ejus
1754 2364 1841 2407 exs

2068 2330 2193 2387 θέλοι
2214 2331 2315 2402 τῆς
2343 2329 2581 2403 φυσικῆς
2607 2332 2899 2403 ὑπάρξεως
2927 2332 3092 2386 αὐτοῦ
3122 2331 3220 2403 τὴν
3244 2331 3601 2403 ἱσότητα,καὶ

310 2433 510 2487 stentia
542 2436 912 2504 aequalitatem
945 2439 1173 2503 adimat,
1207 2455 1382 2510 neque
1415 2442 1553 2495 hanc
1586 2442 1638 2496 in
1673 2457 1737 2498 eo
1767 2458 1843 2499 c01

2070 2443 2082 2496 ι
2125 2427 2184 2480 ἐν
2226 2424 2403 2496 τούτῳ
2432 2424 2639 2497 ταύτην
2676 2424 2951 2489 σώζεσθαι
2980 2425 3273 2494 λέγοι,-ποῖ
3316 2423 3380 2494 δὴ
3410 2423 3603 2476 λοιπὸν

308 2526 514 2579 servari
539 2530 858 2593 contendat,
885 2530 1102 2585 ubinam
1133 2532 1298 2600 igitur
1317 2533 1420 2587 sita
1448 2532 1586 2588 erit?
1610 2534 1716 2588 Aut
1740 2550 1841 2606 que

2074 2518 2281 2585 ίσεται;
2320 2519 2392 2572 Ἦ
2423 2520 2574 2571 ποῖον
2609 2516 2721 2582 ἓξει
2761 2517 2854 2570 τὸν
2886 2517 3049 2571 τόπον
3076 2516 3172 2570 τοῦ
3198 2515 3329 2569 Υἱοῦ
3357 2514 3419 2568 τὸ
3449 2514 3604 2581 ἐξαί-

306 2617 483 2671 locum
521 2619 743 2674 habebit
777 2620 901 2675 Filii
936 2624 1291 2692 excellentia,
1326 2639 1449 2679 cum
1487 2628 1601 2682 sola
1639 2628 1839 2682 immim

2071 2629 2182 2674 τον,
2220 2612 2391 2683 μόνης
2433 2612 2534 2683 τῆς
2585 2610 2941 2675 ἐλαττώσεως
2972 2609 3307 2681 φαινομένης
3348 2606 3478 2678 περὶ
3506 2606 3604 2659 τὸν

308 2709 384 2763 tio
414 2721 673 2778 appareat
702 2711 850 2768 circa
886 2714 1288 2772 incarnationis
1320 2716 1638 2772 rationem?

1339 2716 1590 2772 -ationem
1614 2719 1638 2772 1
2002 2704 2106 2774 τῆς
2134 2701 2610 2774 ἐνανθρωπήσεως
2638 2700 2872 2772 τρόπον;

307 2839 550 2912 lapidem
581 2859 601 2897 :
636 2842 789 2908 Quod
825 2843 1000 2899 Filius
1041 2863 1133 2912 per
1166 2865 1342 2901 omnia
1376 2849 1565 2903 similis
1595 2852 1665 2904 sit
1702 2850 1810 2907 Deo
1839 2889 1840 2896 η

2071 2841 2132 2891 ’τι
2162 2841 2248 2912 εἰς
2276 2838 2342 2912 τό
2374 2840 2559 2912 αὐτό-ο
2592 2838 2721 2890 Ὀτι
2751 2836 2890 2912 ἶσος
2910 2839 2941 2889 ὀ
2967 2834 3098 2899 Υἱὸς
3128 2831 3277 2912 augt-:6
3302 2830 3498 2912 πᾳξπᾳ
3519 2826 3604 2892 τῷ

386 2910 569 2975 Patri,
608 2900 875 2983 proposito
907 2926 955 2969 et
995 2900 1662 2974 eiamiuato’di—ctu'ilvlo'v."
1684 2900 1902 2978 «Timeri

2079 2909 2202 2983 Θεῷ
2224 2900 2335 2983 *καὶ
2367 2908 2571 2983 (largi,
2608 2900 3005 2983 προκειμέιςου
3047 2903 3143 2983 καὶ
3174 2900 3605 2983 ἐξεταζομένρυ

385 2982 505 3064 (μου
532 2970 827 3064 οοὸρίηοη
848 2989 1079 3041 surrexit
1102 2970 1236 3042 inter
1253 2970 1404 3044 italos
1427 2990 1706 3047 mulierum
1730 2970 1906 3064 major

2075 2970 2302 3049 ρηέοῦ·
2336 2970 2573 3061 έἈμῆν
2616 2970 2773 3057 λέγω
2815 2970 2980 3064 ie”,
3003 2970 3608 3064 ηοτὲἐέηέϊῖῖτίξξαιηῗν

379 3046 593 3108 Joanne
622 3044 885 3125 Baptista,
920 3076 941 3109 θ
974 3068 1082 3112 etc.
1566 3044 1601 3046 ’ί
1732 3044 1891 3064 τ--νδν-

2073 3044 2389 3119 ἧτέινητοῖς
2423 3044 2725 3125 γυναικῶν
2752 3047 2963 3125 μείζξρν
3003 3044 3277 3099 Ἰωάννου
3330 3044 3434 3095 τοῦ
3486 3044 3606 3095 Ba-

1928 3141 1972 3200 c
2072 3116 2349 3186 ἐετιστὸῦ,
2392 3116 2601 3191 ι’μετᾰ
2621 3118 2731 3172 τῶν
2759 3116 2980 3187 ἐφεξῆς.

772 3255 1012 3328 Objectio
1051 3261 1419 3317 hwreticorum
2235 3259 2305 3312 ‘A1

2235 3259 2554 3324 Ἀντίθεσις
2589 3257 2670 3323 ὡς
2706 3257 2775 3310 ἐκ
2815 3255 2934 3335 ι’ῶφρ
2970 3254 3044 3308 δι’
3078 3253 3382 3319 ἐναντίας.

384 3391 455 3445 At
499 3393 791 3462 quomodo,
842 3395 1117 3464 inquiunt,
1166 3399 1239 3452 sit
1288 3401 1514 3469 aequalis
1565 3412 1657 3457 aut
1709 3404 1904 3459 similis

2085 3396 2191 3447 Καὶ
2217 3393 2335 3458 πῶς
2364 3394 2430 3447 ἂν
2462 3392 2569 3463 εἴη,
2599 3393 2785 3464 φησιν,
2815 3393 2847 3463 ἢ
2881 3392 2993 3455 ἴσος
3025 3392 3056 3463 ἢ
3088 3393 3275 3462 ὅμοιος
3298 3393 3325 3445 ὁ
3345 3389 3606 3462 Χριστὸς,

312 3483 594 3552 Christus,
635 3487 740 3543 hoc
782 3499 866 3543 est
910 3488 1106 3557 Filius,
1152 3491 1297 3547 Patri
1342 3497 1773 3563 perfectissimo,
1811 3516 1841 3567 q

2078 3490 2311 3549 υτέστιν,
2343 3492 2372 3543 ὁ
2398 3490 2528 3552 Υἱὸς
2555 3487 2632 3559 τῷ
2666 3487 2971 3557 παντελείῳ
2996 3486 3196 3557 Πατρὶ,
3223 3487 3281 3548 ὃς
3318 3503 3383 3553 γε
3418 3485 3610 3554 σαφῶς

318 3578 518 3632 alicubi
546 3589 732 3649 aperte
756 3580 835 3635 ait
860 3600 874 3635 :
908 3599 927 3632 ι
958 3582 1239 3639 Neminem
1270 3586 1412 3643 inter
1437 3600 1590 3644 natos
1617 3591 1845 3645 mulieru

2078 3579 2117 3631 ιύ
2154 3597 2319 3651 φησιν
2348 3579 2424 3642 ὼς
2473 3599 2491 3631 ι
2521 3579 2635 3631 Οὐκ
2661 3578 2961 3649 ἐγήγερται
2994 3576 3095 3647 μὲν
3119 3578 3176 3629 ἐν
3204 3578 3480 3645 γεννητοῖς
3507 3593 3611 3643 γυ-

319 3669 580 3738 majorem
617 3668 825 3725 Joanne
877 3672 1120 3743 Baptista
1159 3678 1493 3743 surrexisse;
1549 3689 1602 3735 et
1643 3682 1849 3736 minore

2086 3670 2219 3725 ικῶν
2259 3671 2505 3725 Ἰωάννου
2543 3668 2746 3740 μείζων
2783 3667 2994 3731 οὐδείς·
3041 3670 3069 3721 6
3098 3667 3155 3720 δέ
3199 3668 3525 3739 μικρότερος
3551 3669 3612 3720 ἐν

316 3761 374 3813 in
402 3777 566 3831 regno
589 3763 1149 3834 cmlorum.majorcm
1178 3768 1293 3835 ipso
1314 3771 1540 3825 esse"?
1571 3790 1589 3824 ι
1618 3771 1734 3841 Ipse
1756 3774 1844 3828 eui

2074 3766 2081 3832 ᾖ
2137 3762 2386 3833 βασιλείᾳ
2431 3760 2541 3815 τῶν
2584 3760 2855 3832 οὐρανῶν,
2915 3759 3113 3830 μείζων
3167 3759 3334 3814 αὐτοῦ
3383 3762 3549 3813 ἐστιν.
3586 3778 3607 3811 ι

320 3853 501 3908 minor
527 3856 826 3925 exsistens,
863 3860 1072 3915 ratione
1107 3864 1369 3932 temporis
1398 3880 1506 3934 quo
1538 3874 1695 3922 natus
1724 3878 1808 3923 est
1839 3888 1853 3922 ι

2080 3856 2187 3920 ϋτὸς
2213 3855 2322 3926 γὰρ
2350 3854 2424 3908 ὣν
2448 3856 2476 3906 ὁ
2507 3855 2831 3926 μικρότερος
2863 3853 3004 3907 κατὰ
3031 3853 3122 3907 τὸν
3150 3856 3207 3907 ἐν
3238 3854 3314 3925 τῷ
3344 3854 3613 3923 γεγεννῆ-

321 3956 514 4001 Sancta
546 3947 798 4018 Virgine,
837 3961 949 4005 tum
986 3954 1200 4008 demum
1236 3970 1295 4010 se
1328 3956 1394 4009 ad
1434 3972 1698 4013 summam
1734 3960 1854 4015 virtl

2088 3968 2143 4002 αι
2182 3948 2374 4019 χρόνον
2397 3947 2486 4001 διὰ
2510 3948 2609 4018 τῆς
2638 3947 2799 4016 ἁγίας
2842 3947 3145 4019 Παρθένου.
3175 3948 3298 4001 τότε
3336 3947 3488 4017 μόλις
3518 3947 3617 3999 καὶ

326 4047 438 4091 ttun
464 4054 769 4096 mensuram
794 4054 1178 4113 perventurum
1205 4044 1426 4114 fatetur,
1447 4050 1661 4118 quando
1686 4065 1850 4121 regnu

2127 4040 2233 4094 τῶν
2267 4041 2348 4103 εἰς
2378 4040 2546 4112 ἄκρον
2580 4040 2824 4110 ἡκόντων
2855 4038 3059 4110 ἀρετῆς
3098 4037 3617 4111 ὑπεραναόήσεσθαι

326 4131 587 4187 ι·ωιοιίιιιι
624 4136 939 4201 advenerit,
978 4154 1040 4194 ac
1074 4140 1239 4195 veluti
1277 4143 1582 4198 mercedem
1618 4145 1851 4213 quamda

2083 4131 2224 4203 Ξτρον
2246 4130 2437 4184 ἑαυτὸν
2455 4129 2728 4200 ὁμολογεῖ,
2756 4131 2883 4184 ὅταν
2904 4132 2937 4199 ή
2963 4129 3072 4183 τῶν
3099 4130 3343 4201 οὐρανῶν
3367 4129 3616 4200 βασιλεία

328 4233 548 4293 propter
580 4226 1108 4285 administrationem
1148 4241 1346 4287 nostrae
1378 4234 1569 4289 salutis
1608 4244 1861 4303 reportau

2085 4223 2424 4296 ιραγένηται,
2452 4222 2641 4293 μισθὸν
2669 4222 2858 4295 ὥσπερ
2881 4224 3003 4278 τινὰ
3030 4222 3219 4277 τοῦτον
3244 4223 3341 4294 τῆς
3365 4225 3444 4286 εὶς
3465 4224 3618 4292 ἡμᾶς

326 4330 470 4369 rum.
499 4316 600 4383 Qui
627 4332 758 4372 vero
785 4321 1045 4385 ejusmodi
1077 4332 1305 4391 naturae,
1332 4339 1440 4393 quo
1472 4336 1631 4391 pacto
1662 4326 1734 4382 sit
1761 4327 1859 4382 sim

2082 4314 2291 4377 πικονίας
2314 4313 2818 4385 ἀντικομιζόμενον.
2836 4313 2894 4366 '0
2919 4313 2976 4367 δέ
3004 4313 3178 4377 οὕτως
3208 4312 3346 4383 ἔχων
3372 4312 3615 4383 φύσεως,

328 4404 426 4471 iis,
455 4415 549 4458 aut
578 4423 685 4476 quo
716 4418 875 4477 pacto
904 4420 1178 4465 statuatur
1202 4412 1429 4483 aequalis
1457 4412 1648 4467 Patri?

2084 4407 2141 4471 ῦς
2171 4406 2237 4460 ἂν
2269 4402 2337 4476 ἦν
2364 4406 2570 4478 ὅμοιος,
2594 4406 2627 4476 ἢ
2655 4406 2749 4459 καὶ
2779 4406 2837 4461 ἐν
2861 4407 3068 4479 ἰσότητι
3096 4407 3341 4476 φαίνοιτο
3360 4405 3453 4460 τοῦ
3476 4406 3617 4460 Θεοῦ

1948 4531 1991 4585 (ι
2028 4501 2123 4551 καὶ
2151 4498 2401 4568 Πατρός

838 4614 1047 4669 Salutio
1083 4615 1412 4687 objectionis.

2372 4609 2531 4679 Πρὸς
2567 4610 2756 4665 ταῦτα
2790 4612 2972 4678 λύσις
3009 4609 3254 4682 ἐφεξῆς.

404 4740 656 4811 lmperite
686 4744 975 4800 admodum
1007 4758 1173 4817 atque
1206 4749 1387 4818 inepte
1416 4751 1506 4819 qui
1541 4751 1611 4804 ita
1643 4752 1917 4819 sentiunt,

2109 4744 2375 4815 Ἀνοήτως
2400 4745 2606 4817 σφόδρα
2640 4745 2735 4799 καὶ¹
2769 4745 2999 4816 ἀμαθῶς
3025 4747 3073 4799 οἱ
3100 4745 3261 4816 τῆσδε
3291 4743 3622 4814 διεσκεμμέ-

326 4850 523 4889 eorum
570 4850 690 4905 qua:
724 4853 755 4892 a
791 4836 1081 4896 Servatore
1137 4854 1324 4899 nostro
1357 4843 1576 4899 Christo
1608 4845 1750 4899 dicta
1797 4862 1857 4901 su

2091 4854 2104 4889 t
2130 4836 2230 4906 τὴν
2253 4837 2360 4891 τῶν
2390 4838 2695 4909 εἰρημένων
2721 4838 2874 4910 παρὰ
2898 4837 2992 4891 τοῦ
3023 4838 3175 4908 Σωτῆ
3186 4855 3274 4909 ρος
3303 4836 3461 4907 ἡμῶν
3484 4838 3622 4907 Χρι-

333 4929 442 4982 vim
481 4929 926 4999 interpretantur.
962 4931 1151 5003 Neque
1182 4936 1328 4990 enim
1366 4948 1424 4990 ut
1458 4938 1731 5006 propriam
1769 4952 1862 4991 sua

2089 4928 2153 4983 οῦ
2184 4928 2494 5001 διειλήφασι
2514 4930 2765 5001 δύναμιν.
2792 4932 2867 4984 Οὐ
2885 4930 2993 5001 γὰρ
3017 4931 3104 4984 ἵνα
3129 4933 3223 5000 τῆς
3253 4929 3460 4992 οἰκεξας
3482 4946 3622 4983 κατ-

338 5030 587 5077 naturam
611 5034 852 5089 accuset,
879 5026 993 5081 haec
1015 5028 1168 5094 dicit,
1195 5043 1368 5099 neque
1391 5039 1646 5100 tanquam
1672 5046 1865 5101 magnu

2088 5020 2276 5092 τορήσῃ
2313 5022 2548 5089 φύσεως,
2576 5021 2646 5074 τὰ
2676 5021 2905 5076 τοιαῦτά
2937 5038 3122 5093 φησιν,
3140 5022 3259 5074 οὑδέ
3293 5022 3368 5085 ὡς
3400 5020 3547 5090 μέγα
3567 5037 3621 5072 τι

332 5120 392 5165 et
423 5113 739 5182 praclarum
773 5116 977 5187 aliquid
1012 5120 1203 5174 statuit
1234 5118 1443 5175 Joanne
1478 5119 1736 5189 majorem
1769 5136 1865 5175 ess

2089 5115 2126 5166 ti.
2176 5113 2534 5184 ἀξιοζήλωτον
2582 5117 2844 5186 καύχημα
2899 5113 3242 5185 περιτίθησιν
3292 5112 3468 5183 ἐαυτῷ
3511 5112 3622 5164 τῶν

337 5204 431 5271 qui
471 5204 563 5259 Dei
596 5221 661 5261 ac
691 5205 870 5263 Patris
902 5210 1163 5281 dignitate
1198 5211 1483 5282 gloriatur,
1514 5220 1568 5265 et
1605 5212 1870 5266 naturalit

2089 5208 2291 5263 ωάννου
2324 5208 2540 5280 μέτρων
2566 5208 2665 5281 τὴν
2692 5208 2987 5280 ὑπεροχὴν,
3022 5211 3051 5262 ὁ
3088 5211 3197 5271 τοῖς,
3233 5207 3327 5260 τοῦ
3366 5206 3501 5259 Θεοῦ
3528 5207 3622 5259 καὶ

339 5298 521 5351 munia
558 5313 677 5366 qua:
716 5300 890 5355 Patris
928 5311 1085 5369 sunt,
1127 5302 1181 5357 in
1226 5318 1287 5359 se
1330 5304 1528 5371 habet,
1567 5313 1729 5374 atque
1769 5305 1839 5359 ob

2091 5300 2246 5371 ατρὸς
2280 5300 2676 5371 ἐπικομπάζων
2703 5300 3003 5371 ἀξιώμασι,
3030 5301 3126 5353 καὶ
3167 5298 3345 5353 πάντα
3391 5297 3531 5368 ἔχων
3564 5299 3624 5349 ἐν

338 5388 686 5457 proclamans
712 5407 728 5446 :
759 5411 777 5443 ι
807 5393 998 5448 Omnia
1022 5410 1142 5463 qua:
1165 5394 1327 5450 habet
1350 5395 1509 5451 Pater
1532 5412 1650 5450 mea
1675 5398 1871 5451 sunt".

2087 5394 2212 5465 ιυτῷ
2265 5394 2336 5448 τὰ
2388 5395 2597 5448 ἐκείνου
2660 5394 2924 5463 φυσικῶς,
2975 5394 3066 5448 διά
3121 5411 3184 5463 γε
3240 5393 3397 5446 τοῦτο
3447 5391 3620 5462 βοῶν·

343 5480 627 5537 Perfectus
658 5495 836 5539 autem
868 5496 951 5540 est
981 5486 1173 5542 Pater:
1204 5489 1401 5542 nullius
1429 5490 1609 5559 itaque
1637 5491 1876 5558 indigens

2093 5489 2273 5541 Πάντα
2317 5489 2418 5540 ὅσα
2464 5487 2576 5558 ἔχει
2620 5490 2648 5539 6
2697 5488 2887 5558 Πατὴρ
2925 5488 3034 5558 ἐμά
3080 5488 3247 5539 ἐστιν.
3283 5484 3467 5553 »Ἔχει
3505 5481 3563 5534 δέ
3596 5482 3626 5533 ὁ

343 5573 734 5644 perfectiusque
764 5588 848 5632 cst
876 5578 1043 5635 Filius
1070 5596 1135 5635 ex
1169 5581 1284 5649 ipso
1313 5581 1545 5649 gcnitus.
1573 5582 1675 5649 Qui
1703 5598 1831 5637 vero
1860 5584 1871 5637 i

2091 5584 2224 5655 ατὴρ
2258 5583 2318 5637 τὸ
2352 5583 2667 5639 παντέλειον
2692 5600 2703 5614 ’
2743 5583 3044 5655 ἀπροσδεὴς
3074 5581 3181 5652 ἄρα
3217 5579 3310 5634 καὶ
3336 5577 3540 5639 τέλειος
3566 5575 3624 5641 ἐξ

424 5750 472 5785 ⁸⁵
504 5751 665 5809 Hebr.
696 5772 755 5822 tt,
781 5758 831 5809 7.
913 5759 955 5788 ³⁵
991 5756 1117 5815 Luc.
1159 5777 1251 5829 ut,
1283 5760 1370 5815 28.
1449 5765 1490 5794 "'
1524 5759 1675 5816 Joau.
1704 5775 1807 5825 rm,
1846 5760 1927 5814 l5.
