3882 6210
225 343 331 399 157

1638 344 2092 406 THESAURUS.

3412 354 3515 408 158

221 460 391 516 αὑτοῦ
424 464 823 535 γεγεννημένος
846 465 875 519 ὀ
896 465 1045 529 Υἱός.
1063 464 1122 520 '0
1144 464 1202 520 δὲ
1228 464 1402 532 οὕτως
1437 465 1576 537 ἔχων
1594 466 1810 535 φύσεως

1921 482 1975 523 se
2008 466 2337 522 naturaliter
2366 466 2566 534 habet,
2596 479 2711 537 quo
2742 476 2909 537 pacto
2940 482 3052 524 non
3082 466 3157 522 sit
3184 465 3382 524 silliiis
3414 484 3515 539 per

217 555 366 608 κατά
395 555 485 609 τὸν
509 558 637 628 παρ’
670 558 893 611 ἐκείνων
928 557 1105 626 λόγον,
1134 557 1253 621 πῶς
1292 559 1392 613 οὐκ
1421 558 1488 613 ἂν
1516 560 1601 631 είη
1632 559 1810 614 λοιπὸν

1921 557 2101 612 omnia
2129 565 2185 613 et
2216 559 2445 628 aequalis
2477 573 2577 613 suo
2609 558 2801 614 Patri?

218 645 409 714 ὅμοιός
439 664 500 700 τε
530 648 624 701 καὶ
656 648 771 712 ἴσος
796 649 939 703 κατὰ
962 650 1141 703 πάντα
1172 650 1252 722 τῷ
1283 651 1551 721 φύσαντι;

217 759 429 834 ΑΔΛΟ,
467 761 565 834 διὰ
594 760 817 834 τῆςχεις
848 763 1076 818 ἄτοπον
1099 763 1438 834 ἀπαγωγῆς,
1475 765 1697 834 ἐνὰγον
1728 768 1817 831 εις

292 833 640 903 ὁμολογίαν,
686 831 775 885 ὅτι
826 834 1116 899 κίϐδηλον
1157 831 1277 888 τῶν
1316 831 1396 888 ’δι’
1440 831 1720 903 ἐναντίας
1747 836 1816 890 τὸ

292 900 566 971 θεώρημα
589 920 603 933 °
634 903 730 957 καὶ
767 903 857 957 ὅτι
884 904 950 957 τὸ
982 906 1135 959 οὔτω
1168 906 1349 972 νοεῖν,
1374 907 1616 976 ἀμαθές.

290 1013 433 1083 Φησί
462 1032 564 1067 που
594 1015 830 1087 Χριστός
852 1035 866 1049 ο
908 1035 927 1069 ι
958 1019 1072 1072 Οὐκ
1104 1019 1399 1091 ἐγήγερται
1444 1022 1502 1074 ὲν
1535 1024 1816 1092 γεννητοῖς

214 1102 501 1166 γυναικῶν
538 1104 741 1175 μείζων
783 1107 1031 1161 Ἰωάννου
1058 1109 1151 1162 τοῦ
1185 1110 1495 1164 Βαπτιστοῦ
1521 1126 1534 1139 ⁸
1582 1114 1610 1166 ὁ
1634 1112 1691 1164 δὲ
1726 1130 1813 1182 μι-

217 1194 485 1266 κρότερος
519 1199 577 1248 ὲν
606 1201 671 1269 τῇ
702 1198 950 1271 βασιλείᾳ
977 1200 1087 1254 τῶν
1112 1202 1359 1273 οὐρανῶν
1392 1203 1597 1273 μείζων
1641 1205 1808 1258 αὑτοῦ

215 1284 392 1338 ἐστιν.
426 1306 445 1337 ι
467 1286 609 1339 Ἀλλ’
639 1290 797 1361 εἴπερ
841 1291 1059 1361 ἐνεχθὲν
1093 1292 1186 1346 ἐπὶ
1229 1292 1322 1346 τοῦ
1359 1294 1600 1364 Χριστοῦ
1628 1295 1688 1348 τὸ
1726 1313 1813 1365 μιο

218 1377 484 1448 κρότερον
511 1380 611 1450 τὴν
660 1382 718 1434 έν
766 1384 944 1454 χρόνῳ
973 1384 1247 1454 ποσότητα
1279 1387 1557 1456 σημαίνει,
1585 1389 1680 1440 καὶ
1713 1389 1813 1441 ἐπ’

217 1469 392 1523 αὑτοῦ
428 1474 692 1542 κρατήσει
729 1474 824 1528 τοῦ
859 1475 1016 1544 ἁγίου
1050 1477 1355 1530 Βαπτιστοῦ
1389 1478 1448 1530 τὸ
1481 1479 1595 1531 ἴσον
1620 1479 1813 1532 ἀναλό-

216 1578 339 1628 γως
365 1564 477 1624 τοῖς
511 1562 852 1634 θεωρήμασι.
886 1565 1150 1635 Σημαίνει
1179 1567 1236 1619 δὲ
1266 1567 1470 1636 ὁμοίως
1503 1568 1593 1620 τὸν
1619 1568 1811 1638 χρόνον

212 1649 304 1713 τὸ,
344 1670 365 1701 r
396 1652 510 1703 Οὐκ
534 1652 831 1724 ἐγήγερται
862 1653 1086 1724 μείζων.
1121 1675 1139 1708 ι
1160 1655 1297 1708 Ἀλλ’
1325 1657 1425 1709 οὐκ
1450 1657 1656 1728 ἀληθὴς
1678 1660 1811 1729 ἡμῖν

214 1745 247 1795 ὀ
272 1743 368 1795 ἐπὶ
390 1744 563 1815 τούτῳ
584 1744 905 1815 λεχθήσεται
936 1747 1113 1815 λόγος,
1148 1748 1577 1819 ἀντελεγχούσης
1610 1750 1810 1820 τρόπον

1918 760 2157 826 ALIUD,
2203 778 2296 832 per
2336 760 2691 816 reductionem
2741 760 2811 814 ad
2858 758 3181 832 absurdum,
3231 759 3511 813 ostendens

1990 832 2182 901 falsam
2206 831 2332 886 esse
2370 833 2802 885 adversariorum
2842 831 3289 901 propositionem;
3327 839 3375 883 et
3418 831 3509 881 ab-

1990 905 2209 956 surdum
2244 918 2357 956 esse
2386 902 2464 954 ita
2494 904 2708 955 sentire.

1987 1013 2237 1070 Christus
2266 1014 2466 1070 alicubi
2500 1015 2573 1068 ita
2605 1013 2681 1068 ait
2711 1031 2725 1068 :
2762 1031 2781 1064 ι
2816 1011 2934 1067 Non
2962 1011 3200 1067 surrexit
3234 1012 3377 1066 inter
3404 1024 3504 1064 ua-

1919 1116 2003 1161 tos
2035 1106 2321 1161 mulierum
2354 1106 2530 1175 major
2555 1104 2763 1161 Joanne
2793 1103 3035 1175 Baptista
3064 1122 3083 1161 ;
3117 1104 3298 1158 minor
3323 1112 3504 1156 autem
3536 1154 3555 1177 ,

1918 1201 1970 1255 in
2008 1216 2173 1271 regno
2203 1203 2467 1255 cmlorum
2514 1200 2690 1269 major
2745 1198 2855 1269 95
2887 1199 3006 1268 ipso
3035 1207 3139 1253 est.
3180 1215 3198 1248 ι
3233 1197 3501 1252 Caeterum

1915 1292 1962 1345 si
2010 1291 2061 1345 id
2104 1290 2248 1360 quod
2288 1288 2515 1344 affertur
2557 1290 2623 1345 de
2666 1288 2884 1345 Christo
2922 1288 3101 1342 minus
3141 1287 3500 1357 quantitatem

1916 1380 2181 1450 temporis
2216 1379 2523 1447 signiﬁcat,
2558 1378 2751 1434 eadem
2788 1378 3000 1432 ratione
3034 1377 3201 1431 etiam
3237 1376 3502 1431 Joannem

1916 1472 2211 1543 Bnptislam
2251 1473 2367 1527 htec
2402 1471 2848 1542 comprehendet.
2884 1469 3173 1541 Signiﬁcat
3206 1479 3387 1526 autem
3423 1470 3503 1524 si-

1917 1566 2125 1619 militer
2155 1574 2389 1634 tempus,
2424 1564 2554 1619 illud
2588 1582 2603 1617 :
2641 1582 2660 1615 ι
2695 1561 2811 1619 Non
2843 1562 3085 1618 surrexit
3115 1560 3312 1630 major.
3346 1580 3366 1614 ι
3398 1562 3501 1616 At-

1914 1657 2005 1725 qui
2050 1658 2154 1711 hoc
2188 1671 2375 1711 verum
2410 1671 2516 1711 non
2549 1665 2655 1721 est,
2691 1671 2814 1710 cum
2857 1656 2975 1723 ipsa
3018 1668 3174 1709 sacra
3217 1653 3504 1724 Scriptura

1915 1756 2199 1817 repugnet,
2227 1756 2281 1801 et
2300 1747 2570 1801 Adamum
2601 1746 2819 1817 generis
2849 1745 3024 1801 nostri
3052 1756 3331 1800 auctorem
3363 1759 3501 1799 non-

215 1834 347 1888 τινὰ
370 1838 469 1905 τῆς
501 1835 653 1899 θείας
685 1837 723 1889 Γ
732 1838 910 1907 ραφῆς
943 1840 1037 1892 καὶ
1075 1838 1267 1909 βιῶναι
1296 1841 1559 1912 λεγούσης
1588 1843 1679 1895 τὸν
1714 1842 1810 1912 μὲν

1921 1848 2105 1911 gentos
2128 1838 2518 1909 quinquaginta
2548 1853 2721 1895 annos
2748 1838 2949 1893 vixisse
2976 1846 3229 1901 testetur,
3257 1836 3505 1904 aliosque

215 1926 318 1979 τοῦ
356 1927 543 1994 γένους
585 1928 744 1999 ἡμῶν
782 1931 1104 2001 ἀρχηγέτην
1154 1931 1329 2001 Ἀδὰμ
1358 1934 1444 2001 ἔφ’
1467 1934 1610 1996 ὅλοις
1638 1933 1816 1985 ἐτεσιν

214 2018 590 2083 ὲννιακοσίοις
636 2021 726 2073 τὸν
775 2022 1010 2093 ἀριθμὸν
1056 2024 1149 2077 καὶ
1195 2025 1563 2092 πεντήκοντα·
1595 2025 1815 2095 ἑτέρους

215 2107 279 2163 δὲ
313 2110 477 2163 πάλιν
505 2112 699 2183 ἐκείνῳ
729 2113 973 2185 τιθείσης
998 2116 1078 2179 είς
1107 2116 1381 2185 ποσότητα
1410 2116 1509 2186 τὴν
1549 2120 1606 2170 έν
1636 2118 1816 2189 χρόνῳ

215 2199 491 2267 γείτονας,
516 2204 808 2275 γεννητοὺς
828 2203 989 2269 ὄντας
1016 2207 1079 2260 ἐκ
1107 2207 1401 2275 γυναικῶν,
1434 2208 1575 2261 κατὰ
1600 2209 1698 2278 τὴν
1720 2207 1813 2261 τοῦ

214 2293 477 2367 Σωτῆρος
510 2295 715 2366 φωνὴν,
754 2296 933 2351 καίτοι
962 2298 1057 2353 τοῦ
1096 2300 1568 2371 προκηρύττοντος
1610 2302 1815 2355 Βαπτιο

218 2386 351 2440 στοῦ
386 2388 582 2459 κομιδῇ
619 2388 739 2443 νέον
769 2390 861 2443 τὸν
904 2390 1025 2444 καθ’
1056 2393 1203 2463 ἡμᾶς
1250 2391 1617 2458 ἁναλύσαντος
1670 2393 1811 2464 βίου.

217 2477 435 2531 Οὐκοῦν
484 2480 544 2532 ού
592 2480 685 2533 τὸν
718 2480 910 2551 χρόνον
954 2482 1043 2536 ἐπ’
1073 2482 1240 2537 αὐτοῦ
1286 2483 1347 2536 τὸ
1398 2483 1602 2554 μείζων
1642 2484 1812 2555 δηλοῖ,

219 2567 430 2638 μᾶλλον
453 2568 511 2621 δὲ
537 2569 629 2622 τὸν
655 2571 713 2623 ὲν
737 2571 908 2641 ἀρετῇ
933 2572 1233 2643 κεκτῆσθαι
1260 2571 1321 2625 τὸ
1347 2572 1569 2643 ὑψηλὸν,
1594 2575 1688 2627 καὶ
1715 2575 1815 2627 ἐπ’

214 2660 424 2725 αὐτοὺς
456 2661 724 2732 ἀναϐῆναι
764 2662 952 2717 λοιπὸν
994 2664 1095 2734 τῆς
1122 2664 1352 2733 ἐνούσης
1385 2663 1697 2735 ἀνθρώποις
1733 2665 1813 2719 δι-

216 2751 518 2820 καιοσύνης
546 2753 673 2816 τοὺς
700 2754 861 2824 ὅρους
883 2770 893 2782 ·
920 2753 1131 2819 τούτοις
1161 2755 1469 2819 ἀκολούθως
1488 2757 1584 2809 καὶ
1604 2757 1695 2809 ἐπὶ
1720 2756 1812 2810 τοῦ

213 2842 475 2913 Σωτῆρος
522 2843 679 2913 ἡμῶν
732 2843 968 2918 Χριστοῦ
1013 2845 1076 2899 τὸ
1126 2846 1447 2918 μικρότερος
1493 2846 1572 2917 τῷ
1606 2846 1813 2917 μείζονι

212 2934 752 3006 ἀντιπαρακείμενον
791 2938 851 2989 οὐ
888 2936 1082 3007 χρόνου
1110 2936 1322 3002 δέξεταί
1361 2955 1413 2989 τι
1450 2937 1808 3007 σημαντικόν.

215 3025 322 3094 Είη
356 3026 467 3097 γὰρ
500 3027 565 3079 ἂν
598 3024 770 3090 οὕτως
817 3027 910 3080 καὶ
962 3028 1198 3096 γέλωτος
1239 3028 1388 3095 ἀξιον
1433 3028 1497 3081 τὸ
1543 3029 1602 3080 ἐν
1636 3030 1813 3099 χρόνῳ

215 3116 409 3180 ποσὸν,
441 3117 549 3171 τῶν
582 3118 721 3171 κατὰ
754 3118 954 3190 ἀρετὴν
1001 3119 1311 3191 ὑψωμάτων
1354 3118 1573 3173 ἔσεσθαι
1627 3119 1811 3189 μεῖζον

1920 1940 2201 1987 recenseat
2226 1932 2317 2002 qui
2347 1930 2685 2001 longitudine
2714 1932 2839 1987 vita:
2866 1931 3112 2002 proxime
3138 1931 3204 1984 ad
3234 1931 3502 1984 Adamum

1918 2032 2302 2087 accesserunt,
2334 2031 2390 2077 et
2415 2038 2481 2077 ex
2517 2021 2836 2076 mulieribus
2867 2022 3015 2086 nati,
3048 2030 3106 2075 ut
3136 2020 3391 2076 Christus
3419 2019 3501 2074 lo-

1918 2112 2123 2182 quitur,
2155 2112 2397 2177 fuerant,
2432 2128 2553 2167 cum
2586 2126 2889 2180 przecursor
2915 2110 3114 2165 Christi
3146 2109 3388 2179 Baptista
3413 2114 3503 2177 ju-

1917 2204 2074 2259 venis
2106 2204 2396 2258 admodum
2431 2218 2461 2257 e
2490 2202 2629 2257 vivis
2660 2204 2976 2257 excesserit.
3013 2201 3138 2256 Haec
3171 2201 3336 2271 igitur
3367 2215 3499 2266 vox,

1918 2293 2115 2363 major,
2149 2310 2255 2349 non
2291 2304 2504 2363 tempus
2532 2292 2840 2363 signiﬁcat,
2873 2291 2968 2347 sed
3000 2292 3178 2362 potius
3208 2290 3353 2361 quod
3386 2290 3503 2344 vir-

1917 2387 2051 2442 tutis
2081 2386 2356 2456 fastigium
2391 2386 2464 2441 sit
2497 2394 2857 2447 consecutus,
2889 2391 2944 2437 et
2974 2381 3040 2435 ad
3078 2381 3250 2448 ipsam
3278 2378 3505 2447 iustitia:

1917 2493 2039 2548 qua:
2083 2477 2136 2532 in
2186 2477 2433 2532 homines
2478 2476 2624 2531 cadit
2674 2484 2871 2530 metam
2920 2472 3263 2542 pervenerit;
3309 2472 3499 2526 eadem

1917 2570 2080 2641 plane
2126 2570 2338 2623 ratione
2377 2568 2445 2624 de
2487 2569 2781 2623 Servatore
2828 2576 3013 2621 nostro
3057 2566 3277 2621 Christo
3322 2566 3503 2620 minor

1917 2661 2108 2729 majori
2148 2662 2428 2731 oppositus
2475 2676 2581 2715 non
2627 2668 2841 2728 tempus
2880 2658 3170 2729 signiﬁcat.
3218 2655 3504 2713 Ridiculus

1913 2755 2059 2810 enim
2095 2755 2166 2809 sit
2200 2754 2291 2823 qui
2333 2753 2385 2807 id
2428 2753 2570 2823 quod
2614 2752 2876 2820 temporis
2908 2751 3267 2819 quantitatem
3306 2748 3499 2812 habet,

1914 2847 2133 2901 virtutis
2166 2846 2485 2901 celsitudine
2514 2844 2691 2916 majus
2719 2845 3012 2900 existimet.
3044 2842 3326 2910 Quomodo
3354 2842 3499 2896 enim

1915 2939 2046 2992 talia
2095 2938 2239 2994 inter
2284 2953 2345 2993 se
2394 2937 2698 3007 comparari
2744 2934 3007 3007 possint?
3052 2935 3122 2989 At
3167 2949 3297 2989 vero
3324 2933 3503 3002 potius

1914 3030 2225 3085 necessaria
2261 3029 2473 3085 ratione
2506 3028 2775 3083 minorem
2807 3027 3153 3082 sanctitatem
3190 3025 3501 3097 signiﬁcat,

1916 3130 1975 3173 ut
2012 3122 2113 3175 hoc
2148 3130 2309 3188 pacto
2341 3120 2596 3175 Christus
2628 3119 2751 3173 vita:
2784 3118 3143 3173 sanctimonia
3180 3115 3386 3172 Joanne
3419 3117 3504 3170 in—

216 3208 442 3262 ὲννοεῖν.
475 3210 610 3262 Ποῖα
651 3208 760 3277 γὰρ
790 3208 929 3271 ὅλως
956 3209 1022 3261 τὰ
1050 3208 1276 3262 τοιαῦτα
1316 3208 1453 3281 πρὸς
1481 3209 1685 3280 ἄλληλα
1714 3210 1810 3281 τὴν

1921 3210 2088 3266 ferior
2122 3212 2421 3282 judicetur.
2455 3210 2608 3278 Quod
2652 3226 2775 3264 cum
2819 3225 2919 3280 per
2955 3226 3015 3266 se
3056 3225 3209 3264 suam
3255 3208 3502 3277 blasphe-

218 3297 510 3368 σύγκρισιν
544 3298 881 3363 ὲπιδέξεται;
928 3298 1159 3369 δηλώσει
1198 3300 1254 3353 δὲ
1294 3299 1494 3370 μᾶλλον
1521 3299 1597 3364 ὠς
1624 3299 1684 3366 ἐξ
1715 3303 1807 3354 ἀν-

1916 3304 2080 3357 miam
2108 3304 2382 3363 ostendat.
2414 3303 2611 3357 merito
2638 3316 3016 3357 exsecramur.

216 3392 453 3461 αγκαίου
487 3391 645 3459 λόγου
675 3392 735 3445 τὸ
762 3394 821 3443 ἐν
848 3392 1109 3464 ἁγιασμῷ
1179 3394 1583 3465 μειονέκτημα’
1615 3395 1702 3449 ἵνα
1724 3396 1912 3451 λοιπὸν
1975 3398 2069 3450 καὶ
2134 3397 2231 3468 τῆς
2277 3397 2524 3451 Ἰωάννου
2563 3394 2845 3459 πολιτείας
2910 3396 3169 3467 φαίνηται
3192 3393 3442 3466 δεύτερος
3470 3393 3505 3450 ὁ

218 3484 369 3547 Υἱός.
387 3483 647 3554 Ἐχούσης
672 3482 726 3535 δὲ
743 3481 955 3537 οἴκοθεν
978 3485 1076 3553 τῆς
1102 3485 1413 3555 δυσφημίας
1433 3486 1525 3540 τὸν
1552 3484 1795 3557 ἔλεγχον,
1835 3487 1895 3541 τὸ
1926 3486 2071 3542 οὕτω
2103 3489 2245 3541 νοεῖν
2281 3484 2731 3565 παραιτούμεθατ

620 3597 717 3663 Ὠς
751 3597 821 3651 ἐκ
856 3596 975 3651 τῶν
1011 3597 1086 3652 δι’
1116 3598 1415 3666 ἐναντίας.

287 3711 403 3782 Τὴν
447 3710 645 3782 ἁπλῆν,
674 3711 827 3780 φασὶ,
856 3711 955 3769 καὶ
986 3711 1452 3783 ἀπεριεργοτέραν
1497 3713 1610 3775 τοῖς
1660 3711 1812 3783 παρὰ

214 3800 315 3854 τοῦ
345 3799 595 3871 Σωτῆρος
634 3799 946 3869 εἰρημένοις
978 3800 1213 3873 Θεωρίαν
1240 3802 1557 3870 ἐπάγοντες,
1591 3802 1810 3872 χαριέν-

216 3911 331 3955 τως
360 3892 522 3945 αὺτὸν
543 3893 827 3964 εἰρηκέναι
848 3894 1177 3963 πιστεύομεν
1201 3895 1393 3965 ὅτιπερ
1422 3897 1451 3947 ὁ
1483 3894 1810 3966 μικρότερος

216 3984 299 4047 ὡς
337 3984 395 4036 ὲν
434 3983 691 4055 ποσότητι
724 3985 916 4055 χρόνου
944 3984 1038 4039 τοῦ
1086 3986 1228 4039 κατὰ
1276 3986 1378 4056 τὴν
1425 3986 1682 4057 γέννησιν
1708 3988 1809 4058 τὴν

218 4074 363 4144 μετὰ
397 4075 619 4145 σαρκὸς,
643 4074 797 4129 ἔσται
830 4076 1033 4147 μείζων
1062 4079 1120 4130 ὲν
1144 4080 1211 4148 τῇ
1240 4077 1486 4150 βασιλείᾳ
1513 4079 1622 4132 τῶν
1649 4078 1812 4149 οὑρατ

214 4168 328 4221 νῶν
354 4168 450 4220 καὶ
481 4166 576 4221 τοῦ
605 4166 811 4221 τελείου
842 4168 981 4239 πρὸς
1023 4168 1123 4240 τὴν
1152 4171 1212 4223 ὲν
1252 4168 1561 4240 ἀνθρώποις
1585 4171 1811 4243 ἀρετήν.

215 4261 429 4315 Οὐκοῦν
453 4260 514 4314 τὸ
541 4262 641 4333 μὲν
666 4263 989 4334 μικρότερος
1009 4262 1068 4316 τὸ
1089 4262 1368 4334 Κυριακδν
1396 4264 1618 4317 εἰσοίσει
1643 4263 1815 4335 πρόσ-

214 4368 369 4405 ωπον
408 4354 570 4424 ἡμῖν·
619 4355 680 4408 τὸ
713 4354 770 4408 δὲ
813 4356 872 4408 ὲν
917 4356 1217 4426 τελειότητι
1262 4358 1328 4427 τῇ
1378 4356 1498 4410 κατ’
1528 4356 1814 4411 εὐσέὸειαν

218 4444 689 4517 ἀνθρωποπρεπεῖ
723 4448 937 4502 κεῖσθαι
985 4448 1079 4502 τὸν
1136 4448 1293 4516 ἅγιον
1343 4449 1681 4521 Βαπτιστὴν,
1720 4450 1805 4516 τὸ,

230 4539 324 4591 Ἐν
349 4542 627 4609 γεννητοῖς
656 4538 933 4609 γυναικῶν
959 4540 1037 4612 μὴ
1060 4539 1367 4613 ηγηγέρθαι
1395 4539 1640 4611 μείζονα,
1669 4558 1811 4613 μαρ-

218 4634 413 4702 τυρεῖ·
444 4631 583 4686 ἀλλὰ
618 4633 715 4686 καὶ
751 4632 843 4687 τὸν
886 4633 1029 4687 οὕτω
1078 4634 1254 4705 μέγαν
1288 4634 1642 4707 ὑπεραλεῖται
1671 4636 1811 4706 Χριδ

222 4725 372 4789 στός.
417 4728 577 4781 Ποῖον
609 4728 669 4782 ὲν
698 4728 909 4791 τούτοις
935 4728 997 4782 τὸ
1027 4729 1261 4796 hortata;

704 4840 860 4909 Πρὸς
896 4841 1085 4897 ταῦτα
1120 4844 1323 4910 λύσις.

290 4953 354 5008 Εἰ
389 4952 555 5022 μηδὲν
589 4954 647 5007 ἐν
674 4954 885 5019 τούτοις
917 4955 979 5009 τὸ
1006 4956 1227 5021 ἄτοπον,
1257 4958 1355 5027 οὐχ
1386 4958 1573 5023 ἁπλῶς
1604 4958 1802 5023 εἰπεῖν,

216 5044 355 5098 ἀλλὰ
396 5042 578 5113 ζητεῖν
624 5045 959 5114 ἀναγκαῖονο
1009 5047 1208 5118 χρῆναι
1238 5048 1347 5119 γὰρ
1388 5046 1544 5121 οἶμαι
1588 5049 1810 5120 γοργῶς

216 5144 332 5203 τοῖς
363 5140 527 5205 θείοις
552 5142 990 5210 ἐπαγωνίζεσθαι
1024 5145 1226 5215 λόγοις,
1256 5147 1317 5200 οὐ
1361 5148 1580 5211 πάντως
1613 5149 1712 5219 τὴν
1745 5146 1806 5212 ἐξ

215 5232 599 5303 ἁπλουστέρων
632 5233 1005 5307 θεωρημάτων
1049 5238 1322 5311 ἐρανίζειν
1362 5239 1678 5304 διάγνωσιν,
1716 5241 1805 5294 ὅτε

214 5323 281 5391 δὴ
312 5324 547 5392 μάλιστα
580 5325 782 5397 πολλὴν
808 5322 947 5398 ἡμῖν’
971 5328 1275 5400 ἐμποιοῦσα
1306 5330 1404 5403 τὴν
1431 5329 1637 5402 ζημίαν
1667 5333 1800 5402 ὁρᾶ-

214 5415 453 5468 ται.“Ὶνα
485 5416 593 5487 γὰρ
622 5418 715 5471 καὶ¹
742 5420 1024 5491 νοήσωμεν
1065 5418 1239 5486 οὕτως
1278 5420 1339 5474 τὸ
1388 5422 1696 5493 εἰρημένον,
1729 5423 1805 5487 ὼς

217 5507 379 5578 ὑμεῖς
421 5525 558 5577 φατε
602 5512 697 5564 καὶ
740 5509 1081 5582 βουλεύεσθε,
1110 5514 1461 5585 σημαινέσθω
1508 5517 1805 5587 χαριέντως

216 5594 308 5647 δια
355 5594 449 5648 τοῦ
499 5598 859 5669 Μικρότερος
889 5604 918 5657 ὁ
946 5603 1155 5679 Σωτήρ.
1176 5605 1588 5676 ’Υπερκείσεται
1628 5607 1806 5663 τοίνυν

291 5770 334 5801 ’⁷
366 5769 498 5828 Luc.
532 5729 626 5838 vn,
660 5774 749 5832 28.

2343 3597 2585 3668 Objectio
2628 3597 3075 3653 adversariorum.

1987 3711 2338 3783 Simplicem,
2380 3713 2569 3777 aiunt,
2620 3712 2953 3782 minimeque
2993 3712 3267 3767 curiosam
3309 3725 3499 3766 eorum

1912 3818 2037 3875 qum
2072 3820 2101 3859 a
2135 3804 2354 3860 Christo
2387 3805 2531 3860 dicta
2566 3813 2694 3860 sunt
2726 3804 3234 3875 interpretationem
3267 3817 3495 3873 sequen-

1916 3906 2020 3958 tes,
2051 3896 2260 3951 urbane
2289 3896 2441 3952 illum
2473 3896 2679 3953 dixisse
2708 3897 2982 3952 credimus
3010 3896 3180 3967 quod,
3211 3895 3390 3949 minor
3414 3895 3499 3948 ni-

1913 3990 2113 4045 mirum
2146 3990 2455 4059 quantitate
2484 3990 2751 4060 temporis
2783 3989 2854 4044 ab
2884 3999 3009 4045 ortu
3041 3989 3340 4044 secundum
3371 4001 3497 4040 car-

1913 4098 2063 4148 nem,
2092 4083 2267 4154 major
2293 4084 2509 4139 futurus
2537 4083 2609 4138 sit
2640 4083 2695 4138 in
2731 4097 2900 4154 regno
2928 4082 3211 4147 caelorum,
3239 4079 3404 4135 etiam
3433 4093 3503 4133 eo

1913 4175 2007 4245 qui
2044 4175 2297 4231 humana:
2330 4177 2549 4231 virtutis
2589 4176 2978 4246 perfectionem
3021 4182 3108 4231 est
3149 4180 3494 4228 consecutus.

1914 4268 2090 4323 Minor
2118 4268 2299 4337 itaque
2333 4282 2622 4338 personam
2655 4268 2867 4323 Domini
2906 4267 3064 4322 nobis
3097 4264 3398 4336 signiﬁcat;
3434 4262 3503 4317 il-

1919 4361 2007 4415 Iud
2040 4374 2172 4414 vero
2210 4376 2314 4415 non
2356 4361 2660 4417 surrexisse
2699 4360 2960 4428 majorem
3003 4360 3147 4415 inter
3180 4368 3340 4412 natos
3378 4371 3501 4410 mu-

1918 4451 2146 4518 lierum,
2179 4452 2453 4521 signiﬁcat
2484 4462 2733 4507 sanctum
2767 4451 3070 4522 Baptistam
3105 4448 3497 4520 perfectionem

1917 4542 2135 4612 pietatis
2162 4557 2284 4610 qua:
2311 4544 2365 4597 in
2394 4544 2669 4598 hominem
2695 4542 2895 4599 cadere
2921 4542 3117 4613 possit,
3146 4548 3503 4597 consecutum

1912 4634 2087 4690 fuisse
2119 4651 2134 4691 :
2174 4643 2429 4690 czeterum
2470 4635 2617 4690 hunc
2650 4634 3007 4705 quantumvis
3045 4648 3302 4702 magnum
3340 4628 3505 4685 Chri-

1916 4738 2033 4785 stus
2063 4728 2369 4799 superabit.
2399 4728 2540 4796 Quid
2571 4730 2674 4784 hac
2705 4730 2759 4783 in
2792 4743 2852 4783 re
2882 4738 2968 4783 est
2997 4727 3258 4784 absurdi?

2422 4838 2630 4894 Salutio
2663 4839 2992 4910 objectionis.

1980 4954 2061 5007 An
2089 4954 2221 5009 nihil
2249 4957 2302 5010 in
2329 4954 2415 5010 his
2438 4952 2661 5010 absurdi
2687 4954 2779 5020 sit,
2804 4968 2914 5008 non
2942 4952 3271 5022 simpliciter
3292 4952 3497 5018 dicere,

1910 5046 2006 5101 sed
2032 5047 2308 5117 inquirere
2327 5054 2543 5117 oportet
2568 5063 2583 5114 ;
2609 5060 2807 5117 magna
2832 5046 2979 5101 enim
3004 5044 3288 5114 diligentia
3313 5044 3496 5099 divina

1912 5138 2125 5210 Scripta
2159 5137 2572 5209 pervestiganda
2606 5148 2768 5203 sunt,
2801 5152 2981 5208 neque
3013 5138 3236 5192 omnino
3268 5136 3500 5207 simplex

1904 5246 1969 5286 ac
2005 5232 2159 5287 rudis
2210 5232 2480 5288 sententia
2529 5231 2830 5302 colligenda
2864 5239 2969 5287 est.
3019 5230 3313 5285 Maximum
3350 5230 3495 5286 enim

1908 5325 2168 5382 damnum
2200 5324 2253 5379 id
2285 5324 2440 5380 nobis
2470 5324 2675 5381 inferre
2706 5324 2818 5396 96
2844 5324 3112 5380 cernitur.
3143 5321 3278 5376 Nam
3308 5332 3369 5378 ut
3399 5338 3499 5377 nos

1907 5420 2073 5475 etiam
2104 5421 2177 5473 ita
2212 5419 2412 5474 dictum
2446 5417 2836 5490 intelligamus,
2866 5426 2927 5472 ut
2956 5432 3053 5473 vos
3087 5416 3267 5472 dicitis
3296 5422 3351 5472 et
3382 5426 3498 5470 sta-

1910 5514 2092 5581 tuitis,
2130 5514 2322 5569 demus
2357 5513 2649 5584 signiﬁcari
2691 5512 3038 5569 Servatorem
3077 5526 3176 5580 per
3209 5522 3395 5565 vocem
3431 5507 3497 5562 il-

1913 5606 2041 5676 lam,
2070 5606 2266 5663 Minor.
2294 5604 2541 5673 Quanam
2574 5606 2737 5679 igitur
2765 5605 2978 5663 ratione
3009 5602 3285 5676 superabit
3315 5600 3505 5673 Baptis-
