3882 6210
422 351 526 408 1339

1413 347 1472 403 S.
1516 343 1791 403 CYRILLI
1830 336 2300 396 ALEXANDRINI
2343 337 2668 395 ABCHIEP.

3594 332 3696 388 H30

421 478 559 521 stam
603 466 655 520 in
699 482 867 538 regno
907 466 1191 533 ctelorum,
1231 474 1325 521 aut
1367 467 1639 537 quomodo
1680 468 1786 523 erit
1828 465 1999 534 major

2105 456 2245 512 κατά
2276 473 2398 512 τινα
2434 456 2636 529 τρόπον
2662 456 2754 510 τὸν
2790 456 2945 525 ἅγιον
2985 453 3299 526 Βαπτιστὴν
3333 452 3392 507 ἐν
3434 455 3500 523 τῇ
3537 452 3695 523 βασι-

419 556 523 609 eo?
566 556 877 623 Quantitate
922 558 1068 612 enim
1116 558 1376 628 temporis
1414 572 1478 612 ex
1527 574 1637 628 quo
1683 568 1837 613 natus
1879 569 2001 624 est,

423 663 602 711 nemo,
624 656 683 701 ut
710 648 964 712 arbitror,
989 663 1213 718 compos
1240 650 1435 704 mentis
1460 650 1678 704 dixerit.
1704 650 1821 718 Quo
1844 663 2004 721 pacto

420 740 567 793 enim
618 739 887 808 quispiam
938 750 1225 809 praetereat
1274 743 1326 797 id
1374 744 1516 813 quod
1566 759 1782 812 semper
1830 747 2002 814 ipsum

423 831 715 901 praecedit,
750 841 912 900 atque
946 848 1052 887 una
1087 848 1210 889 cum
1253 834 1367 902 ipsa
1410 838 1669 905 temporis
1701 838 2006 894 evolutione

423 933 670 990 raptatur
704 934 868 995 atque
910 927 1216 993 percurrit?
1257 926 1722 993 Quemadmodum
1764 931 1908 984 enim
1952 930 2004 985 in

424 1022 664 1068 rotarum
711 1015 1079 1087 volutatione,
1127 1021 1461 1075 anteriorum
1512 1036 1731 1090 semper
1774 1023 1833 1077 lit
1881 1038 2008 1092 pro—

422 1120 673 1173 gressus,
717 1111 1074 1178 sequentibus
1125 1126 1339 1181 semper
1382 1113 1436 1167 in
1477 1114 1782 1183 posteriore
1825 1115 1929 1168 situ
1974 1129 2006 1170 a

426 1207 577 1268 tergo
616 1200 849 1268 relictis;
890 1202 961 1256 ita
996 1204 1159 1258 etiam
1199 1204 1249 1258 in
1291 1219 1577 1274 progressu
1620 1206 1879 1275 temporis
1913 1208 2005 1276 qui

424 1293 572 1358 prior
608 1304 711 1359 est,
749 1296 1141 1366 posterioribus
1191 1296 1365 1366 major
1401 1307 1503 1353 est.
1543 1297 1657 1353 Non
1700 1299 1866 1369 igitur
1904 1300 2008 1355 hoc

424 1386 584 1439 modo
620 1389 862 1457 superari
900 1389 1195 1457 Baptistam
1230 1405 1260 1443 a
1290 1388 1531 1453 Christo,
1567 1392 1659 1445 sed
1700 1392 2007 1449 sanctitatis

423 1482 685 1531 duntaxat
718 1479 951 1543 ratione,
977 1495 1115 1548 opus
1142 1490 1228 1535 est
1251 1481 1519 1550 profiteri.
1552 1480 1833 1548 Quomodo
1859 1482 2005 1537 enim

422 1569 689 1639 quispiam
724 1570 884 1626 aliter
913 1572 964 1626 in
997 1573 1130 1640 ipsis
1163 1572 1343 1643 majus
1376 1573 1675 1645 intelligere
1707 1575 1914 1642 possit?
1943 1575 2012 1630 At

420 1661 465 1713 si
509 1676 629 1715 cum
670 1677 895 1732 regnum
934 1663 1196 1720 caelorum
1240 1664 1518 1720 advenerit
1563 1665 1735 1735 major
1766 1666 1857 1721 illo
1892 1681 2010 1723 cer-

424 1763 603 1820 netur,
647 1770 792 1810 nunc
834 1764 982 1812 certe
1026 1767 1119 1812 aut
1157 1759 1405 1827 aequalis,
1449 1770 1545 1815 aut
1586 1763 1765 1817 minor
1797 1777 1862 1817 eo
1904 1772 2007 1819 est.

420 1847 554 1900 Cum
592 1862 725 1903 vero
772 1848 922 1919 impii
969 1849 1060 1904 isti
1104 1850 1382 1905 Christum
1428 1850 1639 1908 Joanne
1681 1854 1996 1911 inferiorem
2031 1837 2075 1889 Β

419 1936 761 2005 existiment,
805 1941 1170 2009 aequalitatem
1216 1943 1292 1998 illi
1331 1944 1595 2000 tribuent.
1634 1943 1741 2000 Sed
1778 1946 2001 2002 videant

420 2045 643 2098 prorsus
679 2046 841 2101 quam
884 2033 1141 2089 imbecilli
1183 2046 1504 2106 argumento
1543 2039 1803 2092 nitantur.
1840 2038 1999 2106 Quaa-

420 2139 542 2175 uam
572 2124 715 2177 enim
747 2124 1030 2194 aequalitas
1060 2128 1366 2183 sanctitatis
1395 2145 1459 2185 ex
1493 2130 1579 2185 his
1609 2134 1866 2187 constitui
1901 2149 2000 2204 po—

420 2214 566 2268 test?
594 2215 703 2270 Aut
734 2232 842 2286 quo
874 2228 1033 2288 pacto
1068 2234 1173 2274 non
1210 2220 1709 2292 incomparabiliter
1737 2240 2000 2293 superare

417 2308 731 2362 censebitur
756 2308 1030 2375 Christus,
1067 2328 1189 2367 cum
1222 2314 1502 2370 videamus
1530 2316 1703 2385 ipsum
1730 2316 1995 2374 Joannem

419 2397 490 2451 ita
519 2399 586 2451 ad
616 2398 895 2457 Christum
925 2403 1235 2473 loquentem
1269 2423 1283 2461 :
1322 2424 1342 2458 ι
1380 2405 1509 2461 Mihi
1541 2422 1678 2477 opus
1702 2419 1786 2465 est
1818 2411 1915 2465 abs
1946 2420 1999 2465 te

418 2490 681 2559 baptizari
706 2492 772 2546 "'.
816 2512 837 2546 ι
875 2494 930 2549 ld
963 2510 1092 2551 vero
1124 2506 1278 2552 extra
1313 2512 1527 2553 omnem
1569 2503 1994 2557 controversiam

416 2592 534 2649 est,
570 2585 625 2729 ig
656 2588 800 2654 quod
838 2589 1018 2645 minus
1055 2600 1142 2647 est
1181 2607 1213 2647 a
1254 2595 1631 2664 pmstantiore
1663 2597 1907 2654 benedici
1942 2608 1998 2653 et

417 2675 587 2729 sancti
631 2678 766 2729 cari.

417 2675 766 2733 sanctillcari.

1090 2905 1319 2962 ALIUD.

490 3040 688 3095 Beatus
718 3040 954 3112 Baptista
982 3041 1198 3098 Judaaos
1229 3043 1301 3097 ita
1333 3043 1630 3114 alloquitur
1661 3065 1673 3101 :
1709 3066 1727 3098 ι
1766 3048 1875 3119 Ego
1902 3064 1996 3105 vos

417 3132 631 3202 baptizo
670 3133 722 3186 in
764 3148 941 3201 aqua:
980 3134 1074 3189 sed
1112 3143 1230 3204 post
1266 3148 1353 3189 me
1383 3135 1531 3189 venit
1561 3138 1662 3201 vir,
1697 3140 1852 3206 cujus
1888 3156 1993 3195 non

419 3242 538 3281 sum
572 3226 769 3294 dignus
793 3237 851 3280 ut
875 3242 1080 3297 pronus
1102 3227 1306 3281 solvam
1328 3228 1617 3298 corrigiam
1649 3230 1996 3288 calceamenti
2027 3213 2069 3271 ο

415 3320 553 3387 ejus.
590 3318 682 3372 llle
716 3335 813 3373 vos
849 3318 1147 3389 baptizabit
1187 3319 1241 3373 in
1281 3318 1487 3390 Spiritu
1528 3332 1717 3378 sancto
1756 3333 1814 3379 et
1853 3326 1994 3395 igne.

417 3410 584 3479 Cujus
610 3410 970 3465 ventilabrnm
1003 3411 1054 3464 in
1088 3426 1249 3465 manu
1278 3411 1419 3481 ejus,
1448 3419 1502 3467 et
1532 3415 1784 3483 purgabit
1809 3431 1997 3472 aream

417 3518 572 3556 suam
595 3540 611 3565 ,
641 3510 697 3557 et
729 3502 1084 3572 congregabit
1115 3503 1356 3557 triticum
1392 3505 1444 3558 in
1480 3506 1690 3561 horreis
1719 3508 1833 3563 suis
1854 3550 1868 3575 ,
1902 3524 1997 3576 pa-

417 3595 555 3647 leam
596 3608 724 3648 vero
762 3602 956 3649 exuret
1000 3594 1121 3665 igne
1163 3596 1618 3668 inexstinguibili.
1669 3617 1688 3651 ι
1737 3599 1996 3667 Quanam

418 3685 579 3755 igitur
609 3683 751 3739 inter
780 3684 881 3739 hos
909 3686 1237 3755 :eqnalitatis
1269 3688 1410 3743 ratio
1441 3700 1696 3745 constare
1726 3701 1902 3762 potest
1927 3696 1993 3759 ι’,

414 3776 670 3841 Joannis,
705 3776 957 3846 inquam,
987 3787 1041 3831 et
1069 3776 1313 3833 Christi?
1344 3778 1589 3835 Nondum
1620 3784 1765 3837 enim
1801 3786 1992 3855 major,

419 3869 464 3922 si
494 3868 787 3937 aliquando
813 3869 1028 3924 l'utnrus
1053 3878 1193 3936 erat,
1219 3869 1373 3940 juxta
1406 3871 1631 3928 istorum
1660 3877 1996 3943 opinionem,

416 3978 513 4015 cur
547 3963 783 4032 seipsum
822 3978 964 4032 aqua
1000 3964 1310 4033 baptizare,
1342 3964 1616 4022 Christum
1654 3980 1833 4024 autem
1877 3970 1999 4040 Spi-

2105 548 2226 620 λείᾳ
2250 549 2361 602 τῶν
2382 549 2650 621 οὐρανῶν,
2675 550 2710 622 ἢ
2738 548 2855 613 πῶς
2884 548 3039 601 ἔσται
3068 546 3271 618 μείζων
3304 543 3471 599 αὐτοῦ
3496 561 3512 609 ;
3536 544 3698 597 Κατά

2109 642 2209 712 μὲν
2254 636 2349 695 οὖν
2395 642 2487 695 τὸν
2536 642 2595 695 ἐν
2644 642 2903 711 ποσότητι
2944 638 3041 693 τοῦ
3078 636 3441 708 γεγεννῆσθαι
3478 636 3697 707 χρόνον,

2104 732 2206 785 οὐκ
2231 730 2298 787 ἄν
2327 749 2433 797 τις,
2468 727 2645 805 οἶμαι,
2685 730 2981 805 σωφρονῶν
3008 731 3302 800 ἐννοήσειε.
3337 729 3462 792 Πῶς
3490 728 3599 799 γὰρ
3632 728 3697 782 ἄν

2105 842 2191 889 τις
2216 825 2313 879 καὶ
2340 825 2544 895 φθάσαι
2569 825 2631 878 τδ
2658 825 2747 881 ἀεὶ
2780 821 3103 893 προϐαδίζον
3130 820 3318 885 αὑτοῦ,
3342 822 3436 873 καὶ
3456 822 3578 881 ταῖς
3601 818 3697 872 τοῦ

2106 917 2301 988 χρόνου
2333 918 2605 989 περιόδοις
2650 918 2739 971 ἀεὶ
2794 915 3088 988 συντρέχον
3120 913 3215 968 καὶ
3260 912 3694 983 συνελκόμενον;

2110 1008 2322 1078 ὐνπερ
2347 1006 2457 1079 γὰρ
2487 1007 2688 1079 τρόπον
2714 1006 2785 1061 τὰ
2806 1008 2865 1059 ἐν
2891 1007 3015 1069 ταῖς
3033 1004 3141 1058 τῶν
3164 1002 3379 1056 κύκλων
3402 1019 3698 1074 περιστροο

2108 1102 2239 1170 φαῖς
2283 1100 2371 1153 ἀεὶ¹
2420 1100 2559 1171 πρὸς
2606 1099 2670 1153 τὸ
2715 1099 2905 1171 πρόσω
2954 1099 3124 1169 χωρεῖ
3151 1096 3250 1168 τὴν
3276 1093 3372 1149 τοῦ
3406 1094 3697 1156 διώκοντος

2107 1192 2204 1245 καὶ¹
2246 1191 2479 1245 κατόπιν
2506 1190 2760 1263 κειμένου
2794 1187 3208 1261 παρεκνεύοντα
3233 1186 3403 1251 θέσιν,
3438 1184 3615 1249 οὕτως
3649 1188 3697 1237 οἱ

2106 1280 2167 1333 τὸ
2195 1281 2254 1333 ἐν
2284 1280 2462 1352 χρόνῳ
2497 1279 2776 1353 τρίϐοντες
2822 1279 3040 1351 μέτρον,
3067 1277 3155 1331 ἀελ⁵
3204 1278 3391 1347 μεῖζον
3436 1279 3495 1331 ἐν
3544 1275 3700 1347 αύτῷ

2109 1371 2251 1426 κατὰ
2276 1372 2387 1425 τῶν
2416 1370 2645 1443 ὕστερον
2671 1369 3007 1442 κεκτήμεθα.
3048 1368 3259 1425 Οὐκοῦν
3283 1369 3343 1423 οὐ
3371 1370 3512 1423 κατὰ
3533 1367 3699 1421 τοῦτο

2108 1464 2498 1535 πλεονεκτήσει
2540 1462 2773 1533 Χριστὸς
2818 1461 2911 1515 τὸν
2960 1461 3119 1529 ἅγιον
3159 1459 3491 1529 Βαπτιστὴν,
3516 1459 3700 1513 λείπει

2106 1555 2173 1627 δὴ
2201 1554 2387 1607 λοιπὸν
2432 1553 2508 1616 ὡς
2548 1552 2610 1617 ἐξ
2637 1552 2885 1623 ἀνάγκης
2915 1553 3112 1616 εἰπεῖν,
3140 1552 3223 1605 ὅτι
3266 1550 3407 1604 κατά
3450 1551 3543 1604 τὸν
3594 1550 3700 1619 τῆς

2108 1646 2397 1717 ἁγιότητος
2420 1644 2645 1716 τρόπον.
2680 1643 2804 1708 Πῶς
2831 1642 2942 1714 γὰρ
2982 1644 3048 1698 ἄν
3076 1661 3162 1708 τις
3191 1642 3395 1714 ἐτέρως
3422 1644 3479 1695 ἐν
3508 1643 3700 1705 αὐτοῖς

2110 1738 2417 1809 ἐπινοήσειε
2464 1736 2526 1790 τὸ
2575 1734 2796 1807 μεῖζον;
2836 1736 2977 1790 Ἀλλ’
3003 1736 3052 1789 εί
3104 1737 3228 1790 τότε
3272 1734 3417 1789 κατά
3457 1734 3547 1787 τὸν
3595 1735 3701 1801 τῆς

2100 1828 2381 1899 βασιλείας
2403 1826 2648 1898 δηλονότι
2674 1826 2871 1898 καιρὸν
2905 1826 3108 1897 μείζων
3130 1825 3448 1898 ὀφθήσεται,
3470 1824 3564 1878 νῦν
3586 1826 3703 1896 ἀρα

2101 1920 2163 1973 τὸ
2197 1922 2310 1973 ῐσον
2341 1919 2375 1990 ἢ
2399 1917 2706 1990 τὸίέλαττον
2733 1916 2869 1988 ἔχει.
2888 1916 3109 1989 Ἐπειδὴ
3130 1917 3210 1982 δὲ,
3236 1917 3313 1980 ὡς
3346 1916 3512 1982 εἰκὸς,
3540 1916 3603 1968 τὸ
3640 1919 3702 1969 ἐν

2102 2010 2348 2065 ἐλάττοσι
2394 2008 2505 2063 τῶν
2543 2008 2794 2063 Ἰωάννου
2846 2008 3063 2063 κεῖσθαι
3101 2008 3339 2080 Χριστὸν
3385 2009 3703 2077 λογιοῧνται

2100 2101 2400 2167 δυσσεϐεῖς,
2429 2100 2807 2155 ἀποδώσουσιν
2850 2101 2960 2172 ἄρα
2997 2101 3058 2155 τὸ
3085 2101 3221 2155 ῐσον.
3239 2101 3380 2154 Ἀλλ’
3409 2101 3702 2173 ὁράτωσαν

2102 2194 2197 2249 καὶ
2218 2192 2406 2248 τοῦτον
2434 2194 2620 2259 αὐτοῖς
2646 2193 2983 2248 ἀσθενοῦντα
3002 2193 3093 2247 τὸν
3118 2194 3399 2263 λογισμόν.
3428 2194 3562 2247 Ποία
3585 2195 3703 2265 γὰρ

2106 2286 2286 2357 ἰσότης
2317 2287 2502 2351 αὐτοῖς
2533 2287 2592 2340 ἐν
2628 2284 2887 2356 ἁγιασμῷ
2919 2284 3264 2357 σωθήσεται;
3296 2284 3420 2348 Πῶς
3444 2283 3500 2337 δὲ
3522 2285 3583 2337 ού
3619 2303 3702 2337 νι-

2103 2381 2261 2451 κήσει
2295 2378 2528 2452 Χριστὸς
2551 2379 2909 2450 ἀσυγκρίτοις
2942 2380 3261 2450 ὑπεροχαῖς,
3294 2378 3423 2432 ὅταν
3457 2377 3572 2450 ἴδῃς
3604 2377 3703 2430 τὸν

2105 2473 2373 2543 μακάριον
2387 2472 2640 2544 Ἰωάννην
2659 2471 2887 2541 λέγοντα
2909 2470 3047 2543 πρὸς
3071 2470 3236 2524 αὐτόν
3254 2487 3269 2503 ο
3299 2488 3318 2521 ι
3343 2467 3482 2538 Ἐγὼ
3502 2470 3704 2540 χρείαν

2101 2565 2209 2633 ἔχω
2243 2563 2349 2617 ὑπὸ
2375 2562 2470 2617 σοῦ
2495 2562 2861 2634 βαπτισθῆναι
2884 2581 2899 2629 ;
2930 2581 2949 2615 ι
2975 2562 3163 2635 Χωρὶς
3191 2561 3249 2615 δέ
3280 2561 3459 2632 πάσης
3478 2561 3701 2615 ἀντιλοο

2102 2656 2227 2725 γίας
2261 2656 2321 2710 τὸ
2347 2656 2568 2711 ἔλαττον
2602 2658 2710 2712 ὑπὸ
2757 2655 2853 2711 τοῦ
2905 2655 3219 2728 κρείττονος
3268 2654 3570 2724 εὐλογεῖται
3602 2655 3702 2708 καὶ

2102 2748 2416 2818 ἁγιάζεται.

2792 2886 2997 2941 AAAO.

2176 3046 2525 3117 Προσεφώνει
2551 3048 2667 3111 τοῖς
2699 3046 2971 3110 Ἰουδαίοις
2994 3047 3024 3101 ό
3055 3045 3326 3119 μακάριος
3355 3046 3696 3117 Βαπτιστής·

2109 3158 2128 3192 ι
2151 3139 2291 3210 Ἐγὼ
2321 3141 2467 3211 ὑμᾶς
2499 3140 2772 3196 ἐϐάπτισα
2800 3141 2859 3194 tv
2890 3138 3065 3195 ὕδατι.
3085 3139 3291 3193 Ὀπίσω
3321 3157 3420 3211 μου
3465 3139 3701 3210 ἔρχεται

2102 3231 2261 3302 ἀνὴρ.
2282 3226 2343 3286 οὗ
2372 3233 2473 3287 οὐκ
2499 3233 2616 3304 είμὶ
2646 3232 2832 3296 ἱκανὸς
2863 3233 2950 3286 ἵνα
2979 3232 3159 3302 κύψας
3192 3231 3339 3285 λύσω
3361 3232 3452 3286 τὸν
3488 3232 3702 3303 ἱμάντα

2098 3324 2192 3376 τοῦ
2228 3324 2595 3395 ὑποδήματος.
2615 3325 2854 3388 Ἐκεῖνος
2876 3324 3022 3395 ὑμᾶς
3044 3324 3295 3395 βαπτίσει
3321 3325 3379 3378 tv
3408 3325 3699 3394 Πνεύματι

2098 3414 2240 3486 ἁγίῳ
2274 3416 2371 3469 καὶ
2404 3416 2557 3489 πυρί.
2585 3408 2662 3470 Οὖ
2705 3417 2769 3470 τὸ
2810 3415 2977 3471 πτύον
3006 3417 3065 3470 ἐν
3095 3419 3161 3487 τῇ
3190 3416 3334 3487 χειρὶ
3362 3414 3553 3481 αὐτοῦ,
3594 3418 3699 3469 καὶ

2097 3507 2446 3579 διακαθαριεί
2483 3508 2585 3579 τὴν
2613 3507 2796 3562 ἅλωνα
2821 3506 3014 3572 αὑτοῦ,
3045 3507 3140 3561 καὶ
3170 3506 3387 3571 συνάξει
3417 3506 3510 3558 τὸν
3543 3508 3700 3560 σῖτον

2098 3603 2180 3667 εἰς
2217 3601 2316 3674 τὴν
2367 3602 2692 3674 ἀποθήκην,
2722 3601 2788 3655 τὸ
2832 3601 2891 3655 δέ
2932 3601 3136 3673 άχυρον
3183 3600 3523 3655 κατακαύσει
3552 3602 3697 3670 tu"!

2098 3694 2366 3766 ἀσϐέστῳ.
2400 3714 2419 3747 ι
2473 3695 2631 3758 Ποῖος
2685 3689 2777 3748 οὖν
2822 3694 2933 3765 ἄρα
2984 3693 3119 3762 πρὸς
3174 3692 3350 3746 ταῦτα
3398 3692 3697 3762 γενήσεται

2097 3786 2254 3856 λόγος
2295 3790 2408 3852 τοῖς
2456 3789 2516 3842 tv
2567 3787 2772 3859 ἰσότητι
2810 3786 2920 3840 τῶν
2963 3786 3210 3840 Ἰωάννου
3246 3785 3460 3856 μέτρων
3492 3783 3696 3837 τιθεῖσι

2096 3880 2190 3934 τὸν
2228 3880 2465 3952 Κύριον;
2499 3878 2671 3935 Οὔπω
2719 3878 2830 3951 γὰρ
2884 3877 3108 3949 μείζων,
3140 3877 3301 3949 εἰπερ
3342 3875 3497 3930 ἔσται
3531 3875 3693 3937 ποτὲ,

2099 3972 2240 4027 κατά
2270 3972 2370 4045 τήν
2402 3972 2628 4027 ἐκείνων
2675 3970 2950 4043 διάληψιν.
2984 3972 3105 4024 ὅτου
3157 3969 3319 4042 χάριν
3365 3968 3559 4023 ἑαυτὸν
3589 3969 3696 4039 μὲν

418 4056 554 4107 ritus
582 4053 823 4107 datorem
852 4052 1096 4107 futurum
1127 4055 1403 4110 atlirmat?
1429 4056 1607 4127 Atque
1638 4059 1727 4115 hic
1751 4061 1993 4130 quidem,

2105 4064 2253 4118 ὕδατι
2288 4063 2597 4134 βαπτίζειν,
2624 4063 2719 4118 τὸν
2750 4064 2807 4118 δέ
2839 4063 2935 4118 τοῦ
2967 4062 3287 4134 Πνεύματος
3328 4061 3550 4116 ἔσεσθαι
3599 4080 3695 4132 χο-

418 4156 480 4201 ut
510 4146 760 4213 famulus,
791 4161 859 4202 ne
884 4147 1174 4215 corrigiam
1202 4148 1423 4218 quidem
1450 4150 1801 4208 calceamenti
1830 4157 1993 4211 attin-

2105 4155 2269 4227 ρηγὸν
2313 4156 2742 4228 διῖσχυρίζεται;
2786 4156 2899 4210 Καὶ
2947 4154 3109 4218 αὐτὸς
3162 4154 3283 4225 μὲν,
3323 4153 3399 4217 ὡς
3442 4152 3692 4223 οἰκέτης,

414 4257 543 4312 gere
582 4244 766 4307 audet,
810 4242 954 4297 hunc
987 4258 1119 4297 vero
1161 4258 1302 4299 area:
1346 4244 1631 4301 Dominum
1678 4264 1802 4305 esse
1844 4250 1991 4306 dicit.

2105 4247 2203 4301 οὐδ’
2229 4248 2353 4302 ὅσον
2382 4247 2667 4318 ἀποθίγειν
2714 4246 2810 4300 τοῦ
2864 4247 3087 4318 ίμάντος
3134 4244 3419 4317 ἀποτολμᾷ
3440 4262 3455 4277 ο
3504 4244 3601 4297 τὸν
3632 4245 3695 4299 δέ

418 4334 531 4391 Hoc
549 4337 694 4390 enim
716 4335 986 4406 significat
1005 4334 1160 4400 illud,
1183 4353 1201 4387 ι
1226 4336 1483 4407 Purgabit
1504 4354 1688 4394 aream
1709 4356 1859 4396 suam
1878 4342 1942 4397 ³ο.
1971 4364 1989 4396 ι

2105 4340 2197 4409 τῆς
2226 4339 2341 4394 άλω
2373 4340 2653 4411 Δεσπότην
2699 4334 2841 4393 εἷναί
2887 4356 3040 4409 φησι.
3076 4339 3248 4392 Τοῦτο
3278 4336 3386 4409 γὰρ
3430 4338 3693 4408 σημαίνει

417 4430 833 4484 Distributorem
859 4428 1004 4485 enim
1032 4443 1097 4484 ac
1122 4427 1285 4483 veluti
1312 4430 1712 4501 designatorem
1744 4433 1859 4490 fore
1883 4436 1994 4508 97

2105 4432 2177 4498 τὸ,
2210 4450 2229 4484 ι
2248 4431 2611 4504 Διακαθαριεῖ
2632 4431 2731 4503 τὴν
2752 4430 2933 4485 άλωνα
2961 4428 3150 4485 αὑτοῦ.
3167 4448 3185 4483 ι
3213 4429 3325 4483 Καὶ
3345 4428 3607 4499 διανομέα
3628 4444 3691 4480 τε

415 4526 493 4578 ait
518 4538 705 4577 eorum
737 4537 855 4590 qum
882 4520 1111 4591 singulis
1140 4523 1473 4579 conveniunt
1502 4542 1516 4579 :
1547 4525 1618 4580 ita
1647 4536 1707 4581 ut
1728 4526 1905 4596 jnstos
1932 4546 1994 4586 ac

2105 4522 2191 4577 καὶ
2221 4524 2382 4577 οἱονεὶ
2410 4524 2727 4596 σημάντορα
2763 4521 2873 4576 τῶν
2902 4522 3119 4593 ἐκάστῳ
3159 4524 3481 4592 πρεπόντων
3509 4520 3691 4591 ὀφθή-

416 4621 585 4672 honos
621 4617 795 4670 instar
824 4614 947 4669 boni
986 4614 1149 4669 tritici
1188 4616 1243 4669 in
1274 4616 1529 4673 caelestes
1562 4620 1867 4675 mansiones
1906 4622 1990 4677 in»

2105 4612 2291 4667 σεσθαι
2315 4613 2496 4683 λέγει’
2527 4612 2605 4678 ὡς
2632 4613 2724 4667 τὸν
2751 4612 2851 4684 μέν
2870 4612 3078 4666 δίκαιόν
3102 4628 3161 4665 τε
3189 4611 3284 4665 καὶ⁸
3304 4610 3511 4679 ἀγαθὸν
3534 4610 3693 4664 σίτου

414 4712 676 4763 ducturus
711 4706 815 4771 sit,
846 4707 1042 4777 impios
1073 4722 1204 4761 vero
1241 4709 1413 4762 instar
1443 4709 1718 4779 palearum
1757 4712 1862 4783 igni
1898 4728 1995 4783 pa-

2105 4707 2253 4778 Βίκην
2296 4708 2418 4770 ταῖς
2463 4706 2737 4779 οὐρανίοις
2790 4704 3129 4776 είσκομίζειν
3180 4704 3394 4768 αὐλαῖς,
3424 4702 3600 4774 πυρὸς
3632 4704 3699 4755 δὲ’

414 4800 598 4853 hulnm
636 4798 998 4868 projectnrus.
1031 4798 1103 4853 At
1138 4798 1185 4853 si
1220 4809 1341 4854 erat
1370 4800 1597 4869 aequalis
1625 4801 1674 4856 ei
1708 4803 1797 4871 qui
1832 4805 1992 4874 paulo

2105 4798 2367 4853 ποιεῖσθαι
2408 4798 2617 4872 τροφήν
2650 4798 2858 4871 ἀχύρου
2888 4798 3091 4870 τρόπον
3129 4796 3565 4869 ἀποτιναχθέντα
3590 4796 3695 4850 τὸν

413 4900 532 4961 post
558 4899 675 4945 erat
702 4890 915 4945 futurus
940 4890 1138 4959 major,
1162 4905 1262 4946 cur
1284 4907 1390 4946 non
1416 4892 1579 4948 etiam
1609 4894 1722 4962 ipse
1748 4894 1990 4965 baptiza-

2105 4891 2299 4946 Ξδικον,
2317 4890 2457 4945 Ἀλλ’
2486 4891 2646 4962 εἴπερ
2672 4887 2742 4963 ἦν
2772 4893 2829 4944 tv
2859 4892 2959 4961 ἴσῳ
2992 4890 3177 4963 μέτρῳ
3199 4889 3276 4960 τῷ
3309 4889 3505 4959 μικρὸν
3525 4887 3693 4941 ὕστει

410 4985 489 5039 vii.
527 4985 580 5037 in
625 4983 827 5052 Spiritu
853 5024 867 5047 ,
906 4996 1201 5051 areamque
1238 4997 1392 5037 suam
1428 4987 1773 5057 expurgavit,
1800 4996 1858 5042 et
1885 4986 1990 5042 Do-

2105 4999 2188 5052 ρον
2217 4981 2460 5054 ἐσομένῳ
2494 4983 2721 5053 μείζονι,
2746 4982 2800 5035 τί
2843 4980 2919 5052 μὴ
2956 4982 3054 5035 καὶ
3084 4980 3246 5043 αὐτὸς
3294 4976 3544 5049 βαπτίζει
3581 4978 3692 5049 μὲν

412 5076 543 5131 mini
574 5076 890 5147 dignitatem
917 5074 1020 5130 sibi
1048 5090 1330 5146 arrogans,
1351 5076 1615 5145 judicavit
1644 5082 1903 5136 mundum
1935 5084 1987 5136 in

2105 5076 2157 5129 tv
2190 5075 2329 5146 ἁγίῳ
2360 5074 2668 5147 Πνεύματιο
2697 5075 3044 5145 διακαθαίρει
3073 5073 3129 5127 δέ
3153 5072 3252 5143 τὴν
3281 5073 3463 5126 ἅλωνα
3488 5071 3688 5133 αὐτοῦ,

409 5167 656 5234 iustitia?
698 5167 833 5221 Cum
881 5182 1011 5222 vero
1052 5166 1244 5222 beatus
1289 5167 1530 5235 Baptista
1574 5169 1811 5227 Joannes
1855 5173 1989 5226 nihil

2105 5170 2191 5223 καὶ
2222 5170 2283 5223 τὸ
2314 5168 2640 5222 Δεσποτικὸν
2685 5166 2902 5238 ἀξίωμα
2947 5164 3335 5235 περικείμενος
3368 5164 3545 5235 κρίνει
3580 5165 3690 5234 τὴν

410 5262 601 5315 horum
650 5260 972 5330 pmstitisse
1020 5259 1350 5325 inveniatur,
1396 5260 1648 5316 Christus
1696 5273 1878 5318 autem
1932 5266 1984 5319 in

2105 5260 2418 5331 δίκουμένην
2465 5261 2523 5313 ἐν
2562 5257 2912 5329 δικαιοσύνης
2954 5255 3173 5325 Ἐπειδὴ
3204 5254 3261 5307 δέ
3290 5253 3498 5307 τούτων
3527 5254 3689 5307 οὐδὲν

408 5362 671 5421 potestate
703 5353 882 5406 divina
920 5351 1175 5421 praestitit
1210 5372 1226 5409 :
1268 5369 1374 5407 non
1410 5361 1526 5408 erat
1567 5355 1731 5425 igitur
1762 5357 1987 5429 aqualis

2105 5352 2120 5403 5
2144 5352 2413 5423 μακάριος
2433 5350 2744 5421 Βαπτιστὴς
2775 5350 3030 5419 Ἰωάννης
3049 5346 3315 5401 ἐπιτελῶν
3337 5346 3683 5418 εὑρίσκεται.

408 5445 481 5499 illi
513 5444 604 5515 qui
641 5453 789 5500 tanto
822 5444 1106 5501 intervallo
1136 5461 1258 5501 eum
1290 5446 1599 5516 superabat.

2105 5445 2322 5516 πράττει
2353 5445 2411 5499 δὲ
2434 5447 2464 5499 ό
2486 5444 2720 5517 Χριστὸς
2752 5445 2809 5497 ἐν
2844 5443 3063 5514 ἐξουσία
3092 5442 3404 5513 θεοπρεπεί,
3432 5440 3536 5493 ούκ
3568 5440 3685 5503 ἴσος

2091 5539 2199 5608 ἄρα
2234 5538 2440 5604 ἐκεῖνος
2487 5537 2567 5608 τῷ
2616 5536 2872 5593 τοσοῦτον
2922 5535 3266 5608 ἐξαλλομένῳ
3315 5536 3410 5590 καὶ
3455 5532 3689 5589 ἀναϐαί-

2089 5646 2210 5682 νοντ
2219 5647 2231 5680 ῑ
2240 5669 2253 5683 .

478 5796 522 5830 "'
549 5796 737 5852 Matth.
776 5812 857 5865 ιιι,
901 5798 982 5855 Η.
1062 5802 1103 5833 ³³
1138 5799 1270 5857 lhid.
1320 5801 1401 5863 ll,
1444 5802 1522 5857 l2.
1604 5805 1646 5835 ³ο
1673 5803 1797 5860 an.
1835 5823 1913 5867 Ill,
1953 5808 2010 5861 l'
