3882 6210
131 382 224 439 161

815 493 1021 547 ΑΛΛΟ.

194 612 306 683 Τὴν
331 609 419 665 διὰ
448 610 685 674 πίστεως
718 609 914 678 ἄφεσιν
945 607 1379 679 ὑπισχνούμενος
1408 607 1541 677 ἡμῖν
1570 606 1600 659 6
1624 602 1717 658 τοῦ

124 704 262 757 θεοῦ
317 703 510 771 Λόγος,
565 703 653 755 διὰ
715 701 812 755 τοῦ
873 702 1154 775 προφήτου
1217 701 1382 773 φησὶν
1454 700 1717 754 Ἠσαῖουο

132 815 149 848 ι
202 796 346 865 Ἐγώ
370 796 487 866 εἰμι
517 796 547 847 6
566 793 867 862 ἐξαλείφων
896 793 992 858 τὰς
1022 794 1255 865 ἀνομίας
1284 811 1397 860 σου,
1430 794 1526 847 καὶ
1552 794 1613 847 οὑ
1644 794 1720 865 μὴ

128 888 535 960 μνησθήσομαι.
576 905 595 938 ι
643 885 866 958 Ἐπειδὴ
898 885 955 939 δὲ
985 887 1087 958 ἤδη
1138 887 1341 959 παρῆν,
1373 887 1470 939 καὶ
1504 885 1591 939 διὰ
1619 885 1720 957 τῆς

123 982 286 1051 ἁγίας
319 981 589 1053 ἐγεννήθη
642 979 945 1051 Παρθένου,
988 980 1083 1032 ἐπὶ
1110 980 1215 1051 γῆς
1252 996 1312 1033 τε
1342 978 1521 1050 ῶφθη,
1572 978 1719 1033 καθά

123 1078 473 1147 γέγραπται,
531 1074 627 1127 καὶ
694 1076 805 1138 τοῖς
867 1070 1178 1146 ἀνθρώποις
1234 1072 1717 1145 συνανεστρέφετο,

123 1169 527 1240 κατασημαίνει
570 1170 686 1232 τοῖς
737 1167 938 1239 ὁρῶσιν
981 1168 1146 1221 αὑτὸν
1186 1169 1215 1221 6
1243 1167 1415 1240 κήρυξ
1448 1168 1544 1222 καὶ
1577 1167 1717 1239 πρό-

122 1264 345 1335 δρομος,
388 1267 483 1317 καὶ
514 1263 580 1334 δή
624 1262 719 1316 καί
768 1279 933 1333 φησιν
976 1262 1005 1314 6
1053 1263 1324 1333 μακάριος
1366 1262 1715 1334 Βαπτιστήςο

131 1376 149 1408 ι
193 1356 300 1409 Ἴδε
324 1358 353 1408 6
384 1357 556 1427 ἀμνὸς
580 1356 677 1410 τοῦ
711 1356 871 1419 Θεοῦ,
906 1358 935 1410 ό
963 1357 1136 1426 αἴρων
1161 1356 1264 1426 τὴν
1302 1355 1579 1427 ἁμαρτίαν
1618 1353 1717 1410 τοῦ

123 1446 354 1516 κόσμου.
420 1466 439 1498 ι
498 1446 672 1517 Εἴπερ
715 1442 808 1501 οὖν
851 1446 1026 1512 ἔσται,
1080 1448 1224 1501 κατά
1271 1465 1460 1511 τινας,
1517 1446 1719 1517 μείζων

136 1540 385 1593 Ἰωάννου
415 1540 649 1611 Χριστὸς
680 1542 739 1593 ἐν
779 1542 847 1610 τῇ
894 1538 1146 1610 βασιλείᾳ
1177 1540 1288 1594 τῶν
1325 1539 1594 1610 οὐρανῶν,
1623 1539 1718 1593 καὶ

122 1630 281 1684 τοῦτο
326 1632 385 1684 ἐν
413 1631 625 1686 ἐλπίσιν
655 1632 767 1703 ἔχει
812 1635 875 1687 τὸ
902 1634 1092 1705 γέρας,
1115 1628 1185 1703 ἦν
1227 1631 1336 1704 ἀρα
1375 1634 1591 1696 πάντως
1618 1633 1718 1686 οὐκ

122 1725 179 1777 ὲν
210 1722 529 1792 ἐλαττώσει,
553 1726 612 1780 ἐν
641 1726 849 1796 ἰσότητι
881 1726 961 1791 δὲ,
982 1725 1127 1779 κατά
1149 1725 1211 1779 τὸ
1239 1725 1407 1788 εἰκός.
1442 1720 1575 1778 Εἶτα
1598 1724 1718 1789 πῶς

1557 367 1999 426 TllESAURUS.

1746 505 1793 558 Δ

3310 369 3413 426 162

2502 488 2730 546 ALIUD.

1895 605 2038 660 Deus
2085 618 2186 674 per
2216 605 2541 676 prophetam
2576 607 2772 660 Isaiam
2802 606 3185 662 remissionem
3217 624 3313 676 per
3346 611 3410 665 tl-

1821 698 1944 754 dem
1981 699 2307 770 promittens
2352 716 2367 752 :
2419 717 2438 751 ι
2473 698 2584 769 Ego
2608 742 2623 765 ,
2689 701 2864 769 inquit
2894 741 2910 766 ,
2975 714 3095 754 sum
3128 701 3231 772 quia
3260 703 3416 757 deleo

1826 791 2146 860 iniquitates
2182 802 2324 859 tuas,
2358 801 2412 846 et
2450 808 2557 845 non
2581 794 2907 848 recordahor
2939 795 2981 826 ³⁸
3006 835 3019 849 .
3063 814 3082 845 ι
3111 794 3248 850 Cum
3280 811 3414 851 vero

1820 900 1889 939 ex
1919 896 2108 939 sancta
2136 872 2368 956 l'i/irgine
2408 897 2570 942 natus
2621 898 2706 942 est
2756 898 2809 944 et
2846 891 2899 943 in
2948 900 3095 944 terra
3135 894 3415 963 apparuit,

1821 978 1963 1034 sicut
1991 979 2253 1046 scriptum
2289 990 2375 1036 est
2398 980 2442 1012 ³³
2466 1021 2482 1046 ,
2532 996 2765 1053 cumque
2811 982 3125 1040 hominibus
3153 998 3410 1043 versatus

1820 1081 1924 1137 est,
1951 1070 2189 1127 Joannes
2224 1071 2467 1143 Baptista
2495 1073 2613 1142 ejus
2664 1092 2842 1145 praeco
2884 1087 3052 1149 atque
3096 1095 3405 1151 praeursor

1820 1165 2059 1221 ostendit
2095 1168 2329 1231 dicens;
2370 1187 2388 1219 ι
2424 1168 2564 1224 Ecce
2609 1168 2798 1238 Agnus
2832 1172 2925 1228 Dei
2957 1173 3049 1243 qui
3100 1175 3241 1230 tellit
3273 1192 3404 1245 pec-

1820 1268 1943 1314 cata
2003 1260 2188 1315 mundi
2247 1260 2314 1316 ³³.
2376 1280 2394 1314 ι
2462 1262 2520 1316 Si
2568 1263 2755 1334 igitur,
2787 1274 2846 1320 ut
2896 1268 3140 1323 nonnulli
3192 1271 3405 1334 volunt,

1820 1350 2072 1407 Christus
2118 1353 2330 1408 futurus
2364 1364 2449 1409 est
2476 1355 2649 1423 major
2702 1356 2914 1415 Joanne
2947 1359 3002 1413 in
3033 1376 3201 1432 regno
3242 1363 3413 1418 coelo:

1820 1459 1962 1510 rum,
1997 1453 2161 1515 atque
2190 1447 2292 1501 hoc
2323 1450 2604 1516 praemium
2639 1465 2700 1506 se
2734 1464 3163 1510 consecuturum
3201 1472 3410 1526 sperat,

1821 1545 1938 1590 erat
1960 1537 2145 1606 igitur,
2168 1549 2226 1590 ut
2244 1539 2407 1593 verisi
2428 1541 2551 1596 mile
2571 1552 2677 1608 est,
2699 1560 2804 1599 non
2829 1547 3030 1605 minor.
3046 1548 3141 1603 sed
3163 1552 3409 1619 aequalis.

1821 1627 1891 1681 At
1940 1643 2072 1682 vero
2127 1645 2247 1699 quas
2302 1632 2533 1702 aequalia
2574 1646 2726 1699 sunt,
2786 1653 2894 1707 quo
2925 1652 3083 1710 pacto
3132 1652 3415 1713 tantopere

1822 1720 1967 1774 inter
2000 1735 2058 1775 se
2089 1722 2438 1794 discrepant,
2493 1738 2550 1780 ut
2579 1726 2669 1781 hic
2708 1728 2926 1798 quidem
2956 1741 3182 1800 peccata
3226 1736 3413 1789 mundi

121 1815 191 1868 τά
218 1818 277 1867 ἐν
315 1816 416 1885 ἴσῳ
453 1815 643 1887 μέτρῳ
672 1816 928 1870 τοσοῦτον
956 1817 1026 1871 δι’
1054 1816 1303 1888 ἀλλήλων
1345 1817 1721 1888 ἀπολιμπάνε-

1830 1812 2016 1868 tollere
2050 1817 2243 1883 possit,
2281 1827 2445 1887 atque
2473 1818 2577 1873 hoc
2604 1835 2671 1874 ex
2699 1836 2795 1875 sua
2846 1834 3115 1893 potestate
3148 1838 3410 1895 praestet;

121 1924 235 1973 ται,
273 1908 349 1971 ὡς
384 1906 476 1961 τὸν
510 1908 609 1979 μὲν
638 1907 901 1965 δύνασθαι
946 1908 1040 1963 τοῦ
1076 1910 1285 1981 κόσμου
1314 1909 1414 1981 τὴν
1448 1909 1726 1980 ἁμαρτίαν

122 1997 404 2068 ἀφαιρεῖν,
449 1999 544 2052 καὶ
582 1998 742 2053 τοῦτο
769 2000 1013 2070 ἐνεργεῖν
1045 2000 1502 2066 ἐξουσιαστικῶς·
1546 2003 1640 2057 τὸν
1666 2002 1725 2057 δὲ

120 2089 219 2142 τοῦ
266 2089 625 2162 καθαίροντος
659 2092 754 2145 καὶ
782 2092 1103 2161 ἀγιάζοντος
1131 2093 1325 2147 ἐπιδεᾶ
1359 2093 1723 2161 καθεστάναι;

128 2200 146 2232 ι
201 2182 408 2253 Χρείαν
436 2183 545 2254 γὰρ
589 2183 721 2251 ἐγὼ,
776 2185 963 2256 φησὶν,
999 2183 1108 2257 ἔχω
1144 2184 1251 2238 ὑπὸ
1283 2185 1378 2239 σοῦ
1423 2184 1727 2257 βαπτισθῆ-

122 2292 234 2328 ναι.
268 2293 288 2327 ι
334 2274 553 2345 Ἐπειδὴ
602 2275 659 2328 δὲ
695 2276 797 2329 οὐκ
842 2276 902 2329 ἐν
945 2279 1060 2341 τοῖς
1092 2294 1239 2341 τινος
1275 2276 1574 2349 δεομένοις,
1609 2279 1724 2333 ἀλλ’

123 2370 183 2421 ἐν
221 2370 336 2431 τοῖς
362 2367 661 2438 χορηγοῦσι
701 2368 763 2421 τὸ
801 2369 987 2439 μεῖζον
1020 2370 1238 2442 ὁρᾶται,
1274 2372 1371 2424 καὶ
1402 2372 1433 2425 6
1483 2373 1607 2443 μὲν,
1648 2372 1725 2437 ὡς

121 2458 279 2524 Θεὸς,
307 2458 535 2528 ἀφίησιν
578 2460 879 2530 ἁμαρτίας,
920 2462 949 2514 6
982 2460 1040 2515 δὲ
1086 2460 1310 2515 δύναται
1349 2461 1510 2516 τοῦτο
1548 2466 1724 2517 ποιεῖν

119 2550 400 2621 οὐδαμῶς,
448 2552 549 2605 οὐκ
596 2552 711 2615 ίσος
743 2553 854 2623 ἀρα
895 2552 978 2624 τῷ
1017 2554 1274 2610 τοσοῦτον
1312 2554 1724 2628 ἐξηλλαγμένῳ.

306 2684 512 2749 ΔΛΛΟ,
552 2684 634 2751 ὡς
664 2685 736 2737 ἐν
766 2683 1021 2754 ἐπιτομῇ
1062 2685 1161 2739 καὶ
1211 2684 1524 2754 ἁπλότητι.

197 2799 263 2852 Εἰ
308 2797 512 2868 μείζων
536 2797 689 2852 ἔσται
716 2797 811 2853 τοῦ
841 2799 999 2868 ἀγίου
1030 2799 1362 2865 Βαπτιστοῦ,
1385 2800 1528 2854 κατά
1550 2816 1722 2865 τινας,

122 2893 152 2943 6
192 2888 387 2960 Σωτὴρ
428 2890 489 2942 ἐν
532 2890 599 2959 τῇ
633 2887 883 2958 βασιλείᾳ
908 2886 1017 2942 τῶν
1045 2888 1316 2959 οὐρανῶν,
1350 2888 1386 2960 ἢ
1415 2888 1551 2954 ἴσος,
1592 2888 1627 2959 ἢ
1666 2891 1725 2942 ἐν

121 2980 423 3035 ἐλαττώσει
458 2981 576 3033 ἐστὶ
601 2981 743 3035 κατά
769 2981 861 3034 τὸν
887 2979 989 3051 τῆς
1016 2980 1485 3052 ἐνανθρωπήσεως
1511 2981 1722 3053 χρόνον.

136 3072 230 3125 Ἐν
253 3072 355 3143 μὲν
378 3067 473 3125 οὖν
493 3069 811 3139 ἐλαττώσει,
830 3070 1106 3143 οὐδαμῶς.
1141 3071 1231 3125 Ἔν
1250 3072 1456 3142 ἰσότητι
1481 3072 1540 3126 δέ
1555 3088 1568 3101 ·
1598 3071 1726 3126 τοῦο

122 3182 186 3218 το
199 3164 311 3233 γάρ
330 3162 450 3227 πώς
473 3166 590 3217 ἐστι
614 3164 676 3218 τὸ
696 3163 1167 3236 πρεπωδέστερον.
1201 3164 1343 3218 Ἀλλ’
1360 3165 1520 3238 εἰπερ
1549 3165 1721 3228 ὅντως

121 3260 152 3311 6
164 3258 266 3329 τῆς
285 3258 527 3330 ἰσότητος
546 3257 634 3311 ἐπ’
651 3258 857 3329 ἀμφοῖν
884 3255 1118 3322 σώζεται
1136 3256 1315 3327 λόγος,
1338 3256 1612 3311 καλείσθω
1626 3258 1722 3311 καὶ

135 3350 394 3422 Ἰωάννης
413 3349 577 3420 σοφία
597 3350 694 3404 καὶ
712 3348 946 3421 δύναμις
963 3348 1060 3403 τοῦ
1076 3350 1315 3421 Πατρὸς,
1335 3348 1727 3421 χρηματιζέτω

120 3443 182 3497 δὲ
215 3461 234 3495 ι
259 3442 425 3497 εἰκὼν
442 3443 863 3516 καίξχαρακτὴρ,
886 3444 982 3497 καὶ
1000 3444 1346 3515 ἀπαύγασμα
1361 3443 1462 3515 τῆς
1482 3443 1724 3497 ὑποστά-

124 3552 268 3599 σεως
294 3534 483 3590 αὑτοῦ.
521 3536 739 3608 Φερέτω
763 3535 861 3589 καὶ
889 3535 1054 3601 αὐτὸς
1090 3536 1161 3592 τὰ
1186 3535 1366 3590 πάντα
1399 3534 1479 3607 τῷ
1518 3536 1727 3607 ῥήματι

120 3630 226 3699 τῆς
248 3626 533 3699 δυνάμεως
559 3627 727 3682 αὐτοῦ
750 3644 764 3659 ο
796 3646 817 3680 ι
857 3629 1105 3683 ἀκουέτω
1131 3629 1226 3683 καὶ
1259 3628 1422 3691 αὐτὸς
1448 3628 1604 3699 παρά
1629 3626 1725 3679 τοῦ

124 3718 379 3788 Πατρός·
408 3735 430 3771 ι
463 3718 593 3782 Υἱός
621 3735 727 3789 μου
760 3712 814 3772 εἰ
854 3720 941 3782 σὺ,
991 3718 1105 3789 ἐγὼ
1145 3719 1389 3790 σήμερον
1418 3715 1728 3786 γεγέννηκά

130 3830 196 3865 σε
226 3829 241 3844 ·
274 3831 295 3865 ι
340 3813 437 3867 καί
464 3829 478 3844 ⁸
517 3829 536 3864 ι
568 3811 754 3867 Κάθου
783 3813 849 3865 ὲκ
879 3811 1072 3875 δεξιῶν
1117 3828 1239 3882 μου,
1264 3810 1369 3873 ἕως
1409 3808 1477 3862 ἂν
1499 3807 1579 3861 θῶ
1601 3808 1728 3868 τοὺς

121 3902 356 3975 ἐχθρούς
387 3920 484 3957 σου
512 3902 808 3957 ὑποπόδιον
838 3902 949 3956 τῶν
979 3903 1159 3957 ποδῶν
1198 3919 1316 3955 σου.
1356 3920 1375 3953 ι
1405 3899 1727 3969 Εἰσαγέσθω

122 3999 221 4050 καὶ
243 3996 411 4061 αὐτὸς
437 3995 515 4060 ὡς
536 3996 881 4067 πρωτότοκος
917 3996 999 4060 εἰς
1038 3996 1139 4067 τὴν
1165 3993 1517 4065 οἰκουμένην,
1546 4009 1722 4063 προσ-

120 4088 398 4145 κυνείσθω
459 4088 617 4160 παρά
672 4086 785 4141 τῶν
837 4087 1012 4155 ἁγίων
1080 4086 1364 4156 ἀγγέλων,
1419 4084 1626 4154 λεγέτω
1668 4084 1726 4139 δὲ

118 4180 480 4251 ἀνεγκλήτως
505 4180 638 4251 περὶ
666 4176 901 4233 ἑαυτοῦ·
940 4198 960 4231 ι
1019 4179 1164 4247 Ἐγὼ
1211 4178 1307 4233 καὶ
1357 4179 1386 4231 6
1434 4176 1628 4248 Πατὴρ
1666 4177 1725 4229 ἐν

118 4276 316 4344 ἐσμεν.
358 4273 419 4325 'O
448 4271 711 4343 ἑωρακὼς
739 4273 862 4345 ἐμὲ,
903 4272 1117 4344 ἑώρακε
1147 4270 1239 4325 τὸν
1268 4269 1489 4341 Πατέρα
1517 4286 1534 4303 ο
1575 4289 1593 4321 ι
1630 4271 1724 4324 καὶ

118 4365 325 4421 πάλιν·
362 4383 383 4417 ι
426 4364 570 4434 Ἐγώ
595 4366 711 4436 εἰμι
736 4368 770 4437 ή
814 4366 1113 4428 ἀνάστασις
1143 4364 1237 4419 καὶ
1282 4364 1316 4435 ή
1345 4362 1492 4435 ζωή·
1531 4380 1550 4415 ι
1583 4362 1718 4415 καί·

126 4478 148 4511 c
197 4456 343 4527 Ἐγώ
371 4458 487 4529 εἰμι
528 4460 558 4512 6
598 4458 765 4528 ἄρτος
795 4459 825 4511 6
868 4457 978 4523 ζῶν
1005 4458 1034 4511 6
1062 4460 1127 4511 ἐκ
1153 4454 1250 4510 τοῦ
1285 4452 1518 4527 οὐρανοῦ
1549 4471 1721 4507 κατα-

1748 3208 1790 3266 C

1829 1904 1968 1960 alter
1990 1921 2119 1963 vero
2138 1920 2403 1979 purgante
2425 1921 2479 1967 et
2509 1915 2889 1972 sanetillcaute
2915 1918 3189 1989 indigeat?
3219 1920 3416 1993 «.Opus

1828 2000 1974 2053 enim
2004 2009 2108 2066 est,
2139 1999 2335 2071 inquit,
2372 2011 2431 2057 ut
2468 2006 2566 2059 abs
2604 2015 2656 2061 te
2684 2007 2931 2076 haptizer
2954 2009 3022 2064 “.
3056 2029 3075 2064 ι
3115 2010 3250 2066 Cum
3284 2029 3416 2068 vero

1830 2106 1937 2146 non
1978 2091 2025 2148 is
2053 2093 2145 2163 qui
2171 2094 2356 2164 aliquo
2387 2095 2613 2167 indiget,
2663 2102 2757 2153 sed
2785 2100 2831 2155 is
2880 2101 2974 2171 qui
3035 2102 3086 2157 id
3131 2120 3240 2175 quo
3276 2106 3416 2159 alius

1828 2195 1949 2255 eget
1970 2186 2317 2256 suppeditare
2341 2199 2540 2258 potest,
2589 2191 2764 2259 major
2793 2194 2901 2259 sit,
2945 2204 3002 2250 et
3031 2195 3172 2252 Deus
3197 2191 3415 2266 quidciu

1829 2279 2078 2335 remittat
2127 2293 2345 2351 peccata
2375 2322 2389 2346 ,
2446 2284 2537 2339 hic
2580 2299 2712 2341 vero
2762 2288 2910 2343 nullo
2966 2297 3128 2358 pacto
3176 2292 3228 2345 id
3277 2306 3416 2361 pra:-

1830 2380 1978 2427 stare
2011 2384 2176 2443 queat
2207 2391 2223 2429 :
2256 2390 2364 2433 non
2392 2386 2477 2434 est
2527 2378 2693 2446 igitur
2721 2382 2949 2451 aequalis
2997 2383 3070 2437 illi
3102 2400 3131 2437 a
3154 2398 3264 2454 quo
3294 2394 3414 2438 tan-

1831 2474 2017 2535 topere
2040 2478 2351 2537 superatur.

2178 2682 2409 2751 ALIUD,
2434 2689 2697 2743 succincte
2724 2700 2774 2744 et
2823 2691 3046 2745 ruditer.

1901 2794 1957 2851 Si
1992 2796 2273 2868 Servator,
2327 2813 2385 2857 ut
2439 2804 2685 2859 nonnulli
2744 2808 3060 2877 opinantur,
3118 2807 3294 2878 major
3331 2818 3415 2863 est

1825 2890 2036 2950 Joanne
2063 2895 2304 2966 Baptista
2340 2897 2393 2951 in
2435 2912 2602 2967 regno
2625 2897 2888 2953 caalorum
2912 2938 2927 2964 ,
2979 2910 3129 2956 certe
3170 2916 3239 2956 eo
3270 2913 3411 2957 tem-

1827 3006 1959 3061 pore
1987 3005 2094 3059 quo
2125 2992 2269 3045 inter
2305 2993 2554 3047 homines
2579 3002 2827 3049 versatus
2872 3002 2979 3060 est,
3026 2996 3132 3064 {aut
3164 2995 3414 3065 :equalis,

1826 3091 1922 3136 aut
1940 3082 2119 3136 minor
2134 3096 2200 3136 eo
2223 3083 2346 3137 fuit.
2370 3081 2546 3138 Minor
2567 3093 2748 3140 autem
2769 3084 2914 3139 nulla
2941 3086 3175 3144 ratione.
3206 3086 3415 3158 Equa-

1826 3174 1893 3231 lis
1923 3175 2109 3245 igitur.
2167 3174 2279 3231 lloc
2314 3177 2457 3231 enim
2489 3188 2571 3231 est
2601 3179 3034 3235 convenientius.
3064 3181 3133 3233 At
3162 3182 3208 3236 si
3233 3196 3416 3252 mqua-

1828 3270 1908 3325 les
1943 3270 2166 3325 omnino
2195 3270 2337 3325 inter
2366 3285 2425 3325 se
2453 3269 2700 3336 fuerunt,
2730 3283 2961 3329 vocetur
2981 3273 3146 3329 etiam
3172 3272 3415 3331 Joannes

1826 3362 2091 3432 sapientia
2112 3372 2168 3414 et
2186 3363 2425 3432 potentia
2450 3361 2629 3418 Patris
2651 3362 2719 3431 ⁸⁸;
2737 3373 2962 3419 vocetur
2982 3366 3149 3422 etiam
3180 3385 3200 3420 ι
3233 3368 3419 3437 imago

1824 3464 1881 3510 et
1913 3454 2220 3519 character,
2256 3469 2320 3509 ac
2350 3455 2609 3523 splendor
2634 3457 2969 3512 exsistentia:
2997 3458 3200 3530 ipsius:
3227 3460 3415 3516 Portet

1825 3547 1992 3602 etiam
2045 3547 2233 3602 omnia
2278 3547 2463 3619 verbo]
2497 3551 2755 3618 potentiae
2805 3558 2918 3605 ειιιε
2952 3550 3023 3616 ³⁸,
3062 3571 3082 3603 ι
3131 3553 3319 3607 audiat
3358 3567 3414 3609 et

1826 3640 1942 3709 ipse
1975 3652 2004 3692 a
2037 3638 2201 3694 Patre
2228 3657 2241 3694 :
2280 3658 2298 3691 ι
2339 3639 2508 3694 Filius
2539 3655 2692 3696 meus
2739 3657 2800 3697 es
2827 3652 2903 3707 tu,
2926 3656 3027 3711 ego
3057 3642 3219 3699 hodie
3253 3650 3417 3715 genui

1826 3740 1883 3786 te
1907 3730 1977 3799 '7;
2011 3752 2029 3785 ι
2062 3730 2176 3803 98
2201 3742 2256 3787 et
2287 3750 2307 3784 ι
2350 3732 2490 3788 Sede
2516 3748 2544 3787 a
2574 3734 2782 3789 dextris
2816 3734 2972 3799 meis,
3002 3735 3175 3790 donec
3215 3752 3417 3806 ponam

1826 3825 2076 3881 inimicos
2115 3836 2236 3881 tuos
2268 3826 2564 3881 scabellum
2606 3828 2803 3895 pedum
2848 3836 3063 3882 tuorum
3090 3828 3155 3882 ³⁸.
3184 3847 3205 3881 ι
3241 3828 3412 3884 Intro-

1826 3920 2055 3975 ducatur
2087 3920 2250 3976 etiam
2282 3921 2400 3992 ipse
2424 3921 2475 3975 in
2500 3923 2687 3977 orbem
2719 3930 2987 3977 terrarum
3015 3932 3274 3993 tanquam
3293 3925 3406 3995 pri--

1826 4014 2174 4085 mogeuitus;
2207 4014 2471 4070 adoretur
2521 4031 2551 4070 a
2599 4016 2806 4071 sanctis
2847 4016 3095 4087 angelis,
3148 4028 3415 4086 recteque

1827 4108 1894 4163 de
1922 4107 2106 4179 seipso
2136 4109 2283 4163 dicat
2316 4125 2330 4161 :
2372 4128 2390 4162 ι
2449 4107 2563 4180 Ego
2592 4119 2649 4164 et
2674 4108 2840 4165 Pater
2871 4126 3039 4166 unum
3065 4126 3274 4167 sumus.
3309 4110 3412 4179 Qui

1826 4200 1960 4255 vidit
1991 4216 2097 4268 nte,
2128 4199 2264 4256 vidit
2291 4211 2347 4255 et
2373 4201 2587 4256 Patrem
2608 4202 2653 4235 ”
2673 4218 2721 4269 ;ι
2759 4212 2814 4259 et
2842 4218 3057 4258 rursum
3084 4220 3100 4259 :
3126 4202 3270 4275 «Ego
3291 4220 3415 4260 sunt

1825 4294 2156 4350 resurrectio
2189 4304 2244 4350 et
2269 4294 2375 4349 vita
2402 4313 2418 4363 ;
2448 4296 2493 4327 ἰο
2531 4314 2550 4347 ι
2584 4305 2639 4351 ει
2673 4315 2692 4347 ι
2729 4296 2839 4367 Ego
2871 4313 2991 4352 sum
3023 4298 3181 4368 panis
3222 4298 3414 4353 vivens

1824 4388 1918 4459 qui
1952 4404 1982 4443 e
2031 4388 2173 4443 cmlo
2208 4390 2488 4456 descendi,
2541 4398 2597 4446 et
2639 4391 2806 4445 vitam
2859 4391 2995 4446 dans
3035 4392 3236 4447 mundo
3270 4392 3338 4449 “.
3384 4411 3407 4444 ι

1826 4478 1885 4535 Si
1919 4495 2051 4536 vero
2082 4481 2196 4535 haec
2223 4482 2404 4536 omnia
2440 4492 2524 4537 est
2545 4481 2821 4549 Christus,
2844 4496 2950 4536 non
2980 4495 3165 4538 autem
3197 4483 3287 4537 ille
3315 4486 3410 4554 qui

118 4549 247 4614 ϐὰς,
284 4552 380 4604 καὶ
406 4549 552 4621 ζωὴν
585 4549 761 4614 διδοὺς
786 4548 865 4619 τῷ
891 4549 1105 4619 κόσμῳ.
1147 4568 1166 4601 ι
1221 4546 1286 4601 Εἰ
1329 4547 1388 4601 δὲ
1415 4544 1590 4599 ταῦτα
1618 4545 1717 4616 μὲν

1830 4571 2075 4642 imperite
2105 4573 2332 4641 aequalis
2361 4588 2486 4628 esse
2535 4573 2737 4629 dicitur
2771 4591 2785 4629 :
2824 4589 2932 4643 quo
2975 4588 3133 4645 pacto
3163 4590 3268 4630 non
3304 4579 3407 4630 ah-

117 4644 241 4696 ἔστι
282 4641 462 4697 πάντα
511 4643 769 4713 Χριστὸς,
811 4641 994 4695 οὐκέτι
1034 4641 1092 4695 δὲ
1123 4640 1218 4695 καὶ
1249 4641 1279 4693 6
1308 4639 1447 4711 πρὸς
1497 4637 1717 4706 ἰσότητα

1828 4667 2053 4719 surdum
2085 4664 2233 4719 dictu
2278 4666 2491 4721 censeri
2535 4666 2765 4728 debeat,
2794 4665 3071 4723 Christum
3117 4668 3415 4738 aliquando

116 4735 220 4805 τὴν
257 4734 397 4805 πρὸς
443 4735 608 4789 αὐτὸν
655 4734 993 4806 καλούμενος
1026 4731 1276 4804 ἀμαθῶς,
1332 4731 1454 4794 πῶς
1494 4731 1556 4784 οὐ
1594 4729 1717 4783 λίαν

1830 4754 2034 4814 Joanne
2080 4756 2339 4826 majorem
2385 4757 2650 4826 futurum,
2684 4761 2777 4829 qui
2816 4770 3011 4831 suapte
3040 4770 3236 4817 natura
3264 4775 3412 4817 sem-

115 4824 454 4879 ἀπαίδευτον
472 4825 632 4879 παντί
655 4843 735 4897 τῳ
755 4828 1006 4896 φανεῖται
1028 4825 1235 4890 λοιπὸν,
1254 4824 1317 4878 τὸ
1340 4823 1564 4896 μείζονά
1583 4838 1715 4876 ποτε

115 4918 458 4989 γενήσεσθαι
485 4918 730 4990 νομίζειν
758 4919 949 4985 αὐτοῦ,
974 4920 1067 4974 τὸν
1103 4919 1192 4975 ἀεὶ⁸
1218 4918 1378 4973 τοῦτο
1401 4917 1715 4989 ὑπάρχοντα

117 5008 399 5079 φυσικῶς,
428 5009 505 5074 ὡς
528 5008 663 5063 Θεόν
686 5026 701 5075 ;

821 5128 1027 5182 ΔΛΔΟ.

192 5238 259 5292 Εἰ
305 5240 364 5292 ἐν
389 5238 469 5310 τῷ
514 5239 647 5294 ποτὲ
689 5239 791 5312 τὴν
832 5240 1083 5294 Ἰωάννου
1128 5240 1547 5311 πλεονεκτήσειν
1588 5241 1718 5313 ἀρε-

1823 4865 1921 4921 per
1952 4849 2128 4921 major
2157 4850 2281 4919 fuit,
2318 4851 2575 4907 nimirum
2602 4850 2795 4907 Deus?

2495 5118 2730 5176 ALIUD.

1896 5233 1953 5291 Si
1987 5234 2041 5289 in
2073 5232 2259 5289 luturo
2284 5231 2484 5288 saeculo
2515 5243 2729 5287 tantum
2756 5230 3009 5287 Christus
3042 5230 3270 5287 Joannis
3298 5232 3406 5285 vir-

107 5330 216 5400 τὴν
245 5328 578 5398 ἀξιάγαστος
601 5331 897 5403 ὀφθήσεται
927 5332 1183 5402 Χριστὸς,
1208 5332 1360 5385 οὐδὲν
1382 5333 1441 5385 ἐν
1474 5330 1623 5403 αὑτῷ
1658 5331 1720 5385 τὸ

1830 5337 1990 5383 tutem
2021 5336 2380 5397 superaturos
2412 5335 2515 5389 est,
2547 5335 2699 5381 certe
2745 5324 2953 5380 nihilin
2978 5327 3098 5396 ipso
3143 5340 3405 5398 magnum

112 5423 271 5495 μέγα
289 5440 302 5453 ο
331 5424 454 5477 ἐπεὶ
478 5424 574 5479 καὶ
598 5425 819 5494 ἄγγελοι
845 5425 1131 5497 κρείττους
1163 5424 1331 5480 αὑτοῦ
1366 5426 1509 5479 κατά
1537 5441 1602 5494 γε
1628 5424 1721 5479 τὸν

1830 5432 1909 5479 εει
1946 5441 1959 5477 :
2003 5437 2127 5477 cum
2158 5431 2213 5475 et
2251 5418 2432 5490 angeli
2476 5419 2733 5476 meliores
2779 5418 3297 5489 praestantioresque
3336 5435 3409 5473 eo

108 5519 281 5586 λόγον
317 5518 419 5589 τῆς
456 5519 665 5583 οἰκείας
709 5519 949 5590 φύσεως,
1000 5520 1096 5573 καὶ
1132 5519 1232 5591 τῆς
1271 5521 1352 5583 εἰς
1386 5518 1520 5573 Θεὸν
1563 5518 1720 5572 εὐσε-

1832 5516 1945 5573 sint
1988 5515 2228 5587 pmpria:
2258 5529 2371 5568 sua:
2412 5524 2622 5568 naturte
2656 5513 2868 5568 ratione
2888 5553 2903 5578 ,
2939 5520 2995 5567 et
3024 5512 3243 5583 pietatis
3274 5528 3403 5582 erga

109 5615 276 5678 σείας
298 5615 399 5686 τὴν
432 5615 727 5687 ὑπεροχήν.
763 5609 897 5669 Εἶτα
929 5616 1024 5668 ποῖ
1056 5630 1187 5667 ποτε
1219 5613 1484 5685 βαδιεῖται
1508 5612 1721 5677 Παῦλος

1830 5609 1995 5664 Deum
2011 5607 2363 5664 excellentia.
2391 5605 2594 5662 Deinde
2612 5604 2745 5676 quid
2766 5606 2831 5662 de
2843 5602 3233 5676 sapientissimi
3258 5604 3406 5659 illius

187 5792 232 5823 ³¹
264 5790 372 5846 lsa.
399 5806 553 5857 mn,
593 5790 685 5848 25.
763 5793 809 5831 ³³
843 5791 1054 5847 Baruch
1088 5806 1173 5848 ιιι.
1213 5791 1303 5846 58.
1383 5792 1427 5824 ³³
1459 5789 1617 5847 Joan.
1651 5804 1689 5855 ι,

1894 5786 1939 5820 ³⁸
1972 5785 2164 5842 Matth.
2198 5800 2281 5851 ιιι,
2315 5785 2402 5841 14.
2480 5784 2526 5817 ³⁸
2565 5784 2580 5838 Ι
2610 5784 2739 5840 Cor.
2771 5801 2809 5854 ι,
2840 5783 2933 5840 24.
3012 5784 3057 5818 ³⁸
3087 5783 3255 5843 Hebr.
3278 5780 3402 5855 1,5.

112 5862 158 5895 ⁸⁷
195 5861 346 5919 Psal.
376 5878 433 5931 ιι,
473 5856 546 5918 Ἰ(
615 5864 659 5897 ³³
687 5862 832 5925 Psal.
873 5878 981 5933 cxx,
1015 5867 1061 5918 t.
1138 5864 1181 5896 ”
1208 5864 1359 5920 Juttlt.
1396 5878 1505 5931 xxv,
1548 5861 1600 5917 9.
1680 5861 1723 5892 ⁸ο
1747 5858 1905 5916 Joan.
1939 5873 2015 5926 xi,
2043 5858 2134 5915 25.
2210 5857 2254 5890 “
2290 5856 2441 5913 Joan.
2472 5872 2546 5921 VI,
2579 5857 2667 5913 53.
