3882 6210
428 347 533 399 165

1453 338 1510 391 S.
1550 336 1829 393 CYRlLIJ
1872 336 2347 393 ALEXANDRINI
2389 338 2713 395 ABCHIEP.

3598 330 3703 392 16-6

427 455 575 509 Pauli
611 452 922 509 testimonio
946 461 1210 515 statuent,
1258 453 1349 521 qui
1398 452 1677 505 Christum
1712 459 1866 505 tanto
1913 465 1999 505 su-

2131 451 2247 521 ίιμῖν
2274 453 2303 505 6
2328 452 2639 520 σοφώτατος
2678 450 2933 506 τοσοῦτον
2975 449 3225 520 ἀγγέλων
3257 446 3564 519 ὑπερτιθεὶς
3604 449 3698 501 τὸν

429 546 697 615 pet-iorem
737 543 947 616 an'gelis
986 559 1107 600 esse
1155 551 1382 597 testatur
1409 584 1425 606 ,
1472 553 1680 611 quanto
1707 541 1885 595 divina
1915 556 2012 594 na-

432 648 548 691 tura
583 646 770 691 creata
800 635 1121 691 antecellit?
1157 653 1175 686 ι
1225 633 1325 689 Cui
1362 633 1531 697 enim,
1561 632 1737 702 inquit
1768 631 1970 687 Paulus
1994 672 2010 698 ,

430 728 747 798 angelorum
792 743 1034 798 unquam
1072 717 1212 781 dixit
1256 740 1271 777 :
1306 724 1450 781 Sede
1503 740 1533 778 a
1574 725 1782 780 dextris
1831 723 2016 779 meis?

430 819 622 876 Nonne
646 835 836 875 omnes
874 828 1002 875 sunt
1028 818 1487 874 administratorii
1511 817 1738 888 spiritus
1759 858 1775 885 ,
1827 817 1879 871 in
1912 818 2015 870 mi-

432 912 717 969 nisterium
770 912 923 967 miss’i
978 911 1077 966 ⁸²ῗ
1132 928 1151 962 ι
1209 910 1329 977 Quo
1385 919 1557 980 pacto
1607 908 1773 979 igitur
1831 909 1877 964 is
1921 910 2012 979 qui

432 1016 584 1062 tanto
616 1014 703 1061 est
727 1005 936 1077 angelis
976 1005 1328 1075 praestantior
1366 1002 1540 1059 Filius
1572 1042 1588 1068 ,
1644 1012 1704 1058 ut
1730 1011 1786 1059 et
1832 1001 2017 1057 Patris

428 1099 587 1155 sedili
636 1108 692 1155 et
740 1098 1091 1155 tabernaculo
1140 1098 1487 1169 adjungatur,
1532 1096 1690 1166 quasi
1747 1110 2009 1167 magnum

432 1191 637 1261 aliquid
702 1200 760 1247 et
815 1193 1143 1262 praclarum
1197 1190 1262 1244 de
1306 1204 1366 1244 se
1424 1188 1703 1259 pradicet,
1754 1188 2017 1257 majorem

430 1284 639 1339 Joanne
665 1283 905 1352 Baptista
935 1283 991 1337 in
1021 1297 1188 1353 regno
1220 1281 1485 1338 calorum
1514 1279 1656 1347 fore,
1707 1294 1834 1336 cum
1865 1294 2017 1336 sem-

432 1391 528 1445 per
560 1374 731 1443 major
760 1374 869 1429 sit?
900 1373 1183 1440 Quomodo
1217 1374 1364 1428 enim
1393 1387 1501 1428 non
1550 1372 1624 1429 sit
1663 1370 1873 1445 major,
1922 1371 2017 1443 qui

432 1468 545 1523 Deo
572 1482 639 1522 ac
668 1466 815 1520 Patri
838 1464 1064 1535 aqualis
1098 1473 1185 1520 est
1217 1465 1241 1519 ἳ

1092 1576 1325 1634 ALIUD.

500 1696 556 1750 Si
590 1693 827 1749 Joannes
850 1692 1093 1762 Baptista
1123 1699 1242 1747 erat
1284 1690 1508 1745 lucerna
1532 1729 1549 1757 ,
1599 1688 1851 1746 Christus
1887 1703 2021 1745 vero

2113 544 2366 614 Χριστὸν,
2398 546 2520 598 ὅσον
2546 546 2580 616 ἡ
2615 545 2735 598 θεία
2772 545 2933 613 φύσις
2960 543 3058 615 τὴν
3083 541 3317 612 γενητὴν
3348 538 3697 611 ὑπερτρέχει.

2122 655 2141 688 ι
2166 637 2285 690 Τίνι
2308 637 2438 708 γὰρ,
2466 637 2609 701 εἶπε,
2638 637 2770 690 ποτὲ
2796 636 2903 690 τῶν
2929 635 3199 705 ἀγγέλων,
3230 635 3362 705 φησί
3386 650 3399 662 ·
3426 632 3614 687 Κάθου
3636 634 3702 685 ὲκ

2113 726 2303 793 δεξιῶν
2336 745 2470 800 μους
2513 728 2648 798 Οὑχὶ
2675 728 2877 790 πάντες
2903 727 3010 780 εἰσὶ
3038 725 3386 795 λειτουργικὰ
3412 723 3704 793 πνεύματα

2115 822 2197 884 εἰς
2226 820 2503 875 διακονίαν
2534 819 3010 890 ἀποστελλόμενα;
3045 838 3066 872 ι
3103 817 3230 881 Πῶς
3262 812 3356 870 οὖν
3381 816 3409 868 6
3445 814 3706 868 τοσοῦτον

2114 913 2243 977 τοὺς
2293 914 2543 967 Ἰωάννου
2592 913 2846 985 μείζονας
2887 912 3154 981 ἀγγέλους
3199 908 3507 964 ἀναϐαίνων
3547 907 3705 970 Υἱὸς,

2116 1004 2193 1067 ὡς
2227 1006 2319 1059 καὶ
2344 1008 2456 1068 τοῖς
2480 1004 2573 1058 τοῦ
2599 1005 2813 1076 Πατρὸς
2857 1003 3168 1074 ὲνιδρύσθαι
3197 1002 3413 1066 θώκοις,
3441 1001 3518 1065 ὡς
3557 1000 3710 1071 μέγα

2116 1114 2169 1149 τι
2198 1097 2290 1150 καὶ
2318 1095 2629 1162 ἀξιόπιστον
2654 1096 2739 1166 ἐφ’
2768 1095 2948 1167 ἑαυτῷ
2988 1096 3175 1167 φησὶν,
3213 1094 3288 1158 ὡς
3318 1094 3468 1147 ἔσται
3498 1092 3711 1163 μείζων

2117 1188 2284 1243 αὑτοῦ
2311 1188 2452 1242 κατὰ
2478 1188 2568 1244 τὸν
2584 1188 2684 1259 τῆς
2702 1187 2979 1258 βασιλείας
2996 1186 3209 1258 καιρὸν,
3232 1186 3408 1238 καίτοι
3429 1182 3492 1236 τὸ
3519 1180 3711 1253 μεῖζον

2118 1282 2258 1353 ἔχων
2279 1282 2402 1347 ἀεί;
2445 1280 2571 1345 Πῶς
2597 1279 2707 1353 γὰρ
2732 1281 2832 1352 οὑχ
2857 1279 3030 1343 οὑτως
3058 1281 3088 1333 6
3110 1281 3169 1332 ὲν
3210 1277 3415 1347 ἰσότητι
3443 1273 3535 1329 τοῦ
3565 1271 3709 1326 Θεοῦ

2119 1374 2214 1427 καὶ
2244 1372 2460 1445 Πατρός
2479 1389 2494 1438 ;

2806 1577 3011 1633 ΔΛΛΟ.

2191 1698 2256 1750 El
2298 1694 2493 1766 λύχνος
2536 1691 2605 1766 ἦν
2644 1694 2675 1748 6
2723 1694 2995 1765 μακάριος
3038 1686 3371 1758 Βαπτιστὴς,
3418 1685 3534 1755 φῶς
3571 1683 3634 1737 δὲ
3681 1684 3715 1736 6

433 1791 636 1852 lumen,
668 1802 774 1854 quo
816 1797 973 1856 pacto
1004 1785 1111 1840 erit
1156 1782 1366 1853 aquale
1410 1797 1532 1838 cum
1575 1781 1800 1837 lucerna
1827 1783 2011 1837 lumen

2131 1786 2378 1858 Χριστὸς,
2405 1785 2524 1848 πῶς
2547 1786 2605 1838 ὲν
2647 1785 2852 1856 ίσότητι
2883 1784 3124 1838 κείσεται
3147 1783 3214 1852 τῇ
3254 1780 3434 1850 λύχνῳ
3461 1777 3524 1829 τὸ
3562 1774 3712 1845 φῶς,

434 1882 611 1951 ipsum
650 1878 719 1944 ⁸³,
749 1886 843 1931 aut
872 1878 923 1932 id
962 1878 1104 1946 quod
1135 1874 1484 1930 illuntiuandi
1514 1876 1621 1929 vim
1651 1874 1835 1939 habet,
1888 1887 2015 1928 cum

432 1995 497 2033 eo
545 1975 686 2047 quod
731 1974 1126 2029 illuminatione
1174 1970 1426 2039 indiget?
1475 1970 1632 2037 Quod
1675 1982 1806 2024 vero
1859 1975 2014 2022 tanto

430 2066 717 2123 intervallo
749 2074 968 2135 superat
991 2104 1006 2130 ,
1041 2077 1280 2134 quonam
1315 2073 1475 2134 pacto
1502 2064 1686 2117 minus
1719 2060 2017 2126 exsistens,

432 2159 609 2230 majus
631 2158 725 2212 ﬁat
753 2156 777 2211 Ἰ

1095 2245 1329 2304 ALIUD.

512 2364 569 2421 Si
601 2365 648 2419 is
673 2363 764 2434 qui
800 2362 965 2418 habet
1012 2375 1292 2429 sponsam,
1318 2372 1552 2429 sponsus
1608 2367 1694 2414 est
1720 2397 1739 2424 ,
1787 2358 1891 2414 hoc
1936 2366 2023 2414 est.

431 2459 705 2521 Christus,
731 2454 944 2509 amicus
997 2461 1180 2506 autem
1231 2451 1420 2521 sponsi
1468 2451 1561 2520 qui
1611 2458 1723 2505 stat
1767 2460 1824 2506 et
1869 2449 2023 2506 audit

435 2551 635 2619 ipsum,
668 2549 772 2603 huc
826 2556 912 2601 est
943 2547 1137 2599 beatus
1177 2540 1420 2599 Joannes
1448 2541 1717 2611 Baptista,
1767 2543 2021 2598 diversus

435 2644 623 2711 itaque
655 2639 726 2693 ah
752 2641 871 2709 ipso
919 2645 1006 2691 est
1075 2650 1183 2691 non
1228 2635 1403 2691 solum
1437 2649 1668 2690 numero
1703 2634 2017 2700 distinctus,

435 2749 624 2788 verum
652 2732 818 2786 etiam
850 2728 1164 2798 aqualitate
1200 2726 1484 2797 dignitatis
1532 2737 1586 2783 et
1636 2727 1861 2782 honoris
1890 2716 1893 2719 ⁷
1920 2728 2019 2782 de-

435 2823 680 2878 stitutus.
721 2819 998 2888 Siquidem
1024 2818 1115 2873 hic
1142 2832 1332 2872 revera
1360 2815 1561 2873 festum
1593 2818 1737 2872 diem
1776 2818 2020 2883 inchoat,

436 2916 529 2969 ille
544 2928 675 2969 vero
706 2912 933 2968 alterius
950 2910 1263 2967 festivitatis
1286 2919 1370 2966 est
1389 2910 1686 2981 particeps,
1713 2924 1779 2965 ac
1797 2911 2024 2980 proinde

437 3006 729 3062 illustrior.

1106 3112 1340 3171 ALIUD.

506 3229 748 3286 Joannes
782 3228 1027 3300 Baptista
1060 3228 1136 3286 ita
1160 3230 1361 3285 alicubi
1404 3229 1471 3285 de
1505 3229 1801 3286 Servatore
1833 3239 2022 3286 nostro

440 3325 575 3379 dicit
606 3341 621 3377 :
656 3341 676 3375 ι
711 3323 815 3392 Qui
844 3324 912 3378 de
935 3339 1150 3380 sursum
1174 3325 1345 3390 venit,
1383 3339 1547 3394 super
1570 3338 1762 3379 omnes
1793 3334 1877 3379 est
1906 3324 1971 3378 ⁸⁸.
1999 3344 2018 3378 ι

436 3415 551 3487 99
595 3415 798 3470 Deinde
844 3431 999 3470 suam
1071 3417 1234 3471 etiam
1276 3418 1644 3472 conditionem
1694 3420 2022 3488 explicans:

445 3526 464 3558 ι
509 3508 610 3574 Qui
640 3508 705 3561 tle
742 3518 888 3562 terra
936 3516 1043 3575 est,
1087 3508 1284 3578 inquit,
1341 3520 1556 3563 terrena
1602 3509 1842 3577 loquitur
1871 3510 1941 3564 ⁸⁵.
1997 3528 2015 3560 ι

442 3599 497 3653 Si
524 3613 655 3668 ergo
684 3599 949 3654 Servatur
995 3600 1044 3655 ei
1063 3601 1289 3670 aqualis
1311 3611 1418 3664 est,
1449 3602 1645 3673 quippe
1676 3602 1767 3673 qui
1790 3603 2024 3657 nondum

440 3693 617 3762 majus
666 3691 921 3763 accepit,
978 3692 1135 3760 nihil,
1168 3701 1227 3746 ut
1273 3694 1572 3748 verisimile
1600 3706 1704 3759 est,
1752 3696 2029 3751 obstiterit

440 3785 732 3855 quominus
762 3783 815 3839 id
845 3785 987 3854 quod
1024 3788 1305 3855 proprium
1369 3788 1619 3840 alterutri
1665 3797 1790 3853 est,
1853 3788 1905 3842 in
1944 3788 2021 3842 al-

442 3891 614 3931 terum
642 3885 905 3942 transeat,
958 3878 1030 3931 ita
1056 3887 1113 3930 ut
1137 3876 1376 3947 Baptista
1409 3877 1695 3932 desursum
1753 3881 2025 3933 omniom-

440 3984 546 4035 que
570 3984 859 4038 supremus
901 3982 1218 4035 censeatur,
1273 3968 1528 4025 Christus
1562 3986 1692 4025 vero
1751 3982 2022 4026 terrenus.

440 4062 550 4117 Sed
583 4062 686 4116 hoc
738 4060 1035 4115 absurdum
1088 4071 1191 4115 est.
1230 4060 1332 4116 llic
1373 4063 1540 4124 enim,
1595 4072 1654 4116 ut
1701 4064 2027 4118 naturaliter

444 4157 606 4221 iJBUS,
630 4168 795 4224 super
815 4169 1006 4208 omnes
1028 4163 1112 4209 est
1144 4176 1153 4209 :
1183 4155 1268 4208 ille
1300 4170 1430 4210 vero
1458 4171 1527 4210 ex
1551 4155 1810 4210 inferiore
1832 4167 1887 4210 ot
1916 4157 2026 4211 Deo

444 4248 688 4317 subjecta
738 4256 989 4301 creatura
1026 4256 1271 4301 terrenus
1312 4258 1417 4302 est.
1446 4247 1563 4301 Non
1608 4263 1739 4318 ergo
1772 4249 2019 4318 aqualis,

440 4338 572 4407 qui}.
599 4336 781 4407 potius
812 4337 1224 4407 incomparabili
1258 4339 1579 4394 excellentia
1610 4355 1640 4392 a
1676 4341 1893 4395 Christo
1932 4358 2026 4395 su-

443 4439 683 4498 peratur.
735 4429 853 4496 Quo
876 4439 1033 4500 pacto
1064 4430 1229 4501 igitur
1254 4432 1468 4485 censeri
1518 4441 1698 4501 potest
1737 4433 2026 4502 aliquando

441 4524 656 4577 l‘nturus
694 4522 887 4591 major,
919 4522 1006 4590 qui
1040 4538 1257 4592 semper
1292 4533 1576 4594 tantopere
1604 4524 1913 4581 excelluit?

1116 4725 1275 4783 ALIU
1290 4729 1351 4782 Ι).

514 4836 776 4894 Servator
817 4846 939 4909 post
970 4844 1425 4898 resurrectionem
1457 4860 1487 4899 a
1537 4849 1771 4902 mortuis
1811 4848 2025 4903 instau-

445 4946 574 4985 rans
604 4931 657 4984 in
689 4931 846 4985 nobis
881 4932 1118 5001 priscam
1153 4933 1393 5004 Spiritus
1428 4938 1681 5006 gratiam,
1737 4939 2027 5007 inspiravit

444 5024 732 5093 apostolis,
766 5024 953 5079 dicens
980 5041 993 5077 :
1019 5045 1038 5077 ι
1077 5028 1321 5097 Accipite
1347 5027 1608 5100 Spiritum
1633 5043 1880 5087 sanctum
1910 5034 1974 5086 ⁸⁸.
2002 5053 2019 5083 ι

446 5117 513 5169 Et
545 5131 759 5170 rursum
809 5116 924 5185 ipse
954 5119 1020 5171 dc
1070 5118 1272 5187 Spiritu
1316 5122 1391 5175 ita
1427 5124 1502 5176 ait
1538 5141 1552 5176 :
1600 5142 1619 5175 ι
1657 5124 1790 5190 Quia
1819 5127 1885 5180 de
1908 5141 2027 5180 meo

444 5207 676 5277 accipiet
702 5207 768 5261 ⁸⁷.
813 5227 833 5259 ι
872 5208 978 5264 Sed
1006 5221 1061 5264 et
1091 5212 1331 5279 Spiritus
1371 5213 1575 5269 Christi
1617 5215 1855 5285 Spiritus
1896 5233 2025 5271 san-

446 5306 567 5351 ctus
606 5314 634 5351 a
692 5314 849 5354 sacra
887 5299 1171 5370 Scriptura
1203 5305 1541 5373 appellatur,
1598 5317 1657 5361 ιιι
1701 5308 1752 5361 in
1802 5310 2029 5365 Actibus

445 5391 809 5457 apostolorum
833 5392 1031 5462 legitur
1060 5414 1072 5448 :
1112 5414 1129 5447 ι
1165 5396 1301 5450 Cum
1328 5414 1454 5452 vcro
1483 5402 1813 5455 transissent
1842 5404 2027 5456 Asiam

445 5494 499 5535 et
535 5482 762 5540 Galatia
820 5487 1133 5557 regionem,
1193 5498 1478 5545 tentarunt
1525 5494 1799 5559 prolicisci
1850 5494 1903 5547 in
1942 5493 2037 5547 Bi-

448 5574 724 5644 thyniam,
756 5584 812 5631 et
854 5593 960 5632 non
1015 5579 1263 5649 permisit
1307 5595 1402 5635 eos
1449 5580 1686 5650 Spiritus
1731 5580 1857 5636 Jcsn
1892 5584 1959 5636 ⁸⁸.
2002 5606 2021 5637 ι

516 5728 562 5805 ⁸⁸
591 5730 753 5785 llebr.
786 5730 982 5805 1,15,
1020 5733 1106 5789 Η.
1184 5734 1230 5766 ⁸³
1259 5732 1415 5790 Joun.
1446 5751 1500 5803 v,
1529 5736 1648 5791 5-5.

447 5797 496 5832 ⁵⁸
518 5802 635 5857 Act.
676 5817 789 5869 xvr,
823 5801 873 5856 ἴ.

1728 5737 1769 5768 ⁸⁸
1804 5736 1959 5795 Joan.
2001 5756 2077 5805 tu,
2116 5740 2206 5795 5!.
2281 5739 2326 5770 ⁸⁸
2357 5737 2487 5792 ibid.

2120 1879 2218 1932 καὶ
2249 1876 2310 1931 τὸ
2349 1874 2605 1945 φωτίζειν
2633 1874 2873 1944 πεφυκὸς
2907 1872 2986 1944 τῷ
3025 1873 3201 1943 φωτὸς
3232 1868 3503 1941 δεομένῳς
3546 1866 3628 1918 Τὸ
3653 1864 3714 1917 δὲ

2120 1970 2372 2025 τοσοῦτον
2402 1969 2492 2022 ἀεὶ
2515 1966 2894 2032 πλεονεκτοῦν,
2932 1965 3050 2031 πῶς
3088 1966 3146 2019 ὲν
3172 1961 3463 2018 ἐλαττώσει
3502 1958 3587 2026 ὃν,
3616 1957 3718 2011 ἐπὶ

2117 2065 2182 2119 τὸ
2210 2063 2398 2136 μεῖζον
2425 2061 2763 2133 ἀναϐήσεται
2783 2077 2798 2127 ;

2794 2242 3017 2312 (Almo.

2192 2363 2257 2417 El.
2285 2363 2314 2417 6
2338 2362 2477 2433 ἔχων
2522 2361 2623 2433 τὴν
2661 2362 2883 2431 νύμφην
2914 2355 3148 2429 νυμφίος
3203 2354 3342 2419 ἐστὶ,
3369 2352 3660 2407 τουτέστιν
3687 2353 3719 2406 6

2120 2454 2376 2525 Χριστὸς,
2396 2454 2425 2506 6
2444 2454 2500 2507 δὲ
2522 2453 2673 2523 φίλος
2693 2451 2787 2505 τοῦ
2811 2451 3045 2522 νυμφίου
3069 2451 3098 2503 6
3118 2447 3361 2519 έστηκὼς
3380 2447 3474 2500 καὶ
3494 2445 3719 2499 ἁκούων

2121 2545 2310 2609 αὑτοῦ,
2336 2545 2617 2599 τουτέστιν
2640 2546 2669 2599 6
2697 2543 2968 2615 μακάριος
3009 2540 3345 2611 Βαπτιστὴς,
3370 2539 3559 2609 ἕτερος
3604 2538 3719 2608 ἄρα

2123 2641 2254 2711 παρ’
2283 2639 2445 2693 αὐτόν
2486 2640 2634 2693 ἐστιν
2675 2637 2736 2690 οὑ
2777 2636 2937 2707 μόνον
2976 2634 3220 2706 δηλονότι
3267 2631 3719 2702 διαστελλόμενος

2124 2730 2364 2803 ἀριθμῷ,
2388 2729 2524 2785 ἀλλὰ
2545 2727 2740 2781 τὸνῖσον
2767 2727 2867 2781 οὑκ
2894 2726 3032 2797 ἔχων
3056 2727 3113 2780 έν
3137 2724 3406 2797 ἀξιώματι
3437 2724 3530 2777 καὶ
3550 2727 3716 2794 τιμῇ.

2125 2828 2297 2894 Εἴπερ
2342 2826 2370 2878 6
2419 2823 2521 2896 μέν
2564 2822 2683 2875 ἐστι
2714 2818 3151 2892 πανηγυράρχης
3186 2817 3423 2889 άληθῶς,
3457 2819 3486 2871 6
3512 2817 3570 2870 δὲ
3614 2818 3720 2887 τῆς

2125 2918 2312 2988 ἐτέρου
2348 2914 2709 2987 πανηγύρεως
2742 2914 2991 2986 μέτοχος,
3017 2912 3112 2966 καὶ
3149 2911 3239 2966 διὰ
3263 2910 3421 2965 τοῦτο
3457 2910 3721 2983 λαμπρό-

2123 3028 2303 3084 τερος.

2812 3121 3021 3175 ΔΛΛΟ.

2198 3239 2371 3304 Δυτός
2400 3237 2503 3293 πού
2531 3254 2694 3309 φησιν
2720 3236 2750 3288 6
2795 3236 3068 3305 μακάριος
3105 3228 3415 3298 Βαπτιστὴς
3455 3227 3590 3298 περὶ
3622 3227 3721 3280 τοῦ

2126 3332 2381 3404 Σωτῆρος
2434 3330 2592 3403 ἡμῶν
2640 3325 2880 3398 Χριστοῦ
2910 3345 2926 3361 ο
2978 3342 2997 3377 ι
3057 3324 3117 3377 '0
3165 3322 3372 3377 ἀνωθεν
3415 3320 3722 3392 ἐρχόμενος

2126 3426 2312 3480 ἐπάνω
2343 3423 2562 3477 πάντων
2586 3420 2752 3474 ἐστίν.
2788 3437 2807 3471 ι
2864 3412 3001 3471 Εἶτα
3028 3416 3090 3470 τὸ
3125 3416 3323 3469 οἰκεῖον
3354 3412 3722 3467 έκκαλύπτων

2130 3517 2326 3588 μέτρον
2346 3534 2358 3545 ·
2394 3534 2412 3566 ι
2460 3516 2518 3567 '0
2546 3512 2620 3566 ὢν
2650 3514 2715 3565 ὲκ
2738 3512 2837 3582 τῆς
2870 3510 2995 3579 γῆς,
3033 3509 3220 3579 φησιν,
3246 3511 3317 3561 τὰ
3350 3506 3451 3576 τῆς
3484 3506 3592 3576 γῆς
3622 3505 3727 3561 λα·

2124 3613 2227 3666 λεῖ.
2264 3631 2282 3662 ι
2327 3609 2498 3679 Εἴπερ
2520 3602 2612 3660 οῦν
2644 3607 2703 3659 ἐν
2735 3605 2938 3675 ἰσότητι
2964 3602 3210 3655 κείσεται
3237 3603 3305 3672 τῇ
3332 3600 3466 3670 πρὸς
3493 3598 3663 3652 αὑτὸν
3692 3601 3727 3652 ὁ

2127 3703 2338 3775 Σωτὴρ,
2372 3702 2445 3764 ὡς
2485 3700 2639 3754 οὔπω
2666 3698 2727 3751 τὸ
2759 3697 2941 3769 μεῖζον
2979 3693 3289 3758 ἀπολαϐὼν,
3324 3693 3495 3756 οὐδὲν,
3531 3692 3611 3756 ὡς
3642 3695 3727 3745 εί-

2127 3797 2243 3861 κὸς,
2275 3792 2599 3849 διακωλύσει
2630 3791 2725 3844 καὶ
2756 3789 2817 3842 τὸ
2857 3788 3104 3861 ἑκατέρῳ
3136 3786 3340 3858 κυρίως
3376 3785 3580 3855 προσὸν
3618 3802 3724 3857 με·

2125 3888 2404 3943 ταϐαίνειν
2449 3886 2541 3939 ἐπὶ
2573 3884 2663 3937 τὸν
2704 3882 2926 3953 ἕτερον·
2964 3881 3040 3945 ὡς
3067 3879 3305 3934 νοεῖσθαι
3337 3877 3459 3950 μὲν,
3504 3879 3722 3933 ἀνωθέν

2124 3998 2184 4033 τε
2215 3980 2309 4033 καὶ
2341 3977 2527 4031 ἐπάνω
2568 3976 2786 4029 πάντων
2816 3974 2907 4027 τὸν
2939 3972 3094 4041 ἆγιον
3132 3971 3463 4042 Βαπτιστὴν,
3509 3971 3622 4024 ἀπὸ
3661 3971 3723 4024 δὲ

2126 4073 2227 4141 τῆς
2268 4070 2373 4139 γῆς
2411 4068 2503 4121 τὸν
2534 4067 2760 4137 Κύριον.
2819 4064 2981 4117 Ἀλλά
3024 4062 3182 4117 τοῦτο
3224 4063 3442 4117 ἄτοπον.
3503 4063 3563 4115 '0
3616 4063 3724 4132 μὲν

2127 4164 2256 4233 γὰρ,
2297 4162 2373 4224 ὡς
2403 4161 2547 4215 κατὰ
2576 4159 2740 4229 φύσιν
2784 4157 3047 4228 ὑπάρχων
3079 4155 3231 4219 Θεὸς,
3267 4156 3452 4209 ἐπάνω
3493 4156 3735 4209 πάντων·

2127 4251 2275 4306 ἐστίν
2296 4264 2310 4278 ’
2339 4251 2366 4303 6
2392 4250 2448 4303 δὲ
2476 4249 2574 4320 τῆς
2610 4249 2762 4303 κάτω
2801 4248 2897 4300 καὶ
2941 4247 3305 4317 ὑποκειμένης
3337 4246 3414 4318 τῷ
3442 4246 3563 4318 Θεῷ
3598 4250 3722 4302 κτί-

2130 4360 2267 4406 σεως
2316 4339 2644 4409 ὲκπεφυκὼς
2680 4342 2743 4392 ὲκ
2775 4340 2876 4410 τῆς
2907 4339 3014 4407 γῆς
3056 4339 3224 4391 ἐστιν.
3278 4339 3394 4392 Οὑκ
3431 4339 3544 4403 ἴσος
3580 4341 3719 4411 ἄρα,

2132 4436 2331 4507 μᾶλλον
2362 4434 2420 4487 δὲ
2465 4432 2820 4502 άσυγκρίτοις
2868 4432 3163 4502 ὑπεροχαῖς
3207 4433 3604 4502 παραχωρήσει
3658 4434 3724 4485 τὸ

2044 4536 2098 4597 D
2123 4530 2281 4599 νικᾷν
2313 4527 2393 4598 τῷ
2422 4523 2667 4596 Χριστῷ.
2703 4525 2828 4587 Πῶς
2868 4520 2962 4577 οῦν
2989 4521 3207 4577 ἔσεσθαί
3240 4540 3370 4576 ποτε
3403 4524 3721 4595 προσδοκη-

2132 4620 2360 4690 θήσεται
2397 4616 2599 4688 μείζων
2627 4617 2656 4669 ὁ
2683 4616 2769 4668 ἀεὶ
2799 4612 3054 4667 τοσοῦτον
3086 4612 3480 4685 ὑπερκείμενος

2814 4726 3022 4782 ΑΛΛΟ.

2202 4844 2358 4900 Μετὰ
2398 4842 2496 4915 τὴν
2539 4845 2603 4896 ἐκ
2655 4841 2864 4912 νεκρῶν
2918 4840 3212 4894 ἀναϐίωσιν
3259 4841 3630 4906 ἀνακαινίςων
3662 4844 3725 4896 ὲν

2133 4938 2264 5007 ἡμῖν
2286 4937 2314 4988 6
2340 4934 2531 5004 Σωτὴρ
2559 4931 2658 5003 τὴν
2684 4930 3049 5002 ἀρχαιοτάτην
3074 4930 3167 4984 τοῦ
3196 4931 3513 5002 Πνεύματος
3533 4932 3722 5005 χάριν,

2135 5026 2438 5097 ἐνεφύσησε
2471 5026 2581 5089 τοῖς
2620 5023 2892 5093 μαθηταῖς
2940 5024 3148 5093 λέγων’
3193 5040 3214 5076 ι
3250 5024 3457 5077 Λάϐετε
3489 5024 3726 5096 Πνεῦμα

2133 5121 2309 5189 ἆγιον.
2351 5139 2370 5171 ι
2406 5119 2518 5172 Καὶ
2557 5118 2718 5171 πάλιν
2755 5116 2918 5179 αὑτός
2954 5117 3055 5170 πού
3096 5134 3228 5187 φησι
3260 5117 3387 5188 περὶ
3419 5116 3513 5170 τοῦ
3545 5119 3729 5171 Πνεύ-

2139 5229 2340 5287 ματος’
2380 5232 2398 5263 ι
2440 5211 2562 5265 ’Ότι
2596 5212 2661 5264 ἐκ
2691 5208 2783 5262 τοῦ
2828 5207 2962 5279 ἐμοῦ
3009 5208 3295 5280 λαμϐάνει.
3351 5229 3369 5261 ι
3429 5210 3594 5263 Ἀλλὰ
3627 5213 3728 5265 καὶ

2137 5306 2362 5377 Πνεῦμα
2408 5303 2646 5375 Χριστοῦ
2684 5303 2746 5357 τὸ
2794 5305 2947 5371 ἅγιον
2986 5302 3212 5373 Πνεῦμα
3268 5302 3515 5357 καλεῖται
3564 5310 3731 5375 παρὰ

2135 5403 2255 5461 ταῖς
2282 5398 2453 5460 θείαις
2494 5397 2757 5467 Γραφαῖς,
2798 5394 2939 5449 κατὰ
2985 5394 3047 5449 τὸ
3072 5397 3132 5449 ἐν
3170 5397 3292 5458 ταῖς
3327 5395 3568 5465 Πράξεσι
3614 5398 3729 5451 τῶν

2136 5491 2450 5546 ἀποστόλων
2476 5490 2726 5559 κείμενον
2751 5503 2764 5516 ⁶
2801 5506 2819 5539 ι
2851 5485 3160 5551 Διελθόντες
3180 5487 3237 5540 δὲ
3271 5486 3459 5540 Ἀσίαν
3499 5487 3597 5541 καὶ
3624 5488 3728 5559 τὴν

2137 5583 2441 5653 Γαλατικὴν
2468 5580 2672 5653 χώραν,
2698 5580 2987 5650 ἐπείραζον
3027 5581 3108 5643 εἰς
3142 5578 3241 5651 τὴν
3267 5577 3523 5632 Βιθυνίαν
3546 5580 3725 5633 ἀπελ-

2566 5736 2608 5765 ⁸⁶
2637 5733 2792 5789 Joan.
2826 5750 2914 5801 xx,
2948 5733 3038 5789 22.
3154 5734 3196 5765 ⁸⁷
3225 5732 3381 5793 Joan.
3412 5748 3528 5801 xvr,
3560 5733 3651 5790 l6.
