3882 6210
204 352 312 407 165

1619 349 1649 399 'I
1666 349 1843 398 “155A
1856 349 1991 398 υιιυ
2004 350 2061 397 δ.

3362 352 3468 409 Ιϐί)

202 474 336 535 θεῖν,
380 472 473 526 καὶ
507 474 606 525 οὐκ
651 474 831 527 εἴασεν
878 473 1076 537 αὐτοὺς
1126 474 1189 527 τὸ
1230 471 1453 542 Πνεῦμα
1504 468 1699 540 Ἰησοῦ.
1759 485 1777 518 ι

1890 465 1946 519 Si
1978 480 2110 535 ergo
2134 465 2384 523 Christus
2406 476 2463 522 ut
2501 468 2796 539 aliquando
2821 472 3034 527 futurus
3056 470 3230 541 major
3250 470 3465 532 Joanne

199 563 375 633 Είπερ
412 556 506 614 οῦν
544 562 621 626 ὡς
660 563 920 633 ὲσόμενός
950 576 1083 616 ποτε
1116 562 1318 633 μείζων
1363 561 1610 615 Ἰωάννου
1641 559 1783 628 Χρι-

200 655 347 719 στὸς,
388 656 447 708 ὲν
481 654 685 725 ἰσότητι
729 655 869 719 τέως
900 654 965 725 τῇ
1014 654 1150 725 πρὸς
1197 652 1361 706 αὑτὸν
1402 650 1780 722 εὑρεθήσεται,

197 747 509 802 ἀνανεοῦτω
537 748 792 809 κάκεῖνος
819 744 879 800 ὲν
909 746 1038 815 ἡμῖν
1069 743 1166 816 τὴν
1210 742 1305 796 τοῦ
1341 743 1658 811 Πνεύματος
1684 740 1784 809 χά-

200 854 309 908 ριν,
340 837 434 891 καὶ
461 836 767 907 χορηγείτω
786 836 880 889 καὶ
908 835 1089 898 αὐτὸς,
1111 834 1302 903 ὥσπερ
1329 825 1421 886 οὖν
1452 830 1624 884 ἐποίει
1653 830 1783 899 Χρι-

199 926 346 992 στὸς,
382 925 624 995 λεγέσθω
648 924 705 978 δὲ
733 926 829 979 καὶ
860 924 1023 978 αὑτοῦ
1060 921 1284 992 Πνεῦμα
1325 919 1389 974 τὸ
1431 922 1489 973 ἐν
1524 917 1643 989 Θεῷ
1684 918 1781 970 καὶ

196 1018 401 1089 Πατρὶ,
433 1015 610 1087 βοάτω
633 1017 727 1070 καὶ
747 1015 909 1079 αὐτὸς
937 1014 1065 1086 περὶ
1089 1013 1185 1066 τοῦ
1218 1010 1533 1081 Πνεῦματος
1554 1023 1567 1037 ·
1600 1026 1619 1058 ‹
1657 1008 1779 1060 Ὅτι

196 1108 267 1160 ὲκ
292 1105 391 1159 τοῦ
436 1103 568 1175 ἐμοῦ
598 1102 889 1175 λαμϐάνει.
927 1121 945 1153 ι
989 1100 1151 1164 Ἀλλὰ
1180 1099 1337 1153 τοῦτο
1367 1099 1462 1152 καὶ
1493 1097 1650 1169 μόνον
1690 1096 1780 1148 ὲν-

197 1200 364 1263 νοεῖν,
399 1196 614 1261 ἀσεϐές.
651 1197 767 1250 Οὐκ
800 1194 907 1266 ἄρα
941 1192 1055 1256 ἴσος
1100 1192 1219 1246 ἐστὶ
1258 1192 1337 1262 τῷ
1374 1187 1616 1261 Χριστῷ,
1657 1185 1780 1239 οὐδὲ

192 1288 298 1360 ὀψὲ
346 1290 738 1360 παραχωρήσει
770 1287 830 1339 τὸ
871 1286 1073 1357 μεῖζον,
1118 1284 1206 1338 ἀεῖ¹
1255 1284 1317 1336 τὸ
1349 1282 1571 1337 ἔλαττον
1615 1278 1777 1349 ἔχων,

196 1382 296 1435 καὶ
318 1379 571 1434 τοσοῦτον
598 1377 934 1450 ἡττώμενος,
967 1378 1092 1431 ὅσον
1125 1375 1411 1446 ἄνθρωπος
1440 1371 1599 1427 Θεοῦ.

883 1492 1103 1548 AAAO.

267 1608 401 1662 Θεὸν
436 1607 565 1661 ὄντα
596 1606 736 1661 κατὰ
764 1608 923 1676 φύσιν
959 1602 1313 1657 ἐπιδεικνύων
1342 1601 1534 1657 ἑαυτὸν
1560 1600 1588 1654 6
1622 1600 1772 1667 Υἱὸς,

190 1698 612 1754 ἀντιδιαστέλλει
644 1699 710 1769 τῇ
741 1697 937 1760 κτίσει,
964 1694 1059 1749 καί
1092 1712 1257 1766 φησιν
1282 1710 1296 1725 ⁸
1334 1712 1354 1745 ι
1404 1691 1545 1762 Ἐγὼ
1575 1695 1639 1745 ὲκ
1664 1688 1772 1745 τῶν

1887 555 2115 625 aequalis
2142 558 2352 613 interea
2380 561 2429 613 ei
2456 559 2587 627 fuit,
2628 563 2899 618 instauret
2933 563 3099 618 etiam
3132 563 3371 621 Joannes
3409 568 3465 622 in

1888 646 2047 701 nobis
2076 649 2309 718 gratiam
2344 649 2602 720 Spiritus,
2647 654 2920 724 ducatque
2947 655 3114 710 etiam
3171 656 3289 727 ipse
3337 673 3463 724 nos,

1889 748 1947 793 ut
1978 738 2111 795 fecit
2136 739 2417 808 Christus;
2438 745 2650 799 dicatur
2678 746 2919 815 et;ipsius
2950 760 3073 803 esse
3103 746 3346 818 Spiritus
3367 750 3461 805 Dei

1885 844 1950 884 ac
1978 830 2157 887 Patris
2191 851 2207 889 :
2242 834 2442 891 clamet
2491 836 2657 891 etiam
2708 838 2828 907 ipse
2857 843 2924 895 de
2953 838 3160 910 Spiritu
3206 857 3222 901 ;
3268 859 3291 895 ι
3325 841 3462 910 Quia

1883 920 1952 975 de
1978 937 2102 977 meo
2132 923 2384 993 accipiet.
2421 944 2440 978 ι
2459 926 2731 983 Czeterum
2758 930 2862 986 hoc
2876 931 2961 987 vel
2990 931 3103 987 sola
3129 933 3463 1002 cogitatione

1884 1013 2109 1082 impium
2143 1025 2247 1068 est.
2274 1014 2391 1071 Non
2420 1027 2505 1073 est
2538 1019 2704 1089 igitur
2748 1022 2975 1091 aequalis
3004 1022 3247 1090 Christo,
3282 1039 3462 1095 neque

1884 1103 1936 1157 in
1962 1102 2148 1158 futuro
2174 1106 2377 1161 saeculo
2414 1108 2629 1164 desinet
2663 1124 2786 1166 esse
2830 1110 3028 1180 major,
3070 1128 3195 1168 cum
3247 1128 3463 1185 semper

1881 1193 2061 1250 minor
2090 1194 2277 1263 fuerit,
2302 1207 2562 1268 tantoque
2590 1200 2840 1269 inferior,
2862 1211 2924 1259 ut
2948 1204 3113 1261 homo
3140 1204 3276 1264 Deo.

2540 1477 2769 1535 ALIUD.

1945 1588 2118 1646 Filius
2154 1591 2321 1647 Deum
2364 1606 2423 1647 se
2475 1578 2800 1649 naturaliter
2839 1607 2961 1650 esse
3000 1595 3318 1663 ostendens,
3359 1612 3457 1668 op-

1874 1683 2025 1751 ponit
2045 1698 2106 1739 se
2128 1692 2393 1739 creatum
2422 1684 2608 1742 dicens
2635 1685 2805 1756 :iEgo
2821 1700 2889 1741 ex
2919 1688 3173 1758 supernis
3194 1704 3335 1755 sum,
3359 1706 3456 1745 vos

188 1791 306 1845 ἄνω
333 1790 471 1861 εἰμὶ,
503 1790 661 1859 ὑμεῖς
688 1790 751 1841 ὲκ
776 1786 883 1841 τῶν
912 1785 1062 1839 κάτω
1090 1784 1234 1839 έστέ.
1272 1802 1291 1836 t
1331 1783 1540 1837 Οὐκοῦν
1567 1783 1771 1851 λεγέτω

1877 1790 1938 1831 ex
1965 1777 2190 1831 infernis
2217 1778 2350 1833 estis
2375 1777 2442 1831 ι’.
2476 1796 2496 1829 ι
2525 1779 2861 1849 Dicatigitur
2876 1783 3040 1835 etiam
3078 1782 3182 1837 hoc
3209 1780 3449 1838 Joannes

185 1882 349 1935 τοῦτο
374 1881 468 1935 xa‘t
495 1882 524 1933 6
552 1878 820 1949 μακάριος
846 1876 1175 1946 Βαπτιστὴς,
1208 1875 1285 1938 ὠς
1312 1873 1463 1927 οῦπω
1487 1874 1547 1926 τὸ
1570 1875 1626 1925 ὲν
1652 1872 1769 1942 μεί-

187 1974 342 2037 ζοσιν
369 1967 506 2024 εἶναι
534 1968 877 2041 παραχωρῶν
897 1967 975 2037 τῷ
995 1965 1234 2037 Χριστῷ,
1251 1965 1418 2036 εἴπερ
1439 1965 1590 2018 ἔσται
1611 1962 1769 2018 τοῦτό

184 2079 345 2124 ποτε,
393 2059 537 2113 κατὰ
568 2061 666 2130 τήν
695 2075 858 2111 τινων
888 2057 1166 2111 ὑπόνοιαν.
1224 2056 1387 2109 Ἀλλὰ
1423 2054 1530 2127 μὴν
1552 2055 1618 2108 ἐκ
1660 2055 1762 2124 τῆς

184 2154 295 2225 γῆς
329 2149 470 2207 εἷναί
500 2169 663 2223 φησιν
694 2150 907 2216 ἑαυτὸν,
938 2149 1034 2203 καὶ
1058 2148 1119 2202 τὸ
1150 2150 1347 2202 οἰκεῖον
1385 2149 1486 2202 οὐκ
1530 2148 1769 2219 ἠγνόησε

186 2247 410 2316 μέτρον.
447 2245 665 2311 Μείζων
713 2246 821 2317 ἄρα
875 2246 1128 2318 Χριστὸς,
1170 2247 1271 2299 οὐκ
1313 2245 1569 2315 ἐσόμενος
1612 2242 1769 2297 τοῦτο

186 2337 344 2405 ποτὲ,
391 2337 504 2391 ἀλλ’
538 2337 676 2409 ἔχων
724 2339 813 2392 ἀεὶ¹
858 2338 921 2392 τὸ
971 2338 1134 2391 πλέον
1182 2337 1258 2401 ὡς
1305 2336 1436 2401 Θεὸς
1480 2338 1546 2390 ὲκ
1593 2335 1729 2389 Θεοῦ
1750 2349 1767 2366 ⁸

182 2426 347 2481 τοῦτο
380 2428 485 2499 γὰρ
518 2428 772 2498 σημαίνει
801 2427 882 2494 τὸ,
924 2447 942 2479 t
988 2429 1081 2482 Ἐκ
1121 2429 1230 2482 τῶν
1259 2429 1371 2482 ἄνω
1399 2428 1535 2496 εἰμί.
1583 2445 1604 2479 ι

875 2539 1081 2594 ΑΛΛΟ.

270 2651 330 2703 ’0
392 2649 657 2720 μακάριος
717 2650 1110 2722 εὐαγγελιστὴς
1184 2652 1437 2722 Ἰωάννης
1489 2651 1550 2705 τὸ
1606 2651 1765 2723 φύσει

184 2740 395 2812 προσὸν
428 2741 647 2812 ἀξίωμα
690 2741 769 2812 τῷ
809 2741 927 2811 Υἱῷ
962 2742 1333 2814 διερμηνεὺων
1368 2742 1629 2814 ἀκριϐῶς,
1669 2744 1775 2799 καὶ

182 2834 252 2886 τὸ
302 2834 547 2887 Ἰωάννου
584 2834 781 2906 μέτρον
812 2836 887 2900 ὡς
923 2837 1135 2890 οίκέτου
1165 2836 1392 2907 γνησίου
1419 2838 1762 2909 παρατιθεὶς,

180 2923 334 2977 οὕτω
371 2925 568 2995 φησίνο
635 2944 653 2977 ι
725 2925 971 2993 Ἐγένετο
1023 2926 1308 2997 ἄνθρωπος
1357 2928 1766 2999 ἀπεσταλμένος

183 3015 343 3090 παρὰ
377 3016 533 3085 Θεοῦ,
572 3015 741 3088 ὄνομα
774 3018 925 3089 αὑτῷ
975 3016 1258 3090 Ἰωάννης·
1302 3012 1455 3085 οὗτος
1488 3015 1651 3092 ἦλθεν
1686 3020 1766 3083 είς

184 3108 517 3181 μαρτυρίαν,
553 3111 640 3163 ἵνα
682 3112 1006 3183 μαρτυρήσῃ
1036 3113 1165 3183 περὶ
1200 3111 1296 3165 τοῦ
1329 3112 1523 3181 φωτός.
1563 3106 1673 3166 Ἠν
1703 3111 1765 3165 τὸ

182 3163 307 3271 ἓρῶξ
344 3163 405 3255 τὶ.
444 3163 783 3273 masta
816 3163 1036 3272 φιῖυὲιέὲι
1077 3163 1256 3258 ξε...
1278 3163 1570 3274 tgna"...
1594 3163 1763 3274 ἷρχεέζ
1790 3163 1835 3226 (³

186 3311 355 3365 μενον
380 3296 460 3359 είς
492 3296 584 3349 τὸν
625 3297 849 3367 κόσμον.
896 3317 915 3349 υ
954 3298 1053 3351 Ποῖ
1081 3314 1210 3351 ποτε
1240 3292 1332 3351 οὖν
1367 3297 1473 3369 ἄρα
1501 3297 1767 3369 προκόψει

182 3384 425 3455 Χριστὸς
466 3386 577 3448 τοῖς
629 3385 874 3440 Ἰωάννου
910 3388 1333 3459 συγκρινόμενος
1385 3387 1638 3458 μέτροις;
1693 3388 1766 3441 ’Ἡ

183 3474 306 3537 πῶς
333 3475 394 3527 οὐ
424 3475 610 3545 μεῖζον
646 3477 734 3531 ἀεὶ
761 3476 823 3531 τὸ
859 3478 1115 3549 φωτίζειν
1148 3479 1288 3542 είδὸς
1320 3478 1414 3532 καὶ
1446 3478 1765 3550 δυνάμενον,

180 3567 283 3620 τοῦ
322 3567 573 3639 δεομένου
605 3570 956 3638 φωτίζεσθαι,
992 3571 1087 3625 καὶ
1118 3572 1216 3642 τῆς
1247 3572 1355 3625 ἀπὸ
1386 3571 1481 3625 τοῦ
1510 3572 1765 3645 λαμπρύ-

183 3675 371 3723 νοντος
410 3659 704 3732 χρῄζοντος
744 3663 1042 3733 χορηγίας;
1082 3662 1209 3727 Πῶς
1235 3663 1293 3717 δὲ
1336 3663 1458 3735 οὐχὶ
1486 3663 1708 3727 πάντως
1736 3666 1766 3720 ό

184 3749 328 3820 πρὸς
357 3750 524 3821 μόνην
567 3752 875 3825 μαρτυρίαν
913 3754 1287 3824 παραληφθεὶς
1316 3754 1413 3808 καὶ
1440 3754 1599 3809 τοῦτο
1626 3755 1764 3827 ἔχων

181 3841 429 3911 ἀξίωμα,
460 3845 852 3915 παραχωρήσει
889 3844 949 3898 τὸ
990 3845 1171 3915 μεῖζον
1203 3846 1289 3900 ἀεὶ
1324 3845 1401 3917 τῷ
1431 3847 1497 3901 δι’
1527 3848 1585 3902 ὃν
1618 3849 1765 3902 ἐστιν

184 3930 467 4003 ἐξαίρετος
487 3951 502 4000 ;

875 4138 1080 4190 ΑΛΛΟ.

273 4245 694 4318 Ἀναλεγόμενός
722 4264 854 4302 ποτε
876 4250 987 4311 τοῖς
1024 4246 1294 4313 Ἰουδαίοις
1334 4249 1533 4320 ἔφησεν
1570 4255 1598 4305 6
1632 4254 1766 4324 Χρι-

182 4338 315 4401 στός
334 4352 346 4365 '
384 4356 403 4389 ι
455 4338 642 4408 Ὑμεῖς
666 4338 1042 4392 ἀπεστάλκατε
1065 4338 1202 4409 πρὸς
1244 4340 1516 4410 Ἰωάννην,
1552 4342 1644 4395 καὶ
1669 4359 1764 4413 με-

1872 1869 2132 1939 Baptista,
2161 1878 2220 1924 ut
2243 1869 2334 1939 qui
2362 1871 2601 1929 nondum
2625 1870 3017 1940 majoritatem,
3048 1881 3107 1928 ut
3140 1873 3219 1928 ita
3248 1875 3453 1943 dicam,

1868 1960 1983 2016 sive
2012 1960 2386 2017 excellentiam
2421 1976 2572 2017 suam
2601 1961 2817 2018 Christo
2845 1964 3075 2019 cesserit
3105 2005 3123 2033 ,
3182 1979 3442 2021 cessurus

1868 2068 1988 2108 eam
2020 2054 2071 2107 in
2105 2052 2288 2108 futuro
2321 2053 2547 2118 satculo,
2571 2061 2632 2108 ut
2663 2054 2912 2110 nonnulli
2939 2054 3255 2126 opinantur.
3287 2057 3453 2126 Atqui

1870 2146 1986 2215 ipse
2008 2161 2067 2201 se
2101 2156 2375 2202 terrenum
2416 2160 2539 2202 esse
2569 2146 2667 2212 ait,
2698 2160 2877 2217 neque
2901 2162 3056 2203 suam
3081 2149 3455 2204 conditionem

1870 2237 2102 2309 ignorat.
2139 2237 2309 2310 Major
2335 2240 2518 2310 itaque
2542 2248 2624 2294 est
2654 2240 2928 2305 Christus,
2953 2255 3062 2295 non
3100 2241 3152 2295 id
3184 2241 3443 2312 aliquan—

1868 2330 1939 2385 do
1969 2330 2209 2397 l'uturus,
2241 2332 2335 2386 sed
2371 2346 2586 2402 semper
2619 2330 2889 2402 superior,
2926 2340 2986 2386 ut
3015 2332 3156 2388 Deus
3187 2349 3256 2389 ex
3292 2334 3403 2389 Deo
3430 2349 3445 2385 :

1870 2422 1975 2478 hoc
1999 2422 2146 2479 enim
2180 2423 2458 2494 signiﬁcat
2488 2425 2642 2491 illud,
2676 2428 2696 2475 ἆ
2732 2423 2843 2495 Ego
2873 2438 2941 2479 ex
2963 2427 3216 2495 supernis
3242 2442 3384 2482 sum.
3420 2445 3445 2480 ο

2542 2535 2775 2593 ALIUD.

1939 2651 2149 2731 Beatus
2218 2651 2550 2724 evangelista
2634 2652 2874 2711 Joannes
2946 2654 3268 2724 dignitatem
3327 2668 3451 2725 qnte

1866 2743 2007 2799 Filio
2040 2743 2360 2799 naturaliter
2388 2744 2546 2810 inest,
2597 2754 2789 2814 aperte
2822 2744 3123 2813 explicans,
3176 2744 3338 2815 100
3390 2754 3448 2799 et

1874 2836 2103 2893 Joannis
2131 2837 2495 2892 conditionem
2522 2845 2581 2892 ut
2607 2838 2755 2893 servi
2779 2836 2955 2892 ﬁdelis
2991 2838 3332 2903 describens,
3373 2840 3449 2893 ita

1867 2930 1984 2982 ait:
2025 2947 2044 2980 ε
2081 2927 2212 2982 Erat
2260 2929 2422 2983 homo
2465 2929 2664 2984 missus
2705 2942 2737 2983 a
2768 2929 2902 2995 Deo,
2951 2929 3039 2984 cui
3089 2943 3286 2985 nomen
3331 2940 3454 2986 erat

1866 3015 2110 3073 Joannes
2147 3018 2282 3074 :hic
2311 3019 2458 3073 venit
2512 3019 2568 3073 in
2628 3018 3043 3087 testimonium,
3095 3028 3154 3073 nt
3208 3019 3453 3074 testimo-

1868 3108 2014 3163 nium
2045 3107 2354 3179 perhiberet
2378 3108 2447 3164 de
2474 3106 2702 3171 lumine,
2726 3114 2786 3159 ut
2809 3120 3003 3163 omnes
3024 3107 3315 3161 crederent
3346 3121 3445 3175 per

1869 3201 2067 3271 ipsum.
2113 3202 2242 3256 Erat
2267 3201 2358 3256 lux
2383 3216 2514 3255 vera
2543 3215 2664 3270 quae
2693 3198 2963 3255 illuminat
3005 3214 3224 3255 omnem
3268 3198 3452 3254 homi-

1867 3308 1991 3348 nem
2028 3294 2330 3348 venientem
2374 3292 2429 3347 in
2473 3293 2615 3347 hunc
2662 3293 2927 3347 mundum
2975 3292 3045 3347 '°.
3090 3311 3109 3344 ι
3141 3290 3258 3359 Quo
3290 3301 3453 3362 pacto

1868 3383 2033 3451 igitur
2063 3383 2477 3453 promovebitur
2524 3382 2774 3438 Christus
2808 3380 3005 3436 Joanni
3049 3391 3399 3452 comparatus
3428 3382 3454 3435 ?

1866 3476 1974 3531 Aut
2004 3478 2274 3546 quomodo
2332 3491 2441 3531 non
2497 3488 2713 3544 semper
2771 3472 2948 3544 major
2987 3474 3450 3544 praestantiorque

1867 3572 1976 3628 erit
2014 3571 2108 3641 qui
2152 3570 2459 3625 illuminare
2501 3570 2649 3625 novit
2694 3579 2750 3624 et
2792 3578 2974 3639 potest
3015 3582 3079 3623 eo
3121 3568 3215 3638 qui
3247 3567 3450 3623 illumi-

1869 3665 2091 3721 natione
2121 3662 2371 3734 indiget?
2399 3662 2678 3730 Quomodo
2724 3676 2853 3717 vero
2884 3676 2991 3715 non
3028 3662 3249 3717 omnino
3276 3660 3323 3716 is
3350 3660 3445 3730 qni

1868 3755 2041 3812 solum
2078 3756 2145 3810 ad
2203 3753 2585 3811 testimonium
2636 3752 3032 3823 perhibendum
3068 3759 3313 3821 sumptus
3341 3762 3447 3812 est.

1866 3863 2041 3918 eaque
2096 3847 2212 3903 sola
2258 3846 2522 3919 dignitate
2582 3861 2647 3901 ac
2687 3857 2914 3900 munere
2961 3841 3235 3915 fungitur,
3289 3844 3450 3897 cedat

1866 3957 2021 3997 suam
2077 3939 2455 3995 excellentiam
2514 3939 2630 3994 sive
2697 3936 3059 4007 majoritatem
3110 3935 3182 3991 illi
3228 3945 3451 4006 propter

1866 4048 2028 4101 quem
2072 4032 2279 4087 electus
2310 4040 2392 4086 est
2407 4032 2431 4083 *ἓ

2539 4139 2772 4199 ALIUD.

1934 4253 2185 4310 Christus
2210 4266 2332 4308 cum
2389 4250 2593 4307 Iudaeis
2642 4251 2957 4316 disserens,
3007 4249 3081 4304 ita
3132 4247 3334 4304 alicubi
3368 4248 3446 4302 in-

1861 4346 2019 4415 quit:
2052 4361 2071 4396 ι
2106 4341 2218 4398 Vos
2268 4342 2495 4397 misistis
2526 4341 2592 4396 ad
2642 4339 2926 4405 Joannem,
2975 4348 3030 4395 et
3068 4339 3157 4394 ille
3198 4339 3448 4394 testimo-

183 4430 511 4502 μαρτύρηκε
544 4433 610 4500 τῇ
643 4429 891 4500 ἀληθείᾳ.
944 4428 1084 4498 Ἐγὼ
1110 4429 1166 4482 δὲ
1204 4429 1264 4483 οὐ
1299 4431 1448 4501 παρά
1474 4431 1761 4504 ἀνθρώπου

1877 4441 2013 4493 nium
2045 4435 2323 4507 perhibuit
2358 4433 2597 4488 veritati.
2626 4432 2741 4503 Ego
2765 4442 2945 4487 autem
2980 4446 3087 4486 non
3121 4431 3191 4487 ah
3220 4430 3441 4487 homine

180 4523 288 4594 τήν
312 4520 613 4592 μαρτυρίαν
646 4519 929 4590 λαμϐάνω.
972 4538 992 4572 ι
1038 4519 1177 4573 Ἀλλ’
1206 4520 1362 4592 εἴπερ
1396 4523 1511 4575 ἐστὶ
1543 4502 1762 4596 καὶτῆς

1877 4502 2241 4583 testimonium
2267 4524 2479 4593 accipio
2499 4525 2568 4579 ⁸η.
2593 4541 2615 4575 ι
2636 4502 2799 4593 Atqui
2822 4507 3198 4592 siLtestimonio
3216 4521 3443 4579 Joannis

196 4614 448 4667 Ἰωάννου
513 4610 821 4682 μαρτυρίας
866 4610 1129 4681 κρείττων
1178 4612 1207 4665 ὁ
1255 4610 1465 4682 Σωτὴρ,
1506 4614 1607 4667 οὐκ
1651 4614 1760 4684 ἄρα

183 4704 323 4767 ῐσος,
349 4702 486 4756 ἀλλά
513 4703 713 4773 μείζων
730 4703 819 4756 ἀεὶ
845 4704 935 4756 καὶ
954 4702 1391 4774 ἀξιολογώτερος.
1426 4706 1485 4756 ’U
1510 4704 1567 4758 δὲ
1588 4705 1762 4770 οὕτως

1864 4618 2115 4687 superior
2142 4625 2226 4671 est
2251 4614 2534 4678 Servator,
2564 4628 2670 4669 non
2695 4613 2862 4682 igitur
2884 4612 3133 4683 aequalis,
3153 4612 3250 4668 sed
3266 4614 3442 4682 major

1863 4723 2078 4778 semper
2097 4716 2153 4762 et
2175 4706 2408 4775 dignior.
2439 4704 2539 4772 Qui
2572 4720 2700 4759 vero
2734 4704 2807 4759 ita
2847 4719 2907 4758 se
2930 4702 3114 4770 habet,
3144 4718 3255 4773 quo
3279 4714 3442 4774 pacto

179 4794 327 4864 ἔχων
363 4795 456 4847 ποῖ
491 4810 620 4847 ποτε
676 4794 784 4864 ἄρα
830 4792 1183 4865 προϐήσεται,
1217 4794 1251 4864 ἢ
1293 4794 1429 4862 πρὸς
1479 4797 1631 4848 ποῖον
1675 4796 1757 4851 ἔτι

1877 4800 2292 4863 ποιιιονθὺίιιπ,
2316 4805 2408 4851 aut
2433 4797 2502 4851 ad
2528 4795 2691 4866 quale
2727 4796 2903 4866 majus
2929 4795 3234 4853 evehetur?

183 4884 373 4957 μεῖζον
398 4885 729 4955 ἀναϐήσεται
753 4901 768 4948 ;

867 4996 1073 5049 AAAO.

268 5108 329 5161 '0
380 5108 645 5179 μακάριος
692 5106 964 5177 Ζαχαρίας
1007 5106 1036 5159 ὁ
1076 5102 1171 5157 τοῦ
1219 5104 1375 5173 ἀγίου
1420 5106 1753 5174 Βαπτιστοῦ,

178 5201 327 5255 κατὰ
360 5201 536 5272 σάρκα
588 5198 791 5270 πατὴρ,
820 5198 909 5251 ὅτε
953 5197 1053 5268 τὴν
1090 5196 1232 5268 ὑπὲρ
1272 5197 1437 5251 αὐτοῦ
1479 5199 1755 5271 προσῆγεν

178 5292 534 5365 εὐχαριστίαν
586 5293 705 5355 ταῖς
766 5292 830 5344 ὲκ
901 5287 1236 5361 προφητείας
1301 5289 1757 5362 ἀναμεμιγμένην

179 5387 412 5456 φωναῖς,
441 5383 853 5454 ἀπεφθέγγετο·
884 5401 901 5433 ι
937 5382 1051 5436 Καὶ
1091 5381 1178 5449 σὺ,
1208 5381 1441 5446 παιδίον,
1471 5383 1757 5454 προφήτης

181 5478 405 5548 ὑψίστου
448 5474 731 5547 κληθήσῃ·
781 5472 1130 5546 προπορεύσῃ
1169 5472 1279 5545 γὰρ
1325 5473 1432 5546 πρὸ
1462 5474 1755 5546 προσώπου

179 5568 391 5638 Κυρίου
436 5567 722 5638 ἑτοιμάσαι
768 5564 915 5636 αὐτῷ
961 5564 1087 5621 λαὸν
1146 5564 1672 5635 κατεσκευασμένον.
1731 5583 1750 5615 ι

256 5775 299 5806 δ’
324 5772 479 5829 Joau.
508 5786 629 5836 vin.
650 5771 741 5827 2'5.

2543 4987 2775 5045 ALIUD.

1933 5106 2133 5165 Beatus
2179 5102 2517 5171 Zacharias,
2574 5102 2749 5159 sancti
2814 5100 3072 5172 Baptistae
3130 5100 3427 5157 secundum

1863 5214 2083 5257 carnem
2118 5207 2292 5269 pater,
2322 5210 2446 5250 cum
2469 5195 2768 5265 gratiarum
2813 5193 3079 5248 actionem
3105 5205 3204 5259 pro
3245 5205 3312 5245 eo
3355 5189 3437 5241 ot“-

1867 5291 2063 5355 l'erret,
2119 5288 2384 5359 ejusmodi
2413 5300 2599 5342 vocem
2635 5285 2950 5356 prophetico
2978 5282 3171 5352 spiritu
3220 5280 3435 5352 plenam

1862 5385 2032 5440 edidit
2066 5401 2080 5438 :
2117 5401 2138 5434 ‹
2170 5383 2235 5437 Et
2262 5390 2342 5446 tu,
2364 5395 2519 5449 puer,
2545 5377 2807 5448 propheta
2821 5374 3084 5431 Altissimi
3111 5374 3393 5428 vocaberis
3419 5389 3435 5425 :

1864 5474 2081 5545 prmibis
2109 5473 2253 5527 enim
2293 5480 2419 5525 ante
2452 5469 2649 5524 faciem
2700 5465 2913 5522 Domini
2949 5464 3017 5519 ad
3053 5465 3353 5533 parandum
3386 5463 3434 5515 ei

1864 5566 2118 5637 populum
2151 5565 2475 5618 instructum
2498 5562 2565 5617 δ’.
2600 5580 2619 5613 ι
2666 5560 2783 5631 Ipse
2827 5557 2992 5615 etiam
3037 5571 3065 5611 a
3109 5554 3308 5611 Judais
3351 5554 3428 5610 in-

816 5772 863 5803 ³⁰
887 5770 1041 5827 Joan.
1087 5788 1126 5837 I,
1155 5772 1208 5826 6-
1231 5770 1282 5828 9.
1359 5772 1401 5804 "
1432 5771 1587 5828 Joan.
1618 5786 1666 5837 ν,
1693 5770 1782 5834 ⁸55,
1810 5770 1896 5825 54.
1975 5770 2019 5801 "
2055 5768 2183 5825 Luc.
2220 5783 2258 5835 ι,
2287 5767 2373 5823 76.
