3882 6210
386 347 487 401 167

1419 337 1477 389 S.
1516 330 1794 388 CYRILLI
1839 324 2309 381 ALEXANDRINI
2349 318 2675 377 ARCIIIEP.

3558 311 3659 363 168

388 472 692 534 terrogatus
719 461 971 531 quisnam
1002 468 1144 513 esset
1172 473 1186 509 :
1233 474 1252 508 ι
1304 456 1440 526 Ego,
1471 455 1667 524 inquit.
1700 467 1818 506 sum
1862 465 1963 502 vox

2098 448 2176 500 ἰαὶ
2211 445 2373 507 αὐτὸς
2408 444 2464 497 δέ
2506 460 2611 497 που
2639 440 2790 511 παρά
2818 437 2926 491 τῶν
2970 436 3238 490 Ἰουδαίων
3272 432 3332 486 τὸ
3364 433 3445 496 τίς
3475 431 3541 485 ἂν
3572 434 3661 503 εἴη

386 557 668 613 clamantis
696 555 746 608 in
774 555 993 609 deserto
1022 571 1036 606 :
1076 551 1387 619 Praeparate
1414 548 1556 601 viam
1590 543 1809 598 Domini
1844 542 1912 595 ⁵³.
1948 559 1967 591 ι

390 650 560 703 Dicite
592 647 756 716 igitur
788 643 943 698 nobis
974 642 1066 710 qui
1090 640 1341 709 imperite
1370 636 1655 692 Christum
1683 634 1975 704 aliquando

393 739 821 809 promoreudum
895 733 1241 805 opinamini,
1308 741 1366 786 et
1408 729 1656 785 Joannis
1717 727 1974 781 virtutem

389 835 607 888 vixdum
637 831 688 883 in
730 829 918 882 futuro
942 826 1143 882 saeculo
1173 834 1578 894 superaturum,
1609 823 1824 890 quando
1849 833 1976 889 pro.

390 928 549 990 pheta
578 921 840 976 Altissimi
873 935 978 974 non
1012 918 1213 974 merito
1241 916 1421 971 minor
1447 914 1661 970 censeri
1690 910 1978 967 debuerit?

390 1016 618 1083 Quando
671 1028 804 1067 vero
852 1026 1031 1082 praeco
1092 1018 1147 1065 et
1196 1022 1544 1079 prtecursor,
1582 1006 1789 1075 quique
1830 1001 1975 1057 servi

391 1107 566 1160 otIicio
596 1106 856 1174 fungitur,
898 1100 1126 1171 aequalis
1149 1100 1421 1155 habeatur
1453 1098 1501 1153 ei
1525 1097 1621 1167 qui
1650 1094 1978 1150 naturaliter

397 1200 654 1252 Dominus
710 1195 829 1251 est?
881 1194 1055 1261 Quam
1097 1193 1315 1263 quidem
1372 1205 1486 1246 rem
1538 1190 1797 1243 omnibus
1844 1186 1980 1242 satis

397 1290 666 1359 cognitam
697 1301 818 1341 esse
858 1286 1118 1339 arbitror.
1147 1283 1428 1350 Quomodo
1452 1280 1619 1348 igitttr
1641 1279 1732 1350 qui
1764 1290 1980 1347 semper

399 1382 570 1450 major
603 1378 729 1443 fuit,
770 1388 1072 1447 temporum
1110 1374 1421 1429 evolutione
1459 1371 1578 1425 talis
1604 1370 1713 1436 fiet,
1754 1370 1799 1424 si
1824 1367 1981 1424 Chri-

399 1484 516 1525 stus
571 1481 829 1538 tanquam
887 1468 1103 1521 futurus
1140 1465 1317 1535 major
1364 1462 1572 1519 Joanne
1619 1464 1859 1533 Baptism
1908 1463 1981 1517 ita

401 1566 476 1618 ait
530 1580 543 1617 :
603 1581 621 1613 ι
675 1561 848 1615 Minor
909 1559 962 1614 in
1044 1572 1214 1628 regno
1273 1555 1534 1613 caelorum
1616 1556 1792 1628 major
1865 1555 1983 1625 ipso

399 1654 507 1709 erit
539 1652 626 1705 ⁸δῖ
666 1672 684 1704 ι

2073 536 2480 609 διερωτώμενος
2501 551 2514 564 ο
2552 552 2571 584 ι
2622 530 2764 596 Ἐγὼ
2790 528 2942 599 φωνὴ
2978 527 3208 597 βοῶντος
3250 526 3307 577 ἐν
3336 526 3401 594 τῇ
3443 524 3661 593 ἐρήμῳ,

2074 629 2271 698 φησίν·
2336 625 2692 695 Ἑτοιμάσατε
2722 622 2823 689 τὴν
2854 619 2971 673 ὁδὸν
3000 618 3226 688 Κυρίου.
3263 634 3282 665 ι
3320 615 3516 682 Λέγετε
3548 613 3664 665 τοί-

2076 738 2171 774 νυν
2208 721 2342 791 ἡμῖν
2368 719 2418 771 οἱ
2454 714 2865 787 προδεδλῆσθαί
2897 728 3030 765 ποτε
3064 710 3156 763 τὸν
3195 709 3429 779 Χριστὸν
3460 706 3553 758 ἐπὶ
3600 704 3666 757 τὺ

2079 812 2264 884 μεῖζον
2308 807 2535 880 ἀμαθῶς
2565 805 2989 867 ὑποπτεύοντες,
3036 802 3132 855 καὶ
3174 799 3238 853 τὸ
3280 798 3523 852 Ἰωάννου
3560 796 3666 866 μέ-

2075 921 2205 975 τρον
2238 900 2628 973 ὑπεραλεὼθαι
2660 899 2815 971 μόλις
2848 899 2906 951 ἐν
2945 898 3011 967 τῇ
3058 891 3305 965 βασιλείᾳ
3344 890 3454 945 τῶν
3490 890 3665 958 ούρα-

2077 998 2204 1060 νῶν,
2253 994 2385 1048 πότε
2415 993 2510 1047 τοῦ
2560 992 2818 1061 Ὑψίστου
2867 989 3155 1060 προφήτης
3190 986 3290 1039 οὐκ
3328 984 3395 1039 ἂν
3426 983 3668 1037 ἐλάττων

2078 1091 2254 1143 νοοῖτο
2273 1086 2501 1149 δικαίως
2524 1103 2538 1148 ς
2571 1085 2709 1139 Πότε
2731 1083 2790 1138 δὲ
2836 1084 2866 1135 ὁ
2889 1080 3066 1154 κήρυξ
3092 1079 3188 1133 καὶ
3213 1077 3519 1148 πρόδρομος
3564 1074 3669 1126 καὶ

2077 1177 2178 1249 τὴν
2204 1176 2392 1249 οἰκέτῃ
2430 1176 2752 1247 πρέπουσαν
2785 1171 3059 1226 διακονίαν
3101 1166 3457 1238 ἀποπληρῶν,
3490 1166 3569 1227 είς
3604 1165 3671 1217 τὸ

2082 1273 2196 1325 ἴσον
2227 1268 2505 1324 ἀναϐαίνει
2536 1268 2733 1340 μέτρον
2761 1265 2839 1336 τῷ
2870 1264 3011 1318 κατὰ
3037 1262 3201 1332 φύσιν
3231 1258 3455 1331 Κυρίῳ;
3497 1255 3670 1317 Ἀλλ’,

2081 1350 2255 1434 οἶμαι,
2304 1362 2471 1415 πᾶσίν
2510 1361 2659 1413 ἐστιν
2688 1361 2717 1412 ὁ
2761 1359 2917 1427 Λόγος
2960 1354 3309 1416 εὐσύνοπτος.
3352 1351 3477 1413 Πῶς
3511 1345 3609 1402 οῦν
3640 1347 3674 1399 ὁ

2086 1457 2288 1529 μείζων
2313 1454 2422 1519 ἀεὶ,
2450 1453 2608 1506 τοῦτο
2629 1451 2783 1504 ἔσται
2815 1448 2957 1504 κατὰ
2980 1446 3225 1519 καιροὺς,
3247 1443 3405 1515 εἴπερ
3437 1441 3513 1505 ὡς
3540 1440 3669 1493 ἐσό-

2086 1564 2249 1621 μενος
2281 1544 2482 1618 μείζων
2539 1544 2785 1598 Ἰωάννου
2830 1540 3084 1613 Χριστὸς,
3129 1558 3149 1591 ι
3212 1537 3272 1591 ’0
3318 1534 3669 1608 μικρότερος,

2083 1644 2268 1713 φησὶν,
2316 1642 2373 1694 ἐν
2414 1642 2480 1711 τῇ
2523 1635 2769 1708 βασιλεία
2810 1635 2920 1688 τῶν
2953 1631 3220 1706 οὐρανῶν,
3255 1628 3452 1702 μείζων
3498 1623 3671 1681 αὑτοῦ

2088 1738 2235 1789 ἐστιν
2261 1752 2275 1800 ;
2320 1754 2337 1785 ι

409 1853 506 1912 Pia
548 1855 707 1910 totius
745 1851 935 1927 cupitis
962 1846 1567 1927 __explicatio"sensttm
1611 1845 1718 1899 sive
1762 1858 1981 1914 scopum

2098 1842 2704 1927 ’Eé’rjjtqatglst'w'séhc
2743 1838 3029 1927 ὅᾼουμοῦ
3062 1835 3415 1916 κεφαζλιιίου,
3452 1831 3559 1910 rd)-
3597 1828 3675 1881 ἐν

757 1917 905 1976 illius
938 1920 1067 1975 dicti
1098 1917 1347 1973 accurate
1370 1917 1669 1973 declarans.

472 2037 610 2091 Cum
660 2034 774 2104 jam
824 2033 962 2088 satis
1013 2045 1113 2099 pro
1166 2045 1287 2084 meo
1333 2027 1649 2091 intellectu,
1693 2025 1986 2097 propositae

406 2125 728 2198 quaestionis
749 2118 1502 2189 rationeminvestigaverim,
1535 2117 1689 2187 101
1720 2116 1988 2187 singulas-

405 2233 511 2287 que
542 2216 659 2285 ejns
696 2224 878 2287 partes
898 2220 1162 2267 accurate
1210 2210 1592 2279 pertractarim
1622 2247 1639 2273 ,
1684 2217 1740 2263 et
1788 2209 1989 2262 adver-

407 2311 676 2363 sariorum
720 2304 1009 2376 opiniones
1054 2311 1115 2357 ut
1155 2301 1322 2356 falsas
1362 2298 1645 2355 refutarim
1671 2338 1687 2364 ,
1739 2307 1990 2367 superest

409 2411 469 2456 ut
534 2413 722 2454 verum
785 2395 947 2464 bujns
1003 2393 1134 2448 dicti
1180 2406 1400 2449 sensum
1449 2389 1736 2461 explicem.
1805 2388 1992 2458 Neque

408 2495 554 2550 enim
590 2491 829 2546 arbitror
859 2487 1109 2543 suilicere
1134 2526 1150 2551 ,
1199 2496 1260 2540 ut
1288 2497 1384 2540 eos
1414 2485 1507 2555 qui
1559 2483 1697 2538 male
1746 2482 1991 2537 sentiunt

411 2590 736 2659 (statuentes
795 2581 1052 2636 nimirum
1110 2578 1389 2633 Christum
1447 2575 1679 2645 quodam
1746 2583 1993 2644 tempore

413 2678 676 2747 majorem
706 2671 916 2727 Joanne
953 2667 1243 2737 futurum),
1272 2666 1735 2737 reprehendamus
1757 2705 1773 2729 ,
1804 2678 1990 2719 verum

413 2764 577 2820 etiam
605 2760 970 2816 necessarium
1005 2772 1128 2812 esse
1184 2767 1263 2823 ut,
1299 2756 1461 2809 allata
1494 2756 1546 2810 in
1593 2754 1828 2808 medium
1862 2767 1990 2806 vera

413 2856 706 2921 sententia,
735 2851 1068 2921 intelligatur
1117 2864 1224 2904 non
1270 2858 1472 2903 temere
1506 2862 1603 2901 nos
1649 2847 1717 2899 ad
1760 2860 1855 2901 eos
1908 2859 1993 2898 re-

414 2946 829 3020 prehendendos
886 2939 1206 2997 accessisse.
1280 2940 1394 3008 Age
1441 2937 1605 3007 igitur
1652 2945 1813 2989 totam
1879 2949 1991 2988 rem

414 3041 592 3096 denuo
622 3036 935 3100 recitemus,
986 3040 1259 3087 eteorum
1320 3044 1443 3098 qua:
1502 3043 1531 3080 a
1578 3026 1797 3081 Christo
1850 3024 1994 3079 dicta

414 3141 541 3189 sunt
563 3144 784 3185 causam
808 3126 1047 3182 breviter
1079 3130 1425 3179 recensentes
1453 3158 1468 3185 ,
1517 3118 1809 3174 doceamus
1843 3115 1995 3169 audi-

2154 1900 2585 1986 ἷῷᾎὲωρήματι
2612 1900 2852 1967 σάἱοπύν
2886 1900 3323 1979 ἁπογυμὶροῦσα
3351 1900 3594 1974 γορτῶς.

2172 2030 2577 2103 Ἑξαρκούντως
2604 2028 2706 2100 ήδη
2733 2025 2876 2081 κατά
2903 2040 2968 2094 γε
3000 2024 3091 2076 τὸν
3127 2021 3392 2091 ἡμέτερον
3415 2015 3539 2070 νοῦν
3575 2014 3677 2067 τὸν

2085 2124 2145 2177 ἐν
2174 2126 2286 2186 τοῖς
2309 2120 2639 2193 προλαϐοῦσι
2666 2116 3056 2190 βασανίσαντες
3076 2113 3253 2180 λόγον,
3279 2111 3373 2164 καὶ
3402 2108 3511 2161 τῶν
3534 2106 3680 2160 θεω-

2091 2216 2353 2289 ρημάτων
2382 2214 2612 2268 ἕκαστον
2642 2210 2783 2282 μετὰ
2816 2210 2917 2279 τῆς
2954 2208 3180 2276 δεούσης
3212 2201 3497 2275 ἀκριϐείας
3532 2200 3681 2252 διευ·

2089 2308 2479 2381 κρινησάμενοι
2539 2304 2632 2358 τόν
2662 2319 2719 2355 τε
2760 2300 2870 2355 τῶν
2897 2299 2964 2352 δι’
3007 2296 3252 2359 ἐναντίας
3300 2293 3375 2358 ὡς
3415 2292 3515 2345 οὐκ
3557 2289 3681 2358 ἔχοι

2090 2380 2272 2463 καλῶς
2294 2394 2670 2465 διελέγξαντες
2703 2391 2923 2450 σκοπὸν.
2955 2390 3040 2441 ἐπ’
3064 2386 3201 2441 αὐτὰ
3235 2384 3299 2455 δὴ
3324 2382 3509 2436 λοιπὸν
3534 2380 3683 2432 ίέναι

2092 2493 2391 2564 προσήκειν
2434 2488 2798 2559 ἐνενοήσαμεν
2838 2482 2909 2536 τὰ
2940 2481 3000 2546 ἐξ
3036 2478 3287 2549 ἀληθείας
3342 2473 3683 2545 θεωρήματα

2092 2585 2187 2639 καὶ
2240 2583 2338 2653 τὴν
2371 2582 2429 2634 ἐν
2462 2580 2540 2652 τῷ
2593 2576 2941 2649 παροισθέντι
2980 2571 3127 2645 ῥητῷ
3160 2567 3509 2623 διαπτύσσειν
3554 2564 3684 2616 διά-

2093 2691 2262 2728 νοιαν.
2296 2673 2370 2727 Οὐ
2399 2670 2508 2742 γὰρ
2530 2664 2682 2739 οἶμαι
2715 2667 2846 2730 δεῖν,
2877 2664 2953 2728 ὼς
2980 2664 3080 2716 οὑκ
3111 2661 3311 2731 ἄριστα
3338 2655 3536 2717 νοοῦσι,
3580 2654 3685 2723 μό-

2093 2784 2182 2820 νον
2214 2765 2473 2834 ἐπιτιμᾷν
2503 2764 2612 2824 τοῖς
2635 2761 2715 2813 ὄτι
2744 2756 2945 2829 μείζων
2977 2754 3129 2807 ἔσται
3158 2749 3391 2823 Χριστὸς
3424 2747 3683 2801 Ἰωάννου

2094 2858 2237 2912 κατά
2252 2874 2372 2910 τινα
2391 2855 2580 2927 χρόνον
2604 2852 2955 2923 διειληφόσιν,
2979 2846 3113 2901 ἀλλὰ
3132 2845 3226 2899 καὶ⁸
3252 2843 3387 2911 αὐτῇ
3408 2842 3473 2910 τῇ
3497 2855 3686 2908 παρα-

2097 2952 2243 3005 θέσει
2283 2948 2395 3003 τῶν
2444 2944 2820 3019 ἀληθεστέρων
2868 2939 3086 2996 ἐννοιῶν
3137 2932 3539 3007 ἀποκρούεσθαι
3602 2928 3687 3000 τῷ

2100 3042 2174 3115 μὴ
2206 3042 2384 3095 δοκεῖν
2434 3039 2495 3092 ού
2538 3037 2767 3099 δεόντως
2810 3034 3171 3104 ἐπισκήπτειν
3200 3029 3401 3088 αὐτοῖς.
3434 3024 3569 3093 Φέρε
3618 3022 3689 3091 δὴ

2097 3111 2192 3185 οὖν
2223 3131 2307 3182 ἐπ’
2342 3126 2474 3183 αὐτὸ
2517 3125 2704 3180 λοιπὸν
2739 3124 2907 3195 ἴωμεν
2951 3121 3013 3175 τὸ
3049 3120 3402 3188 ἀνάγνωσμα,
3444 3114 3537 3167 καὶ
3568 3111 3693 3165 τῶν

419 3238 606 3290 tores,
667 3223 921 3294 quisnam
970 3219 1044 3274 sit
1070 3216 1229 3287 hujus
1286 3214 1414 3270 dicti
1460 3226 1675 3282 scopus.
1730 3207 1993 3276 Quocirca

2100 3218 2407 3290 εἰρημένων
2456 3216 2608 3289 παρὰ
2659 3212 2755 3269 τοῦ
2793 3212 3048 3284 Σωτῆρος
3099 3209 3258 3281 ἡμῶν
3296 3202 3531 3278 Χριστοῦ
3582 3203 3692 3273 τὴν

418 3321 566 3391 (nam
598 3318 721 3372 inde
742 3313 955 3370 initium
983 3309 1277 3372 faciemus,
1295 3322 1418 3363 cum
1439 3306 1490 3360 in
1517 3318 1740 3360 carcere
1761 3302 1993 3358 Joannes

2100 3312 2280 3366 αἰτίαν
2326 3307 2908 3379 ἀνακεφαλαιούμενοι,
2957 3306 3084 3368 τοὺς
3111 3298 3496 3372 ἀκροωμένους
3534 3295 3694 3349 διδά-

422 3406 681 3463 nnracula
711 3403 917 3460 Christi
959 3399 1299 3460 audivisset,
1348 3396 1530 3450 missis
1582 3393 1793 3448 duobus
1834 3391 1993 3446 disci-

2102 3421 2344 3475 σκωμεν,
2375 3403 2459 3465 τίς
2490 3401 2558 3457 ἂν
2588 3401 2672 3473 εῐη
2703 3399 2889 3453 λοιπὸν
2910 3398 2938 3450 ὁ
2973 3395 3070 3450 τοῦ
3093 3394 3253 3463 λόγου
3278 3392 3497 3454 σκοπός.
3530 3390 3689 3442 Οὐκ-

420 3500 561 3567 pulis
590 3497 705 3553 suis
748 3495 887 3549 dixit
931 3494 978 3549 ei
1018 3509 1028 3539 :
1069 3511 1087 3542 ι
1131 3490 1212 3545 Tu
1269 3506 1329 3543 es
1376 3488 1467 3557 qui
1524 3496 1783 3540 venturus
1809 3498 1889 3549 es,
1928 3497 1993 3536 an

2100 3494 2216 3560 οῦν,
2266 3492 2514 3547 ἐντεῦθεν
2562 3489 2671 3560 γὰρ
2717 3488 2819 3560 ήδη
2872 3487 2969 3558 τὴν
3023 3483 3199 3556 ἀρχὴν
3254 3476 3616 3550 ποιησόμεθα,
3660 3479 3693 3530 ὁ

428 3592 594 3646 alium
631 3588 1052 3657 exspectamus?
1084 3603 1101 3634 ι
1137 3583 1217 3636 Ad
1254 3581 1357 3636 hoc
1393 3578 1642 3634 Christus
1675 3575 1952 3645 respondit
1981 3591 1993 3628 :

2114 3587 2369 3656 Ἰωάννης
2399 3587 2457 3638 ἐν
2504 3583 2581 3655 τῷ
2627 3578 2985 3652 δεσμωτηρίῳ
3028 3576 3269 3640 ἀκούσας
3300 3574 3367 3628 τὰ
3405 3572 3542 3643 ἔργα
3584 3568 3689 3622 τοῦ

428 3704 448 3738 ι
478 3684 679 3738 Euntes
711 3680 875 3734 dicite
902 3676 1094 3732 Joanni
1126 3690 1246 3746 quae
1279 3672 1508 3727 audistis
1530 3681 1586 3725 et
1608 3669 1821 3724 vidistis
1866 3669 1932 3733 ⁸⁵,
1972 3685 1991 3720 ι

2104 3676 2376 3750 Χριστοῦ,
2423 3675 2647 3746 πέμψας
2705 3672 2800 3725 δύο
2849 3671 2958 3724 τῶν
3008 3668 3266 3741 μαθητῶν
3322 3664 3485 3719 αὐτοῦ
3528 3658 3693 3716 εἶπεν

425 3785 480 3829 et
512 3774 774 3844 praeclara
813 3768 1071 3825 miracula
1100 3768 1195 3821 abs
1225 3779 1287 3819 se
1329 3763 1474 3818 edita
1504 3770 1811 3828 enumerat,
1865 3760 1993 3814 Cum

2104 3770 2253 3842 αὐτῷ
2271 3785 2284 3799 ’
2314 3790 2332 3821 ι
2362 3769 2434 3823 Σὺ
2458 3765 2506 3820 εί
2534 3769 2562 3820 ὁ
2587 3766 2901 3837 ἐρχόμενος,
2928 3762 2962 3835 ἢ
2992 3762 3178 3833 ἕτερον
3206 3756 3635 3830 προσδοκῶμενς
3666 3773 3685 3804 ι

429 3881 557 3920 vero
583 3862 829 3932 discipuli
877 3861 942 3914 ad
978 3857 1244 3912 Joannem
1296 3854 1607 3917 rediisseut,
1646 3851 1897 3906 Christus
1926 3851 1993 3904 ita

2108 3862 2249 3933 Πρὸς
2281 3861 2453 3914 ταῦτα
2482 3857 2713 3930 Χριστὸς
2746 3855 3077 3926 ἀπεκρίνατο
3097 3871 3110 3883 ·
3152 3870 3171 3904 t
3206 3849 3568 3923 Πορευθέντες
3604 3846 3693 3897 εἰ·

428 3959 497 4013 ad
544 3955 928 4012 circumfusam
982 3949 1294 4005 Judatorum
1357 3945 1571 4001 turbam
1618 3945 1829 3999 locutus
1872 3954 1993 3998 est:

2108 3971 2247 4008 πατε
2288 3952 2512 4024 Ἰωάννῃ
2552 3949 2589 4004 ἃ.
2624 3948 2894 4019 ἠκούσατε
2943 3947 3034 4000 καὶ
3063 3944 3310 4016 βλέπετε,
3370 3960 3389 3992 ο
3442 3941 3537 3993 καὶ
3586 3940 3695 4009 τὴν

435 4070 454 4101 ι
494 4049 633 4115 Quid
697 4046 888 4101 existis
940 4044 992 4097 in
1055 4042 1331 4095 desertum
1384 4037 1567 4093 videre
1600 4076 1615 4101 ,
1679 4036 1993 4090 arundinem

2106 4045 2215 4099 τῶν
2258 4043 2500 4115 σημείων
2546 4040 2839 4108 καταλέγει
2890 4035 3311 4109 μεγαλουργίαν.
3366 4032 3586 4103 Ἐπειδὴ
3631 4032 3696 4085 δὲ

429 4150 594 4197 vento
629 4136 930 4211 agitatam?
961 4151 1028 4189 an
1062 4134 1336 4188 hominem
1371 4130 1622 4184 mollibus
1665 4127 1993 4182 vestimentis

2109 4134 2247 4205 πρὸς
2283 4136 2374 4187 τὸν
2423 4132 2692 4203 μακάριον
2733 4130 3045 4200 Βαπτιστὴν
3095 4127 3259 4181 πάλιν
3301 4124 3697 4203 ἀνεκομίζοντο

433 4196 723 4289 ἱιιόυιυηῖἳ
745 4246 813 4283 an
840 4224 1196 4299 prophetam?
1243 4234 1391 4278 certe
1434 4221 1560 4277 dico
1588 4220 1741 4276 vobis
1799 4228 1854 4275 ει
1886 4219 1993 4289 plut

2110 4196 2166 4282 οἱ·
2188 4196 2445 4299 μαθηταὶ..
2477 4196 2625 4294 λέγει
2654 4223 2787 4296 πρὸς
2816 4223 2915 4292 τὴν
2947 4196 3316 4292 περιεστῶσαν
3343 4196 3549 4287 πληθύν
3578 4216 3697 4269 τῶν

433 4340 595 4396 quam
639 4323 984 4391 prophetam.
1022 4318 1121 4373 Hic
1160 4317 1304 4372 enim
1356 4323 1439 4369 est
1489 4314 1557 4369 de
1605 4328 1713 4383 quo
1745 4315 1993 4383 scriptun]

2124 4319 2387 4373 Ἰουδαίων
2432 4320 2460 4372 ὁ
2498 4318 2720 4387 Σωτήρ’
2772 4335 2791 4366 ι
2825 4315 2888 4367 Τί
2918 4311 3173 4383 ἐξήλθετε
3206 4312 3285 4374 εἰς
3337 4308 3433 4380 τὴν
3480 4307 3699 4378 ἔρημον

432 4427 518 4474 cst
548 4431 563 4471 :
598 4416 738 4470 Ecce
770 4428 869 4481 ego
904 4413 1110 4465 mittam
1143 4406 1391 4476 angelum
1431 4421 1610 4460 meum
1642 4415 1772 4461 ante
1811 4405 1993 4459 faciem

2116 4413 2263 4476 ἰδεῖν,
2312 4409 2558 4479 κάλαμον
2607 4407 2712 4460 ὑπὸ
2764 4405 2966 4476 ἀνέμου
3017 4402 3412 4472 σαλευόμενον;
3460 4398 3579 4452 ἀλλ’
3636 4400 3701 4451 ἐν

439 4523 609 4574 tuam,
668 4509 759 4578 qui
820 4506 1145 4577 praeparabit
1193 4504 1334 4557 viam
1395 4511 1542 4556 tuam
1592 4509 1718 4553 ante
1769 4510 1820 4552 te
1848 4496 1912 4549 “.
1984 4513 1993 4547 ι

2119 4502 2382 4574 μαλακοῖς
2407 4500 2639 4571 ἱματίοις
2659 4498 2942 4570 ἄνθρωπον
2962 4494 3365 4567 ἡμφιεσμένον;
3391 4490 3525 4546 ἀλλά
3550 4507 3703 4561 προσ

439 4603 641 4658 Deinde
674 4601 821 4656 addit
852 4599 906 4653 id
937 4598 1078 4667 quod
1105 4598 1470 4664 interrogatur
1498 4609 1513 4646 :
1548 4611 1567 4644 ι
1602 4594 1769 4646 Amen
1790 4630 1807 4654 ,
1851 4606 2008 4644 amen

437 4698 562 4753 dico
618 4693 795 4756 vobis,
843 4706 949 4745 non
994 4690 1231 4745 surrexit
1286 4689 1430 4742 inter
1472 4696 1628 4741 natos
1669 4684 1953 4740 mulierum
1994 4720 2010 4746 ,

440 4788 611 4858 major
643 4785 854 4841 Joanne
881 4782 1151 4850 Baptista,
1204 4784 1297 4834 sed
1336 4780 1513 4833 minor
1546 4779 1600 4832 in
1640 4791 1805 4847 regno
1845 4778 2014 4830 caelo-

440 4898 559 4937 rum
595 4879 765 4947 major
803 4878 918 4946 ipso
946 4883 1032 4929 est
1072 4873 1143 4927 ".
1180 4892 1199 4925 ι
1248 4872 1435 4942 Neque
1465 4871 1553 4924 hic
1607 4870 1769 4923 linem
1814 4869 2012 4924 verbo-

442 4991 559 5030 rum
591 4972 744 5027 l'ecit.
777 4968 940 5023 Addit
968 4966 1113 5022 enim
1150 4967 1335 5021 statim
1372 4981 1389 5019 :
1428 4982 1446 5015 ι
1505 4964 1549 5016 Α
1596 4963 1789 5017 diebus
1832 4973 2010 5015 autem

437 5065 666 5122 Joannis
695 5077 867 5130 usque
901 5076 1045 5113 nunc
1070 5073 1291 5128 regnmn
1328 5056 1591 5109 caelorum
1638 5055 1744 5107 vim
1791 5054 2013 5123 patitur,

440 5166 496 5211 et
526 5154 750 5211 violenti
777 5153 989 5221 rapiunt
1022 5149 1149 5203 illud
1179 5149 1250 5201 ⁸⁸.
1281 5168 1299 5199 ι
1332 5149 1509 5216 Atque
1554 5148 1668 5201 lucc
1691 5147 1909 5216 quidem
1935 5155 2019 5199 est

445 5251 610 5305 totius
639 5248 836 5316 capitis
865 5258 1096 5300 summa.
1132 5242 1284 5296 Nunc
1313 5257 1443 5296 vero
1473 5251 1686 5310 oportet
1720 5250 1777 5294 ut
1803 5238 2013 5308 singula

444 5348 829 5411 percurrentes
872 5336 1139 5397 dicamus,
1189 5346 1351 5397 quant
1400 5333 1471 5385 ob
1526 5346 1743 5385 causam
1781 5328 2017 5384 Joannes

443 5431 686 5501 Baptista
722 5430 774 5483 in
806 5440 1080 5482 carcerem
1113 5424 1395 5492 conjectus
1427 5424 1628 5489 fuerit;
1664 5423 2017 5490 quamobrem

444 5523 611 5578 etiam
668 5534 765 5591 per
800 5516 1095 5587 discipulos
1130 5528 1259 5570 suos
1306 5513 1581 5567 Christum
1633 5511 2014 5579 interrogarit,

449 5624 629 5670 utrum
662 5613 774 5683 ipse
799 5612 1021 5666 omnino
1056 5614 1203 5665 esset
1224 5607 1317 5677 qui
1350 5615 1610 5661 venturus
1636 5613 1792 5669 erat;
1825 5604 2019 5658 deinde

2116 4597 2330 4667 φήτην;
2358 4594 2464 4646 Ναὶ
2494 4591 2638 4659 λέγω
2669 4591 2797 4660 ὑμῖν
2826 4589 2920 4643 καὶ
2956 4588 3339 4659 περισσότερον
3371 4583 3660 4655 προφήτου
3679 4594 3700 4613 ο

2117 4681 2285 4748 Οὗτος
2314 4684 2423 4755 γάρ
2461 4683 2576 4735 ἐστι
2605 4681 2732 4753 περὶ
2753 4675 2813 4734 οὗ
2845 4680 3155 4750 γέγραπται
3175 4694 3189 4709 ο
3245 4675 3374 4729 Ἰδοὺ
3408 4672 3704 4728 ἀποστελῶ

2115 4779 2206 4833 τὸν
2235 4775 2464 4845 ἄγγελόν
2490 4792 2589 4845 μου
2612 4773 2718 4843 πρὸ
2747 4771 3042 4840 προσώπου
3068 4786 3183 4834 σου,
3209 4769 3269 4830 ὃς
3294 4763 3704 4820 κατασκευάσει

2116 4871 2213 4942 τὴν
2247 4869 2365 4921 ὁδόν
2398 4884 2492 4920 σου
2540 4863 2848 4937 ἔμπροσθέν
2892 4879 3008 4916 σου.
3061 4881 3079 4914 ι
3132 4857 3268 4916 Εἶτα
3316 4859 3453 4932 πρὸς
3484 4858 3706 4921 τούτοις

2118 4964 2254 5034 φησὶ
2286 4959 2645 5032 ζητούμενον
2698 4974 2716 5007 ‹
2769 4955 2962 5026 Ἀμὴν,
3014 4954 3163 5023 άμὴν
3199 4951 3344 5020 λέγω
3392 4951 3543 5020 ὑμῖν,
3595 4951 3705 5002 οὐκ

2120 5055 2417 5124 ἐγήγερται
2465 5053 2522 5103 ἐν
2567 5049 2845 5118 γεννητοῖς
2884 5044 3156 5115 γυναικῶν
3198 5043 3399 5115 μείζων
3449 5042 3706 5096 Ἰωάννου

2119 5144 2214 5199 τοῦ
2254 5140 2557 5198 Βαπτιστοῦ
2577 5158 2591 5170 ’
2634 5142 2662 5192 ὁ
2686 5139 2743 5192 δὲ
2784 5136 3105 5209 μικρότερος
3129 5137 3186 5189 ἐν
3212 5138 3279 5209 τῇ
3311 5134 3555 5206 βασιλείᾳ
3589 5133 3709 5185 τῶν

2118 5235 2388 5310 οὐρανῶν,
2418 5232 2618 5305 μείζων
2648 5230 2811 5286 αὑτοῦ
2846 5232 2985 5284 ἐστι.
3024 5247 3043 5280 ι
3083 5227 3187 5282 Καὶ
3213 5227 3272 5281 οὐ
3303 5226 3464 5297 μέχρι
3492 5224 3710 5279 τούτων

2118 5329 2149 5380 ὀ
2181 5328 2358 5395 λόγος.
2391 5324 2671 5395 Ἐπιφέρει
2694 5321 2802 5393 γάρ
2818 5319 2980 5383 εὐθύς
2999 5325 3014 5351 ⁸
3045 5335 3065 5370 ‹
3110 5317 3241 5370 Ἀπὸ
3263 5316 3322 5370 δέ
3348 5314 3456 5368 τῶν
3476 5314 3710 5385 ἡμερῶν

2134 5419 2381 5473 Ἰωάννου
2414 5415 2508 5469 τοῦ
2550 5411 2858 5468 Βαπτιστοῦ
2910 5411 3017 5474 ἕως
3051 5410 3175 5481 ἄρτι
3218 5410 3253 5480 ἡ
3300 5405 3548 5478 βασιλεία
3592 5405 3711 5465 τῶν

2122 5509 2367 5581 οὐρανῶν
2403 5506 2669 5579 βιάζεται,
2704 5505 2799 5558 καὶ
2834 5503 3048 5574 βιασταὶ
3079 5500 3415 5573 ἁρπάζουσιν
3449 5497 3645 5567 αὐτήν.
3686 5516 3705 5548 ι

2125 5601 2288 5655 Ὅλον
2317 5604 2375 5655 ἐν
2413 5598 2642 5665 τούτοις,
2675 5596 2749 5662 ὡς
2796 5597 2923 5659 ἔπος
2952 5595 3145 5658 είπεῖν,
3176 5592 3238 5646 τιὸ
3281 5590 3575 5661 κεφάλαιον
3604 5588 3712 5660 τὴν

524 5767 570 5800 ³³
596 5764 729 5822 Luc.
764 5779 848 5832 tu,
874 5762 946 5829 4;
979 5761 1081 5819 lsa.
1110 5776 1196 5831 xc,
1224 5760 1279 5816 5.
1359 5760 1405 5793 “
1431 5758 1564 5816 Luc.
1594 5773 1691 5828 vn,
1717 5759 1810 5815 28.
1888 5757 1933 5790 "
1958 5757 1993 5812 Μ

2098 5757 2148 5812 lt.
2189 5772 2271 5824 xu,
2303 5756 2358 5824 '5,
2389 5753 2442 5809 4.
2520 5752 2722 5808 "ibid.
2757 5750 2907 5805 7-10.
2986 5753 3028 5783 ⁸⁷
3064 5749 3195 5805 Ibid.
3226 5750 3307 5807 ll.
3390 5749 3589 5804 "Ibid.
3622 5747 3708 5801 12.
