3882 6210
211 369 315 426 169

1650 359 2099 421 ΊΊΙΕΞᾹΕΒῸΒ.

3390 362 3494 417 170

214 486 610 556 συμπλήρωσιν
656 486 789 555 ἔχει.
842 484 1056 557 Χρῆναι
1093 483 1150 538 δὲ
1185 476 1338 555 οἶμαι
1379 485 1486 539 τῶν
1522 486 1809 557 νοημάτων

1918 486 2048 554 quid
2074 493 2130 539 et
2149 497 2246 537 cur
2275 482 2327 537 id
2358 481 2612 536 Christus
2642 481 2818 535 turbis
2851 480 3212 550 responderit.
3259 478 3492 534 Pra-tcr-

213 576 448 630 ἕκαστον
479 576 850 647 ἐπιδρομάδην
882 577 1175 641 διεξιόντας
1200 580 1399 644 εἰπεῖν,
1425 580 1507 642 τίς
1535 580 1634 649 μὲν
1657 578 1805 632 αἰτία

210 669 499 739 δεσμώτην
526 669 699 722 ἐποίει
724 669 815 722 τὸν
841 670 995 739 ἅγιον
1031 666 1364 741 Βαπτιστὴν,
1404 672 1528 725 ὅτου
1554 672 1610 724 δὲ
1645 672 1805 742 χάριν

212 759 614 813 ἀνεπυνθάνετο
634 759 729 813 τοῦ
761 761 1001 831 Χριστοῦ
1032 760 1122 814 διὰ
1151 761 1259 814 τῶν
1282 762 1497 816 οἰκείων
1519 762 1803 834 μαθητῶν,

160 915 179 939 λ
213 850 371 919 εἴπερ
402 849 486 919 εἴη
527 851 713 918 σαφῶς
743 852 905 915 αὐτὸς
937 854 965 905 6
991 848 1284 923 ἐρχόμενος
1307 868 1320 881 ’
1354 853 1447 906 καὶ
1477 853 1557 915 τίς
1584 853 1616 923 ἢ
1643 852 1803 906 ποθεν

215 941 246 1011 ἠ
278 942 413 1011 πρὸς
448 945 577 1007 τοὺς
614 944 811 1014 ὄχλους
855 946 1150 1016 ἀπόκρισις
1179 946 1370 1015 γέγονε
1406 946 1500 999 τοῦ
1538 944 1800 1016 Χριστοῦ.

1912 592 1975 632 ca
2005 576 2135 648 quid
2180 575 2330 629 illum
2385 576 2619 629 moverit
2662 584 2719 627 ut
2766 573 2994 635 diceret,
3039 587 3143 625 non
3190 570 3495 625 surrexisse

1916 684 1947 726 e
2001 670 2143 725 natis
2200 668 2488 723 mulierum
2539 665 2798 733 iuniorem
2853 663 3062 721 Joanne
3117 662 3404 733 Baptista,
3441 671 3495 717 et

1915 774 2096 817 tamen
2130 762 2389 830 majorem
2431 775 2495 815 eo
2552 775 2674 815 esse
2717 774 2840 814 eum
2881 761 2971 826 qui
3018 760 3071 812 in
3120 772 3287 827 regno
3327 756 3495 808 rmlo-

1914 871 2035 910 rum
2089 854 2270 910 minor
2315 863 2479 909 esset.
2535 852 2913 907 Accedeudum
2970 851 3160 918 itaque
3214 847 3369 902 nobis
3424 846 3493 898 ad

1912 963 2103 1003 eorum
2132 962 2253 1017 qua;
2286 946 2561 1017 proposita
2594 955 2719 999 sunt
2748 947 2901 998 nobis
2924 944 3369 1010 explicatioumn.

215 1036 286 1087 ’Ἡ
318 1035 370 1087 τί
409 1036 469 1090 τὸ
496 1039 758 1103 πεπεικδς
781 1038 858 1102 ὡς
899 1040 1227 1112 Ἐγήγερται
1270 1044 1369 1113 μὲν
1438 1043 1613 1105 οὐδεὶς
1667 1044 1725 1095 ὲν
1784 1046 2066 1114 γεννητοῖς
2115 1043 2389 1113 γυναικῶν
2449 1042 2650 1114 μείζων
2685 1041 2931 1095 Ἰωάννου
3001 1039 3200 1108 λέγειν,
3249 1033 3390 1089 εἷναί
3428 1047 3494 1101 γε

215 1129 326 1197 μὴν
356 1129 450 1183 τοῦ
489 1129 741 1182 τοσούτου
788 1130 1010 1199 μείζονα
1057 1133 1147 1185 τὸν
1194 1134 1253 1185 ἐν
1303 1136 1369 1204 τῇ
1433 1134 1681 1205 βασιλεία
1752 1134 1863 1188 τῶν
1899 1133 2150 1209 οὐρανῶν
2195 1136 2558 1209 μικρότερον;
2605 1133 2813 1187 Οὐκοῦν
2861 1132 2947 1188 ἐπ’
2998 1130 3166 1202 αὐτὴν
3215 1130 3353 1182 ἰτέον
3396 1126 3496 1196 τὴν

216 1222 322 1274 τῶν
348 1221 720 1291 προτεθέντων
751 1222 1030 1293 ἐξήγησιν.

288 1312 595 1385 Παράδοξον
611 1330 736 1367 τινα
766 1314 861 1367 καὶ
892 1314 1049 1385 ξένην
1082 1316 1440 1387 ἐπιτηδεύσας
1464 1322 1735 1377 πολιτείαν
1766 1327 1795 1379 6

1979 1318 2141 1389 102
2166 1317 2364 1371 Beatus
2394 1315 2661 1384 Baptista,
2696 1314 2994 1370 inauditum
3017 1313 3286 1382 quoddam
3317 1323 3371 1367 ct
3412 1314 3494 1368 in-

218 1409 489 1476 μαγάριος
522 1405 852 1478 Βαπτιστὴς,
883 1409 976 1460 καὶ
994 1406 1110 1476 βίου
1133 1411 1315 1480 τρίϐον
1343 1412 1542 1479 ἐλάσας
1557 1415 1801 1488 ἀσυνήθη

1918 1412 2157 1467 ιείιιιιιιη
2205 1411 2329 1464 vitae
2387 1423 2560 1478 genus
2590 1408 2834 1473 ducens,
2884 1408 3135 1476 quodque
3163 1404 3251 1458 alii
3291 1406 3492 1460 imitari

214 1501 333 1561 τοῖς
372 1499 551 1561 ἄλλοις
591 1500 685 1552 καί
724 1499 787 1551 οὐ
818 1502 929 1564 τοῖς
965 1501 1188 1570 τυχοῦσι
1223 1503 1414 1575 βατὴν,
1462 1505 1807 1579 ἐθαυμάζετο

1918 1498 2010 1557 ton
2056 1509 2316 1571 possent,
2378 1513 2629 1568 magnam
2685 1499 2883 1553 merito
2926 1498 3011 1551 sui
3067 1496 3497 1551 admirationem

220 1590 344 1658 μὲν,
378 1591 472 1642 καὶ
502 1589 620 1642 λίαν
665 1591 909 1656 εἰκότως,
942 1594 1092 1662 παρὰ
1139 1594 1247 1647 τῶν
1285 1597 1582 1653 Ἰουδαίων*
1626 1601 1717 1654 τὸν
1749 1602 1807 1656 δὲ

1918 1595 2044 1664 Ipud
2072 1592 2288 1647 Judmos
2318 1592 2596 1657 excitavit,
2623 1599 2677 1644 et
2704 1589 2980 1645 Christum
3009 1590 3098 1658 qui
3131 1597 3341 1642 tantum
3384 1604 3490 1641 non

217 1682 341 1734 ὅσον
366 1682 596 1743 οὐδέπω,
630 1681 831 1752 μᾶλλον
853 1683 910 1735 δὲ
939 1684 1041 1755 ἤδη
1071 1686 1336 1756 παρόντα,
1362 1689 1648 1761 κηρύττων
1679 1692 1804 1765 Χρι-

1911 1688 2168 1753 venisset,
2198 1686 2305 1738 into
2328 1688 2439 1753 jam
2464 1683 2794 1749 advenisset,
2832 1681 3158 1751 praedicans,
3206 1680 3488 1748 digitoque

219 1773 367 1834 στὸν,
408 1776 686 1844 μονονουχὶ
714 1777 808 1828 καὶ
839 1778 1000 1848 χεῖρα
1031 1781 1303 1849 προτείνει
1337 1781 1511 1851 λέγων
1531 1798 1549 1816 ⁶
1586 1804 1606 1837 ι
1642 1787 1747 1840 Ἴδε
1777 1792 1806 1841 6

1918 1780 2059 1836 illum
2087 1787 2559 1841 couttnoustrans,
2610 1776 2687 1829 ait
2720 1797 2731 1831 :
2769 1792 2789 1826 ι
2837 1774 2975 1829 Ecce
3004 1774 3189 1843 Agnus
3251 1771 3373 1835 Dei,
3400 1772 3494 1841 qui

230 1865 533 1935 ’Λμνδςτοῦ
549 1865 703 1929 Θεοῦ,
726 1869 755 1919 6
780 1868 949 1938 αίρων
979 1869 1078 1940 τὴν
1108 1871 1384 1943 ἁμαρτίαν
1412 1873 1504 1927 τοῦ
1535 1876 1797 1948 κόσμου.»

230 1956 452 2027 Ἐπειδὴ
488 1957 547 2010 δέ
591 1959 619 2011 6
650 1959 779 2028 παρ’
824 1959 988 2011 αὐτοῦ
1046 1962 1497 2033 μαρτυρούμενος
1561 1967 1801 2039 Κύριος,

216 2046 398 2100 λιπεῖν
437 2048 610 2101 ἐδόκει
641 2048 742 2118 τὴν
784 2049 848 2102 ὲκ
891 2051 1060 2121 νόμου
1090 2052 1179 2105 διὰ
1227 2055 1474 2120 Μωσέως
1521 2057 1801 2130 λατρείαν,

216 2138 321 2209 τὴν
382 2139 743 2211 εὐαγγελικὴν
805 2142 922 2194 ἀντ’
990 2144 1205 2215 ἐκείνης
1274 2147 1555 2202 πολιτείαν
1619 2152 1805 2220 εἰσφέ-

222 2248 367 2301 ρων,
407 2232 606 2302 μᾶλλον
640 2232 698 2285 δὲ
729 2234 799 2287 τὰ
852 2236 909 2287 ἐν
948 2234 1105 2307 τύπῳ
1152 2238 1248 2291 καὶ
1297 2242 1425 2310 σκιᾷ
1463 2243 1805 2315 μεταρυθμί-

220 2322 333 2385 ζων
358 2326 436 2386 είς
463 2325 739 2396 ἀλήθειαν,
767 2327 867 2380 οὐκ
893 2325 997 2391 ἔξω
1029 2330 1252 2401 μομφῆς
1277 2332 1306 2384 6
1339 2334 1606 2405 μακάριος
1629 2335 1807 2391 ἔκειτο

222 2415 565 2486 Βαπτιστὴς,
606 2419 702 2473 ᾰτε
736 2418 799 2490 δὴ
839 2422 1158 2493 συνηγορεῖν
1226 2425 1695 2499 ἁναπεπεισμένος
1726 2430 1807 2502 τῷ

218 2508 322 2576 τὴν
350 2508 579 2579 νομικὴν
628 2510 986 2580 ἁνατρέποντι
1040 2514 1343 2581 παίδευσιν,
1383 2518 1527 2572 κατά
1572 2536 1639 2587 γε
1679 2522 1806 2586 τοὺς

219 2597 331 2651 τῶν
371 2599 611 2669 ἀνοήτων
653 2599 866 2667 λόγους.
916 2603 978 2656 Εἰ
1012 2603 1120 2676 γὰρ
1163 2601 1232 2676 ἦν
1268 2602 1425 2672 οὗτος
1457 2611 1608 2681 παρὰ
1645 2610 1803 2677 Θεοῦ,

220 2690 479 2759 ἔφασκον,
501 2693 530 2745 6
567 2692 875 2763 ἄνθρωπος,
906 2695 1008 2748 οὐκ
1041 2695 1108 2749 ἂν
1138 2694 1260 2749 ἔλυε
1297 2698 1360 2751 τὸ
1405 2699 1702 2757 Σάϐϐατον.
1740 2703 1807 2756 Τί

219 2777 316 2836 οὖν
354 2783 460 2855 ἄρα
507 2787 814 2856 μηχανᾶται
848 2787 986 2859 πρὸς
1021 2786 1209 2852 τοῦτο;
1242 2789 1356 2855 Τὰς
1398 2791 1507 2845 τῶν
1541 2793 1807 2848 Ἰουδαίων

217 2873 287 2929 οὐ
317 2876 533 2940 πάντως
561 2878 1020 2951 ἀποκρουόμενος,
1046 2879 1183 2945 ἀλλ’,
1214 2881 1280 2934 ἶν’
1305 2882 1478 2947 οὕτως
1507 2884 1665 2952 είπω,
1691 2886 1809 2940 δια·

220 2968 505 3039 χλευάζων
556 2972 799 3039 ἐννοίας,
855 2975 1239 3045 συναγορεύειν
1292 2979 1674 3049 προσποιεῖται
1730 2979 1809 3053 τῷ

222 3058 393 3130 νόμῳ,
424 3061 519 3113 καὶ
549 3062 860 3127 Μωσαῖκῶν
902 3063 1411 3135 ὐπεραγωνίζεσθαι
1450 3070 1809 3142 προσταγμά-

1913 1869 2052 1925 ιοΙΙίι
2092 1878 2373 1937 peccatmn
2407 1867 2589 1922 mundi
2620 1866 2688 1920 δ’.
2730 1882 2750 1917 ο
2786 1865 2924 1919 Cum
2960 1880 3089 1919 vero
3120 1862 3402 1925 Dominus,
3430 1863 3497 1916 de

1911 1977 2020 2032 quo
2067 1961 2433 2015 testimonium
2497 1958 2849 2027 perhibuerat
2884 1997 2899 2023 ,
2949 1958 3166 2010 deserto
3230 1954 3377 2008 cultu
3424 1953 3502 2007 le-

1912 2053 2016 2124 gali
2051 2067 2147 2121 per
2173 2052 2353 2106 Mosen
2405 2050 2746 2121 praescripto,
2784 2048 2903 2102 locu
2951 2047 3094 2102 illius
3120 2046 3495 2115 evangelicum

1914 2149 2082 2201 vitam
2126 2146 2434 2209 induceret,
2470 2156 2521 2199 et
2553 2158 2675 2213 qua:
2706 2144 2758 2196 in
2793 2154 2921 2212 typo
2960 2154 3125 2211 atque
3173 2144 3366 2196 umbra
3406 2141 3494 2193 in-

1912 2238 2095 2294 voluta
2141 2245 2341 2301 erant,
2385 2238 2453 2291 ad
2502 2236 2786 2290 veritatem
2835 2232 3190 2296 transferret,
3252 2231 3493 2301 Baptista

1916 2329 2394 2401 reprehensionem
2419 2327 2673 2392 incurrit,
2702 2326 2903 2395 quippe
2930 2327 3021 2395 qui
3057 2326 3497 2393 patrocinaretur

1915 2423 2020 2488 illi,
2062 2422 2154 2495 qui
2180 2421 2406 2491 legalem
2441 2422 2781 2484 doctrinam,
2825 2420 2977 2489 juxta
3007 2424 3246 2487 ipsorum
3282 2432 3493 2471 sermo-

1915 2530 2062 2581 nem,
2109 2523 2405 2570 everteret.
2442 2512 2501 2568 Si
2531 2515 2677 2567 enim
2740 2512 2906 2567 homo
2933 2512 3020 2564 bic
3062 2548 3078 2573 ,
3115 2509 3367 2563 dicebant
3392 2547 3409 2572 ,
3458 2522 3496 2561 α

1918 2608 2028 2662 Deo
2057 2614 2226 2669 esset,
2265 2606 2689 2674 haudquaquam
2744 2603 3073 2657 disSolveret
3097 2601 3395 2655 Sabbatum
3422 2599 3493 2653 ⁸⁸.

1913 2696 2057 2763 Quid
2123 2698 2289 2765 igitur
2346 2700 2608 2749 adversus
2669 2694 2785 2749 haec
2842 2694 3113 2763 excogitat
3172 2701 3228 2745 et
3279 2690 3500 2745 molitur

1914 2788 2154 2859 Baptista
2172 2791 2198 2844 ’ί
2228 2789 2541 2845 Judmorum
2557 2788 2868 2859 opinionem
2894 2802 2999 2841 non
3022 2788 3178 2855 plane
3209 2785 3495 2855 rejiciens,

1916 2883 2035 2950 sed,
2061 2892 2122 2939 ut
2158 2884 2232 2938 ita
2284 2882 2463 2937 dicunt
2488 2921 2504 2947 ,
2569 2882 2824 2943 irridens,
2859 2879 3217 2947 patrocinium
3259 2878 3393 2947 legis
3442 2889 3500 2930 ot

1916 2976 2280 3031 Mosaicorunt
2312 2986 2706 3045 praeceptorum
2730 2971 3221 3041 propugnationem
3249 2968 3493 3023 simulat.

1916 3068 2054 3123 Cum
2112 3068 2259 3123 enim
2316 3076 2446 3121 tmte
2494 3066 2754 3135 temporis
2800 3065 2969 3119 variis
3019 3065 3194 3119 modis
3233 3063 3286 3117 in
3324 3063 3497 3132 legent

220 3169 352 3207 των.
382 3151 603 3208 Πολλῶν
629 3156 737 3226 γὰρ
760 3154 840 3227 τῷ
867 3156 1121 3227 τηνικάδε
1153 3157 1297 3211 κατὰ
1326 3160 1606 3225 ποικίλους
1637 3179 1809 3233 παρα-

1922 3170 2260 3230 peccaretur,
2292 3157 2465 3212 solum
2497 3156 2764 3211 llerodem
2799 3156 3230 3225 reprehensurus
3265 3156 3497 3219 accedit,

222 3244 533 3315 νομούντων
586 3247 854 3318 τρόπους,
907 3249 1160 3321 πρόσεισι
1213 3250 1377 3321 μόνον
1417 3249 1511 3305 τὸν
1563 3252 1812 3325 Ἡρώδην

221 3336 535 3409 διελέγχων,
581 3339 678 3392 καὶ
734 3340 1121 3410 ῥιψοκινδύνως
1173 3343 1306 3414 περὶ
1345 3344 1445 3415 τῆς
1485 3344 1812 3415 Ἡρωδιάδος

226 3428 395 3500 βοῶν’
432 3450 451 3483 ι
478 3432 592 3485 οὐκ
638 3432 815 3498 ἔξεστί
855 3450 937 3488 σοι
971 3434 1119 3506 ἔχειν
1166 3436 1375 3508 αὐτήν·
1409 3455 1428 3487 ι
1472 3437 1662 3491 οὐδένα
1704 3440 1813 3511 γὰρ

222 3523 361 3586 ὅλως
384 3523 478 3577 τοῦ
513 3525 706 3579 παθεῖν
736 3528 972 3581 ἐποιεῖτο
1000 3527 1180 3597 λόγον,
1208 3529 1370 3601 ἄχρις
1399 3528 1466 3583 ἂν
1493 3529 1641 3602 αὐτῷ
1671 3532 1815 3585 κατὰ

222 3612 319 3667 τὸν
350 3614 683 3685 προτεθέντα
713 3615 917 3670 σκοπὸν
943 3615 1128 3682 διεξίοι
1155 3615 1224 3671 τὰ
1249 3616 1569 3689 πράγματα.
1593 3614 1816 3687 Δεσμώ-

224 3721 325 3776 της
360 3706 539 3759 τοίνυν
564 3708 593 3760 6
625 3706 834 3771 δίκαιος
860 3710 925 3763 ἐκ
959 3708 1298 3781 τυραννικῶν
1336 3708 1548 3777 ἐγίνετο
1579 3725 1816 3781 προστα-

223 3798 478 3868 γμάτων,
517 3800 615 3853 καὶ
650 3800 714 3854 τὸ
746 3800 921 3864 πάθος
968 3801 1235 3855 ἐδυσώπει
1264 3801 1356 3855 τὸν
1405 3800 1817 3873 φιλεγκλήμονα

222 3888 336 3941 τῶν
371 3889 641 3945 Ἰουδαίων
669 3892 819 3947 λαόν.
862 3893 954 3956 Ὠς
985 3892 1095 3964 γὰρ
1142 3893 1283 3965 ὑπὲρ
1333 3892 1501 3964 νόμου
1535 3894 1816 3963 πάσχοντα

224 3982 433 4047 λοιπὸν,
459 3983 678 4057 ἀγαπᾷν
704 3986 1068 4056 ⁴ίγναγκάζέτο,
1116 3985 1462 4058 ἐτοιμότερός
1489 4003 1547 4040 τε
1573 3987 1674 4057 ἤδη
1703 3988 1816 4052 τοῖς

227 4072 363 4147 παρ’
388 4076 553 4129 αὐτοῦ
580 4078 1004 4149 κηρυττομένοις
1028 4079 1168 4150 πρὸς
1191 4078 1252 4132 τὸ
1282 4078 1557 4134 πιστεύειν
1585 4079 1815 4149 ἐγίνετο.

226 4165 440 4221 Οὐκοῦν
485 4170 586 4231 τὰς
632 4168 743 4222 τῶν
790 4170 1061 4225 Ἰουδαίων
1121 4170 1368 4238 εὐνοίας,
1416 4171 1513 4225 καὶ
1560 4170 1660 4241 τὴν
1707 4172 1817 4225 τῶν

1918 3263 1977 3307 et
1999 3252 2259 3306 audacter
2300 3251 2367 3305 de
2417 3249 2722 3304 Herodiade
2760 3247 3004 3303 clamans
3049 3264 3064 3302 :
3117 3264 3137 3298 ι
3184 3245 3298 3301 Non
3347 3246 3498 3307 licet.

1915 3343 2110 3413 inquit,
2133 3342 2230 3397 tibi
2250 3356 2371 3397 eam
2401 3340 2603 3395 habere
2628 3340 2670 3371 “
2693 3355 2709 3404 ;
2737 3356 2755 3391 ι
2786 3347 3099 3408 contempto
3126 3338 3282 3409 plane
3305 3338 3500 3393 mortis

1915 3435 2180 3507 periculo,
2206 3435 2332 3489 dum
2354 3433 2404 3488 ei
2427 3434 2493 3487 ad
2516 3433 2878 3503 praasututum
2906 3446 3126 3500 scopum
3160 3445 3249 3485 res
3267 3445 3498 3501 ageren-

1918 3539 2029 3585 tur.
2070 3527 2309 3601 Tyranni
2344 3528 2526 3594 itaque
2555 3525 2709 3594 jussu
2741 3525 2796 3579 in
2830 3525 3045 3579 vincula
3070 3522 3371 3591 coniectus,
3397 3522 3497 3576 Ju-

1913 3622 2059 3677 datos
2075 3622 2142 3676 ad
2159 3620 2518 3675 accusandum
2540 3632 2739 3688 pronos
2754 3616 2853 3671 sibi
2872 3615 3197 3671 conciliavit.
3213 3614 3350 3668 Nam
3369 3616 3498 3685 quia

1916 3728 2016 3785 pro
2048 3712 2163 3783 lege
2196 3712 2520 3782 patiebatur,
2549 3725 2732 3766 amare
2756 3724 2878 3766 eum
2913 3712 3274 3779 cogebantur,
3315 3722 3499 3778 prom-

1915 3806 2227 3875 ptioresque
2271 3806 2339 3859 ad
2371 3804 2732 3859 adhibendum
2769 3801 3140 3873 prardicationi
3179 3801 3298 3870 ejus
3337 3802 3496 3854 tidem

1917 3895 2304 3950 reddebantur.
2349 3892 2657 3948 Judaaorum
2712 3892 2893 3963 itaque
2937 3893 3401 3955 benevolentiam,
3443 3902 3499 3947 et

1916 3988 2195 4042 duriorum
2245 3986 2678 4042 incredulitatem
2729 3996 2904 4041 morte
2957 4001 3051 4040 sua
3093 3986 3497 4055 quodannuodo

1919 4078 2151 4135 mercari
2190 4078 2432 4150 Baptista
2467 4080 2658 4134 voluit.
2707 4079 2844 4133 Cum
2878 4093 3008 4133 vero
3043 4078 3281 4146 Spiritus
3314 4077 3492 4131 salicti

1928 4172 2203 4242 particeps
2228 4181 2278 4225 et
2310 4173 2626 4242 prnphcrica
2659 4176 2834 4240 gratia
2865 4186 2929 4225 ex
2969 4181 3125 4223 utero
3159 4171 3348 4223 matris
3386 4182 3499 4222 sua:

226 4258 611 4330 σκληροτέρων
651 4262 935 4316 ἀπείθειαν
981 4262 1272 4335 ἀγοράζειν
1313 4262 1503 4335 ῶσπερ
1542 4264 1571 4316 6
1613 4264 1809 4318 Βαπτι-

1920 4263 2111 4332 plenus
2139 4274 2309 4330 esset,
2362 4264 2821 4334 Iyrannicumquc
2860 4276 3045 4317 ensem
3088 4262 3199 4330 jam
3239 4262 3493 4316 strictum

229 4352 364 4422 στὴς
409 4351 497 4405 διὰ
546 4351 641 4405 τοῦ
686 4356 920 4424 πᾷσχειν
965 4355 1243 4425 ἠπείγετο.
1292 4354 1509 4427 Ἐπειδὴ
1548 4353 1604 4409 δὲ
1643 4355 1817 4409 Πνεύ-

231 4460 405 4513 ματος
449 4444 604 4512 ἁγίου
655 4445 881 4515 μέτοχος
928 4445 1026 4511 ῶν,
1076 4447 1170 4500 καὶ
1217 4447 1565 4518 προφητικῆς
1613 4446 1820 4499 ἀναπεο

1919 4363 1973 4407 et
2007 4354 2207 4408 cervici
2244 4370 2355 4407 suae
2390 4352 2763 4430 imminentem
2794 4353 3156 4422 pra'vidisset,
3199 4352 3499 4421 discipulos

1921 4460 2048 4501 suos
2080 4446 2131 4498 in
2168 4445 2271 4500 [ide
2307 4458 2434 4513 erga
2464 4446 2738 4499 Christum
2771 4442 3118 4499 Servaturem
3169 4445 3499 4499 continuare

226 4533 544 4605 πλησμένος
574 4534 794 4605 χάριτος
825 4535 906 4588 ἔτι
945 4538 1009 4589 ἐκ
1045 4536 1248 4601 κοιλίας
1291 4537 1497 4608 μητρὸς
1534 4535 1720 4600 αὐτοῦ,
1754 4536 1809 4589 τὸ

1921 4554 1985 4593 ac
2031 4539 2275 4593 stabilire
2310 4539 2501 4604 voluit,
2542 4547 2707 4605 utque
2740 4537 2792 4590 id
2823 4537 2957 4591 citra
3018 4550 3235 4591 omnem
3284 4536 3500 4590 dubita-

225 4624 551 4694 τυραννικὸν
584 4623 807 4697 ἐθεώρει
838 4625 991 4695 ξίφος
1032 4629 1513 4699 ἀπογυμνούμενον
1547 4629 1681 4700 ἥδη,
1723 4629 1816 4683 καὶ

227 4712 324 4766 τὸν
356 4710 452 4766 τοῦ
495 4712 745 4783 σώματος
770 4715 1166 4787 ἀπαστράπτον
1202 4716 1452 4783 θάνατον,
1476 4716 1660 4789 ἐζήτει
1684 4718 1813 4782 τοὺς

226 4805 466 4867 οἰκείους
516 4805 764 4877 μαθητὰς
813 4807 1109 4878 βεϐαιῶσαι
1155 4808 1291 4873 πρὸς
1333 4810 1434 4879 τὴν
1486 4811 1668 4863 πίστιν
1713 4809 1814 4880 τὴν

228 4897 327 4951 ἐπὶ
358 4894 436 4966 τῷ
464 4896 674 4970 Σωτῆρι
715 4899 935 4970 Χριστῷ
956 4916 973 4931 ο
1003 4900 1199 4953 εἰδέναι
1227 4918 1285 4954 τε
1318 4902 1412 4954 καὶ
1447 4901 1593 4970 μάλα
1626 4901 1815 4969 σαφῶς

227 4987 499 5060 ἐπεθύμει
522 4991 641 5043 κατ’
663 4990 814 5044 οὐδὲν
838 4991 1231 5057 ἐνδοιάζοντας,
1259 4993 1450 5063 ὅτιπερ
1472 4993 1636 5055 αὐτός
1667 4995 1814 5046 ἐστιν

223 5085 256 5136 6
284 5082 381 5136 ἐπὶ
416 5082 659 5156 σωτηρίᾳ
692 5085 909 5138 πάντων
949 5084 1099 5155 ἥξειν
1130 5085 1598 5157 προσδοκώμενος.
1632 5086 1813 5158 Προσ-

225 5173 465 5226 ποιείται
490 5174 669 5226 τοίνυν
696 5174 1054 5245 οἰκονομικῶς
1081 5176 1317 5245 ἀγνοεῖν,
1341 5177 1430 5231 ἴνα
1462 5177 1813 5231 πιστεύσαντι

226 5265 520 5337 σύνδρομοι
555 5267 715 5321 πάλιν
742 5269 790 5320 οί
828 5268 1065 5340 μαθηταί
1113 5269 1252 5342 πρὸς
1290 5271 1352 5324 τὸ
1393 5270 1673 5325 πιστεύειν
1718 5272 1811 5325 εύ-

224 5357 521 5427 ρίσκοιντο.
543 5353 653 5411 Ἶίν
692 5359 801 5431 γὰρ
824 5359 888 5430 δὴ
919 5361 1012 5413 καὶ
1048 5363 1395 5433 φρονήματος
1422 5362 1482 5415 οὐ
1515 5362 1719 5434 μικρὰν
1754 5365 1812 5416 ἐν

223 5449 407 5519 ἐαυτῷ
438 5450 536 5520 τὴν
569 5450 886 5514 ἀλαζονείαν
921 5453 1219 5518 ὡδίνοντος,
1258 5453 1333 5525 μὴ
1376 5456 1495 5517 ταῖς
1524 5452 1616 5507 τοῦ
1663 5453 1809 5506 διδα-

221 5540 427 5593 σκάλου
476 5541 696 5612 μᾶλλον,
726 5544 862 5598 ἀλλὰ
902 5548 1021 5609 ταῖς
1065 5546 1293 5610 οἰκείαις
1338 5544 1808 5615 παιδαγωγεῖσθαι

221 5632 465 5703 βουλαῖς.
519 5635 725 5690 Οὐκοῦν
763 5637 1154 5709 οἰκονομικῶς,
1200 5639 1293 5693 καί
1326 5640 1393 5693 ἵν’
1434 5639 1607 5702 οὕτως
1639 5639 1807 5692 εἴπω-

293 5812 340 5843 "
369 5809 526 5865 Joan.
559 5826 598 5875 t,
629 5811 721 5865 ‘29.
798 5812 842 5843 “
864 5814 1019 5866 Joan.
1048 5831 1120 5877 ix,
1156 5816 1242 5871 16.
1319 5815 1360 5847 θ’
1390 5816 1574 5871 Matth.
1611 5833 1721 5884 xw,
1750 5817 1803 5871 4.

568 5912 839 5973 Pn'nOL.
877 5912 993 5972 Gn.
1034 5913 1271 5977 LXXV.

1926 4629 2126 4682 tionem
2156 4644 2471 4697 persuasum
2522 4628 2805 4691 haberent,
2857 4625 3130 4694 cupiebat,
3185 4624 3326 4694 quod
3385 4625 3500 4692 ipse

1914 4729 2060 4775 esset
2081 4721 2171 4788 qui
2210 4736 2306 4789 pto
2337 4718 2510 4772 Salute
2533 4720 2773 4771 omnium
2821 4729 3083 4772 venturus
3127 4732 3250 4771 esse
3297 4732 3499 4784 exspe-

1917 4812 2185 4866 ctabatur.
2220 4812 2383 4865 Certo
2414 4811 2598 4881 itaque
2630 4809 2865 4865 consilio
2898 4810 3118 4864 sinmlat
3147 4825 3207 4864 se
3247 4813 3456 4864 nescire
3478 4850 3496 4874 ,

1918 4913 1976 4957 ut
2042 4903 2288 4958 credenti
2348 4903 2448 4971 ipsi
2524 4900 2913 4972 discipulorum
2983 4902 3117 4957 ﬁdes
3173 4918 3497 4972 aggregare-

1920 5003 2027 5050 tur.
2087 4994 2369 5064 Regnabat
2426 4994 2571 5049 enim
2619 5010 2725 5050 non
2787 4997 2981 5064 exigua
3037 4997 3092 5049 in
3158 4997 3357 5049 animis
3411 5006 3499 5047 co-

1922 5103 2040 5143 rum
2098 5089 2452 5156 arrogantia,
2527 5102 2704 5158 neque
2764 5104 2823 5143 se
2869 5099 2975 5141 tam
3031 5088 3278 5160 magistri
3333 5103 3495 5155 quam

1929 5182 2043 5235 suis
2105 5180 2343 5249 ipsorum
2388 5181 2632 5237 consiliis
2689 5181 2977 5252 gubernari
3018 5182 3286 5236 volebant.
3339 5179 3496 5250 103

1919 5273 2082 5327 Certo
2120 5274 2281 5343 igitur
2330 5274 2586 5335 consilio,
2639 5286 2831 5343 atque,
2889 5285 2945 5327 ut
3004 5275 3077 5327 ita
3128 5275 3346 5339 dicam,
3385 5272 3497 5324 vel-

1920 5366 1995 5419 ttti
2042 5366 2094 5420 in
2126 5382 2284 5422 scena
2314 5367 2676 5437 ignorantium
2723 5382 3009 5438 personam
3044 5368 3293 5429 induens,
3331 5366 3499 5419 mittit

1918 5471 1984 5512 ex
2012 5458 2126 5513 suis
2154 5459 2438 5528 discipulis
2468 5461 2603 5515 duos
2626 5460 2854 5531 reliquis
2886 5459 3358 5527 iutelligentiores,
3390 5458 3498 5512 eis-

1917 5566 2023 5619 que
2068 5550 2225 5621 jubet
2271 5561 2332 5606 ut
2382 5553 2748 5617 sciscitentur,
2795 5562 2850 5608 et
2909 5568 2977 5608 ex
3027 5552 3146 5606 viva
3190 5549 3497 5605 SerValoris

1920 5656 2048 5696 voce
2073 5652 2424 5713 cognoscant,
2451 5659 2521 5699 an
2547 5644 2660 5715 ipse
2686 5644 2755 5699 sit
2783 5645 2828 5699 is
2856 5645 2946 5715 qui
2971 5651 3336 5713 exspectatur.
3361 5640 3495 5696 Cum

3135 5912 3174 5972 6
