3882 6210
391 333 502 397 ’m

1390 333 1446 388 S.
1488 331 1759 388 CYlllLLl
1803 330 2266 388 A‘Ll‘f-XANDRINI
2311 333 2627 394 ARCIIIEP.

3549 336 3650 393 173

382 456 534 514 ‘vero
586 458 621 511 ii
671 456 736 511 ad
787 455 1064 520 Christum
1117 454 1428 520 venissent,
1484 455 1588 510 hoc
1637 456 1973 524 intelligens,

2082 473 2202 526 μεν,
2233 456 2422 528 ὥσπερ
2470 458 2560 510 ἐπὶ
2591 450 2805 528 σκηνῆς
2840 457 2901 510 τὺ
2936 456 3038 510 τῶν
3087 457 3422 526 ἀγνοούντων
3475 475 3651 527 προσ-

403 551 603 622 quippe
634 549 725 619 qui
754 563 915 604 verus
941 547 1082 602 Deus
1108 557 1244 612 erat,
1270 547 1614 616 prteclariorii
1637 547 1780 602 circa
1812 562 1974 616 aegro-

406 651 489 696 tos
539 656 702 710 opera
759 640 1124 708 miraeulaque
1175 640 1410 705 edebat,
1462 653 1624 708 quam
1673 649 1863 706 antea;
1908 654 1972 695 ea

407 749 534 787 vero
565 743 713 788 certo
735 732 963 787 consilio
992 746 1090 800 per
1120 729 1248 784 illud
1278 741 1487 799 tempus
1514 733 1823 798 priestahai,
1853 745 1973 797 quae

405 825 602 894 ipsum,
640 840 762 878 cum
794 825 858 877 :id
888 838 984 877 nos
1017 823 1272 886 venisset,
1307 823 1584 892 propheta:
1611 822 1972 889 pra-stituruni

353 951 375 993 η
404 917 780 986 praedixerant.
814 914 1185 984 Interrogatus
1218 915 1400 983 itaque
1446 930 1552 968 non
1593 914 1775 967 statim
1807 913 1976 981 proli-

356 1068 361 1079 ι
405 1017 547 1060 tetiir
585 1021 645 1061 se
679 1005 826 1059 illum
874 1020 1012 1070 esse,
1043 1005 1138 1059 sed
1173 1005 1502 1074 propheticis
1528 1004 1971 1074 praedictionibus

404 1097 670 1150 factorum
706 1105 761 1150 et
793 1096 1173 1150 miraculorum
1211 1095 1634 1165 magnitudinem
1669 1095 1970 1163 adaptatis:

407 1207 423 1239 i
462 1188 560 1251 lie,
605 1188 802 1258 inquit,
853 1197 908 1242 et
939 1188 1248 1243 renuntiate
1278 1185 1471 1241 Joanui
1497 1203 1616 1256 quae
1661 1185 1890 1240 audistis
1921 1192 1976 1239 ct

400 1281 650 1348 vidistis;
693 1299 712 1333 ι
749 1281 980 1335 audistis
1006 1281 1149 1335 enim
1177 1297 1271 1350 per
1301 1282 1610 1350 prophetas,
1642 1280 1852 1334 vidistis
1875 1295 1972 1334 au-

405 1383 509 1426 tem
542 1387 640 1442 per
669 1387 756 1426 me
800 1373 1040 1442 impleta.
1081 1372 1216 1426 Cum
1269 1373 1450 1442 itaque
1496 1374 1547 1427 hi
1596 1373 1880 1436 ahiissent,
1917 1381 1976 1428 iit

400 1465 731 1536 evangelista
771 1465 886 1532 ipse
916 1474 1168 1533 testatur,
1203 1466 1368 1534 carpit
1399 1466 1645 1521 Christus
1679 1465 1821 1534 loqui
1858 1475 1972 1519 tur-

403 1556 488 1610 his
536 1559 604 1609 ile
657 1552 908 1610 Joanne:
947 1575 966 1606 ι
1004 1557 1141 1622 Quid
1186 1556 1380 1610 existis
1426 1554 1646 1610 videre?
1674 1573 1692 1606 ι
1750 1564 1806 1609 et
1854 1569 1976 1622 quae

401 1647 656 1714 deinceps
702 1656 1027 1714 sequuntur.
1069 1645 1443 1699 Necessarium
1485 1659 1616 1699 vero
1653 1643 1810 1712 plane
1850 1642 1971 1708 fuit,

382 1745 460 1788 ‘lll
485 1733 736 1789 Christus
766 1735 830 1788 de
853 1732 1061 1789 Joanne
1089 1750 1392 1790 sermonem
1427 1734 1646 1788 faceret.
1672 1733 1806 1789 Cum
1827 1737 1972 1788 enim

2073 552 2274 602 ωπεῖον
2317 549 2493 621 ἐαυτῷ
2529 551 2794 621 περιθεὶς,
2833 552 3041 621 πέμπει
3069 551 3179 602 τῶν
3211 551 3424 604 οἰκείων
3467 553 3652 624 μαθηο

2073 640 2202 705 τῶν,
2229 641 2388 712 οἵπερ
2427 638 2566 712 ἦσαν
2606 641 2991 710 συνετώτεροι,
3034 643 3122 696 καῖ
3155 642 3361 714 ’δὴ-καὶ
3405 645 3652 697 ἀναπυν-

2075 730 2334 782 θάνεσθαι
2363 731 2594 793 κελεύει,
2629 731 2723 783 καὶ
2750 731 2835 783 διὰ
2865 730 3042 801 ζώσης
3071 734 3161 783 τοῦ
3192 732 3439 802 Σωτῆρος
3467 731 3653 802 φωνῆς

2073 819 2352 889 ὁκμαθεῐν,
2404 823 2453 873 εἰ
2506 822 2669 883 αὑτός
2718 823 2865 873 ἐστιν
2918 821 3383 892 προσδοκώμενος.
3432 824 3652 893 Ἐπειδὴ

2072 908 2126 960 δὲ
2146 904 2290 980 -ἦκον
2316 909 2416 980 ήδη
2445 909 2579 979 πρὸς
2613 909 2703 961 τὸν
2739 908 2943 979 Ἰησοῦν
2971 910 3021 961 οἱ
3051 910 3464 980 ἀπεσταλμένοι,
3493 911 3654 964 τοῦτο

2073 1003 2283 1068 συνεὶς,
2332 1001 2427 1054 ἆτε
2468 1001 2533 1072 δὴ
2577 1000 2708 1064 Θεὸς
2760 1001 3019 1070 ὑπάρχων
3067 1001 3337 1071 ἀληθινὸς,
3387 1002 3655 1054 πλουσιωο

2073 1093 2129 1146 τέ
2140 1111 2237 1164 ραν
2263 1096 2497 1146 ἐποιεῖτο
2522 1094 2620 1163 τὴν
2645 1093 2737 1146 ἐπὶ
2761 1096 2872 1156 τοῖς
2899 1093 3166 1162 κάμνουσι
3199 1093 3529 1162 φιλοτιμίαν,
3558 1094 3655 1146 καὶ

2077 1185 2395 1256 παραδόξων
2439 1186 2732 1256 ηὑρίσκετο
2766 1184 2995 1255 ποιητὴς
3025 1185 3144 1236 τότε
3201 1185 3399 1253 μᾶλλον
3445 1185 3478 1255 ἢ
3516 1186 3656 1255 πρό-

2073 1293 2262 1349 τερον·
2297 1280 2482 1331 ἐκεῖνα
2511 1277 2567 1330 δέ
2605 1276 2962 1348 οἰκονομικῶς
3004 1278 3288 1346 εἰργάζετο
3332 1279 3450 1330 κατ’
3477 1281 3656 1332 ἐκεῖνο

2079 1369 2313 1442 μάλιστα
2366 1367 2579 1439 καιροῦ,
2608 1366 2750 1436 άπερ
2794 1366 2954 1419 αὑτὸν
2983 1365 3346 1431 ἐπιτελέσειν,
3372 1369 3498 1420 ὅταν
3524 1369 3655 1438 ἥκοι

2075 1460 2214 1531 πρὸς
2255 1460 2423 1530 ἡμᾶς,
2472 1461 2521 1512 οἱ
2557 1459 2835 1530 προφῆται
2880 1459 3212 1528 διήγγελλον.
3269 1460 3656 1529 Ἐρωτώμενος

2072 1555 2275 1617 τοίνυν,
2309 1553 2408 1606 οὑκ
2445 1552 2604 1614 εὐθὺς
2651 1552 2864 1622 ὑπαντᾷ
2895 1551 2986 1604 καί
3031 1567 3163 1621 φησι
3194 1551 3277 1616 τὸ,
3313 1550 3452 1618 Ἐγώ
3485 1553 3604 1620 εἰμι
3635 1591 3653 1614 ,

2075 1643 2209 1698 ἀλλὰ
2241 1646 2352 1707 τοῖς
2381 1644 2737 1714 προφητικῶς
2774 1640 3091 1711 κηρύγμασι
3119 1641 3216 1710 τὴν
3245 1643 3302 1693 ἐν
3323 1643 3430 1702 τοῖς
3457 1642 3660 1692 ἀποτε-

2075 1735 2311 1788 λεσθεῖσι
2336 1733 2600 1805 παραθεὶς
2628 1733 3057 1803 μεγαλουργίανο
3095 1755 3113 1783 ι
3147 1731 3525 1800 Πορευθέντες,
3555 1750 3658 1801 φης

392 1825 728 1880 ρίτυιιιιιῐιιςο
783 1827 1091 1880 auditorum
1131 1827 1285 1879 turba
1329 1826 1693 1895 cognovisset,
1741 1825 1973 1895 discipu-

2079 1830 2181 1891 σίν,
2217 1826 2581 1895 ἀπαγγείλατε
2628 1825 2846 1897 Ἰωάννῃ
2874 1826 2910 1878 ἃ
2940 1825 3109 1879 εἴδετε
3158 1825 3250 1877 καὶ
3292 1825 3598 1894 ἠκούσατεο
3632 1841 3653 1876 ι

379 1918 482 1972 -los
516 1915 742 1972 Joannis
768 1931 912 1980 esse,
951 1917 1040 1985 qui
1073 1917 1552 1986 interrogationem
1581 1917 1730 1970 illam
1754 1917 1972 1972 Christo

396 2010 828 2078 proposuissent,
859 2023 1090 2078 cumque
1125 2009 1223 2076 ipsi
1256 2023 1362 2062 non
1396 2015 1454 2062 ut
1481 2023 1579 2064 sua
1605 2009 1844 2078 ipsorum
1866 2009 1971 2062 du-

388 2103 666 2156 bitatione
722 2115 845 2156 sese
899 2100 1217 2165 liberarent,
1254 2101 1548 2166 venissent,
1595 2101 1690 2156 sed
1741 2101 1890 2157 illum
1939 2117 1970 2156 a

387 2209 508 2263 quo
538 2193 686 2248 missi
711 2202 886 2256 erant,
910 2193 1111 2262 quique
1135 2193 1216 2247 eis
1243 2202 1302 2246 ut
1336 2192 1388 2246 id
1415 2193 1852 2258 sciscitarentur,
1889 2193 1974 2247 iii-

382 2287 681 2356 'juiixerat;
742 2285 1009 2340 intellexit
1060 2285 1243 2338 statim
1290 2285 1572 2351 Christus,
1633 2288 1833 2356 quippe
1879 2285 1971 2354 qui

399 2378 564 2431 corda
623 2387 678 2431 et
727 2376 1083 2446 cogitationes
1127 2376 1405 2430 hominum
1451 2377 1690 2444 novit",
1733 2378 1972 2432 dicturos

385 2483 522 2523 iesse
563 2465 871 2530 nonnullos,
915 2475 1008 2520 aut
1036 2465 1237 2534 alioqui
1289 2481 1471 2520 secum
1505 2467 1834 2536 cogitaturos
1865 2485 1879 2521 :
1913 2465 1970 2522 Si

387 2560 456 2612 .in
488 2559 630 2613 hunc
666 2570 836 2626 usque
866 2557 1008 2610 diem
1023 2555 1270 2611 Joannes
1295 2556 1534 2626 Baptista
1561 2556 1838 2612 Christum
1865 2574 1969 2612 non

379 2650 573 2714 "novit,
597 2663 706 2719 quo
732 2657 889 2718 pacto
914 2647 1068 2701 uobis
1092 2647 1238 2700 illum
1262 2647 1502 2702 ostendit
1525 2647 1711 2701 dicens
1736 2664 1748 2700 :
1779 2665 1798 2700 ι
1832 2647 1972 2704 Ecce

401 2746 586 2811 Agnus
616 2741 730 2808 Lei,
755 2740 843 2811 qui
873 2738 1011 2793 tollit
1037 2747 1317 2809 peccatum
1353 2738 1577 2793 mundi?
1609 2758 1627 2790 ι
1666 2738 1730 2794 Ει
1755 2740 1971 2810 quidem

385 2837 697 2888 vverenduin
738 2842 858 2888 crat
911 2847 978 2887 ne
1031 2848 1134 2886 uou
1183 2847 1370 2900 parum
1398 2831 1577 2886 damni
1615 2832 1738 2888 inde
1770 2834 1820 2887 in
1860 2844 1972 2888 tur-

389 2927 525 2979 .bani
568 2923 890 2989 perveniret.
925 2920 1313 2989 Quamobrem,
1357 2932 1416 2976 ut
1460 2922 1773 2992 scrupulum
1826 2923 1970 2978 illum

380 3015 599 3068 ~aiiimis
638 3028 823 3068 eorum
869 3014 1134 3066 eximeret
1167 3020 1223 3064 et
1269 3010 1508 3064 si-andali
1560 3027 1747 3065 ansam
1782 3013 1970 3080 praeri-

382 3115 574 3175 _pcret,
621 3105 692 3158 ita
731 3104 799 3162 ad
847 3119 941 3158 eos
971 3104 1083 3156 ait:
1125 3121 1142 3152 ι
1171 3101 1310 3167 Quid
1359 3103 1550 3156 existis
1597 3103 1651 3155 in
1698 3106 1970 3158 desertum

2079 1920 2346 1989 ἠκούσατε
2380 1917 2476 1987 μὲν
2501 1919 2608 1986 γάρ
2637 1916 2726 1969 διὰ
2745 1916 2858 1969 τῶν
2890 1915 3208 1986 προφητῶν,
3242 1915 3408 1968 εἴδετε
3436 1916 3494 1969 δέ
3523 1916 3662 1986 πλη-

2080 2010 2319 2081 ρωθέντα
2346 2009 2414 2061 δι’
2452 2007 2608 2078 ἐμοῦ.
2663 2007 2827 2061 Ἀλλά
2871 2008 3077 2061 τούτων
3127 2007 3524 2079 πορευομένων,
3579 2009 3662 2072 ὡς

2078 2103 2238 2165 αὑτός
2266 2119 2433 2171 φησιν
2452 2103 2480 2154 ὁ
2507 2101 2918 2170 εὑαγγελιστὴς,
2941 2100 3140 2172 ἤρξατο
3165 2103 3192 2154 ὁ
3218 2103 3449 2172 Χριστὸς
3476 2102 3664 2170 λέγειν

2078 2199 2188 2258 τοῖς
2214 2194 2388 2264 ὄχλοις
2415 2194 2543 2261 περὶ
2579 2193 2857 2248 Ἰωάννουο
2891 2213 2907 2245 ι
2938 2195 3002 2246 Τί
3035 2194 3286 2264 ἐξήλθετε
3318 2193 3478 2260 ἱδεῖνς
3506 2213 3522 2244 ›
3560 2199 3664 2248 καὶ

2076 2287 2146 2338 τὰ
2175 2285 2384 2348 τούτοις
2418 2285 2613 2356 ἐφεξῆς
2653 2285 2898 2356 κείμενα.
2942 2286 3260 2352 ’Δναγκαῖον
3286 2286 3341 2338 δὲ
3370 2285 3529 2338 πάλιν
3558 2289 3662 2339 καὶ

2077 2377 2168 2430 τὸν
2212 2378 2340 2448 περὶ
2379 2375 2570 2428 τούτου
2606 2376 2763 2444 λόγον
2803 2376 3098 2447 ἐποιήσατο
3143 2377 3390 2447 Χριστός.
3433 2378 3663 2447 Ἐπειδὴ

2077 2469 2186 2540 γάρ
2218 2467 2518 2539 ἐμάνθανεν
2549 2469 2582 2538 ή
2618 2468 2965 2538 περιεστῶσα
2993 2469 3100 2521 τῶν
3126 2468 3489 2538 ἀκροωμένων
3517 2469 3664 2537 πλη-

2079 2560 2210 2624 θὺς,
2261 2560 2338 2624 ὡς
2372 2556 2512 2631 ἦσαν
2563 2561 2662 2630 μὲν
2715 2559 2824 2612 τῶν
2858 2558 3103 2613 Ἰωάννου
3158 2559 3413 2630 μαθητῶν
3453 2561 3502 2612 οἱ
3556 2561 3664 2630 τὴν

2079 2651 2272 2706 πεῦσιν
2295 2653 2681 2722 προσάγοντες,
2704 2646 2839 2724 ἦκον
2861 2651 2917 2704 δὲ
2940 2651 3040 2704 οὑκ
3065 2651 3198 2714 ἰδίας
3221 2651 3410 2723 ὥσπερ
3432 2653 3666 2720 ἀγνοίας

2079 2743 2367 2813 ζητοῦντες
2408 2742 2750 2822 ἀπαλλαγὴν,
2782 2741 2920 2796 ἀλλὰ
2953 2742 3052 2811 τῆς
3093 2744 3258 2796 αὑτοῦ
3307 2745 3666 2814 πεπομφότος

2080 2834 2174 2886 καὶ
2203 2833 2464 2904 διερωτᾷν
2507 2832 2920 2897 ἁναπείθοντος,
2959 2835 3292 2903 ικατενὸησεν
3335 2834 3429 2887 ἆτε
3463 2834 3525 2904 δὴ
3562 2837 3668 2888 καὶ

2079 2924 2306 2995 καρδίας
2349 2923 2523 2990 εἰδὼς,
2557 2925 2652 2978 καὶ
2689 2925 2758 2978 τὰ
2787 2927 2844 2979 ἐν
2881 2924 2960 2995 τῷ
3001 2924 3275 2997 ἀνθρώπῳ
3308 2927 3663 2994 γιγνώσκων,

2078 3016 2158 3069 ὃτι
2196 3016 2412 3078 πάντως
2452 3015 2638 3087 ὲροῦσί
2685 3033 2829 3079 τινες
2877 3018 2970 3069 καὶ
3020 3017 3324 3085 λογοιοῦνταμι
3369 3019 3490 3072 καθ’
3520 3022 3662 3072 tau-

2079 3103 2254 3178 ’τούς-⁵
2287 3106 2349 3158 El
2397 3105 2556 3176 μέχρι
2607 3105 2846 3176 σήμερον
2897 3106 3080 3174 ἀγνοεῖ
3129 3107 3218 3160 τὸν
3253 3109 3456 3177 Ἰησοῦν
3488 3111 3516 3162 ὀ
3553 3129 3669 3178 μα-

391 3198 625 3253 -viilerc?
690 3197 1025 3251 Aruiidineiii
1075 3207 1239 3248 vetito
1295 3195 1592 3260 agitatam?
1627 3215 1647 3248 ι
1705 3197 1970 3252 Admirati

2077 3197 2265 3267 κάριος
2300 3197 2585 3267 Ἰωάννης,
2635 3196 2751 3259 πῶς
2795 3198 2927 3267 ἡμῖν
2961 3197 3122 3250 αὑτὸν
3171 3199 3408 3253 ἐδείκνυε
3451 3200 3665 3268 λέγων·

383 3289 558 3351 uestis,
617 3287 822 3356 inquit,
867 3284 1131 3340 Joannem
1171 3286 1503 3353 llaptisiam,
1562 3295 1614 3340 et
1668 3287 1976 3357 frequenter

403 3379 558 3447 longa
613 3392 710 3448 per
749 3378 1095 3432 solitudinem
1147 3379 1482 3446 profectione
1530 3378 1678 3431 illum
1727 3379 1974 3445 adiisiis,

405 3468 589 3522 inultis
620 3468 895 3523 laboribus
922 3468 1231 3534 utilitatem,
1269 3485 1431 3537 quam
1465 3468 1590 3523 inde
1624 3472 1979 3539 exspectaba-

405 3559 494 3624 tis,
527 3558 876 3614 redimentes.
909 3558 1175 3613 Caeterum
1205 3560 1494 3614 temerarie
1535 3561 1777 3630 profecto
1804 3563 1978 3614 nulla-

403 3664 516 3724 que
542 3649 734 3703 idonea
773 3652 839 3703 de
879 3665 1040 3704 causa
1091 3649 1238 3702 illuin
1273 3651 1524 3704 admirati
1572 3654 1726 3716 estis,
1763 3653 1806 3707 si
1852 3669 1974 3707 eum

405 3744 539 3796 adeo
586 3742 758 3796 levem
812 3742 1162 3806 existimatis,
1203 3753 1260 3795 ut
1301 3742 1556 3796 aruudini
1609 3754 1973 3813 comparetur,

403 3850 523 3900 qua:
561 3834 817 3886 facillime
849 3836 900 3885 in
931 3835 1180 3900 quamvis
1219 3842 1425 3901 partem
1463 3844 1622 3888 vento
1666 3835 1973 3905 impellitur.

405 3925 683 3992 Quomodo
708 3923 866 3994 10h.
892 3926 1036 3978 enim
1080 3941 1184 3977 non
1217 3924 1478 3992 ejusmodi
1520 3941 1642 3980 esse
1673 3927 1974 3995 deprehen-

405 4019 585 4077 datur,
642 4016 711 4081 si,
759 4031 868 4084 ιιι-ιιι
901 4030 1093 4082 magna
1145 4016 1306 4069 animi
1351 4015 1586 4080 levitate,
1620 4033 1779 4087 quem
1829 4019 1978 4071 novit

407 4120 565 4161 nosse
591 4123 649 4160 se
673 4106 980 4160 iiiliciaiiir?
1013 4106 1216 4159 At'nou
1247 4108 1562 4162 arundinem
1587 4119 1757 4163 certe.
1787 4129 1806 4161 ι
1838 4109 1976 4175 Quid

409 4204 590 4248 tamen
647 4195 839 4249 existis
871 4193 1091 4247 videre?
1121 4192 1476 4247 Hominemne
1526 4193 1777 4248 mollibus
1807 4192 1975 4248 vesti-

411 4289 606 4342 mentis
642 4287 930 4341 iudutuni?
963 4285 1103 4340 Ecce
1147 4286 1237 4354 qui
1284 4285 1533 4339 mollibus
1564 4284 1879 4350 induuntur,
1921 4285 1975 4340 in

407 4379 664 4434 domibus
697 4393 881 4447 regum
927 4386 1076 4431 sunt.
1111 4394 1131 4428 ι
1168 4375 1346 4444 Atque
1395 4375 1463 4430 iis
1504 4376 1742 4444 quidem,
1780 4375 1975 4445 inquit,

407 4468 816 4523 conveiiieniius
831 4468 903 4522 sit
931 4467 1152 4522 levitate
1171 4467 1335 4521 animi
1363 4467 1632 4524 laborare.
1658 4467 1810 4524 Unde
1832 4471 1976 4525 enim

406 4560 498 4628 qui
526 4560 797 4629 perpetuis
828 4560 1103 4614 laboribus
1146 4575 1267 4614 sese
1297 4569 1534 4626 exercet,
1573 4577 1976 4632 corporeasque

407 4649 725 4704 affectiones
773 4651 992 4703 assidue
1039 4651 1288 4718 reprimit
1335 4665 1399 4703 ac
1448 4652 1653 4715 domat,
1684 4651 1735 4704 iii
1771 4660 1974 4706 tantum

415 4743 692 4797 levitatem
738 4742 842 4795 labi
878 4743 1105 4811 posset?
1150 4741 1284 4796 Nam
1339 4742 1709 4812 hujuscemodi
1761 4744 1976 4801 levitate

409 4835 606 4889 tuentis
643 4832 892 4886 laborare
932 4843 1018 4887 est
1066 4833 1256 4897 animi,
1312 4833 1502 4902 inquit,
1553 4837 1642 4903 qui
1704 4852 1808 4889 non
1865 4847 1973 4891 tam

407 4940 598 4992 aspera
629 4925 838 4978 vivendi
869 4927 1100 4989 ratione,
1130 4941 1292 4995 quam
1328 4927 1617 4982 mundanis
1651 4927 1857 4984 deliciis
1884 4931 1977 4983 dc-

409 5017 655 5071 lectetur.
690 5015 746 5069 Si
777 5030 907 5084 ergo
930 5030 1052 5070 eum
1088 5018 1428 5071 admiramiui
1467 5027 1722 5087 tanquam
1747 5035 1777 5073 a
1802 5019 1980 5074 molli-

411 5106 481 5157 tie
501 5105 906 5167 abhorrentem,
939 5105 1165 5158 tribuite
1187 5105 1347 5158 etiam
1376 5105 1447 5160 illi
1479 5106 1789 5162 ﬁrmitatem
1814 5109 1978 5164 animi

409 5195 671 5260 ejusmodi
719 5193 1002 5248 laboriosae
1037 5197 1162 5250 vitae
1190 5200 1619 5253 convenientem.
1669 5200 1725 5255 Si
1757 5214 1887 5255 vero
1921 5202 1973 5256 iii

409 5284 617 5352 optimo
645 5285 770 5338 vita:
799 5285 1171 5354 geiiere'nihil
1198 5289 1431 5358 amplius
1465 5290 1724 5356 statiiitis,
1760 5294 1854 5348 sed
1883 5307 1978 5348 eo-

411 5377 532 5428 dem
565 5375 756 5429 ordine
807 5376 1020 5432 habetis
1059 5393 1180 5433 eum
1208 5381 1300 5450 qui
1352 5381 1564 5436 laborat
1613 5397 1734 5436 eum
1783 5397 1850 5439 eo
1880 5384 1973 5453 qui

411 5464 716 5527 deliciatur,
764 5479 882 5530 cur,
933 5471 1255 5538 contemptis
1286 5473 1350 5523 lis
1380 5471 1472 5540 qui
1524 5473 1713 5526 sericis
1741 5474 1976 5527 vestibus

412 5564 639 5607 utuntur
670 5565 724 5609 ct
770 5556 821 5608 iu
869 5557 1007 5610 aulis
1054 5573 1236 5628 regqu
1275 5573 1591 5629 versantur,
1635 5578 1758 5615 eum
1799 5563 1889 5632 qui
1923 5561 1977 5616 iii

489 5735 533 5764 ⁶¹
566 5734 698 5788 1³»..Ι.
739 5750 888 5799 .\Cttl,
933 5737 1015 5789 ll.

2082 3305 2099 3335 ι
2134 3287 2237 3338 Ἰδε
2267 3287 2295 3338 ὁ
2314 3287 2506 3356 Ἀμνὺς
2536 3286 2630 3339 τοῦ
2668 3285 2824 3351 Θεοῦ,
2854 3289 2883 3339 ὁ
2914 3288 3082 3358 αἴρων
3127 3291 3226 3357 τὴν
3263 3291 3534 3362 ἁμαρτίαν
3562 3294 3667 3346 τοῦ

2077 3377 2364 3446 κόσμους»
2412 3377 2522 3430 Καὶ
2579 3373 2647 3448 ἦν
2694 3379 2754 3430 οὐ
2809 3379 3004 3449 μικρὸν
3055 3369 3305 3434 ἐντεῦθεν
3365 3383 3668 3437 ὑπολαϐεῖν

2077 3466 2294 3518 ἕπεσθαι
2315 3469 2425 3530 τοῖς
2453 3466 2628 3538 ὄχλοις
2652 3468 2713 3520 τὸ
2745 3467 2958 3539 βλάϐος.
2985 3469 3192 3523 Οὐκοῦν
3222 3472 3282 3524 τὸ
3311 3472 3669 3544 συμόεὸηκος

2077 3559 2259 3619 αὐτοῖς
2296 3557 2613 3628 θεραπεύων
2648 3559 2840 3623 πάθος,
2872 3560 2967 3612 καὶ⁹
3010 3560 3109 3630 τὴν
3139 3561 3248 3614 ἀπὸ
3281 3562 3372 3614 τοῦ
3423 3565 3667 3618 σκανδά-

2077 3649 2188 3718 λου]
2223 3649 2426 3720 ζημίαν
2474 3649 2809 3721 ἀποῤῥιζῶν,
2866 3650 3016 3719 λέγει
3062 3653 3196 3722 πρὸς
3253 3653 3482 3717 αὐτούς’
3519 3675 3536 3704 ι
3594 3655 3666 3708 Τί

2077 3740 2327 3809 ἐξήλθετε
2360 3741 2439 3802 εἰς
2470 3738 2569 3810 τὴν
2600 3740 2804 3810 ἔρημον
2843 3741 3005 3807 ἰδεῖν;
3035 3743 3281 3813 κάλαμον
3315 3743 3418 3795 ὑπὸ
3451 3745 3668 3814 ἀνέμου

2081 3832 2474 3903 σαλευόμενον;
2508 3851 2526 3882 ι
2573 3831 2986 3901 Ἐθαυμάσατε,
3031 3834 3192 3902 φησὶ,
3237 3836 3329 3888 τὶν
3387 3836 3668 3904 μακάριον

2079 3923 2408 3992 Βαπτιστὴν,
2442 3920 2538 3974 καὶ
2579 3920 2643 3989 δὴ
2679 3921 2774 3974 καὶ
2807 3922 2905 3992 τὴν
2945 3922 3078 3993 πρὸς
3128 3924 3292 3976 αὑτὸν
3343 3925 3669 3996 ἀποδημίαν

2078 4011 2400 4066 ἐπονίσασθε
2444 4010 2726 4075 πολλάκις,
2756 4011 2855 4075 τὰς
2893 4011 3035 4065 οὑτω
3069 4015 3282 4082 μακρὰς
3312 4017 3408 4077 τῆς
3445 4016 3668 4086 ἐρήμου

2077 4103 2494 4174 κατατρίϐοντες
2524 4103 2698 4168 ὁδοὺς,
2734 4105 2827 4158 καὶ
2858 4104 3040 4176 ἱδρῶτι
3070 4106 3248 4175 πολλῷ
3281 4105 3378 4178 τὴν
3404 4109 3671 4164 ἐντεῦθεν

2077 4195 2344 4265 ὠφέλειαν
2391 4194 2710 4264 ὠνούμενοι.
2744 4196 2867 4266 Ἆρ’
2906 4192 3000 4249 οὖν
3031 4197 3154 4267 εἰκῆ
3197 4199 3288 4250 καὶ
3325 4200 3669 4271 προχείρως⁹

2079 4288 2262 4357 φησὶν,
2297 4285 2655 4357 ἐθαυμάζετε,
2684 4288 2843 4358 εἴπερ
2869 4286 3041 4351 οὕτως
3067 4288 3226 4341 αὑτὸν
3259 4289 3490 4360 ἐλαφρὸν
3510 4292 3673 4362 ἔχειν

2077 4379 2254 4431 οἱέσθε
2293 4378 2384 4430 τὸν
2421 4378 2567 4443 νοῦν,
2610 4379 2686 4441 ὡς
2724 4381 3101 4449 προσεοικέναι
3149 4381 3379 4452 καλάμῳ
3413 4383 3492 4453 τῷ
3534 4384 3673 4439 λίαν

2079 4468 2307 4538 ἑτοίμως
2346 4469 2430 4536 ἐφ’
2457 4468 2595 4538 ὅπερ
2632 4468 2697 4522 ἂν
2729 4467 2939 4539 συνωθῇ
2982 4469 3042 4522 τὸ
3072 4469 3289 4541 πνεῦμα
3322 4473 3672 4532 συννεύοντι.

2009 4546 2052 4600 Ῑ)
2085 4559 2205 4622 Πῶς
2232 4557 2340 4630 γὰρ
2367 4559 2485 4629 οὑχὶ
2511 4559 2747 4623 τοιοῦτος
2769 4559 2845 4612 ὢν
2868 4561 3242 4631 εὑρεθήσεται,
3276 4563 3434 4634 εἴπερ
3459 4564 3672 4632 ὅντως,

2076 4651 2134 4702 ὃν
2149 4648 2306 4714 οἶδεν,
2322 4653 2534 4720 ἀγνοεῖν
2547 4651 2815 4720 ὁμολογεῖ,
2833 4653 2896 4704 ἐκ
2914 4653 3113 4722 πολλῆς
3134 4670 3277 4716 τινος
3293 4654 3448 4708 τοῦτο
3465 4656 3678 4712 παθὼν

2078 4725 2373 4814 excepi“;
2411 4743 2547 4795 Ἀλλ’
2575 4744 2634 4795 οὑ
2664 4741 2906 4812 κάλαμον
2943 4744 3076 4813 μέν·
3115 4764 3133 4795 ι
3163 4745 3228 4796 Τί
3258 4745 3315 4798 δέ
3344 4746 3492 4816 ὅμως
3527 4747 3681 4802 [δεῖν

2077 4833 2360 4903 summa;
2386 4831 2702 4904 ’Ἄνθρωπον
2725 4835 2782 4884 ἐν
2809 4833 3067 4903 μαλακοῖς
3089 4835 3493 4905 ἠμφιεσμένον;
3523 4837 3682 4894 Ἰδοὺ

2079 4923 2128 4974 οἱ
2158 4922 2227 4975 τὰ
2259 4922 2480 4992 μαλακά
2507 4921 2797 4993 φοροῦντες
2836 4924 2892 4975 ἐν
2922 4926 3033 4986 τοῖς
3061 4925 3232 4988 οἴκοις
3255 4924 3363 4978 τῶν
3390 4925 3684 4994 βασιλέων

2084 5014 2240 5068 εἰσιν.
2269 5034 2287 5065 ι
2320 5009 2414 5078 Οἷς
2451 5014 2516 5083 δὴ
2551 5014 2643 5066 καὶ
2684 5014 2886 5083 μᾶλλον
2915 5016 2982 5068 ἀν
3023 5017 3133 5086 εἴη,
3169 5017 3354 5086 φησὶν,
3387 5018 3719 5086 άρμοδιὼ-.

2083 5122 2240 5176 τερον
2282 5105 2343 5159 τὸ
2386 5107 2443 5158 ἐν
2474 5107 2664 5176 φρεσὶν
2697 5106 2961 5175 ὑπάρχειν
3007 5107 3284 5178 ἐλαφραῖς.
3324 5107 3493 5161 Πόθεν
3553 5112 3688 5183 γὰρ

2083 5198 2112 5249 ὁ
2143 5196 2388 5258 σύντονος
2426 5194 2570 5249 οὑτω
2615 5196 2741 5267 περὶ
2789 5196 2886 5267 τὴν
2935 5196 3187 5266 ἄσκησιν,
3225 5197 3435 5267 βέϐαιός
3469 5215 3532 5252 τε
3575 5205 3690 5255 καὶ

2085 5287 2252 5351 πολὺς
2293 5290 2372 5351 εἰς
2411 5287 2473 5340 τὸ
2504 5288 2596 5342 καὶ
2633 5287 2810 5342 αὑτῶν
2835 5289 2943 5340 τῶν
2974 5289 3074 5358 τῆς
3109 5291 3308 5360 σαρκὸς
3353 5297 3689 5358 καταγωνί-

2088 5377 2275 5440 ςεσθαι
2309 5377 2515 5441 παθῶν,
2547 5379 2627 5442 εἰς
2659 5378 2929 5449 τοσαύτην
2963 5379 3200 5450 ἀμαθίαν
3231 5381 3562 5450 ἐκϐήσεται;
3601 5387 3692 5440 Τὸ

2085 5471 2196 5541 γάρ
2236 5472 2293 5522 ἐν
2324 5469 2549 5542 τοιαύτῃ
2592 5471 2804 5524 κεῖσθαι
2845 5472 3081 5535 διανοίας
3130 5460 3454 5544 κουφότητιξ
3483 5473 3692 5548 ψυχῆς

2088 5563 2153 5616 ἂν
2183 5563 2290 5634 εἴη,
2327 5563 2509 5636 φησιν,
2539 5561 2599 5616 οὑ
2633 5563 3075 5635 σκληραγωγίαις
3117 5562 3339 5634 μᾶλλον,
3366 5563 3503 5619 ἀλλὰ
3549 5573 3695 5634 ’ταῖς
