3882 6210
219 361 326 416 175

1636 351 2081 412 ΤΙἸΕΒΑυΒυδο

3357 345 3463 421 ιιι

215 479 280 530 ἰν
325 475 515 544 κόσμῳ
559 471 791 542 τρυφαῖς
855 468 1140 540 ἡδομένης.
1173 469 1235 523 El
1293 466 1390 541 μὶν
1436 463 1528 524 οὖν
1573 471 1646 536 ὡς
1690 473 1823 533 οὐκ,

1926 473 2186 530 olitudine
2211 473 2376 542 degit,
2422 469 2619 538 vilique
2650 469 2846 524 vestitu
2877 483 2971 524 seu
3005 467 3184 538 potius
3223 468 3346 537 pilis
3367 484 3462 528 cs-

216 570 347 621 ὅντα
389 569 446 618 tv
489 563 752 636 μαλακοῖς
800 561 1129 632 Θαυμάξιτε,
1157 561 1275 615 δότε
1321 565 1388 635 τῇ
1420 563 1652 632 ἀσκήσει
1696 564 1798 634 τὴν

216 661 357 727 αὐτῇ
422 656 740 726 πρέπουσαν
805 652 1125 722 ἀσφάλειαν.
1181 653 1242 706 El
1292 653 1348 706 δὲ
1404 655 1464 706 tv
1509 652 1588 723 τῷ
1650 652 1798 722 βιοῦν

217 752 417 820 ἄριστα
448 749 511 800 τὸ
540 745 699 798 πλέον
728 745 900 808 οὐδὲν,
933 745 990 797 tv
1017 744 1073 797 δὲ
1103 743 1194 817 (an
1222 743 1371 808 τάξει
1405 744 1496 797 τὸν
1535 745 1800 798 πονοῦντα

217 840 300 911 τῷ
328 839 602 911 τρυφῶντι
637 839 851 908 Θήσετε,
880 837 934 889 τί
975 836 1036 888 τὸ
1079 836 1363 905 σεμνύνειν
1410 835 1638 904 ἀφέντες
1677 837 1801 899 τούς

217 932 381 1000 οἷπερ
418 930 558 982 εἰσὶν
597 931 654 982 tv
691 928 954 999 μαλακοῖς
990 929 1215 998 ἀμφίοις
1246 928 1341 981 καί¹
1376 931 1434 981 tv
1471 927 1663 993 αὐλαῖς
1703 927 1802 999 βα-

223 1023 438 1086 σιλέων,
485 1023 582 1085 τὰς
624 1024 681 1075 tv
723 1022 916 1092 ἐρήμῳ
961 1019 1269 1090 ἃατριδάς,
1320 1021 1414 1074 καὶ
1460 1019 1804 1091 περιϐόλαιον

223 1115 462 1177 εὐτελὲς,
495 1113 696 1183 μᾶλλον
723 1114 780 1166 δὲ
813 1113 910 1176 τὰς
943 1114 1009 1165 ἑκ
1047 1114 1309 1186 καμήλων
1356 1112 1546 1183 τρίχας
1593 1110 1805 1182 Θαυμά-

222 1204 376 1269 ζετε;
429 1204 570 1256 Ἀλλ’
608 1200 765 1272 οἶμαι
813 1203 1159 1274 δυσωπήσειν
1197 1204 1342 1273 ὑμᾶς
1382 1204 1444 1254 το
1489 1204 1546 1256 tv
1592 1201 1804 1264 τούτοις

223 1297 447 1360 ἄτοπον,
498 1294 856 1364 ἀξιοζήλωτον
887 1293 943 1346 δὲ
986 1294 1155 1358 ὅντως
1190 1295 1367 1365 ἐρεῖτε
1396 1294 1488 1345 τὸν
1537 1293 1806 1364 μακάριον

226 1389 560 1457 Βαπτιστὴν.
585 1381 710 1455 Ἆρ’
731 1381 830 1437 οὖν
858 1383 1036 1437 οἴεσθε
1086 1385 1373 1455 προφήτην
1417 1383 1684 1454 ὑπάρχειν
1711 1384 1806 1435 αὐ-

227 1482 352 1543 τόν;
384 1479 493 1532 Ναὶ
521 1478 827 1548 προφήτην,
872 1475 1070 1546 μᾶλλον
1097 1477 1153 1530 δὲ
1183 1477 1280 1529 καὶ
1304 1477 1586 1546 προφήτου
1612 1477 1805 1529 πλεον-

231 1569 496 1623 εκτοῦντα
518 1568 578 1620 τὸ
604 1568 818 1637 μέτρον.
848 1568 912 1618 Οἱ
937 1565 1040 1635 μὲν
1072 1565 1181 1635 γὰρ
1207 1565 1282 1626 ὡς
1311 1566 1432 1636 ἥξει
1474 1567 1808 1636 προεκήρυτο

231 1677 344 1723 τον,
370 1659 524 1712 οὔπω
552 1658 790 1727 παρόντα
818 1655 1108 1726 θεώμενοι·
1141 1658 1170 1708 ό
1193 1655 1252 1708 δὲ
1285 1655 1347 1708 τὸ
1377 1654 1804 1726 συναμφότερον.

234 1749 575 1820 Πανταχόθεν
595 1745 881 1816 τοιγαροῦν
899 1748 929 1798 ό
952 1746 1138 1817 Σωτὴρ
1162 1745 1489 1813 ἀξιάγαστον
1508 1741 1674 1799 οὖσαν
1691 1748 1811 1800 ἐπι-

1900 567 2166 621 mclorum
2194 565 2454 629 induitur,
2485 563 2862 619 admiremini?
2889 561 2994 616 Sed
3021 573 3150 630 puto
3173 579 3266 615 vos
3293 562 3466 616 vereri

1899 657 2290 712 absurditatem
2329 657 2489 726 hujus
2534 658 2646 720 rei;
2696 653 2959 709 Joannem
3007 669 3135 706 vero
3171 654 3466 720 Baptistam

1901 749 2263 806 admiratione
2296 749 2518 818 dignum
2561 762 2683 802 esse
2733 745 2946 802 dicetis.
2998 747 3335 800 Existimatis
3368 746 3470 799 itu-

1901 857 2008 912 qne
2054 843 2371 911 prophetam
2421 841 2595 910 ipsum
2636 841 2799 895 esse?
2845 839 3001 894 Certe
3052 840 3313 910 prepheta
3366 852 3470 902 est,

1904 933 2013 988 imo
2044 935 2221 1003 potius
2244 931 2626 1004 prophetarum
2651 931 3010 985 conditionem
3045 931 3200 998 longe
3228 941 3469 999 superat.

1903 1027 2186 1094 Prophetas
2227 1027 2370 1080 enim
2418 1036 2702 1081 ventnrmn
2745 1037 2867 1078 eum
2909 1024 3292 1093 praedixerunt,
3340 1039 3475 1092 ναι-ο

1905 1127 2114 1171 sentem
2164 1126 2342 1170 tamen
2388 1131 2492 1170 non
2536 1115 2836 1169 viderunt:
2868 1114 2956 1169 hic
3004 1129 3133 1167 vero
3164 1125 3472 1182 utr-unique.

1907 1208 1984 1263 Ita
2012 1208 2264 1264 Christus
2309 1208 2688 1262 admirandum
2728 1205 2979 1260 omnibus
3019 1206 3193 1260 modis
3223 1205 3477 1275 Baptista:

1907 1299 2213 1354 institutum
2251 1311 2372 1352 esse
2407 1296 2666 1359 ostendit,
2697 1306 2756 1349 ut
2797 1296 3052 1350 credatur
3097 1312 3220 1350 vera
3278 1299 3477 1365 praedi-

1909 1403 2071 1456 care;
2120 1403 2186 1443 sc
2230 1398 2461 1442 testatur
2509 1386 2725 1454 quidem
2761 1385 2876 1454 ipse
2930 1387 2980 1439 iu
3021 1386 3305 1440 sublimem
3355 1403 3476 1440 eum

1909 1480 2229 1549 dignitatem
2267 1479 2556 1540 extollens,
2599 1486 2656 1531 et
2697 1479 2990 1545 prophetas
3031 1478 3297 1534 excellere
3345 1477 3481 1531 allir-

1911 1585 2086 1624 utaris.
2115 1569 2314 1639 Adjicit
2342 1584 2473 1623 vero
2502 1569 2684 1622 Statim
2711 1583 2820 1638 quo
2848 1578 3005 1637 pacto
3025 1571 3138 1623 suis
3173 1570 3349 1624 verbis
3373 1569 3479 1625 Pa-

1912 1661 2014 1718 tris
2045 1662 2211 1716 etiam
2245 1676 2344 1715 vox
2384 1661 2732 1728 respondeat,
2776 1670 2834 1714 ut
2879 1662 3278 1728 quodammodo
3309 1664 3477 1718 etiam

1911 1769 1980 1808 ex
2019 1752 2174 1824 legali
2217 1753 2429 1822 justitia
2487 1751 2854 1806 testimonium
2899 1753 2966 1806 de
3007 1767 3074 1806 eo
3112 1753 3481 1824 consignetnr.

230 1839 460 1894 δεικνύει
486 1839 584 1910 τὴν
610 1837 702 1890 ἐπὶ
722 1835 800 1906 τῷ
823 1834 1113 1906 προδρόμῳ
1135 1835 1410 1906 διάληψιν,
1438 1835 1526 1887 ἵνα
1551 1835 1810 1906 φαίνηται

1926 1861 1939 1896 ι
1971 1842 2066 1898 llic
2100 1845 2244 1898 enim
2288 1850 2392 1909 est,
2426 1841 2622 1911 inquit,
2660 1843 2726 1894 de
2751 1855 2860 1910 quo
2899 1841 3160 1910 scriptum
3195 1851 3314 1896 est:
3346 1843 3486 1897 Ecce

234 1932 479 2004 κηρύξας
509 1929 716 1999 ἀληθῆ·
752 1930 846 1982 καὶ⁵
879 1929 1147 1999 μαρτυρεῖ
1177 1927 1276 1995 μὲν
1311 1927 1472 1990 αὐτὸς
1504 1929 1582 1991 εἰς
1613 1927 1814 1999 ὑψηλὸν

232 2023 523 2092 ἀναφέρων
563 2021 798 2089 ἀξίωμα,
835 2021 928 2073 καὶ
972 2017 1326 2089 προφητικῶν
1368 2017 1685 2083 ἐξάλλεσθαι
1727 2021 1817 2073 τό·

234 2132 355 2166 πων
381 2114 474 2165 τὸν
499 2111 668 2182 ἄνδρα
687 2111 1184 2182 διαϐεϐαιούμενος.
1208 2111 1547 2182 Παρατίθησι
1576 2111 1633 2164 δὲ
1657 2112 1816 2174 εὐθὺς

234 2205 312 2266 ὡς
349 2207 461 2268 τοῖς
492 2202 686 2257 ἑαυτοῦ
725 2199 907 2270 λόγοις
948 2204 1184 2256 ἐποιεῖτο
1224 2203 1439 2270 γείτονα
1466 2201 1562 2255 τοῦ
1605 2201 1818 2274 Πατρύς

235 2297 335 2366 τὴν
378 2296 581 2367 φωνὴν,
609 2298 697 2349 ἵνα
722 2295 922 2366 τρόπον
949 2295 1072 2348 τινά
1103 2296 1196 2349 καὶ
1241 2296 1305 2348 ὲκ
1333 2293 1558 2363 νομικοῦ
1598 2293 1820 2348 δικαιώ-

239 2406 409 2459 ματος
440 2391 474 2456 ὴ
515 2388 600 2442 ἐπ’
627 2387 774 2457 αὐτῷ
822 2385 1098 2457 μαρτυρία
1163 2385 1550 2455 σφραγίζηται.
1602 2404 1620 2435 ι
1650 2379 1819 2448 Οὗτος

237 2481 347 2549 γάρ
370 2480 509 2542 ἐστι,
541 2477 704 2547 φησὶ,
737 2476 866 2546 περὶ
895 2471 957 2530 οῦ
991 2475 1330 2548 γέγραπται·
1370 2473 1501 2526 Ἰδοὺ
1539 2472 1649 2541 ἐγὼ
1681 2473 1820 2526 ἀπο-ι

240 2569 444 2626 στέλλω
469 2568 559 2621 τὸν
586 2566 816 2638 ἄγγελόν
845 2583 950 2634 μου
980 2566 1086 2639 πρὸ
1114 2563 1407 2639 προσώπου
1436 2580 1554 2628 σευ,
1580 2563 1637 2627 ὃς
1661 2579 1823 2618 κατα·

241 2659 498 2716 σκευάσει
543 2660 642 2733 τὴν
687 2660 807 2713 ὀδόν
863 2676 958 2713 σου
1013 2657 1322 2731 ἔμπροσθέν
1373 2675 1490 2712 σου.
1518 2679 1537 2710 ι
1591 2653 1723 2712 Εἶτα
1768 2657 1822 2710 τί

241 2766 410 2822 φησιν
435 2751 528 2804 ἐπὶ
552 2749 763 2812 τούτοις
788 2749 918 2819 περὶ
943 2748 1105 2802 αὐτοῦ
1128 2766 1142 2814 ;
1177 2750 1349 2820 ’Ᾱμὴν
1375 2749 1518 2818 λέγω
1545 2751 1696 2821 ὑμῖν,
1723 2749 1824 2802 οὐκ

242 2844 541 2912 ιγήγερται
586 2843 643 2894 tv
686 2844 965 2910 γεννητοῖς
1008 2841 1284 2909 γυναικῶν
1330 2841 1532 2912 μείζων
1577 2841 1824 2895 Ἰωάννου

241 2933 339 2987 τοῦ
370 2932 697 2999 Βαπτιστοῦ,
720 2937 749 2987 ό
783 2930 840 2986 δὲ
870 2932 1193 3005 μικρότερος
1221 2937 1278 2987 tv
1305 2936 1372 3004 τῇ
1422 2932 1672 3004 βασιλείᾳ
1716 2933 1826 2986 τῶν

241 3029 511 3102 οὐρανῶν,
546 3027 748 3099 μείζων
798 3026 963 3080 αὐτοῦ
1013 3029 1181 3080 ἐστιν.
1207 3045 1225 3075 ι
1264 3027 1407 3098 Ὂρα
1443 3025 1508 3098 δὴ
1559 3026 1721 3079 πάλιν
1768 3028 1828 3079 tv

243 3121 453 3185 τούτοις
502 3121 634 3192 ὅσην
681 3120 976 3189 ἐποιήσατο
1031 3119 1128 3189 τὴν
1179 3117 1490 3188 οἰκονομίαν
1537 3118 1565 3168 ό
1612 3115 1826 3188 Σωτήρ.

1913 1955 2015 2008 ego
2045 1939 2254 1993 mittam
2295 1937 2546 2008 angelum
2577 1951 2754 1992 meum
2800 1947 2926 1991 ante
2969 1935 3164 1991 faciem
3192 1947 3358 2004 tuam,
3391 1942 3483 2007 qui

1917 2031 2128 2103 parabit
2167 2031 2310 2085 viam
2356 2039 2502 2084 tuam
2550 2039 2678 2085 ante
2710 2041 2780 2083 te.
2818 2046 2836 2081 ι
2882 2029 3019 2095 Quid
3053 2045 3183 2084 vero
3221 2040 3485 2098 presteres

1917 2125 1982 2179 de
2012 2138 2082 2178 eo
2115 2122 2460 2194 praedicant
2487 2123 2659 2176 Amen
2710 2122 2832 2176 dico
2879 2120 3053 2184 vobis,
3100 2137 3204 2174 non
3248 2123 3488 2177 surrexit

1918 2211 2063 2266 inter
2105 2220 2262 2266 natos
2301 2210 2586 2265 mulierum
2636 2210 2806 2277 major
2843 2208 3050 2264 Joanne
3079 2209 3352 2278 Baptista;
3387 2213 3489 2266 mi-

1918 2318 2020 2359 nor
2049 2313 2232 2358 autem
2277 2303 2330 2358 in
2381 2318 2547 2372 regno
2579 2301 2839 2358 caelorum
2886 2302 3060 2371 major
3097 2316 3163 2357 eo
3195 2314 3297 2361 est.
3334 2325 3354 2356 ι
3391 2305 3488 2359 ﬂlc

1920 2391 2042 2446 vide
2081 2406 2267 2445 rursus
2308 2401 2509 2461 quanta
2559 2393 2862 2445 meonemia
2917 2407 3048 2447 usus
3089 2394 3163 2448 sit
3206 2393 3487 2449 Servatur.

1920 2479 2194 2536 Prolixum
2225 2482 2371 2536 enim
2404 2481 2471 2537 de
2509 2479 2750 2553 Baptista
2785 2482 2974 2536 habuit
3006 2498 3334 2539 sermonem.
3371 2483 3494 2554 Opi-

1923 2575 2138 2630 nionem
2175 2575 2319 2630 euim
2351 2589 2490 2644 quae,
2519 2583 2579 2628 ιιι
2610 2575 2906 2629 verisimile
2938 2585 3044 2638 est,
3073 2574 3245 2630 fraudi
3279 2576 3377 2646 ipsi
3410 2577 3494 2630 fn—

1925 2677 2044 2721 tura
2090 2676 2228 2730 erat,
2284 2665 2496 2735 repulit.
2537 2665 2784 2737 Cumque
2823 2665 2970 2721 illum
3021 2666 3223 2734 aliquid
3263 2668 3496 2737 amplius

1924 2771 2090 2826 quam
2118 2733 2436 2826 prophetam
2479 2757 2679 2811 habere
2696 2733 2952 2818 ﬁdisisset,
3001 2733 3370 2812 admiratione
3409 2770 3494 2810 st-

1925 2861 2033 2915 que
2087 2861 2274 2901 amore
2323 2847 2544 2915 dignum
2597 2847 2934 2902 auditoribus
2976 2848 3234 2904 ostendit.
3295 2848 3498 2904 Deinde

1929 2935 2088 3007 105
2118 2952 2224 2991 non
2263 2937 2567 2992 surrexisse
2597 2939 2770 3010 inquit
2802 2953 2834 2991 e
2864 2938 3006 2993 natis
3051 2939 3339 2994 mulierum
3384 2955 3497 2995 ma-

1922 3030 2120 3100 jorem.
2165 3028 2298 3084 Cum
2348 3029 2513 3099 igitur
2565 3029 2716 3084 illum
2748 3031 2908 3084 veluti
2947 3030 3236 3098 imaginem
3271 3047 3501 3087 summas

1931 3119 2169 3183 virtutis,
2198 3134 2318 3189 quae
2347 3121 2398 3173 in
2423 3132 2581 3174 natos
2604 3133 2635 3173 e
2664 3120 2980 3174 mulieribus
3009 3123 3248 3186 caderet,
3281 3123 3503 3176 statuis-

247 3215 425 3278 Πολὺς
464 3213 612 3283 αὐτῷ
647 3213 742 3266 καὶ
781 3211 990 3285 μακρὸς
1021 3211 1149 3281 περὶ
1182 3209 1279 3264 τοῦ
1318 3209 1474 3277 ἁγίου
1525 3207 1823 3262 Βαπτιστοῦ

1932 3220 2036 3278 set,
2076 3209 2250 3279 majus
2279 3211 2476 3263 bonum
2523 3211 2768 3278 opponit,
2801 3211 2902 3263 hoc
2934 3219 3040 3273 est,
3071 3211 3162 3280 qui
3201 3226 3390 3265 recens
3415 3228 3500 3265 re-

247 3307 529 3377 κεκίνηται
557 3305 732 3374 λόγος.
769 3304 881 3374 Τὴν
914 3304 1012 3372 μὲν
1045 3301 1172 3372 γὰρ,
1197 3300 1320 3355 ὅθεν
1358 3297 1426 3371 ἦν
1457 3301 1604 3363 εἰκὸς
1641 3300 1830 3368 ἀδικη-

248 3380 511 3471 Θήσεσοαί
541 3413 656 3460 πως
696 3395 880 3459 αὐτὸν,
923 3391 1301 3464 ἀπεκρούσατο
1335 3391 1514 3457 δόξαν.
1544 3392 1830 3462 Προφήτου

248 3493 307 3545 δέ
347 3509 402 3544 τι
446 3489 606 3544 πλέον
656 3486 800 3558 ἔχειν
849 3484 1042 3550 εἰπὼν,
1090 3481 1528 3554 ἀξιοθαύμαστον
1592 3481 1692 3552 ἥδη
1738 3482 1833 3534 καὶ

250 3582 698 3655 ἁξιεραστότατον
715 3580 826 3641 τοῖς
847 3575 1216 3646 ἀκροωμένοις
1235 3574 1526 3628 ἐδείκνυεν.
1547 3569 1678 3626 Εἶτα
1697 3571 1833 3642 πρὸς

253 3676 466 3740 τούτοις
494 3677 595 3728 οὐκ
626 3672 920 3744 ὲγηγέρθαι
950 3667 1115 3738 φησὶν
1149 3669 1207 3721 tv
1245 3667 1523 3737 γεννητοῖς
1561 3662 1834 3733 γυναικῶν

257 3769 502 3840 μείζονα.
525 3764 724 3818 Εἱκόνα
749 3759 1037 3834 τοιγαροῦν
1064 3759 1254 3829 ὥσπερ
1282 3758 1445 3813 αὐτὸν
1477 3757 1700 3820 ἀναθεὶς
1731 3755 1834 3826 τῆς

254 3859 482 3930 ἐνούσης
530 3855 732 3928 ἀρετῆς
771 3855 830 3908 tv
866 3855 1146 3923 γεννητοῖς
1191 3849 1464 3920 γυναικῶν
1497 3850 1726 3918 ἔχουσαν
1773 3846 1837 3900 τὸ

252 3949 581 4019 ἀκρότατον,
633 3941 1126 4014 ἀντιπαρατίθησιν
1177 3941 1238 3994 τὸ
1304 3939 1564 4011 μειζόνως
1611 3936 1833 4006 ἀγαθὸν,

253 4040 526 4102 τουτέστι,
566 4038 660 4090 τὸν
697 4036 823 4106 ἀρτι
853 4037 956 4107 τῆς
987 4032 1264 4104 βασιλείας
1303 4031 1604 4102 ἁψάμενον,
1636 4030 1730 4084 καὶ
1759 4031 1837 4093 είς

254 4131 376 4183 υίδν
415 4127 848 4197 ἀναγεννηθέντα
877 4124 1014 4179 Θεοῦ
1044 4125 1131 4179 διὰ
1161 4123 1256 4177 τοῦ
1288 4121 1630 4192 Πνεύματος·
1669 4122 1735 4174 ἶν’
1778 4121 1836 4186 ἐξ

252 4217 335 4274 ὢν
370 4221 574 4282 ἐκεῖνος
616 4217 677 4271 τὸ
707 4217 925 4271 ἔλαττον
965 4216 1105 4287 ἔχων
1135 4213 1507 4285 θαυμάζεται,
1548 4211 1838 4279 ἀξιολογώ-

255 4330 412 4366 τατοι
448 4309 722 4380 φαίνοιντο
753 4311 851 4378 τῆς
885 4307 1160 4378 βασιλείας
1197 4309 1245 4360 οἱ
1293 4305 1528 4376 μέτοχοι,
1576 4301 1840 4375 βαδίζοιεν

253 4402 314 4454 δὲ
349 4399 644 4474 προθύμως
673 4397 817 4460 τινὲς
862 4397 955 4449 ἐπὶ
990 4396 1053 4449 τὸ
1097 4394 1362 4467 ἀρπάζειν
1404 4394 1595 4464 αὐτὴν,
1642 4395 1706 4447 ἐκ
1743 4395 1842 4464 τῆς

269 4493 522 4546 Ἰωάννου
553 4489 723 4561 τιμῆς
747 4489 809 4542 τὸ
837 4489 1144 4559 ὑπερφέρον
1177 4485 1350 4556 αὐτῆς
1375 4485 1840 4558 ἀναμετρούμενοι

1931 3318 2094 3371 gnum
2129 3302 2388 3357 caelorum
2437 3312 2764 3356 consecutura
2793 3313 2956 3363 esset,
3008 3312 3061 3356 et
3105 3304 3156 3356 in
3203 3303 3369 3358 lilium
3407 3302 3502 3360 Dei

1935 3405 2285 3464 regeneratus
2317 3408 2412 3462 per
2441 3393 2724 3462 Spiritum,
2779 3403 2835 3446 ut
2863 3410 2924 3446 ex
2961 3395 3158 3463 quibus
3195 3394 3283 3451 ille
3324 3397 3502 3451 minus

1934 3486 2162 3548 habens,
2195 3484 2535 3538 admirationi
2567 3494 2732 3548 esset,
2764 3483 2912 3553 regni
2948 3484 3234 3554 participes
3267 3485 3502 3540 admira-

1935 3577 2084 3630 tione
2111 3574 2417 3643 dignissimi
2449 3574 2756 3637 videaulur,
2803 3586 2969 3643 utque
3017 3575 3108 3629 alii
3141 3576 3396 3631 alacriter
3435 3576 3506 3633 ad

1933 3667 2328 3737 capessendum
2373 3665 2504 3719 illud
2553 3665 2910 3729 contendant,
2968 3679 3034 3719 ex
3072 3663 3296 3722 Joannis
3333 3667 3504 3736 gloria

1936 3759 2254 3813 immensam
2309 3757 2450 3811 illius
2495 3756 2956 3824 pulchritudinem
3005 3758 3357 3813 aestimantes.
3403 3757 3506 3812 Ne-

1933 3865 2040 3920 que
2065 3849 2209 3904 enim
2232 3849 2327 3918 qui
2351 3864 2476 3902 cum
2499 3863 2666 3918 parva
2693 3863 2750 3903 re
2783 3850 3086 3914 contendit,
3118 3864 3366 3921 ruaguam
3391 3851 3508 3920 glu-

1939 3936 2074 3990 riam
2101 3936 2357 4006 consequi
2381 3946 2582 4006 potest,
2607 3938 2701 3991 sed
2731 3936 2776 3991 si
2803 3953 2926 3990 cum
2957 3953 3152 4007 ritagno
3171 3938 3506 4006 conferatur,

1937 4025 2141 4090 majore
2197 4041 2448 4081 mensura
2495 4026 2676 4080 vincit.
2726 4025 2969 4095 Regnum
3018 4037 3198 4081 autem
3243 4029 3507 4084 ctelorum

1938 4116 2174 4186 Spiritus
2222 4119 2423 4171 donum
2473 4131 2600 4171 esse
2633 4116 2884 4183 dicimus,
2913 4116 3065 4185 juxta
3130 4118 3256 4172 illud
3303 4119 3509 4174 Christi

1937 4209 2139 4264 dictum
2174 4227 2187 4263 :
2221 4225 2241 4260 ι
2275 4206 2520 4276 Regnum
2551 4208 2812 4263 ccelorum
2850 4209 2990 4265 intra
3015 4225 3114 4264 vos
3142 4221 3228 4263 est
3246 4210 3310 4262 “.
3343 4229 3362 4263 ι
3395 4211 3508 4264 Ma-

1933 4300 2022 4370 jor
2052 4301 2234 4370 itaque
2259 4299 2512 4354 erunibus
2543 4301 2686 4353 uatis
2708 4315 2738 4353 e
2769 4301 2994 4355 muliere
3019 4311 3121 4365 est,
3144 4302 3234 4372 qui
3267 4317 3361 4370 per
3389 4303 3513 4370 Spi-

1944 4389 2105 4444 ritum
2152 4398 2502 4458 regeneratus
2542 4397 2646 4442 est.
2697 4387 2775 4440 Illi
2807 4389 2951 4442 enim
2994 4391 3166 4444 adlmc
3205 4391 3296 4446 lilii
3331 4392 3514 4446 carnis

1944 4477 2308 4549 appellantur;
2360 4478 2411 4531 hi
2451 4493 2578 4531 vero
2608 4476 2774 4532 Deum
2806 4481 2968 4532 totius
3011 4480 3248 4535 universi
3297 4480 3510 4536 Patrem

256 4583 479 4646 κάλλος.
505 4583 581 4634 Οὐ
617 4583 726 4652 γάρ
763 4582 825 4633 τὸ
879 4578 1060 4650 μικρῷ
1096 4595 1204 4631 τινι
1255 4576 1590 4646 φιλονεικοῦν
1631 4578 1710 4640 είς
1741 4593 1823 4629 πο·

1951 4578 2236 4632 vocantes,
2270 4578 2327 4620 ut
2353 4566 2449 4622 ﬁlii
2490 4583 2614 4620 eum
2643 4567 2916 4633 invocant,
2959 4571 3201 4644 dicentes
3233 4589 3247 4625 :
3285 4591 3303 4623 ι
3337 4572 3512 4638 Abba,

259 4675 485 4743 σότητα,
511 4673 614 4743 τὴν
645 4672 739 4726 τοῦ
782 4671 1016 4742 μεγάλου
1047 4670 1203 4735 δόξαν
1230 4670 1535 4734 ἀποίσεται,
1564 4670 1677 4724 ἀλλ’
1699 4671 1753 4723 εί
1780 4687 1836 4723 τι

258 4764 401 4836 πρὸς
437 4763 579 4835 μέγα
624 4762 723 4835 τὴν
753 4763 1040 4832 σύγκρισιν
1087 4761 1230 4833 ἔχοι,
1272 4760 1351 4832 τῷ
1397 4761 1601 4815 πλείονι
1650 4761 1836 4831 μέτρῳ

257 4857 388 4926 νικᾷ
413 4854 506 4907 καλ⁸
528 4855 922 4922 ὐπερτείνεται.
951 4853 1234 4907 Βασιλείαν
1255 4853 1310 4907 δὲ
1342 4852 1588 4924 οὐρανῶν
1611 4853 1710 4922 τὴν
1737 4849 1832 4904 τοῦ

258 4947 580 5016 Πνεύματος
626 4949 773 5001 δόσιν
815 4943 956 5000 εἷναί
1009 4963 1209 5016 φαμεν,
1256 4945 1397 4998 κατά
1440 4945 1501 4998 τὸ
1549 4943 1834 5015 είρημένον

256 5039 419 5109 παρά
464 5038 731 5110 Χριστοῦο
771 5057 790 5090 ι
830 5038 896 5090 Ἢ
945 5036 1190 5107 βασιλεία
1234 5035 1344 5088 τῶν
1398 5034 1644 5107 οὐρανῶν
1688 5033 1837 5096 ἐντὸς

257 5127 419 5198 ὐμῶν
463 5129 598 5181 ἐστι.
624 5147 643 5179 ι
684 5127 900 5191 Μεξζων
937 5122 1030 5180 οῦν
1070 5125 1178 5193 ἀρα
1209 5125 1407 5189 παντὸς
1439 5121 1700 5195 γεννητοῦ
1741 5140 1840 5192 γυο

254 5221 449 5282 ναικὸς
469 5223 498 5274 ὁ
523 5223 590 5296 τῇ
615 5221 709 5273 τοῦ
738 5218 877 5274 Πνεύ
885 5234 1054 5290 ματος
1073 5217 1429 5288 ἀναγεννήσει
1457 5215 1835 5286 τετιμημένος.

255 5311 326 5360 Ui
363 5309 462 5379 μὲν
487 5297 596 5380 γὰρ
639 5308 718 5361 tu
759 5307 925 5361 τέκνα
958 5305 1247 5360 καλοῦνται
1293 5304 1518 5375 σαρκὸς,
1545 5305 1596 5357 ot
1636 5303 1692 5358 δὲ
1722 5305 1839 5357 Πα-

251 5397 397 5468 τέρα
446 5396 538 5450 τδν
573 5395 684 5449 τῶν
739 5394 877 5449 ὅλων
927 5394 1358 5468 ἐπιγραφόμενοι
1409 5393 1563 5456 Θεὸν,
1613 5392 1689 5454 ὼς
1729 5393 1838 5444 υἱοὶ

254 5487 674 5559 προσεύχονται,
701 5487 950 5550 λέγοντες
969 5503 984 5518 ·
1017 5503 1037 5539 ι
1069 5484 1261 5550 Ἄσσα,
1290 5486 1319 5538 ό
1346 5485 1589 5556 Πατήρ.ι
1622 5482 1836 5538 Οὐκοῦν

252 5579 306 5630 εί
347 5577 441 5631 καὶ
468 5576 772 5648 ὲνυπάρχη,
799 5576 954 5647 φησὶ,
1000 5573 1242 5646 γεννητῷ
1268 5573 1524 5644 γυναικὸς
1551 5572 1614 5625 τὸ
1654 5574 1712 5626 tv
1742 5573 1836 5644 έρ-

1945 4657 2196 4713 Pater“.
2225 4676 2244 4709 ι
2289 4657 2552 4724 Quocirca
2593 4660 2807 4714 tametsi
2857 4658 3131 4730 Baptistae,
3185 4676 3244 4716 nt
3292 4679 3361 4719 ex
3404 4679 3514 4718 mu~

1943 4749 2080 4804 liere
2119 4757 2272 4814 nato,
2301 4763 2511 4802 summa
2541 4763 2762 4817 Operum
2797 4753 3108 4819 praestantia
3140 4753 3306 4809 insit:
3339 4755 3514 4824 major

1945 4853 2124 4895 tamen
2172 4854 2238 4894 eo
2285 4840 2391 4893 erit
2441 4841 2532 4908 qui
2584 4840 2651 4893 ad
2696 4856 2918 4910 regnum
2970 4843 3232 4898 ctelorum
3290 4856 3514 4902 vocatus

1945 4934 2144 4999 fuerit;
2180 4931 2304 5001 quia
2337 4946 2442 4986 non
2477 4933 2710 5001 amplius
2751 4935 3036 4988 vocabitur
3070 4935 3212 4990 iilius
3248 4937 3512 5002 mulieris,

1945 5023 2040 5078 sed
2067 5021 2264 5075 divina:
2291 5032 2496 5075 natura:
2527 5021 2802 5092 particeps
2825 5024 2916 5078 list
2937 5024 3006 5088 “,
3035 5033 3089 5078 et
3119 5026 3260 5080 lilius
3292 5027 3387 5082 Dei
3416 5043 3514 5080 vo-

1947 5114 2163 5168 cabitur
2183 5113 2231 5144 “
2255 5128 2270 5166 :
2298 5112 2514 5167 tametsi
2543 5115 2720 5168 minor
2742 5115 2812 5170 sit
2833 5115 2899 5170 iis
2920 5117 3012 5186 qui
3043 5118 3365 5187 perfectiora
3390 5131 3517 5174 sunt

1949 5203 2157 5268 habitu,
2205 5211 2262 5256 et
2290 5203 2517 5271 pusillus
2564 5204 2746 5261 iui‘ans
2795 5207 2969 5261 adimo
3016 5222 3311 5277 recensque
3357 5219 3516 5265 natus

1946 5296 2212 5352 videatur.
2245 5294 2383 5362 Quia
2409 5310 2540 5350 vero
2567 5297 2904 5366 regeneratio
2932 5313 3030 5368 per
3062 5298 3322 5368 Spiritum
3350 5299 3517 5354 Joan-

1949 5388 2035 5444 nis
2060 5396 2115 5443 et
2150 5387 2394 5443 omnium
2424 5387 2517 5456 qui
2554 5403 2620 5443 ex
2665 5389 2981 5446 mulieribus
3022 5391 3137 5446 uati
3177 5401 3301 5446 sunt
3329 5391 3515 5448 condi-

1953 5481 2155 5536 tionem
2189 5478 2373 5534 multis
2400 5479 2799 5538 intervallis-sit
2821 5495 3168 5553 superatura,
3193 5499 3299 5541 non
3328 5495 3515 5546 estra-

1949 5585 2086 5626 ueus
2124 5570 2283 5626 nobis
2310 5567 2637 5640 quaerendus
2665 5582 2747 5630 est
2790 5566 3096 5636 μέμικται
3123 5569 3366 5630 Joannes
3399 5575 3516 5635 inse

340 5753 380 5787 ⁸³
417 5753 550 5810 Luc.
582 5771 715 5820 ιιι-ιι,
743 5755 836 5811 2i.
913 5756 958 5787 “
988 5755 1143 5809 liom.
1179 5768 1293 5817 rut,
1335 5752 1420 5806 l5.
1497 5751 1544 5783 "
1571 5749 1611 5804 ll
1651 5748 1798 5805 Petr.

1926 5750 1959 5804 ι.
2035 5751 2080 5781 ⁶⁶
2108 5747 2126 5803 l
2154 5749 2314 5808 Joan.
2345 5764 2429 5812 ιιι,
