3882 6210
251 312 353 368 I77

752 438 1120 527 ΛΟΓΟΣ
1195 444 1297 526 lB
1321 504 1344 522 .

249 617 356 682 Εἰς
384 615 468 680 τὸ,
498 634 517 666 ι
551 617 690 689 Ἐγὼ
711 618 781 670 ἐν
803 617 885 683 τῷ
913 617 1113 686 Harp),
1141 619 1242 689 καὶ
1265 623 1298 672 ό
1326 620 1527 688 Πατὴρ
1550 619 1620 671 ἐν
1643 621 1796 689 ἐμοὶ,
1820 640 1837 674 ι

467 686 586 753 καὶ,
627 705 645 738 ι
683 689 824 758 Ἐγὼ
851 689 951 742 καὶ
981 693 1013 742 ό
1049 688 1252 758 Πατὴρ
1281 689 1351 742 ἓν
1373 686 1579 758 ἐσμὲν.
1607 711 1628 764 ι

530 822 850 890 Ἀντίθεσις
879 823 961 890 ὠς
996 823 1066 876 ἐκ
1104 822 1224 876 τῶν
1259 822 1589 891 αἱρετικῶν.

325 936 516 998 οὐδὲν,
546 938 700 1007 φασὶ,
728 937 1062 1006 Θαυμαστὸν,
1092 938 1141 990 εί
1169 938 1198 989 6
1231 938 1425 1008 Πατήρ
1452 939 1691 991 ἑστιν-ὲν·
1709 935 1848 1008 Titi),

250 1031 347 1080 καὶ
375 1031 404 1082 6
435 1029 564 1092 Υἱὸς
593 1030 650 1080 ὲν
686 1030 896 1099 Πατρὶ,
943 1030 1076 1083 ὅπου
1112 1029 1206 1083 καὶ
1251 1031 1380 1100 περὶ
1423 1030 1580 1100 ἡμῶν
1611 1030 1669 1084 αἱ
1709 1029 1848 1084 Θείαι

249 1119 473 1186 λέγουσι
501 1120 713 1191 Γραφαὶ
740 1121 822 1174 ὃτι
853 1139 870 1171 ι
896 1121 984 1174 Ἐν
1011 1121 1164 1192 αὐτῷ
1192 1120 1375 1191 ζῶμεν
1401 1123 1496 1174 καὶ
1525 1121 1847 1191 κινούμεθα,

251 1210 349 1261 καὶ
384 1211 575 1279 ἐσμέν.
602 1229 620 1262 ι
657 1212 869 1284 Ὠσπερ
897 1209 991 1266 οὖν
1020 1213 1119 1266 καὶ
1159 1214 1320 1284 ἡμεῖς
1360 1215 1419 1267 ὲν
1454 1215 1605 1286 αὺτῷ
1643 1211 1850 1285 ζῶμεν,

251 1302 349 1354 καὶ
395 1301 717 1372 κινούμεθα,
760 1304 856 1358 καὶ
897 1303 1088 1372 ἐσμὲν,
1131 1303 1386 1378 καθάπερ
1416 1305 1664 1375 εἴρηται,
1709 1303 1851 1356 οὕτω

255 1393 354 1445 καὶ
381 1394 410 1444 6
439 1393 568 1456 Υἱός
597 1395 746 1447 ἐστιν
775 1395 834 1448 ἐν
861 1394 1058 1464 Πατρί.
1099 1393 1222 1456 Πῶς
1251 1393 1366 1466 γὰρ
1388 1390 1501 1448 οἶόν
1534 1411 1595 1446 τε
1629 1391 1854 1464 μείζονα

251 1486 388 1538 ὄντα
423 1485 516 1539 τοῦ
551 1486 678 1540 Υἰοῦ
717 1491 915 1558 χωρεῖν
943 1489 1000 1540 ὲν
1033 1486 1185 1557 αὗτῷ
1212 1487 1304 1540 τὸν
1344 1485 1698 1556 Πατέρα;,Ἢ
1733 1484 1850 1548 πῶς

255 1585 400 1637 κατά
428 1585 564 1640 πολὺ
589 1586 685 1640 τοῦ
723 1587 936 1657 [ἰατρὸς
966 1585 1358 1657 ἐλαττούμενος
1383 1587 1587 1650 ὁιΥἱδς,
1617 1588 1685 1639 ὲν.
1703 1583 1854 1655 αὐτῷ

253 1679 508 1748 χωρῆσαι
533 1679 818 1752 δυνήσεται
848 1683 943 1735 καὶ
974 1680 1262 1752 πληρῶσαι
1294 1682 1354 1736 τό
1387 1681 1574 1753 μεῖζον
1593 1697 1625 1746 ;.

755 1792 911 1861 Πρὸς
942 1793 1118 1849 τοῦτο
1153 1793 1356 1861 λύσις.

333 1900 393 1952 Εἰ
412 1901 662 1973 καθάπερ
688 1901 847 1972 σῶμα
871 1904 929 1955 ὲν
953 1901 1166 1974 σώματι
1193 1907 1392 1976 χωρεῖν
1412 1905 1588 1959 οἴεσθε
1613 1905 1704 1959 τὸν
1727 1905 1862 1960 Υίὸν
1936 1917 1940 1920 ’

255 1993 320 2044 ὲν
355 1993 553 2063 Πατρὶ,
581 1994 808 2056 είκότως
838 1994 924 2055 ἂν,
969 1989 1148 2066 οἶμαι,
1179 1995 1276 2049 καὶ
1310 1994 1493 2068 ζητεῖν
1521 1997 1730 2051 ἕλοισθε
1761 1998 1862 2050 τὸν

255 2087 339 2148 εἰς
374 2085 636 2154 ἀλλήλους
677 2085 1142 2158 ἀντεμϐιδασμόν.
1180 2089 1304 2142 Ἐπὶ
1348 2089 1587 2160 μὲνγὰρ
1627 2089 1857 2154 σκεύους

253 2177 580 2247 όστρακίνου
608 2177 769 2248 τυχὸν
800 2179 833 2250 ἢ
867 2178 924 2246 ἐξ
955 2179 1149 2252 ἑτέρας
1178 2180 1324 2244 τινος
1354 2180 1503 2251 ὕλης.
1522 2199 1857 2236 κατεσκευα-

260 2270 486 2338 σμένου,
513 2271 614 2323 οὐκ
641 2270 888 2339 ἄκομψον
922 2271 1052 2334 ἴσως
1082 2271 1143 2325 τὸ
1174 2271 1356 2340 λέγειν
1386 2273 1467 2345 μὴ
1495 2273 1754 2327 δύνασθαι
1796 2274 1857 2328 τὸ

260 2358 448 2426 μεῖξον
514 2356 594 2427 τῷ
651 2359 897 2412 ἐλάττονι
949 2361 1204 2428 γενέσθαι
1266 2363 1551 2435 χωρητὸν,
1617 2365 1740 2436 μηδ’
1784 2359 1854 2418 αὖ

258 2450 424 2502 πάλιν
449 2449 513 2503 τὸ
542 2450 761 2505 ἔλαττον
798 2453 1148 2524 ἀναπληροῦν
1176 2455 1237 2508 το
1269 2457 1493 2526 μεῖζον..
1511 2457 1634 2511 Ἐπὶ
1659 2458 1725 2510 δὲ.
1748 2457 1858 2511 τῶν

257 2542 590 2612 ἀσωμάτων,
630 2543 724 2596 καὶ
769 2537 846 2596 ὧν
880 2547 913 2606 ἡ
963 2544 1125 2614 φύσις
1160 2546 1222 2600 τὺ
1255 2546 1328 2600 ἔκ
1355 2565 1502 2612 τινος
1549 2548 1682 2621 ὕλης
1718 2547 1865 2603 εἶναι

256 2633 622 2704 διαπέφευγε,
666 2638 818 2689 ποῖον
853 2636 920 2690 ἂν
960 2636 1074 2707 ἔχει
1119 2637 1292 2706 λόγον-ι
1319 2641 1374 2710 ὴ,
1407 2641 1710 2711 πρότασις;
1747 2643 1857 2696 Καὶ

256 2727 437 2782 ταῦτα
471 2744 652 2798 φαμεν
693 2729 769 2792 ὡς
797 2729 935 2801 πρὸς
965 2730 1026 2784 τὸ
1057 2733 1352 2802 παρὸν,.τδ“
1385 2735 1517 2806 παρῗ-
1542 2735 1672 2800 ὑμῖν
1709 2738 1864 2806 ἀμαο

259 2819 372 2884 θῶς
398 2820 791 2890 ὑπονοούμενον
832 2824 1309 2894 συγχωρήσαντες,
1338 2827 1433 2879 καὶ
1462 2827 1715 2901 καθάπερ
1755 2830 1856 2883 αύ-

259 2914 348 2965 τοὶ
413 2912 762 2983 πλανώμενοι
804 2915 1247 2980 πεπιστεύκατε,
1280 2917 1510 2988 μείζονα
1573 2921 1683 2974 τοῦι
1721 2921 1856 2976 Υίοῦ

259 3001 406 3058 εἶναι
438 3005 620 3074 λέγειν
654 3005 745 3058 τὸν
769 3006 1008 3077 Πατέρα*
1039 3009 1068 3061 6
1097 3008 1154 3062 δὲ
1176 3011 1276 3080 τῆς
1299 3010 1556 3081 ἀληθείας
1577 3013 1738 3082 λόγος
1757 3016 1860 3088 οὐκ

258 3097 436 3159 οὕτως
465 3097 596 3166 ἔχει.
629 3099 787 3151 Ἐστι
825 3098 930 3172 γὰρ
963 3100 1076 3162 ῐσος
1118 3101 1198 3171 τῷ
1245 3103 1422 3174 [πατρὶ
1461 3105 1603 3159 κατὰ
1645 3107 1847 3162 πάντα.

1676 313 2114 373 TIlESAURUS.

1871 455 1912 508 Α

3425 317 3537 376 4ἶὸ

2300 449 2878 544 ASSERTIO
2953 455 3185 542 ΧΗ.

1949 625 2008 678 In
2059 624 2236 680 illud:
2275 644 2306 696 ι
2331 623 2442 694 Ego
2481 627 2536 680 in
2579 625 2764 689 Patre,
2812 637 2861 681 et
2893 625 3061 682 Pater
3106 628 3164 681 in
3207 645 3287 682 me
3305 628 3372 696 “';
3411 641 3562 695 rer”

2235 715 2252 747 ι
2286 695 2396 768 Ego
2428 708 2476 752 et
2515 698 2678 752 Pater
2716 716 2877 752 unum
2919 699 3194 753 sumus".
3227 719 3250 751 ›

2393 830 2638 903 Objectio
2683 833 3079 888 hazreticorum.

2019 942 2161 998 Nihil
2195 945 2390 1000 mirum
2435 955 2540 1012 est,
2577 947 2851 1017 inquiunt,
2896 946 2942 1002 si
2974 945 3137 1002 Pater
3166 959 3250 1002 est
3291 948 3340 1002 in
3373 946 3546 1012 Filio,

1948 1047 2001 1091 et
2035 1037 2204 1092 Filius
2250 1037 2302 1092 in
2343 1032 2532 1106 Patre,
2587 1055 2710 1095 cmn
2762 1043 2828 1096 de
2870 1041 3025 1096 nobis
3060 1041 3224 1096 etiam
3259 1041 3417 1112 10']
3450 1057 3558 1096 εει-ι

1949 1144 2056 1184 cra.-
2097 1129 2392 1200 Scriptura:
2440 1131 2644 1200 dicant,
2681 1134 2823 1201 quod
2857 1153 2876 1186 ι
2908 1134 2967 1187 ln
3016 1134 3133 1204 ipso
3185 1134 3443 1201 vivimus,
3482 1142 3542 1187 et

1950 1238 2270 1289 movemur,
2322 1234 2377 1278 et
2442 1240 2632 1279 sumus
2655 1226 2722 1282 ⁷³.
2755 1245 2773 1276 ι
2845 1225 3314 1291 Quemadmodum
3370 1229 3548 1298 igitur

1950 1315 2114 1368 etiam
2155 1331 2256 1370 nos
2288 1317 2341 1371 in
2387 1317 2503 1386 ipso
2524 1317 2780 1382 vivimus,
2815 1328 2870 1370 et
2903 1333 3205 1384 movemur,
3240 1330 3295 1374 et
3319 1337 3558 1386 sumus,..

1951 1407 2094 1461 sicut
2133 1407 2395 1477 scriptum
2433 1419 2535 1472 est,
2579 1410 2653 1463 ita
2686 1420 2741 1464 et
2783 1410 2956 1465 Filius
2988 1422 3072 1465 est
3107 1412 3160 1466 in
3193 1410 3374 1467 Patre.
3415 1412 3552 1479 ρων

1953 1505 2110 1564 pacto
2150 1497 2292 1550 enim
2319 1496 2436 1552 ﬂeri
2463 1508 2661 1567 potest,
2690 1507 2749 1552 ut
2793 1498 2952 1554 Pater
2987 1516 3107 1552 cum
3146 1500 3318 1567 major
3341 1500 3414 1555 sit
3445 1499 3538 1554 Fi-

1952 1586 2046 1651 lio,
2101 1585 2157 1641 in
2205 1602 2272 1641 eo
2306 1587 2702 1644 contineatur?
2744 1589 2852 1644 Aut
2899 1590 3169 1655 quomodo
3209 1588 3394 1654 Filius,
3426 1591 3549 1658 ’qui'

1953 1677 2124 1732 multo
2161 1678 2341 1734 minor
2368 1688 2475 1746 est,
2515 1678 2775 1748 majorem
2814 1679 3040 1748 implere
3069 1679 3239 1750 possit

2480 1791 2684 1848 Salutio
2713 1795 3040 1862 objectionis.

2028 1907 2086 1962 Si
2125 1918 2182 1963 ut
2209 1924 2409 1980 corpus
2455 1924 2685 1980 corpore
2736 1911 3070 1973 continetur,
3125 1909 3199 1963 ita
3243 1909 3436 1964 Filium
3485 1909 3539 1964 in

1960 1999 2120 2055 Patre
2145 1999 2412 2054 contineri
2444 2000 2797 2066 existimatis,
2828 2000 3023 2054 merito
3059 2000 3290 2055 fortasse
3317 2001 3543 2056 alterius

1957 2091 2010 2143 in
2060 2089 2234 2143 altero
2285 2088 2684 2160 impositionem
2750 2087 3030 2158 quaeratis.
3106 2086 3240 2141 Nam
3301 2087 3355 2141 in
3413 2102 3544 2143 vase

1958 2180 2201 2250 ﬁgulino,
2247 2190 2341 2236 aut
2380 2196 2449 2242 ex
2486 2181 2590 2236 alia
2636 2181 2818 2250 aliqua
2865 2181 3090 2235 materia
3128 2179 3387 2244 conﬂato,
3431 2196 3542 2238 non

1957 2276 2142 2343 int-pte
2196 2274 2480 2340 dixeritis,
2533 2274 2710 2340 majus
2759 2273 2812 2327 in
2861 2274 3072 2328 minore
3115 2273 3387 2329 contineri
3433 2289 3540 2327 non

1957 2381 2156 2435 posse:
2187 2381 2365 2437 neque
2404 2381 2595 2421 rursus
2619 2367 2799 2421 minus
2825 2381 2985 2434 posse
3033 2364 3258 2437 implere
3301 2363 3356 2422 id
3395 2367 3544 2434 quod

1959 2457 2132 2525 majus
2161 2469 2265 2513 est.
2312 2456 2371 2512 ln
2405 2457 2741 2528 incorporeis
2787 2472 2944 2522 vero,
2987 2465 3042 2512 et
3073 2473 3302 2527 quorum
3350 2467 3540 2511 natura

1955 2551 2136 2606 omnis
2157 2551 2400 2605 materia:
2420 2565 2615 2620 expers
2631 2559 2738 2614 est,
2757 2564 2917 2618 quem
2940 2548 3116 2604 locum
3140 2549 3340 2603 habeat
3364 2555 3544 2602 vestra

1957 2639 2481 2710 propositioiAtque
2504 2639 2620 2694 haec
2647 2639 2866 2708 quidem
2887 2637 2940 2692 in
2965 2637 3256 2708 praesentia
3287 2636 3543 2700 diximus.

1957 2732 2160 2803 aliquid
2203 2747 2235 2786 a
2290 2733 2445 2787 vobis
2495 2730 2744 2799 imperite
2793 2730 2999 2790 dictum
3047 2731 3430 2794 concedentes,
3490 2739 3549 2785 et

1957 2824 2412 2894 quemadmodum
2446 2838 2543 2880 vos
2567 2831 2816 2878 errantes
2839 2822 3172 2888 credidistis,
3201 2821 3418 2877 Patrem
3453 2821 3545 2880 Fi-

1958 2915 2036 2969 lio
2061 2912 2324 2982 majorem
2379 2915 2701 2977 dicendum;
2746 2913 2992 2968 veritatis
3039 2923 3221 2967 autem
3253 2913 3391 2966 ratio
3438 2929 3544 2966 non

1958 3005 2031 3059 ita
2059 3019 2118 3059 se
2143 3004 2307 3058 habet
2336 3021 2351 3058 :
2376 3013 2461 3059 est
2486 3004 2633 3058 enim
2657 3001 2885 3073 mqualis
2910 3001 3054 3056 Patri
3082 3017 3179 3069 per
3206 3002 3407 3056 omnia.
3437 3001 3544 3056 Sed

1961 3113 2137 3168 neque
2174 3111 2270 3150 vos
2299 3095 2565 3166 ejusmodi
2613 3097 2797 3150 verbis
2841 3110 3039 3149 usuros
3068 3095 3452 3158 existimarint,
3501 3097 3544 3148 si

260 3183 434 3256 Οἶμαι
478 3189 522 3241 δ’
559 3185 628 3245 αὖ
659 3192 760 3245 οὐκ
805 3191 872 3244 ἂν
918 3193 1064 3262 ὑμᾶς
1109 3193 1264 3258 ὃλωςι
1290 3195 1504 3261 τούτοις
1541 3198 1854 3269 χρήσασθαι

1965 3187 2335 3257 inlelligeretis
2357 3186 2486 3256 quid
2521 3185 2591 3240 sit
2613 3201 2772 3240 verus
2800 3186 2978 3250 Pater,
3016 3187 3142 3256 quid
3170 3202 3328 3241 verus
3353 3188 3545 3250 Filius,

258 3283 377 3344 τοῖς
403 3280 602 3350 λόγοις,
631 3283 788 3351 εἴπερ
813 3282 990 3353 ᾔδειτε
1024 3283 1077 3336 τί
1106 3285 1254 3338 ἐστιν
1285 3286 1540 3356 ἀληθινὸς
1581 3291 1610 3343 6
1640 3291 1863 3362 Πατὴρ,

261 3375 360 3426 καὶ
393 3373 644 3444 ἀληθινὸς
668 3377 697 3428 6
727 3375 878 3442 Υἱὸς,
910 3378 1004 3430 καὶ
1034 3379 1088 3430 τί
1123 3379 1239 3446 φῶς
1271 3380 1506 3451 ἀόρατον
1546 3382 1638 3436 καί
1663 3383 1853 3450 ἀΐδιον,

262 3467 364 3520 καὶ
410 3468 471 3520 τὸ
508 3467 853 3540 ἀπαύγασμα
896 3470 1085 3535 αὑτοῦ,
1130 3474 1226 3526 καὶ
1260 3473 1313 3526 τί
1345 3473 1507 3528 πάλιν
1537 3475 1685 3529 ἐστὶν
1718 3477 1860 3531 ἀσὼο

269 3577 438 3630 ματος
469 3561 766 3625 ὑπόστασις
783 3563 876 3616 καὶ
902 3564 1187 3636 χαρακτὴρ
1207 3566 1517 3637 ἀσώματος.
1541 3568 1604 3621 Ei
1626 3568 1735 3640 γὰρ
1757 3569 1857 3634 τὰς

264 3653 398 3724 περὶ
432 3653 542 3706 τῶν
585 3653 844 3707 τοιούτων
893 3659 1112 3726 μνήμας
1148 3658 1289 3711 κατὰ
1318 3658 1417 3728 τὴν
1446 3659 1648 3730 ἀκριϐῆ
1685 3663 1865 3715 κατάο

263 3741 429 3813 ληψιν
462 3745 542 3806 εἰς
574 3743 701 3796 νοῦν
750 3747 1072 3817 ὲμφορείτε,
1119 3749 1336 3811 πάντως
1378 3749 1444 3802 ἂν
1478 3751 1574 3804 καὶ
1618 3751 1718 3823 τὴν
1762 3753 1856 3806 τού

262 3833 403 3886 Θεοῦ
456 3834 619 3902 φύσιν
681 3836 1064 3906 ἐννοήσαντες,
1111 3841 1213 3892 οὐκ
1268 3839 1333 3893 ἂν
1382 3840 1458 3905 ὡς
1497 3843 1626 3914 περὶ
1665 3845 1858 3916 σωμά-

263 3945 374 3980 των
415 3927 818 3996 ὲφαντάζεσοε,
868 3931 986 3984 ἀλλ’
1031 3932 1344 3998 ἀκολούθως
1393 3937 1506 3999 τοῖς
1545 3937 1858 4008 εἰρημένοις

264 4021 512 4089 ἀκριϐῶς
545 4022 808 4092 ἐζητεῖτε.
843 4024 960 4086 πῶς
993 4025 1093 4096 μὲν
1115 4029 1144 4081 6
1181 4027 1310 4090 Υίὸς
1336 4029 1395 4080 ὲν
1432 4029 1628 4099 Πατρὶ,
1656 4029 1772 4094 πῶς
1801 4031 1868 4084 δέ’

264 4115 416 4168 ἑστιν
442 4115 471 4166 6
517 4114 709 4185 Πατὴρ
742 4116 800 4168 ὲν
835 4116 969 4188 Υίῷ.
1018 4116 1107 4182 Ὠς
1140 4118 1249 4189 γὰρ
1293 4120 1603 4192 χαρακτὴρ,
1648 4121 1743 4175 καὶ
1778 4125 1859 4174 εἱ-

266 4203 402 4268 κὼν,
431 4207 523 4258 καὶ
551 4205 894 4276 ἀπαύγασμα
936 4209 1032 4262 καὶ¹
1073 4210 1351 4280 ὁμοιότης,
1391 4205 1545 4273 οὗτος
1577 4213 1634 4263 ἐν
1665 4211 1860 4282 ἐκείνῳ

266 4297 522 4359 κάκεῖνος
551 4298 609 4350 ὲν
641 4297 813 4369 τούτῳ
862 4300 1134 4368 φαίνεται.
1177 4302 1395 4374 Ἐπειδὴ
1423 4302 1480 4355 δέ
1515 4320 1651 4371 φατε
1690 4303 1867 4375 μηδὲν

267 4385 407 4440 εἶναι
448 4389 782 4458 Θαυμαστὸν,
821 4392 869 4444 εἰ
901 4393 995 4445 καὶ
1023 4395 1050 4446 6
1085 4393 1216 4456 Υἱός
1245 4396 1396 4447 ἐστιν
1433 4396 1490 4447 ὲν
1523 4395 1728 4464 [Ιατρὶ,
1771 4395 1860 4448 διὰ

264 4480 330 4532 τὸ
357 4482 451 4532 καὶ
499 4483 645 4550 ἡμᾶς
675 4484 733 4535 ὲν
764 4482 913 4551 αὐτῷ
947 4486 1213 4539 κινεῖσθαι
1247 4486 1343 4538 καὶ
1390 4485 1511 4557 ζῇν,
1561 4489 1875 4554 ἀναγκαῖον-

1961 3290 2017 3336 ει
2049 3280 2178 3350 quid
2213 3279 2392 3333 lumen
2437 3278 2728 3340 invisibile,
2773 3288 2830 3333 et
2859 3290 3146 3344 aeternum,
3194 3290 3250 3335 et
3292 3281 3549 3350 splendor

1956 3371 2109 3442 ejus,
2139 3372 2344 3442 etquid
2381 3386 2596 3426 rursum
2630 3371 2940 3442 hypostasis
2977 3372 3298 3442 incorporea
3337 3383 3392 3426 et
3417 3374 3549 3428 cha-

1959 3474 2139 3518 racter
2165 3465 2537 3534 incorporeus.
2566 3461 2701 3516 Nam
2732 3465 2775 3518 si
2810 3465 2924 3518 haec
2955 3464 3006 3518 in
3045 3465 3361 3518 memoriam
3391 3481 3547 3520 revo-

1958 3566 2146 3612 cantes
2165 3565 2477 3611 accuratam
2499 3555 2908 3626 perfectamque
2925 3572 3112 3610 eorum
3134 3556 3548 3627 intelligentiam

1961 3655 2143 3702 mente
2169 3648 2556 3717 conceperitis.
2583 3658 2730 3702 certe
2763 3649 3033 3702 intellecta
3069 3659 3261 3703 natura
3290 3650 3406 3715 Dei,
3441 3667 3546 3704 non

1959 3741 2078 3798 haec
2111 3758 2372 3813 corporea
2417 3742 2874 3814 imaginaremini,
2908 3745 3022 3805 sed,
3046 3758 3107 3796 ea
3147 3743 3356 3797 ratione
3385 3759 3547 3811 quam

1960 3835 2219 3900 diximus,
2257 3833 2498 3904 perteue
2530 3833 2877 3904 inquireretis
2927 3849 3040 3902 quo
3081 3845 3239 3902 pacto
3288 3833 3457 3888 Filius
3494 3836 3547 3888 iu

1960 3923 2120 3980 Patre
2136 3923 2228 3990 sit,
2250 3933 2306 3979 et
2327 3940 2436 3994 quo
2454 3935 2610 3994 pacto
2635 3925 2793 3979 Pater
2817 3924 2868 3978 in
2895 3923 3052 3978 Filio.
3081 3925 3546 3990 Quemadmodum

1959 4018 2106 4072 enim
2138 4018 2456 4081 character,
2488 4027 2544 4073 et
2588 4017 2786 4088 imago,
2825 4027 2878 4072 et
2908 4017 3201 4087 splendor,
3255 4027 3420 4087 atque
3467 4019 3546 4073 si-

1931 4118 1936 4124 '
1962 4107 2209 4164 militudo
2232 4109 2300 4173 τι,
2339 4109 2428 4164 hic
2459 4110 2512 4164 in
2541 4109 2654 4174 illo,
2673 4119 2727 4164 et
2759 4109 2850 4164 ille
2880 4109 2935 4163 in
2975 4111 3078 4163 hoc
3112 4111 3378 4164 cernitur.
3407 4109 3544 4165 Cum

1936 4204 2092 4255 ‘vero
2119 4201 2312 4256 dicatis
2345 4201 2477 4256 nihil
2507 4203 2704 4255 mirum
2736 4217 2879 4268 esse,
2900 4202 2946 4256 si
2982 4201 3153 4257 Filius
3185 4202 3256 4256 sit
3282 4202 3334 4256 in
3361 4201 3543 4268 Patre,

1933 4310 1939 4314 ·
1961 4293 2087 4362 quia
2110 4303 2168 4347 et
2192 4308 2290 4348 nos
2316 4293 2368 4347 in
2389 4293 2504 4362 ipso
2526 4307 2809 4346 movemur
2826 4303 2883 4348 et
2902 4294 3157 4358 vivimus,
3179 4298 3545 4355 necessarium
3568 4331 3572 4338 -

1960 4386 2185 4440 omnino
2220 4385 2499 4441 declarare
2535 4396 2870 4456 quantopere
2898 4386 3060 4440 etiam
3099 4387 3203 4442 hac
3237 4387 3289 4442 in
3333 4400 3484 4458 parte
3517 4409 3574 4443 ιι.

1962 4495 2094 4534 vero
2116 4479 2403 4534 aberretis.
2431 4477 2617 4547 Neque
2638 4479 2782 4534 enim
2811 4482 3265 4548 quemadmodum
3303 4481 3444 4536 Deus
3464 4494 3570 4536 est:

267 4574 415 4640 ὑμᾶς
438 4573 538 4625 κάν
563 4573 739 4642 τούτῳ
764 4574 896 4626 πολὺ
927 4575 1316 4644 πλανωμένους
1343 4577 1608 4644 ἐπιδεῖξαι
1640 4576 1733 4627 καὶ
1755 4575 1855 4645 τῆς

1964 4570 2017 4624 in
2037 4583 2363 4638 unoquoque
2391 4577 2702 4621 sanctorum
2727 4582 2929 4637 eosque
2945 4567 3270 4631 sanctiﬁcat,
3295 4568 3363 4621 ita
3383 4569 3548 4622 etiam

267 4665 527 4735 ἀληθείας
562 4666 936 4736 ἐκϐεϐηκότας
975 4668 1064 4721 τὸν
1092 4669 1237 4738 ὅρον.
1269 4672 1342 4722 Οὐ
1379 4672 1486 4740 γὰρ
1519 4670 1772 4739 καθάπερ
1802 4673 1859 4722 ἐν

270 4758 487 4827 ἑκάστῳ
531 4758 644 4810 τῶν
686 4759 856 4827 ἀγίων
897 4761 1180 4830 γινόμενος
1224 4763 1253 4815 6
1283 4761 1416 4826 Θεὸς
1475 4763 1692 4830 ἁγιάζει
1727 4760 1863 4814 τού-

266 4867 415 4913 τους,
451 4850 627 4914 οὑτως
671 4853 787 4906 ἐστὶ
823 4853 917 4905 καὶ
950 4854 1008 4906 ὲν
1041 4853 1120 4922 τῷ
1161 4854 1401 4925 Χριστῷ.
1457 4855 1597 4908 Ἀλλ’
1626 4855 1788 4918 αὐτὸς
1829 4857 1859 4908 6

274 4943 400 5003 ria;
441 4941 670 5012 δύναμίς
703 4943 820 4995 ἐστι
852 4943 945 4996 καὶ
983 4944 1145 5013 σοφία
1189 4945 1282 4998 τοῦ
1319 4946 1561 5017 Πατρὸςν
1610 4947 1855 5013 ἁγιάζων

271 5035 448 5086 πάντα
481 5035 554 5088 τὰ
584 5034 880 5105 μετέχοντα
905 5037 1072 5089 αὐτοῦ
1101 5039 1160 5090 ὲν
1191 5038 1388 5108 Πατρὶ,
1418 5038 1577 5101 αὐτὸς
1607 5039 1662 5091 δὲ
1694 5039 1857 5092 πάλιν

268 5127 332 5179 οὐ
359 5128 498 5180 κατά
525 5144 645 5180 τινα
679 5127 977 5196 μετουσίαν.
996 5129 1150 5197 ἅγιος
1178 5129 1253 5182 ὢν
1294 5129 1484 5202 ὥσπερ
1513 5133 1708 5199 ἡμεῖς,.
1734 5130 1857 5183 οὐδὲ

272 5219 414 5272 κατά
442 5221 602 5290 χάριν
639 5221 758 5283 Υἱὸς
787 5223 1121 5293 κεκλημένος
1142 5263 1166 5284 ,
1191 5222 1325 5276 ἀλλά
1357 5222 1602 5292 γέννημα
1634 5224 1732 5292 τῆς
1759 5223 1855 5276 τοῦ

273 5310 486 5380 ΙΙατρὸς
521 5312 710 5375 οὐσίας
751 5314 1014 5383 ὑπάρχων
1055 5314 1243 5374 ἀΐδιον.
1289 5313 1403 5367 Οὐκ
1440 5313 1554 5366 ἔστι
1597 5314 1653 5366 δὲ
1694 5313 1864 5368 πάλιν

268 5401 446 5464 οὕτως
477 5404 505 5455 6
544 5402 672 5467 Υἱὸς
717 5404 776 5455 ὲν
817 5404 990 5474 [largi
1041 5404 1293 5471 καθάπερ
1329 5405 1524 5472 ἡμεῖς·
1563 5403 1722 5473 ἡμεῖς
1760 5402 1859 5471 μὲν

270 5495 381 5564 γὰρ
414 5497 483 5548 ὲνι
511 5494 630 5564 Θεῷ
668 5493 852 5564 ζῶμεν
881 5497 973 5549 καὶ
1006 5495 1326 5565 κινούμεθα,
1355 5495 1452 5548 καὶ
1486 5495 1652 5564 ἐσμέν
1677 5511 1690 5524 ·
1743 5496 1782 5547 ὀ.
1803 5493 1859 5547 δὲ

273 5585 415 5640 κατά
440 5587 602 5655 φύσιν
632 5587 777 5654 Υἱὸς,
806 5587 995 5658 ὥσπερ
1021 5588 1127 5641 ἀπό
1158 5605 1309 5652 τινος.
1331 5591 1511 5660 πηγῆς
1537 5589 1622 5641 ἀεὶ
1655 5587 1875 5659 ζώσης,

350 5766 393 5798 ⁷³
422 5765 579 5823 Joan.
617 5783 722 5832 xlv,
766 5766 842 5824 ll.
923 5767 967 5799 "’
1003 5766 1156 5824 Joan.
1195 5784 1247 5822 κ.
1283 5769 1374 5824 50.

1457 5769 1503 5800 ⁷³
1530 5768 1650 5824 Act.
1692 5783 1826 5834 xm;
1861 5763 1951 5822 ‘28.
2029 5765 2074 5798 7‘
2105 5763 2268 5823 Hebr.
2301 5783 2338 5834 ι,
2369 5765 2421 5822 5.

1959 4669 2044 4715 est
2081 4660 2132 4714 in
2164 4659 2404 4715 Christo.
2425 4659 2527 4713 Sed
2548 4659 2660 4727 ipse
2681 4657 2853 4714 Filius
2875 4669 2958 4714 est
2979 4661 3242 4728 sapientia
3282 4657 3462 4713 Patris
3495 4669 3552 4712 et

1956 4751 2192 4822 potentia
2237 4751 2305 4817 ⁷⁵,
2343 4752 2692 4806 sanctilicans
2729 4752 2913 4807 omnia
2939 4753 3320 4821 participautia
3349 4752 3448 4822 ipsi
3493 4751 3548 4806 in

1958 4845 2192 4914 Spiritu:
2213 4845 2328 4914 ipse
2347 4859 2476 4900 vero
2488 4843 2631 4898 nulla
2649 4843 3062 4913 participatione
3083 4855 3326 4910 sanctus,
3353 4853 3411 4900 ut
3427 4862 3544 4900 nos.

1955 4938 2061 4992 Sed
2115 4953 2291 5006 neque
2322 4953 2418 5006 per
2450 4937 2682 5006 gratiam
2708 4947 2794 4992 est
2825 4935 3018 5002 Filius,
3049 4936 3190 4990 sicut
3211 4953 3332 5004 nos,
3359 4940 3454 4994 sed
3480 4939 3549 4993 ab

1960 5039 2165 5083 aeterno
2187 5044 2254 5084 ex
2293 5029 2528 5082 essentia
2557 5028 2734 5082 Patris
2769 5029 3003 5099 genitus.
3030 5028 3216 5096 Neque
3245 5045 3434 5083 rursus
3463 5029 3550 5083 Fi-

1963 5120 2065 5175 lius
2089 5122 2140 5174 in
2159 5119 2320 5176 Patre
2336 5129 2440 5184 est,
2461 5121 2604 5174 sient
2633 5136 2735 5174 nos
2759 5138 2772 5175 :
2799 5120 3066 5188 siquidem
3091 5137 3189 5175 nos
3207 5122 3257 5173 in
3283 5119 3394 5174 Deo
3413 5120 3549 5173 vivi—

1965 5228 2106 5278 mus,
2130 5224 2186 5268 et
2204 5227 2506 5278 movemur,
2524 5213 2750 5282 ιοεει
2765 5228 2971 5267 sumus.
2996 5213 3067 5266 At
3085 5228 3210 5266 vero
3233 5213 3549 5267 naturaliter

1956 5305 2145 5373 Filius,
2167 5320 2232 5360 ex
2255 5307 2489 5359 essentia
2528 5305 2708 5360 Patris
2726 5305 2887 5359 veluti
2908 5305 3129 5374 perenni
3147 5308 3380 5373 quodam
3403 5307 3548 5360 fonte

1957 5401 2275 5469 procedens,
2299 5399 2404 5453 vita
2431 5407 2516 5453 est
2536 5399 2855 5453 naturaliter
2881 5399 3064 5452 omnia
3086 5397 3367 5452 vivilicans
3393 5418 3404 5452 ε
3435 5414 3540 5450 non

1958 5507 2054 5560 per
2083 5491 2550 5562 participationem
2583 5490 2708 5546 vitae
2749 5491 3054 5546 viviﬁcatus
3081 5493 3223 5547 sicut
3251 5506 3370 5547 nos.
3409 5490 3545 5545 Nam

1957 5585 2156 5653 alioqui
2191 5599 2296 5638 non
2322 5591 2468 5639 esset
2496 5583 2612 5654 ipse
2651 5582 2914 5639 naturalis
2936 5585 3066 5641 vita.
3093 5584 3248 5653 Quod
3277 5584 3423 5642 enim
3453 5598 3544 5638 as-

2500 5766 2545 5799 "
2579 5763 2598 5819 l
2632 5764 2756 5822 Cor.
2793 5781 2832 5833 ι,
2868 5764 2958 5821 24.
