  <div class='ocr_page' id='page_1' title='image "/cluster/home/n/w/nwhite01/storage/ocr_20150623/75/nnc1.0046980121/109.png"; bbox 0 0 3882 6210; ppageno 0'>
   <div class='ocr_carea' id='block_1_1' title="bbox 332 325 481 406">
    <p class='ocr_par' dir='ltr' id='par_1_1' title="bbox 332 325 481 406">
     <span class='ocr_line' id='line_1_1' title="bbox 332 325 481 406; baseline -0.04 -13"><span class='ocrx_word' id='word_1_1' title='bbox 332 325 481 406; x_wconf 72' lang='grc' dir='ltr'>ῑιτι</span> 
     </span>
    </p>
   </div>
   <div class='ocr_carea' id='block_1_2' title="bbox 1379 297 2626 388">
    <p class='ocr_par' dir='ltr' id='par_1_2' title="bbox 1379 297 2626 388">
     <span class='ocr_line' id='line_1_2' title="bbox 1379 297 2626 388; baseline -0.004 -5"><span class='ocrx_word' id='word_1_2' title='bbox 1379 325 1439 383; x_wconf 91' lang='lat' dir='ltr'><strong>s.</strong></span> <span class='ocrx_word' id='word_1_3' title='bbox 1479 297 1766 382; x_wconf 67' lang='lat' dir='ltr'><strong>crtuLLt</strong></span> <span class='ocrx_word' id='word_1_4' title='bbox 1795 319 2262 377; x_wconf 70' lang='lat' dir='ltr'><strong>ALEXANDRINI</strong></span> <span class='ocrx_word' id='word_1_5' title='bbox 2307 320 2626 388; x_wconf 64' lang='lat' dir='ltr'><strong>ARCIUEP.</strong></span> 
     </span>
    </p>
   </div>
   <div class='ocr_carea' id='block_1_3' title="bbox 3538 318 3643 375">
    <p class='ocr_par' dir='ltr' id='par_1_3' title="bbox 3538 318 3643 375">
     <span class='ocr_line' id='line_1_3' title="bbox 3538 318 3643 375; baseline -0.038 1"><span class='ocrx_word' id='word_1_6' title='bbox 3538 318 3643 375; x_wconf 63' lang='lat'><strong>[$0</strong></span> 
     </span>
    </p>
   </div>
   <div class='ocr_carea' id='block_1_4' title="bbox 339 431 1964 513">
    <p class='ocr_par' dir='ltr' id='par_1_4' title="bbox 339 431 1943 509">
     <span class='ocr_line' id='line_1_4' title="bbox 339 431 1943 509; baseline -0.007 -3"><span class='ocrx_word' id='word_1_7' title='bbox 339 431 346 438; x_wconf 57' lang='grc'><em>’</em></span> <span class='ocrx_word' id='word_1_8' title='bbox 371 448 602 506; x_wconf 73' lang='lat' dir='ltr'><strong>eitltium</strong></span> <span class='ocrx_word' id='word_1_9' title='bbox 624 454 708 501; x_wconf 84' lang='lat' dir='ltr'><strong>est</strong></span> <span class='ocrx_word' id='word_1_10' title='bbox 739 455 797 503; x_wconf 88' lang='lat' dir='ltr'><strong>et</strong></span> <span class='ocrx_word' id='word_1_11' title='bbox 825 443 1162 501; x_wconf 74' lang='lat' dir='ltr'><strong>extrinsecus</strong></span> <span class='ocrx_word' id='word_1_12' title='bbox 1195 443 1511 509; x_wconf 77' lang='lat' dir='ltr'><strong>adveniens,</strong></span> <span class='ocrx_word' id='word_1_13' title='bbox 1554 442 1874 498; x_wconf 83' lang='lat' dir='ltr'><strong>naturaliter</strong></span> <span class='ocrx_word' id='word_1_14' title='bbox 1895 441 1943 495; x_wconf 86' lang='lat' dir='ltr'><strong>ei</strong></span> 
     </span>
    </p>
   </div>
   <div class='ocr_carea' id='block_1_5' title="bbox 2071 431 3644 513">
    <p class='ocr_par' dir='ltr' id='par_1_5' title="bbox 2071 434 3644 512">
     <span class='ocr_line' id='line_1_5' title="bbox 2071 434 3644 512; baseline -0.003 -22"><span class='ocrx_word' id='word_1_15' title='bbox 2071 456 2115 492; x_wconf 68' lang='lat' dir='ltr'><strong>ot</strong></span> <span class='ocrx_word' id='word_1_16' title='bbox 2161 438 2263 510; x_wconf 79' lang='grc' dir='ltr'>τῆς</span> <span class='ocrx_word' id='word_1_17' title='bbox 2315 439 2410 494; x_wconf 87' lang='grc' dir='ltr'><strong>τοῦ</strong></span> <span class='ocrx_word' id='word_1_18' title='bbox 2468 439 2684 512; x_wconf 74' lang='grc' dir='ltr'>Πατρδς</span> <span class='ocrx_word' id='word_1_19' title='bbox 2735 437 2922 503; x_wconf 77' lang='grc' dir='ltr'>οὐσίας</span> <span class='ocrx_word' id='word_1_20' title='bbox 2980 436 3282 512; x_wconf 72' lang='grc' dir='ltr'>προελθὼν,</span> <span class='ocrx_word' id='word_1_21' title='bbox 3337 437 3450 508; x_wconf 76' lang='grc' dir='ltr'><strong>ζωὴ</strong></span> <span class='ocrx_word' id='word_1_22' title='bbox 3499 434 3644 489; x_wconf 78' lang='grc' dir='ltr'>κατὰ</span> 
     </span>
    </p>
   </div>
   <div class='ocr_carea' id='block_1_6' title="bbox 370 533 1949 610">
    <p class='ocr_par' dir='ltr' id='par_1_6' title="bbox 370 533 1949 610">
     <span class='ocr_line' id='line_1_6' title="bbox 370 533 1949 610; baseline -0.003 -17"><span class='ocrx_word' id='word_1_23' title='bbox 370 540 462 610; x_wconf 86' lang='lat' dir='ltr'><strong>qui</strong></span> <span class='ocrx_word' id='word_1_24' title='bbox 496 538 758 607; x_wconf 80' lang='lat' dir='ltr'><strong>possidet,</strong></span> <span class='ocrx_word' id='word_1_25' title='bbox 793 537 974 595; x_wconf 74' lang='lat' dir='ltr'><strong>inesse</strong></span> <span class='ocrx_word' id='word_1_26' title='bbox 1007 552 1113 593; x_wconf 88' lang='lat' dir='ltr'><strong>non</strong></span> <span class='ocrx_word' id='word_1_27' title='bbox 1152 535 1373 591; x_wconf 89' lang='lat' dir='ltr'><strong>dicitur.</strong></span> <span class='ocrx_word' id='word_1_28' title='bbox 1413 535 1554 592; x_wconf 86' lang='lat' dir='ltr'><strong>Dicit</strong></span> <span class='ocrx_word' id='word_1_29' title='bbox 1582 550 1710 590; x_wconf 84' lang='lat' dir='ltr'><strong>vero</strong></span> <span class='ocrx_word' id='word_1_30' title='bbox 1736 533 1949 589; x_wconf 76' lang='lat' dir='ltr'><strong>Filius:</strong></span> 
     </span>
    </p>
   </div>
   <div class='ocr_carea' id='block_1_7' title="bbox 376 624 1951 700">
    <p class='ocr_par' dir='ltr' id='par_1_7' title="bbox 376 624 1951 700">
     <span class='ocr_line' id='line_1_7' title="bbox 376 624 1951 700; baseline -0.002 -17"><span class='ocrx_word' id='word_1_31' title='bbox 376 646 398 683; x_wconf 81' lang='grc' dir='ltr'><strong>ι</strong></span> <span class='ocrx_word' id='word_1_32' title='bbox 432 630 546 699; x_wconf 81' lang='lat' dir='ltr'><strong>Ego</strong></span> <span class='ocrx_word' id='word_1_33' title='bbox 576 646 695 684; x_wconf 85' lang='lat' dir='ltr'><strong>sum</strong></span> <span class='ocrx_word' id='word_1_34' title='bbox 727 630 860 685; x_wconf 87' lang='lat' dir='ltr'><strong>vita.</strong></span> <span class='ocrx_word' id='word_1_35' title='bbox 892 649 910 681; x_wconf 75' lang='grc' dir='ltr'><strong>ι</strong></span> <span class='ocrx_word' id='word_1_36' title='bbox 945 627 1061 684; x_wconf 78' lang='lat' dir='ltr'><strong>Non</strong></span> <span class='ocrx_word' id='word_1_37' title='bbox 1093 627 1260 700; x_wconf 89' lang='lat' dir='ltr'><strong>igitur</strong></span> <span class='ocrx_word' id='word_1_38' title='bbox 1281 626 1741 699; x_wconf 83' lang='lat' dir='ltr'><strong>quemadmodum</strong></span> <span class='ocrx_word' id='word_1_39' title='bbox 1770 641 1872 682; x_wconf 79' lang='lat' dir='ltr'><strong>nos</strong></span> <span class='ocrx_word' id='word_1_40' title='bbox 1896 624 1951 681; x_wconf 89' lang='lat' dir='ltr'><strong>in</strong></span> 
     </span>
    </p>
   </div>
   <div class='ocr_carea' id='block_1_8' title="bbox 371 717 1956 791">
    <p class='ocr_par' dir='ltr' id='par_1_8' title="bbox 371 717 1956 791">
     <span class='ocr_line' id='line_1_8' title="bbox 371 717 1956 791; baseline -0.003 -16"><span class='ocrx_word' id='word_1_41' title='bbox 371 721 484 778; x_wconf 68' lang='lat' dir='ltr'><strong>Duo</strong></span> <span class='ocrx_word' id='word_1_42' title='bbox 509 722 866 789; x_wconf 81' lang='lat' dir='ltr'><strong>vivilicamur,</strong></span> <span class='ocrx_word' id='word_1_43' title='bbox 895 721 970 778; x_wconf 88' lang='lat' dir='ltr'><strong>ita</strong></span> <span class='ocrx_word' id='word_1_44' title='bbox 1001 723 1168 778; x_wconf 89' lang='lat' dir='ltr'><strong>etiam</strong></span> <span class='ocrx_word' id='word_1_45' title='bbox 1197 721 1310 791; x_wconf 88' lang='lat' dir='ltr'><strong>ipse</strong></span> <span class='ocrx_word' id='word_1_46' title='bbox 1335 720 1492 786; x_wconf 88' lang='lat' dir='ltr'><strong>vivit,</strong></span> <span class='ocrx_word' id='word_1_47' title='bbox 1525 727 1722 784; x_wconf 85' lang='lat' dir='ltr'><strong>etest;</strong></span> <span class='ocrx_word' id='word_1_48' title='bbox 1759 717 1854 774; x_wconf 89' lang='lat' dir='ltr'><strong>sed</strong></span> <span class='ocrx_word' id='word_1_49' title='bbox 1896 732 1956 772; x_wconf 90' lang='lat' dir='ltr'><strong>re</strong></span> 
     </span>
    </p>
   </div>
   <div class='ocr_carea' id='block_1_9' title="bbox 370 813 1954 887">
    <p class='ocr_par' dir='ltr' id='par_1_9' title="bbox 370 813 1954 887">
     <span class='ocr_line' id='line_1_9' title="bbox 370 813 1954 887; baseline 0 -19"><span class='ocrx_word' id='word_1_50' title='bbox 370 829 498 870; x_wconf 85' lang='lat' dir='ltr'><strong>vera</strong></span> <span class='ocrx_word' id='word_1_51' title='bbox 533 816 860 872; x_wconf 89' lang='lat' dir='ltr'><strong>naturaliter</strong></span> <span class='ocrx_word' id='word_1_52' title='bbox 886 825 974 872; x_wconf 86' lang='lat' dir='ltr'><strong>est</strong></span> <span class='ocrx_word' id='word_1_53' title='bbox 1020 816 1164 887; x_wconf 88' lang='lat' dir='ltr'><strong>quod</strong></span> <span class='ocrx_word' id='word_1_54' title='bbox 1199 814 1437 884; x_wconf 87' lang='lat' dir='ltr'><strong>scipsum</strong></span> <span class='ocrx_word' id='word_1_55' title='bbox 1483 828 1604 869; x_wconf 80' lang='lat' dir='ltr'><strong>esse</strong></span> <span class='ocrx_word' id='word_1_56' title='bbox 1652 813 1806 878; x_wconf 90' lang='lat' dir='ltr'><strong>dicit,</strong></span> <span class='ocrx_word' id='word_1_57' title='bbox 1849 813 1954 868; x_wconf 85' lang='lat' dir='ltr'><strong>hoc</strong></span> 
     </span>
    </p>
   </div>
   <div class='ocr_carea' id='block_1_10' title="bbox 369 905 1952 973">
    <p class='ocr_par' dir='ltr' id='par_1_10' title="bbox 369 905 1952 973">
     <span class='ocr_line' id='line_1_10' title="bbox 369 905 1952 973; baseline -0.001 -12"><span class='ocrx_word' id='word_1_58' title='bbox 369 917 454 963; x_wconf 75' lang='lat' dir='ltr'><strong>est</strong></span> <span class='ocrx_word' id='word_1_59' title='bbox 485 911 614 973; x_wconf 81' lang='lat' dir='ltr'><strong>vita,</strong></span> <span class='ocrx_word' id='word_1_60' title='bbox 667 919 718 965; x_wconf 88' lang='lat' dir='ltr'><strong>et</strong></span> <span class='ocrx_word' id='word_1_61' title='bbox 757 909 1080 965; x_wconf 77' lang='lat' dir='ltr'><strong>naturaliter</strong></span> <span class='ocrx_word' id='word_1_62' title='bbox 1126 909 1179 963; x_wconf 91' lang='lat' dir='ltr'><strong>in</strong></span> <span class='ocrx_word' id='word_1_63' title='bbox 1225 907 1387 962; x_wconf 85' lang='lat' dir='ltr'><strong>Patre</strong></span> <span class='ocrx_word' id='word_1_64' title='bbox 1436 905 1729 970; x_wconf 78' lang='lat' dir='ltr'><strong>exsistens,</strong></span> <span class='ocrx_word' id='word_1_65' title='bbox 1780 919 1952 960; x_wconf 90' lang='lat' dir='ltr'><strong>unum</strong></span> 
     </span>
    </p>
   </div>
   <div class='ocr_carea' id='block_1_11' title="bbox 370 998 1658 1067">
    <p class='ocr_par' dir='ltr' id='par_1_11' title="bbox 370 998 1658 1067">
     <span class='ocr_line' id='line_1_11' title="bbox 370 998 1658 1067; baseline 0 -16"><span class='ocrx_word' id='word_1_66' title='bbox 370 1017 494 1053; x_wconf 81' lang='lat' dir='ltr'><strong>eunt</strong></span> <span class='ocrx_word' id='word_1_67' title='bbox 518 1017 586 1054; x_wconf 89' lang='lat' dir='ltr'><strong>eo</strong></span> <span class='ocrx_word' id='word_1_68' title='bbox 608 1001 891 1058; x_wconf 86' lang='lat' dir='ltr'><strong>identitate</strong></span> <span class='ocrx_word' id='word_1_69' title='bbox 917 1001 1190 1063; x_wconf 70' lang='lat' dir='ltr'><strong>essentite,</strong></span> <span class='ocrx_word' id='word_1_70' title='bbox 1214 1015 1333 1067; x_wconf 70' lang='lat' dir='ltr'><strong>qua:</strong></span> <span class='ocrx_word' id='word_1_71' title='bbox 1354 1007 1438 1053; x_wconf 85' lang='lat' dir='ltr'><strong>est</strong></span> <span class='ocrx_word' id='word_1_72' title='bbox 1463 998 1658 1052; x_wconf 86' lang='lat' dir='ltr'><strong>deitas.</strong></span> 
     </span>
    </p>
   </div>
   <div class='ocr_carea' id='block_1_12' title="bbox 2052 527 3643 601">
    <p class='ocr_par' dir='ltr' id='par_1_12' title="bbox 2052 527 3643 601">
     <span class='ocr_line' id='line_1_12' title="bbox 2052 527 3643 601; baseline -0.001 -18"><span class='ocrx_word' id='word_1_73' title='bbox 2052 529 2217 600; x_wconf 78' lang='grc' dir='ltr'>φύσιν</span> <span class='ocrx_word' id='word_1_74' title='bbox 2243 531 2384 597; x_wconf 70' lang='grc' dir='ltr'>ἐστὶ,</span> <span class='ocrx_word' id='word_1_75' title='bbox 2415 532 2596 586; x_wconf 84' lang='grc' dir='ltr'>πάντα</span> <span class='ocrx_word' id='word_1_76' title='bbox 2623 531 2906 600; x_wconf 81' lang='grc' dir='ltr'>ζωογονῶν</span> <span class='ocrx_word' id='word_1_77' title='bbox 2925 550 2938 562; x_wconf 89' lang='grc'><strong>·</strong></span> <span class='ocrx_word' id='word_1_78' title='bbox 2969 533 3030 586; x_wconf 73' lang='grc' dir='ltr'>οὐ</span> <span class='ocrx_word' id='word_1_79' title='bbox 3063 531 3206 585; x_wconf 77' lang='grc' dir='ltr'>κατά</span> <span class='ocrx_word' id='word_1_80' title='bbox 3240 530 3472 601; x_wconf 75' lang='grc' dir='ltr'>μετοχὴν</span> <span class='ocrx_word' id='word_1_81' title='bbox 3496 527 3643 598; x_wconf 76' lang='grc' dir='ltr'>ζωῆς</span> 
     </span>
    </p>
   </div>
   <div class='ocr_carea' id='block_1_13' title="bbox 2051 620 3642 698">
    <p class='ocr_par' dir='ltr' id='par_1_13' title="bbox 2051 620 3642 698">
     <span class='ocr_line' id='line_1_13' title="bbox 2051 620 3642 698; baseline -0.01 -10"><span class='ocrx_word' id='word_1_82' title='bbox 2051 621 2492 696; x_wconf 69' lang='grc' dir='ltr'>ζωογονούμενος</span> <span class='ocrx_word' id='word_1_83' title='bbox 2534 625 2724 697; x_wconf 79' lang='grc' dir='ltr'>ὥσπερ</span> <span class='ocrx_word' id='word_1_84' title='bbox 2755 627 2942 696; x_wconf 77' lang='grc' dir='ltr'>ἡμεῖς.</span> <span class='ocrx_word' id='word_1_85' title='bbox 2969 625 3043 679; x_wconf 77' lang='grc' dir='ltr'><strong>Ἦ</strong></span> <span class='ocrx_word' id='word_1_86' title='bbox 3070 627 3178 698; x_wconf 77' lang='grc' dir='ltr'><strong>γάρ</strong></span> <span class='ocrx_word' id='word_1_87' title='bbox 3207 623 3272 678; x_wconf 72' lang='grc' dir='ltr'>ἂν</span> <span class='ocrx_word' id='word_1_88' title='bbox 3301 623 3402 677; x_wconf 70' lang='grc' dir='ltr'><strong>οὐκ</strong></span> <span class='ocrx_word' id='word_1_89' title='bbox 3445 620 3514 675; x_wconf 75' lang='grc' dir='ltr'>ἂν</span> <span class='ocrx_word' id='word_1_90' title='bbox 3555 623 3642 690; x_wconf 79' lang='grc' dir='ltr'><strong>εἴη</strong></span> 
     </span>
    </p>
   </div>
   <div class='ocr_carea' id='block_1_14' title="bbox 2051 711 3646 790">
    <p class='ocr_par' dir='ltr' id='par_1_14' title="bbox 2051 711 3646 790">
     <span class='ocr_line' id='line_1_14' title="bbox 2051 711 3646 790; baseline -0.003 -21"><span class='ocrx_word' id='word_1_91' title='bbox 2051 716 2193 769; x_wconf 74' lang='grc' dir='ltr'>κατὰ</span> <span class='ocrx_word' id='word_1_92' title='bbox 2239 716 2403 786; x_wconf 73' lang='grc' dir='ltr'>φύσιν</span> <span class='ocrx_word' id='word_1_93' title='bbox 2452 718 2588 790; x_wconf 78' lang='grc' dir='ltr'><strong>ζωή.</strong></span> <span class='ocrx_word' id='word_1_94' title='bbox 2649 719 2723 772; x_wconf 84' lang='grc' dir='ltr'>Τὸ</span> <span class='ocrx_word' id='word_1_95' title='bbox 2772 718 2882 788; x_wconf 81' lang='grc' dir='ltr'><strong>γὰρ</strong></span> <span class='ocrx_word' id='word_1_96' title='bbox 2939 718 3264 772; x_wconf 75' lang='grc' dir='ltr'><strong>ἐπείσακτον</strong></span> <span class='ocrx_word' id='word_1_97' title='bbox 3312 716 3408 771; x_wconf 77' lang='grc' dir='ltr'><strong>καὶ</strong></span> <span class='ocrx_word' id='word_1_98' title='bbox 3442 711 3646 779; x_wconf 76' lang='grc' dir='ltr'>ἔξωθεν</span> 
     </span>
    </p>
   </div>
   <div class='ocr_carea' id='block_1_15' title="bbox 2053 805 3649 882">
    <p class='ocr_par' dir='ltr' id='par_1_15' title="bbox 2053 805 3649 882">
     <span class='ocr_line' id='line_1_15' title="bbox 2053 805 3649 882; baseline -0.001 -21"><span class='ocrx_word' id='word_1_99' title='bbox 2053 811 2478 882; x_wconf 78' lang='grc' dir='ltr'>προσπορισθὲν,</span> <span class='ocrx_word' id='word_1_100' title='bbox 2507 814 2609 867; x_wconf 79' lang='grc' dir='ltr'><strong>οὐκ</strong></span> <span class='ocrx_word' id='word_1_101' title='bbox 2637 812 2708 868; x_wconf 80' lang='grc' dir='ltr'>ἂν</span> <span class='ocrx_word' id='word_1_102' title='bbox 2736 816 2908 866; x_wconf 65' lang='grc' dir='ltr'>νοοῖτο</span> <span class='ocrx_word' id='word_1_103' title='bbox 2947 811 3089 865; x_wconf 85' lang='grc' dir='ltr'>κατά</span> <span class='ocrx_word' id='word_1_104' title='bbox 3124 810 3288 880; x_wconf 73' lang='grc' dir='ltr'>φῦσιν</span> <span class='ocrx_word' id='word_1_105' title='bbox 3324 809 3529 878; x_wconf 81' lang='grc' dir='ltr'>προσδν</span> <span class='ocrx_word' id='word_1_106' title='bbox 3565 805 3649 876; x_wconf 78' lang='grc' dir='ltr'>τῷ</span> 
     </span>
    </p>
   </div>
   <div class='ocr_carea' id='block_1_16' title="bbox 2055 898 3641 972">
    <p class='ocr_par' dir='ltr' id='par_1_16' title="bbox 2055 898 3641 972">
     <span class='ocr_line' id='line_1_16' title="bbox 2055 898 3641 972; baseline -0.001 -20"><span class='ocrx_word' id='word_1_107' title='bbox 2055 901 2402 972; x_wconf 78' lang='grc' dir='ltr'>κεκτημένῳ.</span> <span class='ocrx_word' id='word_1_108' title='bbox 2448 902 2612 971; x_wconf 81' lang='grc' dir='ltr'>Δέγει</span> <span class='ocrx_word' id='word_1_109' title='bbox 2640 901 2699 956; x_wconf 78' lang='grc' dir='ltr'><strong>δὲ</strong></span> <span class='ocrx_word' id='word_1_110' title='bbox 2727 904 2754 956; x_wconf 84' lang='grc' dir='ltr'><strong>ὁ</strong></span> <span class='ocrx_word' id='word_1_111' title='bbox 2785 902 2944 965; x_wconf 75' lang='grc' dir='ltr'><strong>Υἱός·</strong></span> <span class='ocrx_word' id='word_1_112' title='bbox 2984 921 3002 951; x_wconf 82' lang='grc' dir='ltr'><strong>ι</strong></span> <span class='ocrx_word' id='word_1_113' title='bbox 3042 899 3186 970; x_wconf 80' lang='grc' dir='ltr'>Ἐγὼ</span> <span class='ocrx_word' id='word_1_114' title='bbox 3229 903 3344 970; x_wconf 71' lang='grc' dir='ltr'>εἰμι</span> <span class='ocrx_word' id='word_1_115' title='bbox 3369 901 3404 970; x_wconf 80' lang='grc' dir='ltr'>ἡ</span> <span class='ocrx_word' id='word_1_116' title='bbox 3450 898 3588 968; x_wconf 78' lang='grc' dir='ltr'><strong>ζωή.</strong></span> <span class='ocrx_word' id='word_1_117' title='bbox 3623 916 3641 946; x_wconf 75' lang='grc' dir='ltr'><strong>ι</strong></span> 
     </span>
    </p>
   </div>
   <div class='ocr_carea' id='block_1_17' title="bbox 2066 988 3645 1065">
    <p class='ocr_par' dir='ltr' id='par_1_17' title="bbox 2066 988 3645 1065">
     <span class='ocr_line' id='line_1_17' title="bbox 2066 988 3645 1065; baseline -0.006 -13"><span class='ocrx_word' id='word_1_118' title='bbox 2066 998 2182 1052; x_wconf 78' lang='grc' dir='ltr'><strong>οὐκ</strong></span> <span class='ocrx_word' id='word_1_119' title='bbox 2219 997 2366 1064; x_wconf 82' lang='grc' dir='ltr'>ἄρα,</span> <span class='ocrx_word' id='word_1_120' title='bbox 2418 994 2671 1065; x_wconf 83' lang='grc' dir='ltr'>καθάπερ</span> <span class='ocrx_word' id='word_1_121' title='bbox 2719 996 2882 1065; x_wconf 79' lang='grc' dir='ltr'>ἡμεῖς</span> <span class='ocrx_word' id='word_1_122' title='bbox 2939 993 2998 1047; x_wconf 79' lang='grc' dir='ltr'>ὲν</span> <span class='ocrx_word' id='word_1_123' title='bbox 3049 992 3169 1064; x_wconf 86' lang='grc' dir='ltr'><strong>Θεῷ</strong></span> <span class='ocrx_word' id='word_1_124' title='bbox 3203 988 3645 1061; x_wconf 79' lang='grc' dir='ltr'>ζωογονοῦμεθα,</span> 
     </span>
    </p>
   </div>
   <div class='ocr_carea' id='block_1_18' title="bbox 371 1082 3650 1166">
    <p class='ocr_par' dir='ltr' id='par_1_18' title="bbox 371 1082 3650 1166">
     <span class='ocr_line' id='line_1_18' title="bbox 371 1082 3650 1166; baseline -0.002 -22"><span class='ocrx_word' id='word_1_125' title='bbox 371 1091 562 1146; x_wconf 82' lang='grc' dir='ltr'>ταυτὸν</span> <span class='ocrx_word' id='word_1_126' title='bbox 627 1094 694 1166; x_wconf 83' lang='grc' dir='ltr'><strong>δὴ</strong></span> <span class='ocrx_word' id='word_1_127' title='bbox 733 1096 829 1149; x_wconf 71' lang='grc' dir='ltr'><strong>καὶ</strong></span> <span class='ocrx_word' id='word_1_128' title='bbox 871 1095 1036 1158; x_wconf 82' lang='grc' dir='ltr'>αὐτὸς</span> <span class='ocrx_word' id='word_1_129' title='bbox 1073 1094 1164 1148; x_wconf 85' lang='grc' dir='ltr'>τὸν</span> <span class='ocrx_word' id='word_1_130' title='bbox 1200 1092 1402 1165; x_wconf 76' lang='grc' dir='ltr'>τρόπον</span> <span class='ocrx_word' id='word_1_131' title='bbox 1436 1093 1506 1164; x_wconf 79' lang='grc' dir='ltr'><strong>ζῇ</strong></span> <span class='ocrx_word' id='word_1_132' title='bbox 1543 1093 1640 1147; x_wconf 63' lang='grc' dir='ltr'><strong>καὶ</strong></span> <span class='ocrx_word' id='word_1_133' title='bbox 1674 1091 1820 1147; x_wconf 77' lang='grc' dir='ltr'>ἐστιν</span> <span class='ocrx_word' id='word_1_134' title='bbox 1841 1110 1856 1124; x_wconf 89' lang='grc'><strong>·</strong></span> <span class='ocrx_word' id='word_1_135' title='bbox 1887 1093 2002 1148; x_wconf 80' lang='grc' dir='ltr'>ἀλλ’</span> <span class='ocrx_word' id='word_1_136' title='bbox 2034 1093 2207 1156; x_wconf 71' lang='grc' dir='ltr'>ὅντως</span> <span class='ocrx_word' id='word_1_137' title='bbox 2251 1090 2412 1145; x_wconf 85' lang='grc' dir='ltr'>τοῦτο</span> <span class='ocrx_word' id='word_1_138' title='bbox 2440 1088 2583 1143; x_wconf 80' lang='grc' dir='ltr'>κατὰ</span> <span class='ocrx_word' id='word_1_139' title='bbox 2622 1088 2785 1158; x_wconf 75' lang='grc' dir='ltr'>φύσιν</span> <span class='ocrx_word' id='word_1_140' title='bbox 2824 1089 3086 1160; x_wconf 80' lang='grc' dir='ltr'><strong>ὑπάρχων</strong></span> <span class='ocrx_word' id='word_1_141' title='bbox 3121 1089 3260 1156; x_wconf 82' lang='grc' dir='ltr'>ὅπερ</span> <span class='ocrx_word' id='word_1_142' title='bbox 3298 1082 3444 1139; x_wconf 73' lang='grc' dir='ltr'>εἶναι.</span> <span class='ocrx_word' id='word_1_143' title='bbox 3477 1085 3650 1153; x_wconf 78' lang='grc' dir='ltr'>φησὶν</span> 
     </span>
    </p>
   </div>
   <div class='ocr_carea' id='block_1_19' title="bbox 370 1185 3650 1268">
    <p class='ocr_par' dir='ltr' id='par_1_19' title="bbox 370 1185 3650 1268">
     <span class='ocr_line' id='line_1_19' title="bbox 370 1185 3650 1268; baseline 0 -29"><span class='ocrx_word' id='word_1_144' title='bbox 370 1189 585 1252; x_wconf 72' lang='grc' dir='ltr'>ἑαυτὸν,</span> <span class='ocrx_word' id='word_1_145' title='bbox 626 1190 906 1254; x_wconf 79' lang='grc' dir='ltr'><strong>τουτέστι,</strong></span> <span class='ocrx_word' id='word_1_146' title='bbox 949 1192 1118 1262; x_wconf 80' lang='grc' dir='ltr'>ζωὴν,</span> <span class='ocrx_word' id='word_1_147' title='bbox 1157 1194 1253 1248; x_wconf 78' lang='grc' dir='ltr'><strong>καὶ</strong></span> <span class='ocrx_word' id='word_1_148' title='bbox 1296 1195 1373 1248; x_wconf 84' lang='grc' dir='ltr'>ὢν</span> <span class='ocrx_word' id='word_1_149' title='bbox 1401 1195 1461 1247; x_wconf 74' lang='grc' dir='ltr'>ὲν</span> <span class='ocrx_word' id='word_1_150' title='bbox 1490 1196 1668 1268; x_wconf 72' lang='grc' dir='ltr'>Πατρὶ</span> <span class='ocrx_word' id='word_1_151' title='bbox 1716 1196 1986 1266; x_wconf 80' lang='grc' dir='ltr'><strong>φυσικῶς,</strong></span> <span class='ocrx_word' id='word_1_152' title='bbox 2012 1198 2072 1250; x_wconf 71' lang='grc' dir='ltr'>ἓν</span> <span class='ocrx_word' id='word_1_153' title='bbox 2101 1213 2162 1250; x_wconf 75' lang='grc' dir='ltr'><strong>τε</strong></span> <span class='ocrx_word' id='word_1_154' title='bbox 2192 1193 2457 1267; x_wconf 68' lang='grc' dir='ltr'>ὑπάρχων</span> <span class='ocrx_word' id='word_1_155' title='bbox 2485 1195 2562 1258; x_wconf 75' lang='grc' dir='ltr'><strong>ὡς</strong></span> <span class='ocrx_word' id='word_1_156' title='bbox 2593 1193 2730 1263; x_wconf 71' lang='grc' dir='ltr'>πρὸς</span> <span class='ocrx_word' id='word_1_157' title='bbox 2760 1189 2922 1246; x_wconf 80' lang='grc' dir='ltr'>αὑτὸν</span> <span class='ocrx_word' id='word_1_158' title='bbox 2950 1187 3040 1243; x_wconf 79' lang='grc' dir='ltr'><strong>διὰ</strong></span> <span class='ocrx_word' id='word_1_159' title='bbox 3081 1187 3181 1258; x_wconf 80' lang='grc' dir='ltr'>τὴν</span> <span class='ocrx_word' id='word_1_160' title='bbox 3215 1187 3523 1257; x_wconf 69' lang='grc' dir='ltr'>ταυτότητά</span> <span class='ocrx_word' id='word_1_161' title='bbox 3549 1185 3650 1254; x_wconf 75' lang='grc' dir='ltr'>τῆς</span> 
     </span>
    </p>
   </div>
   <div class='ocr_carea' id='block_1_20' title="bbox 369 1282 1196 1358">
    <p class='ocr_par' dir='ltr' id='par_1_20' title="bbox 369 1282 1196 1358">
     <span class='ocr_line' id='line_1_20' title="bbox 369 1282 1196 1358; baseline 0.007 -20"><span class='ocrx_word' id='word_1_162' title='bbox 369 1282 578 1350; x_wconf 75' lang='grc' dir='ltr'>οὐσίας,</span> <span class='ocrx_word' id='word_1_163' title='bbox 602 1285 727 1355; x_wconf 71' lang='grc' dir='ltr'>ἥτις</span> <span class='ocrx_word' id='word_1_164' title='bbox 749 1285 896 1340; x_wconf 75' lang='grc' dir='ltr'>ἐστὶν</span> <span class='ocrx_word' id='word_1_165' title='bbox 922 1288 956 1357; x_wconf 81' lang='grc' dir='ltr'><strong>η</strong></span> <span class='ocrx_word' id='word_1_166' title='bbox 983 1287 1196 1358; x_wconf 83' lang='grc' dir='ltr'>θεότης.</span> 
     </span>
    </p>
   </div>
   <div class='ocr_carea' id='block_1_21' title="bbox 1049 1378 1281 1437">
    <p class='ocr_par' dir='ltr' id='par_1_21' title="bbox 1049 1378 1281 1437">
     <span class='ocr_line' id='line_1_21' title="bbox 1049 1378 1281 1437; baseline 0.004 -4"><span class='ocrx_word' id='word_1_167' title='bbox 1049 1378 1281 1437; x_wconf 80' lang='lat' dir='ltr'><strong>ALIUD.</strong></span> 
     </span>
    </p>
   </div>
   <div class='ocr_carea' id='block_1_22' title="bbox 752 1467 1572 1540">
    <p class='ocr_par' dir='ltr' id='par_1_22' title="bbox 752 1467 1572 1540">
     <span class='ocr_line' id='line_1_22' title="bbox 752 1467 1572 1540; baseline 0.006 -17"><span class='ocrx_word' id='word_1_168' title='bbox 752 1467 836 1524; x_wconf 70' lang='lat' dir='ltr'><strong>Es</strong></span> <span class='ocrx_word' id='word_1_169' title='bbox 864 1470 1154 1540; x_wconf 71' lang='lat' dir='ltr'><strong>objections</strong></span> <span class='ocrx_word' id='word_1_170' title='bbox 1184 1475 1572 1529; x_wconf 65' lang='lat' dir='ltr'><strong>hereticorum.</strong></span> 
     </span>
    </p>
   </div>
   <div class='ocr_carea' id='block_1_23' title="bbox 440 1582 1954 1655">
    <p class='ocr_par' dir='ltr' id='par_1_23' title="bbox 440 1582 1954 1655">
     <span class='ocr_line' id='line_1_23' title="bbox 440 1582 1954 1655; baseline 0.004 -19"><span class='ocrx_word' id='word_1_171' title='bbox 440 1582 605 1651; x_wconf 79' lang='lat' dir='ltr'><strong>Atqui</strong></span> <span class='ocrx_word' id='word_1_172' title='bbox 642 1584 880 1655; x_wconf 86' lang='lat' dir='ltr'><strong>seipsum</strong></span> <span class='ocrx_word' id='word_1_173' title='bbox 916 1585 970 1640; x_wconf 88' lang='lat' dir='ltr'><strong>itt</strong></span> <span class='ocrx_word' id='word_1_174' title='bbox 1000 1586 1160 1642; x_wconf 83' lang='lat' dir='ltr'><strong>Patre</strong></span> <span class='ocrx_word' id='word_1_175' title='bbox 1185 1603 1310 1644; x_wconf 89' lang='lat' dir='ltr'><strong>esse</strong></span> <span class='ocrx_word' id='word_1_176' title='bbox 1339 1589 1416 1643; x_wconf 92' lang='lat' dir='ltr'><strong>ait</strong></span> <span class='ocrx_word' id='word_1_177' title='bbox 1443 1598 1498 1642; x_wconf 90' lang='lat' dir='ltr'><strong>et</strong></span> <span class='ocrx_word' id='word_1_178' title='bbox 1537 1587 1754 1643; x_wconf 85' lang='lat' dir='ltr'><strong>Patrem</strong></span> <span class='ocrx_word' id='word_1_179' title='bbox 1791 1585 1844 1642; x_wconf 92' lang='lat' dir='ltr'><strong>in</strong></span> <span class='ocrx_word' id='word_1_180' title='bbox 1873 1601 1954 1653; x_wconf 83' lang='lat' dir='ltr'><strong>se,</strong></span> 
     </span>
    </p>
   </div>
   <div class='ocr_carea' id='block_1_24' title="bbox 2756 1375 2973 1429">
    <p class='ocr_par' dir='ltr' id='par_1_24' title="bbox 2756 1375 2973 1429">
     <span class='ocr_line' id='line_1_24' title="bbox 2756 1375 2973 1429; baseline 0.005 -1"><span class='ocrx_word' id='word_1_181' title='bbox 2756 1375 2973 1429; x_wconf 76' lang='lat' dir='ltr'><strong>AAAO.</strong></span> 
     </span>
    </p>
   </div>
   <div class='ocr_carea' id='block_1_25' title="bbox 2315 1465 3420 1537">
    <p class='ocr_par' dir='ltr' id='par_1_25' title="bbox 2315 1465 3420 1537">
     <span class='ocr_line' id='line_1_25' title="bbox 2315 1465 3420 1537; baseline -0.003 -14"><span class='ocrx_word' id='word_1_182' title='bbox 2315 1471 2411 1537; x_wconf 80' lang='grc' dir='ltr'>Ὠς</span> <span class='ocrx_word' id='word_1_183' title='bbox 2437 1468 2512 1534; x_wconf 77' lang='grc' dir='ltr'><strong>ἐξ</strong></span> <span class='ocrx_word' id='word_1_184' title='bbox 2535 1467 2898 1533; x_wconf 71' lang='grc' dir='ltr'><strong>ἀντιθέσεως</strong></span> <span class='ocrx_word' id='word_1_185' title='bbox 2930 1465 3052 1520; x_wconf 76' lang='grc' dir='ltr'><strong>τῶν</strong></span> <span class='ocrx_word' id='word_1_186' title='bbox 3082 1465 3420 1536; x_wconf 64' lang='grc' dir='ltr'><strong>αἰρετακῶν.</strong></span> 
     </span>
    </p>
   </div>
   <div class='ocr_carea' id='block_1_26' title="bbox 2145 1575 3654 1652">
    <p class='ocr_par' dir='ltr' id='par_1_26' title="bbox 2145 1575 3654 1652">
     <span class='ocr_line' id='line_1_26' title="bbox 2145 1575 3654 1652; baseline -0.007 -14"><span class='ocrx_word' id='word_1_187' title='bbox 2145 1582 2372 1638; x_wconf 79' lang='grc' dir='ltr'>Ἑαυτὸν</span> <span class='ocrx_word' id='word_1_188' title='bbox 2407 1575 2549 1636; x_wconf 76' lang='grc' dir='ltr'>εἶναί</span> <span class='ocrx_word' id='word_1_189' title='bbox 2581 1595 2750 1652; x_wconf 83' lang='grc' dir='ltr'>φησιν</span> <span class='ocrx_word' id='word_1_190' title='bbox 2788 1581 2848 1633; x_wconf 82' lang='grc' dir='ltr'>ὲν</span> <span class='ocrx_word' id='word_1_191' title='bbox 2887 1579 3096 1652; x_wconf 79' lang='grc' dir='ltr'>Πατρὶ,</span> <span class='ocrx_word' id='word_1_192' title='bbox 3143 1579 3235 1632; x_wconf 62' lang='grc' dir='ltr'><strong>καὶ</strong></span> <span class='ocrx_word' id='word_1_193' title='bbox 3278 1579 3337 1632; x_wconf 70' lang='grc' dir='ltr'>ἐν</span> <span class='ocrx_word' id='word_1_194' title='bbox 3367 1577 3516 1647; x_wconf 83' lang='grc' dir='ltr'><strong>αὺτῷ</strong></span> <span class='ocrx_word' id='word_1_195' title='bbox 3557 1577 3654 1629; x_wconf 79' lang='grc' dir='ltr'><strong>τὸν</strong></span> 
     </span>
    </p>
   </div>
   <div class='ocr_carea' id='block_1_27' title="bbox 370 1672 1964 1757">
    <p class='ocr_par' dir='ltr' id='par_1_27' title="bbox 370 1673 1963 1750">
     <span class='ocr_line' id='line_1_27' title="bbox 370 1673 1963 1750; baseline 0.006 -25"><span class='ocrx_word' id='word_1_196' title='bbox 370 1673 497 1744; x_wconf 83' lang='lat' dir='ltr'><strong>quia</strong></span> <span class='ocrx_word' id='word_1_197' title='bbox 539 1689 714 1743; x_wconf 90' lang='lat' dir='ltr'><strong>neque</strong></span> <span class='ocrx_word' id='word_1_198' title='bbox 746 1691 928 1731; x_wconf 80' lang='lat' dir='ltr'><strong>sermo</strong></span> <span class='ocrx_word' id='word_1_199' title='bbox 976 1693 1086 1747; x_wconf 91' lang='lat' dir='ltr'><strong>quo</strong></span> <span class='ocrx_word' id='word_1_200' title='bbox 1131 1679 1198 1734; x_wconf 84' lang='lat' dir='ltr'><strong>ad</strong></span> <span class='ocrx_word' id='word_1_201' title='bbox 1241 1696 1433 1736; x_wconf 88' lang='lat' dir='ltr'><strong>omnes</strong></span> <span class='ocrx_word' id='word_1_202' title='bbox 1467 1680 1741 1744; x_wconf 86' lang='lat' dir='ltr'><strong>utebatur,</strong></span> <span class='ocrx_word' id='word_1_203' title='bbox 1786 1694 1963 1750; x_wconf 89' lang='lat' dir='ltr'><strong>neque</strong></span> 
     </span>
    </p>
   </div>
   <div class='ocr_carea' id='block_1_28' title="bbox 2071 1672 3654 1757">
    <p class='ocr_par' dir='ltr' id='par_1_28' title="bbox 2071 1672 3654 1749">
     <span class='ocr_line' id='line_1_28' title="bbox 2071 1672 3654 1749; baseline -0.005 -17"><span class='ocrx_word' id='word_1_204' title='bbox 2071 1677 2310 1749; x_wconf 80' lang='grc' dir='ltr'><strong>Πατέρα,</strong></span> <span class='ocrx_word' id='word_1_205' title='bbox 2352 1675 2447 1730; x_wconf 75' lang='grc' dir='ltr'><strong>διὰ</strong></span> <span class='ocrx_word' id='word_1_206' title='bbox 2489 1675 2552 1730; x_wconf 79' lang='grc' dir='ltr'><strong>τὸ</strong></span> <span class='ocrx_word' id='word_1_207' title='bbox 2592 1676 2735 1746; x_wconf 85' lang='grc' dir='ltr'>μήτε</span> <span class='ocrx_word' id='word_1_208' title='bbox 2778 1674 2870 1728; x_wconf 78' lang='grc' dir='ltr'>τδν</span> <span class='ocrx_word' id='word_1_209' title='bbox 2907 1673 3085 1743; x_wconf 85' lang='grc' dir='ltr'>λόγον,</span> <span class='ocrx_word' id='word_1_210' title='bbox 3133 1674 3194 1727; x_wconf 86' lang='grc' dir='ltr'>ὃν</span> <span class='ocrx_word' id='word_1_211' title='bbox 3225 1675 3464 1727; x_wconf 77' lang='grc' dir='ltr'>ἐποιεῖτο</span> <span class='ocrx_word' id='word_1_212' title='bbox 3512 1672 3654 1743; x_wconf 70' lang='grc' dir='ltr'>πρδς</span> 
     </span>
    </p>
   </div>
   <div class='ocr_carea' id='block_1_29' title="bbox 370 1763 1957 1840">
    <p class='ocr_par' dir='ltr' id='par_1_29' title="bbox 370 1763 1957 1840">
     <span class='ocr_line' id='line_1_29' title="bbox 370 1763 1957 1840; baseline 0.006 -26"><span class='ocrx_word' id='word_1_213' title='bbox 370 1777 534 1831; x_wconf 78' lang='lat' dir='ltr'><strong>opera</strong></span> <span class='ocrx_word' id='word_1_214' title='bbox 559 1763 776 1834; x_wconf 82' lang='lat' dir='ltr'><strong>prepria</strong></span> <span class='ocrx_word' id='word_1_215' title='bbox 805 1764 976 1834; x_wconf 84' lang='lat' dir='ltr'><strong>ipsius</strong></span> <span class='ocrx_word' id='word_1_216' title='bbox 997 1779 1176 1828; x_wconf 84' lang='lat' dir='ltr'><strong>erant.</strong></span> <span class='ocrx_word' id='word_1_217' title='bbox 1195 1770 1289 1824; x_wconf 81' lang='lat' dir='ltr'><strong>sed</strong></span> <span class='ocrx_word' id='word_1_218' title='bbox 1313 1767 1489 1824; x_wconf 85' lang='lat' dir='ltr'><strong>Patris</strong></span> <span class='ocrx_word' id='word_1_219' title='bbox 1509 1769 1602 1840; x_wconf 88' lang='lat' dir='ltr'><strong>qui</strong></span> <span class='ocrx_word' id='word_1_220' title='bbox 1625 1768 1957 1840; x_wconf 87' lang='lat' dir='ltr'><strong>ejuscemodi</strong></span> 
     </span>
    </p>
   </div>
   <div class='ocr_carea' id='block_1_30' title="bbox 373 1851 1958 1932">
    <p class='ocr_par' dir='ltr' id='par_1_30' title="bbox 373 1851 1958 1932">
     <span class='ocr_line' id='line_1_30' title="bbox 373 1851 1958 1932; baseline 0.007 -27"><span class='ocrx_word' id='word_1_221' title='bbox 373 1851 519 1924; x_wconf 89' lang='lat' dir='ltr'><strong>loqui</strong></span> <span class='ocrx_word' id='word_1_222' title='bbox 551 1853 798 1925; x_wconf 71' lang='lat' dir='ltr'><strong>iubebat,</strong></span> <span class='ocrx_word' id='word_1_223' title='bbox 821 1857 1025 1926; x_wconf 87' lang='lat' dir='ltr'><strong>quique</strong></span> <span class='ocrx_word' id='word_1_224' title='bbox 1059 1858 1372 1914; x_wconf 81' lang='lat' dir='ltr'><strong>facultatem</strong></span> <span class='ocrx_word' id='word_1_225' title='bbox 1400 1861 1452 1916; x_wconf 90' lang='lat' dir='ltr'><strong>ei</strong></span> <span class='ocrx_word' id='word_1_226' title='bbox 1476 1860 1857 1932; x_wconf 83' lang='lat' dir='ltr'><strong>suppeditabat</strong></span> <span class='ocrx_word' id='word_1_227' title='bbox 1889 1861 1958 1916; x_wconf 87' lang='lat' dir='ltr'><strong>ad</strong></span> 
     </span>
    </p>
   </div>
   <div class='ocr_carea' id='block_1_31' title="bbox 370 1941 1390 2019">
    <p class='ocr_par' dir='ltr' id='par_1_31' title="bbox 370 1941 1390 2019">
     <span class='ocr_line' id='line_1_31' title="bbox 370 1941 1390 2019; baseline 0.009 -24"><span class='ocrx_word' id='word_1_228' title='bbox 370 1941 702 2013; x_wconf 83' lang='lat' dir='ltr'><strong>ejuscemodi</strong></span> <span class='ocrx_word' id='word_1_229' title='bbox 729 1960 956 2018; x_wconf 82' lang='lat' dir='ltr'><strong>operum</strong></span> <span class='ocrx_word' id='word_1_230' title='bbox 996 1947 1390 2019; x_wconf 80' lang='lat' dir='ltr'><strong>impletionem.</strong></span> 
     </span>
    </p>
   </div>
   <div class='ocr_carea' id='block_1_32' title="bbox 882 2128 1461 2202">
    <p class='ocr_par' dir='ltr' id='par_1_32' title="bbox 882 2128 1461 2202">
     <span class='ocr_line' id='line_1_32' title="bbox 882 2128 1461 2202; baseline 0.007 -18"><span class='ocrx_word' id='word_1_231' title='bbox 882 2128 1094 2185; x_wconf 80' lang='lat' dir='ltr'><strong>Salutio</strong></span> <span class='ocrx_word' id='word_1_232' title='bbox 1132 2131 1461 2202; x_wconf 74' lang='lat' dir='ltr'><strong>objectiom&#39;t.</strong></span> 
     </span>
    </p>
   </div>
   <div class='ocr_carea' id='block_1_33' title="bbox 444 2218 1962 2298">
    <p class='ocr_par' dir='ltr' id='par_1_33' title="bbox 444 2218 1962 2298">
     <span class='ocr_line' id='line_1_33' title="bbox 444 2218 1962 2298; baseline 0.005 -23"><span class='ocrx_word' id='word_1_233' title='bbox 444 2218 630 2277; x_wconf 83' lang='lat' dir='ltr'><strong>Liceat</strong></span> <span class='ocrx_word' id='word_1_234' title='bbox 669 2236 802 2292; x_wconf 89' lang='lat' dir='ltr'><strong>ergo</strong></span> <span class='ocrx_word' id='word_1_235' title='bbox 833 2237 932 2292; x_wconf 89' lang='lat' dir='ltr'><strong>per</strong></span> <span class='ocrx_word' id='word_1_236' title='bbox 980 2237 1104 2288; x_wconf 84' lang='lat' dir='ltr'><strong>vos,</strong></span> <span class='ocrx_word' id='word_1_237' title='bbox 1146 2225 1411 2290; x_wconf 78' lang='lat' dir='ltr'><strong>haeretici,</strong></span> <span class='ocrx_word' id='word_1_238' title='bbox 1457 2228 1624 2282; x_wconf 88' lang='lat' dir='ltr'><strong>etiam</strong></span> <span class='ocrx_word' id='word_1_239' title='bbox 1668 2228 1962 2298; x_wconf 84' lang='lat' dir='ltr'><strong>unicuique</strong></span> 
     </span>
    </p>
   </div>
   <div class='ocr_carea' id='block_1_34' title="bbox 372 2314 1960 2389">
    <p class='ocr_par' dir='ltr' id='par_1_34' title="bbox 372 2314 1960 2389">
     <span class='ocr_line' id='line_1_34' title="bbox 372 2314 1960 2389; baseline 0.006 -23"><span class='ocrx_word' id='word_1_240' title='bbox 372 2321 686 2369; x_wconf 80' lang='lat' dir='ltr'><strong>sanctorum</strong></span> <span class='ocrx_word' id='word_1_241' title='bbox 719 2314 1026 2384; x_wconf 76' lang='lat' dir='ltr'><strong>huiusmodi</strong></span> <span class='ocrx_word' id='word_1_242' title='bbox 1057 2331 1243 2371; x_wconf 86' lang='lat' dir='ltr'><strong>vocem</strong></span> <span class='ocrx_word' id='word_1_243' title='bbox 1267 2319 1429 2374; x_wconf 89' lang='lat' dir='ltr'><strong>edere</strong></span> <span class='ocrx_word' id='word_1_244' title='bbox 1451 2335 1470 2386; x_wconf 84' lang='lat'><strong>;</strong></span> <span class='ocrx_word' id='word_1_245' title='bbox 1490 2319 1759 2389; x_wconf 78' lang='lat' dir='ltr'><strong>siquidem</strong></span> <span class='ocrx_word' id='word_1_246' title='bbox 1782 2329 1837 2375; x_wconf 91' lang='lat' dir='ltr'><strong>et</strong></span> <span class='ocrx_word' id='word_1_247' title='bbox 1861 2319 1960 2389; x_wconf 86' lang='lat' dir='ltr'><strong>ipsi</strong></span> 
     </span>
    </p>
   </div>
   <div class='ocr_carea' id='block_1_35' title="bbox 375 2404 1962 2477">
    <p class='ocr_par' dir='ltr' id='par_1_35' title="bbox 375 2404 1962 2477">
     <span class='ocr_line' id='line_1_35' title="bbox 375 2404 1962 2477; baseline 0.006 -17"><span class='ocrx_word' id='word_1_248' title='bbox 375 2416 503 2461; x_wconf 88' lang='lat' dir='ltr'><strong>sunt</strong></span> <span class='ocrx_word' id='word_1_249' title='bbox 530 2404 836 2463; x_wconf 84' lang='lat' dir='ltr'><strong>divinorum</strong></span> <span class='ocrx_word' id='word_1_250' title='bbox 865 2409 1154 2464; x_wconf 79' lang='lat' dir='ltr'><strong>verborum</strong></span> <span class='ocrx_word' id='word_1_251' title='bbox 1189 2411 1448 2477; x_wconf 91' lang='lat' dir='ltr'><strong>ministri,</strong></span> <span class='ocrx_word' id='word_1_252' title='bbox 1479 2421 1534 2466; x_wconf 87' lang='lat' dir='ltr'><strong>et</strong></span> <span class='ocrx_word' id='word_1_253' title='bbox 1575 2413 1836 2469; x_wconf 80' lang='lat' dir='ltr'><strong>facultate</strong></span> <span class='ocrx_word' id='word_1_254' title='bbox 1868 2415 1962 2469; x_wconf 83' lang='lat' dir='ltr'><strong>de-</strong></span> 
     </span>
    </p>
   </div>
   <div class='ocr_carea' id='block_1_36' title="bbox 374 2503 1962 2572">
    <p class='ocr_par' dir='ltr' id='par_1_36' title="bbox 374 2503 1962 2572">
     <span class='ocr_line' id='line_1_36' title="bbox 374 2503 1962 2572; baseline 0.006 -21"><span class='ocrx_word' id='word_1_255' title='bbox 374 2512 540 2566; x_wconf 81' lang='lat' dir='ltr'><strong>super</strong></span> <span class='ocrx_word' id='word_1_256' title='bbox 579 2507 801 2569; x_wconf 87' lang='lat' dir='ltr'><strong>accepta</strong></span> <span class='ocrx_word' id='word_1_257' title='bbox 853 2503 1176 2556; x_wconf 87' lang='lat' dir='ltr'><strong>admiranda</strong></span> <span class='ocrx_word' id='word_1_258' title='bbox 1224 2518 1390 2572; x_wconf 83' lang='lat' dir='ltr'><strong>opera</strong></span> <span class='ocrx_word' id='word_1_259' title='bbox 1434 2503 1706 2560; x_wconf 81' lang='lat' dir='ltr'><strong>fecerunt.</strong></span> <span class='ocrx_word' id='word_1_260' title='bbox 1760 2503 1962 2560; x_wconf 85' lang='lat' dir='ltr'><strong>Beatus</strong></span> 
     </span>
    </p>
   </div>
   <div class='ocr_carea' id='block_1_37' title="bbox 373 2587 1963 2666">
    <p class='ocr_par' dir='ltr' id='par_1_37' title="bbox 373 2587 1963 2666">
     <span class='ocr_line' id='line_1_37' title="bbox 373 2587 1963 2666; baseline 0.007 -25"><span class='ocrx_word' id='word_1_261' title='bbox 373 2588 519 2644; x_wconf 87' lang='lat' dir='ltr'><strong>enim</strong></span> <span class='ocrx_word' id='word_1_262' title='bbox 546 2587 712 2646; x_wconf 80' lang='lat' dir='ltr'><strong>David</strong></span> <span class='ocrx_word' id='word_1_263' title='bbox 740 2611 754 2646; x_wconf 93' lang='lat'><strong>:</strong></span> <span class='ocrx_word' id='word_1_264' title='bbox 788 2610 807 2643; x_wconf 83' lang='grc' dir='ltr'><strong>ι</strong></span> <span class='ocrx_word' id='word_1_265' title='bbox 843 2592 1096 2659; x_wconf 78' lang='lat' dir='ltr'><strong>Audiam,</strong></span> <span class='ocrx_word' id='word_1_266' title='bbox 1127 2594 1322 2665; x_wconf 80' lang='lat' dir='ltr'><strong>inquit,</strong></span> <span class='ocrx_word' id='word_1_267' title='bbox 1353 2597 1482 2666; x_wconf 88' lang='lat' dir='ltr'><strong>quid</strong></span> <span class='ocrx_word' id='word_1_268' title='bbox 1514 2597 1767 2666; x_wconf 88' lang='lat' dir='ltr'><strong>loquatur</strong></span> <span class='ocrx_word' id='word_1_269' title='bbox 1788 2597 1841 2652; x_wconf 91' lang='lat' dir='ltr'><strong>in</strong></span> <span class='ocrx_word' id='word_1_270' title='bbox 1876 2611 1963 2652; x_wconf 90' lang='lat' dir='ltr'><strong>me</strong></span> 
     </span>
    </p>
   </div>
   <div class='ocr_carea' id='block_1_38' title="bbox 373 2678 1962 2755">
    <p class='ocr_par' dir='ltr' id='par_1_38' title="bbox 373 2678 1962 2755">
     <span class='ocr_line' id='line_1_38' title="bbox 373 2678 1962 2755; baseline 0.012 -24"><span class='ocrx_word' id='word_1_271' title='bbox 373 2678 636 2736; x_wconf 86' lang='lat' dir='ltr'><strong>Dominus</strong></span> <span class='ocrx_word' id='word_1_272' title='bbox 665 2681 886 2738; x_wconf 84' lang='lat' dir='ltr'><strong>Deus&quot;.</strong></span> <span class='ocrx_word' id='word_1_273' title='bbox 909 2701 928 2735; x_wconf 77' lang='grc' dir='ltr'><strong>ι</strong></span> <span class='ocrx_word' id='word_1_274' title='bbox 967 2683 1032 2738; x_wconf 82' lang='lat' dir='ltr'><strong>Et</strong></span> <span class='ocrx_word' id='word_1_275' title='bbox 1050 2685 1485 2755; x_wconf 88' lang='lat' dir='ltr'><strong>sapientissimus</strong></span> <span class='ocrx_word' id='word_1_276' title='bbox 1530 2689 1620 2746; x_wconf 89' lang='lat' dir='ltr'><strong>ille</strong></span> <span class='ocrx_word' id='word_1_277' title='bbox 1659 2689 1915 2748; x_wconf 84' lang='lat' dir='ltr'><strong>Salomon</strong></span> <span class='ocrx_word' id='word_1_278' title='bbox 1944 2709 1962 2750; x_wconf 88' lang='lat'><strong>:</strong></span> 
     </span>
    </p>
   </div>
   <div class='ocr_carea' id='block_1_39' title="bbox 380 2765 1963 2842">
    <p class='ocr_par' dir='ltr' id='par_1_39' title="bbox 380 2765 1963 2842">
     <span class='ocr_line' id='line_1_39' title="bbox 380 2765 1963 2842; baseline 0.013 -22"><span class='ocrx_word' id='word_1_279' title='bbox 380 2786 402 2820; x_wconf 77' lang='grc' dir='ltr'><strong>ι</strong></span> <span class='ocrx_word' id='word_1_280' title='bbox 431 2765 634 2834; x_wconf 80' lang='lat' dir='ltr'><strong>Verba,</strong></span> <span class='ocrx_word' id='word_1_281' title='bbox 660 2773 858 2842; x_wconf 88' lang='lat' dir='ltr'><strong>inquit,</strong></span> <span class='ocrx_word' id='word_1_282' title='bbox 882 2791 1002 2830; x_wconf 88' lang='lat' dir='ltr'><strong>mea</strong></span> <span class='ocrx_word' id='word_1_283' title='bbox 1026 2792 1054 2828; x_wconf 92' lang='lat' dir='ltr'><strong>a</strong></span> <span class='ocrx_word' id='word_1_284' title='bbox 1075 2775 1186 2831; x_wconf 89' lang='lat' dir='ltr'><strong>Deo</strong></span> <span class='ocrx_word' id='word_1_285' title='bbox 1208 2779 1354 2834; x_wconf 86' lang='lat' dir='ltr'><strong>dicta</strong></span> <span class='ocrx_word' id='word_1_286' title='bbox 1376 2790 1503 2835; x_wconf 92' lang='lat' dir='ltr'><strong>sunt</strong></span> <span class='ocrx_word' id='word_1_287' title='bbox 1525 2781 1594 2836; x_wconf 85' lang='lat'><strong>&#39;&quot;.</strong></span> <span class='ocrx_word' id='word_1_288' title='bbox 1626 2799 1648 2834; x_wconf 78' lang='grc' dir='ltr'><strong>ι</strong></span> <span class='ocrx_word' id='word_1_289' title='bbox 1683 2781 1747 2837; x_wconf 84' lang='grc' dir='ltr'>Ει</span> <span class='ocrx_word' id='word_1_290' title='bbox 1773 2784 1963 2842; x_wconf 85' lang='lat' dir='ltr'><strong>beatus</strong></span> 
     </span>
    </p>
   </div>
   <div class='ocr_carea' id='block_1_40' title="bbox 377 2857 1965 2940">
    <p class='ocr_par' dir='ltr' id='par_1_40' title="bbox 377 2857 1965 2940">
     <span class='ocr_line' id='line_1_40' title="bbox 377 2857 1965 2940; baseline 0.011 -26"><span class='ocrx_word' id='word_1_291' title='bbox 377 2857 555 2917; x_wconf 74' lang='lat' dir='ltr'><strong>Moses</strong></span> <span class='ocrx_word' id='word_1_292' title='bbox 576 2862 750 2919; x_wconf 81' lang='lat' dir='ltr'><strong>ﬁdelis</strong></span> <span class='ocrx_word' id='word_1_293' title='bbox 775 2867 1063 2922; x_wconf 89' lang='lat' dir='ltr'><strong>verborum</strong></span> <span class='ocrx_word' id='word_1_294' title='bbox 1096 2867 1189 2923; x_wconf 87' lang='lat' dir='ltr'><strong>Dei</strong></span> <span class='ocrx_word' id='word_1_295' title='bbox 1213 2869 1465 2927; x_wconf 83' lang='lat' dir='ltr'><strong>minister</strong></span> <span class='ocrx_word' id='word_1_296' title='bbox 1483 2872 1607 2940; x_wconf 76' lang='lat' dir='ltr'><strong>fuit,</strong></span> <span class='ocrx_word' id='word_1_297' title='bbox 1629 2884 1780 2940; x_wconf 91' lang='lat' dir='ltr'><strong>et,ut</strong></span> <span class='ocrx_word' id='word_1_298' title='bbox 1797 2878 1965 2934; x_wconf 87' lang='lat' dir='ltr'><strong>semel</strong></span> 
     </span>
    </p>
   </div>
   <div class='ocr_carea' id='block_1_41' title="bbox 376 2953 1967 3038">
    <p class='ocr_par' dir='ltr' id='par_1_41' title="bbox 376 2953 1967 3038">
     <span class='ocr_line' id='line_1_41' title="bbox 376 2953 1967 3038; baseline 0.013 -31"><span class='ocrx_word' id='word_1_299' title='bbox 376 2953 578 3019; x_wconf 88' lang='lat' dir='ltr'><strong>dicam,</strong></span> <span class='ocrx_word' id='word_1_300' title='bbox 610 2959 986 3029; x_wconf 89' lang='lat' dir='ltr'><strong>unusquisque</strong></span> <span class='ocrx_word' id='word_1_301' title='bbox 1018 2961 1406 3032; x_wconf 88' lang='lat' dir='ltr'><strong>prophetarum</strong></span> <span class='ocrx_word' id='word_1_302' title='bbox 1445 2981 1552 3021; x_wconf 91' lang='lat' dir='ltr'><strong>non</strong></span> <span class='ocrx_word' id='word_1_303' title='bbox 1582 2968 1818 3038; x_wconf 87' lang='lat' dir='ltr'><strong>propriis</strong></span> <span class='ocrx_word' id='word_1_304' title='bbox 1854 2972 1967 3027; x_wconf 89' lang='lat' dir='ltr'><strong>suis</strong></span> 
     </span>
    </p>
   </div>
   <div class='ocr_carea' id='block_1_42' title="bbox 2062 1762 3654 1840">
    <p class='ocr_par' dir='ltr' id='par_1_42' title="bbox 2062 1762 3654 1840">
     <span class='ocr_line' id='line_1_42' title="bbox 2062 1762 3654 1840; baseline -0.004 -17"><span class='ocrx_word' id='word_1_305' title='bbox 2062 1770 2333 1836; x_wconf 77' lang='grc' dir='ltr'>ἅπαντας,</span> <span class='ocrx_word' id='word_1_306' title='bbox 2372 1769 2512 1840; x_wconf 82' lang='grc' dir='ltr'>μήτε</span> <span class='ocrx_word' id='word_1_307' title='bbox 2545 1768 2654 1839; x_wconf 79' lang='grc' dir='ltr'>μὴν</span> <span class='ocrx_word' id='word_1_308' title='bbox 2684 1767 2755 1820; x_wconf 87' lang='grc' dir='ltr'><strong>τά</strong></span> <span class='ocrx_word' id='word_1_309' title='bbox 2782 1766 2922 1838; x_wconf 72' lang='grc' dir='ltr'>ἑργα</span> <span class='ocrx_word' id='word_1_310' title='bbox 2953 1768 3062 1822; x_wconf 69' lang='grc' dir='ltr'>ἴδια</span> <span class='ocrx_word' id='word_1_311' title='bbox 3100 1767 3269 1822; x_wconf 81' lang='grc' dir='ltr'>αὑτοῦ</span> <span class='ocrx_word' id='word_1_312' title='bbox 3307 1762 3482 1820; x_wconf 79' lang='grc' dir='ltr'>εἶναι·</span> <span class='ocrx_word' id='word_1_313' title='bbox 3515 1765 3654 1818; x_wconf 81' lang='grc' dir='ltr'>άλλά</span> 
     </span>
    </p>
   </div>
   <div class='ocr_carea' id='block_1_43' title="bbox 2057 1856 3654 1939">
    <p class='ocr_par' dir='ltr' id='par_1_43' title="bbox 2057 1856 3654 1939">
     <span class='ocr_line' id='line_1_43' title="bbox 2057 1856 3654 1939; baseline -0.004 -23"><span class='ocrx_word' id='word_1_314' title='bbox 2057 1863 2157 1916; x_wconf 81' lang='grc' dir='ltr'><strong>τοῦ</strong></span> <span class='ocrx_word' id='word_1_315' title='bbox 2181 1861 2251 1916; x_wconf 77' lang='grc' dir='ltr'><strong>τά</strong></span> <span class='ocrx_word' id='word_1_316' title='bbox 2280 1859 2509 1916; x_wconf 82' lang='grc' dir='ltr'>τοιαῦτα</span> <span class='ocrx_word' id='word_1_317' title='bbox 2547 1859 2731 1914; x_wconf 75' lang='grc' dir='ltr'>λαλεῖν</span> <span class='ocrx_word' id='word_1_318' title='bbox 2755 1858 3136 1929; x_wconf 67' lang='grc' dir='ltr'><strong>ἐντειλαμένου</strong></span> <span class='ocrx_word' id='word_1_319' title='bbox 3168 1857 3399 1939; x_wconf 80' lang='grc' dir='ltr'>Πατρδς,</span> <span class='ocrx_word' id='word_1_320' title='bbox 3430 1858 3527 1910; x_wconf 77' lang='grc' dir='ltr'><strong>καὶ</strong></span> <span class='ocrx_word' id='word_1_321' title='bbox 3551 1856 3654 1910; x_wconf 83' lang='grc' dir='ltr'><strong>τοῦ</strong></span> 
     </span>
    </p>
   </div>
   <div class='ocr_carea' id='block_1_44' title="bbox 2057 1949 3655 2024">
    <p class='ocr_par' dir='ltr' id='par_1_44' title="bbox 2057 1949 3655 2024">
     <span class='ocr_line' id='line_1_44' title="bbox 2057 1949 3655 2024; baseline -0.004 -16"><span class='ocrx_word' id='word_1_322' title='bbox 2057 1954 2352 2019; x_wconf 77' lang='grc' dir='ltr'>δεδωκάτος</span> <span class='ocrx_word' id='word_1_323' title='bbox 2380 1951 2478 2024; x_wconf 84' lang='grc' dir='ltr'>τὴν</span> <span class='ocrx_word' id='word_1_324' title='bbox 2516 1950 2748 2023; x_wconf 81' lang='grc' dir='ltr'>δύναμιν</span> <span class='ocrx_word' id='word_1_325' title='bbox 2789 1951 2870 2015; x_wconf 80' lang='grc' dir='ltr'><strong>είς</strong></span> <span class='ocrx_word' id='word_1_326' title='bbox 2901 1951 3004 2024; x_wconf 80' lang='grc' dir='ltr'>τὴν</span> <span class='ocrx_word' id='word_1_327' title='bbox 3031 1949 3140 2005; x_wconf 82' lang='grc' dir='ltr'>τῶν</span> <span class='ocrx_word' id='word_1_328' title='bbox 3171 1951 3354 2022; x_wconf 74' lang='grc' dir='ltr'>ἔργων</span> <span class='ocrx_word' id='word_1_329' title='bbox 3400 1949 3655 2022; x_wconf 78' lang='grc' dir='ltr'>συμπλή-</span> 
     </span>
    </p>
   </div>
   <div class='ocr_carea' id='block_1_45' title="bbox 2064 2063 2250 2117">
    <p class='ocr_par' dir='ltr' id='par_1_45' title="bbox 2064 2063 2250 2117">
     <span class='ocr_line' id='line_1_45' title="bbox 2064 2063 2250 2117; baseline 0.005 -18"><span class='ocrx_word' id='word_1_330' title='bbox 2064 2063 2250 2117; x_wconf 84' lang='grc' dir='ltr'>ρωσιν.</span> 
     </span>
    </p>
   </div>
   <div class='ocr_carea' id='block_1_46' title="bbox 2557 2136 3172 2206">
    <p class='ocr_par' dir='ltr' id='par_1_46' title="bbox 2557 2136 3172 2206">
     <span class='ocr_line' id='line_1_46' title="bbox 2557 2136 3172 2206; baseline 0.002 -15"><span class='ocrx_word' id='word_1_331' title='bbox 2557 2136 2712 2206; x_wconf 85' lang='grc' dir='ltr'>Πρὸς</span> <span class='ocrx_word' id='word_1_332' title='bbox 2749 2136 2937 2191; x_wconf 82' lang='grc' dir='ltr'>ταῦτα</span> <span class='ocrx_word' id='word_1_333' title='bbox 2963 2139 3172 2203; x_wconf 70' lang='grc' dir='ltr'>λύσις.</span> 
     </span>
    </p>
   </div>
   <div class='ocr_carea' id='block_1_47' title="bbox 2129 2221 3659 2301">
    <p class='ocr_par' dir='ltr' id='par_1_47' title="bbox 2129 2221 3659 2301">
     <span class='ocr_line' id='line_1_47' title="bbox 2129 2221 3659 2301; baseline -0.003 -18"><span class='ocrx_word' id='word_1_334' title='bbox 2129 2229 2342 2283; x_wconf 80' lang='grc' dir='ltr'>Οὐκοῦν</span> <span class='ocrx_word' id='word_1_335' title='bbox 2387 2227 2628 2293; x_wconf 77' lang='grc' dir='ltr'>ἐξέστω,</span> <span class='ocrx_word' id='word_1_336' title='bbox 2682 2228 2806 2281; x_wconf 77' lang='grc' dir='ltr'>καθ’</span> <span class='ocrx_word' id='word_1_337' title='bbox 2860 2227 3047 2297; x_wconf 80' lang='grc' dir='ltr'>ὑμᾶς,</span> <span class='ocrx_word' id='word_1_338' title='bbox 3097 2221 3142 2280; x_wconf 81' lang='grc' dir='ltr'>ὦ</span> <span class='ocrx_word' id='word_1_339' title='bbox 3193 2227 3500 2301; x_wconf 73' lang='grc' dir='ltr'>αἱρετικοὶ,</span> <span class='ocrx_word' id='word_1_340' title='bbox 3560 2226 3659 2279; x_wconf 77' lang='grc' dir='ltr'><strong>καὶ</strong></span> 
     </span>
    </p>
   </div>
   <div class='ocr_carea' id='block_1_48' title="bbox 2061 2316 3662 2392">
    <p class='ocr_par' dir='ltr' id='par_1_48' title="bbox 2061 2316 3662 2392">
     <span class='ocr_line' id='line_1_48' title="bbox 2061 2316 3662 2392; baseline -0.004 -17"><span class='ocrx_word' id='word_1_341' title='bbox 2061 2321 2278 2392; x_wconf 74' lang='grc' dir='ltr'>ἑκάστῳ</span> <span class='ocrx_word' id='word_1_342' title='bbox 2311 2319 2428 2372; x_wconf 66' lang='grc' dir='ltr'><strong>τῶν»</strong></span> <span class='ocrx_word' id='word_1_343' title='bbox 2448 2319 2623 2388; x_wconf 89' lang='grc' dir='ltr'>άγίων</span> <span class='ocrx_word' id='word_1_344' title='bbox 2649 2319 2747 2390; x_wconf 82' lang='grc' dir='ltr'>τὴν</span> <span class='ocrx_word' id='word_1_345' title='bbox 2773 2317 3039 2389; x_wconf 73' lang='grc' dir='ltr'>τοιαύτην</span> <span class='ocrx_word' id='word_1_346' title='bbox 3067 2316 3520 2386; x_wconf 73' lang='grc' dir='ltr'><strong>ἀποφθέγγεσθαι</strong></span> <span class='ocrx_word' id='word_1_347' title='bbox 3550 2334 3662 2384; x_wconf 74' lang='grc' dir='ltr'>φων</span> 
     </span>
    </p>
   </div>
   <div class='ocr_carea' id='block_1_49' title="bbox 2058 2408 3660 2486">
    <p class='ocr_par' dir='ltr' id='par_1_49' title="bbox 2058 2408 3660 2486">
     <span class='ocr_line' id='line_1_49' title="bbox 2058 2408 3660 2486; baseline -0.004 -19"><span class='ocrx_word' id='word_1_348' title='bbox 2058 2415 2190 2486; x_wconf 79' lang='grc' dir='ltr'>νήν-</span> <span class='ocrx_word' id='word_1_349' title='bbox 2225 2413 2354 2467; x_wconf 72' lang='grc' dir='ltr'>ἐπεὶ</span> <span class='ocrx_word' id='word_1_350' title='bbox 2395 2411 2490 2466; x_wconf 73' lang='grc' dir='ltr'><strong>καὶ</strong></span> <span class='ocrx_word' id='word_1_351' title='bbox 2532 2411 2688 2465; x_wconf 76' lang='grc' dir='ltr'>αὐτοὶ</span> <span class='ocrx_word' id='word_1_352' title='bbox 2725 2409 2888 2465; x_wconf 83' lang='grc' dir='ltr'>Θείων</span> <span class='ocrx_word' id='word_1_353' title='bbox 2938 2410 3196 2479; x_wconf 83' lang='grc' dir='ltr'>γεγόνασι</span> <span class='ocrx_word' id='word_1_354' title='bbox 3233 2410 3498 2480; x_wconf 80' lang='grc' dir='ltr'><strong>ῥημάτων</strong></span> <span class='ocrx_word' id='word_1_355' title='bbox 3541 2408 3660 2461; x_wconf 76' lang='grc' dir='ltr'>διά-</span> 
     </span>
    </p>
   </div>
   <div class='ocr_carea' id='block_1_50' title="bbox 2061 2499 3661 2572">
    <p class='ocr_par' dir='ltr' id='par_1_50' title="bbox 2061 2499 3661 2572">
     <span class='ocr_line' id='line_1_50' title="bbox 2061 2499 3661 2572; baseline -0.003 -14"><span class='ocrx_word' id='word_1_356' title='bbox 2061 2521 2230 2565; x_wconf 81' lang='grc' dir='ltr'>κονοι,</span> <span class='ocrx_word' id='word_1_357' title='bbox 2270 2503 2366 2558; x_wconf 78' lang='grc' dir='ltr'><strong>καὶ</strong></span> <span class='ocrx_word' id='word_1_358' title='bbox 2389 2502 2459 2556; x_wconf 65' lang='grc' dir='ltr'>τὰ</span> <span class='ocrx_word' id='word_1_359' title='bbox 2477 2500 2739 2556; x_wconf 80' lang='grc' dir='ltr'>δύνασθαι</span> <span class='ocrx_word' id='word_1_360' title='bbox 2773 2500 3032 2564; x_wconf 78' lang='grc' dir='ltr'>λαϐόντες</span> <span class='ocrx_word' id='word_1_361' title='bbox 3061 2499 3290 2564; x_wconf 73' lang='grc' dir='ltr'>ἄνωθεν,</span> <span class='ocrx_word' id='word_1_362' title='bbox 3328 2501 3510 2572; x_wconf 75' lang='grc' dir='ltr'>ἔργων</span> <span class='ocrx_word' id='word_1_363' title='bbox 3549 2515 3661 2553; x_wconf 83' lang='grc' dir='ltr'>πα-</span> 
     </span>
    </p>
   </div>
   <div class='ocr_carea' id='block_1_51' title="bbox 2066 2592 3658 2666">
    <p class='ocr_par' dir='ltr' id='par_1_51' title="bbox 2066 2592 3658 2666">
     <span class='ocr_line' id='line_1_51' title="bbox 2066 2592 3658 2666; baseline -0.003 -17"><span class='ocrx_word' id='word_1_364' title='bbox 2066 2595 2301 2666; x_wconf 78' lang='grc' dir='ltr'>ραδόξων</span> <span class='ocrx_word' id='word_1_365' title='bbox 2352 2594 2614 2662; x_wconf 81' lang='grc' dir='ltr'>γεγόνασι</span> <span class='ocrx_word' id='word_1_366' title='bbox 2661 2593 2905 2664; x_wconf 81' lang='grc' dir='ltr'>ποιηταί.</span> <span class='ocrx_word' id='word_1_367' title='bbox 2962 2593 3031 2646; x_wconf 69' lang='grc' dir='ltr'><strong>ἰι</strong></span> <span class='ocrx_word' id='word_1_368' title='bbox 3073 2592 3174 2664; x_wconf 79' lang='grc' dir='ltr'>μὲν</span> <span class='ocrx_word' id='word_1_369' title='bbox 3217 2593 3330 2662; x_wconf 82' lang='grc' dir='ltr'><strong>γάρ</strong></span> <span class='ocrx_word' id='word_1_370' title='bbox 3381 2592 3658 2664; x_wconf 83' lang='grc' dir='ltr'>μακάριος</span> 
     </span>
    </p>
   </div>
   <div class='ocr_carea' id='block_1_52' title="bbox 2063 2681 3665 2756">
    <p class='ocr_par' dir='ltr' id='par_1_52' title="bbox 2063 2681 3665 2756">
     <span class='ocr_line' id='line_1_52' title="bbox 2063 2681 3665 2756; baseline -0.003 -17"><span class='ocrx_word' id='word_1_371' title='bbox 2063 2687 2261 2751; x_wconf 73' lang='grc' dir='ltr'><strong>Δαὸὶὸ,</strong></span> <span class='ocrx_word' id='word_1_372' title='bbox 2296 2706 2316 2738; x_wconf 81' lang='grc' dir='ltr'><strong>ι</strong></span> <span class='ocrx_word' id='word_1_373' title='bbox 2359 2685 2711 2756; x_wconf 81' lang='grc' dir='ltr'>Ἀκούσομαι,</span> <span class='ocrx_word' id='word_1_374' title='bbox 2744 2684 2909 2755; x_wconf 69' lang='grc' dir='ltr'>φησὶ,</span> <span class='ocrx_word' id='word_1_375' title='bbox 2930 2684 2982 2736; x_wconf 89' lang='grc' dir='ltr'>τί</span> <span class='ocrx_word' id='word_1_376' title='bbox 3011 2683 3238 2755; x_wconf 80' lang='grc' dir='ltr'>λαλήσει</span> <span class='ocrx_word' id='word_1_377' title='bbox 3280 2685 3341 2738; x_wconf 80' lang='grc' dir='ltr'>ὲν</span> <span class='ocrx_word' id='word_1_378' title='bbox 3381 2684 3506 2753; x_wconf 73' lang='grc' dir='ltr'>ἐμοὶ</span> <span class='ocrx_word' id='word_1_379' title='bbox 3544 2681 3665 2736; x_wconf 73' lang='grc' dir='ltr'><strong>Κύ-</strong></span> 
     </span>
    </p>
   </div>
   <div class='ocr_carea' id='block_1_53' title="bbox 2067 2773 3659 2850">
    <p class='ocr_par' dir='ltr' id='par_1_53' title="bbox 2067 2773 3659 2850">
     <span class='ocr_line' id='line_1_53' title="bbox 2067 2773 3659 2850; baseline -0.003 -19"><span class='ocrx_word' id='word_1_380' title='bbox 2067 2795 2182 2850; x_wconf 85' lang='grc' dir='ltr'>ριος</span> <span class='ocrx_word' id='word_1_381' title='bbox 2205 2780 2234 2832; x_wconf 87' lang='grc' dir='ltr'><strong>ὀ</strong></span> <span class='ocrx_word' id='word_1_382' title='bbox 2263 2777 2418 2842; x_wconf 81' lang='grc' dir='ltr'>Θεός.</span> <span class='ocrx_word' id='word_1_383' title='bbox 2447 2796 2466 2830; x_wconf 82' lang='grc' dir='ltr'><strong>ι</strong></span> <span class='ocrx_word' id='word_1_384' title='bbox 2519 2773 2572 2830; x_wconf 88' lang='grc' dir='ltr'><strong>Ὀ</strong></span> <span class='ocrx_word' id='word_1_385' title='bbox 2599 2776 2656 2830; x_wconf 76' lang='grc' dir='ltr'><strong>δὲ</strong></span> <span class='ocrx_word' id='word_1_386' title='bbox 2692 2775 3004 2846; x_wconf 82' lang='grc' dir='ltr'>σοφώτατος</span> <span class='ocrx_word' id='word_1_387' title='bbox 3047 2776 3301 2847; x_wconf 85' lang='grc' dir='ltr'>Σολομῶν</span> <span class='ocrx_word' id='word_1_388' title='bbox 3322 2793 3336 2807; x_wconf 92' lang='grc'>·</span> <span class='ocrx_word' id='word_1_389' title='bbox 3376 2795 3396 2827; x_wconf 80' lang='grc' dir='ltr'><strong>ι</strong></span> <span class='ocrx_word' id='word_1_390' title='bbox 3427 2778 3490 2828; x_wconf 82' lang='grc' dir='ltr'>Οί</span> <span class='ocrx_word' id='word_1_391' title='bbox 3533 2776 3659 2846; x_wconf 69' lang='grc' dir='ltr'>ἐμοὶ</span> 
     </span>
    </p>
   </div>
   <div class='ocr_carea' id='block_1_54' title="bbox 2063 2867 3658 2940">
    <p class='ocr_par' dir='ltr' id='par_1_54' title="bbox 2063 2867 3658 2940">
     <span class='ocr_line' id='line_1_54' title="bbox 2063 2867 3658 2940; baseline 0 -18"><span class='ocrx_word' id='word_1_392' title='bbox 2063 2870 2210 2939; x_wconf 85' lang='grc' dir='ltr'>λόγοι</span> <span class='ocrx_word' id='word_1_393' title='bbox 2256 2869 2502 2940; x_wconf 80' lang='grc' dir='ltr'>εἴρηνται</span> <span class='ocrx_word' id='word_1_394' title='bbox 2547 2867 2654 2922; x_wconf 83' lang='grc' dir='ltr'><strong>ὑπὸ</strong></span> <span class='ocrx_word' id='word_1_395' title='bbox 2685 2868 2842 2922; x_wconf 86' lang='grc' dir='ltr'>Θεοῦ.</span> <span class='ocrx_word' id='word_1_396' title='bbox 2870 2888 2889 2919; x_wconf 76' lang='grc' dir='ltr'><strong>ι</strong></span> <span class='ocrx_word' id='word_1_397' title='bbox 2925 2868 3036 2922; x_wconf 75' lang='grc' dir='ltr'><strong>Καὶ</strong></span> <span class='ocrx_word' id='word_1_398' title='bbox 3067 2869 3274 2938; x_wconf 85' lang='grc' dir='ltr'>Μωσῆς</span> <span class='ocrx_word' id='word_1_399' title='bbox 3309 2871 3338 2922; x_wconf 84' lang='grc' dir='ltr'>ὁ</span> <span class='ocrx_word' id='word_1_400' title='bbox 3385 2868 3658 2939; x_wconf 80' lang='grc' dir='ltr'>μακάριος</span> 
     </span>
    </p>
   </div>
   <div class='ocr_carea' id='block_1_55' title="bbox 2065 2961 3661 3033">
    <p class='ocr_par' dir='ltr' id='par_1_55' title="bbox 2065 2961 3661 3033">
     <span class='ocr_line' id='line_1_55' title="bbox 2065 2961 3661 3033; baseline -0.002 -19"><span class='ocrx_word' id='word_1_401' title='bbox 2065 2963 2175 3015; x_wconf 84' lang='grc' dir='ltr'><strong>τῶν</strong></span> <span class='ocrx_word' id='word_1_402' title='bbox 2201 2961 2296 3015; x_wconf 86' lang='grc' dir='ltr'><strong>τοῦ</strong></span> <span class='ocrx_word' id='word_1_403' title='bbox 2337 2961 2478 3015; x_wconf 88' lang='grc' dir='ltr'>Θεοῦ</span> <span class='ocrx_word' id='word_1_404' title='bbox 2502 2962 2765 3033; x_wconf 79' lang='grc' dir='ltr'><strong>ῥημάτων</strong></span> <span class='ocrx_word' id='word_1_405' title='bbox 2803 2962 2994 3024; x_wconf 83' lang='grc' dir='ltr'>πιστὸς</span> <span class='ocrx_word' id='word_1_406' title='bbox 3024 2962 3217 3030; x_wconf 71' lang='grc' dir='ltr'>γέγονε</span> <span class='ocrx_word' id='word_1_407' title='bbox 3258 2962 3530 3026; x_wconf 81' lang='grc' dir='ltr'>διάκονος,</span> <span class='ocrx_word' id='word_1_408' title='bbox 3564 2961 3661 3016; x_wconf 70' lang='grc' dir='ltr'><strong>καὶ</strong></span> 
     </span>
    </p>
   </div>
   <div class='ocr_carea' id='block_1_56' title="bbox 377 3047 1964 3134">
    <p class='ocr_par' dir='ltr' id='par_1_56' title="bbox 377 3047 1958 3126">
     <span class='ocr_line' id='line_1_56' title="bbox 377 3047 1958 3126; baseline 0.014 -28"><span class='ocrx_word' id='word_1_409' title='bbox 377 3047 563 3104; x_wconf 86' lang='lat' dir='ltr'><strong>verbis</strong></span> <span class='ocrx_word' id='word_1_410' title='bbox 591 3059 675 3104; x_wconf 84' lang='lat' dir='ltr'><strong>est</strong></span> <span class='ocrx_word' id='word_1_411' title='bbox 702 3067 854 3118; x_wconf 89' lang='lat' dir='ltr'><strong>usus,</strong></span> <span class='ocrx_word' id='word_1_412' title='bbox 881 3055 975 3108; x_wconf 85' lang='lat' dir='ltr'><strong>sed</strong></span> <span class='ocrx_word' id='word_1_413' title='bbox 1009 3054 1123 3110; x_wconf 74' lang='lat' dir='ltr'><strong>lucc</strong></span> <span class='ocrx_word' id='word_1_414' title='bbox 1160 3070 1374 3126; x_wconf 88' lang='lat' dir='ltr'><strong>semper</strong></span> <span class='ocrx_word' id='word_1_415' title='bbox 1404 3057 1458 3112; x_wconf 92' lang='lat' dir='ltr'><strong>in</strong></span> <span class='ocrx_word' id='word_1_416' title='bbox 1495 3075 1590 3116; x_wconf 90' lang='lat' dir='ltr'><strong>ore</strong></span> <span class='ocrx_word' id='word_1_417' title='bbox 1619 3061 1958 3120; x_wconf 86' lang='lat' dir='ltr'><strong>habuerunt:</strong></span> 
     </span>
    </p>
   </div>
   <div class='ocr_carea' id='block_1_57' title="bbox 2071 3047 3659 3134">
    <p class='ocr_par' dir='ltr' id='par_1_57' title="bbox 2071 3053 3659 3125">
     <span class='ocr_line' id='line_1_57' title="bbox 2071 3053 3659 3125; baseline -0.003 -16"><span class='ocrx_word' id='word_1_418' title='bbox 2071 3054 2404 3122; x_wconf 74' lang='grc' dir='ltr'>ἁπαξαπλῶς</span> <span class='ocrx_word' id='word_1_419' title='bbox 2449 3055 2678 3116; x_wconf 73' lang='grc' dir='ltr'>ἕκαστος</span> <span class='ocrx_word' id='word_1_420' title='bbox 2720 3053 2829 3107; x_wconf 83' lang='grc' dir='ltr'>τῶν</span> <span class='ocrx_word' id='word_1_421' title='bbox 2882 3054 3178 3125; x_wconf 75' lang='grc' dir='ltr'>προφητῶν</span> <span class='ocrx_word' id='word_1_422' title='bbox 3233 3055 3295 3107; x_wconf 76' lang='grc' dir='ltr'>οὐ</span> <span class='ocrx_word' id='word_1_423' title='bbox 3345 3057 3454 3116; x_wconf 83' lang='grc' dir='ltr'>τοῖς</span> <span class='ocrx_word' id='word_1_424' title='bbox 3508 3053 3659 3115; x_wconf 74' lang='grc' dir='ltr'>ἰδίοις</span> 
     </span>
    </p>
   </div>
   <div class='ocr_carea' id='block_1_58' title="bbox 387 3137 1967 3226">
    <p class='ocr_par' dir='ltr' id='par_1_58' title="bbox 387 3137 1967 3226">
     <span class='ocr_line' id='line_1_58' title="bbox 387 3137 1967 3226; baseline 0.013 -35"><span class='ocrx_word' id='word_1_425' title='bbox 387 3158 404 3191; x_wconf 83' lang='grc' dir='ltr'><strong>ι</strong></span> <span class='ocrx_word' id='word_1_426' title='bbox 436 3137 560 3196; x_wconf 55' lang='lat' dir='ltr'><strong>Haec</strong></span> <span class='ocrx_word' id='word_1_427' title='bbox 598 3143 730 3198; x_wconf 90' lang='lat' dir='ltr'><strong>dicit</strong></span> <span class='ocrx_word' id='word_1_428' title='bbox 774 3143 1052 3201; x_wconf 86' lang='lat' dir='ltr'><strong>Dominus.</strong></span> <span class='ocrx_word' id='word_1_429' title='bbox 1082 3166 1102 3201; x_wconf 80' lang='grc' dir='ltr'><strong>ι</strong></span> <span class='ocrx_word' id='word_1_430' title='bbox 1152 3149 1230 3204; x_wconf 77' lang='lat' dir='ltr'><strong>Ex</strong></span> <span class='ocrx_word' id='word_1_431' title='bbox 1270 3151 1358 3207; x_wconf 87' lang='lat' dir='ltr'><strong>bis</strong></span> <span class='ocrx_word' id='word_1_432' title='bbox 1401 3151 1567 3222; x_wconf 79' lang='lat' dir='ltr'><strong>igitur</strong></span> <span class='ocrx_word' id='word_1_433' title='bbox 1597 3155 1733 3208; x_wconf 84' lang='lat' dir='ltr'><strong>satis</strong></span> <span class='ocrx_word' id='word_1_434' title='bbox 1774 3157 1967 3226; x_wconf 86' lang='lat' dir='ltr'><strong>liquet,</strong></span> 
     </span>
    </p>
   </div>
   <div class='ocr_carea' id='block_1_59' title="bbox 381 3231 1972 3315">
    <p class='ocr_par' dir='ltr' id='par_1_59' title="bbox 381 3231 1972 3315">
     <span class='ocr_line' id='line_1_59' title="bbox 381 3231 1972 3315; baseline 0.012 -30"><span class='ocrx_word' id='word_1_435' title='bbox 381 3231 582 3287; x_wconf 89' lang='lat' dir='ltr'><strong>multos</strong></span> <span class='ocrx_word' id='word_1_436' title='bbox 611 3234 778 3288; x_wconf 89' lang='lat' dir='ltr'><strong>etiam</strong></span> <span class='ocrx_word' id='word_1_437' title='bbox 809 3236 946 3292; x_wconf 88' lang='lat' dir='ltr'><strong>alios</strong></span> <span class='ocrx_word' id='word_1_438' title='bbox 977 3254 1286 3296; x_wconf 88' lang='lat' dir='ltr'><strong>sermonem</strong></span> <span class='ocrx_word' id='word_1_439' title='bbox 1322 3242 1414 3297; x_wconf 89' lang='lat' dir='ltr'><strong>Dei</strong></span> <span class='ocrx_word' id='word_1_440' title='bbox 1451 3244 1886 3315; x_wconf 79' lang='lat' dir='ltr'><strong>administrasse,</strong></span> <span class='ocrx_word' id='word_1_441' title='bbox 1915 3257 1972 3304; x_wconf 91' lang='lat' dir='ltr'><strong>et</strong></span> 
     </span>
    </p>
   </div>
   <div class='ocr_carea' id='block_1_60' title="bbox 382 3323 1968 3409">
    <p class='ocr_par' dir='ltr' id='par_1_60' title="bbox 382 3323 1968 3409">
     <span class='ocr_line' id='line_1_60' title="bbox 382 3323 1968 3409; baseline 0.01 -31"><span class='ocrx_word' id='word_1_442' title='bbox 382 3323 642 3380; x_wconf 88' lang='lat' dir='ltr'><strong>miracula</strong></span> <span class='ocrx_word' id='word_1_443' title='bbox 673 3327 931 3397; x_wconf 84' lang='lat' dir='ltr'><strong>edidisse,</strong></span> <span class='ocrx_word' id='word_1_444' title='bbox 971 3330 1228 3387; x_wconf 89' lang='lat' dir='ltr'><strong>nimirum</strong></span> <span class='ocrx_word' id='word_1_445' title='bbox 1264 3349 1293 3388; x_wconf 87' lang='lat' dir='ltr'><strong>a</strong></span> <span class='ocrx_word' id='word_1_446' title='bbox 1344 3334 1477 3402; x_wconf 86' lang='lat' dir='ltr'><strong>Deo,</strong></span> <span class='ocrx_word' id='word_1_447' title='bbox 1521 3346 1582 3392; x_wconf 90' lang='grc' dir='ltr'><strong>ιιι</strong></span> <span class='ocrx_word' id='word_1_448' title='bbox 1622 3339 1825 3394; x_wconf 88' lang='lat' dir='ltr'><strong>dictum</strong></span> <span class='ocrx_word' id='word_1_449' title='bbox 1861 3350 1968 3409; x_wconf 86' lang='lat' dir='ltr'><strong>est,</strong></span> 
     </span>
    </p>
   </div>
   <div class='ocr_carea' id='block_1_61' title="bbox 379 3415 1970 3498">
    <p class='ocr_par' dir='ltr' id='par_1_61' title="bbox 379 3415 1970 3498">
     <span class='ocr_line' id='line_1_61' title="bbox 379 3415 1970 3498; baseline 0.012 -27"><span class='ocrx_word' id='word_1_450' title='bbox 379 3415 642 3472; x_wconf 72' lang='lat' dir='ltr'><strong>facultate</strong></span> <span class='ocrx_word' id='word_1_451' title='bbox 674 3429 921 3489; x_wconf 82' lang='lat' dir='ltr'><strong>accepta.</strong></span> <span class='ocrx_word' id='word_1_452' title='bbox 952 3421 1160 3480; x_wconf 87' lang='lat' dir='ltr'><strong>Idcirco</strong></span> <span class='ocrx_word' id='word_1_453' title='bbox 1180 3435 1237 3482; x_wconf 87' lang='lat' dir='ltr'><strong>et</strong></span> <span class='ocrx_word' id='word_1_454' title='bbox 1268 3427 1519 3498; x_wconf 85' lang='lat' dir='ltr'><strong>discipuli</strong></span> <span class='ocrx_word' id='word_1_455' title='bbox 1559 3429 1872 3488; x_wconf 88' lang='lat' dir='ltr'><strong>Servatoris</strong></span> <span class='ocrx_word' id='word_1_456' title='bbox 1902 3435 1970 3491; x_wconf 89' lang='lat' dir='ltr'><strong>ad</strong></span> 
     </span>
    </p>
   </div>
   <div class='ocr_carea' id='block_1_62' title="bbox 381 3506 1970 3584">
    <p class='ocr_par' dir='ltr' id='par_1_62' title="bbox 381 3506 1970 3584">
     <span class='ocr_line' id='line_1_62' title="bbox 381 3506 1970 3584; baseline 0.016 -26"><span class='ocrx_word' id='word_1_457' title='bbox 381 3516 478 3560; x_wconf 85' lang='lat' dir='ltr'><strong>eos</strong></span> <span class='ocrx_word' id='word_1_458' title='bbox 520 3506 614 3578; x_wconf 91' lang='lat' dir='ltr'><strong>qui</strong></span> <span class='ocrx_word' id='word_1_459' title='bbox 647 3508 888 3580; x_wconf 89' lang='lat' dir='ltr'><strong>ipsorum</strong></span> <span class='ocrx_word' id='word_1_460' title='bbox 918 3513 1058 3569; x_wconf 73' lang='lat' dir='ltr'><strong>facta</strong></span> <span class='ocrx_word' id='word_1_461' title='bbox 1105 3517 1534 3583; x_wconf 87' lang='lat' dir='ltr'><strong>admirabantur.</strong></span> <span class='ocrx_word' id='word_1_462' title='bbox 1564 3522 1783 3582; x_wconf 83' lang='lat' dir='ltr'><strong>dicunt:</strong></span> <span class='ocrx_word' id='word_1_463' title='bbox 1813 3545 1832 3578; x_wconf 80' lang='grc' dir='ltr'><strong>ι</strong></span> <span class='ocrx_word' id='word_1_464' title='bbox 1857 3525 1970 3584; x_wconf 74' lang='lat' dir='ltr'><strong>Viri</strong></span> 
     </span>
    </p>
   </div>
   <div class='ocr_carea' id='block_1_63' title="bbox 382 3596 1972 3683">
    <p class='ocr_par' dir='ltr' id='par_1_63' title="bbox 382 3596 1972 3683">
     <span class='ocr_line' id='line_1_63' title="bbox 382 3596 1972 3683; baseline 0.015 -32"><span class='ocrx_word' id='word_1_465' title='bbox 382 3596 604 3663; x_wconf 72' lang='lat' dir='ltr'><strong>fratres,</strong></span> <span class='ocrx_word' id='word_1_466' title='bbox 630 3601 761 3667; x_wconf 85' lang='lat' dir='ltr'><strong>quid</strong></span> <span class='ocrx_word' id='word_1_467' title='bbox 789 3603 944 3658; x_wconf 88' lang='lat' dir='ltr'><strong>nobis</strong></span> <span class='ocrx_word' id='word_1_468' title='bbox 967 3608 1269 3675; x_wconf 87' lang='lat' dir='ltr'><strong>attenditis,</strong></span> <span class='ocrx_word' id='word_1_469' title='bbox 1283 3612 1435 3679; x_wconf 88' lang='lat' dir='ltr'><strong>quasi</strong></span> <span class='ocrx_word' id='word_1_470' title='bbox 1453 3614 1668 3683; x_wconf 87' lang='lat' dir='ltr'><strong>propria</strong></span> <span class='ocrx_word' id='word_1_471' title='bbox 1696 3616 1897 3673; x_wconf 86' lang='lat' dir='ltr'><strong>virtute</strong></span> <span class='ocrx_word' id='word_1_472' title='bbox 1916 3627 1972 3675; x_wconf 89' lang='lat' dir='ltr'><strong>et</strong></span> 
     </span>
    </p>
   </div>
   <div class='ocr_carea' id='block_1_64' title="bbox 385 3689 1972 3764">
    <p class='ocr_par' dir='ltr' id='par_1_64' title="bbox 385 3689 1972 3764">
     <span class='ocr_line' id='line_1_64' title="bbox 385 3689 1972 3764; baseline 0.014 -22"><span class='ocrx_word' id='word_1_473' title='bbox 385 3689 586 3759; x_wconf 90' lang='lat' dir='ltr'><strong>pietate</strong></span> <span class='ocrx_word' id='word_1_474' title='bbox 614 3692 665 3746; x_wconf 90' lang='lat' dir='ltr'><strong>id</strong></span> <span class='ocrx_word' id='word_1_475' title='bbox 691 3690 1007 3759; x_wconf 69' lang='lat' dir='ltr'><strong>elﬁciamns,</strong></span> <span class='ocrx_word' id='word_1_476' title='bbox 1041 3708 1096 3752; x_wconf 88' lang='lat' dir='ltr'><strong>ut</strong></span> <span class='ocrx_word' id='word_1_477' title='bbox 1122 3699 1302 3756; x_wconf 87' lang='lat' dir='ltr'><strong>claudi</strong></span> <span class='ocrx_word' id='word_1_478' title='bbox 1329 3704 1610 3759; x_wconf 87' lang='lat' dir='ltr'><strong>ambulent</strong></span> <span class='ocrx_word' id='word_1_479' title='bbox 1626 3706 1715 3760; x_wconf 71' lang='lat'><strong>&quot;1&#39;</strong></span> <span class='ocrx_word' id='word_1_480' title='bbox 1741 3726 1759 3758; x_wconf 79' lang='grc' dir='ltr'><strong>ι</strong></span> <span class='ocrx_word' id='word_1_481' title='bbox 1783 3707 1972 3764; x_wconf 84' lang='lat' dir='ltr'><strong>Liceat</strong></span> 
     </span>
    </p>
   </div>
   <div class='ocr_carea' id='block_1_65' title="bbox 385 3778 1969 3860">
    <p class='ocr_par' dir='ltr' id='par_1_65' title="bbox 385 3778 1969 3860">
     <span class='ocr_line' id='line_1_65' title="bbox 385 3778 1969 3860; baseline 0.015 -26"><span class='ocrx_word' id='word_1_482' title='bbox 385 3778 554 3850; x_wconf 87' lang='lat' dir='ltr'><strong>igitur</strong></span> <span class='ocrx_word' id='word_1_483' title='bbox 582 3785 748 3840; x_wconf 89' lang='lat' dir='ltr'><strong>etiam</strong></span> <span class='ocrx_word' id='word_1_484' title='bbox 782 3788 1072 3860; x_wconf 88' lang='lat' dir='ltr'><strong>unicuique</strong></span> <span class='ocrx_word' id='word_1_485' title='bbox 1110 3792 1305 3847; x_wconf 87' lang='lat' dir='ltr'><strong>borum</strong></span> <span class='ocrx_word' id='word_1_486' title='bbox 1340 3794 1434 3848; x_wconf 90' lang='lat' dir='ltr'><strong>illo</strong></span> <span class='ocrx_word' id='word_1_487' title='bbox 1463 3795 1674 3854; x_wconf 76' lang='grc' dir='ltr'>ὒιιιιιίιιί</span> <span class='ocrx_word' id='word_1_488' title='bbox 1709 3801 1856 3857; x_wconf 91' lang='lat' dir='ltr'><strong>dicto</strong></span> <span class='ocrx_word' id='word_1_489' title='bbox 1892 3803 1969 3857; x_wconf 92' lang='lat' dir='ltr'><strong>uti</strong></span> 
     </span>
    </p>
   </div>
   <div class='ocr_carea' id='block_1_66' title="bbox 383 3874 1972 3957">
    <p class='ocr_par' dir='ltr' id='par_1_66' title="bbox 383 3874 1972 3957">
     <span class='ocr_line' id='line_1_66' title="bbox 383 3874 1972 3957; baseline 0.017 -34"><span class='ocrx_word' id='word_1_490' title='bbox 383 3882 441 3924; x_wconf 73' lang='grc' dir='ltr'><strong>ιιι</strong></span> <span class='ocrx_word' id='word_1_491' title='bbox 464 3874 650 3932; x_wconf 87' lang='lat' dir='ltr'><strong>dicere</strong></span> <span class='ocrx_word' id='word_1_492' title='bbox 677 3895 694 3932; x_wconf 83' lang='lat'><strong>:</strong></span> <span class='ocrx_word' id='word_1_493' title='bbox 729 3897 748 3930; x_wconf 81' lang='grc' dir='ltr'><strong>ι</strong></span> <span class='ocrx_word' id='word_1_494' title='bbox 781 3879 891 3950; x_wconf 79' lang='lat' dir='ltr'><strong>Ego</strong></span> <span class='ocrx_word' id='word_1_495' title='bbox 925 3882 981 3936; x_wconf 89' lang='lat' dir='ltr'><strong>in</strong></span> <span class='ocrx_word' id='word_1_496' title='bbox 1003 3881 1186 3951; x_wconf 86' lang='lat' dir='ltr'><strong>Patre,</strong></span> <span class='ocrx_word' id='word_1_497' title='bbox 1209 3895 1263 3940; x_wconf 91' lang='lat' dir='ltr'><strong>et</strong></span> <span class='ocrx_word' id='word_1_498' title='bbox 1291 3884 1451 3940; x_wconf 86' lang='lat' dir='ltr'><strong>Pater</strong></span> <span class='ocrx_word' id='word_1_499' title='bbox 1474 3887 1527 3942; x_wconf 89' lang='lat' dir='ltr'><strong>in</strong></span> <span class='ocrx_word' id='word_1_500' title='bbox 1557 3904 1677 3957; x_wconf 88' lang='lat' dir='ltr'><strong>me;</strong></span> <span class='ocrx_word' id='word_1_501' title='bbox 1711 3909 1732 3944; x_wconf 85' lang='grc' dir='ltr'><strong>ι</strong></span> <span class='ocrx_word' id='word_1_502' title='bbox 1761 3906 1886 3947; x_wconf 89' lang='lat' dir='ltr'><strong>cum</strong></span> <span class='ocrx_word' id='word_1_503' title='bbox 1917 3903 1972 3950; x_wconf 90' lang='lat' dir='ltr'><strong>et</strong></span> 
     </span>
    </p>
   </div>
   <div class='ocr_carea' id='block_1_67' title="bbox 382 3963 1972 4052">
    <p class='ocr_par' dir='ltr' id='par_1_67' title="bbox 382 3963 1972 4052">
     <span class='ocr_line' id='line_1_67' title="bbox 382 3963 1972 4052; baseline 0.014 -32"><span class='ocrx_word' id='word_1_504' title='bbox 382 3963 464 4032; x_wconf 79' lang='lat' dir='ltr'><strong>bi,</strong></span> <span class='ocrx_word' id='word_1_505' title='bbox 499 3977 557 4022; x_wconf 94' lang='lat' dir='ltr'><strong>ut</strong></span> <span class='ocrx_word' id='word_1_506' title='bbox 589 3980 748 4025; x_wconf 88' lang='lat' dir='ltr'><strong>antea</strong></span> <span class='ocrx_word' id='word_1_507' title='bbox 784 3973 988 4028; x_wconf 89' lang='lat' dir='ltr'><strong>dictum</strong></span> <span class='ocrx_word' id='word_1_508' title='bbox 1021 3987 1126 4040; x_wconf 77' lang='grc' dir='ltr'>εει,</span> <span class='ocrx_word' id='word_1_509' title='bbox 1169 3977 1373 4034; x_wconf 85' lang='lat' dir='ltr'><strong>divinis</strong></span> <span class='ocrx_word' id='word_1_510' title='bbox 1404 3980 1586 4037; x_wconf 85' lang='lat' dir='ltr'><strong>verbis</strong></span> <span class='ocrx_word' id='word_1_511' title='bbox 1624 3983 1705 4037; x_wconf 90' lang='lat' dir='ltr'><strong>usi</strong></span> <span class='ocrx_word' id='word_1_512' title='bbox 1748 3987 1882 4052; x_wconf 80' lang='lat' dir='ltr'><strong>sint,</strong></span> <span class='ocrx_word' id='word_1_513' title='bbox 1915 3995 1972 4042; x_wconf 91' lang='lat' dir='ltr'><strong>et</strong></span> 
     </span>
    </p>
   </div>
   <div class='ocr_carea' id='block_1_68' title="bbox 383 4068 1972 4152">
    <p class='ocr_par' dir='ltr' id='par_1_68' title="bbox 383 4068 1972 4152">
     <span class='ocr_line' id='line_1_68' title="bbox 383 4068 1972 4152; baseline 0.012 -36"><span class='ocrx_word' id='word_1_514' title='bbox 383 4073 708 4130; x_wconf 84' lang='lat' dir='ltr'><strong>potestatem</strong></span> <span class='ocrx_word' id='word_1_515' title='bbox 749 4068 942 4122; x_wconf 87' lang='lat' dir='ltr'><strong>edemli</strong></span> <span class='ocrx_word' id='word_1_516' title='bbox 960 4072 1217 4125; x_wconf 84' lang='lat' dir='ltr'><strong>miracula</strong></span> <span class='ocrx_word' id='word_1_517' title='bbox 1253 4085 1283 4126; x_wconf 86' lang='lat' dir='ltr'><strong>a</strong></span> <span class='ocrx_word' id='word_1_518' title='bbox 1310 4074 1417 4128; x_wconf 90' lang='lat' dir='ltr'><strong>Deo</strong></span> <span class='ocrx_word' id='word_1_519' title='bbox 1433 4079 1766 4145; x_wconf 75' lang='lat' dir='ltr'><strong>acceperint.</strong></span> <span class='ocrx_word' id='word_1_520' title='bbox 1793 4081 1972 4152; x_wconf 86' lang='lat' dir='ltr'><strong>Atque</strong></span> 
     </span>
    </p>
   </div>
   <div class='ocr_carea' id='block_1_69' title="bbox 385 4152 1972 4233">
    <p class='ocr_par' dir='ltr' id='par_1_69' title="bbox 385 4152 1972 4233">
     <span class='ocr_line' id='line_1_69' title="bbox 385 4152 1972 4233; baseline 0.013 -27"><span class='ocrx_word' id='word_1_521' title='bbox 385 4152 458 4206; x_wconf 87' lang='lat' dir='ltr'><strong>ita</strong></span> <span class='ocrx_word' id='word_1_522' title='bbox 488 4155 620 4210; x_wconf 88' lang='lat' dir='ltr'><strong>nibil</strong></span> <span class='ocrx_word' id='word_1_523' title='bbox 652 4158 911 4212; x_wconf 78' lang='lat' dir='ltr'><strong>exitnium</strong></span> <span class='ocrx_word' id='word_1_524' title='bbox 939 4177 1003 4216; x_wconf 88' lang='lat' dir='ltr'><strong>ac</strong></span> <span class='ocrx_word' id='word_1_525' title='bbox 1036 4162 1312 4233; x_wconf 76' lang='lat' dir='ltr'><strong>singulare</strong></span> <span class='ocrx_word' id='word_1_526' title='bbox 1338 4167 1444 4220; x_wconf 88' lang='lat' dir='ltr'><strong>erit</strong></span> <span class='ocrx_word' id='word_1_527' title='bbox 1481 4166 1534 4222; x_wconf 89' lang='lat' dir='ltr'><strong>in</strong></span> <span class='ocrx_word' id='word_1_528' title='bbox 1557 4166 1718 4231; x_wconf 83' lang='lat' dir='ltr'><strong>Filio.</strong></span> <span class='ocrx_word' id='word_1_529' title='bbox 1744 4171 1839 4226; x_wconf 88' lang='lat' dir='ltr'><strong>sed</strong></span> <span class='ocrx_word' id='word_1_530' title='bbox 1866 4172 1972 4227; x_wconf 89' lang='lat' dir='ltr'><strong>erit</strong></span> 
     </span>
    </p>
   </div>
   <div class='ocr_carea' id='block_1_70' title="bbox 381 4244 1969 4326">
    <p class='ocr_par' dir='ltr' id='par_1_70' title="bbox 381 4244 1969 4326">
     <span class='ocr_line' id='line_1_70' title="bbox 381 4244 1969 4326; baseline 0.013 -32"><span class='ocrx_word' id='word_1_531' title='bbox 381 4244 550 4300; x_wconf 81' lang='lat' dir='ltr'><strong>veluti</strong></span> <span class='ocrx_word' id='word_1_532' title='bbox 577 4262 715 4301; x_wconf 85' lang='lat' dir='ltr'><strong>unus</strong></span> <span class='ocrx_word' id='word_1_533' title='bbox 736 4265 801 4303; x_wconf 75' lang='lat' dir='ltr'><strong>ex</strong></span> <span class='ocrx_word' id='word_1_534' title='bbox 827 4252 1034 4315; x_wconf 72' lang='lat' dir='ltr'><strong>limitis,</strong></span> <span class='ocrx_word' id='word_1_535' title='bbox 1062 4251 1292 4314; x_wconf 79' lang='lat' dir='ltr'><strong>frustra.</strong></span> <span class='ocrx_word' id='word_1_536' title='bbox 1319 4266 1378 4310; x_wconf 90' lang='grc' dir='ltr'><strong>ιιι</strong></span> <span class='ocrx_word' id='word_1_537' title='bbox 1399 4269 1648 4326; x_wconf 81' lang='lat' dir='ltr'><strong>apparet,</strong></span> <span class='ocrx_word' id='word_1_538' title='bbox 1672 4276 1731 4315; x_wconf 88' lang='lat' dir='ltr'><strong>se</strong></span> <span class='ocrx_word' id='word_1_539' title='bbox 1769 4276 1969 4319; x_wconf 84' lang='lat' dir='ltr'><strong>vocans</strong></span> 
     </span>
    </p>
   </div>
   <div class='ocr_carea' id='block_1_71' title="bbox 383 4335 1970 4409">
    <p class='ocr_par' dir='ltr' id='par_1_71' title="bbox 383 4335 1970 4409">
     <span class='ocr_line' id='line_1_71' title="bbox 383 4335 1970 4409; baseline 0.011 -17"><span class='ocrx_word' id='word_1_540' title='bbox 383 4335 603 4405; x_wconf 76' lang='lat' dir='ltr'><strong>Filium,</strong></span> <span class='ocrx_word' id='word_1_541' title='bbox 639 4340 684 4396; x_wconf 87' lang='lat' dir='ltr'><strong>si</strong></span> <span class='ocrx_word' id='word_1_542' title='bbox 733 4343 864 4397; x_wconf 86' lang='lat' dir='ltr'><strong>nihil</strong></span> <span class='ocrx_word' id='word_1_543' title='bbox 893 4345 1168 4401; x_wconf 73' lang='lat' dir='ltr'><strong>excellens</strong></span> <span class='ocrx_word' id='word_1_544' title='bbox 1203 4347 1250 4401; x_wconf 89' lang='lat' dir='ltr'><strong>ei</strong></span> <span class='ocrx_word' id='word_1_545' title='bbox 1296 4348 1459 4403; x_wconf 86' lang='lat' dir='ltr'><strong>inest.</strong></span> <span class='ocrx_word' id='word_1_546' title='bbox 1506 4349 1612 4405; x_wconf 88' lang='lat' dir='ltr'><strong>Sed</strong></span> <span class='ocrx_word' id='word_1_547' title='bbox 1645 4351 1745 4406; x_wconf 76' lang='lat' dir='ltr'><strong>hoc</strong></span> <span class='ocrx_word' id='word_1_548' title='bbox 1775 4354 1970 4409; x_wconf 83' lang='lat' dir='ltr'><strong>absur-</strong></span> 
     </span>
    </p>
   </div>
   <div class='ocr_carea' id='block_1_72' title="bbox 383 4431 1777 4504">
    <p class='ocr_par' dir='ltr' id='par_1_72' title="bbox 383 4431 1777 4504">
     <span class='ocr_line' id='line_1_72' title="bbox 383 4431 1777 4504; baseline 0.011 -22"><span class='ocrx_word' id='word_1_549' title='bbox 383 4431 509 4484; x_wconf 87' lang='lat' dir='ltr'><strong>dum</strong></span> <span class='ocrx_word' id='word_1_550' title='bbox 536 4440 620 4487; x_wconf 84' lang='lat' dir='ltr'><strong>est</strong></span> <span class='ocrx_word' id='word_1_551' title='bbox 642 4438 972 4490; x_wconf 82' lang='lat' dir='ltr'><strong>centrarium</strong></span> <span class='ocrx_word' id='word_1_552' title='bbox 1001 4437 1163 4504; x_wconf 66' lang='lat' dir='ltr'><strong>igitur</strong></span> <span class='ocrx_word' id='word_1_553' title='bbox 1186 4442 1408 4496; x_wconf 88' lang='lat' dir='ltr'><strong>omnino</strong></span> <span class='ocrx_word' id='word_1_554' title='bbox 1437 4457 1623 4496; x_wconf 88' lang='lat' dir='ltr'><strong>verum</strong></span> <span class='ocrx_word' id='word_1_555' title='bbox 1651 4445 1777 4500; x_wconf 89' lang='lat' dir='ltr'><strong>erit.</strong></span> 
     </span>
    </p>
   </div>
   <div class='ocr_carea' id='block_1_73' title="bbox 2072 3141 3666 3220">
    <p class='ocr_par' dir='ltr' id='par_1_73' title="bbox 2072 3141 3666 3220">
     <span class='ocr_line' id='line_1_73' title="bbox 2072 3141 3666 3220; baseline -0.004 -18"><span class='ocrx_word' id='word_1_556' title='bbox 2072 3148 2337 3220; x_wconf 75' lang='grc' dir='ltr'><strong>ἐκέχρητο</strong></span> <span class='ocrx_word' id='word_1_557' title='bbox 2365 3147 2566 3216; x_wconf 82' lang='grc' dir='ltr'>λόγοις,</span> <span class='ocrx_word' id='word_1_558' title='bbox 2607 3145 2768 3209; x_wconf 80' lang='grc' dir='ltr'>ἀλλὰ,</span> <span class='ocrx_word' id='word_1_559' title='bbox 2800 3165 2818 3197; x_wconf 87' lang='grc' dir='ltr'><strong>ι</strong></span> <span class='ocrx_word' id='word_1_560' title='bbox 2848 3146 2986 3202; x_wconf 83' lang='grc' dir='ltr'>Τάδε</span> <span class='ocrx_word' id='word_1_561' title='bbox 3013 3145 3164 3216; x_wconf 73' lang='grc' dir='ltr'>λέγει.</span> <span class='ocrx_word' id='word_1_562' title='bbox 3197 3147 3421 3216; x_wconf 78' lang='grc' dir='ltr'>Κύριος,</span> <span class='ocrx_word' id='word_1_563' title='bbox 3453 3167 3472 3198; x_wconf 77' lang='grc' dir='ltr'><strong>ι</strong></span> <span class='ocrx_word' id='word_1_564' title='bbox 3513 3141 3666 3215; x_wconf 66' lang='grc' dir='ltr'>εἶχεν</span> 
     </span>
    </p>
   </div>
   <div class='ocr_carea' id='block_1_74' title="bbox 2069 3235 3662 3309">
    <p class='ocr_par' dir='ltr' id='par_1_74' title="bbox 2069 3235 3662 3309">
     <span class='ocr_line' id='line_1_74' title="bbox 2069 3235 3662 3309; baseline -0.002 -16"><span class='ocrx_word' id='word_1_565' title='bbox 2069 3241 2162 3293; x_wconf 75' lang='grc' dir='ltr'><strong>ἐπὶ</strong></span> <span class='ocrx_word' id='word_1_566' title='bbox 2191 3239 2440 3309; x_wconf 85' lang='grc' dir='ltr'>γλώττης</span> <span class='ocrx_word' id='word_1_567' title='bbox 2468 3238 2575 3292; x_wconf 81' lang='grc' dir='ltr'>ἀεί.</span> <span class='ocrx_word' id='word_1_568' title='bbox 2605 3239 2762 3291; x_wconf 83' lang='grc' dir='ltr'>Ἐστι</span> <span class='ocrx_word' id='word_1_569' title='bbox 2797 3238 2894 3308; x_wconf 82' lang='grc' dir='ltr'>μὲν</span> <span class='ocrx_word' id='word_1_570' title='bbox 2931 3235 3024 3292; x_wconf 83' lang='grc' dir='ltr'>οὖν</span> <span class='ocrx_word' id='word_1_571' title='bbox 3049 3241 3116 3293; x_wconf 75' lang='grc' dir='ltr'>ἐκ</span> <span class='ocrx_word' id='word_1_572' title='bbox 3150 3239 3358 3293; x_wconf 79' lang='grc' dir='ltr'>τούτων</span> <span class='ocrx_word' id='word_1_573' title='bbox 3389 3239 3536 3301; x_wconf 81' lang='grc' dir='ltr'>ἰδεῖν,</span> <span class='ocrx_word' id='word_1_574' title='bbox 3575 3239 3662 3290; x_wconf 83' lang='grc' dir='ltr'>ὅτι</span> 
     </span>
    </p>
   </div>
   <div class='ocr_carea' id='block_1_75' title="bbox 2070 3331 3658 3404">
    <p class='ocr_par' dir='ltr' id='par_1_75' title="bbox 2070 3331 3658 3404">
     <span class='ocr_line' id='line_1_75' title="bbox 2070 3331 3658 3404; baseline 0 -18"><span class='ocrx_word' id='word_1_575' title='bbox 2070 3333 2166 3387; x_wconf 82' lang='grc' dir='ltr'><strong>καὶ</strong></span> <span class='ocrx_word' id='word_1_576' title='bbox 2195 3331 2380 3385; x_wconf 88' lang='grc' dir='ltr'>πολλοί</span> <span class='ocrx_word' id='word_1_577' title='bbox 2405 3349 2548 3396; x_wconf 87' lang='grc' dir='ltr'>τινες</span> <span class='ocrx_word' id='word_1_578' title='bbox 2576 3332 2760 3403; x_wconf 77' lang='grc' dir='ltr'>ἕτεροι</span> <span class='ocrx_word' id='word_1_579' title='bbox 2801 3333 2928 3395; x_wconf 70' lang='grc' dir='ltr'>τοὺς</span> <span class='ocrx_word' id='word_1_580' title='bbox 2962 3333 3114 3404; x_wconf 72' lang='grc' dir='ltr'>παρὰ</span> <span class='ocrx_word' id='word_1_581' title='bbox 3152 3333 3288 3386; x_wconf 83' lang='grc' dir='ltr'>Θεοῦ</span> <span class='ocrx_word' id='word_1_582' title='bbox 3332 3332 3658 3402; x_wconf 84' lang='grc' dir='ltr'>διακονησά·</span> 
     </span>
    </p>
   </div>
   <div class='ocr_carea' id='block_1_76' title="bbox 2073 3424 3660 3499">
    <p class='ocr_par' dir='ltr' id='par_1_76' title="bbox 2073 3424 3660 3499">
     <span class='ocr_line' id='line_1_76' title="bbox 2073 3424 3660 3499; baseline -0.003 -18"><span class='ocrx_word' id='word_1_583' title='bbox 2073 3443 2226 3499; x_wconf 89' lang='grc' dir='ltr'>μενοι</span> <span class='ocrx_word' id='word_1_584' title='bbox 2252 3427 2533 3497; x_wconf 73' lang='grc' dir='ltr'>φαίνονται</span> <span class='ocrx_word' id='word_1_585' title='bbox 2575 3424 2800 3491; x_wconf 72' lang='grc' dir='ltr'>λόγους*</span> <span class='ocrx_word' id='word_1_586' title='bbox 2824 3425 3142 3496; x_wconf 70' lang='grc' dir='ltr'>εἰργάζοντο</span> <span class='ocrx_word' id='word_1_587' title='bbox 3174 3426 3230 3479; x_wconf 80' lang='grc' dir='ltr'><strong>δὲ</strong></span> <span class='ocrx_word' id='word_1_588' title='bbox 3262 3424 3542 3497; x_wconf 78' lang='grc' dir='ltr'>παράδοξα</span> <span class='ocrx_word' id='word_1_589' title='bbox 3568 3425 3660 3478; x_wconf 78' lang='grc' dir='ltr'><strong>καὶ</strong></span> 
     </span>
    </p>
   </div>
   <div class='ocr_carea' id='block_1_77' title="bbox 2071 3515 3666 3590">
    <p class='ocr_par' dir='ltr' id='par_1_77' title="bbox 2071 3515 3666 3590">
     <span class='ocr_line' id='line_1_77' title="bbox 2071 3515 3666 3590; baseline -0.003 -17"><span class='ocrx_word' id='word_1_590' title='bbox 2071 3519 2244 3584; x_wconf 76' lang='grc' dir='ltr'>αὐτοὶ,</span> <span class='ocrx_word' id='word_1_591' title='bbox 2281 3518 2434 3590; x_wconf 82' lang='grc' dir='ltr'>παρὰ</span> <span class='ocrx_word' id='word_1_592' title='bbox 2465 3518 2604 3572; x_wconf 86' lang='grc' dir='ltr'>Θεοῦ</span> <span class='ocrx_word' id='word_1_593' title='bbox 2631 3518 2709 3583; x_wconf 82' lang='grc' dir='ltr'><strong>δὲ,</strong></span> <span class='ocrx_word' id='word_1_594' title='bbox 2749 3518 3003 3589; x_wconf 81' lang='grc' dir='ltr'>καθάπερ</span> <span class='ocrx_word' id='word_1_595' title='bbox 3034 3519 3282 3589; x_wconf 77' lang='grc' dir='ltr'>εἴρηται,</span> <span class='ocrx_word' id='word_1_596' title='bbox 3315 3517 3572 3579; x_wconf 79' lang='grc' dir='ltr'>λαὸὀντες</span> <span class='ocrx_word' id='word_1_597' title='bbox 3600 3515 3666 3568; x_wconf 71' lang='grc' dir='ltr'>τὸ</span> 
     </span>
    </p>
   </div>
   <div class='ocr_carea' id='block_1_78' title="bbox 2069 3608 3662 3682">
    <p class='ocr_par' dir='ltr' id='par_1_78' title="bbox 2069 3608 3662 3682">
     <span class='ocr_line' id='line_1_78' title="bbox 2069 3608 3662 3682; baseline -0.004 -16"><span class='ocrx_word' id='word_1_598' title='bbox 2069 3611 2347 3666; x_wconf 78' lang='grc' dir='ltr'>δύνασθαι.</span> <span class='ocrx_word' id='word_1_599' title='bbox 2386 3612 2498 3666; x_wconf 75' lang='grc' dir='ltr'><strong>Καὶ</strong></span> <span class='ocrx_word' id='word_1_600' title='bbox 2537 3610 2670 3680; x_wconf 89' lang='grc' dir='ltr'>γοῦν</span> <span class='ocrx_word' id='word_1_601' title='bbox 2703 3612 2754 3664; x_wconf 76' lang='grc' dir='ltr'>οι</span> <span class='ocrx_word' id='word_1_602' title='bbox 2789 3609 2883 3665; x_wconf 90' lang='grc' dir='ltr'><strong>τοῦ</strong></span> <span class='ocrx_word' id='word_1_603' title='bbox 2917 3611 3170 3682; x_wconf 78' lang='grc' dir='ltr'>Σωτῆρος</span> <span class='ocrx_word' id='word_1_604' title='bbox 3216 3609 3459 3681; x_wconf 80' lang='grc' dir='ltr'>μαθηταὶ</span> <span class='ocrx_word' id='word_1_605' title='bbox 3524 3608 3662 3678; x_wconf 71' lang='grc' dir='ltr'>πρὸς</span> 
     </span>
    </p>
   </div>
   <div class='ocr_carea' id='block_1_79' title="bbox 2068 3700 3659 3776">
    <p class='ocr_par' dir='ltr' id='par_1_79' title="bbox 2068 3700 3659 3776">
     <span class='ocr_line' id='line_1_79' title="bbox 2068 3700 3659 3776; baseline -0.004 -17"><span class='ocrx_word' id='word_1_606' title='bbox 2068 3707 2197 3771; x_wconf 80' lang='grc' dir='ltr'>τοὺς</span> <span class='ocrx_word' id='word_1_607' title='bbox 2247 3705 2736 3776; x_wconf 78' lang='grc' dir='ltr'>άποθαυμάζοντας</span> <span class='ocrx_word' id='word_1_608' title='bbox 2771 3706 2840 3760; x_wconf 85' lang='grc' dir='ltr'>τά</span> <span class='ocrx_word' id='word_1_609' title='bbox 2881 3707 3014 3776; x_wconf 86' lang='grc' dir='ltr'>παρ’</span> <span class='ocrx_word' id='word_1_610' title='bbox 3055 3702 3235 3758; x_wconf 78' lang='grc' dir='ltr'>αὐτῶν</span> <span class='ocrx_word' id='word_1_611' title='bbox 3265 3703 3530 3772; x_wconf 84' lang='grc' dir='ltr'>γινόμενα</span> <span class='ocrx_word' id='word_1_612' title='bbox 3574 3700 3659 3752; x_wconf 73' lang='grc' dir='ltr'><strong>λέ·</strong></span> 
     </span>
    </p>
   </div>
   <div class='ocr_carea' id='block_1_80' title="bbox 2069 3791 3661 3871">
    <p class='ocr_par' dir='ltr' id='par_1_80' title="bbox 2069 3791 3661 3871">
     <span class='ocr_line' id='line_1_80' title="bbox 2069 3791 3661 3871; baseline -0.008 -15"><span class='ocrx_word' id='word_1_613' title='bbox 2069 3817 2257 3869; x_wconf 81' lang='grc' dir='ltr'>γουσιν</span> <span class='ocrx_word' id='word_1_614' title='bbox 2281 3817 2294 3831; x_wconf 88' lang='grc'><strong>·</strong></span> <span class='ocrx_word' id='word_1_615' title='bbox 2332 3818 2351 3852; x_wconf 82' lang='grc' dir='ltr'><strong>ι</strong></span> <span class='ocrx_word' id='word_1_616' title='bbox 2381 3799 2608 3871; x_wconf 76' lang='grc' dir='ltr'>Ἄνδρες</span> <span class='ocrx_word' id='word_1_617' title='bbox 2650 3800 2903 3871; x_wconf 71' lang='grc' dir='ltr'>ἀδελφοὶ,</span> <span class='ocrx_word' id='word_1_618' title='bbox 2944 3797 3000 3852; x_wconf 90' lang='grc' dir='ltr'>τί</span> <span class='ocrx_word' id='word_1_619' title='bbox 3040 3798 3176 3867; x_wconf 81' lang='grc' dir='ltr'>ἡμῖν</span> <span class='ocrx_word' id='word_1_620' title='bbox 3233 3795 3535 3865; x_wconf 80' lang='grc' dir='ltr'>προσέχετε</span> <span class='ocrx_word' id='word_1_621' title='bbox 3584 3791 3661 3854; x_wconf 68' lang='grc' dir='ltr'>ὡς</span> 
     </span>
    </p>
   </div>
   <div class='ocr_carea' id='block_1_81' title="bbox 2077 3886 3662 3967">
    <p class='ocr_par' dir='ltr' id='par_1_81' title="bbox 2077 3886 3662 3967">
     <span class='ocr_line' id='line_1_81' title="bbox 2077 3886 3662 3967; baseline -0.009 -14"><span class='ocrx_word' id='word_1_622' title='bbox 2077 3896 2184 3967; x_wconf 70' lang='grc' dir='ltr'><strong>ἰδίᾳ</strong></span> <span class='ocrx_word' id='word_1_623' title='bbox 2221 3894 2449 3964; x_wconf 85' lang='grc' dir='ltr'>δυνάμει</span> <span class='ocrx_word' id='word_1_624' title='bbox 2495 3893 2592 3948; x_wconf 75' lang='grc' dir='ltr'><strong>καὶ</strong></span> <span class='ocrx_word' id='word_1_625' title='bbox 2632 3893 2887 3964; x_wconf 77' lang='grc' dir='ltr'>εὐσεϐείᾳ</span> <span class='ocrx_word' id='word_1_626' title='bbox 2929 3890 3257 3961; x_wconf 85' lang='grc' dir='ltr'>πεποιηκόσι</span> <span class='ocrx_word' id='word_1_627' title='bbox 3285 3886 3380 3941; x_wconf 87' lang='grc' dir='ltr'><strong>τοῦ</strong></span> <span class='ocrx_word' id='word_1_628' title='bbox 3418 3901 3662 3956; x_wconf 70' lang='grc' dir='ltr'>περιπαο</span> 
     </span>
    </p>
   </div>
   <div class='ocr_carea' id='block_1_82' title="bbox 2073 3976 3668 4057">
    <p class='ocr_par' dir='ltr' id='par_1_82' title="bbox 2073 3976 3668 4057">
     <span class='ocr_line' id='line_1_82' title="bbox 2073 3976 3668 4057; baseline -0.009 -15"><span class='ocrx_word' id='word_1_629' title='bbox 2073 3989 2186 4042; x_wconf 85' lang='grc' dir='ltr'>τεῖν</span> <span class='ocrx_word' id='word_1_630' title='bbox 2229 3987 2324 4040; x_wconf 81' lang='grc' dir='ltr'>τὸν</span> <span class='ocrx_word' id='word_1_631' title='bbox 2373 3985 2606 4057; x_wconf 73' lang='grc' dir='ltr'>χωλόν.»</span> <span class='ocrx_word' id='word_1_632' title='bbox 2662 3985 2898 4052; x_wconf 74' lang='grc' dir='ltr'>Ἐξέστω</span> <span class='ocrx_word' id='word_1_633' title='bbox 2953 3980 3246 4052; x_wconf 78' lang='grc' dir='ltr'>τοιγαροῦν</span> <span class='ocrx_word' id='word_1_634' title='bbox 3288 3980 3384 4032; x_wconf 74' lang='grc' dir='ltr'><strong>καὶ</strong></span> <span class='ocrx_word' id='word_1_635' title='bbox 3442 3976 3668 4044; x_wconf 78' lang='grc' dir='ltr'>ἑκάστῳ</span> 
     </span>
    </p>
   </div>
   <div class='ocr_carea' id='block_1_83' title="bbox 2069 4069 3661 4149">
    <p class='ocr_par' dir='ltr' id='par_1_83' title="bbox 2069 4069 3661 4149">
     <span class='ocr_line' id='line_1_83' title="bbox 2069 4069 3661 4149; baseline -0.006 -17"><span class='ocrx_word' id='word_1_636' title='bbox 2069 4079 2279 4133; x_wconf 79' lang='grc' dir='ltr'>τούτων</span> <span class='ocrx_word' id='word_1_637' title='bbox 2318 4080 2386 4149; x_wconf 79' lang='grc' dir='ltr'><strong>τῇ</strong></span> <span class='ocrx_word' id='word_1_638' title='bbox 2419 4078 2516 4131; x_wconf 92' lang='grc' dir='ltr'><strong>τοῦ</strong></span> <span class='ocrx_word' id='word_1_639' title='bbox 2549 4077 2755 4149; x_wconf 83' lang='grc' dir='ltr'>Κυρίου</span> <span class='ocrx_word' id='word_1_640' title='bbox 2790 4076 3102 4148; x_wconf 82' lang='grc' dir='ltr'>κεχρῆσθαι,</span> <span class='ocrx_word' id='word_1_641' title='bbox 3128 4075 3280 4144; x_wconf 78' lang='grc' dir='ltr'>φωνῇ</span> <span class='ocrx_word' id='word_1_642' title='bbox 3313 4073 3411 4124; x_wconf 68' lang='grc' dir='ltr'><strong>καὶ</strong></span> <span class='ocrx_word' id='word_1_643' title='bbox 3447 4069 3661 4136; x_wconf 78' lang='grc' dir='ltr'>λέγειν·</span> 
     </span>
    </p>
   </div>
   <div class='ocr_carea' id='block_1_84' title="bbox 2075 4160 3665 4243">
    <p class='ocr_par' dir='ltr' id='par_1_84' title="bbox 2075 4160 3665 4243">
     <span class='ocr_line' id='line_1_84' title="bbox 2075 4160 3665 4243; baseline -0.008 -19"><span class='ocrx_word' id='word_1_644' title='bbox 2075 4192 2095 4224; x_wconf 77' lang='grc' dir='ltr'><strong>ι</strong></span> <span class='ocrx_word' id='word_1_645' title='bbox 2137 4171 2281 4242; x_wconf 84' lang='grc' dir='ltr'><strong>Ἐγὼ</strong></span> <span class='ocrx_word' id='word_1_646' title='bbox 2322 4175 2382 4226; x_wconf 84' lang='grc' dir='ltr'>ἐν</span> <span class='ocrx_word' id='word_1_647' title='bbox 2410 4171 2487 4243; x_wconf 80' lang='grc' dir='ltr'>τῷ</span> <span class='ocrx_word' id='word_1_648' title='bbox 2514 4173 2710 4242; x_wconf 75' lang='grc' dir='ltr'>Πατρὶ,</span> <span class='ocrx_word' id='word_1_649' title='bbox 2737 4172 2829 4224; x_wconf 67' lang='grc' dir='ltr'><strong>καὶ</strong></span> <span class='ocrx_word' id='word_1_650' title='bbox 2858 4172 2888 4225; x_wconf 81' lang='grc' dir='ltr'>ὁ</span> <span class='ocrx_word' id='word_1_651' title='bbox 2921 4171 3113 4239; x_wconf 85' lang='grc' dir='ltr'>Πατὴρ</span> <span class='ocrx_word' id='word_1_652' title='bbox 3144 4169 3199 4219; x_wconf 83' lang='grc' dir='ltr'>ὲν</span> <span class='ocrx_word' id='word_1_653' title='bbox 3228 4163 3350 4234; x_wconf 84' lang='grc' dir='ltr'>ὲμοί</span> <span class='ocrx_word' id='word_1_654' title='bbox 3370 4181 3382 4191; x_wconf 92' lang='grc'>·</span> <span class='ocrx_word' id='word_1_655' title='bbox 3417 4181 3434 4214; x_wconf 84' lang='grc' dir='ltr'><strong>ι</strong></span> <span class='ocrx_word' id='word_1_656' title='bbox 3469 4160 3665 4231; x_wconf 73' lang='grc' dir='ltr'>ἐπειδὴ</span> 
     </span>
    </p>
   </div>
   <div class='ocr_carea' id='block_1_85' title="bbox 2072 4255 3666 4335">
    <p class='ocr_par' dir='ltr' id='par_1_85' title="bbox 2072 4255 3666 4335">
     <span class='ocr_line' id='line_1_85' title="bbox 2072 4255 3666 4335; baseline -0.009 -14"><span class='ocrx_word' id='word_1_657' title='bbox 2072 4267 2169 4321; x_wconf 75' lang='grc' dir='ltr'><strong>καὶ</strong></span> <span class='ocrx_word' id='word_1_658' title='bbox 2207 4265 2411 4326; x_wconf 79' lang='grc' dir='ltr'>αὐτῶν,</span> <span class='ocrx_word' id='word_1_659' title='bbox 2459 4265 2713 4334; x_wconf 76' lang='grc' dir='ltr'>καθάπερ</span> <span class='ocrx_word' id='word_1_660' title='bbox 2748 4264 2848 4335; x_wconf 74' lang='grc' dir='ltr'><strong>ἤδη</strong></span> <span class='ocrx_word' id='word_1_661' title='bbox 2901 4262 3248 4335; x_wconf 77' lang='grc' dir='ltr'>προείρηται,</span> <span class='ocrx_word' id='word_1_662' title='bbox 3287 4257 3523 4319; x_wconf 71' lang='grc' dir='ltr'>ἕκαστος</span> <span class='ocrx_word' id='word_1_663' title='bbox 3566 4255 3666 4308; x_wconf 83' lang='grc' dir='ltr'><strong>καὶ</strong></span> 
     </span>
    </p>
   </div>
   <div class='ocr_carea' id='block_1_86' title="bbox 2071 4345 3668 4428">
    <p class='ocr_par' dir='ltr' id='par_1_86' title="bbox 2071 4345 3668 4428">
     <span class='ocr_line' id='line_1_86' title="bbox 2071 4345 3668 4428; baseline -0.008 -17"><span class='ocrx_word' id='word_1_664' title='bbox 2071 4359 2248 4427; x_wconf 79' lang='grc' dir='ltr'>λόγοις</span> <span class='ocrx_word' id='word_1_665' title='bbox 2275 4357 2547 4428; x_wconf 80' lang='grc' dir='ltr'>ἐχρήσατο</span> <span class='ocrx_word' id='word_1_666' title='bbox 2577 4355 2765 4418; x_wconf 83' lang='grc' dir='ltr'>θείοις,</span> <span class='ocrx_word' id='word_1_667' title='bbox 2793 4356 2888 4408; x_wconf 67' lang='grc' dir='ltr'><strong>καὶ</strong></span> <span class='ocrx_word' id='word_1_668' title='bbox 2915 4354 3175 4423; x_wconf 81' lang='grc' dir='ltr'>δυνάμεις</span> <span class='ocrx_word' id='word_1_669' title='bbox 3208 4349 3477 4418; x_wconf 81' lang='grc' dir='ltr'>πεποίηκε</span> <span class='ocrx_word' id='word_1_670' title='bbox 3509 4345 3668 4415; x_wconf 63' lang='grc' dir='ltr'>παρὰ</span> 
     </span>
    </p>
   </div>
   <div class='ocr_carea' id='block_1_87' title="bbox 1999 4438 3666 4509">
    <p class='ocr_par' dir='ltr' id='par_1_87' title="bbox 1999 4438 3666 4509">
     <span class='ocr_line' id='line_1_87' title="bbox 1999 4438 3666 4509; baseline -0.009 -7"><span class='ocrx_word' id='word_1_671' title='bbox 1999 4441 2043 4496; x_wconf 80' lang='lat' dir='ltr'><strong>D</strong></span> <span class='ocrx_word' id='word_1_672' title='bbox 2069 4450 2204 4502; x_wconf 85' lang='grc' dir='ltr'>Θεοῦ</span> <span class='ocrx_word' id='word_1_673' title='bbox 2232 4449 2291 4503; x_wconf 73' lang='grc' dir='ltr'>τὸ</span> <span class='ocrx_word' id='word_1_674' title='bbox 2319 4447 2578 4502; x_wconf 75' lang='grc' dir='ltr'>δύνασθαι</span> <span class='ocrx_word' id='word_1_675' title='bbox 2608 4446 2809 4502; x_wconf 74' lang='grc' dir='ltr'>λαϐὼν.</span> <span class='ocrx_word' id='word_1_676' title='bbox 2850 4447 2958 4500; x_wconf 73' lang='grc' dir='ltr'><strong>Καὶ</strong></span> <span class='ocrx_word' id='word_1_677' title='bbox 2987 4443 3162 4506; x_wconf 68' lang='grc' dir='ltr'>οὕτως</span> <span class='ocrx_word' id='word_1_678' title='bbox 3191 4442 3344 4496; x_wconf 74' lang='grc' dir='ltr'>οὐδὲν</span> <span class='ocrx_word' id='word_1_679' title='bbox 3381 4438 3666 4509; x_wconf 77' lang='grc' dir='ltr'>ἐξαίρετον</span> 
     </span>
    </p>
   </div>
   <div class='ocr_carea' id='block_1_88' title="bbox 386 4525 3668 4613">
    <p class='ocr_par' dir='ltr' id='par_1_88' title="bbox 386 4525 3668 4613">
     <span class='ocr_line' id='line_1_88' title="bbox 386 4525 3668 4613; baseline 0.002 -35"><span class='ocrx_word' id='word_1_680' title='bbox 386 4526 447 4578; x_wconf 69' lang='grc' dir='ltr'>ἓν</span> <span class='ocrx_word' id='word_1_681' title='bbox 486 4525 622 4596; x_wconf 77' lang='grc' dir='ltr'><strong>Τίῴ,</strong></span> <span class='ocrx_word' id='word_1_682' title='bbox 654 4527 787 4581; x_wconf 80' lang='grc' dir='ltr'>ἀλλὰ</span> <span class='ocrx_word' id='word_1_683' title='bbox 821 4528 972 4583; x_wconf 76' lang='grc' dir='ltr'>ἔσται</span> <span class='ocrx_word' id='word_1_684' title='bbox 1011 4533 1104 4585; x_wconf 80' lang='grc' dir='ltr'><strong>καὶ</strong></span> <span class='ocrx_word' id='word_1_685' title='bbox 1141 4533 1304 4597; x_wconf 74' lang='grc' dir='ltr'>αὐτὸς</span> <span class='ocrx_word' id='word_1_686' title='bbox 1373 4535 1482 4588; x_wconf 83' lang='grc' dir='ltr'>τῶν</span> <span class='ocrx_word' id='word_1_687' title='bbox 1517 4537 1735 4591; x_wconf 88' lang='grc' dir='ltr'>πάντων</span> <span class='ocrx_word' id='word_1_688' title='bbox 1794 4535 1897 4602; x_wconf 77' lang='grc' dir='ltr'>εἷς,</span> <span class='ocrx_word' id='word_1_689' title='bbox 1937 4540 2135 4612; x_wconf 84' lang='grc' dir='ltr'>μάτην,</span> <span class='ocrx_word' id='word_1_690' title='bbox 2165 4543 2242 4606; x_wconf 77' lang='grc' dir='ltr'>ὡς</span> <span class='ocrx_word' id='word_1_691' title='bbox 2307 4542 2452 4596; x_wconf 78' lang='grc' dir='ltr'>ἔοικε</span> <span class='ocrx_word' id='word_1_692' title='bbox 2521 4540 2881 4613; x_wconf 79' lang='grc' dir='ltr'>χρηματίζων</span> <span class='ocrx_word' id='word_1_693' title='bbox 2921 4537 3070 4602; x_wconf 76' lang='grc' dir='ltr'>Υἱὸς,</span> <span class='ocrx_word' id='word_1_694' title='bbox 3099 4539 3148 4590; x_wconf 81' lang='grc' dir='ltr'>εἰ</span> <span class='ocrx_word' id='word_1_695' title='bbox 3199 4536 3260 4590; x_wconf 81' lang='grc' dir='ltr'>τὸ</span> <span class='ocrx_word' id='word_1_696' title='bbox 3290 4533 3545 4606; x_wconf 77' lang='grc' dir='ltr'>περιττὸν</span> <span class='ocrx_word' id='word_1_697' title='bbox 3573 4531 3668 4586; x_wconf 79' lang='grc' dir='ltr'><strong>οὐ·</strong></span> 
     </span>
    </p>
   </div>
   <div class='ocr_carea' id='block_1_89' title="bbox 381 4616 2278 4702">
    <p class='ocr_par' dir='ltr' id='par_1_89' title="bbox 381 4616 2278 4702">
     <span class='ocr_line' id='line_1_89' title="bbox 381 4616 2278 4702; baseline 0.008 -32"><span class='ocrx_word' id='word_1_698' title='bbox 381 4616 472 4670; x_wconf 77' lang='grc' dir='ltr'><strong>δὲν</strong></span> <span class='ocrx_word' id='word_1_699' title='bbox 495 4618 554 4670; x_wconf 82' lang='grc' dir='ltr'>ὲν</span> <span class='ocrx_word' id='word_1_700' title='bbox 583 4617 752 4690; x_wconf 77' lang='grc' dir='ltr'>αὐτῷ.</span> <span class='ocrx_word' id='word_1_701' title='bbox 786 4620 944 4678; x_wconf 79' lang='grc' dir='ltr'><strong>Ἀλλᾶ</strong></span> <span class='ocrx_word' id='word_1_702' title='bbox 971 4621 1128 4676; x_wconf 82' lang='grc' dir='ltr'>τοῦτο</span> <span class='ocrx_word' id='word_1_703' title='bbox 1171 4624 1393 4690; x_wconf 75' lang='grc' dir='ltr'>ἄτοπον,</span> <span class='ocrx_word' id='word_1_704' title='bbox 1421 4626 1684 4698; x_wconf 81' lang='grc' dir='ltr'>κρατήσει</span> <span class='ocrx_word' id='word_1_705' title='bbox 1729 4628 1946 4694; x_wconf 85' lang='grc' dir='ltr'>πάντως</span> <span class='ocrx_word' id='word_1_706' title='bbox 1976 4631 2037 4684; x_wconf 78' lang='grc' dir='ltr'><strong>τὸ</strong></span> <span class='ocrx_word' id='word_1_707' title='bbox 2070 4631 2278 4702; x_wconf 75' lang='grc' dir='ltr'>ἕτερον.</span> 
     </span>
    </p>
   </div>
   <div class='ocr_carea' id='block_1_90' title="bbox 967 4736 1398 4808">
    <p class='ocr_par' dir='ltr' id='par_1_90' title="bbox 967 4736 1398 4808">
     <span class='ocr_line' id='line_1_90' title="bbox 967 4736 1398 4808; baseline 0.016 -18"><span class='ocrx_word' id='word_1_708' title='bbox 967 4736 1128 4808; x_wconf 78' lang='lat'><strong>109</strong></span> <span class='ocrx_word' id='word_1_709' title='bbox 1166 4736 1398 4798; x_wconf 86' lang='lat' dir='ltr'><strong>ALIUD.</strong></span> 
     </span>
    </p>
   </div>
   <div class='ocr_carea' id='block_1_91' title="bbox 453 4844 1971 4921">
    <p class='ocr_par' dir='ltr' id='par_1_91' title="bbox 453 4844 1971 4921">
     <span class='ocr_line' id='line_1_91' title="bbox 453 4844 1971 4921; baseline 0.009 -21"><span class='ocrx_word' id='word_1_710' title='bbox 453 4844 512 4901; x_wconf 86' lang='lat' dir='ltr'><strong>Si</strong></span> <span class='ocrx_word' id='word_1_711' title='bbox 550 4847 804 4903; x_wconf 80' lang='lat' dir='ltr'><strong>omnibus</strong></span> <span class='ocrx_word' id='word_1_712' title='bbox 831 4850 1038 4906; x_wconf 83' lang='lat' dir='ltr'><strong>sanctis</strong></span> <span class='ocrx_word' id='word_1_713' title='bbox 1067 4861 1230 4921; x_wconf 86' lang='lat' dir='ltr'><strong>atque</strong></span> <span class='ocrx_word' id='word_1_714' title='bbox 1264 4854 1401 4906; x_wconf 89' lang='lat' dir='ltr'><strong>adeo</strong></span> <span class='ocrx_word' id='word_1_715' title='bbox 1429 4855 1604 4910; x_wconf 78' lang='lat' dir='ltr'><strong>cuit-is</strong></span> <span class='ocrx_word' id='word_1_716' title='bbox 1633 4856 1790 4912; x_wconf 84' lang='lat' dir='ltr'><strong>alteri</strong></span> <span class='ocrx_word' id='word_1_717' title='bbox 1818 4874 1971 4913; x_wconf 81' lang='lat' dir='ltr'><strong>crea-</strong></span> 
     </span>
    </p>
   </div>
   <div class='ocr_carea' id='block_1_92' title="bbox 386 4942 1965 5018">
    <p class='ocr_par' dir='ltr' id='par_1_92' title="bbox 386 4942 1965 5018">
     <span class='ocr_line' id='line_1_92' title="bbox 386 4942 1965 5018; baseline 0.008 -26"><span class='ocrx_word' id='word_1_718' title='bbox 386 4946 494 4992; x_wconf 88' lang='lat' dir='ltr'><strong>tam</strong></span> <span class='ocrx_word' id='word_1_719' title='bbox 516 4949 762 4996; x_wconf 83' lang='lat' dir='ltr'><strong>uatnram</strong></span> <span class='ocrx_word' id='word_1_720' title='bbox 790 4942 1007 4997; x_wconf 86' lang='lat' dir='ltr'><strong>habenti</strong></span> <span class='ocrx_word' id='word_1_721' title='bbox 1033 4945 1276 5001; x_wconf 84' lang='lat' dir='ltr'><strong>licuisset</strong></span> <span class='ocrx_word' id='word_1_722' title='bbox 1294 4947 1474 5000; x_wconf 81' lang='lat' dir='ltr'><strong>dicere</strong></span> <span class='ocrx_word' id='word_1_723' title='bbox 1497 4967 1513 5002; x_wconf 88' lang='lat'><strong>:</strong></span> <span class='ocrx_word' id='word_1_724' title='bbox 1541 4968 1560 5000; x_wconf 82' lang='grc' dir='ltr'><strong>ι</strong></span> <span class='ocrx_word' id='word_1_725' title='bbox 1584 4948 1692 5018; x_wconf 77' lang='lat' dir='ltr'><strong>Ego</strong></span> <span class='ocrx_word' id='word_1_726' title='bbox 1710 4950 1761 5005; x_wconf 91' lang='lat' dir='ltr'><strong>in</strong></span> <span class='ocrx_word' id='word_1_727' title='bbox 1789 4949 1965 5015; x_wconf 82' lang='lat' dir='ltr'><strong>Patre,</strong></span> 
     </span>
    </p>
   </div>
   <div class='ocr_carea' id='block_1_93' title="bbox 2764 4745 2964 4799">
    <p class='ocr_par' dir='ltr' id='par_1_93' title="bbox 2764 4745 2964 4799">
     <span class='ocr_line' id='line_1_93' title="bbox 2764 4745 2964 4799; baseline -0.005 0"><span class='ocrx_word' id='word_1_728' title='bbox 2764 4745 2964 4799; x_wconf 80' lang='grc' dir='ltr'><strong>ΑΛΛυ.</strong></span> 
     </span>
    </p>
   </div>
   <div class='ocr_carea' id='block_1_94' title="bbox 2147 4850 3670 4928">
    <p class='ocr_par' dir='ltr' id='par_1_94' title="bbox 2147 4850 3670 4928">
     <span class='ocr_line' id='line_1_94' title="bbox 2147 4850 3670 4928; baseline -0.008 -14"><span class='ocrx_word' id='word_1_729' title='bbox 2147 4861 2210 4914; x_wconf 80' lang='grc' dir='ltr'>Εἰ</span> <span class='ocrx_word' id='word_1_730' title='bbox 2241 4861 2411 4914; x_wconf 74' lang='grc' dir='ltr'>πᾶσιν</span> <span class='ocrx_word' id='word_1_731' title='bbox 2448 4857 2575 4928; x_wconf 73' lang='grc' dir='ltr'><strong>ἐξῆν</strong></span> <span class='ocrx_word' id='word_1_732' title='bbox 2610 4858 2720 4921; x_wconf 71' lang='grc' dir='ltr'><strong>τοίς</strong></span> <span class='ocrx_word' id='word_1_733' title='bbox 2765 4855 2942 4924; x_wconf 77' lang='grc' dir='ltr'>ἁγίοις</span> <span class='ocrx_word' id='word_1_734' title='bbox 2973 4855 3005 4925; x_wconf 81' lang='grc' dir='ltr'>ἦ</span> <span class='ocrx_word' id='word_1_735' title='bbox 3037 4854 3132 4907; x_wconf 71' lang='grc' dir='ltr'><strong>καὶ</strong></span> <span class='ocrx_word' id='word_1_736' title='bbox 3161 4852 3298 4916; x_wconf 75' lang='grc' dir='ltr'>ὅλως</span> <span class='ocrx_word' id='word_1_737' title='bbox 3340 4850 3512 4923; x_wconf 80' lang='grc' dir='ltr'>ἑτέρῳ</span> <span class='ocrx_word' id='word_1_738' title='bbox 3555 4851 3670 4904; x_wconf 73' lang='grc' dir='ltr'>τινὶ</span> 
     </span>
    </p>
   </div>
   <div class='ocr_carea' id='block_1_95' title="bbox 2077 4941 3669 5021">
    <p class='ocr_par' dir='ltr' id='par_1_95' title="bbox 2077 4941 3669 5021">
     <span class='ocr_line' id='line_1_95' title="bbox 2077 4941 3669 5021; baseline -0.008 -17"><span class='ocrx_word' id='word_1_739' title='bbox 2077 4948 2301 5021; x_wconf 74' lang='grc' dir='ltr'>κτιστὴν</span> <span class='ocrx_word' id='word_1_740' title='bbox 2348 4948 2527 5019; x_wconf 77' lang='grc' dir='ltr'>ἔχοντι</span> <span class='ocrx_word' id='word_1_741' title='bbox 2581 4947 2680 5018; x_wconf 81' lang='grc' dir='ltr'><strong>τὴν</strong></span> <span class='ocrx_word' id='word_1_742' title='bbox 2739 4945 2902 5015; x_wconf 77' lang='grc' dir='ltr'>φύσιν</span> <span class='ocrx_word' id='word_1_743' title='bbox 2964 4946 3173 5007; x_wconf 85' lang='grc' dir='ltr'>εἰπεῖν,</span> <span class='ocrx_word' id='word_1_744' title='bbox 3211 4963 3230 4994; x_wconf 79' lang='grc' dir='ltr'><strong>ι</strong></span> <span class='ocrx_word' id='word_1_745' title='bbox 3270 4942 3414 5010; x_wconf 85' lang='grc' dir='ltr'><strong>Ἐγὼ</strong></span> <span class='ocrx_word' id='word_1_746' title='bbox 3469 4945 3531 4995; x_wconf 79' lang='grc' dir='ltr'>ἐν</span> <span class='ocrx_word' id='word_1_747' title='bbox 3586 4941 3669 5011; x_wconf 76' lang='grc' dir='ltr'>τῷ</span> 
     </span>
    </p>
   </div>
   <div class='ocr_carea' id='block_1_96' title="bbox 383 5029 1964 5112">
    <p class='ocr_par' dir='ltr' id='par_1_96' title="bbox 383 5029 1964 5112">
     <span class='ocr_line' id='line_1_96' title="bbox 383 5029 1964 5112; baseline 0.008 -28"><span class='ocrx_word' id='word_1_748' title='bbox 383 5039 441 5084; x_wconf 84' lang='grc' dir='ltr'><strong>ει</strong></span> <span class='ocrx_word' id='word_1_749' title='bbox 469 5029 634 5085; x_wconf 85' lang='lat' dir='ltr'><strong>Pater</strong></span> <span class='ocrx_word' id='word_1_750' title='bbox 649 5032 702 5085; x_wconf 89' lang='lat' dir='ltr'><strong>in</strong></span> <span class='ocrx_word' id='word_1_751' title='bbox 734 5048 818 5089; x_wconf 87' lang='lat' dir='ltr'><strong>me</strong></span> <span class='ocrx_word' id='word_1_752' title='bbox 838 5035 907 5099; x_wconf 81' lang='grc'><strong>⁷⁸,</strong></span> <span class='ocrx_word' id='word_1_753' title='bbox 930 5055 948 5085; x_wconf 76' lang='grc' dir='ltr'><strong>ι</strong></span> <span class='ocrx_word' id='word_1_754' title='bbox 971 5046 1120 5091; x_wconf 86' lang='lat' dir='ltr'><strong>certe</strong></span> <span class='ocrx_word' id='word_1_755' title='bbox 1142 5036 1402 5092; x_wconf 84' lang='lat' dir='ltr'><strong>Servator</strong></span> <span class='ocrx_word' id='word_1_756' title='bbox 1424 5038 1528 5094; x_wconf 82' lang='lat' dir='ltr'><strong>hoc</strong></span> <span class='ocrx_word' id='word_1_757' title='bbox 1557 5057 1662 5095; x_wconf 87' lang='lat' dir='ltr'><strong>non</strong></span> <span class='ocrx_word' id='word_1_758' title='bbox 1689 5042 1964 5112; x_wconf 81' lang='lat' dir='ltr'><strong>ignorans.</strong></span> 
     </span>
    </p>
   </div>
   <div class='ocr_carea' id='block_1_97' title="bbox 2071 5029 3669 5112">
    <p class='ocr_par' dir='ltr' id='par_1_97' title="bbox 2077 5032 3669 5112">
     <span class='ocr_line' id='line_1_97' title="bbox 2077 5032 3669 5112; baseline -0.007 -14"><span class='ocrx_word' id='word_1_759' title='bbox 2077 5042 2281 5112; x_wconf 77' lang='grc' dir='ltr'>Πατρὶ,</span> <span class='ocrx_word' id='word_1_760' title='bbox 2325 5043 2418 5096; x_wconf 75' lang='grc' dir='ltr'><strong>καὶ</strong></span> <span class='ocrx_word' id='word_1_761' title='bbox 2459 5042 2488 5094; x_wconf 88' lang='grc' dir='ltr'>ὁ</span> <span class='ocrx_word' id='word_1_762' title='bbox 2521 5039 2710 5108; x_wconf 77' lang='grc' dir='ltr'>Πατὴρ</span> <span class='ocrx_word' id='word_1_763' title='bbox 2747 5041 2808 5092; x_wconf 83' lang='grc' dir='ltr'>ὲν</span> <span class='ocrx_word' id='word_1_764' title='bbox 2845 5038 2997 5108; x_wconf 73' lang='grc' dir='ltr'>ἐμοὶ,</span> <span class='ocrx_word' id='word_1_765' title='bbox 3031 5055 3048 5085; x_wconf 82' lang='grc' dir='ltr'><strong>ι</strong></span> <span class='ocrx_word' id='word_1_766' title='bbox 3086 5032 3239 5090; x_wconf 74' lang='grc' dir='ltr'>εἶπεν</span> <span class='ocrx_word' id='word_1_767' title='bbox 3270 5034 3336 5088; x_wconf 83' lang='grc' dir='ltr'>ἂν</span> <span class='ocrx_word' id='word_1_768' title='bbox 3376 5036 3404 5086; x_wconf 86' lang='grc' dir='ltr'>ὁ</span> <span class='ocrx_word' id='word_1_769' title='bbox 3442 5035 3669 5088; x_wconf 73' lang='grc' dir='ltr'>ἐπιστά-</span> 
     </span>
    </p>
   </div>
   <div class='ocr_carea' id='block_1_98' title="bbox 384 5121 1964 5204">
    <p class='ocr_par' dir='ltr' id='par_1_98' title="bbox 384 5121 1964 5198">
     <span class='ocr_line' id='line_1_98' title="bbox 384 5121 1964 5198; baseline 0.005 -22"><span class='ocrx_word' id='word_1_770' title='bbox 384 5121 430 5176; x_wconf 82' lang='lat' dir='ltr'><strong>si</strong></span> <span class='ocrx_word' id='word_1_771' title='bbox 465 5135 652 5176; x_wconf 82' lang='lat' dir='ltr'><strong>verum</strong></span> <span class='ocrx_word' id='word_1_772' title='bbox 682 5134 821 5186; x_wconf 86' lang='lat' dir='ltr'><strong>erat,</strong></span> <span class='ocrx_word' id='word_1_773' title='bbox 848 5125 1116 5181; x_wconf 80' lang='lat' dir='ltr'><strong>dixisset:</strong></span> <span class='ocrx_word' id='word_1_774' title='bbox 1152 5126 1260 5198; x_wconf 84' lang='lat' dir='ltr'><strong>Ego</strong></span> <span class='ocrx_word' id='word_1_775' title='bbox 1300 5145 1516 5197; x_wconf 87' lang='lat' dir='ltr'><strong>quoque</strong></span> <span class='ocrx_word' id='word_1_776' title='bbox 1544 5131 1596 5184; x_wconf 88' lang='lat' dir='ltr'><strong>in</strong></span> <span class='ocrx_word' id='word_1_777' title='bbox 1635 5131 1794 5187; x_wconf 83' lang='lat' dir='ltr'><strong>Patre</strong></span> <span class='ocrx_word' id='word_1_778' title='bbox 1819 5149 1964 5196; x_wconf 84' lang='lat' dir='ltr'><strong>sunt,</strong></span> 
     </span>
    </p>
   </div>
   <div class='ocr_carea' id='block_1_99' title="bbox 2071 5121 3668 5204">
    <p class='ocr_par' dir='ltr' id='par_1_99' title="bbox 2079 5124 3668 5204">
     <span class='ocr_line' id='line_1_99' title="bbox 2079 5124 3668 5204; baseline -0.006 -16"><span class='ocrx_word' id='word_1_779' title='bbox 2079 5151 2241 5204; x_wconf 84' lang='grc' dir='ltr'>μενος</span> <span class='ocrx_word' id='word_1_780' title='bbox 2289 5133 2446 5186; x_wconf 88' lang='grc' dir='ltr'>τοῦτο</span> <span class='ocrx_word' id='word_1_781' title='bbox 2478 5130 2692 5202; x_wconf 83' lang='grc' dir='ltr'>Σωτὴρ,</span> <span class='ocrx_word' id='word_1_782' title='bbox 2737 5129 2896 5200; x_wconf 78' lang='grc' dir='ltr'>εἴπερ</span> <span class='ocrx_word' id='word_1_783' title='bbox 2923 5124 2991 5199; x_wconf 76' lang='grc' dir='ltr'>ἦν</span> <span class='ocrx_word' id='word_1_784' title='bbox 3024 5127 3224 5196; x_wconf 79' lang='grc' dir='ltr'>ἀληθές</span> <span class='ocrx_word' id='word_1_785' title='bbox 3246 5142 3259 5155; x_wconf 87' lang='grc'><strong>·</strong></span> <span class='ocrx_word' id='word_1_786' title='bbox 3292 5124 3462 5193; x_wconf 80' lang='grc' dir='ltr'><strong>Κάγὼ</strong></span> <span class='ocrx_word' id='word_1_787' title='bbox 3493 5127 3551 5178; x_wconf 85' lang='grc' dir='ltr'>ὲν</span> <span class='ocrx_word' id='word_1_788' title='bbox 3585 5126 3668 5196; x_wconf 84' lang='grc' dir='ltr'>τῷ</span> 
     </span>
    </p>
   </div>
   <div class='ocr_carea' id='block_1_100' title="bbox 384 5211 1964 5297">
    <p class='ocr_par' dir='ltr' id='par_1_100' title="bbox 384 5211 1964 5294">
     <span class='ocr_line' id='line_1_100' title="bbox 384 5211 1964 5294; baseline 0.008 -30"><span class='ocrx_word' id='word_1_789' title='bbox 384 5218 441 5265; x_wconf 81' lang='lat' dir='ltr'><strong>et</strong></span> <span class='ocrx_word' id='word_1_790' title='bbox 467 5211 628 5268; x_wconf 76' lang='lat' dir='ltr'><strong>Pater</strong></span> <span class='ocrx_word' id='word_1_791' title='bbox 652 5231 869 5286; x_wconf 83' lang='lat' dir='ltr'><strong>quoque</strong></span> <span class='ocrx_word' id='word_1_792' title='bbox 894 5217 945 5270; x_wconf 91' lang='lat' dir='ltr'><strong>in</strong></span> <span class='ocrx_word' id='word_1_793' title='bbox 975 5234 1060 5272; x_wconf 78' lang='lat' dir='ltr'><strong>nte</strong></span> <span class='ocrx_word' id='word_1_794' title='bbox 1089 5229 1192 5280; x_wconf 72' lang='lat' dir='ltr'><strong>est.</strong></span> <span class='ocrx_word' id='word_1_795' title='bbox 1223 5229 1280 5272; x_wconf 92' lang='lat' dir='ltr'><strong>ut</strong></span> <span class='ocrx_word' id='word_1_796' title='bbox 1301 5221 1604 5277; x_wconf 87' lang='lat' dir='ltr'><strong>declararet</strong></span> <span class='ocrx_word' id='word_1_797' title='bbox 1625 5225 1793 5294; x_wconf 84' lang='lat' dir='ltr'><strong>quod,</strong></span> <span class='ocrx_word' id='word_1_798' title='bbox 1823 5226 1964 5278; x_wconf 82' lang='lat' dir='ltr'><strong>sicut</strong></span> 
     </span>
    </p>
   </div>
   <div class='ocr_carea' id='block_1_101' title="bbox 2071 5211 3667 5297">
    <p class='ocr_par' dir='ltr' id='par_1_101' title="bbox 2074 5217 3667 5297">
     <span class='ocr_line' id='line_1_101' title="bbox 2074 5217 3667 5297; baseline -0.006 -17"><span class='ocrx_word' id='word_1_799' title='bbox 2074 5226 2269 5297; x_wconf 70' lang='grc' dir='ltr'>Πατρὶ,</span> <span class='ocrx_word' id='word_1_800' title='bbox 2304 5226 2399 5278; x_wconf 75' lang='grc' dir='ltr'><strong>καὶ</strong></span> <span class='ocrx_word' id='word_1_801' title='bbox 2422 5227 2450 5278; x_wconf 86' lang='grc' dir='ltr'><strong><em>ὁ</em></strong></span> <span class='ocrx_word' id='word_1_802' title='bbox 2480 5225 2668 5294; x_wconf 78' lang='grc' dir='ltr'>Πατὴρ</span> <span class='ocrx_word' id='word_1_803' title='bbox 2694 5223 2752 5277; x_wconf 77' lang='grc' dir='ltr'><strong>δὲ</strong></span> <span class='ocrx_word' id='word_1_804' title='bbox 2784 5224 2842 5275; x_wconf 83' lang='grc' dir='ltr'>ἐν</span> <span class='ocrx_word' id='word_1_805' title='bbox 2887 5221 3011 5287; x_wconf 78' lang='grc' dir='ltr'>ἐμοί</span> <span class='ocrx_word' id='word_1_806' title='bbox 3052 5223 3230 5272; x_wconf 74' lang='grc' dir='ltr'>ἐστιν·</span> <span class='ocrx_word' id='word_1_807' title='bbox 3272 5219 3356 5272; x_wconf 82' lang='grc' dir='ltr'>ἵνα</span> <span class='ocrx_word' id='word_1_808' title='bbox 3404 5217 3667 5288; x_wconf 77' lang='grc' dir='ltr'>φαίνηται</span> 
     </span>
    </p>
   </div>
   <div class='ocr_carea' id='block_1_102' title="bbox 387 5304 1964 5386">
    <p class='ocr_par' dir='ltr' id='par_1_102' title="bbox 387 5304 1964 5381">
     <span class='ocr_line' id='line_1_102' title="bbox 387 5304 1964 5381; baseline 0.005 -21"><span class='ocrx_word' id='word_1_809' title='bbox 387 5304 549 5361; x_wconf 85' lang='lat' dir='ltr'><strong>Pater</strong></span> <span class='ocrx_word' id='word_1_810' title='bbox 571 5308 622 5361; x_wconf 88' lang='lat' dir='ltr'><strong>in</strong></span> <span class='ocrx_word' id='word_1_811' title='bbox 643 5307 765 5362; x_wconf 83' lang='lat' dir='ltr'><strong>aliis</strong></span> <span class='ocrx_word' id='word_1_812' title='bbox 783 5319 886 5371; x_wconf 87' lang='lat' dir='ltr'><strong>est,</strong></span> <span class='ocrx_word' id='word_1_813' title='bbox 919 5311 990 5362; x_wconf 86' lang='lat' dir='ltr'><strong>ita</strong></span> <span class='ocrx_word' id='word_1_814' title='bbox 1015 5310 1177 5364; x_wconf 87' lang='lat' dir='ltr'><strong>etiam</strong></span> <span class='ocrx_word' id='word_1_815' title='bbox 1209 5311 1260 5365; x_wconf 91' lang='lat' dir='ltr'><strong>in</strong></span> <span class='ocrx_word' id='word_1_816' title='bbox 1288 5328 1372 5366; x_wconf 83' lang='lat' dir='ltr'><strong>me</strong></span> <span class='ocrx_word' id='word_1_817' title='bbox 1400 5330 1414 5366; x_wconf 90' lang='lat'><strong>:</strong></span> <span class='ocrx_word' id='word_1_818' title='bbox 1437 5322 1493 5367; x_wconf 89' lang='lat' dir='ltr'><strong>et</strong></span> <span class='ocrx_word' id='word_1_819' title='bbox 1511 5316 1964 5381; x_wconf 77' lang='lat' dir='ltr'><strong>quctnadmmlum</strong></span> 
     </span>
    </p>
   </div>
   <div class='ocr_carea' id='block_1_103' title="bbox 2071 5304 3665 5386">
    <p class='ocr_par' dir='ltr' id='par_1_103' title="bbox 2071 5311 3665 5386">
     <span class='ocr_line' id='line_1_103' title="bbox 2071 5311 3665 5386; baseline -0.006 -15"><span class='ocrx_word' id='word_1_820' title='bbox 2071 5318 2359 5382; x_wconf 77' lang='grc' dir='ltr'>διδάσκων,</span> <span class='ocrx_word' id='word_1_821' title='bbox 2384 5319 2466 5371; x_wconf 83' lang='grc' dir='ltr'>ὅτι</span> <span class='ocrx_word' id='word_1_822' title='bbox 2497 5317 2750 5386; x_wconf 77' lang='grc' dir='ltr'>καθάπερ</span> <span class='ocrx_word' id='word_1_823' title='bbox 2777 5317 2833 5368; x_wconf 74' lang='grc' dir='ltr'>ἓν</span> <span class='ocrx_word' id='word_1_824' title='bbox 2872 5315 3076 5386; x_wconf 86' lang='grc' dir='ltr'>ὲτέροις</span> <span class='ocrx_word' id='word_1_825' title='bbox 3108 5314 3277 5373; x_wconf 73' lang='grc' dir='ltr'>ἐστὶν,</span> <span class='ocrx_word' id='word_1_826' title='bbox 3311 5311 3452 5364; x_wconf 76' lang='grc' dir='ltr'>οὕτω</span> <span class='ocrx_word' id='word_1_827' title='bbox 3485 5312 3581 5366; x_wconf 78' lang='grc' dir='ltr'><strong>καὶ</strong></span> <span class='ocrx_word' id='word_1_828' title='bbox 3606 5312 3665 5363; x_wconf 82' lang='grc' dir='ltr'>ἐν</span> 
     </span>
    </p>
   </div>
   <div class='ocr_carea' id='block_1_104' title="bbox 385 5398 1964 5478">
    <p class='ocr_par' dir='ltr' id='par_1_104' title="bbox 385 5398 1964 5474">
     <span class='ocr_line' id='line_1_104' title="bbox 385 5398 1964 5474; baseline 0.005 -23"><span class='ocrx_word' id='word_1_829' title='bbox 385 5399 476 5454; x_wconf 87' lang='lat' dir='ltr'><strong>alii</strong></span> <span class='ocrx_word' id='word_1_830' title='bbox 525 5399 579 5454; x_wconf 90' lang='lat' dir='ltr'><strong>in</strong></span> <span class='ocrx_word' id='word_1_831' title='bbox 613 5398 776 5455; x_wconf 84' lang='lat' dir='ltr'><strong>Patre</strong></span> <span class='ocrx_word' id='word_1_832' title='bbox 818 5411 968 5468; x_wconf 89' lang='lat' dir='ltr'><strong>sunt,</strong></span> <span class='ocrx_word' id='word_1_833' title='bbox 1002 5403 1076 5458; x_wconf 87' lang='lat' dir='ltr'><strong>ita</strong></span> <span class='ocrx_word' id='word_1_834' title='bbox 1103 5413 1158 5458; x_wconf 89' lang='lat' dir='ltr'><strong>et</strong></span> <span class='ocrx_word' id='word_1_835' title='bbox 1195 5417 1315 5474; x_wconf 90' lang='lat' dir='ltr'><strong>ego.</strong></span> <span class='ocrx_word' id='word_1_836' title='bbox 1351 5403 1504 5459; x_wconf 82' lang='lat' dir='ltr'><strong>Nunc</strong></span> <span class='ocrx_word' id='word_1_837' title='bbox 1536 5420 1671 5461; x_wconf 86' lang='lat' dir='ltr'><strong>vero</strong></span> <span class='ocrx_word' id='word_1_838' title='bbox 1697 5408 1964 5462; x_wconf 85' lang='lat' dir='ltr'><strong>neminem</strong></span> 
     </span>
    </p>
   </div>
   <div class='ocr_carea' id='block_1_105' title="bbox 2071 5398 3664 5478">
    <p class='ocr_par' dir='ltr' id='par_1_105' title="bbox 2071 5399 3664 5478">
     <span class='ocr_line' id='line_1_105' title="bbox 2071 5399 3664 5478; baseline -0.007 -17"><span class='ocrx_word' id='word_1_839' title='bbox 2071 5408 2228 5478; x_wconf 80' lang='grc' dir='ltr'>ἐμοί’</span> <span class='ocrx_word' id='word_1_840' title='bbox 2259 5408 2354 5462; x_wconf 79' lang='grc' dir='ltr'><strong>καὶ</strong></span> <span class='ocrx_word' id='word_1_841' title='bbox 2391 5407 2582 5476; x_wconf 83' lang='grc' dir='ltr'>ὥσπερ</span> <span class='ocrx_word' id='word_1_842' title='bbox 2628 5406 2777 5460; x_wconf 81' lang='grc' dir='ltr'>ἄλλοι</span> <span class='ocrx_word' id='word_1_843' title='bbox 2821 5405 2965 5467; x_wconf 73' lang='grc' dir='ltr'>τινὲς</span> <span class='ocrx_word' id='word_1_844' title='bbox 3013 5406 3070 5458; x_wconf 78' lang='grc' dir='ltr'>ὲν</span> <span class='ocrx_word' id='word_1_845' title='bbox 3110 5402 3260 5474; x_wconf 78' lang='grc' dir='ltr'>αὐτῷ</span> <span class='ocrx_word' id='word_1_846' title='bbox 3310 5405 3471 5465; x_wconf 75' lang='grc' dir='ltr'>εἰσιν,</span> <span class='ocrx_word' id='word_1_847' title='bbox 3519 5399 3664 5454; x_wconf 74' lang='grc' dir='ltr'>οὕτω</span> 
     </span>
    </p>
   </div>
   <div class='ocr_carea' id='block_1_106' title="bbox 387 5490 1964 5570">
    <p class='ocr_par' dir='ltr' id='par_1_106' title="bbox 387 5491 1964 5559">
     <span class='ocr_line' id='line_1_106' title="bbox 387 5491 1964 5559; baseline 0.006 -14"><span class='ocrx_word' id='word_1_848' title='bbox 387 5491 620 5548; x_wconf 82' lang='lat' dir='ltr'><strong>aliorum</strong></span> <span class='ocrx_word' id='word_1_849' title='bbox 668 5495 770 5548; x_wconf 87' lang='lat' dir='ltr'><strong>sibi</strong></span> <span class='ocrx_word' id='word_1_850' title='bbox 818 5495 1116 5559; x_wconf 83' lang='lat' dir='ltr'><strong>aseiscens,</strong></span> <span class='ocrx_word' id='word_1_851' title='bbox 1175 5497 1271 5550; x_wconf 86' lang='lat' dir='ltr'><strong>sed</strong></span> <span class='ocrx_word' id='word_1_852' title='bbox 1323 5496 1428 5551; x_wconf 86' lang='lat' dir='ltr'><strong>sibi</strong></span> <span class='ocrx_word' id='word_1_853' title='bbox 1479 5497 1579 5552; x_wconf 90' lang='lat' dir='ltr'><strong>soli</strong></span> <span class='ocrx_word' id='word_1_854' title='bbox 1635 5499 1739 5553; x_wconf 85' lang='lat' dir='ltr'><strong>bne</strong></span> <span class='ocrx_word' id='word_1_855' title='bbox 1789 5499 1964 5555; x_wconf 85' lang='lat' dir='ltr'><strong>inesse</strong></span> 
     </span>
    </p>
   </div>
   <div class='ocr_carea' id='block_1_107' title="bbox 2071 5490 3664 5570">
    <p class='ocr_par' dir='ltr' id='par_1_107' title="bbox 2076 5490 3664 5570">
     <span class='ocr_line' id='line_1_107' title="bbox 2076 5490 3664 5570; baseline -0.007 -18"><span class='ocrx_word' id='word_1_856' title='bbox 2076 5497 2250 5567; x_wconf 73' lang='grc' dir='ltr'><strong>κάγώ.</strong></span> <span class='ocrx_word' id='word_1_857' title='bbox 2290 5499 2426 5552; x_wconf 72' lang='grc' dir='ltr'>Νυνὶ</span> <span class='ocrx_word' id='word_1_858' title='bbox 2452 5498 2510 5550; x_wconf 84' lang='grc' dir='ltr'>δὲ</span> <span class='ocrx_word' id='word_1_859' title='bbox 2541 5497 2862 5570; x_wconf 76' lang='grc' dir='ltr'>προσλαϐὼν</span> <span class='ocrx_word' id='word_1_860' title='bbox 2897 5495 3089 5550; x_wconf 76' lang='grc' dir='ltr'>οὐδένα</span> <span class='ocrx_word' id='word_1_861' title='bbox 3119 5496 3228 5548; x_wconf 82' lang='grc' dir='ltr'>τῶν</span> <span class='ocrx_word' id='word_1_862' title='bbox 3253 5493 3450 5553; x_wconf 81' lang='grc' dir='ltr'>ἄλλων,</span> <span class='ocrx_word' id='word_1_863' title='bbox 3483 5490 3664 5559; x_wconf 77' lang='grc' dir='ltr'>ἐαυτῷ</span> 
     </span>
    </p>
   </div>
   <div class='ocr_carea' id='block_1_108' title="bbox 385 5580 1964 5660">
    <p class='ocr_par' dir='ltr' id='par_1_108' title="bbox 385 5585 1964 5656">
     <span class='ocr_line' id='line_1_108' title="bbox 385 5585 1964 5656; baseline 0.002 -17"><span class='ocrx_word' id='word_1_864' title='bbox 385 5587 587 5650; x_wconf 77' lang='lat' dir='ltr'><strong>sciens,</strong></span> <span class='ocrx_word' id='word_1_865' title='bbox 621 5585 746 5655; x_wconf 72' lang='lat' dir='ltr'><strong>quia</strong></span> <span class='ocrx_word' id='word_1_866' title='bbox 792 5587 1046 5641; x_wconf 91' lang='lat' dir='ltr'><strong>nimirum</strong></span> <span class='ocrx_word' id='word_1_867' title='bbox 1091 5602 1158 5642; x_wconf 73' lang='lat' dir='ltr'><strong>ex</strong></span> <span class='ocrx_word' id='word_1_868' title='bbox 1206 5587 1318 5655; x_wconf 82' lang='lat' dir='ltr'><strong>ipsa</strong></span> <span class='ocrx_word' id='word_1_869' title='bbox 1367 5586 1543 5643; x_wconf 85' lang='lat' dir='ltr'><strong>Patris</strong></span> <span class='ocrx_word' id='word_1_870' title='bbox 1575 5589 1812 5644; x_wconf 86' lang='lat' dir='ltr'><strong>essentia</strong></span> <span class='ocrx_word' id='word_1_871' title='bbox 1861 5599 1964 5656; x_wconf 75' lang='lat' dir='ltr'><strong>est,</strong></span> 
     </span>
    </p>
   </div>
   <div class='ocr_carea' id='block_1_109' title="bbox 2071 5580 3661 5660">
    <p class='ocr_par' dir='ltr' id='par_1_109' title="bbox 2073 5580 3661 5660">
     <span class='ocr_line' id='line_1_109' title="bbox 2073 5580 3661 5660; baseline -0.006 -18"><span class='ocrx_word' id='word_1_872' title='bbox 2073 5589 2131 5643; x_wconf 80' lang='grc' dir='ltr'><strong>δὲ</strong></span> <span class='ocrx_word' id='word_1_873' title='bbox 2179 5588 2327 5660; x_wconf 77' lang='grc' dir='ltr'>μόνῳ</span> <span class='ocrx_word' id='word_1_874' title='bbox 2371 5587 2572 5660; x_wconf 70' lang='grc' dir='ltr'>προσὸν</span> <span class='ocrx_word' id='word_1_875' title='bbox 2618 5587 2980 5659; x_wconf 77' lang='grc' dir='ltr'>ἐπιστάμενος</span> <span class='ocrx_word' id='word_1_876' title='bbox 3017 5587 3173 5641; x_wconf 83' lang='grc' dir='ltr'>τοῦτο</span> <span class='ocrx_word' id='word_1_877' title='bbox 3244 5584 3333 5638; x_wconf 76' lang='grc' dir='ltr'>διὰ</span> <span class='ocrx_word' id='word_1_878' title='bbox 3363 5582 3424 5638; x_wconf 73' lang='grc' dir='ltr'>τὸ</span> <span class='ocrx_word' id='word_1_879' title='bbox 3453 5583 3519 5635; x_wconf 85' lang='grc' dir='ltr'><strong>ὲκ</strong></span> <span class='ocrx_word' id='word_1_880' title='bbox 3559 5580 3661 5652; x_wconf 74' lang='grc' dir='ltr'><strong>τῆς</strong></span> 
     </span>
    </p>
   </div>
   <div class='ocr_carea' id='block_1_110' title="bbox 1569 5764 2602 5828">
    <p class='ocr_par' dir='ltr' id='par_1_110' title="bbox 1569 5764 2602 5828">
     <span class='ocr_line' id='line_1_110' title="bbox 1569 5764 2602 5828; baseline 0 -10"><span class='ocrx_word' id='word_1_881' title='bbox 1569 5767 1615 5797; x_wconf 73' lang='grc' dir='ltr'><strong>τ’</strong></span> <span class='ocrx_word' id='word_1_882' title='bbox 1663 5767 1770 5821; x_wconf 63' lang='lat' dir='ltr'><strong>Art.</strong></span> <span class='ocrx_word' id='word_1_883' title='bbox 1803 5783 1880 5828; x_wconf 85' lang='grc' dir='ltr'>ιιι,</span> <span class='ocrx_word' id='word_1_884' title='bbox 1931 5766 2008 5820; x_wconf 65' lang='lat' dir='ltr'><strong>l2.</strong></span> <span class='ocrx_word' id='word_1_885' title='bbox 2091 5768 2133 5796; x_wconf 71' lang='grc'><strong>⁷³</strong></span> <span class='ocrx_word' id='word_1_886' title='bbox 2177 5764 2329 5820; x_wconf 64' lang='lat' dir='ltr'><strong>imm.</strong></span> <span class='ocrx_word' id='word_1_887' title='bbox 2376 5783 2477 5827; x_wconf 64' lang='grc' dir='ltr'>λιι,</span> <span class='ocrx_word' id='word_1_888' title='bbox 2525 5765 2602 5818; x_wconf 81' lang='grc' dir='ltr'><strong>Η.</strong></span> 
     </span>
    </p>
   </div>
   <div class='ocr_carea' id='block_1_111' title="bbox 459 5763 1493 5833">
    <p class='ocr_par' dir='ltr' id='par_1_111' title="bbox 459 5763 1493 5833">
     <span class='ocr_line' id='line_1_111' title="bbox 459 5763 1493 5833; baseline -0.001 -14"><span class='ocrx_word' id='word_1_889' title='bbox 459 5764 504 5798; x_wconf 75' lang='grc' dir='ltr'><strong>τ’</strong></span> <span class='ocrx_word' id='word_1_890' title='bbox 537 5763 673 5819; x_wconf 58' lang='grc' dir='ltr'>ι’μειι.</span> <span class='ocrx_word' id='word_1_891' title='bbox 709 5780 925 5833; x_wconf 65' lang='lat' dir='ltr'><strong>anxir,</strong></span> <span class='ocrx_word' id='word_1_892' title='bbox 951 5767 1000 5820; x_wconf 79' lang='lat'><strong>9.</strong></span> <span class='ocrx_word' id='word_1_893' title='bbox 1084 5769 1122 5796; x_wconf 69' lang='grc' dir='ltr'><strong>τ’</strong></span> <span class='ocrx_word' id='word_1_894' title='bbox 1163 5765 1319 5820; x_wconf 72' lang='grc' dir='ltr'>ιδιυιο.</span> <span class='ocrx_word' id='word_1_895' title='bbox 1351 5781 1408 5832; x_wconf 84' lang='grc' dir='ltr'><strong>ιι,</strong></span> <span class='ocrx_word' id='word_1_896' title='bbox 1450 5765 1493 5819; x_wconf 87' lang='lat' dir='ltr'><strong>l.</strong></span> 
     </span>
    </p>
   </div>
  </div>
