3882 6210
276 242 370 300 {Si

1697 252 2141 344 TllESAURUS.

3442 262 3545 316 Ιδί

269 359 463 423 οὐσίας
492 356 750 416 εἶναιιτοῢ
777 365 1012 437 Πατρδς,
1053 366 1192 438 μετά
1219 366 1419 436 πολλῆς
1445 383 1588 431 τινος
1616 366 1717 437 τῆς
1744 369 1856 421 ἔπιε

1981 372 2354 444 'ircumspecle
2377 374 2515 430 dixit
2542 393 2556 429 :
2585 394 2604 428 ι
2627 375 2740 446 Ego
2769 376 2819 430 in
2845 376 3025 443 Patre,
3053 388 3104 430 et
3131 376 3286 432 Pater
3313 375 3364 430 lu
3387 392 3492 431 me.
3519 395 3556 427 ι.

267 455 582 524 τηρήσεως,
613 474 648 508 ι-
669 456 832 526 Ἐγὼ,
858 461 1043 530 φησὶν,
1069 461 1129 513 ἐν
1161 460 1239 530 τῷ
1267 463 1465 532 Πατρὶ,
1496 462 1593 514 καὶ
1613 463 1641 513 6
1668 460 1858 532 Πατὴρ

267 543 328 594 ὲν
373 544 517 613 ἐμοί.
548 565 568 598 ι
611 549 722 600 Οὐκ
773 550 882 620 ἄρα
936 553 1114 604 κοινὸν
1165 552 1278 622 ἔχει
1339 551 1478 621 μετὰ
1536 549 1752 603 πάντων
1799 550 1859 604 τὸ

269 634 512 708 ἀξίωμα.
538 639 654 692 ἀλλ’
680 640 876 706 ἰδιάζον
902 643 998 696 καὶ
1031 643 1307 716 ἐξαίρετον
1335 643 1410 707 ὼς
1453 644 1603 709 Υἱὸς,
1641 643 1733 696 καὶ
1761 641 1862 696 Λό-

267 744 391 794 γος,
426 731 519 782 καὶ
554 731 707 794 Θεός.

269 819 479 884 ΑΑΛΟ,
507 822 804 879 διδάσκον
831 826 1138 951 ὅπως]ρὲ
1172 827 1336 882 νοεῖν
1362 828 1430 882 τὸ
1464 827 1863 897 προκείμενον

983 916 1091 951 ωητ
1131 917 1186 951 ν.

975 918 1055 969 μη
1065 916 1186 953 τον.

361 983 421 1038 Ὀ
454 987 582 1050 Υἱὸς
623 989 683 1041 ὲν
722 990 798 1061 τῷ
833 991 1041 1061 Πατρὶ,
1095 992 1189 1044 καὶ
1229 993 1258 1045 6
1291 990 1478 1062 Πατὴρ
1528 992 1587 1043 ἐν
1623 987 1704 1060 τῷ
1748 987 1864 1058 rio

274 1074 602 1147 νοηοήσεται
652 1081 795 1134 κατά
845 1081 1037 1135 τοῦτον
1082 1081 1172 1134 τὸν
1217 1081 1438 1153 τρόπον.
1481 1081 1576 1134 Ἐκ
1621 1078 1723 1150 τῆς
1767 1077 1874 1131 τού

277 1166 496 1238 Πατρὸς
525 1171 716 1235 οὐσίας
744 1173 1018 1244 προῆλθεν
1044 1176 1072 1227 6
1103 1172 1253 1239 Υἱὸς,
1280 1173 1340 1226 οὐ
1371 1172 1624 1234 καθάπερ
1653 1172 1720 1224 τὰ
1758 1169 1868 1224 κτίυ

275 1275 466 1329 σματα
487 1262 548 1315 ἐκ
567 1263 660 1317 τοῦ
683 1265 756 1335 μὴ
779 1265 929 1327 δντος
945 1267 1024 1328 εἰς
1040 1267 1098 1320 τὸ
1119 1259 1257 1318 εἶναι
1285 1262 1588 1334 παρελθὼν,
1604 1264 1641 1334 ἢ
1655 1262 1866 1330 ’ἔξωθέν

273 1350 442 1404 ποθεν
469 1354 569 1423 τὴν
593 1355 686 1408 τού
715 1352 854 1411 εἶναι
884 1357 1143 1412 σύστασιν
1167 1356 1328 1427 ἔχων,
1353 1355 1467 1408 ἀλλ’
1493 1354 1610 1410 ἐστι
1637 1356 1735 1425 τῆς
1768 1354 1864 1407 τοῦ

275 1446 639 1515 γεννήσαντος
682 1449 869 1513 οὐσίας
912 1449 973 1503 τὸ
1012 1450 1163 1504 ἷδιον·
1216 1448 1404 1521 ὥσπερ
1443 1444 1537 1502 οὖν
1578 1450 1644 1501 ὲκ
1690 1448 1866 1520 φευτδς

274 1537 643 1608 ἀπαύγασμα,
668 1540 828 1611 ἧκαὶ
869 1542 976 1595 ἀπό
1006 1558 1152 1604 τινος
1193 1542 1376 1611 πηγῆς
1414 1539 1654 1597 ἐκϐαίνει
1701 1556 1870 1592 ποτα-

278 1629 402 1695 μός,
434 1629 622 1684 Ἔστιν
643 1627 737 1686 οὖν
759 1636 872 1696 τοῖς
895 1632 1065 1704 ὁρῶσι
1092 1633 1184 1686 τὸν
1212 1633 1366 1696 Υἰδν,
1398 1632 1496 1703 τὴν
1524 1631 1621 1685 τού
1654 1630 1869 1701 Πατρδς

1963 461 2078 518 Non
2127 465 2292 534 igitur
2326 481 2668 523 communem
2717 469 2862 524 illam
2916 472 3076 525 habet
3128 485 3248 523 cum
3294 467 3557 522 omnibus.

1963 555 2301 627 dignitatem,
2336 561 2429 613 sed
2463 562 2737 632 propriam
2773 563 2876 617 sibi
2925 579 2985 617 ac
3019 563 3343 631 peculiarem
3379 569 3436 616 ut
3455 558 3560 615 Fit

1963 646 2086 714 lius,
2118 662 2171 705 et
2199 650 2454 719 Verbum,
2493 664 2545 708 et
2575 653 2733 711 Deus.

1963 828 2197 895 ALIUD,
2251 834 2443 886 docens
2489 848 2590 897 quo
2642 841 2792 892 parto
2825 831 3024 884 dictum
3064 830 3210 885 istud
3259 827 3545 883 ormfatum

2504 902 2898 968 intelligendum
2930 904 3015 955 ait.

2037 990 2205 1046 Fillus
2240 993 2292 1046 in
2326 991 2505 1058 Patre,
2537 1002 2596 1047 et
2620 992 2781 1047 Pater
2805 993 2857 1046 in
2891 993 3028 1047 Filio
3054 1006 3176 1048 esse
3210 989 3312 1045 hac
3339 988 3548 1043 ratione

1966 1084 2302 1154 intelligitur.
2332 1085 2501 1140 Filius
2525 1101 2591 1141 ex
2623 1085 2861 1140 essentia
2887 1083 3064 1138 Patris
3103 1081 3390 1153 processit,
3417 1095 3544 1137 non.

1965 1177 2421 1247 quemadmodum
2458 1187 2743 1240 creaturae,
2777 1192 2840 1230 ex
2872 1192 2978 1230 non
3009 1189 3132 1230 esse
3169 1174 3237 1228 ad
3273 1187 3393 1228 esse
3437 1181 3548 1224 tra-

1966 1271 2183 1336 ductns,
2227 1279 2324 1323 aut
2359 1271 2699 1324 extrinsecus
2747 1269 3112 1332 substitutus;
3160 1267 3254 1321 sed
3305 1274 3391 1320 est
3431 1264 3548 1332 ipsa

1966 1364 2215 1418 essentia:
2233 1361 2410 1416 Patris
2435 1364 2758 1431 proprietas,
2796 1361 2936 1418 sicut
2953 1377 3018 1416 ex
3043 1361 3248 1414 lumine
3269 1357 3546 1428 splendor,

1967 1461 2059 1505 aut
2083 1467 2148 1505 ex
2179 1451 2363 1521 aliquo
2399 1451 2544 1506 l‘Onte
2590 1450 2786 1506 lltnnen
2837 1463 3142 1521 promanat.
3189 1448 3343 1503 Licet
3385 1445 3561 1518 igitur

1969 1545 2036 1600 iis
2061 1546 2152 1615 qui
2203 1545 2396 1600 Filium
2429 1545 2632 1610 vident,
2673 1545 2848 1601 Patris
2894 1544 3184 1602 essentiam
3231 1539 3464 1603 intueri,
3498 1549 3565 1591 er

1969 1637 2230 1706 genitoris
2251 1637 2635 1705 proprietatem
2659 1653 2722 1693 ex
2747 1639 2851 1693 hoc
2874 1650 3221 1708 cognoscere.
3241 1633 3376 1701 Quia
3407 1631 3558 1689 enim
3580 1668 3584 1672 -

274 1719 469 1774 οὐσίαν
491 1723 648 1793 όρᾷν,
677 1725 771 1778 κα)⁴
797 1724 857 1778 τὸ
881 1724 975 1778 τοῦ
1002 1727 1363 1796 γεννήσαντος
1390 1725 1521 1780 ἴδιον
1547 1725 1654 1778 ἀπὸ
1681 1723 1872 1776 τούτου

1981 1729 2289 1782 universum
2326 1744 2450 1783 esse
2476 1727 2595 1782 Filii
2619 1744 2682 1783 ex
2713 1729 2949 1783 essentia
2985 1727 3164 1782 Patris
3197 1724 3462 1796 procedit.
3492 1738 3553 1778 ea

274 1814 678 1886 νοεῖν.“οτιπερ
714 1817 899 1888 ἐπειδὴ
915 1816 1148 1891 ,σύμπαν
1174 1818 1236 1874 τὸ
1253 1812 1393 1872 εἶναι
1410 1818 1502 1870 τοῦ
1530 1815 1660 1870 Υἱού
1686 1819 1748 1869 ἐκ
1773 1815 1872 1881 τῆς

277 1904 374 1961 τοῦ
419 1909 627 1978 Πατρός
656 1895 844 1974 οὐσίας
885 1911 1152 1980 πρόεισιν,
1181 1909 1355 1974 οὓτως
1384 1911 1533 1964 ἐστὶν
1582 1911 1640 1962 ὲν
1673 1908 1870 1976 Πατρὶ,

277 1997 378 2049 καὶ
415 2000 576 2052 πάλιν
607 2003 670 2054 ἐκ
701 2003 810 2055 τῶν
843 2004 1123 2067 ἐναντίων,
1151 2005 1189 2056 6'
1218 2003 1408 2074 Πατήρ
1439 2005 1588 2055 ἐστιν
1629 2004 1687 2054 ἔν
1735 2000 1870 2070 Υἱῷ,

277 2091 584 2162 ἐπειδήπερ
628 2095 765 2164 ὅπερ
796 2096 943 2148 ἐστὶν
975 2095 1135 2158 αὐτὸς
1183 2095 1371 2164 φύσει,
1420 2095 1580 2147 τοῦτο
1623 2094 1717 2146 καὶ
1759 2096 1786 2146 ό
1815 2092 1874 2158 ἐξ

278 2183 450 2234 αὐτοῦ
480 2184 759 2255 προελθὼν
785 2185 920 2250 Θεὸς
960 2187 1154 2256 Λόγος.
1199 2188 1455 2241 Φαίνεται
1484 2187 1540 2240 δὲ
1588 2187 1683 2240 καὶ
1728 2186 1873 2240 ἐστιν

279 2271 347 2323 ιν
372 2270 504 2345 Υίῴ,
521 2272 725 2346 ,ὥσπερ
749 2271 843 2328 οὖν
877 2275 974 2329 καὶ
999 2278 1057 2328 ὲν
1089 2275 1166 2346 τῷ
1199 2277 1328 2346 παρ’
1354 2275 1521 2328 αὐτοῦ
1557 2275 1873 2347 προελθόντι

279 2364 674 2436 ἀπαύγασματι
704 2368 731 2419 6
760 2367 940 2437 ἥλιος,
990 2368 1103 2423 καὶ,
1129 2369 1188 2420 ὲν
1225 2368 1304 2437 τῷ
1347 2367 1492 2438 λόγῳ
1518 2367 1546 2420 ό
1590 2365 1744 2430 νοῦς,
1780 2364 1875 2419 κα)⁴

280 2456 343 2507 ὲν
379 2455 457 2525 τῷ
485 2457 714 2528 ποταμῷ
751 2460 784 2528 ή
815 2458 1410 2524 τούτονιάναδλύζουσα
1458 2459 1631 2529 πηγή.
1663 2457 1736 2510 Τὸ
1765 2457 1875 2527 γὰρ

281 2545 414 2601 [ξιον
454 2548 551 2616 τῆς
583 2548 674 2602 τού
725 2551 940 2620 Ira-cpe;
983 2551 1170 2614 οὐσίας
1212 2554 1270 2605 ὲν
1306 2551 1421 2620 Υίῴ
1460 2551 1734 2621 κείμενον,
1777 2550 1875 2603 καὶ

278 2638 384 2707 τῆς
424 2639 710 2712 Θεότητος,
755 2643 842 2695 ἵν’·
874 2643 1045 2706 οὕτως
1101 2643 1263 2706 εἴπω,
1337 2644 1399 2696 τὸ
1445 2639 1586 2707 εἶδος
1641 2643 1875 2696 δεικνύει

280 2733 452 2784 πᾶσιν
471 2734 636 2787 αὐτὸν
663 2737 721 2788 ἐν
747 2735 917 2805 αὐτῷ.
962 2737 1326 2806 Ἐπιτηρῆσαι
1356 2736 1412 2788 δὲ
1442 2735 1548 2806 χρὴ
1581 2735 1674 2788 καὶ
1708 2734 1877 2802 ἀναγ-

281 2825 456 2890 uiut;
501 2827 695 2881 εἰδέναι
741 2826 932 2900 ὅτιπερ
970 2831 1032 2882 οὐ
1100 2831 1202 2899 τῆς
1246 2827 1520 2899 τυχούσης
1560 2828 1878 2897 οἰκονομίας

279 2915 456 2971 ἓνεκα.
482 2916 581 2988 τὴν
625 2918 879 2988 τοιαύτην
905 2920 934 2972 6
962 2919 1154 2990 Σωτὴρ
1196 2919 1387 2991 εἴρηκε
1418 2919 1622 2989 φωνήν.
1660 2917 1876 2988 Ἐπειδὴ

280 3007 397 3075 γὰρ
440 3008 541 3077 τὴν
590 3011 896 3078 ταύτότητα
941 3009 1043 3075 τῆς
1085 3011 1302 3079 φύσεως
1335 3010 1402 3080 ἥν
1450 3009 1562 3080 ἔχει
1602 3008 1740 3081 πρὸς
1784 3009 1876 3062 τὸν

1974 1820 2185 1876 ratione
2199 1821 2348 1875 estin
2379 1819 2560 1887 Patre,
2582 1829 2636 1875 et
2658 1836 2688 1876 e
2712 1819 2986 1876 contrario
3024 1817 3185 1874 Pater
3215 1827 3297 1872 est
3320 1817 3371 1870 in
3397 1814 3553 1872 Filio.

1975 1913 2240 1981 siquidem
2283 1913 2333 1966 id
2380 1915 2523 1982 quod
2573 1915 2687 1982 ipse
2737 1923 2822 1968 est
2867 1921 3076 1975 natura,
3125 1911 3228 1965 hoc
3272 1910 3438 1965 etiam
3472 1918 3559 1963 est

1977 2009 2120 2062 Dens
2139 2004 2374 2059 Verbum
2393 2021 2457 2060 ex
2480 2007 2596 2074 ipso
2614 2007 2932 2076 procedens.
2951 2005 3188 2073 Apparet
3210 2012 3389 2056 autem
3407 2006 3559 2056 etest

1974 2098 2030 2152 in
2056 2096 2194 2152 Filio
2224 2099 2674 2162 quemadmodum
2703 2100 2782 2152 sol
2815 2097 2868 2152 in
2893 2097 3180 2166 splendore
3214 2109 3375 2163 quem
3407 2093 3558 2147 emit-

1979 2189 2044 2244 tit
2073 2204 2137 2243 εχ
2161 2204 2242 2253 se,
2272 2201 2328 2244 et
2352 2190 2496 2244 sicut
2525 2206 2676 2245 mens
2699 2190 2748 2244 in
2780 2205 3054 2254 sermone,
3075 2199 3133 2244 et
3163 2187 3286 2242 fons
3317 2187 3368 2240 in
3395 2185 3556 2238 lluvio

1975 2281 2066 2349 qui
2095 2296 2164 2335 ex
2191 2296 2250 2335 se
2273 2291 2577 2349 promanat.
2606 2281 2917 2351 Proprietas
2937 2282 3083 2335 enim
3105 2280 3359 2336 essentia;
3380 2278 3559 2333 Patris

1978 2375 2030 2428 in
2076 2373 2215 2428 Filio
2257 2375 2382 2439 sita,
2429 2386 2484 2429 et
2516 2374 2838 2439 divinitatis,
2875 2384 2934 2428 ut
2984 2375 3056 2428 ita
3090 2373 3290 2437 dicam,
3324 2371 3556 2442 Species.

1978 2467 2151 2534 ipsum
2174 2467 2224 2520 in
2245 2481 2311 2521 eo
2338 2481 2458 2521 esse
2480 2467 2731 2520 omnibus
2754 2467 3013 2521 ostendit.
3037 2465 3444 2522 Observandum
3464 2478 3562 2515 an-

1977 2567 2084 2612 tem
2103 2568 2208 2622 est,
2226 2566 2278 2612 et
2303 2559 2610 2614 necessario
2637 2559 2942 2624 sciendum,
2968 2573 3076 2612 non
3098 2556 3303 2626 vulgari
3334 2553 3561 2608 consilio
3603 2612 3608 2616 ,

1980 2661 2141 2720 atque
2179 2651 2591 2720 dispensatione
2632 2651 2771 2706 hanc
2803 2664 2992 2704 vocem
3028 2664 3057 2702 a
3105 2647 3396 2703 Servatore
3435 2659 3562 2715 pro-

1977 2744 2139 2797 latam
2175 2743 2363 2798 fuisse.
2397 2742 2530 2798 Cum
2571 2743 2740 2807 enim,
2783 2742 3119 2798 identitatem
3162 2748 3370 2793 natura:
3400 2751 3563 2806 quam

1979 2837 2287 2892 habetcum
2323 2835 2484 2891 Patre
2516 2836 2803 2891 ostendere
2842 2835 3048 2898 volens,
3097 2831 3230 2885 dixit
3259 2847 3276 2886 :
3311 2849 3329 2882 ι
3367 2829 3475 2899 Ego
3506 2836 3564 2882 et

1965 2909 2141 2982 'Pater
2175 2943 2340 2981 unum
2373 2943 2587 2989 sumus,
2622 2946 2640 2975 ι
2674 2941 2739 2980 ne
2788 2926 2909 2996 quis
2941 2925 3184 2979 eumdem
3231 2936 3352 2977 esse
3387 2919 3566 2989 suspi-

1983 3031 2200 3076 caretur
2227 3020 2468 3084 Patrem,
2503 3028 2558 3075 et.
2580 3019 2798 3086 Filium,
2834 3018 2962 3072 solis
2996 3026 3199 3071 tantum
3235 3012 3563 3073 nominibus.

283 3100 644 3170 γεννήσαντα,
675 3101 844 3165 δεῖξαι
894 3100 1202 3172 βουληθεὶς,
1251 3096 1405 3154 εἶπεν
1428 3141 1442 3165 ,
1478 3119 1496 3153 ι
1539 3100 1680 3166 Ἐγὼ
1723 3100 1817 3152 καὶ
1849 3103 1875 3154 6

1987 3131 2094 3168 non
2124 3114 2397 3184 llypostasi
2435 3113 2488 3167 in
2509 3113 2830 3167 dualitatent
2865 3123 3223 3180 personarum
3258 3107 3562 3161 distinctos:

285 3191 479 3260 Πατὴρ
505 3193 562 3245 ἓν
588 3195 775 3264 ἐσμεν,
800 3214 818 3246 ι
848 3195 933 3247 ἵνα
969 3195 1041 3265 μή
1074 3212 1154 3257 τις
1179 3193 1270 3246 τὸν
1303 3191 1466 3246 αὐτὸν
1495 3188 1632 3245 εἶναι
1661 3191 1879 3262 Πατέρα

285 3280 386 3334 καὶ
419 3282 544 3334 Υῑδν
575 3283 854 3356 ὑπολάϐῃ,
905 3285 1087 3354 μόνοις
1125 3284 1356 3353 ὀνόμασι
1403 3281 1880 3352 διαστελλομένούς

287 3372 371 3434 είς
399 3371 595 3439 δυάδα,
625 3373 786 3437 ὄντας
817 3374 874 3426 δὲ
903 3376 1003 3445 οὐχ
1030 3373 1202 3436 οὕτως
1247 3375 1305 3427 ὲν
1349 3373 1646 3427 ὑποστάσει
1666 3374 1880 3442 ,,ἀναγ-

290 3461 462 3524 καίως
513 3462 946 3535 ὲπεξηγούμενος
989 3468 1127 3537 ὅπερ
1164 3465 1377 3536 εἴρηκε,
1405 3465 1500 3519 καὶ
1535 3464 1872 3534 σαφέστερον

287 3557 406 3616 τοῖς
429 3555 796 3626 ἀκροωμένοις
823 3558 953 3610 αὐτὸ
981 3557 1275 3621 καθιστῶν,
1301 3557 1553 3628 ἐπιφέρει
1584 3555 1663 3618 τὸ,
1698 3574 1716 3606 ι
1739 3555 1879 3622 Ἐγὼ

289 3645 351 3700 ὲν
386 3644 463 3716 τῷ
505 3646 707 3718 Πατρὶ,
754 3649 850 3702 καὶ
878 3650 1132 3720 δΠατὴρ,
1174 3651 1231 3702 ἐν
1279 3647 1599 3719 ἐμοὶνιῖνα
1643 3646 1731 3700 διὰ
1780 3647 1879 3717 μὲν

288 3733 409 3795 τοῦ,
445 3735 630 3789 τοῦτον
652 3740 710 3791 ἐν
739 3739 956 3808 ἐκείνῳ,
989 3743 1318 3795 κάκεῖνονὲν
1353 3739 1528 3808 τούτῳ
1566 3737 1897 3808 φαίνεσθαι,,

289 3828 390 3896 τὴν
421 3828 723 3900 ταύτότητα
749 3831 848 3904 τῆς
879 3831 1131 3902 θεότητος
1161 3834 1266 3886 καῖ
1289 3833 1386 3902 τῆς
1417 3831 1604 3894 οὐσίας
1633 3831 1732 3900 τὴν
1764 3831 1876 3882 ἑνό-

290 3937 434 3990 τητα
470 3921 653 3992 δείξῃ·
697 3921 786 3975 διὰ
816 3923 873 3976 δὲ
907 3923 1002 3976 τοῦ
1055 3924 1244 3996 ἕτερον
1281 3926 1340 3976 ἐν
1387 3923 1559 3994 ἑτέρῳ
1603 3917 1878 3991 εἷναι,,μὴ

291 4013 352 4065 ἓν
376 4031 428 4065 τι
455 4012 514 4066 ὃν
545 4015 602 4066 ὲν
634 4015 854 4084 ἀριθμῷ
898 4015 1087 4086 νοηύῇ,
1115 4016 1142 4069 ὃ
1182 4017 1312 4069 ποτὲ
1366 4016 1465 4084 μὲν
1498 4015 1709 4084 Πατὴρ,
1747 4015 1880 4066 ποτὲ

292 4105 351 4161 δὲ
388 4106 513 4169 Υἱὸς
541 4105 793 4174 λέγεται·
826 4107 947 4160 ἀλλ’
982 4108 1152 4171 ὅντως
1175 4108 1460 4175 ὑφεστῶτα
1490 4106 1737 4178 Πατέρα,
1787 4106 1881 4161 καὶ

295 4197 584 4267 ὑφεστῶτα
611 4199 740 4253 Υἰὸν
773 4199 1166 4271 ἐναργέστερον
1193 4200 1472 4270 ἀποδείξῃ.

989 4293 1194 4345 ΑΛΛΟ.

377 4383 437 4435 ὐ
471 4383 662 4455 Πατὴρ
696 4384 790 4436 καὶ
818 4383 860 4435 6‘.
879 4383 1005 4446 Υἱὸς
1035 4382 1093 4435 ἒν
1136 4383 1235 4453 μέν
1262 4385 1368 4437 εἰσι
1403 4383 1544 4437 κατὰ
1572 4381 1755 4452 φύσιν,
1785 4381 1880 4434 δύό

1985 3207 2295 3262 necessario
2344 3205 2657 3274 utiliterque
2690 3203 2965 3272 explicans
3014 3202 3064 3256 id
3103 3199 3246 3270 quod
3289 3198 3456 3262 dixit,
3510 3205 3568 3250 et

1983 3299 2324 3354 manifestius
2368 3294 2976 3355 auditoribnslaciens,
3016 3292 3167 3348 addit
3209 3292 3312 3346 hoc
3353 3308 3365 3343 :
3402 3308 3420 3342 ι
3455 3288 3566 3359 Ego

1984 3390 2034 3444 in
2070 3388 2252 3452 Patre,
2281 3397 2335 3442 et
2385 3385 2546 3440 Pater
2581 3386 2632 3440 in
2687 3400 2861 3451 me;-i
2895 3395 2952 3438 ut
2983 3398 3079 3452 per
3121 3383 3244 3447 hoc,
3287 3380 3432 3451 quod
3477 3378 3566 3433 hic

1981 3480 2197 3551 quidem
2230 3479 2281 3534 in
2309 3478 2420 3542 illo,
2447 3477 2538 3531 ille
2557 3491 2686 3532 vero
2708 3476 2762 3530 in
2791 3475 2894 3530 hoc
2916 3481 3200 3544 appareat,
3225 3471 3560 3526 identitatem

1981 3571 2198 3628 deitatis
2239 3580 2294 3625 et
2349 3569 2602 3625 essentia:
2661 3567 2922 3623 nuit-atem
2982 3566 3348 3628 demonstret;
3398 3572 3566 3633 utque

1982 3677 2078 3730 per
2109 3660 2161 3714 id
2194 3660 2336 3729 quod
2366 3659 2504 3713 alter
2543 3659 2596 3713 in
2634 3657 2808 3711 altero
2855 3658 2949 3720 sit,
2987 3671 3094 3709 non
3125 3669 3288 3709 unum
3336 3667 3563 3708 numero

1982 3769 2101 3808 esse
2129 3753 2483 3823 intelligatur,
2534 3750 2680 3821 quod
2723 3747 3014 3818 aliquando
3045 3747 3228 3813 Pater,
3267 3746 3564 3816 aliquando

1982 3847 2153 3901 Filius
2176 3855 2428 3911 vocetur;
2446 3844 2554 3900 sed
2589 3857 2716 3896 vere
2739 3850 2900 3909 atque
2930 3839 3269 3910 ltypostatice
3298 3839 3564 3894 exsistere

1981 3943 2228 4008 Patrem,
2263 3955 2391 3994 vere
2450 3939 2617 3992 etiam
2681 3947 2844 4004 atque
2889 3933 3228 4006 ltypostatice
3292 3930 3560 3988 exsistere

1984 4034 2194 4087 Filium!
2213 4028 2658 4085 manifestissime
2686 4025 2983 4081 ostendat.

2558 4290 2719 4360 ιιο
2755 4285 2985 4343 ALIUD;

2052 4385 2212 4440 Pater
2233 4395 2287 4439 et
2317 4383 2487 4439 Filius
2521 4399 2686 4436 unum
2717 4381 2937 4451 quidem
2970 4388 3098 4435 sunt
3142 4377 3435 4434 secundum
3471 4393 3568 4432 na-

293 4472 351 4525 δὲ
392 4475 449 4525 ἐν
475 4471 712 4543 ἀριθμῷ,
739 4473 836 4542 οὐχ
865 4471 939 4533 ὠς
979 4472 1097 4534 ἑνός
1133 4489 1279 4532 τινος
1313 4473 1390 4536 εἰς
1417 4471 1509 4525 δύο
1532 4473 1875 4541 καταδιαιρε-

1987 4489 2184 4540 turam,
2226 4477 2334 4531 duo
2376 4492 2504 4530 vero
2553 4490 2812 4540 numero;
2864 4488 3037 4542 neque
3081 4473 3156 4526 ita
3201 4487 3266 4526 ac
3302 4471 3349 4525 si
3398 4486 3565 4525 unum

297 4567 484 4629 θέντος
521 4565 684 4636 μέρη.
722 4566 797 4628 ὼς
836 4561 976 4617 εἶναι
1006 4562 1193 4617 λοιπὸν
1223 4567 1320 4636 τῆς
1353 4564 1486 4636 πρὸς
1523 4563 1727 4633 ἄλληλα
1768 4580 1882 4616 κοι-

297 4659 492 4721 νωνίας
533 4675 592 4710 τε
621 4659 716 4711 καὶ
768 4657 1003 4727 σχέσεως
1045 4656 1325 4727 ἀμέτοχα,
1367 4656 1489 4710 οὒτε
1535 4655 1643 4726 μὴν
1675 4655 1751 4718 ὡς
1787 4655 1882 4707 τοῦ

298 4749 466 4804 αὐτοῦ
503 4752 598 4803 καὶ
627 4750 746 4813 ἑνὸς
771 4750 966 4813 διττοίς
1000 4749 1262 4818 ὀνόμασιν
1294 4747 1766 4818 ἀποκαλουμένου,
1794 4747 1881 4799 ἵνα

299 4846 356 4897 ὲν
395 4844 528 4914 μόνῃ
561 4843 900 4913 προσηγορίᾳ
930 4843 1186 4913 φαίνηται
1210 4842 1311 4910 τῆς
1342 4840 1532 4903 δυάδος
1560 4840 1594 4910 ἠ
1625 4837 1880 4908 δύναμις⁹

297 4935 420 4990 οὐδὲ
459 4935 534 4997 ὡς
570 4933 664 4988 τού
694 4933 862 4987 αὐτού
908 4935 1037 4987 ποτὲ
1082 4935 1179 5004 μὲν
1222 4933 1455 5003 Πατρὸς,
1491 4931 1621 4984 ποτὲ
1661 4930 1718 4984 δὲ
1752 4929 1882 4983 Υἰοῦ

297 5026 614 5097 λεγομένου,
650 5026 811 5079 τοῦτο
844 5026 949 5095 γὰρ
981 5025 1272 5079 Σαϐελλίού
1299 5024 1360 5077 τδ
1389 5025 1588 5094 δόγμα,
1628 5022 1745 5076 ἀλλ’
1775 5023 1882 5076 εἰσὶ

302 5123 402 5188 μὲν
430 5118 646 5189 ἀριθμῷ
675 5118 796 5171 δύοο
828 5118 942 5170 ἔστι
975 5117 1082 5186 γὰρ
1109 5118 1138 5169 6
1179 5115 1368 5187 Πατὴρ
1405 5115 1492 5168 ἀεὶ
1523 5115 1734 5186 Πατὴρ,
1761 5114 1882 5168 οὐδέ

301 5228 434 5264 ποτε
480 5213 560 5275 εἰς
605 5211 734 5264 Υίὸν
793 5209 1285 5279 μεταποιούμενοςο
1326 5208 1419 5260 καὶ
1457 5207 1641 5273 πάλιν,
1687 5211 1716 5260 6
1758 5207 1882 5270 Υἱὸς

298 5305 556 5358 οὐδέ-ποτε
585 5305 664 5367 εἰς
693 5303 916 5373 Πατέρα
953 5301 1438 5373 μεταϐαλλόμενος.
1467 5299 1707 5354 Οὐτω-δὲ
1732 5300 1884 5362 ὄντος

300 5398 397 5452 τού
430 5398 773 5469 πράγματος,
800 5398 894 5450 καὶ
924 5398 980 5448 ἐν
1008 5395 1159 5449 δυάδι
1189 5395 1445 5464 κειμένου
1497 5391 1593 5445 τοῦ
1627 5391 1884 5462 ἀριθμοῦ,

305 5493 405 5561 μία
435 5490 597 5559 φύσις
638 5489 968 5559 ἀμφοτέροις
1003 5487 1099 5540 καὶ
1142 5487 1176 5556 ἡ
1214 5483 1354 5554 αὐτὴ
1394 5483 1615 5551 Θεότης,
1650 5483 1888 5544 ἐοικότος

303 5587 392 5640 ἀεὶ
423 5593 520 5639 τοῦ
549 5586 886 5654 γεννήματος
916 5581 993 5651 τῷ
1026 5577 1379 5648 γεγεννηκότι
1418 5576 1683 5644 φυσικῶς.
1714 5572 1889 5628 Εικὼν

303 5682 414 5750 γᾴρ
444 5680 580 5745 ἐστι,
616 5677 708 5731 καὶ
735 5674 1092 5744 ἀπαύγασμα,
1125 5672 1217 5726 καὶ
1243 5670 1638 5741 χαρακτὴρτῆς
1659 5668 1890 5723 ὑποστά-

1991 4569 2203 4638 aliquod
2229 4569 2280 4621 iu
2313 4567 2446 4620 duas
2477 4576 2660 4635 partes
2680 4567 3029 4629 divideretur,
3061 4574 3119 4618 nt
3148 4579 3177 4616 a
3207 4572 3393 4617 mutua
3425 4563 3568 4619 inter

1984 4678 2042 4717 se
2111 4661 2371 4715 societate
2434 4658 2860 4729 habitudineque
2921 4657 3313 4727 sej‘uugautnr,
3392 4671 3569 4722 neque

1983 4767 2176 4808 rursus
2206 4753 2276 4805 ita
2311 4762 2368 4805 nt
2400 4765 2564 4805 unum
2603 4759 2767 4817 atque
2811 4749 2954 4804 idem
2998 4749 3211 4803 duobus
3259 4747 3569 4802 nominibus

1984 4855 2227 4909 vocetur,
2264 4853 2318 4898 ut
2345 4845 2395 4898 in
2431 4859 2534 4896 una
2568 4841 2928 4911 appellatione
2953 4841 3234 4895 dnalitatis
3270 4842 3443 4894 virtus
3472 4855 3569 4906 ap-

1984 4945 2202 5001 pareat;
2258 4949 2434 5002 neque
2467 4933 2696 4986 tit/idem
2731 4931 3026 4999 aliquando
3053 4927 3232 4991 Pater,
3276 4931 3568 4996 aliquando

1991 5024 2160 5079 Filius
2184 5025 2413 5085 dicatur,
2455 5025 2560 5078 hoc
2587 5022 2730 5075 enim
2781 5021 2999 5075 Sabellii
3029 5021 3219 5090 dogma
3247 5031 3348 5080 est,
3374 5020 3466 5073 sed
3509 5029 3569 5073 ut

1990 5121 2097 5170 sint
2121 5117 2224 5167 dno
2246 5130 2472 5167 numero
2500 5133 2512 5167 :
2538 5128 2660 5168 nam
2693 5111 2852 5166 Pater
2872 5125 3085 5180 semper
3108 5121 3186 5163 est
3218 5107 3398 5172 Pater,
3434 5126 3571 5160 nun-

1990 5223 2152 5273 quam
2183 5207 2235 5259 in
2270 5205 2458 5259 Filium
2493 5212 2730 5258 mutatus
2760 5220 2774 5255 :
2805 5211 2859 5256 et
2905 5200 3072 5254 Filius
3104 5215 3319 5268 semper
3346 5209 3427 5252 est
3475 5198 3566 5252 Fi-

1993 5301 2114 5361 lius,
2147 5314 2416 5367 nunquam
2448 5296 2502 5350 in
2545 5295 2762 5349 Patrem
2804 5304 3066 5349 mutatus.
3105 5292 3347 5361 Cumque
3391 5291 3463 5344 ita
3511 5307 3570 5343 se

1987 5408 2073 5444 res
2107 5389 2322 5455 habeat,
2351 5398 2406 5442 et
2432 5389 2503 5440 sit
2539 5401 2763 5441 numero
2795 5385 3030 5441 dualitas
3057 5398 3429 5452 personarum,
3462 5397 3568 5434 una

1987 5481 2203 5549 utrique
2245 5488 2330 5531 est
2372 5487 2584 5543 natura,
2615 5479 2915 5546 eademque
2953 5473 3128 5530 deitas
3153 5513 3168 5538 ,
3223 5488 3347 5527 cum
3399 5471 3571 5526 Filius

1988 5587 2204 5641 semper
2239 5571 2307 5624 sit
2351 5569 2547 5624 similis
2575 5568 2624 5622 ei
2667 5567 2758 5636 qui
2814 5565 3138 5620 naturaliter
3194 5578 3316 5618 eum
3359 5559 3566 5632 genuit.

1990 5667 2082 5722 Est
2125 5665 2275 5720 etiim
2303 5662 2506 5732 imago,
2544 5671 2598 5718 et
2648 5659 2919 5732 splendor,
2967 5668 3022 5716 et
3074 5659 3358 5716 character
3401 5657 3598 5728 hypo-..
