3882 6210
224 341 330 400 ιεες

1637 346 2082 404 TllESAURUS.

3381 343 3485 399 186

218 464 282 518 ιν
320 465 506 534 ἐσμεν,
537 463 660 516 ὅσον
689 464 768 528 εἰς
812 462 1106 534 ὁμοιοτητα
1137 463 1230 516 καὶ
1263 463 1664 536 ἀκριϐεστάτην
1699 467 1800 534 ἐμ·-

1915 480 2025 520 surn
2059 483 2074 521 :
2105 463 2214 534 Ego
2249 463 2302 518 in
2338 478 2482 534 rege,
2514 470 2568 516 et
2598 476 2690 515 res
2727 459 2778 514 in
2812 474 2918 522 me,
2942 462 3103 530 juxta
3149 460 3336 514 lorma:
3365 476 3486 530 spe-

218 557 466 627 φέρειαν,
495 557 590 608 καὶ
623 555 818 610 πάλιν·
858 555 1000 624 Ἐγὼ
1033 558 1092 609 ὲν
1122 555 1201 626 τῷ
1235 555 1464 625 βασιλεῖ,
1505 557 1602 610 καὶ
1630 559 1658 609 6
1706 556 1804 626 βα-

219 649 402 713 σιλεὺς
424 650 484 702 ὲν
507 649 655 719 ἐμοὶ,
692 649 832 703 κατὰ
871 648 932 702 τὸ
971 652 1069 720 τῆς
1101 649 1316 720 μορφῆς
1352 650 1536 720 σχῆμα
1579 649 1659 716 (τὸ
1696 650 1806 722 γὰρ

215 737 359 805 εἶδος
387 741 448 794 τὸ
481 741 692 795 ἐκείνου
726 742 942 804 πάντως
977 744 1133 812 φορεῖ
1170 742 1202 812 ἡ
1241 740 1452 812 γραφὴ,
1485 740 1578 794 καὶ
1608 738 1671 793 τὸ
1707 741 1806 810 τῆς

214 833 437 904 γραφῆς
481 829 620 895 εἶδος
668 834 730 885 ἐν
768 831 962 902 ἐκείνῳ
1013 833 1231 896 πάντως
1283 829 1586 894 σώζεται)·
1634 827 1806 893 οὕτως

213 925 339 978 ἐστὶ
375 925 470 978 καὶ
510 925 538 978 6
570 925 698 988 Υἱὸς
727 925 933 993 λέγων’
971 943 989 975 r
1030 923 1087 976 Ὀ
1132 922 1391 994 ἑωρακὼς
1438 923 1557 994 ἐμὲ,
1593 921 1804 994 ἑώρακε

213 1015 312 1070 τὸν
344 1016 581 1087 Πατέρα.
614 1015 783 1084 Κάγὼ
815 1017 910 1068 καὶ
950 1016 979 1068 6
1021 1016 1210 1086 Πατὴρ
1255 1015 1314 1068 ’ἐν
1344 1019 1530 1086 ἐσμεν.
1572 1011 1714 1083 Ἐγὼ
1747 1015 1806 1066 ὲν

212 1108 296 1179 τῷ
329 1110 524 1180 Πατρὶ.
562 1111 656 1162 καὶ
692 1110 723 1161 6
749 1108 940 1180 Πατὴρ
964 1110 1022 1160 ἐν
1054 1107 1193 1178 ἐμοί.
1226 1127 1244 1159 ι
1280 1107 1354 1160 Τὸ
1389 1106 1501 1178 γὰρ
1537 1106 1667 1160 ἴδιον
1704 1107 1806 1177 τῆς

211 1199 312 1253 τοῦ
351 1201 562 1273 Πατρδς
604 1199 789 1264 οὐσίας
828 1200 1265 1272 ἀπαραλλάκτως
1306 1199 1444 1269 ἔχων
1477 1201 1506 1253 6
1539 1199 1686 1264 Υἱὸς,
1722 1200 1803 1252 εί-

214 1290 332 1345 κών
372 1293 489 1344 ἐστι
521 1291 618 1345 τοῦ
647 1293 860 1364 Πατρὸς
901 1292 1154 1363 ἀκριϐὴς,
1185 1292 1280 1346 καὶ
1313 1291 1498 1364 μορφὴ
1542 1289 1638 1345 τοῦ
1680 1306 1806 1359 γεν-

214 1385 511 1452 νήσαντος,
556 1384 677 1437 ὅλον
713 1386 772 1438 ὲν
822 1385 991 1455 ἑαυτῇ
1040 1383 1364 1437 δεικνύουσα
1413 1384 1504 1437 τὸν
1549 1399 1806 1453 γεγεννη-

215 1473 372 1528 κότα.
416 1473 572 1528 υύτω
623 1477 730 1546 γὰρ
771 1477 987 1546 νοήσεις
1033 1475 1129 1529 καὶ⁸
1167 1474 1230 1528 τὸ
1269 1474 1422 1546 παρὰ
1479 1474 1556 1545 τῷ
1606 1473 1805 1547 Παύλῳ

215 1566 504 1636 κείμενονσ
543 1586 561 1617 ‹
592 1567 688 1630 Ὃς
731 1567 789 1619 ὲν
835 1568 1020 1638 μορφῇ
1059 1565 1195 1619 Θεοῦ
1241 1567 1522 1637 ὑπάρχων,
1568 1565 1668 1636 οὐχ
1707 1567 1806 1638 ἁρ-

213 1657 437 1728 παγμὸν
461 1659 715 1728 ἡγήσατο
736 1659 796 1712 τὸ
825 1655 964 1712 εἷναι
991 1658 1081 1711 ἴσα
1104 1658 1244 1728 Θεῷ.
1268 1678 1284 1708 ι
1320 1659 1462 1722 Ἰσος
1501 1658 1611 1730 γὰρ
1629 1653 1697 1730 ἦν
1726 1655 1804 1729 τῷ

211 1747 338 1820 Θεῷ
377 1748 496 1813 ὅλος
536 1747 612 1802 ὣν
647 1749 810 1814 Θεὸς,
848 1749 1041 1821 ὥσπερ
1078 1751 1173 1804 καὶ
1199 1752 1228 1803 6
1259 1750 1449 1820 Πατηρ
1470 1766 1485 1780 ·
1515 1747 1690 1814 οὕτως
1734 1744 1803 1820 ἦν

1908 557 2045 612 ciem
2097 559 2256 628 (nam
2304 557 2447 610 illius
2490 556 2716 609 formam
2767 553 2960 607 tabella
3008 551 3165 622 plane
3216 551 3403 616 refert,
3434 564 3487 605 et

1908 650 2082 705 forma
2112 649 2323 704 tabella'
2347 650 2462 703 sive
2485 649 2707 718 picturae
2733 647 2784 700 in
2815 646 2932 716 ipso
2955 646 3120 698 etiam
3143 643 3300 714 est);
3334 645 3406 698 ita
3435 657 3483 697 et

1906 742 2080 798 Filius
2109 742 2243 797 dicit
2283 759 2297 796 :
2337 760 2356 794 ι
2389 741 2492 808 Qui
2537 740 2671 794 vidit
2705 754 2810 798 rue.
2845 738 2981 792 vidit
3015 748 3072 792 et.
3103 735 3318 792 Patrem
3349 736 3424 802 ⁶³;
3465 755 3481 788 ι

1906 844 1980 900 et,
2018 854 2036 886 ι
2063 833 2176 905 Ego
2201 843 2256 889 et
2277 832 2440 887 Pater
2469 847 2634 886 unutn
2665 846 2854 887 sumus
2878 829 2951 886 ⁸⁸.
2990 829 3104 900 Ego
3139 831 3193 882 in
3230 828 3411 893 Patre,
3435 839 3489 882 ct

1908 927 2068 982 Pater
2096 927 2148 980 in
2188 941 2276 982 tne
2306 926 2375 980 ⁸⁷.
2410 943 2431 978 r
2467 923 2637 979 Filius
2661 923 2806 978 enin:
2853 923 3061 977 habens
3095 921 3486 992 proprietatem

1906 1019 2163 1076 essentia:
2183 1017 2362 1075 Patris
2384 1017 2518 1072 citra
2544 1015 2705 1070 ullam
2738 1014 3118 1079 dilferentianr,
3140 1023 3224 1068 est
3249 1011 3487 1084 perlecta

1909 1113 2088 1183 imago
2121 1111 2298 1167 Patris
2333 1118 2389 1166 et
2431 1109 2606 1166 forma
2641 1107 2925 1179 genitoris,
2955 1115 3124 1160 totum
3161 1107 3214 1160 itt
3245 1119 3304 1158 se
3336 1105 3488 1174 geni-

1909 1215 2080 1261 torem
2134 1202 2379 1258 referens
2437 1210 2600 1272 atque
2649 1202 2980 1270 exprimens.
3017 1197 3094 1252 Ita
3126 1196 3272 1252 enim
3319 1196 3486 1250 etiam

1908 1297 2038 1354 illud
2060 1295 2214 1352 Pauli
2237 1293 2506 1366 intelliges
2533 1309 2549 1349 :
2580 1311 2600 1346 ι
2625 1291 2872 1360 Quicum
2901 1300 3046 1346 esset
3076 1291 3130 1344 in
3161 1289 3336 1344 forma
3368 1287 3486 1352 Dei,

1907 1406 2015 1446 non
2046 1389 2291 1460 rapinam
2315 1387 2612 1443 arbitratus
2631 1393 2715 1441 est
2737 1397 2798 1440 se
2815 1398 2939 1440 esse
2961 1381 3220 1452 aequalem
3241 1381 3351 1436 Deo
3374 1381 3442 1434 ⁸⁸⁸.
3463 1399 3482 1432 ι

1904 1482 2154 1553 Equalis
2184 1481 2332 1537 enim
2370 1489 2492 1535 erat
2526 1477 2637 1533 Deo
2663 1486 2812 1531 totus
2850 1474 3121 1530 cxsistens
3151 1471 3315 1536 Deus,
3347 1470 3489 1524 sicut

1905 1587 1961 1633 et
1987 1575 2193 1630 Pater:
2230 1574 2303 1628 ita
2345 1581 2466 1628 erat
2517 1570 2570 1626 in
2601 1569 2821 1626 Christo
2868 1567 3127 1624 mundum
3163 1564 3265 1619 sibi
3303 1564 3490 1617 conci-

1905 1669 2048 1726 lians
2073 1668 2216 1724 Deus
2246 1684 2262 1722 :
2295 1667 2369 1722 ita
2400 1677 2744 1734 quaecunque
2786 1670 3046 1732 Operatur
3076 1656 3268 1722 Filius,
3309 1654 3491 1711 Patris

1906 1777 2071 1835 opera
2099 1770 2247 1817 sunt.
2283 1760 2418 1814 Cum
2448 1757 2592 1811 enim
2622 1755 2765 1810 nulla
2798 1754 2940 1810 inter
2971 1768 3066 1808 eos
3089 1753 3162 1807 sit
3187 1751 3491 1807 diﬂ'crentia

212 1843 274 1896 ιν
307 1842 528 1914 Χριστῷ
563 1843 770 1915 κόσμον
813 1844 992 1915 ἐαυτῷ
1026 1843 1412 1897 καταλλάττων
1451 1845 1481 1897 6
1513 1842 1647 1907 Θεός
1667 1858 1681 1874 ο
1713 1842 1805 1896 οὓ-

1915 1863 2170 1926 quantum
2199 1853 2265 1908 ad
2292 1851 2546 1906 deitatem
2575 1858 2630 1905 et
2670 1859 2944 1912 naturam,
2976 1845 3112 1902 nihil
3149 1846 3331 1901 obstat
3354 1859 3491 1915 quo-

210 1951 324 1997 τως
347 1933 490 2005 ἅπερ
520 1935 813 2004 ἐργάζεται
843 1937 872 1989 6
900 1935 1049 2001 Υἱὸς,
1076 1934 1172 1988 τοῦ
1206 1935 1422 2006 Πατρός
1451 1937 1597 1988 ἐστιν
1642 1933 1800 2007 ἔργα.

212 2025 485 2097 Οὐδεμιᾶς
518 2029 626 2097 γὰρ
653 2028 712 2080 ὲν
737 2028 922 2091 αὐτοῖς
946 2027 1113 2098 οὔσης
1142 2028 1408 2100 διαφορᾶς
1428 2029 1553 2081 ὅσον
1575 2028 1655 2090 είς
1689 2026 1807 2079 Θεό-

209 2133 355 2187 τητα
391 2119 486 2172 καὶ
517 2118 702 2188 φύσιν,
745 2121 806 2172 τὸ
835 2120 1046 2174 κωλύον
1087 2121 1239 2175 οὐδὲν
1283 2121 1418 2194 ἔργα
1456 2119 1552 2174 τοῦ
1589 2118 1806 2192 Πατρὸς

209 2207 469 2278 λέγεσθαι
492 2211 563 2265 τὰ
585 2211 681 2265 τοῦ
715 2211 868 2277 Υίοῦ,
897 2213 994 2266 καί⁵
1023 2212 1086 2266 τὸ
1118 2213 1518 2284 ἀντικείμενον.

909 2327 1114 2380 ΑΛΛΟ.

284 2438 348 2493 Ei
381 2439 553 2496 πάντα
579 2440 680 2496 ὅσα
709 2439 998 2514 πρόσεστιν
1023 2439 1276 2511 ἐξαίρετα
1299 2438 1376 2510 τῷ
1409 2437 1606 2509 Πατρὶ,
1628 2437 1804 2494 ταῦτα

209 2534 485 2604 προσόντα
515 2535 608 2587 καὶ
639 2532 720 2604 τῷ
760 2532 874 2604 Υίῷ
905 2534 1184 2601 φαίνεται,
1229 2533 1290 2584 οὐ
1324 2531 1468 2585 κατὰ
1495 2531 1654 2602 χάριν
1685 2532 1803 2584 ὲπισ

209 2624 498 2691 γεγονότα,
523 2625 645 2678 οὐδὲ
680 2623 827 2679 κατά.
869 2641 994 2678 τινα
1034 2624 1290 2694 μετοχὴν,
1334 2622 1472 2678 ἀλλᾶ
1520 2621 1801 2690 φυσικῶς»

209 2711 403 2785 ὥσπερ
435 2715 528 2767 καὶ
564 2713 643 2782 τῷ
679 2715 1064 2786 γεγεννηκότι,
1097 2716 1192 2767 καὶ
1231 2713 1292 2766 τὸ
1337 2712 1672 2784 μεσολαδοϋν
1710 2713 1802 2764 οὐ·

207 2804 320 2870 δὲν,
357 2806 392 2876 ἦ
420 2806 484 2859 τὸ
513 2805 739 2878 μερίζον
775 2809 854 2870 είς
882 2807 1266 2877 ανομοιότητα.
1307 2805 1466 2876 δῆλον
1495 2805 1561 2858 ἂν
1591 2805 1674 2873 εἴη
1707 2803 1802 2856 καί⁵

211 2894 379 2949 παντί
399 2911 478 2965 τῳ
507 2895 696 2963 σαφὲς,
720 2897 912 2967 ὅτιπερ
933 2895 1065 2950 αὐτὸ
1091 2897 1192 2966 τῆς
1219 2896 1493 2966 πατρικῆς
1521 2895 1710 2957 οὐσίας
1740 2893 1802 2948 τδ

211 2988 347 3045 Ιδιον
376 2989 638 3060 ὑπάρχων
667 2991 696 3041 6
729 2989 877 3054 Υἱὸς,
915 2989 1036 3042 ὅλον
1062 2990 1121 3042 ὲν
1151 2987 1331 3058 ἑαυτῷ
1365 2990 1522 3058 φορεῖ
1547 2987 1640 3041 τὸν
1682 2988 1798 3041 Πα-

209 3081 375 3150 τέρα·
404 3081 499 3133 καὶ
530 3080 651 3144 ὅλος
690 3080 841 3134 ἐστὶν
887 3081 945 3134 ὲν
978 3081 1154 3152 Ila-cpi
1182 3079 1322 3133 κατὰ
1363 3080 1464 3147 τὴν
1493 3077 1800 3147 ταύτότητα

207 3174 311 3246 τῆς
347 3172 538 3236 οὐσίας
557 3187 570 3202 ’
618 3171 714 3226 καὶ
739 3171 828 3226 διά
863 3188 944 3226 τοι
969 3171 1129 3225 τοῦτο
1153 3169 1334 3234 καλῶς
1358 3185 1420 3222 τε
1448 3167 1541 3222 καὶ
1578 3166 1802 3222 ἀκολού-

1910 1947 2092 2002 minus
2133 1958 2296 2018 opera
2329 1939 2454 2001 Filii
2486 1940 2740 1996 dicantur
2768 1953 2933 2009 opera
2970 1935 3169 2005 Patris,
3204 1945 3262 1994 et
3291 1951 3324 1994 e
3361 1949 3493 1990 con-

1908 2041 2077 2098 trario

2579 2328 2819 2386 ALIUD.

1977 2449 2038 2504 Si
2091 2460 2428 2518 quaecunque
2475 2445 2676 2501 eximia
2705 2452 2830 2499 sunt
2864 2441 2918 2496 in
2968 2440 3154 2504 Patre,
3181 2454 3245 2496 ea
3272 2449 3328 2494 et
3356 2435 3494 2494 Filio

1903 2540 2099 2596 adesse
2127 2546 2556 2608 cognoscuntur,
2590 2550 2695 2590 uon
2729 2549 2824 2603 per
2870 2533 3104 2601 gratiam
3139 2529 3350 2598 adjecta
3398 2536 3492 2584 aut

1903 2646 2000 2700 per
2025 2627 2523 2698 participationem,
2552 2625 2649 2680 sed
2682 2621 3022 2686 naturaliter,
3059 2619 3202 2674 sicut
3234 2627 3291 2673 et
3323 2617 3493 2680 Patri,

1902 2722 2220 2790 nullumque
2249 2719 2475 2774 omnino
2497 2727 2581 2772 est
2605 2715 2925 2779 discrimen,
2959 2721 3053 2766 aut
3078 2708 3492 2770 dissimilitudo;

1904 2813 2253 2873 manifestum
2289 2812 2454 2866 etiam
2485 2809 2659 2864 cuivis
2702 2807 2868 2861 tulerit
2895 2807 3040 2876 quod
3074 2803 3245 2858 Filius
3270 2817 3394 2858 cum
3425 2802 3498 2858 sit

1905 2909 2137 2977 ipsamet
2160 2905 2464 2975 proprietas
2493 2901 2745 2957 essentia:
2769 2898 2975 2964 Patris,
3013 2905 3184 2952 totum
3215 2895 3268 2950 in
3309 2909 3369 2950 se
3396 2892 3498 2946 Pa-

1906 3006 2044 3052 trem
2079 3002 2283 3064 gestat,
2315 3003 2371 3047 et
2399 3002 2545 3047 totns
2572 2999 2656 3046 est
2693 2990 2744 3044 iu
2777 2989 2936 3045 Patre
2959 2988 3257 3042 secundum
3298 2982 3498 3039 identio

1857 3107 1862 3110 ·
1907 3095 2070 3142 tatem
2105 3085 2377 3141 essentite.
2418 3083 2577 3154 112
2631 3082 2798 3138 Recte
2835 3082 2999 3149 igitur
3035 3091 3090 3132 et
3115 3077 3501 3134 convenienter

1910 3179 2043 3236 dicit
2071 3197 2086 3234 :
2129 3197 2148 3234 ι
2175 3178 2288 3247 Ego
2318 3178 2372 3232 in
2424 3176 2607 3240 Patre,
2642 3184 2696 3230 et
2729 3174 2889 3228 Pater
2934 3173 2987 3228 in
3021 3188 3145 3238 me;
3177 3190 3196 3223 ι
3226 3181 3302 3234 et,
3339 3187 3358 3223 r
3391 3169 3503 3239 Ego

209 3243 320 3331 0...;
340 3265 486 3336 ἐρεῖ·
518 3283 536 3315 t
561 3262 700 3332 Ἐγὼ
730 3265 787 3317 ὲν
812 3262 891 3333 τῷ
917 3263 1114 3332 Πατρὶ,
1141 3263 1236 3316 καὶ
1259 3264 1288 3314 6
1317 3261 1506 3332 Πατὴρ
1530 3261 1586 3313 ὲν
1609 3259 1749 3330 ἐμοί.
1779 3279 1800 3311 r

1915 3281 1969 3327 et
1997 3269 2161 3326 Pater
2184 3243 2348 3325 unum
2377 3284 2588 3323 smnus.
2631 3285 2652 3320 ι
2684 3267 2817 3334 Quia
2863 3267 3009 3320 enim
3049 3263 3185 3318 nihil
3225 3263 3278 3317 in
3307 3277 3374 3317 eo
3406 3263 3503 3316 de-

211 3360 346 3418 Καὶ.
384 3377 402 3409 ι
441 3355 584 3426 Ἐγὼ
637 3357 734 3410 καὶ
777 3358 806 3409 6
842 3355 1033 3426 Πατὴρ
1063 3354 1122 3408 ἓν
1155 3355 1344 3425 ἐσμεν.
1378 3371 1396 3403 ι
1435 3351 1532 3404 Διὰ
1569 3351 1680 3422 γὰρ
1711 3350 1806 3404 τοῦ

212 3452 382 3524 μηδὲν
405 3450 556 3521 αὐτῷ
587 3447 1016 3520 παραλελεῖφθαι
1040 3447 1150 3502 τῶν
1175 3448 1276 3501 ὅσα
1307 3445 1564 3515 πρόσεστι
1587 3443 1666 3514 τῷ
1698 3443 1810 3496 Πα-

208 3545 325 3616 τρὶ,
352 3542 591 3607 τοιοῦτος
628 3541 783 3595 ἔσται
822 3540 1040 3604 πάντως
1069 3541 1251 3603 ὁποῖος
1295 3537 1362 3593 ἂν
1387 3537 1472 3608 εἴη
1502 3536 1596 3591 καὶ
1623 3537 1652 3590 6
1684 3551 1808 3606 γεν-

211 3638 385 3710 νήσας
417 3637 603 3691 αὐτόν.

910 3746 1116 3802 ΔΛΛΟ.

287 3863 476 3936 Πατὴρ
509 3863 754 3918 καλεῖται
781 3860 935 3924 Θεὸς,
968 3857 1463 3930 συνεισφερομένης
1498 3854 1649 3925 αὐτῷ
1679 3854 1812 3909 πάνο

210 3971 323 4021 τως
351 3957 450 4026 τῆς
477 3955 764 4026 ὑπάρξεως
799 3951 894 4006 τοῦ
925 3950 1091 4006 Υίοῦ·
1122 3951 1185 4005 οὐ
1219 3952 1330 4022 γὰρ
1360 3949 1427 4003 ἂν
1472 3950 1558 4018 εἴη
1593 3949 1806 4017 Πατὴρ,

210 4046 314 4100 οὐκ
337 4045 476 4116 ἔχων
503 4044 594 4098 τὸν
620 4043 681 4110 ἐξ
715 4041 908 4096 ἑαυτοῦ
935 4041 1264 4112 προελθόντα
1289 4041 1481 4108 Λόγον.
1509 4040 1616 4092 Καὶ
1645 4036 1810 4091 πάλιν

211 4137 249 4209 ἡ
278 4135 375 4189 τοῦ
414 4133 543 4188 Υἱοῦ
593 4133 936 4206 προσηγορία
982 4133 1295 4202 συνεισάγει
1329 4133 1546 4193 πάντως
1575 4130 1675 4200 τὴν
1708 4127 1805 4182 τοῦ

213 4229 430 4299 Πατρὸς
463 4227 717 4300 ὓπαρξιν.
747 4229 918 4283 Τοῦτο
957 4227 1068 4299 γὰρ
1109 4226 1185 4290 ὡς
1219 4231 1352 4295 πρὸς
1387 4225 1565 4277 ἐκεῖνο
1607 4223 1809 4292 σημαί-

211 4339 388 4378 νεται.
416 4322 475 4375 Ei
506 4323 683 4375 τοίνυν
714 4321 1025 4390 ἀναγκαίως
1053 4318 1280 4389 θάτερόν
1311 4318 1459 4370 ἐστιν
1487 4317 1545 4369 ἐν
1573 4314 1806 4385 Οατὲρῴ,

213 4415 313 4470 καὶ
343 4413 532 4485 Πατὴρ
565 4415 662 4483 μὲν
697 4414 1022 4485 σημαίνεται
1059 4411 1199 4483 μετὰ
1233 4409 1330 4464 τοῦ
1367 4409 1498 4463 ἰδίου
1535 4408 1811 4477 γεννήμα-

211 4521 338 4566 τος·
373 4503 500 4566 Υἱὸς
546 4504 605 4558 δὲ
651 4504 870 4567 πάντως
906 4501 1047 4574 μετὰ
1076 4500 1171 4556 τοῦ
1206 4501 1572 4572 γεννήσαντος
1619 4497 1804 4563 αὐτὸν,

1911 3363 2183 3420 sideratur
2204 3376 2396 3417 eorum
2426 3376 2547 3430 qna:
2585 3357 2730 3412 Patri
2766 3359 2972 3423 insunt,
3006 3357 3130 3412 talis
3163 3355 3388 3411 omnino
3419 3362 3504 3409 est

1909 3455 2088 3528 qualis
2117 3463 2202 3510 est
2232 3454 2278 3510 is
2305 3454 2396 3508 cui
2423 3467 2548 3508 eum
2579 3451 2786 3521 genuit.

2597 3729 2826 3788 ALIUD.

1984 3853 2146 3910 Pater
2176 3859 2402 3906 vocatur
2437 3847 2602 3910 Deus,
2647 3846 2918 3901 intellecta
2953 3841 3117 3898 simul
3149 3857 3271 3897 cum
3310 3853 3377 3895 eo
3405 3854 3504 3894 es-

1913 3947 2158 4003 sistentia
2191 3943 2334 4006 Filii,
2373 3958 2546 4012 neque
2571 3941 2718 3994 enim
2751 3949 2894 3993 esset
2923 3937 3107 3999 Pater,
3141 3951 3248 3990 non
3297 3932 3504 3990 habent

1914 4040 2156 4096 Verbum
2202 4052 2267 4093 es
2321 4052 2379 4090 se
2425 4033 2748 4104 procedens.
2800 4029 2866 4084 Et
2917 4029 3161 4083 vicissim
3213 4023 3504 4097 appellatio

1915 4129 2035 4184 Filii
2078 4127 2386 4184 necessario
2418 4127 2583 4180 etiam
2634 4123 2828 4178 statuit
2875 4119 3253 4176 exsistcnliam
3299 4115 3500 4172 Patris.

1915 4221 2030 4278 lloc
2058 4221 2202 4277 enim
2236 4228 2481 4287 respectu
2521 4218 2662 4272 illius
2691 4217 2910 4268 dicitur.
2941 4214 2998 4266 Si
3029 4227 3159 4280 ergo
3190 4208 3504 4264 necessario

1915 4315 2149 4371 alterum
2179 4313 2347 4370 estin
2388 4312 2580 4374 altern,
2627 4319 2682 4364 et
2724 4307 2883 4361 Pater
2911 4305 3128 4373 quidem
3163 4301 3504 4371 signiﬁcatur

1918 4423 2043 4463 cum
2083 4405 2304 4476 proprio
2344 4420 2442 4459 suo
2486 4401 2648 4466 Filio,
2688 4411 2743 4452 et
2781 4397 2819 4452 F
2826 4399 2947 4451 ilius
2993 4411 3116 4450 cum
3165 4407 3268 4446 suo
3319 4391 3501 4450 Patre,

1917 4515 2044 4556 vere
2085 4499 2329 4570 profecto
2376 4497 2510 4552 dicit
2558 4513 2572 4550 :
2618 4513 2636 4547 ι
2675 4495 2786 4564 Ego
2827 4493 2879 4546 in
2926 4491 3107 4555 Patre,
3149 4497 3206 4542 et
3241 4484 3405 4540 Pater
3448 4484 3502 4536 ia

214 4593 647 4666 προσαληθεύει,
696 4593 902 4663 λέγων·
937 4613 955 4646 t
1001 4591 1142 4662 Ἐγὼ
1174 4593 1232 4648 ἐν
1278 4589 1355 4661 τῷ
1394 4589 1606 4661 Πατρὶ,
1643 4590 1741 4643 καὶ
1779 4589 1808 4642 6
1838 4588 1888 4648 D
1916 4608 2023 4650 me.
2055 4611 2075 4647 s

215 4685 410 4755 Πατὴρ
437 4688 496 4737 ἐν
527 4684 671 4754 ἐμοί.
701 4704 720 4736 ι

911 4796 1118 4851 ΔΛΛΠ.

291 4912 354 4964 Εἰ
389 4912 497 4975 πᾶς
537 4912 566 4962 6
597 4912 868 4966 πιστεύων
910 4914 991 4977 εἰς
1027 4910 1120 4966 τὸν
1154 4910 1302 4975 Υίδν,
1338 4911 1418 4975 είς
1452 4909 1544 4963 τὸν
1592 4907 1813 4982 Πατέρα

218 5003 497 5064 πιστεύει,
531 5004 624 5057 καὶ
664 5005 692 5057 6
723 5005 902 5075 τιμῶν
934 5003 1025 5057 τὸν
1065 5003 1216 5068 Υίδν,
1246 5006 1382 5074 τιμᾷ
1419 5003 1511 5056 τὸν
1561 5001 1810 5074 Πατέρα,

2586 4787 2817 4844 ALIUD.

1985 4907 2044 4962 Si
2086 4905 2266 4961 omnis
2309 4903 2402 4974 qui
2441 4901 2616 4958 credit
2661 4900 2713 4954 in
2761 4898 2985 4959 Filium,
3028 4894 3197 4950 credit
3241 4892 3406 4947 etiam
3451 4891 3504 4944 in

1924 4997 2164 5064 Patrem,
2211 5007 2266 5052 et
2297 4997 2388 5066 qui
2426 4994 2557 5049 colit
2593 4992 2813 5053 Filium,
2864 4992 2996 5043 colit
3044 4999 3098 5044 et
3157 4986 3408 5050 Patrem;
3450 4993 3505 5036 et

217 5098 314 5147 καὶ
356 5096 540 5157 πάλιν,
577 5098 605 5148 6
643 5098 966 5167 προσκυνῶν
1002 5097 1082 5168 τῷ
1131 5097 1343 5166 Πατρὶ,
1393 5097 1692 5167 προσκυνεῖ
1733 5091 1805 5164 τῷ

1921 5103 2131 5156 contra,
2161 5089 2251 5158 qui
2286 5089 2472 5142 adorat
2517 5085 2754 5150 Patrem,
2807 5083 3000 5136 adorat
3028 5091 3079 5133 et
3127 5080 3319 5133 Filium
3354 5095 3367 5130 :
3400 5091 3507 5144 quo

219 5188 355 5258 Υἱῷ,
389 5188 507 5251 πῶς
535 5189 634 5260 οὐχ
655 5185 808 5251 οὗτος
829 5193 888 5243 ὲν
910 5189 1126 5260 ἐκείνῳ,
1158 5191 1407 5251 κάκεῖνος
1437 5188 1512 5240 ὢν
1545 5190 1602 5242 ὲν
1634 5185 1805 5257 τούτῳ

1923 5193 2081 5252 pacto
2115 5197 2218 5236 non
2256 5181 2328 5235 sit
2362 5179 2449 5233 ltic
2487 5181 2541 5232 itt
2571 5179 2681 5235 illo.
2722 5186 2775 5229 ct
2811 5176 2901 5228 ille
2936 5176 2988 5227 in
3033 5173 3155 5234 hoc,
3191 5169 3501 5224 nntnimuda

215 5279 566 5350 δειχθήσεται
597 5279 740 5333 κατὰ
776 5280 836 5333 τὸ
871 5281 971 5350 τῆς
1009 5280 1196 5344 οὐσίας
1231 5279 1682 5348 ἁπαράλλακτον;
1713 5276 1805 5329 Διά

1921 5276 2173 5332 essentia:
2214 5271 2607 5328 similitmline?
2661 5268 2870 5322 Idcirco
2923 5267 3078 5319 unica
3131 5273 3214 5318 est
3259 5262 3506 5315 adorati»

218 5372 332 5443 γὰρ
365 5372 522 5425 τοῦτο
555 5373 648 5427 καὶ
684 5372 780 5443 μία
811 5372 1180 5444 προσκύνησις
1211 5374 1244 5443 ἡ
1272 5374 1329 5424 ἐν
1363 5371 1477 5442 Υίῴ
1516 5371 1611 5424 καὶ
1641 5371 1805 5441 Πατρῖ

1918 5386 2039 5440 qua:
2068 5365 2207 5422 Filio
2246 5376 2299 5421 et
2326 5364 2472 5420 Patri
2501 5379 2623 5418 cum
2659 5363 2860 5429 Spir-itu
2888 5370 3078 5413 sancto
3116 5366 3419 5426 prteslatur,
3451 5365 3498 5404 ct

217 5465 481 5533 γινομένη
505 5467 600 5518 σὺν
625 5466 762 5535 ἁγίῳ
792 5465 1092 5536 Πνεύματι,
1123 5465 1218 5518 καὶ
1239 5461 1317 5529 εἷς
1337 5464 1469 5528 Θεὸς
1501 5463 1652 5536 παρὰ
1679 5464 1805 5516 πάν-

1921 5477 2061 5516 unus
2093 5460 2235 5514 Deus
2266 5458 2335 5511 ab
2360 5455 2633 5518 omnibus,
2671 5462 2724 5506 et
2750 5452 3091 5522 przedicatur,
3135 5456 3188 5501 ct
3217 5457 3332 5510 est;
3360 5445 3500 5512 quod

216 5573 329 5608 των
355 5556 719 5626 ὁμολογεῖται.
752 5557 846 5612 καὶ
871 5557 1038 5621 ἔστιν,
1068 5557 1144 5621 ὠς
1173 5557 1429 5628 οὐδεμιᾶς
1464 5555 1666 5628 μεταξὺ
1701 5573 1805 5608 κει-

1920 5554 2180 5609 nimirum
2232 5550 2375 5605 nulla
2409 5547 2712 5603 dill‘crcntia
2758 5545 3032 5614 disjungat
3062 5541 3277 5594 Patr-cm
3325 5547 3378 5591 et
3415 5536 3502 5590 Fi-

221 5646 392 5718 μένης
422 5647 687 5721 διαφορᾶς
722 5649 934 5721 Πατρός
961 5667 1019 5704 τε
1047 5650 1144 5704 καὶ
1172 5649 1323 5718 Υίοῦ,
1367 5649 1480 5703 ἀλλ’
1530 5649 1588 5700 ὲν
1619 5647 1805 5702 ταυτό-

1918 5645 2075 5710 lium,
2101 5641 2194 5697 sed
2229 5639 2510 5698 identitate
2541 5637 2792 5692 e:scuti'.c
2821 5631 3028 5705 praediti
3073 5631 3214 5697 sint;
3262 5629 3504 5698 nihilque

298 5807 346 5838 ⁸⁸
376 5803 401 5860 .I
429 5823 530 5860 an.
557 5822 669 5873 stv,
705 5807 756 5862 9.
835 5805 1058 5863 l"’JJan.
1088 5823 1139 5882 κ,
1167 5805 1256 5862 50.
1390 5803 1561 5860 ‘Joan.
1598 5820 1706 5870 διν,
1741 5803 1797 5856 ll

1915 5801 1948 5832 ⁵⁸
1984 5798 2212 5870 Philipp.
2255 5814 2313 5863 It,
2347 5797 2397 5851 (ἱ.
