3882 6210
407 280 512 338 187

1405 285 1464 340 S.
1504 285 1790 370 CYRILLI.
1813 284 2279 342 ALEXANDRINI
2319 285 2630 347 ARCHIISP.

395 402 633 456 habeant
682 400 826 474 quod
876 415 908 458 a
955 403 1188 460 naturali
1249 403 1576 476 proprietate
1628 419 1724 462 eos
1780 405 1965 476 sejun-

2092 420 2196 472 τητι
2226 407 2324 474 τῆς
2369 404 2557 468 οὐσίας
2589 403 2760 458 ὄντων
2797 403 2890 456 καὶ
2919 404 3068 457 οὐδὲν
3101 403 3329 473 ἐχόντων
3360 403 3389 456 ὅ
3419 403 3520 474 τῆς
3559 421 3663 473 φυ-

395 504 508 564 εει.

1071 608 1303 668 ALIUD.

577 721 775 791 Dogma
805 722 964 778 veluti
995 739 1061 779 ex
1084 726 1375 795 objections
1405 729 1792 783 hereticorum.

469 833 650 898 Pater,
684 837 950 904 inquiunt.
993 847 1077 893 est
1130 837 1181 892 in
1209 837 1367 904 Filio,
1409 850 1464 895 et
1495 839 1664 896 Filius
1697 843 1756 896 in
1789 841 1972 906 Patre.

395 926 692 978 uacuudum
745 926 1011 981 habitum.
1044 926 1175 982 Cum
1204 929 1346 983 enim
1381 931 1526 986 nullo
1554 934 1714 986 modo
1765 933 1977 987 dissen-

399 1015 536 1068 tiant
564 1016 618 1068 in
648 1014 888 1083 indiciis.
927 1017 1009 1072 vel
1039 1019 1482 1089 cogitationibus,
1517 1023 1977 1093 SCtl'leiPClllNllle

399 1106 510 1158 vult
539 1105 718 1173 Pater,
754 1123 815 1162 ea
847 1109 958 1163 vult
989 1120 1044 1165 et
1069 1109 1264 1179 Filius,
1288 1121 1344 1167 et
1372 1115 1612 1169 vicissim
1640 1131 1975 1186 quaecunque

397 1199 512 1254 vult
533 1200 719 1267 Filius,
739 1203 852 1256 vult
877 1215 929 1258 et
961 1203 1143 1270 Pater,
1161 1213 1218 1259 et
1241 1219 1540 1262 consensus
1567 1208 1784 1277 quidem
1811 1218 1976 1276 atque

398 1293 656 1350 identitas
687 1295 1024 1351 voluntatum
1059 1297 1114 1351 in
1140 1298 1220 1352 eis
1247 1296 1699 1366 deprehenditur,
1726 1311 1887 1372 atque
1912 1317 1975 1357 ea

399 1387 607 1441 satione
630 1385 792 1442 Pater
817 1397 900 1443 est
928 1388 980 1442 in
1011 1387 1172 1454 Filio,
1199 1396 1255 1444 et
1284 1387 1453 1445 Filius
1485 1389 1537 1444 in
1566 1389 1756 1445 Patre.

892 1577 1102 1633 Salutio
1150 1577 1481 1649 objectionis.

469 1688 675 1745 Licebit
703 1689 865 1758 igitur
885 1691 1050 1746 etiam
1077 1690 1307 1762 angelis,
1339 1698 1433 1745 aut
1464 1688 1586 1745 aliis
1616 1688 1980 1745 rationalibus

397 1782 780 1853 potestatibus,
813 1783 880 1837 de
907 1783 1101 1852 quibus
1150 1783 1435 1838 Psalmista
1465 1784 1586 1838 ait:
1621 1801 1651 1834 ιι
1674 1782 1981 1838 Βθηοάίοἰιο

398 1873 716 1936 Dominum,
747 1889 938 1930 omnes
957 1874 1133 1945 angeli
1162 1875 1302 1945 ejus,
1329 1874 1559 1929 ministri
1583 1874 1699 1941 ejus
1719 1873 1981 1930 facientes

399 1963 729 2019 voluntatem
795 1964 912 2033 ejus
958 1966 1026 2031 ",
1075 1985 1096 2020 ι
1149 1965 1457 2021 Servatoris
1529 1966 1648 2037 ipsa
1698 1981 1831 2021 voce
1881 1966 1978 2032 uti,

397 2056 704 2126 singulique
727 2072 916 2112 eorum
949 2057 1136 2114 dicere
1186 2067 1480 2128 poterunt:
1511 2076 1531 2110 ι
1563 2058 1675 2128 Ego
1704 2057 1758 2113 in
1790 2056 1975 2122 Patre,

399 2159 454 2202 et
490 2147 653 2203 Pater
676 2148 728 2202 in
758 2163 863 2204 me.
889 2167 907 2200 ι
928 2178 996 2192 —--
1021 2168 1038 2200 ι
1067 2149 1166 2216 Qui
1191 2149 1324 2203 vidit
1347 2149 1606 2213 me,vidit
1626 2159 1678 2204 et
1705 2148 1972 2203 Patrem.»

399 2240 608 2295 Nemini
632 2240 775 2294 enim
800 2240 1021 2295 dubium
1035 2251 1138 2305 est,
1155 2241 1284 2310 quin
1309 2243 1489 2295 ontnia
1514 2257 1634 2312 qua:
1659 2243 1767 2295 vult
1790 2240 1976 2306 Pater,

395 2334 568 2390 velint
612 2335 773 2391 etiam
821 2333 1008 2403 Angeli
1056 2343 1112 2389 et
1157 2335 1502 2404 Archangeli,
1549 2344 1601 2388 et
1651 2333 1874 2400 Tlirnni,
1926 2344 1982 2389 et

399 2423 827 2490 Dominationes,
863 2434 918 2478 et
952 2423 1290 2491 Potestates;
1339 2440 1512 2494 neque
1548 2426 1841 2496 quidquam
1885 2428 1980 2480 ho-

399 2532 518 2570 uutn
539 2516 790 2572 dissentit
818 2532 848 2570 a
870 2516 1144 2571 voluntate
1171 2516 1288 2572 Dei.
1314 2515 1498 2586 Neque
1523 2518 1668 2572 enim
1701 2526 1981 2572 manerent

397 2607 455 2661 in
504 2624 604 2664 suo
637 2610 846 2675 ordine,
884 2608 989 2664 nisi
1034 2609 1180 2664 hunc
1232 2623 1457 2679 scopqu
1517 2611 1619 2664 sibi
1674 2612 1978 2679 popositum

400 2699 856 2771 baberent113.
879 2699 1013 2754 Nam
1033 2700 1079 2754 is
1096 2702 1186 2768 qui
1203 2700 1347 2754 aliud
1365 2716 1524 2769 quam
1545 2699 1635 2756 Del
1653 2703 1979 2756 voluntatem

397 2790 693 2859 qumrebat.
717 2791 924 2845 audivit
947 2809 960 2845 :
982 2789 1134 2845 Nunc
1156 2799 1333 2844 autem
1361 2793 1426 2846 ad
1442 2790 1644 2846 inferos
1664 2791 1978 2858 descendes,

396 2891 448 2936 et
518 2881 587 2937 ad
638 2880 984 2937 fundamenta
1037 2891 1216 2939 terrae.
1271 2883 1328 2937 Si
1377 2898 1508 2954 ergo
1560 2886 1981 2954 unumquodque

399 2988 588 3028 eorum
617 2989 738 3042 qius:
777 2974 922 3028 dicta
959 2984 1104 3040 sunt,
1139 2962 1256 3028 vult
1290 2990 1627 3045 quaecunque
1677 2975 1816 3032 Deus
1844 2978 1976 3042 vult,

400 3064 726 3134 ﬁrmumque
752 3065 804 3118 in
835 3079 910 3120 eo.
942 3075 1144 3132 manet,
1191 3080 1456 3134 suamque
1496 3067 1827 3138 dignitatem
1852 3070 1977 3122 reti-

2080 497 2238 566 σικῆς
2270 497 2530 570 ἰδιότητος
2555 497 2850 567 ἀποτέμνει
2877 496 2970 549 τὸν
2998 497 3203 566 ἕτερον.

2767 612 2970 664 ΑᾹΛΟ.

2159 723 2377 792 Δόγμα,
2411 721 2492 788 ὡς
2516 721 2585 786 ἐξ
2616 721 2970 786 ἀντιθέσεως
2997 717 3114 772 τῶν
3144 717 3580 787 χριστομὰχων.

2158 837 2217 888 '0
2248 835 2458 908 Πατὴρ,
2493 836 2677 905 φασὶν,
2707 837 2763 888 ὲν
2805 833 2883 904 τῷ
2920 833 3055 904 Υίῷ,
3085 834 3178 886 καὶ¹
3215 833 3243 884 6
3275 831 3398 893 Ti6;
3431 832 3580 883 ἐστιν
3610 833 3658 884 ὲσ-

2074 927 2154 998 τῷ
2190 929 2396 1001 Πατρὶ,
2443 928 2583 981 κατὰ
2618 927 2734 980 τόδε
2770 927 2830 980 τὸ
2879 929 3087 996 σχῆμα.
3126 923 3345 993 Ἐπειδὴ
3392 923 3500 993 γὰρ
3545 940 3644 974 κατ

2075 1021 2265 1074 οὐδένα
2312 1021 2513 1092 τρόπον
2548 1019 2907 1088 διαφωνοῦσιν
2953 1020 3011 1070 ἐν
3050 1019 3162 1080 τοῖς
3208 1016 3494 1086 κρίμασιν,
3537 1015 3570 1084 ἦ
3611 1016 3661 1066 ἐκ

2075 1113 2191 1174 τοῖς
2233 1112 2524 1181 νοήμασιν,
2554 1110 2670 1164 ἀλλ’
2697 1109 2840 1179 ἅπερ
2871 1108 2936 1161 ἂν
2969 1110 2996 1160 6
3032 1108 3219 1178 Πατὴρ
3259 1105 3538 1176 βούληται,
3573 1123 3669 1159 και

2077 1202 2106 1254 6
2147 1202 2275 1265 Tib;
2320 1201 2526 1264 ταῦτα,
2563 1200 2660 1254 καὶ
2698 1200 2860 1254 πάλιν
2895 1198 3038 1270 ἅπερ
3073 1198 3140 1251 ἂν
3166 1201 3194 1251 6
3232 1198 3360 1260 Tib;
3397 1197 3665 1269 ἐθελήσῃ,

2077 1291 2252 1346 ταῦτα
2295 1294 2389 1346 καὶ
2414 1294 2442 1345 6
2477 1291 2689 1364 Πατὴρ,
2727 1293 2822 1346 καὶ
2853 1291 3139 1362 συμφωνία
3170 1308 3254 1354 τις
3282 1291 3375 1344 καὶ
3401 1291 3672 1358 ταυτότης

2080 1382 2402 1452 θελημάτων
2445 1384 2540 1437 καὶ
2581 1381 2808 1454 γνώμης
2858 1385 2916 1435 ἐν
2972 1383 3156 1444 αὐτοῖς
3202 1383 3478 1450 φαίνεται,
3529 1382 3672 1436 κατὰ

2078 1473 2237 1529 τοῦτο
2266 1474 2458 1546 Πατὴρ
2484 1477 2543 1528 ὲν
2571 1474 2707 1545 mp,
2737 1474 2833 1528 xui
2860 1473 2992 1537 Υἱός
3023 1475 3170 1527 ἐστιν
3196 1475 3254 1527 ὲν
3283 1474 3475 1546 [Ia-cpi.

2578 1583 2734 1652 Πρὸς
2765 1583 2944 1638 τοῦτο
2974 1585 3179 1649 λύσις.
3531 1641 3536 1644 ,

2163 1695 2286 1768 Ἆρ’
2305 1692 2398 1750 οὖν
2435 1695 2649 1762 ἐξέσται
2685 1697 2780 1750 καὶ
2817 1696 3132 1766 ἀγγέλοιςῆ
3174 1696 3278 1750 καί.
3305 1695 3493 1758 ἄλλαις
3522 1695 3673 1762 λογι-

2012 1767 2058 1823 Β
2086 1793 2210 1853 καῖς
2233 1767 2516 1860 δυνάμεσι,
2548 1792 2677 1860 περὶ
2700 1782 2776 1842 ὧν
2799 1791 2858 1842 ὲν
2889 1789 3139 1859 Ψαλμοῖς
3167 1791 3383 1860 εἴρηται
3404 1805 3416 1817 ·
3459 1809 3476 1840 ι
3509 1789 3672 1840 Εὐλο-

2085 1882 2230 1949 γεῖτε
2248 1878 2337 1933 τὸν
2359 1880 2582 1951 Κύριον,
2609 1879 2809 1944 πάντες
2831 1881 2882 1933 oi
2908 1883 3125 1948 ἄγγελοι
3151 1880 3338 1941 αὑτοῦ,
3366 1879 3676 1950 λειτουργοὶ

2085 1970 2252 2026 αὐτοῦ
2296 1972 2577 2036 ποιοῦντες
2621 1975 2684 2027 τὸ
2715 1973 2930 2044 θέλημα
2975 1971 3164 2036 αὑτοῦ,
3197 1991 3219 2022 ι
3266 1974 3385 2034 cui;
3416 1971 3508 2024 τοῦ
3559 1972 3673 2022 Σω-

2085 2064 2256 2133 τῆρος,
2277 2063 2578 2135 κεχρῆσθαι
2612 2067 2835 2132 φωναῖς,
2857 2064 2930 2127 ὡς
2961 2063 3432 2117 ’ἑκαστον-εἰπεῖν·
3472 2081 3490 2113 ι
3533 2062 3675 2129 Ἐγὼ

2085 2143 2145 2206 ἐν
2173 2153 2251 2224 τῷ
2279 2154 2474 2224 Πατρὶ,
2517 2155 2610 2210 καὶ
2644 2157 2682 2211 6,
2707 2155 2898 2224 Πατὴρ
2941 2155 3000 2206 ὲν
3041 2154 3200 2223 ἐμοὶ,
3227 2172 3255 2205 ι
3293 2155 3387 2206 καὶ
3421 2172 3439 2203 ι
3496 2154 3538 2205 Ο
3574 2155 3674 2204 ἔω·-

2089 2245 2274 2316 ρακὼς
2305 2245 2436 2316 ἐμὲ,
2469 2247 2684 2318 ἑώρακε
2716 2247 2809 2300 τὸν
2837 2247 3075 2316 Πατέρα.
3101 2264 3118 2297 ι
3170 2245 3362 2299 Καίτοι
3403 2247 3566 2297 παντί
3599 2263 3677 2313 τῳ

2085 2335 2261 2407 δῆλον,
2299 2338 2382 2391 ὅτι
2411 2338 2592 2393 πάντα.
2617 2340 2717 2392 ὅσα
2753 2338 3002 2408 βούλεται
3037 2337 3199 2402 Θεὸς,
3240 2337 3414 2391 ταῦτα
3458 2339 3676 2399 πάντως

2087 2427 2182 2479 καὶ
2207 2427 2462 2497 ’Ἄγγελοι
2489 2427 2792 2499 βούλονται,
2818 2429 2913 2482 καὶ
2941 2431 2998 2482 Ἀ
3009 2429 3316 2501 ρχάγγελοι,
3345 2430 3442 2481 καὶ
3462 2429 3674 2497 Θρόνοι,

2087 2515 2182 2569 καὶ
2230 2517 2600 2588 κυριότητες,
2646 2520 2742 2572 καὶ
2780 2518 3085 2584 Ἐξουσίαι,
3137 2519 3231 2571 καὶ
3278 2518 3482 2571 τούτων
3525 2517 3677 2570 οὐδὲν

2085 2606 2390 2676 διαφωνοῦν
2430 2609 2748 2680 εὑρίσκεται
2796 2610 2934 2681 πρὸς
2965 2609 3063 2680 τὴν
3103 2610 3251 2663 θείαν
3294 2609 3570 2680 βούλησιν.
3601 2609 3674 2660 Οὐ

2086 2695 2197 2769 γὰρ
2229 2697 2294 2751 ἂν
2326 2697 2540 2766 ἔμεινεν
2566 2701 2624 2750 ὲν
2648 2701 2716 2770 τῇ
2743 2699 2920 2770 οἰκεία
2953 2699 3125 2764 τάξει,
3163 2698 3237 2768 μὴ
3268 2698 3454 2750 τοῦτον
3485 2695 3676 2766 ἔχοντα

2087 2789 2178 2842 τὸν
2207 2789 2429 2843 σκοπόν.
2466 2789 2526 2843 Ὁ
2563 2789 2673 2860 γὰρ
2701 2790 2891 2861 ’ἐτερόν
2929 2807 2981 2842 τι
3017 2787 3167 2858 παρὰ
3203 2789 3268 2840 τὸ·
3289 2787 3384 2839 τοῦ
3411 2786 3560 2839 θεοῦ.
3591 2786 3678 2838 Θέ-

2087 2879 2235 2951 λημα
2263 2881 2522 2952 ζητήσας,
2555 2881 2784 2952 ἤκουσε·
2818 2878 2932 2934 Νῦν
2966 2880 3023 2933 δὲ
3068 2881 3147 2944 είς
3190 2878 3322 2950 ᾅδην
3353 2877 3676 2948 καταϐήσῃ.

2087 2970 2183 3025 καὶ
2209 2973 2290 3034 εἰς
2315 2971 2384 3025 τὰ
2418 2971 2645 3042 θεμέλια
2673 2972 2774 3041 τῆς
2813 2972 2937 3041 γῆς.
2981 2971 3043 3026 Ei
3083 2970 3264 3023 τοίνυν
3305 2969 3678 3022 ἕκαστοντῶν

2087 3063 2390 3134 εἰρημένων
2415 3062 2559 3116 θέλει
2593 3063 2693 3133 μὲν
2716 3065 2817 3116 ὅσα
2850 3063 3098 3134 βούλεται
3127 3063 3279 3125 Θεὸς,
3308 3062 3505 3129 ἕστηκε
3535 3060 3583 3112 δ’
3619 3062 3676 3112 ἐν

401 3165 517 3222 net,
555 3155 810 3226 nullaque
853 3157 1070 3212 ratione
1099 3156 1186 3212 bis
1218 3156 1342 3212 Filii
1374 3157 1555 3214 verbis
1579 3168 1838 3225 utuntur;
1870 3176 1974 3213 non

2092 3151 2278 3223 τούτῳ,
2310 3152 2405 3206 καὶ
2453 3152 2618 3216 σώζει
2661 3153 2762 3221 τὴν
2808 3153 3019 3206 οἰκείαν
3063 3153 3256 3225 ἀρχὴν,
3299 3153 3392 3205 καὶ
3438 3149 3675 3220 οὐδαμοῦ

401 3263 700 3304 consensus
734 3249 1064 3316 animorum,
1103 3250 1467 3320 ident-itasque
1506 3251 1845 3306 voluntatum
1887 3255 1978 3307 de-

401 3338 576 3396 clarat
613 3338 808 3395 Filium
840 3341 892 3395 in
916 3339 1076 3398 Patre
1103 3358 1255 3408 esse,
1279 3353 1335 3398 et
1366 3342 1581 3398 Patrem
1607 3345 1658 3398 in
1692 3344 1849 3405 Filio,
1884 3344 1978 3399 sed

399 3429 707 3484 omnimoda
736 3432 984 3487 essentia:
1013 3433 1334 3498 similitudo,
1365 3441 1420 3488 et
1449 3432 1709 3488 naturalis
1737 3434 1983 3504 proprie-

405 3522 534 3578 tatis
575 3520 849 3579 identitas.

1077 3725 1308 3783 ALlUD.

455 3839 607 3903 Cum
639 3840 920 3895 immotum
969 3851 1023 3894 et
1058 3844 1438 3897 inconcussum
1466 3849 1668 3896 statum
1726 3841 1984 3908 habeant,

403 3946 678 4001 suumque
698 3933 1061 4000 priucipatmn
1097 3943 1316 3987 servent
1343 3933 1544 4002 angeli,
1564 3943 1724 4003 atque
1750 3934 1985 3987 archan-

409 4023 540 4093 geli.
574 4023 802 4093 alizeque
833 4023 919 4078 bis
963 4023 1272 4093 superiores
1320 4023 1614 4080 rationales
1667 4031 1984 4093 potestates,

405 4112 752 4168 maniiestum
783 4127 917 4168 sane
949 4122 1032 4169 est
1057 4128 1150 4168 eos
1178 4113 1440 4167 voluntati
1499 4113 1592 4168 Dei
1645 4129 1986 4184 nequaquam

404 4215 723 4272 repugnare,
754 4204 848 4258 sed
873 4204 1136 4259 creatoris
1162 4203 1390 4273 imperio
1426 4218 1491 4258 ac
1522 4203 1732 4274 legibus
1782 4219 1985 4259 morem

405 4309 615 4364 gerere,
648 4308 910 4364 suamque
927 4295 1253 4349 voluntatem
1288 4297 1354 4348 ad
1399 4295 1638 4350 divinam
1662 4309 1979 4366 aggregare,

406 4395 467 4440 ut
491 4384 675 4441 omnia
702 4395 759 4442 et
782 4387 949 4441 velint
995 4397 1050 4442 et
1080 4387 1280 4441 faciant
1308 4403 1428 4456 quae
1473 4387 1546 4441 illi
1581 4388 1814 4457 placent.
1835 4389 1988 4456 Quod

405 4493 532 4533 cum
568 4478 642 4532 ita
677 4477 769 4544 sit,
794 4493 972 4548 neque
999 4479 1136 4534 nllus
1181 4479 1402 4534 on‘mino
1459 4479 1750 4544 inlicietur,
1793 4495 1987 4549 quam-

2082 3243 2332 3313 φαίνεται
2376 3245 2497 3307 ταῖς
2541 3243 2636 3297 τοῦ
2693 3243 2822 3296 Tim?
2874 3244 3216 3314 κεχρημένον
3271 3244 3518 3310 φωναί-ς,
3555 3241 3677 3308 οὐχὶ

2083 3337 2372 3405 συμφωνία
2400 3335 2503 3405 τῆς
2543 3335 2791 3404 γνώμης,
2818 3334 2938 3386 οὐδὲ
2966 3333 3029 3387 τὸ
3071 3334 3359 3404 βούλεσθαι
3399 3334 3466 3385 τὰ
3505 3331 3674 3392 αὐτὰ,

2079 3425 2316 3480 δεικνύει
2342 3426 2432 3480 τὸν
2465 3427 2592 3480 Υίὸν
2628 3427 2687 3478 ὲν
2722 3425 2895 3496 Πατρὶ
2925 3426 3019 3478 καὶ
3045 3426 3137 3478 τὸν
3165 3425 3392 3496 Πατέρα
3418 3424 3580 3477 πάλιν
3618 3423 3677 3474 ὲν

2082 3517 2218 3588 Υίῷ,
2246 3517 2417 3590 ἀλλ’ἢ
2445 3517 2542 3588 τῆς
2582 3517 2768 3580 οὐσίας
2812 3516 3234 3584 ἀπαράλλακτος
3267 3516 3543 3588 ὁμοιότης,
3579 3515 3674 3566 καὶ

2084 3611 2118 3682 ἡ
2145 3610 2406 3682 ταυτότης
2434 3609 2538 3680 τῆς
2572 3610 2715 3663 κατά
2743 3608 2905 3678 φύσιν
2944 3608 3228 3676 ἰδιότητος·

2767 3723 2970 3776 A-AAO.

2167 3836 2386 3908 Ἐπειδὴ
2445 3837 2699 3908 μένουσιν
2747 3835 3045 3907 ἀκλόνητον
3085 3836 3304 3906 ἔχοντες
3340 3836 3439 3905 τὴν
3485 3837 3677 3890 στάσιν

2085 3929 2181 3984 καὶ
2229 3929 2497 3994 σώζοντες
2549 3930 2649 3998 τὴν
2703 3929 2910 3982 οἰκείαν
2961 3929 3136 4000 ἀρχὴν
3188 3929 3441 3996 Ἀγγελοί
3479 3947 3536 3982 τε
3583 3947 3677 3982 και

2099 4021 2478 4095 ’Λρχάγγελοι.
2513 4021 2608 4074 καὶ
2641 4023 2696 4073 ai
2740 4020 2945 4074 τούτων
2977 4020 3241 4090 ἀνωτέρω
3265 4020 3484 4087 λογικαὶ
3517 4020 3676 4072 δυνά-

2090 4130 2232 4182 μεις,
2263 4111 2528 4182 πρόδηλον
2576 4111 2640 4181 δή
2675 4109 2874 4162 πουθεν
2915 4109 2992 4171 ώς
3038 4109 3100 4161 οὐ
3142 4108 3494 4172 στασιάζουσι
3535 4109 3677 4162 κατὰ

2085 4205 2194 4258 τῶν
2231 4203 2326 4257 τοῦ
2359 4201 2494 4255 Θεοῦ
2529 4201 2877 4274 Οελημάτων,
2913 4201 3028 4254 ἀλλ’
3075 4200 3282 4253 εἴκουσι
3311 4217 3371 4252 τε
3409 4201 3503 4253 καὶ
3540 4201 3677 4253 ὕπο·

2087 4297 2376 4350 τάσσονται
2407 4297 2519 4355 τοῖς
2550 4293 2644 4347 τοῦ
2687 4293 3049 4363 πεποιηκότος
3081 4293 3287 4362 νόμοις,
3321 4293 3417 4344 καὶ
3448 4290 3678 4359 σύμφω-

2090 4404 2179 4439 νον
2213 4386 2400 4457 ἒχονσι
2431 4385 2566 4454 πρὸς
2601 4383 2735 4436 Θεὸν
2757 4385 2856 4454 τὴν
2888 4383 3136 4454 γνώμην,
3165 4382 3240 4446 ὼς
3279 4383 3456 4436 πάντα
3491 4382 3676 4452 βούλε-

2097 4479 2219 4532 σθαί
2255 4495 2313 4530 τε
2337 4478 2431 4532 καὶ
2459 4480 2634 4530 ποιεῖν
2664 4479 2873 4548 ὅσαπερ
2910 4476 3057 4547 αὐτῷ
3091 4475 3256 4530 δοκεῖ.
3298 4475 3454 4528 υῦτω
3499 4475 3679 4528 τοίνυν

405 4570 594 4624 obrem
625 4570 769 4626 solus
796 4570 962 4624 Filius
997 4570 1400 4640 Unigenitus,et
1423 4569 1654 4626 Verbum
1681 4586 1744 4626 ac
1772 4572 1981 4639 sapien-

2093 4570 2310 4641 ἔχοντος
2343 4570 2522 4632 τοῦδε,
2563 4571 2657 4622 καὶ
2702 4569 3234 4639 συνομολογουμένου
3284 4570 3435 4640 παρὰ
3487 4571 3675 4630 πᾶσιν,

409 4661 484 4716 tia
509 4662 632 4715 est?
670 4660 969 4731 Oportebat
1007 4665 1151 4717 enim
1176 4663 1438 4733 profecto,
1475 4664 1520 4719 si
1582 4664 1652 4718 ob
1683 4663 1734 4719 id
1787 4665 1986 4719 dicitur

411 4749 754 4822 Unigenitus,
777 4763 831 4807 et
855 4754 1146 4822 sapientia,
1199 4764 1254 4809 et
1312 4754 1569 4820 Verbum,
1624 4756 1751 4826 quia
1805 4758 1986 4812 omnia

409 4859 533 4914 qua:
562 4843 677 4898 vult
715 4843 898 4907 Pater,
928 4848 1040 4899 vnlt
1073 4857 1127 4900 et
1157 4847 1290 4916 ipse,
1325 4849 1562 4918 reliquas
1608 4849 1772 4902 etiam
1819 4849 1987 4903 ratio-

410 4937 565 4992 nales
595 4946 878 4992 creaturas
931 4939 1071 4992 idem
1123 4954 1268 5004 esse,
1327 4940 1626 5011 iisdemque
1685 4941 1991 4996 nominibus

411 5028 530 5082 illas
571 5027 850 5098 appellari,
891 5030 1086 5098 quibus
1118 5030 1300 5085 Filius.
1334 5032 1391 5087 Si
1437 5047 1568 5087 vero
1603 5033 1752 5087 nulla
1783 5047 1853 5087 ex
1900 5033 1988 5098 iis,

409 5129 504 5174 aut
526 5119 842 5191 Unigenitus
858 5131 941 5176 est
966 5121 1158 5186 Filius,
1184 5132 1276 5177 aut
1299 5124 1556 5189 Verbum,
1579 5139 1752 5193 neque
1781 5124 1990 5194 sapien-

399 5211 509 5274 tia,
541 5226 714 5280 neque
765 5211 966 5274 lumen,
1027 5228 1203 5282 neque
1267 5213 1546 5283 splendor,
1592 5230 1767 5284 neque
1796 5215 1987 5282 forma,

414 5317 592 5368 neque
645 5303 822 5369 imago
885 5303 1104 5370 Patris,
1169 5307 1534 5362 necessarium
1592 5306 1752 5376 plane
1800 5318 1884 5362 est
1935 5320 1992 5362 ut

413 5393 926 5455 scntiamnsfilium
959 5411 1061 5450 non
1085 5411 1202 5452 eam
1224 5397 1294 5452 ob
1323 5414 1539 5453 causam
1571 5399 1770 5455 dixisse
1802 5415 1816 5452 :
1850 5401 1992 5469 «Ego

415 5483 468 5539 in
498 5483 678 5550 Patre,
707 5496 763 5540 et
783 5485 941 5542 Pater
972 5489 1023 5543 in
1048 5503 1164 5556 me;
1197 5509 1216 5543 ι
1255 5501 1309 5546 ct
1333 5506 1545 5547 rursum
1577 5509 1588 5545 :
1629 5510 1647 5544 ι
1672 5491 1781 5562 Ego
1809 5503 1863 5548 ct
1893 5491 1991 5546 Pa»

487 5661 533 5695 ’θ
559 5660 699 5718 Psal.
729 5679 850 5732 cur,
879 5666 970 5719 ‘20.

2090 4665 2212 4717 ὅτου
2245 4665 2309 4734 δὴ
2351 4664 2509 4733 χάριν
2563 4662 2720 4732 μόνος
2765 4664 2794 4715 6
2833 4661 2959 4724 Υἰδς
2997 4663 3331 4729 Μονογενὴς,
3374 4665 3470 4715 καὶ
3504 4663 3677 4728 Λόγος

2094 4758 2188 4809 καὶ
2229 4755 2391 4824 σοφία
2419 4754 2599 4817 ἐστίνς
2635 4753 2954 4824 Ἔδειγὰρ,
2996 4755 3155 4825 εἴπερ
3182 4754 3349 4816 ὅντως
3395 4754 3455 4805 τὸ
3500 4753 3679 4805 οὲλειν

2093 4851 2201 4904 ὅσα.
2242 4850 2337 4902 καὶ
2380 4850 2408 4901 ὁ
2460 4849 2646 4918 Πατὴρ
2701 4839 2992 4918 βούλεταιξ
3053 4850 3332 4916 Μονογενῆ
3392 4847 3678 4900 καλεῖσθαι

2097 4943 2262 5004 ποιεῖ,
2297 4941 2391 4992 καὶ
2421 4940 2632 5006 σοφίαν,
2675 4939 2768 4993 καὶ
2798 4940 2988 5008 Λόγον,
3018 4941 3112 4993 καὶ
3154 4943 3266 5004 τοῖς
3312 4939 3495 5002 ἄλλοις
3525 4939 3677 5006 λογι-

2100 5034 2216 5097 κοῖς
2247 5033 2508 5100 κτίσμασι
2536 5031 2707 5084 ταῦτα
2737 5031 3030 5101 ὑπάρχειν,
3056 5031 3152 5084 καὶ
3180 5031 3452 5094 τοσούτοις
3480 5032 3676 5099 ὀνόμα-

2099 5141 2182 5176 σιν
2216 5123 2607 5177 ἀποκαλεῖσθαι
2639 5125 2731 5176 καὶ
2756 5125 2916 5186 αὐτὰ,
2949 5125 3209 5193 ὅσοισπερ
3258 5123 3324 5176 ἃν
3355 5125 3447 5175 καὶ
3471 5125 3499 5176 ὁ
3528 5124 3674 5185 Υἱός.

2100 5215 2158 5266 Ei
2189 5214 2246 5268 δὲ
2281 5213 2484 5266 τούτων
2512 5213 2685 5275 οὐδὲν,
2713 5213 2834 5266 οὔτε
2865 5215 3177 5283 Μονογενής
3210 5215 3354 5265 ἐστιν
3385 5213 3526 5276 Υἱὸς,
3550 5212 3675 5266 οὔτε

2096 5309 2285 5372 Λόγος,
2307 5305 2427 5358 οὔτε
2469 5307 2650 5373 σοφία,
2673 5305 2796 5358 οὔτε
2831 5305 2966 5375 φῶς,
3001 5307 3124 5358 οὔτε
3157 5306 3519 5376 ἀπαύγασμα.
3550 5306 3676 5358 οὒτε

2103 5399 2302 5471 μορφὴν
2351 5398 2475 5452 οὗτε
2522 5397 2683 5450 εἰκὼν
2720 5397 2814 5450 τοῦ
2869 5399 3098 5469 Πατρὸς,
3137 5399 3433 5465 ἀναγκαῖον
3478 5399 3675 5451 εἰδέναι

2100 5492 2305 5560 λοιπὸν,
2336 5493 2527 5563 ὅτιπερ
2559 5491 2619 5544 οὐ
2649 5489 2708 5544 τὸ
2758 5489 3042 5560 βούλεσθαι
3074 5490 3140 5545 τὰ
3182 5492 3318 5545 αὐτὰ
3366 5492 3442 5562 τῷ
3478 5491 3670 5559 Πατρὶς
