3882 6210
436 313 531 373 191

1457 314 1515 369 S.
1554 312 1826 368 (IYRILLI
1867 312 2334 371 ALEXANDRINI
2378 316 2701 372 ARClIlEP.

3582 319 3673 372 Ιθέ

434 442 518 486 ter
552 432 604 488 in
628 447 744 499 me;
775 452 792 485 ι
828 443 881 488 et
915 436 1128 488 ruis‘um
1168 451 1179 487 :
1218 451 1235 485 ι
1271 435 1369 501 Qui
1424 435 1558 489 vidit
1615 451 1721 500 Ine,
1772 434 1907 488 vidit
1950 443 1990 487 et

2112 434 2236 496 Υἱὸς
2252 435 2721 505 ἀναδειχθήοεται,
2742 436 2815 499 ὡς
2845 455 2936 489 και
2958 438 3210 490 δυνασθαι
3235 436 3412 502 λέγειν
3431 451 3446 465 ο
3482 452 3500 483 ι
3541 431 3673 499 Ἐγὼ

431 522 667 577 Patrem.
705 542 724 575 ι

849 737 1079 809 ALIUD,
1118 742 1272 795 modo
1317 742 1650 812 explicativo.

504 848 576 902 Ita
617 860 700 906 est
731 868 892 907 unum
934 852 1094 910 Pater
1109 865 1164 911 et
1194 855 1381 921 Filius,
1406 856 1580 926 eaque
1604 856 1814 911 ratione
1845 857 2000 911 simi-

431 942 496 995 lis
516 944 614 1012 ipsi
632 954 737 1005 est.
758 946 1209 1014 quemadmodum
1229 949 1280 1001 in
1310 948 1462 1002 nobis
1481 947 1645 1004 Filius
1671 949 1879 1003 ratione
1910 963 2001 1005 es—

429 1030 613 1084 sentiae
625 1031 818 1085 similis
834 1047 952 1087 esse
968 1033 1114 1088 Patri
1137 1034 1418 1105 intelligitu
1428 1044 1532 1100 r,et
1552 1038 2000 1105 quemadmodum

428 1121 684 1188 splendor
696 1137 760 1176 ex
786 1124 896 1177 sole
911 1126 1471 1193 procedenstcirco,
1486 1142 1608 1182 cum
1632 1128 1702 1181 ita
1727 1142 1785 1182 se
1803 1127 2003 1183 habeat

430 1215 598 1269 Filius
635 1215 699 1270 ad
728 1215 1241 1288 Patrem,operante
1274 1219 1408 1275 Filio
1434 1230 1694 1289 operatur
1712 1230 1762 1275 et
1796 1220 1998 1278 Pater:

426 1321 598 1374 eoque
618 1324 828 1363 rursum
882 1311 948 1363 ad
972 1319 1190 1365 sanctos
1213 1312 1465 1366 veniente
1489 1312 1636 1367 venit
1669 1312 1836 1366 etiam
1895 1313 2001 1368 Pa-

427 1408 537 1464 ter,
568 1401 709 1455 sicut
778 1401 893 1470 ipse
935 1404 1049 1457 ait:
1080 1420 1101 1455 ι
1166 1402 1485 1470 Veniemus,
1526 1418 1625 1474 ego
1647 1414 1701 1459 et
1732 1405 1912 1469 Pater,
1946 1415 2002 1461 et

428 1493 758 1548 mansionem
785 1496 925 1564 apud
955 1496 1127 1565 ipsum
1168 1495 1425 1553 faciemus
1448 1497 1514 1552 ⁸⁸.
1565 1515 1585 1550 ι
1613 1496 1806 1553 Omnia
1834 1499 1999 1564 enim.

427 1592 485 1636 ut
508 1585 665 1639 modo
691 1586 891 1641 dictmn
924 1596 1030 1651 est,
1061 1602 1092 1642 a
1136 1587 1298 1643 Patre
1326 1604 1422 1658 per
1481 1587 1674 1647 Filium
1707 1589 1839 1645 ﬁunt
1866 1608 1880 1645 :
1921 1591 2003 1645 id-

2105 526 2163 577 ἐν
2192 525 2270 594 τῷ
2300 527 2492 595 Πατρὶ.
2515 528 2608 579 καὶ
2640 530 2667 580 6
2696 529 2882 597 Πατὴρ
2908 531 2964 580 ὲν
2999 529 3143 596 ἐμοὶ,
3180 547 3197 577 ι
3226 527 3319 580 καὶ
3341 526 3531 580 πάλιν·
3563 544 3580 576 ι
3618 525 3673 578 Ὀ

2107 613 2366 686 ἑωρακὼς
2395 615 2519 685 ἐμὲ,
2557 615 2767 685 ἑώρακε
2799 616 2890 669 τὸν
2926 616 3164 687 Πατέρα.
3214 636 3232 667 ι

2440 750 2643 811 ΑΛΛΟ,
2683 751 2883 817 τρόπῳ
2914 747 3338 819 διηγηματικῷ.

2175 860 2361 925 Οὕτως
2404 862 2462 914 ἓν
2509 863 2647 915 εἰσιν
2690 864 2719 914 6
2770 865 2959 933 Πατὴρ
3007 864 3100 916 καὶ
3140 865 3168 916 6
3212 862 3361 925 Υἱὸς,
3405 863 3499 914 καὶ
3536 860 3674 915 κατὰ

2103 952 2253 1005 τόνδε
2306 953 2395 1006 τὸν
2438 953 2639 1023 τρόπον
2680 954 2926 1023 ἐμφερής
2975 954 3123 1005 ἔστιν
3172 953 3337 1023 αὐτῷ,
3368 952 3442 1015 ὡς
3479 953 3545 1006 ἂν
3592 952 3672 1019 ἐφ’

2104 1044 2260 1114 ἡμῶν
2300 1044 2518 1114 νοηθείη
2551 1045 2663 1108 υίὸς
2696 1045 2827 1115 πρὸς
2856 1046 2946 1098 τὸν
2978 1045 3170 1099 ἑαυτοῦ
3198 1046 3406 1116 πατέρα
3450 1046 3590 1098 κατά
3613 1062 3673 1112 γε

2102 1134 2195 1187 τὸν
2240 1134 2335 1203 τῆς
2380 1134 2569 1196 οὐσίας
2602 1133 2777 1201 λόγον,
2814 1134 2905 1186 καὶ
2933 1134 3008 1196 ὡς
3054 1134 3119 1188 ἂν
3154 1134 3249 1187 ἴδοι
3279 1151 3362 1197 τις
3408 1136 3545 1204 πρὸς
3586 1135 3674 1185 τὸν

2103 1223 2253 1292 ἥλιον
2282 1223 2342 1275 τὸ
2378 1224 2435 1289 ἐξ
2466 1224 2630 1276 αὐτοῦ
2653 1225 2839 1293 προϊὸν
2870 1224 3229 1293 ἀπαύγασμα.
3262 1225 3359 1278 Διά
3384 1225 3491 1296 γάρ
3524 1224 3673 1277 τοῦτο

2104 1316 2196 1368 καὶ
2220 1314 2307 1367 διὰ
2326 1314 2385 1367 τό
2413 1314 2587 1377 οὓτως
2612 1316 2755 1385 ἔχειν
2784 1316 2873 1368 τὸν
2901 1316 3026 1369 Υἰὸν
3056 1316 3191 1387 πρὸς
3219 1315 3310 1369 τὸν
3338 1315 3533 1369 ἑαυτοῦ
3570 1317 3673 1368 Πα-

2101 1404 2258 1477 τέρα,
2296 1404 2666 1477 ἐργαζομένου
2704 1405 2798 1459 τοῦ
2856 1405 3009 1467 Υἱοῦ,
3048 1407 3077 1458 6
3132 1406 3322 1476 Πατὴρ
3364 1404 3673 1475 ἐργάζεται,

2103 1497 2199 1549 καὶ
2231 1497 2369 1567 πρὸς
2395 1498 2521 1559 τοὺς
2553 1497 2741 1564 ἁγίους
2773 1497 3067 1568 ἐρχομένου
3106 1497 3267 1550 πάλιν
3296 1496 3480 1561 αὐτοῦ,
3510 1499 3538 1548 6
3568 1498 3676 1548 Πα-

2101 1591 2206 1659 τήρ
2237 1588 2385 1641 ἐστιν
2428 1590 2456 1641 6
2501 1589 2814 1658 ἐρχόμενος,
2850 1587 2924 1649 ὡς
2953 1587 3116 1650 αὐτὸς
3145 1588 3377 1655 ἔφησενο
3420 1607 3438 1638 ι
3501 1587 3675 1638 Ἐλευ-

424 1677 573 1733 circo
604 1680 648 1733 si
679 1681 875 1750 quibus
902 1696 1135 1750 unquam
1156 1681 1357 1737 sanctis
1378 1682 1547 1753 gratia
1576 1684 1697 1737 data
1722 1693 1824 1751 est,
1881 1699 1990 1741 eam

2106 1678 2332 1748 σόμεθα,
2376 1678 2488 1747 ἐγὼ
2535 1680 2630 1731 καὶ
2671 1680 2699 1731 6
2748 1679 2955 1749 Πατὴρ,
3001 1678 3093 1731 καὶ
3133 1679 3301 1749 μονὴν
3356 1680 3484 1748 παρ’
3529 1678 3677 1745 αὑτῴ

428 1769 586 1825 Pater
616 1787 710 1840 per
741 1771 933 1827 Filium
962 1773 1187 1844 largitus
1215 1772 1383 1830 fuisse
1418 1771 1575 1845 115
1612 1774 1872 1833 cernitur.
1891 1774 1990 1830 Cu-

2105 1772 2426 1840 ποιήσομεν.
2468 1789 2486 1821 ι
2526 1771 2708 1823 Πάντα
2745 1770 2874 1840 γάρ,
2922 1769 3171 1840 καθάπερ
3201 1770 3298 1840 ήδη
3330 1772 3676 1840 προείρηται.

417 1861 510 1929 ius
573 1864 648 1918 rei
696 1863 896 1919 Paulus
948 1866 1098 1921 testis
1143 1873 1248 1930 est,
1308 1863 1376 1919 ad
1406 1865 1667 1935 quosdam
1700 1864 1990 1921 scribens:

2098 1863 2249 1933 παρὰ
2290 1866 2502 1934 “Imb;
2541 1863 2608 1916 δι’
2644 1862 2773 1916 nos
2821 1863 3100 1932 γίγνεται·
3151 1862 3244 1915 καὶ
3287 1861 3417 1930 γοῦν
3464 1865 3677 1915 εἴποτέ

428 1973 447 2001 α
495 1953 679 2009 Gratia
716 1957 864 2011 vobis
889 1967 942 2011 et
975 1972 1077 2026 pax
1104 1972 1134 2010 a
1158 1956 1268 2012 Deo
1318 1957 1481 2013 Patre
1527 1967 1583 2013 et
1613 1955 1841 2012 Domino
1871 1956 1990 2014 Jesu

2102 1970 2245 2007 τισιν
2272 1955 2448 2021 ἁγίοις
2474 1954 2684 2009 δέδοται
2712 1955 2891 2025 χάρις,
2931 1952 3136 2025 ταύτην
3174 1955 3202 2007 6
3230 1953 3415 2023 Πατὴρ
3451 1953 3518 2005 δι’
3546 1954 3674 2006 Tir»)

421 2042 637 2099 Christo
662 2044 729 2097 ⁸⁸.
775 2064 793 2097 ι
835 2047 900 2100 Et
928 2048 1041 2116 ipse
1068 2061 1282 2101 rursum
1311 2046 1436 2101 alibi
1468 2064 1483 2101 :
1528 2064 1547 2099 ι
1579 2046 1696 2116 Ipse
1728 2046 1888 2102 Pater
1943 2059 1990 2103 et

2099 2049 2416 2117 χορηγήσας
2443 2048 2712 2116 φαίνεται.
2752 2049 2859 2101 Καὶ
2890 2047 3102 2117 μάρτυς
3138 2047 3166 2099 6
3212 2045 3421 2108 Παῦλος
3448 2049 3675 2116 γράφων

422 2134 565 2191 Deus
586 2145 770 2192 noster
790 2147 845 2193 et
871 2137 1129 2193 Dominus
1155 2149 1339 2194 noster
1364 2137 1521 2194 Jesus
1536 2138 1785 2195 Christus
1804 2141 1990 2210 dirigat

2099 2142 2235 2212 πρός
2261 2156 2444 2203 τινας·
2478 2160 2495 2191 ι
2530 2139 2706 2209 Χάρις
2734 2140 2863 2209 ὑμῖν
2892 2140 2987 2192 καὶ
3024 2139 3213 2209 εἰρήνη
3246 2137 3354 2191 ἀπὸ
3384 2138 3520 2191 Θεοῦ
3564 2140 3675 2192 Πα-

421 2228 564 2281 viam
594 2238 832 2284 nostram
858 2233 924 2283 ad
963 2244 1059 2286 vos
1106 2230 1175 2285 ’°.
1214 2250 1234 2283 ι
1272 2229 1343 2286 At
1391 2233 1435 2287 si
1473 2248 1578 2288 non
1626 2242 1768 2288 esset
1817 2235 1990 2290 unitas

2097 2234 2227 2303 τρὸς
2268 2234 2362 2287 καὶ
2400 2232 2606 2303 Κυρίου
2657 2232 2830 2303 Ἰησοῦ
2877 2231 3133 2301 Χριστοῦ.
3182 2250 3201 2283 ι
3244 2232 3413 2285 Πάλιν
3447 2234 3475 2284 6
3517 2233 3675 2294 αὐτὸς

420 2320 597 2376 Patris
625 2337 751 2375 cum
783 2321 942 2387 Filio,
981 2322 1210 2380 dixisset
1253 2323 1517 2395 profecto,
1579 2323 1827 2394 Dirigant
1848 2324 1992 2383 viam

418 2421 687 2478 nostram,
721 2422 780 2469 ut
810 2415 944 2469 duos
977 2414 1328 2481 signiﬁcaret.
1404 2415 1561 2473 Nunc
1585 2433 1716 2475 vero
1772 2418 1825 2473 id
1887 2434 1992 2474 mm

418 2506 594 2560 facit:
646 2507 907 2562 unitatem
989 2518 1171 2564 autem
1241 2506 1420 2563 Patris
1445 2519 1501 2564 et
1554 2509 1676 2565 Filii
1704 2510 1991 2566 manifeste

419 2598 740 2662 observans,
797 2598 1149 2668 singulariter
1204 2599 1363 2665 dixit,
1416 2600 1639 2671 dirigat,
1687 2616 1793 2657 non
1832 2601 1993 2672 quasi

415 2691 647 2746 seorsim
695 2688 875 2757 Pater,
904 2699 960 2747 et
1009 2691 1238 2748 seorsim
1295 2691 1467 2749 Filius
1508 2695 1813 2765 suppeditet
1869 2711 1995 2767 gra-

419 2780 571 2847 tiam,
618 2780 715 2837 sed
776 2790 1029 2852 tanquam
1095 2780 1261 2839 Pater
1333 2798 1429 2852 per
1507 2784 1702 2840 Filium
1768 2787 1822 2841 in
1869 2787 1994 2857 Spi-

415 2872 526 2926 ritu
567 2882 759 2929 sancto
782 2889 848 2929 ex
872 2888 977 2927 una
996 2873 1197 2929 deitate
1220 2875 1358 2929 dona
1381 2891 1479 2933 sua
1498 2879 1701 2932 sanctis
1721 2878 1989 2934 conterat.

2097 2326 2304 2396 ἑτέροις
2335 2324 2697 2379 ἐπιστέλλων*
2743 2343 2760 2374 ι
2805 2324 2975 2387 Αὐτὸς
3010 2324 3065 2378 δὲ
3110 2325 3139 2377 6
3176 2323 3363 2395 Πατὴρ
3411 2327 3507 2377 καὶ
3545 2326 3674 2387 856;

2091 2420 2271 2492 ἡμῶν,
2304 2420 2397 2473 καὶ
2422 2422 2450 2473 6
2480 2418 2685 2489 Κύριος
2708 2417 2865 2488 ἡμῶν
2908 2418 3115 2487 Ίησοῦς
3146 2418 3377 2489 Χριστὸς
3409 2418 3674 2472 κατευθυ-

2094 2532 2182 2567 ναι
2213 2513 2311 2583 τὴν
2345 2513 2462 2565 ὁδὸν
2488 2513 2645 2584 ήμῶν
2681 2512 2817 2583 πρὸς
2843 2513 3007 2582 ὑμᾶς.
3056 2531 3077 2561 ι
3134 2511 3272 2565 Ἀλλ’
3303 2512 3351 2564 εἰ
3389 2512 3463 2582 μή
3496 2529 3580 2574 τις
3609 2508 3674 2582 ἦν

2097 2606 2283 2676 ἑνότης
2315 2605 2492 2676 Πατρὶ
2520 2604 2657 2673 πρὸς
2682 2603 2831 2669 Υἱὸν,
2860 2598 3012 2657 εἶπεν
3040 2603 3128 2669 ἂν,
3155 2601 3549 2657 Κατευθύνοιεν
3580 2602 3675 2670 τὴν

2096 2699 2215 2752 ὁδὸν
2239 2697 2415 2769 ἡμῶν,
2437 2697 2525 2751 ἵνα
2542 2696 2667 2760 τοὺς
2687 2696 2781 2749 δύο
2804 2697 3043 2768 σημάνῃ.
3067 2696 3203 2751 Νυνὶ
3231 2696 3287 2749 δὲ
3307 2695 3467 2749 τοῦτο
3494 2696 3593 2764 μὲν
3614 2696 3673 2746 οὑ

2098 2793 2277 2844 ποιεῖ·
2307 2790 2407 2860 τὴν
2439 2789 2496 2842 δὲ
2524 2789 2753 2858 ἑνότητα
2780 2788 2874 2842 τοῦ
2905 2789 3119 2859 Πατρὸς
3163 2790 3256 2843 καὶ¹
3284 2788 3378 2841 τοῦ
3414 2787 3543 2840 Υξοῦ
3578 2804 3674 2855 τη-

2102 2882 2274 2953 ρήσας
2305 2880 2518 2950 σαφῶς,
2550 2881 2611 2934 τὸ
2638 2881 2997 2937 κατευθύναι
3034 2879 3277 2933 τέθεικεν
3317 2880 3544 2942 ἑνικῶς·
3578 2880 3674 2948 οὑχ

412 2962 491 3027 ὠς
540 2964 647 3035 ἰδίᾳ
695 2964 795 3035 μὲν
836 2964 933 3018 τοῦ
973 2965 1209 3034 Πατρδς,
1248 2967 1357 3040 ἰδία
1400 2968 1458 3025 δὲ.
1503 2969 1866 3041 χορηγοῦντος
1893 2973 1988 3025 τοῦ
2031 2972 2183 3039 Υίοῦ,
2253 2973 2369 3028 ἀλλ’
2399 2973 2475 3038 ὡς
2539 2972 2749 3044 Πατρὺς
2781 2971 2849 3025 δι’
2882 2971 3012 3025 Υἱοῦ
3041 2972 3098 3025 ὲν
3124 2972 3267 3043 ἁγίῳ
3304 2971 3584 3040 Πνεῦματι
3612 2973 3675 3023 ἐκ

412 3055 513 3131 τῆς
552 3058 683 3132 μιᾶς
711 3058 965 3130 θεότητος
992 3059 1362 3129 πεμπομένων
1391 3062 1500 3115 τῶν
1529 3064 1883 3135 χαρισμάτων
1913 3068 1992 3130 εἰς
2030 3069 2155 3132 τοὺς
2193 3067 2403 3137 ἁγίους.

1075 3174 1306 3229 ALIUD.

2785 3180 2987 3234 ΑΔΛΟ.

489 3290 546 3347 Si
586 3299 872 3359 separatus
916 3295 1061 3342 esset
1115 3285 1415 3342 secundum
1488 3296 1735 3343 natu-ram
1792 3291 1860 3344 ab
1913 3304 1990 3345 es-

2168 3292 2232 3343 Εἰ
2252 3290 2553 3362 κεχώριστο
2581 3290 2722 3345 κατὰ
2754 3291 2916 3361 φύσιν
2942 3291 3039 3360 τῆς
3071 3290 3165 3343 τοῦ
3193 3290 3400 3359 Πατῴς
3430 3292 3619 3357 οὐσίας
3647 3296 3675 3346 ό

415 3383 591 3438 sentia
618 3380 797 3436 Patris
843 3378 1033 3445 Filius,
1056 3388 1110 3434 et
1143 3378 1245 3434 nisi
1304 3378 1447 3433 inter
1488 3393 1583 3435 eos
1615 3380 1994 3449 inseparabilis

415 3476 659 3545 quaedam
692 3473 872 3528 unitas
901 3471 1279 3533 intercederet,
1305 3470 1482 3544 qualis
1503 3481 1587 3526 est
1627 3474 1771 3526 inter
1806 3472 1992 3543 splen-

415 3567 600 3623 dorem
622 3574 675 3619 et
691 3564 881 3631 solem,
915 3562 1180 3619 suiﬁceret
1212 3560 1384 3618 solum
1412 3560 1626 3617 Patrem
1656 3564 1859 3619 sanctis
1898 3565 1999 3619 do-

416 3675 485 3714 na
506 3658 774 3718 conferre,
813 3672 915 3710 non
940 3655 1176 3710 admisso
1205 3656 1366 3710 simul
1384 3655 1452 3711 ad
1480 3656 1581 3712 hoc
1605 3656 1762 3711 Filio.
1786 3656 1920 3711 Nam
1944 3658 1991 3713 si

414 3760 610 3803 creata-
636 3756 838 3800 naturw
860 3756 964 3809 est,
984 3757 1037 3800 et
1064 3746 1337 3801 diversum
1356 3746 1482 3817 quid
1524 3761 1554 3800 a
1585 3746 1715 3812 Deo,
1733 3762 1894 3817 quam
1919 3748 1990 3803 ob

414 3855 633 3895 causam
666 3854 787 3892 cum
822 3838 961 3891 nulla
990 3852 1053 3890 ex
1088 3838 1337 3893 omnibus
1362 3838 1628 3894 creaturis
1681 3837 1791 3895 Deo
1835 3854 1987 3894 com-

415 3933 657 3987 municet
679 3931 745 3983 ad
775 3930 1076 3982 divinorum
1103 3929 1367 3983 donorum
1420 3929 1783 3998 largitionem,
1842 3931 1990 3987 solus

414 4022 530 4091 ipse
554 4018 1098 4075 admittatur?Nemo
1121 4020 1263 4073 enim
1318 4018 1455 4075 ferat
1520 4021 1754 4091 aliquem
1802 4021 1989 4077 dicen-

417 4124 523 4167 tem
551 4128 564 4164 :
598 4112 699 4165 Det
733 4111 826 4165 tibi
858 4111 1143 4179 petitiones
1172 4111 1352 4165 cordis
1382 4111 1456 4165 tui
1534 4112 1673 4166 Deus
1726 4111 1887 4165 Pater
1931 4121 1988 4167 et

413 4204 662 4273 angelus;
706 4203 801 4257 sed
831 4217 1006 4273 neque
1035 4202 1080 4256 si
1117 4202 1245 4272 quid
1271 4203 1444 4272 majus
1500 4202 1693 4272 angelo
1716 4202 1980 4258 nominet.

415 4297 526 4351 Soli
556 4296 700 4349 enim
750 4293 860 4348 Deo
892 4293 1145 4348 convenit
1172 4294 1296 4359 hoc,
1329 4295 1485 4349 dare.
1514 4293 1570 4350 Si
1596 4310 1726 4349 vero
1757 4295 1851 4350 dat
1877 4312 1983 4351 non

413 4406 534 4442 cum
571 4387 758 4441 ullae!
792 4384 1081 4451 creaturis,
1115 4384 1211 4438 sed
1268 4399 1392 4438 cum
1431 4386 1551 4441 solo
1602 4385 1743 4441 Filio
1786 4395 1841 4441 et
1889 4401 1986 4455 per

412 4480 605 4534 Filium
652 4479 704 4533 in
754 4478 957 4547 Spiritu
992 4487 1204 4544 sancto,
1263 4476 1610 4533 manifestum
1669 4479 1804 4534 satis
1857 4480 1982 4534 hinc

414 4572 581 4625 fuerit
612 4572 761 4625 illum
797 4570 1119 4625 naturaliter
1155 4584 1218 4625 ex
1256 4570 1491 4624 essentia
1523 4568 1707 4625 Patris
1736 4573 1978 4641 genitum

411 4662 897 4729 esse,Patremque
948 4662 1002 4714 in
1032 4676 1091 4715 se
1144 4662 1383 4715 habere:
1412 4662 1696 4731 ipsumque
1737 4665 1977 4718 vicissim

2095 3381 2252 3448 Υἱὸς,
2278 3383 2372 3436 καὶ
2410 3384 2458 3435 εί
2506 3383 2581 3454 μή
2607 3399 2689 3446 τις
2716 3382 2903 3452 ἑνότης
2940 3378 3259 3443 άδιάστατος
3287 3376 3355 3448 ἦν
3394 3382 3451 3433 ὲν
3486 3384 3674 3446 αὐτοῖς

2091 3474 2283 3526 ὁποίαν
2327 3473 2439 3543 ἔχει
2470 3473 2532 3526 τὸ
2576 3472 2923 3543 ἀπαύγασμα
2949 3472 3086 3543 πρὸς
3118 3472 3211 3524 τὸν
3239 3472 3409 3542 ἥλιον,
3449 3474 3674 3544 ἐξήρκει

2092 3564 2185 3618 καὶ
2215 3562 2373 3634 μόνον
2406 3563 2498 3616 τὸν
2536 3563 2755 3634 Πατέρα
2781 3565 2894 3627 τοῖς
2935 3564 3109 3631 ἁγίοις
3138 3563 3428 3616 ἐπιδιδόναι
3476 3566 3542 3617 τά
3570 3584 3671 3636 χα-

2092 3654 2363 3725 ρίσματα,
2393 3655 2467 3726 μὴ
2506 3654 3179 3726 συμπαραλαμϐανομένου
3216 3655 3350 3724 πρὸς
3393 3656 3552 3708 τοῦτο
3579 3658 3673 3709 καὶ

2090 3744 2185 3798 τοῦ
2217 3745 2370 3800 Υίοῦ.
2399 3747 2460 3798 Ei
2489 3745 2596 3814 γάρ
2626 3745 2853 3815 κτιστῆς
2880 3748 3028 3799 ἐστιν
3054 3746 3261 3810 οὐσίας,
3288 3747 3379 3798 καὶ
3408 3747 3595 3816 ἕτερόν
3618 3764 3670 3799 τι

2091 3836 2242 3906 παρά
2267 3834 2359 3888 τὸν
2388 3835 2542 3897 Θεὸν,
2569 3838 2719 3888 ποῖον
2753 3834 2864 3904 ἔχει
2890 3834 3048 3903 λόγον
3084 3836 3298 3899 οὐδενὸς
3338 3836 3447 3888 τῶν
3494 3837 3671 3891 ἄλλων

2088 3926 2408 3995 κτισμάτων
2439 3924 2918 3989 ὲπικοινωνοῦντος
2944 3924 3063 3995 Θεῷ
3091 3926 3226 3996 πρὸς
3264 3924 3359 3996 τὴν
3387 3926 3532 3978 δόσιν
3559 3928 3671 3978 τῶν

2089 4014 2251 4068 θείων
2292 4014 2681 4086 χαρισμάτων,
2706 4015 2864 4085 μόνον
2904 4015 3067 4068 αὑτὸν
3100 4014 3665 4085 παραλαμϐάνεσθαι;

2089 4105 2163 4159 Οὐ
2209 4104 2317 4176 γὰρ
2363 4105 2616 4171 ἀνέξεταί
2666 4122 2750 4169 τις
2787 4104 3034 4174 λέγοντός
3078 4123 3256 4168 τινοςο
3304 4106 3428 4175 Δοίη
3484 4122 3566 4158 σοι
3600 4108 3669 4159 τά

2087 4198 2369 4268 αὶτήματά
2402 4215 2495 4251 σου
2525 4198 2658 4262 Θεὸς
2697 4198 2859 4268 τυχὸν
2889 4198 2923 4249 ὁ
2951 4197 3139 4270 Πατὴρ
3189 4198 3282 4251 καὶ
3322 4200 3350 4251 6
3395 4199 3631 4266 ἄγγελος
3652 4216 3664 4227 ·

2087 4290 2203 4344 ἀλλ’
2231 4289 2351 4343 οὐδὲ
2381 4290 2435 4342 ei
2450 4306 2503 4343 τι
2528 4288 2715 4359 μεῖζον
2740 4288 3059 4359 ὀνομάσειεν
3087 4290 3340 4357 ἀγγέλου.
3370 4290 3534 4359 Μόνῳ
3556 4290 3667 4358 γάρ

2085 4382 2146 4436 τὸ
2176 4382 2379 4436 διδόναι
2405 4381 2603 4453 πρέπει
2634 4381 2774 4453 Θεῷ.
2823 4382 2884 4434 Εἰ
2909 4382 2966 4434 δὲ
2994 4381 3228 4444 δίδωσιν,
3258 4382 3319 4433 οὐ
3353 4383 3493 4450 μετά
3522 4400 3669 4444 τινος

2085 4474 2272 4544 ἐτέρου
2298 4474 2407 4526 τῶν
2436 4474 2773 4544 κτισμάτων,
2807 4473 2941 4527 ἀλλὰ
2985 4474 3129 4544 μόνῳ
3162 4474 3258 4526 σὺν
3303 4473 3413 4542 Υίῴ
3457 4474 3552 4526 καὶ
3596 4474 3668 4526 δι’

2087 4568 2217 4621 Υἱοῦ
2246 4569 2304 4620 ὲν
2335 4568 2473 4638 ἁγίῳ
2503 4565 2804 4637 Πνεῦματι,
2847 4565 3004 4635 δῆλον
3033 4564 3283 4619 ἐντεῦθεν
3329 4566 3396 4617 ἂν
3434 4564 3520 4633 εἴη
3569 4566 3667 4616 καὶ

2090 4658 2249 4710 παντί
2288 4675 2361 4728 τῳ
2388 4656 2687 4727 γνώριμον,
2714 4657 2907 4727 ὅτιπερ
2947 4656 3048 4724 τῆς
3092 4657 3280 4717 οὐσίας
3322 4655 3417 4708 τοῦ
3450 4656 3667 4723 [ἰατρὸς

410 4753 756 4806 exsistentem
789 4750 843 4804 in
867 4749 1024 4804 Patre
1044 4751 1225 4803 omnia
1250 4750 1462 4804 ellicere
1488 4760 1650 4819 atque
1680 4754 1981 4821 operari,et

2097 4750 2216 4803 ἴδιόν
2256 4752 2373 4803 ἐστι
2414 4750 2682 4820 γέννημα,
2716 4749 2809 4801 καὶ
2838 4750 2933 4801 τὸν
2958 4749 3175 4818 Πατέρα
3204 4748 3341 4816 ἔχων
3373 4749 3431 4798 ἐν
3458 4747 3663 4815 ἐαυτῷ,

409 4847 547 4901 d0na
578 4846 783 4899 sanctis
811 4842 1080 4898 conlerre.
1104 4843 1257 4909 Quod
1283 4850 1338 4898 et
1382 4843 1584 4897 Paulus
1618 4853 1845 4898 testatur
1902 4847 1983 4899 di-

411 4951 538 4991 cens
571 4952 583 4988 :
624 4955 643 4985 ι
668 4935 882 4989 Gratias
906 4951 1003 5005 ago
1029 4934 1137 4990 Deo
1163 4950 1282 4993 meo
1322 4951 1534 5005 semper
1564 4936 1630 4991 de
1660 4938 1807 4992 vobis
1839 4953 1965 5007 pro-

411 5034 528 5093 pter
550 5024 774 5091 gratiam
808 5022 899 5078 Dei
949 5038 1069 5093 qua:
1112 5023 1237 5078 data
1302 5024 1457 5081 vobis
1514 5026 1567 5080 in
1617 5027 1837 5081 Christo
1890 5025 1981 5081 Je-

404 5132 465 5171 su
493 5118 559 5169 ".
596 5136 615 5168 ι

1092 5316 1322 5371 ALIUD.

784 5426 867 5481 Ex
902 5428 1190 5494 objectioue
1221 5430 1605 5486 hwrelirorum.

480 5542 721 5610 Dixistis,
744 5544 917 5607 aiunt,
947 5542 1145 5597 nullam
1182 5555 1551 5597 creaturarum
1583 5544 1692 5600 Deo
1722 5560 1967 5599 conmm-

2085 4839 2249 4903 αὐτός
2276 4856 2337 4891 τε
2360 4839 2559 4909 ὁμοίως
2585 4838 2847 4908 ὑπάρχων
2874 4840 2931 4890 ἐν
2954 4838 3031 4908 τῷ
3073 4839 3265 4907 Πατρὶ.
3299 4837 3475 4889 πάντα
3511 4838 3596 4887 ὲνε
3607 4853 3666 4904 ρ-

2084 4937 2172 5004 γεῖ
2199 4934 2295 4987 καὶ
2331 4933 2625 5004 ἐργάζεται
2666 4932 2760 4984 καὶ
2802 4932 3030 5001 χορηγεῖ
3054 4932 3163 4992 τοῖς
3201 4929 3372 4995 ἁγίοις
3416 4927 3517 4990 τὰς
3553 4928 3664 4980 δω-

2089 5026 2235 5096 ρεάς.
2284 5026 2393 5078 Καὶ
2445 5027 2652 5094 μάρτυς
2697 5024 2725 5075 6
2770 5022 2977 5084 Παῦλος
3013 5021 3219 5087 λέγων’
3267 5040 3286 5071 σ
3337 5021 3667 5090 Εὐχάριστῶ

2084 5114 2161 5183 τῷ
2189 5112 2306 5183 Θεῷ
2357 5131 2459 5183 μου
2504 5115 2732 5166 πάντοτε
2781 5113 2907 5182 περὶ
2940 5112 3093 5180 ὑμῶν
3136 5112 3227 5163 ἐπὶ
3254 5115 3317 5180 τῇ
3350 5113 3534 5179 χάριτι
3563 5111 3664 5163 τοῦ

2084 5201 2219 5256 Θεοῦ
2252 5205 2317 5271 τῇ
2344 5202 2557 5273 δοθείσῃ
2588 5203 2713 5272 ὑμῖν
2749 5203 2806 5253 ἐν
2835 5200 3055 5270 Χριστῷ
3100 5200 3297 5266 Ἰησοῦ.
3348 5220 3366 5249 ι

2759 5311 2963 5363 ᾹΑΑΟ.

2319 5427 2413 5489 ’.Ως
2440 5425 2507 5488 ἐξ
2540 5424 2894 5489 ἀντιθέσεως
2934 5420 3050 5475 τῶν
3089 5419 3414 5488 (ιῑιιετιχῶν.

2152 5538 2446 5609 Εἰρήκατε,
2473 5540 2624 5607 φασὶ,
2658 5539 2820 5610 μηδὲν
2853 5538 2958 5591 τῶν
3005 5536 3316 5605 κτισμάτων
3360 5548 3657 5603 συμπαρα-

478 5720 523 5750 ¹⁶
554 5718 711 5775 Joan.
742 5735 853 5787 xw,
883 5720 976 5779 9.5.
1052 5723 1098 5755 ⁸⁹
1132 5721 1289 5777 Rom.
1319 5740 1359 5786 I,
1386 5723 1436 5777 7.
1512 5722 1559 5755 "
1590 5722 1607 5776 Ι
1642 5720 1803 5776 Thes.
1848 5738 1929 5786 ιιι,
1978 5722 1990 5775 l

2136 5720 2177 5750 "
2216 5718 2231 5771 Ι
2268 5732 2393 5773 Lor.
2434 5739 2469 5787 ι,
2508 5728 2549 5775 ίι
