3882 6210
187 394 297 450 .93
1604 381 1772 437 TIIES

1891 381 2046 437 RUS.
3368 385 3472 439 ι9ι

182 506 565 578 λαμϐάνεσθαι
592 506 671 578 τῷ
708 505 830 577 Θεῷ
864 507 922 559 ὲν
953 507 1072 568 ταῖς
1105 504 1215 557 τῶν
1263 503 1621 574 χαρισμάτων
1664 504 1772 554 ἐπι‹

1890 496 2092 563 t'ticare,
2126 502 2178 553 in
2215 501 2481 553 donorum
2511 500 3003 572 largitionibus.At
3051 503 3177 571 qttid
3220 507 3472 559 statuetis

181 598 389 652 δόσεσι.
424 600 491 653 Τί
528 596 622 652 οὖν
648 600 754 668 ἆρα
782 599 1037 669 ποιήσετε
1076 597 1167 649 τὸν
1200 597 1543 667 πατριάρχην
1584 594 1772 647 Ἰακὼὸ

1884 593 1948 645 de
1975 592 2282 662 patriarcha
2313 588 2503 656 Jacoh,
2530 611 2651 647 cunt
2689 596 2742 649 in
2783 597 2958 650 sacris
2994 596 3294 664 Scripturis
3326 597 3473 649 iuve-

182 690 540 762 εὑρίσκοντες
571 693 628 744 ἐν
654 692 771 752 ταῖς
817 689 990 753 θείαις
1025 689 1273 760 Γραφαίς
1317 688 1443 751 τοὺς
1476 686 1537 751 ἐξ
1578 687 1772 756 Ἰωσὴφ

1884 685 2042 738 nietis
2063 699 2185 738 eum
2209 686 2439 753 posteris
2462 685 2660 754 Joseph
2691 690 3179 754 henedicentetn,ct
3211 688 3471 758 Ephraint

183 783 515 851 εὐλογοῦντα
558 783 647 837 τόν
690 798 751 835 τε
810 779 1051 852 Ἑφραῒμ
1096 779 1342 851 δηλονότι
1389 779 1485 832 καὶ
1525 778 1617 831 τὸν
1659 779 1772 831 Μα-

1884 787 1933 830 et
1967 776 2220 839 Manassi,
2251 788 2301 831 et
2328 779 2596 832 dicentem
2634 795 2646 831 :
2678 799 2696 832 ι
2739 779 2876 835 Deus
2937 782 3026 851 qui
3092 799 3177 835 tne
3230 784 3401 833 nutrit
3440 797 3470 833 ιι

180 876 384 944 νασσῆ,
426 876 518 927 καὶ
552 875 816 942 λέγοντα⁸
867 892 885 925 ι
944 872 1003 925 '0
1054 872 1188 935 Θεὸς
1239 871 1268 923 6
1318 869 1541 943 τρέφων
1592 887 1661 941 με
1713 872 1772 923 ὲκ

1884 868 2160 936 iuventute
2202 884 2316 921 mea
2344 885 2514 938 usque
2546 873 2612 924 ad
2648 873 2973 933 huncdiem.
2999 883 3049 925 et
3094 871 3321 942 angelus
3378 873 3469 939 qui

180 967 439 1037 νεότητός
481 985 583 1035 μου
621 966 727 1030 ἕως
760 966 858 1035 τῆς
900 965 1114 1035 ἡμέρας
1160 962 1386 1033 ταύτης,
1431 964 1525 1015 καὶ
1553 964 1582 1015 6
1613 963 1772 1031 ἄγγε-

1884 958 2076 1012 liberat
2110 974 2195 1011 me
2224 962 2564 1014 estmutihus
2598 964 2750 1017 malis
2771 964 2926 1027 meis,
2971 963 3258 1018 bcnedicat
3289 965 3473 1031 pueris

180 1056 277 1120 λος
306 1060 335 1111 ὀ
376 1058 639 1130 ρυὁμενός
681 1074 746 1127 με
797 1059 861 1109 ὲκ
894 1058 1111 1110 πάντων
1142 1056 1248 1108 τῶν
1287 1052 1476 1108 κακῶν
1523 1071 1648 1125 μου,
1689 1054 1780 1106 εὐ-

180 1149 416 1219 λογήσας
455 1152 523 1202 τά
563 1150 751 1202 παιδία
781 1148 992 1213 ταῦτας
1027 1167 1045 1200 ι
1098 1149 1252 1211 Ἰδοὺ,
1289 1149 1473 1218 φησιν,
1504 1147 1779 1216 ὀνομάσας

180 1244 344 1307 θεὸν,
380 1244 735 1315 προστέθεικε
766 1244 862 1297 καὶ
894 1242 985 1295 τὸν
1016 1240 1265 1311 ἄγγελον,
1298 1241 1374 1304 ὼς
1404 1240 1647 1309 εὐλογεῖν
1680 1240 1777 1292 σὺν

185 1334 342 1404 αὐτῷ
378 1336 695 1393 δυνάμενον.

669 1454 822 1523 Πρὸς
868 1454 1054 1507 ταῦτα
1085 1454 1286 1520 λύσις.

257 1572 321 1623 Εἰ
351 1569 687 1639 προφητικὸν
727 1570 1056 1641 ἐνυπάρχειν
1089 1570 1307 1642 πνεῦμα
1339 1569 1417 1642 τῷ
1442 1571 1509 1624 τὰ
1548 1571 1775 1625 τοιαῦτα

177 1663 395 1731 λέγοντι
427 1660 839 1730 ὲνομολογοῦσιν
867 1663 916 1714 oi
948 1663 1331 1734 χριστομάχοι,
1364 1664 1457 1717 καὶ
1485 1664 1775 1718 πιστεύου-

182 1771 271 1806 σιν
306 1754 474 1814 ὅντως
502 1752 656 1819 ἆγιον
699 1752 870 1822 ἄνδρα
909 1753 1240 1824 γεγενῆσθαι
1270 1755 1362 1808 τὸν
1404 1756 1620 1819 Ἰακὼϐ,
1649 1757 1774 1810 ὅτου

1882 1050 2001 1103 iStis
2032 1050 2097 1103 ".
2137 1069 2156 1103 ι
2191 1050 2352 1113 Ecce,
2399 1053 2671 1121 inquiunt,
2738 1073 2859 1108 cum
2914 1059 3246 1109 nominasset
3313 1054 3474 1125 116

1885 1141 2071 1205 Deum,
2095 1142 2289 1211 adjecit
2320 1145 2481 1198 etiam
2515 1148 2784 1214 angelum,
2827 1156 3009 1216 utpote
3072 1146 3163 1216 qui
3206 1162 3308 1199 una
3345 1163 3467 1199 eum

1882 1232 2000 1301 ipse
2039 1236 2360 1290 bettediCere
2403 1251 2602 1306 pOSset.

2387 1448 2597 1503 Salutio
2626 1448 2962 1518 objectionis.

1952 1564 2009 1619 Si
2042 1566 2224 1618 hostes
2248 1563 2450 1617 Christi
2481 1564 2719 1616 fatentur
2757 1563 3074 1633 prophetica
3100 1564 3295 1632 spiritu
3320 1564 3471 1617 allia-

1882 1668 1992 1711 lttnt
2024 1655 2401 1720 fuisselaroh,
2434 1674 2552 1708 cum
2589 1657 2850 1726 ejusmodi
2885 1658 3113 1723 diceret,
3149 1672 3323 1726 neque
3374 1657 3470 1711 dif-

1882 1750 2104 1802 liteutur
2137 1749 2283 1801 illum
2316 1764 2504 1802 revera
2541 1760 2792 1802 sanetum
2833 1748 3009 1802 virum
3044 1749 3235 1811 fuisse.
3270 1766 3467 1819 quam-

176 1842 245 1910 δὴ
293 1842 452 1910 χάριν
491 1838 762 1911 τοσαύτην
804 1841 953 1912 αὐτῴ
995 1845 1364 1915 περιτιθέντες
1402 1846 1630 1918 πλάνηνν
1671 1847 1772 1900 οὐκ

1884 1842 2062 1895 nbrem
2082 1856 2175 1894 eos
2217 1850 2424 1894 tantum
2454 1856 2698 1894 errorem
2724 1842 2770 1895 ei
2801 1840 3078 1895 asrribere
3110 1858 3217 1895 non
3273 1844 3465 1911 pudet,

179 1931 533 2001 αἰσχύνονται
566 1934 641 1995 ὼς
672 1932 906 2001 ἄγγελον
943 1937 1234 1989 συνάπτειν
1266 1937 1343 2006 τῷ
1372 1939 1589 1991 πάντων
1632 1937 1774 2009 Θεῷ,

180 2022 282 2073 καὶ
311 2022 574 2077 δύνασθαι
606 2025 954 2095 συνευλογεῖν
978 2025 1055 2097 τῷ
1083 2029 1405 2099 πεποιηκότι
1434 2031 1496 2082 τὸ
1519 2030 1585 2082 δι’
1608 2029 1775 2083 αὐτοῦ

178 2116 483 2185 γενόμενον
514 2116 793 2187 νομίζειν;
843 2118 907 2173 Εἰ
952 2118 1009 2172 δὲ
1046 2119 1205 2173 τοῦτο
1240 2121 1461 2185 ἄτοπον,
1497 2122 1774 2176 ἀκουέτω·

182 2224 289 2260 σαν
327 2209 421 2261 καὶ
453 2210 586 2279 παρ’
626 2210 803 2281 ἡμῶν.
851 2212 914 2264 Ei
965 2210 1065 2281 μὲν
1094 2211 1249 2280 ἅγιον
1283 2212 1455 2277 ὅντως
1490 2214 1776 2268 πιστεύετε

180 2299 515 2369 γεγενῆσθαι
573 2302 664 2355 τὸν
729 2301 959 2367 Ἰακὼϐ,
1027 2303 1307 2357 παύσασθε
1365 2305 1778 2377 δυσφημοῦντες

177 2390 348 2442 αὐτόν
370 2411 382 2422 ·
418 2388 629 2460 ζητεῖτε
657 2392 713 2445 δὲ
751 2392 953 2463 μᾶλλον
978 2394 1086 2445 τῶν
1112 2394 1420 2463 εἰρημένων
1452 2394 1581 2466 παρ’
1610 2394 1775 2449 αὐτοῦ

178 2481 284 2551 τὴν
307 2482 485 2553 άληθῆ
515 2483 772 2538 διάνοιαν.
808 2486 869 2539 Et
893 2484 949 2538 δὲ
979 2486 1079 2538 οὐκ
1107 2481 1175 2557 ἦν
1198 2484 1375 2555 ἅγιος,
1397 2486 1534 2559 πρὸς
1569 2487 1624 2541 δὲ
1661 2491 1777 2553 τοῖς

179 2573 365 2637 ἄλλοις
413 2574 587 2631 ἅπασι
638 2577 735 2630 καὶ
789 2577 948 2631 τοῦτο
996 2579 1179 2648 λέγειν
1217 2580 1475 2650 τολμᾶτε,
1535 2582 1589 2635 τί
1640 2583 1777 2654 πρὸς

184 2667 524 2738 ἀνατροπὴν,
541 2668 617 2732 ὡς
635 2669 839 2737 οἴεσθε,
856 2670 967 2722 τῶν
988 2671 1264 2725 τοσούτων
1294 2672 1391 2727 καὶ
1413 2674 1773 2744 τηλικούτων,

181 2759 379 2831 ἀνδρὸς
416 2762 515 2832 οὐχ
556 2762 712 2831 ἁγίου
747 2762 943 2834 φέρετε
990 2766 1208 2836 φωνήν;
1254 2766 1628 2838 Παρελθόντες
1666 2785 1775 2822 τοι·

178 2851 390 2921 γαροῦν
442 2854 543 2917 τὰς
595 2854 751 2925 ὑμῶν
786 2855 1053 2927 ἀμαθίας,
1090 2858 1505 2929 ἐρμηνεύσομεν
1548 2860 1668 2913 καθ’
1716 2860 1778 2914 ὃν

177 2944 266 2997 δεῖ
309 2943 512 3016 τρόπον
560 2947 657 2999 τοῦ
707 2948 1052 3021 πατριάρχου
1104 2951 1231 3013 τοὺς
1278 2949 1493 3021 λόγους.
1547 2953 1635 3016 Ὠς
1667 2953 1776 3024 γὰρ

177 3034 324 3106 ἀνὴρ
357 3035 511 3104 ἅγιος
538 3039 633 3091 καὶ
666 3038 942 3109 Πνεύματι
968 3040 1097 3109 θείῳ
1134 3040 1268 3112 πρὸς
1301 3042 1401 3113 τὴν
1434 3042 1638 3113 γνῶσιν
1667 3043 1776 3097 τῶν

176 3128 280 3197 τῆς
314 3127 597 3192 εὐσεϐείας
645 3130 933 3202 δογμάτων
979 3133 1518 3206 παιδαγωγούμενος,
1559 3135 1775 3209 πρῶτον

1882 1943 2117 2002 quantus
2161 1932 2534 2003 est.angelutn
2574 1932 2683 1987 Deo
2720 1933 2884 1988 totius
2937 1936 3175 1987 universi
3238 1934 3466 2002 conjun-

1882 2043 2008 2097 gere
2036 2036 2087 2080 et
2114 2040 2303 2096 putare
2335 2036 2645 2081 creaturam
2684 2026 2844 2081 simul
2869 2044 2988 2079 (‘llttl
3018 2041 3083 2079 eo
3105 2044 3131 2080 a
3160 2043 3266 2095 quo
3285 2038 3469 2082 creata

1880 2128 1963 2172 est
1993 2118 2315 2174 benedicere
2343 2118 2542 2188 posse?
2582 2116 2637 2173 Si
2676 2134 2803 2173 vero
2852 2118 2956 2174 hoc
3015 2120 3311 2174 absurdum
3364 2132 3467 2185 est,

1882 2210 2104 2263 audiant
2151 2228 2179 2263 a
2228 2210 2406 2265 nobis.
2444 2208 2502 2263 Si
2537 2220 2780 2263 sanctum
2811 2211 3034 2264 omnino
3068 2209 3233 2265 luisse
3292 2214 3467 2266 virum

1879 2300 2048 2356 Jaeob
2074 2316 2388 2371 persuasum
2416 2302 2649 2364 habetis,
2684 2301 2915 2356 desinite
2963 2301 3230 2368 ejusmodi
3276 2314 3469 2356 contu-

1882 2392 2039 2445 tuelia
2070 2406 2192 2444 eum
2216 2406 2447 2445 onerare
2481 2409 2494 2446 :
2532 2400 2587 2442 at
2622 2390 2800 2459 potius
2844 2405 3031 2444 eorum
3064 2407 3185 2461 qua)
3207 2382 3345 2446 dixit
3370 2408 3467 2445 ve-

1882 2498 1996 2536 ram
2036 2482 2359 2536 sententiam
2392 2480 2735 2551 investigate.
2765 2482 2823 2536 Si
2849 2491 3029 2536 autem
3080 2498 3301 2539 sanctus
3360 2504 3465 2540 non

1881 2574 2004 2637 fuit,
2049 2583 2102 2630 et
2126 2582 2323 2652 prteter
2346 2574 2451 2629 alia
2487 2575 2590 2629 hoc
2614 2575 2780 2629 etiam
2825 2576 3007 2630 dicere
3067 2578 3302 2641 audetis,
3366 2595 3469 2635 cur

1881 2669 1948 2721 ad
1980 2668 2377 2722 subvertendas
2411 2681 2497 2721 res
2521 2666 2656 2721 tanti
2684 2667 2948 2722 momenti
3002 2671 3335 2726 auctoritate
3363 2673 3463 2725 viri

1881 2774 1985 2812 non
2007 2759 2178 2813 sancti
2212 2757 2465 2812 utimini!
2512 2758 2784 2814 Caeterum
2841 2775 2941 2818 nos
2998 2760 3220 2817 omissis
3268 2766 3468 2819 vestris

1879 2849 2269 2913 deliramentis.
2304 2851 2629 2921 patriarcha:
2659 2852 2821 2907 verba
2850 2855 3123 2923 quomodo
3158 2854 3466 2927 intelligen-

1878 2942 1944 2995 da
1967 2942 2099 3006 sint,
2127 2943 2547 3014 explicabimus.
2579 2942 2717 2999 Nam
2753 2954 2814 3000 ut
2845 2947 2930 3000 vir
2950 2958 3172 3023 sanctus
3199 2958 3253 3002 et
3282 2966 3309 3001 ιι
3343 2948 3467 3017 Spi-

1882 3035 1985 3089 ritu
2011 3035 2197 3091 divino
2230 3036 2296 3091 ad
2328 3036 2572 3091 notitiam
2610 3038 2924 3108 dogmatum
2965 3038 3189 3108 pietatis
3241 3040 3463 3103 ductus,

1878 3129 2114 3199 primum
2138 3129 2358 3197 quidem
2382 3129 2518 3183 dixit
2560 3147 2573 3183 :
2614 3129 2762 3185 Deus
2791 3131 2881 3201 qui
2918 3132 3092 3187 nutrit
3118 3150 3201 3188 me
3225 3133 3430 3201 ajnven
3458 3165 3466 3173 -

183 3221 288 3290 μὲν
348 3220 585 3293 ἔφησεν·
644 3224 701 3278 Ὀ
746 3224 876 3289 Θεὸς
925 3228 953 3279 6
995 3226 1217 3297 τρέφων
1290 3246 1357 3300 με
1405 3231 1471 3283 ὲκ
1526 3231 1772 3302 νεότητός

1884 3228 1995 3272 tute
2052 3220 2505 3283 utea,benedicat
2537 3220 2719 3290 pueris
2750 3221 2923 3276 hisce.
2976 3222 3180 3279 Deinde
3225 3226 3343 3279 ait:
3405 3224 3470 3279 Et

182 3330 312 3383 μου,
350 3314 642 3385 εὐλογῆσαι
672 3317 740 3370 τὰ
778 3317 969 3371 παιδία
998 3318 1192 3374 ταῦτα.
1224 3316 1358 3374 Εἶτά
1398 3338 1533 3393 φησι
1561 3338 1573 3352 ο
1606 3324 1717 3377 Καὶ
1744 3325 1773 3377 6

178 3405 414 3475 ἄγγελος
450 3410 479 3461 6
510 3409 775 3480 ρυόμενός
805 3428 872 3482 με
911 3413 974 3464 ὲκ
1004 3412 1224 3467 πάντων
1261 3414 1371 3468 τῶν
1413 3415 1600 3469 κακῶν
1630 3434 1734 3487 μου
1754 3433 1770 3449 ⁸

180 3500 273 3553 ἵνα
298 3500 385 3554 διὰ
411 3501 509 3572 μὲν
522 3502 617 3555 τοῦ
638 3504 842 3571 λέγειν,
872 3505 931 3556 ’0
949 3505 1102 3570 Θεὸς,
1123 3508 1362 3578 σημαίνῃ
1391 3507 1483 3562 τὸν
1509 3510 1725 3582 Πατέρα
1751 3526 1767 3542 ’

180 3591 272 3645 διὰ
303 3592 363 3646 δὲ
388 3593 481 3646 τοῦ
524 3593 731 3662 λέγειν,
791 3595 850 3648 Ὀ
874 3595 1126 3665 ἄγγελος,
1161 3597 1253 3651 τὸν
1291 3597 1350 3663 ἐξ
1376 3600 1544 3654 αὐτοῦ
1567 3602 1765 3671 Λόγον.

184 3683 341 3755 ’ᾙδει
380 3685 487 3757 γάρ
540 3686 623 3739 ὅτι
667 3686 915 3740 καλεῖται
966 3688 1028 3740 τὸ
1074 3688 1247 3760 ὄνομα
1300 3691 1490 3757 αὐτοῦ,
1528 3694 1774 3765 μεγάλης

181 3775 385 3847 βουλῆς
418 3778 705 3847 Ἄγγελος.
742 3780 864 3833 Ὀτι
902 3779 959 3833 δὲ
985 3779 1077 3833 τὸν
1117 3782 1246 3835 Υἱὸν
1277 3783 1464 3837 ἐνθάδε
1497 3787 1652 3855 φησὶ,
1679 3788 1774 3840 καὶ

177 3870 244 3923 οὐ
275 3870 521 3924 τοιοῦτον
551 3871 805 3941 ἄγγελον,
832 3872 1015 3927 ὁποῖον
1049 3874 1083 3944 ἠ
1113 3874 1375 3945 συνήθεια
1398 3875 1584 3929 δίδωσι
1607 3880 1771 3947 νοεῖν,

178 3962 436 4015 ἐντεῦθεν
456 3962 611 4015 ἔσται
632 3964 967 4034 καταφανές.
991 3964 1245 4038 Εἱρηκὼς
1266 3966 1397 4038 γὰρ,
1429 3968 1489 4021 '0
1516 3969 1770 4038 ἄγγελος,

175 4054 279 4125 οὐχ
318 4054 502 4125 ἵστησι
546 4055 709 4129 μέχρι
754 4056 950 4110 τούτου
990 4057 1083 4111 τὸν
1131 4057 1309 4126 λόγον,
1360 4058 1497 4113 ἀλλὰ
1536 4062 1774 4133 προστέ-

177 4152 401 4205 θεικεν
443 4170 461 4201 ι
521 4153 582 4206 ὐ
631 4156 896 4226 ρυόμενός
944 4174 1013 4229 με
1060 4161 1126 4213 ὲκ
1170 4161 1390 4213 πάντων
1432 4159 1539 4213 τῶν
1584 4160 1774 4217 κακῶν

179 4259 308 4315 μου.
341 4263 361 4297 ι
393 4246 623 4316 Ἰδωμεν
653 4249 831 4303 τοίνυν
866 4254 931 4305 ὲκ
964 4252 1073 4305 τῶν
1104 4252 1272 4306 αὐτοῦ
1307 4255 1589 4324 ῥημάτων,
1619 4257 1668 4309 εί
1697 4257 1772 4328 μὴ

176 4338 207 4389 6
240 4336 377 4400 Θεὸς
402 4334 470 4410 ἦν
496 4341 524 4392 6
560 4341 823 4412 ῥυόμενος
856 4345 1043 4413 αὐτὸν,
1078 4346 1217 4401 ἀλλά
1260 4363 1345 4412 τις
1387 4348 1496 4402 τῶν
1525 4347 1771 4421 γενητῶν

175 4432 450 4500 ἀγγέλων.

1878 3308 2100 3379 angelus
2129 3308 2222 3379 qui
2256 3307 2453 3365 liberat
2486 3325 2572 3365 nte
2607 3310 2675 3365 ab
2694 3312 2948 3366 omnibus
3000 3314 3158 3369 malis
3188 3314 3320 3371 meis
3345 3356 3361 3384 ,
3411 3328 3470 3370 ut

1876 3386 2000 3456 cum
2028 3398 2273 3457 nominat
2296 3402 2485 3466 Deum,
2519 3401 2781 3475 intelligat
2824 3402 3046 3460 Patrem
3079 3424 3093 3460 :
3129 3423 3253 3461 cum
3294 3424 3467 3479 ange-

1876 3495 2026 3561 lum,
2084 3498 2406 3554 Vcrbutnex
2455 3497 2618 3554 Patre
2662 3484 2991 3570 signiticet.‘
3044 3504 3260 3577 Sciebat
3319 3508 3465 3559 cuitu

1877 3591 2058 3643 vocari
2093 3605 2287 3643 nomen
2314 3590 2451 3659 ejus,
2472 3592 2649 3660 magni
2692 3593 2908 3645 consilii
2941 3594 3174 3663 Angelus
3194 3594 3258 3648 9’.
3313 3597 3467 3662 Quod

1875 3694 2007 3733 vero
2028 3678 2194 3734 Jaeob
2226 3681 2297 3734 ibi
2315 3680 2513 3735 Filium
2541 3680 2851 3752 signiﬁcare
2869 3683 3119 3751 voluerit,
3153 3700 3257 3739 non
3284 3696 3464 3739 autem

1879 3771 2037 3825 talem
2064 3771 2339 3841 angelum,
2364 3774 2582 3840 qualem
2614 3776 2954 3827 consuetudo
2983 3785 3068 3828 est
3118 3791 3315 3830 vocare
3370 3794 3469 3830 an-

1878 3866 2085 3935 gelum,
2111 3866 2237 3918 inde
2267 3863 2616 3919 manifestum
2660 3875 2766 3921 est.
2812 3867 2946 3921 Cum
3004 3869 3171 3934 enim,
3220 3870 3465 3938 angelus,

1875 3956 2033 4017 dixit.
2070 3970 2176 4011 non
2211 3954 2358 4009 sistit
2386 3956 2439 4009 itt
2465 3969 2531 4008 eo
2556 3970 2889 4021 sermonem,
2920 3956 3014 4009 sed
3076 3956 3266 4009 addit:
3306 3974 3325 4008 ι
3362 3959 3464 4024 Qui

1878 4049 2077 4105 liberat
2109 4064 2197 4104 me
2219 4064 2287 4105 ex
2345 4050 2604 4104 omnibus
2668 4049 2826 4103 malis
2876 4049 3030 4103 meis.
3100 4068 3120 4101 ι
3176 4048 3468 4105 Videamus

1878 4142 2061 4211 itaque
2086 4155 2153 4195 ex
2183 4140 2356 4210 ipsius
2382 4139 2588 4205 verbis,
2623 4153 2691 4193 an
2748 4154 2852 4193 non
2907 4140 2976 4192 sit
3015 4138 3155 4193 Deus
3200 4140 3291 4210 qui
3340 4156 3463 4194 euut

1878 4234 2159 4289 liberate:
2191 4231 2447 4289 omnibus
2471 4232 2627 4288 malis
2673 4233 2811 4298 suis,
2842 4234 2936 4287 sed
2969 4232 3170 4303 aliquis
3196 4248 3263 4286 ex
3295 4247 3466 4302 auge-

1878 4329 1945 4383 lis
1970 4329 2197 4384 creatis.

191 4544 530 4632 Ἀπόδειξις
567 4547 833 4629 ἐφεξῆς.
859 4549 970 4632 ὅτι¹
995 4550 1143 4615 Θεὸς
1173 4546 1261 4632 ἧος
1295 4554 1329 4607 ὁ
1366 4554 1678 4632 ῥυόμενος
1704 4553 1772 4609 ἐκ

1884 4553 2289 4609 Demonstramr
2350 4551 2533 4632 Deum.
2568 4550 2737 4619 fuisse
2794 4549 2886 4632 qui
2932 4549 3172 4632 liberavit
3229 4550 3465 4618 patriar-

249 4616 499 4671 πάντων
524 4616 645 4671 τῶν⁴
679 4618 881 4673 κακῶν
910 4622 1018 4675 τὸν
1045 4616 1426 4693 πατριάρχήν
1466 4616 1697 4680 Ἰακώϐ.

250 4731 486 4799 Λέγεται
535 4732 798 4788 παλαῖσαι
849 4736 985 4807 πρὸς
1036 4736 1129 4791 τὸν
1168 4737 1517 4809 πατριάρχην
1573 4736 1769 4809 Ἰακὼβ

174 4824 429 4892 ἄγγελος,
482 4826 578 4879 καὶ
622 4828 782 4881 τοῦτο
833 4830 1013 4883 κεῖται
1062 4830 1216 4901 παρὰ
1262 4833 1330 4902 τῇ
1376 4830 1497 4903 θείᾳ
1552 4831 1764 4903 Γραφῇ.

189 4914 353 4968 Ἀλλά
391 4917 604 4988 συσχὼν
649 4919 814 4973 αὐτὸν
853 4922 883 4973 ὀ
918 4922 1072 4989 ἅγιος
1107 4920 1379 4989 ἔφασκεν
1421 4941 1438 4975 ι
1485 4924 1561 4976 Οὐ
1603 4926 1677 4994 μή
1710 4940 1767 4977 σε

175 5007 314 5070 ἀνῶ,
357 5008 453 5061 ἐὰν
491 5010 565 5080 μή
616 5028 682 5081 με
714 5011 1039 5083 εὐλογήσῃς.
1078 5033 1097 5065 ι
1135 5009 1245 5068 Ἦν
1288 5014 1345 5067 δὲ
1371 5007 1527 5079 οὗτος
1560 5016 1589 5068 6
1612 5016 1765 5079 Θεός.

173 5097 356 5151 Αὐτοῦ
404 5116 464 5151 τε
509 5100 604 5153 τοῦ
645 5103 986 5175 πατριάρχου
1028 5105 1254 5176 φέρεται
1294 5109 1479 5178 φωνή·
1542 5127 1561 5159 ι
1616 5103 1769 5161 Εἶδον

174 5190 312 5241 Θεὸν
348 5190 642 5261 πρόσωπον
692 5192 827 5262 πρὸς
867 5193 1181 5264 πρόσωπον.
1238 5214 1257 5247 ι
1309 5195 1511 5249 Τοῦτον
1561 5195 1651 5250 τὸν
1691 5197 1769 5260 ὼς

174 5282 408 5349 ἄγγελον
453 5282 603 5353 αὐτῷ
677 5283 909 5351 ὀφθέντα
979 5286 1282 5359 παρεκάλει
1338 5289 1451 5351 τοῖς
1516 5287 1764 5356 ἐκγόνοις

174 5371 493 5441 ἐπιπέμψαι
525 5372 623 5444 τὴν
659 5374 930 5441 εὐλογίαν.

606 5499 808 5561 ΑΛΛΟ,
849 5498 919 5551 ἐκ
961 5497 1078 5551 τῶν
1121 5499 1343 5553 αὐτῶν.

251 5612 434 5681 Ὠφθη
478 5611 557 5681 τῷ
597 5612 913 5685 πατριάρχη
957 5613 1162 5683 Κύριος
1196 5616 1224 5667 6
1258 5614 1411 5678 Θεὸς,
1454 5613 1529 5677 ὡς
1563 5613 1768 5684 γέγρα-

174 5718 331 5767 πται,
365 5704 457 5756 καὶ
492 5698 644 5756 εἶπεν
677 5704 859 5773 αὐτῷ·
904 5723 921 5754 ι
982 5704 1112 5758 Ἰδοὺ
1146 5705 1257 5774 ἐγὼ
1298 5706 1434 5775 μετὰ
1486 5704 1601 5769 σοῦ,
1644 5705 1766 5759 δια-

2196 4626 2346 4677 rltam
2376 4620 2544 4675 Jacob
2574 4638 2639 4675 ex
2662 4621 2901 4674 omnibus
2925 4622 3081 4673 ntuli:

1945 4738 2188 4807 Angelus
2225 4737 2461 4791 luctatus
2487 4748 2609 4789 esse
2637 4734 2837 4788 dicitur
2868 4748 2989 4787 cum
3020 4732 3329 4802 patriarcha
3369 4731 3461 4787 Ja-

1874 4832 1998 4895 cob,
2024 4832 2185 4900 idque
2216 4829 2395 4884 divina
2417 4828 2700 4896 Scriptura
2733 4836 2985 4880 testatur.
3014 4828 3084 4880 At
3110 4837 3335 4882 sanctus
3384 4843 3459 4879 re.

1874 4925 2053 4978 tinens
2078 4936 2226 4986 eum,
2253 4921 2425 4974 dixit:
2455 4938 2473 4971 ι
2512 4918 2629 4974 Νοιι
2658 4918 2927 4972 dimittant
2965 4930 3033 4983 te,
3065 4920 3164 4973 nisi
3198 4919 3328 4973 mihi
3370 4921 3465 4973 he-

1874 5013 2098 5069 nedicas
2119 5014 2185 5067 ".
2221 5032 2240 5065 ι
2300 5012 2429 5066 Erat
2462 5020 2642 5065 autem
2684 5013 2729 5065 is
2749 5012 2907 5066 Deus.
2943 5010 3097 5077 Quod
3156 5022 3212 5064 et
3290 5011 3460 5079 ipsius

1876 5106 2201 5174 patriarcha:
2224 5105 2386 5158 verba
2411 5104 2701 5159 ostendunt
2726 5105 2958 5157 dicentis
2988 5121 3000 5155 :
3030 5101 3151 5157 Vidi
3188 5102 3352 5155 Deum
3382 5106 3462 5155 ia-

1875 5199 1959 5251 eie
1993 5197 2059 5250 ad
2086 5197 2280 5251 faciem
2314 5196 2381 5249 ".
2418 5215 2437 5247 ι
2470 5196 2627 5251 Hunc
2671 5195 2855 5265 itaque
2883 5196 2975 5263 qui
3015 5205 3071 5250 ut
3105 5194 3328 5264 angelus
3358 5195 3459 5264 ipsi

1878 5292 2027 5345 \isus
2048 5302 2156 5356 cSl,
2185 5299 2339 5360 rogat
2368 5298 2427 5343 ut
2450 5290 2954 5359 puerishenedit'at.

2412 5492 2646 5561 ALIUD,
2665 5510 2729 5547 ea:
2756 5494 2963 5547 iisdem.

1946 5609 2112 5664 Visus
2128 5618 2211 5664 est
2242 5610 2572 5680 patriarcha:
2606 5610 2869 5667 Dominus
2903 5609 3066 5674 Deus,
3094 5616 3151 5662 ιιι
3193 5611 3456 5678 scriptum

1872 5714 1979 5767 est,
2014 5713 2067 5758 et
2097 5701 2238 5757 dixit
2269 5704 2357 5758 ei:
2394 5724 2412 5755 ι
2454 5703 2591 5758 Ecce
2620 5719 2719 5774 ego
2756 5704 2914 5774 117
2952 5714 3127 5758 tecum
3186 5718 3330 5767 sutn,
3362 5717 3459 5756 cu-

248 5880 295 5913 "
329 5878 464 5932 Gen.
496 5895 681 5941 sunt.
720 5881 806 5935 16.
886 5881 933 5913 ’³
976 5880 1079 5938 lsa.
1115 5897 1188 5941 ιχ.
1224 5880 1258 5934 6
1290 5897 1399 5935 sec.
1445 5880 1608 5935 LXX.
1686 5882 1730 5914 ”
1766 5890 1772 5929 t

1890 5922 1901 5935 .
1939 5898 2112 5944 xxxtt,
2147 5882 2343 5938 (ἐι-26.
2422 5884 2467 5915 ⁹⁸
2504 5881 2638 5936 lhid.
2666 5884 2756 5938 30.
