3882 6210
1188 278 1204 303 υ

418 345 522 398 195

1406 349 1463 405 S.
1505 348 1781 406 CYRILLI
1820 351 2286 410 ALEXANDRINI
2326 356 2647 414 ARCIIIEP.

3574 371 3673 426 196

414 458 658 515 stodiens
694 470 744 513 te
780 461 832 514 in
861 461 943 515 vis
974 478 1298 534 quocunque
1337 467 1463 519 ieris
1493 467 1561 519 ".
1604 486 1624 518 ι
1658 467 1798 522 Deus
1830 468 1982 538 igitut

2095 470 2383 539 φυλάσσων
2419 490 2476 526 σε
2531 476 2589 529 ὲν
2622 479 2687 547 τῇ
2713 477 2817 548 ὀδῷ
2848 475 2911 533 οὗ
2945 479 3041 533 ἐὰν
3084 480 3376 552 πορευθῇς.
3415 500 3433 533 t
3465 484 3673 536 Οὐκοῦν

414 561 532 604 erat
564 553 655 620 qui
688 552 954 618 liberavit,
981 572 1087 609 non
1122 559 1371 626 angelus.
1414 557 1480 612 Et
1508 575 1698 614 rursus
1736 579 1749 615 :
1776 562 1995 630 quando

415 640 594 696 Laltau
621 656 939 711 persecutus
962 657 1043 699 est
1068 644 1235 701 Jacoh
1264 657 1316 700 et
1363 650 1794 716 comprehendit,
1868 662 1995 707 tunc

413 746 627 799 quoque
654 731 795 787 Deus
820 736 1093 804 prohibuit
1135 738 1473 801 violentiam,
1506 756 1613 793 non
1674 742 1995 809 permittens

414 823 612 893 alloqui
636 823 825 880 Jacob.
853 827 1005 893 Quod
1048 841 1227 883 autem
1262 830 1405 885 Deus
1464 833 1577 886 haec
1629 834 1701 887 illi
1740 835 1996 903 prastite-

414 913 505 981 rit,
543 916 770 980 ipsemet
804 921 1322 972 testaturuxoribus
1372 921 1486 974 suis
1528 921 1761 978 dicens:
1816 943 1834 977 ι
1876 923 1992 980 Non

411 1005 558 1059 dedit
590 1005 729 1061 Deus
751 1019 1081 1076 potestatem
1103 1010 1285 1065 Laban
1318 1013 1693 1069 malefaciendi
1726 1019 1854 1072 milti
1886 1021 1987 1074 π.»

412 1092 622 1149 Rursus
653 1112 776 1151 cum
802 1096 971 1153 l'raler
1002 1099 1144 1153 Esau
1178 1101 1275 1171 ipsi
1314 1102 1684 1171 insidiaretur,
1710 1124 1816 1164 non
1843 1111 1995 1166 invo-

409 1188 556 1242 cavit
585 1188 857 1257 angelum,
890 1191 985 1244 sed
1010 1190 1199 1256 Deum,
1224 1193 1436 1247 dicens:
1467 1213 1486 1246 ι
1525 1195 1685 1266 Eripe
1750 1216 1856 1267 me,
1887 1202 1994 1257 Do.

410 1279 577 1343 mine,
611 1282 678 1333 de
721 1295 884 1335 manu
918 1280 1105 1336 fratris
1144 1283 1246 1337 mei
1278 1282 1443 1349 Esau,
1498 1289 1625 1355 quia
1662 1289 1826 1346 timeo
1904 1292 1991 1364 ip-

408 1384 526 1423 stttu
556 1369 623 1423 ".

409 1586 641 1652 ALIUD,
684 1606 777 1657 per
832 1590 1355 1677 demonstrationem,
1400 1599 1543 1665 quod
1608 1596 1833 1655 Verbum
1866 1601 1989 1670 Dei,

923 1680 1117 1729 spectes
1148 1681 1312 1731 tpstus
1338 1677 1437 1723 est.

475 1792 739 1848 Servator
767 1796 961 1851 alicubi
1001 1799 1065 1850 ad
1088 1797 1302 1853 Judzeos
1323 1801 1607 1857 admodum
1631 1805 1982 1865 refractarios

2159 1823 2321 1890 Λέγει
2376 1836 2479 1874 που
2532 1824 2665 1894 πρὸς

403 1883 563 1938 dicit:
599 1902 618 1934 ι
660 1883 759 1949 Qui
786 1901 872 1939 tne
908 1887 1050 1939 misit
1076 1884 1261 1951 Pater,
1306 1889 1397 1943 ille
1429 1892 1797 1949 testimonium
1857 1913 1979 1966 per-

404 1970 578 2025 hibuit
647 1972 716 2025 tle
775 1987 884 2037 me,
951 1975 1104 2042 cujus
1153 1991 1340 2032 vocem
1424 1996 1523 2036 nec
1574 1997 1668 2037 vos
1753 2001 1987 2058 unquant

402 2062 654 2128 audistis,
679 2078 853 2132 neque
870 2068 1105 2134 speciem
1128 2068 1246 2137 ejus
1271 2071 1504 2138 vidistis,
1525 2084 1578 2128 et
1611 2077 1836 2132 verbum
1872 2081 1989 2147 ejus

402 2172 505 2209 non
541 2155 749 2211 habetis
792 2172 1014 2213 manens
1050 2162 1101 2213 itt
1132 2164 1322 2216 vobis:
1369 2166 1494 2234 quia
1527 2182 1688 2235 quem
1745 2169 1833 2225 ille
1888 2172 1990 2226 ttti-

399 2253 490 2315 sit,
550 2249 676 2304 huic
733 2266 831 2306 vos
864 2269 969 2307 nou
1029 2257 1275 2311 creditis.
1316 2278 1338 2310 ο
1381 2260 1515 2326 Quia
1549 2262 1713 2332 igitur
1744 2280 1987 2321 nouere-

397 2340 850 2395 dideruntVerbo
873 2358 937 2396 ex
976 2344 1134 2399 Patre
1169 2347 1356 2409 misso,
1399 2351 1657 2405 dicuntur
1682 2369 1859 2424 neque
1891 2372 1988 2410 vo-

396 2448 514 2485 rem
541 2432 639 2487 Dei
667 2434 911 2499 audisse,
969 2452 1143 2505 neque
1190 2440 1423 2508 speciem
1460 2441 1578 2512 ejus
1616 2460 1848 2515 unquam
1908 2449 1988 2502 vi-

397 2525 660 2589 disse,setl
684 2541 860 2595 neque
894 2526 1094 2583 habere
1131 2531 1442 2587 inhabitans
1475 2534 1526 2588 iu
1569 2537 1703 2606 ipsis
1738 2541 1983 2597 verbum.

396 2614 560 2683 Atqui
638 2614 986 2671 manifestum
1042 2617 1145 2673 hoc
1192 2621 1559 2693 omnibusque
1635 2629 1982 2696 perspicuum

396 2720 518 2759 esse
546 2714 743 2776 potest,
784 2708 829 2762 si
856 2709 1198 2778 recepissent
1257 2727 1379 2767 eum
1438 2715 1531 2785 qui
1594 2718 1789 2773 missus
1844 2731 1984 2784 erat,

398 2812 583 2851 vocem
607 2814 826 2868 quoque
864 2799 955 2855 Dei
988 2803 1293 2869 audissent,
1323 2813 1378 2859 et
1409 2808 1642 2876 speciem
1674 2808 1789 2875 ejus
1818 2812 1985 2867 vidis-

408 2895 554 2951 sent,
576 2896 629 2940 et
652 2887 969 2943 habuissent
990 2890 1297 2947 inhabitans
1323 2893 1378 2948 in
1405 2895 1533 2964 ipsis
1570 2896 1834 2952 Verbum.
1860 2900 1982 2956 lltec

397 2977 560 3045 igitur
601 2980 781 3033 omnia
814 2991 898 3035 est
920 2980 1090 3037 Filius
1121 2998 1136 3036 :
1201 2986 1459 3041 nimirum
1491 3004 1616 3055 vox,
1665 2993 1895 3059 species.
1928 3005 1981 3048 et

402 3067 637 3124 Verbum
679 3071 879 3127 Patris.
917 3073 972 3128 Si
1005 3084 1185 3129 autem
1208 3078 1416 3150 species
1441 3089 1546 3147 est,
1580 3092 1728 3136 certe
1757 3096 1810 3137 et
1848 3085 1982 3138 inta-

2095 564 2225 627 Θεὸς
2251 560 2317 636 ἦν
2345 568 2372 618 6
2408 568 2688 638 ῥυόμενος,
2716 573 2811 624 καὶ
2833 574 2933 626 οὐκ
2955 572 3204 641 ἄγγελος.
3236 575 3346 627 Καὶ
3375 575 3561 640 πάλιν,
3583 577 3669 628 ὅτε

2094 657 2280 709 Λάἧαν
2326 658 2616 725 κατεδίωξε
2668 662 2759 714 τὸν
2819 663 3011 717 Ἰακὼϐ
3052 667 3147 718 καὶ
3186 665 3487 725 κατέλαϐε.
3550 667 3669 719 τότε

2095 749 2258 801 πάλιν
2288 750 2421 815 Θεὸς
2460 752 2739 807 κεκώλυκε
2770 754 2867 825 τὴν
2899 758 3184 826 ἐπήρειαν,
3212 760 3274 809 οὐ
3309 760 3671 829 συγχωρήσας
3708 822 3711 823 ν

2092 838 2322 910 λαλῆσαι
2345 845 2564 913 ῥήματα
2593 845 2729 914 πρὸς
2754 846 2845 898 τὸν
2880 846 3093 902 Ἰακώϐ.
3130 848 3248 902 Ὅτι
3274 848 3328 901 δὲ
3357 850 3490 912 θεὸς
3522 849 3673 919 αὐτῷ

2093 932 2188 983 καὶ
2221 930 2379 985 τοῦτο
2406 933 2684 1003 ἐξήνυσεν,
2721 937 2885 999 αὐτὸς
2913 938 3063 992 ἔσται
3099 939 3307 1009 μάρτυς
3341 940 3514 1007 λέγων
3536 942 3670 1012 πρὸς

2092 1024 2190 1084 τὰς
2226 1023 2420 1077 ἑαυτοῦ
2460 1029 2725 1092 γυναῖκας
2747 1045 2761 1058 ·
2803 1048 2819 1078 ι
2861 1030 2975 1081 Οὐκ
3014 1030 3211 1083 ἔδωκεν
3238 1032 3267 1083 6
3292 1032 3425 1094 Θεὸς
3456 1032 3531 1101 τῷ
3561 1034 3669 1085 Λά-

2093 1114 2194 1168 δαν
2240 1117 2610 1185 κακοποιῆσαί
2657 1136 2742 1187 με.
2788 1137 2805 1169 ι
2840 1121 2947 1172 Καὶ
2988 1120 3146 1174 πάλιν
3193 1120 3671 1188 ἐπιϐουλευόμενος

2093 1208 2243 1277 παρὰ
2287 1209 2379 1261 τοῦ
2423 1210 2653 1277 ἀδελφοῦ
2697 1212 2888 1272 Ἡσαῦ,
2922 1213 3021 1265 οὐκ
3060 1212 3293 1280 ἄγγελον
3329 1215 3671 1278 ἐπεκαλεῖτο,

2092 1302 2229 1357 ἀλλὰ
2260 1302 2391 1356 Θεὸν
2437 1305 2734 1373 παρεκάλει
2767 1304 2935 1373 βοῶν’
2990 1326 3009 1357 ι
3072 1304 3287 1371 Ἐξελοῦ
3331 1325 3420 1376 με,
3474 1308 3670 1379 Κύριε,

2092 1395 2154 1446 ὲκ
2210 1394 2393 1463 χειρὸς
2440 1393 2536 1447 τοῦ
2582 1392 2811 1463 ἀδελφοῦ
2863 1412 2965 1464 μου
3013 1395 3204 1462 Ἠσαῦ,
3259 1396 3343 1448 ὅτι
3394 1395 3671 1464 φοϐοῦμαι

2092 1486 2277 1537 αὐτόν.
2325 1504 2343 1536 ι

2093 1620 2294 1683 amo,
2335 1606 2779 1690 ἀάοδεικηκὼς,
2818 1620 2907 1673 ἔτι
2949 1624 2982 1673 δ
3027 1622 3215 1690 Λόγος
3258 1623 3364 1676 τοῦ
3403 1623 3572 1689 Θεοῦ,
3607 1624 3675 1676 τὸ

2575 1684 2746 1757 εἶδος-⁷
2766 1692 2954 1744 αὐτοῦ
2982 1684 3172 1745 eam».

2725 1824 3015 1888 Ἰουδαίους
3062 1825 3183 1879 λίαν
3236 1826 3597 1892 ἀπειθοῦντας
3642 1830 3673 1881 6

2096 1916 2286 1985 Σωτήρ
2305 1933 2319 1946 ο
2348 1935 2366 1966 ι
2406 1916 2464 1966 '0
2483 1915 2701 1985 πέμψας
2726 1932 2791 1986 με
2815 1917 3022 1987 Πατὴρ,
3048 1919 3252 1982 ἐκεῖνος
3280 1920 3673 1992 μεμαρτύρηκε

2092 2008 2222 2078 περὶ
2245 2006 2401 2078 ἐμοῦ,
2435 2006 2559 2060 οὔτε
2592 2011 2775 2077 φωνὴν
2804 2008 2965 2062 αὑτοῦ
2990 2011 3258 2079 ἀκηκόατε
3290 2009 3529 2074 πώποτε,
3548 2011 3673 2064 οὔτε

2092 2094 2230 2163 εἶδος
2257 2099 2422 2152 αὑτοῦ
2457 2099 2763 2169 ἑωράκατε,
2789 2101 2883 2153 καὶ
2906 2101 2996 2153 τὸν
3018 2102 3175 2170 λόγον
3198 2102 3364 2155 αὐτοῦ
3388 2104 3489 2156 οὐκ
3517 2102 3671 2174 ἔχετε

2091 2193 2149 2244 ὲν
2187 2193 2315 2261 ὑμῖν
2360 2192 2614 2261 μένοντα,
2646 2191 2728 2243 ὅτι
2759 2191 2818 2244 ὃν
2864 2193 3185 2246 ἀπέστειλεν
3218 2195 3446 2253 ἐκεῖνος.
3495 2195 3672 2263 τούτῳ

2091 2286 2252 2355 ὑμεῖς
2281 2286 2341 2337 οὐ
2382 2285 2690 2338 πιστεύετε.
2730 2303 2750 2336 ι
2787 2285 2980 2338 Τοίνυν
3012 2286 3093 2339 ὅτι
3137 2288 3214 2358 μὴ
3263 2287 3671 2340 πεπιστεύκασι

2087 2377 2166 2448 τῷ
2199 2378 2264 2431 ὲκ
2294 2377 2388 2431 τοῦ
2420 2377 2633 2448 Πατρὺς
2671 2378 3030 2430 ἀποσταλέντι
3056 2379 3231 2448 Λόγῳ,
3264 2377 3387 2431 οὕτε
3424 2379 3523 2448 τῆς
3561 2396 3671 2445 φω-

2088 2471 2187 2540 νῆς
2218 2470 2511 2539 ἀκηκοέναι
2554 2470 2798 2539 λέγονται
2824 2469 2918 2523 τοῦ
2947 2468 3105 2530 Θεοῦ,
3145 2467 3269 2522 οὔτε
3306 2468 3413 2538 μὴν
3439 2468 3502 2520 τὸ
3530 2463 3670 2533 εἶδος

2088 2560 2253 2615 αὐτοῦ
2286 2561 2573 2614 τεθεᾶσθαι
2620 2561 2861 2621 πώποτε,
2894 2560 3006 2613 ἀλλ’
3040 2559 3161 2613 οὔτε
3213 2560 3356 2629 ἔχειν
3386 2564 3443 2612 ὲν
3486 2560 3669 2622 αὐτοῖς

2089 2650 2403 2704 ἐνοικοῦντα
2436 2651 2527 2703 τὸν
2559 2651 2737 2719 λόγον.
2774 2651 2930 2702 Ἐστι
2962 2650 3025 2719 δὴ
3069 2650 3253 2702 λοιπὸν
3291 2650 3463 2701 ἅπασι
3496 2650 3669 2717 σαφὲς

2088 2744 2183 2795 καὶ
2212 2742 2560 2803 εὐσύνοπτον,
2592 2744 2805 2810 ὅτιπερ,
2838 2744 2884 2792 εί
2915 2741 3163 2804 ἐδέξαντο
3192 2740 3281 2792 τὸν
3315 2738 3667 2808 ἀπεσταλμέ-

2086 2849 2195 2893 νον,
2227 2832 2467 2901 ήκουσαν
2497 2829 2563 2883 ἂν
2597 2830 2691 2882 καὶ
2724 2829 2820 2898 τῆς
2860 2828 3044 2897 φωνῆς
3066 2828 3159 2880 τοῦ
3195 2827 3350 2891 Θεοῦ,
3384 2829 3476 2879 καὶ
3506 2827 3568 2879 τὸ
3595 2822 3669 2879 εῐο

2083 2924 2171 2985 δος
2198 2924 2491 2977 ἐθεάσαντο
2520 2923 2702 2985 αὐτοῦ,
2731 2924 2823 2974 καὶ
2850 2918 2994 2991 εἶχον
3015 2921 3323 2974 ἐνοικοῦντα
3355 2920 3446 2974 τὸν
3468 2922 3663 2988 Λόγον.

2085 3010 2270 3062 Ταῦτα
2318 3011 2495 3063 τοίνυν
2533 3010 2709 3063 πάντα
2751 3012 2896 3063 ἐστὶν
2929 3014 2957 3064 6
3002 3010 3148 3074 Υίὸς,
3182 3012 3332 3079 φωνὴ
3378 3010 3473 3063 καὶ
3502 3006 3663 3075 εἶδος,

2084 3104 2178 3154 καὶ
2208 3103 2377 3169 Λόγος
2419 3100 2514 3154 τοῦ
2555 3101 2786 3172 Πατρός.
2825 3103 2887 3155 Ei
2922 3103 2978 3154 δὲ
3022 3097 3160 3165 εἶδός
3203 3103 3338 3164 ἐστι,
3378 3101 3539 3169 δῆλον
3584 3103 3667 3155 ὃτι

395 3177 484 3230 go,
513 3170 567 3216 et
594 3162 892 3218 character
918 3174 999 3220 est
1026 3166 1066 3221 ί.
1096 3166 1312 3224 llabens
1335 3169 1520 3239 itaque
1580 3182 1639 3225 ut
1694 3174 1979 3229 character

2088 3193 2173 3245 καὶ
2206 3192 2369 3245 εἰκὼν
2399 3194 2495 3245 καὶ
2537 3197 2843 3264 χαρακτήρ.
2901 3194 3083 3263 Ἰιῖχων
3121 3189 3214 3248 οὖν
3257 3194 3332 3256 ὡς
3376 3194 3667 3264 χαρακτὴρ

397 3252 450 3304 in
479 3266 539 3305 se
568 3252 894 3307 naturaliter
937 3256 1319 3326 archetypum,
1374 3260 1489 3313 sive
1539 3262 1818 3331 exemplar
1864 3264 1981 3333 ejus

395 3341 553 3410 cujus
584 3352 669 3397 est
693 3345 1000 3409 character,
1038 3361 1164 3403 vere
1204 3350 1373 3408 dicit:
1417 3370 1435 3403 ι
1471 3351 1581 3421 Ego
1612 3355 1664 3410 itt
1717 3355 1898 3422 Patre,
1926 3368 1999 3412 et'

396 3435 558 3490 Pater
590 3437 643 3490 iu
679 3452 766 3492 me
798 3438 843 3505 ²;
892 3457 910 3490 ι
967 3447 1043 3504 et,
1089 3458 1108 3492 ι
1165 3438 1278 3512 Ego
1340 3452 1395 3499 et
1448 3444 1611 3501 Pater
1663 3463 1828 3502 unum
1883 3464 1979 3504 su-

398 3542 518 3582 mus
556 3528 597 3583 ³.
636 3547 655 3579 ι

465 3656 697 3725 ALIUD,
732 3664 1005 3717 ostendens
1027 3666 1174 3788 τικοῖ
1197 3665 1419 3749 Verbum
1462 3681 1675 3725 vocetur
1712 3674 1910 3740 species

1175 3754 1247 3788 et.
1570 3766 1575 3771 ~

1148 3740 1223 3791 Dei
1232 3777 1247 3791 .
1570 3766 1575 3771 υ

469 3840 785 3896 Patriarcha
809 3841 978 3898 Jacoh
1004 3849 1426 3915 cognominatus
1462 3850 1567 3905 fuit
1603 3853 1896 3921 aliquando
1946 3869 1975 3908 a

396 3932 508 3988 Deo
537 3932 727 3987 Israel.
786 3955 804 3987 ι
844 3935 1003 4001 Nam,
1030 3948 1087 3990 ttt
1118 3940 1293 4008 inquit
1322 3941 1626 4011 Scriptura,
1647 3957 1871 3999 exortus
1895 3957 1979 4001 est

400 4026 449 4077 ei
495 4027 573 4079 sol
601 4028 818 4095 quando
848 4030 1096 4082 transivit
1115 4033 1325 4098 species
1352 4031 1441 4087 Dei
1469 4034 1511 4088 δ.
1551 4053 1571 4087 ι
1604 4033 1824 4104 Species
1884 4052 1978 4091 au-

397 4128 504 4171 tent
535 4117 633 4173 Dei
663 4120 919 4187 quidnam
957 4122 1098 4176 aliud
1126 4124 1217 4185 sit,
1246 4139 1406 4192 quam
1452 4126 1497 4179 is
1515 4127 1604 4195 qui
1645 4128 1811 4182 libere
1863 4131 1975 4182 cla-

396 4219 545 4262 mat:
577 4228 595 4261 ι
625 4212 726 4276 Qtti
766 4213 897 4264 vidit
924 4230 1029 4276 me,
1067 4215 1196 4267 vidit
1222 4224 1276 4269 et
1303 4214 1518 4271 Patrem
1544 4218 1586 4272 ⁸.
1654 4218 1765 4288 Ego
1796 4221 1848 4273 in
1878 4220 1976 4274 Pa-

393 4307 495 4362 αθ,
517 4312 569 4354 et
605 4302 761 4357 l’ater
783 4305 836 4356 in
880 4320 999 4371 me;
1041 4324 1058 4356 ι
1092 4316 1167 4371 et,
1193 4326 1210 4358 ι
1248 4307 1358 4378 ligo
1390 4321 1444 4364 et
1480 4308 1640 4365 Pater
1672 4328 1835 4367 unutn
1884 4329 1977 4368 su-

394 4394 559 4447 tnus?
604 4414 623 4447 ι

536 4590 863 4660 Objection“
885 4596 1110 4648 uestium
1143 4594 1340 4651 Christi
1360 4598 1526 4667 pleme
1548 4602 1831 4670 impietate.

463 4800 740 4854 servator,
781 4792 1051 4863 inquiunt,
1082 4797 1197 4867 ipse
1227 4799 1438 4854 l’atrem
1468 4817 1624 4856 suum
1680 4820 1777 4874 pro
1814 4806 1975 4862 disci-

391 4883 532 4949 pulis
563 4883 696 4943 suis,
728 4900 933 4954 proque
958 4888 1227 4943 universis
1256 4894 1345 4958 qui
1374 4894 1535 4963 118
1564 4897 1615 4948 itt
1648 4896 1818 4963 ipsum
1849 4912 1971 4953 cre-

391 4975 545 5037 dunt,
572 4985 711 5039 orat,
764 4977 833 5028 ita
882 4979 1065 5033 dict-us
1100 4998 1111 5032 :
1161 4999 1180 5031 ι
1226 4980 1382 5035 Pater
1407 4996 1613 5049 sancte,
1638 4989 1844 5042 custodi
1875 5005 1971 5044 eos

393 5064 445 5115 in
507 5064 723 5119 nomine
779 5077 869 5121 tuo
918 5084 1057 5135 unus
1106 5073 1298 5125 dedisti
1360 5074 1514 5140 tnihi,
1551 5077 1742 5131 tttsiut
1803 5095 1969 5133 unum

390 5156 603 5210 sicutet
633 5172 730 5212 nos
770 5160 811 5214 ⁸.
852 5179 870 5211 ι
909 5159 972 5213 Et
998 5164 1154 5229 paulo
1188 5175 1349 5234 post:
1388 5186 1406 5218 ι
1443 5166 1555 5223 Nec
1581 5185 1679 5239 pro
1729 5172 1846 5227 istis
1876 5188 1966 5228 so-
2004 5232 2005 5235 η

392 5245 456 5300 lis
487 5262 640 5315 rogo.
664 5250 758 5304 st-d
777 5254 940 5306 etiatn
972 5270 1071 5323 pro
1133 5258 1480 5314 credentibus
1514 5277 1607 5331 per
1658 5278 1965 5320 sermonem

387 5339 646 5392 eurumiu
680 5356 802 5395 tne:
835 5353 886 5394 ut
910 5360 1101 5398 omnes
1133 5362 1297 5401 ttuttut
1329 5352 1459 5415 sint,
1499 5355 1639 5406 sicut
1675 5363 1751 5417 tu,
1787 5354 1965 5420 Pater,

391 5426 442 5478 iu
476 5444 581 5491 ttte,
599 5440 654 5483 et
691 5448 789 5501 ego
819 5435 870 5487 in
893 5446 965 5503 te,
999 5448 1056 5491 ttt
1087 5450 1140 5492 et
1171 5441 1268 5510 ipsi
1317 5443 1368 5497 itt
1394 5444 1548 5500 nobis
1600 5462 1772 5500 unttm
1807 5449 1957 5515 sint;

389 5528 447 5570 ut
476 5522 708 5577 tntnnlus
724 5528 907 5580 credat
940 5534 1082 5597 quod
1120 5543 1173 5585 ttt
1224 5549 1311 5587 tne
1351 5535 1567 5591 tnislsti.
1603 5538 1669 5592 Et
1715 5552 1817 5607 ego
1848 5540 1963 5610 glo-

466 5693 509 5727 ⁸⁸
535 5697 893 5781 βιειικχξνιιι,
929 5706 1037 5781 "2.5L
1097 5708 1140 5739 ⁸⁷
1176 5710 1313 5781 Gt-n.
1354 5727 1499 5777 χιιι,
1540 5714 1590 5768 7.
1666 5714 1712 5745 ’³
1742 5713 1879 5769 Gen.
1909 5732 2082 5781 xmt,
2130 5721 2211 5773 ll.

2084 3284 2226 3337 κατὰ
2279 3283 2443 3349 φύσιν
2486 3284 2543 3334 ὲν
2578 3284 2756 3353 ἑαυτῷ
2787 3284 2849 3336 τὸ
2894 3285 3267 3355 πρωτότυπον,
3299 3277 3360 3337 οὗ
3406 3285 3501 3337 καὶ
3549 3285 3666 3337 ἔστι

2082 3374 2393 3444 χαρακτὴρ,
2424 3373 2715 3443 ἀληθεύσει
2748 3374 2963 3443 λέγων·
2999 3394 3017 3427 ι
3061 3375 3202 3443 Ἐγὼ
3248 3378 3304 3429 ὲν
3347 3374 3425 3445 τῷ
3464 3376 3663 3446 Πατρὶ,

2082 3466 2176 3518 καὶ
2205 3466 2234 3517 6
2261 3465 2452 3537 Πατὴρ
2481 3468 2538 3519 ὲν
2570 3466 2725 3537 ἐμοί’
2766 3486 2784 3519 ι
2823 3468 2940 3534 καὶ,
2973 3486 2992 3519 ι
3040 3467 3182 3535 Ἐγὼ
3208 3469 3301 3521 καὶ
3334 3469 3363 3520 ὁ
3389 3469 3578 3538 Πατὴρ
3605 3468 3667 3522 ’ἐν

2081 3558 2270 3627 ἐσμεν.
2319 3576 2338 3608 ο

2080 3691 2287 3755 ΔΛΛΟ,
2352 3690 2654 3759 σημαῖνον
2714 3686 3035 3829 signa
3106 3688 3254 3743 Θεοῦ
3309 3689 3577 3743 καλεῖται
3630 3691 3667 3741 ὁ

2895 3778 2984 3826 ος.

2895 3778 2984 3826 ος.

2165 3872 2224 3927 '0
2272 3873 2618 3945 πατριάρχης
2676 3871 2868 3925 Ἰακὼό
2919 3871 3314 3943 μετωνομάσθη
3368 3872 3520 3941 παρὰ
3566 3869 3663 3923 τοῦ

2080 3965 2215 4019 Θεοῦ
2256 3968 2351 4019 καὶ
2380 3966 2640 4037 κέκληται
2686 3966 2829 4019 κατά
2864 3982 2985 4018 τινα
3023 3966 3214 4036 χρόνον
3271 3964 3507 4033 Ἰσραὴλ,
3549 3963 3664 4024 ὅτε,

2080 4058 2226 4112 καθά
2246 4075 2411 4127 φησιν
2433 4060 2466 4129 ὴ
2494 4057 2615 4110 θεία
2637 4056 2848 4127 Γραςιςὴ,
2886 4075 2904 4107 ι
2945 4054 3241 4109 Ἀνέτειλεν
3268 4053 3416 4124 αὐτῷ
3440 4057 3468 4107 6
3488 4053 3661 4124 ἣλιος,

2083 4152 2246 4222 ἡνίκα
2277 4148 2525 4220 παρῆλθε
2556 4151 2616 4202 τὸ
2646 4146 2782 4213 εἶδος
2808 4148 2903 4202 τοῦ
2933 4147 3089 4201 Θεοῦ.
3130 4166 3149 4199 t
3184 4142 3333 4209 Εἶδος
3359 4146 3415 4198 δὲ
3447 4145 3583 4198 θεοῦ
3610 4144 3664 4197 τί

2081 4243 2149 4296 ἂν
2200 4243 2387 4313 ἕτερον
2436 4241 2545 4311 εἴη,
2603 4244 2651 4294 εί
2701 4241 2776 4313 μὴ
2823 4241 3038 4302 πάντως
3086 4242 3113 4293 6
3164 4239 3302 4309 μετὰ
3348 4238 3662 4309 παρρησίας

2080 4333 2259 4404 βοῶν·
2316 4352 2334 4384 ι
2406 4334 2463 4387 Ὀ
2522 4332 2786 4404 ἑωρακὼς
2819 4332 2941 4403 ἐμὲ,
2996 4332 3207 4402 ἑώρακε
3265 4332 3353 4383 τὸν
3418 4332 3658 4399 Πατέρα.

2091 4426 2233 4495 Ἐγὼ
2273 4427 2332 4479 ἐν
2376 4426 2454 4496 τῷ
2496 4428 2693 4496 Πατρὶ,
2730 4426 2823 4479 καὶ
2867 4428 2895 4479 6
2942 4424 3130 4495 Πατὴρ
3172 4425 3229 4477 ὲν
3270 4424 3426 4475 ὲιιοί·
3475 4442 3493 4474 ο
3542 4424 3662 4491 καὶ,

2090 4535 2108 4566 ι
2156 4514 2294 4583 Ἐγὼ
2319 4516 2412 4568 καὶ
2434 4516 2462 4567 ὁ
2495 4514 2679 4586 Πατὴρ
2702 4515 2761 4567 ἓν
2793 4515 2996 4585 ὲσμεν;
3045 4532 3063 4564 ι

2011 4601 2052 4657 D
2091 4629 2421 4693 Ἀντίθεσις
2468 4627 2548 4693 ὡς
2592 4626 2710 4681 ἀπὸ
2760 4625 2880 4679 τῶν
2908 4622 3343 4707 χριστομύχων,
3379 4620 3663 4685 ἀσεϐείας

2780 4713 2993 4762 usam.

2146 4815 2498 4889 Εὑρίσκεται,
2556 4816 2744 4885 φασὶν,
2780 4817 2943 4878 αὐτὸς
2997 4815 3027 4867 6
3074 4813 3264 4882 Σωτὴρ
3313 4811 3404 4862 τὸν
3458 4807 3657 4862 ἑαυτοῦ

2076 4908 2296 4977 Πατέρα
2346 4909 2679 4980 παρακαλῶν
2713 4909 2854 4978 ὑπὲρ
2892 4925 2949 4959 τε
2967 4907 3077 4959 τῶν
3129 4904 3322 4959 ἑαυτοῦ
3370 4904 3658 4974 μαθητῶν,

2076 5000 2173 5051 καὶ
2201 5000 2340 5070 ὑπὲρ
2397 5001 2614 5053 πάντων
2642 4999 2748 5053 τῶν
2771 5000 2851 5063 εἰς
2887 4999 3049 5052 αὑτὸν
3080 4998 3542 5059 πεπιστευκότων,
3563 4998 3658 5048 καὶ

2074 5086 2217 5139 οὕτω
2262 5088 2467 5156 λέγων·
2516 5110 2534 5141 ι
2574 5089 2754 5160 Πάτερ
2783 5088 2927 5156 ἅγιε,
2960 5090 3197 5159 τήρησον
3241 5087 3437 5148 αὐτοὺς
3486 5089 3542 5137 ἐν
3578 5085 3657 5155 τῷ

2073 5178 2297 5247 ὀνόματί
2347 5197 2464 5244 σου,
2511 5180 2605 5244 οὓς
2643 5180 2879 5243 δέδωκάς
2916 5196 3027 5250 μοι,
3077 5180 3164 5233 ἵνα
3194 5172 3327 5230 ὦσιν
3368 5178 3425 5229 ἓν
3470 5176 3653 5238 καθὼς

2071 5272 2166 5323 καὶ
2192 5271 2371 5341 ἡμεῖς.
2411 5291 2428 5321 ι
2467 5273 2578 5328 Καὶ
2607 5273 2725 5343 μεθ’
2760 5273 2919 5344 ἕτερα
2943 5290 2956 5303 ⁸
3005 5291 3024 5322 ι
3073 5273 3147 5325 Οὐ
3181 5273 3310 5342 περὶ
3348 5270 3554 5322 τούτων
3596 5268 3653 5319 δὲ

2074 5363 2254 5433 μόνων
2288 5364 2497 5435 ἐρωτῶ,
2542 5365 2677 5419 ἀλλὰ
2708 5366 2802 5418 καὶ
2852 5365 2977 5435 περὶ
3006 5364 3115 5418 τῶν
3160 5364 3525 5417 πιστευόντων
3562 5362 3651 5413 διὰ

2069 5451 2164 5506 τοῦ
2204 5451 2365 5520 λόγου
2392 5455 2571 5507 αὐτῶν
2607 5456 2685 5519 είς
2715 5455 2815 5526 ἐμέ
2836 5472 2850 5485 ⁸
2885 5455 2973 5510 ἵνα
3010 5456 3208 5517 πάντες
3230 5454 3285 5506 ἓν
3313 5447 3435 5516 ὦσι,
3465 5452 3651 5514 καθὼς

2070 5543 2158 5608 σὺ,
2200 5544 2409 5616 Πατὴρ,
2452 5546 2510 5598 ὲν
2538 5546 2682 5617 ἐμοὶ,
2719 5546 2872 5616 κάγὼ
2906 5549 2965 5601 ὲν
3000 5548 3101 5605 σοὶ.
3148 5547 3233 5600 ἵνα
3274 5546 3369 5599 καὶ
3408 5545 3563 5599 αὐτοὶ
3591 5545 3651 5594 ὲν

3442 5725 3461 5755 ³
3486 5721 3645 5777 «Ιοιιιι.

2314 5722 2358 5752 ”
2386 5720 2543 5775 Jttau.
2578 5738 2630 5781 ν,
2662 5722 2750 5777 37.
2779 5722 2868 5776 '58.
2985 5726 2998 5754 ¹
3039 5722 3199 5779 Hebr.
3232 5742 3269 5789 ι,
3308 5725 3360 5780 5.

387 5781 501 5834 xw,
534 5770 615 5824 ll.
690 5773 712 5802 ’³
740 5773 891 5827 Joau.
927 5794 976 5835 κ,
1011 5778 1099 5830 δυ.
1179 5780 1196 5810 "
1226 5781 1360 5835 Gen.
1398 5770 1566 5851 uin,
1601 5785 1690 5839 51.
1769 5787 1788 5816 ⁸
1818 5784 1976 5840 Jouu.

2088 5806 2132 5857 ι’,
2168 5798 2218 5846 υ.
2301 5793 2320 5824 ⁸
2348 5792 2503 5847 Jnan.
2542 5808 2667 5855 uti,
2710 5793 2793 5850 ll.
