3882 6210
207 348 319 406 I97

1556 387 1566 395 ,
1633 347 2075 405 TllliSAlfRUS.

3380 355 3482 410 193

206 469 342 538 ἡμῖν
369 465 428 520 ἒν
453 459 621 519 ὦσιν·
655 464 796 519 ἴναὸ
831 464 1038 534 κόσμος
1081 463 1348 536 πιστεύσῃ
1383 465 1465 518 ὃτι
1509 463 1572 516 οὐ
1608 482 1674 536 με
1700 466 1799 518 ἀπ-

1911 470 2044 521 riam
2067 484 2230 537 quam
2262 469 2457 525 dedisti
2484 468 2615 523 mihi
2643 469 2767 523 dedi
2811 470 2910 536 eis,
2932 479 2990 524 ut
3016 470 3125 524 sint
3156 486 3320 524 untuu
3345 472 3487 526 sicut

208 562 481 626 ἑατειλας.
520 559 692 630 Κάγὼ
726 561 828 630 τὴν
858 561 1016 625 δόξαν
1048 560 1115 631 ῆν
1162 562 1401 625 δέδωκάς
1451 580 1560 633 μοι,
1597 563 1806 616 δέδωκα

204 655 414 718 αὐτοῖς,
434 653 521 706 ἵνα
549 647 682 704 ὦσιν
714 651 772 704 ἓν
791 651 968 716 καθὼς
988 653 1147 722 ἡμεῖς
1162 653 1240 706 ἓν.
1274 653 1414 722 Ἐγὼ
1435 659 1493 707 ἐν
1509 655 1693 718 αὐτοῖς
1709 656 1804 708 καὶ

207 749 274 797 σὺ
294 747 352 798 ὲν
369 745 512 815 ἐμοὶ,
535 744 622 797 ἵνα
653 737 755 796 ὦσι
783 744 1193 814 τετελειωμένοι
1228 747 1308 808 εἰς
1332 747 1389 799 ἓν
1408 763 1422 775 ·
1452 748 1535 799 ἴνα
1557 747 1801 820 γινώσκῃ

203 837 235 888 6
283 837 486 906 κόσμος
525 837 606 889 ὅτι
637 835 701 888 σύ
749 852 816 907 με
866 836 1234 900 ἀπέσταλκας.
1279 857 1297 887 ι
1337 838 1550 890 Οὐκοῦν
1610 837 1803 909 ὥσπερ

202 927 485 998 ἄνθρωποι
516 930 616 999 τὴν
668 926 832 998 φύσιν
860 927 1014 990 ὅντες
1044 930 1203 997 ἡμεῖς
1234 932 1294 983 ἐν
1333 930 1410 1000 τῷ
1441 931 1615 1002 Πατρὶ
1656 931 1803 999 γινὸ-

207 1018 374 1088 μεθα,
407 1018 549 1072 οὕτω
579 1019 674 1072 καὶ
703 1018 864 1081 αὐτὸς
905 1020 933 1072 ὁ
962 1019 1090 1082 Tib;
1135 1020 1194 1073 ἓν
1233 1022 1349 1074 ἐστι
1383 1021 1518 1090 πρὸς
1563 1021 1652 1074 τὸν
1692 1023 1802 1074 Πα-

202 1108 362 1178 τέρα.
395 1109 503 1160 Καὶ
545 1107 707 1171 αὐτὸς
748 1108 802 1160 δὲ
840 1108 1002 1160 πάλιν
1047 1111 1076 1160 ὁ
1120 1110 1334 1180 Πατὴρ,
1371 1110 1544 1172 οὕτως
1581 1110 1638 1162 ἓν
1682 1113 1800 1165 ἐστι

204 1201 345 1270 πρὸς
376 1201 468 1254 τὸν
496 1201 642 1261 Υίον,
671 1201 926 1271 καθάπερ
958 1202 1050 1254 καὶ⁵
1085 1201 1220 1270 πρὸς
1253 1203 1423 1272 ἡμᾶς.
1470 1203 1578 1256 Καὶ
1609 1203 1798 1274 ὥσπερ

201 1293 383 1356 οὐδεὶς
405 1291 703 1362 ἀναγκάζει
735 1293 892 1360 λόγος
919 1293 1138 1362 ὁμοίους
1171 1295 1315 1363 ἡμᾶς
1345 1291 1483 1347 εἶναι
1524 1296 1662 1347 κατὰ
1697 1295 1799 1364 φύ-

205 1403 294 1439 σιν
323 1385 402 1455 τῷ
430 1386 625 1456 Πατρὶ,
655 1386 738 1437 ὅτι
771 1384 835 1455 δὴ
865 1384 960 1436 καὶ
991 1384 1126 1454 πρὸς
1156 1385 1318 1438 αὑτὸν
1345 1385 1401 1436 ἓν
1431 1385 1676 1452 γίνεσθαι
1709 1387 1796 1438 λεο

203 1478 440 1546 γὸμεθα,
465 1476 635 1540 οὕτως
655 1478 754 1528 οὐκ
779 1477 996 1546 ἀνάγκη
1023 1479 1171 1528 πᾶσα
1198 1476 1376 1544 λέγειν
1397 1479 1459 1529 ἐκ
1481 1477 1581 1548 τῆς
1607 1477 1797 1542 οὐσίας

200 1567 344 1622 εἶναι
375 1568 470 1622 τοῦ
507 1570 715 1639 Ματρὸς
748 1569 838 1621 τὸν
875 1569 1021 1629 Υίὺν,
1043 1568 1342 1640 ἐπειδήπερ
1362 1569 1559 1638 φησίνυ
1593 1590 1609 1621 ι
1653 1569 1796 1637 Ἐγὼ

201 1663 263 1714 ἐν
295 1663 373 1731 τῷ
407 1663 600 1730 Πατρὶ.
638 1662 730 1714 καὶ
755 1663 783 1714 6
814 1660 1006 1731 Πατὴρ
1037 1661 1098 1713 ἐν
1123 1660 1267 1730 ἐμοί.
1308 1680 1326 1712 ι
1375 1663 1464 1725 Ὠς
1493 1661 1602 1733 γὰρ
1646 1679 1796 1734 προ-

199 1755 458 1818 λαϐόντες
493 1756 815 1825 εἰρήκαμεν,
871 1753 1044 1817 οὕτως
1088 1755 1238 1806 ἐστὶν
1286 1756 1344 1806 ἐν
1394 1754 1590 1826 Πατρὶ,
1651 1753 1793 1808 καθά

1908 571 1962 614 et
1987 576 2086 616 nos
2112 577 2274 615 unum
2305 578 2512 617 smmis.
2547 563 2657 632 Ego
2683 562 2734 616 in
2786 563 2937 631 ipsis,
2986 574 3041 617 et
3084 573 3137 617 tu
3176 564 3227 617 in
3276 580 3392 626 me;
3432 575 3488 616 ιιι

1906 654 2018 706 sint
2053 653 2277 723 perfecti
2314 653 2366 706 in
2391 669 2596 718 unum;
2652 663 2710 706 ιιι
2738 664 3027 721 cognoscat
3062 655 3295 707 mundus
3345 657 3486 723 ιιιιυιΙ

1907 754 1961 799 ιιι
1997 760 2080 798 me
2111 745 2305 799 misisti
2339 745 2381 798 ".
2423 763 2442 796 ›
2471 743 2931 810 Quemadmodum
2991 745 3154 814 igitur
3229 762 3326 799 nos
3394 748 3483 814 qui

1906 834 2154 888 homines
2183 850 2388 898 smnus,
2416 834 2468 887 in
2499 833 2663 887 Patre
2689 851 2875 888 smnus
2907 851 2922 888 :
2975 837 3044 888 ita
3097 836 3264 888 etiam
3320 836 3485 890 Filius

1904 941 2069 980 unum
2098 935 2181 980 est
2205 940 2326 980 cum
2357 925 2534 982 Patre.
2573 925 2635 978 Et
2670 926 2936 990 vicissim,
2965 925 3125 980 l’ater
3155 931 3268 995 ipse
3311 927 3380 980 ita
3405 939 3484 980 est

1905 1033 2071 1072 unum
2114 1033 2234 1071 cum
2269 1017 2426 1079 Filio,
2453 1019 2586 1072 sicut
2617 1027 2666 1071 et
2699 1018 3000 1072 nobiscum.
3034 1018 3097 1071 Et
3131 1021 3482 1088 quemadmo-

1902 1114 2026 1163 dum
2051 1110 2194 1162 nulla
2231 1111 2365 1163 ratio
2396 1111 2559 1179 cogit,
2587 1121 2642 1164 ut
2676 1125 2774 1162 nos
2802 1111 3095 1164 St’CUIIdtllll
3127 1121 3375 1163 naturam
3407 1115 3476 1164 si-.

1903 1199 2060 1253 miles
2128 1201 2298 1256 simus
2369 1201 2553 1266 Patri,
2627 1202 2717 1271 qui
2783 1218 2948 1254 unum
3005 1219 3128 1256 cum
3183 1203 3300 1271 ipso
3366 1203 3480 1257 ﬁeri

1899 1292 2132 1345 dicimur
2165 1309 2179 1345 :
2239 1295 2311 1347 ita
2337 1311 2440 1348 non
2473 1311 2694 1364 prorsus
2736 1310 2954 1349 necesse
3015 1306 3097 1348 est
3131 1306 3187 1348 ιιι
3218 1295 3386 1350 Filius
3411 1296 3478 1350 sit

1898 1400 1964 1439 ex
1997 1386 2230 1440 essentia
2267 1387 2463 1448 Patris,
2502 1386 2755 1454 quoniam
2808 1384 2922 1438 ait:
2962 1403 2980 1436 ι
3021 1385 3132 1452 Εκο
3194 1386 3244 1439 ἱιι
3299 1385 3479 1449 Patre,

1899 1487 1954 1532 et
1979 1478 2215 1531 Pateriu
2243 1493 2350 1531 me.
2398 1495 2415 1527 ι
2445 1475 2601 1540 Nam,
2645 1487 2702 1530 ιιι
2729 1488 2855 1529 ante
2879 1478 3139 1541 tlixlmus,
3169 1478 3242 1531 ita
3291 1488 3372 1530 est
3425 1480 3477 1531 in

1896 1569 2077 1634 Patre,
2097 1571 2242 1624 sicut
2261 1579 2449 1623 etnos.
2468 1570 2574 1622 Aut
2607 1584 2736 1638 ergo
2764 1585 2986 1624 necesse
3024 1580 3105 1623 est
3132 1571 3287 1624 fateri
3316 1573 3481 1625 etiam

1899 1679 1999 1717 nos
2023 1679 2091 1717 ex
2134 1661 2371 1716 essentia
2397 1661 2578 1714 Patris
2598 1676 2739 1726 esse,
2763 1663 2885 1730 quia
2914 1678 3077 1716 ιιιιιιιιι
3111 1663 3238 1715 facti
3290 1678 3478 1715 suums

1898 1771 2021 1809 cum
2055 1755 2184 1818 Deo,
2208 1762 2298 1805 aut
2323 1753 2366 1805 si
2395 1753 2642 1806 homines
2683 1769 2968 1807 manemus
3026 1754 3240 1808 etiamsi
3306 1770 3476 1809 unum

201 1847 300 1900 καὶ
325 1849 504 1915 ἡμεῖς.
543 1847 612 1898 'll
647 1847 828 1900 τοίνυν
867 1845 961 1899 καὶ
1000 1847 1148 1916 ἡμᾶς
1183 1845 1479 1898 ἀκόλουθον
1514 1845 1797 1916 ὁμολογεῖν

1907 1847 2093 1898 liamus
2116 1859 2239 1898 cum
2268 1842 2400 1904 Deo.
2439 1857 2653 1910 :equum
2691 1850 2792 1906 est,
2820 1853 2879 1897 ut
2905 1843 3042 1898 idem
3082 1845 3149 1897 de
3190 1843 3328 1897 Filio
3350 1859 3481 1898 cen-

202 1942 269 1993 ἑκ
303 1940 404 2008 τῆς
435 1938 624 2002 οὐσίας
652 1934 792 1991 εἶναι
838 1937 933 1990 τοῦ
975 1937 1209 2008 Πατρὸς,
1239 1936 1327 1990 διὰ
1366 1937 1426 1989 τὸ
1457 1936 1515 1988 ἓν
1541 1936 1792 2004 γίνεσθαι

202 2035 340 2103 πρὸς
375 2033 531 2093 Θεὸν,
581 2031 614 2102 ἣ
663 2032 713 2084 εἱ
759 2031 993 2102 μένομεν
1042 2029 1340 2100 ἄνθρωποι,
1380 2027 1482 2082 κᾶν
1520 2028 1579 2080 ἒν
1621 2027 1794 2095 γενώ-

206 2125 346 2195 μεθα
377 2124 512 2196 πρὸς
541 2123 632 2176 τὸν
684 2123 924 2194 Πατέρα.
951 2122 1162 2176 δίκαιον
1198 2123 1292 2176 καὶ
1322 2123 1407 2191 ἐφ’
1461 2122 1590 2176 Υἱοῦ
1634 2122 1794 2176 τοῦτο

1899 1949 2136 1991 seamus.
2158 1933 2337 1987 Manet
2357 1934 2501 1988 enim
2561 1935 2614 1988 iu
2660 1951 2756 1989 sua
2822 1947 3034 2002 natura,
3088 1951 3195 1990 non
3239 1936 3482 1991 sublatus

1901 2029 1953 2084 in
1976 2027 2268 2082 essentiam
2304 2025 2506 2092 Patris,
2532 2027 2745 2082 tametsi
2791 2043 2957 2082 unum
3005 2043 3129 2082 cum
3197 2028 3314 2098 ipso
3360 2043 3483 2083 esse

1899 2120 2132 2172 dicatur.

202 2223 441 2292 φρονεῖν.
496 2220 662 2274 Μὲνει
713 2219 823 2291 γάρ
868 2219 962 2272 ἐπὶ
1007 2219 1105 2290 τῆς
1159 2218 1352 2272 ἑαυτοῦ
1407 2219 1642 2288 φύσεως,
1688 2220 1790 2272 οὐκ
1861 2214 2171 2270 ἀναϐαίνων
2238 2212 2318 2276 εἰς
2365 2212 2464 2284 τὴν
2495 2211 2590 2265 τοῦ
2635 2210 2846 2284 Ηατρὸς
2895 2212 3108 2277 οὐσίαν,
3159 2212 3265 2266 κᾶν
3297 2213 3373 2275 ὼς
3421 2211 3483 2266 ἓν

201 2316 469 2388 ὑπάρχειν
502 2315 730 2384 λέγηται
764 2313 904 2386 πρὸς
933 2313 1120 2366 αὐτόν.

757 2429 950 2494 Λύσις
977 2427 1222 2496 ἑφεξῆς.

272 2537 461 2590 Ταῦτα
511 2538 606 2591 καὶ
656 2539 684 2591 6
732 2537 843 2590 τῶν
879 2539 1266 2609 χριστομάχων
1311 2539 1495 2611 πατὴρ
1545 2539 1640 2592 καὶ
1689 2537 1789 2608 τῆς

200 2628 470 2698 φλυαρίας
506 2627 683 2682 αὐτῶν
714 2629 948 2700 χορηγὸς
982 2629 1232 2692 διάϐολος
1279 2631 1516 2700 εἰρηκὼς
1550 2631 1750 2701 ἤκουσε
1771 2645 1786 2661 ⁶

205 2739 224 2771 ι
263 2719 464 2772 Νὖνεδὲ.
499 2721 578 2782 εἰς
606 2719 737 2792 ᾇᾷην
764 2720 1050 2792 καταδήσῃ
1088 2722 1178 2774 καὶ
1219 2723 1299 2785 εἰς
1333 2724 1398 2774 τά
1433 2723 1659 2793 θεμέλια
1690 2724 1790 2792 τῆς

200 2812 323 2882 γῆς.
370 2830 388 2862 ι
435 2811 521 2874 Ὠς
555 2811 662 2882 γὰρ
694 2812 1026 2882 τετόλμηκεν
1062 2814 1234 2865 εἰπεῖν
1269 2815 1474 2876 ἐκεῖνος
1495 2831 1508 2843 ο
1540 2833 1560 2866 ι
1635 2815 1793 2867 Ἀνα-

201 2903 444 2971 6ἡσομαι
485 2901 672 2954 ἐπάνω
698 2900 808 2953 τῶν
834 2900 1095 2968 νεφελῶν,
1125 2904 1219 2955 καὶ
1249 2902 1446 2973 ἔσομαι
1493 2903 1679 2972 ὅμοιος
1710 2901 1788 2972 τῷ

2413 2411 2621 2467 Salutio
2655 2413 2984 2480 objectiouis.

1963 2528 2084 2583 llzec
2115 2528 2228 2594 ipsa
2257 2527 2506 2580 diabolus
2537 2527 2733 2593 etiam,
2774 2527 3008 2581 hostium
3071 2527 3268 2581 Christi
3302 2537 3479 2598 pater,

1889 2635 1937 2673 ιιι
1974 2623 2187 2675 illorum
2257 2621 2586 2687 nugacitatis
2644 2621 3058 2688 antesignanus,
3113 2618 3275 2680 dixit.
3319 2632 3482 2691 atque

1889 2711 2027 2770 ideo,
2056 2710 2253 2761 audivit
2283 2727 2296 2762 :
2330 2729 2347 2759 ι
2382 2707 2533 2762 Nunc
2556 2709 2621 2760 ad
2653 2707 2855 2762 iub-ros
2885 2709 3178 2762 descendes
3205 2710 3324 2763 etin
3355 2709 3480 2764 fitti-

1898 2802 2148 2853 damenla
2179 2809 2360 2852 terrm.
2388 2817 2407 2850 ι
2437 2798 2904 2864 Quemadmodum
2928 2799 3069 2852 enim
3093 2799 3178 2854 ille
3202 2816 3364 2853 ausus
3397 2811 3483 2855 est

1897 2891 2076 2945 dicere
2111 2909 2124 2944 :
2165 2909 2181 2942 ι
2207 2890 2510 2945 Ascendam
2547 2906 2709 2958 super
2735 2893 2928 2955 nubes,
2956 2902 3011 2945 et
3041 2906 3135 2945 ero
3164 2892 3359 2948 similis
3385 2895 3479 2948 Al-

213 2992 460 3062 Ὑψίστῳ
477 3009 492 3024 ’
521 3011 541 3044 ι
575 2991 666 3045 τὸν
695 2992 858 3045 αὑτὸν
882 2992 945 3063 δὴ
978 2992 1180 3064 τρόπον
1205 2994 1298 3046 καὶ
1323 2985 1490 3055 οὗτοι,
1528 2993 1662 3046 πολῦ
1687 2992 1789 3061 τῆς

1907 2983 2107 3036 Lissimu
2133 2983 2154 3013 ⁸
2186 2999 2198 3035 :
2229 3002 2246 3032 ι
2269 2985 2456 3036 eadem
2521 2981 2730 3034 ratione
2788 2982 2952 3035 etiam
2999 2981 3083 3036 isti
3115 2983 3359 3037 humana;
3384 3001 3483 3038 na-

200 3084 512 3154 ἀνθρώπων
559 3084 775 3152 φύσεως
825 3086 951 3148 τοὺς
993 3085 1152 3157 ὄρους
1199 3085 1652 3154 ὑπερϐαινόμενοι
1700 3083 1796 3136 καὶ

201 3179 305 3249 τῆς
347 3177 536 3240 οὐσίας
580 3176 879 3240 ἀναϐάντες
911 3177 972 3229 τὺ
1015 3177 1236 3248 μέτρον,
1269 3179 1332 3229 οὐ
1374 3177 1663 3246 φοϐοῦνται
1708 3175 1796 3228 λέο

204 3287 426 3338 γοντες·
487 3269 754 3340 Ἐσόμεῡα
801 3269 977 3339 ὅμοιοι
1011 3269 1086 3339 τῷ
1135 3267 1394 3338 Ὑψίστῳ.
1446 3268 1659 3339 ’Ὠσπερ
1701 3263 1796 3321 οὖν

203 3361 460 3432 ἀληθεύει
505 3363 533 3415 6
578 3360 674 3413 τοῦ
703 3361 839 3414 Θεοῦ
870 3361 1041 3428 Λόγος
1077 3360 1236 3431 βοῶν,
1265 3361 1346 3412 ὅτι
1383 3379 1401 3411 ι
1455 3358 1596 3428 Ἐγὼ
1630 3361 1721 3412 καὶ
1767 3360 1796 3411 6

206 3455 398 3527 Πατὴρ
433 3456 491 3508 ’ἐν
521 3456 711 3525 ἐσμεν,
747 3472 766 3506 ι
797 3454 885 3508 διὰ
913 3453 976 3507 τὸ
1001 3454 1100 3524 τῆς
1133 3453 1324 3516 οὐσίας
1351 3452 1792 3523 ἀπαράλλακτον,

205 3546 352 3600 οὓτω
400 3548 496 3600 καὶ
531 3549 581 3600 οἱ
628 3547 984 3617 χριστομάχοι
1027 3545 1234 3598 εἴποιεν
1282 3544 1349 3598 ἂν
1403 3544 1794 3614 ἀληθεύοντεςο

227 3642 423 3711 Ἡμεῖς
443 3641 537 3694 καὶ
565 3640 593 3691 6
609 3639 790 3709 πατὴρ
825 3637 982 3708 ἡμῶν
1015 3639 1042 3690 6
1065 3635 1309 3698 διάϐολος
1339 3637 1398 3689 ’ἐν
1421 3637 1608 3705 ἐσμεν,
1625 3635 1710 3688 διὰ
1733 3636 1796 3688 τὸ

207 3732 312 3803 τῆς
339 3732 564 3804 γνώμης
597 3731 1032 3802 ἀπαράλλακτον.
1069 3731 1163 3792 El;
1184 3728 1339 3783 τοῦτο
1365 3729 1421 3783 δὲ
1451 3729 1550 3800 ἤδη
1587 3730 1796 3800 μωρίας

209 3824 526 3878 ἐλαύνουσιν
551 3823 624 3887 ὼς
657 3821 866 3877 οἴεσθαι
899 3823 1042 3875 κατά
1078 3822 1238 3892 χάριν
1266 3821 1490 3890 ἔχοντας
1527 3819 1588 3873 τὺ
1612 3819 1797 3872 καλεῖ-

211 3919 335 3970 σῢαι
367 3915 542 3980 θεοὺς,
572 3915 788 3988 ὁμοίους
829 3911 966 3968 εἶναι
995 3913 1256 3966 δύνασθαι
1301 3912 1443 3968 κατά
1492 3913 1590 3982 τὴν
1636 3913 1798 3980 φύσιν

207 4008 306 4061 τοῦ
342 4007 440 4078 τὴν
479 4008 638 4078 χάριν
685 4005 1093 4068 ὲπιδεδωκὸτος.
1146 4005 1254 4057 Καὶ
1292 4005 1398 4057 υἱοὶ
1446 4003 1796 4073 κεκλημένοι,

210 4100 336 4154 καθ’
366 4100 662 4170 ὁμοιότητα
691 4097 784 4152 τοῦ
815 4099 954 4152 κατά
985 4097 1146 4165 φύσιν
1179 4096 1334 4159 Υίοῦ,
1383 4096 1530 4160 ἴσους
1572 4096 1800 4159 ἑαυτοὺς

211 4191 355 4246 εἶναι
406 4191 724 4245 πιστεύουσι
774 4189 868 4243 τοῦ
910 4189 1045 4259 πρὸς
1086 4188 1361 4241 υἱοθεσίαν
1410 4187 1796 4256 ἀναγαγόντος,

214 4287 312 4339 καὶ
340 4287 401 4339 το
431 4285 558 4338 ίδιον
603 4283 769 4338 αὐτοῦ
810 4285 954 4337 κατά
987 4282 1149 4353 φύσιν
1183 4280 1422 4352 ἀξίωμα,
1466 4279 1608 4333 κατά
1639 4281 1800 4352 γὰριν

213 4380 401 4444 αὐτοῖς
431 4377 710 4440 ἐπιθέντος
735 4375 824 4430 διά
868 4375 1070 4446 πολλὴν
1105 4373 1539 4445 φιλανθρωπίαν.

492 4489 814 4554 Ἁντίθεσις
840 4488 922 4553 ὡς
950 4487 1018 4541 ἐκ
1047 4485 1168 4540 τῶν
1199 4467 1531 4555 αἱρετικῶνξ

290 4600 413 4655 Κᾶν
454 4599 610 4671 λέγῃ,
664 4601 849 4670 φασιν,
887 4602 916 4652 6
967 4598 1116 4663 Υἱὸς,
1157 4595 1299 4666 Ἐγὼ
1342 4597 1438 4650 καὶ
1465 4597 1502 4671 6
1531 4593 1719 4666 Πατὴρ
1747 4594 1806 4647 ἓν

219 4693 410 4762 ἐσμεν,
443 4693 504 4744 οὐ
533 4691 752 4753 πάντως
781 4692 932 4744 ἔσται
958 4689 1060 4760 τῆς
1088 4688 1258 4758 αὐτῆς
1287 4685 1474 4750 οὐσίας
1503 4685 1582 4757 τῷ
1611 4687 1806 4757 Πατρὶ,

220 4787 346 4839 ἐπεὶ
388 4786 484 4839 καὶ
517 4787 681 4854 ἡμεῖς
713 4784 994 4855 ἄνθρωποι
1045 4783 1189 4836 κατὰ
1227 4781 1391 4849 φύσιν
1426 4780 1598 4843 ὄντες,
1635 4777 1693 4831 ἓν
1731 4777 1809 4842 ὡς

224 4877 364 4947 πρὸς
394 4878 484 4930 τον
509 4877 640 4930 Θεὸν
669 4875 935 4945 γινόμεθα
953 4892 967 4905 ⁸
1002 4875 1097 4927 καί.
1129 4872 1339 4943 μάρτυς
1382 4871 1543 4933 αὐτὸς
1579 4869 1753 4937 λέγων
1779 4869 1810 4921 6

225 4969 354 5031 Υἱός
383 4985 396 4997 ·
435 4987 453 5020 ι
507 4968 685 5030 Θέλω,
733 4967 936 5034 Πάτερ,
991 4965 1076 5018 ἵνα
1127 4963 1318 5034 ὥσπερ
1353 4961 1465 5030 ἐγὼ
1506 4961 1603 5015 καὶ
1640 4960 1706 5015 σὺ
1750 4961 1811 5013 ἓν

225 5062 417 5132 ἐσμεν,
443 5059 584 5113 οὕτω
617 5057 713 5113 καὶ
751 5057 906 5112 αὐτοὶ
935 5057 993 5109 ἐν
1023 5057 1155 5128 ἡμῖν
1190 5055 1249 5108 ἓν
1281 5048 1435 5108 ὦσιν.

715 5234 871 5303 Πρὸς
910 5233 1084 5288 τοῦτο
1116 5232 1320 5297 λύσις.

302 5354 366 5406 El
393 5351 564 5414 οὕτως
603 5349 739 5402 εἰσὶν
771 5349 800 5400 6
845 5347 1037 5416 Πατὴρ
1089 5345 1185 5398 καὶ
1225 5345 1253 5397 6
1301 5342 1432 5405 Υἱὸς
1471 5340 1552 5403 ἓν,
1587 5338 1663 5403 ὡς
1715 5338 1812 5391 καὶ⁵

226 5447 392 5516 ἡμεῖς
432 5443 568 5514 πρὸς
612 5441 703 5494 τον
742 5441 982 5510 Πατέρα,
1033 5438 1130 5491 καὶ
1162 5439 1191 5491 6
1239 5435 1432 5506 Πατὴρ
1465 5433 1600 5502 πρὸς
1640 5432 1810 5502 ἡμᾶς’

227 5537 384 5590 οὐδὲν
415 5534 524 5604 ἄρα
553 5532 614 5584 τὸ
645 5529 848 5602 μεταξὺ
875 5529 968 5582 τοῦ
998 5527 1136 5582 Θεοῦ
1162 5528 1333 5595 Λόγου
1362 5525 1459 5579 καὶ
1485 5522 1664 5594 ἡμῶν,
1695 5521 1813 5574 ἀλλ’

229 5631 386 5682 ἔσται
429 5625 570 5678 κατὰ
603 5623 763 5692 φύσιν
793 5624 929 5692 ἡμῖν
954 5625 983 5675 ὁ
1013 5621 1195 5685 αὐτὸς,
1215 5619 1402 5673 διοίσει
1441 5617 1497 5670 δὲ
1532 5616 1696 5686 μόνον
1732 5611 1812 5684 τῷ

1901 3082 2032 3126 tut-te
2057 3073 2256 3126 limites
2277 3072 2434 3141 longe
2470 3072 2858 3137 transilientes,
2895 3082 2949 3125 et
3008 3075 3333 3127 substantiae
3368 3091 3482 3129 suae

1899 3161 2170 3214 modulum
2231 3162 2703 3224 transcendi-ntus,
2759 3178 2862 3216 non
2940 3175 3197 3217 verentur
3249 3166 3476 3219 dicere:

1897 3252 2114 3307 Erimus
2142 3253 2352 3308 similes
2374 3253 2678 3307 Altissimo.
2730 3253 2883 3307 Sicut
2942 3253 3107 3322 igitur
3173 3270 3300 3309 vere
3354 3256 3486 3310 dicit

1903 3346 2134 3399 Verbum
2155 3344 2270 3409 Dei,
2295 3346 2536 3400 clamans
2565 3362 2578 3397 :
2619 3346 2762 3415 «Ego
2783 3353 2837 3399 et
2861 3345 3024 3400 Pater
3040 3363 3204 3400 unum
3235 3363 3477 3403 sumus.»

1897 3447 2118 3507 propter
2148 3437 2484 3492 idcutitatem
2512 3437 2762 3491 essentiaa
2791 3455 2806 3491 :
2836 3437 2910 3492 ita
2934 3437 3096 3492 etiam
3115 3441 3297 3494 hostes
3323 3441 3484 3495 Chri-

1898 3529 2168 3583 stidicant
2201 3543 2361 3580 vere:
2394 3524 2505 3581 Nos
2531 3537 2584 3580 et
2613 3537 2766 3595 pater
2782 3536 2970 3581 noster
2997 3527 3242 3582 diabolus
3312 3545 3481 3583 unum

1898 3635 2106 3685 sumus,
2137 3632 2357 3691 propter
2389 3621 2728 3674 voluntatum
2753 3620 3184 3675 similitudinem.
3215 3621 3314 3682 .Εο
3335 3622 3481 3676 enim

1894 3713 2007 3784 jam
2033 3713 2320 3767 dementiae
2373 3719 2656 3778 venerunt,
2689 3719 2748 3764 ut
2811 3727 2932 3766 cum
2979 3728 3076 3781 per
3118 3713 3345 3780 gratiam
3429 3715 3483 3769 id

1899 3803 2181 3859 consecuti
2207 3803 2314 3856 sint
2351 3811 2411 3856 ut
2439 3801 2512 3855 dii
2553 3809 2833 3864 vocentur,
2881 3801 3192 3855 exisﬁment
3236 3816 3295 3856 se
3327 3803 3482 3856 simi-

1901 3894 1980 3948 les
2006 3908 2128 3948 esse
2159 3907 2318 3962 posse
2344 3891 2641 3947 secundum
2667 3901 2918 3945 naturam
2945 3891 2994 3946 ei
3022 3892 3112 3961 qui
3172 3893 3303 3961 ipsis
3335 3892 3482 3948 illam

1899 3987 2128 4055 gratiam
2153 3984 2376 4054 largitus
2415 3990 2518 4039 est.
2547 3983 2789 4053 Cumque
2811 3991 3076 4037 vocentur
3099 3983 3214 4046 ﬁlii,
3241 3983 3307 4038 ad
3330 3984 3484 4038 simi-

1900 4077 2180 4131 litudim-m
2226 4075 2345 4144 ejus
2388 4075 2481 4144 qui
2519 4073 2845 4129 naturaliter
2907 4083 2992 4129 est
3016 4074 3207 4140 Filius,
3243 4075 3482 4144 aequales

1901 4185 1958 4224 se
1988 4177 2177 4237 pntmit
2211 4169 2258 4222 ei
2292 4171 2380 4235 qui
2419 4182 2514 4221 eos
2543 4165 2840 4235 adoptavit,
2868 4166 3030 4235 119
3053 4167 3254 4235 quique
3300 4167 3481 4234 digni-

1904 4272 2066 4315 tatem
2100 4276 2220 4331 quae
2249 4262 2351 4315 sibi
2385 4259 2704 4314 naturaliter
2731 4261 2950 4327 ιιι-ομνια
2976 4271 3082 4322 est,
3118 4274 3212 4327 per
3253 4261 3482 4329 gratiam

1834 4366 1877 4420 ι)
1908 4370 2004 4425 pro
2033 4354 2232 4424 iungenti
2269 4369 2366 4407 sua
2407 4351 2735 4420 benignitate
2761 4350 2840 4403 eis
2869 4352 3156 4406 concessit.

2358 4464 2595 4534 ()bjcctio
2640 4463 3026 4517 lia’relirorum.

1984 4581 2248 4646 Tametsi,
2309 4581 2584 4646 inquiunt,
2636 4577 2806 4633 Filius
2851 4579 2994 4631 dicat
3028 4596 3041 4630 :
3072 4577 3183 4646 Ego
3229 4585 3283 4630 et
3323 4575 3487 4630 Pater

1908 4690 2076 4729 unum
2109 4689 2320 4734 stlmus,
2355 4689 2460 4726 non
2494 4680 2674 4725 tamen
2699 4656 3077 4735 erit'ejusdem
3111 4683 3331 4736 prorsus
3360 4685 3483 4722 cum

1909 4778 1976 4819 eo
2000 4766 2276 4825 essentne,
2298 4762 2567 4830 siquidem
2605 4770 2658 4811 et
2686 4775 2783 4812 nos
2813 4774 2936 4812 cum
2971 4769 3162 4810 natura
3194 4758 3362 4810 simus
3391 4761 3484 4811 ho-

1911 4855 2110 4918 mines,
2144 4870 2308 4906 tumm
2349 4869 2471 4904 cum
2525 4850 2635 4902 Deo
2680 4849 2980 4902 ellicimur:
3025 4849 3180 4915 cujus
3219 4852 3292 4901 rei
3333 4851 3488 4902 testis

1909 4958 1996 5004 est
2031 4947 2146 5016 ipse
2170 4946 2341 4999 Filius
2377 4945 2565 4997 dicens
2597 4963 2608 4996 :
2651 4960 2667 4991 ι
2709 4939 2863 5004 Volo.
2910 4939 3092 4999 Pater.
3128 4950 3183 4992 ut
3211 4940 3352 4993 sicut
3386 4955 3488 5007 ego

1910 5052 1966 5096 et
2023 5055 2079 5096 tu
2133 5055 2296 5093 unqu
2347 5051 2557 5103 sumus,
2614 5034 2686 5088 ita
2739 5045 2796 5088 et
2853 5035 2955 5104 ipsi
3018 5033 3070 5086 in
3131 5034 3287 5086 nobis
3321 5048 3486 5087 ιιιιιιιιι

1910 5134 2024 5189 sint
2047 5134 2090 5164 ¹⁰
2146 5151 2166 5183 ι

2405 5219 2614 5276 Salutio
2651 5217 2982 5289 objectionis.

1989 5335 2048 5389 Si
2090 5333 2252 5387 Pater
2283 5341 2339 5386 et
2376 5329 2549 5386 Filius
2590 5329 2662 5384 ita
2705 5338 2833 5384 sunt
2883 5341 3072 5390 unum,
3114 5325 3256 5380 sicut
3301 5333 3355 5379 et
3392 5338 3491 5378 nos

1915 5441 2041 5482 cum
2078 5424 2265 5488 Patre,
2315 5433 2366 5477 et
2405 5421 2568 5476 Pater
2612 5419 2892 5477 nobiscum
2930 5435 2946 5473 :
2979 5417 3128 5473 nulla
3181 5417 3347 5485 igitur
3384 5418 3514 5470 erit.

1915 5517 2222 5572 differentia
2250 5515 2396 5569 inter
2422 5514 2512 5570 Dei
2555 5514 2790 5568 Verbum
2820 5522 2874 5568 et
2903 5525 3003 5566 nos
3023 5528 3039 5576 ;
3063 5512 3157 5565 sed
3191 5511 3298 5564 erit
3334 5520 3490 5564 natu-

1915 5609 2106 5664 raliter
2144 5607 2286 5661 idem
2325 5605 2629 5671 nobiscum,
2657 5613 2710 5659 et
2749 5614 2989 5673 tempore
3015 5609 3226 5656 tantum
3256 5599 3488 5666 dill‘eret,

318 5805 339 5838 '
370 5806 520 5862 Joau.
561 5821 690 5868 xm,
723 5801 917 5858 20-92.
996 5801 1017 5830 ⁸
1047 5799 1149 5854 Ιδτι.
1183 5813 1291 5862 xiv,
1329 5796 1410 5852 l9.
1487 5797 1502 5827 ⁸
1542 5793 1671 5848 Ibid.
1706 5789 1812 5854 14.,
1871 5789 1914 5821 "
1948 5785 2103 5843 Joau.
2132 5800 2264 5849 ml,
2297 5782 2377 5838 ἓιί.
