3882 6210
422 356 526 412 199

1450 360 1508 414 S.
1549 361 1827 416 CYRILLI
1868 364 2336 424 ALEXANDRINI
2376 370 2678 428 ARCHIEP

3585 369 3690 426 eoo

422 478 691 548 siquidem
739 488 792 531 et
832 480 947 548 ipse
978 490 1106 533 ante
1143 494 1336 533 omnes
1380 482 1638 548 exsistit;
1684 493 1739 538 at
1784 495 1981 541 tamets

2106 493 2305 564 χρόνῳ,
2336 496 2460 549 ἐπεὶ
2504 497 2601 549 καὶ
2633 496 2799 561 αὑτός
2829 499 2945 551 ἐστι
2977 498 3085 569 πρὸ
3131 495 3349 550 πάντων
3368 510 3383 525 ⁸
3421 494 3560 549 ἀλλὰ
3589 495 3689 549 κᾶν

425 578 673 638 tempore
716 570 866 637 prior
909 571 1000 631 sit,
1036 571 1176 623 idem
1214 580 1394 625 tamen
1442 575 1723 628 nobiscum
1763 578 1868 630 erit
1913 594 2003 632 ra-

428 664 575 715 tione
601 662 870 715 essentiae.
902 662 1038 726 Quid
1069 662 1211 714 enim
1238 663 1508 716 obstiterit
1527 669 1815 734 quominus
1834 669 2003 723 Adam

425 757 723 809 secundum
759 765 1007 808 naturam
1039 758 1112 808 sit
1142 754 1307 808 Paulo
1333 758 1545 821 similis,
1588 771 1683 814 aut
1712 760 1869 816 alicui
1923 763 2004 817 al-

429 849 526 902 teri
555 856 675 916 post
723 865 783 901 se
832 859 979 913 nato,
1018 851 1228 903 tametsi
1274 861 1402 904 ante
1433 868 1621 905 omnes
1651 854 1765 923 ipse
1816 872 1844 908 a
1893 857 2004 911 Deo

424 950 644 993 creatus
679 940 880 993 fuerit?
915 942 968 993 Si
1010 958 1142 1009 ergo
1189 943 1243 996 in
1296 944 1380 998 bis
1412 954 1623 1014 tempus
1672 947 1804 1000 nihil
1828 948 2001 1017 juvat,

423 1034 551 1101 quid
577 1034 827 1100 prohibet
860 1036 1151 1101 quominus
1187 1045 1242 1088 et
1298 1036 1466 1090 Filius
1504 1048 1631 1091 ante
1667 1054 1764 1095 nos
1791 1042 2004 1111 genitus

423 1124 667 1193 ejusdem
718 1128 972 1179 essentia-
1014 1127 1295 1181 nobiscum
1332 1129 1424 1189 sit,
1467 1130 1510 1182 si
1560 1131 1694 1184 nihil
1739 1132 1882 1185 aliud
1917 1142 2003 1187 est

422 1217 755 1271 discriminis
812 1219 951 1271 inter
991 1235 1088 1271 nos
1133 1229 1188 1273 et
1236 1220 1451 1290 ipsum?
1494 1221 1659 1290 Atqui
1712 1223 1755 1276 si
1803 1224 1904 1277 hoc
1932 1239 1999 1278 ex

420 1322 599 1363 vestra
636 1315 905 1365 sententia
940 1328 1127 1366 verum
1169 1324 1276 1374 est,
1314 1330 1474 1382 quam
1520 1314 1589 1367 ob
1632 1330 1847 1368 causam
1884 1316 2001 1385 ipse

422 1405 570 1456 solus
592 1415 821 1456 Vocatur
842 1415 1083 1464 creatur.
1119 1421 1239 1457 cum
1272 1404 1403 1458 ttulli
1440 1417 1682 1459 nostrum
1715 1407 1764 1459 id
1803 1422 2000 1462 nomen

420 1495 739 1563 competat?
771 1494 838 1548 Et
871 1512 968 1549 nos
1001 1497 1216 1563 quidem
1251 1513 1346 1564 per
1382 1498 1553 1565 ipsum
1579 1498 1745 1551 creati
1785 1513 1995 1564 sumus,

418 1585 533 1651 ipse
554 1602 683 1640 vero
715 1588 980 1641 creatoris
1008 1589 1236 1656 gloriam
1274 1588 1375 1641 sibi
1409 1589 1656 1643 ascribit.
1692 1589 1757 1643 Et
1784 1605 1996 1659 aequum

417 1689 561 1743 erat,
621 1681 665 1732 si
727 1680 866 1733 idem
926 1690 1117 1733 natura
1169 1695 1289 1732 cttm
1337 1680 1453 1747 ipso
1500 1695 1711 1743 smnus,
1746 1684 1997 1735 eumdem

417 1771 585 1825 etiam
634 1786 756 1824 cum
816 1772 908 1825 illo
951 1771 1091 1837 apud
1157 1770 1371 1825 Patrem
1420 1772 1595 1827 locum
1635 1773 1903 1838 obtinere,
1942 1781 1998 1827 et

2108 588 2207 661 ἔχῃ
2251 588 2313 642 τὸ
2364 590 2718 661 προτερεύειν
2758 592 2901 645 κατὰ
2946 592 3039 645 τδν
3081 592 3295 662 χρόνον,
3327 590 3481 642 ἔσται
3528 588 3691 643 πάλιν

2107 678 2239 747 ἡμῖν
2271 682 2391 732 κατ’
2412 682 2659 735 obstat/.6
2686 683 2870 747 αύτός.
2902 684 2967 736 Τί
2995 682 3105 754 γὰρ
3126 681 3360 735 κωλύσει
3388 680 3481 734 τὸν
3519 680 3689 752 ’Δδὰμ

2106 770 2187 833 εἰς
2215 769 2275 822 τὸ
2318 766 2457 825 εἶναι
2497 773 2639 826 κατὰ
2674 773 2835 844 φύσιν
2867 776 3052 845 ὅμοιον
3081 774 3160 844 τῷ
3194 772 3391 845 Παύλῳ
3431 773 3617 843 τυχὸν,
3650 773 3684 843 ἢ

2106 858 2278 931 ἑτέρῳ
2305 861 2413 914 τινὶ
2444 861 2553 913 τῶν
2588 865 2704 933 μετ’
2726 864 2888 917 αὑτὸν
2912 865 3233 933 γεγονότων,
3257 863 3317 916 τὸ
3338 862 3443 934 πρὸ
3471 864 3685 915 πάντων

2105 951 2270 1005 αὑτὸν
2317 954 2650 1021 πεποιῆσθαι
2702 956 2854 1026 παρὰ
2900 956 3071 1021 Θεοῦ;
3107 958 3168 1009 El
3201 956 3383 1009 τοίνυν
3428 956 3586 1009 οὐδὲν
3629 957 3685 1008 ὲν

2102 1044 2314 1107 τούτοις
2342 1048 2370 1099 ὁ
2398 1047 2593 1117 χρόνος
2619 1048 2839 1119 ιῖγρελεῖ,
2871 1050 2921 1103 τί
2953 1048 3151 1102 κωλύει
3185 1045 3281 1103 καὶ
3308 1048 3399 1101 τὸν
3427 1049 3558 1101 Υἰὸν
3581 1047 3688 1118 πρὸ

2102 1136 2261 1207 ἡμῶν
2283 1140 2564 1205 γεγονότα,
2594 1140 2694 1210 τῆς
2727 1142 2896 1209 αὐτῆς
2935 1142 3121 1204 οὐσίας
3146 1143 3277 1211 ἡμῖν
3314 1142 3604 1211 ὑπάρχειν,
3636 1142 3686 1193 εἰ

2106 1227 2275 1297 μηδὲν
2308 1228 2454 1282 ἔστιν
2498 1231 2683 1299 ἕτερον
2725 1233 2785 1284 τὸ
2821 1233 3025 1302 μεταξύ
3060 1233 3218 1301 ἡμῶν
3251 1250 3309 1285 τε
3355 1233 3448 1285 καὶ
3482 1232 3682 1295 αὐτούς

2102 1320 2214 1373 Καὶ
2250 1322 2298 1373 εί
2329 1322 2488 1375 τοῦτο
2513 1325 2633 1375 καθ’
2670 1324 2814 1394 ὑμᾶς
2841 1327 2989 1377 ἐστιν
3013 1324 3231 1395 ἀληθὲς,
3266 1320 3388 1377 ὅτου
3416 1326 3481 1394 δὴ
3524 1325 3684 1395 χάριν

2101 1412 2265 1476 αὐτὸς
2317 1415 2476 1484 μόνος
2528 1415 2775 1469 καλεῖται
2810 1415 3070 1488 Ποιητὴς,
3113 1417 3272 1486 ἡμῶν
3313 1416 3412 1469 οὐκ
3451 1417 3684 1486 ἐχόντων

2099 1505 2292 1570 τοῦτος
2327 1508 2437 1561 Καὶ
2466 1511 2626 1579 ἡμεῖς
2662 1509 2759 1579 μὲν
2780 1510 2845 1561 δι’
2875 1510 3041 1563 αὐτοῦ
3068 1510 3392 1578 γεγόναμεν,
3436 1510 3598 1572 αὐτὸς
3625 1509 3686 1563 δὲ

2098 1597 2197 1666 τὴν
2220 1598 2313 1650 τοῦ
2348 1600 2693 1670 Δημιουργού
2723 1600 2880 1664 δόξαν
2911 1602 3085 1671 φέρει.
3137 1597 3244 1652 ἿΙν
3273 1597 3329 1652 δὲ
3363 1601 3531 1664 ὅντως
3555 1602 3684 1653 ἀκό-

2097 1687 2285 1743 λουθον
2312 1692 2362 1743 εἱ
2390 1693 2586 1745 ταυτόν
2616 1693 2782 1762 ἐσμεν
2808 1693 2952 1746 κατά
2986 1693 3148 1760 φύσιν
3184 1691 3352 1762 αύτῷ,
3387 1694 3486 1764 τὴν
3513 1693 3683 1763 αὐτὴν

2098 1780 2293 1849 ἐκείνῳ
2318 1780 2501 1851 χώραν
2534 1781 2754 1850 ἐπέχειν
2782 1784 2933 1852 παρὰ
2960 1781 3038 1852 τῷ
3069 1784 3242 1852 Πατρὶ
3272 1786 3362 1834 καὶ
3396 1784 3567 1851 ἡμᾶς,
3588 1783 3683 1835 καὶ

417 1877 862 1931 unumquemque
911 1873 1155 1916 nostrunt
1195 1862 1360 1916 etiam
1402 1864 1583 1917 vocari
1624 1862 1985 1933 Unigenitum,

2097 1872 2329 1925 ’ἑκαστον
2376 1874 2533 1944 ἡμῶν
2582 1875 2862 1928 καλεῖσθαι
2891 1877 2985 1928 καὶ
3016 1876 3316 1945 Μονογενῆ.
3345 1876 3437 1927 καὶ
3480 1876 3675 1943 Λόγον,

415 1966 474 2007 et
512 1954 771 2017 Verbum,
801 1964 855 2007 et
882 1954 1205 2023 sapientiam
1234 1954 1430 2010 Patris.
1463 1959 1702 2021 Quorum
1726 1958 1868 2012 enim
1896 1974 1993 2012 na-

416 2054 538 2099 tura
570 2062 673 2097 una
705 2054 868 2113 atque
893 2046 1081 2099 eadem
1114 2057 1222 2109 est,
1263 2046 1331 2099 iis
1351 2061 1638 2101 commune
1664 2048 1826 2102 etiam
1853 2049 1996 2103 inter

415 2152 475 2191 se.
507 2151 702 2190 neuneu
740 2148 822 2190 est
852 2154 865 2191 :
898 2146 953 2190 et
981 2136 1125 2207 quod
1150 2138 1239 2190 uni
1276 2138 1771 2202 naturaliteriuest,
1807 2140 1859 2194 id
1887 2156 1995 2196 ca:-

415 2235 547 2287 teris
576 2246 790 2302 quoque
815 2233 906 2302 qui
936 2232 1176 2301 ejusdem
1216 2242 1423 2285 natura!
1462 2241 1592 2287 sunt
1624 2233 1786 2288 inest.
1816 2234 1886 2286 At
1909 2247 1995 2288 ve-

414 2339 478 2378 ro
508 2324 553 2378 si
580 2324 681 2378 hoc
721 2325 1014 2379 absurdum
1044 2332 1148 2388 est,
1179 2337 1230 2377 et
1271 2339 1448 2394 neque
1493 2336 1770 2380 creatures
1804 2341 1992 2380 sumus

412 2427 509 2469 aut
561 2432 842 2482 vocamur,
901 2431 1076 2485 neque
1126 2416 1420 2485 sapientia.
1468 2425 1562 2471 aut
1609 2414 1869 2483 Verbum,
1900 2424 1992 2469 aut

412 2506 689 2576 splendor,
721 2506 871 2560 solus
910 2517 1091 2560 autem
1138 2506 1255 2561 haec
1290 2516 1377 2561 est
1427 2504 1634 2573 Filius;
1684 2522 1788 2561 non
1826 2508 1992 2577 igitur

412 2597 731 2651 naturaliter
763 2597 903 2651 idem
946 2595 1232 2651 nobiscum
1280 2607 1384 2662 est,
1419 2598 1511 2652 sed
1556 2598 1883 2667 peculiarem
1926 2614 1990 2653 ac

410 2687 685 2756 propriam
731 2702 795 2740 ett
833 2685 994 2739 Patre
1025 2687 1430 2754 generationem
1479 2686 1663 2750 habet,
1708 2699 1872 2757 atque
1914 2688 1987 2742 ita

408 2785 493 2832 est
522 2793 688 2832 tinum
722 2792 845 2831 cum
888 2792 987 2831 suo
1011 2777 1191 2842 Patre,
1227 2793 1336 2831 non
1372 2778 1515 2831 sicut
1544 2793 1642 2831 nos
1670 2778 1759 2846 qui
1800 2779 1867 2833 ad
1902 2779 1988 2848 ip-

406 2884 527 2923 sum
572 2869 755 2935 relati,
792 2885 887 2937 per
913 2868 1385 2938 participationem
1410 2870 1989 2925 communicationem-

405 2973 515 3029 que
567 2958 833 3013 unitatem
895 2959 1177 3012 consecuti
1238 2974 1463 3013 sumus:
1528 2960 1985 3029 quemadmodum

407 3049 612 3101 ferrum
654 3047 764 3118 igni
794 3048 1098 3113 admotum,
1128 3050 1198 3102 ab
1226 3063 1293 3103 eo
1328 3050 1527 3105 calent.

2097 1965 2191 2017 καὶ
2222 1966 2416 2032 σοφίαν
2460 1966 2553 2018 τοῦ
2595 1967 2828 2038 Πατρός.
2868 1963 2969 2019 Ἦν
3001 1968 3109 2037 γὰρ
3140 1969 3172 2036 ή
3203 1968 3363 2035 φύσις
3408 1967 3529 2037 μία,
3558 1968 3683 2020 τού-

2095 2073 2208 2119 τοις
2244 2058 2397 2110 ἕσται
2428 2058 2523 2112 καὶ
2563 2059 2623 2111 τὸ
2664 2059 2836 2129 ὄνομα
2863 2060 3074 2112 κοινόν·
3117 2061 3209 2112 καὶ
3239 2060 3375 2129 ὅπερ
3408 2061 3488 2112 ἑνὶ
3542 2060 3683 2113 κατὰ

2095 2154 2259 2222 φύσιν
2302 2155 2560 2226 ὑπάρχει,
2605 2155 2764 2209 τοῦτο
2811 2155 3030 2219 πάντως
3067 2157 3379 2223 ἐγκείσεται
3424 2155 3521 2209 καὶ
3566 2159 3681 2219 τοῖς

2093 2246 2195 2316 τῆς
2229 2247 2399 2317 αὐτῆς
2450 2246 2770 2317 μετέχουσιν
2807 2247 3017 2310 οὐσίας.
3060 2248 3122 2300 El
3154 2248 3210 2300 δὲ
3256 2247 3414 2299 τοῦτο
3456 2247 3679 2307 ἄτοπον,

2094 2339 2190 2392 καὶ
2233 2338 2357 2391 οὔτε
2387 2339 2711 2409 δημιουργοί
2753 2338 2981 2409 ὲσμενῆ
3032 2338 3366 2409 κεκλήμεθα.
3406 2338 3531 2389 οὔτε
3572 2338 3681 2408 μὴν

2096 2429 2276 2496 σοφία,
2312 2428 2344 2499 ἧ
2372 2428 2617 2498 Λόγος,ἦ
2649 2428 2991 2499 ἀπαύγασμα
3014 2446 3027 2460 ·
3057 2429 3219 2500 μόνος
3246 2429 3302 2481 δὲ
3332 2428 3506 2482 ταύτὰ
3532 2432 3681 2482 ἐστιν

2090 2523 2120 2573 ό
2146 2521 2292 2584 Υἱὸς,
2319 2522 2419 2574 οὐκ
2444 2522 2552 2592 ἄρα
2583 2522 2725 2576 κατὰ
2748 2523 2908 2590 φύσιν
2926 2523 3073 2577 ἔσται
3108 2523 3242 2594 πρὸς
3264 2525 3411 2593 ἡμᾶς
3436 2525 3466 2576 ὀ
3494 2524 3677 2587 αὐτὸς,

2091 2612 2208 2665 ἀλλ’
2257 2612 2563 2677 ίδιὰζουσαν
2612 2615 2674 2667 ὲκ
2721 2613 2815 2667 τοῦ
2862 2613 3074 2683 Πατρὸς
3121 2615 3231 2684 ἔχει
3268 2613 3367 2685 τὴν
3399 2613 3677 2683 γέννησιν,

2092 2703 2185 2756 καὶ
2214 2702 2386 2768 οὕτως
2421 2702 2567 2757 ἐστὶν
2604 2704 2661 2757 ἓν
2694 2704 2830 2776 πρὸς
2860 2705 2951 2757 τὸν
2982 2704 3175 2758 ἑαυτοῦ
3207 2705 3447 2776 Πατέρα,
3488 2705 3550 2757 ού
3578 2722 3681 2758 κα-

2091 2795 2269 2866 θάπερ
2298 2798 2458 2867 ἡμεῖς
2488 2801 2553 2869 τῇ
2588 2797 2723 2869 πρὸς
2748 2796 2910 2851 αὑτὸν
2936 2798 3117 2869 σχέσει
3154 2798 3253 2869 τὴν
3289 2798 3517 2868 ἑνότητα
3546 2815 3676 2868 κερο

2088 2888 2365 2953 δαίνοντες
2392 2890 2698 2960 μετοχικῶς
2738 2908 2797 2944 τε
2847 2890 2939 2944 καὶ
2991 2890 3430 2961 μεταληπτικώς,
3485 2891 3678 2962 ὥσπερ

2088 2980 2155 3034 ἂν
2204 2983 2253 3035 εἰ
2307 2984 2401 3034 καὶ
2448 2982 2665 3055 σίδηρος
2714 2984 2847 3055 πυρὶ
2883 2982 3148 3055 ὁμιλήσας
3197 2983 3678 3055 περιθερμαίνοιτο

2090 3074 2220 3143 παρ’
2251 3072 2440 3127 αὐτοῦ.

404 3203 640 3269 ALIUD,
666 3222 809 3293 funt.
838 3207 1069 3293 evidenti
1102 3208 1563 3293 deinonstratjolte‘
1591 3211 1803 3293 docens,
1842 3214 1983 3281 quod

2093 3208 2291 3293 AA'Il-O,
2329 3208 2481 3293 pera
2506 3207 2724 3293 γοργῆς
2757 3208 3125 3293 ἀπορείξεως
3154 3208 3447 3293 διδᾴσκοις
3474 3211 3563 3293 ὅτι
3603 3213 3677 3266 τὰ

473 3293 593 3347 quae
620 3276 888 3341 aliquibus
911 3280 1105 3350 similia
1127 3289 1248 3350 sunt
1280 3296 1383 3331 non
1411 3281 1572 3350 120
1592 3283 1646 3333 in
1675 3276 1978 3336 universum

476 3356 525 3399 et
554 3352 875 3399 naturaliter
906 3349 1083 3400 insunt
1120 3349 1187 3401 iis
1219 3352 1407 3415 quibus
1455 3349 1651 3404 similia
1694 3366 1850 3417 sunt;
1889 3354 1979 3405 sed

475 3432 536 3468 ea
563 3433 679 3484 qum
722 3418 1041 3493 naturaliter
1068 3422 1328 3493 aliquibus
1354 3422 1555 3483 insunt,
1592 3422 1750 3475 veluti
1790 3425 1982 3493 imagi-

471 3502 559 3538 nes
585 3489 825 3538 amulum
848 3488 979 3555 ﬁunt
1004 3490 1292 3541 motionum
1320 3502 1512 3543 nostra:
1529 3494 1834 3547 voluntatis.

477 3612 755 3684 Scriptura
796 3628 951 3665 sacra
980 3613 1053 3666 ita
1084 3613 1151 3667 ad
1176 3613 1462 3667 nonnullos
1492 3613 1734 3683 loquitur
1760 3633 1774 3670 :
1813 3634 1833 3667 ι
1872 3615 1983 3669 No-

401 3707 497 3761 lite
534 3706 648 3760 lieri
684 3705 825 3760 sicut
857 3721 1030 3774 equus
1068 3716 1125 3758 et
1169 3706 1369 3770 mulus,
1418 3706 1470 3759 in
1506 3708 1707 3775 quibus
1744 3723 1848 3761 non
1896 3718 1981 3763 est

404 3799 710 3853 intellectus
738 3799 813 3864 “;
854 3816 872 3849 ι
911 3806 965 3850 et
1014 3812 1225 3850 rursum
1258 3798 1323 3850 de
1367 3797 1487 3850 aliis
1512 3816 1524 3828 ·
1560 3818 1578 3849 ι
1633 3797 1804 3852 llomo
1855 3814 1977 3852 cun-

403 3890 458 3944 in
495 3891 700 3943 honore
731 3898 879 3942 esset
908 3903 1015 3942 non
1043 3888 1331 3951 intellexit,
1357 3899 1705 3954 comparatus
1733 3901 1817 3944 est
1853 3891 1983 3944 bru-

401 3985 472 4038 tis
510 3984 912 4054 insipientibus,
967 3993 1022 4036 et
1068 3983 1263 4037 similis
1307 3983 1481 4037 factus
1518 3990 1603 4036 est
1657 3981 1736 4036 eis
1760 3982 1824 4035 “.
1860 3999 1879 4033 ι
1915 3981 1980 4035 Ει

400 4076 643 4131 iterum:
673 4094 693 4128 ι
740 4077 876 4144 Equi
924 4076 1170 4129 furentes
1217 4076 1268 4128 in
1310 4091 1480 4145 equas
1529 4073 1655 4128 lacti
1706 4084 1830 4129 sunt
1857 4074 1918 4129 ¹⁸.
1952 4092 1972 4125 ι

400 4167 661 4222 Servatur
704 4178 885 4222 autem
915 4168 981 4222 ad
1026 4167 1323 4236 discipulos
1354 4184 1481 4220 suos
1514 4165 1857 4220 manifestius
1893 4166 1976 4219 di-

398 4262 514 4315 cit:
563 4279 582 4313 ι
617 4261 802 4315 Estote
836 4261 1131 4329 prudentes
1161 4261 1301 4313 sicut
1347 4270 1649 4329 serpentes,
1675 4271 1730 4312 et
1774 4257 1981 4328 simpli-

400 4366 491 4406 ces
522 4353 664 4405 sicut
696 4352 963 4406 columba:
999 4352 1063 4404 ιδ.
1106 4370 1124 4404 ι
1157 4352 1221 4406 Ει
1254 4368 1501 4407 rursum:
1544 4369 1561 4401 ι
1592 4349 1778 4403 Estote
1815 4349 1979 4402 mise-

401 4444 642 4498 ricordes
670 4444 813 4498 sicut
853 4456 911 4497 et
950 4444 1114 4499 Pater
1161 4456 1342 4498 vester
1377 4443 1619 4498 cmleStis
1664 4440 1977 4496 misericors

2154 3277 2586 3349 ἐξομοιΟὐμξνά
2614 3296 2793 3338 τισιν.
2823 3282 2895 3333 οὐ
2919 3277 3158 3345 πάντως
3184 3283 3279 3332 να)
3303 3283 3451 3333 κατὰ
3480 3284 3675 3349 φύσιν

2153 3345 2383 3402 ἔνεισιν
2431 3345 2523 3415 οἷς
2575 3350 3014 3417 ἐξομοιοῦνται,
3070 3350 3209 3403 ἀλλ’
3244 3350 3448 3419 ὥσπερ
3482 3345 3677 3416 ’τινὲς

2152 3421 2383 3485 εἰκόνες
2408 3420 2479 3471 τὰ
2509 3420 2688 3487 φύσει
2742 3420 3049 3490 προσόντα
3094 3421 3215 3490 τισὶ
3249 3423 3518 3490 γίνονται
3556 3421 3677 3475 τῶν

2151 3491 2303 3543 κατὰ
2344 3491 2695 3557 προαίρεσιν
2722 3489 2893 3559 ἡμῶν
2925 3489 3289 3557 κινημάτων.

2153 3613 2317 3682 Λέγει
2351 3616 2487 3682 πρός
2518 3631 2671 3677 τινας
2705 3615 2739 3685 ἡ
2772 3614 2890 3669 θεία
2918 3614 3106 3687 Γραφή
3128 3633 3142 3647 ·
3178 3637 3195 3667 ι
3234 3618 3324 3689 Μὴ
3348 3617 3569 3687 γίνεσθε
3595 3619 3671 3683 ώς

2084 3704 2249 3767 ἵππος
2269 3706 2364 3758 καὶ
2391 3706 2639 3776 ἡμίονος.
2664 3701 2744 3770 οἷς
2774 3708 2875 3760 οὐκ
2903 3708 3016 3761 ἐστι
3044 3708 3278 3772 σύνεσις.
3310 3728 3334 3759 ι
3364 3710 3475 3763 Kal
3504 3712 3671 3766 πάλιν

2081 3794 2209 3864 περὶ
2244 3794 2475 3864 ἑτέρων·
2534 3814 2553 3848 ι
2611 3795 2932 3867 Ἀνθρωπος
2953 3799 3027 3851 -ὲν
3065 3802 3197 3869 τιμῇ
3231 3798 3305 3852 ὢν
3334 3801 3395 3853 οὐ
3442 3802 3667 3870 συνῆκε,

2082 3887 2540 3959 παρασυνεὸλήθη
2607 3890 2721 3952 τοῖς
2787 3891 3011 3960 κτήνεσι
3065 3894 3178 3954 τοῖς
3226 3891 3507 3961 ἀνοήτοις.
3572 3895 3671 3947 καὶ

2079 3976 2338 4047 ὡμοιώθη
2368 3978 2570 4042 αὐτοῖς.
2620 3998 2639 4032 ι
2682 3980 2795 4033 Kal
2823 3980 3020 4033 πάλιν·
3064 4001 3081 4033 ι
3116 3981 3304 4035 Ἰπποι
3334 3982 3672 4054 θηλυμανεῖς

2079 4070 2434 4141 ἐγενήθησαν.
2472 4090 2489 4121 ι
2539 4072 2597 4124 '0
2621 4073 2676 4125 δέ
2704 4090 2766 4140 γε
2794 4074 2985 4145 Σωτὴρ
3010 4075 3146 4144 πρὸς
3176 4076 3302 4139 τοὺς
3334 4077 3533 4130 ἑαυτοῦ
3566 4096 3670 4147 μα-

2080 4162 2249 4233 θητὰς
2282 4163 2608 4235 τρανότερον
2639 4164 2829 4232 λέγει’
2877 4186 2895 4216 ι
2946 4165 3163 4219 Γίνεσθε
3200 4167 3451 4237 φρόνιμοι
3498 4168 3576 4230 ὡς
3620 4170 3672 4222 oi

2078 4254 2249 4323 ὄφεις,
2287 4256 2382 4308 καὶ
2415 4255 2666 4328 ἀκέραιοι
2697 4257 2772 4321 ὡς
2801 4259 2855 4310 αἰ
2892 4258 3235 4329 περιστεραί.
3276 4278 3294 4309 i
3328 4259 3437 4311 Kal
3468 4261 3669 4313 πάλιν·

2087 4364 2107 4399 ι
2142 4346 2357 4399 Γίνεσθε
2390 4347 2733 4418 οἰκτίρμονες
2763 4347 2943 4412 καθὼς
2974 4350 3003 4401 ό
3036 4349 3225 4420 Πατὴρ
3255 4349 3411 4418 ὑμῶν
3435 4352 3465 4401 ό
3495 4352 3668 4421 ούρα-

2077 4456 2188 4502 νιος
2226 4440 2527 4509 οἰκτίρμων
2570 4440 2739 4494 ἐστίν.
2796 4460 2815 4492 i
2850 4442 2913 4494 El
2950 4442 3049 4512 μὲν
3078 4437 3172 4495 οὖν
3208 4441 3269 4495 τὸ
3304 4444 3417 4505 τοῖς
3446 4442 3670 4509 ἀλόγοις

396 4542 484 4589 est
520 4537 585 4589 ¹⁵.
618 4554 636 4588 i
680 4536 737 4590 Si
785 4552 917 4604 ergo
976 4536 1147 4589 brutis
1180 4536 1545 4589 animantibus
1586 4534 1795 4589 similes
1844 4532 1970 4587 lacti

2093 4528 2235 4594 ζώοις
2282 4529 2659 4601 ἐξομοιοῦσθαι
2705 4549 2879 4595 τινας,
2934 4534 3015 4586 ὅτι
3061 4534 3162 4604 τὴν
3208 4533 3378 4603 αὐτὴν
3431 4533 3667 4596 ἐκείνοις

399 4635 523 4679 sunt
550 4628 811 4693 nonnulli,
844 4630 985 4697 quod
1015 4628 1203 4681 eadem
1242 4641 1361 4681 cum
1401 4628 1506 4680 illis
1556 4628 1756 4681 mentis
1794 4625 1969 4694 inopia

399 4717 723 4781 laborarint,
759 4720 996 4787 facitque
1030 4720 1131 4773 hoc
1164 4728 1222 4772 ut
1254 4720 1577 4772 naturaliter
1601 4720 1712 4774 sint
1751 4719 1801 4773 id
1830 4719 1970 4786 quod

399 4807 521 4870 illa;
555 4816 610 4860 et
653 4823 859 4871 rursus,
908 4810 952 4863 si
998 4809 1246 4877 discipuli
1302 4809 1575 4863 imitantes
1621 4812 1965 4879 prudentiam

398 4908 735 4967 serpentum,
773 4910 825 4951 et
852 4901 1253 4968 simplicitatem
1277 4901 1678 4965 columbarum,
1708 4912 1758 4955 et
1794 4901 1972 4956 Patris

397 4992 634 5045 caelestis
648 4992 712 5044 ad
741 4994 1171 5045 miscricordiam
1197 4994 1609 5061 propensionem
1633 4994 1970 5059 :etnnlantes,

397 5092 677 5150 serpentes
704 5094 756 5137 et
786 5083 1049 5137 columine
1077 5088 1233 5148 liunt,
1261 5096 1422 5153 atque
1447 5086 1580 5138 adeo
1610 5086 1709 5154 ipsi
1743 5085 1849 5140 lteo
1873 5103 1963 5140 ua-

399 5176 643 5229 turaliter
688 5177 895 5230 similes
942 5178 1179 5231 evadunt
1206 5218 1220 5241 ,
1260 5179 1392 5231 nihil
1437 5178 1707 5232 obstiterit
1753 5180 1966 5249 quomi-

398 5280 521 5328 nus,
541 5267 754 5334 quando
777 5268 1007 5320 dicimur
1037 5284 1198 5320 ttntuu
1230 5269 1344 5322 lieri
1376 5284 1496 5322 cum
1526 5269 1771 5334 Domino,
1803 5285 1965 5323 unum

395 5371 518 5408 cum
552 5354 661 5410 Deo
700 5359 907 5411 ratione
954 5361 1202 5413 essentia:
1252 5361 1469 5421 liamus,
1510 5363 1971 5429 quemadmodum

396 5446 567 5501 Filius
593 5464 713 5502 cum
759 5447 939 5504 Patre.
981 5449 1037 5504 Si
1073 5465 1203 5504 vero
1230 5452 1342 5504 sola
1368 5451 1735 5520 cogitationis,
1770 5453 1852 5505 vel
1886 5469 1974 5508 ac-

398 5541 559 5594 tionis
586 5542 939 5596 similitudine
978 5559 1040 5596 ea
1088 5545 1284 5611 quibus
1317 5558 1702 5610 comparamur
1732 5546 1846 5598 tieri
1881 5546 1967 5598 di-

395 5635 591 5697 cimur,
621 5649 725 5687 non
762 5650 949 5689 sumus
980 5636 1142 5705 igitur
1172 5636 1470 5688 secundum
1501 5635 1799 5689 essentiam
1827 5637 1966 5690 idem

477 5808 514 5838 "
546 5808 687 5864 ['sal.
718 5826 866 5878 ικκι,
905 5810 957 5865 9.
1036 5813 1078 5843 τ’
1116 5809 1253 5865 Psal.
1284 5826 1473 5877 sunt,
1512 5810 1598 5864 l5.

1676 5811 1717 5843 ³³
1746 5810 1947 5867 Jerem.
1982 5826 2027 5876 ι’,
2055 5810 2108 5866 8.

2076 4621 2343 4693 ἐνόσησαν
2370 4623 2649 4684 ἀϐουλίαν,
2678 4625 2771 4676 καί
2802 4625 2943 4677 κατὰ
2977 4625 3138 4692 φύσιν
3171 4619 3309 4677 εἶναι
3338 4622 3499 4676 τοῦτο
3522 4626 3670 4676 ποιεῖ

2075 4714 2213 4785 ὅπερ
2247 4715 2396 4767 ἐστὶν
2427 4716 2644 4769 ἐκεῖνα·
2682 4716 2777 4769 καὶ
2810 4716 2994 4778 πάλιν,
3032 4718 3082 4769 εί
3110 4716 3171 4769 τὸ
3211 4715 3499 4786 μιμεῖσθαι
3539 4720 3670 4779 τοὺς

2078 4805 2326 4877 μαθητὰς
2367 4807 2430 4859 τὸ
2456 4806 2552 4859 τού
2591 4808 2768 4876 ὄφεως
2812 4808 3095 4877 φρόνιμον,
3150 4807 3242 4860 καὶ
3270 4807 3330 4860 τὸ
3361 4811 3459 4875 τῆς
3504 4826 3668 4877 περι-

2077 4900 2274 4969 cupi:
2304 4899 2580 4969 ἀκέραιον,
2618 4900 2712 4953 κα)⁸
2745 4899 2805 4953 τὸ
2843 4899 2937 4952 τού
2968 4899 3178 4968 Πατρός
3208 4898 3300 4951 τοῦ
3343 4901 3399 4951 ὲν
3429 4902 3543 4961 τοῖς
3570 4902 3668 4951 ού-

2082 4993 2263 5059 ρανοῖς
2286 4991 2575 5061 πρόχειρον
2606 4993 2745 5063 περὶ.
2756 4991 2816 5044 τὸ
2846 4991 3051 5051 πάντας
3076 4992 3236 5051 ἑλεῖν,
3260 4991 3353 5043 καὶ
3380 4991 3531 5056 liam;
3567 4992 3667 5041 αύο

2077 5082 2203 5144 τοὺς
2227 5082 2320 5135 καὶ
2344 5084 2674 5155 περιστερὰς
2699 5083 2791 5136 καὶ
2818 5083 2960 5136 κατὰ
2990 5083 3148 5151 φύσιν
3171 5084 3385 5152 ὁμοίους
3412 5082 3665 5149 γίνεσθαι

2074 5175 2482 5245 παρασκευάζει
2505 5176 2582 5245 τῷ
2608 5176 2728 5246 Θεῷ
2749 5190 2761 5203 ·
2790 5177 2918 5229 ὅταν
2945 5176 3226 5243 λεγώμεθα
3253 5175 3499 5243 γίνεσθαι
3524 5177 3665 5245 πρὸς

2076 5268 2279 5338 Κύριον
2310 5268 2388 5329 ἓν,
2423 5269 2575 5320 ούδὲν
2606 5268 2802 5321 κωλύει
2829 5268 3028 5336 λέγειν,
3064 5268 3144 5321 ὅτι
3179 5268 3241 5338 δὴ
3276 5271 3413 5319 κατὰ
3451 5268 3542 5319 τὸν
3562 5269 3666 5336 τῆς

2072 5359 2260 5421 οὐσίας
2282 5359 2439 5427 λόγον
2465 5359 2520 5411 ἓν
2543 5359 2846 5427 γεγόναμεν
2876 5358 3012 5427 πρὸς
3041 5358 3130 5409 τὸν
3158 5357 3310 5419 Θεὸν,
3331 5356 3519 5427 ῶσπερ
3542 5359 3664 5410 ἐδτι

2073 5449 2168 5501 καὶ
2191 5449 2219 5500 ὁ
2252 5449 2376 5511 Υἱὸς
2411 5449 2544 5519 129’);
2570 5449 2662 5501 τὸν
2687 5447 2880 5500 ἑαυτοῦ
2913 5447 3152 5516 Πατέρα.
3189 5447 3249 5498 Εἰ
3280 5446 3336 5498 δὲ
3371 5446 3532 5515 μέχρι
3573 5449 3649 5517 μό

2073 5557 2170 5608 νης
2217 5541 2427 5599 ἐννοίας
2463 5542 2495 5609 ἦ
2538 5539 2791 5612 πράξεως
2835 5541 2866 5608 ὴ
2916 5539 3168 5609 ὁμοιότης
3208 5540 3337 5608 ἡμῖν
3398 5540 3532 5609 πρὸς
3592 5541 3661 5592 τὰ

2072 5632 2655 5704 ἀντιπραὸαλὶρμενα
2685 5633 2894 5701 πέφυκε
2927 5630 3196 5699 γίνεσθαι,
3223 5630 3322 5683 οὐκ
3354 5631 3520 5697 ἐσμὲν
3551 5631 3658 5701 ἄρα

2188 5810 2229 5843 ⁸⁵
2260 5810 2449 5865 Matth.
2484 5826 2535 5874 ι,
2564 5809 2649 5865 lli.
2730 5812 2772 5842 ¹⁵
2805 5810 2934 5866 Luc.
2971 5828 3041 5876 ιιι,
3076 5813 3165 5869 56.
