3882 6210
196 334 295 395 εοι

1618 328 1998 397 THESAURU
2008 338 2066 393 S.

3348 355 3455 411 202

194 457 531 515 κατόὖσίαν
576 459 628 513 οἱ
671 450 827 513 αὐτοὶ
872 452 1005 532 πρὸς
1050 454 1141 513 τὸν
1169 459 1323 526 Θεὸν,
1364 456 1492 514 ὅταν
1532 459 1593 515 ἓν
1642 461 1747 532 πρὸ

1883 474 2006 514 cum
2056 460 2188 525 Deo,
2241 460 2454 529 quando
2497 477 2662 518 unum
2703 478 2827 520 cum
2868 466 3009 537 ipso.
3036 468 3148 522 ﬁeri
3195 468 3449 528 dicimur.

195 552 356 606 ιύτὺν
389 551 635 621 γενεσθαι
659 551 964 623 λεγώμεθα.
1008 552 1148 606 Ἀλλ’
1168 552 1357 623 ὥσπερ
1386 553 1544 617 αὐτὸς
1574 554 1633 607 ἓν
1656 555 1772 607 ἐστι

194 642 353 710 ,ρύσει
392 642 528 712 πρὸς
553 642 645 694 τὸν
682 640 878 693 ἑαυτοῦ
904 641 1096 710 Λόγον,
1131 641 1273 695 οὓτω
1294 643 1387 695 καὶ
1417 644 1579 714 ἡμεῖς
1604 641 1663 696 ἓν
1696 643 1773 706 ὡς

193 732 329 804 πρὸς
355 732 618 805 ἀλλήλους
646 732 908 802 γινόμεθα
941 734 1004 803 τῇ
1032 749 1094 785 τε
1137 731 1354 805 γνώμῃ,
1395 732 1489 787 καὶ
1524 733 1770 804 ὁμονοίᾳ,

189 826 285 878 καὶ
322 824 400 895 τῷ
429 825 571 879 κατὰ
604 824 810 896 μηδένα
841 826 1041 893 τρόπον
1077 823 1391 889 στασιάζειν
1434 823 1570 893 πρὸς
1608 823 1774 895 ἀλλή-

190 916 334 974 λους,
369 911 484 965 ἀλλ’
515 911 596 966 ἑνὶ
635 912 820 984 δεσμῷ
848 913 947 983 τῆς
982 912 1140 983 άγίας
1184 913 1407 985 ἀγάπης
1453 913 1643 984 ῶσπερ
1692 915 1773 978 εἰς

190 1003 492 1075 ταυτότητα
524 1003 1005 1075 περισφίγγεσθαι.

872 1117 1079 1174 ΑΛΛΟ.

262 1228 423 1293 Ἐθος
468 1230 549 1300 τῷ
595 1230 811 1301 Σωτῆρι
843 1230 1063 1303 Χριστῷ
1113 1230 1184 1284 τὰ
1216 1247 1361 1286 κατα
1409 1232 1572 1302 φύσιν
1619 1232 1770 1302 αὐτῷ

184 1321 461 1391 προσόντα
506 1321 688 1390 ἀγαθά
738 1323 1034 1395 προφέρειν
1079 1324 1188 1388 ἀεὶ,
1245 1324 1341 1378 καὶ
1408 1324 1617 1389 τούτοις
1678 1326 1770 1391 ἐξ·

185 1411 504 1483 ομοιοῦσθαι
555 1414 817 1479 κελεύειν,
865 1416 941 1479 ὡς
975 1416 1109 1487 πρὸς
1145 1416 1244 1487 τὴν
1266 1417 1417 1471 θείαν
1466 1420 1612 1488 ἡμᾶς
1638 1417 1768 1473 ἀνα-

185 1507 441 1561 πλάττων
470 1507 671 1574 εἰκόνα,
702 1507 821 1561 καθ’
861 1507 928 1578 ῆν
960 1510 1053 1563 καὶ
1086 1509 1452 1581 πεποιήμεθα.
1488 1510 1615 1564 Ὅτε
1638 1511 1768 1580 γοῦν

186 1599 400 1668 πράους
424 1599 520 1652 κα)⁵
557 1601 705 1671 ἡμᾶς
726 1599 937 1665 διδάξαι
969 1600 1239 1671 βούλεται,
1274 1601 1459 1670 λέγει’
1490 1621 1509 1654 t
1548 1599 1767 1657 Μάθετε

184 1691 283 1743 ἀπ’
312 1689 449 1760 ὲμοῦ
480 1691 563 1744 ὅτι
598 1692 772 1761 πρᾶός
795 1695 933 1763 εἰμι,
966 1693 1060 1746 καὶ
1087 1693 1344 1758 ταπεινὸς
1376 1697 1441 1765 τῇ
1483 1695 1698 1766 καρδίᾳ.
1740 1714 1762 1749 ι

1876 550 1982 605 Sed
2015 552 2472 620 quemadmodum
2501 553 2617 624 ipse
2640 564 2723 610 est
2759 571 2928 611 unum
2970 570 3162 614 natura
3193 576 3314 617 cum
3354 580 3455 620 suo

1876 641 2057 697 Verbo
2083 682 2099 707 ,
2145 643 2217 696 ita
2254 654 2309 699 et
2336 660 2434 699 nos
2465 647 2607 701 inter
2629 662 2729 713 nos
2752 664 2916 702 unum
2949 650 3215 709 eﬂicimur
3256 659 3455 713 mentis

1874 744 2036 804 atque
2067 735 2361 790 voluntatis
2389 752 2656 795 consensu
2688 748 2851 810 atque
2893 745 3204 810 concordia,
3231 750 3450 817 quando

1874 827 2024 882 nullo
2054 827 2197 882 inter
2225 842 2322 883 nos
2367 828 2737 896 dissentimus,
2775 834 2868 888 sed
2903 849 3011 890 uno
3039 847 3239 893 sancta:
3263 841 3447 895 chari-

1877 918 2008 973 tatis
2047 918 2266 974 vinculo
2295 917 2459 974 veluti
2497 919 2551 974 in
2609 920 2946 978 identitatem
2987 928 3275 993 quamdam
3312 942 3443 983 coa-

1871 1008 2146 1064 lescimus.

2539 1123 2773 1180 ALIUD.

1940 1233 2195 1290 Christus
2251 1233 2511 1291 Servator
2554 1246 2737 1291 noster
2785 1237 2922 1292 bona
2962 1254 3080 1309 qua:
3124 1242 3447 1299 naturaliter

1873 1328 1975 1383 sibi
2006 1329 2188 1383 insunt
2214 1329 2370 1384 nobis
2402 1343 2705 1397 proponere
2735 1332 2899 1394 solet,
2930 1333 3068 1386 etad
3103 1346 3290 1388 eorum
3324 1335 3447 1389 imi-

1870 1419 2127 1473 tationem
2161 1420 2676 1490 similitudinemque
2703 1436 2802 1476 nos
2832 1423 3059 1489 hortari,
3116 1425 3183 1479 ad
3206 1425 3443 1482 divinam

1871 1510 2163 1582 imaginem
2209 1512 2276 1566 ad
2322 1527 2485 1581 quam
2538 1512 2663 1567 facti
2726 1528 2914 1568 sumus
2957 1530 3020 1569 ea
3067 1517 3279 1571 ratione
3306 1532 3442 1586 quo-

1869 1603 2158 1658 dammoda
2193 1618 2292 1659 nos
2321 1604 2646 1659 reformans.
2691 1603 2917 1671 Quando
2951 1621 3050 1661 nos
3083 1616 3144 1661 ut
3178 1610 3338 1663 mites
3368 1608 3444 1663 si-

1870 1711 1990 1751 mus
2015 1697 2285 1760 hortatur,
2310 1696 2477 1752 dicit:
2507 1715 2525 1748 ι
2560 1696 2765 1752 Discite
2791 1712 2819 1751 a
2852 1712 2936 1751 me
2964 1698 3090 1767 quia
3128 1700 3278 1755 mitis
3322 1715 3442 1754 sum

185 1781 300 1836 Καὶ
322 1783 420 1853 οὐχ
460 1783 589 1836 ὅταν
636 1783 694 1850 ἐξ
727 1784 894 1837 αὑτοῦ
931 1785 1193 1855 μαθόντες
1236 1785 1523 1857 γενώμεθα
1575 1788 1751 1859 πρᾶοιτ

1869 1795 1924 1842 et
1964 1788 2185 1843 humilis
2210 1790 2373 1843 corde
2402 1790 2468 1844 “.
2509 1807 2527 1840 ι
2555 1787 2667 1844 Nec
2703 1796 2884 1843 tamen
2932 1803 3054 1844 cum
3101 1789 3279 1860 ipsum
3320 1792 3443 1847 imi-

184 1876 407 1939 πάντως
430 1876 827 1946 ὲξομοιούμεθα
857 1878 999 1931 κατὰ
1038 1878 1199 1948 φύσιν
1227 1879 1394 1949 αὐτῷ,
1436 1879 1574 1933 ἀλλὰ
1603 1880 1765 1950 μόνον

181 1971 328 2025 κατὰ
360 1971 420 2024 τὸ
449 1972 547 2042 τῆς
582 1972 886 2043 πραότητος
938 1976 1141 2044 σχῆμα.
1195 1970 1405 2027 Οὐκοῦν
1454 1975 1584 2027 ὅταν
1631 1973 1763 2046 λέγῃ

182 2063 316 2132 περὶ
338 2061 517 2133 ἡμῶν,
558 2081 576 2113 ι
619 2062 735 2114 Ἵνα
760 2055 893 2115 ὦσιν
915 2062 993 2127 ἓν,
1028 2062 1210 2126 καθὼς
1239 2066 1401 2135 ἡμεῖς
1426 2062 1485 2117 ἓν
1516 2064 1702 2135 ἐσμεν,
1739 2083 1758 2115 ι

181 2155 245 2219 ἐξ
266 2154 459 2208 ἑαυτοῦ
482 2153 662 2208 λαϐὼν
689 2156 751 2208 τὸ
776 2155 1150 2227 παράδειγμα,
1181 2156 1241 2209 οὐ
1271 2158 1487 2221 πάντως
1514 2157 1601 2210 ἵνα
1620 2156 1765 2211 κατὰ

183 2248 346 2317 φύσιν
376 2246 435 2299 ἓν
460 2246 536 2310 ῶς
568 2246 703 2317 πρὸς
746 2246 839 2300 τὸν
879 2246 1011 2300 Θεὸν
1059 2247 1345 2319 γενώμεθα
1376 2248 1534 2301 τοῦτό
1576 2266 1760 2319 φησιν,

181 2339 300 2392 ἀλλ’
350 2340 440 2392 ἴνα
489 2337 678 2408 ὥσπερ
722 2339 967 2407 φυσικῶς
997 2338 1057 2392 ἓν
1104 2340 1252 2393 ἐστιν
1296 2340 1456 2404 αὐτὸς
1501 2340 1638 2413 πρὸς
1670 2342 1762 2393 τὸν

183 2429 427 2501 Πατέρα,
457 2430 603 2483 οὕτω
640 2430 734 2483 καὶ
767 2432 925 2501 ἡμεῖς
967 2434 1034 2502 τῇ
1069 2432 1339 2502 ὁμοψυχίᾳ
1384 2433 1477 2486 καὶ
1515 2433 1583 2487 τὰ
1621 2432 1761 2487 αὐτὰ

180 2524 399 2589 φρονεῖν
430 2524 509 2585 εἰς
536 2520 797 2591 ἀλλήλους
824 2522 882 2575 ἓν
903 2523 1211 2593 γενώμεθα,
1237 2523 1335 2594 τὴν
1365 2524 1603 2595 φυσικὴν
1629 2543 1763 2578 ταυ-

176 2614 382 2684 τότητα
407 2612 501 2666 τοῦ
534 2614 747 2685 Πατρὸς
780 2614 917 2686 πρὸς
945 2614 1039 2668 τὸν
1078 2615 1206 2668 Υἱὸν
1234 2616 1421 2670 εἰκόνα
1452 2616 1760 2687 λαμὸέινον⁴

178 2724 274 2770 τες
301 2707 399 2778 τῆς
427 2707 749 2761 ἀδιαστάτου
795 2709 1053 2779 γνώμης·
1089 2708 1279 2780 ῶσπερ
1309 2710 1367 2762 ἒν
1400 2711 1548 2781 ἡμᾶς
1599 2711 1759 2781 σῶμα

180 2800 277 2853 καὶ
327 2800 458 2870 μίαν
505 2799 681 2871 ψυχὴν
733 2799 1039 2870 δυναμένης
1095 2800 1401 2856 ἀποτελεῖν.
1447 2800 1760 2872 Οὕτωνγὰρ

175 2892 310 2962 περὶ
334 2890 444 2944 τῶν
468 2892 871 2945 πιστευσάντων
889 2891 1215 2961 γέγραπται,
1232 2891 1314 2944 ὅτι
1344 2910 1361 2941 ι
1389 2890 1493 2944 Τοῦ
1526 2891 1759 2962 πλήθους

176 2982 288 3036 τῶν
316 2983 723 3036 πιστευσάντων
761 2978 829 3051 ἦν
861 2982 895 3052 ὴ
926 2982 1125 3054 καρδία
1148 2982 1242 3035 καὶ
1277 2980 1423 3054 ψυχὴ
1458 2982 1576 3053 μία.
1626 3001 1645 3035 ι

870 3182 1053 3237 ΑΛΛΟ

245 3296 330 3349 Τὰ
379 3294 537 3365 φύσει
586 3294 857 3366 προσόντα
897 3296 1040 3349 τισὶν
1071 3295 1259 3367 ὥσπερ
1305 3296 1513 3358 εἰκόνες
1548 3297 1755 3368 ἀμετά-

174 3387 364 3457 ϐλητοι
395 3388 635 3455 γίνονται
668 3392 780 3452 τοῖς
818 3388 955 3459 πρὸς
993 3388 1131 3442 αὐτὰ
1163 3390 1263 3459 τὴν
1304 3390 1512 3442 οἰκείαν
1558 3389 1751 3462 προαί-

177 3496 327 3549 ρεσιν
357 3479 707 3533 διαπλάττειν
736 3479 1078 3549 βουλομένοις
1100 3495 1112 3507 ⁸
1143 3481 1323 3533 ὁποῖόν
1350 3483 1468 3534 ἐστι
1491 3481 1570 3547 τὸ,
1613 3502 1631 3533 ι
1664 3483 1753 3535 Γί-

172 3571 332 3624 νεσθε
380 3572 453 3634 ὡς
480 3573 528 3623 οἰ
559 3571 732 3640 ὄφεις,
768 3574 863 3625 καὶ
892 3572 966 3635 ὡς
1005 3576 1059 3624 αἰ
1093 3574 1433 3644 περιστεραί.
1478 3592 1496 3623 ι
1542 3575 1752 3627 Οὐκοῦν

171 3663 359 3715 εἰκόνα
386 3662 508 3714 τινὰ
536 3663 897 3734 ὑπογραμμὸν
927 3664 1025 3733 τῆς
1051 3662 1371 3733 ὀφειλούσης
1399 3665 1457 3716 ὲν
1483 3666 1615 3734 ἡμῖν
1638 3667 1753 3718 ἐνό-

170 3769 334 3824 τητος
383 3754 627 3820 γίνεσθαι
678 3756 1097 3824 προαιρετικῶς,
1147 3754 1417 3824 προτείνει
1456 3758 1551 3808 καὶ
1598 3757 1691 3809 νῦν
1723 3760 1751 3811 ό

171 3846 321 3908 Υἱός,
355 3847 420 3917 ἢν
452 3845 562 3915 ἔχει
598 3847 732 3917 πρὸς
760 3846 851 3899 τὸν
892 3848 1112 3917 Πατέρα
1148 3847 1382 3919 φυσικὴν
1422 3850 1747 3921 ταυτότητά.

168 3936 343 3989 ⁶Οταν
373 3933 465 3989 οὖν
495 3936 624 4007 λέγῃ
655 3938 783 4008 περὶ
814 3938 968 4007 ἡμῶν
987 3956 1000 3967 ·
1037 3959 1055 3989 ε
1091 3939 1211 3992 ’Ίνα
1231 3941 1327 3992 καὶ
1357 3940 1508 3992 αὐτοὶ
1538 3940 1596 3993 ἓν
1623 3935 1747 4007 ὦσι,

168 4027 353 4092 καθὼς
395 4031 488 4082 καὶ
536 4033 696 4099 ἡμεῖς
742 4030 799 4083 ἓν
844 4033 1031 4101 ἐσμεν,
1086 4051 1104 4083 ι
1159 4032 1256 4102 οὐχ
1302 4033 1389 4085 ἵνα
1436 4034 1533 4103 τὴν
1588 4033 1749 4102 φύσιν

165 4123 397 4190 ἀφέντες
428 4122 524 4192 τὴν
560 4123 788 4187 ἑαυτῶν,
819 4124 898 4185 εἰς
944 4124 1042 4195 τὴν
1070 4123 1165 4176 τοῦ
1198 4122 1327 4176 Υἱοῦ
1370 4123 1750 4194 μεταποιηθῶ-

168 4232 292 4285 μεν,
333 4213 493 4267 τοῦτό
524 4231 688 4284 φησιν
722 4215 1007 4285 (ἀδύνατον
1035 4216 1189 4287 γὰρ),
1221 4216 1338 4269 ἀλλ’
1369 4216 1455 4270 ἵνα
1494 4216 1747 4287 καθάπερ

163 4306 269 4377 ἤδη
309 4304 655 4375 προείρηται,
682 4303 842 4357 τοῦτο
869 4306 1011 4357 κατὰ
1038 4306 1264 4377 γνώμην
1296 4307 1371 4369 ὡς
1413 4307 1550 4377 πρὸς
1586 4306 1749 4377 άλλή-
1786 4378 1787 4381 η

162 4396 291 4458 λους
317 4395 602 4464 γενώμεθα
632 4397 768 4466 ὅπερ
796 4397 913 4448 ἐστὶ
947 4397 1086 4449 κατὰ
1112 4396 1272 4465 φύσιν
1294 4398 1453 4461 αὐτὸς
1486 4398 1624 4469 πρὸς
1655 4400 1745 4451 τὸν

1868 1883 1965 1936 tati
1998 1882 2158 1937 mites
2188 1882 2314 1936 facti
2353 1881 2642 1947 fuerimus,
2672 1896 2898 1951 prorsus
2928 1882 2978 1936 ei
3013 1882 3220 1938 similes
3247 1898 3441 1938 secun-

1866 1977 1990 2029 dum
2019 1984 2271 2029 naturam
2307 1974 2552 2040 erimus;
2586 1975 2679 2029 sed
2726 1974 2845 2028 solo
2885 1975 3317 2038 mansuetudinis
3344 1977 3442 2030 ha-

1865 2066 2005 2120 bitu.
2036 2065 2303 2131 Quocirca
2332 2079 2454 2119 cum
2474 2065 2545 2118 de
2576 2064 2732 2119 nobis
2759 2065 2924 2131 dicat,
2953 2083 2971 2116 ι
3008 2065 3081 2121 Ut
3108 2066 3220 2120 sint
3246 2084 3438 2131 unum,

1864 2157 2007 2213 sicut
2029 2172 2127 2212 nos
2159 2173 2321 2211 unum
2359 2172 2545 2211 sumus
2570 2155 2639 2220 ",
2675 2146 2694 2209 ὁ
2728 2159 2795 2211 ab
2818 2158 2996 2227 seipso
3024 2170 3241 2229 sumpto
3257 2174 3442 2214 exem-

1866 2251 1974 2321 plo,
2016 2266 2120 2305 non
2154 2260 2211 2304 ut
2241 2265 2463 2321 prorsus
2485 2265 2647 2303 unum
2698 2258 2890 2303 natura
2924 2266 3047 2304 cum
3098 2250 3207 2305 Deo
3237 2252 3439 2306 elIicia-

1864 2360 2008 2405 mur,
2040 2345 2141 2397 hoc
2165 2344 2261 2408 ait,
2297 2344 2392 2397 sed
2430 2342 2880 2411 quemadmodum
2928 2343 3043 2413 ipse
3073 2339 3237 2397 unum
3281 2354 3439 2399 natu-

1865 2440 2055 2492 raliter
2086 2438 2240 2507 121
2271 2446 2355 2492 est
2392 2452 2514 2491 cum
2548 2435 2729 2499 Patre,
2766 2437 2836 2489 ita
2882 2437 3044 2490 etiam
3081 2451 3178 2492 nos
3206 2451 3437 2492 consen—

1862 2531 2016 2584 sione
2044 2530 2347 2582 animorum
2390 2535 2443 2580 et
2470 2526 2806 2579 voluntatum
2838 2539 3003 2577 unum
3035 2523 3250 2591 ﬁamus,
3281 2534 3437 2578 natu-

1861 2623 2028 2677 ralem
2056 2621 2391 2675 identitatem
2410 2618 2584 2673 Patris
2607 2633 2728 2671 cum
2765 2617 2924 2680 Filio,
2962 2616 3251 2686 imaginem
3277 2627 3438 2687 atque

1860 2714 2141 2781 exemplar
2190 2712 2347 2766 nobis
2404 2718 2785 2780 proponentes,
2831 2708 3114 2764 indivulsa:
3148 2709 3291 2764 inter
3337 2726 3436 2764 nos

1860 2808 2187 2869 concordiae,
2239 2819 2357 2874 quae
2391 2819 2489 2858 nos
2524 2804 2684 2857 veluti
2718 2818 2880 2856 unum
2917 2815 3113 2871 corpus
3160 2816 3437 2872 unumque

1861 2901 2101 2954 animum
2128 2897 2345 2952 eﬂicere
2383 2896 2575 2951 valeat.
2608 2897 2684 2951 lta
2717 2895 2864 2950 enim
2895 2894 2963 2950 de
3005 2895 3073 2950 iis
3115 2896 3206 2964 qui
3256 2895 3435 2950 credi-

1857 2992 2056 3047 derunt
2102 2991 2365 3059 scriptum
2415 2999 2548 3043 est:
2602 3007 2620 3039 ι
2661 2987 3024 3043 Multitudinis
3090 2988 3429 3044 credentium

1858 3093 1975 3139 erat
2002 3097 2098 3138 cor
2121 3095 2309 3143 unum,
2338 3088 2390 3133 et
2416 3079 2597 3133 anima
2635 3093 2739 3131 una
2780 3078 2844 3131 ‘3.
2880 3095 2898 3129 ι

2528 3187 2738 3243 ALIUD

1927 3304 2059 3373 Quae
2093 3303 2421 3359 naturaliter
2448 3301 2719 3368 aliquibus
2771 3300 2973 3367 insunt,
3023 3301 3186 3356 Veluti
3241 3302 3431 3371 imagi-
3500 3351 3503 3354 ι

1858 3412 1954 3453 nes
1982 3398 2227 3466 quaedam
2265 3393 2628 3449 immutabiles
2661 3402 2785 3447 sunt
2817 3392 2882 3447 iis
2912 3393 3002 3463 qui
3045 3395 3111 3447 ad
3148 3408 3210 3447 ea
3242 3394 3430 3448 volun-

1858 3500 2020 3544 tatem
2072 3503 2224 3542 suam
2275 3485 2619 3541 conformare
2671 3485 2900 3537 volunt:
2957 3483 3115 3553 quale
3161 3494 3243 3539 est
3285 3487 3427 3540 hoc:

1871 3600 1890 3633 ι
1934 3581 2121 3636 Estote
2152 3581 2291 3634 sicut
2334 3587 2632 3647 serpentes,
2670 3587 2724 3630 et
2748 3576 2888 3629 sicut
2914 3576 3261 3653 columbae".
3298 3598 3316 3629 ι
3341 3577 3431 3631 Fi-

1852 3673 1960 3726 lius
1992 3671 2178 3741 itaque
2206 3671 2545 3725 identitatem
2577 3666 2880 3722 naturalem
2908 3683 3070 3735 quam
3099 3684 3219 3722 cum
3269 3668 3430 3723 Patre

1854 3764 2037 3829 habet,
2071 3762 2238 3817 veluti
2269 3761 2547 3830 exemplar
2574 3758 2843 3827 quoddam
2877 3760 2943 3811 ad
2983 3758 3301 3813 imitandum
3332 3775 3429 3813 no—

1852 3856 1936 3911 bis
1983 3856 2258 3927 proponit,
2310 3854 2377 3906 ad
2422 3853 2564 3921 quod
2599 3861 2837 3920 mutuam
2868 3851 3009 3904 inter
3047 3865 3144 3904 nos
3184 3850 3429 3904 arctissi-

1852 3961 2103 4015 mamque
2156 3945 2496 3999 voluntatum
2555 3943 2814 3996 unitatem
2867 3940 3231 3995 eﬂ'ormemus.
3291 3941 3425 3996 Cum

1853 4054 1981 4108 ergo
2010 4038 2074 4091 de
2107 4037 2263 4090 nobis
2309 4036 2475 4089 dicit:
2514 4052 2531 4085 ι
2566 4034 2638 4089 Ut
2667 4042 2722 4088 et
2750 4034 2851 4102 ipsi
2879 4049 3044 4087 unum
3081 4034 3210 4097 sint,
3236 4048 3426 4102 quem-

1853 4130 2141 4183 admodum
2198 4138 2253 4181 et
2301 4141 2398 4180 nos
2445 4141 2611 4178 unum
2654 4140 2861 4189 sumus,
2904 4143 2922 4175 ι
2958 4139 3064 4178 non
3103 4133 3161 4177 ut
3216 4124 3425 4191 abjecta

1850 4230 2043 4275 natura
2075 4229 2260 4273 nostra
2294 4218 2347 4272 in
2391 4217 2512 4271 Filii
2557 4226 2805 4270 naturam
2842 4225 3283 4281 transmutemur,
3324 4217 3425 4271 hoc

1848 4312 1982 4367 dicit
2015 4310 2154 4382 (fleri
2186 4310 2330 4362 enim
2366 4325 2470 4363 non
2506 4306 2730 4379 potest),
2763 4310 2877 4375 sed,
2904 4316 2963 4361 ut
2995 4309 3193 4362 dictum
3224 4318 3327 4371 est,
3360 4308 3423 4361 il-

1850 4404 1940 4457 lud
1976 4405 2121 4456 inter
2152 4415 2250 4455 nos
2298 4402 2600 4455 animorum
2629 4402 2983 4455 consensione
3026 4398 3238 4464 ﬁamus,
3281 4403 3424 4467 quod

164 4486 385 4556 Πατέρα
404 4504 418 4517 ·
454 4485 510 4538 ἓν
537 4487 757 4559 δηλαδή.
802 4488 865 4540 Εἰ
893 4488 948 4540 δὲ
981 4490 1079 4541 οὐκ
1123 4489 1269 4541 ἔστιν
1298 4490 1461 4544 εἰκὼν
1486 4491 1579 4545 καὶ
1606 4492 1737 4545 ὑπό-

1860 4498 1966 4563 ipse
2012 4489 2335 4545 naturaliter
2372 4499 2455 4543 est
2492 4504 2613 4542 cum
2652 4487 2833 4552 Patre,
2874 4503 3037 4541 unum
3081 4487 3313 4541 scilicet.
3362 4486 3421 4539 Si

159 4580 362 4648 δειγμα
394 4579 453 4631 τὸ
484 4579 796 4650 λεγόμενον,
828 4580 963 4634 ἀλλὰ
1006 4581 1219 4645 πάντως
1253 4584 1488 4655 φυσικὴν
1522 4584 1739 4638 ἔσεσθαί

160 4686 287 4723 τινα
318 4670 620 4740 μεταϐολὴν
656 4671 823 4723 οἴεταί
851 4687 954 4735 τις,
986 4672 1178 4724 ἑαυτὸν
1219 4671 1466 4742 ἐξαπατᾷ
1510 4671 1571 4724 τὸ
1603 4672 1737 4743 άληο

164 4763 255 4825 θὲς
288 4763 386 4832 οὐχ
404 4761 565 4832 ὀρῶν.
612 4762 673 4814 Εἰ
700 4762 808 4832 γὰρ
835 4763 1084 4816 ἐϐούλετο
1114 4762 1365 4831 γενέσθαι
1409 4763 1549 4816 κατὰ
1578 4763 1737 4831 φύσιν

164 4857 310 4926 ἡμᾶς
356 4858 384 4907 ὁ
434 4854 562 4916 Υἱὸς
613 4854 749 4929 ὅπερ
790 4856 934 4908 ἐστὶν
968 4856 1128 4918 αὐτὸς
1176 4857 1312 4927 πρὸς
1370 4856 1460 4909 τὸν
1495 4856 1734 4925 Πατέρα,

161 4948 330 5016 ἐχρῆν
357 4947 531 4998 εἰπεῖν
556 4960 569 4974 ⁸
616 4944 726 4998 ’Ίνα
766 4946 831 5017 δὴ
864 4944 1053 5017 ὥσπερ
1099 4945 1209 5014 ἐγὼ
1232 4946 1367 5019 πρὸς
1401 4946 1483 5010 σὲ,
1532 4947 1732 5017 Πάτερ,

159 5040 219 5091 ἒν
256 5040 392 5107 εἰμι,
424 5036 564 5089 οὕτω
597 5037 691 5089 καὶ
719 5037 891 5090 αὐτοί.
924 5037 1063 5090 Νυνὶ
1103 5037 1159 5090 δὲ
1198 5037 1355 5091 τοῦτο
1387 5038 1485 5108 μὲν
1513 5038 1613 5090 οὐκ
1654 5039 1736 5091 εἰ·

158 5137 298 5199 πὼν,
334 5135 411 5205 τῷ
454 5134 510 5186 δὲ
558 5132 904 5205 πληθυντικῷ
958 5134 1307 5204 χρησάμενος
1347 5132 1584 5203 ἀριθμῷ,
1642 5133 1734 5186 καὶ

154 5227 364 5295 λέγων·
405 5245 425 5278 ι
464 5227 581 5279 Ἵνα
624 5223 811 5295 ὥσπερ
850 5224 960 5293 ἐγὼ
1001 5225 1095 5278 καὶ
1143 5226 1207 5278 σὺ
1254 5226 1313 5277 ἓν
1362 5228 1549 5295 ἐσμεν,
1590 5224 1732 5277 οὕτω

155 5322 250 5375 καὶ
277 5322 435 5374 αὐτοὶ
470 5323 530 5373 ὲν
554 5323 686 5391 ἡμῖν
724 5318 784 5371 ἒν
825 5313 948 5381 ὦσι,
990 5338 1009 5370 ι
1050 5317 1288 5371 διδάσκει
1324 5316 1509 5386 σαφῶς
1545 5317 1735 5391 ὅτιπερ

154 5416 255 5466 οὐκ
286 5416 367 5477 εἰς
396 5411 494 5483 τὴν
532 5412 632 5483 τῆς
665 5411 916 5479 θεότητος
945 5409 1107 5479 φύσιν
1140 5408 1571 5480 μεταποιηθῖψαι
1610 5408 1733 5479 βού-

153 5505 301 5558 λεται
336 5506 464 5567 τοὺς
513 5507 593 5568 εἰς
633 5504 797 5557 αὐτὸν
841 5503 1193 5565 πιστεύοντας
1241 5502 1522 5568 (ἀπίθανον
1575 5502 1728 5575 γὰρ),

151 5597 265 5652 ἀλλ’
294 5595 481 5649 εἰκόνα
508 5596 607 5666 τῆς
646 5595 786 5650 κατὰ
825 5595 1146 5666 προαίρεσιν
1181 5596 1431 5669 ὲνότητος
1462 5593 1728 5660 λαϐόντας

219 5777 261 5807 ιθ
295 5774 486 5839 Matth.
524 5790 599 5836 xl,
633 5774 721 5827 29.
804 5774 843 5803 ¹⁷
876 5772 1029 5828 Joan.
1055 5790 1185 5837 xvn.
1214 5776 1295 5830 ll.

472 5868 743 5928 ΡΑτιιοι..
790 5867 905 5927 Gn.
958 5868 1201 5932 LXXV.

1844 4600 1976 4639 vero
2005 4584 2055 4637 id
2092 4582 2236 4651 quod
2266 4581 2464 4635 dicitur
2490 4594 2595 4633 non
2624 4587 2706 4633 est
2731 4580 2906 4650 imago
2930 4587 3094 4647 atque
3116 4578 3415 4647 exemplar,

1845 4679 1937 4733 sed
1981 4676 2207 4730 omnino
2255 4672 2559 4728 naturalem
2599 4672 2832 4742 aliquam
2867 4672 3297 4726 immutationem
3335 4670 3419 4723 l'u-

1849 4780 2023 4824 turam
2053 4765 2403 4835 imaginatur,
2434 4764 2674 4832 seipsum
2707 4762 2906 4831 decipit
2937 4777 3119 4817 verum
3161 4778 3265 4817 non
3299 4777 3418 4816 cer-

1844 4876 1998 4917 nens.
2035 4858 2169 4913 Nam
2194 4859 2240 4913 si
2271 4856 2442 4911 Filius
2479 4857 2742 4912 voluisset
2785 4868 2883 4909 nos
2922 4855 3219 4909 secundum
3258 4863 3418 4907 natu-

1845 4969 1959 5008 ram
1993 4951 2107 5006 ﬁeri
2134 4949 2185 5005 id
2214 4950 2357 5020 quod
2388 4949 2504 5018 ipse
2529 4956 2615 5002 est
2643 4962 2766 5002 cum
2805 4945 2987 5010 Patre,
3021 4946 3248 5001 dixisset
3275 4959 3416 5015 pro-

1840 5046 1982 5099 fecto
2013 5057 2028 5096 :
2065 5042 2161 5109 Ut,
2208 5039 2659 5110 quemadmodum
2713 5047 2887 5093 tecum
2930 5052 3029 5107 ego
3064 5026 3228 5091 tinum
3269 5052 3410 5102 sum,

1843 5136 1916 5191 ita
1947 5146 2000 5190 et
2026 5136 2144 5203 ipsi.
2179 5132 2331 5187 Nunc
2360 5146 2488 5186 vero
2522 5146 2627 5185 non
2662 5132 2735 5184 ita
2772 5131 2927 5194 dicit,
2968 5128 3059 5183 sed
3089 5127 3283 5198 plurali
3312 5143 3417 5182 nu-

1838 5244 1989 5284 mero
2021 5236 2200 5290 utens,
2224 5233 2279 5280 et
2309 5225 2494 5279 dicens
2521 5243 2533 5278 :
2566 5242 2583 5274 ι
2614 5222 2707 5288 Ut,
2739 5221 3190 5292 quemadmodum
3228 5233 3327 5288 ego
3358 5228 3414 5272 et

1845 5330 1899 5375 tu
1936 5333 2100 5373 unum
2128 5332 2336 5379 sumus,
2375 5317 2446 5370 ita
2491 5323 2547 5369 et
2578 5315 2680 5385 ipsi
2721 5314 2773 5367 in
2809 5313 2964 5369 nobis
3001 5326 3164 5366 unum
3209 5310 3339 5376 sint,
3384 5328 3404 5361 υ

1841 5410 2001 5465 docet
2042 5418 2251 5477 aperte,
2280 5420 2386 5461 non
2426 5404 2529 5459 hoc
2564 5403 2702 5458 velle
2751 5417 2832 5467 se,
2865 5410 2923 5455 ut
2957 5399 3046 5469 qui
3076 5397 3413 5453 crediderint

1838 5504 1892 5556 in
1915 5517 2038 5556 eum
2066 5507 2496 5555 transmuteutur
2521 5497 2571 5573 in
2602 5502 2851 5550 naturam
2875 5492 3091 5548 deitatis
3115 5492 3243 5561 (hoc
3268 5492 3411 5545 enim

1839 5596 1955 5650 lieri
1992 5610 2096 5649 non
2126 5592 2345 5665 potest),
2373 5591 2466 5647 sed
2498 5600 2555 5646 ut
2576 5598 2937 5661 pr0ponentes
2960 5584 3115 5641 nobis
3136 5582 3415 5652 exemplar

1388 5797 1396 5806 ’
1456 5789 1574 5833 τίει.
1604 5793 1676 5843 tv,
1708 5776 1777 5831 52
1887 5777 1925 5807 ¹⁹
1960 5774 2150 5829 Matth.
2201 5791 2252 5840 κ,
2287 5772 2365 5826 16.

3041 5858 3072 5919 7
