3882 6210
394 364 397 367 -
444 327 550 384 20⁸5

1466 316 1523 371 S.
1561 315 1837 373 CYRILLI
1876 314 2345 372 ALEXANDRINI
2384 314 2702 372 ARCHIEP.

3592 312 3698 369 Μ

444 441 671 500 unitatis
697 441 1053 506 voluntatum,
1089 438 1143 495 id
1171 438 1315 509 quod
1355 438 1455 509 ipsi
1492 435 1816 492 naturaliter
1857 436 2014 502 inest,

2135 436 2182 489 ιδ
2234 436 2393 505 φύσει
2438 433 2639 505 προσὸν
2665 433 2837 504 αὐτῷ,
2888 432 3044 487 τοῦτο
3095 430 3230 486 εἶναι
3277 430 3419 485 κατὰ
3472 429 3697 500 γνώμην

440 536 493 590 id
520 549 645 588 esse
692 533 836 586 inter
863 544 961 585 nos
1002 530 1360 584 consensione
1408 529 1713 583 animorum
1752 526 2013 593 nitamur,

438 625 584 693 quod
616 623 732 694 ipse
753 632 837 677 est
873 621 1195 677 naturaliter
1230 637 1353 677 cum
1386 620 1571 676 Patre.

436 734 602 793 ALIU
616 738 673 797 Ι),
698 740 974 790 ostendens
1003 735 1117 789 ﬁeri
1148 736 1203 789 in
1224 734 1359 800 Deo,
1399 752 1501 789 non
1533 746 1741 789 natura:
1763 735 2018 788 immuta-

547 810 741 861 tionem
763 811 807 860 si
844 806 1083 874 niﬁcare,
1106 806 1195 859 sed
1229 821 1325 859 uer
1356 808 1530 875 ipsum
1562 805 1640 860 vel
1674 807 1741 861 ab
1772 806 1909 875 ipso.

511 978 801 1035 Psalmista
848 978 1048 1034 alicubi
1097 978 1172 1033 ita
1216 977 1332 1031 ait:
1369 995 1387 1028 ι
1422 976 1479 1031 1η
1529 986 1580 1032 te
1628 977 1880 1033 inimicos
1915 991 2017 1032 no-

442 1085 587 1129 stros
602 1088 771 1128 cornu
803 1084 1047 1142 petemus
1068 1071 1137 1125 ³ο.
1169 1089 1189 1123 ›
1218 1069 1285 1125 Ει
1314 1086 1529 1125 rursum
1560 1088 1573 1125 :
1607 1090 1625 1123 ι
1663 1071 1720 1125 ln
1757 1071 1871 1125 Deo
1901 1083 2021 1124 meo

434 1167 818 1237 transgredior
840 1180 1052 1219 murum
1072 1166 1141 1224 “.
1175 1184 1193 1217 ι
1214 1166 1377 1237 Atqui
1406 1165 1746 1234 perspicuum
1774 1175 1857 1218 est
1878 1162 2021 1233 quod

442 1276 551 1317 non
597 1261 649 1315 in
691 1260 802 1316 Deo
832 1257 1152 1315 naturaliter
1175 1270 1419 1315 versatus
1442 1273 1624 1313 muros
1654 1257 2020 1322 transcendat,

442 1362 539 1408 aut
569 1369 737 1409 cornu
770 1361 942 1422 petat,
975 1352 1070 1408 sed
1118 1352 1172 1405 in
1225 1352 1443 1406 nomine
1491 1350 1587 1405 Dei
1628 1360 1685 1405 et
1723 1350 1775 1404 i'n
1821 1350 2021 1404 virtute

443 1446 617 1514 ipsius
662 1446 715 1500 id
767 1444 925 1514 122
959 1444 1301 1512 prestiturus
1344 1443 1432 1496 sit.
1469 1441 1603 1495 Cum
1641 1442 1809 1511 igitur
1849 1439 2021 1495 Filius

441 1540 631 1594 dicat:
664 1557 682 1589 ι
717 1536 788 1592 Ut.
813 1549 866 1592 et
900 1536 999 1606 ipsi
1043 1538 1095 1591 in
1139 1537 1293 1591 nobis
1345 1551 1513 1589 unum
1545 1536 1678 1599 sint,
1711 1552 1730 1586 ι
1772 1550 1876 1589 non
1919 1535 2023 1589 hoc

449 1629 607 1695 dicit,
640 1638 700 1682 ut
729 1628 1011 1682 credentes
1051 1642 1217 1681 unum
1251 1625 1575 1680 naturaliter
1598 1638 1718 1679 cum
1752 1623 1861 1679 Deo
1889 1624 2018 1687 sint,

446 1723 542 1776 sed
577 1731 634 1775 ut
664 1721 717 1775 in
748 1719 968 1774 nomine
996 1718 1175 1775 Patris
1196 1730 1250 1774 et
1272 1718 1418 1783 Filii,
1448 1733 1552 1772 una
1579 1718 1720 1772 inter
1743 1732 1803 1772 se
1833 1716 2019 1770 volun—

434 1823 556 1869 .tate
587 1812 1011 1882 conjungantur,
1035 1819 1090 1865 et
1118 1811 1172 1864 in
1202 1809 1458 1864 amicitiae
1482 1807 1871 1877 cliaritatisque
1900 1806 2018 1860 uni-

445 1915 610 1960 tatem
639 1902 970 1959 coalescant.
999 1900 1133 1957 Cum
1182 1915 1313 1956 vero
1350 1901 1501 1955 addit
1535 1901 1658 1964 hoc,
1682 1894 1717 1952 ἰ
1763 1900 2021 1969 quemad-

446 1996 665 2049 modum
718 2009 818 2049 nos
865 2009 1032 2048 unum
1090 2007 1302 2057 sumus,
1336 2009 1354 2043 ι
1385 1991 1732 2046 manifestum
1768 1999 1851 2046 est
1890 1988 2018 2043 illud

444 2102 552 2142 non
608 2085 909 2141 naturalem
948 2086 1382 2140 immutationem
1421 2084 1769 2138 credentibus
1806 2082 2019 2152 largiri,

444 2179 541 2234 sed
566 2178 731 2233 veluti
770 2177 1060 2247 imaginem
1107 2186 1270 2248 atque
1298 2175 1595 2246 exemplar,
1640 2166 1794 2228 nobis
1826 2187 2023 2243 propo-

444 2285 578 2325 nere
612 2271 663 2324 id
689 2270 835 2341 quod
867 2270 1193 2324 naturaliter
1223 2269 1326 2325 sibi
1352 2269 1515 2331 inest,
1549 2267 1616 2321 ad
1640 2268 1900 2321 unitatem
1920 2280 2018 2319 vo-

445 2362 709 2416 luntatum
741 2362 795 2415 in
830 2362 987 2416 nobis
1013 2358 1423 2415 eﬂ‘ormandam.
1460 2357 1572 2411 Vox
1605 2357 1748 2412 enim
1771 2358 2025 2427 quemad-

442 2457 659 2508 modum
687 2468 795 2509 non
826 2468 940 2508 rem
971 2454 1164 2524 ipsam,
1184 2451 1277 2507 sed
1294 2450 1700 2506 similitudinem
1732 2451 2019 2520 quamdam

443 2547 717 2617 signiﬁcat

443 2658 679 2723 ALIUD,
704 2674 798 2727 per
827 2657 967 2727 quod
1008 2657 1262 2727 discimus
1294 2672 1395 2723 quo
1438 2665 1592 2723 pacto
1622 2654 2019 2724 intelligendum

513 2734 580 2784 sit
616 2725 847 2782 dictum'
872 2730 1005 2780 illud
1041 2742 1058 2780 :
1098 2743 1117 2777 ι
1163 2725 1229 2778 Ut
1266 2727 1701 2794 quemadmodum
1745 2742 1836 2795 ego
1866 2739 1913 2776 et
1964 2735 2018 2795 tu

517 2816 681 2853 unum
728 2815 908 2851 sumus
932 2838 945 2857 ,
975 2799 1051 2849 ita
1084 2808 1129 2848 et
1162 2797 1263 2859 ipsi
1299 2812 1455 2847 unum
1488 2800 1590 2848 sint
1624 2810 1641 2848 :
1680 2794 1785 2865 ego
1804 2798 1859 2847 in
1892 2794 2019 2863 ipsis

509 2883 557 2925 et
592 2882 648 2923 tu
680 2872 735 2923 in
770 2884 871 2933 me,
903 2876 962 2921 ut
984 2871 1086 2921 sint
1113 2867 1331 2935 perfecti
1360 2868 1414 2919 in
1448 2881 1609 2918 unum
1636 2866 1703 2917 “.
1746 2883 1765 2917 ι

521 3051 662 3105 Deus
720 3048 957 3103 Verbum
1015 3061 1297 3116 magnam,
1356 3046 1465 3101 imo
1513 3060 1645 3101 vero
1698 3046 2019 3101 immensam

444 3142 733 3212 quarndam
758 3141 984 3208 gratiam
1018 3141 1256 3195 humano
1290 3139 1480 3209 generi
1513 3148 1778 3208 praestare
1803 3139 2017 3205 volens,

449 3235 616 3289 trahit
659 3226 847 3288 omnes
889 3233 1052 3285 veluti
1080 3233 1146 3285 ad
1180 3232 1441 3286 unitatem
1485 3232 1774 3300 quamdam
1816 3248 2021 3287 secum.

447 3327 582 3382 Cum
616 3324 760 3380 enim
804 3324 1031 3393 gestarit
1071 3338 1267 3393 corpus
1309 3323 1624 3389 humanum,
1667 3335 1915 3379 versatus
1938 3334 2023 3379 est

447 3420 502 3473 in
547 3417 725 3473 nobis.
757 3416 933 3472 Habet
986 3425 1164 3471 autem
1220 3416 1272 3470 in
1324 3416 1501 3485 seipso
1548 3414 1788 3480 Patrem,
1834 3426 2023 3485 utpote

447 3511 683 3566 Verbum
720 3510 890 3579 ipsius
934 3518 988 3564 et
1019 3508 1293 3578 splendor.
1332 3507 1792 3574 Quemadmodum
1834 3510 2019 3579 igitur,

445 3607 545 3671 ait,
577 3617 677 3673 ego
716 3618 833 3657 sum
869 3602 922 3656 in
954 3602 1055 3667 eis,
1084 3603 1209 3670 quia
1243 3600 1489 3654 eamdem
1517 3617 1638 3655 cum
1679 3604 1759 3656 eis
1793 3616 2015 3655 carnem

448 3704 624 3764 gesto,
658 3702 715 3747 et
747 3702 802 3747 tu
838 3693 998 3748 Pater
1034 3692 1087 3746 in
1130 3707 1233 3757 me,
1257 3693 1384 3761 quia
1414 3706 1515 3761 ego
1555 3706 1673 3746 sum
1717 3692 2021 3761 proprietas

448 3800 551 3842 tua:
586 3787 835 3841 essentia:
872 3802 887 3838 :
930 3784 1004 3838 ita
1046 3783 1169 3837 volo
1213 3793 1269 3837 ut
1308 3791 1364 3836 et
1408 3782 1508 3852 ipsi
1543 3781 1748 3836 unitate
1783 3781 2018 3851 quadam

450 3879 764 3935 coalescant
792 3876 938 3931 inter
964 3890 1045 3945 se,
1077 3887 1133 3929 et
1157 3873 1319 3929 veluti
1343 3889 1506 3927 unum
1538 3888 1733 3942 corpus
1760 3872 1936 3927 eli‘ecti
1968 3872 2019 3927 in

450 3988 538 4028 me
587 3986 776 4028 Omnes
825 3970 959 4033 sint,
994 3970 1191 4037 quippe
1227 3969 1316 4037 qui
1367 3982 1558 4021 omnes
1608 3975 1760 4037 gesto
1802 3977 2023 4034 propter

450 4081 618 4120 unum
653 4061 911 4130 templum
948 4060 1301 4115 humanitatis
1333 4075 1497 4129 quam
1527 4058 1833 4127 assumpsi;
1858 4065 2022 4126 atque

450 4156 525 4209 ita
551 4162 607 4206 et
643 4162 805 4206 erunt
844 4158 900 4204 et
936 4159 1226 4204 cernentur
1260 4150 1502 4218 perfecti.
1536 4148 1663 4202 Nam
1691 4158 1745 4202 et
1774 4162 1874 4217 ego
1895 4163 2021 4219 per-

450 4246 625 4301 fectus
650 4260 791 4310 sum,
823 4244 1037 4297 tametsi
1070 4244 1232 4297 homo
1264 4242 1439 4295 lactus
1469 4241 1593 4295 sim.

448 4358 680 4421 ALIUD,
710 4357 987 4411 ostendens
1017 4354 1316 4423 manifeste,
1352 4354 1490 4421 quod
1525 4369 1626 4407 non
1670 4353 1889 4421 prapria
1919 4368 2019 4405 no-

519 4444 630 4483 stra
660 4439 855 4481 natura
895 4427 1094 4479 amissa
1134 4430 1189 4478 in
1216 4427 1450 4477 diuinam
1478 4434 1728 4475 naturam
1751 4433 2021 4475 transmu-

519 4510 715 4562 tamur,
747 4498 957 4566 quando
994 4512 1153 4548 unum
1184 4510 1301 4566 cum
1341 4493 1449 4566 Deo
1480 4492 1609 4561 efﬁci
1648 4496 1898 4557 dicimur,
1930 4495 2019 4546 sed

520 4569 658 4639 quod
684 4563 966 4636 participes
996 4567 1157 4630 ipsius
1190 4564 1380 4631 eﬁ'ecti,
1412 4563 1508 4615 lwc
1540 4578 1806 4616 vocamur.

529 4766 547 4800 ι
587 4746 788 4808 ιιιΙιοο,
836 4764 854 4797 ι
892 4744 1062 4814 inquit
1094 4743 1281 4798 beatus
1307 4740 1565 4811 Joannes,
1603 4761 1621 4794 ι
1648 4745 2026 4814 cognoscimus

451 4839 597 4909 quod
646 4837 700 4891 in
748 4836 863 4905 ipso
892 4850 1194 4896 manemus,
1228 4845 1281 4888 et
1324 4834 1437 4903 ipse
1476 4836 1529 4889 in
1580 4836 1759 4900 nobis,
1790 4838 1916 4906 quia
1956 4852 2022 4891 ex

453 4929 657 5001 Spiritu
689 4943 786 4981 suo
827 4927 974 4980 dedit
1015 4927 1169 4980 nobis
1192 4926 1259 4979 ”.
1298 4943 1317 4978 ι
1361 4926 1417 4980 Si
1452 4941 1580 4996 ergo
1610 4943 1707 4997 per
1740 4928 2027 5000 participa-

450 5024 653 5078 tionem
706 5019 943 5090 Spiritus
976 5033 1140 5071 unum
1178 5017 1441 5073 eﬂicimur
1477 5034 1598 5074 cum
1648 5019 1779 5085 Deo,
1820 5029 1876 5075 et
1924 5036 2021 5076 nos

451 5115 667 5185 quidem
705 5113 757 5165 in
784 5115 923 5181 ipso,
958 5111 1179 5179 ipseque
1214 5112 1266 5164 in
1295 5111 1450 5166 nobis
1479 5127 1602 5165 esse
1625 5111 1853 5173 dicitur;
1884 5111 2023 5168 Ver-

448 5208 576 5262 bum
603 5214 783 5259 autem
821 5203 915 5257 Dei
945 5218 1052 5256 non
1087 5213 1170 5256 est
1198 5217 1265 5256 ex
1296 5218 1483 5257 eorum
1516 5219 1749 5260 numero
1780 5206 1871 5275 qui
1906 5223 2023 5277 par-

449 5288 645 5369 ticipes
674 5296 911 5367 Spir-itus
945 5295 1121 5349 sancti
1152 5298 1306 5364 liunt,
1352 5299 1446 5352 sed
1477 5312 1593 5367 ipse
1632 5300 1811 5367 potius
1851 5299 2022 5368 Spiri-

454 5400 566 5444 tum
595 5389 870 5460 largitur:
911 5386 1255 5443 manifeStum
1299 5402 1447 5447 certe
1473 5394 1601 5456 erit,
1654 5408 1759 5446 non
1808 5392 1883 5447 ita
1924 5408 2021 5448 nos

449 5479 507 5534 in
534 5478 646 5534 Deo
674 5494 738 5534 ac
769 5478 929 5532 Patre
964 5493 1107 5543 esse,
1140 5483 1594 5550 quemadmodum
1630 5498 1744 5551 ipse
1776 5492 1882 5541 est.
1912 5484 2019 5539 Sed

448 5574 566 5643 ipse
588 5574 639 5627 in
667 5582 863 5626 natura
895 5570 1008 5639 ipsa
1035 5574 1294 5643 genitoris
1315 5576 1400 5630 sui
1420 5584 1523 5640 est,
1542 5584 1726 5645 utpote
1756 5573 2017 5644 Verbum,

2118 526 2454 597 ἐπείγεσθαι,
2489 528 2517 580 ὃ
2554 527 2703 580 ἔστιν
2738 525 2902 589 αὐτὸς
2934 524 3177 596 φυσικῶς
3205 523 3341 596 πρὸς
3367 520 3460 575 τὸν
3500 524 3695 592 γεννή-

2118 632 2305 671 σαντα.

2115 732 2323 795 ΑΛΛΟ,
2356 731 2637 787 δεικνύω·
2671 731 2761 785 ὅτι
2794 731 2859 785 τὸ
2901 731 2972 785 ἐν
3012 729 3134 795 Θεῷ
3170 730 3437 795 γίνεσθαι,
3469 729 3558 798 οὐ,
3583 730 3697 798 φύ-

2187 819 2342 868 σεως
2370 803 2649 873 σημαίνει
2669 802 3032 873 μεταϐολὴν,
3068 802 3206 856 ἀλλ’
3236 802 3326 856 ὅτι
3362 800 3433 854 δι’
3460 796 3626 853 αὑτοὺ
3652 799 3693 868 ἦ

2186 873 2319 943 παρ’
2359 872 2551 928 αὐτοῦ.

2130 998 2133 1001 ’
2189 985 2516 1057 Εὐρίσκεταί
2546 1003 2651 1040 που
2679 986 2856 1056 λέγων
2874 986 2903 1039 ό
2928 984 3231 1055 Ψαλμῳδός
3250 1001 3265 1016 ο
3288 1003 3308 1037 ι
3347 983 3438 1039 Ἐν
3467 985 3551 1039 σοὶ
3566 986 3696 1050 τοὺς

2118 1077 2347 1149 ἐχθροὺς
2391 1077 2552 1149 ἡμῶν
2579 1076 2963 1150 κερατιοῦμεν.
3004 1094 3023 1129 s
3060 1076 3171 1129 Καὶ
3203 1075 3382 1130 πάλιν
3425 1094 3445 1129 ι
3496 1076 3588 1129 Ἐν
3614 1076 3696 1145 τῷ

2119 1170 2240 1241 Θεῷ
2299 1188 2401 1242 μου
2456 1170 2837 1242 ὑπερϐήσομαι
2883 1171 3078 1240 τεῖχος.
3135 1188 3155 1220 ι
3208 1169 3346 1223 Ἀλλ’
3386 1168 3503 1221 ἔστι
3538 1168 3699 1241 δῆλον

2118 1263 2312 1334 ὅτιπερ
2342 1264 2441 1316 οὐκ
2468 1265 2526 1316 ἐν
2553 1262 2632 1334 τῷ
2660 1260 2779 1333 Θεῷ
2804 1263 3093 1332 γενόμενος
3120 1261 3363 1332 φυσικῶς
3399 1262 3490 1315 καὶ
3519 1264 3699 1333 τεῖχος

2120 1352 2530 1425 ὑπερϐήσεσθαι
2556 1354 2652 1407 καὶ
2678 1356 2971 1425 πρατιεῖν,
3010 1353 3125 1408 ἀλλ’
3154 1354 3236 1406 ὅτι
3274 1356 3331 1407 ὲν
3357 1353 3435 1423 τῷ
3469 1352 3699 1423 ὀνόματι

2120 1446 2214 1500 τοῦ
2255 1446 2389 1499 Θεοῦ
2429 1447 2521 1500 καὶ
2557 1448 2616 1502 ἐν
2646 1449 2711 1518 τῇ
2751 1446 2978 1517 δυνάμει
3038 1444 3206 1500 αὐτοῦ
3252 1445 3409 1500 τοῦτο
3458 1447 3695 1515 ποιησει.

2122 1537 2331 1592 Οὐκοῦν
2353 1539 2481 1592 ὅταν
2507 1541 2535 1593 ό
2567 1538 2694 1601 Υίδς
2723 1538 2858 1608 λέγῃ
2882 1554 2895 1566 ’
2937 1554 2958 1589 ι
3000 1537 3116 1591 Ἵνα
3149 1537 3245 1590 καὶ
3271 1537 3424 1591 αὐτοὶ
3460 1538 3521 1590 ἐν
3562 1538 3699 1607 ἡμῖν

2120 1630 2178 1684 ἓν
2208 1626 2365 1696 ὦσιν,
2398 1651 2417 1684 ι
2453 1631 2554 1701 οὐχ
2577 1632 2664 1683 ἵνα
2696 1630 2840 1685 κατὰ
2862 1628 3021 1699 φύσιν
3059 1629 3117 1684 ἓν
3141 1630 3407 1699 γένωνται
3434 1629 3573 1701 πρὸς
3606 1628 3701 1682 τὸν

2119 1724 2253 1779 Θεὸν
2280 1726 2329 1778 oi
2370 1723 2740 1789 πιστεύοντες,
2773 1722 2929 1777 τοῦτό
2966 1740 3152 1795 φησιν,
3187 1722 3304 1777 ἀλλ’
3341 1723 3428 1778 ῑνα
3476 1725 3535 1776 ὲν
3577 1723 3702 1775 όνό-

2051 1860 2094 1916 Β
2126 1835 2256 1889 ματι
2285 1817 2497 1889 Πατρὸς
2534 1818 2629 1871 καὶ
2660 1816 2818 1887 Υίοῦ,
2848 1814 2976 1888 μίαν
3004 1815 3177 1886 ἔχοιεν
3210 1817 3290 1880 εἰς
3317 1814 3579 1887 ἀλλήλους
3600 1814 3703 1885 τὴν

2124 1909 2370 1982 γνώμην,
2424 1909 2521 1964 καὶ
2563 1909 2645 1973 είς
2696 1909 2878 1978 φιλίας
2929 1907 3156 1978 ἑνότητα
3209 1907 3701 1978 περισφίγγωνται,

2138 2000 2357 2070 Ἐπειδὴ
2375 1998 2433 2052 δὲ
2454 1997 2774 2070 προστίθησι
2803 1996 2884 2061 τὸ,
2913 2016 2931 2049 ι
2971 1995 3154 2059 καθὼς
3182 1997 3339 2067 ἡμεῖς
3360 1995 3418 2048 ’ἐν
3448 1997 3639 2065 ἐσμεν,
3678 2015 3697 2047 s

2122 2090 2281 2161 δῆλός
2314 2092 2462 2143 ἐστιν
2487 2089 2548 2142 οὐ
2584 2087 2816 2159 φυσικὴν
2845 2088 2961 2149 τοῖς
2998 2085 3316 2139 πιστεύουσι
3343 2082 3705 2156 χαριζόμενος

2128 2182 2452 2254 μεταϐολὴν,
2487 2181 2602 2236 ἀλλ’
2640 2182 2716 2245 ὼς
2746 2179 2931 2234 είκόνα
2972 2179 3069 2233 καὶ
3101 2177 3403 2247 ὑπόδειγμα
3439 2175 3502 2229 τὸ
3541 2176 3705 2245 φύσει

2123 2273 2326 2345 προσὸν
2361 2270 2510 2342 αὑτῷ
2534 2270 2706 2334 τιθεὶς
2751 2269 2852 2339 τῆς
2899 2266 3290 2341 προαιρετικῆς
3323 2265 3483 2337 ημῶν
3517 2265 3706 2334 ἑνότη-

2121 2384 2234 2429 τος.
2289 2365 2363 2418 Τὸ
2410 2365 2540 2436 γὰρ,
2592 2362 2806 2429 καθὼς,
2862 2362 2923 2415 οὐ
2980 2362 3195 2425 πάντως
3243 2359 3537 2431 ἀλήθειαν,
3583 2358 3703 2412 ἀλλ’

2122 2456 2379 2530 ὁμοίωσίν
2408 2473 2529 2511 τινα
2566 2454 2884 2527 παραδηλοῖ.

2122 2658 2331 2719 ΑΔΛΟ,
2366 2657 2440 2710 δι’
2474 2651 2546 2712 οὗ
2593 2653 2975 2724 μανθάνομεν
3015 2652 3174 2724 ὅπως
3207 2647 3500 2724 προσήκει
3535 2646 3704 2724 νοεῖτ-

2192 2718 2487 2795 τᾲρητὸν,
2516 2718 2874 2782 τοὺτέοντιιοκ⁷
2899 2742 2918 2775 ι
2952 2724 3085 2778 Ἵνα
3112 2718 3313 2795 ὥσπερ
3348 2718 3461 2795 ἐῃὼ
3490 2719 3587 2795 κέιὶ
3616 2718 3704 2771 σὺ

2304 2783 2510 2867 super,
2557 2798 2710 2867 οὕτω
2758 2795 2858 2867 καὶ
2903 2783 3347 2867 adcolae-fugi?
3386 2783 3456 2867 ἒς
3507 2783 3699 2842 ὦσιν·

2191 2868 2306 2938 ἐγὼ
2347 2856 2416 2920 ἐν·
2452 2856 2685 2938 αὐτοῖς,
2724 2866 2825 2918 καὶ
2857 2865 2938 2918 σὺ
2970 2864 3040 2918 ἐν
3069 2856 3365 2934 ἐμοὶ,”ῐνα
3402 2856 3516 2916 ὦσι
3548 2875 3703 2913 τετε-

2192 2936 2500 3008 λειωμένοι
2541 2940 2628 3003 εὶς
2655 2936 2743 2994 ἐν.
2792 2955 2813 2986 s

2192 3050 2452 3122 Μεγάλην
2489 3049 2611 3104 τινὰ
2644 3049 2736 3103 καὶ
2764 3049 3017 3121 ὑπερφυῆ
3057 3047 3136 3118 τῷ
3173 3048 3319 3116 γένει
3347 3044 3454 3098 τῶν
3484 3043 3703 3115 ἀνθρὼ-

2124 3161 2242 3198 πων
2279 3141 2607 3197 καταθέσθαι
2639 3142 2796 3212 χάριν
2828 3140 3149 3210 βουλόμενος
3168 3142 3197 3192 ό
3226 3137 3321 3192 τοῦ
3349 3136 3482 3190 Θεοῦ
3505 3136 3705 3205 Λόγος,

2127 3235 2276 3289 ἕλκει
2317 3235 2639 3305 σύμπαντας
2670 3233 2745 3295 ὡς
2778 3232 2911 3303 πρὸς
2934 3232 3161 3301 ἑνότητα
3182 3232 3279 3301 τὴν
3317 3228 3449 3300 πρὸς
3480 3229 3700 3282 ἑαυτόν.

2123 3329 2362 3400 Φορέσας
2403 3327 2503 3396 μὲν
2537 3325 2642 3396 γὰρ
2661 3323 2722 3377 τὸ
2747 3323 2907 3393 σῶμα
2920 3324 2981 3376 τὸ
3003 3322 3362 3395 ἀνθρώπινον,
3382 3324 3605 3390 γέγονεν
3642 3325 3703 3375 ὲν

2126 3421 2279 3490 ἡμῖν.
2309 3419 2464 3488 Ἔχει
2491 3417 2548 3469 δὲ
2587 3418 2644 3469 ὲν
2667 3415 2844 3485 ἑαυτῷ
2872 3414 2963 3468 τὸν
2994 3413 3229 3484 Πατέρα,
3244 3413 3317 3476 ὡς
3333 3414 3502 3481 Λόγος
3531 3412 3700 3466 αὑτοῦ

2126 3511 2219 3564 καὶ
2239 3508 2602 3578 ἀπαύγασμα.
2628 3507 2841 3577 ’Ὠσπερ
2862 3501 2975 3568 οὖν,
3007 3507 3192 3575 φησὶν,
3220 3503 3330 3572 ἐγώ
3363 3507 3478 3574 ειμι
3512 3505 3569 3556 ἐν
3598 3504 3700 3556 αὺ-

2123 3604 2256 3665 τοῖς,
2283 3600 2371 3654 διὰ
2389 3600 2449 3653 τὸ
2479 3600 2577 3671 τὴν
2609 3599 2779 3671 αὐτὴν
2803 3600 2986 3660 αὐτοῖς
3011 3596 3239 3667 φορέσαι
3261 3595 3460 3667 σάρκα,
3493 3595 3587 3647 καὶ
3610 3596 3700 3658 σὺ,

2133 3694 2336 3766 Πάτερ,
2371 3696 2429 3747 ὲν
2466 3695 2608 3763 ἐμοὶ,
2644 3691 2732 3745 διὰ
2769 3691 2829 3744 τὸ
2861 3685 3000 3743 εἷναί
3031 3704 3098 3759 με
3131 3689 3229 3759 τῆς
3267 3690 3366 3757 σῆς
3410 3687 3599 3750 οὐσίας
3639 3689 3703 3737 τὸ

2132 3789 2281 3853 tam,
2299 3788 2443 3842 οὕτω
2472 3786 2730 3859 βούλομαι
2749 3786 2835 3839 ἵνα
2853 3785 2945 3837 καὶ
2966 3783 3118 3836 αὐτοὶ
3133 3784 3211 3845 είς
3233 3781 3459 3850 ἑνότητα
3472 3798 3594 3833 τινα
3616 3797 3704 3833 συο

2122 3879 2467 3951 ναφ[θ]έντες
2490 3877 2739 3948 ἀλλήλοις
2750 3873 3224 3947 ἁνακραθῶσι,καὶ
3237 3871 3423 3943 ὥσπερ
3449 3872 3508 3926 ἓν
3540 3872 3701 3943 σῶμα

2125 3973 2407 4044 γενόμενοι
2438 3974 2495 4027 ὲν
2534 3971 2660 4042 ἐμοὶ
2692 3970 2890 4031 πάντες
2922 3962 3054 4020 ὦσιν
3082 3966 3155 4030 ὡς
3199 3964 3407 4028 πάντας
3445 3964 3702 4036 φοροῦντι

2123 4065 2211 4119 διὰ
2238 4063 2333 4118 τοῦ
2373 4063 2492 4127 ἐνὸς
2530 4061 2929 4133 ἀναληφθέντος
2977 4058 3128 4123 ναοῦ,
3164 4056 3307 4111 οὓτω
3352 4072 3413 4109 τε
3459 4051 3571 4109 εἷεν
3608 4056 3705 4108 καὶ

2125 4156 2400 4226 φαίνοιντο
2425 4155 2852 4225 τετελειωμένοι.
2898 4153 3009 4206 Καὶ
3039 4151 3148 4222 γὰρ
3200 4150 3310 4218 ἐγὼ
3346 4148 3552 4212 τέλειός
3578 4149 3704 4219 είμι

2124 4248 2219 4301 καὶ
2252 4248 2349 4303 ἄνθ
2357 4265 2538 4320 ρωπος
2566 4247 2824 4317 γεγονώς.

2121 4363 2325 4427 ΑΛΛΟ,
2365 4361 2644 4415 δεικνύον
2671 4358 2926 4430 ἀκριϐῶς
2965 4358 3169 4427 ὅτιπερ
3212 4360 3284 4412 οὑ
3320 4356 3436 4425 τὴν

2191 4432 2449 4502 ἀφέντες
2500 4433 2711 4500 φύσιν,
2746 4427 2914 4499 ’πρὸς
2966 4430 3083 4497 τὴν
3130 4430 3299 4502 θείαν
3346 4427 3701 4502 permorari-

2188 4496 2360 4577 mea,
2402 4496 2546 4577 ὅταᾷ
2568 4501 2647 4577 ξίν
2679 4496 2950 4577 τίν-εσθαι
2991 4496 3143 4577 πρὸς
3184 4499 3291 4552 τὸν
3329 4498 3480 4577 Θεὸς·
3526 4496 3701 4577 λεχώ

2185 4570 2358 4643 λιιεθα,
2390 4572 2527 4627 ἀλλ’
2557 4572 2646 4626 ὅτι
2666 4570 2909 4642 μέτοχοι
2934 4574 3242 4642 γεγονότες
3274 4570 3483 4633 αὑτοῦ,
3522 4570 3704 4621 τοῦτο

2190 4644 2555 4712 καλούμεθα.

2204 4758 2263 4811 Ὃ
2304 4756 2572 4828 μακάριος
2609 4754 2863 4825 Ἰωάννης
2890 4755 3085 4825 φησίν·
3125 4772 3144 4805 ι
3194 4754 3283 4807 Ἐν
3315 4753 3491 4823 τούτῳ
3538 4750 3701 4820 γινώ-

2124 4866 2327 4920 σκομεν
2347 4850 2428 4903 ὅτι
2462 4851 2519 4901 ὲν
2551 4846 2699 4918 αὐτῷ
2728 4847 2984 4918 μένομεν,
3026 4846 3123 4900 καὶ
3164 4846 3324 4908 αὐτὸς
3353 4848 3411 4898 ὲν
3440 4846 3593 4915 ἡμῖν,
3620 4845 3705 4898 δτι

2123 4943 2186 4994 ὲκ
2227 4939 2322 4993 τοῦ
2362 4939 2680 5009 Πνεῦματος
2725 4938 2890 4991 αὐτοῦ
2922 4937 3118 4990 ἔδωκεν
3149 4938 3299 5006 ἡμῖν.
3348 4954 3366 4987 ι
3418 4936 3481 4988 Εἰ
3521 4936 3704 4988 τοίνυν

2125 5032 2219 5086 διὰ
2261 5032 2323 5085 τὸ
2373 5031 2618 5101 μετέχειν
2660 5030 2750 5082 τοῦ
2797 5028 3113 5098 Πνεῦματος
3153 5027 3212 5080 ἓν
3247 5026 3513 5096 γινόμεθα
3562 5028 3704 5097 πρὸς

2128 5126 2279 5190 Θεὸν,
2308 5124 2402 5177 καὶ
2434 5125 2592 5195 ἡμεῖς
2625 5123 2722 5193 μὲν
2750 5124 2806 5174 ὲν
2842 5121 3010 5190 αὐτῷ,
3039 5119 3198 5183 αὐτὸς
3225 5119 3280 5171 δὲ
3310 5122 3366 5172 ἐν
3401 5120 3532 5189 ἡμῖν
3562 5116 3702 5173 εἶναι

2128 5216 2340 5286 λέγεται
2364 5233 2378 5246 ο
2411 5216 2441 5268 ὁ
2473 5214 2529 5268 δὲ
2554 5213 2648 5268 τοῦ
2677 5213 2811 5266 Θεοῦ
2838 5213 3008 5281 Λόγος
3034 5212 3134 5263 οὐκ
3172 5211 3284 5263 ἔστι
3307 5210 3416 5263 τῶν
3444 5210 3701 5286 μετεχόν-

2128 5284 2236 5361 των
2264 5306 2325 5359 τὸ
2356 5304 2600 5375 Πνεῦμα,
2633 5303 2770 5358 ἀλλὰ
2816 5301 3017 5374 μᾶλλον
3049 5300 3143 5355 τοῦ
3189 5284 3510 5370 Πνεύματος
3570 5317 3700 5374 χορ.

2127 5400 2280 5472 ηγὸς,
2317 5398 2580 5471 πρόδηλον
2609 5398 2675 5452 ἂν
2700 5398 2785 5467 εἴη
2811 5397 3003 5467 ὅτιπερ
3034 5396 3132 5465 οὐχ
3160 5393 3236 5457 ὡς
3266 5394 3429 5461 αὑτός
3456 5395 3607 5447 ἐστιν
3642 5396 3702 5447 ὲν

2125 5490 2245 5561 Θεῷ
2288 5489 2383 5543 καὶ
2418 5487 2611 5558 Πατρὶ,
2647 5486 2790 5540 οὕτω
2833 5486 2929 5541 καὶ
2963 5487 3146 5556 ἡμεῖς.
3211 5482 3351 5536 Ἀλλ’
3391 5484 3554 5546 αὐτὸς
3602 5484 3699 5552 μὲν

2125 5581 2183 5631 ἐν
2220 5581 2284 5650 τῇ
2312 5577 2468 5647 φύσει
2502 5577 2595 5631 τοῦ
2624 5577 3007 5647 γεγεννηκότος
3040 5576 3207 5643 ἐστὶν,
3240 5574 3315 5639 ὡς
3340 5575 3511 5644 Λόγος
3534 5571 3698 5628 αὐτοῖν

521 5752 569 5784 ’⁸
594 5751 737 5807 Psal.
771 5767 923 5822 sint,
948 5754 1005 5809 6.
1079 5755 1123 5787 "
1154 5752 1301 5811 Psal.
1338 5769 1470 5823 xm,
1498 5753 1586 5812 30.
1664 5757 1710 5788 “
1740 5754 1894 5813 Joan.
1928 5771 2059 5826 xvu,
2092 5755 2186 5812 25.
2257 5758 2302 5791 ³³
2330 5758 2351 5813 l
2380 5755 2536 5812 Juan.
2573 5773 2643 5825 ιν,
2688 5758 2749 5812 l5

3708 906 3731 937 ἱ
