3882 6210
225 325 324 383 ³05

1616 315 2049 372 THESAURUS.

3340 317 3453 375 eoo
3526 277 3536 293 ’

227 444 311 500 καὶ
332 439 696 510 ἀπαύγασμα.
737 436 928 508 Ἡμεῖς
962 435 1015 490 δὲ
1038 435 1105 489 δι’
1137 434 1302 491 αὺτοῦ
1344 437 1446 508 τῆς
1485 437 1579 491 τοῦ
1623 438 1790 491 Πνευ-

1920 448 1948 491 ει
1972 436 2228 507 splendor
2264 437 2473 506 ipsius:
2508 450 2607 491 nos
2633 448 2762 490 vero
2806 448 2903 504 per
2939 435 3116 505 ipsum
3160 435 3458 504 participa—

227 549 388 606 ματος
420 529 655 602 μετοχῆς
700 527 1033 599 ἀξιούμενοι,
1083 528 1141 581 ἓν
1173 530 1245 593 ὡς,
1285 531 1422 601 πρὸς
1472 530 1604 583 Θεὸν
1646 530 1791 582 γίνε-

230 627 342 682 σθαι
371 623 669 694 λεγόμεθα.

456 755 660 819 ΔΛΛΟ,
700 753 815 823 τὴν
849 754 1045 822 αὐτὴν
1081 754 1229 822 ἕχον
1256 754 1549 810 διάνοιαν.

287 870 449 939 Λέγει
492 886 594 922 που
628 868 791 922 πάλιν
821 868 851 920 6
882 867 1151 940 μακάριος
1194 869 1446 940 Ἰωάννης
1470 886 1484 901 ·
1535 890 1553 922 ι
1606 872 1701 933 Ὃς
1730 870 1797 924 ἂν

226 960 527 1033 ὕμολογήσῃ
551 959 632 1012 ὄτι
669 955 877 1027 Ἰησοῦς
914 958 1060 1010 ἐστιν
1084 959 1113 1010 6
1141 957 1269 1020 Υἱὸς
1304 958 1399 1011 τοῦ
1430 958 1588 1024 Θεοῦ,
1610 960 1639 1011 ὀ
1664 959 1798 1023 Θεὸς

223 1055 279 1107 ὲν
306 1050 456 1122 αὑτῷ
507 1049 680 1120 μένει,
718 1050 814 1102 καὶ
843 1048 1005 1113 αὐτὸς
1038 1051 1097 1103 ἐν
1138 1049 1216 1119 τῷ
1252 1049 1390 1121 Θεῷ.
1438 1070 1456 1102 ι
1511 1052 1574 1104 Ei
1619 1050 1799 1104 τοίνυν

225 1140 625 1211 ὁμολογοῦντες,
664 1140 856 1210 ὅτιπερ
889 1139 1018 1202 Υἱός
1065 1142 1213 1193 ἐστιν
1262 1140 1471 1211 Ἰησοῦς
1509 1140 1602 1194 τοῦ
1640 1140 1797 1203 Θεοῦ,

224 1235 284 1286 ἐν
313 1231 434 1302 Θεῷ
480 1229 764 1301 γινόμεθα,
798 1229 894 1283 καὶ
931 1230 1095 1294 αὐτὸς
1136 1229 1338 1302 ὁμοίως
1376 1232 1432 1284 ἐν
1466 1233 1630 1302 ἡμῖν·
1678 1234 1707 1285 6
1742 1232 1800 1285 δὲ

227 1324 350 1387 Υἱὸς
375 1325 473 1395 οὐχ
503 1322 679 1386 οὕτως
717 1321 866 1376 ἐστὶν
897 1324 956 1377 ὲν
988 1324 1184 1394 Πατρὶ,
1215 1324 1277 1377 οὐ
1308 1323 1415 1395 γὰρ
1459 1324 1630 1395 δῶρον
1670 1327 1801 1395 ὁμο-

226 1415 409 1486 λογίας
454 1415 566 1487 ἔχει
602 1414 663 1468 τὸ
692 1410 833 1469 εἶναι
877 1415 935 1468 ὲν
975 1414 1145 1485 αὐτῷ,
1177 1415 1337 1485 δῆλόν
1370 1419 1485 1469 ἐστι
1515 1418 1608 1470 καὶ
1636 1420 1801 1472 πᾶσιν

225 1507 552 1561 εὐσύνοπτον
581 1507 774 1578 ὅτιπερ
812 1504 1090 1576 ἄνθρωποι
1139 1505 1237 1577 μὲν
1277 1506 1571 1561 καλοῦνται
1620 1510 1804 1581 χάριτι

230 1600 361 1671 πρὸς
386 1600 617 1671 ἑνότητα
642 1599 741 1670 τὴν
772 1600 855 1662 εἰς
882 1598 1035 1663 Θεὸν,
1063 1597 1160 1653 καὶ
1182 1599 1354 1668 γέρας
1378 1600 1668 1669 ὁμολογίας
1709 1602 1806 1670 καὶ

229 1693 461 1754 πίστεως
488 1690 670 1762 ἔχουσι
696 1689 877 1745 τοῦτο.
929 1690 987 1744 ’0
1011 1690 1069 1744 δὲ
1093 1689 1188 1743 τοῦ
1215 1690 1350 1743 Θεοῦ
1375 1690 1533 1759 λόγος
1564 1690 1687 1762 δίχα
1720 1708 1805 1745 τι-

1893 531 2038 585 tione
2072 529 2518 599 Spiritussancti,
2548 528 2694 599 digni
2740 527 2921 585 effecti
2964 542 3129 583 unum
3174 542 3298 583 cum
3352 526 3462 580 Deo

1897 622 2016 677 ﬁeri
2048 622 2299 678 dicimur.

2175 756 2333 828 123
2359 756 2518 813 ALlU
2530 758 2591 822 D,
2616 758 2668 810 in
2692 757 2929 811 eumdem
2950 771 3178 811 sensum.

1965 868 2165 927 Beatus
2194 869 2430 926 Ioannes
2449 871 2573 924 alibi
2608 870 2780 940 inquit
2806 890 2818 924 :
2843 888 2863 921 ι
2893 870 3211 940 Quicunque
3245 866 3466 924 confite-

1897 963 2042 1018 bitur
2059 964 2200 1030 quod
2229 961 2389 1017 Iesus
2418 962 2487 1018 sit
2505 957 2671 1016 Filius
2687 958 2806 1025 Itei,
2826 960 2969 1017 Deus
2988 962 3041 1016 in
3063 963 3179 1031 ipso
3195 970 3396 1027 manet,
3411 968 3467 1015 et

1899 1053 2014 1121 ipse
2044 1052 2099 1107 in
2122 1052 2235 1107 Deo
2260 1053 2328 1106 ".
2358 1070 2378 1105 ι
2424 1052 2481 1108 Si
2505 1068 2634 1121 ergo
2659 1054 2979 1107 confitentes
3010 1050 3191 1107 Iesum
3224 1067 3344 1107 esse
3375 1051 3466 1105 Fi-

1901 1143 2033 1197 lium
2072 1142 2187 1206 Dei,
2217 1144 2270 1197 in
2302 1142 2412 1197 Deo
2442 1157 2653 1207 sumus,
2684 1152 2739 1196 et
2770 1144 2885 1212 ipse
2913 1143 3152 1197 vicissim
3181 1143 3235 1197 in
3285 1144 3463 1209 nobis,

1901 1234 2074 1292 Filius
2106 1244 2288 1290 autem
2319 1250 2425 1289 non
2456 1235 2528 1289 ita
2556 1244 2637 1291 est
2673 1235 2725 1288 in
2752 1232 2915 1290 Patre
2943 1254 2955 1289 :
2997 1249 3173 1304 neque
3199 1236 3342 1290 enim
3385 1246 3471 1291 est

1904 1329 2102 1383 donum
2130 1326 2488 1382 confessionis
2524 1341 2638 1381 sum
2666 1326 2809 1397 quod
2850 1328 2922 1382 sit
2964 1327 3017 1381 in
3064 1328 3213 1397 ipso;
3242 1326 3474 1381 manife-

1903 1431 2047 1476 stum
2078 1431 2162 1477 est
2180 1420 2540 1490 omnibusque
2573 1420 2921 1491 conspicuum
2958 1421 3205 1475 homines
3230 1436 3327 1490 per
3348 1435 3473 1490 gra-

1901 1515 2035 1568 tiam
2062 1514 2244 1569 vocari
2279 1514 2346 1568 ad
2380 1515 2638 1568 unitatem
2673 1528 2797 1568 cum
2840 1513 2970 1579 Deo,
3016 1522 3177 1583 atque
3218 1513 3321 1568 hoc
3358 1513 3472 1568 vel-

1903 1604 1987 1659 uti
2028 1605 2309 1675 praemium
2355 1619 2422 1660 ac
2453 1605 2652 1659 donum
2688 1619 2800 1659 sua:
2838 1603 3196 1659 confessionis
3254 1611 3311 1658 et
3352 1605 3474 1659 fidei

1907 1696 2175 1765 accipere.
2208 1694 2441 1752 Verbum
2471 1704 2650 1751 autem
2677 1693 2775 1750 Dei
2817 1694 3021 1764 absque
3045 1695 3186 1750 dono
3207 1696 3475 1751 naturali-

226 1785 313 1849 νὸς
342 1784 585 1839 τοιούτου
629 1782 879 1853 φυσικῶς
908 1784 1055 1837 ἐστιν
1092 1783 1151 1835 ἐν
1184 1782 1379 1853 Πατρὶ,
1413 1782 1505 1835 καὶ
1531 1784 1589 1836 ὲν
1626 1781 1803 1855 ἑαυτῷ

1920 1798 1997 1849 Ler
2014 1795 2097 1842 est
2123 1787 2176 1841 in
2212 1785 2393 1849 Patre,
2433 1794 2487 1840 et
2519 1786 2573 1840 in
2602 1784 2780 1844 seinso
2810 1782 3028 1841 Patrem
3070 1792 3266 1857 gestat,
3298 1794 3355 1841 et
3384 1801 3476 1839 re-

229 1878 319 1933 τὸν
348 1877 574 1948 Πατέρα
597 1876 777 1947 φέρει,
811 1875 905 1929 καὶ
929 1874 1096 1927 ὃντωι
1116 1873 1176 1928 ἓν
1202 1875 1317 1927 ἐστι
1346 1873 1483 1937 πρὸς
1510 1873 1692 1928 αὐτόν.

918 1988 1125 2044 ΑΛΛΟ.

300 2108 462 2162 Κατὰ
502 2106 603 2162 τὴν
654 2106 899 2161 Ἰωάννου
927 2105 1132 2176 φωνὴν,
1162 2106 1191 2158 6
1213 2105 1551 2177 ὁμολογήσας
1584 2106 1666 2158 ὅτι
1700 2106 1804 2176 ’1η-

228 2197 360 2262 σοῦς
404 2201 554 2252 ἔστιν
585 2199 615 2251 ὁ
646 2198 773 2262 Υίὸς
808 2196 903 2250 τοῦ
941 2196 1097 2261 Θεοῦ,
1121 2196 1237 2267 ἔχει
1274 2196 1366 2249 τὸν
1388 2196 1519 2250 Θεὸν
1548 2198 1606 2250 ὲν
1628 2195 1805 2267 ἑαυτῷ

230 2288 485 2359 μένοντα,
525 2288 619 2343 κα).
653 2287 815 2352 αὐτὸς
858 2287 914 2341 δὲ
956 2289 1013 2340 ὲν
1041 2287 1119 2357 τῷ
1151 2287 1268 2358 Θεῷ
1305 2288 1535 2358 γίνεται.
1580 2288 1803 2359 Ὠμολόο

225 2380 368 2450 γησὲ
396 2398 502 2443 τις,
531 2379 841 2433 ὑποκείσθω
867 2378 975 2448 γάρ
1009 2378 1168 2433 τοῦτο
1194 2379 1272 2450 τῷ
1301 2379 1463 2450 λόγῳ,
1498 2380 1592 2432 καὶ
1626 2378 1807 2431 λαϐὼν

227 2470 459 2541 Πνεῦμα
487 2470 586 2540 τῆς
624 2470 915 2541 ὁμολογίας
962 2469 1154 2541 δῶρον,
1184 2470 1400 2535 ἐδέξατο
1445 2472 1542 2541 μὲν
1583 2470 1715 2524 Θεὸν
1748 2472 1807 2523 ὲν

224 2563 432 2633 ἐαυτῷ,
467 2562 657 2632 γέγονε
685 2563 741 2616 δὲ
769 2564 864 2617 καὶ
890 2564 1051 2628 αὐτὸς
1082 2565 1141 2616 ὲν
1167 2564 1308 2635 Θεῷ.
1350 2564 1510 2617 Ἀλλὰ
1540 2563 1630 2617 τὸν
1667 2564 1808 2617 οὕτω

224 2655 561 2720 διατιθέντα,
598 2672 659 2709 συ
668 2655 943 2726 μὸέὸηκεν
969 2656 1032 2709 ἐκ
1054 2673 1197 2720 τινος
1216 2656 1526 2727 διαδολικῆς
1549 2657 1808 2728 ἐπηρείας

231 2747 588 2818 μετάγνωσιν
624 2746 733 2800 τῶν
778 2745 955 2817 ὀρθῶς
1003 2746 1441 2818 βεϐουλευμένων
1480 2748 1675 2812 ἐλθεῖν,
1708 2749 1811 2802 ὰπ-

224 2838 362 2908 έστη
412 2854 477 2890 τε
526 2838 626 2908 τῆς
672 2838 983 2907 ὁμολογίας,
1036 2839 1129 2892 καὶ
1173 2837 1263 2891 διὰ
1308 2837 1468 2892 τοῦτο
1514 2839 1611 2910 τὴν
1650 2840 1810 2910 χάριν

220 2928 601 2997 ἀποϐέϐληκε,
617 2930 709 2983 καὶ
724 2930 815 2983 τοῦ
835 2929 977 2984 θείου
995 2930 1135 2983 ΙΙνεὺ
1143 2947 1310 3001 ματος
1321 2929 1417 3001 ἔρη
1426 2947 1524 3000 μος
1539 2930 1772 2999 γεγονώς
1792 2946 1808 2961 ·

218 3025 287 3078 οὐ
318 3024 435 3095 γὰρ
468 3024 528 3076 ὲν
554 3025 667 3085 τοῖς
695 3022 1037 3094 δυσφημοῦσι
1067 3024 1159 3078 τὸν
1207 3024 1333 3077 Υίὸν
1384 3028 1643 3079 κατοικεῖ.
1691 3026 1815 3079 Ἄπη

1908 1892 2037 1934 vera
2062 1893 2229 1933 unum
2269 1893 2393 1933 cum
2418 1878 2532 1947 ipso
2561 1885 2667 1931 est.

2580 1986 2811 2044 ALIUD.

1980 2102 2142 2158 Juxta
2175 2101 2377 2156 dictum
2411 2099 2658 2168 Joannis,
2700 2101 2793 2171 qui
2826 2100 3115 2157 confitetur
3152 2101 3338 2158 Iesum
3380 2103 3478 2158 Fia

1912 2195 2043 2250 lium
2070 2195 2184 2259 Dei,
2218 2195 2379 2249 habet
2412 2194 2579 2248 Deum
2613 2194 2666 2247 in
2698 2193 2877 2263 seipso
2902 2204 3232 2259 manentem,
3258 2196 3481 2266 ipseque

1915 2289 1969 2343 in
1999 2289 2109 2343 Deo
2137 2296 2240 2342 est.
2288 2285 2695 2356 Ergoexempli
2736 2300 2898 2339 causa
2942 2286 3227 2341 confessus
3260 2298 3343 2342 est
3378 2289 3481 2341 ali-

1911 2383 2055 2453 quis,
2088 2390 2143 2437 et
2172 2390 2395 2449 accepto
2434 2378 2638 2449 Spiritu
2665 2378 2718 2432 in
2749 2379 2944 2432 donum
2983 2393 3095 2433 suae
3124 2379 3484 2435 c0nfessionis

1915 2473 2153 2543 suscepit
2189 2473 2356 2528 Deum
2396 2472 2449 2526 in
2492 2470 2693 2542 seipso,
2724 2478 2781 2527 ct
2806 2470 3043 2526 vicissim
3086 2484 3371 2543 susceptus
3399 2485 3484 2528 est

1916 2568 1971 2623 in
2003 2569 2129 2622 Deo.
2159 2566 2427 2620 Caeterum
2462 2565 2607 2620 hunc
2637 2565 2709 2620 ita
2740 2562 2988 2621 aﬂ'ectum
3030 2567 3254 2637 contigit
3286 2582 3349 2621 ex
3381 2566 3484 2621 ali-

1915 2677 2019 2731 qua
2056 2659 2250 2715 diaboli
2302 2659 2649 2730 suggestione
2692 2668 2904 2715 mutare
2941 2660 3265 2715 sententiam
3304 2669 3358 2713 et
3394 2661 3483 2715 de-

1918 2753 2154 2805 sciscere
2214 2765 2242 2802 a
2272 2749 2638 2812 confessione,
2676 2748 2906 2818 ideoque
2942 2763 2970 2802 a
3012 2750 3182 2818 gratia
3209 2750 3481 2813 excidere,

1919 2844 2207 2911 divinoque
2239 2842 2442 2912 Spiritu
2473 2841 2687 2897 destitui
2715 2884 2731 2908 ,
2756 2855 2929 2913 neque
2953 2844 3095 2897 enim
3128 2844 3216 2899 ille
3240 2844 3293 2899 in
3332 2844 3481 2899 blas-

1919 2935 2300 3006 phemantibus
2366 2934 2559 2989 Filium
2599 2934 2823 2989 habitat.
2857 2933 3028 2990 Desiit
3067 2934 3247 3005 itaque
3278 2950 3398 2989 esse
3432 2938 3485 2988 in

1921 3028 2054 3093 Deo,
2082 3038 2137 3082 et
2177 3027 2343 3082 Deum
2382 3030 2434 3082 in
2494 3042 2551 3082 se
2597 3028 2815 3081 habere.
2855 3027 3016 3097 Atqui
3063 3026 3110 3082 is
3172 3027 3333 3081 homo
3372 3037 3487 3083 erat

222 3116 402 3170 ὤλεσε
424 3116 523 3169 καὶ
540 3116 601 3168 τὸ
617 3111 755 3169 εἶναι
773 3117 831 3168 ὲν
846 3115 986 3187 Θεῷ,
1005 3117 1095 3170 καὶ
1112 3116 1173 3170 τὸ
1189 3115 1332 3187 ἔχειν
1353 3117 1514 3170 αὑτὸν
1532 3120 1592 3170 ὲν
1611 3118 1807 3188 ἐαυτῷ.

1920 3129 1969 3178 et
2004 3136 2127 3176 cum
2165 3119 2559 3173 confessionem
2604 3117 2794 3180 edidit,
2824 3125 2877 3170 et
2921 3130 3043 3170 cum
3086 3131 3115 3170 a
3151 3115 3488 3171 confessione

224 3209 565 3280 ’Ἀνθρωπος
596 3208 653 3261 δὲ
683 3204 751 3279 ἦν
781 3209 875 3262 καὶ
905 3208 1266 3279 ὁμολογήσας,
1308 3209 1401 3262 καὶ
1442 3209 1528 3261 ὅτε
1558 3210 1657 3276 τῆς
1687 3212 1816 3279 ὁμο-

222 3300 421 3369 λογίας
443 3298 678 3370 ἀπέστη.
708 3299 825 3352 Οὐκ
844 3298 951 3369 ἄρα
982 3298 1141 3367 φύσει
1173 3299 1305 3369 πρὸς
1329 3298 1425 3369 τὴν
1457 3298 1607 3353 θείαν
1631 3300 1817 3353 οὐσίαν

224 3387 709 3461 μεταποιούμεθα,
744 3388 804 3442 ἓν
846 3389 921 3453 ὡς
972 3389 1109 3461 πρὸς
1147 3389 1237 3443 τὸν
1267 3390 1399 3443 Θεὸν
1445 3390 1689 3459 γίνεσθαι
1733 3391 1818 3444 λε-

222 3483 488 3553 γόμενοι,
518 3481 656 3534 ἀλλὰ
682 3481 843 3552 χάρις
876 3483 1042 3553 ἡμᾶς,
1076 3483 1169 3536 καὶ
1198 3482 1366 3554 ἀρετὴ
1414 3483 1694 3551 συνάπτει,
1725 3485 1819 3537 καὶ

219 3574 405 3628 κακία
438 3572 600 3628 πάλιν
634 3572 927 3643 ἀφίστησι·
961 3572 1056 3625 καὶ
1092 3576 1139 3626 εί
1174 3572 1558 3644 ὁμολογοῦντες
1588 3575 1668 3627 ὅτι
1712 3575 1815 3647 Ἰη-

224 3666 363 3729 σοῦς
395 3666 549 3718 ἐστιν
580 3668 609 3718 6
654 3665 778 3727 Υἱὸς
813 3663 906 3717 τοῦ
949 3665 1105 3730 Θεοῦ,
1159 3668 1216 3719 ὲν
1255 3664 1374 3736 Θεῷ
1406 3666 1691 3738 γινόμεθα,
1717 3668 1819 3739 ἀρ-

219 3758 497 3828 νούμενοι
522 3756 580 3810 δὲ
608 3758 824 3822 πάντως
870 3757 1318 3830 ἀλλοτριούμεθα.
1370 3759 1623 3814 Φαίνεται
1657 3760 1714 3813 δὲ
1756 3760 1817 3813 οὒ

217 3848 409 3922 δῶρον
447 3850 652 3920 ἀρετῆς
699 3850 855 3902 τοῦτο
887 3849 1024 3921 ἔχων
1071 3852 1099 3903 ὁ
1140 3850 1287 3913 Υἱός.
1342 3851 1456 3905 Οὐκ
1494 3851 1602 3923 ἄρα
1649 3850 1824 3914 οὕτως

218 3942 384 3993 ἐστὶν
414 3942 478 3993 ἐν
506 3941 682 4011 Ilasz
712 3940 900 4011 ὥσπερ
923 3943 1107 4013 ἡμεῖς,
1137 3940 1251 3996 ἀλλ’
1273 3941 1434 4005 αὐτὸς
1463 3941 1560 4012 μὲν
1582 3941 1822 4011 φυσικῶς

218 4033 326 4085 καὶ
360 4025 786 4102 ἀμεταπτώτως
829 4033 887 4099 ἐξ
931 4034 1095 4086 αὐτοῦ
1128 4034 1546 4105 γεγεννημένος,
1577 4036 1736 4105 ἡμεῖς
1763 4034 1821 4088 δὲ

218 4127 424 4197 χάριτι
476 4124 572 4177 καὶ
608 4126 829 4196 μετοχῇ.
874 4126 1083 4198 ’Ὠσπερ
1115 4121 1208 4180 οὖν
1257 4126 1425 4179 αὐτοῦ
1475 4126 1618 4181 κατὰ
1662 4126 1822 4196 φύσιν

215 4218 388 4279 ὄντος
422 4214 561 4270 Υἱοῦ
589 4215 686 4268 καὶ
713 4215 871 4278 Θεοῦ,
901 4215 1041 4270 οὕτω
1070 4218 1164 4271 καὶ
1190 4218 1350 4287 ἡμεῖς
1382 4216 1503 4271 καθ’
1533 4217 1823 4287 ὁμοιότητα

216 4308 401 4363 αὐτοῦ
439 4309 540 4362 καὶ
570 4308 676 4362 υἱοὶ
703 4309 795 4361 καὶ
832 4308 946 4363 θεοῖ¹
970 4308 1399 4381 χρηματίζομεν.

736 4474 1098 4560 ΛΟΓΟΣ
1170 4474 1334 4559 II".

216 4630 374 4699 Περὶ
409 4629 766 4699 ὁμοιότητος
794 4628 901 4683 τοῦ
934 4628 1074 4699 Υὶοῦ
1102 4628 1252 4697 πρὸς
1279 4630 1388 4683 τὸν
1409 4628 1672 4699 Πατέραέ
1704 4628 1824 4693 καί,

296 4696 404 4755 ὅτι
431 4696 554 4754 ὸὺκ
585 4698 716 4752 ἐστι
738 4696 995 4765 τριττῆς
1027 4696 1265 4767 φύσεως
1292 4701 1325 4753 ὀ
1363 4700 1514 4766 Υἱὸς,
1538 4696 1576 4766 ἢ
1606 4698 1830 4762 ἔξωθεν

292 4769 612 4834 ὑποστὰς,
634 4769 772 4822 ἀλλ’
792 4769 855 4822 ἐκ
893 4768 1002 4836 τῆς
1026 4770 1241 4835 οὐσίας
1272 4769 1461 4824 αὐτοῦ
1497 4769 1826 4838 προελθὼν,

291 4844 381 4904 ὡς
425 4838 569 4905 Υἱὸς
602 4838 699 4892 καὶ
728 4838 1015 4908 γέννημα.

528 4973 846 5041 Ἀντίθεσις
871 4974 953 5040 ὠς
988 4974 1057 5028 ἐκ
1090 4972 1208 5029 τῶν
1237 4974 1562 5045 θεομάχων.

288 5093 362 5148 Εἰ
419 5090 872 5159 ἀπαράλλακτος,
906 5088 1087 5158 φασιν,
1118 5087 1284 5142 εἰκών
1331 5089 1478 5142 ἐστιν
1510 5089 1539 5140 6
1575 5087 1699 5151 Υἱὸς
1727 5085 1820 5139 τοῦ

205 5183 489 5255 [ἰατρὸς.
515 5182 609 5234 καὶ
634 5182 815 5251 ὅμοιός
841 5183 956 5235 ἐστι
976 5181 1117 5235 κατὰ
1143 5182 1319 5235 πάντα
1346 5179 1427 5251 τῷ
1454 5180 1823 5250 γεγεννηκότι,

1919 3212 2165 3268 descivit.
2194 3209 2395 3264 Natura
2426 3210 2588 3279 igitur
2621 3207 2877 3262 nostrain
2908 3207 3142 3261 divinam
3177 3221 3281 3261 non
3304 3216 3485 3261 trans-

1918 3314 2200 3369 mutatur,
2240 3302 2450 3355 tametsi
2503 3314 2670 3353 unum
2725 3314 2848 3354 cum
2885 3298 2995 3352 Deo
3043 3297 3158 3352 fieri
3201 3298 3487 3352 dicamur:

1920 3392 2017 3446 sed
2056 3390 2228 3459 gratia
2258 3396 2313 3442 et
2337 3390 2509 3442 virtus
2541 3401 2640 3441 nos
2665 3386 2714 3441 ei
2750 3386 3047 3455 conjungit,
3078 3385 3267 3440 vitium
3301 3397 3487 3440 contra

1920 3482 2204 3551 disiungit.
2236 3479 2405 3535 Porro
2447 3480 2495 3533 si
2530 3493 2628 3533 nos
2666 3478 2978 3549 profitentes
3007 3477 3188 3533 Jesum
3238 3494 3363 3534 esse
3401 3478 3487 3535 Fi-

1921 3573 2051 3626 lium
2115 3572 2229 3638 Dei,
2296 3572 2351 3625 in
2401 3570 2512 3626 Deo
2556 3585 2775 3637 sumus;
2832 3581 3092 3639 negantes
3143 3584 3273 3626 vero
3326 3571 3488 3627 alieni

1922 3678 2151 3735 prorsus
2178 3666 2245 3718 ab
2271 3679 2336 3719 eo
2360 3662 2646 3719 efficimur.
2680 3662 2747 3716 Et
2778 3659 3125 3716 manifestum
3160 3671 3245 3716 est
3294 3678 3399 3717 non
3432 3673 3490 3717 ut

1922 3757 2208 3826 premium
2237 3756 2455 3811 virtutis
2485 3756 2589 3811 hoc
2627 3754 2765 3810 Filio
2804 3753 3001 3810 inesse.
3040 3752 3157 3808 Non
3198 3754 3363 3826 igitur
3397 3757 3489 3810 tali

1924 3848 2140 3901 ratione
2187 3861 2253 3901 ac
2281 3847 2442 3902 modo
2482 3855 2565 3900 est
2596 3845 2650 3900 in
2692 3844 2853 3899 Patre
2882 3845 3029 3915 quali
3074 3859 3197 3905 nos.
3240 3848 3339 3901 sed
3376 3846 3490 3918 ipse

1915 3946 2129 4014 quidem
2155 3942 2479 3999 naturaliter
2504 3948 2559 3995 et
2588 3939 3104 3996 incommutabiliter
3137 3953 3201 3991 ex
3232 3938 3349 4007 ipso
3390 3953 3485 4007 ge-

1919 4037 2088 4104 nitus,
2114 4051 2214 4091 nos
2239 4049 2371 4089 vero
2396 4034 2569 4103 gratia
2600 4043 2651 4087 et
2679 4031 3111 4103 participatione.
3138 4029 3316 4096 Quare
3340 4030 3486 4085 sicut

1913 4131 2029 4202 ipse
2058 4130 2352 4184 secundum
2386 4136 2640 4181 naturam
2668 4133 2754 4180 est
2774 4122 2944 4178 Filius
2969 4131 3024 4178 et
3052 4121 3195 4177 Deus
3225 4137 3240 4175 :
3279 4122 3351 4175 ita
3385 4137 3483 4175 nos

1913 4236 2010 4292 per
2034 4219 2449 4279 similitudinem
2479 4217 2673 4287 ipsius,
2699 4224 2754 4271 et
2780 4214 2878 4271 filii
2904 4222 2960 4286 et
2982 4213 3063 4270 dii
3094 4227 3372 4270 vocamur.

2225 4466 2801 4565 ASSEBTIO
2881 4464 3174 4556 XIII.

1920 4626 2080 4700 125
2102 4624 2180 4680 De
2207 4620 2553 4700 similitudine
2577 4616 2852 4700 Filiieum
2881 4613 3043 4668 Patre
3065 4653 3083 4678 ,
3109 4621 3162 4669 et
3186 4612 3326 4700 quod
3375 4628 3482 4700 non

1987 4685 2079 4752 ἶῖἷ
2115 4692 2382 4749 mutabilis
2429 4700 2637 4744 natura:
2688 4685 2886 4748 Filius,
2945 4700 3108 4756 neque
3157 4685 3480 4738 extrinsecus

1984 4768 2291 4826 subsistens,
2336 4762 2426 4816 sed
2470 4776 2535 4814 ea:
2578 4760 2805 4815 essentia
2854 4757 3022 4827 ipsius
3068 4757 3370 4824 procedens,
3418 4763 3478 4807 ut

1983 4837 2033 4894 F
2037 4837 2162 4891 ilius
2192 4844 2239 4889 et
2278 4831 2534 4904 genimen.

2370 4961 2605 5031 Objectio
2637 4959 3026 5016 haereticorum.

1986 5083 2044 5139 Si
2068 5082 2253 5147 Filius,
2283 5078 2552 5147 inquiunt,
2575 5083 2658 5131 est
2677 5072 2983 5128 omnimoda
3005 5072 3181 5141 imago
3204 5070 3408 5137 Patris,
3433 5080 3488 5125 et

1916 5191 2015 5249 per
2029 5173 2212 5231 omnia
2234 5171 2429 5226 similis
2443 5178 2527 5224 est
2541 5183 2640 5224 suo
2657 5165 2902 5223 Genitori
2920 5183 2934 5231 ;
2955 5165 3139 5236 gignat
3159 5164 3324 5219 etiam
3348 5162 3483 5233 ipse,

1914 5278 1970 5323 et
1994 5269 2086 5323 fiat
2109 5266 2267 5321 Pater
2293 5262 2453 5318 Filii:
2492 5261 2566 5316 ita
2604 5259 2748 5315 enim
2804 5258 2977 5329 ipsum
3025 5255 3265 5327 perfecte
3298 5256 3481 5310 imita-

1915 5360 2083 5416 bitur.
2114 5357 2173 5415 Si
2203 5370 2336 5412 vero
2377 5368 2483 5410 non
2519 5352 2711 5425 gignit,
2743 5364 2852 5421 quo
2881 5358 3045 5421 pacto
3077 5349 3126 5405 is
3151 5347 3246 5420 qui
3290 5347 3483 5419 gignit,

1917 5452 1971 5521 in
1995 5466 2063 5508 eo
2087 5449 2178 5521 qui
2205 5463 2310 5504 non
2346 5446 2519 5518 gignit
2573 5442 2851 5503 cernitur?
2878 5438 3168 5500 Dissimilis
3202 5441 3347 5505 enim
3381 5441 3487 5496 erit

1918 5542 2018 5601 hac
2053 5540 2263 5608 ratione
2296 5537 2465 5601 Patri.

199 5274 499 5349 γεννάτω
527 5270 621 5325 καὶ
650 5273 833 5335 αὐτὸς,
865 5272 959 5325 καί
985 5270 1116 5327 Υίοῦ
1149 5269 1390 5340 γενέσθω
1433 5270 1654 5342 Πατὴρ·
1688 5269 1829 5324 οὕτω

201 5366 333 5439 γὰρ
382 5361 568 5417 αὑτὸν
595 5362 839 5434 ἁκριΰῶς
867 5363 1184 5434 μιμήσεται.
1220 5363 1285 5417 Ei
1326 5361 1384 5416 δὲ
1408 5362 1470 5416 οὐ
1493 5363 1677 5433 γεννᾷ,
1710 5360 1827 5425 πῶς

201 5461 274 5513 ὲν
302 5455 399 5526 τῷ
427 5452 518 5524 μὴ
545 5451 777 5506 τίκτοντι
809 5452 870 5507 τὸ
896 5454 1078 5507 τίκτον
1106 5454 1387 5523 φαίνεται;
1424 5452 1697 5523 Ἀνόμοιος
1719 5449 1827 5523 γὰρ

202 5552 389 5605 ἔσται
424 5543 584 5600 κατὰ
612 5544 771 5598 τοῦτο
799 5544 878 5617 τῷ
906 5546 1097 5617 Πατρί.

288 5734 343 5764 ³⁵
395 5727 415 5783 Ι
450 5726 617 5782 Ῑοςιη.
650 5742 722 5789 tv,
752 5726 837 5779 15.
