3882 6210
372 386 478 442 207

889 498 1095 555 Salutio
1127 494 1456 565 objectionis.

448 624 505 679 Si
549 620 754 678 nullum
786 628 932 676 esset
975 614 1270 671 discrimen
1309 612 1452 665 inter
1489 609 1655 662 Deum
1690 618 1747 661 et
1779 606 1955 659 homi-

375 732 496 782 nes,
526 716 776 782 exigatur
806 723 865 765 ut
894 708 1081 780 gignat
1116 706 1189 759 ita
1215 715 1272 758 ut
1302 703 1486 757 homo.
1516 702 1571 755 Si
1603 716 1732 755 vero
1761 696 1956 752 eximia

376 817 465 862 est
506 806 600 861 Dei
633 814 850 866 natura,
888 801 995 855 erit
1026 799 1189 852 etiam
1236 796 1303 850 ab
1344 793 1597 848 humanis
1642 791 1848 861 legibus
1888 788 1957 842 li-

387 902 538 953 bera.
567 896 752 965 Neque
783 892 927 947 enim
961 898 1023 943 ut
1054 890 1216 943 homo
1243 886 1426 956 genuit
1457 884 1621 946 Deus,
1645 894 1701 935 ut
1724 881 1885 935 etiam
1918 879 1962 932 is

382 992 473 1063 qui
531 989 743 1060 genitus
804 993 909 1046 est,
958 991 1163 1035 natura:
1221 987 1420 1031 nostrae
1470 974 1833 1029 conditionem
1878 987 1965 1025 se-

384 1098 579 1152 quens,
604 1081 808 1149 gignat,
851 1076 946 1130 sed
993 1072 1176 1126 divino
1221 1079 1381 1137 atque
1424 1065 1679 1121 iuell‘abili
1710 1065 1867 1118 modo
1896 1078 1961 1117 ex

384 1174 547 1227 Patre
582 1169 796 1238 genitus
821 1175 929 1220 est.
974 1160 1033 1217 Si
1094 1172 1272 1214 autem
1308 1173 1529 1213 necesse
1566 1167 1651 1211 est
1687 1164 1744 1210 ut
1782 1155 1829 1210 is
1870 1155 1960 1224 qui

386 1265 571 1335 genuit
596 1263 803 1333 gignat,
831 1266 1055 1328 propter
1082 1252 1384 1309 naturalem
1419 1259 1659 1305 nostram
1684 1256 1967 1302 consuetu-

388 1359 595 1421 dinem,
647 1362 701 1407 et
738 1367 801 1406 ea
856 1364 976 1417 quae
1018 1346 1236 1401 deitatis
1268 1343 1484 1415 prOpria
1528 1350 1674 1404 sunt,
1717 1337 1968 1393 humanis

391 1448 599 1517 legibus
648 1443 890 1513 subjecta
955 1449 1116 1503 sunt,
1174 1437 1301 1507 quid
1351 1434 1623 1490 obstiterit
1677 1430 1968 1501 quominus

396 1540 541 1596 Patri
573 1538 739 1592 etiam
774 1544 983 1605 patrem
1015 1529 1455 1585 constituamus?
1490 1527 1565 1581 lta
1596 1527 1739 1581 enim
1784 1534 1967 1579 nostra

389 1629 724 1688 consuetudo
748 1627 873 1681 l‘ert.
901 1627 972 1679 At
1008 1638 1137 1679 vero
1162 1623 1207 1678 si
1236 1621 1399 1677 Pater
1422 1636 1485 1676 ex
1533 1620 1678 1675 nullo
1708 1618 1971 1688 principio

396 1735 503 1787 est,
548 1733 869 1788 nostrasque
917 1718 1065 1787 leges
1111 1724 1165 1769 et
1196 1728 1402 1768 morem
1450 1712 1606 1779 longe
1635 1716 1878 1779 superat,
1915 1717 1971 1762 ut

393 1817 554 1880 Deus,
598 1812 741 1866 nulla
800 1810 940 1865 ratio
968 1817 1123 1879 coget
1154 1805 1351 1861 Filiqu
1384 1805 1641 1873 gignere.
1676 1801 1795 1855 Erit
1823 1800 1966 1857 enim

393 1909 497 1962 hoc
526 1913 681 1977 pacto
704 1903 851 1958 Patri
879 1900 1094 1965 similis,
1123 1906 1182 1952 ut
1206 1896 1352 1952 omni
1374 1894 1695 1950 necessitate
1724 1891 1969 1961 superior

390 2002 679 2064 exsistens,
722 2004 780 2051 ut
821 1994 984 2050 Deus.

1064 2104 1297 2161 ALIUD.

463 2229 635 2285 Nemo
674 2226 871 2282 mentis
915 2237 1136 2293 compos
1188 2220 1429 2283 dixerit,
1465 2216 1780 2274 dissimilem
1824 2215 1973 2272 Patri

398 2325 593 2380 Filium
633 2321 828 2385 videri,
857 2333 977 2373 eam
1002 2321 1070 2373 ob
1093 2331 1337 2377 causam,
1368 2314 1512 2384 quod
1541 2313 1654 2382 ipse
1675 2312 1839 2367 etiam
1866 2325 1973 2364 non

396 2417 605 2489 genuit,
649 2428 824 2482 neque
876 2410 969 2464 lilii
1016 2418 1171 2478 pater
1209 2406 1386 2462 factus
1423 2406 1517 2460 sit.
1560 2406 1675 2460 lmo
1720 2419 1847 2459 vero
1880 2417 1978 2475 per

400 2514 501 2565 hoc
528 2508 707 2579 potius
732 2501 1104 2560 admirabilem
1132 2499 1424 2569 quamdam
1450 2506 1504 2552 et
1526 2495 1976 2566 perfectissimam

399 2610 584 2656 cernet
644 2596 823 2650 Patris
873 2595 927 2648 in
978 2592 1112 2647 Filio
1154 2591 1466 2660 imaginem.
1514 2588 1977 2656 Quemadmodum

399 2696 542 2749 enim
570 2691 733 2745 Pater
764 2685 1084 2740 mutationis
1122 2682 1570 2749 alteratiOnisque
1605 2694 1798 2747 expers
1833 2693 1978 2731 scm-

400 2790 709 2856 permanet
755 2778 936 2841 Pater,
968 2790 1145 2845 neque
1188 2776 1241 2827 in
1285 2772 1480 2827 Filium
1538 2778 1977 2825 transmittatur:

403 2880 476 2933 ita
527 2875 762 2930 Verbum
809 2884 877 2923 ex
928 2869 1048 2937 ipso
1093 2865 1264 2920 Filius
1307 2865 1626 2935 procedens,
1685 2870 1869 2915 manet
1927 2860 1979 2914 id

404 2971 547 3041 quod
578 2977 682 3030 est,
716 2963 895 3018 Patris
933 2957 1429 3014 immutabilitatem
1457 2957 1621 3011 etiam
1659 2969 1753 3023 per
1793 2954 1895 3007 hoc
1927 2953 1978 3006 in

405 3078 526 3120 sese
573 3058 888 3116 ostendens.
951 3052 1160 3108 Similis
1219 3051 1384 3121 igitur
1425 3048 1579 3118 juxta
1632 3048 1733 3102 hoc
1768 3060 1984 3115 quoque

406 3171 489 3219 est
513 3159 683 3217 Patri.

413 3289 965 3368 lzsrlnterrogatio
1003 3287 1711 3368 Arianoruzttmper“quam,
1772 3288 1827 3329 ut
1886 3275 1984 3368 ipsi

476 3352 684 3437 διπάεηι
712 3352 922 3431 ραιιῖηι,
955 3359 1228 3411 ostendunt
1260 3353 1463 3407 Filium
1489 3352 1643 3406 Patri
1678 3353 1989 3418 inazquatem

472 3455 602 3493 εεεε.

480 3576 679 3639 Filius,
707 3568 983 3639 inquiunt,
1030 3573 1125 3618 aut
1174 3572 1257 3617 est
1301 3559 1455 3615 liberi
1489 3557 1719 3621 arbitrii,
1753 3565 1846 3609 aut
1882 3570 1990 3609 non

412 3680 515 3728 est.
532 3668 590 3723 Si
609 3676 711 3733 est,
741 3672 891 3720 certe
912 3659 1179 3717 electione
1201 3652 1496 3709 voluntatis
1514 3652 1686 3704 bonus
1701 3659 1803 3703 est.
1837 3646 1990 3714 Quod

413 3778 541 3817 vero
570 3759 837 3814 electione
869 3763 924 3808 et
960 3766 1068 3806 non
1103 3756 1294 3803 natura
1342 3746 1487 3798 circa
1520 3742 1726 3811 aliquid
1750 3750 1987 3805 tenetur,

412 3863 591 3926 p0test
617 3852 780 3907 etiam
813 3848 865 3903 in
894 3846 998 3900 alia
1037 3839 1318 3897 immutari
1350 3856 1364 3893 :
1396 3846 1452 3892 et
1499 3838 1551 3891 in
1578 3851 1740 3906 quam
1786 3844 1993 3906 partem

414 3945 701 4002 electionis
734 3943 965 4009 impetus
1000 3933 1369 3999 feratur,,illie
1393 3930 1615 3986 omnino
1646 3930 1750 3983 erit
1777 3929 1825 3982 id
1852 3929 1994 3999 quod

415 4039 681 4096 electione
713 4032 1148 4089 adminisuatur.
1188 4025 1244 4080 ld
1273 4034 1450 4078 autem
1480 4023 1709 4077 mutatio
1740 4032 1794 4076 et
1817 4021 1997 4090 passio

415 4143 518 4187 est.
551 4129 655 4195 Qui
693 4140 823 4181 vero
874 4120 1157 4177 mutationi
1202 4127 1256 4172 et
1299 4116 1538 4185 passioni
1582 4115 1847 4169 obnoxius
1891 4123 1995 4179 est,

417 4236 656 4291 quanam
684 4227 847 4288 pacto
879 4213 950 4271 sit
978 4211 1096 4281 ejus
1118 4210 1208 4279 qui
1231 4208 1583 4263 immutabilis
1607 4217 1661 4261 et
1686 4206 1999 4276 impatihilis

418 4325 502 4371 cst
534 4316 709 4383 imago
730 4320 779 4366 et
814 4305 1149 4364 similitudo?
1180 4302 1274 4356 Sin
1302 4311 1483 4356 autem
1517 4299 1868 4355 immutabilis
1890 4309 1996 4363 est,

422 4422 597 4476 neque
629 4406 681 4458 in
713 4401 856 4455 aliud
881 4397 1008 4454 l‘erri
1045 4404 1245 4467 potest,
1280 4395 1370 4448 sed
1402 4393 1456 4447 in
1487 4394 1629 4463 quod
1660 4402 1744 4447 est
1788 4406 2001 4463 semper

423 4506 629 4559 manet,
662 4502 814 4549 certe
844 4499 903 4544 ut
935 4488 1070 4557 lapis
1099 4485 1181 4540 vel
1234 4486 1441 4555 lignum
1473 4498 1685 4552 semper
1728 4483 1781 4537 in
1823 4483 2000 4552 seipso

1366 374 1424 427 S.
1466 367 1740 425 CYRILLI
1779 363 2249 422 ALEXANDRIM
2290 361 2607 419 ARCIIIEP.

1982 497 2029 550 Α

3528 319 3649 415 eos

2549 483 2700 552 Πρὸς
2735 479 2909 535 τοῦτο
2946 480 3146 546 λύσις.

2129 604 2191 656 Εἰ
2220 602 2279 655 τὸ
2326 598 2701 671 παραλλάττον
2741 596 2891 649 οὐδὲν
2931 596 2988 648 ὲν
3033 593 3153 664 Θεῷ
3187 592 3280 647 καὶ
3308 591 3643 663 ἀνθρώποις,

2058 693 2395 750 ἀπαιτεῖσθω
2425 692 2484 746 τὸ
2508 692 2702 761 γεννᾷν
2731 689 2824 743 καὶ
2844 687 3019 752 οὕτως
3053 687 3128 749 ὡς
3156 685 3461 756 ἄνθρωπος.
3496 686 3559 737 Εἰ
3583 687 3645 738 δὲ

2059 789 2332 853 ἐξαίρετος
2357 788 2391 857 ἡ
2417 783 2553 838 Θεοῦ
2602 782 2783 852 φύσις,
2816 780 2968 834 ἔσται
3008 781 3225 843 πάντως
3257 778 3473 846 καὶτῆς
3518 777 3645 829 καθ’

2060 884 2208 953 ἡμᾶς
2232 881 2477 951 ἀνάγκης
2506 877 2785 948 ἐλευθέρα.
2821 877 2898 930 Οὐ
2926 875 3036 947 γάρ
3071 875 3147 937 ὡς
3175 872 3460 945 ἄνθρωπος
3485 873 3646 939 ἐγέν-

2063 992 2194 1045 νησε
2241 973 2394 1036 Θεὸς,
2429 973 2517 1026 ἵνα
2566 970 2723 1025 καὶὸ
2766 969 2974 1038 τεχθεὶς
3012 970 3132 1029 ταῖς
3176 968 3434 1036 φυσικαῖς
3486 965 3647 1034 ἡμῶν

2070 1066 2335 1137 ἑπόμενος
2364 1063 2705 1126 ἀκολουθίαις
2734 1063 2888 1135 τέκῃ,
2927 1059 3062 1113 ἀλλά
3093 1058 3243 1112 θείαν
3268 1058 3391 1111 τινὰ
3420 1056 3515 1109 καὶ
3546 1056 3650 1124 ἀρ-

2067 1163 2230 1231 ρητον
2276 1162 2341 1212 ἐκ
2388 1158 2599 1229 Πατρὸς
2637 1158 2749 1226 ἔχει
2778 1157 2875 1226 τὴν
2904 1154 3175 1225 γέννησιν.
3224 1152 3287 1204 Εἰ
3326 1150 3381 1202 δὲ
3426 1150 3662 1217 ἀνάγκη,

2065 1252 2157 1306 τὸν
2196 1250 2528 1323 γεννηθέντα
2567 1251 2764 1318 γεννᾷν
2800 1247 2889 1300 διὰ
2928 1247 3029 1317 τὴν
3070 1245 3200 1314 παρ’
3232 1243 3361 1312 ἡμῖν
3410 1241 3663 1310 φυσικὴν·

2068 1342 2379 1413 συνήθειαν,
2410 1341 2507 1395 καὶ
2542 1342 2653 1402 τοῖς
2695 1339 2795 1408 τῆς
2838 1334 3250 1408 ἀνθρωπότητος
3290 1332 3475 1401 νόμοις
3516 1332 3653 1384 ὐπο-

2068 1434 2354 1488 πίπτειτά
2381 1432 2481 1503 τῆς
2527 1431 2777 1502 θεότητος
2821 1428 2959 1482 ἴδια*
3007 1428 3061 1481 τι
3093 1426 3154 1480 τὸ
3192 1424 3398 1479 κωλύον
3432 1425 3657 1493 πατέρα

2067 1527 2252 1581 δοῦναι
2300 1526 2377 1597 τῷ
2431 1525 2641 1597 Πατρί;
2681 1523 2836 1577 υῦτω
2877 1521 2987 1593 γὰρ
3020 1523 3069 1575 οἱ
3115 1519 3245 1593 παρ’
3280 1521 3432 1590 ἡμῖν.
3475 1518 3541 1572 ΕΞ
3586 1516 3660 1569 δὲ

2070 1620 2218 1674 ἐστιν
2261 1619 2362 1672 οὐκ
2412 1617 2475 1671 ἐκ
2519 1633 2663 1680 τινος
2712 1614 2887 1686 ἀρχῆς
2924 1616 2953 1667 6
3001 1612 3213 1684 Πατὴρ,
3249 1610 3344 1664 καὶ
3384 1608 3485 1679 τὴν
3522 1606 3663 1660 καθ’

2068 1714 2218 1784 ἡμᾶς
2248 1711 2530 1765 ἀναϐαίνει
2561 1707 2847 1779 συνήθειαν
2879 1707 2953 1770 ὼς
2980 1705 3131 1771 Θεὸς,
3152 1704 3325 1766 οὐδεὶς
3350 1699 3666 1769 ἀναγκάσει

2072 1805 2229 1874 λόγος
2259 1805 2461 1857 τίκτειν
2487 1803 2580 1857 τὸν
2606 1802 2752 1856 Υίόν.
2792 1801 2985 1853 Ἔσται
3010 1798 3121 1869 γὰρ
3152 1796 3247 1853 καὶ
3276 1794 3421 1850 οὓτω
3449 1792 3656 1865 μᾶλλον

2074 1898 2153 1969 τῷ
2181 1898 2358 1968 Πατρὶ
2394 1896 2796 1968 παραπλήσιος,
2827 1893 2941 1948 ἄνω
2976 1894 3160 1963 πάσης
3183 1889 3431 1959 ἀνάγκης
3468 1885 3665 1957 ὑπάρ-

2072 2008 2205 2061 χων,
2239 1989 2315 2054 ὠς
2349 1989 2480 2053 Θεός

2758 2101 2965 2156 ΔΛΛΟ.

2146 2219 2259 2272 Οὐκ
2308 2218 2373 2272 ἄν
2407 2234 2488 2280 τις
2520 2216 2664 2269 εἴποι
2693 2214 2820 2268 νοῦν
2861 2214 3020 2285 ἔχων,
3064 2211 3315 2283 ἀνόμοιον
3362 2206 3656 2279 φαίνεσθαι

2074 2312 2151 2383 τῷ
2208 2311 2383 2384 Πατρὶ
2415 2309 2505 2363 τὸν
2540 2308 2688 2371 Υἰὸν,
2742 2307 2865 2360 ἐπεὶ
2912 2305 2987 2376 μὴ
3038 2306 3134 2359 καὶ
3179 2303 3340 2366 αὐτὸς
3369 2302 3663 2370 ἐγέννησε,

2080 2406 2213 2477 μηδὲ
2244 2404 2359 2458 υἱοῦ
2381 2403 2571 2472 γέγονε
2597 2402 2799 2472 πατήρ.
2844 2398 3008 2451 Ἀλλά
3040 2396 3241 2469 μᾶλλον
3265 2395 3360 2448 καὶ
3382 2392 3470 2447 διὰ
3496 2391 3670 2445 τοῦτο

2078 2498 2398 2568 θαυμαστήν
2424 2494 2658 2548 τινακαὶ
2680 2490 3084 2564 ἀκριϐεστάτην
3108 2488 3297 2559 ὄψεται
3319 2484 3411 2540 τοῦ
3441 2483 3662 2555 Πατρὸς

2078 2593 2136 2645 ὲν
2162 2589 2277 2660 Υἱῷ
2306 2588 2403 2660 τὴν
2428 2587 2632 2640 εἰκόνα.
2662 2586 2871 2656 ’Ὠσπερ
2896 2582 3003 2652 γὰρ
3031 2584 3059 2635 6
3087 2580 3276 2651 Πατὴρ
3300 2576 3569 2647 ἀτρεπτός
3594 2592 3661 2627 τε

2080 2686 2174 2739 καὶ
2215 2683 2569 2744 ἀναλλοίωτος
2598 2679 2698 2745 ὢν,
2733 2678 2821 2733 ἀεὶ
2858 2678 3008 2749 μένει
3040 2674 3248 2745 Πατὴρ,
3290 2672 3384 2726 καὶ
3416 2671 3496 2733 εἰς
3529 2669 3662 2721 Υὲὸν

2080 2779 2139 2831 ού
2174 2774 2589 2847 μεταϐάλλεται,
2627 2771 2802 2834 οὕτως
2826 2773 2853 2824 ὁ
2887 2768 2953 2834 ἐξ
2973 2767 3138 2822 αὐτοῦ
3167 2766 3337 2833 Λόγος
3370 2762 3499 2824 Υξὺς
3527 2777 3665 2830 προσ

2082 2870 2274 2936 ελθὼν,
2316 2868 2466 2939 μένει
2496 2865 2643 2919 τοῦθ’
2677 2865 2815 2934 ὅπερ
2856 2862 2996 2924 ἐστὶ,
3028 2859 3123 2913 τοῦ
3165 2856 3379 2929 Πατρὸς
3407 2853 3467 2906 τὸ
3500 2852 3671 2907 ἀναλ-

2082 2966 2302 3019 λοίωτον
2334 2965 2429 3017 καὶ
2459 2961 2548 3015 διὰ
2577 2960 2770 3014 τούτου
2814 2958 3075 3013 δεικνύων
3108 2957 3164 3011 ὲν
3202 2952 3401 3025 ἑαυτῷ.
3439 2952 3671 3021 Ὀμοιος

2083 3055 2178 3114 οὖν
2210 3060 2303 3113 καὶ
2335 3058 2475 3112 κατά
2510 3057 2668 3111 τοῦτο
2699 3052 2897 3124 ηατρί.

2104 3284 2417 3355 Ἐρώτησις
2446 3281 2774 3355 Ἀρειγανῶν,
2796 3279 2871 3355 ἃς
2891 3276 2984 3350 ἧς,
3003 3272 3681 3355 ὠςόἵρντςιζηδεικνύουο

2351 3347 2456 3409 σιν
2482 3347 2765 3423 ἀνόμοιον
2794 3349 2874 3415 τῷ
2902 3347 3081 3418 Πατρὶ
3108 3348 3217 3401 τὸν
3258 3347 3412 3399 Υιόν.

2165 3561 2515 3627 Αύτεξούσιος
2536 3600 2551 3623 ,
2584 3573 2768 3628 φασιν,
2801 3571 2948 3607 εστιν
2980 3555 3008 3606 6
3035 3552 3184 3614 Υἱὸς,
3224 3550 3381 3621 ἦούιι
3412 3549 3579 3602 ἔστιν.
3610 3548 3677 3600 Εἰ

2097 3655 2196 3729 μὲν
2220 3653 2313 3709 οὖν
2341 3650 2685 3717 αὑτεξούσιός
2716 3651 2853 3715 ἐστι,
2882 3645 3201 3719 προαιρέσει
3233 3643 3463 3715 φαίνοιτ’
3503 3642 3568 3695 ἂν
3597 3644 3681 3694 ei-

2094 3750 2269 3811 κότως
2309 3745 2492 3810 καλός.
2525 3743 2598 3797 Τὸ
2617 3743 2673 3796 δὲ
2699 3740 3017 3812 προαιρέσει
3051 3738 3146 3791 καῖ
3172 3737 3231 3790 οὐ
3261 3735 3422 3805 φύσει
3454 3733 3581 3805 περῖ
3624 3750 3681 3786 τ’..

2096 3842 2501 3914 κρατούμενον,
2536 3836 2741 3891 δύναιτ’
2775 3834 2841 3889 ἂν
2872 3835 2956 3904 ἐφ’
3001 3833 3165 3903 ἕτερα
3215 3827 3679 3903 μεταϐάλλεσθαι,

2098 3935 2191 3988 καὶ
2224 3934 2307 4002 ἐφ’
2341 3934 2479 4002 ὅπερ
2518 3930 2584 3984 ἂν
2622 3931 2657 4001 ἡ
2699 3931 2797 3999 τῆς
2848 3924 3222 3999 προαιρέσεως
3250 3922 3463 3992 γένοιτο
3497 3919 3685 3992 ῥοπὴ,

2098 4030 2214 4082 ἐκεῖ
2240 4027 2457 4089 πάντως
2477 4024 2634 4078 ἔσται
2653 4022 2715 4076 τὸ
2739 4020 3059 4093 προαιρέσει
3086 4015 3680 4088 διοικούμενον.Τροπὴ

2096 4120 2153 4173 δὲ
2198 4119 2356 4173 τοῦτο
2401 4118 2493 4171 καὶ
2545 4116 2735 4179 πάθος.
2798 4115 2855 4168 Ὁ
2901 4113 2959 4167 δὲ
2996 4111 3203 4183 τροπὴν
3247 4108 3534 4179 ὑπομένων
3586 4108 3683 4159 καὶ

2099 4212 2295 4276 πάθος,
2329 4212 2449 4273 πῶς
2478 4209 2544 4264 ἂν
2569 4210 2652 4279 εἴη
2681 4206 2777 4261 τοῦ
2804 4208 3079 4277 ἀτρέπτου
3116 4203 3209 4256 καὶ
3241 4199 3490 4262 ἀπαθοῦς
3517 4198 3683 4252 εἰκὼν

2101 4307 2195 4359 καλ⁸
2214 4304 2506 4376 ὁμοιότηςς
2537 4302 2598 4355 Εἰ
2626 4300 2685 4353 δὲ
2714 4297 2984 4371 ἄτρεπτός
3008 4298 3177 4358 ἐστιν,
3209 4294 3289 4357 εἰς
3317 4292 3470 4346 οὐδὲν
3493 4291 3685 4361 ἕτερον

2102 4395 2508 4467 παρενεχθῆναι
2545 4392 2866 4461 δυνάμενος,
2902 4387 3017 4441 ἀλλ’
3050 4388 3188 4456 ὅπερ
3212 4384 3331 4436 ἐστὶ
3364 4382 3542 4453 μένων
3574 4382 3683 4438 ἀεὶ.

2101 4489 2176 4553 ὼς
2201 4488 2347 4551 λίθος
2375 4489 2485 4558 ἄρα
2517 4486 2550 4555 ἢ
2575 4484 2732 4552 ξύλον
2759 4483 2991 4553 ἕστηκεν
3019 4481 3106 4550 ἐφ’
3131 4477 3310 4547 ἐαυτῷ
3341 4475 3559 4547 φυσικῷ
3576 4492 3686 4527 τινι

422 4588 689 4650 subsistit,
737 4583 965 4638 naturali
1004 4581 1239 4648 quodam
1291 4585 1347 4630 et
1391 4574 1743 4630 indissolubili
1782 4574 1983 4628 vinculc

2103 4580 2197 4633 καὶ
2231 4581 2492 4652 ἀρῤήκτῳ
2536 4575 2753 4647 δεσμῷ,
2786 4577 2865 4636 εἰς
2892 4571 3036 4626 τοῦθ’
3066 4571 3203 4640 ὅπερ
3226 4568 3347 4622 ἐστὶ
3376 4567 3687 4639 κρατούμε-

420 4684 487 4737 ad
513 4682 561 4734 id
589 4678 730 4747 quod
759 4683 842 4729 est
866 4672 1170 4732 devinctus,
1205 4669 1621 4735 libertatemque
1649 4664 1859 4720 arbitrii
1893 4680 1999 4719 non

422 4774 605 4827 habet.

926 4875 1135 4931 Salutio
1178 4872 1502 4940 objectionis.

493 4999 721 5069 Oportet
751 5009 883 5051 sane
925 4992 1058 5047 adeo
1089 4988 1288 5057 ineptis
1325 4986 1844 5058 interrogationibus
1868 5002 2003 5058 quas

422 5098 729 5164 proponunt
776 5088 831 5140 in
881 5085 1194 5139 universum
1241 5095 1347 5134 non
1385 5081 1729 5149 respondere.
1775 5079 2003 5148 Quando

424 5188 569 5242 enim
619 5179 902 5251 responsio
948 5176 1306 5245 undequaque
1337 5190 1457 5229 cum
1501 5171 1835 5239 blasphemia
1872 5188 2001 5227 cou-

415 5280 610 5349 juncta
644 5282 751 5337 est,
800 5269 1073 5324 silentium
1121 5278 1379 5335 praestare
1406 5265 1578 5320 satius
1612 5276 1715 5320 est.
1768 5264 1825 5318 Si
1860 5267 2002 5319 enim

423 5370 681 5424 libertate
698 5360 907 5417 arbitrii
932 5359 1212 5431 praeditum
1228 5373 1349 5414 esse
1374 5358 1570 5413 Filium
1595 5358 1794 5419 dicam,
1824 5358 2003 5410 statim

424 5463 590 5516 etiam
620 5456 848 5513 mutatio
898 5454 1053 5508 liberi
1101 5452 1311 5507 arbitrii
1350 5451 1513 5507 simul
1560 5451 1853 5506 inducitur.
1898 5451 2007 5505 An-

425 5566 623 5607 nexum
650 5557 734 5603 est
754 5547 898 5602 enim
928 5544 1166 5600 libertati
1194 5545 1405 5600 arbitrii
1436 5544 1787 5604 mutationem
1826 5545 2004 5599 susci-

425 5656 577 5713 pere,
636 5640 850 5694 tametsi
921 5654 1039 5694 eam
1101 5639 1407 5707 passionem
1469 5636 1714 5692 voluntas
1767 5637 2005 5692 nondum

426 5731 675 5788 subierit.
711 5729 808 5784 Sin
840 5745 969 5784 vero
1004 5731 1105 5785 hoc
1131 5728 1498 5799 praztermisso
1533 5728 1761 5783 alterum
1792 5729 2003 5794 dixero,

426 5825 685 5880 nimirum
734 5822 1124 5880 immutabilem
1169 5836 1291 5900 esse
1335 5819 1555 5887 Filium,
1612 5822 1795 5879 statim
1850 5822 2005 5879 nobis

2106 4690 2215 4735 νος,
2244 4673 2338 4724 καὶ
2367 4671 2429 4723 τὸ
2457 4668 2813 4732 αὐτεξούσιον
2834 4666 2932 4718 οὐκ
2957 4664 3113 4733 ἔχων.

2600 4867 2755 4933 Πρὸς
2786 4864 2973 4919 ταῦτα
3002 4865 3202 4930 λύσις.

2180 4987 2327 5041 Ἔδει
2358 4985 2456 5056 μὲν
2487 4985 2605 5048 ταῖς
2638 4981 2811 5046 οὕτως
2842 4980 3185 5042 ἀπαιδεύτως
3214 4976 3689 5047 προσφερομέναις

2106 5081 2411 5154 ἐρωτήσεσι
2438 5077 2683 5150 μηδόλως
2712 5073 3127 5147 ἀποκρίνεσθαι.
3151 5070 3320 5124 Ἔνθα
3351 5069 3463 5139 γὰρ
3487 5071 3520 5140 ἡ
3550 5068 3687 5121 ἀπό-

2108 5192 2291 5248 κρισις
2331 5171 2608 5241 πανταχοῦ
2644 5171 2706 5223 τὸ
2737 5169 3022 5237 δύσφημον
3046 5165 3184 5236 ἔχει,
3218 5166 3336 5218 ἐκεῖ
3360 5163 3629 5234 κρείττων
3656 5164 3690 5230 ὴ

2112 5264 2424 5336 σιωπή.Ἂν
2466 5262 2564 5333 μὲν
2598 5260 2707 5332 γὰρ
2734 5257 3086 5322 αὐτεξούσιον
3113 5255 3253 5309 εἴπω
3282 5255 3373 5309 τὸν
3399 5254 3552 5315 Υἱὸν,
3594 5255 3689 5307 εύ-

2110 5360 2208 5421 θὺς
2246 5359 2278 5428 ή
2326 5357 2424 5426 τῆς
2460 5353 2941 5422 αὐτεξουσιότητος
2974 5351 3354 5419 συνεισάγεται
3390 5348 3687 5419 μεταϐολή.

2123 5449 2434 5506 Ἀκολουθεί
2464 5449 2573 5520 γὰρ
2601 5446 2679 5517 τῷ
2702 5444 3037 5516 αύτεξουσίῳ
3052 5445 3115 5498 τὸ
3142 5442 3491 5514 ἐπιδέχεσθαι
3523 5459 3692 5512 μεταο

2111 5544 2295 5614 ϐολὴν,
2340 5530 2390 5595 εἰ
2430 5540 2525 5594 καὶ
2572 5540 2737 5611 μήπω
2774 5535 3042 5611 πεπονθὸς
3084 5534 3172 5605 εἴη
3209 5533 3367 5589 τοῦτο
3393 5533 3482 5588 διὰ
3516 5532 3580 5586 τδ
3616 5531 3692 5600 μὴ

2110 5638 2367 5707 ἐθελῆσαι
2394 5632 2609 5687 παθεῖν.
2654 5632 2779 5684 Ἐὰν
2801 5630 2860 5683 δὲ
2891 5628 3052 5683 τοῦτο
3092 5629 3271 5697 ἀφεὶς,
3304 5626 3366 5680 τὸ
3390 5626 3578 5696 ἕτερον
3610 5624 3689 5676 εἰ·

2112 5749 2220 5795 πω,
2245 5726 2546 5790 τουτέστιν,
2570 5726 2873 5796 ’Δτρεπτος
2905 5724 2933 5776 6
2962 5722 3133 5791 Λόγος
3165 5719 3339 5784 ἐστὶν,
3365 5718 3528 5781 εὐθὺς
3560 5718 3691 5785 ἡμῖν

2113 5821 2208 5877 τοῦ
2240 5821 2396 5889 ξύλου
2446 5818 2545 5892 τὴν
2576 5816 2865 5891 ἀκινησίαν
2908 5813 3307 5889 προτείνοντες,
3356 5812 3459 5866 οὐκ
3502 5809 3693 5865 αἰσθάο
