3882 6210
207 338 317 394 209

1617 344 2059 404 THESAURUS.

3345 345 3452 399 210

212 475 391 511 νονται
414 456 721 529 τολμῶντες
746 457 947 525 λέγειν,
972 460 1007 513 ἂ
1037 460 1129 514 καὶ
1156 462 1316 530 μόνον
1336 456 1402 532 ἦν
1428 461 1780 533 ἐνθυμεῖσθαι

1911 462 2318 517 mmobilitatem
2355 462 2481 531 ligni
2507 460 2845 531 objicientes,
2880 474 2984 514 non
3014 459 3256 515 sentiunt
3288 474 3347 513 se
3372 461 3453 513 di-

211 550 455 604 κινδύνου
506 550 699 619 μεστά.
744 550 809 602 Τί
852 550 962 622 γὰρ
996 552 1062 605 ἂν
1104 552 1308 605 εἴποιεν
1340 555 1389 606 οἱ
1437 553 1614 608 πάντα
1660 554 1781 607 τολο

215 642 427 711 μῶντες
466 640 687 709 ρᾳδῖως,
712 640 767 692 εἴ
794 658 880 703 τις
908 642 1091 705 αὐτοῖς
1118 644 1247 713 περὶ
1275 643 1368 696 τοῦ
1399 644 1615 715 Πατρὸς
1644 644 1778 696 πεύ-

216 749 303 785 σιν
326 734 593 803 προσάγοι
622 732 723 803 τὴν
751 732 951 803 αὐτήν;
976 729 1123 805 Ἀρα
1167 735 1256 788 τὸν
1288 735 1401 789 ῑσον
1433 739 1565 808 ἡμῖν
1609 738 1779 810 φοϐη-

207 826 469 896 θήσονται
519 824 721 894 φόὸον,
764 826 858 878 καὶ
900 827 997 898 τὴν
1040 827 1134 880 ἐπὶ
1175 827 1385 893 τούτοις
1434 831 1780 887 ἐπαινέσουσι

214 920 457 988 σιωπήνς
496 919 571 973 Ἣ
597 918 648 971 τι
686 936 813 972 ποτε
846 921 953 990 ἄρα
987 921 1122 993 πρὸς
1154 921 1324 976 ταῦτα
1351 924 1601 994 ἐροῦσιν;
1641 926 1784 996 Ἐγὼ

220 1011 321 1079 μὲν
346 1012 443 1063 οὐκ
480 1008 589 1081 ἔχω
619 1009 817 1079 λέγειν,
848 1012 1012 1066 καλὸν
1040 1013 1097 1067 δὲ
1125 1015 1220 1067 καὶ
1249 1017 1520 1087 χρήσιμον
1549 1018 1599 1071 εἰ
1647 1019 1783 1091 μηδὲ

207 1101 506 1171 ἐνενόησαν
551 1092 717 1154 οὗτοι.
756 1101 879 1156 Ὅτι
923 1102 979 1155 δὲ
1019 1102 1288 1174 ἄτρεπτος
1330 1106 1405 1159 ὣν
1446 1109 1476 1161 6
1511 1109 1605 1162 τοῦ
1645 1109 1782 1164 Θεοῦ

210 1191 384 1256 Λόγος
427 1190 617 1261 ῶσπερ
655 1193 683 1244 6
725 1192 992 1263 γεννήσας
1020 1194 1203 1258 αὐτὸν,
1250 1195 1435 1266 ὅμοιός
1484 1198 1599 1251 ἐστι
1640 1200 1786 1253 κατὰ

216 1286 400 1336 πάντα
443 1282 523 1351 τῷ
564 1283 759 1353 Πατρὶ,
790 1283 987 1352 γένοιτ’
1018 1285 1083 1339 ἂν
1128 1286 1216 1339 διὰ
1244 1287 1435 1342 τούτου
1486 1290 1679 1358 σαφές.
1720 1293 1785 1346 Εἰ

214 1374 642 1444 ἀπαράλλακτός
662 1377 809 1428 ἐστιν
835 1375 998 1429 εἰκὼν
1026 1377 1117 1431 τοῦ
1144 1378 1374 1451 Πατρὸς,
1397 1381 1490 1434 καὶ
1509 1382 1783 1454 ἀληθεύει,

210 1467 415 1535 λέγων·
452 1487 469 1517 r
492 1468 550 1520 Ὀ
580 1466 840 1539 ἑωρακὼς
869 1468 969 1538 ἐμὲ
1017 1469 1227 1538 ἑώρακε
1261 1472 1352 1525 τὸν
1380 1474 1655 1546 Πατέρα.»
1690 1476 1787 1530 καὶ

219 1559 404 1612 πάλιν*
426 1579 444 1610 ‹
467 1559 607 1627 Ἐγὼ
636 1561 730 1613 καὶ
764 1560 792 1612 6
818 1560 1009 1631 Πατὴρ
1038 1560 1095 1613 ἓν
1125 1561 1313 1631 ἐσμεν,
1336 1582 1353 1614 ι
1384 1563 1536 1618 ἔσται
1570 1566 1787 1631 πάντως

217 1652 489 1723 ἄτρεπτος
514 1651 608 1705 καὶ
632 1650 986 1715 ἀναλλοίωτος
1009 1651 1085 1715 ὡς
1111 1654 1140 1706 6
1166 1655 1378 1726 Πατήρ.
1399 1656 1551 1710 Ἐπεὶ
1578 1657 1696 1721 πῶς
1721 1657 1788 1712 ἂν

219 1741 429 1807 γένοιτο
457 1739 621 1794 εἰκὼν
645 1739 737 1793 τοῦ
768 1741 855 1795 ἀεὶ
891 1742 987 1794 καὶ
1019 1741 1279 1807 ὡσαύτως
1316 1744 1550 1816 ἔχοντος,
1580 1747 1640 1799 τὺ
1662 1765 1789 1819 τρο-

1886 570 2009 610 cere
2034 571 2096 609 ea
2154 570 2272 625 quac
2302 554 2385 609 vel
2411 555 2547 608 nuda
2578 553 2903 623 cogitatione
2931 554 3214 622 concipere
3244 553 3456 622 pericu-

1887 647 2213 702 losissimum
2267 655 2369 701 εει.
2424 644 2493 698 At
2534 646 2661 714 quid
2714 645 2897 699 dicant
2948 643 3059 710 isti,
3096 644 3187 713 qui
3240 642 3456 713 quidvis

1886 739 2103 801 audent,
2130 738 2174 791 si
2204 737 2326 807 quis
2345 737 2425 793 eis
2444 738 2684 792 eamdem
2713 736 2779 791 de
2796 734 2957 790 Patre
2981 736 3454 805 interrogationem

1887 830 2201 901 proponat?
2229 844 2369 884 anne
2402 830 2592 882 eodem
2622 844 2730 897 quo
2774 843 2870 882 nos
2898 839 3040 881 metu
3070 827 3452 897 percellentur,

1887 930 1942 977 et
1970 920 2244 976 silentium
2282 920 2381 973 hac
2410 921 2461 973 in
2496 935 2553 973 re
2597 918 2930 974 laudabunt?
2956 928 3049 971 aut
3077 917 3204 987 quid
3240 919 3467 971 tandem

1888 1014 1956 1070 ad
1987 1013 2088 1069 hoc
2118 1011 2555 1082 respondebunt?
2586 1011 2846 1080 Equidem
2878 1025 2979 1064 non
3010 1010 3182 1063 habeo
3212 1008 3339 1078 quid
3374 1008 3457 1059 di-

1888 1121 2031 1169 cam,
2073 1104 2462 1176 pulcbrumque
2499 1112 2646 1157 certe
2690 1112 2741 1156 et
2783 1101 2915 1157 utile
2980 1110 3125 1155 esset
3182 1100 3227 1154 si
3273 1109 3327 1153 et
3368 1098 3456 1152 isti

1889 1211 2008 1251 eam
2039 1196 2419 1267 cogitatiOnem
2461 1195 2812 1263 deponerent.
2843 1190 2994 1257 Quod
3025 1205 3156 1244 vero
3203 1190 3459 1242 immuta-

1888 1290 1996 1344 bile
2025 1290 2291 1344 exsistens
2334 1285 2567 1340 Verbum
2615 1285 2729 1348 Dei,
2775 1283 3223 1354 quemadmodum
3276 1280 3321 1335 is
3367 1280 3456 1349 qui

1892 1382 2018 1437 illud
2048 1380 2253 1450 genuit,
2285 1377 2461 1432 simile
2490 1392 2585 1447 per
2612 1376 2791 1429 omnia
2814 1376 2885 1429 sit
2911 1374 3081 1436 Patri,
3110 1388 3175 1427 ex
3198 1374 3300 1426 hoc
3332 1386 3461 1425 con-

1891 1480 2036 1526 stare
2079 1479 2273 1540 potest.
2310 1467 2365 1522 Si
2399 1477 2481 1521 est
2509 1466 2813 1520 omnimoda
2848 1472 2902 1518 et
2939 1461 3247 1517 indifferens
3284 1462 3464 1529 imago

1891 1563 2089 1622 Patris,
2124 1575 2353 1629 vereque
2379 1559 2509 1613 dicit
2540 1576 2553 1611 :
2593 1576 2612 1608 ι
2646 1558 2745 1624 Qui
2786 1556 2918 1610 vidit
2964 1569 3047 1609 me
3096 1554 3226 1608 vidit
3268 1562 3323 1607 et
3358 1552 3460 1606 Pa—

1895 1665 2030 1709 trem
2050 1654 2118 1719 ",
2139 1671 2157 1704 ι
2176 1661 2459 1707 etrursum
2489 1667 2542 1703 ει
2562 1648 2675 1719 Ego
2695 1658 2748 1703 et
2776 1647 2936 1701 Pater
2962 1661 3125 1699 unum
3150 1644 3416 1708 sumus",
3440 1668 3459 1695 ι

1894 1747 1999 1799 erit
2036 1746 2257 1799 omnino
2294 1742 2613 1798 mutationis
2633 1739 3077 1808 alterationisque
3112 1751 3307 1806 expers
3328 1736 3467 1789 sicut

218 1833 329 1903 πὴν
360 1832 780 1903 ἐπιδεχόμενον;
809 1835 880 1887 Ἦ
904 1833 1022 1897 πῶς
1050 1834 1117 1887 ἂν
1148 1836 1482 1902 εῖποιεν,”Εν
1512 1842 1701 1910 ἐσμεν,
1722 1841 1792 1895 τὰ

1911 1848 1944 1892 ξι
1962 1836 2146 1891 Pater.
2180 1834 2460 1902 Quomodo
2479 1835 2622 1889 enim
2652 1835 2722 1886 sit
2750 1834 2927 1899 imago
2956 1832 3075 1899 ejus
3128 1829 3220 1897 qui
3253 1842 3468 1895 semper

218 1925 477 1979 τοσοῦτον
498 1924 743 1995 ἀλλήλων
766 1925 1089 1997 διεστηκότα
1111 1965 1127 1989 ,
1154 1928 1248 1981 καὶ
1281 1930 1497 1999 μακρὰν
1528 1930 1669 1985 οὕτω
1699 1933 1792 2002 φέ-

222 2034 387 2087 ροντα
431 2016 527 2087 τὴν
570 2017 960 2087 ἀνομοιότητα;
1004 2018 1219 2091 Ἐπειδὴ
1256 2020 1312 2073 δὲ
1342 2023 1624 2092 ἀμήχανον
1665 2024 1795 2094 ψεύ-

210 2108 409 2160 δεσθαι
440 2108 538 2177 τὴν
565 2108 842 2179 ἀλήθειαν,
882 2108 1127 2163 τουτέστι
1178 2112 1269 2165 τὸν
1296 2112 1442 2180 Υἱὸν,
1477 2115 1661 2185 ὅμοιον
1699 2117 1797 2169 αὑ-

218 2198 314 2250 τὸν
357 2193 496 2252 εἶναι
536 2198 759 2267 λέγοντα
804 2200 898 2254 τοῦ
931 2202 1161 2274 Πατρὸς,
1207 2203 1420 2276 ἀνάγκη
1470 2207 1621 2260 πᾶσα
1651 2207 1797 2262 τοῦθ’

219 2289 365 2359 ὅπερ
399 2289 547 2342 ἐστὶν
579 2292 607 2344 6
638 2293 827 2364 Πατὴρ
852 2288 991 2347 εἶναι
1020 2294 1295 2349 πιστεύειν
1325 2297 1468 2349 κατὰ
1506 2298 1665 2367 φύσιν
1704 2300 1799 2353 καὶ

219 2380 315 2432 τὸν
351 2380 808 2453 Υἱόν.Ἀτρεπτος
833 2381 948 2453 οὖν,
972 2385 1048 2450 ὡς
1075 2387 1301 2453 ἐκεῖνος,
1327 2390 1420 2443 καὶ
1454 2388 1598 2443 κατὰ
1620 2391 1800 2444 πάντα

218 2472 380 2543 αὐτῷ
412 2474 766 2545 προσεοικώς.

758 2762 985 2828 Ἄλλως
1009 2761 1079 2816 τὸ
1109 2764 1279 2818 αὐτό.

297 2871 367 2926 Ei
392 2875 630 2945 τρεπτῆς
659 2873 735 2928 ὣν
770 2874 984 2943 φύσεως
1012 2878 1041 2929 6
1074 2875 1229 2939 Υἱὸς,
1260 2877 1716 2950 αὐππροαὶρετός
1741 2894 1802 2932 τε

222 2964 325 3018 καὶ
346 2964 712 3031 αὐτεξούσιος,
742 2968 863 3020 κατ’
900 2967 1166 3031 ἐκείνους,
1195 2967 1477 3039 ὑπάρχων,
1522 2969 1707 3037 ἐφέσει
1734 2971 1803 3040 τῇ

227 3059 366 3128 περὶ
393 3058 455 3111 τὸ
489 3059 693 3128 ἀγαθον
737 3062 816 3123 εἰς
848 3059 1006 3113 τοῦτο
1050 3061 1239 3130 γέγονε
1279 3063 1666 3126 καταστάσεως
1685 3102 1700 3125 ,
1731 3062 1809 3126 ὡς

1896 1940 2058 1999 atque
2097 1930 2287 1982 eodem
2335 1927 2493 1981 modo
2534 1940 2593 1980 se
2624 1925 2806 1989 habet,
2844 1924 2895 1977 id
2924 1921 3067 1991 quod
3113 1921 3465 1974 mutationem

1899 2021 2167 2090 suscipit?
2200 2021 2306 2074 Aut
2347 2017 2620 2089 quomodo
2663 2017 2863 2079 dicant,
2886 2015 3064 2070 Unum
3100 2030 3309 2077 sumus,
3349 2029 3468 2081 qua:

1899 2122 2177 2181 tantopere
2203 2113 2343 2167 inter
2358 2126 2418 2165 se
2434 2108 2719 2170 dissident,
2743 2117 2997 2175 tantaque
3028 2104 3472 2160 dissimilitudine

1898 2205 2320 2277 disiunguntur?
2356 2204 2488 2260 Cum
2526 2218 2656 2258 vero
2710 2202 2825 2256 ﬁeri
2867 2200 3010 2254 nulla
3055 2199 3267 2255 ratione
3299 2198 3471 2268 possit

1899 2307 1960 2352 ut
1987 2300 2202 2364 veritas,
2226 2299 2327 2352 hoc
2354 2306 2438 2351 est
2468 2295 2656 2361 Filius,
2689 2295 3000 2355 mentiatur,
3026 2292 3115 2360 qui
3154 2305 3213 2346 se
3237 2289 3469 2345 similem

1900 2388 2044 2443 Patri
2088 2403 2208 2443 esse
2248 2389 2401 2453 dicit,
2440 2386 2804 2442 necessarium
2865 2381 3027 2453 126
3076 2379 3237 2452 plane
3284 2391 3367 2434 est
3413 2390 3474 2432 ut

1901 2479 2187 2534 credamus
2233 2476 2427 2531 Filium
2474 2475 2615 2531 idem
2670 2490 2895 2546 prorsus
2943 2482 3135 2527 natura
3173 2485 3293 2526 esse
3327 2470 3470 2538 quod

1902 2569 2083 2626 Pater.
2110 2570 2465 2624 lmmutabilis
2488 2570 2651 2639 igitur
2665 2575 2768 2636 est,
2796 2567 2936 2622 sicut
2962 2565 3074 2633 ille,
3105 2571 3160 2619 et
3182 2577 3278 2634 per
3292 2562 3474 2617 omnia

1898 2664 1957 2719 ei
1980 2662 2191 2718 similis.

2335 2776 2479 2829 Idem
2516 2774 2673 2828 aliter
2715 2775 3052 2844 explicatum.

1979 2894 2037 2949 Si
2070 2894 2255 2955 Filius,
2287 2889 2563 2945 mutabilis
2594 2898 2800 2941 natura
2844 2885 3133 2951 exsisteus,
3167 2881 3338 2936 libero
3382 2896 3481 2934 suo

1911 2984 2135 3039 arbitrio
2176 2992 2231 3036 et
2274 2981 2551 3036 voluntate
2596 2977 2789 3043 fertur,
2822 2975 3118 3031 secundum
3157 2972 3301 3035 illos,
3334 2972 3477 3025 desi-

1910 3077 2060 3132 derio
2093 3084 2299 3129 tantum
2330 3073 2455 3127 boni
2486 3085 2553 3125 eo
2586 3077 2874 3141 provectus
2898 3077 3001 3128 est,
3036 3075 3145 3119 uta
3182 3064 3342 3119 Patre
3374 3077 3480 3117 non

552 3150 695 3242 ἔχειν
740 3150 878 3221 πρὸς
920 3151 1011 3206 τὸν
1060 3152 1281 3224 Πατέρα
1330 3153 1615 3225 διαφορὰν,
1669 3153 1805 3207 ἀλλὰ

1911 3169 2174 3233 ὀὶίΐειϊει,
2204 3167 2297 3222 sed
2322 3166 2574 3234 deinceps
2599 3164 2779 3217 dicere
2804 3169 3012 3231 posset,
3040 3178 3058 3211 ι
3079 3158 3180 3225 Qui
3215 3158 3349 3212 vidit
3374 3173 3482 3220 me,

226 3241 420 3294 λοιπὸν
448 3240 709 3294 δύνασθαι
740 3240 920 3310 λέγειν
940 3257 953 3270 ’
990 3260 1009 3294 ι
1050 3242 1109 3296 '0
1138 3243 1399 3314 ἑωρακὼς
1432 3246 1556 3312 ἐμὲ,
1595 3244 1809 3316 ἑώρακε

227 3332 323 3387 τὸν
362 3332 606 3403 Πατέρα,
641 3352 660 3386 ι
689 3332 843 3387 οὐδὲν
874 3335 933 3387 έν
967 3333 1086 3405 Θεῷ
1117 3335 1258 3405 μέγα
1278 3373 1293 3399 ,
1326 3338 1374 3389 εἰ
1417 3336 1511 3389 καὶ
1551 3338 1662 3400 τοῖς
1687 3353 1813 3406 τρε-

231 3424 378 3497 πτὴν
422 3425 604 3496 ἔχουσι
656 3426 755 3498 τὴν
816 3425 979 3496 φύσιν
1031 3427 1209 3494 ἔξεστι
1266 3427 1607 3499 βουλομένοις
1672 3425 1813 3483 εἶναι

230 3521 397 3573 τοῦτο
434 3520 576 3575 κατὰ
606 3519 770 3591 φύσιν
793 3559 809 3586 ,
839 3522 977 3591 ὅπερ
1008 3521 1213 3585 ἐκεῖνός
1243 3524 1409 3576 ἐστιν.
1453 3523 1517 3575 Εἰ
1544 3522 1604 3577 δὲ
1636 3522 1814 3576 ἄϐατα

231 3612 521 3676 παντελῶς
561 3613 709 3666 ἐστιν
755 3613 921 3685 ἑτέρᾳ.
946 3612 1105 3683 φύσει
1145 3614 1214 3668 τὰ
1255 3614 1357 3685 τῆς
1394 3614 1646 3686 θεότητος
1684 3614 1813 3679 ἴδια,

231 3705 417 3758 πάντα
461 3703 521 3757 δὲ
563 3703 736 3758 ταῦτα
774 3705 1020 3774 φυσικῶς
1064 3706 1121 3759 ὲν
1165 3704 1278 3777 Υἱῷ
1326 3704 1597 3773 φαίνεται,
1630 3705 1816 3775 ὅμοιος

232 3799 346 3869 ἄρα
382 3797 501 3850 ἐστὶ
529 3797 668 3851 κατὰ
692 3797 871 3851 πάντα
892 3797 987 3851 τοῦ
1022 3799 1255 3869 Πατρός·
1287 3799 1386 3851 οὐκ
1411 3798 1475 3852 έκ
1505 3814 1652 3861 τινος
1682 3814 1817 3870 προ-

236 3886 417 3957 κοπῆς
464 3886 499 3957 ἢ
544 3887 884 3951 ἀλλοιώσεως
912 3888 1011 3958 τῆς
1049 3891 1128 3951 εἰς
1164 3889 1225 3941 τὸ
1258 3888 1459 3957 ἀγαθὸν
1506 3890 1570 3943 ὲκ
1602 3890 1695 3943 τοῦ
1741 3891 1817 3963 μὴ

234 3980 484 4034 τοιούτου
526 3980 663 4052 ὅπερ
695 3980 844 4034 ἐστὶν
884 3981 1164 4053 ὑπάρχων,
1216 3981 1352 4035 ἀλλὰ
1391 3982 1592 4046 τέλειος
1636 3984 1702 4036 ὲκ
1729 3999 1819 4035 τε·

236 4071 407 4135 λείου,
454 4072 548 4125 καὶ
582 4071 849 4144 ἄτρεπτος
875 4072 936 4137 ἐξ
963 4073 1235 4144 ἁτρέπτου
1279 4072 1491 4143 Πατρὸς
1516 4071 1815 4145 προελθών.

236 4164 368 4228 Πῶς
393 4164 501 4234 γὰρ
526 4166 587 4218 ού
614 4164 817 4230 τέλειος
861 4167 890 4219 6
919 4165 1017 4237 οὐχ
1052 4166 1346 4237 ἁρπαγμὸν
1376 4166 1728 4237 ἡγησάμενος
1757 4165 1822 4219 τὸ

239 4250 384 4308 εἶναι
424 4256 513 4308 ἴσα
557 4255 707 4327 Θεῴ;
758 4256 883 4319 Πῶς
927 4256 984 4309 δὲ
1025 4258 1125 4309 οὐκ
1168 4257 1435 4328 ἄτρεπτος
1473 4259 1501 4310 6
1551 4257 1689 4327 μετὰ
1725 4256 1820 4310 τοῦ

238 4348 460 4421 Πατρὸς
486 4348 543 4400 ἓν
568 4348 666 4417 ῶν,
694 4348 840 4404 καθά
869 4366 1034 4420 φησιν
1062 4349 1254 4416 αὑτός;

916 4462 1123 4517 ΑΛΛΟ.

320 4577 383 4633 Εἰ
412 4578 479 4631 ὲκ
510 4575 605 4631 τοῦ
633 4576 848 4648 καρποῦ
882 4576 944 4630 τὸ
990 4576 1204 4648 δένδρον
1231 4577 1582 4646 γινώσκεται,
1609 4580 1825 4651 καρπὸς

240 4673 304 4727 δὲ
335 4672 440 4743 τῆς
469 4670 564 4725 τοῦ
592 4671 804 4743 Πατρὺς
832 4670 1019 4734 οὐσίας
1056 4672 1090 4725 6
1119 4671 1177 4737 ἐξ
1212 4672 1377 4725 αὑτοῦ
1414 4672 1692 4744 προελθὼν
1722 4674 1826 4727 Λό-

248 4783 368 4834 γος,
402 4765 679 4819 τουτέστιν
710 4767 739 4818 6
776 4765 901 4827 Υἱός
921 4780 936 4794 ⁸
966 4762 1000 4835 ἢ
1040 4763 1368 4818 ποιείτωσαν
1399 4765 1495 4818 καὶ
1520 4766 1582 4818 τὸ
1607 4765 1824 4836 δένδρον

252 4858 464 4932 σαπρὸν
483 4898 501 4925 ,
526 4857 765 4932 τρεπτῆς
801 4855 934 4910 αὐτὸ
960 4854 1176 4925 φύσεως
1205 4851 1345 4910 εἶναι
1381 4856 1630 4925 λέγοντες
1660 4856 1824 4929 (οὕτω

250 4954 365 5025 γὰρ
394 4951 672 5020 βούλονται
708 4950 802 5004 τὸν
834 4948 1093 5021 καρπὸν),
1142 4949 1177 5021 ἢ
1212 4951 1261 5003 εἰ
1310 4948 1473 5003 καλὸν
1508 4948 1721 5003 ποιοῦσι
1760 4949 1821 5003 τὸ

250 5044 488 5117 δένδρον,
515 5041 756 5095 τοιοῦτον
799 5038 940 5094 εἶναι
971 5040 1376 5095 πιστευέτωσαν
1408 5042 1502 5094 καὶ
1529 5041 1620 5093 τὸν
1646 5041 1704 5107 ἐξ
1729 5042 1825 5094 αὐ-

250 5138 351 5192 τοῦ
382 5135 711 5208 προελθόντα
736 5134 947 5207 καρπὸν
965 5175 980 5201 ,
1008 5135 1071 5188 ού
1102 5135 1202 5205 τῆς
1231 5134 1621 5205 ἀλλοιουμένης
1646 5174 1659 5198 ,
1690 5135 1828 5188 ἀλλὰ

255 5233 356 5302 τῆς
377 5230 648 5302 ἀτρέπτου
672 5226 885 5296 φύσεως
919 5223 1058 5282 εἶναι
1085 5226 1447 5297 λογιζόμενοι,
1480 5228 1620 5282 καθὰ
1647 5240 1740 5282 και
1768 5229 1831 5281 τὸ

252 5324 494 5396 δένδρον.

932 5419 1134 5471 ΔΛΛΟ.

348 5529 644 5602 Ἐρωτῶντι
680 5530 932 5599 Φιλίππῳ
977 5529 1073 5584 καὶ
1116 5527 1360 5599 λέγοντιο
1416 5548 1435 5580 ι
1478 5528 1660 5592 Δεῖξον
1701 5528 1833 5598 ἡμῖν

1912 3262 2048 3318 vidit
2078 3270 2133 3316 et
2167 3260 2382 3314 Patrem
2422 3298 2439 3325 ,
2473 3275 2492 3307 ι
2524 3254 2658 3309 nibil
2700 3255 2752 3307 in
2785 3268 2851 3307 eo
2880 3252 3059 3321 magni
3114 3265 3179 3305 ac
3240 3244 3482 3319 prasclari

1912 3364 2020 3419 cst,
2046 3354 2091 3409 si
2116 3352 2279 3409 etiam
2316 3351 2382 3404 iis
2415 3350 2507 3419 qui
2540 3346 2813 3401 mutabilis
2839 3353 3046 3398 natum
3068 3351 3194 3397 sunt
3219 3341 3483 3407 integrum

1913 3454 2021 3513 est,
2050 3458 2173 3499 cum
2204 3441 2391 3506 velint,
2420 3440 2564 3495 idem
2596 3446 2791 3490 natura
2828 3434 2944 3489 ﬁeri
2985 3433 3129 3504 quod
3160 3433 3245 3485 ille
3274 3440 3376 3485 est.
3416 3431 3489 3482 At

1913 3550 2045 3591 vero
2065 3534 2111 3589 si
2134 3548 2253 3603 quae
2276 3530 2461 3587 deitati
2489 3538 2615 3585 sunt
2636 3529 2877 3599 propria,
2904 3525 3061 3579 alteri
3085 3524 3258 3579 cuivis
3282 3530 3487 3576 natura:

1916 3628 2192 3684 inaccessa
2230 3638 2453 3697 prorsus
2483 3629 2609 3678 sunt
2639 3637 2655 3677 :
2682 3618 2865 3673 omnia
2903 3628 3081 3671 autem
3121 3617 3237 3671 haec
3268 3624 3492 3667 natura-

1916 3722 2041 3777 liter
2073 3721 2125 3775 in
2156 3718 2296 3773 Filio
2328 3725 2623 3786 apparent;
2655 3711 2849 3768 similis
2875 3710 3053 3777 itaque
3082 3719 3165 3763 εει
3188 3722 3283 3777 per
3307 3706 3486 3761 omnia

1917 3815 2063 3870 Patri
2096 3830 2113 3868 :
2151 3826 2256 3868 non
2283 3826 2349 3866 ex
2379 3810 2556 3877 aliqua
2589 3802 2967 3876 progressione
3013 3801 3127 3856 sive
3148 3798 3492 3869 promotione

1920 3906 2342 3973 alteratioaeque
2372 3902 2426 3956 in
2458 3901 2658 3955 bonum
2693 3912 2759 3952 ex
2804 3910 2869 3951 eo
2904 3894 3046 3963 quod
3089 3907 3194 3946 non
3228 3898 3365 3954 erat,
3396 3892 3489 3942 sed

1918 3999 2187 4070 perlectus
2212 4010 2279 4051 ex
2302 3994 2560 4064 perfecto,
2597 4000 2653 4045 et
2686 3986 3040 4043 immutabilis
3074 3998 3141 4038 ex
3168 3980 3492 4037 immutabili

1888 4089 2083 4153 ,Patre
2103 4088 2422 4160 procedens.
2459 4084 2736 4151 Quomodo
2767 4080 2914 4137 enim
2941 4093 3050 4133 non
3100 4076 3172 4133 sit
3196 4074 3492 4146 perfectus,

1918 4181 2012 4251 qui
2048 4196 2155 4234 non
2190 4179 2432 4248 rapinam
2484 4176 2783 4229 arbitratus
2827 4179 2911 4227 est
2957 4183 3078 4225 esse
3124 4182 3184 4222 se
3231 4165 3490 4235 aequalem

1921 4274 2033 4329 Deo
2059 4272 2144 4325 ’7?
2170 4272 2277 4324 Aut
2307 4266 2575 4338 quomodo
2608 4280 2712 4320 non
2732 4265 2805 4320 sit
2835 4260 3213 4325 immutabilis,
3242 4258 3333 4328 qui
3366 4272 3489 4311 cum

1922 4365 2083 4421 Patre
2108 4378 2271 4417 unum
2304 4371 2409 4425 est,
2442 4368 2500 4413 ut
2531 4360 2642 4425 ipse
2675 4357 2841 4411 dicit?

2604 4469 2833 4525 ALIUD.

1998 4587 2058 4644 Si
2093 4601 2159 4641 ex
2190 4586 2368 4641 fructu
2397 4586 2560 4639 arbor
2592 4583 2937 4654 cognoscitur
2962 4581 3031 4646 ³⁸,
3067 4579 3276 4635 fructus
3316 4587 3498 4632 autem

1927 4680 2181 4735 essentia:
2210 4679 2386 4733 Patris
2412 4686 2493 4731 est
2522 4675 2822 4746 procedens
2847 4690 2912 4728 ex
2946 4673 3063 4742 ipso
3096 4672 3353 4733 Verbum,
3400 4671 3504 4723 hoc

1927 4780 2031 4835 est,
2057 4769 2226 4823 Filius
2254 4786 2268 4823 :
2296 4769 2659 4823 autarborem
2697 4775 2907 4836 putrem
2942 4779 3063 4819 esse
3087 4772 3348 4826 statuant,
3386 4778 3503 4814 mu-

1929 4859 2108 4915 tabilis
2143 4859 2288 4912 illam
2321 4866 2524 4911 natura!
2553 4871 2672 4911 esse
2721 4856 2961 4909 dicentes
3004 4853 3120 4923 (ita
3152 4853 3295 4907 enim
3318 4851 3507 4904 volunt

1928 4951 2160 5005 fructum
2197 4965 2316 5005 esse
2338 4949 2380 5020 ),
2417 4958 2509 5002 aut
2533 4949 2577 5001 si
2612 4949 2807 5002 bonam
2837 4947 3087 5000 arborem
3112 4959 3233 4999 esse
3258 4952 3505 5002 censent.

1934 5045 2093 5100 talem
2124 5045 2286 5099 etiam
2316 5058 2434 5097 esse
2466 5042 2687 5096 credant
2714 5041 2946 5095 fructum
2980 5041 3070 5109 qui
3101 5054 3166 5091 ex
3197 5052 3260 5091 ea
3291 5034 3507 5104 profer-

1934 5149 2066 5195 tur:
2113 5155 2219 5192 non
2267 5138 2579 5199 immutatae,
2612 5135 2705 5189 sed
2753 5133 3104 5189 immutabilis
3142 5140 3349 5186 naturae.
3392 5144 3515 5186 esse

1935 5238 2242 5296 censentes,
2268 5229 2407 5283 sicut
2434 5227 2683 5283 arborem
2710 5228 2903 5299 ipsam.

1856 4539 1900 4593 D

2619 5402 2845 5458 ALIUD.

2012 5522 2364 5591 lntcrroganti
2418 5519 2662 5589 Philippo
2693 5527 2747 5573 et
2777 5515 2995 5581 dicenti,
3033 5531 3051 5565 ι
3079 5512 3313 5569 Ostende
3360 5508 3516 5563 nobis

261 5620 357 5673 τὸν
405 5612 662 5693 Πατέρα,
712 5641 729 5672 ι
777 5620 1013 5693 Χριστὸς
1066 5620 1454 5691 ἀποκρίνεται·
1518 5638 1538 5673 ι
1581 5618 1805 5673 Τοσούτι

1942 5617 2189 5681 Patrem,
2231 5636 2249 5668 ι
2295 5614 2541 5672 Christus
2591 5614 2875 5683 responch
2919 5629 2930 5665 :
2982 5628 3001 5662 ι
3056 5607 3230 5663 Tanto
3275 5614 3516 5673 tempore

337 5782 379 5812 ’⁸
404 5777 559 5838 Joan.
594 5797 707 5851 nr,
738 5782 789 5840 9.
868 5779 1068 5839 "Joan.
1101 5797 1157 5847 ι,
1188 5780 1278 5839 30.
1358 5782 1402 5815 ’⁷
1454 5779 1685 5851 Philipp.
1714 5794 1772 5849 ιι,
1801 5777 1853 5834 6.

1936 5778 1979 5809 ³⁸
2005 5774 2135 5833 Luc.
2162 5792 2233 5844 ιι,
2278 5775 2353 5829 Η.
