3882 6210
385 324 486 379 c2H

1377 337 1436 393 S.
1473 339 1749 397 CYRILLl
1789 343 2256 405 ALEXANDRINI
2296 352 2610 414 ARCHIEP.

3524 363 3641 417 212

381 448 663 503 vobiscum
718 464 858 517 sum,
911 462 965 508 et
1015 469 1122 509 non
1168 458 1467 526 cognovisti
1515 477 1621 529 me,
1676 462 1918 537 Philippe

2060 472 2238 542 χρόνῳ
2266 473 2389 543 μεθ’
2412 475 2564 544 ὑμῶν
2590 478 2725 547 εἰμι,
2753 495 2847 532 και
2869 499 2968 535 ουκ
2990 484 3234 551 ἔγνωκας
3260 498 3352 552 με,
3372 479 3636 550 Mimas;

379 537 482 625 Qui
520 539 652 592 vidit
684 556 769 595 me
823 542 955 596 vidit
983 556 1035 599 et
1065 545 1276 603 Patrem
1308 550 1371 602 ".
1407 569 1427 603 ι
1467 550 1524 606 Si
1560 569 1689 624 ergo
1724 558 1962 625 cognitio

382 620 503 681 Filii
538 637 621 682 est
658 633 894 700 cognitio
938 633 1132 700 Patris,
1176 642 1541 697 necessarium
1591 620 1748 714 plane
1788 620 1871 703 est
1902 661 1959 703 ut

384 717 546 773 talem
575 723 857 779 credamus
885 740 1004 783 esse
1034 728 1248 797 Filium,
1279 734 1453 803 qualis
1479 746 1564 791 est
1596 738 1775 794 Pater.
1804 741 1954 807 Quod

380 811 425 864 si
454 811 527 865 ita
560 822 663 881 est,
689 814 1039 875 immutabilis
1065 833 1241 877 autem
1271 825 1447 891 Pater,
1480 830 1583 884 erit
1611 831 1714 886 ltoc
1735 834 1960 889 omnino

381 909 435 954 et
465 901 654 960 Filius.
684 903 763 961 Ita
793 909 937 963 enim
974 911 1028 965 in
1055 913 1170 983 ipso
1201 920 1542 986 cognoscitur
1567 929 1619 976 et
1647 935 1887 993 apparet.

346 1097 702 1184 {Testimonia
735 1110 1268 1184 sacra'_Scripturw,
1311 1118 1446 1184 quod
1492 1119 1834 1173 immutabilis
1885 1124 1952 1176 sit

525 1172 700 1231 Filius
750 1190 797 1231 et
826 1195 891 1233 ea:
916 1181 981 1234 iis
1008 1172 1338 1253 syllogismus
1366 1190 1542 1240 eodem
1570 1172 1848 1255 pertinens.

454 1355 654 1412 Paulus
680 1358 799 1415 ait:
836 1377 855 1411 ι
885 1358 1046 1417 Jesus
1089 1361 1336 1418 Christus
1376 1365 1492 1421 heri
1521 1376 1578 1421 et
1621 1368 1800 1433 hodie,
1840 1369 1955 1439 ipse

384 1465 603 1521 quoque
637 1453 690 1508 in
719 1455 918 1509 saecula
954 1456 1021 1509 ³ο.
1062 1475 1082 1508 ι
1123 1456 1409 1514 Psalmista
1445 1478 1459 1514 :
1499 1479 1517 1511 t
1556 1459 1635 1514 Tu
1668 1463 1736 1516 ab
1771 1463 1946 1530 initio,

376 1539 626 1610 Domine,
665 1552 865 1600 terram
896 1546 1157 1613 fundasti,
1186 1557 1241 1603 et
1265 1563 1425 1619 opera
1452 1566 1706 1605 manuum
1734 1560 1948 1609 tuarum

375 1645 505 1689 sunt
554 1636 710 1703 caeli;
766 1638 867 1707 ipsi
914 1641 1186 1709 peribunt,
1233 1651 1289 1695 tu
1329 1651 1507 1696 autem
1556 1657 1839 1711 permanes
1894 1652 1950 1699 et

376 1740 569 1782 omnes
621 1730 775 1797 quasi
826 1730 1214 1786 vestimentum
1263 1741 1641 1799 veterascent;
1706 1742 1761 1788 et
1808 1734 1944 1789 sicut

374 1818 711 1886 opertorium
743 1820 978 1875 mutabis
1030 1836 1124 1875 eos
1177 1830 1232 1876 et
1281 1822 1651 1890 mutabuntur,
1698 1824 1855 1894 127
1889 1835 1942 1880 ιιι
1976 1817 2019 1872 Β

372 1920 552 1963 autem
584 1908 723 1964 idem
762 1910 875 1980 ipse
906 1925 967 1968 es
990 1921 1044 1967 et
1086 1914 1211 1967 anni
1263 1915 1336 1968 tui
1391 1930 1495 1968 non
1536 1916 1789 1971 deﬁcient
1815 1916 1880 1969 ³⁸.
1916 1934 1936 1968 ι

373 2001 635 2057 Servator
661 2002 778 2074 ipse
806 2004 872 2059 de
904 2020 1000 2061 se:
1034 2024 1053 2057 ι
1094 2004 1287 2062 Videte
1316 2022 1422 2075 me,
1455 2008 1635 2064 videte
1688 2010 1814 2078 quia
1841 2024 1943 2079 ego

370 2103 591 2158 suimet
635 2111 740 2151 non
782 2107 961 2151 mutor
988 2097 1032 2129 "
1066 2116 1079 2153 :
1123 2119 1142 2151 ι
1172 2100 1238 2152 Ει
1282 2098 1547 2155 Jeremias
1592 2114 1609 2156 :
1655 2119 1673 2153 ι
1715 2100 1851 2168 Quia
1886 2111 1941 2155 tu

370 2184 615 2241 insidens
662 2187 939 2253 saeculum,
995 2196 1052 2243 et
1079 2203 1178 2243 nos
1211 2191 1500 2258 perdentes
1524 2188 1779 2244 saeculum
1809 2190 1874 2243 ⁸³.
1915 2209 1934 2242 ι

368 2276 485 2332 Illic
523 2278 667 2333 enim
705 2279 1053 2334 stabilitatem
1120 2290 1282 2350 atque
1320 2281 1813 2337 immutabilitatem
1857 2283 1939 2337 di-

365 2369 506 2423 vina:
542 2378 767 2435 naturae,
805 2371 1058 2440 quodque
1084 2385 1301 2442 semper
1330 2374 1517 2427 eodem
1563 2375 1722 2429 modo
1749 2390 1807 2431 se
1842 2375 1938 2429 ba-

365 2460 491 2515 beat
518 2460 832 2530 signiﬁcans
859 2465 1142 2533 praplteta,
1174 2464 1304 2519 dicit
1348 2482 1363 2519 :
1392 2484 1413 2517 ι
1447 2464 1527 2519 Tu
1565 2467 1804 2523 insidens
1833 2482 1937 2522 ste-

365 2550 585 2617 culum;
623 2570 642 2603 ι
671 2562 1047 2607 creaturarum
1081 2567 1208 2608 vero
1232 2555 1286 2608 in
1311 2554 1459 2609 omni
1487 2565 1728 2627 tempore
1754 2566 1936 2613 muta-

368 2643 571 2698 tionem
608 2642 942 2714 signilicans,
980 2644 1144 2698 infert
1178 2662 1192 2700 :
1231 2663 1248 2695 t
1277 2644 1387 2700 Nos
1425 2657 1607 2701 autem
1651 2648 1937 2717 perdentes

360 2733 640 2789 saeculum.
678 2753 698 2786 ›
739 2734 797 2789 Si
831 2750 961 2805 ergo
984 2750 1141 2791 sacra
1188 2735 1470 2807 Scriptura
1521 2740 1786 2794 creaturis
1816 2749 1934 2793 tan-

363 2836 474 2880 tum
500 2828 878 2894 mutationem,
900 2828 1275 2887 alterationem
1290 2841 1345 2884 et
1362 2831 1639 2885 interitum
1667 2830 1933 2900 agnoscit,

362 2924 416 2971 ct
442 2917 509 2971 ab
547 2917 739 2971 borum
775 2918 1038 2973 societate
1066 2916 1264 2972 Filium
1297 2919 1508 2984 eximit,
1544 2920 1770 2975 dicens:
1807 2940 1824 2972 ι
1855 2920 1933 2974 Tu

358 3017 538 3063 autem
572 3008 713 3063 idem
748 3008 863 3078 ipse
898 3023 957 3065 es
988 3028 1002 3063 :
1038 3028 1057 3062 ι
1094 3024 1198 3064 non
1234 3010 1397 3083 igitur
1424 3011 1697 3067 mutabilis
1728 3024 1935 3067 natura:

357 3112 461 3160 est.
476 3101 659 3173 Neque
691 3105 835 3157 enim
865 3102 1005 3157 idem
1033 3104 1129 3167 sit,
1154 3104 1199 3159 si
1236 3106 1289 3160 in
1313 3105 1458 3160 aliud
1477 3106 1746 3162 ouidniam
1771 3122 1930 3162 ruam

357 3205 442 3251 est
465 3196 661 3251 mutari
698 3207 900 3251 nosset.

1043 3398 1269 3458 LLIUD.

429 3509 488 3565 Si
518 3513 816 3566 secundum
841 3519 1092 3567 naturam
1116 3511 1472 3569 immutabilis
1498 3524 1709 3570 nonest
1739 3514 1930 3582 Filius,

354 3601 454 3656 sed
483 3603 735 3658 accidens
762 3604 811 3659 ei
845 3613 949 3669 est,
981 3613 1044 3659 ut
1072 3606 1143 3659 sit
1178 3605 1232 3660 id
1262 3606 1404 3675 quod
1436 3617 1543 3671 est,
1574 3607 1930 3661 adscititiam-

355 3708 463 3762 que
490 3694 656 3749 habet
687 3710 809 3749 cum
857 3695 1021 3751 Patre
1055 3696 1465 3752 similitudinem
1501 3716 1515 3751 :
1553 3698 1733 3766 aliquo
1767 3698 1930 3768 igitur

356 3794 599 3853 tempore
628 3786 793 3840 fuerit
817 3785 1032 3856 quidem
1071 3785 1112 3841 F
1119 3787 1263 3850 ilius,
1301 3787 1397 3841 sed
1433 3787 1715 3843 dissimilis
1741 3788 1930 3843 Patri?

350 3877 423 3930 At
446 3878 716 3946 quomodo
743 3878 912 3933 Filius
943 3879 1154 3934 censeri
1184 3888 1388 3948 posset,
1425 3896 1585 3948 quem
1619 3895 1724 3935 non
1771 3889 1928 3936 natu-

352 3969 482 4023 ralis
524 3969 820 4024 similitudo
848 3985 970 4024 eum
998 3984 1120 4026 esse
1157 3970 1440 4026 declarat?
1469 3972 1576 4027 Aut
1619 3987 1726 4040 quo
1766 3984 1927 4042 pacto

351 4063 507 4117 tirma
543 4077 608 4117 ac
638 4061 850 4117 stabilis
884 4063 1165 4117 beatitudo
1198 4062 1252 4116 in
1289 4063 1381 4117 illo
1425 4063 1550 4127 erit,
1579 4063 1671 4133 qui
1710 4079 1808 4134 per
1833 4082 1927 4121 ac-

349 4154 536 4209 cidens
559 4168 676 4209 eam
712 4153 917 4209 habet?
953 4154 1090 4209 Nam
1124 4156 1169 4210 si
1202 4155 1279 4210 illi
1313 4157 1533 4223 accidit,
1558 4166 1734 4227 potest
1758 4157 1923 4213 etiam

348 4258 459 4298 non
497 4244 766 4299 accidere.
813 4244 871 4299 Si
918 4260 1047 4300 vero
1096 4261 1255 4302 sacra
1300 4247 1581 4316 Scriptura
1620 4248 1815 4303 Filium
1869 4250 1921 4304 in

347 4336 627 4392 identitate
651 4352 870 4391 manere
900 4338 1055 4403 dicit,
1088 4340 1269 4394 omnia
1302 4356 1421 4409 quae
1460 4341 1761 4396 divinitatis
1794 4359 1920 4413 prn-

344 4429 463 4496 pria
494 4435 639 4492 sunt,
667 4427 987 4483 naturaliter
1015 4428 1071 4483 in
1111 4428 1228 4497 ipso
1259 4429 1530 4484 exsistunt
1562 4450 1575 4485 :
1611 4430 1784 4486 aliena
1821 4448 1919 4486 au-

2075 562 2131 615 '.0
2162 565 2420 635 ἑωρακὼς
2475 569 2575 637 ἐμὲ
2617 570 2830 641 ἑώρακε
2855 573 2948 627 τὸν
2976 573 3213 646 Πατέρα.
3244 592 3264 624 ι
3296 575 3356 627 Εἰ
3383 573 3559 627 τοίνυν
3595 577 3635 645 ἠ

2060 656 2189 726 περὶ
2238 656 2331 710 τοῦ
2378 658 2506 713 Υἱοῦ
2556 661 2788 728 γνῶσις,
2839 664 3039 734 γνῶσίς
3089 667 3206 719 ἐστι
3254 664 3349 719 τοῦ
3396 666 3633 736 Πατρὸς,

2058 748 2270 820 ἀνάγκη
2316 752 2463 805 πᾶσα
2504 753 2743 807 τοιοῦτον
2802 753 2938 812 εἶναι
3003 758 3280 811 πιστεύειν
3327 758 3419 811 τὸν
3472 759 3631 821 Υἱὸν,

2057 843 2239 907 ὁποῖός
2279 845 2425 898 ἐστιν
2464 848 2492 899 6
2528 848 2736 920 Πατήρ.
2786 850 2846 903 Εἰ
2885 852 2942 903 δὲ
2989 851 3163 916 τοῦτο,
3209 852 3477 923 ἄτρεπτος
3502 851 3559 905 δὲ
3601 853 3633 904 6

2058 934 2265 1005 Πατὴρ,
2312 934 2463 989 ἔσται
2504 938 2662 993 τοῦτο
2707 941 2924 1006 πάντως
2959 944 3051 997 καὶ
3088 945 3117 996 6
3147 943 3295 1006 Υἱός.
3334 943 3489 997 Οὖτω
3518 943 3635 1014 γὰρ

2058 1023 2124 1078 ἂν
2148 1026 2206 1077 ὲν
2234 1026 2383 1097 αὐτῷ
2404 1031 2671 1103 γνωσθείη
2702 1033 2795 1086 καὶ
2818 1035 3079 1103 φαίνοιτο.

2054 1141 2379 1217 Μαρτυρίαι
2405 1143 2521 1217 ἀπρ
2545 1146 2655 1213 τῆς
2684 1150 2734 1200 Γ
2727 1146 2947 1216 ραφῆζι,
2972 1149 3059 1203 ὅτι
3083 1149 3376 1217 ἄτρεπτος
3406 1152 3437 1202 ὀ
3464 1148 3631 1214 Υἱὸς,

2123 1210 2221 1262 καὶ
2249 1212 2323 1276 ἐξ
2356 1212 2554 1268 αὐτῶν
2579 1210 2995 1288 άὺλλοῃῖιοῄῖὸς
3025 1222 3112 1285 εἰς
3149 1210 3325 1273 τοῦτο
3353 1210 3630 1286 ’περιτρέἓ

2124 1294 2272 1335 πων.

2133 1394 2192 1447 '0
2236 1396 2445 1460 Παῦλος
2481 1414 2655 1467 Αεγεν
2690 1418 2709 1452 ι
2750 1401 2955 1472 Ἰησοῦς
2984 1403 3220 1475 Χριστὸς
3255 1402 3380 1475 χθὲς
3409 1401 3502 1456 καὶ
3529 1404 3631 1472 σή-

2055 1502 2238 1557 μερον,
2274 1490 2302 1541 6
2327 1490 2490 1553 αὐτὸς
2529 1493 2623 1544 καὶ
2657 1494 2736 1557 εἰς
2762 1496 2889 1557 τοὺς
2919 1495 3143 1558 αἰῶνας.
3173 1514 3191 1546 ι
3211 1496 3275 1548 -ὐ
3296 1494 3623 1565 Ψαλμῳδός

2057 1594 2076 1627 ι
2115 1576 2187 1628 Σὺ
2222 1579 2501 1650 καταρχὰς
2521 1622 2535 1644 ,
2587 1582 2757 1653 Κύριε
2777 1625 2791 1647 ,
2824 1585 2924 1655 τὴν
2952 1587 3055 1656 γῆν
3087 1586 3488 1656 ἐθεμελίωσας,
3520 1584 3623 1638 καὶ

2048 1665 2184 1736 ἔργα
2223 1669 2330 1723 τῶν
2360 1672 2559 1741 χειρῶν
2594 1674 2686 1727 σού
2731 1676 2865 1728 εἰσιν
2898 1678 2947 1729 oi
2996 1677 3219 1747 οὐρανοί
3238 1693 3249 1704 ’
3283 1677 3435 1730 αὐτοὶ
3476 1678 3621 1730 ἀπο·-

2048 1759 2284 1826 λοῦνται,
2336 1765 2399 1817 σὺ
2442 1763 2498 1817 δὲ
2543 1764 2852 1835 διαμένειςο
2898 1768 2993 1820 καὶ
3044 1769 3242 1831 πάντες
3293 1768 3367 1831 ὡς
3405 1768 3624 1837 ίμάτιον

2049 1852 2520 1924 παλαιωθήσονται
2536 1872 2550 1886 ’
2565 1857 2659 1908 καὶ
2682 1856 2815 1909 ὡσεὶ
2837 1857 3179 1928 περιϐόλαιον
3200 1857 3391 1921 ἑλίξεις
3419 1858 3623 1921 αὐτοὺς

2047 1943 2141 1996 καὶ
2178 1944 2597 2016 ἀλλαγήσονται,
2635 1948 2699 2000 σὺ
2724 1948 2782 2001 δὲ
2811 1949 2839 2000 6
2868 1950 3029 2012 αὐτὸς
3058 1948 3136 2013 εί,
3172 1950 3266 2003 καὶ
3300 1952 3368 2004 τὰ
3391 1950 3486 2020 ἐτη
3520 1968 3620 2003 σου

2046 2035 2147 2087 οὐκ
2189 2036 2547 2106 ἐκλείψουσιν.
2584 2058 2603 2089 ι
2653 2039 2710 2093 Ὁ
2741 2040 2927 2111 Σωτὴρ
2959 2044 3088 2111 περ)⁵
3132 2041 3355 2095 ίὲαυτοιῖι⁹
3398 2061 3417 2092 t
3446 2042 3621 2095 Ἴδετὲ

2049 2141 2137 2195 με,
2169 2126 2306 2179 ἴδετε
2336 2128 2417 2180 ὅτι
2444 2128 2556 2197 ἐγώ
2580 2131 2718 2200 είμι,
2750 2131 2963 2185 καίούκ
2996 2132 3317 2203 ἡλλοίωμαι.
3360 2152 3378 2184 ι
3400 2133 3457 2187 '0
3510 2134 3619 2186 Ἰε-

2047 2218 2277 2288 ρεμίαςο
2313 2220 2469 2273 «Ὅτι
2502 2223 2565 2275 σὺ
2596 2222 2907 2294 καθήμενος
2950 2225 3041 2278 τὸν
3088 2224 3277 2291 αἰῶνα,
3322 2227 3415 2279 καὶ
3452 2228 3619 2297 ἡμεῖς

2044 2308 2404 2380 ἀπολλύμενοι
2423 2313 2512 2366 τὸν
2544 2313 2735 2370 αἰῶνα.
2767 2334 2785 2366 ι
2805 2315 3068 2369 Ἐνταῦθα
3097 2318 3205 2389 γὰρ
3240 2316 3300 2370 τὸ
3330 2317 3618 2388 ίδρυμένον

2044 2401 2137 2453 καὶ
2165 2402 2519 2471 ἀμετάθετον,
2550 2407 2644 2458 καὶ
2667 2407 2754 2459 ἀεὶ
2778 2407 3041 2471 ὡσαύτως
3063 2409 3184 2478 ἕχον
3212 2409 3312 2479 τῆς
3341 2408 3489 2473 θείας
3514 2410 3617 2478 ιρύ⁸

2045 2509 2182 2556 σεως
2227 2496 2255 2547 6
2284 2497 2569 2567 προφήτης
2615 2498 2894 2568 σημαίνων
2927 2500 3097 2570 φησί·
3148 2519 3165 2552 ι
3201 2502 3272 2553 Σὺ
3303 2499 3619 2570 καθήμενος

2042 2582 2131 2636 τὸν
2171 2582 2376 2638 αίῶναο
2416 2605 2433 2637 ι
2477 2587 2575 2656 τὴν
2632 2587 2689 2641 δὲ
2728 2590 2786 2641 ὲν
2830 2591 2992 2642 παντὶ
3033 2592 3210 2661 χρόνῳ
3234 2591 3341 2645 τῶν
3365 2592 3614 2662 γενητῶν

2045 2674 2347 2745 μεταϐολὴν
2417 2677 2815 2747 ἐξηγούμενος,
2880 2681 3167 2751 ἐπιφέρει·
3217 2700 3236 2733 ι
3274 2682 3384 2734 Καλ⁵
3446 2684 3614 2751 ἡμεῖς

2042 2760 2407 2832 ἀπολλύμενοι
2435 2764 2527 2817 τὸν
2555 2766 2745 2821 αίῶνα.
2782 2786 2800 2818 ι
2833 2768 2894 2821 Ei
2928 2770 3105 2822 τοίνυν
3139 2770 3232 2823 ἐπὶ
3264 2771 3362 2841 μὲν
3386 2771 3492 2824 τῶν
3518 2788 3615 2839 γε-

2040 2852 2217 2922 νητῶν
2251 2855 2481 2926 τροπὴν,
2530 2859 2622 2911 καὶ
2665 2858 2968 2927 ἀλλοίωσιν,
3016 2862 3112 2916 καὶ
3158 2864 3467 2928 ἀπώλειαν,
3514 2863 3610 2919 καὶ

2040 2944 2340 3016 ἐξαλλαγὴν
2374 2949 2405 3018 ή
2451 2948 2570 3003 θεία
2612 2950 2845 3015 λέγουσα
2890 2953 3099 3023 Γραφὴ,
3129 2955 3229 3024 τῆς
3263 2957 3400 3026 πρὸς
3434 2956 3613 3012 ταῦτα

2039 3038 2323 3100 κοινωνίας
2356 3040 2640 3112 ὐπεξαιρεῖ
2684 3042 2774 3095 τὸν
2819 3044 2965 3110 Υἱὸν,
3003 3063 3020 3095 ι
3053 3047 3124 3100 Σὺ
3154 3046 3211 3099 δὲ
3236 3048 3263 3099 6
3287 3047 3446 3110 αὐτὸς
3473 3044 3544 3113 εἷ,
3581 3067 3604 3099 ι

1962 3174 2005 3232 C
2038 3126 2302 3195 λέγουσα,
2329 3130 2427 3183 οὐκ
2454 3130 2561 3200 ἄρα
2614 3135 2858 3205 τρεπτῆς
2887 3136 3099 3206 φύσεώς
3131 3139 3297 3194 ἐστιν.
3335 3140 3468 3193 Οὐδὲ
3496 3142 3614 3212 γὰρ

2034 3216 2101 3273 ἂν
2130 3221 2157 3272 ὁ
2184 3221 2346 3285 αὐτὸς
2378 3221 2464 3293 εἴη
2489 3261 2504 3285 ,
2549 3225 2635 3293 ἐφ’
2667 3226 2852 3299 ἕτερόν
2884 3247 2935 3283 τι
2968 3232 3096 3301 παρ’
3121 3232 3259 3302 ὅπερ
3298 3233 3413 3286 ἐστὶ
3442 3249 3611 3302 μετει-⁹

2033 3310 2332 3381 τρέπεσθαι
2359 3313 2676 3385 δυνάμενος.

2709 3433 2916 3487 ΑΛΛΟ.

2100 3536 2162 3588 Εἰ
2197 3536 2336 3590 κατά
2367 3537 2527 3607 φύσιν
2558 3540 2656 3593 οὐκ
2686 3540 2835 3597 ἔστιν
2862 3544 3127 3614 ἄτρεπτος
3158 3546 3187 3598 6
3221 3544 3366 3609 Υἱὸς,
3404 3546 3604 3622 συνέϐη

2027 3626 2085 3679 δὲ
2127 3628 2276 3700 αὐτῷ
2306 3629 2368 3682 τὸ
2402 3626 2541 3684 εἶναι
2586 3631 2745 3685 τοῦτο
2791 3635 2929 3704 ὅπερ
2978 3636 3115 3701 ἐστὶ,
3157 3636 3250 3689 καὶ
3309 3637 3603 3708 ἐπίκτητον

2028 3721 2140 3790 ἔχει
2172 3723 2269 3791 τὴν
2299 3722 2435 3794 πρὸς
2462 3724 2554 3776 τὸν
2590 3724 2808 3794 Πατέρα
2834 3726 3146 3797 ὁμοιότητα,
3176 3723 3244 3796 ἦν
3275 3728 3383 3798 ἀρα
3406 3731 3599 3799 χρόνος

2026 3812 2115 3865 ὅτε
2141 3809 2208 3883 ἦν
2250 3814 2347 3883 μὲν
2372 3816 2401 3867 6
2429 3814 2579 3880 Υἱὸς,
2614 3816 2865 3886 ἀνόμοιος
2895 3817 2951 3869 δὲ
2980 3817 3058 3887 τῷ
3084 3818 3257 3887 Πατρί
3279 3835 3293 3884 ;
3343 3821 3453 3873 Καὶ
3483 3822 3604 3883 πὼς

2027 3906 2154 3969 Υίὺς
2186 3906 2266 3961 ἔτι
2294 3908 2615 3979 νοηθήσεται
2642 3911 2671 3962 6
2702 3909 2777 3980 μὴ
2808 3911 2872 3963 ἐκ
2912 3910 3013 3980 τῆς
3044 3911 3185 3965 κατὰ
3224 3911 3388 3981 φύσιν
3423 3913 3601 3983 ὁμοιό-

2022 4015 2185 4069 τητος
2230 3999 2711 4071 μαρτυρούμενος;
2745 4003 2815 4054 Ἦ
2846 4002 2963 4066 πῶς
2988 4005 3044 4057 ὲν
3069 4004 3271 4074 βεϐαίῳ
3295 4008 3393 4077 τῆς
3421 4024 3599 4077 μακα-

2024 4091 2269 4163 ριότητος
2299 4093 2576 4163 στήσεται,
2604 4095 2631 4146 6
2657 4094 3098 4167 ὲπισυμϐεϐηκὸς
3135 4096 3294 4151 τοῦτο
3319 4097 3491 4168 ἔχωνς
3534 4099 3602 4156 Εἰ,

2022 4183 2128 4255 γὰρ
2159 4183 2378 4254 συνέϐη,
2404 4185 2499 4238 καὶ
2528 4185 2912 4254 ἀποσυμϐἦναι
2938 4186 3094 4240 τοῦτο
3119 4187 3425 4258 δυνήσεται.
3454 4189 3516 4241 Εἰ
3539 4190 3595 4241 δὲ

2023 4277 2082 4329 ἐν
2111 4275 2399 4348 ταυτότητι
2447 4276 2634 4343 μένειν
2667 4276 2758 4330 τὸν
2784 4277 2913 4330 Υἱὸν
2960 4279 2992 4348 ἡ
3042 4278 3161 4333 θεία
3192 4280 3342 4348 λέγει
3379 4280 3597 4351 Γραφὴ,

2020 4368 2198 4418 πάντα
2231 4368 2288 4418 ὲν
2333 4366 2482 4436 αὐτῷ
2514 4366 2655 4420 κατά
2708 4367 2870 4435 φύσιν
2911 4368 3030 4421 ἐστὶ
3079 4368 3150 4422 τὰ
3194 4370 3293 4438 τῆς
3341 4368 3595 4438 θεότητος

2022 4457 2159 4522 ἴδια,
2191 4457 2470 4529 ἀλλότριον
2505 4458 2562 4512 δὲ
2593 4460 2799 4531 ταύτης
2843 4463 2876 4534 ἡ
2925 4460 3135 4534 τροπὴ,
3182 4463 3449 4535 ἄτρεπτος
3485 4465 3595 4533 ἄρα

347 4528 455 4572 tem
486 4530 572 4575 est
598 4534 626 4570 a
655 4517 861 4573 deitate
893 4520 1149 4587 mutatio;
1185 4522 1505 4579 mutationis
1535 4523 1716 4594 itaque
1746 4533 1798 4578 et
1836 4525 1916 4582 al-

2052 4517 2154 4601 στὶ⁷
2170 4548 2263 4601 καὶ
2294 4517 2671 4615 ἀναλλοίωτος.

345 4610 628 4666 terationis
651 4625 843 4681 expers
874 4619 977 4665 est.

1004 4726 1236 4787 ALIUD.

410 4836 466 4891 id
498 4837 641 4906 quod
674 4840 869 4895 mutari
906 4849 961 4896 et
994 4842 1213 4903 alterari
1252 4852 1428 4912 potest
1484 4860 1591 4901 non
1620 4847 1819 4901 dixerit
1847 4848 1914 4903 tle

338 4926 519 4995 seipso
550 4946 564 4982 :
600 4945 620 4978 ι
659 4928 770 4999 Ego
812 4946 931 4985 sum
964 4934 1185 4989 veritas.
1219 4953 1238 4987 ι
1278 4934 1410 4990 Nam
1440 4939 1583 5006 quod
1631 4936 1789 4991 modo
1831 4939 1911 4993 sic

335 5027 442 5085 est,
470 5020 627 5075 modo
650 5037 754 5076 non
784 5032 889 5089 est,
918 5027 1271 5094 repugnantia
1298 5026 1399 5082 sibi
1430 5028 1529 5097 ipsi
1558 5028 1708 5086 dicit.
1738 5029 1909 5087 Filius

334 5120 513 5163 autem
538 5109 608 5166 de
635 5112 817 5181 seipso
836 5112 970 5170 dicit
1000 5133 1013 5169 :
1048 5135 1065 5166 ι
1094 5115 1205 5187 Ego
1233 5132 1350 5173 sum
1388 5120 1605 5173 veritas.
1638 5139 1657 5172 ι
1684 5119 1800 5175 Non
1826 5131 1912 5176 est

334 5200 500 5270 igitur
527 5217 594 5257 ex
631 5204 697 5259 iis
721 5220 842 5275 quas
866 5216 1143 5263 mutantur
1169 5218 1331 5279 atque
1355 5210 1679 5279 aitet-antur,
1712 5213 1805 5268 sed
1835 5214 1908 5268 si-

331 5293 478 5350 milis
508 5294 679 5361 Palri,
712 5301 1036 5356 mutationis
1067 5312 1123 5355 et
1155 5301 1491 5359 alterationis
1513 5320 1729 5373 expers.

821 5498 1050 5565 ALIUD,
1081 5502 1411 5570 explicatius.

401 5607 654 5665 Haretici
706 5622 968 5668 conantes
1012 5613 1306 5671 ostendere
1358 5615 1555 5671 Filium
1601 5634 1663 5673 ex
1711 5632 1899 5674 eorum

2695 4733 2898 4787 ΑΛΛΟ.

2089 4842 2162 4895 T6
2182 4844 2516 4915 τρεπόμενον
2547 4847 2641 4899 καὶ
2666 4845 3021 4918 ἀλλοιωθῆναι
3047 4848 3361 4920 δυνάμενον,
3391 4854 3491 4905 οὐκ
3520 4852 3591 4906 ἂν

2016 4931 2164 5001 λέγοι
2199 4936 2330 5007 περὶ
2351 4936 2577 4990 ἑαυτοῦ·
2610 4956 2629 4988 ι
2666 4936 2808 5005 Ἐγώ
2839 4941 2954 5010 είμι
2988 4943 3020 5011 ἡ
3059 4942 3302 5015 ἀλήθεια.
3340 4963 3360 4995 ι
3389 4945 3451 4997 Εἰ
3474 4946 3586 5015 γὰρ

2015 5027 2145 5079 ποτὲ
2202 5027 2299 5096 μὲν
2350 5028 2468 5082 τόδε
2510 5030 2691 5095 ἐστὶν,
2730 5031 2862 5084 ποτὲ
2904 5032 2961 5085 δὲ
3005 5033 3106 5087 οὐκ
3151 5034 3286 5100 ἐστι,
3328 5035 3583 5105 ψεύδεται

2012 5118 2149 5188 πρὸς
2176 5120 2390 5173 ἑαυτόν.
2445 5121 2505 5175 '0
2543 5121 2602 5175 δὲ
2626 5122 2753 5185 Υἱὸς
2779 5124 2908 5194 περὶ
2938 5126 3133 5179 ἑαυτοῦ
3170 5126 3343 5195 λέγει·
3382 5147 3403 5179 ι
3442 5129 3584 5199 Ἐγὼ

2008 5209 2124 5276 εἰμι
2157 5210 2188 5278 ἠ
2222 5207 2469 5277 ἀλήθεια.
2504 5228 2521 5262 t
2546 5210 2661 5264 Οὐκ
2688 5211 2798 5283 ἄρα
2824 5211 2934 5264 τῶν
2959 5211 3426 5286 ἀλλοιουμένων,ἢ
3455 5233 3582 5288 τρεο

2009 5302 2261 5367 πομένων
2294 5301 2465 5366 ἐστὶν,
2508 5302 2624 5355 ἀλλ’
2655 5303 2841 5373 ὅμοιος
2881 5302 2960 5374 τῷ
2986 5304 3184 5376 Πατρὶ,
3228 5306 3496 5376 ἀτρεπτός
3520 5326 3579 5361 τε

2006 5391 2099 5444 καὶ
2130 5390 2485 5455 ἀναλλοίωτος
2510 5391 2605 5448 ὥν.

2444 5507 2651 5571 ΑΛΛΟ,
2689 5506 3143 5577 διηγηματικῶς.

2080 5622 2217 5676 Ἕνα
2259 5622 2366 5675 τῶν
2404 5621 2801 5693 ἀλλοιουμένων
2839 5622 3232 5689 σπουδάζοντες
3272 5623 3441 5689 δεῖξαι
3482 5622 3577 5680 τὸν

392 5767 437 5802 ³⁵
461 5765 617 5826 Joan.
658 5785 767 5837 xw,
798 5773 850 5840 8,
884 5770 938 5829 9.
994 5772 1037 5806 ³ο
1066 5772 1229 5832 Hebr.
1261 5790 1383 5844 xm,
1411 5778 1464 5830 8.
1521 5777 1563 5812 δι
1592 5774 1735 5834 Ρδειι.
1767 5779 1927 5848 0,26

2089 5780 2131 5815 ³²
2162 5780 2292 5838 Luc.
2324 5798 2471 5851 xxiv,
2495 5782 2594 5853 59;
2631 5782 2856 5841 Malaclt.
2886 5798 2968 5851 tn,
2996 5782 3048 5838 6.
3091 5783 3135 5817 ³³
3157 5783 3367 5843 Baruclt
3400 5801 3483 5856 ιιι,
3512 5783 3569 5842 3.
