3882 6210
200 260 328 317 213
1654 271 2100 325 THESAUKUS.
3372 265 3476 325 2H

1654 271 2100 330 THESAUKUS.

204 380 372 444 Υἱὺν,
399 384 500 438 ῐνα
537 386 600 439 ἐκ
619 386 807 442 τούτου
837 390 1122 462 νομίζηται
1148 388 1287 447 εἶναι
1320 393 1415 452 καὶ
1444 395 1689 464 γενητὸς,
1710 395 1782 452 κα

1907 405 2133 444 numero
2158 404 2281 444 esse
2301 404 2419 459 qua:
2446 398 2737 452 mutantur,
2772 394 2830 441 ut
2854 403 2920 443 ex
2951 387 3053 442 hoc
3075 389 3235 442 etiam
3256 403 3477 443 censea-
3508 434 3509 437 η

200 471 411 526 λοιπὸν
454 476 715 548 ἀνόμοιος
740 478 819 551 τῷ
850 482 1049 554 Πατρὶ,
1072 486 1152 547 είς
1174 485 1448 552 ἀπόδειξιν
1468 486 1567 555 τῆς
1597 484 1782 539 ἑαυτῶε

1913 490 1997 533 tur
2011 494 2130 533 esse
2147 485 2380 542 creatus,
2399 487 2557 546 atque
2580 476 2651 532 ita
2671 477 2946 531 dissimilis
2970 476 3135 540 Patri,
3151 477 3216 531 ad
3231 492 3479 545 compro-

206 564 429 631 μανίας
464 570 804 640 προφέρουσι
830 590 951 628 τινα
967 574 1076 629 τῶν
1107 576 1168 629 ὲν
1189 579 1303 642 ταῖς
1338 576 1510 642 Θείαις
1531 579 1779 650 Γραφαῖς

1907 570 2136 624 bandam
2157 583 2305 623 suam
2330 569 2591 623 insaniam
2616 566 2868 622 nonnulla
2890 583 2954 622 ex
2984 567 3281 638 Scripturis
3306 573 3479 625 sacris

204 655 306 707 καί
335 672 488 724 φασι
515 659 609 741 16v
645 662 962 719 Ἀπόστολον
990 667 1164 720 εἰπεῖν
1181 684 1195 698 ·
1227 686 1246 720 t
1268 669 1358 722 Διὸ
1381 671 1475 724 καὶ
1498 672 1525 724 6
1544 670 1676 734 Θεὸς
1707 670 1805 724 αὺ-

200 744 301 798 τὸν
336 747 707 820 ὑπερύψωσε,
745 757 839 809 καὶ
869 757 1161 829 ἐχαρίσατο
1194 760 1342 831 αὐτῷ
1372 761 1543 831 ὄνομα
1567 761 1629 815 16
1664 762 1803 832 ὑπὲρ

204 837 323 889 πᾶν
364 838 591 911 ὄνομαο
646 844 733 899 ἵνα
788 847 847 899 ὲν
885 847 963 919 τῷ
1008 849 1231 920 ὀνόματι
1292 852 1465 922 Ἰησοῦ
1514 854 1622 908 πᾶν
1672 852 1801 921 γόνυ

201 923 440 999 κάμψῃ.
466 947 490 981 ι
541 932 699 1002 Παρά
725 934 782 988 δὲ
812 935 891 1007 τῷ
935 938 1223 1009 Ψαλμῳδῷ
1249 941 1556 1012 γέγραπται
1596 943 1760 996 πάλιν
1782 961 1796 975 ·

206 1035 227 1064 σ
262 1017 371 1071 Διά
418 1020 589 1077 τοῦτο
630 1023 813 1097 ἔχρισὲ
859 1044 920 1081 σε
965 1032 994 1083 6
1035 1030 1194 1095 Θεὸς,
1243 1034 1271 1085 6
1318 1033 1450 1096 Θεός
1495 1050 1587 1086 σου
1622 1033 1800 1088 ἔλαιον

198 1106 608 1177 ἀγαλλιάσεως
628 1116 779 1185 παρά
800 1118 923 1182 τοὺς
958 1121 1219 1191 μετόχους
1240 1138 1354 1178 σου.
1370 1143 1388 1175 ι
1423 1121 1559 1178 Εἶτα
1581 1124 1797 1193 λέγουσι

201 1200 275 1253 τὰ
307 1203 552 1272 ῥήματα
586 1208 950 1278 σοφιζόμενοι,
983 1212 1169 1278 ὅτιτὸ,
1201 1213 1315 1281 διὸ,
1352 1216 1450 1271 καὶ
1481 1215 1578 1270 διὰ
1598 1216 1794 1283 τοῦτο,

199 1288 399 1343 αίτίαν
428 1294 562 1349 τινὰ
593 1298 865 1367 σημαίνει,
903 1301 971 1354 δι’
1004 1303 1070 1372 ἢν
1093 1304 1449 1377 ὑπερυψὼθη,
1479 1306 1571 1360 καὶ
1602 1308 1815 1379 ἐχαρίσ-Δ

203 1381 311 1452 σθη
339 1384 506 1456 αὑτῷ
537 1388 599 1441 16
625 1388 795 1459 ὄνομα
823 1391 885 1445 16
912 1393 1050 1466 ὑπὲρ
1079 1397 1185 1449 πᾶν
1213 1397 1404 1467 ὄνομα,
1441 1401 1536 1452 καὶ
1566 1400 1794 1472 ὲχρίσθη

199 1472 283 1541 τῷ
310 1474 493 1548 ἐλαίῳ
525 1479 627 1551 τῆς
652 1482 1043 1549 ἀγαλλιάσεως.
1084 1489 1148 1541 El
1182 1488 1239 1543 δὲ
1272 1491 1419 1543 αίτία
1469 1508 1554 1555 τις
1585 1494 1794 1547 τούτων

201 1565 361 1636 αὑτῷ
390 1569 595 1639 γέγονε
624 1573 903 1642 πρόξενος,
932 1577 1195 1649 ἠλλοιώθη
1228 1580 1468 1650 δηλονότι
1502 1583 1596 1636 καὶ
1627 1602 1794 1652 μετα-

200 1654 513 1727 ϐέϐληται,
558 1660 719 1715 τοῦτο
749 1664 987 1732 γεγονὼς
1014 1667 1151 1737 ὅπερ
1195 1669 1295 1722 οὐκ
1329 1665 1397 1740 ἦν
1426 1671 1531 1743 πρὸ
1559 1672 1750 1727 τούτου
1773 1692 1788 1706 ο

202 1746 299 1801 καὶ
325 1749 377 1800 εί
408 1750 575 1805 δοτδν
602 1754 661 1806 ὲν
684 1726 838 1827 αὐτῷ
869 1757 931 1811 16
966 1726 1213 1829 ἀξίωμα,
1244 1726 1397 1815 ἔσται
1432 1726 1527 1817 καὶ
1555 1765 1788 1838 ἀφαιρε-
1822 1726 1867 1785 Β

197 1839 314 1893 τόν.
346 1841 425 1894 Τὸ
449 1842 515 1897 δὲ
548 1845 608 1898 ὲν
632 1848 858 1921 τοιαύτῃ
883 1852 1214 1906 καταστάσει
1244 1856 1531 1926 τυγχάνον,
1565 1858 1683 1924 πῶς
1720 1860 1787 1914 ἂν

202 1932 292 2002 εἴη
343 1934 496 1989 κατά
543 1936 707 2006 φύσιν
742 1939 822 2011 τῷ
867 1942 1122 2014 ἀτρέπτῳ
1157 1944 1363 2014 ὅμοιον,
1413 1952 1508 2003 καὶ
1555 1951 1653 2007 τοῦ
1703 1953 1793 2013 ἀεὶ

196 2015 479 2086 ὡσαύτως
503 2022 723 2095 ἔχοντος
746 2029 944 2097 είκών;

692 2162 852 2229 Πρὸς
885 2164 1075 2220 ταῦτα
1104 2170 1308 2238 λύσις.

270 2285 338 2340 Εἰ
370 2288 503 2383 καθ’
541 2291 686 2363 ὑμᾶς
718 2295 907 2364 γέγονέ
943 2316 1026 2362 τις
1055 2301 1201 2357 αἰτία
1232 2304 1300 2358 δι’
1333 2305 1399 2377 ἣν
1430 2306 1787 2383 ὁπερυψὼθη,

201 2380 428 2472 τεαὶ-του
459 2383 727 2453 ὀνόματος
751 2387 960 2458 ἔτυχεν,
997 2392 1224 2465 ὲχρίσθη
1255 2413 1314 2452 τε
1358 2398 1436 2467 τῷ
1477 2399 1643 2470 ἐλαίῳ
1687 2380 1787 2472 τῆς

202 2469 610 2560 ἀγαλλιάσεως,
639 2475 737 2535 οὐκ
770 2477 837 2530 ἂν
858 2474 924 2550 ἦν
948 2479 1094 2533 τοῦθ’
1119 2483 1255 2554 ὅπερ
1285 2486 1401 2540 ἐστὶ
1427 2488 1542 2551 νῦν,
1571 2469 1672 2560 τῆς
1696 2469 1784 2545 ai-

201 2559 324 2623 τέας
354 2563 419 2615 οὐ
450 2566 777 2639 γενομένης.
829 2572 1039 2628 Οὐκοῦν
1068 2576 1129 2629 οὐ
1160 2577 1319 2646 φύσει
1345 2581 1475 2646 Θεὸς
1503 2586 1532 2637 6
1564 2559 1710 2651 Υἱὸς,
1736 2587 1787 2639 εἰ

200 2651 261 2714 ἐξ
302 2655 500 2747 Ααίτίας
540 2658 686 2713 κατά
724 2661 884 2732 χάριν
916 2664 1088 2731 Θεός·
1118 2669 1238 2723 οὐδὲ
1268 2670 1427 2740 φύσει
1453 2674 1600 2742 Υἱὸς,
1639 2680 1688 2730 εί
1728 2677 1790 2747 ἐξ

198 2745 381 2842 αίτίας
406 2749 559 2804 κατά
586 2752 743 2823 χάριν
759 2755 905 2821 Υἱὸς,
922 2760 1012 2812 καὶ
1036 2761 1225 2830 μισθὸς
1245 2762 1322 2829 ὼς
1345 2764 1521 2820 ἔοικεν
1536 2745 1785 2842 ἀρετῆςή

200 2839 384 2933 υἱότης
401 2842 581 2914 αὐτῷ,
596 2845 765 2899 καὶτὸ
780 2849 881 2918 τῆς
902 2849 1153 2922 θεότητος
1168 2853 1357 2926 ὄνομα,
1380 2839 1675 2931 ὥσπερίκαὶ
1693 2839 1784 2933 ὲφδ

393 2935 571 2990 Οὐδὲν
598 2934 690 2993 οὖν
707 2938 861 2995 ἔσται
878 2942 938 2996 16
966 2944 1131 2999 αὑτοῦ
1160 2964 1219 3001 τε
1252 2950 1349 3003 καὶ
1380 2953 1537 3024 ἡμῶν
1558 2956 1781 3025 μεταξύ.

204 3023 421 3135 Ἔξεστι
439 3029 553 3135 γὰρ
569 3026 655 3135 6ιά
676 3030 788 3135 Eth
810 3033 1137 3107 σεμνότητος
1158 3038 1268 3093 τῶν
1286 3023 1416 3094 ίσων
1436 3023 1638 3114 τυχεῖν,
1652 3023 1780 3117 είῗγε
1806 3076 1849 3135 c

205 3114 522 3186 καλοῦμεθα
558 3120 651 3172 xui.
684 3120 796 3175 θεοὶ
817 3124 912 3176 καὶ
934 3126 1061 3190 υἱοὶ,
1087 3127 1182 3179 καὶ
1214 3129 1478 3200 χριόμεθα
1501 3132 1581 3203 τῷ
1612 3114 1781 3206 ὲλαίω

207 3206 300 3276 τῆς
324 3209 725 3277 ἀγαλλιάσεως,
764 3214 968 3269 τούτων
1012 3216 1196 3283 ἀξίους
1232 3222 1457 3287 ἑαυτοὺς
1487 3229 1778 3299 παραυ-τὴς-

206 3314 418 3363 σαντες.
455 3302 522 3356 El
554 3303 613 3357 δὲ
663 3304 822 3360 τοῦτο
864 3307 1065 3363 ἄτοπον
1110 3312 1204 3365 καὶ
1252 3317 1392 3366 νοεῖν
1436 3315 1528 3368 καὶ
1578 3318 1776 3387 λέγειν,

206 3388 345 3480 ὑπὲρ
374 3395 531 3464 ἡμᾶς
576 3394 729 3450 ἔσται
773 3398 868 3452 καὶ
899 3400 997 3470 οὐχ
1030 3400 1107 3465 ὡς
1132 3405 1297 3474 ἡμεῖς
1327 3405 1356 3458 6
1385 3404 1531 3470 Υίός.
1575 3408 1635 3463 '0
1678 3410 1778 3480 μὲν

208 3479 313 3550 γὰρ
337 3484 403 3536 ὲκ
432 3485 532 3539 τοῦ
563 3487 777 3559 Πατρὸς
805 3491 945 3543 κατά
976 3491 1137 3560 φύσιν
1165 3495 1443 3567 ὑπάρχων,
1474 3500 1601 3564 Υἱός
1632 3479 1781 3555 ἐστιν

208 3570 475 3642 ἀληθινὸς,
505 3576 584 3640 ὡς
613 3579 898 3650 ἄνθρωπος
922 3582 980 3647 ἐξ
1012 3584 1320 3656 ἀνθρώπου,
1353 3590 1447 3642 καὶ
1476 3592 1605 3656 Θεός
1629 3594 1778 3646 ἐστιν

211 3662 272 3714 ὲκ
301 3662 435 3718 Θεοῦ
470 3668 775 3739 γεννηθείς.
811 3670 1001 3742 Ἡμεῖς
1030 3673 1087 3727 δὲ
1119 3670 1201 3737 οἷς
1227 3676 1397 3731 ταῦτα
1429 3680 1568 3732 κατά
1607 3680 1775 3749 φύσιν

209 3753 267 3805 οὐ
308 3757 596 3826 πρόσεστι,
639 3762 737 3831 τὴν
767 3763 878 3817 ἀπὸ
914 3764 1011 3819 τοῦ
1054 3766 1239 3821 λαᾶεϊν
1286 3770 1468 3842 χάριν,
1520 3772 1639 3825 ἀντὶ
1680 3773 1775 3825 τοῦ

212 3846 349 3899 κατὰ
375 3849 639 3920 ἀλήθειαν
665 3855 1009 3926 εσχήκαμεν,
1044 3860 1152 3912 υἱοὶ
1182 3860 1279 3913 καὶ
1307 3861 1418 3915 θεοὶ
1447 3862 1534 3916 διά
1559 3864 1657 3935 τὴν
1682 3864 1775 3918 τοῦ

210 3936 497 4008 δεδωκότος
530 3944 935 4018 φιλανθρωπίαν
970 3953 1399 4023 χρηματίζοντες
1420 3971 1435 3988 ·
1467 3955 1629 4027 μέχρι
1668 3958 1776 4028 γὰρ

216 4028 371 4127 μόνου
410 4034 818 4127 λτοῦόνόματος
862 4041 947 4110 ἐφ’
978 4043 1137 4112 ἡμῶν
1183 4046 1217 4115 ἡ
1266 4049 1460 4117 κτῆσις
1498 4049 1604 4102 τῶν
1638 4050 1777 4127 ὑπὲρ

213 4119 373 4189 ἡμᾶς,
407 4125 487 4180 ἔτι
519 4126 577 4181 δὲ
600 4128 695 4183 τοῦ
725 4130 876 4196 Υἰοῦ,
912 4136 1112 4207 φυσική
1142 4154 1200 4190 τε
1226 4138 1321 4192 καὶ
1350 4138 1633 4211 οὑσιώδης.

880 4267 1085 4323 ΑΛΛΟ.

1906 661 2205 731 proferunt,
2227 660 2804 731 aiuntqueApostolum
2832 661 3042 715 dicere:
3068 678 3087 712 ί
3113 661 3316 715 Idcirco
3338 662 3475 716 Deus

1904 752 2156 807 exaltavit
2188 752 2432 817 illum,et
2451 753 2672 805 donavit
2702 752 2773 805 illi
2808 767 3000 806 nomen
3044 752 3186 821 quod
3209 762 3291 807 est
3316 768 3477 820 super

1902 859 2063 900 omne
2113 859 2329 908 nomen,
2361 854 2420 898 ut
2467 845 2516 898 in
2546 846 2762 899 nomine
2786 844 2910 899 Jesu
2937 860 3096 900 omne
3124 861 3260 914 genu
3291 844 3474 899 ﬂecta-

1903 945 1989 991 tur
2011 938 2107 993 “.t
2132 938 2197 992 Et
2212 953 2240 992 a
2258 936 2539 993 Psalmista
2555 953 2743 993 rursus
2763 939 3023 1008 scriptum
3045 948 3126 992 est
3149 956 3162 991 :
3185 955 3202 988 ί
3225 937 3475 1005 Propter-

1900 1042 1961 1082 ea
1994 1029 2144 1081 unxit
2174 1037 2226 1082 te
2254 1027 2413 1094 Deus,
2449 1028 2591 1083 Deus
2614 1038 2755 1093 tuus,
2792 1027 2911 1083 oleo
2947 1027 3325 1084 exsultationis
3364 1042 3474 1096 prae

1901 1118 2249 1188 participibus
2273 1118 2377 1172 tuis
2398 1118 2463 1172 ³⁵.
2477 1137 2495 1170 ι
2516 1118 2715 1173 Deinde
2734 1118 2892 1173 verba
2911 1119 3245 1183 cavillantes,
3268 1119 3470 1184 dicunt,

1897 1207 2094 1261 idcirco
2118 1217 2174 1262 et
2203 1218 2474 1277 propterea
2514 1209 2675 1278 128
2699 1223 2915 1263 causam
2946 1208 3231 1279 quamdam
3263 1209 3469 1280 signiﬁ-

1897 1314 2041 1364 care,
2074 1309 2291 1370 propter
2332 1315 2494 1371 quam
2535 1301 2806 1357 exaltatus
2847 1300 2938 1366 sit,
2972 1311 3026 1355 et
3061 1311 3279 1372 propter
3307 1317 3469 1372 quam

1896 1389 2149 1447 donatum
2178 1394 2226 1447 ei
2255 1394 2326 1447 sit
2351 1408 2563 1459 nomen,
2599 1394 2741 1463 quod
2763 1403 2846 1449 est
2869 1410 3031 1464 super
3059 1410 3218 1449 omne
3251 1410 3466 1457 nomen,

1894 1493 1948 1538 et
1976 1495 2168 1539 unctus
2193 1485 2262 1539 sit
2294 1485 2413 1540 oleo
2439 1485 2830 1541 exsultationis.
2868 1484 2922 1539 Si
2946 1501 3076 1556 ergo
3102 1501 3261 1540 causa
3287 1487 3465 1554 aliqua

1894 1576 1999 1631 hoc
2024 1577 2072 1631 ei
2105 1576 2429 1642 conciliavit,
2467 1587 2613 1633 certe
2647 1578 3000 1633 mutationem
3023 1576 3255 1646 aliquam
3280 1579 3465 1638 subiit.

1894 1666 2069 1723 factus
2091 1668 2342 1722 nimirum
2366 1667 2416 1722 id
2434 1669 2575 1738 quod
2603 1678 2761 1723 antea
2791 1686 2895 1725 nun
2918 1677 3070 1735 erat;
3095 1679 3149 1723 et
3175 1668 3217 1723 si
3236 1668 3467 1738 dignitas

1895 1757 1946 1811 in
1985 1756 2074 1811 illo
2110 1757 2367 1813 donatitia
2390 1768 2492 1823 est,
2524 1758 2724 1814 auferri
2757 1760 2919 1815 etiam
2940 1769 3138 1829 potest.
3168 1759 3319 1827 Quod
3339 1776 3466 1814 vero

1893 1847 1967 1902 ita
2000 1859 2366 1918 comparatqu
2413 1861 2518 1913 est,
2566 1852 2769 1921 talique
2799 1859 2944 1908 statu
2978 1856 3285 1925 przeditum,
3331 1870 3465 1923 quo-

1891 1939 2050 1993 modo
2072 1941 2243 2011 possit
2281 1942 2603 1998 naturaliter
2636 1944 2960 2006 immutabili
2994 1944 3172 1999 simile
3198 1959 3341 2009 esse,
3373 1952 3465 1999 aut

1890 2028 2069 2101 imago
2097 2032 2213 2101 ejus
2241 2034 2384 2102 quod
2418 2049 2636 2105 semper
2660 2037 2852 2091 eodem
2884 2036 3045 2093 modo
3080 2050 3137 2092 sc
3168 2034 3361 2090 habet?

2392 2168 2601 2223 Salutio
2626 2168 2951 2233 obiectiom's.

1959 2301 2039 2367 Si,
2083 2303 2237 2377 juxta
2284 2312 2519 2361 vestram
2562 2304 2894 2375 Opinionem,
2930 2304 3111 2373 aliqua
3152 2318 3314 2358 causa
3370 2312 3457 2357 est

1886 2404 2107 2462 propter
2151 2409 2310 2464 quam
2345 2394 2615 2453 exaltatus
2657 2404 2763 2458 est,
2796 2403 2852 2449 et
2900 2409 3095 2448 nomen
3134 2404 3460 2449 consecutus

1885 2496 1991 2552 est,
2026 2496 2080 2540 et
2105 2486 2224 2540 oleo
2253 2486 2635 2541 exsultationis
2665 2496 2864 2541 unctus
2896 2494 2999 2553 est,
3031 2496 3179 2542 certe
3204 2502 3308 2541 non
3341 2497 3460 2541 erat

1886 2576 1940 2630 id
1973 2577 2114 2645 quod
2144 2592 2284 2631 nunc
2309 2586 2414 2642 cst,
2449 2592 2569 2631 cum
2597 2593 2763 2640 causa
2797 2594 2905 2633 non
2940 2587 3107 2635 esset.
3138 2576 3258 2639 Non
3297 2578 3460 2648 igitur

1886 2679 2078 2723 natura
2113 2668 2252 2725 Deus
2285 2678 2370 2723 est
2399 2668 2595 2735 Filius,
2627 2671 2673 2725 si
2704 2686 2773 2725 ex
2805 2686 2971 2726 causa
3000 2670 3179 2740 aliqua
3207 2685 3303 2739 per
3332 2685 3455 2741 gra-

1887 2756 2015 2811 tiam
2047 2759 2187 2813 Deus
2218 2767 2331 2825 est;
2364 2772 2537 2830 neque
2559 2768 2749 2814 natura
2774 2759 2964 2827 Filius,
2998 2759 3043 2815 si
3074 2774 3138 2814 ex
3174 2775 3336 2815 causa
3363 2777 3457 2831 per

1884 2851 2114 2920 gratiam
2164 2850 2333 2908 Filius
2377 2864 2482 2919 εει,
2537 2862 2591 2909 ει
2641 2862 2897 2923 tanquam
2949 2869 3158 2914 merces
3209 2856 3456 2924 quaedam

1883 2943 2100 2998 virtutis
2129 2943 2319 3000 ﬁliatio
2347 2946 2396 2999 ei
2430 2954 2485 3000 et
2510 2945 2730 3001 deitatis
2753 2961 2947 3001 nomen
2975 2947 3157 3001 datum
3186 2956 3293 3012 est,
3326 2963 3454 3016 per-

1884 3032 2009 3089 inde
2047 3044 2211 3105 atque
2250 3035 2428 3090 nobis.
2458 3034 2601 3091 Nihil
2638 3036 2802 3105 igitur
2828 3037 2933 3091 erit
2957 3021 3285 3091 discriminis
3313 3038 3457 3089 inter

1882 3125 2029 3179 illum
2060 3136 2114 3181 et
2134 3142 2253 3182 nos.
2280 3125 2431 3182 Licet
2449 3128 2593 3182 enim
2622 3128 2777 3182 nobis
2808 3142 2904 3197 per
2932 3127 3055 3181 vitae
3088 3128 3453 3197 integritatem

1878 3219 2103 3288 aequalia
2134 3218 2419 3289 consequi,
2446 3219 2712 3289 siquidem
2741 3234 3000 3274 vocamur
3030 3228 3084 3274 et
3109 3219 3208 3283 dii,
3242 3229 3299 3274 et
3336 3220 3452 3283 ﬁlii,

1879 3319 1934 3365 et
1960 3311 2211 3376 ungimur
2237 3312 2356 3367 oleo
2388 3310 2784 3377 exsultationis,
2830 3312 3026 3382 dignos
3065 3326 3164 3366 nos
3197 3311 3263 3367 iis
3293 3312 3453 3366 donis

1878 3410 2222 3471 praestantes.
2247 3402 2306 3457 Si
2333 3416 2464 3457 vero
2486 3402 2538 3456 id
2564 3408 2619 3456 et
2636 3402 2960 3472 cogitatione
3005 3411 3062 3454 et
3089 3402 3238 3455 dictu
3268 3401 3454 3456 absur-

1879 3494 2006 3548 dum
2040 3503 2142 3558 est,
2177 3492 2427 3563 superior
2459 3492 2619 3563 longe
2657 3493 2782 3556 erit,
2833 3507 3007 3563 neque
3036 3493 3192 3547 nobis
3231 3493 3454 3562 aqualis

1879 3584 2064 3639 Filius.
2097 3585 2229 3639 Nam
2274 3601 2339 3639 ex
2384 3584 2544 3640 Patre
2597 3584 2917 3639 naturaliter
2965 3584 3235 3639 exsistens
3284 3583 3453 3637 Filius

1877 3693 2038 3732 verus
2064 3686 2165 3742 est,
2204 3687 2261 3732 ut
2286 3678 2449 3733 homo
2476 3693 2540 3731 ex
2569 3677 2805 3742 homine,
2842 3684 2897 3731 et
2941 3675 3081 3730 Deus
3126 3687 3212 3732 est
3240 3691 3305 3731 ex
3338 3675 3450 3731 Deo

1879 3771 2110 3841 genitus.
2142 3768 2250 3824 Nos
2281 3779 2462 3824 autem
2490 3770 2687 3839 quibus
2717 3767 2832 3822 haec
2860 3766 3185 3822 naturaliter
3218 3782 3323 3821 non
3355 3766 3448 3821 in-

1878 3869 2022 3926 sunt,
2057 3877 2162 3916 non
2187 3875 2329 3927 vere,
2367 3860 2460 3915 sed
2508 3874 2605 3929 per
2628 3860 2856 3930 gratiam
2896 3857 2987 3912 ftlii
3013 3868 3068 3913 et
3092 3857 3189 3923 dii,
3213 3873 3278 3913 ex
3307 3857 3452 3911 illius

1878 3955 1969 4021 qui
2015 3953 2070 4009 id
2117 3954 2272 4009 nobis
2304 3953 2532 4023 largitus
2557 3961 2643 4009 est
2664 3951 3000 4022 benignitate
3025 3965 3325 4007 vocamur:
3356 3947 3449 4002 Fi-

1878 4046 1984 4102 lius
2013 4053 2192 4101 autem
2231 4045 2553 4101 naturaliter
2600 4054 2766 4117 atque
2809 4043 3177 4101 essentialiter
3208 4043 3312 4097 hoc
3343 4051 3449 4098 est.

2541 4264 2769 4326 ALIUD.

290 4393 349 4449 '0
374 4396 517 4463 θεῖος
544 4401 867 4466 ’Δπόστολός
888 4403 990 4458 πού
1015 4421 1146 4475 φησι
1174 4407 1303 4479 περὶ
1331 4407 1426 4463 τοῦ
1457 4406 1608 4463 Υίοῦ·
1639 4430 1659 4464 ‹
1676 4413 1773 4476 Ὃς

1947 4404 2173 4461 Divinus
2202 4403 2493 4476 Apostolus
2526 4403 2591 4458 de
2620 4388 2757 4457 Filio
2790 4399 2989 4457 alicubi
3020 4399 3095 4456 ita
3125 4398 3203 4454 ait
3232 4417 3247 4453 :
3293 4417 3313 4451 ι
3344 4398 3449 4465 Qui

216 4483 271 4574 ὲν
302 4495 474 4563 μορφῇ
506 4492 639 4547 Θεοῦ
675 4495 955 4566 ὑπάρχων,
978 4497 1078 4569 οὐχ
1107 4499 1397 4571 ἁρπαγμὸν
1431 4503 1675 4574 ἡγήσατο
1713 4504 1776 4558 16

219 4571 349 4666 εἶναι
392 4581 480 4637 ῐσα
523 4585 660 4656 Θεῷ,
699 4586 814 4640 ἀλλ’
854 4588 1047 4642 ἑαυτὸν
1078 4590 1310 4645 ὲκὲνωσε
1342 4571 1555 4666 μορφὴν
1586 4594 1775 4650 δούλου

218 4665 405 4758 λαϐὼν,
438 4694 456 4726 ι
498 4677 591 4730 καὶ
620 4677 682 4730 16
712 4678 871 4749 ἐξῆςο
910 4699 929 4731 ι
960 4681 1048 4734 Διὸ
1075 4682 1169 4736 καὶ
1195 4685 1224 4736 6
1254 4683 1385 4748 Θεὸς
1412 4665 1574 4739 αὐτὸν
1602 4687 1772 4758 ὑπερ-

222 4754 425 4848 ιξψωσε,
471 4767 569 4818 καὶ
604 4767 895 4839 ἐχαρίσατο
944 4771 1092 4841 αὐτῷ
1135 4771 1305 4844 ὄνομα
1349 4774 1411 4828 16
1460 4776 1598 4848 ὑπὲρ
1659 4754 1769 4832 πάν

221 4845 396 4919 ὕνομα.
432 4876 451 4907 ι
482 4856 610 4911 Ὅτε
652 4859 828 4915 τοίνυν
874 4860 1258 4935 ὲνηνθρώπησε
1303 4866 1400 4937 τὴν
1444 4867 1538 4921 τοῦ
1569 4845 1768 4923 ⁷δούλου

227 4945 423 5030 μορφὴν
466 4949 771 5015 ἀναλαϐὼν,
792 4954 1075 5025 ,ἐχαρίσθη
1119 4956 1268 5028 αὐτῷ
1310 4958 1373 5011 16
1421 4959 1628 5030 ὄνομα,
1676 4961 1772 5014 καὶ

224 5027 555 5112 ὑπερυψώθη.
596 5042 805 5098 Οὐκοῦν
846 5045 953 5115 πρὸ
990 5046 1090 5117 τῆς
1145 5027 1411 5119 ὲνσάρκου
1470 5027 1772 5121 παρουσίας

226 5124 312 5212 ξολ
332 5127 423 5199 τῆς
445 5132 536 5185 τοῦ
564 5133 752 5188 δούλου
784 5137 1016 5209 μορφῆς,
1051 5137 1173 5193 οὕτε
1202 5135 1313 5210 εἶχε
1340 5140 1400 5193 16
1426 5141 1617 5212 ὄνομα,
1636 5141 1761 5195 οὔτε

225 5209 287 5283 ἦν
328 5218 644 5300 ὑψηλότερος
689 5228 828 5281 κατά
864 5228 958 5283 16v
1000 5230 1109 5283 τῶν
1151 5209 1443 5302 ’Δρειανῶν
1488 5209 1665 5303 λόγον.
1706 5235 1771 5288 Εί

226 5311 326 5379 γὰρ
346 5309 410 5384 ἦν
436 5318 605 5373 ταῦτα
633 5319 730 5374 καὶ
762 5320 869 5392 πρὸ
896 5321 995 5392 τῆς
1022 5322 1337 5395 ἐπιδημίας,
1368 5325 1619 5396 περιττός
1663 5344 1766 5380 που

230 5399 425 5468 πάντως
463 5408 609 5463 ἐστὶν
639 5412 668 5463 6
712 5409 806 5463 τοῦ
850 5411 1129 5483 εἰληφέναι
1162 5431 1215 5467 τι
1258 5413 1432 5482 λόγος.
1475 5417 1537 5469 Εἰ
1582 5416 1638 5469 δὲ
1666 5419 1767 5471 οὐκ

232 5485 381 5559 εἶχεν,
418 5496 549 5569 ὅπερ
576 5499 677 5552 οὐκ
714 5495 782 5571 ἦν
812 5501 1045 5570 ἐγένετο.
1076 5503 1143 5557 Τί
1171 5500 1263 5558 οὖν
1303 5500 1370 5577 ἦν
1400 5507 1527 5577 πρὶν
1565 5506 1768 5573 ταύτης

1882 4496 1934 4553 in
1963 4497 2136 4552 forma
2169 4495 2261 4551 Dei
2304 4495 2570 4550 exsistens
2600 4509 2707 4548 non
2746 4492 2991 4563 rapinam
3039 4489 3336 4545 arbitratus
3365 4502 3455 4545 est

1880 4605 2002 4646 esse
2018 4604 2077 4645 se
2094 4588 2354 4657 aequalem
2376 4586 2503 4651 Deo,
2521 4586 2616 4641 sed
2628 4583 2929 4641 exinanivit
2945 4582 3205 4651 seipsum,
3220 4581 3449 4638 formam

1876 4680 2019 4736 servi
2042 4679 2315 4748 accipiens
2337 4677 2417 4743 ³⁶;
2450 4696 2470 4729 ι
2507 4685 2561 4731 ει
2590 4676 2843 4745 deinceps
2877 4694 2891 4729 :
2922 4694 2941 4726 ‹
2975 4673 3265 4743 Propterea
3310 4673 3450 4729 Deus

1876 4772 2133 4827 exaltavit
2160 4771 2333 4833 illunt,
2356 4779 2411 4824 et
2433 4768 2654 4823 donavit
2681 4768 2757 4823 illi
2783 4781 2977 4822 nomen
3008 4766 3153 4835 quod
3177 4776 3262 4821 est
3288 4782 3450 4835 super

1877 4877 2038 4918 omne
2084 4877 2279 4917 nomen
2311 4861 2379 4914 ³⁷.
2416 4879 2434 4912 ι
2471 4860 2699 4927 Quando
2743 4859 2908 4930 igitur
2934 4856 3111 4912 factus
3141 4867 3226 4913 est
3264 4858 3447 4921 homo,

1878 4953 2051 5009 forma
2078 4952 2218 5008 servi
2243 4958 2487 5020 accepta,
2511 4949 2764 5003 donatum
2787 4948 2837 5003 ei
2862 4958 2945 5002 est
2973 4960 3189 5011 nomen,
3218 4954 3271 5000 et
3296 4946 3450 5000 exal-

1880 5056 2024 5102 tatus
2043 5054 2145 5101 est.
2180 5043 2320 5115 Ergo
2350 5052 2477 5098 ante
2503 5041 2956 5106 incarnationem,
2984 5048 3037 5095 et
3059 5048 3186 5093 ante
3217 5039 3448 5092 formam

1877 5138 2019 5194 servi
2057 5145 2356 5207 acceptam,
2395 5149 2570 5205 neque
2604 5148 2798 5188 nomen
2836 5132 3045 5195 habuit,
3077 5145 3253 5202 neque
3279 5132 3452 5202 magis

1877 5230 2125 5288 excelsus
2158 5228 2278 5294 fuit,
2313 5229 2608 5283 secundum
2642 5226 2895 5281 Arianos.
2921 5223 2979 5279 Si
3010 5223 3154 5279 enim
3184 5223 3297 5278 haec
3329 5234 3450 5277 erat

1878 5331 2003 5377 ante
2026 5320 2478 5384 incarnationem,
2501 5331 2960 5389 supervacaneum
2989 5324 3137 5371 certe
3158 5323 3243 5369 est
3267 5314 3449 5369 dicere

1877 5409 2027 5463 illum
2055 5418 2241 5479 postea
2270 5408 2323 5463 id
2348 5408 2640 5478 accepisse.
2666 5405 2722 5461 Si
2746 5420 2874 5461 vero
2897 5419 3001 5460 non
3022 5403 3242 5469 habuit,
3274 5402 3450 5458 factus

1875 5512 1960 5560 cst
1992 5502 2044 5557 id
2076 5500 2216 5573 quod
2267 5516 2372 5556 non
2417 5510 2553 5556 erat.
2590 5499 2727 5569 Quid
2775 5498 2935 5571 igitur
2976 5506 3094 5552 erat
3144 5495 3444 5555 secundum

254 5640 259 5645 ⁸
292 5666 569 5748 “Philipp.
598 5695 657 5746 ll,
687 5680 739 5745 9,
778 5678 862 5738 10.
938 5680 980 5712 ⁸³
1014 5677 1155 5737 Psal.
1196 5696 1337 5749 λων,
1370 5682 1424 5738 8.
1501 5681 1542 5713 ³⁸
1577 5671 1782 5751 Philipp

1887 5720 1900 5745 ,
1929 5680 1981 5747 6,
2008 5678 2059 5735 τ.
2138 5680 2180 5711 ιτ
2211 5677 2336 5733 ibid.
2371 5651 2454 5733 εξ
