3882 6210
364 283 473 342 215

1392 284 1449 340 S.
1489 282 1769 340 CYRlLLl
1808 281 2278 341 ALEXANDRINI
2319 284 2637 342 ARCHIEP.

3531 285 3640 341 916

365 421 465 461 vos
504 405 820 475 priusquam
858 406 912 461 id
960 405 1267 477 acciperet?
1325 406 1536 461 Rursus
1582 423 1596 462 :
1638 405 1695 461 Si
1727 405 1943 476 quando

2055 406 2306 471 δέξασθαι
2334 408 2457 462 καθ’
2492 410 2671 480 ὑμᾶς;
2699 409 2810 463 Καὶ
2836 406 3030 463 πάλιν*
3066 408 3131 463 El
3156 409 3244 462 ὅτε
3270 408 3640 462 ἐταπείνωσεν

367 495 678 550 humiliavit
708 495 973 563 seipsum,
1001 497 1241 566 acceptis
1265 495 1349 551 his
1375 505 1597 566 apparet
1616 496 1661 551 is
1682 497 1776 564 qui
1806 511 1951 549 nunc

366 597 483 651 est;
524 598 610 643 est
653 597 834 641 autem
871 586 1125 653 Verbum,
1162 589 1455 659 sapientia,
1488 599 1751 659 potestas,
1794 587 1955 659 129

368 679 594 744 veritas,
644 677 852 746 lumen,
912 678 1051 744 vita,
1099 682 1459 748 resurrectio,
1513 683 1693 751 imago
1737 680 1949 749 Patris;

372 769 509 823 nihil
556 772 750 824 horum
780 779 901 824 erat
935 782 1063 827 ante
1105 772 1559 827 humiliationem.
1596 772 1953 828 Considerent

367 874 499 930 ergo
535 861 591 915 in
629 870 888 930 quantum
918 861 1266 931 blasphemiae
1320 863 1635 918 barathrum
1672 873 1852 917 ruant.
1893 861 1949 917 Si

368 954 513 1006 enim
548 954 715 1008 veluti
752 958 1058 1010 mercedem
1092 957 1379 1025 quamdam
1423 973 1488 1012 ac
1520 957 1801 1026 praemium
1849 955 1950 1009 hu-

366 1044 685 1101 miliationis
712 1046 826 1101 haec
857 1049 1015 1103 habet
1036 1064 1065 1102 a
1094 1047 1257 1105 Patre
1277 1068 1292 1117 ;
1312 1065 1488 1119 neque
1512 1051 1556 1104 is
1583 1049 1687 1103 alio
1712 1059 1952 1117 tempore

374 1152 501 1192 sese
554 1138 875 1195 humiliasse
924 1144 1204 1207 cernitur,
1262 1158 1422 1214 quam
1476 1158 1599 1196 cum
1652 1141 1828 1197 factus
1870 1149 1953 1196 est

364 1229 574 1285 homo:
615 1231 925 1287 universqu
966 1249 1145 1289 rerum
1193 1236 1439 1289 ordinem
1473 1233 1756 1289 confusum
1809 1234 1953 1287 vide-

365 1338 507 1378 mus.
563 1321 697 1379 Nam
742 1340 916 1380 sacra:
961 1325 1255 1394 Scriptum
1306 1328 1733 1382 incarnationem
1789 1325 1952 1381 Verbi

365 1418 726 1473 factumesse
790 1418 944 1473 aiunt
1001 1421 1067 1475 ad
1130 1421 1562 1477 emendationem
1595 1461 1610 1485 ,
1666 1431 1828 1489 atque
1869 1421 1953 1473 in-

366 1509 755 1563 staurationem
825 1512 1027 1577 carnis,
1070 1514 1444 1583 universaque
1487 1522 1694 1567 natura:
1758 1513 1951 1567 huma-

368 1614 472 1657 nae.
520 1599 575 1653 Si
615 1612 794 1656 autem
834 1604 991 1671 Deus,
1036 1614 1091 1658 et
1124 1605 1311 1670 Filius,
1359 1616 1414 1660 et
1466 1606 1727 1661 Excelsus
1777 1606 1951 1660 factus

366 1701 451 1744 est
483 1701 727 1761 tempore
775 1694 1187 1763 incarnatiOnis,
1232 1698 1350 1766 ipse
1398 1708 1545 1752 certe
1577 1698 1771 1752 melior
1815 1698 1943 1751 eﬂ‘e—

368 1795 509 1851 ctus,
560 1800 666 1840 non
697 1796 877 1841 autem
925 1804 1024 1844 nos
1067 1790 1320 1845 meliores
1349 1789 1593 1846 eﬂ‘ecisse
1634 1791 1905 1845 videbitur
1932 1827 1949 1853 ,
1982 1784 2024 1839 Β

367 1886 422 1931 et
461 1878 749 1933 commodo
783 1878 1008 1936 allectus
1055 1884 1253 1951 potius.
1291 1898 1449 1952 quam
1494 1884 1779 1938 commodo
1822 1882 1951 1937 alie-

366 1969 526 2023 cisse.
562 1969 675 2024 Non
712 1972 877 2041 igitur
910 1983 1129 2043 propter
1173 1991 1294 2039 nos,
1322 1975 1418 2030 sed
1446 1988 1667 2043 propter
1693 1989 1752 2029 se
1783 1976 1948 2029 adve-

367 2064 447 2119 nit
471 2063 564 2117 Dei
603 2062 864 2129 Verbum,
895 2079 1072 2135 ueque
1096 2076 1296 2120 nostra:
1320 2066 1510 2120 salutis
1531 2082 1693 2121 causa
1729 2080 1947 2120 carnem

365 2157 683 2225 assumpsit,
730 2156 823 2211 sed
868 2165 927 2210 ut
962 2172 1059 2213 sua
1101 2159 1345 2214 conditio
1397 2160 1590 2213 melior
1621 2158 1945 2214 efﬁceretur.

365 2239 647 2314 Quomodo
680 2265 810 2321 ergo
845 2253 1124 2321 prophetae
1155 2260 1211 2307 et
1251 2254 1480 2321 apostoli
1525 2254 1700 2322 ipsum
1747 2252 1948 2307 Serva-

367 2351 539 2396 torem
575 2344 886 2413 appellant?
933 2342 1230 2413 Oportebat
1260 2345 1405 2398 enim
1444 2345 1593 2398 illum
1641 2346 1818 2415 potius
1864 2346 1946 2400 sui

365 2443 541 2490 status
588 2436 994 2491 emendatorem
1045 2450 1261 2490 vocare.
1306 2436 1587 2503 Quomodo
1632 2448 1811 2492 autem
1852 2454 1949 2506 pro

366 2524 523 2579 nobis
553 2535 802 2581 mortuus
824 2536 929 2589 est,
961 2527 1052 2595 qui
1088 2527 1251 2594 hujus
1294 2527 1600 2581 mercedem
1642 2543 1760 2582 eam
1795 2544 1949 2583 acce-

364 2615 465 2683 pit,
498 2626 555 2669 ut
581 2617 721 2671 Deus
742 2626 797 2671 et
823 2616 993 2671 Filius
1025 2618 1290 2671 vocetur?
1316 2617 1385 2670 At
1412 2618 1456 2672 si
1485 2619 1586 2672 hoc
1616 2620 1946 2689 impietatem

368 2722 572 2761 meram
598 2708 789 2776 spirat,
820 2707 954 2762 nihil
979 2722 1044 2763 ex
1074 2710 1375 2764 mutatione
1392 2720 1445 2763 et
1465 2709 1782 2765 alterationc
1812 2711 1949 2767 Filio

366 2800 622 2864 accessit,
654 2801 748 2855 sed
796 2799 1123 2854 naturaliter
1151 2801 1201 2855 id
1237 2812 1319 2857 est
1354 2804 1497 2871 quod
1541 2802 1703 2858 Pater
1740 2821 1754 2857 :
1788 2815 1950 2872 atque

366 2892 488 2948 ideo
507 2892 556 2948 ei
587 2893 898 2963 persimilis.

1039 3006 1267 3065 ALIUD.

2051 498 2246 550 ἑαυτὸν
2288 498 2527 569 εἰληφὼς
2573 497 2748 552 ταῦτα
2794 499 3047 567 φαίνεται
3092 499 3151 551 ἐν
3194 492 3275 561 οἷς
3316 496 3412 550 νῦν
3458 498 3636 557 ἐστιν,

2051 587 2248 640 ἔστιδὲ
2283 588 2478 657 Λόγος,
2517 588 2697 657 σοφία,
2736 588 2989 659 δύναμις,
3025 588 3275 661 ἀλήθεια,
3306 588 3443 656 φῶς,
3491 588 3636 656 ζωὴ.

2050 682 2369 745 ἀνάστασις,
2404 680 2568 735 εἰκὼν
2591 682 2688 735 τοῦ
2735 682 2969 753 Πατρὸς,
3000 682 3208 735 τούτων
3243 681 3393 734 οὐδὲν
3428 676 3496 751 ἦν
3523 680 3638 749 πρὸ

2049 778 2150 847 τῆς
2178 774 2583 839 ταπεινώσεως.
2603 777 2980 830 Σκοπείτωσαν
2999 775 3180 829 τοίνυν
3202 776 3282 839 εἰς
3305 776 3427 828 ὅσον
3448 774 3636 835 αὑτοῖς

2049 870 2363 942 δυσφημίας
2409 871 2681 944 βάραθρον
2721 873 2750 925 6
2796 872 2954 941 λόγος
2982 875 3182 945 χωρεῖ·
3230 874 3278 925 εἰ
3320 871 3429 943 γὰρ
3468 867 3638 925 ἆθλον

2052 960 2241 1033 ῶσπερ
2281 963 2374 1016 καὶ
2405 963 2593 1034 μισθὸν
2619 965 2719 1034 τῆς
2748 963 3134 1027 ταπεινώσεως
3160 963 3312 1017 ταῦτ’
3341 963 3453 1033 ἔχει
3481 963 3636 1032 παρά

2051 1059 2265 1131 Πατρὸς
2285 1099 2300 1123 ,
2330 1061 2577 1128 φαίνεται
2609 1059 2666 1113 δέ
2695 1060 2796 1113 οὑκ
2822 1060 2879 1112 ἐν
2912 1058 3056 1130 ἄλλῳ
3086 1059 3265 1129 χρόνῳ
3288 1057 3638 1120 ταπεινώσας

2052 1153 2245 1206 ἐαυτὸν
2264 1191 2277 1214 ,
2310 1151 2424 1205 ἀλλ’
2455 1152 2542 1205 ὅτε
2576 1151 2799 1220 γέγονεν
2829 1151 3139 1223 ἄνθρωπος,
3174 1149 3639 1219 ἀνεστραμμένην

2051 1244 2266 1317 ὁρῶμεν
2294 1245 2402 1298 τῶν
2431 1244 2774 1314 πραγμάτων
2795 1242 2895 1313 τὴν
2924 1240 3099 1306 τάξιν.
3130 1243 3195 1294 Al
3231 1241 3329 1311 μὲν
3357 1240 3467 1311 γάρ
3490 1241 3637 1293 θεῖαι

2052 1337 2265 1408 Γραφαὶ
2297 1337 2396 1407 τὴν
2426 1335 2718 1406 ἐπιδημίαν
2768 1334 2864 1388 τοῦ
2895 1334 3032 1387 Θεοῦ
3082 1334 3257 1401 Λόγου
3304 1333 3637 1402 γεγενῆσθαι

2052 1430 2304 1499 λέγουσιν
2333 1429 2427 1482 ἐπὶ
2452 1428 2730 1499 βελτιώσει
2750 1428 2850 1497 τῆς
2875 1428 3099 1499 σαρκὸς,
3130 1427 3225 1480 καὶ
3254 1426 3380 1495 ὅλης
3405 1426 3504 1494 τῆς
3534 1426 3637 1478 άν-

2054 1521 2272 1594 θρώπου
2305 1520 2537 1589 φύσεως.
2582 1521 2644 1574 Εἰ
2677 1521 2733 1573 δὲ
2765 1520 2917 1583 Θεὸς,
2946 1520 3041 1572 καὶ
3080 1519 3232 1584 Υἱὸς,
3268 1520 3363 1572 καὶ
3396 1517 3636 1589 Ὑψηλδς

2053 1615 2275 1682 γέγονεν
2300 1615 2357 1665 ἐν
2381 1611 2459 1682 τῷ
2492 1610 2667 1681 καιρῷ
2696 1610 2793 1680 τῆς
2824 1608 3057 1680 σαρκὸς,
3091 1606 3449 1676 βελτιωθέντα
3495 1606 3639 1673 μᾶλα

2054 1706 2144 1758 λον
2175 1704 2394 1774 ὁρῶμεν
2431 1703 2465 1773 ἢ
2516 1700 2907 1771 βελτιὼσαντα·
2957 1698 3309 1769 ὠφεληθέντα
3362 1696 3566 1767 μᾶλλον
3599 1696 3635 1764 ἢ

2055 1798 2439 1868 ὠφελήσαντα.
2470 1794 2678 1849 Οὑκοῦν
2702 1793 2823 1846 οὑδέ
2850 1793 2917 1845 δι’
2946 1792 3093 1863 ἡμᾶς
3120 1790 3464 1860 ἐπεδήμησεν
3486 1791 3513 1842 6
3538 1786 3637 1841 τοῦ

2057 1891 2193 1946 Θεοῦ
2238 1891 2430 1959 Λόγος,
2478 1888 2616 1942 ἀλλὰ
2664 1887 2731 1940 δι’
2773 1886 2999 1939 ἐαυτὸν·
3051 1884 3173 1937 οὑδέ
3214 1882 3316 1953 τῆς
3361 1882 3641 1953 ἡμετέρας

2057 1985 2218 2038 ’ἑνεκα
2268 1982 2539 2050 σωτηρίας
2590 1980 2688 2051 τὴν
2729 1979 2904 2049 σάρκα
2946 1976 3322 2049 περιεϐάλετο,
3381 1974 3498 2027 ἀλλ’
3547 1975 3642 2026 ἴνα

2059 2076 2341 2148 βελτιωθῇ,
2390 2074 2514 2137 Πῶς
2544 2069 2636 2125 οὖν
2670 2073 2719 2125 οἱ
2751 2073 3027 2142 προφῆται
3072 2069 3167 2123 καὶ
3200 2066 3489 2123 ἀπόστολοι
3524 2067 3641 2117 Σω-

2054 2174 2198 2243 τῆρα
2246 2170 2503 2224 καλοῦσιν
2546 2169 2741 2233 αὑτόν;
2774 2166 2920 2221 Ἔδει
2955 2164 3064 2237 γὰρ
3098 2164 3298 2234 μᾶλλον
3341 2162 3641 2233 βελτιωτὴν

2056 2263 2249 2319 ἐαυτοῦ
2281 2261 2567 2331 ὀνομάζειν
2595 2261 2628 2330 ἢ
2664 2258 2844 2312 τοῦτο.
2893 2257 3017 2321 Πῶς
3056 2257 3115 2310 δὲ
3156 2256 3296 2326 ὑπὲρ
3331 2254 3490 2324 ἡμῶν
3524 2255 3639 2306 ἁπ-

2056 2357 2266 2421 έθανεν,
2301 2356 2329 2407 6
2355 2354 2547 2407 τούτου
2582 2352 2769 2424 μισθὸν
2792 2350 2855 2402 τὸ
2884 2345 3025 2403 εἶναι
3056 2348 3189 2413 Θεὸς
3216 2349 3311 2401 καὶ
3335 2346 3462 2409 Υἱὸς
3488 2346 3642 2416 εἰλη-

2056 2445 2213 2513 φέναι
2240 2442 2554 2513 λεγόμενος;
2590 2442 2653 2495 Εἰ
2677 2441 2733 2494 δέ
2754 2439 2911 2493 τοῦτο
2942 2441 3159 2511 φρονεῖν
3185 2438 3638 2500 δυσσεϐέστατον,

2054 2537 2208 2590 οὐδὲν
2251 2534 2311 2600 ἐξ
2345 2532 2681 2597 ἀλλοιώσεως
2721 2533 2817 2587 καὶ
2860 2532 3070 2602 τροπῆς
3113 2531 3481 2603 προσγέγονεν
3528 2530 3642 2600 ἄρα

2055 2631 2132 2701 τῷ
2161 2629 2276 2699 Υἱῷ
2296 2670 2311 2693 ,
2346 2628 2461 2682 ἀλλ’
2490 2628 2604 2681 ἔστι
2629 2626 2789 2681 τοῦτο
2822 2627 3067 2697 φυσικῶς
3105 2625 3180 2690 ὡς
3216 2626 3363 2689 Υἱὸς,
3394 2626 3531 2695 ὅπερ
3569 2623 3642 2677 ἂν

2056 2722 2141 2793 εἴη
2174 2722 2269 2775 καὶ
2298 2722 2325 2772 6
2362 2721 2553 2791 Πατήρ
2572 2738 2585 2751 ο
2615 2720 2696 2773 διὸ
2719 2719 2783 2790 δὴ
2805 2720 2900 2773 καὶ
2928 2720 3114 2789 ὅμοιος

2724 3009 2925 3066 ΑΛᾹΟ.

437 3116 494 3173 Si
521 3118 672 3189 juxta
706 3119 920 3175 illorum
951 3121 1264 3190 opinionem
1302 3136 1408 3176 non
1447 3132 1566 3175 erat
1610 3122 1797 3186 Filius,
1832 3134 1945 3186 aut,

2125 3131 2188 3183 Εἰ
2224 3131 2344 3182 κατ’
2375 3126 2616 3188 ἐκείνους
2644 3126 2743 3177 οὑκ
2768 3119 2834 3194 ἦν
2876 3125 2903 3176 6
2951 3120 3101 3183 Υἱὸς,
3136 3120 3169 3191 ἢ
3214 3115 3282 3190 ἧν
3317 3119 3435 3190 μὲν,
3480 3117 3640 3170 ἐῆελ-

366 3212 745 3280 eratquidem,
778 3213 871 3267 sed
907 3214 1252 3282 postmodum
1279 3213 1473 3268 melior
1495 3215 1948 3283 praestantiorque

365 3302 592 3358 enectus
617 3315 722 3371 est,
759 3306 1114 3360 mutationem
1144 3307 1195 3359 in
1235 3306 1425 3360 melius
1457 3307 1700 3369 subiens,
1733 3308 1948 3375 quando

367 3393 541 3450 forma
592 3397 733 3451 servi
790 3408 1012 3468 accepta
1069 3413 1129 3451 se
1186 3398 1489 3452 humiliavit
1536 3402 1790 3469 (propter
1846 3400 1948 3454 hoc

365 3488 513 3542 enim
550 3487 692 3543 Deus
740 3489 888 3544 illum
944 3490 1223 3557 exaltavit,
1268 3501 1323 3545 et
1365 3491 1591 3545 donavit
1642 3491 1712 3544 illi
1752 3506 1946 3545 nomen

367 3594 531 3649 super
555 3594 716 3635 omne
750 3595 944 3636 nomen
973 3582 1063 3651 ³⁸),
1095 3582 1272 3636 factus
1305 3591 1484 3637 autem
1515 3582 1566 3636 id
1603 3582 1700 3637 fuit
1732 3584 1782 3636 in
1817 3584 1949 3637 ulti-

368 3673 471 3727 mis
503 3672 687 3727 saeculi
715 3675 1071 3740 temporibus,
1098 3676 1314 3745 quando
1340 3676 1391 3728 in
1420 3690 1641 3729 carnem
1681 3675 1898 3729 advenit
1931 3693 1945 3729 :

367 3766 641 3833 quomodo
668 3780 764 3834 per
795 3780 917 3820 eum
949 3766 1089 3820 facta
1114 3775 1242 3821 sunt
1266 3768 1446 3821 omnia
1470 3768 1537 3831 ³³,
1562 3777 1654 3821 aut
1680 3769 1949 3837 quomodo

367 3857 531 3913 Pater
558 3857 778 3926 gavisus
805 3866 888 3911 est
920 3858 988 3913 de
1022 3858 1113 3914 illo
1139 3859 1229 3927 qui
1262 3860 1655 3928 perfectionem
1707 3861 1947 3914 nondum

367 3959 694 4005 consecutus
719 3948 884 4003 erat?
912 3946 1063 4015 Quod
1089 3951 1235 4004 enim
1268 3952 1445 4006 adhuc
1482 3960 1772 4022 augmento
1803 3962 1946 4020 eget,

367 4039 745 4109 imperfectum
785 4048 887 4094 est.
934 4041 1043 4094 Aut
1073 4056 1179 4109 quo
1225 4052 1382 4111 pacto
1426 4060 1612 4098 rursus
1648 4045 1700 4098 in
1746 4044 1948 4101 ultimis

368 4134 705 4202 temporibus
732 4134 958 4187 adorari
994 4136 1180 4204 coepit,
1217 4150 1337 4189 cum
1379 4136 1447 4190 ab
1492 4137 1645 4191 initio
1692 4141 1948 4195 adoratus

366 4226 537 4282 fuisse
568 4225 912 4295 reperiatur?
948 4227 1154 4282 Adorat
1180 4227 1323 4282 enim
1359 4229 1535 4294 ipsum
1565 4230 1841 4284 Abraham
1879 4232 1946 4285 ad

365 4332 626 4385 quercum
665 4316 907 4373 Mambre
936 4318 1016 4385 ‘°;
1048 4319 1237 4374 adorat
1279 4328 1335 4373 et
1366 4319 1544 4375 Moses
1574 4320 1627 4375 in
1659 4323 1825 4387 rubo,
1858 4322 1945 4377 di-

367 4421 625 4466 centem:
658 4428 677 4462 (
713 4411 824 4481 Ego
848 4427 967 4466 sum
1001 4412 1092 4482 qui
1142 4426 1261 4467 sum
1286 4410 1353 4467 δι.
1387 4431 1407 4465 ι
1430 4412 1709 4479 Quomodo
1743 4423 1945 4479 autem,

2053 3222 2225 3291 τιώθη
2248 3220 2303 3274 δὲ
2335 3220 2558 3290 ὕστερον
2588 3216 2794 3289 τροπὴν
2821 3212 3121 3284 ὑπομείνας
3150 3212 3247 3283 τὴν
3275 3212 3356 3275 εἰς
3389 3209 3449 3263 τὸ
3476 3211 3643 3280 ἄμεις

2054 3312 2265 3375 νον,ὅτε
2295 3309 2390 3362 καὶ
2424 3306 2636 3377 μορφὴν
2661 3304 2848 3358 δούλου
2881 3300 3062 3355 λαϐὼν
3088 3300 3281 3354 ἐαυτὸν
3302 3298 3641 3352 ἐταπείνωσε

2055 3404 2162 3475 (διὰ
2197 3401 2355 3456 τοῦτο
2386 3400 2496 3470 γάρ
2541 3398 2703 3451 αὑτὸν
2745 3398 2772 3448 6
2806 3395 2938 3457 Θεὸς
2966 3392 3291 3463 ὑπερύψωσε
3329 3391 3425 3444 καὶ
3452 3386 3639 3459 ἐχαρίο

2057 3513 2187 3550 σατο
2239 3493 2387 3563 αὑτῷ
2432 3492 2602 3561 ὄνομα
2639 3489 2700 3542 τὸ
2746 3488 2887 3558 ὑπὲρ
2931 3488 3038 3540 πᾶν
3070 3484 3289 3554 ὄνομα),
3334 3484 3526 3551 γέγονε
3577 3482 3640 3534 δὲ

2053 3587 2212 3642 τοῦτο
2242 3588 2300 3638 ἐν
2346 3584 2597 3653 ὑστέροις
2639 3581 2733 3634 τοῦ
2779 3578 2974 3643 αἰῶνος
3009 3580 3239 3649 καιροῖς,
3269 3578 3356 3630 ὅτε
3390 3576 3488 3629 καὶ
3514 3576 3546 3645 ὴ
3576 3576 3638 3626 ἐν

2057 3680 2223 3752 σαρκὶ
2256 3676 2546 3750 παρουσία·
2571 3674 2685 3737 πῶς
2710 3674 2776 3727 δι’
2804 3672 2970 3726 αὑτοῦ
2992 3671 3184 3740 γέγονε
3209 3670 3278 3723 τά
3302 3670 3500 3728 πάντα,
3519 3667 3638 3729 πῶς

2054 3771 2109 3824 δὲ
2135 3772 2163 3822 6
2188 3769 2377 3838 Πατὴρ
2400 3767 2618 3837 ἔχαιρεν
2646 3766 2731 3817 ἐπ’
2757 3763 2928 3832 αὑτῷ,
2949 3762 3101 3815 οὔπω
3120 3762 3183 3813 τὸ
3208 3761 3413 3813 τέλειον
3434 3759 3634 3829 ἔχοντις

2054 3861 2129 3914 Τὸ
2146 3862 2253 3931 γὰρ
2278 3858 2600 3930 προσθήκης
2622 3856 2703 3908 ἔτι
2734 3855 2989 3925 δεόμενον
3014 3853 3223 3916 ἀτελές.
3242 3854 3366 3915 Πῶς
3388 3852 3445 3905 δὲ
3471 3851 3640 3904 πάλιν

2054 3953 2111 4003 ἐν
2139 3949 2385 4020 ὑστέροις
2416 3950 2629 4017 καιροῖς
2657 3944 2816 3998 ἔλαϐε
2849 3944 2910 3996 τὸ
2944 3942 3411 4014 προσκυνεῖσθαι,
3454 3942 3549 3995 καὶ
3576 3942 3637 4008 ἐξ

2055 4042 2233 4112 ἀρχῆς
2278 4040 2436 4093 τοῦτο
2468 4038 2605 4108 ἔχων
2639 4037 2923 4106 ἐφαίνετο;
2975 4037 3280 4107 Προσκυνεῖ
3320 4033 3430 4105 γὰρ
3474 4034 3639 4087 αὑτὸν

2067 4133 2318 4204 Ἀϐραὰμ
2349 4132 2444 4185 ἐπὶ
2487 4133 2553 4202 τῇ
2604 4128 2725 4201 δρυῒ
2756 4131 2821 4199 τῇ
2868 4128 3147 4199 Μαμϐρῇ,
3198 4131 3496 4199 προσκυνεῖ
3540 4128 3639 4180 καὶ

2054 4230 2261 4297 Μωσῆς
2300 4228 2358 4279 ἐν
2400 4226 2466 4295 τῇ
2528 4224 2676 4295 βάτῳ
2721 4222 2976 4291 λέγονταο
3013 4241 3030 4272 r
3068 4222 3212 4289 Ἐγὼ
3250 4224 3365 4293 εἰμι
3409 4224 3437 4275 6
3476 4221 3573 4274 ὢν.
3612 4241 3631 4272 ι

2054 4319 2179 4382 Πῶς
2212 4318 2267 4371 δὲ
2291 4357 2305 4379 ,
2350 4316 2497 4370 καθά
2529 4332 2692 4386 φησιν
2738 4316 2766 4367 6
2800 4313 3031 4383 Δανιὴλ,
3071 4333 3087 4364 ι
3120 4314 3329 4384 Μύριαι
3374 4313 3638 4385 μυριάδες

2056 4411 2432 4482 ἐλειτούργουν
2454 4408 2637 4480 αὑτῷ;
2667 4429 2685 4461 ι
2721 4408 2846 4471 Πῶς
2875 4408 2932 4461 δὲ
2959 4407 3119 4462 πάλιν
3158 4408 3252 4460 ἐπὶ
3278 4407 3470 4476 θρόνου
3498 4406 3639 4477 ὑψη-

369 4515 429 4556 ut
468 4501 644 4571 inquit
667 4504 877 4571 Daniel,
923 4503 1159 4561 «Millies
1183 4515 1410 4561 centena
1436 4507 1599 4561 millia
1636 4508 1946 4563 servierunt

2055 4505 2140 4560 λοῦ
2168 4505 2264 4558 καὶ
2288 4502 2602 4574 ἐπηρμένου
2638 4501 2948 4571 καθήμενος
2976 4501 3249 4569 φαίνεται,
3274 4500 3372 4555 καὶ
3398 4499 3504 4553 ὑπὸ
3526 4499 3641 4557 τῶν

366 4598 416 4651 ei
447 4595 536 4649 “?
574 4616 594 4648 ι
622 4596 909 4662 Quomodo
940 4614 1132 4653 rursus
1179 4600 1232 4653 in
1267 4600 1465 4655 throno
1511 4600 1727 4657 excelso
1767 4608 1821 4656 et
1850 4617 1947 4657 su-

367 4688 519 4742 blimi
550 4688 744 4742 sedens
774 4689 1038 4754 cernitur,
1076 4691 1559 4746 circumstantibus
1585 4708 1706 4746 eum
1745 4702 1799 4747 et
1829 4693 1946 4763 glo-

362 4779 702 4834 rilicantibus
732 4780 1014 4850 Serapbim
1048 4781 1138 4837 ⁸δῖ
1165 4784 1273 4837 Aut
1312 4785 1582 4852 quomodo
1625 4800 1814 4840 rursus
1847 4802 1946 4854 po-

366 4880 591 4925 testates
618 4886 739 4941 qua
768 4872 818 4925 in
855 4873 993 4928 cmlo
1018 4883 1164 4940 sunt,
1205 4875 1386 4929 audita
1421 4890 1514 4945 per
1549 4876 1807 4945 Spiritum
1843 4878 1947 4934 hac

362 4976 499 5019 voce
540 4980 555 5016 :
594 4981 611 5014 ι
640 4962 833 5017 Tollite
864 4974 1067 5031 portas,
1097 4966 1388 5035 principes,
1424 4976 1651 5032 vestras,
1676 4987 1696 5021 ι
1731 4978 1784 5024 et
1822 4984 1945 5024 cum

364 5055 631 5113 dixissent
660 5073 673 5110 :
705 5074 726 5109 ι
756 5055 891 5123 Quis
915 5067 998 5115 est
1021 5059 1121 5113 iste
1140 5058 1253 5115 Rex
1278 5060 1501 5130 gloria?
1523 5081 1542 5114 ι
1582 5063 1904 5117 audiverunt
1932 5083 1945 5119 :

370 5166 387 5197 ι
423 5146 679 5203 Dominus
708 5149 967 5203 virtutum
998 5150 1112 5220 ipse
1128 5160 1212 5205 est
1240 5152 1355 5207 Rex
1377 5152 1561 5221 gloriae
1580 5154 1647 5206 ιδ.
1673 5172 1692 5206 ι
1719 5153 1836 5209 Νοη
1866 5155 1957 5210 hic

366 5238 540 5293 factus
570 5250 651 5295 est
681 5239 941 5296 Dominus
970 5243 1253 5308 virtutum,
1296 5247 1390 5300 sed
1442 5246 1604 5317 130
1638 5245 1727 5301 hic
1772 5257 1855 5302 est
1886 5249 1956 5303 ab

365 5343 573 5387 :elerno
617 5332 877 5389 Dominus
906 5334 1195 5392 virtutum.
1233 5338 1291 5392 Si
1323 5347 1504 5394 autem
1551 5342 1654 5394 hoc
1683 5341 1956 5396 exsistens

364 5434 593 5493 apparet
622 5435 747 5502 ante
774 5428 1041 5482 adventus
1072 5430 1152 5484 sui
1186 5439 1421 5499 tempus,
1448 5433 1590 5502 quod
1625 5434 1956 5488 etiamnunc

364 5526 470 5575 est.
522 5532 983 5586 supervacaneum
1017 5532 1170 5577 certe
1205 5520 1371 5578 fuerit
1399 5524 1602 5589 dicere,
1650 5525 1761 5581 imo
1811 5527 1957 5596 peri-

444 5653 489 5727 '3
515 5651 745 5727 Philipp.
785 5673 847 5715 Il,
877 5656 982 5710 7-9.
1062 5661 1106 5692 ³³
1132 5659 1288 5716 Joan.
1316 5678 1352 5727 ι,
1386 5662 1437 5716 2,
1475 5705 1478 5708 .

370 5722 422 5757 “
450 5721 595 5782 Psal.
629 5721 785 5793 xxiii,
812 5727 961 5781 7-l0.

2055 4596 2309 4671 Σεραφὶμ
2337 4593 2804 4666 δορυφορούμενος
2845 4593 2941 4647 καὶ
2980 4592 3464 4664 δοξολογοὺμενος;
3512 4592 3641 4656 Πῶς

2054 4691 2111 4744 δέ
2138 4690 2298 4744 πάλιν
2336 4689 2394 4742 αἱ
2422 4690 2480 4742 ἐν
2507 4690 2620 4751 τοῖς
2653 4686 2903 4757 οὐρανοῖς
2933 4685 3191 4755 δυνάμεις
3225 4684 3311 4738 διὰ
3334 4683 3428 4738 τοῦ
3462 4684 3638 4737 Πνεῦ-

2060 4801 2227 4855 ματος
2275 4783 2600 4837 ἀκούουσαι·
2654 4797 2673 4832 ι
2729 4780 2931 4850 ¹Ἀρααιῖιε
2984 4777 3191 4841 πύλας.
3242 4779 3291 4830 οἱ
3352 4777 3636 4848 ἄρχοντες,

2057 4877 2235 4948 ὑμῶν,
2276 4894 2295 4928 ›
2329 4875 2425 4929 καὶ
2450 4873 2707 4941 λέγουσαι
2727 4889 2739 4901 ’
2784 4890 2803 4923 ι
2838 4872 2935 4934 Τίς
2963 4871 3111 4923 ἐστιν
3141 4865 3297 4934 οὗτος
3324 4870 3352 4922 6
3381 4867 3639 4939 βασιλεὺς

2057 4971 2158 5040 τῆς
2194 4968 2388 5039 δόξης;
2429 4986 2448 5019 ι
2494 4966 2849 5035 Ἀντήκουον·
2904 4983 2922 5016 ι
2958 4963 3163 5033 Κύριος
3198 4962 3310 5016 τῶν
3353 4961 3640 5033 δυνάμεων

2058 5062 2218 5125 αὑτός
2244 5063 2392 5116 ἐστιν
2417 5062 2445 5114 6
2469 5058 2720 5129 βασιλεὺς
2751 5057 2851 5123 τῆς
2882 5054 3094 5126 δόξης.)
3122 5057 3235 5125 Οὐχ
3261 5048 3418 5117 οὗτος
3445 5055 3639 5124 γέγονε

2058 5154 2264 5226 Κύριος
2303 5152 2411 5207 τῶν
2437 5150 2740 5220 δυνάμεων,
2766 5148 2882 5200 ἀλλ’
2906 5144 3061 5209 οὗτός
3087 5147 3236 5200 ἐστιν
3269 5148 3298 5200 6
3329 5146 3493 5199 πάλαι
3520 5146 3639 5198 Κύ-

2063 5264 2177 5318 ριος
2199 5245 2309 5298 τῶν
2333 5244 2636 5314 δυνάμεων.
2666 5243 2730 5295 Εἰ
2758 5241 2815 5294 δὲ
2842 5239 3000 5292 τοῦτο
3022 5238 3095 5292 ὢν
3121 5240 3371 5309 φαίνεται
3396 5238 3426 5292 ὃ
3449 5239 3511 5308 δὴ
3544 5242 3640 5292 καὶ

2060 5337 2154 5392 νῦν
2174 5340 2289 5390 ἐστι
2321 5336 2417 5389 καὶ⁹
2443 5335 2549 5407 πρὸ
2584 5334 2677 5386 τοῦ
2708 5333 2806 5403 τῆς
2828 5331 3124 5401 ἐπιδημίας
3151 5330 3367 5402 καιροῦ,
3386 5332 3641 5402 περιττὸν

2059 5429 2126 5483 ἂν
2161 5427 2247 5498 εἴη
2291 5427 2491 5495 λέγειν,
2541 5424 2739 5495 μᾶλλον
2779 5424 2836 5477 δὲ
2882 5422 3125 5477 κινδύνου
3171 5423 3387 5493 μεστὸν,
3428 5423 3639 5494 τροπῆς

2059 5522 2305 5576 δεκτικὸν
2338 5520 2606 5591 ὑπάρχειν
2629 5518 2721 5570 τὸν
2745 5516 2907 5570 Υἱόνο
2951 5515 2982 5585 ἢ
3016 5514 3391 5586 προαιρέσεως
3426 5516 3640 5584 ἀγαθῆς

1522 5664 1563 5695 ³ο
1591 5662 1726 5718 Gen.
1775 5679 1927 5729 xvm,

2090 5665 2127 5695 “
2157 5661 2428 5727 Exoluu,
2460 5659 2543 5713 ll.
2626 5658 2667 5688 “
2705 5657 2835 5711 Dan.
2866 5672 2960 5723 vn,
2997 5654 3082 5709 l0.
3161 5653 3205 5684 "
3230 5652 3334 5709 lsa.
3370 5668 3445 5719 vt,
3486 5653 3595 5708 1-5.
