3882 6210
239 274 359 333 ὶΠ

1666 282 2108 342 TllESAURUS.

236 394 543 467 ἃσχηκέναι
573 399 764 468 μισθὸν
788 399 889 471 τὴν
920 401 1169 471 υίότητα,
1202 402 1295 456 καὶ
1322 402 1383 456 τδ
1422 399 1561 457 εἶναι
1595 405 1790 475 σοφίαν

1916 405 2339 463 eulosissimum.
2365 402 2560 459 Filium
2591 401 2906 459 mutationis
2930 413 3184 471 capacem
3215 413 3368 465 esse,
3397 406 3493 455 aut

236 490 346 543 καὶ
364 489 552 559 Λόγον,
579 492 673 546 καὶ
691 492 846 547 Θεόν.
875 494 1175 564 Ἀτρεπτος
1205 494 1314 566 γὰρ
1343 496 1436 548 καὶ
1456 495 1818 560 ἀναλλοίωτος

232 577 344 644 ὢν,
369 581 552 651 ὅμοιός
577 584 693 637 ἐστι
722 583 867 638 κατά
892 585 1071 640 πάντα
1100 584 1179 657 τῷ
1212 587 1585 658 γεγεννηκότι.

232 884 449 951 ΔΛΛΟ,
489 886 580 965 ὄζι
612 890 738 965 ὀὐκ
767 888 840 965 g5
868 888 1244 965 ἀλλοιιρσεως
1267 890 1372 965 τῆς
1405 893 1524 948 ἀπὸ
1549 894 1656 949 τοῦ
1694 896 1816 965 χεί-

298 974 491 1032 ρονος
532 958 627 1032 ἐπὶ
662 960 726 1032 τὸ
763 959 1029 1032 ἄμεινον,
1057 960 1259 1030 ὅμοιός
1297 958 1470 1019 ἐστιν
1494 968 1527 1020 ό
1565 958 1816 1032 nefas

305 1028 519 1095 Hatpl,
548 1029 712 1083 ἀλλὰ
746 1031 1037 1098 φυσικῶς.

308 1158 372 1209 El
395 1158 453 1210 ὲν
478 1163 657 1231 μορφῇ
684 1161 820 1215 Θεοῦ
844 1162 1103 1234 ὑπάρχων
1125 1165 1316 1218 ἑαυτὸν
1334 1166 1568 1221 ἐκένωσε
1595 1171 1814 1243 μορφὴν

224 1247 424 1304 δούλου
462 1250 673 1317 λαϐὼν,
716 1254 968 1310 τοσοῦτον
1008 1256 1073 1310 ἂν
1114 1257 1283 1324 δόξειε
1318 1262 1417 1331 τῆς
1460 1261 1601 1314 κατά
1647 1262 1813 1330 φύσιν

225 1344 393 1409 ἀξίας
427 1346 840 1416 ὑποδεδηκέναι,
873 1351 1010 1421 ὅπερ
1034 1353 1100 1404 ἂν
1126 1352 1317 1423 ὀφθείη
1351 1355 1565 1408 κεῖσθαι
1603 1357 1807 1425 μεταξὺ

223 1436 369 1491 Θεοῦ
396 1438 491 1491 καὶ
515 1438 821 1510 ἀνθρώπου.
846 1444 921 1495 Οὐ
944 1443 1053 1513 γάρ
1082 1439 1150 1515 ἦν
1181 1445 1281 1515 μὲν
1309 1446 1574 1518 πρότερον
1603 1446 1810 1518 ἀνθρω-

224 1545 354 1594 πος,
389 1530 580 1599 γέγονε
616 1532 673 1584 δὲ
711 1530 936 1602 ὕστερον
962 1537 990 1587 ό
1027 1536 1179 1599 Θεὸς,
1222 1537 1357 1590 ἀλλά
1379 1537 1510 1601 Θεὸς
1537 1536 1612 1591 ὢν
1647 1539 1809 1608 γέγο-

220 1639 318 1675 νεν
360 1622 675 1693 ἄνθρωπος’
706 1625 820 1696 ἔχει
864 1627 1042 1680 τοίνυν
1088 1629 1241 1683 οὐδὲν
1290 1633 1370 1695 είς
1412 1632 1689 1702 βελτίωσιν
1742 1635 1806 1687 ὲκ

1917 512 2037 549 eam
2070 494 2224 550 bona:
2251 496 2538 551 voluntatis
2578 511 2688 550 suae
2718 493 3017 548 mercedem
3050 490 3323 561 accepisse
3347 492 3491 559 quod

1918 585 1993 640 sit
2025 584 2211 652 Filius,
2237 594 2293 641 et
2322 587 2613 657 sapientia,
2647 596 2702 641 et
2732 584 2966 640 Verbum
2998 593 3051 639 et
3097 582 3261 638 Deus.
3302 579 3493 637 Omnis

1914 678 2058 734 enim
2086 679 2404 734 mutationis
2435 679 2885 749 alterationisque
2910 692 3128 750 expers,
3158 675 3352 732 similis
3394 688 3493 745 per

1913 768 2095 824 omnia
2117 777 2203 825 est
2229 784 2332 825 suo
2356 769 2620 826 Genitori.

1914 899 2149 966 ALIUD,
2180 903 2319 970 quod
2355 919 2460 958 non
2484 918 2575 971 per
2610 878 2971 956 alterationem
2988 918 3034 971 _a
3069 900 3318 954 deteriori
3346 908 3488 952 statu

1983 969 2698 1096 inlprmtantiorem‘similis
2713 974 2778 1027 sit
2806 971 2955 1026 Patri
2972 969 3020 1024 F
3024 972 3169 1025 ilius.
3203 970 3294 1026 sed
3323 980 3483 1023 natu—

1980 1060 2041 1097 ra
2066 1054 2186 1098 uer.

1982 1172 2039 1229 Si
2070 1175 2121 1228 in
2148 1174 2317 1227 forma
2350 1171 2445 1228 Dei
2478 1173 2747 1228 exsistens
2776 1171 3010 1239 seipsum
3048 1170 3346 1224 exinauivil
3378 1170 3487 1223 fur-

1911 1280 2053 1319 mam
2095 1266 2237 1320 servi
2258 1265 2551 1333 accipiens,
2571 1271 2779 1317 tantum
2808 1261 2976 1316 videri
2997 1262 3171 1331 possit
3193 1276 3222 1315 a
3251 1261 3480 1314 naturali

1910 1352 2170 1422 dignitate
2199 1353 2514 1417 recessisse,
2543 1362 2807 1422 quantum
2843 1350 3181 1404 discriminis
3221 1359 3307 1404 est
3340 1350 3483 1403 inter

1910 1443 2075 1498 Deum
2106 1454 2161 1499 et
2205 1445 2499 1500 hominem.
2553 1443 2737 1511 Neque
2771 1442 2914 1496 enim
2957 1453 3074 1494 erat
3110 1440 3260 1510 prius
3300 1442 3483 1505 homo,

1905 1544 2201 1605 pOsteaque
2230 1534 2404 1591 lactus
2428 1546 2512 1590 est
2544 1533 2722 1601 Deus;
2753 1535 2847 1589 sed
2893 1532 3033 1587 Deus
3058 1547 3179 1587 cum
3207 1542 3373 1597 esset,
3404 1532 3484 1585 la-

1906 1639 2025 1682 ctus
2047 1638 2131 1683 est
2161 1628 2323 1683 homo
2353 1645 2369 1682 :
2410 1627 2545 1683 nihil
2574 1628 2760 1697 itaque
2803 1625 3025 1695 majoris
3059 1627 3384 1695 praestantia
3415 1641 3482 1679 ex

219 1715 433 1769 τούτων
462 1718 491 1769 ό
518 1717 612 1769 τοῦ
653 1718 787 1772 Θεοῦ
821 1720 1013 1789 Λόγος.
1047 1722 1107 1775 El
1146 1722 1202 1777 δὲ
1245 1723 1511 1793 ὑψοῦσθαι
1562 1725 1797 1794 λέγεται¹

1910 1720 2009 1774 hac
2041 1735 2097 1774 re
2134 1721 2310 1774 Verbo
2342 1720 2590 1775 accessit.
2627 1718 2682 1773 Si
2715 1733 2845 1773 vero
2890 1717 3160 1771 cxaltatus
3192 1731 3315 1770 esse
3344 1717 3482 1769 dici-

218 1808 321 1860 καὶ
344 1808 404 1860 ὲν
424 1809 572 1875 τάξει
596 1811 932 1882 χαρίσματος
953 1814 1015 1866 τὸ
1036 1814 1177 1887 ὑπὲρ
1202 1816 1310 1869 πᾶν
1330 1816 1502 1887 ὄνομα
1525 1817 1801 1888 δέχεσθαι,

216 1901 301 1963 είς
334 1901 513 1953 ἐκεῖνο
532 1901 770 1971 δηλονότι
804 1905 941 1974 μετά
961 1906 1161 1976 σαρκὸς
1188 1909 1544 1978 ἐπανάγεται,
1560 1912 1639 1974 είς
1663 1912 1803 1983 ὅπερ

214 1985 288 2060 ἧν
308 1992 409 2044 καὶ
435 1991 557 2063 δίχα
586 1996 807 2065 σαρκός.
828 1998 938 2050 Kal
968 1997 1130 2061 αὐτὸς
1155 1998 1213 2052 δέ
1238 2000 1340 2054 πού
1365 2018 1497 2072 φησι
1520 2022 1531 2032 ε
1561 2004 1797 2074 «Πάτερ,

213 2081 445 2147 δόξασόν
476 2101 544 2154 με
570 2088 634 2156 τῇ
664 2085 789 2159 δόξῃ
812 2083 1008 2160 ᾖεῖχον
1040 2090 1148 2162 πρὸ
1175 2090 1268 2145 τοῦ
1298 2091 1391 2146 τὸν
1421 2094 1626 2165 κόσμον
1655 2090 1795 2149 εἶναι

216 2175 376 2246 παρά
412 2175 514 2231 σοί.
552 2196 571 2226 ι
604 2178 741 2231 Ποία
772 2180 829 2232 δὲ
859 2175 927 2251 ἦν
958 2182 992 2251 ἡ
1035 2182 1140 2252 πρὸ
1172 2182 1267 2236 τοῦ
1302 2185 1510 2255 κόσμου
1543 2186 1670 2251 δόξα
1702 2186 1797 2240 τοῦ

214 2265 387 2330 Υἱοῦ;
420 2268 492 2321 Τὸ
514 2272 571 2322 ἐν
605 2274 783 2343 μορφῇ
809 2272 902 2326 τοῦ
934 2275 1146 2345 Πατρὸς
1176 2276 1461 2347 ὑπάρχειν.
1495 2278 1663 2333 Οὐδὲν
1689 2280 1798 2352 ἄρα

212 2360 337 2413 ἐστὶ
366 2360 429 2413 τὸ
453 2359 511 2425 ἐξ
539 2361 878 2427 ἀλλοιώσεως
900 2366 997 2419 καὶ
1022 2367 1231 2437 τροπῆς
1255 2368 1355 2439 τῆς
1378 2370 1472 2422 ἐπὶ
1492 2370 1553 2423 τὸ
1574 2372 1797 2441 ἄμεινον

211 2452 517 2521 προστεθὲν
547 2454 625 2525 τῷ
665 2455 778 2524 Υἱῷ
801 2499 815 2523 ,
842 2456 958 2509 ἀλλ’
986 2460 1019 2529 ἡ
1058 2459 1115 2510 ὲν
1144 2459 1484 2531 χαρίσματος
1518 2462 1670 2528 τάξει
1699 2462 1795 2518 νῦν

210 2544 366 2615 αὑτῷ
390 2546 638 2616 διδομένη
672 2547 799 2614 δόξα
822 2550 916 2602 καὶ
936 2548 1163 2619 ὕψωσις,
1190 2550 1343 2616 λύσις
1374 2554 1490 2606 ἐστὶ
1517 2554 1619 2623 τῆς
1654 2556 1793 2625 μετά

209 2636 421 2708 σαρκὸς
452 2638 687 2704 ἀδοξίας,
709 2640 806 2708 τὴν
836 2641 944 2694 ἀπὸ
966 2642 1065 2711 τῆς
1092 2641 1188 2695 τοῦ
1216 2643 1401 2696 δούλου
1435 2646 1647 2715 μορφῆς
1676 2647 1791 2699 ἀτι-

212 2732 346 2800 μίαν
384 2730 796 2799 ἑξαφανίζουσα.
822 2733 1053 2801 Λέγεται
1085 2734 1142 2788 δὲ
1171 2734 1404 2790 δίδοσθαι
1438 2736 1611 2791 ταῦτα
1641 2738 1793 2809 παρά

208 2823 445 2895 Πατρός.
478 2823 596 2894 Θεῷ
621 2826 727 2896 γὰρ
760 2825 938 2880 πάντα
964 2826 1033 2879 τὰ
1062 2828 1200 2899 ὑπὲρ
1236 2829 1633 2902 ἀνθρωπότητα
1656 2832 1789 2886 διοι-

207 2917 324 2968 κεῖν
376 2915 737 2988 οίκειότερον,
782 2917 882 2971 οὐκ
926 2916 1032 2983 ἔξω
1077 2919 1174 2989 τῆς
1223 2919 1429 2973 τούτων
1479 2922 1789 2993 οἰκονομίας

206 3005 548 3077 ὑπάρχοντος
575 3008 667 3061 τοῦ
698 3008 827 3061 Υἰοῦ
855 3009 998 3063 κατά
1018 3011 1116 3079 τὴν
1140 3013 1236 3082 τῆς
1259 3011 1511 3083 θεότητος
1536 3014 1784 3086 ἑνότητα,

207 3098 253 3152 εί
281 3098 382 3151 καὶ
407 3098 717 3164 ἰδιαζόντως
748 3100 877 3166 Υἱός
902 3102 1047 3156 ἐστιν
1074 3102 1150 3167 ὡς
1184 3104 1320 3175 πρὸς
1356 3105 1594 3176 Πατέρα.

665 3305 871 3372 ΔΛΛΟ,
912 3308 1000 3373 εἰς
1038 3308 1104 3362 τό
1141 3310 1310 3366 αὐτό.

274 3418 341 3472 El.
412 3419 534 3474 καθ’
584 3420 749 3491 ὑμᾶς,
796 3422 884 3475 ὅτε
935 3423 1297 3477 ἐταπείνωσεν
1344 3425 1555 3493 ἑαυτὸν,
1618 3426 1786 3497 ὑπερ-

1906 1824 2012 1876 tur,
2062 1821 2119 1867 et
2160 1813 2330 1865 instar
2363 1813 2489 1864 doni
2526 1825 2719 1865 nomen
2769 1825 2931 1879 super
2966 1823 3126 1863 omne
3159 1822 3351 1861 nomen
3385 1823 3481 1861 ac-

1901 1904 2130 1973 cepisse,
2179 1903 2233 1957 in
2270 1904 2397 1957 illud
2433 1903 2619 1972 procul
2661 1903 2826 1957 dubio
2869 1902 3119 1957 evehitur
3163 1915 3284 1954 cum
3316 1916 3481 1955 carne

1901 1996 2044 2064 quod
2065 2005 2182 2050 erat
2200 1998 2404 2065 absque
2428 2009 2611 2049 carne.
2643 1994 2761 2063 lpse
2786 2009 2917 2049 vero
2934 1994 3094 2047 etiam
3120 1991 3242 2047 alibi
3272 1992 3475 2060 inquit:

1906 2108 1924 2141 ι
1958 2089 2139 2151 Pater,
2184 2087 2421 2157 gloriﬁca
2471 2102 2555 2141 me
2596 2086 2763 2156 gloria
2793 2085 2880 2139 illa
2920 2100 3081 2154 quam
3127 2084 3288 2139 habui
3338 2084 3479 2151 apud

1899 2190 1954 2235 te
1986 2193 2280 2248 antequam
2303 2180 2533 2233 mundus
2564 2189 2709 2233 esset
2734 2178 2801 2235 ".
2827 2196 2847 2231 ι
2877 2176 3135 2243 Qumnam
3162 2186 3337 2230 autem
3361 2184 3479 2231 erat

1898 2273 2067 2343 gloria
2102 2271 2223 2326 Filii
2256 2281 2381 2325 ante
2408 2272 2739 2326 creationem
2789 2270 3017 2324 mundi?
3068 2269 3320 2325 Profecto
3352 2286 3476 2325 esse

1898 2367 1950 2420 itt
1986 2368 2154 2421 forma
2183 2364 2380 2421 Patris.
2416 2364 2561 2418 Nihil
2592 2363 2759 2434 igitur
2784 2362 3037 2431 estquod
3077 2377 3144 2417 ex
3175 2363 3476 2417 mutatione

1896 2458 1949 2513 in
1985 2460 2174 2514 melius
2204 2458 2343 2512 Filio
2372 2457 2603 2511 accessit
2628 2475 2640 2509 :
2668 2455 2762 2510 sed
2791 2454 2963 2525 gloria
2998 2463 3051 2508 et
3078 2452 3330 2508 exaltatio
3356 2470 3476 2525 qua!

1893 2550 1969 2605 illi
2004 2551 2174 2605 instar
2208 2549 2334 2604 doni
2367 2563 2510 2602 nunc
2551 2544 2745 2600 collata
2794 2554 2899 2612 est,
2938 2543 3159 2599 vilitatis
3190 2560 3310 2614 qua:
3350 2561 3475 2600 car-

1892 2658 2014 2698 nem
2080 2643 2440 2698 comitabatur
2498 2639 2721 2695 abolitio
2784 2647 2905 2703 est,
2968 2647 3337 2707 contemptum
3405 2638 3476 2693 ob

1891 2735 2030 2789 servi
2068 2733 2297 2788 formam
2340 2744 2675 2802 assumptam
2721 2730 2930 2787 delens.
2992 2731 3251 2787 Dicuntur
3293 2743 3473 2786 autem

1890 2831 2007 2881 haec
2033 2828 2156 2881 data
2187 2842 2217 2880 a
2257 2826 2444 2891 Patre,
2475 2826 2601 2896 quia
2630 2828 3041 2882 convenientitts
3067 2834 3151 2883 est
3196 2827 3475 2896 magisque

1889 2920 2167 2987 proprium
2212 2933 2275 2972 ca
2318 2933 2440 2988 qua:
2480 2932 2643 2987 supra
2690 2919 3078 2974 humanitatem
3124 2927 3250 2973 sunt
3287 2935 3317 2972 a
3361 2916 3473 2971 Deo

1889 3009 2288 3075 administrari,
2315 3026 2419 3065 non
2443 3011 2664 3067 excluso
2689 3021 2867 3067 tamen
2886 3011 3181 3067 secundum
3212 3010 3471 3065 unitatem

1812 3102 1859 3164 C
1888 3104 2104 3159 deitatis
2130 3105 2197 3159 ab
2239 3104 2342 3158 hac
2375 3104 2850 3160 administratione
2885 3104 3023 3161 Filio
3048 3146 3063 3171 ,
3124 3103 3335 3159 tametsi
3377 3117 3475 3174 pe-

1891 3196 2171 3252 culiariter
2203 3196 2433 3251 exsistat
2462 3196 2632 3252 Filius
2660 3198 2726 3251 ad
2754 3197 2970 3254 Patrem
3002 3199 3228 3253 relatus.

2194 3308 2431 3378 ALIUD,
2477 3312 2535 3365 in
2564 3315 2798 3367 eamdem
2830 3314 3158 3367 sententiam.

1960 3422 2041 3489 Si,
2074 3420 2229 3493 juxta
2271 3432 2506 3478 vestram
2566 3425 2900 3494 opinionem,
2953 3429 3172 3496 quando
3232 3426 3469 3497 seipsutn

206 3508 420 3579 νψὼθη,
471 3511 559 3565 διὰ
587 3511 745 3566 τοῦτο
778 3512 875 3568 καὶ
916 3513 1179 3586 ἐχαρίσθη
1214 3515 1364 3587 αὑτῷ
1408 3518 1469 3570 τὸ
1513 3516 1683 3589 ὄνομα
1725 3519 1786 3572 τὸ

1907 3512 2195 3565 tuntiliavit
2234 3512 2667 3582 superexaltatus
2727 3528 2831 3580 est,
2884 3524 2939 3570 et
2972 3525 3251 3587 prOpterea
3299 3518 3470 3572 dona-

206 3600 348 3671 ὑπὲρ
382 3604 488 3655 πᾶν
525 3603 714 3674 ὄνομα,
758 3606 1025 3669 τουτέστι,
1062 3606 1325 3677 κέκληται
1376 3609 1528 3673 Θεὸς,
1566 3612 1659 3664 καὶ
1696 3612 1785 3665 διὰ

1903 3614 1998 3652 ,utn
2020 3601 2068 3653 ei
2087 3608 2171 3654 est
2202 3615 2394 3655 nomen
2423 3617 2588 3671 super
2620 3618 2780 3657 omne
2812 3620 3031 3670 nomen,
3067 3606 3168 3661 hoc
3193 3616 3296 3670 est,
3331 3607 3469 3664 Deus

204 3694 364 3749 τοῦτο
406 3698 633 3768 ὲχρίσθη
676 3699 773 3752 καὶ
812 3699 940 3763 Υίὸς
970 3700 1283 3771 ὠνομάσθη.
1318 3702 1425 3771 πρὸ
1453 3702 1555 3772 τῆς
1584 3721 1784 3757 ταπει-

1903 3700 2119 3748 vocatus
2147 3703 2252 3756 est,
2277 3704 2331 3748 et
2356 3703 2640 3765 propterea
2662 3694 2826 3751 etiam
2851 3707 3046 3752 unctus
3073 3708 3155 3752 est
3183 3700 3468 3769 dictusque

204 3787 424 3852 νώσεως
456 3790 666 3860 ἀνάγκη
697 3790 876 3860 λέγειν
901 3793 1001 3845 οὐκ
1030 3788 1170 3846 εἶναι
1202 3793 1379 3847 ταῦτα
1407 3794 1499 3847 τὸν
1525 3795 1619 3848 τοῦ
1645 3796 1779 3849 Θεοῦ

1903 3782 2089 3851 ﬁlius;
2129 3788 2494 3840 necessarium
2531 3786 2689 3857 plane
2722 3799 2808 3842 est
2861 3798 2921 3842 ut
2958 3790 3202 3845 dicamus
3236 3789 3466 3846 Verbum

203 3880 411 3948 Λόγον·
452 3883 573 3936 οὐδὲ
614 3885 724 3954 γάρ
756 3884 822 3938 ἂν
848 3885 1057 3951 δέξαιτό
1098 3903 1182 3949 τις
1217 3888 1355 3957 ὅπερ
1400 3886 1513 3957 ἔχει
1560 3888 1655 3942 καὶ
1705 3889 1780 3959 μὴ

1903 3875 1978 3929 )ei
2008 3886 2134 3930 ante
2164 3876 2575 3931 ltumilationem
2604 3878 2708 3932 hoc
2737 3895 2844 3933 non
2875 3878 3075 3935 fuisse:
3112 3896 3286 3951 neque
3318 3884 3463 3937 enim

203 3972 402 4030 λαϐὼν.
464 3976 573 4028 Kal
607 3978 656 4028 εἰ
704 3977 810 4049 πρὸ
862 3977 970 4031 τῶν
1005 3979 1102 4048 τῆς
1143 3979 1527 4043 ταπεινώσεως
1569 3981 1780 4052 χρόνων

204 4066 516 4136 εὑρίσκεται
560 4067 737 4135 λέγων
788 4071 924 4140 πρός
964 4087 1114 4135 τινας
1158 4072 1324 4136 Θεός·
1364 4091 1382 4123 ι
1423 4073 1565 4142 Ἐγὼ
1610 4070 1775 4127 εἶπαο

202 4154 321 4209 Θεοί
372 4158 514 4223 ἐστε,
568 4160 663 4213 καὶ
699 4161 804 4213 υίοὶ
854 4161 1129 4230 Ὑψίστου,
1165 4182 1182 4212 ι
1232 4164 1416 4216 πολλοὶ
1462 4164 1568 4234 πρὸ
1612 4165 1776 4219 αὐτοῦ

204 4248 482 4315 φαίνονται
515 4250 798 4318 γεγονότες
844 4253 949 4305 uio".
985 4252 1081 4306 καὶ
1119 4252 1250 4306 θεοί.
1290 4254 1413 4318 Πῶς
1454 4251 1548 4308 οὖν
1576 4255 1775 4325 ἀληθὲς

202 4339 277 4393 ὅτι
307 4342 489 4395 πάντα
511 4342 578 4395 δι’
608 4342 773 4396 αὐτοῦ
798 4344 1051 4412 ὲγένετος
1092 4345 1217 4409 Πῶς
1240 4346 1295 4399 δὲ
1330 4348 1493 4410 αὐτός
1533 4348 1646 4401 ἐστι
1671 4348 1775 4419 πρὸ

203 4433 419 4487 πάντων
464 4434 693 4498 πολλοὺς
721 4435 858 4505 ἔχων
889 4436 994 4505 πρὸ
1023 4435 1227 4503 αὐτοῦς
1262 4437 1383 4500 Πῶς
1413 4436 1469 4490 δὲ
1504 4437 1600 4490 καὶ
1631 4455 1777 4509 πρω-

1881 3966 2152 4035 acceperit
2180 3968 2303 4036 quis
2331 3967 2383 4021 id
2414 3969 2557 4037 quotl
2604 3969 2769 4023 habet
2802 3970 2967 4024 etiam
3007 3986 3129 4025 cum
3172 3987 3276 4028 non
3309 3988 3465 4027 acce-

1882 4058 2044 4128 perit.
2076 4056 2145 4111 Et
2194 4058 2243 4113 si
2291 4070 2418 4114 ante
2464 4059 2855 4116 ltumiliationis
2908 4070 3150 4131 tempora
3198 4064 3464 4133 reperitur

1881 4146 2021 4200 Deus
2069 4148 2197 4201 alibi
2246 4148 2321 4202 ita
2371 4149 2609 4205 dicens:
2662 4170 2679 4201 ι
2711 4150 2822 4221 Ego
2870 4151 2981 4207 dixi
3027 4153 3160 4207 :Dii
3206 4154 3358 4220 estis,
3412 4166 3462 4210 et

1880 4238 1972 4292 lilii
2009 4238 2218 4294 Excelsi
2249 4256 2435 4296 omnes
2455 4240 2533 4308 “,
2569 4261 2587 4295 ι
2623 4243 2773 4297 tnulti
2811 4255 2958 4300 certe
2996 4255 3123 4301 ante
3153 4247 3327 4317 ipsum
3366 4263 3461 4318 ap-

1877 4341 2065 4401 parent
2101 4331 2231 4387 l'aeti
2266 4348 2384 4389 esse
2413 4334 2506 4389 lilii
2541 4344 2597 4389 et
2628 4335 2723 4391 dii.
2759 4335 3041 4403 Quomodo
3068 4338 3234 4409 igitur
3264 4355 3457 4395 verum

1879 4432 1984 4488 est,
2014 4424 2196 4477 omnia
2225 4439 2321 4494 per
2340 4424 2514 4496 ipsum
2550 4425 2694 4480 facta
2727 4427 2889 4482 esse?
2914 4426 3024 4482 Aut
3044 4429 3314 4498 quomodo
3348 4430 3460 4500 ipse

200 4525 415 4590 τότοκος
460 4528 642 4599 πάσης
671 4502 902 4591 κτίσεως
922 4502 947 4591 ς.
986 4528 1098 4581 Kal
1135 4531 1184 4582 εί
1232 4528 1367 4599 πρὸς
1402 4529 1633 4600 μίμησιν
1675 4502 1770 4583 τοῦ

1907 4514 1947 4569 it
1970 4524 2097 4570 ante
2120 4517 2323 4581 omnia,
2354 4532 2477 4571 cum
2506 4516 2657 4571 multi
2688 4517 2781 4572 illo
2804 4519 3018 4587 priores
3038 4520 3460 4592 sintiAutquo-

204 4619 337 4673 κατά
372 4619 535 4688 φύσιν
568 4620 698 4673 Υίοῦ
728 4620 969 4674 τίθενται
1016 4622 1111 4673 καὶ
1159 4622 1210 4674 οἱ
1258 4624 1399 4675 κατὰ
1444 4623 1624 4693 χάριν,
1655 4622 1774 4687 πῶς

203 4704 340 4764 οὗτοι
369 4711 475 4781 πρὸ
499 4709 593 4764 τοῦ
620 4711 761 4764 κατά
788 4710 982 4779 etiam;
1013 4710 1124 4763 Kal
1154 4712 1201 4763 εί
1225 4710 1320 4764 τοῦ
1353 4710 1482 4764 Υἱοῦ
1516 4711 1771 4783 μετέχον-

1871 4607 2032 4662 modo
2064 4609 2169 4663 erit
2216 4608 2608 4679 primogenitus
2657 4609 2812 4680 131
2848 4612 3027 4667 omnis
3060 4624 3326 4669 creature
3365 4615 3457 4669 ⁸⁷⁸2

1875 4698 2151 4755 Praeterea
2181 4702 2225 4756 si
2258 4703 2326 4755 ad
2373 4701 2728 4758 imitationem
2776 4703 2888 4757 veri
2942 4712 2996 4758 et
3036 4705 3297 4759 naturalis
3336 4690 3455 4760 Filii

202 4816 288 4865 τες
317 4803 709 4874 υίοποιούμεθα
732 4803 799 4856 δι’
828 4802 1015 4869 αὑτοῦ,
1048 4802 1165 4866 πῶς
1194 4803 1255 4856 τὺ
1291 4802 1514 4873 μετέχον
1551 4805 1766 4875 πρῶτον

1903 4803 2188 4848 tatuuntur
2213 4795 2379 4849 etiam
2424 4795 2459 4849 ii
2488 4795 2579 4865 qui
2619 4810 2714 4866 per
2744 4797 2973 4865 gratiam
3001 4807 3147 4861 sunt,
3188 4798 3455 4867 quomodo

202 4892 345 4947 ἔσται
371 4894 463 4947 τοῦ
490 4893 850 4965 μετεχομένου
888 4895 981 4948 καὶ
1006 4894 1072 4947 δι’
1103 4889 1163 4949 οὗ
1198 4894 1440 4962 γίνεται;
1469 4895 1592 4959 Πῶς
1621 4895 1677 4949 δὲ
1706 4897 1769 4949 οὐ

1903 4895 2038 4939 :runt
2067 4886 2120 4939 hi
2157 4886 2364 4955 priores
2391 4903 2459 4942 eo
2482 4889 2575 4959 qui
2612 4888 2933 4943 naturaliter
2955 4900 3040 4944 est
3067 4890 3276 4945 Filius?
3302 4892 3453 4961 Item,

204 4988 455 5055 κρείττων
481 4990 509 5041 ό
538 4988 756 5059 πρῶτος
800 4988 995 5041 τούτου
1024 4987 1202 5059 τυχὼν
1231 4988 1325 5041 τοῦ
1352 4989 1575 5053 πολλαῖς
1607 4988 1765 5043 ὓστε-

1906 4979 1921 5032 i
1940 4978 2353 5049 participatione
2376 4978 2498 5035 Filii
2518 4996 2615 5050 per
2630 4981 2809 5052 ipsum
2827 4983 3168 5051 adoptamur,
3184 4986 3451 5053 quomodo

208 5093 290 5145 ρον
319 5080 566 5146 γενεαῐς;
610 5077 770 5131 Ἀλλά
798 5077 1001 5147 πολλὴν
1028 5077 1142 5147 ἔχει
1174 5078 1346 5132 ταῦτα
1372 5080 1471 5149 τὴν
1509 5079 1759 5132 ἀτοπίαν.

1903 5070 1924 5124 d
1955 5072 2100 5141 quod
2133 5072 2404 5142 particeps
2432 5072 2495 5127 fit
2523 5072 2672 5142 prius
2699 5073 2807 5129 erit
2835 5088 2900 5129 eo
2947 5075 3090 5143 quod
3137 5075 3452 5144 participem

204 5167 401 5221 Οὐκοῦν
421 5167 685 5239 ἀτρεπτός
708 5184 769 5220 τε
799 5167 894 5221 καὶ
924 5166 1277 5229 ἀναλλοίωτος
1302 5170 1331 5219 ό
1355 5166 1505 5228 Υίὸς,
1534 5166 1595 5218 οὐ
1622 5164 1767 5218 κατά

1903 5164 2045 5219 acit?
2077 5163 2359 5231 Quomodo
2404 5176 2584 5220 autem
2634 5181 2741 5221 non
2783 5167 2856 5221 sit
2881 5166 3222 5235 praestantior
3272 5168 3318 5222 is
3364 5172 3453 5238 qui

203 5258 374 5325 χάριν,
400 5260 519 5313 οὐδὲ
546 5261 611 5313 ἑκ
634 5258 951 5329 προσθήκης
978 5256 1115 5329 ἔχων
1140 5256 1236 5328 τὴν
1268 5257 1402 5329 πρὸς
1422 5258 1513 5313 τὸν
1545 5258 1765 5328 Πατέρα

1903 5258 2077 5312 rimus
2111 5258 2163 5312 id
2193 5266 2519 5313 consecutus
2546 5268 2651 5324 est,
2677 5274 2839 5328 quam
2867 5259 3049 5314 multte
3074 5262 3453 5329 generationes

203 5349 508 5422 ὁμοιότητα,
542 5350 657 5404 ἀλλ’
687 5349 965 5413 οὑσιωδῶς
997 5366 1057 5403 τε
1088 5349 1184 5403 καὶ
1213 5349 1479 5418 φυσικῶς.

1903 5350 2515 5407 ubsecutteICazterum
2574 5351 2691 5407 haec
2733 5353 3074 5409 absurditate
3129 5354 3447 5424 plenissima

206 5452 343 5497 sunt.
380 5441 738 5496 lmmutabilis
789 5442 973 5510 itaque
1003 5449 1086 5496 est
1132 5441 1323 5505 Filius,
1369 5458 1473 5495 non
1508 5457 1603 5511 per
1646 5443 1902 5513 gratiam,
1940 5457 2117 5512 neque
2149 5457 2216 5499 ex
2285 5443 2563 5501 additione
2624 5444 2740 5501 sive
2803 5445 3119 5502 accessione
3162 5445 3341 5519 aliqua
3370 5447 3450 5502 εἰ-

208 5531 547 5588 ualitudinem
574 5549 700 5589 cum
750 5532 909 5589 Patre
941 5544 1152 5600 nactus,
1180 5535 1275 5591 sed
1314 5534 1681 5591 essentialiter
1707 5546 1761 5590 et
1802 5535 2143 5592 naturaliter.

276 5708 491 5768 "Joan.
526 5728 656 5781 xvn,
684 5715 734 5770 5.
812 5715 1022 5773 “Psal.
1066 5734 1251 5784 tum,
1288 5720 1341 5773 ti.
1412 5717 1453 5747 ⁸⁷
1484 5717 1688 5775 Culuss.
1726 5734 1766 5787 ι,
1804 5718 1883 5774 l5.
