3882 6210
352 336 459 395 219

868 454 1096 522 ALIUD,
1125 455 1179 509 in
1204 454 1450 523 idipsum.

433 569 491 624 Si
521 569 685 624 veluti
721 572 1022 624 mercedem
1054 570 1341 639 quamdam
1384 567 1621 631 virtutis,
1678 567 1763 620 vel
1827 567 1930 620 lui-

360 664 813 728 miliationis,aut
852 662 1171 716 obedienlizn
1225 670 1575 717 consecutum
1632 667 1777 714 esset
1808 656 1937 712 Ver-

362 758 489 811 bum
519 755 610 809 Dei
639 756 780 823 quod
807 756 877 808 sit
906 752 1073 809 Filius
1096 795 1111 819 ,
1152 768 1387 823 quonam
1421 751 1580 807 modo
1608 752 1771 805 etiam
1806 760 1934 805 ante

363 846 756 901 humiliationis
784 855 1022 912 tempora
1044 844 1280 899 nonnulli
1298 853 1666 911 cognoverunt
1692 838 1932 895 Patrem?

362 952 484 991 cum
519 935 688 991 Filius
709 938 853 991 dicat
884 939 969 992 "'2
1012 956 1030 988 ι
1076 935 1246 989 Nemo
1289 934 1565 1003 cognoscit
1591 932 1800 985 Patrem
1833 931 1933 985 nisi

366 1026 554 1093 Filius,
571 1037 625 1082 et
641 1028 725 1082 cui
756 1027 923 1083 Filius
953 1027 1287 1082 revelaverit.
1309 1045 1327 1077 δ
1347 1024 1460 1080 Non
1479 1026 1774 1079 exsistente
1789 1025 1933 1076 enim

368 1118 503 1173 Filio
535 1118 625 1188 qui
659 1118 886 1182 revelat,
912 1134 1018 1187 quo
1052 1129 1212 1188 pacto
1235 1116 1394 1170 Pater
1428 1117 1496 1170 ab
1528 1114 1709 1185 aliquo
1738 1128 1936 1185 cogno-

367 1210 580 1264 scatur?
606 1210 661 1264 Si
698 1226 826 1266 vero
853 1210 1011 1265 Pater
1034 1225 1250 1279 semper
1302 1209 1669 1278 cognoscitur,
1720 1221 1935 1274 semper

368 1300 552 1371 itaque
583 1302 746 1357 etiam
803 1304 1014 1379 exstitit
1059 1300 1249 1365 Filius,
1310 1302 1483 1371 ipsmn
1520 1298 1783 1354 revelatis.
1814 1297 1930 1353 Non

368 1393 536 1463 igitur
557 1410 621 1448 ex
654 1396 953 1450 mutatione
982 1394 1160 1463 aliqua
1209 1394 1292 1448 vel
1327 1392 1633 1461 adjectione
1678 1405 1939 1448 consecu-

371 1493 457 1538 tus
484 1496 564 1541 est
600 1487 650 1541 id
674 1490 814 1556 quod
853 1497 956 1550 est,
976 1489 1069 1543 sed
1099 1502 1310 1556 semper
1336 1488 1436 1539 hoc
1466 1485 1607 1554 quod
1633 1494 1718 1539 est
1773 1484 1941 1538 exsti-

370 1576 438 1630 tit
487 1579 830 1644 naturaliter,
878 1576 1020 1632 Patri
1062 1594 1181 1643 suo,
1239 1578 1438 1631 nullius
1490 1577 1562 1630 rei
1622 1576 1937 1645 indigentia,

370 1667 705 1737 perfectione
739 1680 906 1741 atque
939 1670 1372 1724 immutabilitate
1421 1669 1613 1723 similis
1653 1670 1938 1724 exsistens.

368 1777 603 1843 ALIUD,
634 1782 906 1857 declarans
935 1780 1135 1836 Filium
1174 1799 1281 1836 esse
1310 1799 1377 1837 ea:
1400 1784 1624 1857 essentia
1662 1781 1866 1857 Patris,
1895 1793 1941 1836 et
1973 1800 2017 1857 Β
2046 1782 2249 1857 ΑᾹΛΟ,
2283 1796 2328 1835 0'

441 1866 545 1902 non
585 1852 909 1922 extrinsecus
956 1858 1285 1921 productum,
1343 1854 1783 1922 quemadmodum
1846 1853 1941 1907 Ito-

439 1931 542 1973 διεδ
569 1918 774 1995 Christi
812 1918 1009 1995 volunt.
1034 1924 1103 1995 Et
1122 1918 1369 1989 quoniam
1394 1924 1709 1976 extrinsecus
1745 1925 1943 1988 produ-

443 1999 559 2042 ctus
590 1993 813 2059 nonest,
852 1993 1040 2048 similis
1064 1994 1145 2047 illi
1179 2004 1276 2048 est.
1313 1994 1689 2063 Argumentum
1724 1995 1937 2047 hazreti-

440 2076 642 2114 corum.

446 2176 607 2242 Quid,
627 2176 899 2247 inquiunt,
931 2187 1014 2233 est
1047 2181 1392 2250 praestantius
1427 2180 1480 2235 in
1509 2179 1649 2234 Deo?
1696 2179 1803 2234 Aut
1835 2196 1944 2250 quo

369 2275 529 2335 pacto
558 2281 661 2321 non
681 2269 786 2322 erit
820 2270 991 2323 nostri
1019 2271 1231 2336 similis,
1277 2272 1319 2325 si
1354 2272 1516 2326 etiam
1569 2272 1680 2341 ipse
1726 2288 1790 2327 ex
1844 2287 1939 2327 sua

370 2359 674 2415 substantia
707 2361 879 2432 gignit
900 2360 1118 2427 Filium,
1155 2363 1377 2432 perinde
1404 2373 1569 2432 atque
1615 2363 1750 2418 nos?
1806 2364 1942 2418 Cum

370 2468 500 2507 vero
529 2462 736 2508 tantum
773 2455 1065 2509 humanam
1103 2465 1351 2510 naturam
1398 2456 1645 2522 excedat,
1682 2466 1942 2526 quantum

372 2560 672 2613 creaturas,
712 2566 1052 2620 nequaquam
1081 2566 1177 2605 nos
1216 2550 1537 2617 imitabitur,
1588 2566 1763 2620 neque
1802 2551 1942 2606 sicut

372 2641 570 2711 aliquis
598 2651 840 2696 nostrum
876 2657 939 2696 ex
970 2644 1204 2697 essentia
1255 2658 1354 2696 sua
1409 2643 1669 2713 producet
1722 2641 1941 2709 Filium,

372 2732 468 2786 sed
497 2733 839 2789 eatrinsecus
859 2734 1175 2789 constituet.
1205 2733 1356 2801 Quod
1385 2735 1430 2789 si
1464 2735 1536 2789 ita
1561 2719 1942 2801 est,"dissinii-

373 2822 440 2878 lis
464 2832 614 2878 certe
639 2824 764 2879 erit.

867 2936 1072 2992 Salutio
1120 2936 1309 3006 objecti
1316 2938 1449 2993 onis.

444 3045 679 3102 Dixerim
704 3048 951 3116 equidem
973 3050 1167 3105 merito
1202 3051 1319 3106 istis
1349 3051 1596 3107 hostibus
1617 3051 1817 3107 Christi
1852 3069 1867 3107 :
1897 3053 1943 3108 si

1376 335 1437 392 S.
1475 329 1747 391 CYRILLI
1790 328 2257 386 ALEXANDRINI
2295 329 2609 389 ARCHIEP.

1958 453 2009 512 Α

3511 332 3620 387 220

2490 452 2673 505 AAAO
2699 491 2715 516 ,
2758 453 2845 517 εἰς
2884 451 2949 505 τὸ
2988 451 3159 507 αὑτό.

2107 565 2170 618 Ei
2208 564 2460 636 καθάπερ
2494 566 2617 619 τινὰ
2652 564 2844 636 μισθὸν
2876 565 3080 637 ἀρετῆς
3108 563 3141 635 ἦ
3171 563 3551 628 ταπεινώσεως
3582 563 3618 631 ἢ

2036 656 2280 726 ὑπακοῆς
2311 654 2423 726 ἔχει
2452 656 2511 709 τὸ
2548 651 2685 709 εἶναι
2717 655 2846 718 Υἱὸς
2891 656 2919 708 ὁ
2952 654 3047 708 τοῦ
3085 652 3219 707 Θεοῦ
3254 653 3446 721 Λόγος,
3476 655 3621 707 κατά

2034 750 2159 804 τίνα
2193 749 2394 821 τρόπον
2439 748 2546 820 πρὸ
2582 748 2691 802 τῶν
2724 749 2824 818 τῆς
2853 745 3237 810 ταπεινώσεως
3281 746 3486 816 χρόνων
3517 746 3619 798 ἐπ-

2035 842 2331 911 εγίνωσκόν
2375 858 2521 905 τινες
2564 841 2655 896 τὸν
2698 840 2953 911 Πατέρας
3009 839 3257 907 λέγοντος
3299 837 3395 891 τοῦ
3438 836 3569 891 Υίοῦ
3598 854 3614 867 ·

2044 956 2063 987 ι
2095 934 2282 999 Οὐδεὶς
2305 933 2658 1003 ἐπιγινώσκει
2678 934 2767 987 τὸν
2789 932 3030 1003 Πατέρα,
3058 934 3107 984 εί
3138 931 3213 1002 μὴ
3229 933 3256 984 ὁ
3281 931 3427 995 Υἱὸς,
3452 930 3546 984 καὶ
3568 923 3621 996 ᾧ

2038 1028 2104 1082 ἂν
2121 1029 2245 1091 Υἱὸς
2263 1026 2609 1099 ἀποκαλύψῃ.
2625 1046 2643 1077 ι
2670 1026 2761 1096 Μὴ
2795 1025 2947 1088 ὖντος
2977 1022 3085 1095 γὰρ
3109 1024 3230 1077 κατ’
3256 1021 3494 1085 ἐκείνους
3521 1020 3621 1075 τοῦ

2037 1119 2515 1181 ἁποκαλύπτοντος
2535 1116 2687 1181 Υἱοῦ,
2712 1116 2829 1180 πῶς
2846 1114 3210 1184 ἐπιγνωσθείη
3246 1112 3398 1183 παρά
3425 1128 3566 1176 τινος
3589 1114 3623 1165 ὁ

2038 1211 2260 1281 Πατήρ,
2295 1210 2343 1262 εί
2365 1208 2421 1262 δὲ
2454 1208 2542 1261 ἀεὶ
2570 1207 2758 1278 Πατὴρ
2789 1190 3135 1277 γνωρίζεται.
3168 1201 3235 1276 ἦν
3260 1204 3370 1274 ἄρα
3397 1204 3491 1257 καὶ
3530 1205 3623 1257 ἀεὶ

2036 1306 2065 1357 ό
2089 1301 2484 1356 ἀποκαλύπτων
2506 1301 2653 1363 Υἱός.
2681 1298 2887 1353 Οὑκοὺν
2908 1299 3009 1350 οὑκ
3034 1300 3097 1351 ἐκ
3125 1293 3426 1366 μεταϐολῆς
3447 1311 3621 1357 τινος,

2038 1396 2159 1450 οὑδέ
2188 1396 2246 1447 ἐν
2280 1393 2596 1464 προσθήκης
2640 1391 2796 1462 μέρει
2825 1390 3072 1459 φαίνεται
3101 1387 3279 1443 λαϐὼν
3304 1386 3450 1440 τοῦθ’
3479 1386 3622 1454 ὅπερ

2040 1488 2222 1554 ἐστὶν,
2256 1487 2371 1541 ἀλλ’
2416 1480 2486 1557 ἦν
2528 1484 2614 1537 ἀεὶ
2663 1482 2819 1536 τοῦτο
2862 1480 3105 1551 φυσικῶς
3132 1520 3147 1544 ,
3192 1481 3372 1549 ὅμοιος
3409 1476 3484 1531 ὣν
3526 1476 3623 1531 καὶ

2042 1578 2185 1633 κατά
2219 1577 2279 1631 τὸ
2310 1574 2605 1649 ἀπροσδεές
2630 1590 2689 1628 τε
2720 1574 2814 1626 καὶ
2858 1572 3065 1627 τέλειον
3107 1571 3200 1624 καὶ
3246 1569 3513 1639 ἄτρεπτον
3540 1565 3623 1636 τῷ

2043 1670 2240 1741 Πατρί.

2329 1780 2585 1849 ημαῖνον
2629 1778 2719 1831 ὅτι
2745 1792 2814 1831 εκ
2853 1774 2964 1849 τῆς
2998 1772 3356 1849 οὐσίαςζοῦ
3392 1773 3626 1849 Πατρός

2114 1842 2284 1906 ἐστιν
2314 1842 2535 1917 όὙὶὀς,
2567 1850 2665 1902 καὶ
2699 1850 2808 1902 οὐκ
2845 1842 3086 1917 ἔξωθεν,
3129 1842 3391 1917 καθάπερ
3419 1845 3469 1917 οἱ
3496 1859 3627 1910 χρι-

2116 1911 2405 1992 στομάχοι
2438 1911 2648 1992 φᾶσίν,
2667 1916 2905 1992 Ἐπειδῂ
2933 1915 3133 1992 δὲ-οῠκ
3158 1914 3394 1992 ἔξωθεν,
3421 1911 3627 1981 ὅμοιος

2116 1984 2248 2062 ἀραί
2281 1984 2575 2061 Πρότξισις
2611 1989 2691 2056 ὠς
2720 1989 2787 2042 ἐκ
2815 1986 2934 2041 τῶν
2961 1984 3289 2055 αἱρετικῶν.

2116 2170 2228 2223 Καὶ
2255 2168 2306 2224 τί
2330 2169 2391 2223 τὸ
2415 2169 2594 2233 πλέον,
2632 2166 2817 2238 φασὶν,
2844 2181 2902 2219 εν
2924 2162 3077 2234 Θεῷ;
3110 2161 3233 2224 Πῶς
3262 2161 3319 2214 δὲ
3346 2159 3446 2213 οὑκ
3471 2157 3630 2211 ἔσται

2049 2261 2168 2317 καθ’
2196 2263 2365 2333 ἡμᾶς,
2394 2263 2444 2314 εἰ
2490 2260 2587 2314 καὶ
2632 2259 2791 2322 αὑτὸς
2838 2260 2901 2310 ἐκ
2941 2256 3041 2325 τῆς
3082 2255 3269 2316 οὐσίας
3301 2251 3399 2322 τῆς
3429 2249 3631 2303 ἐαυτοῦ

2048 2357 2222 2411 τίκτει
2265 2355 2358 2407 τὸν
2386 2352 2539 2414 Υίὸν,
2564 2351 2755 2419 ῶσπερ
2784 2348 2879 2402 καὶ
2909 2348 3104 2418 ήμείςς
3146 2342 3366 2412 Ἐπειδὴ
3412 2341 3470 2394 δέ
3516 2339 3637 2394 ἀνω

2048 2449 2148 2519 τῆς
2193 2445 2538 2517 ἀνθρωπείας
2593 2445 2809 2513 φύσεως
2853 2437 3105 2493 τοσοῦτόν
3149 2439 3318 2499 ἐστιν,
3352 2434 3475 2486 ὅσον
3518 2432 3641 2485 τῶν

2049 2538 2291 2611 γενητῶν
2334 2537 2628 2608 ὑπερέχει,
2677 2535 2741 2587 οὑ
2786 2533 2857 2587 τάν
2899 2531 3055 2603 ὴμῶν
3110 2530 3442 2601 μιμήσεταν
3508 2526 3636 2583 ούδέ

2050 2635 2238 2705 ὥσπερ
2266 2650 2348 2696 τις
2374 2630 2484 2683 τῶν
2516 2628 2637 2684 καθ’
2665 2629 2813 2699 ἡμᾶς
2842 2628 2903 2679 ἐκ
2945 2626 3043 2697 τῆς
3075 2624 3261 2687 οὐσίας
3293 2622 3391 2692 τῆς
3434 2619 3636 2673 ἑαυτοῦ

2052 2727 2315 2798 προϐαλεῖ
2333 2724 2424 2778 τὸν
2441 2724 2588 2789 Υίὸν,
2606 2721 2719 2775 ἀλλ’
2734 2720 2931 2785 ἔξωθεν
2955 2718 3269 2789 ὑποστήσει.
3291 2714 3351 2768 Εἰ
3370 2714 3429 2767 δὲ
3450 2712 3613 2766 τοῦτο

2052 2821 2145 2872 καὶ
2166 2817 2416 2889 ἀνόμοιος
2442 2815 2568 2886 ἄρα.

2538 2922 2691 2993 Πρὸς
2729 2921 2918 2979 ταῦτα
2954 2920 3158 2985 λύσις.

2136 3038 2395 3112 Ἐροίμην
2423 3036 2487 3092 ἂν
2503 3035 2728 3099 δικαίως
2742 3034 2870 3097 τοὺς
2892 3032 3312 3105 χριστομάχους,
3343 3029 3392 3080 εί
3422 3026 3637 3083 παντάο

374 3140 430 3195 ἱιι
455 3143 765 3194 universum
793 3141 934 3195 Deus
958 3156 1173 3198 onmem
1204 3143 1611 3198 similitudinem
1665 3146 1944 3199 nobiscum

2058 3150 2185 3186 πασι
2231 3132 2331 3202 τὴν
2385 3129 2521 3201 πρὸς
2569 3129 2720 3199 ἡμᾶς
2764 3125 3022 3196 ὁμοίωσιν
3069 3125 3417 3195 παραιτεῖται
3475 3118 3641 3183 Θεὸς,

376 3231 603 3299 respuit,
630 3231 774 3285 nulla
794 3232 956 3286 etiam
982 3234 1191 3288 ratione
1212 3249 1332 3303 qua:
1368 3236 1568 3290 homini
1619 3236 1949 3290 conveniunt

374 3325 626 3394 gestabit.
658 3322 713 3379 Si
749 3326 892 3379 enim
924 3324 1103 3380 dicent
1124 3326 1361 3381 divinam
1396 3328 1684 3383 essentiam
1705 3343 1809 3382 non
1831 3344 1951 3382 om-

376 3416 505 3469 nino
528 3429 557 3467 a
586 3425 771 3469 nostra
798 3415 1104 3482 discedere,
1142 3417 1323 3473 inanis
1383 3417 1598 3474 illorum
1654 3420 1951 3488 propositio

374 3518 496 3558 esse
518 3503 967 3572 deprehendetur,
1025 3521 1253 3578 quasque
1294 3507 1622 3564 confessioni
1670 3508 1771 3576 ipsi
1806 3507 1951 3563 refu-

379 3595 634 3651 tationem
666 3596 1007 3666 conjunctam
1061 3599 1278 3655 habeat.
1321 3598 1378 3653 Si
1410 3612 1593 3654 autem
1629 3600 1685 3655 iu
1718 3601 1785 3655 iis
1830 3616 1951 3671 quas

378 3687 537 3743 nobis
571 3687 839 3758 objiciunt
902 3688 1148 3758 imperite
1197 3690 1660 3763 pertinaciterque
1719 3692 1948 3760 haerent,

376 3779 560 3834 dicant
589 3780 764 3846 nobis,
792 3796 933 3836 anne
961 3782 1122 3836 homo
1138 3784 1438 3838 substantia
1477 3783 1568 3848 sit,
1604 3799 1703 3838 cur
1720 3800 1827 3838 non
1854 3799 1951 3839 ne-

376 3881 506 3940 gant
534 3870 691 3941 132
719 3871 882 3926 Deum
920 3872 1277 3927 substantiam
1303 3872 1457 3927 esse?
1476 3872 1544 3928 Et
1595 3889 1784 3929 rursus
1827 3891 1949 3929 cum

381 3964 544 4017 homo
582 3965 860 4019 rationalis
881 3962 975 4029 sit,
1007 3964 1214 4019 faciant
1244 3964 1317 4019 illi
1348 3963 1517 4020 Deum
1548 3965 1940 4033 irrationalem,

378 4062 437 4103 ut
463 4051 699 4106 humana
738 4063 973 4122 respuat.
1035 4050 1092 4106 Si
1128 4068 1254 4107 vero
1302 4067 1424 4106 cum
1477 4066 1575 4107 nos
1614 4053 1731 4107 haec
1758 4052 1950 4118 simus,

379 4142 521 4199 Deus
552 4144 716 4199 etiam
752 4144 853 4199 hoc
891 4150 973 4197 est
1006 4157 1020 4195 ε
1063 4158 1167 4197 non
1213 4143 1320 4198 erit
1369 4143 1580 4199 alienus
1615 4158 1645 4197 a
1684 4144 1953 4214 gignendo

376 4249 443 4287 ex
465 4248 523 4288 se
553 4231 771 4296 Filium,
830 4233 1094 4303 siquidem
1156 4234 1227 4288 ita
1255 4250 1351 4290 nos
1376 4234 1667 4304 gignimus.
1728 4237 1798 4289 At
1820 4250 1952 4290 vero

378 4327 560 4396 potius
587 4327 989 4398 intelligendum
1019 4338 1138 4381 erat
1164 4326 1307 4395 quod
1343 4328 1433 4396 qui
1469 4326 1537 4381 ad
1593 4326 1951 4384 imitationem

378 4419 574 4474 divinae
602 4428 808 4473 natura:
831 4417 982 4488 juxta
1011 4416 1298 4486 imaginem
1319 4417 1460 4473 illius
1488 4416 1616 4473 facti
1635 4417 1953 4482 sumus,boc

2047 3225 2141 3280 καὶ
2195 3225 2314 3278 κατ’
2348 3222 2538 3275 οὐδένα
2584 3219 2784 3292 τρόπον
2837 3217 2908 3271 τά
2956 3215 3229 3287 ἀνθρώπῳ
3288 3212 3641 3284 προσήκοντα

2049 3315 2292 3388 φορέσει.
2314 3312 2375 3367 Ei
2413 3313 2512 3383 μέν
2538 3311 2649 3381 γὰρ
2675 3309 2859 3381 ἐροῦσι
2896 3308 2971 3381 μὴ
3004 3307 3178 3377 πάντη
3209 3302 3317 3358 τῶν
3348 3302 3640 3373 ἡμετέρων

2047 3407 2348 3477 ἀποφοιτᾷν
2378 3403 2476 3476 τὴν
2508 3403 2658 3457 θείαν
2686 3401 2895 3468 οὐσίαν,
2942 3400 3109 3463 ἐωλος
3149 3398 3330 3461 αὑτοῖς
3361 3397 3395 3466 ἡ
3424 3395 3638 3466 πρότα-

2051 3517 2135 3564 σις
2166 3498 2550 3570 εὑρεθήσεται,
2582 3495 2736 3548 λύσιν
2762 3493 2962 3564 ἔχουσα
2987 3492 3087 3563 τὴν
3112 3489 3290 3544 αὑτῶν
3321 3485 3638 3557 ὁμολογίαν.

2048 3593 2114 3647 Εἰ
2147 3591 2204 3645 δὲ
2235 3592 2588 3661 ἐπιμένουσιν
2630 3584 2861 3657 ἀμαθῶς
2887 3579 2968 3646 οἷς
3002 3580 3378 3653 προτείνουσιν
3421 3576 3643 3631 ἐνιστάτ

2053 3701 2226 3756 μενοι,
2256 3682 2565 3751 λεγέτωσαν
2594 3680 2747 3751 ἡμῖν,
2771 3678 2820 3730 εί
2854 3674 2929 3747 μὴ
2957 3677 2986 3729 ό
3008 3673 3293 3744 ἄνθρωπος
3313 3670 3473 3726 οὑσία
3495 3668 3639 3724 ἐστίέ

2050 3779 2160 3832 Καὶ
2184 3775 2347 3829 πάλιν
2373 3773 2669 3843 ἐπειδήπερ
2692 3770 2907 3839 λογικὸς
2937 3771 2965 3822 ό
2997 3768 3304 3838 ἄνθρωπος,
3340 3763 3482 3817 ἔστω
3502 3761 3639 3823 Θεὸς

2051 3872 2170 3925 κατ’
2202 3867 2442 3930 ἐκείνους
2470 3865 2683 3933 ἄλογος,
2708 3865 2797 3917 ἵνα
2826 3861 3163 3933 παραιτῆται
3197 3858 3265 3911 τά
3291 3854 3635 3927 ἀνθρώπινα.

2050 3963 2114 4017 Ei
2136 3961 2193 4015 δὲ
2215 3963 2272 4014 ἐν
2294 3959 2504 4021 τούτοις
2532 3956 2699 4010 όντων
2731 3955 2908 4027 ήμῶν,
2929 3956 2986 4007 ἐν
3012 3952 3195 4014 αὑτοῖς
3219 3951 3334 4002 ἐστι
3361 3948 3457 4002 καὶ
3478 3946 3636 4010 Θεὸς.

2049 4054 2112 4106 οὑ
2141 4051 2538 4123 παραιτήσεται
2571 4048 2766 4119 γεννᾷν
2792 4044 2852 4111 ἐξ
2881 4043 3076 4099 ἑαυτοῦ
3109 4042 3201 4096 τὸν
3237 4040 3386 4105 Υίὸν,
3414 4039 3640 4106 ἐπειδή-

2052 4161 2158 4216 περ
2191 4142 2331 4196 οὑτω
2368 4141 2628 4210 τίκτομεν
2670 4134 3011 4209 ήμεῖς.”Εδει
3045 4135 3155 4205 γάρ
3201 4132 3401 4204 μᾶλλον
3433 4132 3642 4184 ἐννοεῖν

2051 4234 2136 4288 ὅτι
2181 4231 2323 4286 κατά
2374 4228 2608 4301 μίμησιν
2656 4226 2756 4297 τῆς
2795 4223 2947 4287 θείας
2972 4221 3189 4292 φύσεως
3218 4220 3268 4272 οἱ
3296 4217 3421 4271 κατ’
3452 4216 3643 4269 εἰκόνα

2049 4322 2335 4394 γεγονότες
2369 4320 2559 4389 αὑτῆς,
2583 4316 2858 4372 καὶτοῦτο
2891 4316 3031 4387 μετά
3074 4313 3184 4368 τῶν
3228 4311 3402 4367 ἄλλων
3436 4310 3643 4376 κεκτή-

2055 4416 2217 4488 μεθα.
2233 4412 2448 4483 Ἐπειδὴ
2479 4411 2537 4465 δέ
2568 4410 2786 4463 τέτοκεν
2816 4407 2876 4473 ἐξ
2904 4406 3099 4461 ἐαυτοῦ
3129 4405 3221 4460 τὸν
3241 4403 3390 4467 Υίὸν,
3423 4400 3519 4455 καὶ
3540 4399 3647 4453 οὑκ

378 4511 542 4564 etiam
567 4522 762 4581 praeter
796 4510 898 4565 alia
932 4510 1209 4565 consecuti
1233 4526 1445 4565 sumus.
1477 4510 1613 4567 Cum
1641 4523 1825 4567 autem
1851 4529 1944 4585 ge-

2058 4506 2250 4577 ἔξωθεν
2288 4503 2656 4574 ὑπεστήσατο,
2693 4500 2907 4570 ἀνάγκη
2941 4497 3126 4552 δοῦναι
3153 4496 3216 4551 τὺ
3247 4497 3433 4567 ὅμοιον
3467 4489 3640 4561 αὑτῷ.

382 4603 656 4659 nneritex
722 4619 783 4661 se
835 4600 1053 4672 Filium,
1115 4616 1311 4661 etnon
1350 4606 1692 4662 extrinsecus
1744 4622 1867 4664 eum
1910 4605 2276 4671 constituerit,
2336 4596 2706 4658 necessarium
2748 4594 2908 4667 plane
2966 4603 3025 4649 ut
3080 4592 3230 4649 illum
3281 4590 3517 4647 similem
3587 4588 3643 4643 ei

380 4696 654 4753 constitua
664 4713 804 4752 mus.

1059 4815 1169 4872 ALl
1180 4816 1291 4874 U’D.

741 4902 827 4960 Ea;
854 4905 1141 4977 objectione
1170 4910 1561 4966 haereticorum.

450 5040 519 5094 At
554 5056 670 5108 nos,
700 5041 971 5113 inquiunt,
1005 5044 1168 5100 veluti
1206 5047 1431 5103 materia
1460 5049 1692 5119 quadam
1751 5063 1871 5119 quae
1922 5062 1951 5102 a

382 5148 640 5202 corporea
677 5144 867 5189 natura
929 5138 1300 5206 suppeditatur
1350 5148 1582 5204 utentes,
1628 5141 1832 5210 prolem
1884 5155 1951 5195 ex

386 5227 542 5282 nobis
596 5228 903 5298 gignimus;
950 5230 1401 5298 quemadmodum
1477 5234 1691 5300 quando
1752 5234 1953 5304 aliquid

382 5329 536 5372 extra
566 5334 662 5373 nos
696 5331 1011 5376 construere
1040 5321 1305 5388 volumus,
1342 5334 1563 5393 accepta
1622 5327 1844 5379 materia
1902 5325 1956 5379 id

385 5410 633 5465 facimus.
667 5410 808 5467 Deus
829 5425 957 5469 vero
983 5427 1105 5467 cum
1142 5414 1212 5469 sit
1237 5413 1395 5484 plane
1424 5414 1794 5484 incorporeus,
1833 5416 1954 5469 nul—

388 5501 495 5556 lam
530 5518 597 5557 ex
621 5516 682 5559 se
708 5506 951 5561 materiae
978 5505 1303 5561 affluentiam
1334 5507 1495 5561 habet
1543 5516 1597 5560 ut
1658 5508 1836 5578 gignat
1868 5505 1960 5560 Fi—

2739 4798 2947 4854 ΑΛΛΟ.

2242 4925 2323 4988 Ως
2358 4918 2427 4984 ἐξ
2465 4914 2826 4982 ἀντιθέσεως
2862 4912 2980 4968 τῶν
3017 4912 3462 4986 χριστομάχων.

2141 5059 2353 5130 Ἡμεῖς,
2383 5053 2568 5126 φασὶν,
2601 5052 2792 5125 ὥσπερ
2824 5052 2923 5124 ὕλῃ
2947 5052 3055 5106 τινὶ
3082 5053 3201 5114 ταῖς
3228 5053 3293 5105 ἐκ
3318 5051 3419 5123 τῆς
3455 5068 3649 5122 σωμα-

2055 5153 2214 5223 τικῆς
2243 5148 2458 5220 φύσεως
2485 5144 2774 5218 χορηγίαις
2808 5142 3272 5214 ἀποκεχρημένοι,
3295 5142 3557 5211 τίκτομεν
3585 5143 3649 5208 ἐξ

2057 5243 2265 5299 ἑαυτῶν
2283 5241 2350 5294 τά
2375 5240 2691 5310 γεννήματα
2705 5250 2718 5264 ·
2753 5236 2854 5290 κάν
2872 5252 2925 5288 τι
2946 5236 3056 5289 τῶν
3075 5235 3273 5300 ἔξωθεν
3302 5234 3651 5288 κατασκευά-

2059 5337 2173 5401 ζειν
2225 5331 2598 5402 ἐθελήσωμεν,
2653 5328 2787 5399 ὕλην
2838 5328 3096 5391 λαϐόντες
3155 5327 3313 5380 τοῦτο
3355 5325 3645 5395 ποιοῦμεν.

2059 5427 2191 5489 Θεὸς
2234 5423 2291 5478 δὲ
2342 5420 2622 5484 παντελῶς
2654 5419 2944 5491 ἀσώματος
2971 5419 3068 5482 ὢν,
3101 5419 3236 5491 ὓλης
3267 5418 3367 5488 μέν
3398 5435 3546 5482 τινος
3586 5416 3650 5482 ἐξ

2060 5515 2256 5573 ἑαυτοῦ
2306 5514 2571 5587 χορηγίαν
2620 5513 2720 5566 οὑκ
2770 5511 2905 5583 ἔχει,
2937 5510 3027 5566 ἵνα
3067 5510 3200 5581 τέκῃ
3243 5511 3334 5563 τὸν
3369 5497 3517 5570 Ῠίὸν,
3552 5508 3649 5578 δη-

386 5592 517 5648 lium
555 5610 570 5646 :
620 5594 716 5650 sed
748 5610 815 5652 ex
851 5597 1022 5653 nihilo
1048 5607 1218 5653 creat.
1248 5597 1511 5654 Omnibus
1540 5600 1722 5669 itaque
1749 5599 1816 5654 iis
1842 5615 1944 5665 qua

2072 5609 2323 5680 μιουργεί
2362 5605 2418 5657 δέ
2467 5602 2527 5668 ἐξ
2572 5604 2673 5656 οὑκ
2704 5602 2893 5655 ὄντων.
2920 5599 3129 5654 Οὑκοῦν
3170 5598 3351 5652 πάντα
3397 5596 3467 5650 τὰ
3511 5597 3617 5651 καθ

395 5694 596 5740 nostra!
621 5690 1029 5746 consuetudinis
1081 5701 1203 5747 sunt
1238 5690 1472 5761 rejectis,
1503 5708 1606 5746 non
1641 5706 1704 5748 ex
1752 5707 1807 5748 se
1836 5708 1959 5762 pru-

462 5806 521 5836 ⁸⁷¹
554 5805 740 5863 Matth.
775 5804 847 5877 xi,
872 5804 960 5863 ‘27.

2072 5701 2216 5773 ἡμᾶς
2244 5694 2696 5770 παραιτούμενος,
2736 5690 2859 5749 οὔτε
2897 5692 2956 5760 ἐξ
3002 5690 3195 5747 ἑαυτοῦ
3226 5689 3520 5763 προϐάλλει
3555 5689 3647 5743 τὸν
