3882 6210
178 277 290 334 εει
1605 286 1711 341 'l'lll

1913 285 2041 347 ιυελ
3338 291 3446 346 222

180 397 345 467 Υίδν,
378 401 502 457 οὔτε
528 402 588 470 ἐξ
615 403 745 476 ὕλης
772 407 1244 476 προῦποκειμὲνης
1276 405 1565 479 ἐργάζεται
1592 423 1645 458 τι
1665 407 1713 459 τί

1925 407 2021 461 icit
2053 404 2278 473 Filium;
2317 421 2492 477 neque
2547 406 2846 477 quidquam
2898 421 3087 463 eorum
3140 423 3257 477 qua
3291 420 3458 475 suut,‘

176 491 362 546 ὄντων
382 509 398 522 ⁸
434 493 546 548 ἀλλ’
569 494 766 561 ἔξωθεν
791 498 857 549 τὰ
886 496 1063 551 πάντα
1089 498 1224 568 πρὸς
1246 498 1305 552 τὸ
1332 494 1470 552 εἶναι
1492 498 1648 551 καλεῖ
1668 500 1709 550 σέ

1900 510 1928 547 ιι
1963 495 2308 563 prmsuhjecta
2329 496 2549 551 materia
2586 505 2871 564 operatur;
2930 498 3024 550 sed
3087 498 3428 554 extrinsecus

179 583 320 656 Υἱῷ.
355 586 428 639 Εἰ
459 587 513 641 δὲ
540 588 718 655 τοῦτο,
748 591 840 644 καὶ
869 591 1117 663 ἀνόμοιος
1143 592 1270 663 ἄρα.

1902 588 2041 640 mnia
2075 588 2142 641 ad
2169 602 2287 641 esse
2315 596 2490 651 vocat,
2526 602 2739 656 uitaque
2764 596 2820 641 et
2842 585 3060 640 Filium.
3094 587 3246 655 Quod
3286 590 3331 644 si
3365 593 3434 643 ita

1869 686 1978 743 est,
2010 676 2288 732 dissimilis
2318 678 2483 745 igitur
2511 686 2614 732 est.

672 783 828 851 Πρὸς
864 786 1040 840 τοῦτο
1074 787 1274 854 λύσις.

2352 790 2554 845 Salutio
2608 788 2933 859 objectionis.

245 892 365 945 Καὶ
395 892 514 957 πῶς
537 896 692 965 ἡμῖν,
718 890 763 949 ὧ
790 900 1044 966 γενναῖοι,
1076 900 1372 971 μονογενὴς
1399 904 1427 955 6
1445 902 1573 966 Υἱὸς
1602 903 1760 975 εὑρε-

1928 903 1997 955 At
2027 916 2258 970 quonam
2293 910 2473 970 pacto,
2506 901 2629 955 boni
2654 901 2775 963 viri,
2814 900 3127 970 nnigenitus
3183 900 3289 954 erit
3342 898 3436 953 It'i-

172 980 436 1051 θήσεται,
476 986 525 1037 εί
552 986 645 1039 καὶ
669 987 827 1051 αὐτὸς
853 988 1049 1053 ἔξωθεν
1079 988 1269 1061 ὥσπερ
1296 992 1365 1045 τὰ
1395 993 1569 1046 πάντα
1600 996 1705 1047 ἐστι

1903 1010 1981 1057 us,
2015 994 2058 1048 si
2083 993 2246 1046 etiam
2276 996 2389 1061 ipse
2416 994 2776 1059 extrinsecus,
2807 1004 2865 1046 nt
2891 994 3095 1063 reliqua
3122 994 3325 1057 omnia,
3355 990 3436 1046 fa-

168 1072 302 1137 Πῶς
334 1074 398 1128 δὲ
435 1076 573 1141 ὅλως
613 1078 734 1140 Υίὺς
770 1080 799 1132 6
831 1081 904 1150 μὴ
935 1082 999 1133 ἐκ
1030 1082 1128 1151 τῆς
1158 1084 1345 1146 οὐσίας
1376 1083 1636 1155 ὑπάρχων
1665 1104 1701 1139 τ‹

1900 1096 1977 1138 lus
2003 1084 2121 1137 est?
2142 1084 2247 1136 Aut
2277 1098 2384 1152 quo
2418 1094 2575 1153 pacto
2604 1082 2656 1135 in
2690 1084 3000 1137 universum
3053 1081 3221 1136 Filius
3253 1092 3357 1148 est,
3385 1081 3433 1135 si

166 1170 603 1238 γεγεννηκότος;
635 1172 697 1225 Εἰ
727 1172 826 1243 μὲν
871 1169 964 1227 οὖν
1004 1174 1279 1245 ἐνδέχεται
1324 1176 1417 1229 καὶ
1459 1175 1527 1230 τὰ
1565 1176 1622 1244 ὲξ
1656 1180 1699 1230 οι

1899 1191 1921 1230 ι
1948 1177 2061 1244 ipsa
2096 1176 2354 1246 genitoris
2381 1173 2682 1229 substantia
2718 1188 2821 1227 non
2850 1173 3100 1227 exsiStit?
3158 1171 3213 1227 Si
3290 1170 3432 1227 enim

165 1259 343 1313 ὅντων
370 1261 493 1331 ήτοι
522 1262 718 1328 ἔξωθεν
746 1265 1006 1332 γεγονότα
1030 1267 1306 1321 καλεῖσθαι
1333 1267 1431 1322 καὶ
1451 1263 1590 1321 εἶναι
1614 1286 1698 1323 κα·

1899 1283 1915 1319 ι
1948 1282 2066 1336 qua:
2095 1283 2158 1321 ex
2196 1265 2385 1331 nihilo,
2430 1266 2546 1319 sive
2580 1265 2919 1320 extrinsecus
2949 1274 3130 1319 creata
3159 1274 3307 1329 sunt,
3372 1266 3432 1317 li-

167 1349 338 1419 φύσιν
375 1355 546 1417 υἱοὺς,
577 1355 751 1421 οὐδὲν,
782 1357 857 1420 ὡς
887 1358 1051 1423 ἔοικε,
1084 1358 1316 1413 κωλύσει
1351 1361 1528 1414 πάντα
1560 1361 1627 1415 τὰ
1656 1380 1698 1415 π

1898 1356 1907 1410 i
1934 1356 2094 1410 etiam
2121 1356 2299 1409 voeari
2334 1364 2520 1409 etesse
2541 1363 2785 1423 possunt,
2822 1352 2955 1407 nihil
2978 1362 3149 1417 certe,
3179 1361 3238 1407 ut
3262 1367 3431 1421 appa-

165 1442 452 1513 ποιημένα
491 1444 769 1500 καλεῖσθαι
795 1450 1131 1520 γεννήματα.
1167 1449 1274 1502 Καὶ
1303 1449 1489 1503 οὐκέτι
1538 1469 1698 1521 μονογ

1896 1454 1953 1505 et,
1982 1444 2251 1498 obstiterit
2290 1443 2579 1510 quominus
2607 1441 2787 1495 omnia
2820 1452 3003 1497 creata
3026 1441 3116 1495 lilii
3145 1453 3429 1497 vocentur.

165 1532 264 1602 νὴς
292 1536 321 1587 6
350 1534 505 1599 Υἱὸς.
531 1538 758 1602 πολλοὺς
783 1538 923 1610 ἔχων
948 1543 1075 1604 τοὺς
1107 1541 1371 1611 ἀδελφοὺς
1404 1543 1546 1597 κατὰ
1568 1543 1695 1612 φύσι

1900 1550 1959 1589 ec
1986 1535 2097 1604 jam
2119 1534 2346 1601 amplius
2371 1533 2474 1587 dici
2506 1534 2707 1602 poterit
2743 1533 3051 1603 unigenitus
3079 1532 3268 1599 Filius,
3296 1534 3433 1589 mul-

166 1623 231 1678 El
265 1627 326 1680 δὲ
353 1628 459 1682 οὐκ
485 1629 781 1700 ἐνδέχεται,
815 1632 974 1703 μόνος
1002 1632 1059 1686 δέ
1098 1637 1213 1687 ἐστι
1248 1635 1559 1707 μονογενὴς,
1593 1636 1699 1707 ὲξηῖ

1895 1639 1936 1678 ιε
1966 1624 2263 1678 secundum
2298 1632 2543 1676 naturam
2579 1623 2791 1676 habens
2827 1621 3043 1677 fratres.
3075 1625 3140 1677 At
3168 1623 3212 1676 si
3234 1623 3286 1676 id
3313 1623 3428 1677 ﬁeri

165 1718 451 1790 λαγμένην
482 1721 589 1791 ἄρα
620 1722 799 1793 πάντη
844 1722 946 1793 τὴν
990 1723 1224 1796 ὕπαρξιν
1266 1725 1401 1796 ἔχει,
1432 1726 1528 1796 οὐχ
1560 1725 1698 1780 ὥσπε

1895 1731 1955 1768 ou
2006 1722 2207 1784 potest,
2248 1714 2342 1767 sed
2386 1712 2533 1767 solus
2576 1722 2659 1766 est
2719 1713 3053 1783 unigenitus,
3103 1714 3428 1783 peculiarem

163 1810 349 1862 ἐκεῖνα
398 1812 539 1881 πρὸς
579 1814 638 1867 τὸ
675 1810 814 1869 εἶναι
858 1815 1213 1886 κεκλημένος.
1261 1816 1376 1869 ἀλλ’
1401 1816 1477 1881 ὡς
1503 1817 1630 1882 Υίδς
1683 1819 1696 1869 ἑ

1893 1803 2015 1872 gitur
2057 1803 2276 1856 omnino
2335 1803 2713 1856 exsistentiam
2764 1805 2956 1867 habet;
3006 1820 3111 1857 non
3167 1805 3426 1872 quemad-

164 1902 384 1974 Πατρδς
416 1905 695 1976 προελθὼν
730 1908 997 1977 φυσικῶς,
1025 1909 1118 1962 καὶ
1140 1908 1229 1963 διὰ
1254 1910 1415 1963 τοῦτο
1444 1909 1651 1981 ὅμοιος.

1893 1892 2067 1945 iodum
2120 1892 2221 1946 alia
2283 1892 2347 1944 ad
2386 1906 2508 1946 esse
2553 1903 2799 1958 vocatus,
2864 1894 2959 1948 sed
3012 1903 3072 1948 ut
3116 1894 3291 1949 Filius
3333 1910 3426 1948 na-

1850 1982 2095 2039 turaliter
2146 1997 2211 2037 ex
2262 1982 2422 2037 Patre
2451 1986 2769 2053 procedens,
2797 1993 2960 2054 atque
2995 1984 3204 2040 idcirco
3268 1983 3437 2041 simi-t

1846 2073 1937 2127 lis.

852 2167 1057 2221 ΔΛΛΟ.
2485 2161 2717 2217 ηιλιυι).

112 2330 125 2345 ί
227 2274 291 2327 El
322 2276 513 2331 πάντα
544 2277 603 2346 ἐξ
632 2277 731 2331 οὐκ
763 2277 932 2333 ὄντων
975 2279 1113 2346 ἐστὶ,
1153 2281 1245 2334 καὶ
1289 2280 1426 2349 μετὰ
1461 2282 1645 2349 πάντω

1915 2270 1970 2325 Si
2003 2270 2181 2325 omnia
2204 2286 2268 2325 ex
2304 2270 2471 2326 nihilo
2522 2271 2780 2341 producta
2826 2279 2974 2333 sunt,
3030 2286 3245 2341 unaque
3297 2287 3419 2326 cum

166 2366 307 2430 Υἱὸς,
339 2367 432 2420 διὰ
460 2368 617 2421 ποίαν
647 2370 827 2425 αἰτίαν
847 2374 875 2425 6
907 2371 1004 2443 μὲν
1028 2372 1186 2441 φύσει
1210 2372 1433 2445 Κύριος,
1465 2374 1533 2428 τὰ
1561 2374 1616 2427 δὲ
1641 2376 1699 2442 ιρί

1886 2363 2090 2423 mnibus
2106 2365 2268 2417 etiam
2299 2360 2493 2425 Filius,
2525 2377 2692 2429 quam
2716 2362 2785 2415 ob
2816 2377 3036 2416 causam
3087 2364 3175 2415 hic
3205 2365 3419 2432 quidem

161 2476 240 2512 σει
265 2459 465 2528 δοῦλα;
494 2462 565 2514 Ἢ
587 2461 696 2533 γὰρ
718 2463 789 2517 τὰ
811 2464 986 2518 πάντα
1013 2465 1291 2535 κυριότητι
1318 2467 1383 2536 τῇ
1413 2466 1552 2520 κατὰ
1576 2468 1694 2535 φύσι

1888 2466 1921 2508 ιι
1952 2466 2143 2509 natura
2183 2455 2463 2520 Dominus,
2526 2455 2614 2507 illa
2671 2468 2799 2509 vero
2831 2462 3019 2506 natura
3075 2454 3272 2507 serva?
3313 2455 3421 2510 Aut

168 2550 421 2621 τιμᾶσθαι
457 2552 666 2606 δίκαιον
696 2552 795 2624 τὴν
832 2554 1001 2624 αὐτὴν
1033 2554 1224 2625 ἔχοντα
1251 2557 1464 2625 γένεσιν
1500 2556 1579 2627 τῷ
1599 2555 1701 2626 Tit;

1883 2547 1981 2600 uim
2003 2547 2388 2601 dominationis
2422 2547 2633 2601 titulum
2663 2546 2964 2600 naturalem
2994 2546 3216 2617 reliquis
3241 2546 3416 2600 etiam

162 2641 189 2711 ἦ
223 2644 317 2696 καὶ
338 2644 506 2696 αὐτὸν
538 2645 673 2714 μετὰ
704 2645 921 2699 πάντων
956 2645 1031 2710 ὡς
1057 2646 1242 2700 δοῦλον
1271 2643 1409 2701 εἶναι
1436 2666 1495 2702 τε
1523 2650 1619 2703 καὶ
1649 2650 1695 2703 λε

1892 2634 2035 2690 :l'erri
2072 2650 2169 2704 par
2184 2644 2289 2700 est,
2315 2643 2499 2705 utpote
2525 2652 2645 2704 qua:
2677 2636 2927 2692 eumdem
2961 2650 3085 2689 cum
3150 2634 3289 2690 Filio
3328 2651 3425 2689 οι·-

167 2735 365 2803 γεσθαι.
400 2736 520 2790 Νῦν
549 2738 605 2791 δὲ
638 2738 738 2808 οὐχ
783 2739 999 2810 ὁρῶμεν
1034 2739 1190 2793 τοῦτο
1220 2740 1594 2812 κηρύττουσαν
1635 2744 1700 2814 τὴ

1883 2743 1946 2780 un
1978 2727 2249 2792 habeant;
2279 2737 2371 2780 aut
2410 2728 2582 2796 ipsum
2613 2744 2717 2781 una
2752 2742 2874 2781 cum
2939 2725 3161 2795 reliquis
3199 2741 3416 2781 servum

162 2825 303 2880 θείαν
335 2829 588 2899 Γραφήν.
608 2829 767 2883 Ἀλλὰ
791 2831 990 2903 Κύριον
1019 2832 1118 2902 μὲν
1147 2832 1288 2886 κατὰ
1316 2832 1477 2901 φύσιν
1508 2830 1613 2887 οἶδε
1641 2834 1695 2887 τὸ

1882 2835 1957 2874 sse
1989 2831 2044 2873 et
2073 2820 2197 2873 diei.
2223 2821 2293 2873 At
2320 2835 2448 2874 vero
2473 2820 2717 2888 nuspialn
2754 2819 2805 2872 id
2833 2834 3042 2873 sacram
3079 2819 3415 2886 Scripturam

167 2919 303 2985 Υίὸν,
336 2921 505 2974 δοῦλα
536 2922 592 2974 δὲ
619 2922 686 2976 τά
715 2924 1016 2993 ποιήματα,
1046 2923 1301 2993 λέγουσα.
1329 2927 1410 2979 ὅτι
1439 2944 1458 2976 ι
1485 2926 1566 2979 Τὰ
1595 2926 1700 2996 σύμ

1881 2925 1899 2963 ε
1920 2924 1983 2964 eo
2006 2910 2295 2978 praedicare
2312 2911 2727 2979 comperiemns.
2756 2908 2863 2962 Sed
2891 2909 3172 2963 Dominum
3198 2909 3414 2977 quidem

162 3030 330 3067 πάντα
350 3014 520 3068 δοῦλα
554 3015 640 3069 σά.
668 3032 685 3065 ι
712 3016 817 3067 Καὶ
843 3015 1024 3077 πάλιν,
1049 3015 1185 3086 μετὰ
1214 3017 1426 3089 Πατρὸς
1454 3018 1695 3088 ὁμνούμε

1878 3003 2127 3055 :cundum
2179 3010 2427 3054 naturam
2462 3001 2706 3070 agnoscit
2748 2999 2964 3064 Filium,
2995 3011 3274 3054 creaturas
3310 3016 3411 3050 au—

165 3120 244 3157 νον
275 3106 369 3159 καὶ
400 3104 839 3176 σπουδαζόμενον
883 3074 1030 3178 αὐτῷ
1049 3074 1152 3161 ’τὸν
1180 3108 1309 3162 Υἱὺν
1334 3074 1597 3181 εἰσφέξει,

1882 3110 1940 3145 an
1966 3106 2172 3156 servas,
2202 3092 2421 3146 dicens:
2458 3110 2475 3141 ι
2512 3092 2704 3144 Omnia
2756 3091 3005 3146 serviunt
3039 3090 3135 3145 tibi
3165 3089 3231 3145 ⁸³,
3272 3109 3290 3141 ι
3348 3089 3415 3144 Et

163 3192 329 3246 κτίσιν
373 3194 434 3248 δὲ
479 3193 883 3263 δοξολογοῦσαν.
926 3196 1039 3250 Οὐκ
1088 3197 1195 3268 ἄρα
1239 3201 1353 3264 τοῖς
1405 3202 1569 3254 πᾶσιν
1617 3181 1696 3254 τσο

1861 3200 2022 3239 ursus
2049 3181 2241 3237 Filium
2270 3199 2372 3237 uua
2401 3199 2523 3238 cum
2576 3183 2737 3238 Patre
2767 3183 3097 3237 celebratum
3146 3192 3201 3238 et
3258 3197 3394 3237 con-

164 3283 319 3347 ὶστὶν,
348 3284 475 3339 οὐδὲ
523 3284 742 3352 ἔξωθεν,
772 3285 960 3358 ὥσπερ
1004 3289 1207 3352 ἐκεῖνα,
1239 3290 1355 3343 ἀλλ’
1377 3292 1406 3343 6
1456 3292 1556 3363 μὲν
1602 3291 1697 3345 Υἱὸ

1877 3278 2188 3332 lorilicatum
2210 3276 2433 3339 inducit,
2451 3286 2730 3331 creaturas
2743 3290 2871 3329 vero
2901 3274 3084 3330 laudes
3103 3290 3167 3329 ac
3183 3273 3410 3345 gloriam

164 3376 296 3429 mra
344 3377 528 3446 φύσιν,
570 3377 642 3432 τὰ
681 3379 739 3433 δὲ
780 3379 943 3434 δοῦλα
993 3381 1089 3434 καὶ
1134 3385 1429 3454 ποιήματα.
1471 3384 1627 3439 Οὕτω
1670 3388 1697 3438 δ

1880 3370 1952 3424 ilii
1987 3369 2344 3426 celebrantes.
2406 3366 2523 3422 Non
2542 3368 2705 3437 igitur
2731 3366 2887 3437 133
2927 3366 3179 3421 onmibus
3216 3364 3410 3420 similis

166 3463 343 3532 ἔχοντα
371 3467 468 3522 τόν
498 3468 644 3537 Υἰὸν,
669 3468 725 3523 τί
754 3470 815 3525 τὸ
843 3470 1051 3526 κωλύον
1082 3472 1267 3544 ὅμοιον
1307 3472 1447 3531 εἶναι
1494 3476 1573 3546 τῷ
1617 3479 1699 3531 Πα

1874 3473 1941 3530 st,
1968 3476 2143 3530 neque
2161 3460 2498 3515 extrinsecus
2522 3469 2580 3512 ut
2614 3458 2716 3512 illae
2750 3458 2957 3513 factus:
2991 3456 3086 3512 sed
3142 3458 3258 3526 ipse
3285 3456 3407 3525 qui-

171 3558 247 3627 ιρί
264 3576 278 3588 ·
1831 3552 1953 3607 dem
1982 3550 2148 3606 Filius
2171 3551 2463 3605 secundum
2487 3558 2759 3614 naturam,
2796 3548 2877 3601 ha:
2907 3562 3035 3602 vero
3055 3561 3247 3603 servae.
3268 3546 3404 3602 Cum

1831 3653 2012 3698 autem
2042 3644 2115 3698 ita
2155 3656 2276 3698 sese
2309 3640 2503 3696 habeat
2528 3637 2716 3705 Filius,
2745 3639 2874 3710 quid
2918 3636 3205 3708 prohibeat
3259 3638 3408 3692 illum

1831 3738 1977 3794 Patri
2004 3738 2231 3794 similem
2258 3751 2379 3793 esse
2398 3736 2422 3792 τ

834 3848 1036 3902 AAAO.
2517 3848 2751 3907 ALIUD.

239 3955 566 4027 Ἀγνοοῦσιν,
593 3958 668 4023 ὡς
696 3956 891 4024 ἔοικεν,
927 3962 975 4014 οί
999 3961 1280 4033 λογισμοῖς
1304 3962 1585 4029 άσυνέτοις
1622 3964 1723 4018 ἐπ-

1897 3966 2257 4037 lgnorant,ut
2305 3970 2550 4035 apparet,
2579 3960 2667 4016 isti
2724 3958 2925 4029 ineptis
2974 3957 3406 4014 ratiocinationi-

166 4049 502 4120 ερειδόμενοι,
523 4049 615 4102 καὶ
638 4048 791 4120 ψόφῳ
808 4050 1070 4105 διακένων
1088 4055 1153 4123 ρη
1163 4054 1395 4126 μάτωνῆ
1419 4058 1539 4120 ταῖς
1562 4058 1699 4128 ἁκρι·

1870 4077 1929 4114 us
1954 4059 2266 4124 innitentes,
2299 4067 2354 4112 ει
2408 4055 2551 4110 inani
2603 4055 2886 4107 verborum
2943 4056 3170 4121 strepitu
3222 4050 3403 4119 potius

166 4137 325 4205 δείαις
342 4142 454 4196 τῶν
476 4142 843 4214 θεωρημάτων
864 4145 1349 4215 ὲπικομπάζοντες,
1368 4146 1449 4200 ὅτι
1472 4147 1533 4201 τὸ
1555 4148 1699 4202 ὅντωι

1867 4168 1987 4208 nam
2023 4151 2164 4207 veris
2198 4147 2653 4219 speculationibus
2682 4160 2803 4201 sese
2824 4145 3163 4215 iactitantes,
3185 4144 3234 4196 Id
3256 4146 3399 4210 quod

166 4228 219 4281 ὃν
242 4234 328 4286 καὶ
355 4234 480 4287 κατ’
510 4233 696 4288 οὐσίαν
726 4236 929 4289 τίκτειν
954 4235 1269 4307 δυνάμενον,
1291 4237 1352 4289 τὸ
1384 4238 1526 4291 Θεῖόν
1551 4240 1696 4292 ἐστιν

1868 4259 1951 4299 ere
1983 4243 2200 4298 exsiStit
2228 4249 2284 4296 et
2307 4256 2371 4294 ex
2393 4240 2606 4310 propria
2642 4254 2737 4294 sua
2765 4237 3003 4293 essentia
3034 4235 3401 4306 gignit,l)eum

167 4322 293 4377 Αὐτὸ
322 4326 435 4398 γὰρ
465 4325 529 4397 δὴ
566 4328 695 4398 περὶ
724 4327 917 4381 ἑαυτοῦ
956 4344 1120 4398 φησιν
1145 4346 1158 4360 ·
1203 4326 1343 4397 Ἐγώ
1386 4331 1501 4400 εἰμι
1546 4331 1575 4383 6
1622 4329 1698 4383 ὣν

1992 4322 2270 4389 Ηοεέιιίιιι
2325 4335 2391 4387 de
2447 4332 2626 4401 seipso
2690 4330 2915 4400 inquit:
2964 4327 3075 4395 Ego
3131 4341 3247 4381 sum
3307 4340 3404 4380 ει·
3516 4376 3522 4379 ε

167 4414 233 4479 ὡς
260 4419 362 4472 τῶν
393 4419 571 4474 ἄλλων
599 4419 876 4484 ἁπάντων,
906 4422 1005 4474 οὐκ
1031 4421 1200 4475 ὄντων
1246 4421 1344 4492 μὲν
1383 4422 1515 4493 πρὶν
1565 4423 1700 4491 γενέ-

1877 4436 2045 4490 steus,
2087 4441 2209 4481 cum
2250 4424 2452 4493 reliqua
2494 4422 2674 4478 omnia
2737 4437 2840 4474 non
2882 4419 3171 4486 essistant,
3224 4418 3410 4487 prius-

169 4505 301 4571 σθαι,
336 4510 587 4580 βουλήσει
614 4511 671 4564 δὲ
701 4511 822 4582 θείᾳ.
840 4511 976 4583 πρὸς
1001 4512 1062 4565 τὸ
1085 4508 1224 4565 εἶναι
1255 4512 1698 4583 παρενεχθέντων

1865 4535 1986 4575 nam
2024 4519 2187 4572 ﬁant:
2222 4517 2496 4570 voluntate
2549 4530 2678 4569 vero
2716 4513 2897 4568 divina
2944 4514 3138 4568 educta
3195 4512 3306 4566 sint
3344 4512 3397 4565 in

171 4598 359 4655 Οὐκοῦν
385 4603 448 4656 τὸ
472 4604 637 4667 ὅντως
653 4603 732 4667 6v,
751 4596 793 4670 ᾧ
810 4604 904 4657 καὶ
928 4599 1154 4656 τὸεῖναι
1172 4602 1507 4673 κυριώτατον
1528 4605 1699 4676 ὄνομα

1866 4610 2195 4676 rtum.Quud
2227 4609 2388 4678 igitur
2421 4622 2546 4662 vere
2590 4616 2674 4662 est
2736 4606 2843 4676 (cui
2887 4612 2942 4658 et
2992 4604 3225 4658 maxime
3270 4618 3399 4671 pro-

169 4691 287 4745 αὐτὸ
305 4693 364 4766 δή
388 4696 484 4749 καὶ
516 4695 675 4766 μόνον
701 4698 817 4749 κατ’
846 4695 1034 4748 οὐσίαν
1061 4696 1333 4767 γεννήσει.
1355 4695 1437 4749 Τὰ
1456 4696 1565 4767 γὰρ
1587 4696 1702 4750 ἄλλα

1865 4704 1999 4757 rium
2031 4711 2115 4756 est
2143 4716 2334 4754 nomen
2354 4698 2507 4764 esse),
2526 4699 2629 4753 hoc
2655 4707 2710 4753 et
2737 4698 2953 4766 quidem
3005 4695 3175 4751 solum
3202 4710 3398 4749 secun-

171 4786 449 4856 ποιήματα,
482 4787 755 4857 ἄνθρωποι
799 4788 981 4858 τυχὸν,
1036 4786 1283 4859 βουλήσει
1340 4787 1539 4859 μᾶλλον
1586 4788 1704 4842 Θεοί

1863 4813 1949 4851 mn
1982 4795 2273 4851 essentiam
2300 4793 2487 4862 gignit.
2526 4791 2764 4859 Reliqua:
2788 4803 2977 4845 omnes
2999 4798 3287 4847 creaturae,
3317 4794 3396 4849 ut,

171 4875 293 4943 πρὸς
335 4880 392 4933 τὸ
440 4879 700 4935 δύνασθαι
742 4881 946 4934 τίκτειν
994 4880 1382 4953 ὲκλήθησαν,ἦ
1431 4881 1552 4935 κατ’
1587 4881 1704 4935 ἰδίαι

1858 4886 1971 4941 crbi
2004 4885 2197 4951 gratia,
2235 4884 2502 4943 homines,
2539 4881 2720 4950 potius
2746 4879 3020 4933 voluntate
3047 4877 3139 4932 Dei
3163 4877 3390 4946 gignen-

172 4964 342 5023 οὐσίαν
360 4970 518 5026 τοῦτο
540 4971 772 5025 ποιοῦσι.
806 4972 960 5035 Θεῖος
987 4973 1093 5041 γάρ
1127 4990 1211 5035 τις
1239 4972 1539 5041 ἀναγκάζει
1561 4973 1705 5044 νόμος

1863 4979 1876 5031 i
1911 4976 2170 5031 facultate
2207 4975 2418 5029 donatae
2447 4983 2593 5035 sunt,
2626 4979 2717 5025 aut
2766 4969 3061 5025 secundum
3119 4967 3392 5037 propriam

172 5054 357 5111 τίκτειν
382 5062 553 5115 καὶτὸ
576 5062 651 5132 μή
672 5061 878 5115 τίκτειν
899 5062 1160 5132 πεφυκός.
1180 5062 1397 5134 Ἐπειδὴ
1422 5064 1530 5134 γὰρ
1549 5062 1705 5126 οὕτως

1860 5070 2114 5124 ssentiam
2168 5069 2268 5122 hoc
2301 5066 2539 5120 faciunt:
2592 5063 2769 5119 divina
2820 5062 2962 5116 enim
3017 5063 3259 5130 quautam
3312 5058 3392 5112 les

171 5144 414 5219 ἠθέλησεν
457 5150 487 5204 6
516 5153 879 5223 Δημιουργὸς,
908 5152 1051 5207 οὕτω
1095 5155 1187 5207 καὶ
1233 5154 1474 5223 γέγονεν.
1507 5156 1570 5208 El
1612 5154 1704 5226 γὰρ

1860 5161 1971 5231 egit
2019 5160 2237 5231 gignere
2287 5159 2448 5213 etiam
2505 5158 2556 5211 id
2613 5155 2754 5226 quod
2807 5155 3030 5223 gignere
3078 5168 3182 5205 non
3234 5151 3392 5205 solet.

176 5238 283 5289 κατ’
312 5241 496 5297 οὐσίαν
528 5244 668 5307 ἰδίως
713 5262 773 5298 τε
818 5244 912 5299 καὶ
962 5247 1165 5317 κυρίως
1198 5247 1309 5317 ἔχει
1338 5247 1399 5301 τὸ
1425 5247 1628 5301 τίκτειν
1656 5247 1709 5301 τέ

1859 5250 2269 5320 Quandoquidem
2295 5249 2437 5303 enim
2473 5246 2612 5302 Deus
2646 5247 2716 5299 ita
2750 5246 2940 5310 voluit,
2968 5244 3042 5297 ita
3073 5252 3127 5297 et
3191 5242 3392 5295 factum

175 5328 451 5398 ποιήματα,
486 5334 624 5388 διατί
665 5335 740 5407 μὴ
777 5336 957 5391 πάντα
979 5338 1202 5392 δύναται
1231 5340 1465 5406 τίκτειν;
1508 5341 1708 5395 Ἐπειδὶ

1865 5353 1928 5397 st.
1963 5341 2096 5396 Nam
2122 5342 2166 5395 si
2195 5356 2256 5395 ex
2287 5356 2383 5394 sua
2408 5337 2706 5393 substantia
2763 5338 2977 5405 proprie
3011 5350 3073 5388 ac
3110 5333 3398 5404 peculiari-

175 5413 225 5468 δὲ
259 5421 421 5479 τίκτει
461 5427 602 5491 τινὰ,
631 5428 874 5501 δηλονότι
899 5430 967 5484 τὰ
993 5432 1415 5503 κεκελευσμένοι,
1456 5434 1708 5505 πρόδηλοι

1863 5452 1906 5490 :r
1928 5444 2187 5489 creatura:
2213 5432 2459 5504 gignendi
2510 5430 2812 5485 lacultalem
2844 5429 3131 5491 haberent,
3164 5441 3261 5479 cur
3291 5440 3396 5478 non

176 5506 411 5581 δήπουθεν
439 5520 511 5583 ὡς
542 5522 603 5574 οὐ
637 5522 778 5577 κατὰ
806 5524 965 5593 φύσιν
990 5524 1241 5580 τοσοῦτον
1270 5529 1380 5592 τοῖς
1424 5528 1709 5599 ποιήμασιι

1861 5542 2011 5583 mnes
2032 5537 2254 5598 possunt
2312 5524 2571 5595 gignere?
2622 5522 2756 5579 Cum
2817 5536 2946 5576 vero
2988 5517 3254 5573 nonnullae
3310 5515 3393 5584 gi-

245 5692 286 5724 “
312 5694 441 5756 Psal.
466 5715 653 5768 cxvm,
686 5702 774 5760 9i.
