3882 6210
397 333 514 389 225

1423 330 1481 388 S.
1523 330 1801 387 CYRILLI
1839 326 2314 388 ΑιΕκΑΝυιιιΝι
2351 322 2671 382 ARCHIEP.

3557 322 3668 378 εει

408 460 603 523 gnant,
639 451 895 506 nimirum
921 452 1024 508 illa:
1059 454 1259 525 quibus
1285 453 1337 509 id
1371 453 1695 524 imperatum
1723 465 1847 519 est;
1877 469 1979 507 ma-

2095 449 2426 521 ἐνυπάρχειν
2468 446 2530 500 τὸ
2570 444 2789 514 γεννᾷν,
2821 443 2945 497 ὅσον
2978 443 3043 497 ὲκ
3083 440 3179 495 τοῦ
3210 440 3520 505 κελεύοντος
3570 442 3669 494 καὶ

408 544 667 599 nilestum
689 553 772 599 est
801 545 1049 614 gignendi
1071 544 1380 601 facultatem
1406 561 1512 601 non
1548 556 1657 600 tam
1686 545 1981 601 secundum

408 626 661 689 naturam
695 637 962 691 creaturis
996 636 1193 700 inesse,
1220 652 1380 707 quam
1408 637 1630 706 jubente
1667 646 1723 692 et
1755 646 1983 707 cogente

405 723 521 791 lege
540 740 702 793 quam
737 726 1027 796 unicuique
1046 738 1416 783 creaturarum
1448 729 1703 798 imposuit
1728 730 1978 785 Creator.

405 815 671 881 Quucirca
700 816 753 870 id
769 818 909 885 quod
941 818 1158 889 proprie
1181 834 1247 874 ex
1282 833 1341 874 se
1367 818 1704 890 gignit,Deus
1730 829 1813 876 est
1842 838 1856 874 :
1882 834 1981 875 nos

404 920 537 963 vero
559 907 626 961 ad
645 908 786 964 illius
809 910 1187 966 imitationem.
1216 911 1498 977 Quomodo
1521 923 1698 967 autem
1734 927 1839 967 non
1885 913 1981 967 ab-

405 999 629 1053 surdum
667 999 828 1054 fuerit
857 1000 1129 1056 hominem
1178 1003 1472 1057 secundum
1519 1003 1877 1059 imitationem
1912 1017 1977 1058 ex

408 1090 588 1159 seipso
623 1091 865 1163 gignere,
898 1095 1255 1165 archetypum
1283 1104 1489 1160 autem,
1531 1096 1647 1151 sive
1699 1095 1982 1165 exemplar

404 1181 473 1234 ad
505 1182 647 1250 quod
674 1182 939 1239 formatus
964 1194 1067 1249 est,
1101 1201 1207 1240 non
1227 1202 1291 1241 ex
1319 1203 1379 1240 se
1404 1188 1598 1258 potius,
1629 1188 1721 1243 sed
1772 1190 1981 1243 extrin-

400 1286 565 1327 secus
592 1272 849 1344 gignere?
875 1274 1009 1332 Cum
1060 1278 1242 1349 itaque
1271 1279 1474 1335 veritas
1516 1279 1674 1346 hujus
1720 1280 1798 1335 rei
1841 1281 1979 1336 satis

406 1363 679 1419 declarata
707 1366 797 1431 sit,
823 1368 955 1422 nihil
988 1370 1092 1424 erit
1115 1372 1256 1439 quod
1282 1371 1459 1426 obstet
1505 1373 1794 1442 quominus
1817 1371 1981 1427 Pater

403 1451 603 1508 Filium
637 1470 703 1511 ex
754 1457 936 1527 seipso
984 1459 1185 1529 gignat.
1242 1460 1393 1528 Quod
1442 1463 1486 1516 si
1553 1463 1624 1516 ita
1655 1470 1761 1530 est,
1785 1463 1980 1519 similis

402 1546 571 1599 etiam
597 1562 693 1617 per
712 1549 889 1603 omnia
922 1551 997 1605 illi
1023 1551 1147 1617 erit,
1184 1568 1310 1607 cum
1332 1553 1638 1623 proprietas
1670 1555 1788 1626 ejus
1822 1566 1982 1610 natu-

406 1637 596 1694 raliter
628 1640 681 1694 in
709 1639 903 1695 Filium
950 1653 1259 1700 concurrat.

402 1746 705 1817 ALIUD,de
719 1752 1069 1809 similitudine
1098 1753 1230 1838 Filii
1265 1772 1381 1811 cum
1416 1754 1595 1812 Patre.
1616 1757 1853 1829 Objectio
1877 1758 1975 1812 ad-

1030 1842 1404 1881 versarierum.

480 1929 536 1986 Si
595 1946 776 2000 nemo,
807 1936 1081 2007 inquiunt,
1110 1949 1193 1994 est
1220 1939 1416 2006 bonus,
1470 1940 1574 1995 nisi
1614 1941 1763 1996 solus
1800 1942 1974 2006 Deus,

399 2022 553 2093 juxta
583 2024 749 2096 ipsius
770 2027 1074 2086 Servatoris
1094 2046 1281 2086 vocem
1314 2031 1360 2063 ’δ’
1381 2073 1396 2097 ,
1423 2046 1656 2101 cumque
1682 2032 1796 2101 ipse
1822 2048 1975 2086 suam

400 2130 689 2183 personam
725 2136 754 2175 a
792 2122 1021 2177 naturali
1070 2124 1312 2180 bonitate
1361 2126 1619 2194 excipiat,
1672 2124 1858 2179 dicens
1910 2125 1978 2178 ad

399 2209 693 2267 Scribam:
735 2232 755 2265 ι
790 2215 899 2270 Cur
923 2231 1009 2271 me
1037 2217 1175 2272 dicis
1199 2217 1437 2273 bonum?
1473 2238 1493 2270 ο
1544 2234 1779 2286 quonam
1819 2219 1980 2275 modo

402 2304 597 2360 similis
630 2306 735 2362 erit
762 2306 911 2364 Patri
956 2310 1276 2366 naturaliter
1318 2312 1458 2367 bono
1516 2309 1685 2367 Filius
1729 2328 1834 2367 non
1899 2320 1980 2366 ta-

397 2393 501 2450 iis?

935 2512 1149 2570 Salutio
1185 2516 1514 2587 objectionia.

473 2597 667 2658 llostes
690 2602 893 2660 Christi
928 2606 1244 2677 inarqualem
1275 2622 1397 2662 esse
1442 2605 1589 2662 Patri
1619 2607 1814 2662 Filium
1862 2617 1977 2664 sta-

402 2700 586 2757 tuunt,
613 2708 873 2764 quantum
903 2700 1208 2768 periculiac
1243 2700 1425 2754 damni
1455 2717 1520 2756 ex
1560 2717 1748 2756 eorum
1797 2704 1979 2759 verbis

402 2794 661 2852 sequatur
706 2804 1041 2859 nequaquam
1084 2792 1543 2861 contemplantes,
1598 2804 1690 2848 aut
1736 2797 1979 2851 videntes

399 2876 641 2942 quidem,
692 2880 785 2933 sed
818 2880 869 2933 in
896 2880 1200 2951 lmjnsmodi
1260 2884 1469 2953 magnis
1517 2885 1677 2940 rebus
1728 2886 1977 2942 ludentes

401 2966 604 3033 potius,
633 2983 794 3037 quam
827 2969 1109 3024 veritatem
1137 2971 1493 3042 inquirentes.
1524 2972 1581 3027 Si
1635 2974 1778 3028 enim
1810 2973 1975 3029 dissi-

404 3056 571 3122 milis,
603 3058 754 3126 juxta
814 3060 974 3133 13‘
994 3062 1132 3127 illos,
1160 3073 1245 3118 est
1274 3062 1626 3131 FiliusPatri,
1652 3066 1834 3122 dicant
1877 3085 1977 3124 no-

2082 538 2484 608 ἀναγκάζοντος
2512 537 2701 606 νόμου,
2736 534 2794 588 ὃν
2825 534 3041 604 ἑκάστῳ
3067 532 3174 586 τῶν
3195 531 3365 585 ὖντων
3394 531 3669 602 ἐπέθηκεν

2080 635 2110 686 6
2128 629 2485 704 Δημιουργός.
2510 628 2720 682 Οὐκοῦν
2747 626 2810 680 τὸ
2835 626 3041 698 κυρίως
3067 625 3252 678 τίκτον
3280 624 3338 689 ἐξ
3363 624 3581 682 ἑαυτοῦ.
3599 626 3667 677 τὸ

2082 725 2236 778 Θείόν
2282 725 2464 777 ἐστιν’
2503 722 2663 792 ἡμεῖς
2693 720 2751 773 δὲ
2807 718 2950 772 κατά
2988 716 3221 789 μίμησιν
3274 717 3374 788 τὴν
3425 717 3661 773 ἐκείνου.

2080 811 2215 869 Εῐτα
2245 814 2363 877 πῶς
2389 812 2489 866 οὐκ
2518 813 2716 866 άτοπον
2735 809 2795 863 τὸ
2827 810 2924 879 μὲν
2952 808 3091 862 κατὰ
3121 808 3350 879 μίμησιν
3373 806 3579 859 τίκτειν
3604 804 3666 871 ὲξ

2080 905 2293 971 ἑαυτοῦ,
2324 906 2386 959 τὸ
2411 904 2470 958 δὲ
2502 903 2805 974 ἀρχέτυπον
2835 900 2973 971 πρὸς
3001 899 3029 953 ὃ
3059 901 3151 953 καὶ
3187 899 3567 971 μεμόρφωται,
3586 898 3663 969 μὴ

2080 999 2139 1066 ἐξ
2174 997 2368 1052 ἑαυτοῦ
2404 996 2628 1068 μᾶλλον,
2656 994 2773 1048 ἀλλ’
2800 993 2998 1061 ἔξωθεν
3028 992 3173 1063 ἔχειν
3200 991 3263 1045 τὸ
3292 992 3520 1062 γεννᾷν;
3551 992 3664 1043 Φα-

2079 1092 2242 1163 νερᾶς
2262 1086 2549 1160 τοιγαροῦν
2587 1086 2839 1141 ἐντεῦθεν
2859 1085 2960 1156 τῆς
2990 1084 3247 1156 ἀληθείας
3266 1083 3662 1153 γεγενημένης,

2078 1182 2230 1237 οὐδὲν
2257 1181 2347 1236 τὸν
2371 1180 2589 1251 Πατέρα
2617 1178 2854 1232 κωλύσει
2880 1178 3073 1247 γεννᾷν
3092 1176 3182 1229 τὸν
3201 1175 3329 1229 Υἱὸν
3358 1172 3416 1238 ἐξ
3441 1172 3661 1227 ἑαυτοῦ.

2078 1275 2141 1328 Ei
2172 1273 2229 1325 δὲ
2252 1273 2432 1339 τοῦτο,
2463 1272 2559 1327 καὶ
2593 1274 2776 1343 ὅμοιος
2808 1269 2959 1323 ἔσται
2988 1267 3131 1323 κατὰ
3160 1268 3336 1321 πάντα
3363 1266 3533 1337 αὐτῷ.
3556 1266 3665 1334 τῆς

2076 1364 2170 1418 τοῦ
2216 1364 2431 1436 Πατρὸς
2480 1362 2741 1436 ἰδιότητος
2784 1361 3029 1432 φυσικῶς
3073 1358 3374 1431 τρεχούσης
3422 1357 3518 1410 ἐπὶ
3565 1355 3662 1409 τὸν

2079 1456 2229 1513 Υίόν.

2077 1736 2278 1799 ΔΛΛΟ,
2316 1732 2449 1804 περί
2490 1733 2834 1803 ὁμοιότητος
2878 1727 2988 1804 τῆς
3032 1727 3325 1804 (milia?)
3360 1726 3508 1804 πρρς
3551 1726 3662 1781 τὸν

2178 1798 2426 1874 Παντέρά.
2445 1798 2761 1870 Ἀῦτίθεσις
2796 1803 2876 1869 ὡς
2906 1803 2974 1855 ἐκ
3000 1800 3117 1854 τῶν
3142 1798 3218 1852 δι’
3244 1798 3541 1862 ἐναντίας.

2150 1922 2214 1975 Εἰ
2254 1920 2446 1987 οὐδεὶς,
2477 1920 2662 1989 φασὶν.
2695 1916 2917 1987 ἀγαθὸς,
2952 1916 3001 1968 εί
3048 1913 3123 1985 μὴ
3165 1910 3244 1977 εἷς
3273 1914 3301 1967 6
3331 1911 3483 1975 Θεὸς,
3517 1911 3662 1964 κατά

2078 2014 2178 2087 τὴν
2219 2012 2385 2068 αὑτοῦ
2428 2011 2526 2065 τοῦ
2578 2010 2831 2081 Σωτῆρος
2880 2008 3085 2079 φωνὴν,
3122 2006 3367 2075 φαίνεται
3393 2004 3448 2057 δὲ
3478 2005 3573 2058 καὶ
3599 2004 3663 2056 τὺ

2078 2107 2275 2159 οἰκεῖον
2316 2104 2605 2177 πρόσωπον
2648 2101 2747 2171 τῆς
2797 2098 2937 2153 κατὰ
2984 2098 3147 2167 φύσιν
3187 2096 3522 2165 ἀγαθότητος
3551 2096 3663 2159 ἔξω

2077 2198 2268 2261 τιθεὶς,
2306 2216 2324 2247 ι
2354 2196 2420 2249 Τί
2454 2196 2561 2265 γάρ
2594 2210 2662 2264 με
2710 2192 2815 2262 φὴς
2862 2190 3098 2259 ἀγαθόν;
3130 2209 3147 2239 ι
3194 2190 3326 2258 πρὸς
3354 2187 3442 2240 τὸν
3467 2186 3665 2258 Γραμ-

2082 2288 2256 2359 ματέα
2279 2287 2445 2356 λέγει,
2471 2285 2612 2340 κατά
2642 2285 2767 2337 τίνα
2795 2282 2994 2352 τρόπον
3018 2282 3202 2350 ὅμοιος
3230 2279 3381 2332 ἔσται
3414 2279 3492 2349 τῷ
3515 2277 3665 2332 κατὰ

2078 2380 2240 2451 φύσιν
2274 2378 2466 2450 ἀγαθῷ
2492 2377 2667 2447 Πατρὶ
2698 2377 2726 2428 6
2762 2374 2837 2446 μὴ
2874 2372 3114 2436 τοιοῦτος
3144 2371 3307 2436 Υίός;

2555 2488 2714 2558 Πρὸς
2750 2487 2938 2543 ταῦτα
2973 2487 3177 2551 λύσις.

2159 2608 2441 2679 Ἀνόμοιον
2472 2601 2612 2661 εἷναί
2642 2623 2805 2676 φασιν
2837 2606 2885 2659 οξ
2922 2602 3279 2675 χριστομάχοι
3311 2601 3407 2654 τὸν
3430 2598 3559 2653 Υίὸν
3580 2597 3665 2667 τῷ

2076 2699 2273 2771 Πατρὶ,
2302 2699 2393 2752 τὸν
2436 2698 2819 2771 ἐπηρτημένον
2864 2695 2940 2767 τῷ
2967 2696 3108 2766 λόγῳ
3138 2694 3379 2747 κίνδυνον
3412 2691 3662 2763 μηδό).ως

2077 2792 2433 2863 θεωροῦντες,
2466 2790 2499 2862 ἢ
2536 2788 2867 2862 Θεωροῦντες
2900 2788 3018 2860 μὲν,
3049 2789 3108 2840 ὲν
3141 2786 3197 2839 δὲ
3239 2788 3350 2848 τοῖς
3380 2784 3522 2837 οὕτω
3554 2801 3661 2853 με-

2076 2885 2262 2953 γάλοις
2294 2885 2582 2956 πράγμασι
2619 2882 2906 2946 παίζοντες
2940 2880 3141 2951 μᾶλλον
3186 2879 3220 2948 ἢ
3262 2878 3361 2947 τῆς
3399 2876 3663 2947 ἀληθείας

2075 2978 2228 3041 ὄντες
2273 2976 2574 3041 ἐξετασταί.
2623 2975 2687 3028 Ei.
2741 2975 2850 3046 γάρ
2895 2973 3184 3043 ἀνόμοιος,
3230 2970 3350 3023 κατ’
3380 2968 3663 3032 ἐκείνους,

2076 3071 2223 3123 ἐστὶν
2251 3070 2279 3123 6
2324 3068 2451 3133 Υἱὸς
2496 3068 2576 3139 τῷ
2621 3068 2817 3138 Πατρὶ,
2846 3065 3152 3133 λεγέτωσαν
3192 3064 3320 3134 ημῖν
3361 3061 3484 3115 τίνα
3524 3062 3663 3115 ποτὲ

402 3146 489 3201 llis
510 3163 669 3219 quem
705 3154 920 3206 tandem
960 3154 1281 3210 naturaliter
1304 3156 1501 3209 bonum
1541 3171 1661 3211 esse
1695 3168 1966 3225 statuant,

2088 3161 2262 3235 ἐροῦσι
2308 3162 2399 3216 τὸν
2446 3159 2649 3229 ἀγαθὸν
2682 3160 2823 3213 κατὰ
2868 3157 3065 3226 φύσιν·
3114 3155 3204 3209 τὸν
3249 3152 3467 3225 Πατέρα
3500 3153 3532 3223 ἢ
3565 3154 3665 3206 τὸν

403 3239 691 3298 Patremne
714 3260 781 3299 an
809 3243 1043 3300 Filium’
1089 3248 1147 3303 Si
1196 3264 1326 3319 ergo
1359 3247 1506 3302 Patri
1563 3249 1666 3305 hoc
1712 3253 1976 3317 tribuant,

405 3335 771 3390 necessarium
807 3345 889 3392 est
910 3341 1132 3396 omnino
1161 3358 1265 3398 non
1293 3359 1412 3399 esse
1440 3346 1642 3402 bonum
1696 3360 1819 3401 eum
1885 3345 1976 3415 qui

402 3425 551 3482 Patri
580 3428 773 3484 similis
806 3446 912 3486 non
943 3432 1035 3487 sit.
1066 3434 1137 3488 At
1160 3436 1203 3490 si
1239 3438 1340 3491 hoc
1388 3438 1567 3494 dicere
1623 3436 1974 3501 verebuntur,

405 3519 845 3593 transferuntque
886 3524 938 3578 in
988 3524 1180 3581 Filium
1237 3529 1584 3585 essentialem
1634 3530 1969 3584 bonitatem:

406 3612 721 3665 necessario
745 3629 931 3669 rursus
946 3630 1011 3669 eo
1031 3616 1392 3681 revolventur.
1424 3630 1483 3673 ut
1530 3620 1715 3675 dicant
1756 3617 1977 3674 Patrem

403 3718 511 3757 non
545 3720 665 3761 esse
698 3705 919 3775 boumn,
946 3708 1260 3779 siquidema
1296 3711 1654 3768 similitudine
1693 3727 1815 3767 cum
1842 3711 1980 3767 Filio

405 3797 685 3855 abhorret.
717 3800 850 3855 Cum
882 3817 1010 3857 vero
1038 3818 1381 3872 summopere
1438 3804 1737 3860 absurdum
1774 3806 1865 3871 sit,
1894 3806 1981 3861 vel

406 3902 593 3944 contra
628 3889 867 3955 Patrem,
900 3893 982 3947 vel
1005 3903 1191 3949 contra
1241 3894 1436 3950 Filium
1483 3896 1786 3967 bujusmodi
1835 3898 1981 3954 blas-

404 3986 679 4053 pltemiam
710 3986 955 4056 proferre
982 3994 1130 4059 (nam
1168 4002 1292 4043 cum
1338 3988 1514 4044 bonus
1541 3990 1613 4044 sit
1656 3988 1837 4056 Pater,
1886 3991 1981 4046 bo-

406 4093 510 4130 nus
531 4078 695 4132 etiam
728 4079 949 4135 omnino
976 4079 1081 4134 erit
1104 4080 1196 4150 qui
1219 4095 1285 4136 ex
1312 4082 1547 4137 essentia
1578 4082 1749 4153 ipsius
1786 4098 1980 4153 proce-

408 4170 485 4221 dit
516 4166 732 4241 Filius),
784 4187 890 4227 non
929 4171 1035 4226 erit
1078 4181 1231 4227 certe
1285 4171 1393 4227 ulla
1470 4172 1526 4228 in
1587 4188 1646 4229 re
1700 4175 1980 4231 dissimilis

405 4260 554 4317 Patri
585 4280 600 4315 :
634 4263 832 4319 bonum
866 4264 1014 4319 enim
1049 4263 1192 4321 bono
1219 4263 1397 4320 simile
1444 4278 1565 4321 esse
1591 4266 1748 4338 plane
1776 4279 1859 4324 est
1888 4282 1983 4324 ne-

400 4368 582 4409 ωεστ.

821 4468 1058 4538 Objectio
1087 4468 1317 4525 hostium
1336 4468 1555 4526 Christi.

476 4583 534 4638 In
573 4583 699 4649 hoc,
736 4583 1009 4652 inquiunt,
1045 4583 1278 4638 fatemur
1332 4582 1564 4639 similem
1620 4584 1759 4649 esse;
1787 4581 1981 4638 Filium

406 4673 580 4737 Patri.
611 4689 716 4729 non
743 4676 887 4743 quod
911 4674 1256 4731 essentialem
1287 4673 1507 4729 omnino
1566 4687 1632 4728 ac
1677 4673 1981 4728 naturalem

408 4784 533 4823 cum
558 4767 648 4822 illo
680 4766 1089 4822 similitudinem
1118 4769 1343 4830 habeat;
1372 4767 1490 4832 sed,
1552 4766 1695 4837 quod
1746 4766 1983 4822 voluerit

411 4871 615 4917 tantum
638 4858 799 4913 Pater
832 4872 954 4913 eum
1006 4858 1162 4913 talem
1231 4860 1583 4927 constituere,
1637 4858 1815 4929 qualis
1868 4857 1985 4928 ipse

405 4961 515 5017 est,
544 4964 666 5004 cum
719 4947 813 5003 illo
872 4948 1279 5005 similitudinem
1318 4950 1982 5017 habet.Quemadmodum

408 5044 549 5098 forte
576 5041 738 5098 etiam
766 5041 958 5097 domus
982 5042 1034 5095 in
1056 5054 1262 5096 certam
1285 5042 1511 5097 formam
1539 5050 1874 5107 constructa,
1900 5048 1984 5096 est

412 5135 578 5193 veluti
644 5135 822 5206 imago
871 5136 1216 5205 exemplaris,
1248 5136 1392 5205 quod
1458 5136 1503 5191 is
1558 5136 1648 5206 qui
1696 5133 1986 5191 :editicavit

415 5236 596 5283 tuente
633 5236 997 5299 conceperat:
1035 5244 1099 5283 ac
1133 5228 1341 5283 ratione
1374 5229 1589 5298 quidem
1636 5230 1874 5284 materia:
1900 5228 1985 5283 di-

412 5334 568 5376 versa
602 5320 671 5376 ab
697 5334 764 5375 eo
788 5328 907 5387 est;
934 5329 1201 5390 quatenus
1232 5336 1360 5377 vero
1381 5322 1453 5376 ita
1487 5321 1625 5377 facta
1648 5332 1752 5388 est,
1778 5331 1836 5377 ut
1865 5322 1985 5377 ani-

414 5431 503 5469 mo
535 5414 784 5485 agitarat,
807 5413 1026 5471 similis.

896 5526 1109 5585 Salutio
1133 5527 1462 5600 objectionis.

480 5640 632 5708 Risu,
664 5640 771 5698 imo
797 5642 976 5710 potius
1006 5643 1263 5716 lacrymis
1286 5644 1441 5718 digna
1474 5644 1669 5702 oratio.
1693 5642 1823 5713 Quis
1845 5645 1989 5702 enim

488 5786 531 5817 δ’
560 5782 691 5840 Luc.
726 5797 883 5852 avni,
917 5782 1002 5841 i9.

2011 4507 2059 4566 D

2080 3257 2240 3319 Υίόν;
2270 3255 2333 3308 Εί
2384 3254 2483 3325 μὲν
2528 3249 2621 3306 οὖν
2668 3251 2747 3322 τῷ
2790 3249 2967 3321 Πατρὶ
2991 3248 3090 3320 τὴν
3141 3248 3232 3301 ἐπὶ
3275 3246 3448 3317 τούτῳ
3476 3246 3665 3315 ψῆφον

2080 3348 2467 3419 ἀπονέμουσιν,
2502 3345 2716 3416 ἀνάγκη
2747 3345 2896 3398 πᾶσα
2926 3344 2999 3413 μὴ
3031 3337 3169 3395 εἶναι
3211 3339 3412 3409 ἀγαθὸν
3450 3340 3539 3393 τὸν
3584 3339 3666 3409 τῷ

2081 3443 2257 3512 Ilath
2285 3440 2360 3511 μὴ
2394 3439 2770 3511 προσεοικότα.
2802 3439 2865 3491 Ei
2894 3436 2950 3490 δὲ
2975 3434 3132 3489 τοῦτο
3168 3434 3265 3504 μὲν
3299 3434 3667 3505 παραιτήσον-

2081 3555 2171 3591 ται
2201 3535 2400 3604 λέγειν,
2437 3534 2807 3605 μεταθήσουσι
2834 3530 2891 3584 δὲ
2923 3530 3016 3582 ἐπὶ
3041 3528 3132 3581 τὸν
3156 3526 3284 3581 Υίδν
3310 3527 3369 3581 τὸ
3387 3524 3666 3589 οὺσιωδῶς

2081 3625 2305 3693 ἀγαθὸν,
2334 3624 2393 3689 ἐξ
2440 3623 2688 3692 ἀνάγκης
2738 3619 2899 3675 πάλιν
2934 3618 3389 3689 συνελαθήσονται
3432 3616 3565 3687 πρὸς
3601 3616 3667 3669 τὸ

2082 3717 2277 3788 χρῆναι
2296 3714 2476 3782 λέγειν
2496 3715 2595 3768 οὐκ
2624 3707 2763 3767 εἶναι
2792 3712 2883 3765 τὸν
2913 3711 3133 3783 Πατέρα
3157 3708 3384 3778 ἀγαθὸν,
3402 3709 3454 3761 ετ
3474 3726 3535 3776 γε
3557 3708 3663 3777 τῆς

2082 3810 2218 3882 πρὸς
2248 3809 2340 3864 τὸν
2365 3808 2493 3862 Υίδν
2528 3806 2845 3878 ὁμοιότητος
2885 3804 3175 3873 ἀποφοιτᾷ,
3194 3801 3408 3870 Ἐπειδὴ
3450 3801 3507 3854 δὲ
3537 3800 3666 3853 λίαν

2082 3903 2230 3955 ἐστὶν
2263 3900 2608 3955 ἀτοπώτατον
2646 3898 2680 3968 ἢ
2726 3897 2867 3951 κατά
2904 3896 2998 3949 τοῦ
3038 3894 3247 3966 Πατρὸς
3293 3895 3326 3964 ἢ
3378 3894 3518 3948 κατᾶ
3562 3894 3664 3947 τοῦ

2083 3990 2214 4045 Υἱοῦ
2251 3992 2353 4061 τὴν
2395 3989 2651 4061 τοιαύτην
2694 3986 3032 4058 φθέγξασθαι
3066 3985 3377 4056 δυσφημίαν
3410 3985 3665 4057 (ἀγαθοῦ

2082 4084 2192 4156 γὰρ
2221 4084 2373 4147 ὄντος
2400 4082 2496 4136 τοῦ
2518 4082 2753 4152 Πατρὸς,
2775 4080 2976 4149 ἀγαθὸς
3001 4078 3150 4133 ἔσται
3180 4079 3396 4143 πάντως
3424 4079 3520 4132 καὶ
3546 4081 3576 4131 6
3600 4081 3669 4132 ἐκ

2082 4178 2182 4248 τῆς
2210 4175 2395 4239 οὐσίας
2425 4173 2589 4228 αὐτοῦ
2621 4172 2900 4245 προελθὼν
2932 4171 3102 4242 Υἱὸς),
3130 4171 3229 4224 οὐκ
3255 4170 3408 4225 ἔσται
3438 4170 3581 4223 κατά
3610 4189 3669 4224 τι

2085 4268 2217 4338 γοῦν
2243 4266 2494 4337 ἀνόμοιος
2514 4265 2591 4336 τῷ
2619 4265 2816 4335 Πατρὶ,
2849 4264 3007 4335 είπερ
3031 4261 3092 4315 τὸ
3112 4262 3316 4330 ἀγαθὸν
3342 4264 3669 4335 προσεοικέ-

2085 4378 2174 4417 ναι
2207 4358 2428 4422 πάντως
2458 4358 2674 4427 ἀνάγκη
2713 4355 2790 4428 τῷ
2814 4355 3023 4425 ἀγαθῷ.

2250 4471 2656 4541 Ἀνθυποξρορὰ
2690 4471 2771 4538 ὡς
2806 4471 2877 4525 ἐκ
2913 4470 3032 4525 τῶν
3066 4467 3504 4542 χριστομάχων.

2155 4589 2317 4643 Κατά
2360 4586 2535 4653 τοῦτο,
2569 4586 2753 4656 φασὶν,
2780 4585 3152 4657 ὁμολογοῦμεν
3190 4586 3374 4657 ὅμοιον
3402 4580 3539 4638 εἶναι
3572 4586 3671 4639 τὸν

2086 4682 2215 4737 Υίὸν
2244 4680 2324 4752 τῷ
2363 4680 2561 4751 Πατρὶ,
2585 4679 2684 4749 οὐχ
2707 4680 2788 4732 ὅτι
2818 4678 3035 4743 πάντως
3062 4679 3161 4750 τὴν
3187 4677 3417 4749 οὺσιώδη
3441 4680 3535 4731 καὶ
3560 4696 3672 4745 φυ-

2087 4773 2247 4845 σικὴν
2279 4772 2393 4845 ἔχει
2419 4771 2555 4840 πρὸς
2589 4770 2751 4824 αὐτὸν
2780 4772 3093 4841 ὁμοιότητα,
3126 4769 3240 4823 ἀλλ’
3260 4770 3342 4823 ὅτι
3374 4768 3461 4821 διὰ
3486 4769 3547 4823 τὸ
3575 4770 3637 4822 θε
3660 4801 3672 4811 υ

2084 4867 2250 4937 λῆσαι
2288 4866 2447 4937 μόνον
2470 4864 2560 4918 τὸν
2587 4862 2810 4935 Πατέρα
2841 4862 3078 4915 τοιοῦτον
3101 4861 3400 4931 ὑποστῆσαι
3427 4860 3519 4913 τὸν
3536 4860 3671 4913 Υίδν

2089 4958 2274 5021 ὁποῖός
2308 4958 2457 5009 ἐστιν
2489 4953 2672 5019 αὐτὸς,
2699 4954 2801 5023 τὴν
2848 4953 2983 5024 πρὸς
3028 4952 3189 5007 αὐτὸν
3237 4953 3494 5023 ὁμοίωσιν
3528 4952 3670 5022 ἔχει.

2093 5050 2307 5120 ’Ὥσπερ
2334 5043 2429 5101 οὖν
2464 5047 2660 5117 ἀμέλει
2691 5045 2787 5100 καὶ
2813 5040 2960 5110 οἶκος
2992 5046 3071 5107 είς
3101 5039 3241 5107 εἶδός
3271 5061 3325 5097 τι
3350 5044 3443 5097 καὶ
3476 5043 3673 5114 σχῆμα

2096 5138 2604 5213 μεταπεποιημένος
2627 5136 2814 5208 ὥσπερ
2844 5133 3006 5190 εἰκών
3028 5136 3143 5188 ἐστι
3164 5136 3263 5205 τῆς
3287 5135 3379 5189 τοῦ
3406 5135 3674 5205 δημιουρ-

2089 5234 2361 5305 γήσαντος
2402 5230 2643 5293 ἐννοίας’
2690 5229 2779 5282 διὰ
2833 5228 2931 5299 μὲν
2980 5227 3078 5299 τὴν
3112 5227 3245 5299 ὓλην
3275 5228 3459 5299 ἔτερος
3488 5227 3564 5281 ὢν
3592 5230 3674 5293 ὡς

2089 5326 2230 5398 πρὸς
2257 5322 2441 5389 αὑτὸν,
2474 5321 2563 5375 διὰ
2586 5320 2642 5374 δὲ
2664 5320 2727 5374 τὸ
2750 5318 2893 5374 οὕτω
2934 5319 3265 5391 πεποιῆσθαι
3295 5320 3371 5385 ὡς
3403 5320 3674 5392 ἐπενόησε

2090 5416 2426 5491 προσεοικὼς
2458 5412 2625 5469 αὑτοῦ
2652 5415 2721 5484 τῇ
2750 5411 2976 5483 διανοίᾳ.

2572 5521 2729 5592 Πρὸς
2760 5520 2946 5576 ταῦτα
2979 5522 3183 5589 λύσις.

2167 5642 2403 5706 Γέλωτος
2433 5638 2579 5705 ἀξία,
2612 5636 2812 5710 μᾶλλον
2840 5635 2896 5690 δὲ
2919 5635 3172 5708 ὀδυρμῶν
3198 5637 3230 5709 ἡ
3257 5635 3351 5691 τοῦ
3380 5635 3539 5705 λόγου
3565 5651 3676 5695 κα-
