3882 6210
168 331 282 386 225

1587 324 2029 381 TllESAL’RUS.

3328 324 3441 381 226

166 444 548 518 τασκευή.Τίς
579 443 687 515 γὰρ
721 443 829 498 τῶν
864 441 923 497 εὖ
956 442 1295 513 φρονούντων
1322 459 1422 495 ουκ
1444 440 1509 495 ἂν
1532 441 1759 506 εἰκότως

1879 454 2012 498 'ecte
2044 442 2284 498 sentiens
2317 457 2423 497 non
2453 440 2772 512 ingemiscat
2800 453 2863 494 ac
2890 438 3090 503 doleat,
3118 451 3213 493 eos
3242 438 3295 492 in
3320 448 3440 493 tan-

168 536 572 605 ὲπιστυγνάσαι
606 539 719 599 τοῖς
760 537 840 599 είς
871 535 1138 605 τοσαύτην
1168 535 1587 605 ἐμπεπτωκόσιν
1610 535 1757 603 ἀμα-

169 628 334 692 θίαν;
376 628 471 690 Τίς
503 627 559 679 δὲ
588 627 648 678 οὐ
680 625 951 697 θρηνήσαι
976 627 1103 688 τοὺς
1132 627 1210 687 είς
1240 624 1507 694 τοσαύτην
1539 622 1758 695 ὀλισθή-

172 735 382 782 σαντας
415 718 697 781 ἀϐουλίανς
732 716 797 770 Εἰ
825 716 936 786 γὰρ
966 716 1216 785 ἀνόμοιός
1245 717 1360 770 ἐστι
1385 718 1504 770 κατ’
1523 716 1712 769 οὐσίαν
1731 714 1761 766 6

172 807 307 871 Υἱὸς
337 806 417 878 τῷ
446 808 639 878 Πατρὶ,
666 807 849 876 ὅμοιος
873 805 931 859 δὲ
965 807 1108 859 κατὰ
1135 806 1197 859 τὸ
1224 800 1385 872 εἶδος,
1415 805 1632 878 πρῶτον
1660 806 1760 875 μὲν

173 904 397 973 ἀνάγκη
427 902 603 972 λέγειν
634 903 700 954 ὲκ
732 900 1004 971 διαφόρων
1032 901 1350 969 συγκεῖσθαι
1379 900 1471 954 τὸν
1498 900 1644 964 Υἱὸν,
1669 899 1762 953 καὶ

173 994 358 1057 τοῦτο,
394 994 642 1064 ἀλλήλοις
676 991 810 1046 πολύ
844 992 1163 1063 μαχομένων
1195 991 1575 1089 καὶδὲναντίως
1607 992 1761 1062 ὲχόνυο

175 1102 305 1147 των,
333 1083 432 1138 τοῦ
477 1084 688 1156 ὁμοίου,
712 1085 877 1156 φημὶ,
911 1084 1008 1139 καὶ
1045 1081 1138 1138 τοῦ
1173 1081 1457 1155 ἀνομοίου·
1491 1082 1634 1153 ἅπερ
1665 1082 1762 1135 ἀλ-

176 1178 362 1248 λήλοις
393 1177 517 1231 καθ’
543 1176 604 1229 ἓν
632 1194 685 1230 τι
719 1176 780 1230 τό
812 1176 1174 1246 ὑποκείμενον
1197 1173 1407 1245 ἄμικτα
1433 1173 1494 1227 τέ
1526 1175 1641 1226 ²εστι
1668 1171 1766 1225 καὶ

177 1270 493 1341 ἁσύμδατα.
517 1271 627 1323 Καὶ
652 1271 701 1323 εί
729 1268 876 1323 κατά
895 1287 948 1322 τι
977 1265 1334 1340 προσεοικὼς,
1374 1267 1472 1336 οὐχ
1496 1265 1614 1328 ὅλος
1646 1263 1763 1317 ἐστὶ

179 1364 319 1431 φῶς,
350 1363 467 1417 ἀλλ’
496 1363 619 1416 οὐδὲ
660 1363 783 1426 ὅλος
812 1361 1061 1433 ἀλήθεια,
1095 1360 1217 1415 οὐδὲ
1265 1360 1423 1429 φύσει
1453 1358 1602 1422 Θεός.
1630 1355 1765 1411 Εἶτα

180 1456 319 1526 πρὸς
340 1454 517 1526 τούτῳ
542 1456 639 1509 καὶ
661 1456 743 1518 είς
764 1455 929 1508 αὐτὸν
950 1454 1269 1525 διαϐήσεται
1287 1452 1380 1505 τὸν
1399 1451 1765 1521 γεγεννηκότα

179 1545 281 1613 τῆς
326 1545 640 1614 δυσφημίας
687 1545 749 1598 τὸ
786 1544 1175 1615 βάρος.¹Έσται
1205 1543 1313 1614 γὰρ
1344 1544 1475 1614 ήμῖν
1514 1541 1766 1605 σύνθετος

181 1637 276 1690 καὶ
315 1636 476 1699 αὐτὸς
509 1639 537 1689 6
563 1635 750 1707 Πατὴρ
785 1634 848 1688 ἐκ
874 1652 933 1688 τε
960 1634 1149 1698 οὐσίας
1174 1634 1269 1688 καὶ
1290 1637 1582 1705 νοήματος,
1607 1633 1765 1704 εῐπερ

179 1727 323 1782 κατὰ
354 1728 455 1799 μὲν
480 1727 572 1781 τὸν
592 1729 689 1798 τῆς
716 1727 903 1790 οὐσίας
924 1727 1083 1795 λόγον
1108 1726 1362 1798 ἀνόμοιός
1383 1727 1500 1779 ἐστι
1528 1725 1607 1797 τῷ
1628 1724 1767 1795 Υίῷ,

1867 546 1972 590 tam
2001 536 2329 591 dementiam
2350 533 2679 591 devenisse?
2702 532 2834 600 Quis
2864 549 2968 587 non
3004 532 3328 586 lamentetur
3344 546 3441 586 eos

1866 628 1919 683 in
1973 637 2175 682 tantam
2213 628 2411 697 ingenii
2445 625 2730 695 caliginem
2768 624 3069 680 cecidisse?
3094 620 3229 677 Nam
3261 623 3305 677 si
3345 622 3439 677 Fi-

1866 719 1971 775 lius
1988 719 2266 775 dissimilis
2297 728 2382 773 est
2409 719 2707 773 secundum
2726 716 3021 772 essentiam
3083 714 3250 780 Patri,
3284 714 3440 769 simi-

1866 811 1931 865 lis
1949 827 2077 867 vero
2105 811 2402 867 secundum
2434 810 2667 866 formam
2698 828 2712 863 z
2743 813 2975 879 primum
2998 808 3216 878 quidem
3248 822 3442 862 neces-

1865 902 2069 956 sarium
2095 911 2196 965 est,
2231 911 2290 956 ut
2321 902 2565 957 dicamus
2589 899 2784 954 Filium
2819 915 2884 953 ex
2917 900 3148 954 diversis
3203 913 3434 968 compo-

1866 991 2031 1047 situm
2092 1006 2245 1055 esse,
2304 1003 2465 1061 atque
2516 992 2583 1044 iis
2634 991 2849 1060 quidem
2902 991 3130 1044 multum
3190 990 3332 1045 inter
3381 1005 3443 1045 se

1866 1082 2247 1152 pugnantibus,
2279 1088 2335 1136 et
2368 1081 2680 1147 contrariis,
2719 1080 2882 1136 simili
2916 1081 3171 1135 nimirum
3220 1090 3277 1137 et
3327 1081 3440 1136 dis-

1868 1171 2063 1237 simili;
2099 1186 2219 1241 qua:
2238 1172 2456 1243 quidem
2492 1173 2632 1227 inter
2668 1186 2726 1227 se
2759 1175 2810 1226 in
2839 1174 3027 1227 eodem
3061 1172 3306 1239 subjecto
3342 1174 3443 1226 titi-

1867 1263 2006 1318 sccri
2070 1263 2336 1333 simulque
2356 1264 2612 1333 congredi
2637 1279 2747 1319 non
2780 1274 3027 1334 possunt.
3052 1265 3118 1320 Et
3144 1266 3193 1321 si
3263 1265 3446 1336 aliqua

1872 1365 2079 1409 tantum
2106 1372 2173 1410 ex
2213 1366 2366 1426 parte
2397 1366 2481 1411 est
2505 1356 2723 1422 similis,
2786 1374 2890 1411 nou
2969 1366 3119 1412 totus
3177 1357 3283 1412 erit
3323 1357 3441 1420 lux,

1870 1460 2049 1514 neque
2073 1454 2215 1500 totus
2238 1446 2463 1512 veritas,
2505 1463 2680 1517 neque
2707 1459 2899 1502 natura
2935 1448 3095 1502 Deus.
3153 1445 3442 1516 Propterea

1872 1538 2221 1608 blasphemia:
2251 1539 2408 1607 hujus
2439 1541 2753 1610 magnitudo
2770 1541 2835 1593 ad
2868 1538 3085 1594 Patrem
3118 1542 3282 1595 etiam
3313 1554 3441 1609 per-

1872 1629 2065 1700 tinget.
2096 1630 2441 1699 Compositus
2469 1632 2612 1684 enim
2651 1630 2760 1685 erit
2810 1631 2969 1685 etiam
3031 1631 3144 1699 ipse
3186 1628 3345 1686 Pater
3375 1646 3444 1686 ex

1873 1721 2109 1776 essentia
2141 1731 2196 1774 et
2218 1720 2589 1789 cogitatione:
2619 1720 2881 1790 siquidem
2936 1721 3187 1776 essentia:
3236 1721 3451 1776 ratione

180 1823 363 1891 ὅμοιος
399 1820 459 1874 δὲ
492 1819 633 1872 κατὰ
658 1820 757 1890 τὴν
789 1819 1019 1874 ἔννοιαν.
1056 1819 1180 1883 Πῶς
1208 1813 1302 1873 οὐν
1333 1820 1361 1871 6
1388 1818 1578 1889 Πατὴρ
1610 1818 1766 1888 εὐρε-

1879 1809 2146 1864 dissimilis
2176 1809 2225 1863 ei
2252 1819 2336 1864 est
2368 1809 2535 1864 Filius
2572 1825 2589 1872 ;
2652 1810 2844 1864 similis
2900 1824 3026 1867 vero
3087 1810 3444 1882 cogitatione.

182 1913 408 1983 θήσεται
441 1911 551 1965 τῶν
597 1912 813 1966 πάντων
861 1911 1030 1982 ἀρχὴ,
1062 1910 1316 1975 σύνθετος
1354 1909 1431 1964 ῶν
1475 1909 1595 1963 καθ’
1621 1909 1765 1980 ὑμᾶς

181 2006 276 2059 καὶ
328 2005 430 2073 οὐχ
479 2002 721 2070 ἁπλοῦς;
758 2002 953 2057 Καίτοι
982 2002 1082 2073 τῆς
1121 2002 1298 2074 ἀρχῆς
1343 2002 1494 2057 οὐδὲν
1530 2019 1762 2074 προεπι-

180 2097 420 2151 νοεῖσθαι
469 2096 714 2150 δύναται.
751 2095 993 2167 Μηδενὸς
1040 2095 1098 2149 δὲ
1140 2094 1639 2168 προεπινοουμένου
1666 2095 1766 2166 τῆς

182 2190 375 2259 ἀρχῆς,
411 2188 710 2258 οὐδαμόθεν
746 2188 885 2259 αὐτῇ
915 2187 977 2241 τὸ
1010 2188 1261 2242 σύνθετον
1308 2188 1763 2258 προσγενήσεται.

196 2281 457 2353 Ἐπείπερ
479 2281 547 2335 τὰ
576 2280 805 2334 σύνθετα
838 2280 1057 2344 σύνοδός
1080 2298 1165 2345 τις
1191 2281 1298 2334 τῶν
1318 2280 1504 2334 ἁπλῶν
1534 2280 1767 2352 ἐργάζε-

182 2390 291 2426 ται.
332 2372 681 2443 Πανταχόθεν
707 2372 996 2444 τοιγαροῦν
1032 2371 1316 2443 ὀρωμένης
1342 2371 1442 2441 τῆς
1466 2371 1523 2423 ἐν
1554 2369 1764 2434 τούτοις

183 2466 437 2529 ἀτοπίας,
470 2465 774 2535 σαθροτάτη
824 2465 922 2535 μὲν
963 2464 1117 2516 ἔσται
1165 2466 1277 2525 τοῖς
1315 2461 1699 2533 χριπομάχοις
1732 2461 1764 2531 ή

185 2557 475 2628 πρότασις.
493 2555 899 2629 Ἀναιρεθείσης
925 2555 983 2609 δὲ
1008 2554 1107 2626 τῆς
1128 2556 1185 2608 ὲν
1203 2553 1413 2616 τούτοις
1432 2552 1762 2623 δυσφημίας,

185 2652 364 2721 ὅμοιος
393 2650 549 2704 ἔσται
586 2649 707 2703 κατ’
729 2647 915 2701 οὐσίαν
940 2649 970 2701 6
994 2646 1120 2710 Υἱὸς
1146 2645 1225 2717 τῷ
1247 2645 1444 2717 Πατρὶ,
1471 2644 1766 2713 οὐδαμόθεν

136 2808 139 2813 ι
185 2745 283 2815 τῆς
316 2745 457 2817 πρὸς
489 2744 654 2798 αὐτὸν
684 2742 920 2813 φυσικῆς
950 2739 1267 2812 ὁμοιότητος
1291 2737 1676 2809 ὲξωθούμενος.

872 3023 1081 3078 AAAO.

1865 1901 1984 1968 Quo
2043 1913 2200 1968 pacto
2260 1901 2423 1971 igitur
2470 1898 2635 1956 Pater
2676 1901 2988 1957 censebitur
3033 1916 3157 1959 esse
3201 1903 3444 1959 omnium

1863 1991 2211 2063 principium,
2231 2007 2350 2046 cum
2370 1991 2442 2047 sit
2468 1992 2801 2063 compositus
2823 1994 3121 2049 secundum
3146 2009 3242 2050 vos
3262 2005 3317 2050 et
3338 2011 3447 2050 non

1865 2084 2118 2156 simplex?
2146 2084 2308 2155 Atqui
2340 2086 2607 2155 principio
2639 2086 2940 2156 nihilprius
2977 2086 3203 2158 intelligi
3234 2096 3439 2158 potest.

1864 2178 1996 2234 Cum
2026 2195 2154 2233 vero
2179 2179 2308 2233 nihil
2333 2179 2483 2247 prius
2512 2179 2673 2251 135
2694 2180 2965 2252 principio
2992 2182 3214 2252 intelligi
3250 2183 3451 2253 possit,

1865 2268 2007 2322 nulla
2038 2280 2185 2324 certe
2221 2270 2433 2324 ratione
2458 2271 2794 2339 compositus
2850 2269 2956 2324 dici
3007 2278 3207 2339 potest.
3254 2267 3445 2340 Siqui-

1865 2360 1987 2414 dem
2014 2374 2337 2429 congressus
2364 2360 2583 2429 quidam
2609 2361 2934 2429 simplicium
2960 2361 3311 2431 compositum
3327 2359 3414 2416 etii

1865 2452 1958 2507 cit.
1991 2450 2126 2506 Cum
2158 2452 2340 2520 itaque
2366 2451 2594 2506 istorum
2622 2451 2934 2507 ahsurditas
2975 2454 3121 2509 omni
3179 2468 3244 2507 ex
3298 2465 3449 2524 parte

1867 2556 1988 2597 sese
2022 2544 2235 2612 prodat,
2269 2542 2564 2597 ltedissima
2602 2557 2733 2597 sane
2786 2541 2987 2599 Christi
3025 2544 3260 2599 hostimn
3318 2559 3444 2615 pro-

1865 2633 2063 2703 positio
2080 2634 2351 2688 censenda
2381 2643 2486 2688 est.
2526 2633 2766 2690 Sublatis
2798 2650 2928 2690 vero
2985 2636 3139 2691 hisce
3188 2636 3445 2706 blasphe-

1867 2727 2011 2792 miis,
2040 2726 2236 2782 similis
2265 2727 2372 2781 erit
2398 2727 2695 2781 secundum
2731 2727 3028 2783 essentiam
3072 2725 3241 2782 Filius
3272 2726 3447 2792 Patri,

1872 2820 2017 2875 nulla
2050 2820 2305 2876 rationes
2334 2820 2564 2874 naturali
2592 2834 2715 2874 cum
2739 2820 2855 2892 ipso
2877 2819 3235 2876 similitudine
3261 2817 3448 2875 exclu-

1867 2927 1981 2970 8118.

2539 3024 2772 3082 ALIUD.

257 3144 317 3196 Ei
352 3143 433 3214 μὴ
475 3142 598 3195 κατ’
624 3138 814 3194 οὐσίαν
846 3138 1029 3210 ὅμοιός
1071 3139 1220 3193 ἐστιν
1250 3137 1279 3191 6
1305 3137 1433 3200 Υἱδς
1465 3134 1544 3207 τῷ
1570 3134 1768 3206 Πατρὶ,

1949 3139 2006 3197 Si
2042 3143 2212 3197 smus
2250 3155 2356 3198 non
2395 3150 2480 3196 est
2529 3140 2827 3196 secundum
2883 3142 3178 3198 essentiam
3249 3142 3447 3198 similis

193 3234 355 3305 μόνης
384 3233 447 3285 δὲ
475 3232 574 3300 τῆς
605 3230 812 3296 ἐννοίας
845 3230 1013 3285 αὐτοῦ
1045 3230 1332 3303 χαρακτὴρ
1353 3228 1540 3301 ῶσπερ
1568 3245 1652 3292 τις
1674 3228 1770 3282 καὶ

192 3325 370 3389 εικὼν,
406 3324 619 3377 τελείαν
666 3322 811 3395 ἔχειν
839 3322 977 3395 πρὸς
1011 3322 1173 3377 αὐτὸν
1199 3321 1492 3392 ὁμοιότητα
1521 3321 1582 3374 οὐ
1607 3319 1771 3375 δύνα-

190 3434 276 3469 οιαι
298 3431 311 3446 ·
350 3416 542 3485 ἐπειδὴ
566 3414 660 3470 καὶ
683 3416 844 3485 ἡμεῖς
871 3414 993 3468 κατ’
1025 3414 1209 3468 είκόνα
1236 3412 1521 3481 γεγονότες
1548 3411 1641 3465 τοῦ
1659 3413 1769 3482 Δη-

196 3508 478 3580 μιουργοῦ.
507 3508 627 3561 τότε
669 3508 906 3579 μάλιστα
945 3505 1104 3560 τοῦτο
1149 3504 1451 3576 φαινόμεθα
1484 3502 1769 3569 σώζοντες,

193 3604 277 3655 ὅτε
308 3603 411 3671 τῆς
448 3600 719 3669 θειότητος
762 3597 928 3651 αὐτοῦ
979 3595 1194 3667 μέτοχοι
1233 3595 1506 3666 γινόμενοι
1548 3594 1635 3647 διὰ
1676 3592 1771 3646 τοῦ

193 3690 522 3757 ἓνοικοῦντος
565 3693 699 3763 ἡμῖν
730 3691 888 3761 ἁγίου
918 3688 1257 3760 Πνεύματος,
1293 3688 1431 3760 πρὸς
1476 3686 1575 3759 τὴν
1622 3687 1776 3741 θείαν

199 3786 555 3859 μορφούμεθα
596 3784 777 3855 φύσιν.
805 3784 916 3837 Καὶ
957 3781 1088 3847 γοῦν
1117 3784 1166 3835 ot
1201 3781 1374 3853 μήπω
1412 3780 1776 3851 μετασχόντες

196 3876 375 3941 αὐτοῦ,
404 3876 561 3930 οὔπω
587 3875 901 3947 σύμμορφοι
926 3873 1301 3944 καθεστήκασι
1329 3870 1433 3942 τῆς
1452 3870 1658 3934 εἰκόνος
1677 3870 1771 3924 τοῦ

197 3969 323 4023 Υίοῦ
352 3968 542 4023 αὐτοῦ.
574 3967 636 4021 Et
670 3968 848 4022 τοίνυν
892 3966 1098 4038 φυσικὴ
1137 3965 1234 4036 μὲν
1262 3964 1517 4035 ὁμοιότης
1548 3963 1775 4033 οὐδεμία

197 4060 286 4115 τοῦ
312 4060 527 4131 Πατρδς
554 4060 612 4111 ἐν
639 4058 774 4131 Υἱῷ,
806 4057 959 4129 μόνοι
977 4057 1034 4110 δὲ
1061 4057 1160 4127 τῆς
1189 4056 1397 4121 ἐννοίας
1420 4056 1470 4109 οἱ
1494 4054 1776 4127 χαρακτῆ-

202 4167 288 4220 pe;
333 4150 715 4220 ὲμφαίνονται,
740 4150 838 4219 οὐχ
880 4147 993 4213 ἕξει
1043 4147 1104 4201 τὸ
1152 4147 1373 4210 τελείως
1403 4148 1607 4218 ὅμοιον,
1640 4146 1776 4218 ὅπερ

199 4241 309 4293 ἐστὶ
340 4241 439 4294 καὶ
467 4240 647 4310 μόνον,
672 4240 870 4293 ἐννοεῖν
900 4237 1185 4292 ἀπίθανον.
1219 4237 1346 4300 Πῶς
1378 4239 1486 4308 γάρ
1510 4240 1659 4291 ἐστιν
1689 4237 1777 4290 ῐσα

200 4331 343 4403 Θεῷ;
374 4333 443 4387 Et
477 4332 533 4386 δὲ
559 4332 719 4385 τοῦτο
764 4330 987 4395 ἄτοπον,
1014 4330 1283 4401 κρατήσει
1311 4329 1420 4401 ἄρα
1465 4329 1526 4383 τὸ
1567 4328 1774 4400 ἕτερον,

202 4424 332 4494 ὅπερ
361 4427 482 4479 ἐστὶ
515 4425 611 4479 καὶ
643 4423 1006 4495 ἀληθέστερον
1025 4439 1040 4456 ’
1078 4422 1162 4476 ὅτι
1192 4422 1292 4493 τῆς
1316 4420 1410 4475 τοῦ
1436 4421 1651 4494 Πατρὸς
1688 4421 1779 4474 οὐ·

1873 3235 2045 3301 Patri,
2069 3238 2163 3290 sed
2214 3246 2423 3290 tantum
2478 3233 2772 3289 character
2803 3234 3024 3303 quidam
3055 3246 3220 3304 atque
3276 3233 3458 3304 imago

1872 3328 2040 3400 ipsius
2062 3327 2427 3398 cogitationis,
2463 3324 2760 3396 perfectam
2808 3340 2931 3380 cum
2986 3324 3107 3396 ipso
3139 3326 3456 3382 similitudi-

1875 3437 1998 3476 nem
2028 3420 2229 3475 habere
2258 3434 2363 3475 non
2388 3426 2595 3489 potest;
2654 3417 2920 3487 siquidem
3011 3419 3175 3472 etiam
3233 3433 3332 3474 nos
3382 3420 3450 3472 ad

1875 3512 2161 3581 imaginem
2192 3511 2468 3566 Creatoris
2505 3510 2653 3575 facti,
2684 3520 2810 3565 tunc
2859 3510 3097 3565 maxime
3144 3526 3265 3566 eam
3322 3527 3455 3566 cou-

1875 3619 2092 3660 servare
2117 3604 2413 3667 cernimur,
2443 3602 2660 3673 quando
2681 3601 2984 3656 divinitatis
3013 3616 3129 3656 suae
3162 3602 3456 3673 participes

1874 3696 2073 3760 cli‘ecti,
2111 3696 2393 3750 habitante
2421 3695 2475 3749 in
2508 3694 2664 3749 nobis
2690 3694 2898 3764 Spiritu
2946 3704 3138 3751 sancto
3178 3697 3246 3751 ad
3305 3697 3449 3750 divi-

1876 3804 2000 3842 Itam
2026 3798 2271 3840 naturam
2294 3784 2666 3842 eﬂ'ormamur.
2698 3785 2907 3841 Idcirco
2927 3788 3019 3857 qui
3064 3787 3303 3843 nondum
3332 3788 3456 3856 ejus

1877 3879 2169 3950 participes
2220 3885 2346 3932 sunt
2386 3876 2598 3941 ell‘ecti,
2663 3879 2901 3933 nondum
2956 3878 3266 3935 conformes
3312 3877 3440 3934 facti

1886 3981 2014 4025 sunt
2043 3968 2261 4039 imagini
2292 3965 2414 4021 Filii
2452 3968 2643 4038 ipsius.
2665 3967 2721 4021 Si
2748 3982 2879 4037 ergo
2907 3968 3050 4022 nulla
3078 3977 3161 4023 est
3194 3967 3452 4021 naturalis

1877 4061 2173 4117 similitudo
2217 4059 2397 4115 Patris
2448 4061 2502 4114 in
2560 4058 2722 4124 Filio,
2773 4060 2869 4115 sed
2918 4060 3050 4115 nudi
3106 4061 3460 4132 cogitationis

1879 4156 2220 4210 characteres
2257 4155 2310 4208 in
2347 4152 2466 4223 ipso
2530 4160 2819 4223 apparent,
2875 4162 3025 4208 certe
3091 4154 3286 4209 similis
3345 4169 3454 4209 non

1886 4248 1997 4302 erit
2022 4287 2036 4310 ,
2067 4246 2209 4316 quod
2236 4245 2318 4301 vel
2346 4245 2458 4301 sola
2486 4245 2811 4315 cogitatione
2836 4244 3127 4300 absurdum
3150 4254 3254 4300 est.
3308 4243 3453 4311 Quo-

1880 4341 2038 4394 modo
2054 4354 2183 4409 ergo
2213 4354 2325 4393 non
2351 4338 2594 4407 rapinam
2625 4340 2920 4392 arbitratus
2940 4346 3025 4393 est
3051 4352 3172 4393 esse
3195 4352 3259 4392 se
3273 4353 3454 4407 aequa-

1880 4431 1985 4486 lem
2014 4431 2124 4485 Deo
2156 4430 2243 4483 ὀἳ
2268 4430 2336 4484 At
2366 4431 2411 4485 si
2432 4430 2533 4484 hoc
2555 4430 2847 4484 absurdum
2875 4439 2979 4497 est,
3016 4433 3246 4485 alterum
3288 4430 3457 4499 igitur

207 4512 319 4575 σίας
354 4514 487 4567 αὐτὸ
517 4514 580 4583 δὴ
606 4513 667 4566 τὸ
701 4512 833 4566 ἴδιον
876 4512 1138 4584 ὑπάρχων
1165 4515 1195 4567 6
1220 4511 1373 4580 Υίὺς,
1398 4512 1584 4585 ὅμοιος
1624 4510 1768 4566 ἔσται

1884 4522 2011 4578 illud
2041 4525 2327 4577 tenendum
2357 4530 2461 4587 est,
2507 4522 2650 4591 quod
2690 4530 2745 4576 et
2767 4522 2978 4575 veritati
3028 4533 3457 4576 consentaneum

207 4605 295 4656 καὶ
323 4606 443 4658 κατ’
470 4605 659 4658 οὐσίαν
688 4604 858 4677 αὐτῷ.

225 4906 538 4981 Ἀπόδειξις
567 4907 1009 4981 άπὸλτῆςλθείας
1041 4908 1309 4979 Γραφῆς,
1329 4908 1620 4981 dtu-tepent
1639 4929 1777 4981 μετ-

279 4977 425 5046 οχῆς
462 4977 572 5046 τῆς
604 4978 751 5047 πρὸς
782 4978 846 5032 τὸ
878 4980 1059 5043 θεῖον,
1096 4977 1461 5036 καὶ-νείκόνα
1486 4977 1600 5047 τὴν
1634 4977 1784 5050 ,πρὸς

280 5049 464 5103 αὑτὸν
486 5051 886 5119 ιιορςρούμεθιι.
924 5052 1005 5119 οὐ
1034 5052 1145 5119 γὰρ
1175 5050 1467 5119 ἐξήρκεσε
1494 5050 1571 5119 τῇ
1596 5049 1784 5108 αὑτοῦ

282 5119 588 5187 ἀνθρώπου
634 5118 1004 5187 κατασκευῇ,
1044 5118 1196 5188 πρὸς
1225 5118 1295 5175 τό
1323 5118 1644 5190 φαίνεσθαι
1682 5124 1784 5178 καὶ

283 5190 553 5263 γενέσθαι
579 5191 782 5263 statim
812 5190 916 5263 τοῦ
950 5192 1367 5263 πεποιηκότος,
1394 5194 1458 5245 τὸ
1488 5193 1556 5246 ὲν
1565 5194 1783 5262 μόναις

282 5260 560 5325 ἐννοίαις,
596 5260 702 5314 τὸν
736 5261 868 5329 περὶ
899 5261 1087 5314 αὐτοῦ
1125 5261 1357 5315 κεῖσθαι
1393 5260 1601 5334 λόγον.

286 5397 438 5465 Λέγει
466 5414 569 5451 που
600 5396 809 5460 Παῦλος
832 5413 845 5426 ·
876 5395 940 5449 Εἰ
967 5395 1025 5449 δέ
1062 5413 1146 5460 τις
1174 5396 1393 5468 πνεῦμα
1417 5398 1656 5470 Χριστοῦ
1683 5418 1785 5455 ουκ

224 5488 347 5557 ἔχει,
373 5485 522 5553 οὗτος
561 5491 661 5542 οὐκ
697 5488 843 5542 ἐστιν
872 5488 1058 5544 αὐτοῦ.
1079 5488 1217 5541 Ἀλλ’
1251 5491 1407 5561 εἰπερ
1438 5491 1660 5562 ἐξήρκει
1690 5493 1785 5546 καὶ

222 5579 340 5650 δίχα
364 5584 457 5652 τῆς
490 5582 584 5637 τοῦ
616 5581 928 5651 Πνεῦματος
963 5581 1195 5652 μετοχῆς
1227 5585 1344 5636 κατ’
1378 5584 1564 5638 εἰκόνα
1600 5585 1785 5655 φαίνε-

291 5762 581 5837 “Philipp.
618 5782 676 5830 ll,
713 5768 764 5821 6.
842 5765 884 5798 δ’
917 5764 1075 5820 Itoni.
1117 5779 1238 5833 vui,
1265 5763 1304 5819 9

1882 4625 1986 4679 est,
2024 4616 2167 4685 quod
2196 4613 2365 4669 Filius
2413 4631 2536 4670 cum
2593 4615 2663 4669 sit
2705 4615 2818 4684 ipsa
2875 4616 3176 4685 proprietas
3202 4615 3457 4668 essentite

1883 4706 2082 4772 Patris,
2108 4706 2299 4763 similis
2328 4707 2491 4761 etiam
2520 4707 2570 4762 ei
2605 4706 2826 4762 omnino
2849 4706 2921 4761 sit
2942 4708 3235 4761 secundum
3272 4721 3458 4761 essen-

1887 4799 2041 4854 tiam.

1891 4925 2284 4982 Dcmomtratio
2324 4943 2389 4980 ea:
2416 4942 2569 4981 sacra
2604 4925 2902 4992 Scriptura,
2940 4928 3079 4998 quod
3124 4944 3216 4996 per
3238 4931 3458 4995 partici-

1959 5002 2225 5069 pationem
2249 4998 2542 5051 divinitatis
2575 4999 2643 5069 ad
2692 4998 2970 5069 imaginem
3040 5000 3204 5063 ipsius
3259 5000 3459 5069 forme-

1962 5066 2097 5121 mur.
2129 5066 2311 5136 Neque
2342 5084 2479 5120 enim
2517 5068 2647 5121 satis
2675 5066 2775 5135 fuit
2799 5069 2867 5119 ad
2890 5068 2948 5120 id
2995 5079 3049 5120 ut
3095 5066 3358 5122 videretur
3405 5081 3456 5124 ct

1959 5137 2107 5205 ﬁeret
2152 5138 2307 5191 homo
2334 5139 2506 5206 imago
2522 5139 2775 5191 creatoris
2792 5177 2811 5201 ,
2840 5138 3010 5192 solata
3034 5138 3099 5192 de
3132 5141 3244 5208 ipso
3268 5141 3322 5193 in
3366 5141 3456 5196 itt-

1963 5209 2165 5262 teltccto
2196 5210 2563 5278 cogitationem
2589 5208 2837 5277 exprimi.

1958 5408 2161 5462 Paulus
2193 5410 2390 5465 alicubi
2435 5410 2608 5481 inquit
2636 5428 2652 5467 :
2690 5431 2709 5465 ι
2748 5410 2804 5466 Si
2832 5410 2956 5477 quis
2981 5409 3230 5478 spiritum
3252 5409 3459 5471 Christi

1886 5514 1994 5553 non
2030 5500 2211 5567 habet,
2243 5500 2330 5555 hic
2360 5502 2531 5571 ipsius
2561 5513 2774 5559 nonest
2818 5502 2885 5555 ⁸¹.
2930 5519 2950 5554 ι
2975 5502 3044 5556 At
3069 5501 3114 5556 si
3139 5502 3301 5556 etiam
3333 5501 3461 5563 abs-

1889 5608 1994 5663 quc
2026 5593 2440 5664 participatione
2503 5595 2757 5667 Spiritus,
2808 5596 2972 5653 homo
3025 5592 3093 5648 ad
3168 5593 3465 5665 imaginem
