3882 6210
420 356 527 414 2‘27

1454 354 1513 411 S.
1553 351 1828 410 CYRILLI
1866 349 2335 411 ALEXANDRINI
2376 352 2699 415 ARCHIEP.

3588 350 3695 410 228

424 470 519 526 Dei
553 470 732 527 factus
777 485 900 525 esse
946 468 1117 523 videri
1164 466 1464 538 .potnisset,
1523 483 1715 521 omnes
1765 481 1993 522 essemus

2110 467 2232 521 σθαι
2259 468 2393 522 Θεοῦ
2423 470 2515 523 τὸν
2543 470 2846 542 ἄνθρωπον,
2880 469 3081 535 πάντες
3120 468 3186 525 ἂν
3231 463 3375 541 ⁴ἦμεν
3426 466 3695 540 Χριστοῦο

420 563 646 627 Christi,
686 560 900 617 etiamsi
947 559 1182 629 Spiritus
1238 559 1412 612 sancti
1474 557 1766 627 participes
1816 555 1996 611 effecti

423 671 528 709 nou
557 669 823 709 essemus.
851 652 1051 706 Beatus
1098 651 1261 705 etiam
1339 648 1575 705 Joannes
1635 649 1830 704 alicubi
1878 649 1997 703 ait:

426 765 445 797 ι
483 744 585 812 Qui
641 745 894 801 mandata
925 742 1044 811 ejus
1071 750 1262 797 servat
1321 741 1375 794 in
1409 741 1524 808 ipso
1558 749 1760 804 manet,
1790 749 1846 793 et
1886 739 2001 808 ipse

421 835 473 889 in
503 852 587 890 eo.
620 838 684 889 Et
710 837 762 889 in
794 835 894 889 hoc
914 833 1299 900 cognoscimus
1329 829 1471 899 quod
1532 830 1651 897 ipse
1685 838 1869 883 tuanet
1943 828 2000 882 in

422 929 608 991 nobis,
656 943 720 981 ex
755 926 960 994 Spiritu
990 940 1149 994 quem
1183 924 1331 976 dedit
1383 922 1538 976 nobis
1578 922 1645 975 ".
1690 940 1707 971 ι
1736 920 1998 987 Quocirca

419 1020 464 1073 si
498 1016 840 1073 observantia
876 1018 1253 1071 mandatorum
1287 1028 1409 1083 quae
1440 1011 1597 1067 nobis
1622 1046 1627 1051 ι
1655 1012 1827 1075 dedit,
1874 1011 1999 1079 Spi-

422 1113 560 1165 ritus
607 1110 1080 1181 participationem
1132 1107 1289 1161 nobis
1357 1104 1660 1171 conciliat;
1697 1118 1819 1157 cum
1866 1117 1998 1157 vero

433 1202 676 1271 Spiritus
697 1201 989 1272 participes
1011 1199 1186 1253 eli‘ecti
1240 1212 1427 1252 sumus
1468 1196 1535 1261 ⁸³,
1596 1197 1662 1249 ad
1709 1194 1996 1262 imaginem

414 1295 704 1351 Creatoris
751 1294 969 1349 formati
1023 1307 1257 1345 sumus:
1294 1288 1643 1344 manifestum
1700 1287 1866 1358 igitur
1894 1296 1998 1353 est,

416 1388 829 1442 similitudinem
859 1400 982 1439 cum
1004 1386 1112 1438 Deo
1144 1382 1391 1437 obtinere
1424 1397 1525 1435 non
1551 1394 1709 1450 posse
1748 1394 1871 1434 eum
1904 1380 1997 1448 qui

415 1490 627 1534 naturae
654 1478 823 1547 ipsius
856 1475 1041 1544 aliquo
1074 1475 1232 1529 modo
1252 1473 1524 1543 particeps
1551 1487 1656 1525 non
1696 1470 1879 1529 fuerit.
1934 1470 2002 1525 Et

414 1588 604 1628 rursus
627 1571 889 1626 Servator
938 1582 1216 1623 renovans
1284 1567 1555 1622 hominem
1598 1566 1664 1620 ad
1710 1564 1998 1633 imaginem

414 1680 576 1734 quam
618 1662 951 1734 perdiderat,
1009 1659 1302 1717 insnmavit
1361 1658 1521 1730 136
1565 1658 1868 1729 discipulis,
1918 1657 2000 1712 tli-

2105 561 2199 615 καὶ
2242 561 2563 633 Πνεύματος
2606 562 2758 627 ὄντες
2806 562 3084 633 ἀμέτοχοι.
3113 562 3251 633 Φησὶ
3298 578 3403 615 που
3446 559 3614 614 πάλιν
3664 562 3699 613 ὁ

2108 654 2377 726 μακάριος
2418 654 2672 728 Ἰωάννης
2694 672 2707 685 ·
2749 676 2767 707 ι
2790 657 2847 711 Ὀ
2877 657 3058 728 τηρῶν
3099 657 3198 720 τάς
3240 654 3463 716 ἐντολὰς
3496 652 3694 714 αὑτοῦ,

2104 746 2161 798 ὲν
2211 746 2360 817 αὑτῷ
2411 747 2584 819 μένει,
2619 746 2713 801 καὶ
2760 747 2923 812 αὑτός
2969 748 3029 800 ἐν
3074 746 3243 817 αὑτῷ.
3275 746 3387 799 Ka't
3414 744 3474 798 ὲν
3504 742 3695 810 τούτῳ

2102 835 2443 907 γινώσκομεν
2471 838 2553 891 ὅτι
2586 838 2737 908 μένει
2772 840 2831 892 ὲν
2858 840 2991 909 ἡμῖν
3024 839 3088 891 ὲκ
3122 836 3215 890 τοῦ
3256 835 3577 906 Πνεύματος
3625 826 3693 886 οὗ

2104 932 2303 985 ἔδωκεν
2332 933 2485 1003 ἡμῖν.
2517 951 2535 983 ι
2565 930 2775 985 Οὑκοῦν
2816 932 2864 984 εἰ
2910 932 2968 985 τὸ
2999 930 3288 1000 φυλάττειν
3310 929 3408 1000 τὴν
3438 927 3691 982 δοθεῖσαν

2108 1022 2326 1093 ἐντολὴν
2353 1022 2610 1093 πρόξενον
2641 1023 2772 1092 ἡμῖν
2798 1022 2898 1093 τῆς
2923 1020 3018 1074 τοῦ
3047 1020 3364 1090 Πνεύματος
3395 1015 3693 1088 μετουσίας

2106 1115 2443 1187 εὑρίσκεται,
2497 1114 2713 1185 μέτοχοι
2762 1112 2818 1166 δὲ
2868 1113 3151 1182 γεγονότες
3195 1110 3289 1165 τοῦ
3339 1108 3686 1179 Πνεύματος,

2104 1209 2242 1279 πρὸς
2268 1207 2368 1279 τὴν
2394 1205 2487 1259 τοῦ
2524 1205 2886 1275 πεποιηκότος
2916 1205 3100 1258 εἰκόνα
3141 1200 3515 1274 μορφούμεθαί
3549 1198 3692 1268 πρὸ·

2099 1300 2258 1369 δηλον
2304 1298 2571 1371 δήπουθεν
2617 1299 2699 1352 ὅτι
2744 1297 2844 1368 τὴν
2892 1297 3029 1368 πρὸς
3059 1296 3191 1349 Θεὸν
3234 1294 3490 1365 ὁμοίωσιν
3533 1291 3691 1361 ἔχειν

2100 1393 2362 1446 ἀδύνατον
2406 1392 2497 1445 τὸν
2537 1390 2613 1461 μὴ
2646 1389 2942 1461 μετέχοντά
2971 1405 3088 1451 πως
3118 1387 3216 1457 τῆς
3243 1375 3407 1437 αὑτοῦ
3440 1382 3683 1452 φύσεως.

2101 1487 2212 1539 Καὶ
2248 1486 2411 1540 πάλιν
2439 1483 2679 1539 ἁνανεῶν
2709 1484 2789 1545 εις
2823 1482 2885 1534 τὸ
2911 1482 3033 1534 κατ’
3064 1480 3249 1533 εἰκόνα
3272 1478 3364 1531 τὸν
3391 1476 3686 1548 ἄνθρωπον

2100 1579 2129 1631 ό
2155 1578 2364 1649 Σωτὴρ,
2397 1576 2697 1646 ἐνεφύσησε
2729 1576 2840 1638 τοῖς
2873 1573 3141 1644 μαθηταῖς
3172 1572 3347 1640 λέγων
3370 1588 3383 1601 ·
3422 1590 3441 1621 ι
3468 1568 3683 1623 Λάϐετε

2102 1667 2327 1738 Πνεῦμα
2358 1667 2532 1735 ἅγιον.
2556 1666 2769 1735 -ιὊπερ
2796 1659 2888 1717 οῦν
2909 1666 2942 1734 ἡ
2974 1662 3331 1731 ἀνακαίνησις
3363 1658 3496 1729 ἔχει,
3516 1656 3686 1712 τοῦτο

413 1772 583 1811 cens:
617 1773 636 1808 ι
666 1756 910 1827 Accipite
942 1755 1201 1826 Spiritum
1262 1764 1506 1809 sanctum
1539 1752 1610 1807 “.
1657 1770 1676 1804 ι
1726 1752 1781 1807 Id
1836 1751 1993 1822 igitur

2105 1759 2405 1831 κεκτῆσθαι
2469 1759 2684 1822 πάντως
2738 1758 2834 1810 καὶ
2877 1756 2977 1828 τὴν
3022 1755 3355 1827 ἀρχαιότητα
3410 1753 3686 1823 προσήκει

412 1851 557 1917 quod
592 1850 707 1904 haec
734 1821 1015 1904 renovatio
1076 1854 1241 1916 atque
1303 1846 1631 1902 instauratio
1662 1821 1869 1911 habet,
1893 1846 1993 1899 hoc

2099 1821 2272 1908 νοεῖν..
2292 1851 2502 1907 Οὐκοῦν
2530 1821 2808 1904 τελείωσιν
2840 1821 3216 1919 ἐξεικονισμοῦ
3244 1846 3380 1919 πρὸς
3403 1821 3500 1917 τήν
3522 1821 3683 1899 θείαν

412 1940 579 1994 etiam
613 1939 846 2010 primum
877 1937 1117 1993 hominis
1145 1946 1348 1992 statum
1380 1936 1636 1992 habuisse
1666 1936 1991 1992 credendum

411 2039 521 2087 est.
557 2030 625 2087 Ut
684 2030 847 2102 igitur
886 2033 1062 2101 imago
1092 2030 1177 2084 illa
1203 2030 1452 2085 essentia:
1480 2029 1676 2084 divinae
1707 2027 1996 2099 perfectior

412 2125 505 2188 sit,
533 2123 772 2193 Spiritus
795 2122 1138 2193 participatio
1165 2121 1366 2177 homini
1401 2121 1617 2188 tribuit,
1653 2136 1760 2176 non
1786 2119 1991 2188 simpli-

411 2217 551 2269 citer
581 2214 632 2267 in
660 2213 993 2283 cogitatione
1023 2227 1088 2267 ac
1118 2222 1297 2266 mente
1332 2211 1425 2266 Dei
1458 2211 1746 2272 formatum
1772 2223 1891 2264 esse
1918 2219 1995 2261 ta-

414 2308 516 2361 lem
542 2306 717 2375 qualis
744 2305 863 2375 ipse
889 2313 993 2359 est.
1028 2302 1087 2359 Si
1113 2318 1244 2358 vero
1306 2313 1530 2371 accepto
1580 2301 1785 2370 Spiritu
1870 2298 1992 2355 Filil

411 2399 641 2453 formam
684 2397 777 2453 Dei
834 2396 1168 2465 accipimus,
1220 2396 1492 2464 quomodo
1556 2394 1661 2449 erit
1714 2393 1993 2464 inaequalis

412 2489 562 2545 Patri
592 2489 784 2557 Filius,
806 2488 923 2559 qui,
956 2498 1016 2543 nt
1066 2488 1143 2543 illi
1176 2488 1596 2554 couformemur,
1635 2486 1803 2542 etiam
1836 2487 1993 2543 nobis

411 2598 509 2653 per
528 2583 769 2653 seipsqu
799 2580 1010 2637 donat?

835 2698 1075 2768 Objectio
1099 2696 1544 2753 adversariorum.

480 2810 1035 2874 lncommunicabilis,
1088 2809 1259 2876 aiunt,
1329 2819 1414 2864 est
1458 2808 1640 2876 Pater,
1691 2825 1866 2881 neque
1894 2827 1992 2882 per

411 2905 651 2975 seipsum
682 2919 712 2958 a
747 2904 904 2959 nobis
932 2905 1243 2974 participari
1274 2915 1472 2975 patest,
1502 2908 1571 2962 ob
1618 2923 1885 2963 summam
1927 2910 1991 2963 il-

415 2998 518 3050 lam
550 2996 949 3064 excellentiam,
982 3008 1145 3065 atque
1162 2997 1513 3052 eminentiam
1567 3001 1805 3067 deitatis,
1867 3016 1988 3071 quae

2093 1946 2334 2017 οὑσίανή
2360 1944 2455 1998 τοῦ
2482 1943 2797 2014 Πνεύματος
2826 1939 3028 2013 μετοχὴ
3056 1940 3133 2010 τῷ
3159 1938 3429 2009 ἀνθρώπῳ
3452 1937 3683 2008 χαρίζεο

2092 2056 2204 2105 ται,
2235 2038 2332 2107 οὐχ
2363 2035 2548 2100 ἁπλῶς
2578 2035 2639 2089 τὸ
2670 2037 2729 2089 ὲν
2761 2035 2951 2107 μόναις
2989 2033 3222 2096 ἐννοίαις
3260 2029 3395 2084 Θεοῦ
3442 2029 3680 2083 διαπλα-

2096 2132 2287 2203 σθῆναι
2313 2128 2554 2185 τοιοῦτον
2576 2127 2758 2191 ὁποῖός
2785 2127 2932 2180 ἑστιν
2954 2125 3151 2195 ζαὺτός.
3180 2125 3240 2177 Ei
3264 2122 3320 2176 δὲ
3353 2122 3414 2176 τὸ
3447 2121 3681 2191 Πνεῦμα

2092 2220 2185 2274 τοῦ
2222 2220 2355 2273 Υἱοῦ
2386 2218 2758 2290 λαμϐάνοντες
2805 2216 2943 2287 πρὸς
2974 2215 3106 2269 Θεὸν
3148 2213 3522 2287 μορφούμεθα.
3557 2211 3681 2277 πῶς

2092 2313 2347 2383 ἀνόμοιος
2396 2311 2551 2365 ἔσται
2598 2308 2676 2380 τῷ
2720 2309 2897 2380 Πατρὶ
2930 2309 2959 2362 ὁ
2992 2307 3119 2371 Υἱὸς
3155 2309 3183 2361 ό
3223 2306 3285 2360 τὸ
3334 2303 3682 2377 μορφοῦσθαι

2094 2405 2230 2476 πρὸς
2264 2406 2471 2459 ἐκεῖνον
2502 2403 2595 2457 καὶ
2619 2404 2751 2474 ἡμῖν
2775 2402 2841 2456 δι’
2865 2400 3059 2455 ἑαυτοῦ
3087 2400 3458 2473 δωρούμενος;

2303 2703 2603 2772 Πρότασις
2641 2700 2722 2766 ὡς
2758 2698 2827 2753 ἐκ
2866 2695 2985 2751 τῶν
3022 2696 3096 2749 δι’
3125 2693 3422 2760 ἐναντίας.

2175 2815 2579 2887 Ἀκοινώνητος,
2603 2813 2757 2884 φασὶ,
2781 2812 2874 2867 καὶ
2901 2813 2963 2865 οὑ
2992 2809 3253 2882 μεθεκτὸς
3280 2809 3408 2880 ἡμῖν
3428 2807 3455 2859 ό
3478 2806 3683 2877 Πατὴρ

2090 2912 2157 2965 δι’
2188 2909 2402 2975 ἑαυτοῦ,
2430 2908 2519 2961 διά
2549 2907 2647 2978 τὴν
2680 2904 2984 2977 ὑπερϐολὴν
3015 2904 3108 2957 καὶ
3135 2902 3235 2973 τὴν
3267 2903 3440 2971 ἄκραν
3482 2897 3681 2966 ῶσπερ

2092 3004 2187 3058 καὶ
2231 3001 2512 3072 ἀχώρητον
2564 3001 2628 3069 τῇ
2676 2995 2997 3068 ἀνθρωπεία
3055 2995 3213 3063 φύσει
3263 2994 3359 3062 τῆς
3416 2989 3682 3055 θεότητος

411 3089 481 3142 ab
510 3087 744 3141 humana
792 3094 982 3141 natura
1012 3089 1213 3157 percipi
1267 3104 1374 3143 non
1431 3100 1627 3159 potest.
1682 3090 1990 3164 Percipitur

2099 3094 2415 3166 μετάληψιν.
2434 3093 2705 3161 Χωρεῖται
2732 3089 2790 3143 δὲ
2832 3088 2926 3142 καὶ
2958 3089 3015 3140 ὲν
3046 3088 3175 3155 ἡμῖν
3198 3084 3404 3153 γίνεται
3424 3082 3491 3134 δι’
3517 3080 3681 3144 Υἰοῦ,

410 3190 613 3246 autem,
635 3189 689 3233 et
717 3179 771 3233 in
805 3180 957 3233 nobis
991 3189 1075 3234 est
1129 3195 1225 3248 per
1285 3179 1501 3243 Filium.
1557 3181 1812 3237 nimirum
1844 3159 1989 3238 ’tan-

2099 3159 2164 3250 ῶς
2206 3159 2590 3244 δι”έλάττονος
2636 3179 2858 3252 δηλαδή.
2898 3178 3022 3241 Πῶς
3067 3172 3163 3229 οὖν
3201 3176 3383 3245 ὅμοιος
3410 3173 3564 3225 ἔσται
3598 3170 3685 3241 τῷ

411 3286 574 3338 quam
597 3286 691 3341 per
714 3270 1003 3325 minorem.
1030 3271 1315 3338 Quomodo
1343 3272 1503 3341 igitur
1531 3274 1725 3327 similis
1758 3276 1862 3329 erit
1884 3274 1989 3329 Pa-

414 3363 508 3426 tri,
532 3375 653 3417 cum
689 3376 719 3416 a
749 3362 903 3417 nobis
925 3364 1127 3433 percipi
1154 3364 1324 3433 possit
1341 3361 1531 3427 Filius,
1556 3362 1717 3419 Pater
1738 3380 1867 3421 vero
1888 3365 1992 3421 mi-

413 3452 594 3509 nime?

753 3564 835 3618 Ad
865 3565 975 3620 haec
1007 3567 1263 3636 exceptio,
1294 3568 1398 3622 sive
1418 3568 1630 3626 solutio.

482 3673 821 3732 Temulentis
853 3677 1061 3732 similes
1088 3678 1275 3735 hostes
1306 3679 1422 3745 Dei,
1450 3690 1508 3735 ut
1545 3693 1786 3752 apparet,
1842 3683 1994 3754 igno-

413 3776 533 3821 rant
552 3767 678 3835 quid
707 3768 908 3835 dicant,
934 3778 1029 3824 aut
1056 3770 1120 3824 de
1142 3772 1337 3839 quibus
1366 3775 1713 3828 contendant.
1738 3773 1793 3829 Si
1822 3776 1990 3843 enim,

414 3866 476 3912 ut
517 3872 614 3913 vos
652 3858 853 3923 dicitis,
883 3860 1065 3913 omnia
1095 3870 1222 3914 sunt
1256 3876 1446 3931 magna
1474 3872 1530 3916 et
1557 3865 1991 3932 supernaturalia

418 3950 473 4003 in
504 3949 685 4014 Patre.
712 3966 939 4005 necesse
974 3962 1058 4006 est
1097 3962 1157 4007 ut
1202 3952 1445 4021 ejusdem
1478 3970 1691 4025 quoque
1726 3958 1992 4012 conditio-

418 4041 506 4097 nis
535 4057 657 4097 esse
680 4041 948 4098 fateamur
985 4044 1283 4099 bonitatem
1313 4062 1434 4115 qua:
1465 4047 1516 4102 in
1552 4050 1669 4118 ipso
1713 4060 1815 4104 est.
1874 4050 1993 4116 Ouo

421 4145 582 4204 pacto
616 4134 779 4205 igitur
812 4135 856 4190 is
882 4136 972 4206 qui
1002 4152 1213 4193 summe
1272 4139 1446 4194 bonus
1484 4150 1568 4195 est
1627 4142 1829 4212 percipi
1885 4158 1991 4198 non

416 4228 615 4296 poterit
644 4229 712 4282 ab
738 4228 807 4283 iis
838 4232 929 4300 qui
958 4228 1203 4286 bonitate
1238 4231 1516 4302 indigent?
1540 4232 1646 4287 Aut
1688 4248 1795 4302 quo
1835 4246 1993 4303 pacto

417 4318 473 4373 in
508 4320 816 4376 universum
843 4321 1015 4377 bonus
1044 4325 1346 4378 censendus
1388 4325 1482 4393 sit,
1527 4325 1618 4394 qui
1671 4326 1991 4382 excellentia

419 4413 652 4480 quadam
677 4424 953 4468 creaturas
985 4425 1275 4485 superante
1305 4432 1494 4471 omnes
1517 4433 1546 4469 a
1578 4417 1660 4471 sui
1696 4418 1990 4487 participa-

2094 3278 2288 3350 Πατρὶ,
2318 3274 2561 3349 χωρητὸς
2587 3272 2662 3326 ὢν
2686 3274 2743 3325 ἐν
2760 3273 2889 3343 ἡμῖν
2909 3272 3020 3333 τοῖς
3041 3270 3247 3322 ἐκεῖνον
3268 3268 3328 3321 οὑ
3355 3262 3685 3335 δυναμένοις

2093 3386 2291 3442 χωρειν
2317 3387 2329 3398 ·

2279 3570 2433 3642 Πρὸς
2470 3569 2648 3623 τοῦτο
2684 3562 3073 3633 ἀνθυποφορά
3110 3560 3241 3630 ἦτοι
3278 3559 3481 3623 λύσις.

2164 3687 2440 3743 Μεθύουσι
2481 3659 2648 3738 πάλιν
2697 3683 2819 3744 ταῖς
2871 3675 3150 3739 ἀϐουλίαις
3182 3674 3231 3727 οἱ
3273 3671 3550 3743 θεομάχοι,
3594 3652 3691 3739 μῆ

2092 3781 2313 3842 εἰδότες,
2346 3779 2419 3841 ὡς
2456 3776 2727 3846 φαίνεται,
2766 3773 2900 3843 μήτε
2928 3769 2962 3823 ἃ
2987 3769 3225 3837 λέγουσι,
3257 3766 3395 3836 μήτε
3428 3763 3554 3831 περὶ
3586 3760 3684 3813 τί·

2092 3890 2199 3927 νων
2244 3868 2700 3924 διαὸεϐαιοῦνται.
2750 3866 2811 3917 Ei
2846 3862 2973 3934 γὰρ,
3002 3860 3253 3929 καθάπερ
3297 3857 3453 3926 ὑμεῖς
3506 3869 3680 3922 φατε,

2093 3966 2269 4019 πάντα
2306 3960 2520 4033 μεγάλα
2550 3957 2645 4011 καὶ
2678 3954 2931 4026 ὑπερφυῆ
2956 3954 3025 4006 τὰ
3049 3953 3106 4005 ὲν
3129 3950 3206 4021 τῷ
3236 3948 3431 4018 Πατρὶ,
3454 3944 3680 4014 ἀνάγκη

2091 4055 2274 4110 δοῦναι
2318 4052 2572 4115 τοιαύτην
2602 4048 2697 4103 καὶ
2724 4047 2821 4117 τὴν
2850 4047 3261 4116 ἐνυπάρχουσαν
3288 4038 3436 4108 αὑτῷ
3466 4037 3684 4105 ἀγαθό-

2090 4166 2247 4221 τητα.
2279 4146 2404 4208 Πῶς
2432 4140 2523 4198 οὖν
2565 4145 2593 4197 ὁ
2633 4145 2713 4204 εἰς
2746 4140 2914 4210 ἄκρον
2941 4137 3166 4207 ἀγαθὸς.
3200 4134 3484 4204 ἀχὼρητος
3515 4131 3682 4183 ἐσται

2090 4244 2202 4303 τοῖς
2245 4237 2580 4305 ἀγαθότητος
2623 4233 2933 4302 δεομένοις;
2965 4229 3089 4293 Πῶς
3136 4228 3193 4281 δὲ
3242 4226 3378 4289 ὅλως
3408 4223 3616 4292 ἀγαθὸς
3649 4227 3683 4278 ὀ

2088 4334 2210 4394 ταῖς
2243 4330 2383 4401 ὑπὲρ
2406 4327 2504 4396 τὴν
2528 4326 2704 4379 κτίσιν
2730 4324 2832 4377 ὑπε
2842 4322 3057 4391 ρὸολαῖς
3081 4318 3385 4373 ἀποκλείων
3413 4318 3591 4370 ἅπασι
3611 4317 3682 4370 τὸ

2096 4424 2387 4496 μετασχεῖν
2416 4418 2582 4474 αὑτοῦ
2608 4436 2623 4484 ;
2650 4418 2770 4489 Χρὴ
2799 4417 2908 4487 γὰρ
2936 4412 3224 4486 δήπουθεν,
3262 4412 3291 4464 ὃ
3319 4410 3383 4482 δὴ
3406 4410 3497 4463 καὶ⁵
3528 4410 3679 4481 ἀλη-

417 4504 562 4559 tione
590 4504 881 4559 excludat?
917 4504 1325 4576 Oporteteuim,
1343 4509 1485 4579 quod
1509 4508 1851 4562 verissimum
1872 4524 1991 4563 esse

2099 4518 2184 4582 θὲς
2215 4516 2273 4569 ὸν
2301 4510 2676 4584 φαίνεται,τὸν
2699 4508 2845 4574 ἅπαξ
2869 4503 3473 4575 άγαθὸν,ἀναλογοῦσαν
3500 4502 3679 4557 αὑτοῦ

420 4593 861 4664 deprehenditur,
892 4612 1014 4652 eum
1053 4600 1142 4667 qui
1174 4600 1395 4654 omnino
1424 4599 1597 4653 bonus
1645 4609 1752 4663 est,
1779 4599 1989 4654 bonita-

421 4691 527 4737 tem
562 4697 714 4738 suam
744 4685 993 4740 omnibus
1030 4701 1351 4758 proponere,
1401 4686 1721 4756 facilemque
1781 4688 1991 4744 fruitio-

420 4794 544 4832 nem
574 4778 640 4833 iis
664 4780 755 4848 qui
783 4780 901 4851 ejus
929 4782 1194 4852 indigent,
1222 4781 1511 4851 explicare.
1569 4782 1722 4848 Quod
1772 4783 1987 4852 quidem

418 4869 537 4938 ipse
560 4867 742 4924 facere
780 4873 1044 4938 cernitur,
1071 4887 1193 4926 cum
1226 4888 1285 4927 se
1316 4874 1367 4926 in
1418 4872 1574 4927 nobis
1620 4872 1987 4928 habitaturum

416 4968 581 5031 atque
607 4962 1003 5017 ambulaturum
1033 4964 1319 5033 promittit,
1353 4972 1408 5020 et
1440 4964 1579 5019 filios
1636 4980 1764 5021 suos
1807 4964 1990 5019 decla-

415 5063 523 5109 rat.
554 5054 706 5109 Vana
741 5059 926 5124 itaque
987 5066 1071 5112 est
1125 5057 1411 5127 impiorum
1442 5057 1757 5127 propositio.
1803 5054 1991 5127 Neque

414 5147 559 5201 enim
596 5160 691 5216 per
718 5147 1092 5203 excellentiam
1127 5163 1280 5203 suam
1328 5157 1385 5203 et
1416 5160 1620 5203 natura:
1638 5149 1987 5204 eminentiam

416 5240 483 5294 ad
502 5241 837 5295 ferocitatem
868 5242 1043 5312 vergit
1071 5256 1087 5295 :
1114 5242 1209 5296 sed
1235 5242 1443 5312 potius,
1485 5250 1667 5297 tantus
1709 5257 1833 5297 cum
1892 5245 1983 5309 sit,

415 5346 683 5386 summam
710 5332 1095 5401 benignitatem
1122 5348 1232 5402 prae
1257 5349 1317 5389 se
1340 5334 1464 5389 fert.
1496 5331 1572 5387 Ex
1593 5334 1845 5389 omnibus
1862 5350 1990 5389 vero

414 5436 536 5491 quae
572 5423 621 5477 ei
650 5425 835 5479 insunt
856 5425 1219 5495 pulcherrima
1250 5438 1338 5481 res
1361 5434 1445 5481 est
1474 5425 1689 5480 bonitas
1712 5425 1851 5497 ejus,
1870 5441 1989 5495 qua:

416 5528 513 5584 per
535 5512 752 5585 Filium,
771 5528 830 5572 ut
853 5519 930 5573 ait
971 5518 1275 5590 Scriptura,
1310 5521 1364 5574 in
1397 5518 1572 5574 malos
1593 5517 1749 5589 juxta
1790 5534 1855 5573 ac
1895 5520 1991 5574 bo-

415 5619 518 5661 nos
538 5617 827 5663 commeat:
853 5607 1165 5680 nullumque
1185 5607 1405 5667 omnino
1423 5622 1453 5662 a
1472 5607 1557 5664 sui
1573 5604 1989 5679 participatione

408 5864 411 5867 ,
487 5790 983 5861 ⁸¹ι³οειιι.ιιι,9.ι.
1060 5792 1473 5861 "nummi.
1545 5785 2013 5852 “Joau.xx,22.

2094 4613 2205 4673 τοῖς
2230 4610 2364 4660 πᾶσι
2380 4604 2660 4676 προθεῖναι
2687 4602 2787 4672 τὴν
2810 4598 3140 4668 ἀγαθότητα,
3159 4597 3254 4651 καὶ
3272 4598 3351 4659 εἰς
3370 4594 3681 4648 ἀπόλαυσιν

2095 4698 2205 4758 τοῖς
2233 4693 2401 4762 αὑτῆς
2429 4691 2701 4762 δεομένοις
2740 4688 2964 4758 ἑτοίμην
2993 4685 3278 4752 ἑξαπλοῦν.
3297 4684 3432 4737 Ἀλλ’
3453 4684 3554 4754 ἤδη
3578 4684 3681 4737 καὶ

2095 4786 2252 4840 τοῦτο
2287 4785 2458 4839 ποιῶν
2491 4782 2759 4852 φαίνεται,
2792 4779 2861 4833 δι’
2893 4772 2969 4833 ὧν
3002 4779 3097 4832 καὶ
3126 4777 3425 4847 ὲνοικήσειν
3454 4776 3515 4826 ὲν
3535 4776 3680 4843 ἡμῖν

2096 4875 2487 4945 ἐπαγγέλλεται
2535 4873 2631 4927 καὶ
2678 4870 3172 4943 ὲμπεριπατήσειν,
3200 4870 3294 4922 καὶ
3344 4868 3490 4929 υἱοὺς
3535 4866 3682 4918 ἀπο-

2095 4966 2351 5021 δεικνύει.
2379 4964 2588 5018 Οὑκοῦν
2620 4963 2787 5027 ἕωλος
2812 4965 2923 5026 τοῖς
2951 4961 3132 5025 ἀθέοις
3159 4962 3191 5031 ἡ
3225 4959 3507 5031 πρότασις.
3538 4958 3678 5011 Φαί-

2095 5074 2246 5111 νεται
2292 5056 2401 5127 γάρ
2450 5056 2511 5109 οὑ
2557 5055 2624 5109 δι’
2654 5053 2960 5125 ὑπερϐολὴν
3010 5052 3105 5106 καὶ
3156 5050 3543 5122 μεγαλοφυὴν,
3591 5052 3681 5112 εἰς

2094 5145 2395 5216 ἀγριότητα
2434 5143 2567 5208 Θεὸς
2618 5141 2958 5197 ἀποκλίνωνο
2993 5141 3127 5195 ἀλλά
3178 5140 3376 5211 μᾶλλον
3420 5138 3679 5201 τοσοῦτος

2094 5238 2355 5308 ὑπάρχων
2378 5237 2457 5299 εις
2476 5235 2791 5306 ἡμερότητα
2817 5235 2926 5305 ὅσῳ
2958 5232 3170 5304 μεγάλα
3204 5232 3273 5286 τά
3296 5226 3587 5286 αὑτοῦ.⁷Ων
3614 5231 3680 5283 ἓν
3724 5306 3731 5309 _

2089 5331 2153 5397 δὴ
2182 5330 2243 5383 τὸ
2269 5329 2550 5384 κάλλιστόν
2572 5330 2719 5381 ἐστιν
2745 5329 2778 5398 ὴ
2802 5327 3094 5396 ἀγαθότης,
3120 5325 3397 5395 φθάνουσα
3425 5323 3491 5378 δι’
3513 5323 3674 5387 Υἱοῦ,
3782 5314 3793 5319 ’

2091 5421 2235 5476 καθά
2265 5438 2432 5493 φησιν
2459 5420 2643 5485 αὑτὸς,
2672 5420 2764 5473 ἐπὶ
2798 5418 3066 5489 πονηρούς
3091 5435 3151 5471 τε
3180 5418 3276 5471 καὶ
3294 5416 3553 5485 ἀγαθοὺς.
3576 5414 3679 5469 καὶ

2094 5515 2283 5586 μηδενὶ
2306 5514 2367 5567 τὸ
2396 5514 2661 5587 παράπαν
2684 5510 3050 5566 ἀποκλείουσα
3079 5510 3141 5564 τὸ
3164 5510 3453 5581 μετασχεῖν
3473 5505 3675 5573 αὑτῆς.

2088 5607 2309 5680 Μετοχὴ
2357 5606 2413 5661 δὲ
2458 5604 2669 5678 Πατρὸς
2710 5605 2778 5660 δι’
2804 5602 2933 5659 Υίοῦ
2968 5604 3023 5657 ὲν
3052 5601 3331 5673 Πνεὺματι
3377 5598 3580 5669 κυρίως
3614 5610 3679 5649 τε
