3882 6210
209 363 312 421 229

1620 345 2064 407 THESAURUS.

3362 347 3470 403 230

210 483 303 536 καὶ
337 492 659 552 πρεποντως
705 475 772 530 ἂν
830 488 1061 543 γενοιτο.
1102 471 1316 543 Ὠσπερ
1357 466 1452 526 οὗν
1501 470 1596 526 καὶ⁵
1644 470 1795 541 ἡλίου

1926 468 2159 525 :xcludit.
2189 467 2366 524 Patris
2394 477 2577 523 autem
2623 462 2968 537 participatio
3008 479 3100 535 per
3151 462 3348 518 Filium
3416 467 3469 520 in

214 570 512 644 μετέχομεν
556 566 647 620 διὰ
690 565 793 634 τῆς
834 562 895 627 ἐξ
929 557 1095 615 αὑτοῦ
1136 560 1462 632 τικτομένης
1502 558 1699 627 αὐγῆς.
1726 557 1786 609 οὐ

210 663 334 733 δίχα
360 659 691 731 θερμότητος
715 658 750 727 ἢ
780 655 881 724 τῆς
912 652 1009 707 τοῦ
1040 652 1360 724 Πνεύματος
1396 652 1680 724 ἐνεργείας
1708 652 1789 704 εί-

1898 558 2101 628 Spiritu
2133 562 2348 630 proprie
2372 570 2427 614 et
2443 559 2833 615 convenienter
2865 556 2945 611 lit.
3006 555 3469 623 Quemadmodum

1884 651 2064 720 igitur
2084 660 2139 706 et
2188 651 2320 705 solis
2343 650 2637 721 participes
2691 648 2959 703 elﬁcimur
3008 662 3104 717 per
3130 646 3471 716 splendorem

213 753 345 807 κόνα
374 748 769 822 φέρει.Ὤσπερ
795 742 890 799 οὖν
931 743 1009 815 τῷ
1038 743 1171 814 ἡλίῳ
1197 743 1297 795 οὐκ
1334 743 1399 797 ἄν
1428 759 1512 807 τις
1536 742 1789 812 ἀνόμοιον

1935 760 2055 799 uem
2087 760 2150 797 ex
2179 758 2239 799 se
2266 744 2458 815 gignit,
2490 758 2594 797 non
2660 743 2794 796 citra
2853 741 3090 796 calorem
3137 741 3225 809 qui
3295 740 3467 808 imagt

215 841 353 899 ἐῖναι
387 843 534 911 λέγοι
570 841 632 893 τὸ
676 838 735 904 ἐξ
783 835 948 890 αὐτοῦ
998 836 1349 907 πεμπόμενον
1392 834 1510 904 φῶς
1540 834 1658 905 ἦτοι
1690 831 1789 902 τὴν

1934 837 2138 890 uaadam
2171 846 2258 890 est
2289 835 2619 904 operationis
2648 835 2882 906 Spiritus
2914 852 2926 890 :
2965 848 3123 887 nemo
3154 847 3281 885 vero
3319 832 3473 885 dixe-

215 934 543 1007 θερμότητα,
562 931 651 985 διὰ
672 930 731 983 τὸ
761 928 897 1000 μετὰ
923 927 1128 981 τούτων
1151 922 1291 981 εἶναι
1319 924 1598 998 μεθεκτὸν,
1616 924 1789 987 οὕτως

213 1028 365 1082 οὐδὲν
387 1024 689 1093 ἀναγκάσει
718 1021 811 1074 τὸν
834 1020 963 1072 Υίὸν
988 1018 1243 1089 ἀνόμοιον
1268 1014 1407 1071 εἶναι
1431 1016 1509 1087 τῷ
1537 1016 1713 1086 Πατρὶ
1733 1013 1797 1068 τὸ

213 1119 282 1172 δι’
309 1114 477 1172 αὐτοῦ
520 1112 843 1186 μετέχεσθαι
876 1110 968 1164 τὸν
1007 1108 1247 1180 Πατέρα.
1280 1106 1495 1162 Μᾶλλον
1524 1106 1583 1160 δὲ
1612 1107 1799 1176 ὅμοιον

214 1210 344 1263 ὄντα
374 1207 516 1262 κατὰ
543 1206 720 1260 πάντα
758 1200 1193 1257 δεικνύει.”οπου
1235 1199 1345 1271 γάρ
1373 1197 1503 1251 Υἱοῦ
1545 1196 1799 1267 μετέχον-

214 1318 329 1364 τες,
365 1303 464 1370 τῆς
487 1296 581 1351 τοῦ
611 1295 825 1366 Πατρὸς
857 1291 1145 1364 μετουσίας
1172 1291 1273 1344 οὐκ
1302 1288 1662 1361 ἐστερήμεθα,
1682 1286 1798 1351 πῶς

215 1391 316 1444 οὐκ
341 1388 493 1442 ἔσται
525 1386 789 1456 ταυτότης
820 1383 1008 1446 οὐσίας
1034 1381 1248 1453 Πατρὺς
1292 1380 1389 1435 καὶ
1420 1376 1589 1444 Υίοῦ;
1622 1378 1796 1431 Ὅπου

217 1482 274 1535 δὲ
305 1481 494 1544 οὐσίας
521 1478 805 1549 ταυτότης,
842 1477 996 1529 ποῖον
1020 1474 1131 1540 ἔξει
1152 1472 1318 1526 τόπον
1362 1471 1397 1542 ἠ
1440 1469 1794 1541 ἀνομοιότης;

219 1573 540 1643 Δεγέτωσαν
567 1572 615 1624 οξ
654 1567 1035 1641 χριστομάχοι.

1899 926 1972 981 rit
1997 926 2175 979 lumen
2212 924 2328 979 sive
2372 925 2701 979 caliditatem
2768 939 2889 995 quae
2929 939 2997 978 ex
3048 921 3162 977 sole
3204 922 3476 975 emittitur

1900 1016 2217 1072 dissimilem
2248 1016 2345 1071 soli
2373 1031 2512 1082 esse,
2552 1016 2707 1086 137
2733 1017 2855 1085 quia
2885 1030 3007 1070 cum
3038 1014 3124 1067 his
3178 1014 3260 1067 sol
3306 1010 3476 1080 parti-

1902 1109 2117 1179 cipatur
2147 1125 2162 1162 :
2199 1109 2271 1163 ita
2318 1107 2452 1161 nihil
2490 1116 2575 1161 est
2624 1110 2766 1177 quod
2819 1117 2977 1175 cogat
3007 1106 3124 1158 ideo
3157 1098 3475 1156 dissimilem

1902 1201 2003 1254 dici
2030 1198 2224 1254 Filium
2251 1216 2279 1253 a
2313 1199 2492 1263 Patre,
2521 1200 2644 1268 quia
2679 1214 2773 1267 per
2798 1200 2970 1266 ipsum
3029 1195 3205 1249 Patris
3247 1192 3477 1263 partici-

1902 1304 1994 1359 pes
2014 1288 2295 1344 elﬁcimur.
2327 1288 2437 1343 lmo
2465 1305 2592 1343 vero
2644 1289 2743 1340 hoc
2787 1302 2958 1355 Ipsum
3023 1284 3250 1338 similem
3287 1284 3334 1335 ei
3382 1296 3479 1349 per

1900 1382 2083 1434 onmia
2106 1396 2227 1434 esse
2267 1380 2443 1449 ipsum
2475 1379 2731 1433 ostendit.
2761 1375 2897 1432 Cum
2926 1375 3069 1430 enim
3094 1373 3213 1429 Filii
3258 1372 3479 1443 partici-

1901 1486 1996 1541 pes
2024 1471 2222 1538 eﬂ'ecti,
2245 1472 2419 1527 Patris
2444 1470 2933 1526 communicatione
2982 1483 3085 1521 non
3161 1466 3441 1537 privamur
3459 1505 3478 1529 ,

1904 1578 2008 1631 quo
2036 1575 2192 1632 pacto
2219 1579 2326 1618 non
2367 1563 2439 1617 sit
2498 1563 2685 1617 eadem
2739 1559 2970 1615 essentia
2995 1558 3172 1613 Patris
3215 1569 3271 1612 et
3320 1554 3479 1610 Filii?

220 1671 321 1726 Ubi
361 1685 486 1724 vero
547 1677 632 1722 est
669 1665 922 1720 identitas
981 1660 1253 1725 essentia,
1278 1673 1438 1731 quem
1476 1659 1652 1714 locum
1698 1658 1918 1714 habebit
1975 1660 2386 1716 dissimilitudo?
2422 1659 2803 1730 Respondeant
2830 1656 2985 1712 nobis
3039 1657 3224 1711 hostes
3246 1654 3476 1711 Christi.

476 1831 807 1896 Ἀντίθεσις
848 1827 930 1894 ὡς
962 1825 1031 1880 ἐκ
1075 1821 1194 1879 τῶν
1220 1820 1549 1892 αἱρετικῶν.

288 1990 403 2044 Καὶ
434 1987 550 2051 πῶς
582 1986 648 2040 ἂν
672 1984 783 2055 εἴη,
816 1981 973 2052 φασὶ,
1000 1978 1143 2034 κατὰ
1165 1979 1255 2033 τὸν
1285 1977 1389 2049 τῆς
1424 1976 1613 2040 οὐσίας
1644 1975 1801 2045 λόγον

219 2082 405 2152 ὅμοιος
435 2078 515 2149 τῷ
561 2076 737 2147 Πατρὶ
788 2076 818 2128 6
862 2072 1010 2137 Υἱὸς,
1040 2073 1097 2135 ὃς
1148 2089 1212 2141 γε
1259 2069 1511 2125 τοσοῦτον
1565 2068 1803 2121 ἐλάττων

222 2173 496 2243 φαίνεται,
524 2169 599 2233 ώς
625 2167 760 2240 μηδὲ
782 2167 916 2239 όρᾷν
952 2163 1150 2231 αὐτόν;
1182 2163 1292 2216 Καὶ
1327 2161 1489 2215 τοῦτο
1513 2159 1622 2231 γὰρ
1644 2158 1805 2221 αὑτός

221 2283 330 2319 που
350 2262 783 2335 διαμαρτύρεται
812 2258 1006 2327 λέγων’
1035 2275 1053 2308 ι
1072 2255 1205 2309 Θεὸν
1243 2254 1419 2317 οὐδεὶς
1449 2251 1661 2323 ἐώρακε
1693 2250 1807 2305 πώ-

223 2374 379 2412 ποτε*
415 2359 444 2410 6
466 2354 762 2427 μονογενὴς
789 2350 944 2416 Θεὸς,
972 2349 1001 2401 6
1029 2347 1105 2401 ὣν
1127 2349 1208 2410 είς
1244 2345 1335 2400 τὸν
1352 2345 1551 2398 κόλπον
1575 2342 1668 2396 τοῦ
1693 2344 1807 2396 Πα-

220 2452 388 2521 τρὸς,
439 2448 647 2509 ἐκεῖνος
693 2442 1021 2511 ἐξηγήσατο.
1057 2458 1076 2490 ι
1137 2437 1201 2490 Et
1255 2436 1436 2489 τοίνυν
1497 2432 1809 2505 ἀθεώρητον

222 2545 340 2604 τοῖς
362 2541 498 2593 πᾶσι
525 2536 615 2591 τὸν
636 2534 856 2606 Πατέρα
888 2530 1053 2602 φησιν
1084 2529 1114 2581 6
1143 2528 1296 2593 Υἱὸς,
1343 2528 1402 2580 ἐν
1429 2525 1483 2578 δὲ
1513 2526 1626 2586 τοῖς
1671 2526 1810 2577 πᾶσι

224 2632 326 2685 καὶ
359 2628 541 2693 αὐτὸς,
589 2626 707 2690 πῶς
757 2624 825 2679 ἂν
881 2622 969 2693 εῐη
1020 2618 1161 2675 κατὰ
1188 2619 1288 2692 τὴν
1340 2617 1526 2672 οὐσίαν
1574 2616 1811 2687 ὃμοιοςό

222 2723 486 2777 τοσοῦτον
514 2718 861 2792 ἡττώμενος;

724 2850 884 2922 Πρὸς
903 2848 1081 2905 τοῦτο
1116 2847 1318 2913 λύσις.

302 2971 414 3024 Καὶ
442 2967 558 3031 πῶς
589 2965 688 3019 οὐκ
710 2964 971 3033 ἄντικρυς
993 2959 1131 3029 αὐτῇ
1159 2955 1456 3037 μαχόμενοι
1497 2954 1567 3024 τῇ
1589 2950 1817 3024 ἀληθείᾳ

227 3061 519 3135 φανεῖσθε,
554 3057 650 3113 καὶ
675 3057 880 3117 πάσαις
924 3049 1059 3123 ὁμοῦ
1094 3050 1213 3112 ταῖς
1247 3047 1423 3109 θείαις
1456 3045 1701 3115 Γραφαῖς
1723 3044 1817 3097 ἀν·

227 3156 603 3215 τιπίπτοντες,
633 3148 768 3222 μηδὲ
792 3144 943 3216 αὑτῷ
962 3143 1215 3211 λέγοντες
1236 3137 1464 3210 ὁρᾶσθαι
1494 3135 1571 3207 τῷ
1592 3135 1704 3207 Υἱῷ
1725 3136 1816 3189 τὸν

1826 1834 1874 1895 Β

2371 1821 2611 1889 Objectio
2636 1818 3021 1873 ha'reticorum.

1977 1979 2172 2047 Atque
2228 1985 2406 2047 pacto,
2452 1977 2623 2039 aiunt.
2654 1974 2727 2030 sit
2768 1971 2958 2028 similis
2993 1970 3140 2026 Patri
3183 1967 3355 2024 Filius
3395 1984 3482 2024 ra-

1913 2069 2057 2124 tione
2079 2069 2348 2133 essentia,
2373 2067 2462 2139 qui
2496 2077 2644 2121 tanto
2675 2067 2851 2118 minor
2881 2078 3000 2118 esse
3032 2062 3295 2123 cernitur,
3331 2070 3389 2114 ut
3415 2075 3484 2115 ne

1912 2159 2092 2213 videat
2124 2157 2339 2227 quidem
2368 2155 2582 2226 ipsum?
2606 2154 2758 2221 Quod
2784 2152 2997 2222 quidem
3030 2151 3141 2220 ipse
3161 2149 3285 2203 alibi
3315 2158 3484 2204 testa-

1914 2258 2021 2315 tnr,
2052 2249 2303 2318 inquiens
2334 2266 2347 2301 :
2390 2267 2407 2298 ι
2448 2248 2615 2301 Deum
2648 2259 2807 2300 nemo
2836 2244 2965 2297 vidit
2984 2257 3218 2310 unquam
3250 2258 3264 2294 :
3298 2241 3486 2310 unige-

1914 2343 2060 2397 nitus
2085 2341 2254 2396 Filius
2286 2341 2403 2408 Dei,
2433 2341 2526 2411 qui
2568 2349 2653 2394 est
2703 2339 2757 2392 in
2819 2337 2939 2392 sinu
2974 2334 3171 2399 Patris,
3198 2332 3288 2386 ille
3315 2346 3485 2399 expo-

1914 2434 2109 2490 suit”.
2142 2453 2160 2486 ι
2200 2434 2255 2489 Si
2283 2449 2412 2504 ergo
2441 2431 2610 2486 Filius
2636 2430 2850 2484 Patrem
2876 2427 3130 2481 omnibus
3164 2420 3485 2478 invisibilcm

1915 2541 2037 2583 esse
2071 2527 2221 2591 dicit,
2270 2534 2327 2580 et
2390 2522 2786 2594 signiﬁcatione
2833 2519 3079 2575 omnium
3140 2514 3256 2585 ipse
3318 2513 3486 2568 etiam

1916 2617 2417 2689 comprehenditur,
2443 2614 2711 2685 quomodo
2736 2612 2807 2667 sit
2833 2611 3025 2667 similis
3070 2604 3372 2663 secundum
3402 2618 3491 2658 es-

1919 2713 2173 2777 sentiam,
2205 2712 2297 2780 qui
2328 2720 2478 2763 tanto
2513 2706 2740 2761 inferior
2765 2704 2889 2759 est?

2423 2843 2634 2899 Salutio
2672 2838 2997 2910 objectionis.

1992 2963 2215 3018 Atvero
2271 2958 2540 3031 quomodo
2572 2971 2680 3011 non
2730 2961 2915 3024 aperte
2944 2962 3037 3004 vos
3083 2960 3206 3003 cum
3238 2944 3492 2999 omnibus

1924 3053 2222 3126 Scripturis
2247 3050 2419 3105 sacris
2448 3058 2503 3104 et
2559 3047 2785 3101 veritate
2845 3055 3083 3112 pugnare
3139 3035 3496 3101 censeamini,

1916 3144 2013 3217 qui
2045 3160 2111 3201 ne
2138 3146 2205 3199 ab
2226 3144 2343 3214 ipso
2366 3141 2582 3211 quidem
2602 3137 2739 3192 Filio
2764 3139 2934 3190 visum
2963 3149 3083 3189 esse
3112 3130 3328 3185 Patrem
3358 3144 3488 3183 con~

229 3248 479 3316 Πατέρα,
497 3220 801 3313 κεκριίφθαι
838 3236 894 3291 δὲ
917 3234 1017 3306 τὴν
1035 3232 1130 3287 τοῦ
1152 3228 1490 3299 Μονογενοῦς
1521 3227 1814 3299 αὑτοπρόσ·

1928 3238 2168 3304 tenditis,
2200 3245 2255 3291 et
2308 3248 2494 3291 coram
2519 3230 2759 3286 intuendi
2787 3230 2959 3281 Patris
3013 3226 3319 3279 facultatem
3356 3220 3497 3278 Uni-

230 3353 389 3391 ωτον
431 3334 558 3387 θέαν
582 3351 597 3399 ;
621 3330 793 3385 καίτοι
824 3329 919 3382 καὶ
946 3323 1113 3381 αὐτοῦ
1148 3322 1443 3396 διαρρήδην
1476 3319 1707 3389 βοῶντος
1728 3319 1824 3390 οὐχ

237 3436 329 3488 ὃτι
350 3433 441 3485 τὸν
455 3428 675 3498 Πατέρα
696 3424 909 3497 ἐώρακέ
931 3441 1038 3489 τις,
1066 3423 1114 3474 εί
1134 3419 1251 3492 μὴὸ
1272 3418 1347 3471 ὣν
1372 3418 1526 3488 παρὰ
1549 3416 1642 3469 τοῦ
1663 3414 1821 3481 Θεοῦ,

232 3523 396 3587 οὗτος
416 3522 623 3593 ἑώρακε
653 3520 745 3573 τὸν
767 3516 1009 3587 Πατέρα.
1041 3512 1167 3577 Πῶς
1194 3511 1251 3565 δὲ
1286 3512 1335 3564 εί
1374 3512 1450 3580 μὴ
1472 3507 1825 3578 κατάληπτός

236 3625 393 3675 ἐστιν
411 3620 439 3671 6
469 3614 656 3685 Πατὴρ
687 3610 767 3681 τῷ
796 3607 935 3679 Υίῷ,
965 3605 1063 3660 καὶ
1094 3606 1225 3676 ἡμῖν
1273 3602 1437 3655 αὐτὸν
1464 3597 1823 3662 ἐπιδεικνύει,

235 3714 439 3780 λέγων’
502 3728 521 3760 ι
564 3708 621 3760 '0
646 3700 907 3775 ἑωρακὼς
951 3697 1074 3769 ἐμὲ,
1120 3695 1336 3766 ἑώρακε
1384 3693 1476 3746 τὸν
1510 3690 1766 3762 Ιιατέρα;
1800 3708 1820 3742 ι

238 3774 374 3865 Πώς
404 3798 541 3853 δὲτὸ
574 3774 804 3863 Πνεῦμα
833 3785 997 3843 αὑτοῦ
1046 3785 1226 3839 πάντα
1277 3780 1569 3835 ἐπίσταται
1624 3778 1718 3830 καὶ
1758 3774 1830 3829 τὰ

240 3893 389 3964 βάθη
422 3889 517 3944 τοῦ
544 3886 701 3950 Θεοῦ,
730 3881 982 3951 καθάπερ
1011 3878 1105 3931 καὶ
1128 3875 1189 3930 τὸ
1239 3872 1459 3942 πνεῦμα
1496 3867 1589 3924 τοῦ
1623 3867 1829 3939 ἀνθρώ-

238 3960 353 4041 που
376 3960 448 4039 τὰ
479 3985 536 4036 ἐν
566 3978 714 4049 αὐτῷ
734 3995 749 4043 ;
773 3974 898 4037 Πῶς
917 3972 973 4035 δὲ
1003 3969 1168 4024 πάλιν
1220 3968 1269 4020 οἱ
1316 3965 1436 4019 κατ’
1465 3961 1692 4035 οὐρανὸν
1725 3960 1828 4027 ἇγο

237 4080 395 4150 γελοι
422 4076 497 4140 ὡς
518 4073 580 4127 τὸ
611 4069 801 4124 τούτου
835 4064 1126 4138 πρόσωπον
1159 4054 1487 4126 θεωροῦντες
1520 4050 1830 4122 ἀνεγράφη-

242 4140 377 4230 σαν,
403 4169 451 4219 εἰ
492 4162 627 4235 μηδὲ
652 4159 732 4230 τῷ
761 4156 876 4226 Υίῷ
907 4151 1069 4207 τοῦτο
1090 4149 1349 4219 ὑπάρχει,
1405 4143 1526 4198 καθ’
1552 4143 1731 4212 ὑμᾶς;
1758 4140 1831 4192 Ἢ

241 4258 370 4321 πῶς
402 4232 505 4309 οὐκ
538 4232 847 4322 άληθεύσει,
882 4244 1077 4313 λέγων’
1111 4259 1129 4291 ι
1167 4236 1364 4300 Καθὼς
1410 4232 1669 4304 γινώσκει
1706 4249 1771 4303 με
1802 4233 1833 4285 ὁ

242 4351 466 4420 Πατὴρ,
491 4344 646 4414 κάγὼ
688 4340 942 4412 γινώσκω
991 4334 1082 4387 τὸν
1136 4331 1384 4403 Πατέρα;
1424 4347 1442 4380 ι
1480 4326 1592 4379 Καὶ
1633 4324 1829 4379 πάλιν·

251 4460 271 4492 ι
311 4415 501 4499 οὐδεὶς
531 4431 887 4502 ἐπιγινώσκει
917 4424 1007 4479 τὸν
1039 4422 1187 4486 Υίὸν,
1225 4422 1272 4473 εί
1311 4419 1386 4490 μὴ
1412 4420 1441 4471 6
1474 4417 1686 4489 Πατὴρ,
1712 4415 1834 4502 οὺδέ

243 4532 348 4585 τὸν
374 4528 595 4598 Πατέρα
632 4501 715 4586 τις
768 4514 1145 4587 ἐπιγινώσκει,
1195 4514 1245 4565 εἰ
1281 4511 1357 4582 μὴ
1408 4511 1436 4562 6
1484 4508 1631 4573 Υἱὸς,
1662 4507 1755 4561 καὶ
1789 4501 1833 4574 ᾧ

1927 3331 2109 3401 genito
2145 3326 2415 3390 adimitis,
2455 3337 2577 3378 cum
2612 3322 2727 3389 ipse
2751 3329 2938 3387 aperte
2972 3316 3189 3379 clamet,
3227 3316 3366 3383 quod
3406 3327 3498 3367 ne-

1926 3437 2015 3476 mo
2048 3415 2475 3473 videritPatrem
2508 3413 2611 3467 nisi
2647 3412 2736 3480 qui
2769 3425 2834 3462 cx
2880 3408 2990 3461 Deo
3060 3416 3163 3468 est,
3196 3407 3310 3473 ipse
3360 3404 3499 3457 vidit

1925 3508 2185 3566 Patrem?
2207 3506 2484 3573 Quomodo
2512 3514 2689 3557 autem
2718 3502 2818 3555 nisi
2848 3518 2875 3551 a
2904 3497 3038 3552 Filio
3093 3496 3294 3566 percipi
3324 3505 3499 3564 potest

1927 3602 2108 3666 Pater,
2140 3599 2293 3656 nobis
2312 3597 2473 3653 etiam
2521 3596 2693 3665 ipsum
2749 3592 3004 3655 ostendit,
3047 3589 3277 3643 dicens:
3313 3605 3332 3639 ι
3397 3586 3499 3653 Qui

1928 3694 2064 3749 vidit
2093 3705 2202 3756 me,
2233 3689 2369 3744 vidit
2395 3695 2449 3742 οι
2464 3685 2675 3740 Patrem
2709 3684 2755 3715 “
2778 3668 2853 3737 ι’»
2881 3680 3158 3748 Quomodo
3184 3678 3345 3734 etiam
3380 3677 3503 3745 Spi-

1928 3787 2066 3841 ritus
2093 3785 2209 3853 ejus
2231 3780 2411 3836 omnia
2448 3778 2617 3842 novit,
2668 3778 2830 3831 etiam
2886 3774 3065 3827 abdita
3091 3772 3203 3833 Dei.
3234 3772 3375 3825 sicut
3393 3771 3498 3838 spi-

1932 3878 2071 3932 ritus
2101 3872 2335 3930 hominis
2359 3886 2477 3941 quae
2512 3870 2567 3924 in
2595 3869 2709 3937 ipso
2748 3864 2978 3921 sunt"?
3005 3861 3287 3930 Quomodo
3314 3875 3501 3915 rursus

1930 3965 2109 4037 angeli
2144 3964 2395 4019 caelestes
2414 3972 2666 4029 tanquam
2703 3957 2894 4011 faciem
2927 3954 3044 4025 ejus
3070 3951 3501 4022 contemplantes

1930 4053 2188 4124 descripti
2224 4060 2372 4116 sunt,
2402 4050 2449 4105 si
2484 4064 2552 4103 ne
2591 4045 2731 4100 Filio
2759 4046 2974 4114 quidem
3013 4044 3116 4097 hoc
3145 4040 3501 4097 conceditur?

1931 4149 2040 4203 Aut
2072 4143 2343 4215 quomodo
2376 4140 2687 4202 mentiatur,
2719 4137 2943 4192 dicens:
2987 4153 3005 4186 ι
3037 4131 3193 4187 Sicut
3220 4132 3503 4201 cognoscit

1933 4255 2020 4295 me
2051 4238 2234 4298 Pater.
2252 4244 2307 4290 et
2329 4248 2428 4305 ego
2452 4245 2720 4302 cognosco
2754 4228 2970 4283 Patrem
2992 4224 3084 4278 '3?
3117 4243 3136 4276 ι
3170 4224 3235 4278 Ει
3262 4238 3449 4278 rursus
3484 4240 3497 4276 :

1939 4353 1957 4386 ι
1989 4331 2159 4387 Nemo
2178 4327 2458 4398 cognoscit
2493 4324 2688 4379 Filium
2720 4319 3019 4383 nisiPater,
3050 4332 3151 4372 nec
3174 4315 3390 4369 Patrem
3418 4315 3503 4369 ul-

1934 4427 2015 4479 lus
2042 4421 2319 4493 cognoscit
2350 4419 2451 4473 nisi
2483 4415 2676 4479 Filius,
2705 4423 2760 4468 et
2785 4411 2870 4466 cui
2899 4409 3132 4465 voluerit
3159 4407 3326 4461 Filius
3348 4420 3503 4460 reve-

1934 4518 2049 4572 lare
2069 4515 2159 4568 "?
2190 4532 2209 4565 ι
2244 4512 2344 4579 Qui
2371 4525 2499 4579 ergo
2527 4522 2634 4562 non
2664 4504 2838 4560 solum
2874 4502 3045 4567 novit,
3070 4515 3256 4555 verum
3335 4498 3503 4551 etiam

248 4624 353 4679 ἐὰν
381 4590 637 4690 βούλτῇαι
682 4616 712 4667 6
757 4610 889 4672 Υἱὸς
943 4603 1328 4673 ὰποκαλύψαι;
1366 4620 1386 4652 ι
1444 4601 1502 4653 '0
1528 4598 1706 4654 τοίνυν
1758 4598 1814 4665 μί

1938 4609 2058 4664 aliis
2084 4605 2325 4660 revelare
2350 4601 2565 4657 Patrem
2602 4605 2797 4667 potest,
2856 4593 3125 4663 quomodo
3178 4590 3350 4660 ipsqu
3397 4604 3503 4643 ttou

254 4714 421 4788 μόνον
452 4706 624 4772 εἰδὼς,
650 4702 787 4759 ἀλλὰ
812 4700 908 4755 καὶ
939 4695 1342 4752 ἀποκαλύπτειν
1368 4691 1573 4763 ἑτέροις
1591 4691 1680 4745 τὸν
1716 4692 1828 4744 Πα-

248 4777 391 4877 ἕτερα
421 4800 733 4871 δυνάμενος,
764 4792 882 4855 πῶς
919 4789 1077 4844 αὑτὸν
1105 4787 1206 4858 οὐχ
1231 4786 1335 4857 όρᾷ
1358 4801 1371 4849 ;
1395 4783 1520 4847 Πῶς
1539 4783 1595 4837 δὲ
1634 4783 1733 4835 οὐκ
1752 4777 1830 4835 οῖ-

249 4873 345 4953 δεν
378 4898 409 4948 6
428 4894 487 4960 ἐξ
510 4888 584 4946 ὧν
606 4893 754 4944 ἐστιν
780 4883 940 4947 αὐτὸς
958 4880 1112 4943 εἰδὼς
1139 4878 1230 4933 τὸν
1261 4876 1498 4948 Πατέρα,
1536 4876 1630 4928 καὶ
1656 4873 1829 4943 λέγων

253 4990 397 5063 πρὸς
421 4987 601 5043 αὐτόν’
657 5005 674 5037 ι
702 4984 784 5038 Τὰ
835 4982 944 5054 ἐμὰ
1001 4980 1177 5034 πάντα
1212 4977 1282 5031 σά
1337 4977 1475 5041 ἐστι,
1505 4974 1602 5028 καὶ
1646 4973 1715 5028 τὰ
1762 4972 1831 5025 σὰ

254 5081 407 5152 ἐμάς
442 5098 461 5130 ι
501 5078 712 5148 ’Ὥσπερ
737 5071 851 5140 οὖν,
884 5075 1042 5145 εἴπερ
1074 5068 1143 5144 ἦν
1162 5068 1471 5143 ἀθεώρητος
1507 5064 1677 5136 αὐτῷ,
1706 5063 1829 5119 καθ’

256 5175 428 5243 ὑμᾶς,
459 5174 488 5225 6
515 5170 726 5242 Πατὴρ,
758 5171 860 5223 οὐκ
886 5166 953 5221 ἂν
979 5163 1047 5239 ἦν
1076 5163 1223 5235 αὐτῷ
1250 5162 1371 5217 κατ’
1409 5162 1597 5215 οὐσίαν
1625 5159 1830 5229 ὅμοιος,

255 5266 436 5328 οὕτως
460 5263 751 5333 ἐπειδήπερ
770 5262 872 5332 ὁρᾷ
890 5260 984 5314 καὶ
1010 5256 1271 5328 γινώσκει
1302 5256 1391 5308 τὸν
1416 5253 1654 5322 Πατέρα,
1680 5250 1832 5305 ἔσται

257 5358 480 5418 πάντως
511 5353 659 5425 αὑτῷ
687 5352 829 5407 κατὰ
861 5351 1038 5405 πάντα
1094 5345 1453 5419 προσεοικὼς,
1490 5344 1584 5398 καὶ⁷
1610 5341 1832 5412 διαψεύ-

260 5464 417 5501 «erat
443 5446 607 5500 πάλιν
639 5446 739 5513 τῆς
769 5443 901 5516 παρ’
930 5440 1083 5513 ὑμῶν
1103 5436 1468 5507 συκοφαντίας
1490 5437 1519 5489 6
1546 5434 1723 5504 λόγος.

489 5554 889 5626 Ἆιθθυποερορὰ
926 5555 1005 5621 ὡς
1042 5553 1109 5607 ἐκ
1146 5551 1265 5607 τῶν
1296 5545 1619 5618 αζρετικῶν.

337 5668 493 5724 Κατά
517 5667 695 5733 τοῦτο,
731 5666 885 5737 φασὶ,
915 5665 1073 5721 μόνον
1103 5663 1287 5734 ὅμοιον
1308 5656 1450 5716 εἶναι
1480 5657 1724 5728 δώσομεν
1744 5617 1836 5708 τὸν

1945 4697 2129 4754 videt?
2155 4697 2261 4750 Aut
2284 4691 2556 4763 quomodo
2594 4703 2698 4743 non
2729 4684 2979 4755 cognovit
3037 4683 3126 4751 qui
3166 4696 3232 4736 ex
3266 4694 3373 4750 quo
3424 4688 3508 4732 est

1941 4790 2058 4860 ipse
2113 4785 2266 4841 novit
2317 4783 2574 4846 Patrem,
2633 4777 2836 4848 quique
2874 4775 2961 4829 [ad
3015 4771 3231 4828 Patrem
3318 4768 3503 4824 dicit:

1951 4901 1970 4935 ι
2006 4879 2198 4937 Omnia
2232 4890 2351 4931 mea
2388 4885 2475 4928 tua
2501 4881 2649 4937 sunt,
2680 4879 2731 4925 et
2767 4879 2857 4922 tua
2909 4882 3027 4922 mea
3058 4865 3147 4920 δοῖ
3180 4883 3200 4917 ι
3234 4862 3507 4930 Quemad-

1938 4974 2154 5027 modum
2198 4967 2382 5034 igitur,
2410 4963 2513 5018 sia
2539 4959 2678 5015 Filio
2705 4956 2875 5013 videri
2910 4971 3018 5011 non
3058 4961 3262 5025 posset,
3318 4963 3378 5005 ut
3404 4965 3504 5004 vos

1937 5059 2254 5132 opinamini,
2281 5054 2475 5112 similis
2504 5052 2755 5108 essentia;
2789 5064 2910 5104 cum
2955 5061 3024 5101 eo
3050 5061 3155 5099 non
3209 5050 3394 5098 esset:
3435 5040 3510 5096 ita

1939 5169 2064 5211 cum
2092 5152 2269 5206 videat
2290 5159 2345 5205 et
2375 5154 2665 5215 cognoscat
2698 5142 2939 5203 Patrem,
2959 5135 3158 5193 similis
3203 5134 3365 5189 etiam
3413 5148 3511 5202 per

1939 5245 2123 5303 omnia
2154 5243 2231 5298 illi
2268 5240 2449 5307 fuerit,
2482 5235 3008 5302 mendacissimaque
3031 5229 3133 5285 erit
3170 5237 3354 5283 vestra
3411 5240 3506 5280 cao

1938 5337 2164 5394 lumnia.

2156 5530 2318 5602 138
2352 5526 2587 5598 Objectio
2615 5522 2872 5594 replicans
2915 5516 3278 5573 hereticorum

2012 5645 2091 5702 Eo
2109 5654 2316 5700 tantum
2351 5640 2533 5706 modo,
2562 5644 2833 5707 mqmunt,
2867 5630 3098 5689 similem
3145 5640 3267 5684 esse
3315 5622 3515 5679 Filium

342 5815 385 5845 ”
414 5811 573 5867 Joan.
612 5826 651 5879 ι,
685 5810 771 5868 18.
845 5809 891 5841 ⁸⁸
911 5808 1065 5867 Joatt.
1103 5823 1214 5876 xw,
1243 5805 1297 5864 9.
1372 5791 1459 5861 ⁵³⁷1
1493 5806 1618 5861 Cor.
1648 5816 1711 5871 11,
1751 5796 1813 5855 Μ

1926 5790 1964 5825 ⁵⁸
1986 5786 2142 5847 Joan.
2177 5802 2231 5854 κ,
2265 5785 2350 5843 15.
2427 5781 2693 5839 "Matth.
2730 5792 2808 5845 st,
2846 5775 2937 5830 9.7.
3015 5774 3059 5807 “
3083 5773 3237 5832 .loau.
3264 5767 3511 5835 "mlo.
