3882 6210
379 313 473 370 151

1408 307 1465 363 S.
1508 306 1782 366 CYRILLI
1818 306 2287 362 ALEXANDRINI
2331 302 2651 362 ARCHIEP.

3535 304 3647 361 259

379 424 522 480 Patri
547 421 923 485 concedimus,
958 426 1230 491 quatenus
1256 418 1463 475 affatim
1496 422 1665 492 ipsius
1686 423 1956 493 particeps

2065 422 2189 476 Υίὸν
2217 421 2296 493 τῷ
2329 421 2529 495 Πατρὶ,
2553 420 2690 475 καθὸ
2734 419 3006 484 πλουσίως
3036 416 3201 474 αὑτοῦ
3249 422 3609 492 μετεσχηκὼς,

378 514 600 572 elfectus
632 525 719 571 est
753 513 1158 585 quodammodo
1200 523 1256 567 et
1340 513 1609 569 formatus
1635 514 1704 569 ad
1756 516 1952 584 ipsum.

378 607 843 675 Quemadmodum
871 616 925 661 et
958 620 1079 668 nos,
1111 614 1376 674 quantum
1407 606 1663 675 possibile
1717 617 1802 661 est
1854 608 1955 661 ho-

379 702 639 765 minibus,
671 700 869 754 divina:
895 708 1102 753 natura
1123 696 1413 767 participes
1427 695 1625 761 elfecti,
1654 702 1794 753 sicut
1817 699 1955 753 scri-

380 805 527 863 ptum
556 803 639 847 est
668 791 735 854 ⁶¹,
779 791 1071 861 imaginem
1104 790 1342 846 caelestis
1369 790 1679 860 accepimus
1712 791 1779 857 “,
1813 801 1869 848 et
1889 792 1956 847 ad

376 886 592 941 divinos
616 885 1017 955 quodaminodo
1056 882 1402 939 characteres
1435 882 1761 939 foriiiamur.

905 1094 1114 1152 Salutio
1140 1096 1464 1168 objectionis.

448 1233 519 1289 At
548 1233 821 1304 quisnam,
870 1234 1119 1301 obsecro,
1152 1233 1242 1303 qui
1274 1248 1461 1287 sacras
1518 1231 1828 1302 Scripturas
1882 1232 1960 1288 le-

378 1330 542 1398 gerit,
566 1336 771 1382 tantam
808 1337 1047 1381 vestram
1110 1326 1478 1395 nugacitatem
1534 1324 1711 1380 ferat?
1767 1325 1957 1381 Divina

377 1400 523 1474 enim
549 1418 756 1489 Scripta
786 1419 1081 1488 praedicant
1118 1435 1220 1473 non
1259 1434 1384 1474 esse
1418 1428 1665 1475 recenter
1713 1422 1877 1475 Deum
1906 1421 1957 1475 in

379 1513 569 1576 nobis;
604 1527 701 1566 vos
736 1518 915 1565 autem
946 1510 1012 1565 iis
1043 1510 1135 1581 qui
1171 1528 1201 1566 e
1232 1510 1439 1581 Spiritu
1471 1511 1765 1581 loquuntur
1794 1522 1959 1566 teme-

387 1604 531 1657 rarie
555 1603 919 1669 obluctantes,
951 1612 1223 1658 recentem
1250 1603 1426 1667 uobis,
1457 1614 1639 1673 atque,
1684 1614 1742 1657 ut
1776 1604 1847 1658 ita
1874 1604 1957 1657 di-

379 1709 522 1759 cam,
558 1711 729 1765 nuper
750 1695 949 1751 factuin
1008 1695 1176 1750 Deuiu
1240 1696 1395 1751 nobis
1445 1706 1810 1767 proponentes
1847 1712 1954 1752 non

2056 514 2354 585 πεποίηται
2379 515 2581 584 τρόπον
2610 513 2731 567 τινὰ
2778 513 2873 566 καὶ
2902 512 3261 585 μεμόρφωται
3287 514 3420 582 πρὸς
3449 514 3641 568 αὐτόν.

2056 607 2270 677 Ὥσπερ
2289 602 2383 659 οὖν
2417 607 2511 659 καὶ
2533 607 2717 677 ἡμεῖς,
2750 605 2893 658 κατὰ
2924 605 2987 658 τὸ
3038 606 3261 675 ἐφικτὸν
3291 605 3609 677 ἀνθρώποις
3630 648 3645 668 ,

2054 698 2304 752 κοινωνοὶ
2343 699 2443 768 τῆς
2501 697 2653 761 θείας
2706 697 2989 768 γενόμενοι
3038 696 3289 766 φύσεως,
3328 696 3508 762 καθὼς
3549 698 3645 765 γέ-

2057 805 2319 859 γραπται,
2349 790 2450 861 τῆν
2505 788 2690 843 εἰκόνα
2739 788 2834 841 τοῦ
2884 789 3206 859 ἐπουρανίου
3251 788 3643 859 λαμϐάνομεν,

2056 875 2322 948 καὶπρὸς
2378 879 2504 942 τοὺς
2546 877 2724 941 θείους
2768 874 2960 948 ὥσπερ
3003 879 3360 951 χαρακτῆρας
3396 879 3641 951 μορφού-

2059 968 2223 1040 μεθα.

2549 1104 2707 1173 Πρὸς
2730 1105 2915 1161 ταῦτα
2935 1106 3140 1173 λύσις.

2128 1235 2239 1288 Καὶ
2257 1235 2343 1299 τίς
2372 1234 2459 1302 ἂν,
2486 1236 2607 1290 είπέ
2636 1254 2749 1307 μοι,
2776 1238 2885 1291 τῶν
2941 1239 3039 1303 τὰς
3066 1239 3216 1303 θείας
3248 1240 3639 1309 ἁνεγνωκότων

2058 1327 2303 1398 Γραφὰς,
2334 1329 2432 1398 τῆς
2479 1329 2750 1400 τοσαύτης
2810 1330 2964 1402 ὑμῶν
3006 1332 3275 1403 φλυαρίας
3308 1334 3640 1403 ἁνάσχοιτο;

2059 1419 2123 1470 Oi
2160 1418 2257 1488 μὲν
2286 1418 2396 1489 γὰρ
2442 1418 2573 1473 θεῖοι
2614 1424 2943 1491 κηρύττουσι
2980 1423 3131 1491 λόγοι
3188 1426 3497 1496 πρόσφατον
3534 1427 3640 1481 οὐκ

2059 1512 2200 1564 εἶναι
2230 1510 2361 1565 Θεὸν
2392 1513 2449 1565 ἐν
2478 1514 2632 1584 ἡμῖν,
2662 1514 2822 1583 ὑμεῖς
2844 1515 2902 1568 δὲ
2940 1516 3051 1579 τοῖς
3076 1516 3185 1570 ἀπὸ
3213 1515 3304 1570 τοῦ
3323 1516 3642 1589 Πνεύματος

2057 1603 2409 1675 λαλουμένοις
2445 1604 2833 1677 ῥιψοκινδύνως
2872 1607 3290 1671 ἀντιτείνοντες,
3327 1609 3642 1679 πρόσφατον

2059 1696 2213 1765 ἡμῖν,
2251 1694 2345 1747 καὶ
2375 1694 2438 1747 ἵν’
2478 1693 2652 1758 οὕτως
2690 1694 2951 1764 εἴπωμεν,
3000 1695 3261 1769 ἁρτιγενῆ
3294 1695 3423 1749 Θεδν
3456 1695 3644 1764 εἰσφέ-

380 1787 722 1841 erubescitis.
743 1784 896 1852 Quod
926 1786 1070 1841 enim
1098 1787 1597 1843 communicatione
1648 1798 1704 1842 et
1737 1788 1959 1858 partici-

2066 1803 2248 1857 ροντες
2273 1784 2363 1839 τὸν
2395 1786 2523 1840 Υίδν
2551 1788 2652 1841 οὐκ
2672 1786 3015 1857 αἰσχύνεσθε.
3046 1787 3120 1841 Τὸ
3168 1788 3277 1860 γὰρ
3310 1789 3375 1841 ὲκ
3406 1789 3644 1858 μετοχῆς

380 1878 599 1948 patione
622 1878 859 1943 deitatis,
884 1878 951 1933 ad
983 1877 1125 1932 illam
1152 1878 1550 1947 quodammodo
1583 1878 1854 1951 elliugitur
1879 1891 1961 1935 at-

379 1986 488 2041 que
509 1969 798 2035 formatur,
834 1970 1189 2026 adventitium
1208 1981 1369 2041 atque
1384 1972 1703 2041 acquisitum
1724 1973 1886 2027 habet
1907 1973 1959 2027 id

390 2063 536 2132 quod
576 2062 628 2117 ei
665 2077 760 2131 per
778 2064 1248 2133 participationem
1301 2064 1460 2120 inest.
1508 2065 1663 2132 Quod
1708 2081 1835 2121 vero
1864 2067 1962 2121 ali-

378 2154 508 2222 quid
541 2153 776 2223 accepit,
810 2167 1031 2208 necesse
1048 2162 1129 2208 est
1158 2153 1337 2219 fateri,
1363 2170 1430 2207 ex
1460 2169 1525 2209 eo
1548 2154 1689 2223 quod
1716 2155 1784 2210 ab
1809 2157 1960 2210 initio

378 2261 485 2299 non
512 2244 583 2298 ita
614 2252 754 2309 erat,
787 2244 853 2299 ad
880 2244 1025 2298 aliud
1062 2243 1337 2311 quidpiam
1366 2242 1672 2299 transferri.
1706 2243 1823 2301 Hoc
1855 2260 1956 2299 au-

378 2347 486 2392 tem
519 2336 773 2393 accidens
796 2343 899 2393 est.
933 2335 1291 2406 Atquomodo
1322 2350 1427 2389 non
1457 2336 1527 2391 sit
1552 2336 1765 2392 facilius
1794 2337 1958 2391 amit-

378 2438 492 2483 tere
520 2428 571 2483 id
599 2429 741 2497 quod
769 2428 894 2497 quis
944 2427 1193 2497 accepit?
1224 2427 1355 2481 Nam
1397 2430 1540 2495 quod
1599 2430 1786 2484 datum
1848 2438 1956 2495 est,

377 2520 542 2575 adimi
576 2520 741 2574 etiam
774 2529 991 2591 potest:
1019 2528 1074 2574 et
1102 2519 1246 2588 quod
1280 2521 1603 2590 acquisitum
1648 2530 1750 2585 est,
1785 2530 1963 2592 potest

378 2629 595 2682 quoque
628 2614 826 2667 amitti.
864 2612 971 2667 Aut
998 2612 1167 2681 igitur
1188 2611 1373 2666 dicant
1423 2611 1617 2667 Filium
1658 2629 1818 2681 posse
1861 2629 1958 2669 ex-

379 2705 561 2760 cidere
584 2720 651 2760 ex
686 2720 753 2760 eo
784 2705 927 2774 quod
959 2704 1031 2759 sit
1053 2704 1216 2768 Deus,
1256 2714 1309 2760 et
1336 2704 1616 2771 Dominus,
1647 2714 1703 2760 et
1748 2702 1956 2761 Filius:

379 2809 474 2851 aut
497 2798 541 2851 si
567 2799 617 2851 id
642 2797 825 2851 dicere
854 2805 1134 2863 verentur,
1175 2798 1465 2867 potiusque
1494 2795 1809 2852 fatebuntur
1834 2797 1960 2854 Filii

380 2890 629 2943 essentia:
653 2888 858 2942 nullam
894 2889 1174 2943 felicitatis
1214 2890 1652 2946 immutationem
1715 2893 1964 2947 accidere

380 3003 559 3057 posse,
587 2988 860 3055 deponant
886 2986 1053 3040 etiam
1087 2985 1235 3041 illam
1258 2986 1565 3057 opinionem
1589 2988 1731 3058 quod
1752 3002 1816 3042 ex
1834 3002 1963 3057 par-

381 3079 695 3147 ticipatione
733 3077 909 3133 Patris
964 3078 1036 3134 sit
1088 3078 1506 3134 conformatus:
1560 3090 1615 3134 et
1660 3078 1959 3133 naturalem

2064 1875 2159 1929 καὶ
2201 1875 2559 1946 μεταλήψεως
2598 1876 2696 1946 τῆς
2734 1878 2865 1948 περὶ
2898 1877 2959 1930 τὸ
2992 1876 3136 1930 θεῖον
3184 1878 3259 1942 ὼς
3298 1878 3437 1950 πρὸς
3475 1876 3645 1932 αὑτὸν

2061 1967 2431 2038 πεποιημένον
2466 1984 2526 2020 τε
2557 1968 2650 2021 καὶ
2710 1971 3164 2039 μεμορφωμένον,
3200 1968 3496 2040 ἐπίκτητον
3524 1968 3644 2040 ἔχει

2060 2060 2155 2112 καὶ
2185 2060 2553 2129 προσγεγονδς
2603 2058 2750 2113 τοῦθ’
2787 2060 2923 2131 ὅπερ
2962 2061 3028 2114 ἂν
3070 2058 3220 2131 αὑτῷ
3253 2060 3342 2114 διὰ
3368 2062 3467 2131 τῆς
3512 2078 3647 2132 μετ.

2058 2153 2189 2223 οχῆς
2222 2151 2541 2223 ὲνυπὰρξαι.
2572 2151 2643 2205 Τὸ
2681 2151 2736 2205 δέ
2766 2170 2819 2204 τι
2856 2152 3241 2224 προσειληφὸς,
3274 2154 3486 2225 ἀνάγκη
3522 2168 3646 2208 συν-

2062 2243 2366 2315 ομολογεῖν,
2399 2246 2462 2296 ἐκ
2494 2242 2589 2297 τοῦ
2631 2244 2705 2315 μὴ
2744 2244 2918 2309 οὓτως
2948 2244 3162 2315 ἔχοντος
3194 2245 3252 2310 ἐξ
3290 2246 3464 2317 ἀρχῆς
3487 2286 3501 2308 ,
3558 2249 3644 2311 είς

2062 2336 2250 2408 ἕτερόν
2303 2353 2356 2390 τι
2393 2340 2752 2410 μεταχωρεῖν.
2787 2337 2958 2391 Τοῦτο
2993 2337 3050 2391 δέ
3089 2338 3204 2391 ἐστι
3270 2338 3641 2408 συμϐεϐηκός.

2060 2428 2171 2481 Καὶ
2200 2428 2317 2491 πῶς
2348 2429 2407 2480 οὺ
2442 2428 2627 2499 ῥᾴδιον
2685 2429 3000 2496 ἀποϐαλεῖν,
3029 2430 3167 2500 ὅπερ
3191 2431 3256 2483 ἄν
3286 2445 3369 2493 τις
3402 2430 3659 2503 προσλὼη

2061 2520 2185 2585 ϐοι;
2243 2520 2317 2574 Τὸ
2361 2520 2468 2590 γὰρ
2510 2522 2648 2584 ὅλως
2700 2522 2875 2588 δοτδν,
2926 2522 3023 2575 καὶ
3073 2522 3395 2592 ἀφαιρετόν·
3434 2525 3528 2577 καὶ
3579 2506 3659 2577 τι

2060 2613 2374 2685 ἐπίκτητον,
2430 2613 2584 2668 ἔσται
2621 2614 2822 2686 δηλαδὴ
2852 2614 2946 2668 καὶ
2978 2615 3302 2684 ἀπόϐλητον.
3346 2615 3414 2669 Ἢ
3461 2617 3643 2671 τοίνυν

2059 2704 2368 2774 λεγέτωσαν
2398 2705 2659 2760 δύνασθαι
2693 2707 3057 2778 μεταπίπτειν
3085 2707 3175 2761 τὸν
3208 2707 3337 2761 Υίὸν
3370 2708 3432 2760 ἐκ
3453 2726 3509 2761 τε
3542 2709 3642 2763 τοῦ

2060 2791 2201 2849 εἷναι
2231 2796 2388 2862 Θεὸν,
2424 2798 2517 2850 καὶ
2551 2797 2776 2870 Κύριον,
2831 2797 2929 2851 καὶ
2972 2798 3181 2870 Υἰόν·ἢ
3217 2799 3266 2851 εί
3317 2799 3474 2851 τοῦτο
3502 2801 3663 2875 ἀπο-ς

2060 2889 2425 2960 ναρκήσουσιν
2462 2891 2673 2954 εἰπεῖν,
2744 2891 3163 2961 συγχωρήσουσι
3219 2889 3277 2943 δὲ
3332 2890 3530 2960 μᾶλλον
3582 2892 3644 2942 ἓν

2060 2979 2387 3051 ἀδιαπτώτῳ
2418 2982 2782 3053 μακαριότητι
2811 2981 2904 3035 τοῦ
2938 2982 3065 3035 Υίοῦ
3118 2981 3215 3053 τὴν
3262 2980 3452 3035 οὐσίαν
3483 2982 3647 3035 ἑστά-

2062 3090 2175 3137 ναι,
2201 3071 2678 3145 παραιτείσθωσαν
2707 3074 2802 3128 καὶ
2820 3074 2880 3126 τὸ
2910 3074 2975 3126 ὲκ
3008 3074 3241 3145 μετοχῆς
3263 3074 3363 3143 τῆς
3389 3073 3522 3144 πρὸς
3549 3072 3644 3125 τὸν

380 3141 544 3241 atque
559 3170 905 3225 cssentialein
936 3171 1355 3226 similitudinem
1384 3168 1562 3227 Verbo
1585 3171 1729 3243 quod
1770 3184 1835 3225 ex
1864 3185 1955 3226 es-

2065 3141 2294 3238 Πατέρα-
2313 3167 2712 3239 μεμορφῶσθαι
2759 3141 3021 3237 νομίζεινῂ
3052 3141 3250 3221 αὐτόν·
3306 3141 3540 3237 φυσικὴν
3584 3166 3645 3217 δὲ

380 3262 551 3317 sentia
590 3262 769 3318 Patris
796 3263 1083 3333 processit,
1116 3263 1380 3318 tribuant.

1050 3483 1281 3541 ALIUD.

448 3620 551 3687 Qui
584 3620 1004 3692 participatione
1032 3620 1432 3677 sanctificantis
1463 3621 1554 3677 Dei
1586 3624 1655 3678 ad
1687 3623 1957 3679 sanctita-

379 3721 491 3765 tem
514 3711 687 3765 vocati
718 3722 863 3776 sunt,
888 3711 1185 3766 sobrietate
1224 3712 1274 3767 id
1309 3714 1452 3782 quod
1484 3713 1618 3783 ipsis
1649 3714 1837 3767 datum
1872 3724 1957 3768 est

381 3804 433 3858 in
469 3818 591 3857 sese
617 3810 978 3869 conservant;
1018 3804 1309 3873 participes
1356 3821 1486 3859 vero
1522 3806 1657 3861 alios
1690 3807 1954 3861 sanctita-

381 3895 450 3947 tis
486 3909 606 3963 qnze
633 3894 762 3964 ipsis
794 3894 963 3950 indita
985 3903 1091 3962 est,
1145 3897 1365 3951 edicere
1407 3906 1702 3969 nequeunt.
1790 3897 1959 3953 Nemo

380 3986 523 4038 enim
554 3986 867 4039 mortalium
896 3986 986 4054 qui
1028 3982 1291 4054 Spiritum
1323 4003 1388 4042 ex
1413 3989 1841 4061 participatione
1862 4005 1958 4043 ac-

382 4079 546 4145 cepit,
578 4076 700 4131 aliis
734 4076 883 4131 illum
913 4078 1261 4148 suppeditare
1309 4090 1509 4149 potest,
1571 4081 1838 4152 siquidem
1906 4090 1961 4136 et

383 4170 495 4235 ipse
518 4169 729 4239 accepit
772 4184 801 4223 a
834 4169 979 4236 Deo;
1021 4170 1120 4226 soli
1171 4180 1350 4227 autem
1409 4173 1513 4229 lioc
1550 4174 1805 4228 convenit
1835 4188 1961 4229 san-

381 4261 588 4315 ctitatis
623 4262 778 4328 fonti,
821 4262 1170 4318 sanctitatem
1206 4263 1271 4318 iis
1304 4264 1501 4332 quibus
1546 4265 1781 4321 voluerit
1831 4281 1961 4321 con-

382 4354 544 4410 ferre.
570 4355 836 4421 Quocirca
867 4356 1042 4425 angeli
1077 4356 1240 4410 etiam
1266 4356 1517 4411 caelestes
1544 4357 1716 4411 sancti
1745 4358 1959 4427 quidem

381 4456 529 4511 sunt,
558 4459 613 4499 et
642 4446 1042 4513 communione,
1076 4456 1130 4500 et
1162 4447 1579 4517 participatione
1636 4450 1809 4504 sancti
1845 4449 1958 4514 Dei,

2066 3260 2267 3332 μᾶλλον
2286 3262 2381 3315 καὶ
2411 3262 2642 3333 ούσιώδη
2677 3262 2779 3333 τὴν
2808 3262 3073 3333 ὁμοίωσιν
3098 3260 3531 3323 ἁποσωζέτωσαν
3562 3258 3660 3329 τῷ,

2064 3356 2129 3407 ὲκ
2153 3354 2249 3424 τῆς
2285 3355 2474 3419 οὐσίας
2499 3355 2591 3408 τοῦ
2628 3356 2842 3428 Πατρὸς
2878 3353 3198 3425 προελθόντι
3226 3354 3404 3424 Λόγῳ.

2764 3489 2972 3545 AAAU.

2135 3625 2218 3682 Τὰ
2249 3629 2313 3682 ὲκ
2344 3628 2578 3699 μετοχῆς
2596 3627 2689 3681 τοῦ
2722 3628 2968 3696 ἁγιὰζειν
2988 3630 3291 3698 πεφυκότος
3324 3630 3459 3684 Θεοῦ
3508 3631 3647 3703 πρὸς

2065 3720 2335 3791 ἀγιασμὸν
2367 3721 2698 3791 κεκλημένα,
2724 3721 2888 3786 σώζει
2923 3723 3019 3793 μὲν
3054 3722 3141 3775 διὰ
3174 3722 3390 3793 νήψεως
3422 3726 3479 3777 ἐν
3516 3725 3648 3777 ἐαυ-

2063 3812 2176 3876 τοῖς
2202 3812 2263 3864 τὸ
2292 3812 2465 3876 δοθὲν,
2498 3814 2683 3884 ἕτερον
2711 3813 2769 3866 δὲ
2807 3814 3128 3884 μεταδοῦναι
3184 3814 3283 3884 τῆς
3333 3815 3649 3885 ἐντιθείσης

2064 3907 2248 3968 αὐτοῖς
2276 3905 2584 3976 ἁγιότητος,
2613 3905 2674 3958 οὐ
2703 3905 2946 3960 δύναται.
2988 3906 3176 3969 Οὐδεὶς
3201 3907 3309 3977 γὰρ
3340 3905 3649 3977 ἀνθρώπων

2065 3998 2130 4050 ὲκ
2162 3996 2402 4068 μετοχῆς
2432 3998 2493 4050 τὸ
2527 3998 2752 4067 Πνεῦμα
2780 3998 2981 4062 λαϐὼν,
3013 4000 3185 4070 ἑτέρῳ
3225 3999 3382 4053 τοῦτο
3401 4000 3649 4072 χορηγή-

2066 4106 2149 4142 σει
2173 4088 2417 4153 πώποτε,
2454 4090 2579 4142 ἐπεὶ
2621 4089 2716 4143 καὶ
2740 4090 2903 4155 αὐτὸς
2940 4092 3265 4160 κεκόμισται
3292 4092 3442 4161 παρὰ
3468 4090 3605 4145 Θεοῦ
3628 4109 3642 4121 ·

2069 4181 2209 4253 μόνῃ
2239 4180 2296 4233 δὲ
2326 4182 2644 4253 ἁρμόσειτῇ
2678 4182 2777 4252 τῆς
2817 4183 3099 4251 ἁγιότητος
3155 4187 3329 4256 πηγῇ,
3387 4187 3648 4255 χορηγεῖν

2067 4262 2355 4344 ὲξὲαυτῆς
2376 4267 2457 4337 οἷς
2480 4273 2546 4327 ἂν
2572 4273 2830 4345 βούληται
2860 4276 2950 4329 τὸν
2974 4277 3264 4347 ἁγιασμόν.
3299 4276 3408 4330 Καὶ
3440 4277 3568 4346 γοῦν
3594 4280 3647 4329 οἱ

2069 4365 2187 4420 κατ’
2224 4364 2453 4436 οὐρανὸν
2482 4364 2634 4428 ὄντες
2666 4366 2908 4434 ἄγγελοι,
2943 4367 3088 4435 ἅγιοι
3133 4369 3234 4439 μέν
3258 4369 3395 4421 είσιν
3426 4371 3489 4422 ὲκ
3515 4385 3649 4439 μετ-

2068 4456 2199 4528 οχῆς
2235 4458 2330 4511 καὶ
2354 4458 2711 4529 μεταλήψεως
2749 4460 2848 4531 τῆς
2881 4460 2975 4513 τοῦ
3009 4462 3164 4529 ἁγίου
3198 4461 3354 4515 Θεοῦο
3381 4464 3651 4532 ἁγιότητα

382 4539 730 4593 sanctitatem
763 4552 891 4593 vero
923 4538 1172 4592 conferre
1199 4539 1509 4595 hominibus
1543 4556 1817 4611 nunquam
1858 4543 1958 4597 visi

2065 4547 2121 4600 δὲ
2177 4547 2466 4611 δεδωκότες
2535 4548 2844 4619 ἀνθρώποις
2914 4550 2976 4603 οὐ
3042 4552 3339 4621 φανοῦνται
3399 4552 3647 4604 πώποτε.

382 4637 530 4684 sunt.
564 4626 836 4683 Similiter
869 4638 923 4683 et
948 4628 1109 4699 139
1131 4628 1303 4684 Moses
1330 4631 1672 4701 septuaginta
1729 4633 1963 4688 seniori-

382 4721 485 4774 bus
522 4720 827 4789 prchositis
858 4721 927 4775 ob
975 4721 1341 4777 inevitabilem
1402 4724 1777 4779 necessitatem
1836 4742 1967 4782 con-

389 4809 741 4879 gregationis,
776 4825 879 4863 non
907 4811 1055 4865 dedit
1076 4810 1193 4881 ipse
1221 4809 1480 4881 Spiritum
1508 4816 1636 4869 :seil
1678 4816 1817 4872 Deus
1843 4821 1964 4873 abs-

409 4901 555 4968 tulit,
604 4910 662 4955 ut
687 4901 948 4970 scriptum
971 4912 1055 4957 est
1086 4904 1152 4968 ⁶³,
1180 4906 1249 4959 ab
1277 4920 1342 4961 eo
1362 4905 1451 4973 qui
1481 4906 1533 4960 in
1558 4906 1707 4962 Mose
1737 4920 1881 4973 erat,
1912 4922 1968 4966 et

399 4992 601 5048 indidit
622 5007 746 5048 eum
777 4992 984 5049 eiectis.
1014 4994 1280 5062 Quocirca
1308 4997 1398 5067 qui
1444 5013 1511 5053 ex
1552 5001 1963 5072 participatione

386 5088 564 5141 sancti
585 5094 733 5153 sunt,
757 5085 932 5157 gratia
951 5100 1069 5155 quae
1098 5087 1228 5157 ipsis
1258 5089 1381 5142 data
1433 5099 1520 5146 est
1569 5091 1672 5146 frui
1714 5105 1958 5163 possunt,

385 5178 507 5233 aliis
530 5179 745 5249 quidem
776 5177 964 5249 largiri
993 5179 1139 5232 nulla
1173 5181 1385 5236 ratione
1408 5195 1660 5252 possunt.
1692 5184 1813 5243 Filii
1873 5205 1961 5244 aii-

386 5267 781 5340 temlongealia
806 5269 1039 5323 ratioest
1066 5287 1079 5323 :
1109 5284 1234 5323 nam
1271 5270 1387 5340 ipse
1430 5282 1490 5326 ut
1517 5276 1822 5334 sanctitatis
1843 5277 1962 5333 fons

384 5361 679 5431 discipulos
713 5362 1095 5429 sanctiﬁcavit,
1116 5363 1341 5419 dicens:
1372 5382 1392 5415 ι
1420 5366 1666 5438 Accipite
1697 5368 1960 5440 Spiritum

386 5460 723 5514 saucium“.
754 5461 1027 5533 ildipsum
1083 5477 1247 5534 porro
1298 5462 1455 5517 Pater
1503 5463 1664 5517 etiam
1703 5473 1963 5532 praistare

390 5549 682 5607 invenitur.
752 5553 854 5619 Qui
921 5568 1053 5613 vero
1121 5556 1367 5609 eamdem
1445 5568 1571 5609 cum
1632 5553 1797 5611 Patre
1866 5557 1964 5610 lia-

2077 4639 2313 4709 ὐμοίως
2347 4641 2442 4694 καὶ
2468 4639 2497 4691 ό
2546 4640 2814 4711 μακάριος
2836 4642 3041 4714 Μωσῆς
3062 4643 3474 4714 προϐληθέντων
3504 4644 3652 4696 ἑϐδο-

2070 4732 2317 4801 μήκοντα
2350 4731 2734 4803 πρεσϐυτέρων
2768 4734 2855 4789 διὰ
2888 4736 2987 4798 τὰς
3012 4737 3421 4807 ἀπαραιτήτους
3452 4736 3649 4807 χρείας

2065 4823 2165 4892 τῆς
2195 4824 2539 4894 συναγωγῆς,
2574 4826 2675 4878 οὐκ
2721 4826 2884 4890 αὐτὸς
2914 4826 3085 4880 ἐδίδου
3127 4827 3188 4880 τὸ
3236 4826 3477 4898 Πνεῦμα,
3508 4827 3652 4881 ἀλλὰ

2066 4914 2199 4979 Θεὸς
2228 4918 2513 4988 ἀφῃρεῖτο,
2563 4916 2706 4971 καΘὰ
2761 4920 3099 4990 γέγραπται,
3135 4920 3243 4974 ἀπὸ
3266 4919 3372 4980 τοῦ
3393 4921 3543 4984 ὄντος
3585 4921 3651 4972 ἐν

2068 5007 2237 5077 αὐτῷ,
2274 5010 2368 5062 καὶ
2418 5011 2646 5065 ἐνετίθει
2679 5013 2789 5075 τοῖς
2835 5012 3396 5085 προκεχειρισμένοις.
3434 5012 3651 5066 Οὐκοῦν

2064 5103 2178 5164 τοῖς
2218 5102 2283 5155 ὲκ
2322 5103 2556 5175 μετοχῆς
2610 5105 2808 5173 ἁγίοις,
2860 5109 3049 5177 φορεῖν
3100 5106 3201 5177 μὲν
3228 5105 3405 5172 ἔξεστι
3428 5106 3529 5178 τὴν
3560 5106 3651 5159 δο-

2066 5192 2250 5246 θεῖσαν
2275 5194 2384 5248 ἀπὸ
2404 5195 2539 5249 Θεοῦ
2575 5198 2754 5267 χάριν·
2779 5198 2981 5252 διδόναι
3016 5198 3075 5252 δὲ
3102 5199 3333 5269 ἑτέροις,
3370 5198 3647 5269 οὐδαμῶς.

2075 5282 2136 5336 Ὀ
2173 5283 2231 5337 δὲ
2263 5284 2413 5351 Υἱὸς,
2439 5287 2538 5357 οὑχ
2561 5286 2754 5352 οὕτως·
2787 5288 2863 5351 ὡς
2892 5288 3002 5358 γὸή)
3041 5288 3327 5360 ἁγιότητος
3383 5289 3651 5360 ὑπάρχων
3690 5299 3701 5304 ⁵

2066 5374 2218 5447 πηγὴ
2250 5376 2374 5439 τοὺς
2402 5378 2651 5448 μαθητὰς
2674 5378 2910 5447 ἁγιάζει,
2930 5380 3120 5447 λέγων·
3147 5398 3166 5430 ι
3196 5378 3404 5433 Λάϐετε
3425 5378 3656 5448 Πνεῦμα

2066 5466 2242 5533 ἅγιον.
2280 5485 2298 5518 i
2345 5467 2517 5521 Τοῦτο
2546 5470 2603 5523 δὲ
2664 5472 2834 5524 ποιῶν
2891 5472 3043 5524 καὶὸ
3077 5472 3262 5542 Πατὴρ
3314 5471 3582 5541 φαίνεται·
3621 5474 3653 5525 ὁ

2064 5557 2119 5610 δὲ
2155 5559 2252 5628 τὴν
2284 5560 2405 5631 ἴσην
2432 5562 2573 5632 ἔχων
2630 5563 2707 5635 τῷ
2759 5566 2935 5636 Πατρὶ
2989 5563 3128 5617 κατὰ
3154 5565 3251 5637 τὴν
3280 5564 3374 5619 τοῦ
3399 5565 3653 5633 ἁγιάζειν

464 5726 738 5788 “lll'clt‘.
776 5746 814 5796 i,
851 5730 900 5785 4.
978 5729 1058 5784 “l
1087 5729 1213 5787 Cor.
1241 5744 1329 5798 xv,
1362 5731 1451 5788 69.
1528 5724 1748 5789 “Num.
1786 5749 1863 5801 si,
1891 5734 1980 5791 25.
2020 5736 2059 5768 “
2086 5735 2237 5793 λειω.
2275 5755 2363 5808 xx,
2390 5738 2478 5795 22.
