3882 6210
210 398 316 453 9.πὸ

1608 398 2051 459 TlIESAURUS.

3342 408 3447 465 εει

209 506 450 573 ἐξουσίαν
478 525 538 561 τε
569 511 662 564 καὶ
689 511 942 584 δύναμιν,
972 514 1088 580 πῶς
1118 515 1216 569 οὐκ
1252 516 1510 588 ἁλτπθινὴν
1545 516 1657 588 ἔχει
1681 516 1748 589 τὴ

1886 518 1973 571 bet
2006 517 2379 573 sanctiﬁcandi
2405 528 2723 590 potestatem
2744 561 2758 585 ,
2787 537 2889 591 quo
2922 529 3078 591 pacto
3126 535 3229 577 non
3266 537 3448 579 veraiii

206 599 341 669 πρὸς
364 598 523 652 αὐτὸν
549 601 871 671 ὁμοιότητας

666 811 1031 899 ΛΟΓΟΣ
1105 803 1231 900 ΙΔ¹
1254 878 1276 899 .

202 984 336 1060 ’Ἔτι⁵
356 986 485 1055 περὶ
507 991 869 1060 ὁμοιοτητος,
894 992 1280 1060 προκειμένου
1292 991 1499 1060 ρητοῖν
1512 1012 1529 1044 ι
1545 993 1770 1060 Ὥσπερ

276 1056 394 1131 τᾴρλ
413 1060 485 1131 Αρᾳ
510 1058 713 1131 quam»
738 1056 913 1131 ζωὴν
935 1056 1067 1131 ’ἔχει
1093 1056 1107 1060 ⁷
1126 1062 1197 1114 ἐν
1227 1056 1435 1126 taeta,
1481 1064 1632 1116 οὕτω
1671 1056 1770 1116 κᾰὶ

265 1125 345 1189 τῷ
384 1125 496 1199 mp
535 1125 756 1183 δέδωκε
803 1125 954 1197 ζωὴν
977 1125 1169 1199 ’ἔχειν
1193 1132 1263 1184 ἐν
1286 1125 1496 1197 ἑαυτῷ.
1534 1153 1553 1185 ι
1588 1134 1656 1186 Τὸ
1701 1134 1770 1185 δὲ

263 1197 684 1271 συναγόμενον
725 1201 795 1253 ἐκ
842 1199 961 1252 τῶν
1010 1197 1476 1271 συλλογισμῶν,
1525 1203 1612 1255 ὅτι
1654 1200 1766 1271 ζωὴ

262 1265 420 1341 κατά
440 1269 630 1341 φύσιν
661 1269 834 1341 ἐστὶν
862 1274 893 1324 ό
928 1270 1078 1336 Υἱὸς,
1102 1265 1304 1340 ὥσπερ
1328 1265 1431 1326 καὶ
1471 1276 1503 1328 ό
1526 1265 1763 1341 Πατὴρζ

261 1336 362 1389 καὶ
389 1336 487 1391 διὰ
513 1338 688 1392 τοῦτο
712 1340 935 1409 ὅμοιος.

439 1450 733 1517 Πρότασις
769 1452 850 1517 ὡς
895 1453 964 1505 ἐκ
1003 1453 1122 1507 τῶν
1177 1454 1499 1524 Ἆρειανῶν.

262 1556 373 1611 Καὶ
408 1556 525 1619 πῶς
564 1558 628 1612 ἂν
664 1559 898 1628 δύναιτο,
955 1565 1107 1631 φασὶ,
1154 1567 1272 1617 κατ’
1333 1566 1520 1619 οὐσίαν
1579 1568 1764 1637 ὅμοιος

190 1666 331 1701 eam
362 1650 442 1720 τῷ
470 1652 641 1721 Πατρὶ
677 1654 705 1705 ὁ
736 1652 898 1721 Υἱός;
925 1656 995 1708 Ἦ
1018 1656 1137 1719 πῶς
1164 1657 1264 1710 οὐκ
1309 1656 1459 1711 ἔσται
1508 1660 1624 1729 μετ’
1661 1661 1761 1713 αὐ·-

188 1740 279 1793 τὸν
304 1745 334 1795 ὁ
360 1740 418 1806 ἐξ
451 1742 614 1795 αὐτοῦ
637 1743 924 1814 δεχόμενος
951 1763 1023 1811 τι,
1045 1747 1186 1801 καθά
1213 1766 1375 1819 φησιν
1400 1750 1580 1813 αὐτός·
1603 1751 1764 1803 «'00-

1876 628 1995 666 ciiin
2022 613 2137 683 ipso
2162 613 2573 672 similitudinem
2602 616 2801 672 habere
2823 618 3168 673 censebitur?

2189 834 2767 929 ASSERTIO
2846 838 3114 929 XIV.

1870 1001 1949 1056 De
1978 1004 2319 1076 similitudine
2336 1004 2511 1059 Patris
2538 1014 2586 1059 et
2614 1003 2769 1069 Filii,
2789 1008 3055 1076 preposito
3075 1009 3214 1062 dicto
3238 1025 3255 1063 :
3281 1028 3299 1060 ι
3335 1006 3446 1061 Sic-

1942 1085 1995 1126 ut
2031 1077 2171 1146 enim
2219 1072 2380 1129 Pater
2408 1076 2568 1129 vitam
2604 1075 2751 1130 habet
2780 1077 2833 1130 in
2866 1072 3056 1146 seipso,
3092 1081 3168 1132 ita
3207 1089 3257 1131 et
3299 1077 3444 1130 Filio

1940 1145 2269 1216 dedituitam
2293 1147 2481 1199 habere
2502 1147 2555 1199 in
2594 1149 2762 1213 seipso
2796 1148 2863 1200 ⁸⁸.
2902 1169 2919 1199 ι
2984 1148 3224 1216 Inlerlur
3270 1160 3443 1201 autem

1939 1230 2003 1284 θές
2025 1214 2365 1284 syllogismis,
2395 1217 2534 1283 quod
2566 1219 2670 1269 vita
2726 1219 3009 1270 secundum
3057 1214 3305 1273 naturam
3369 1228 3441 1269 est

1941 1280 2119 1337 Filius
2162 1280 2321 1338 ὀίεαι
2348 1296 2395 1339 et
2408 1280 2605 1351 'Pater,
2633 1297 2786 1353 atque
2810 1286 2869 1340 ob
2901 1289 2953 1339 id
2980 1290 3188 1342 similis.

2399 1460 2630 1531 Objectio
2647 1461 2981 1515 Arianorum.

1940 1574 2008 1627 At
2030 1574 2318 1641 quomodo,
2348 1574 2617 1642 inquiunt,
2643 1576 2815 1644 possit
2844 1569 3012 1630 Filius
3069 1576 3261 1631 similis
3318 1591 3440 1632 esse

1870 1664 2016 1720 Patri
2050 1668 2346 1723 secundum
2377 1666 2709 1724 essentiam?
2733 1668 2839 1722 Aut
2860 1671 3127 1738 quomodo
3180 1685 3284 1724 non
3335 1672 3442 1725 erit

1867 1756 2136 1825 posterior
2171 1757 2261 1812 illo
2299 1759 2345 1813 is
2369 1758 2461 1828 qui
2493 1773 2559 1814 ex
2594 1759 2710 1828 ipso
2746 1759 2948 1828 aliquid
2977 1760 3208 1830 accepit,
3244 1775 3437 1830 quema

187 1851 293 1903 περ
316 1835 427 1906 γὰρ
455 1838 482 1889 ὁ
520 1836 704 1909 Πατὴρ
739 1836 853 1907 ἔχει
886 1837 1032 1910 ζωὴν
1061 1841 1118 1892 ὲν
1146 1841 1343 1911 ἑαυτῷ,
1375 1842 1517 1897 οὕτω
1553 1845 1649 1899 καὶ
1686 1844 1748 1916 τίς

1868 1847 2155 1903 admodum
2204 1849 2318 1919 ipse
2369 1850 2545 1920 inquit
2581 1864 2597 1903 :
2643 1868 2661 1901 i
2689 1849 2838 1907 Sicut
2887 1852 3031 1904 enim
3076 1851 3239 1906 Pater
3278 1853 3439 1906 habet

189 1924 301 1997 Υἱῴ
324 1924 525 1981 δέδωκε
552 1928 696 1999 ζωὴν
721 1928 863 1999 ἔχειν
884 1932 940 1983 ὲν
961 1930 1136 1985 ἐαυτῶ
1165 1951 1178 2000 ;
1216 1952 1232 1982 ι

676 2129 831 2197 Πρὸς
864 2130 1038 2183 τοῦτο
1071 2133 1271 2198 λύσις.

250 2238 443 2307 Οὐδὲν,
474 2234 519 2292 ὦ
558 2240 843 2309 βέλτιστοι,
882 2247 982 2316 τὴν
1030 2246 1216 2298 οὐσίαν
1245 2247 1490 2317 ἀδικήσει
1523 2249 1615 2303 τοῦ
1660 2251 1761 2305 Λόο

179 2343 299 2392 γου,
334 2329 395 2381 τὸ
415 2329 663 2400 δέχεσθαί
690 2350 741 2385 τι
772 2335 923 2402 παρὰ
947 2335 1043 2388 τοῦ
1086 2338 1317 2409 Πατρός.
1346 2340 1421 2392 Οὐ
1457 2341 1568 2412 γὰρ
1595 2343 1653 2396 ὲν
1678 2343 1758 2413 τῷ

178 2418 437 2490 δέχεσθαι
460 2422 521 2474 τὸ
541 2418 679 2476 εἶναι
706 2423 841 2493 ἔχει,
875 2426 1011 2479 ἀλλὰ
1044 2428 1119 2481 ὣν
1150 2430 1243 2484 καὶ
1274 2431 1534 2503 ὑπάρχων
1569 2435 1760 2506 πρότε-

180 2528 293 2581 ρον,
330 2511 549 2581 δέχεταί
581 2532 653 2568 τι.
704 2518 814 2570 Καὶ
848 2517 983 2571 καθὸ
1021 2521 1086 2573 ὲκ
1136 2522 1349 2591 [ἰατρὸς
1384 2526 1628 2592 φυσικῶς
1663 2544 1756 2595 γε-

176 2602 531 2673 γεννημένος,
584 2604 846 2676 ἐπάγεται
896 2611 1073 2663 πάντα
1127 2612 1196 2666 τὰ
1247 2614 1352 2668 ἴδια
1397 2610 1490 2669 τοῦ
1522 2620 1752 2687 Πατρός.

178 2691 394 2764 Ὥσπερ
425 2694 491 2749 ἂν
519 2698 566 2749 εἰ
589 2698 681 2750 καὶ
712 2699 773 2752 τὸ
807 2700 919 2769 φῶς
943 2702 1002 2767 ἐξ
1029 2703 1176 2772 ἡλίου
1205 2706 1483 2776 προελθὸν,
1510 2706 1754 2778 δέχεσθαί

172 2799 226 2836 τι
256 2785 473 2854 λέγοιτο
531 2791 657 2860 παρ’
691 2791 879 2860 αὐτοῦ,
920 2795 1217 2866 ἐπειδήπερ
1251 2799 1357 2850 πᾶν
1410 2800 1548 2868 ὅπερ
1608 2800 1754 2853 ἐστὶν

172 2877 232 2928 ἐν
261 2878 437 2949 αὐτῷ,
472 2880 631 2934 τοῦτο
661 2882 910 2950 φαίνεται
953 2885 1046 2938 τοῦ
1077 2889 1327 2953 τεκόντος
1363 2890 1540 2959 ἡλίου,
1570 2893 1663 2945 καὶ
1691 2892 1752 2945 οὐ

172 2968 233 3039 δή
262 2988 369 3023 που
398 2971 487 3025 τὸν
519 2974 667 3043 ἥλιον
700 2976 805 3046 πρὸ
845 2975 937 3029 τοῦ
979 2978 1410 3051 ἀπαυγάσματος
1445 2978 1581 3037 εἶναι
1622 3000 1753 3037 κατ-

171 3066 501 3133 αναγκάσει,
517 3066 578 3119 τὸ
608 3069 704 3139 τὴν
725 3068 784 3132 ἐξ
808 3069 972 3122 αὑτοῦ
1004 3070 1298 3141 προϊοῦσαν
1317 3072 1598 3145 -ἕκλαμψιν
1614 3077 1750 3145 άμε-

1867 1940 2029 1993 ‘vitam
2052 1941 2104 1994 in
2130 1940 2327 2012 seipse,
2363 1941 2435 1996 ita
2474 1952 2529 1997 et
2558 1941 2697 1995 Filio
2726 1942 2874 1997 dedit
2919 1944 3119 1999 habere
3168 1943 3335 1997 vitam
3381 1945 3433 1997 in

1863 2032 2071 2103 seipse?
2099 2050 2118 2084 ι

2384 2146 2592 2203 Salutio
2612 2147 2937 2216 objectionis.

1930 2261 2096 2331 Nihil,
2125 2278 2157 2318 ο
2179 2262 2305 2318 boni
2340 2262 2463 2325 viri,
2483 2261 2629 2316 laedit
2646 2263 2940 2317 essentiam
2965 2261 3145 2328 Verbi,
3168 2263 3370 2334 aliquid
3400 2282 3430 2320 a

1862 2351 2021 2409 Patre
2050 2352 2505 2424 accipere.Neque
2531 2355 2672 2407 enim
2705 2354 2758 2407 in
2788 2356 3107 2424 accipiendo
3130 2371 3251 2413 esse
3273 2374 3429 2413 suum

1858 2444 2044 2508 habet,
2077 2443 2169 2498 sed
2196 2458 2318 2497 cuin
2351 2444 2502 2513 prius
2524 2451 2667 2498 esset
2706 2454 2866 2513 atque
2895 2447 3235 2513 subsisteret,
3253 2449 3429 2503 susci«

1859 2536 1936 2606 pit
1962 2536 2184 2605 aliquid.
2220 2537 2395 2605 Atque
2417 2549 2481 2591 ea
2511 2536 2623 2605 ipsa
2663 2538 2870 2591 ratione
2902 2552 3005 2605 qua
3036 2553 3103 2592 ex
3147 2538 3308 2593 Patre
3334 2557 3427 2594 ua-

1861 2627 2107 2681 turaliter
2138 2627 2351 2697 genitus
2383 2636 2486 2694 est,
2514 2627 2673 2681 simul
2710 2628 2872 2681 etiam
2905 2629 3067 2683 habet
3086 2632 3271 2684 omnia
3303 2646 3426 2701 qua:

1856 2718 2001 2772 Patri
2043 2720 2256 2789 propria
2288 2727 2432 2773 sunt.
2471 2720 2934 2786 Quemadmodum
2993 2723 3206 2775 tametsi
3245 2722 3423 2777 lumen

1854 2827 1922 2866 ex
1951 2811 2061 2866 sole
2104 2811 2405 2880 procedens
2435 2811 2641 2881 aliquid
2679 2810 2747 2864 ab
2772 2812 2888 2881 ipso
2919 2812 3167 2883 accipere
3190 2814 3419 2875 dicatur.

1855 2903 2118 2973 siquidem
2148 2901 2408 2972 quidquid
2434 2902 2487 2956 in
2523 2902 2639 2971 ipso
2666 2912 2770 2966 est,
2798 2902 3028 2971 idipsum
3057 2912 3281 2973 apparet
3304 2918 3425 2959 οδω

1853 2996 2123 3066 gignentis
2158 2996 2308 3059 solis,
2341 3010 2519 3064 neque
2544 3005 2698 3064 coget
2729 3007 2781 3049 iit
2810 2996 3038 3052 solante
3083 2998 3422 3064 splendorem

1850 3090 2098 3151 exsistat,
2119 3090 2242 3155 quia
2277 3090 2533 3157 splendor
2555 3091 2644 3157 qui
2677 3105 2741 3142 ex
2768 3093 2881 3158 ipso
2914 3091 3178 3158 procedit,
3209 3091 3423 3161 iiisepa~

176 3158 380 3227 ρὶστως
411 3156 600 3232 ὥσπερ
628 3160 684 3227 ἐξ
705 3162 869 3215 αὑτοῦ
901 3163 1291 3235 προελθοῦσαν,
1316 3166 1384 3219 τά
1412 3167 1558 3237 αὐτῴ
1582 3185 1746 3239 προσ-

1867 3182 2091 3234 -abiliter
2132 3180 2290 3252 140
2310 3156 2373 3233 ex
2406 3181 2520 3249 ipso
2548 3156 2866 3249 procedens.
2900 3156 2960 3234 ea
2979 3196 3096 3248 quae
3117 3181 3216 3235 soli
3241 3156 3423 3235 insunt

170 3246 301 3301 όντα
337 3251 525 3319 φορεῖν
558 3250 825 3319 φυσικῶς.
854 3251 1062 3305 Οὐκοῦν
1089 3254 1150 3307 οὐ
1178 3255 1238 3308 τὸ
1286 3255 1471 3310 λαϐεῖν
1523 3277 1574 3312 τι
1599 3260 1748 3330 παρὰ

168 3335 262 3389 τοῦ
296 3337 515 3408 [ἰατρὸς
561 3338 862 3408 ἀναγκάσει
920 3342 1139 3405 πάντως
1194 3342 1444 3416 δεύτερον
1494 3342 1630 3401 εἶναι
1676 3348 1753 3419 τῷ

168 3428 353 3499 χρόνῳ
380 3431 473 3484 τὸν
493 3432 641 3487 Υιὸν.
677 3430 768 3503 Τῷ
797 3434 905 3506 γὰρ
928 3436 1041 3489 ὄντι
1071 3438 1165 3491 καὶ
1185 3439 1457 3508 ὑφεστῶτι
1485 3442 1643 3497 δώσει
1674 3461 1748 3509 τι,

166 3520 227 3572 οὐ
259 3520 343 3592 τῷ
381 3521 457 3593 μὴ
475 3523 588 3577 ὄντι
626 3526 720 3579 καὶ
754 3528 828 3597 μή
858 3544 945 3582 πω
974 3530 1267 3602 γενοιιένῳ.

846 3723 1045 3778 ΑΛΛΟ.

236 3831 301 3883 El
332 3832 391 3883 ὲν
415 3831 493 3902 τῷ
520 3832 770 3903 δέχεσθαι
792 3853 848 3889 τι
869 3837 930 3889 τὸ
957 3833 1096 3892 εἶναι
1121 3842 1234 3903 τοῖς
1257 3834 1406 3895 οὖσιν
1428 3842 1743 3914 ὁριούμεθα,

165 3922 260 3974 καὶ
278 3922 444 3992 ἀρκεῖ
468 3924 625 3977 τοῦτο
649 3926 786 3997 πρὸς
810 3927 1041 3999 δήλωσιν
1064 3931 1250 3996 οὐσίας
1274 3933 1415 3986 κατά
1439 3952 1583 3996 τινος
1610 3953 1732 3989 κατι

164 4013 644 4084 ηγορούμενον,τί
690 4018 888 4071 κωλύει
926 4021 1020 4073 καὶ
1069 4022 1488 4095 δυσφημοῦντας
1536 4028 1741 4094 εἰπεῖν,

160 4104 281 4156 τότε
308 4105 406 4158 τοῦ
435 4102 574 4161 εἶναι
605 4110 704 4180 τὴν
735 4111 909 4183 ἀρχὴν
958 4113 1104 4185 ἔχειν
1128 4116 1220 4171 τὸν
1275 4119 1511 4190 Πατέρα,
1542 4121 1629 4174 ὅτε
1660 4121 1743 4173 δέ-

160 4198 358 4265 χεσθαί
383 4216 436 4251 τι
459 4199 672 4268 λέγεται
709 4205 839 4275 παρ’
860 4207 1051 4277 ἡμῶν;
1084 4208 1300 4274 Ἔξεστι
1322 4212 1431 4283 γὰρ
1464 4214 1739 4286 ἐπακροᾶ-

162 4288 285 4341 σθαι
317 4289 415 4342 τοῦ
450 4292 754 4364 Ψαλμῳδοῦ
782 4296 1051 4365 λέγοντος·
1077 4318 1095 4350 ι
1118 4302 1245 4354 Δότε
1270 4302 1423 4367 δόξαν
1450 4303 1527 4373 τῷ
1549 4304 1686 4373 Θεῷ.
1714 4324 1732 4356 ι

1857 3269 2179 3323 naturaliter
2207 3272 2388 3322 habet.
2430 3267 2542 3322 Non
2570 3267 2734 3336 igitur
2766 3267 2890 3335 quia
2930 3262 3095 3320 Filius
3144 3266 3346 3336 aliquid
3391 3287 3417 3319 ιι

1855 3358 2018 3413 Patre
2056 3360 2269 3429 accipit,
2292 3359 2657 3413 necessarium
2702 3360 2923 3412 omnino
2956 3368 3040 3411 est
3068 3360 3419 3427 posteriorem

1854 3452 2002 3505 illiiiii
2038 3460 2276 3519 tempore
2304 3464 2446 3504 esse.
2481 3450 2581 3503 Dat
2614 3449 2758 3503 enim
2795 3448 3000 3516 aliquid
3021 3449 3070 3502 ei
3117 3450 3203 3518 qui
3235 3458 3419 3503 estat-

1853 3558 1957 3612 que
1987 3542 2253 3608 subsistit,
2292 3556 2397 3598 non
2422 3543 2470 3595 ei
2502 3540 2595 3612 qui
2640 3555 2746 3594 non
2777 3541 3014 3605 exsistit,
3043 3555 3216 3610 neque
3240 3541 3418 3596 adhuc

1853 3634 2022 3689 factus
2051 3643 2155 3691 est.

2518 3741 2749 3798 ALIUD.

1914 3858 1968 3911 Si
1999 3874 2060 3911 ea
2102 3872 2222 3925 qua:
2266 3856 2553 3922 exsistunt,
2603 3857 2726 3911 inde
2782 3856 3065 3912 deﬁnimus
3123 3860 3265 3926 quod
3313 3860 3415 3914 ali-

1848 3950 1973 4019 quid
2005 3949 2298 4018 accipiant,
2330 3946 2637 4017 suﬂicitque
2684 3949 2750 4001 ad
2802 3949 3255 4020 signiﬁcationem
3288 3953 3409 4005 sub-

1845 4040 2058 4094 stantia:
2087 4040 2131 4093 si
2161 4039 2211 4095 id
2245 4038 2312 4093 de
2362 4038 2545 4107 aliquo
2574 4038 2927 4107 praedicetur:
2956 4039 3083 4109 quid
3146 4041 3413 4096 obstiterit

1842 4130 2133 4201 quominus
2184 4128 2430 4184 dicamus
2466 4129 2682 4184 Patrem
2739 4139 2849 4184 tum
2895 4132 3225 4186 exsistentias
3294 4149 3406 4187 sua:

1843 4223 2161 4291 principium
2192 4221 2473 4283 habuisse,
2508 4221 2728 4290 quando
2751 4221 2951 4291 aliquid
2978 4238 3005 4275 a
3042 4224 3194 4278 nobis
3238 4225 3411 4279 susci-

1841 4330 1966 4384 pere
1994 4314 2226 4369 dicitur?
2256 4312 2405 4367 Licet
2430 4312 2575 4366 enim
2609 4313 2798 4367 audire
2844 4311 3184 4367 Psalinistain
3224 4316 3409 4369 dicen-

158 4380 221 4433 Εὶ
250 4381 433 4435 τοίνυν
480 4385 581 4437 οὐκ
636 4388 695 4438 ὲν
722 4387 799 4457 τῷ
839 4389 1087 4460 δέχεσθαι
1117 4393 1246 4461 παρ’
1279 4395 1425 4463 ἡμᾶς
1452 4394 1549 4465 τὴν
1580 4396 1737 4459 δόξαν

1867 4423 1945 4459 ειη
1978 4425 1991 4459 :
2021 4424 2041 4457 ι
2085 4405 2220 4461 Date
2255 4405 2483 4474 gloriam
2514 4403 2624 4457 Deo
2646 4404 2714 4459 “.
2752 4423 2771 4455 ι
2813 4401 2868 4457 Si
2904 4404 3065 4474 igitur
3092 4401 3255 4459 Pater
3287 4422 3407 4460 esse

158 4472 270 4542 ἔχει
299 4474 365 4527 τὸ
395 4470 547 4553 εἶναι,
583 4478 612 4529 ὁ
667 4479 857 4550 Πατὴρ
898 4479 1008 4550 (ῶν
1060 4483 1168 4549 γὰρ
1223 4483 1316 4536 καὶ
1365 4485 1622 4555 ὑπάρχων
1660 4484 1732 4547 ὡς

1867 4497 2034 4550 licitur
2064 4496 2209 4566 (nam
2229 4496 2283 4549 in
2316 4509 2413 4549 sua
2468 4493 2702 4548 essentia
2740 4494 3038 4549 subsistens
3068 4505 3320 4563 tauquam
3374 4514 3401 4550 τι

158 4565 291 4634 παρ’
327 4566 554 4620 οἰκετῶν
583 4567 680 4639 τὴν
720 4569 1025 4639 δοξολογίαν
1067 4574 1417 4644 κομίζεται),
1452 4576 1551 4629 οὐκ
1582 4576 1734 4629 ἔσται

1869 4589 2014 4644 ervis
2036 4588 2259 4657 gloriam
2292 4586 2535 4655 accipit),
2586 4595 2736 4657 certe
2792 4584 2910 4639 Filii
2946 4587 3179 4641 essentia
3226 4589 3282 4643 in
3339 4606 3404 4644 eo

155 4655 319 4710 τοῦτο
342 4657 441 4710 τοῦ
470 4659 601 4712 Υἱοῦ
640 4660 700 4713 τὸ
727 4657 888 4725 εἶναι,
935 4665 993 4717 ὲν
1020 4665 1097 4733 τῷ
1142 4665 1326 4719 λαϐεῖν
1359 4684 1411 4720 τι
1461 4669 1611 4739 παρὰ
1641 4666 1736 4721 τοῦ

1867 4698 1944 4736 ιοη
1983 4655 2266 4743 co—nsistet,
2292 4678 2434 4748 quod
2468 4678 2672 4747 aliquid
2704 4655 2735 4731 a
2768 4676 2925 4732 Patre
2962 4681 3215 4747 accipiat.
3268 4680 3401 4735 Cum

157 4748 393 4817 Πατρός.
435 4751 528 4803 Ὧν
564 4752 672 4823 γάρ
701 4754 794 4806 καὶ
826 4753 1086 4826 ὑπάρχων
1133 4757 1385 4830 ἀνάρχως
1422 4760 1515 4813 καὶ
1547 4761 1732 4824 ἁῖδίως

1873 4774 1983 4827 nim
2025 4771 2097 4825 sit
2122 4781 2284 4839 atque
2310 4770 2570 4825 subsistat
2588 4772 2790 4840 absque
2815 4769 3097 4839 principio,
3122 4775 3190 4826 ab
3203 4785 3404 4829 aeterno

155 4837 216 4902 ἐξ
239 4840 406 4893 αὐτοῦ
444 4842 739 4912 προελθὼν,
770 4845 1067 4916 λαμϐάνειν
1105 4848 1317 4916 λέγεται
1350 4851 1418 4905 τὰ
1466 4855 1734 4923 προσόντα

1867 4880 1906 4918 ιι
1931 4865 2047 4933 ipso
2067 4837 2367 4931 procedens
2395 4860 2597 4915 dicitur
2625 4837 2872 4930 accipere
2911 4837 3031 4930 qua:
3083 4862 3403 4917 naturaliter

156 4932 307 5003 αὐτῷ
332 4935 596 5001 φυσικῶς·
627 4936 816 5008 ὥσπερ
836 4938 902 4991 ἂν
932 4940 982 4991 εἰ
1007 4941 1101 4993 καὶ
1129 4941 1188 5007 ἐξ
1216 4942 1500 5013 ἀνθρώπου
1532 4945 1727 5016 προελ-

154 5022 263 5074 θὼν
290 5025 426 5087 υἱὸς,
452 5026 632 5079 πάντα
655 5027 894 5096 φαίνοιτο
913 5030 1094 5100 φορῶν
1123 5032 1193 5085 τὰ
1212 5033 1303 5086 τοῦ
1320 5037 1726 5105 γεγεννηκότος,

156 5113 301 5181 μετὰ
331 5116 548 5169 πάντων
572 5117 679 5170 τῶν
710 5119 896 5182 αὐτοῦ,
918 5120 977 5185 ἐξ
1005 5121 1167 5174 αὐτοῦ
1200 5125 1290 5177 καὶ
1310 5125 1370 5177 τὸ
1397 5121 1534 5179 εἶναι
1565 5127 1720 5196 ἔχων.

165 5202 537 5273 ’Υπερκεξσθω
561 5206 619 5261 δὲ
649 5208 809 5263 πάλιν
848 5212 880 5280 ή
915 5211 1034 5264 θεία
1070 5214 1162 5266 καὶ
1182 5213 1417 5285 άρῤητος
1451 5217 1719 5290 γέννησις,

150 5295 247 5365 τὴν
269 5296 363 5348 τοῦ
390 5298 774 5365 παροισθέντος
832 5302 965 5371 ἡμῖν
1008 5303 1401 5375 ὑποδείγματος
1458 5307 1719 5380 δύναμιν,

149 5387 244 5440 καὶ
276 5388 499 5443 νοείσθω
529 5390 591 5443 τὸ
618 5392 849 5463 πρᾶγμα
870 5394 1208 5466 θεοπρεπῶς.

376 5503 689 5570 Ἀντίθεσις
715 5504 795 5571 ὡς
821 5506 888 5559 ἐκ
918 5506 1038 5559 τῶν
1069 5508 1504 5580 χριστομάχων.

223 5612 348 5665 Ὅτι
382 5615 496 5683 μὲν,
527 5616 680 5685 φασὶ,
712 5620 823 5680 τοῖς
852 5614 1000 5671 οὖσιν
1040 5619 1139 5690 ἤδη
1172 5624 1265 5674 καὶ
1313 5625 1675 5696 ὑφεστηκόσιν
1701 5665 1716 5693 ,

221 5789 266 5821 ⁸⁸
284 5790 437 5845 Joan.
465 5810 518 5855 ν,
558 5795 646 5849 9.6.
724 5796 767 5827 “
791 5796 932 5851 Psal.
971 5815 1137 5863 vau,
1180 5802 1267 5856 55.

394 5886 660 5948 PATROL.
712 5889 825 5948 Gn.
870 5890 1098 5950 LXXV.

1834 4954 1883 5007 ei
1924 4952 2140 5017 insunt;
2169 4950 2621 5020 quemadmodum
2661 4959 2712 5004 et
2750 4965 2816 5005 ex
2853 4951 3071 5006 homine
3102 4954 3402 5022 procedens

1836 5043 1976 5098 ﬁlius
2026 5042 2206 5097 omnia
2234 5042 2433 5095 habere
2456 5041 2669 5095 videtur
2689 5057 2808 5110 quae
2832 5044 2999 5111 patris
3016 5043 3097 5096 sui
3132 5052 3397 5107 sunt,una

1832 5149 1954 5189 cum
1979 5132 2251 5198 omnibus,
2284 5148 2407 5202 quae
2450 5132 2591 5187 illius
2624 5142 2770 5197 sunt,
2821 5134 2982 5187 etiam
3025 5148 3143 5188 esse
3170 5149 3234 5189 ex
3280 5134 3400 5203 ipso

1830 5225 2056 5279 habens.
2083 5224 2349 5279 Caeterum
2380 5224 2560 5277 divina
2594 5234 2758 5293 atque
2808 5224 3092 5279 ineﬂ‘abilis
3120 5226 3398 5295 generatio

1828 5315 2057 5385 exempli
2080 5332 2108 5368 a
2138 5315 2293 5370 nobis
2316 5314 2461 5370 allati
2492 5317 2755 5371 rationem
2787 5316 2944 5388 longe
2972 5318 3216 5385 excedat,
3240 5325 3396 5373 etres

1832 5407 2015 5462 divino
2056 5409 2218 5463 modo
2245 5408 2594 5479 intelligatur.

2263 5518 2497 5589 Objectio
2539 5521 2922 5574 haereticorum.

1898 5626 2073 5700 Quod,
2108 5631 2380 5702 inquiunt,
2412 5633 2477 5687 iis
2509 5632 2760 5703 quzejam
2817 5643 2942 5688 sunt
3005 5643 3162 5702 atque
3213 5631 3391 5688 subsi-

2958 5900 2992 5959 8
