3882 6210
423 365 531 419 255
1448 346 1505 398 S.
1547 340 1819 399 CYRILLI
1855 334 2321 393 ALEXANDRINI
2363 333 2679 388 ARCIIIEP.
3556 325 3667 381 .256

422 491 727 545 stuut,non
766 488 943 529 autem
997 472 1063 525 iis
1119 482 1239 538 qua:
1300 480 1405 520 non
1492 464 1759 517 exsistunt
1825 459 1955 527 magi

2137 457 2153 507 5
2182 459 2291 517 τοῖς
2326 456 2399 524 μὴ
2433 450 2549 507 οὖσι
2578 452 2825 522 δέχεσθαί
2879 468 2931 503 τι
2966 448 3428 519 πρεπωδέστερον,
3466 444 3670 515 συνθη-

422 572 711 626 couveniat
737 566 936 636 aliquid
967 563 1237 630 accipere,
1263 573 1361 612 nos
1402 557 1565 610 etiam
1618 553 1955 610 concedimus

2135 548 2299 618 ὀμεθα
2328 548 2420 599 καὶ
2446 547 2617 599 αὐτοί.
2667 545 2805 597 Ἀλλ’
2836 546 3011 597 ἐκεῖνο
3026 542 3122 596 νῦν
3152 543 3442 609 ἀναγκαῖον
3472 540 3668 599 εἰπεῖν,

424 664 690 718 Caeterum
718 659 844 713 illud
870 669 1011 711 nunc
1030 665 1252 706 necesse
1274 659 1359 703 est
1378 648 1577 712 dicere,
1603 645 1747 714 quod
1773 645 1824 699 id
1851 660 1955 712 quo

2137 658 2174 692 ιι
2205 639 2264 692 τὸ
2286 638 2571 708 δεχόμενόν
2593 655 2645 689 τι
2671 636 2822 705 παρά
2846 652 3009 699 τινος,
3067 634 3143 698 ὡς
3171 636 3272 687 οὐκ
3302 632 3420 703 ἕχον
3450 630 3670 701 λαμ.θά-

424 755 619 823 aecipit
647 750 847 819 aliquid
892 748 957 801 ab
981 746 1109 811 alio,
1164 753 1420 811 tauquam
1452 755 1556 794 non
1588 737 1796 792 habens
1846 736 1957 790 acci

2140 750 2196 785 ει.
2224 733 2285 784 El
2317 732 2498 783 τοίνυν
2526 731 2639 800 ἔχει
2669 730 2768 799 μὲν
2804 731 2832 782 6
2862 730 3050 800 Πατὴρ
3088 727 3149 781 τὸ
3207 722 3347 780 εἶναι
3400 725 3511 794 ζωὴ
3550 725 3673 776 κατ’

423 853 521 919 pit.
547 817 602 902 Si
630 817 757 911 ergo
780 844 940 898 Pater
977 840 1197 909 quidem
1256 837 1420 891 habet
1473 836 1595 896 hoc,
1644 840 1704 885 ut
1773 830 1844 885 sit
1886 830 1956 884 vit

2144 824 2304 886 iclav,
2334 823 2517 877 δίδωσι
2544 823 2602 875 δὲ
2635 821 2793 875 τοῦτο
2817 821 2894 891 τῷ
2924 820 3037 891 Υἱῷ
3072 821 3146 883 ὡς
3179 820 3279 873 οὐκ
3304 819 3479 891 ἔχοντι
3511 817 3677 887 δηλα-

424 939 716 995 secundum
770 934 1087 994 essentiam,
1128 929 1223 983 dat
1273 942 1402 982 vero
1442 925 1491 979 id
1524 923 1683 985 Filio,
1741 923 1957 975 nimirut

2143 932 2181 987 π,
2210 915 2327 978 πῶς
2355 912 2447 968 οὖν
2477 915 2628 968 ἔσται
2657 915 2776 967 κατ’
2804 913 2988 966 οὐσίαν
3019 914 3201 983 ὅμοιος
3232 910 3379 982 αὑτῷ
3416 910 3545 980 παρ’
3580 911 3676 962 αὐ-

424 1042 483 1084 ut
518 1046 621 1084 non
646 1027 861 1082 habenti
893 1042 905 1075 :
940 1040 1047 1093 quo
1080 1032 1235 1091 pacto
1253 1020 1416 1088 igitur
1444 1018 1548 1072 erit
1583 1016 1792 1070 ratione
1817 1028 1957 1069 esser

1648 1016 1792 1070 tione
1817 1028 1999 1069 essen-
2098 1005 2191 1061 τοῦ
2232 1007 2521 1078 δεχόμενος
2552 1008 2688 1079 ὅπερ
2714 1007 2877 1072 αὐτὸς
2902 1008 3002 1061 οὐκ
3032 1006 3178 1077 Extat;

425 1126 513 1177 tia:
540 1120 737 1176 similis
760 1118 833 1183 ei,
862 1118 927 1173 ah
955 1132 1018 1172 eo
1046 1112 1316 1183 accipiens
1344 1110 1486 1180 quod
1512 1110 1739 1179 ipsemet
1768 1122 1875 1163 non
1897 1107 1995 1161 ha-

429 1213 551 1267 bet?

940 1317 1148 1373 Salutio
1175 1312 1502 1385 objectiom’s.

2599 1291 2754 1356 Πρὸς
2780 1289 2953 1343 τοῦτο
2981 1291 3176 1356 λύσις.

492 1434 811 1507 lnquirenda
835 1441 918 1487 est
942 1442 1196 1487 accurate
1227 1428 1358 1483 dicti
1402 1428 1571 1495 ipsius
1600 1424 1667 1480 de
1727 1437 1835 1493 quo
1887 1420 2001 1488 agi-

2186 1404 2530 1469 Ἐξεταστέον
2565 1402 2826 1473 ἀκριϐῶς,
2877 1396 2920 1452 ὢ
2959 1402 3241 1471 βέλτιστοι,
3267 1401 3359 1454 τοῦ
3389 1403 3686 1473 προτεθέν-

432 1550 569 1595 "IIIS,
601 1548 631 1585 ο
669 1530 814 1591 boni,
841 1527 1131 1587 sententia,
1161 1539 1224 1576 ac
1260 1533 1370 1575 tum
1400 1519 1627 1574 rationis
1652 1517 1758 1569 vim
1795 1514 1965 1569 videhi

2153 1514 2195 1558 ›ς
2233 1498 2396 1567 ῥητοῦ
2419 1498 2517 1568 τὴν
2541 1496 2800 1557 διάνοιαν,
2828 1494 2923 1546 καὶ
2953 1494 3074 1546 τότε
3099 1493 3207 1561 τοῦ,
3224 1493 3380 1562 λόγου
3401 1495 3499 1564 τὴν
3523 1495 3686 1547 δύνα-

430 1641 571 1679 mus.
609 1625 647 1675 A
675 1621 830 1675 nobis
859 1619 1004 1671 enim
1036 1624 1227 1670 contra
1251 1612 1504 1665 audietis.
1539 1609 1594 1662 Si
1620 1608 1699 1661 sic
1729 1607 1892 1660 habet
1923 1620 1952 1656 v

2156 1606 2203 1639 ιν
2225 1586 2487 1658 ὀψόμεθα.
2527 1584 2949 1639 Ἀντακούσεσθε
2994 1584 3103 1655 γὰρ
3144 1584 3273 1653 παρ’
3310 1584 3485 1653 ἡμῶν,
3513 1585 3563 1636 εἰ
3587 1582 3686 1635 οὖ-

432 1724 539 1769 tam
575 1712 742 1765 Filius
790 1705 1240 1778 quemadmodum
1285 1712 1337 1755 et
1408 1700 1587 1762 Pater,
1656 1697 1758 1751 hoc
1785 1706 1890 1760 est,
1952 1695 1964 1747 i

2151 1698 2214 1742 ως
2245 1680 2357 1750 ἔχει
2391 1680 2490 1747 τὴν
2511 1677 2654 1747 ζωὴν
2683 1678 2712 1729 6
2736 1677 2861 1739 Υἱὸς
2890 1675 3078 1746 ὥσπερ
3102 1676 3196 1728 καὶ
3228 1677 3255 1727 6
3305 1674 3512 1745 Πατὴρ,
3552 1691 3684 1726 του-

434 1810 633 1876 seipso,
667 1821 763 1874 per
794 1805 936 1872 quod
971 1799 1310 1870 signiﬁcatur
1338 1794 1721 1856 essentialiter,
1761 1792 1888 1861 quid
1917 1793 1967 1845 ol

2154 1771 2309 1835 ἐστιν,
2343 1772 2400 1822 ὲν
2422 1768 2618 1838 ἐαυτῷ,
2654 1768 2721 1820 δι’
2757 1761 2815 1820 οὗ
2846 1766 2906 1819 τὸ
2934 1766 3207 1829 οὐσιωδῶς
3243 1766 3565 1837 σημαίνεται
3586 1810 3603 1831 ,
3630 1767 3687 1817 τί

2188 1861 2208 1876 κ
2237 1859 2249 1875 .
2416 1860 2428 1876 ς
2478 1862 2491 1876 .
2580 1858 2593 1876 ,
2706 1859 2727 1876 .
2976 1857 3003 1876 ρ
3121 1858 3133 1876 ,
3179 1859 3205 1870 ρ.
3275 1855 3311 1876 κ.
3529 1859 3541 1873 .
3634 1858 3647 1873 .

436 1841 633 1876 θειμθυ,
668 1841 751 1874 yp-
794 1841 936 1872 ιιυυυ
971 1841 1299 1870 gub-unm..."
1340 1841 1721 1856 νυνν..--..-.---,
1765 1841 1888 1861 τη-..
1924 1841 1969 1845 ,η

436 1901 601 1956 stabit
630 1897 917 1968 quominus
949 1908 1067 1962 quae
1096 1890 1347 1946 similiter
1385 1903 1445 1941 se
1491 1889 1711 1947 habent,
1764 1884 1965 1951 eiusde:

2157 1859 2341 1913 »λύσει
2372 1860 2439 1913 τὰ
2469 1858 2672 1930 ὁμοίως
2704 1859 2917 1928 ἔχοντα,
2942 1857 3043 1925 τῆς
3074 1858 3243 1928 αὐτῆς
3265 1855 3401 1911 εἶναι
3458 1859 3554 1911 καὶ
3593 1858 3690 1910 ού-

2157 1953 2161 1963 '
2304 1953 2361 1968 ΠΙ
2467 1951 2477 1968 1
2592 1951 2605 1968 I
2666 1952 2713 1968 π
2793 1951 2803 1968 ὶ
2891 1950 2912 1968 υ
2962 1967 2969 1968 κ
3048 1967 3056 1968 κ
3080 1950 3090 1967 η
3201 1950 3227 1968 ν
3281 1950 3291 1967 η
3376 1952 3390 1968 ν
3486 1952 3499 1968 l
3629 1948 3655 1960 ¹⁹

440 1948 661 2061 quoque
683 1990 791 2043 sint
819 1983 1170 2040 substantiae?
1200 1982 1255 2036 Si
1284 1982 1429 2035 enim
1454 1980 1615 2033 Pater
1651 1979 1813 2031 habet
1838 1976 1973 2029 vitat

2152 1953 2263 2017 ἱαςς
2302 1953 2363 2004 Εἰ
2417 1951 2526 2022 γὰρ
2582 1951 2612 2003 6
2666 1951 2857 2021 Πατὴρ
2890 1950 3000 2019 ἔχει
3040 1950 3140 2020 τὴν
3195 1950 3339 2021 ζωὴν
3373 1952 3429 2002 ὲν
3482 1948 3685 2019 ἐαυτῷ,

443 2041 605 2061 amr
632 2041 650 2044 -
687 2041 725 2043 -ε

434 2083 487 2138 in
535 2082 731 2150 seipso,
760 2090 812 2134 et
834 2077 1003 2131 Filius
1035 2075 1271 2129 vicissim
1303 2074 1469 2126 vitam
1506 2071 1560 2125 in
1594 2071 1772 2139 seipso
1822 2067 1967 2121 habe

2155 2060 2221 2112 {Et
2252 2043 2308 2095 δὲ
2340 2044 2502 2097 πάλιν
2533 2042 2702 2113 αὐτὴν
2727 2044 2755 2095 6
2789 2042 2918 2106 Υἱὸς
2945 2043 3002 2095 ἐν
3033 2041 3228 2112 ἑαυτῷ,
3268 2043 3369 2095 οὐκ
3405 2042 3463 2093 ἐν
3511 2058 3688 2113 προσ-

436 2190 541 2229 non
572 2187 670 2242 per
702 2171 1080 2241 adiectionem,
1115 2176 1172 2219 ut
1202 2180 1298 2220 vos
1328 2162 1648 2231 opinamini,
1716 2159 1821 2233 erit
1841 2159 1969 2213 etiat

2158 2137 2283 2206 ᾒκης
2315 2135 2492 2205 μέρει,
2520 2135 2772 2206 καθάπερ
2800 2135 2957 2205 ὑμεῖς
2988 2150 3143 2203 φατε,
3176 2133 3328 2187 ἔσται
3357 2134 3450 2187 καὶ
3469 2134 3546 2203 τῷ
3570 2135 3691 2186 [Ια-

436 2222 657 2242 -----,-_
986 2222 993 2223 ,
1068 2222 1079 2231 ,
1367 2222 1377 2231 ,
1635 2222 1643 2225 ν
1802 2226 1809 2233 ς

434 2265 583 2320 Patri
612 2264 909 2318 secundum
935 2259 1231 2314 essentiam
1268 2254 1515 2324 aequalis,
1551 2254 1642 2320 qui
1668 2252 1855 2306 eodem
1888 2264 1967 2303 mo

2157 2226 2197 2276 at
2254 2224 2374 2278 κατ’
2427 2226 2616 2278 οὐσίαν
2670 2226 2815 2289 ἴσος,
2859 2227 2888 2279 6
2932 2224 3193 2288 ὡσαύτως
3238 2224 3376 2295 ἔχων
3405 2226 3504 2295 τὴν
3542 2222 3690 2295 ζωὴν

438 2360 505 2414 do
546 2357 712 2411 vitam
739 2355 901 2409 habet
924 2361 1086 2421 atque
1124 2349 1232 2412 ille,
1263 2359 1441 2401 etnon
1474 2344 1653 2398 aliter.

1335 2316 1441 2400 ξιοη
1474 2316 1653 2398 autver.
2109 2316 2301 2387 ἐκείνῳ
2324 2357 2338 2383 ,
2370 2316 2467 2370 καὶ
2503 2318 2601 2389 οὐχ
2633 2317 2852 2389 ἑτέρως.

1142 2481 1375 2537 ALIUD.

2798 2447 2996 2505 AAAO.

506 2604 564 2659 Si
594 2601 760 2656 Filius
796 2614 899 2654 non
921 2605 1005 2651 est
1041 2596 1149 2649 vita
1189 2592 1483 2649 secundum
1535 2598 1807 2653 naturam,
1851 2585 2004 2657 14],

2183 2564 2244 2616 Εἰ
2278 2581 2351 2634 μη
2383 2562 2493 2632 ζωὴ
2524 2562 2662 2614 κατὰ
2710 2560 2871 2630 φύσιν
2912 2561 3058 2613 ἐστὶν
3086 2563 3114 2613 6
3139 2560 3285 2625 Υἱὸς,
3344 2560 3462 2623 πῶς
3486 2561 3694 2629 ἐπαλη-

440 2712 547 2767 quo
582 2703 739 2764 pacto
771 2706 898 2745 vere
927 2689 1057 2743 dicit
1093 2706 1107 2740 :
1140 2706 1160 2738 ι
1197 2685 1298 2752 Qui
1319 2684 1489 2739 credit
1541 2681 1594 2735 iu
1621 2694 1726 2743 me,
1752 2679 1913 2732 habet
1936 2692 1965 2729 ν

2161 2654 2291 2707 εύσει
2319 2654 2514 2721 λέγων’
2556 2673 2573 2704 ί
2612 2654 2667 2706 '0
2700 2652 2970 2705 πιστεύων
3008 2655 3089 2715 εἰς
3111 2653 3230 2723 ἐμὲ,
3253 2651 3363 2721 ἔχει
3388 2652 3532 2723 ζωὴν
3554 2652 3694 2706 αἰώ-

2170 2763 2256 2767 --Α-
2287 2764 2298 2767 _
2339 2745 2443 2767 II._\
2475 2744 2651 2767 __L‘t--.-
2692 2762 2706 2767 -
2749 2744 2830 2767 ΤΙῚᾹ.
2863 2745 3108 2767 --ιρ---
3159 2745 3224 2767 ..λ-
3272 2743 3377 2767 1..-).
3426 2744 3524 2767 -2-
3553 2744 3694 2767 λης.-

443 2743 544 2767 *ι’-ν
584 2743 733 2764 ι---η
817 2743 827 2745 τ
881 2743 888 2744 κ
1207 2743 1241 2752 η

441 2802 550 2847 tam
574 2798 829 2843 aeternam
858 2783 941 2836 ‘7?
996 2800 1014 2833 ›
1076 2780 1141 2833 Ει
1169 2791 1389 2831 rursus:
1441 2793 1459 2825 ι
1500 2771 1638 2827 Oves
1678 2782 1974 2823 meaavocet

2166 2763 2258 2811 0v;
2285 2764 2302 2796 ι
2338 2745 2447 2797 Καὶ
2473 2744 2652 2797 πάλιν·
2688 2762 2706 2794 ι
2749 2744 2832 2797 Τὰ
2861 2745 3111 2815 πρόϐατα
3157 2745 3226 2797 τὰ
3269 2743 3378 2814 ἐμὰ
3425 2744 3524 2812 τῆς
3551 2744 3694 2814 ἐμῆς

442 2896 618 2937 meam
654 2878 878 2933 audiunt
907 2874 981 2940 ‘3;
1017 2891 1035 2924 ι
1073 2882 1127 2925 et
1161 2888 1175 2924 :
1216 2887 1234 2920 ι
1261 2868 1371 2938 Ego
1397 2868 1464 2921 do
1494 2864 1625 2933 ipsis
1668 2862 1830 2916 vitam
1859 2869 1975 2914 mter

2155 2832 2298 2886 κούει
2312 2833 2514 2903 φωνῆς.
2529 2850 2650 2883 ι-ι
2663 2830 2833 2901 Κάγὼ
2848 2832 3039 2903 διδωμι
3056 2834 3236 2897 αὐτοῖς
3258 2832 3399 2903 ζωὴν
3415 2832 3654 2887 αἰώνιον.
3669 2853 3688 2884 ι

444 2986 600 3037 nam;
636 2987 654 3021 ι
688 2978 742 3022 et
775 2978 961 3021 rursus
1008 2983 1020 3017 :
1063 2979 1081 3012 ι
1122 2960 1223 3027 Qui
1257 2957 1430 3012 credit
1464 2956 1515 3010 in
1548 2968 1654 3017 me,
1691 2966 1797 3006 non
1830 2959 1977 3020 gusta

2168 2927 2223 2978 αἱ
2252 2926 2436 2979 πάλιν*
2469 2944 2489 2977 ι
2540 2926 2598 2977 '0
2628 2923 2899 2977 πιστεύων
2931 2926 3011 2988 εἰς
3045 2925 3146 2995 ἐμὲ
3214 2925 3274 2976 οὐ
3318 2927 3391 2995 μὴ
3428 2926 3696 2995 γεύσηται

446 3067 527 3120 bit
557 3015 787 3116 mortem
820 3059 872 3111 in
902 3067 1162 3109 aeternum
1188 3051 1257 3102 Μ’.
1297 3067 1314 3099 ι
1344 3046 1640 3116 Oportebat
1677 3042 1819 3097 enim
1871 3042 1979 3095 dice

2163 3017 2347 3070 ινάτου
2370 3020 2447 3080 εἰς
2480 3016 2571 3069 τὸν
2605 3016 2797 3071 αἰῶνα.
2834 3034 2853 3067 ι
2896 3015 3043 3069 Ἔδει
3099 3016 3207 3087 γὰρ
3253 3017 3431 3085 λέγειν
3452 3032 3466 3045 ·
3512 3018 3572 3069 '0
3604 3034 3696 3069 πιο

448 3172 540 3211 re:
569 3153 670 3220 Qui
707 3148 877 3204 credit
904 3146 955 3200 in
984 3157 1092 3204 me,
1126 3140 1358 3209 accipiet
1419 3138 1607 3201 vitam,
1657 3147 1818 3202 quam
1872 3131 1981 3185 dedi

2163 3109 2321 3163 ιεύων
2351 3111 2431 3171 εἰς
2482 3109 2581 3178 ἐμὲ
2617 3108 2843 3180 λήψεται
2872 3110 3001 3178 παρ’
3042 3109 3175 3180 ἐμοῦ
3208 3108 3368 3178 ζωὴν,
3396 3109 3461 3178 ἣν
3490 3108 3696 3161 δέδωκέ

449 3194 670 3220 ιυοτιιιι
710 3194 877 3204 νιν-μ·-
904 3194 1092 3204 -----ν.
1132 3194 1141 3195 κ
1248 3194 1263 3209 ,
1596 3194 1604 3201 ,
1675 3194 1689 3202 _

449 3249 577 3303 mihi
612 3244 791 3298 Pater.
826 3241 991 3293 Item:
1020 3236 1153 3289 Eum
1183 3232 1274 3301 qui
1323 3227 1616 3283 crediderit
1646 3227 1696 3277 in
1746 3238 1853 3286 me,
1909 3236 1975 3275 no

2166 3219 2212 3253 οι
2244 3203 2273 3253 6
2298 3202 2509 3272 Πατήρ.
2542 3203 2651 3253 Καὶ
2701 3200 2882 3254 πάλιν·
2947 3200 3053 3255 Τὸν
3112 3201 3195 3264 εἰς
3237 3200 3335 3270 ἐμὲ
3373 3200 3699 3253 πιστεύοντα

447 3339 590 3395 sinet
623 3335 783 3389 Pater
814 3338 1031 3401 gustare
1065 3337 1313 3380 mortem.
1346 3320 1405 3375 Si
1439 3334 1565 3374 vero
1597 3318 1648 3372 id
1682 3332 1790 3370 uon
1819 3314 1980 3369 dixiss

2166 3293 2177 3342 'a
2206 3290 2551 3361 συγχωρήσει
2580 3291 2608 3341 6
2641 3289 2830 3362 Πατὴρ
2882 3288 3183 3357 γεύσασθαι
3236 3287 3485 3341 θανάτου.
3542 3287 3608 3339 Εἰ
3641 3288 3699 3339 δὲ

446 3429 709 3490 cernitur,
744 3426 837 3479 sed
870 3420 1134 3494 promittit
1196 3431 1256 3471 se
1320 3415 1574 3469 daturum
1637 3410 1703 3464 iis
1748 3409 1840 3478 qui
1892 3422 1979 3461 ere

2167 3388 2279 3443 >ὖτο
2313 3390 2414 3459 μὲν
2442 3387 2678 3459 εἰρηκὼς
2699 3388 2760 3441 ού
2792 3388 3063 3457 φαίνεται,
3096 3387 3172 3449 ὡς
3203 3385 3258 3438 δὲ
3290 3384 3445 3453 φύσει
3468 3383 3700 3454 προσοῦ-

447 3524 581 3577 dunt
607 3520 659 3573 in
680 3519 852 3587 ipsum
888 3514 1055 3567 vitam
1086 3523 1206 3578 qua:
1235 3504 1557 3561 naturaliter
1582 3498 1980 3555 etesseutialite

2167 3500 2222 3537 ιν
2244 3481 2425 3551 ἑαυτῷ
2466 3481 2565 3553 τὴν
2596 3481 2762 3552 ζωὴν,
2808 3481 2903 3535 καὶ
2936 3479 3012 3543 ὡς
3048 3478 3319 3542 οὐσιωδῶς
3344 3477 3700 3547 ὑπάρχουσαν

2210 3575 2222 3587 .
2348 3573 2372 3583 -
2439 3573 2493 3587 κ,
2738 3574 2757 3587 ..
2869 3572 2880 3587 .
2988 3571 3001 3587 ,
3050 3570 3063 3587 ε
3168 3568 3670 3587 κνηνι,ν,ηιμ,,,

449 3568 893 3679 sibi'i-p‘siriuest,
959 3568 1230 3673 quomodo
1261 3596 1485 3665 intelligi
1520 3603 1692 3663 potest
1720 3590 1915 3643 Filium
1944 3589 1982 3640 vi

2167 3573 2402 3642 θὲαυτῷ,
2434 3573 2626 3624 δώσειν
2675 3574 2786 3634 τοῖς
2834 3572 2914 3634 εἰς
2942 3570 3105 3624 αὐτὸν
3158 3568 3501 3621 πιστεύουσιν
3523 3568 3700 3634 ἐπαγ-

2174 3666 2237 3679 ιες
2479 3664 2500 3675 ’⁸
2581 3665 2592 3679 I
2640 3663 2689 3679 θ’
2986 3665 3007 3678 Ic
3096 3662 3136 3679 ,!
3233 3660 3254 3679 ι
3302 3660 3492 3679 A,__,\
3563 3660 3655 3679 \F!\

451 3660 554 3668 ----
599 3660 743 3679 'r""
883 3660 893 3669 .
979 3660 991 3673 .
1438 3660 1461 3665 -
1523 3660 1532 3663 _

451 3718 559 3761 tam
614 3718 719 3758 non
778 3700 1065 3754 habentem
1119 3707 1235 3748 eam
1277 3707 1312 3743 a
1359 3690 1517 3743 Patre
1550 3683 1857 3753 accepisse?
1911 3680 1984 3735 H0

2168 3666 2390 3730 έλλεται,
2425 3664 2541 3727 πῶς
2576 3663 2848 3732 ἐνδέχεται
2897 3665 3037 3715 νοεῖν
3084 3662 3186 3714 οὐκ
3230 3660 3420 3730 ἔχοντα
3443 3660 3530 3713 τὸν
3563 3660 3701 3712 Υἱὸν

448 3800 593 3852 enim
633 3795 823 3865 quavis
846 3786 1174 3858 blasphemia
1204 3781 1421 3853 gravius
1456 3790 1557 3834 est.
1594 3777 1724 3839 Sed,
1773 3783 1830 3827 ut
1863 3773 1981 3826 mod

2166 3761 2405 3830 ἱληφέναι
2433 3759 2637 3828 ταύτην
2653 3757 2803 3827 παρὰ
2827 3755 2920 3810 τοῦ
2952 3755 3197 3825 Πατρὸς;
3233 3754 3342 3807 Καὶ
3382 3753 3489 3825 γὰρ
3522 3753 3588 3806 ἂν
3610 3754 3699 3824 εἴη

451 3845 592 3852 ⁷⁸⁷⁵⁵⁷·
639 3845 737 3865 Ί“⁷“
782 3845 787 3846 ⁷
807 3845 815 3846 ί
966 3845 979 3858 ι
1205 3845 1232 3853 ν

450 3892 649 3945 dictum
676 3884 1084 3954 est,procedens
1106 3893 1169 3931 ex
1192 3876 1376 3938 Patre,
1394 3872 1571 3927 omnia
1600 3883 1715 3938 qua:
1744 3866 1883 3920 illius
1901 3880 1983 3918 Slll

2171 3853 2305 3922 ἁσης
2334 3851 2589 3905 ἐπέκεινα
2619 3849 2928 3920 δυσφημίας
2977 3847 3135 3901 τοῦτό
3189 3864 3273 3915 γε.
3317 3846 3480 3909 Ἀλλ’,
3509 3845 3704 3915 ὥσπερ

451 3983 609 4039 simul
631 3979 922 4035 secundum
952 3983 1201 4027 naturam
1226 3982 1407 4023 secum
1433 3964 1620 4026 alTert,
1654 3969 1709 4015 et
1727 3975 1787 4013 ea
1820 3958 1984 4012 ration

2171 3948 2225 4017 5η
2267 3945 2605 4016 προείρηται,
2630 3943 2905 4015 προελθὼν
2936 3944 2999 3995 ὲκ
3041 3941 3271 4012 Πατρὸς,
3307 3939 3568 3993 πάντατὰ
3597 3939 3704 3993 αὐ-

451 4028 862 4143 ξἰἶζξξὲἐρίι,
923 4066 1122 4118 dicitur
1181 4056 1435 4129 splendor
1491 4064 1546 4109 et
1606 4053 1782 4120 imago
1837 4049 1984 4119 ipsiut

2172 4038 2219 4092 >ὖ
2254 4038 2392 4090 κατὰ
2418 4038 2578 4106 φύσιν
2639 4028 2923 4104 ἐπάγεται,
2977 4033 3073 4087 καὶ
3122 4033 3198 4096 ὡς
3238 4032 3494 4103 εἰληφὼς,
3556 4034 3705 4083 κατὰ

2194 4129 2217 4140 ~
2404 4130 2424 4143 ο
2658 4127 2671 4143 \
2748 4127 2760 4143 9
2865 4124 2993 4143 θεν,
3108 4124 3193 4143 Α.νὶ
3248 4122 3379 4143 κοκηῖν
3448 4123 3582 4143 (ΑΒ-
3676 4142 3681 4143 ,

453 4122 630 4220 illum]
666 4169 845 4215 autem
907 4168 1091 4210 eorum
1144 4165 1267 4221 quae
1327 4146 1475 4202 Patri
1533 4147 1716 4200 insunt
1741 4142 1902 4197 etiam
1943 4155 1986 4195 et

2172 4129 2284 4183 >ὖτο
2316 4130 2536 4192 νοεῖται,
2588 4127 2681 4180 καὶ
2737 4124 3073 4194 ἀπαύγασμα
3106 4124 3201 4177 καὶ
3239 4122 3402 4176 εἰκὼν
3441 4123 3705 4193 ὑπάρχων

452 4217 583 4310 dua.
1161 4217 1178 4221 _
2126 4221 2314 4278 αὐτοῦ.
2380 4223 2475 4275 Ἓν
2527 4220 2583 4274 δὲ
2634 4220 2744 4273 τῶν
2798 4220 3105 4288 προσόντων
3160 4217 3239 4273 τῶ
3284 4217 3459 4269 Πατοὶ
3522 4219 3617 4270 καὶ
3670 4219 3707 4286 ἡ

2122 4317 2263 4388 ζωή·

1133 4442 1362 4498 ALIUD.

2816 4428 3018 4482 ΑΛΛΟ.

530 4562 585 4620 Si
620 4562 788 4617 Filius
817 4561 911 4618 Dei
937 4576 1041 4617 non
1078 4567 1163 4613 est
1189 4554 1507 4610 naturaliter
1526 4554 1657 4620 vita,
1701 4554 1794 4609 sed
1823 4564 2025 4609 tantum
2058 4550 2063 4605 ἶ

2198 4546 2261 4598 El
2297 4544 2370 4615 μὴ
2399 4542 2511 4615 ζωὴ
2531 4542 2671 4597 κατὰ
2703 4540 2861 4611 φύσιν
2888 4542 3035 4594 ἐστὶν
3062 4542 3089 4593 6
3116 4538 3245 4602 Υἱὸς
3263 4537 3356 4592 τοῦ
3384 4536 3545 4601 Θεοῦ,
3568 4536 3707 4589 ἀλλὰ

452 4657 578 4709 vita:
610 4653 898 4723 particeps,
927 4647 1381 4721 quemadmodum
1430 4648 1618 4701 hostes
1668 4644 1870 4699 Christi
1911 4647 1985 4713 op1

2176 4640 2275 4708 »ἧς
2310 4636 2554 4707 μέτοχος,
2585 4634 2835 4704 καθάπερ
2862 4636 2911 4686 οἱ
2949 4631 3305 4703 χριπομάχοι
3352 4630 3533 4699 φασὶν,
3587 4629 3709 4681 ἓτε-

455 4760 690 4811 nantur,
721 4745 863 4798 aliud
922 4742 1196 4811 quidpiam
1250 4749 1336 4792 est
1386 4738 1681 4791 secundum
1734 4736 1987 4790 essentia:

2176 4730 2223 4782 5v
2255 4729 2307 4781 τί
2333 4732 2446 4781 ἐστι
2469 4727 2588 4781 κατ’
2617 4727 2803 4780 οὐσίαν
2856 4723 3018 4787 αὐτὸς
3069 4723 3218 4794 παρὰ
3256 4721 3317 4774 τὸ
3348 4720 3709 4790 μετεχόμενον

454 4855 615 4908 quam
648 4837 774 4891 illud
806 4835 948 4906 quod
975 4835 1125 4887 abeo
1154 4829 1528 4899 participatur.
1609 4827 1888 4895 Quomodo
1929 4828 1987 4896 igi

2179 4823 2224 4873 π’
2261 4819 2443 4873 αὑτοῦ.
2478 4819 2600 4881 Πῶς
2639 4814 2731 4871 οὖν
2771 4819 2903 4887 ἡμῖν
2956 4816 3117 4878 αὐτὸς
3171 4816 3250 4877 εἰς
3289 4815 3449 4885 μέσον
3490 4813 3712 4883 ἔρχεται

457 4902 674 4999 ι-υιίρεε
721 4930 771 4981 in
822 4902 1067 4982 medium
1132 4924 1335 4992 prodit,
1390 4921 1544 4975 nobis
1578 4921 1812 4975 dicens:
1852 4936 1871 4970 ι
1917 4919 1990 4989 Eg

2182 4912 2336 4979 Ξγων·
2378 4929 2395 4960 ι
2442 4909 2583 4977 Ἐγώ
2616 4911 2729 4978 εἰμι
2755 4908 2782 4959 ὁ
2819 4907 2981 4975 ἄρτος
3027 4907 3055 4957 6
3107 4907 3169 4957 ὲκ
3202 4902 3295 4956 τοῦ
3336 4902 3561 4971 οὐρανοῦ
3609 4920 3715 4954 κα-

454 4994 757 5088 sum'pauis
791 5018 881 5086 qui
917 5018 982 5070 de
1009 5016 1147 5070 cmlo
1169 5012 1443 5067 descendi.
1475 5010 1531 5063 Si
1584 5010 1708 5079 quis
1731 5009 1984 5063 comeder

2180 5004 2324 5067 ιόάς.
2359 5004 2482 5057 Ἐάν
2514 5019 2596 5064 τις
2624 5001 2771 5071 φάγῃ
2826 5002 2889 5052 ὲκ
2916 4998 3105 5051 τούτου
3146 4996 3238 5049 τοῦ
3269 4997 3451 5065 ἄρτου,
3485 4994 3713 5064 ζήσεται

454 5130 518 5167 ex
546 5114 649 5166 hoc
677 5124 834 5178 pane,
864 5108 1009 5161 vivet
1039 5107 1090 5159 in
1124 5116 1382 5158 attentum
1416 5100 1497 5153 7°?
1520 5119 1537 5150 ι
1574 5099 1987 5168 Oportebateuit

2188 5112 2213 5155 ς
2244 5094 2332 5146 τὸν
2369 5092 2569 5155 αἱῶνα;
2607 5110 2623 5141 ι
2667 5090 2814 5142 Ἔδει
2846 5090 2952 5158 γὰρ
2985 5086 3156 5149 οὓτως
3202 5088 3394 5145 εἰπεῖν,
3428 5084 3585 5151 εἴπερ
3616 5083 3716 5133 οὐκ

455 5206 534 5259 sic
565 5202 741 5272 potius
768 5201 967 5261 dicere,
1002 5196 1046 5251 si
1086 5194 1375 5262 modoipse
1408 5208 1514 5245 non
1559 5200 1679 5245 erat
1729 5191 1988 5244 secundm

2183 5204 2201 5235 ν
2236 5185 2376 5237 κατὰ
2412 5183 2571 5252 φύσιν
2598 5182 2757 5243 αὐτὸς
2815 5181 2847 5249 ή
2891 5179 3023 5249 ζωή·
3060 5178 3147 5229 Ἐν
3176 5176 3298 5244 ἐμοὶ
3326 5176 3352 5227 ὁ
3393 5174 3555 5243 ἄρτος
3593 5174 3622 5224 ὁ
3652 5174 3716 5224 ἐκ

456 5307 705 5349 naturam
741 5292 849 5343 vita
881 5289 995 5358 ipsa
1023 5302 1037 5341 :
1063 5287 1120 5340 lu
1149 5300 1232 5339 me
1259 5294 1340 5339 est
1382 5284 1536 5352 panis
1565 5282 1657 5350 qui
1688 5280 1754 5335 de
1779 5280 1916 5334 coelo
1940 5280 1989 5333 dt

2184 5276 2224 5329 νῦ
2247 5275 2476 5346 ούρανοῦ
2502 5272 2764 5335 καταϐάς.
2793 5273 2925 5335 Καὶ,
2970 5270 3092 5323 Ἐάν
3130 5286 3212 5331 τις
3236 5268 3385 5339 φάγῃ
3409 5268 3472 5319 ὲκ
3501 5265 3595 5317 τοῦ
3618 5266 3717 5334 ἄρ⁹

455 5385 699 5447 scendit;
729 5388 804 5444 et,
835 5357 1044 5449 Siquis
1067 5377 1361 5431 comederit
1410 5390 1476 5429 ex
1508 5388 1647 5443 pane
1702 5373 1793 5442 qui
1841 5373 1893 5427 in
1947 5388 1988 5425 ni

2183 5386 2224 5420 tu
2251 5367 2346 5420 τοῦ
2373 5369 2429 5419 ὲν
2458 5367 2601 5436 ἐμοὶ,
2639 5366 2863 5436 ζήσεται
2895 5366 2973 5426 εἰς
3019 5362 3111 5414 τὸν
3138 5360 3329 5414 αἰῶνα.
3380 5358 3517 5411 Νυνὶ
3546 5357 3604 5409 δὲ
3627 5357 3716 5409 λέ-

455 5485 560 5538 est,
592 5475 733 5527 vivet
768 5473 821 5526 iu
852 5482 1134 5525 aeternum.
1166 5468 1233 5521 At
1261 5482 1389 5521 vero
1410 5482 1531 5521 cum
1562 5465 1711 5530 dicit,
1760 5464 1871 5534 Ego
1889 5478 1988 5518 sun

2187 5480 2244 5514 ον
2274 5463 2355 5526 τὸ,
2400 5461 2540 5528 Ἐγώ
2571 5462 2705 5529 εἰμι,
2743 5457 2931 5510 ἑαυτὸν
2956 5455 3153 5525 ὁρίζει,
3176 5454 3268 5505 καὶ
3293 5452 3390 5521 οὐχ
3423 5450 3481 5502 ’ἐν
3524 5467 3575 5501 τι
3611 5450 3720 5501 τῶν

456 5568 690 5633 seipsum
717 5565 979 5632 designat,
1017 5576 1120 5615 non
1180 5569 1359 5614 autem
1418 5559 1619 5629 aliquid
1669 5573 1857 5613 eorum
1912 5572 1989 5627 qui

2182 5553 2579 5624 ροσγεγονότων
2611 5553 2728 5621 ἦτοι
2762 5549 3072 5620 προσόντων
3112 5543 3280 5616 αὐτῷ.
3319 5545 3380 5597 Εἰ
3411 5541 3590 5597 τοίνυν
3626 5542 3715 5594 αύ-

531 5743 572 5775 ⁸τ
597 5741 749 5797 Joan.
787 5756 857 5803 γι,
884 5740 969 5792 Π.
1046 5739 1262 5794 “Joan.
1302 5755 1356 5804 χ,
1389 5738 1475 5791 27.
1553 5736 1776 5793 “Joan.
1806 5752 1918 5803 vm,
1958 5735 2044 5791 52.

1054 5739 1262 5794 "Joan.
1302 5755 1356 5804 χ,
1389 5738 1475 5791 27.
1553 5736 1776 5793 “Joan.
1806 5752 1918 5803 vm,
1958 5735 2044 5791 52.
2123 5734 2169 5765 ⁷ο
2198 5732 2352 5788 Joan.
2396 5747 2467 5800 τι,
2502 5731 2587 5785 51.
