3882 6210
294 414 395 469 237

1701 437 2137 497 TIIESAURUS.

3431 471 3536 527 258

288 529 376 592 τός
402 531 549 584 ἐστιν
581 535 609 585 6
646 534 806 605 ἄρτος
838 539 865 589 6
912 538 1037 603 τοὺς
1079 542 1405 615 μετέχοντας
1438 548 1845 617 ἀπαθανατίζει·

288 621 577 650 X....L..-..-_
633 631 729 650 Α).--
762 629 817 650 εκ
868 631 894 650 n
1044 635 1113 650 am
1153 638 1166 650 ι
1230 638 1240 650 ι
1484 642 1508 650 ..
1659 646 1669 650 -
1735 646 1758 650 _,

1967 553 2040 607 illi
2069 554 2273 624 adjecta
2305 568 2451 626 sunt,
2480 562 2561 618 vel
2587 563 2790 621 insunt.
2830 570 2885 624 Si
2924 585 3052 641 ergo
3085 573 3199 644 ipse
3242 588 3324 633 est
3361 597 3535 650 panis,

286 621 598 692 δυνάμενος,
632 631 731 680 οὑκ
758 629 956 693 ἔξωθεν
1004 635 1123 688 οὐδὲ
1148 638 1439 709 ἐπίκτητον
1482 642 1593 712 ἔχει
1621 646 1683 697 τὸ
1729 646 1861 710 ζωο-

286 718 475 777 ποιεῖν,
518 718 630 769 ἀλλ’
679 718 755 772 ὢν
798 724 936 778 κατὰ
990 726 1149 794 φύσιν
1178 729 1313 801 ζωὴ,
1362 734 1489 797 τοὺς
1536 738 1863 806 μετέχοντας

285 806 449 861 αὑτοῦ
480 809 836 882 ζωοποιήσειν
858 816 1074 889 ἀληθῶς
1108 822 1522 893 ἐπαγγέλλεται.

967 1108 1171 1165 ΔΛΛΟ.

352 1212 414 1266 Εἰ
443 1214 517 1286 μὴ
547 1216 689 1271 κατά
715 1218 876 1287 φύσιν
904 1220 1015 1293 ἔχει
1067 1224 1128 1278 τὸ
1179 1222 1317 1283 εῖναι
1364 1230 1477 1304 ζωὴ
1528 1235 1556 1287 6
1604 1236 1695 1289 τοῦ
1723 1237 1857 1293 Θεοῦ

280 1302 471 1371 Λόγος,
512 1307 832 1363 ἐπείσακτον
859 1311 936 1377 δὲ,
994 1315 1069 1378 ὡς
1116 1317 1273 1387 ὑμεῖς
1323 1302 1478 1391 φατε,
1525 1330 1860 1400 κεκτημένος

280 1394 432 1459 αὐτὸ,
464 1396 746 1459 ζωοποιεῖν
768 1401 1012 1469 δύναται,
1048 1407 1103 1459 τί
1134 1410 1368 1465 κωλύσει
1416 1414 1597 1485 λέγειν
1629 1422 1723 1473 καὶ
1760 1423 1858 1492 ἀγ-

279 1487 469 1553 γέλους
496 1490 622 1553 τοὺς
647 1491 864 1575 ᾁληθῶς
898 1496 1156 1567 μετόχους
1203 1504 1496 1570 γεγονότας
1543 1508 1687 1580 ζωῆς
1708 1487 1860 1566 δύνα-

282 1578 404 1631 σθαι
429 1578 748 1650 ζωοποιεῖν;
793 1584 953 1640 Ἀλλὰ
979 1588 1137 1643 τοῦτο
1175 1592 1275 1662 μὲν
1314 1596 1415 1649 οὐκ
1440 1578 1732 1671 ἐνδέχεται·
1763 1607 1859 1675 μό-

277 1687 368 1733 νος
403 1672 511 1742 γὰρ
554 1674 582 1725 6
620 1674 746 1739 Υἱὸς
787 1676 1069 1741 ζωοποιεῖν
1106 1682 1347 1752 δύναται,
1409 1690 1657 1765 καθάπερ
1707 1672 1801 1750 καὶ
1831 1700 1859 1751 6

278 1764 488 1835 Πατήρ.
526 1767 733 1822 Οὐκοῦν
766 1771 868 1824 ούκ
915 1774 1238 1841 ἐπείσακτος
1268 1781 1326 1833 ὲν
1363 1781 1479 1852 Υἱῷ
1518 1787 1551 1854 ἡ
1595 1764 1857 1854 ζωοποιὺς

276 1855 523 1927 δύναμις,
578 1860 714 1914 ἀλλὰ
763 1864 906 1917 κατὰ
938 1866 1098 1935 φύσιν
1147 1870 1294 1941 αὐτῷ
1333 1874 1608 1945 προσοῦσα
1634 1881 1728 1933 καὶ
1762 1883 1851 1934 ού·
1885 1900 1930 1964 Β

278 1948 483 2012 σιωδῶς
516 1949 703 2023 ὥσπερ
732 1956 828 2009 καὶ
848 1956 926 2009 τῶ
961 1959 1153 2030 Πατρί.

944 2072 1150 2127 ΑΛΛΟ.

343 2174 532 2243 Αέγων
568 2177 597 2229 6
630 2179 756 2245 Υίὸς
816 2182 901 2248 τὸ,
959 2204 978 2237 ‹
1018 2187 1227 2259 Ὥσπερ
1262 2192 1370 2263 γὰρ
1420 2196 1447 2247 6
1504 2197 1693 2270 Πατὴρ
1741 2200 1853 2272 ἔχει

275 2263 419 2335 ζωὴν
449 2269 507 2320 ὲν
527 2268 723 2341 ἐαυτῷ,
746 2271 890 2327 οὕτω
923 2275 1017 2329 καὶ
1037 2278 1115 2349 τῷ
1144 2279 1257 2352 Υἱῷ
1289 2283 1518 2340 δέδωκεν
1545 2263 1687 2359 ἔχειν
1708 2263 1852 2365 ζωὴν

274 2358 332 2410 ὲν
369 2359 565 2430 ἑαυτῷ,
598 2380 617 2414 ι
668 2365 765 2434 τὴν
818 2367 1239 2439 ἀπαράλλακτον
1287 2358 1852 2450 ὁμοιότηταῗδεικνύει

275 2450 481 2516 σαφῶς,
521 2453 588 2524 ἢν
643 2453 754 2525 ἔχει
795 2457 931 2528 πρὸς
982 2460 1074 2514 τὸν
1131 2467 1487 2534 γεννήσαντα.
1542 2473 1693 2543 ’Ἔχει
1743 2476 1853 2547 γὰρ

270 2540 415 2596 οὕτω
445 2542 545 2614 τὴν
575 2545 742 2616 ζωὴν,
767 2548 955 2621 ὥσπερ
982 2553 1075 2606 καὶ
1101 2556 1129 2607 6
1158 2556 1347 2629 Πατὴρ
1371 2600 1387 2625 ,
1415 2540 1649 2636 φυσικὴν
1670 2540 1854 2637 δηλον-

268 2635 352 2688 ότι
382 2637 478 2691 καὶ
527 2638 785 2712 ούσιὼδη.
820 2643 894 2696 Τὸ
925 2644 1003 2709 δὲ,
1038 2646 1282 2714 δέδωκε,
1345 2635 1624 2725 προσθεὶς,
1658 2635 1754 2731 τὴν
1792 2663 1853 2728 ἐξ

268 2729 436 2782 αὑτοῦ
476 2735 711 2803 φυσικήν
730 2751 789 2787 τε
822 2738 917 2789 καὶ
948 2738 1181 2809 οὐσιώδη
1210 2746 1466 2814 σημαίνει
1502 2751 1748 2820 πρόοδον.
1773 2756 1849 2808 Οὐ

267 2820 379 2892 γὰρ
408 2822 470 2893 δή
501 2841 604 2876 που
633 2824 866 2880 δέδωκεν
899 2830 928 2882 6
978 2831 1187 2906 Πατὴρ,
1231 2835 1419 2909 ὥσπερ
1467 2857 1519 2894 τι
1550 2842 1659 2895 τῶν
1704 2846 1852 2917 αὐτῷ

272 2916 581 2985 προσόντων
614 2919 965 2991 ἀφελόμενος,
1020 2927 1115 2980 καὶ
1164 2929 1264 2982 οὐκ
1307 2929 1483 3001 ἔχοντι
1534 2916 1853 3007 προστεθειέ

266 3007 381 3072 κὼς
423 3010 501 3081 τῷ
531 3010 680 3081 Υίῷ,
734 3014 877 3068 κατὰ
938 3020 1256 3091 σωματικὴν
1315 3024 1595 3099 ἀποτομὴν
1651 3030 1684 3101 ἢ
1739 3030 1853 3086 διά-

1962 646 2055 713 (ιυὶ
2085 648 2202 714 ejus
2238 652 2527 722 participes
2552 670 2580 709 a
2612 667 2785 714 morte
2825 662 3130 719 vindicandi
3184 670 3290 724 vim
3354 646 3534 739 habet,

1963 756 2070 794 non
2101 742 2460 811 extrinsecus,
2490 760 2581 803 aut
2610 752 2896 807 ascititiatn
2937 757 3021 810 vel
3062 762 3382 829 acquisitam
3442 766 3537 819 ha-

1960 832 2050 885 bet
2067 833 2370 889 viviﬁcandi
2389 849 2706 906 potestatem
2739 860 2753 896 :
2786 847 2878 900 sed
2911 848 3016 902 vita
3049 854 3342 908 secundum
3376 867 3536 911 natu.

1964 938 2079 977 ram
2114 926 2402 992 exsistens,
2427 932 2721 1003 participes
2746 936 2911 1005 ipsius
2936 954 3062 996 vere
3118 957 3179 999 se
3232 945 3536 1002 viviﬁcatu-

1962 1031 2081 1070 rum
2120 1016 2424 1087 pollicetur.

2642 1138 2865 1197 ALIUD.

2032 1236 2089 1293 Si
2119 1238 2355 1299 Verbum
2401 1244 2493 1301 Dei
2532 1261 2599 1302 ex
2653 1263 2750 1304 sua
2817 1261 3010 1309 natura
3056 1272 3158 1313 non
3199 1259 3361 1316 habet
3392 1266 3534 1334 quod

1961 1327 2034 1381 sit
2059 1330 2188 1396 vita,
2225 1334 2321 1389 sed
2339 1336 2704 1407 extrinsecus,
2739 1353 2797 1395 ut
2833 1358 2927 1399 vos
2963 1349 3285 1416 opinamini,
3329 1327 3431 1408 hoc
3460 1356 3533 1409 illi

1960 1423 2214 1489 accessit,
2246 1436 2305 1479 ut
2338 1429 2615 1485 viviﬁcare
2646 1436 2856 1502 possit:
2890 1440 3014 1505 quid
3043 1441 3279 1497 obstabit
3321 1448 3535 1514 quomi-

1962 1528 2062 1568 nus
2088 1516 2333 1575 dicamus
2364 1522 2527 1576 etiam
2553 1527 2795 1595 angelos,
2817 1532 2908 1598 qui
2944 1547 3069 1587 vere
3088 1536 3379 1606 participes
3407 1539 3531 1593 fat‘li

1959 1608 2254 1673 suntvitac,
2295 1611 2569 1668 viviﬁcare
2604 1618 2799 1683 posse?
2827 1620 2931 1674 Sed
2990 1622 3091 1678 hoc
3146 1627 3359 1691 quidem
3417 1629 3531 1684 fieri

1959 1696 2106 1751 nullo
2140 1700 2297 1754 modo
2323 1712 2502 1771 potest
2531 1723 2543 1757 :
2588 1708 2734 1762 solus
2761 1712 2903 1764 enim
2934 1711 3105 1769 Filius
3139 1718 3414 1775 viviﬁcare
3441 1738 3534 1790 po-

1960 1795 2085 1855 test,
2111 1790 2252 1845 sicut
2278 1804 2331 1848 et
2362 1793 2545 1855 Pater.
2575 1799 2688 1855 Non
2723 1814 2804 1858 est
2833 1805 2997 1874 igitur
3021 1815 3324 1867 accesseria
3357 1815 3406 1867 in
3441 1813 3530 1868 Fi»

1961 1878 2032 1935 lio
2055 1882 2361 1939 viviﬁcandi
2389 1888 2635 1954 facultas,
2661 1898 2754 1950 sed
2786 1899 3105 1956 naturaliter
3132 1912 3296 1973 atque
3344 1922 3533 1960 essen-

1959 1973 2159 2029 tialiter
2195 1976 2293 2045 ipsi
2343 1978 2484 2037 inest
2523 1994 2579 2038 ut
2601 1985 2767 2041 Patri.

2574 2096 2849 2154 sALlUD.
2931 2080 2935 2082 ⁷

2025 2199 2159 2255 Cum
2186 2203 2357 2260 Filius
2379 2206 2527 2271 dicit,
2575 2226 2592 2258 ι
2635 2208 2785 2264 Sicut
2834 2226 2976 2267 enim
3016 2215 3178 2271 Pater
3237 2220 3398 2278 habet
3443 2228 3528 2279 vi-

1956 2299 2064 2344 tam
2097 2293 2148 2346 in
2183 2295 2385 2364 seipso,
2420 2297 2493 2350 ita
2558 2299 2720 2352 etiam
2765 2298 2903 2357 Filio
2944 2304 3091 2358 dedit
3127 2307 3328 2365 habere
3369 2314 3526 2386 142

1953 2385 2119 2437 vitam
2148 2386 2198 2438 in
2231 2388 2410 2456 seipse
2441 2388 2482 2419 ⁷¹
2506 2430 2519 2453 ,
2560 2408 2578 2441 ι
2607 2402 2794 2459 aperte
2824 2397 3188 2453 omnimodam
3218 2385 3529 2461 similitudi-

1955 2489 2077 2528 nem
2109 2479 2366 2545 ostendit,
2397 2494 2555 2548 quam
2576 2481 2737 2538 habet
2767 2499 2891 2537 cum
2948 2484 3129 2547 Patre.
3167 2490 3339 2550 Habet
3381 2500 3524 2553 enim

1954 2566 2027 2621 ita
2054 2568 2242 2634 vitam,
2269 2570 2414 2625 sicut
2446 2580 2500 2625 et
2530 2571 2709 2637 Pater,
2741 2576 3044 2632 naturalem
3071 2580 3326 2639 nimirqu
3359 2595 3415 2641 et
3441 2603 3529 2643 es-

1954 2660 2256 2716 sentialem.
2279 2662 2412 2718 Cum
2447 2673 2627 2719 autem
2657 2667 2969 2738 additillud,
3029 2674 3194 2739 dedit,
3228 2678 3526 2735 naturalem

1955 2763 2119 2823 atque
2145 2756 2488 2811 essentialem
2521 2772 2868 2828 progressum
2905 2762 3198 2833 signiﬁcat.
3231 2767 3349 2824 Non
3377 2772 3525 2827 enim

1954 2845 2099 2900 dedit
2122 2847 2300 2915 Pater,
2335 2858 2589 2919 tanquam
2623 2851 2825 2920 aliquid
2854 2868 2923 2909 ex
2953 2856 3018 2911 iis
3042 2873 3161 2925 qua:
3190 2858 3291 2916 sibi
3318 2862 3525 2931 insunt,

1953 2936 2219 3005 adimens,
2245 2948 2300 2994 et
2329 2956 2435 2995 non
2470 2941 2690 2997 babenti
2749 2943 2886 2999 Filio
2941 2948 3225 3017 adjiciens.
3262 2959 3525 3023 quemad-

1952 3027 2169 3083 modum
2210 3031 2264 3083 in
2290 3031 2619 3087 sectionibus
2650 3047 2714 3088 ac
2732 3034 2999 3092 distantiis
3019 3043 3292 3110 corporeis
3346 3044 3441 3112 ﬁt,
3475 3057 3530 3101 ct

269 3121 459 3157 στασιν
504 3105 602 3175 τὴν
636 3106 700 3161 ἐκ
744 3125 889 3174 τινος
937 3112 1123 3183 ἑτέρου
1170 3115 1307 3185 πρὸς
1334 3119 1845 3193 ἓτερον,ἥτοπικῶς

1956 3119 2197 3173 localiter
2223 3121 2681 3192 divisumlaliquid
2706 3126 2773 3179 ab
2791 3125 2897 3180 alio
2919 3128 2970 3182 in
2994 3105 3138 3186 aliud
3163 3135 3522 3191 transfertur:

263 3193 297 3263 ἦ
341 3195 682 3266 διαιρετικῶς
735 3202 1051 3273 νοουμένην.
1123 3205 1259 3257 Ἀλλ’
1315 3206 1503 3281 ὥσπερ
1563 3214 1744 3267 δίδωσι
1790 3217 1845 3269 τὸ

1956 3208 2047 3263 scd
2070 3210 2211 3263 sicut
2234 3211 2415 3279 planta
2454 3213 2507 3265 in
2542 3212 2803 3281 fructum,
2835 3217 2926 3286 qui
2956 3232 3099 3276 exse
3130 3225 3395 3291 procedit,
3432 3244 3527 3281 na-

264 3287 434 3354 φυτὺν
457 3288 533 3358 τῷ
567 3289 626 3354 ἐξ
650 3291 813 3344 αὑτοῦ
848 3294 1159 3365 προελθόντι
1179 3298 1377 3369 καρπῷ
1406 3301 1504 3373 τὴν
1529 3303 1675 3375 αὐτῷ
1705 3308 1845 3361 κατὰ

1957 3301 2183 3357 turalem
2223 3317 2375 3357 suam
2419 3304 2733 3373 qualitatem
2767 3320 3047 3380 propagat,
3079 3287 3235 3370 itaet
3280 3315 3449 3374 Filius
3495 3336 3524 3373 a

264 3380 429 3447 φύσιν
479 3399 790 3453 προσουσαν
839 3387 1099 3458 ποιότητα
1152 3394 1363 3461 φορεῖν,
1419 3394 1594 3458 οὕτως
1647 3400 1674 3450 6
1723 3399 1849 3463 Υἱὸς

264 3472 551 3541 εἰληφέναι
576 3476 728 3546 παρὰ
749 3477 963 3548 Πατρὸς
1007 3478 1077 3532 τὰ
1126 3481 1274 3551 αὐτῷ
1312 3486 1579 3554 προσόντα
1613 3492 1844 3554 νοεῖται,

264 3566 444 3617 πάντα
480 3564 555 3619 ὢν
596 3568 696 3620 ὅσα
737 3571 831 3622 καὶ
876 3571 905 3622 6
950 3570 1140 3642 Πατὴρ
1166 3611 1181 3636 ,
1238 3572 1359 3643 δίχα
1394 3576 1557 3644 μόνου
1586 3578 1679 3630 τοῦ
1710 3575 1846 3634 εἶναι

262 3660 475 3732 Πατήρ.

960 3783 1166 3837 ΑΛΛΟ.

492 3891 807 3960 Άντίθεσις
835 3894 915 3960 ὡς
933 3894 1001 3948 ἐκ
1031 3895 1148 3950 τῶν
1191 3898 1628 3968 χριστομάχων.

337 4006 399 4059 Εἰ
426 4005 559 4078 ζωὴ,
591 4008 745 4076 φασὶ,
784 4009 926 4063 κατὰ
954 4009 1115 4077 φύσιν
1158 4011 1307 4065 ἐστὶν
1332 4014 1361 4065 6
1399 4012 1549 4077 Υἱὸς,
1587 4013 1662 4076 ὡς
1685 4009 1842 4084 ὑμεῖς

262 4099 698 4172 φιλονεικότερον
750 4105 1091 4174 ἐνιστάμενοι
1146 4104 1360 4173 λέγετε,
1403 4106 1520 4169 πῶς
1549 4106 1840 4177 ἀληθεύσει

260 4192 437 4260 λέγων
466 4195 494 4246 6
524 4193 736 4258 Παῦλος
771 4196 899 4267 περὶ
928 4195 1023 4249 τοῦ
1071 4197 1302 4269 Πατρός·
1344 4216 1362 4249 t
1407 4199 1465 4251 '0
1502 4199 1661 4269 μόνος
1702 4199 1839 4269 ἔχων

260 4285 597 4352 ἀθανασίανς
624 4304 642 4337 ι
703 4286 767 4341 Εἰ
798 4288 906 4359 γὰρ
932 4287 1042 4359 ἔχει
1078 4290 1220 4343 καὶό
1252 4290 1400 4354 Υἱὸς,
1428 4291 1490 4343 οὐ
1538 4292 1695 4361 μόνος
1725 4293 1839 4362 ἔχει

257 4378 287 4428 6
327 4379 549 4450 Πατήρο
600 4382 649 4432 εἰ
683 4380 739 4433 δὲ
782 4380 942 4444 μόνος
975 4383 1117 4452 ἔχει,
1171 4383 1269 4453 οὐχ
1294 4382 1405 4449 ἕξει
1438 4384 1636 4455 δηλαδὴ
1681 4387 1776 4438 καὶ
1810 4387 1838 4436 6

259 4472 409 4535 Υἱός.

746 4672 901 4741 Πρὸς
936 4673 1110 4729 τοῦτο
1136 4678 1335 4744 λύσις.

330 4784 510 4839 Πολλὰ
552 4790 833 4857 προσεῖναι
872 4789 1087 4856 λέγεται
1134 4793 1377 4864 μόνῳτῷ
1424 4796 1619 4864 Πατρὶ,
1656 4798 1752 4850 καὶ
1784 4800 1830 4850 εἰ

254 4879 461 4933 τούτων
488 4879 637 4933 ἔσται
669 4882 885 4935 πάντων
940 4884 1039 4937 οὐκ
1100 4885 1303 4955 ἔρημος
1352 4889 1380 4940 ὁ
1425 4887 1570 4950 Υἱός.
1612 4889 1828 4959 Ἐπειδὴ

255 4973 589 5042 γέγραπται,
624 4974 801 5039 Μόνος
830 4975 1083 5047 ἀληθινὸς
1110 4976 1242 5041 Θεὸς
1274 4979 1302 5030 6
1332 4979 1541 5051 Πατὴρ,
1574 4979 1714 5033 ἔστω
1754 4980 1830 5050 μὴ

254 5064 509 5134 ἀληθινὸς
535 5067 565 5118 6
591 5064 737 5131 Υἱὸς,
764 5067 914 5131 νόθος
944 5068 1001 5122 δὲ
1025 5069 1214 5142 ὥσπερ
1240 5088 1325 5134 τις
1364 5074 1455 5126 καὶ
1482 5073 1831 5143 ψευδώνυμος

252 5154 549 5223 ἐπίκτητον
584 5154 720 5225 ἔχων
760 5155 820 5208 τὸ
872 5152 1011 5209 εἶναι
1061 5156 1211 5221 Θεός.
1265 5159 1373 5211 Καὶ
1414 5160 1530 5222 πῶς
1560 5158 1635 5221 ὡς
1678 5160 1832 5214 τοῦτο

252 5246 399 5298 κατὰ
427 5246 589 5314 φύσιν
616 5245 689 5299 ὢν
721 5250 1108 5317 προσκυνεῖται
1142 5248 1295 5319 παρά
1326 5266 1385 5300 τε
1412 5250 1443 5319 ἡ
1454 5248 1570 5319 μῶν
1597 5248 1691 5301 καὶ
1726 5250 1829 5315 ἀγ-

251 5338 449 5405 γέλων,
482 5338 574 5392 τοῦ
598 5339 741 5392 θείου
767 5341 930 5408 νόμου
952 5339 1247 5410 διαρρήδην
1276 5338 1540 5408 λέγοντος·
1581 5358 1600 5391 ‹
1626 5339 1827 5410 Κύριον

249 5432 343 5483 τὸν
370 5430 503 5483 Θεόν
538 5448 630 5483 σου
658 5434 1074 5503 προσκυνήσεις,
1105 5432 1200 5483 καὶ
1242 5430 1390 5501 αὐτῷ
1424 5430 1569 5501 μόνῳ
1600 5428 1825 5500 λατρεύ·
1888 5477 1899 5489 ,

247 5541 407 5589 σεις;
440 5543 458 5575 ι
501 5524 625 5587 Πῶς
663 5525 722 5578 δὲ
754 5525 1059 5595 φυλάξομεν
1106 5524 1187 5588 τὸ,
1243 5543 1260 5574 ι
1289 5523 1403 5576 Οὐκ
1431 5524 1584 5576 ἔσται
1634 5524 1692 5577 ὲν
1744 5522 1826 5575 σοὶ

246 5618 383 5681 Θεὸς
414 5618 722 5689 πρόσφατος
749 5636 763 5684 ;
799 5637 818 5671 ι
854 5619 917 5671 Εἰ
950 5617 1057 5688 γὰρ
1086 5617 1244 5687 μόνος
1274 5617 1413 5671 κατὰ
1442 5616 1603 5685 φύσιν
1629 5615 1761 5679 Θεὸς
1798 5618 1826 5668 6

248 5711 461 5781 Πατὴρ,
495 5713 587 5764 καὶ
612 5710 700 5763 διὰ
753 5711 816 5763 τὸ
850 5710 992 5763 οὕτω
1049 5709 1300 5778 λέγεσθαι
1339 5708 1432 5761 τοῦ
1479 5704 1617 5761 εἶναι
1666 5707 1825 5777 φύσει

321 5888 363 5916 ⁷¹
398 5884 551 5941 Joan.
588 5902 635 5953 ν,
671 5886 760 5940 ‘26.

1958 3391 2122 3449 Patre
2155 3395 2430 3465 accepisse
2460 3411 2580 3465 qua:
2604 3398 2705 3467 ipsi
2738 3399 2923 3454 insunt
2977 3404 3311 3475 intelligitur,
3342 3412 3522 3465 omnia

1948 3485 2217 3542 exsistens
2252 3503 2371 3557 qua:
2405 3498 2459 3543 et
2488 3488 2671 3558 Pater,
2722 3502 2919 3558 praeter
2948 3495 2999 3549 id
3043 3498 3216 3553 solum
3248 3503 3390 3569 quod
3451 3507 3525 3559 sit

1949 3572 2124 3627 Pater.

2637 3783 2863 3841 ALIUD.

2378 3896 2617 3961 Obiectio
2646 3900 2870 3954 hostium
2890 3897 3108 3956 Christi.

2016 4005 2072 4061 Si
2112 4005 2303 4072 Filius,
2338 4009 2608 4079 inquiunt,
2632 4023 2716 4066 est
2752 4014 3067 4069 naturaliter
3101 4016 3233 4083 vita,
3258 4026 3516 4088 quemad-

1945 4102 2159 4155 modum
2189 4116 2283 4157 vos
2315 4104 2711 4158 contentiosius
2751 4118 3004 4176 urgentes
3044 4109 3247 4176 dicitis,
3277 4129 3385 4183 quo
3421 4132 3516 4184 pa-

1942 4200 2028 4244 cto
2050 4206 2236 4245 verum
2268 4193 2373 4246 erit
2406 4199 2549 4262 quod
2589 4194 2789 4249 Paulus
2824 4197 2889 4251 de
2918 4196 3080 4253 Patre
3115 4200 3284 4256 dicit:
3346 4222 3365 4253 ο
3412 4206 3511 4272 Qui

1940 4282 2085 4336 solus
2112 4282 2276 4337 habet
2305 4284 2761 4341 immortalitatem
2779 4285 2862 4341 "‘3
2892 4307 2910 4340 ι
2935 4287 3150 4345 Sienim
3170 4294 3330 4348 etiam
3345 4294 3513 4351 Filius

1942 4374 2122 4440 habet,
2195 4392 2303 4431 non
2367 4376 2549 4446 itaque
2609 4379 2758 4434 solus
2814 4378 2975 4436 Pater
3044 4398 3165 4438 eam
3227 4388 3417 4453 habet;
3465 4393 3510 4445 si

1940 4481 2069 4520 vero
2122 4464 2286 4521 Pater
2337 4469 2483 4523 solus
2546 4469 2727 4536 habet,
2784 4481 2933 4527 certe
2970 4488 3076 4529 non
3129 4476 3348 4533 habebit
3391 4499 3510 4536 eam

1940 4556 2125 4612 Filius.

2451 4673 2655 4728 Salutio
2685 4676 3009 4745 objectiouis.

2012 4787 2172 4840 Multa
2204 4787 2459 4841 dicuntur
2499 4789 2679 4841 inesse
2706 4789 2805 4842 soli
2855 4788 3026 4855 Patri,
3098 4794 3309 4849 tametsi
3342 4793 3510 4852 Filius

1940 4879 2006 4934 iis
2032 4879 2281 4933 omnibus
2306 4895 2411 4935 non
2438 4889 2637 4934 careat.
2669 4880 2948 4948 Siquidem
2980 4883 3239 4953 scriptum
3272 4896 3375 4952 est,
3404 4886 3508 4942 So-

1937 4970 2021 5026 lus
2071 4986 2234 5026 verax
2286 4972 2425 5026 Deus
2456 4970 2668 5027 Pater:
2727 4974 2890 5043 igitur
2934 4990 3040 5031 non
3100 4992 3259 5031 verax
3303 4978 3505 5045 Filius,

1935 5062 2176 5131 spurium
2204 5075 2331 5114 vero
2372 5076 2436 5115 ac
2479 5060 2672 5115 falsum
2705 5078 2897 5117 nomen
2925 5078 3138 5133 gerens,
3186 5068 3507 5122 ascititium-

1936 5168 2040 5220 que
2069 5153 2160 5206 Dei
2186 5152 2421 5206 titulum.
2443 5152 2724 5218 Quomodo
2755 5164 2930 5208 autem
2976 5163 3228 5221 tanquam
3286 5169 3506 5211 natura-

1937 5243 2060 5297 liter
2092 5245 2141 5295 id
2174 5245 2442 5298 exsistens
2485 5241 2744 5297 aduratur
2789 5258 2819 5296 a
2861 5244 3017 5298 nobis
3068 5255 3231 5313 atque
3278 5247 3503 5315 angelis,

1936 5335 2113 5388 divina
2142 5334 2257 5404 lege
2283 5343 2468 5402 aperte
2491 5334 2705 5387 dicente
2735 5350 2749 5386 :
2788 5353 2806 5385 ‹
2844 5335 3128 5389 Dominum
3164 5337 3327 5390 Deum
3355 5346 3502 5390 tuum

1935 5425 2210 5490 adorabis,
2235 5437 2285 5481 et
2316 5427 2389 5481 illi
2457 5426 2555 5480 soli
2607 5428 2813 5481 servies
2839 5426 2924 5479 7’?
2964 5446 2983 5480 ι
3014 5426 3292 5493 Quomodo
3339 5431 3500 5482 etiam

1934 5522 2337 5575 observabimus
2372 5519 2499 5573 illud
2536 5535 2549 5569 :
2592 5536 2613 5570 ι
2646 5518 2761 5573 Non
2821 5520 2925 5573 erit
2976 5521 3029 5573 in
3092 5528 3143 5574 te
3203 5520 3344 5575 Deus
3415 5537 3504 5575 re:-

1933 5629 2062 5668 cens
2090 5612 2181 5664 7‘?
2213 5632 2231 5664 ι
2269 5613 2324 5666 Si
2351 5613 2493 5666 enim
2522 5613 2669 5667 solus
2695 5611 2857 5665 Pater
2886 5621 2967 5664 est
2986 5611 3299 5665 naturaliter
3339 5611 3505 5678 Deus,

1954 5717 2114 5775 atque
2143 5720 2203 5759 ea
2226 5706 2337 5775 ipsa
2368 5708 2576 5760 ratione
2608 5702 2804 5757 Filium
2863 5702 2989 5757 inde
3037 5702 3277 5759 excludit
3319 5712 3376 5759 ut
3435 5704 3506 5757 sit

840 5890 883 5918 τ’
911 5889 927 5943 i
958 5886 1193 5943 Timoth.
1230 5904 1303 5952 t‘l,
1344 5888 1425 5941 ib".
1505 5887 1548 5926 ⁷³
1576 5886 1727 5941 Deut.
1757 5901 1829 5950 vt,
1868 5885 1966 5951 15;
2008 5884 2195 5939 Matth.
2235 5898 2306 5952 Iv,
2344 5884 2426 5939 l0.
2506 5884 2551 5915 7*
2577 5881 2719 5938 Psal.
2752 5898 2917 5946 Lxxx,
2950 5884 3003 5938 9.
