3882 6210
381 316 488 372 239
1381 319 1437 373 S.
1480 319 1752 375 CYRILLI
1787 322 2258 379 ALEXANDRINI
2293 324 2594 383 ARCHIEP
3531 330 3638 385 2M!

382 437 704 493 naturaliter
740 438 899 501 Deus,
924 452 1053 505 ergo
1087 452 1275 491 recens
1301 452 1364 492 ac
1402 454 1574 495 novus
1590 441 1786 511 aliquis
1819 458 1936 511 quo-

2057 444 2183 498 Θεὸν
2216 444 2469 500 ἐκϐάλλει
2496 445 2587 499 τὸν
2612 444 2761 510 Υίὸν,
2805 443 3114 515 πρόσφατος
3141 443 3251 515 ἄρα
3287 443 3381 498 xa't
3401 444 3519 509 νέος
3550 465 3635 510 τις

378 526 668 580 dammodo
695 535 890 595 praeter
919 540 1041 579 eum
1071 526 1162 594 qui
1204 527 1271 580 ab
1307 528 1465 583 initio
1514 539 1569 586 et
1629 533 1936 589 naturalitel

2057 536 2243 608 ὥσπερ
2273 526 2730 608 ὲπεισαχθήσεται
2782 537 2932 607 παρὰ
2974 535 3063 590 τὸν
3091 536 3221 589 ὄντα
3249 535 3311 602 ἐξ
3334 537 3509 607 ἀρχῆς
3538 537 3633 591 καὶ

375 627 517 682 erat,
544 617 846 671 inducetur.
879 616 1038 685 Atqui
1072 617 1174 672 hoc
1206 618 1500 675 absurdum
1532 631 1635 678 est.
1690 622 1807 679 Non
1852 625 1936 696 igi‘

2057 629 2195 683 κατὰ
2217 629 2400 698 φύσιν.
2450 629 2609 683 Ἀλλά
2651 629 2809 682 τοῦτο
2851 630 3065 683 ἄτοπον.
3122 627 3331 682 Οὐκοῦν
3365 628 3426 682 ού
3457 629 3545 681 διὰ
3573 629 3633 682 τὸ

379 720 466 763 tur
487 709 709 774 idcirco,
738 709 864 778 quia
898 707 1059 763 Pater
1103 711 1306 765 dicitur
1337 713 1542 770 habere
1564 715 1936 773 immortalita-

2057 722 2304 791 λέγεσθαι
2346 722 2506 793 μόνον
2556 722 2857 777 ἀθανασίαν
2884 721 3029 792 ἔχειν
3084 720 3177 776 τὸν
3227 721 3468 793 Πατέρα,
3520 721 3631 774 τῶν

374 813 505 868 tem,
533 799 700 855 Filius
737 803 1137 855 contrariorum
1187 818 1357 871 capax
1418 804 1554 871 erit,
1605 807 1722 873 sed,
1784 808 1936 864 veluti

2057 811 2318 865 ἐναντίων
2347 812 2498 866 ἔσται
2522 812 2767 876 δεκτικὸς
2812 814 2841 865 6
2876 812 3024 877 Υἱὸς,
3079 812 3193 865 ἀλλ’
3221 812 3295 876 ὼς
3329 811 3630 883 τρεχούσης

373 904 732 948 concurrente
754 893 803 946 iu
838 890 1033 947 Filium
1071 894 1389 949 naturaliter
1416 905 1638 965 paterna
1705 901 1950 970 proprie-

2052 905 2133 967 είς
2164 903 2226 956 τὸ
2268 904 2515 975 γέννημα
2570 904 2816 975 φυσικῶς
2856 904 2957 975 τῆς
3013 904 3284 975 πατρικῆς
3332 904 3622 975 ἰδιότητος,

372 994 507 1051 tate,
539 986 589 1039 id
622 985 795 1056 ipsum
822 984 1188 1041 essentialiter
1211 1002 1332 1043 esse
1352 989 1667 1045 censebitur
1697 992 1839 1062 quod
1866 1002 1936 1049 εει

2057 997 2208 1051 τοῦτο
2244 999 2339 1053 καὶ
2371 1000 2531 1062 αὐτὸς
2578 1000 2838 1071 ὑπάρχων
2885 1002 3007 1053 κατ’
3031 999 3221 1053 οὐσίαν
3266 999 3623 1071 νοηθήσεται,

371 1079 418 1131 is
434 1078 525 1147 qui
552 1079 723 1148 ipsum
746 1079 951 1148 genuit.

1066 1187 1276 1244 ALIUD

444 1303 609 1358 Multa
650 1303 902 1358 dicuntur
951 1304 1128 1359 inesse
1178 1304 1323 1359 Patri
1357 1319 1614 1375 praeclara
1667 1322 1734 1363 ac
1780 1308 1946 1365 veluti

368 1395 687 1465 peculiaria.
732 1395 804 1449 At
837 1410 965 1449 vero
990 1397 1033 1449 si
1058 1394 1225 1451 Filius
1254 1396 1321 1450 iis
1366 1411 1555 1452 carere
1606 1397 1835 1467 dicatur,
1892 1410 1949 1456 et

370 1486 571 1542 Paulus
617 1485 812 1540 alicubi
884 1487 1059 1543 dicit:
1096 1487 1465 1554 (ItImIOI‘IaII,
1514 1489 1792 1559 invisibili,
1844 1492 1943 1549 soli

370 1579 601 1651 sapienti
632 1580 737 1634 Deo
766 1581 848 1645 ⁷⁵;
887 1598 906 1631 ι
936 1577 1107 1635 Filius
1162 1594 1291 1647 ergo
1322 1594 1493 1651 neque
1527 1581 1632 1636 erit
1659 1581 1943 1639 immorta-

369 1674 458 1738 lis,
487 1688 656 1742 neque
683 1673 992 1739 invisibilis,
1031 1687 1207 1743 neque
1233 1671 1647 1741 sapiens,ju.ua
1701 1684 1940 1731 vestram

2049 1093 2186 1165 ὅπερ
2206 1091 2272 1148 ἂν
2294 1092 2379 1165 εἴη
2406 1094 2502 1147 καὶ
2525 1095 2554 1148 6
2577 1096 2844 1165 γεννήσας
2866 1095 3047 1150 αὐτόν.

2744 1206 2948 1261 ΑΛΛΟ.

2119 1317 2297 1373 Πολλά
2318 1318 2599 1389 προσεῖναι
2624 1317 2839 1387 λέγεται
2863 1319 2942 1389 τῷ
2960 1321 3073 1373 Πατ
3081 1320 3133 1391 pl.
3155 1319 3627 1390 πλεονεκτήματα.

2059 1411 2200 1464 Ἀλλ’
2232 1413 2281 1464 εί
2308 1410 2512 1464 τούτων
2544 1409 2695 1464 ἔσται
2750 1411 2953 1482 γυμνὸς
2994 1414 3023 1465 6
3052 1411 3198 1476 Υίὸς,
3251 1411 3398 1480 λέγει
3426 1413 3483 1465 δέ
3522 1418 3626 1465 που

2050 1502 2284 1570 Παῦλος,
2327 1521 2347 1556 ι
2392 1501 2706 1573 Ἀφθάρτῳ,
2751 1504 2989 1574 ἀοράτῳ,
3028 1504 3174 1574 μόνῳ
3206 1503 3354 1573 σοφῷ
3401 1503 3555 1573 Θεῷ,
3600 1522 3619 1555 ι

2046 1596 2157 1649 οὔτ’
2182 1595 2479 1668 ἄφθαρτος,
2515 1595 2638 1650 οὕτε
2662 1596 2910 1666 ἀόρατος,
2941 1596 3064 1650 οὔτε
3100 1598 3261 1665 σοφὸς
3287 1596 3461 1662 ἔσται,
3498 1597 3627 1650 καθ’

2048 1690 2213 1759 ὑμᾶς,
2260 1688 2399 1742 Ἀλλ’
2433 1688 2545 1759 ἔχει
2566 1690 2667 1759 τὴν
2700 1689 2955 1743 ἀσέὸειαν
2981 1690 3217 1760 άμετρόν
3240 1706 3361 1744 τινα
3388 1689 3448 1742 τὸ
3481 1689 3629 1743 οὕτω

369 1764 699 1832 opinionem.
734 1763 897 1832 Atqui
932 1766 1035 1818 hoc
1077 1764 1161 1817 vel
1209 1764 1534 1833 cogitatione
1575 1764 1687 1821 sola
1722 1766 1936 1838 impium

2057 1783 2207 1835 νοεῖν.
2230 1781 2357 1845 Πῶς
2380 1780 2488 1853 γὰρ
2513 1781 2665 1835 ἔσται
2692 1782 2931 1852 φθαρτὸς
2952 1785 2979 1835 6
3002 1782 3103 1852 τῆς
3130 1781 3436 1853 ἀφθαρσίας
3460 1798 3629 1852 χορη-

368 1857 524 1910 valde
557 1864 660 1910 est.
688 1855 968 1921 Quomodo
1002 1855 1157 1928 143
1190 1857 1333 1911 enim
1382 1859 1488 1912 erit
1549 1859 1938 1928 corruptibilis,

367 1957 559 2001 auctor
591 1947 705 2015 ipse
730 1955 783 2001 et
808 1947 1028 2017 largitor
1061 1948 1512 2017 incorruptiouis?
1537 1949 1643 2003 Aut
1669 1952 1940 2019 quomodo

366 2050 559 2095 natura
585 2038 678 2094 Dei
711 2040 883 2095 oculis
916 2040 1064 2095 cerni
1106 2040 1310 2109 possit?
1333 2040 1440 2095 Aut
1475 2055 1583 2109 quo
1612 2051 1771 2109 pacto
1806 2040 1940 2097 insi-

366 2131 601 2202 pientem
634 2130 973 2185 censebimus
1018 2129 1237 2197 Filium,
1299 2133 1365 2186 de
1389 2146 1497 2202 quo
1538 2132 1803 2201 scriptum
1829 2141 1935 2198 est,

366 2222 509 2289 quod
536 2222 607 2276 sit
632 2240 651 2274 ι
681 2223 913 2291 putentia
931 2233 987 2278 et
1017 2224 1281 2293 sapientia
1311 2223 1403 2278 Dei
1432 2223 1552 2276 ⁷δῖ»
1588 2223 1938 2279 Restatenim

369 2316 571 2380 dicere,
605 2314 926 2384 sapientiam
972 2315 1061 2369 Dei
1105 2315 1445 2383 insipientem
1491 2316 1606 2371 sive
1658 2316 1939 2385 sapientiae

366 2417 644 2476 expertem
671 2421 814 2462 esse.
850 2405 1019 2461 Filius
1058 2408 1240 2476 itaque
1262 2408 1615 2464 nihilominus
1643 2410 1746 2464 erit
1778 2416 1935 2463 natu-

366 2500 553 2552 raliter
578 2498 769 2553 eadem
796 2514 915 2568 qua:
944 2498 1127 2562 Pater,
1161 2500 1372 2554 tametsi
1395 2501 1651 2554 nonnulla
1674 2502 1740 2556 de
1756 2515 1822 2556 eo
1848 2516 1937 2555 so-

364 2591 474 2644 lum
495 2591 876 2646 uratdicentur.
902 2590 1094 2646 Omnia
1112 2592 1256 2646 enim
1290 2606 1409 2661 qua:
1434 2591 1579 2645 Patri
1605 2593 1810 2657 insunt,
1834 2608 1936 2646 na-

366 2681 615 2735 turaliter
640 2696 705 2737 ac
727 2683 1036 2739 necessario
1061 2684 1114 2738 in
1140 2683 1554 2754 Verbum,quod
1581 2699 1647 2740 ex
1668 2686 1784 2754 ipso
1813 2700 1940 2755 pro-

364 2770 529 2835 cedit,
557 2776 861 2824 transeunt.

1036 2860 1263 2918 ALIUD.

428 2972 484 3028 Si
515 2971 679 3028 Pater
705 2982 790 3028 est
820 2973 1141 3028 naturaliter
1173 2975 1304 3039 vita,
1337 2978 1789 3045 quemadmodum
1847 2995 1934 3035 re—

2043 1875 2139 1943 γός
2164 1891 2177 1941 ;
2204 1876 2276 1928 Ἢ
2312 1874 2429 1938 πῶς
2447 1875 2772 1945 ὁραθήσεται
2802 1874 2936 1927 Θεοῦ
2962 1874 3120 1943 φύσις
3143 1890 3157 1938 ;
3186 1875 3256 1926 ’Ἦ
3276 1874 3395 1937 πῶς
3421 1872 3626 1941 ἄσοφον

2044 1963 2185 2020 εἶναι
2213 1965 2505 2037 νομιοῦμεν
2524 1966 2616 2019 τὸν
2648 1966 2798 2033 Υίδν,
2832 1968 2960 2038 περὶ
2994 1962 3054 2021 οὗ
3103 1966 3412 2035 γέγραπται
3438 1966 3521 2019 ὅτι
3560 1964 3627 2035 δὴ

2050 2077 2071 2110 ι
2108 2057 2241 2111 Θεοῦ
2263 2058 2494 2130 δύναμις
2537 2058 2634 2112 καὶ
2683 2058 2819 2113 Θεοῦ
2876 2060 3036 2129 σοφία
3070 2058 3244 2126 early;
3286 2077 3304 2112 ι
3341 2059 3485 2129 Ὥρα
3513 2060 3625 2127 γάρ

2044 2149 2221 2219 λέγειν
2242 2152 2442 2221 ἄσοφον
2467 2147 2606 2205 εἶναι
2628 2150 2726 2223 τὴν
2754 2151 2945 2222 σοφίαν
2971 2151 3064 2205 τοῦ
3097 2150 3253 2206 Θεοῦ.
3283 2150 3493 2205 Οὐκοῦν
3520 2152 3626 2203 οὐκ

2044 2244 2408 2315 ἀποστερήσει
2437 2242 2528 2297 τὸν
2556 2243 2685 2297 Υἱὸν
2714 2243 2776 2297 τὸ
2803 2240 2942 2298 εἶναι
2975 2242 3148 2296 ταῦτα
3181 2240 3447 2313 φυσικῶς,
3476 2239 3626 2311 ἅπερ

2046 2332 2111 2387 ἂν
2140 2334 2351 2402 λέγοιτο
2370 2334 2463 2387 καὶ
2493 2335 2522 2387 6
2541 2334 2750 2405 Πατὴρ,
2775 2335 2825 2386 εί
2855 2334 2948 2387 καὶ
2996 2333 3084 2385 ἐπ’
3104 2329 3269 2386 αὑτοῦ
3303 2331 3462 2401 μόνον
3495 2330 3625 2383 τάτ-

2042 2443 2207 2481 τοιτο.
2229 2426 2428 2481 Φθάσει
2457 2428 2566 2499 γὰρ
2596 2427 2758 2481 πάλιν
2780 2427 2872 2479 ἐπὶ
2908 2426 2999 2479 τὸν
3022 2425 3079 2490 ἐξ
3104 2424 3269 2479 αὑτοῦ
3292 2422 3625 2496 προελθόντα

2042 2520 2233 2589 Λόγον,
2259 2520 2436 2574 πάντα
2472 2519 2541 2573 τὰ
2588 2519 2742 2591 αύτῷ
2798 2519 3066 2589 προσόντα
3125 2516 3370 2588 φυσικῶς
3422 2533 3483 2569 τε
3525 2517 3625 2570 καὶ

2042 2613 2381 2680 ἀναγκαίως.

2724 2877 2925 2928 ΛΛΛΟ.

2110 2994 2174 3047 Ei
2197 2992 2310 3063 ζωὴ
2342 2990 2483 3045 κατὰ
2510 2989 2671 3061 φύσιν
2698 2990 2846 3042 ἐστὶν
2874 2991 2902 3041 6
2928 2988 3139 3060 Πατὴρ,
3169 2986 3361 3060 ὥσπερ
3394 2983 3490 3043 οὖν
3520 2990 3622 3044 καὶ

364 3077 491 3117 vera
518 3073 621 3126 est,
648 3064 811 3118 habet
843 3065 1066 3118 omnino
1086 3065 1187 3120 hoc
1208 3068 1370 3120 etiam
1403 3066 1589 3124 Filius.
1618 3068 1755 3126 Vere
1785 3072 1928 3127 enim

2057 3088 2209 3151 ἔστιν,
2238 3086 2349 3156 ἔχει
2382 3084 2598 3145 πάντως
2627 3080 2782 3135 τοῦτο
2821 3081 2912 3133 καὶ
2958 3080 2986 3131 6
3017 3079 3160 3143 Υἱός.
3201 3079 3475 3149 ’Δληθεύει
3508 3080 3622 3154 γὰρ

363 3157 493 3211 dicit
543 3170 666 3210 cum
725 3155 802 3211 ait
834 3169 849 3208 :
878 3173 898 3208 ι
955 3155 1150 3212 Omnia
1200 3174 1319 3214 uua:
1372 3160 1534 3217 habet
1596 3161 1782 3230 Pater,
1817 3178 1935 3220 mea

2057 3148 2212 3251 ιέγων
2235 3196 2248 3210 ·
2266 3148 2314 3231 Π(
2342 3177 2525 3231 Πάντα
2552 3176 2651 3230 ὅσα
2676 3174 2789 3245 ἔχει
2822 3175 2850 3226 6
2870 3172 3079 3244 Πατὴρ,
3116 3171 3228 3243 ἐμά
3251 3148 3417 3225 ἐστιν.
3454 3192 3473 3225 ι

361 3257 489 3303 sunt
507 3248 575 3303 ".
614 3266 635 3301 ι

728 3340 957 3407 ALIUD,
989 3341 1123 3396 idem
1155 3360 1220 3398 ex
1249 3349 1535 3406 contrario.

425 3456 485 3512 Si
519 3455 679 3511 Pater
707 3466 790 3512 est
816 3458 923 3512 vita
954 3459 1479 3526 naturaliter,Filius
1495 3479 1626 3521 vero
1655 3480 1762 3521 non
1784 3466 1933 3534 item,

366 3565 475 3619 quo
506 3558 663 3618 pacto
686 3564 816 3604 vere
837 3550 1002 3605 dicit:
1028 3568 1045 3602 ι
1070 3548 1263 3606 Omnia
1297 3569 1415 3621 quae
1442 3556 1603 3612 habet
1634 3557 1791 3613 Pater
1818 3575 1933 3614 mea

364 3641 532 3695 sunt?
570 3659 590 3692 ι
622 3640 783 3708 Atqui
812 3656 919 3697 non
954 3644 1213 3697 mentitur
1240 3645 1461 3700 veritas.
1500 3647 1597 3702 Est
1659 3649 1822 3720 igitur
1853 3668 1938 3707 re-

361 3746 487 3786 vera
522 3731 845 3787 naturaliter
874 3732 985 3787 vita
1015 3731 1208 3803 Filius,
1253 3738 1711 3806 quemadmodum
1751 3752 1807 3797 et
1826 3742 1934 3798 Pa-

360 3834 463 3879 ter.

996 3938 1148 3994 Idem
1171 3940 1343 3996 aliter.

434 4050 491 4107 Si
526 4050 690 4106 Pater
724 4059 806 4106 est
836 4052 1159 4108 naturaliter
1177 4056 1307 4121 vita,
1356 4053 1526 4111 Filius
1571 4068 1748 4114 autem
1827 4078 1931 4118 non

363 4145 513 4210 item,
550 4144 645 4198 sed
705 4144 1067 4199 accessoriam
1110 4155 1273 4215 atque
1311 4148 1599 4202 ascititiam
1642 4152 1803 4205 vitam
1835 4155 1934 4209 ha-

359 4237 472 4301 bet,
502 4251 607 4304 quo
635 4245 791 4304 pacto
827 4250 948 4291 vere
1000 4236 1067 4289 ad
1089 4234 1302 4291 Patrem
1330 4239 1499 4294 dicit:
1539 4259 1558 4292 ι
1602 4239 1793 4298 Omnia
1818 4261 1934 4300 mea

363 4341 452 4383 tua
483 4339 630 4395 sunt,
661 4338 714 4383 et
733 4339 819 4382 tua
840 4343 957 4382 mea
980 4328 1066 4382 '9?
1101 4348 1119 4381 ι
1148 4330 1253 4383 Aut
1275 4331 1418 4384 enim
1458 4332 1620 4387 habet
1675 4337 1935 4391 naturali-

2304 3339 2511 3402 AAAO,
2543 3335 2611 3389 τὸ
2642 3332 2788 3389 αὐτὸ
2813 3332 2882 3387 ἐκ
2908 3332 3015 3387 τοῦ
3051 3331 3351 3387 ἐναντίου.

2107 3456 2171 3508 Εἰ
2199 3453 2313 3524 ζωὴ
2345 3451 2488 3506 κατά
2521 3450 2683 3521 φύσιν
2726 3448 2874 3503 ἐστὶν
2903 3451 2932 3502 6
2966 3447 3176 3519 Πατὴρ,
3211 3448 3239 3500 6
3260 3446 3317 3498 δὲ
3348 3444 3476 3509 Υἱὸς
3519 3446 3622 3517 οὐχ

2036 3547 2231 3611 οὓτως,
2261 3544 2379 3607 πῶς
2423 3542 2715 3613 ἀληθεύσει
2762 3541 2971 3609 λέγων·
3009 3559 3028 3591 ι
3059 3540 3244 3593 Πάντα
3291 3540 3393 3591 ὅσα
3436 3538 3551 3609 ἔχει
3593 3542 3623 3593 6

2039 3639 2255 3708 Πατὴρ,
2295 3635 2408 3707 ὲμά
2436 3636 2625 3699 ὲστινς
2661 3652 2680 3685 ι
2724 3632 2865 3686 Ἀλλ’
2890 3633 2989 3685 οὐκ
3029 3630 3096 3685 ἀν
3131 3629 3392 3700 ψεύσαιτο
3422 3632 3455 3701 ἡ
3485 3630 3623 3700 ἀλή-

2037 3730 2177 3795 θεια,
2216 3728 2369 3781 ἔσται
2402 3725 2642 3797 δηλονότι
2675 3724 2791 3796 ζωὴ
2822 3723 2963 3777 κατὰ
2988 3723 3151 3793 φύσιν
3190 3724 3219 3776 6
3246 3722 3395 3789 Υἱὸς,
3429 3721 3623 3794 ὥσπερ

2036 3826 2130 3875 καί
2155 3822 2183 3874 6
2204 3819 2415 3891 Πατήρ.

2558 3932 2794 3997 ’Ἄλλως
2832 3930 2899 3984 τὸ
2926 3929 3095 3984 αὐτό.

2106 4047 2168 4098 Ei
2197 4044 2309 4115 ζωὴ
2338 4044 2479 4098 κατὰ
2518 4044 2679 4114 φύσιν
2718 4044 2865 4097 ἐστὶν
2893 4045 2921 4097 6
2955 4043 3166 4113 Πατὴρ.
3192 4045 3221 4097 6
3249 4042 3307 4097 δὲ
3347 4041 3477 4106 Υίδς
3515 4041 3621 4112 οὐχ

2035 4138 2229 4203 οὕτως,
2282 4140 2397 4192 ἀλλ’
2450 4142 2777 4194 ἐπείσακτον
2821 4140 2932 4211 ἔχει
2989 4139 3049 4192 τὸ
3080 4135 3219 4191 εἶναι
3272 4135 3450 4203 τοῦτο,
3495 4135 3621 4198 πῶς

2034 4232 2324 4302 ἀληθεύσει
2356 4233 2529 4302 λέγων
2571 4233 2708 4303 πρὸς
2747 4232 2838 4286 τὸν
2882 4232 3120 4302 Πατέρα,
3160 4230 3247 4284 ὅτι
3277 4248 3298 4278 α
3332 4230 3516 4283 Πάντα
3546 4230 3621 4281 τὰ

2035 4327 2146 4398 ὲμά
2174 4327 2242 4380 σά
2273 4329 2410 4391 ἐστι,
2445 4326 2628 4381 καὶτὰ
2651 4326 2718 4380 σὰ
2752 4325 2896 4395 ἐμάς
2935 4345 2954 4377 ι
2986 4325 3056 4377 Ἦ
3086 4322 3193 4395 γὰρ
3220 4320 3331 4388 ἔξει
3359 4321 3502 4374 κατά
3522 4320 3625 4389 φύ-

364 4433 447 4477 ter
468 4421 608 4492 quod
629 4421 699 4475 sit
729 4420 839 4473 vita
892 4421 1055 4474 etiam
1113 4422 1227 4489 ipse
1267 4441 1281 4477 :
1320 4424 1460 4491 quod
1497 4426 1712 4494 quidem
1754 4428 1933 4486 Patris

2057 4436 2121 4470 rw
2156 4419 2217 4471 τὸ
2240 4414 2379 4472 εἶναι
2408 4417 2522 4490 ζωὴ
2560 4420 2654 4473 καὶ
2683 4417 2865 4481 αὐτὸς,
2914 4418 3052 4487 ὅπερ
3079 4416 3197 4468 ἐστὶ
3236 4413 3331 4467 τοῦ
3377 4412 3620 4483 Πατρός.

358 4524 477 4581 est;
512 4521 605 4566 aut
633 4512 678 4566 si
711 4526 816 4566 non
845 4513 968 4577 hoc,
1009 4512 1101 4566 sed
1146 4526 1265 4581 qua:
1292 4528 1388 4566 sua
1422 4492 1547 4569 sunt
1575 4514 1750 4573 Patris
1781 4529 1927 4584 sunt,

2060 4510 2107 4562 Η
2138 4511 2187 4561 εί
2217 4508 2290 4580 μὴ
2317 4509 2493 4576 τοῦτο,
2530 4508 2626 4562 τοῦ
2676 4509 2734 4562 δὲ
2770 4509 2984 4579 Πατρός
3021 4510 3139 4560 ἐστι
3166 4507 3232 4560 τά
3275 4504 3465 4568 αὑτοῦ,
3489 4507 3622 4558 ἐπεὶ

361 4620 483 4660 cum
511 4617 618 4658 non
647 4604 717 4658 sit
744 4602 1062 4657 naturaliter
1079 4603 1186 4656 vita
1215 4601 1407 4669 Filius,
1442 4619 1509 4661 ne
1530 4604 1687 4661 Pater
1709 4608 1928 4678 quidem

2057 4601 2113 4670 ιὴ
2142 4600 2283 4653 κατά
2314 4600 2475 4670 φύσιν
2507 4601 2624 4654 ἐστὶ
2655 4600 2767 4670 ζωὴ
2789 4604 2818 4654 6
2848 4601 2995 4665 Υἱὸς,
3031 4601 3131 4653 ούκ
3157 4599 3307 4653 ἔσται
3332 4598 3492 4652 τοῦτο
3515 4598 3619 4651 καὶ

361 4695 681 4751 naturaliter
710 4695 817 4748 vita
885 4694 990 4748 erit
1018 4712 1031 4748 :
1064 4695 1210 4764 quod
1276 4704 1361 4751 est
1408 4698 1723 4754 absurdum.
1771 4699 1932 4757 Pater

2057 4693 2300 4763 ιΠατήρ.
2355 4692 2517 4745 Ἀλλά
2559 4691 2719 4745 τοῦτο
2765 4694 2986 4747 ἄτοπον.
3020 4691 3181 4745 Φύσει
3214 4690 3322 4762 γάρ
3353 4693 3382 4743 6
3421 4689 3620 4761 Πατὴρ

357 4789 503 4842 enim
534 4785 857 4840 naturaliter
895 4793 979 4840 est
1024 4786 1178 4841 vita:
1225 4788 1330 4841 crit
1383 4801 1560 4843 autem
1613 4793 1714 4847 hoc
1754 4793 1929 4862 ipsum

2057 4783 2172 4853 ζωὴ,
2221 4783 2373 4837 ἔσται
2409 4782 2565 4837 τοῦτο
2609 4784 2704 4838 καὶ
2732 4785 2760 4837 6
2797 4783 2945 4848 Υἱὸς,
2978 4784 3065 4837 ἵνα
3101 4782 3178 4855 μὴ
3209 4782 3471 4853 ψεύδηται
3512 4782 3625 4854 τὴν

360 4882 550 4945 Filius,
582 4894 651 4936 ne
672 4894 701 4934 a
723 4878 1071 4934 similitudine
1102 4894 1223 4933 cum
1252 4877 1410 4935 Patre
1445 4882 1679 4937 recedat.
2039 4878 2314 4948 ὁμοίωσιν.

1033 4993 1259 5050 ALIUD.

430 5109 488 5163 Si
540 5108 707 5163 Filius
764 5116 850 5161 est
893 5106 1232 5162 omnimodus
1277 5107 1539 5178 planeque
1616 5111 1928 5169 indiﬂ‘erens

359 5200 644 5253 character
686 5198 1038 5267 hypostaseos
1066 5192 1265 5259 Patris,
1284 5197 1608 5252 naturaliter
1635 5200 1797 5252 etiam
1827 5201 1929 5253 huc

359 5289 758 5357 habebit,quod
777 5288 848 5343 sit
879 5288 1011 5354 vita,
1047 5300 1114 5343 ne
1138 5286 1460 5343 obliteretur
1504 5303 1567 5343 ac
1602 5288 1929 5359 depravetur

357 5381 641 5436 character
667 5379 864 5435 Patris.

2727 4988 2926 5044 AAAO.

2109 5105 2172 5158 Ei
2216 5102 2503 5175 χαρακτὴρ
2533 5103 2949 5173 ἀπαράλλακτος
2997 5101 3092 5172 τῆς
3120 5098 3214 5153 τοῦ
3246 5096 3458 5169 Πατρὺς
3480 5097 3625 5150 ὑπο-

2038 5197 2281 5260 στάσεώς
2306 5199 2455 5249 ὲστιν
2479 5199 2507 5249 6
2537 5196 2685 5259 Υἱὸς,
2714 5196 2932 5266 φορέσει
2974 5193 3221 5264 φυσικῶς
3253 5191 3346 5244 καὶ
3371 5191 3432 5243 τὸ
3477 5184 3627 5242 εἶναι

2036 5288 2172 5360 ζωὴ,
2229 5289 2318 5343 ἴνα
2374 5289 2451 5360 μὴ
2505 5288 2994 5360 παραχαράττηται
3039 5284 3135 5339 τοῦ
3186 5283 3401 5355 Πατρὸς
3442 5284 3473 5336 6
3517 5300 3628 5352 χαο

2039 5382 2245 5453 ρακτήρ

2723 5495 2928 5549 ΑΛΛΟ.

2106 5588 2242 5659 Φησί
2261 5605 2362 5640 που
2390 5585 2623 5658 Χριστὸς
2645 5585 2779 5657 πρὸς
2795 5588 2923 5651 τοὺς
2949 5583 3143 5639 ἑαυτοῦ
3174 5581 3423 5654 μαθητάς
3450 5603 3465 5617 ·
3497 5599 3517 5634 ι
3561 5580 3631 5637 '0

1034 5492 1267 5548 ALIUD.
1612 5544 1619 5551 κ

419 5582 677 5640 Christus
700 5583 898 5640 alicubi
926 5586 994 5640 ad
1033 5587 1325 5656 discipulos
1353 5601 1482 5643 suos
1515 5587 1590 5643 ita
1624 5589 1699 5643 ait
1726 5609 1737 5642 :
1770 5607 1787 5639 ι
1824 5588 1926 5655 Qui

422 5737 773 5794 "lTimotlt.
808 5740 962 5809 ι,17.
1058 5739 1144 5795 ⁷⁸1
1178 5740 1303 5798 Cor.
1342 5759 1380 5809 ι,
1405 5740 1495 5797 24.
1572 5744 1619 5777 ⁷⁷
1644 5741 1798 5802 Joan.
1837 5760 1923 5799 xvr

2065 5785 2077 5799 .
2159 5742 2386 5800 "Joan.
2421 5758 2554 5811 xvn,
2593 5744 2679 5801 10.
