3882 6210
315 357 412 412 241

1720 364 2156 423 THESAURUS.

3454 378 3562 434 262

311 477 570 549 ἑωρακὼς
595 478 715 549 ἐμὲ,
738 480 949 553 ἑώρακε
973 482 1064 535 τὸν
1090 483 1331 555 Πατέρα.
1372 504 1391 538 ι
1420 486 1482 539 Εἰ
1508 486 1686 539 τοίνυν
1718 489 1746 540 ὁ
1773 489 1885 541 Πα-

1999 491 2124 543 vidit
2159 506 2263 553 me,
2304 491 2437 546 vidit
2473 502 2526 545 et
2557 491 2769 546 Patrem
2793 493 2860 548 ⁷⁸.
2909 512 2927 545 ι
2970 492 3026 547 Si
3070 494 3235 564 igitur
3292 496 3452 551 Pater
3505 501 3557 554 in

308 568 412 639 τὴρ
432 571 490 623 ἐν
520 571 629 641 Υίῷ
649 570 898 639 φαίνεται
929 573 1042 645 ζωὴ
1063 576 1202 629 κατὰ
1233 576 1394 645 φύσιν
1426 578 1706 647 ὑπάρχων,
1731 578 1885 631 ἔσται

309 662 466 716 τοῦτο
498 667 592 718 καὶ
619 667 649 719 6
682 666 831 731 Υἱὸς,
863 667 950 721 ἵνα
979 671 1055 740 μὴ
1085 669 1349 742 ψεύδηται
1379 672 1476 743 τὴν
1498 672 1776 743 ὁμοίωσιν.

307 777 524 845 ΔΛΛΟ,
565 779 636 834 ἐκ
696 777 816 835 τῶν
866 781 1065 837 αὐτῶν
1106 782 1205 865 διρι
1245 784 1357 853 τῆς
1398 786 1486 851 εις
1513 786 1740 840 ἄτοπον
1777 786 1887 839 ἀπ-

979 870 1239 924 αγωγηςο

376 964 514 1035 Φησί
535 981 639 1018 που
664 965 899 1037 Χριστός
919 982 934 997 ⁸
969 985 990 1020 ι
1030 968 1087 1022 '0
1120 969 1383 1041 ἑωρακὼς
1403 971 1526 1042 ἐμὲ,
1560 970 1773 1043 ἑώρακε
1794 972 1887 1026 τὸν
1972 981 1980 990 ’

308 1059 549 1131 Πατέρα.
596 1079 617 1112 ι
649 1061 711 1114 Ei
750 1063 929 1117 τοίνυν
972 1064 1295 1120 ἐπείσακτον
1318 1068 1435 1138 ἦτοι
1460 1069 1602 1123 κατά
1631 1070 1886 1141 μετοχὴν,

310 1151 406 1204 καὶ
428 1152 531 1205 οὐκ
566 1151 821 1216 οὐσιῶδες
860 1152 972 1224 ἔχει
996 1153 1056 1208 τὸ
1091 1152 1231 1210 εἶναι
1256 1155 1392 1229 ζωὴ,
1423 1157 1576 1212 ἔσται
1603 1159 1761 1213 τοῦτο
1793 1160 1888 1213 καὶ

308 1244 339 1297 6
371 1243 580 1315 Πατήρ.
606 1244 798 1314 Φυγὼν
821 1245 878 1298 δὲ
906 1246 1000 1300 τοῦ
1029 1247 1189 1315 λόγου
1207 1248 1307 1319 τὴν
1342 1249 1593 1314 ἀτοπίαν,
1631 1250 1690 1316 ἐξ
1722 1250 1889 1319 ἀνάγ-

309 1351 412 1404 κης
457 1335 813 1407 ὁμολογήσεις
864 1337 925 1391 τὸ
967 1338 1187 1410 ἕτερον·
1220 1340 1335 1413 ζωὴ
1376 1340 1486 1413 γὰρ
1538 1342 1684 1397 κατὰ
1723 1341 1888 1412 φύσιν

307 1428 337 1480 ὁ
369 1427 513 1492 Υἱός.

988 1547 1192 1603 AAAO.

374 1659 439 1712 Εί
468 1658 565 1713 τοῦ
606 1659 819 1732 Πατρὸς
858 1660 958 1733 τὴν
992 1661 1181 1717 οὐσίαν
1222 1662 1252 1716 6
1282 1662 1411 1727 Υἱὸς
1454 1664 1890 1737 ἀπαραλλάκτως

301 1751 731 1821 χαρακτηρίζειν
769 1750 1010 1820 λέγεται,
1044 1751 1161 1806 ἐστι
1195 1753 1251 1807 δὲ
1287 1754 1348 1808 οὐ
1383 1755 1525 1809 κατά
1557 1756 1722 1825 φύσιν
1752 1756 1886 1827 ζωὴ,

1987 581 2124 636 Filio
2140 592 2362 651 apparet
2381 584 2485 635 vita
2513 583 2831 638 naturaliter
2845 584 3137 651 exsistens,
3149 587 3249 641 erit
3273 590 3372 645 hoc
3393 589 3555 645 etiam

1992 672 2178 739 Filius,
2215 688 2281 727 ne
2306 672 2439 728 falsa
2468 675 2538 729 sit
2560 677 2875 734 similitudo.

2055 787 2285 855 ALIUD,
2311 806 2376 845 ea:
2399 790 2585 845 iisdem
2614 808 2731 845 cum
2768 794 3064 850 reductiona
3085 795 3153 849 ad
3175 796 3486 853 absurdum.

2056 968 2304 1024 Christus
2332 970 2528 1027 alicubi
2561 971 2767 1042 inquit.
2813 990 2832 1025 ι
2866 973 2967 1041 Qui
3017 975 3148 1029 vidit
3179 991 3285 1042 me,
3319 979 3449 1032 vidit
3503 987 3560 1033 et

1985 1057 2221 1113 Patrem.
2252 1078 2273 1112 ι
2309 1060 2367 1114 Si
2418 1075 2549 1130 ergo
2576 1062 2939 1116 accessorium
2973 1062 3075 1116 boc
3136 1063 3212 1116 illi
3275 1073 3376 1127 est,
3441 1065 3558 1119 sive

1988 1167 2084 1221 per
2105 1152 2594 1221 participationem,
2646 1160 2702 1207 et
2754 1167 2860 1206 non
2902 1154 3210 1219 essentiale,
3263 1155 3407 1225 quod
3488 1156 3560 1211 sit

1988 1246 2116 1308 vita,
2161 1245 2265 1299 erit
2292 1245 2394 1301 boc
2422 1245 2584 1299 etiam
2615 1245 2794 1300 Pater.
2830 1244 2994 1312 Cujus
3019 1245 3554 1302 dietiabsurditatem

1988 1336 2218 1407 fugiens,
2250 1338 2557 1392 necessario
2594 1336 2849 1393 fateberis
2875 1339 3201 1392 contrarium
3229 1356 3242 1392 :
3268 1340 3377 1393 vita
3410 1340 3559 1393 enim

1987 1439 2072 1484 est
2096 1429 2413 1485 naturaliter
2444 1430 2639 1486 Filius.

2656 1540 2889 1598 ALIUD.

2060 1655 2117 1710 Si
2147 1656 2313 1711 Filius
2341 1656 2515 1711 Patris
2543 1656 2831 1710 essentiam
2858 1652 3164 1709 omnimoda
3198 1650 3359 1725 144
3404 1650 3569 1707 simi-

1989 1750 2210 1804 litudine
2246 1748 2549 1818 exprimere
2588 1749 2801 1815 dicitur,
2829 1758 3019 1816 estque
3048 1746 3161 1817 ipse
3191 1762 3297 1800 nou
3333 1754 3556 1800 natura-

302 1840 420 1895 ἀλλ’
451 1843 508 1894 ἐν
535 1842 851 1914 προσθήκης
882 1844 1038 1915 μέρει
1086 1845 1249 1924 τοῦτο.
1274 1846 1562 1918 λαμϐάνει,
1602 1848 1761 1902 τοῦτο
1794 1850 1887 1903 καὶ

1999 1844 2112 1896 liter
2141 1842 2388 1905 vita,.sed
2422 1857 2515 1910 per
2545 1840 2901 1910 adjectiouem
2936 1838 3064 1892 illud
3119 1837 3336 1906 accipit,
3393 1837 3565 1892 Pater

302 1934 333 1985 6
377 1934 567 2005 Πατὴρ
600 1935 946 2005 νοηθήσεται.
983 1936 1057 1990 Τὸ
1084 1937 1142 1990 δέ
1172 1940 1231 1991 ἐν
1256 1938 1464 2004 τούτοις
1491 1940 1714 2007 ἄτοπον,
1745 1959 1891 2013 παρ-

300 2027 531 2082 εισοίσει
556 2026 617 2081 τδ
642 2026 905 2095 ἐναντίον,
930 2028 1070 2099 ὅπερ
1095 2029 1213 2082 ἐστὶ
1235 2032 1330 2083 καὶ
1366 2030 1589 2104 ἀληθές.

971 2141 1179 2196 ΑΛΛΟ.

373 2250 458 2304 Τά
484 2251 771 2323 ἑτερογενῆ
798 2270 857 2306 τε
885 2255 978 2307 καὶ
1006 2257 1268 2328 ἑτεροφυῆ
1290 2257 1387 2329 τὴν
1421 2259 1591 2330 αὐτὴν
1610 2260 1890 2332 ἐνέργειαν

299 2340 470 2411 ἔχειν,
499 2344 598 2397 οὐκ
626 2344 692 2397 ἄν
722 2362 808 2409 τις
840 2345 951 2416 δῴη
987 2347 1296 2416 σωφρονῶν.
1330 2350 1463 2404 Οὐδὲ
1490 2352 1599 2423 γὰρ
1639 2353 1706 2407 ἂν
1734 2353 1889 2408 ὕδατι

299 2431 418 2506 πῦρ
440 2435 500 2488 ’ἐν
547 2453 601 2489 τι
640 2437 733 2491 καὶ
769 2438 965 2492 ταυτὸν
1008 2440 1377 2510 ἐνεργήσειεν,
1408 2442 1525 2496 ἀλλ’
1562 2444 1751 2515 ὥσπερ
1783 2447 1890 2499 ἀπ-

300 2528 715 2599 εσχοινισμένον
771 2529 954 2601 ἔχουσι
978 2534 1077 2603 τῆς
1102 2532 1292 2597 οὐσίας
1332 2534 1455 2605 ἦτοι
1482 2536 1582 2606 τῆς
1601 2539 1891 2608 ποιότητος

298 2621 396 2674 τὸν
426 2620 603 2689 λόγον,
640 2622 782 2677 οὕτω
817 2625 912 2678 καὶ
939 2624 1197 2697 διάφορον
1225 2626 1568 2682 ἀποδώσουσι
1595 2630 1696 2701 τὴν
1736 2613 1889 2702 ἐνέρ-

299 2728 481 2779 γειαν.
511 2713 575 2766 Εί
607 2711 788 2767 τοίνυν
826 2713 973 2782 ζωῆς
1006 2714 1158 2778 ὄντος
1179 2716 1320 2769 κατά
1348 2718 1511 2786 φύσιν
1526 2718 1621 2771 τοῦ
1652 2720 1884 2788 Πατρὸς,

298 2804 407 2857 οὐκ
439 2803 552 2858 ἐστι
599 2804 757 2858 τοῦτο
790 2806 911 2859 κατ’
937 2806 1126 2860 οὐσίαν
1154 2807 1182 2859 6
1214 2808 1363 2871 Υἱὸς,
1395 2808 1583 2881 ὥσπερ
1620 2812 1733 2873 τοῖς
1764 2828 1889 2882 χρι·

301 2894 599 2964 στομάχοις
624 2894 791 2959 δοκεῖ,
815 2897 932 2960 πῶς
948 2895 1047 2966 τὴν
1073 2896 1241 2968 αὐτὴν
1264 2898 1543 2969 ἐνέργειαν
1569 2900 1787 2971 φορέσει
1811 2900 1891 2971 τῷ

298 2985 484 3056 Πατρί
509 3003 522 3051 ;
550 2988 685 3058 Φησὶ
707 2988 814 3058 γάρ
848 3005 951 3041 που
985 2989 1239 3060 Χριστὸς,
1288 2990 1369 3043 ὅτι
1400 2991 1612 3063 Ὥσπερ
1644 2994 1671 3045 6
1699 2993 1889 3066 Πατὴρ

298 3077 403 3142 οὓς
436 3077 579 3132 θέλει
616 3080 886 3144 ζωοποιεῖ,
917 3079 1061 3133 οὓτω
1098 3081 1189 3134 καὶ
1215 3085 1243 3135 6
1278 3082 1404 3146 Υἱὸς
1447 3083 1541 3146 οὓς
1565 3084 1707 3137 θέλει
1748 3084 1886 3141 ζωο-

1990 1949 2207 2005 quoque
2236 1935 2337 1988 hoc
2361 1948 2482 1987 esse
2515 1933 2848 1988 censebitur.
2897 1931 3010 1986 Hoc
3058 1944 3190 1985 vero
3242 1930 3579 1996 absurdum,.

1989 2023 2483 2095 necessariojnl’ert
2513 2023 2844 2079 contrarium
2866 2060 2882 2087 ,
2913 2022 3054 2092 quod
3082 2030 3137 2077 et
3158 2035 3349 2076 verum
3383 2026 3494 2076 est.

2683 2135 2919 2191 ALIUD.

2060 2251 2190 2320 Quae
2220 2251 2415 2306 diversi
2447 2259 2571 2305 sunt
2603 2251 2819 2322 generis
2842 2258 2897 2303 et
2934 2258 3178 2312 naturae,
3220 2262 3384 2302 nemo
3409 2261 3567 2302 com-

1990 2363 2085 2417 pos
2117 2347 2312 2401 mentis
2335 2345 2577 2398 eamdem
2596 2344 2966 2412 operationem
3017 2341 3218 2395 habere
3252 2341 3430 2405 dicet;
3467 2356 3566 2394 ne-

1988 2455 2094 2510 que
2114 2440 2256 2492 enim
2313 2438 2452 2508 ignis
2492 2444 2547 2490 et
2585 2451 2721 2506 aqua
2748 2434 2888 2490 idem
2951 2433 3217 2489 eﬂiclent:
3247 2435 3340 2489 sed
3371 2449 3571 2503 quem-

1989 2529 2276 2583 admodum
2329 2529 2596 2580 diversam
2652 2525 2851 2579 habent
2885 2526 3136 2579 essentia:
3158 2525 3272 2579 sive
3324 2523 3557 2592 qualita-

1990 2621 2060 2675 tis
2091 2622 2376 2682 rationem,
2407 2620 2477 2672 ita
2497 2619 2658 2671 etiam
2692 2616 2959 2671 diversam
2988 2615 3360 2683 operationem
3377 2614 3561 2669 edent.

1992 2710 2047 2766 Si
2069 2726 2198 2780 ergo
2219 2725 2339 2764 cum
2373 2707 2535 2763 Pater
2555 2708 2627 2763 sit
2650 2705 2971 2761 naturaliter
3000 2706 3134 2768 vita,
3176 2703 3348 2759 Filius
3381 2703 3433 2758 id
3468 2718 3583 2755 tia--

1991 2802 2241 2856 turaliter
2284 2816 2387 2855 non
2442 2810 2545 2861 est,
2614 2796 3066 2867 quemadmodum
3124 2797 3310 2850 hostes
3361 2794 3563 2849 Ghristi

1988 2895 2298 2963 opinantur,
2317 2907 2423 2959 quo
2438 2900 2595 2961 pacto
2610 2892 2852 2944 eamdem
2875 2905 2995 2943 cum
3020 2888 3585 2957 PatreIoperationem.

1991 2986 2248 3043 habebit?
2289 2985 2466 3054 lnquit
2509 2983 2653 3037 enim
2700 2981 2897 3035 alicubi
2939 2979 3192 3034 Christus
3231 2980 3375 3049 quod
3404 2975 3583 3031 «Sic-i

1992 3089 2051 3135 ut
2101 3079 2417 3147 Paterquos
2448 3077 2558 3130 vult
2583 3075 2838 3139 viviﬁcat,
2864 3074 2936 3128 ita
2972 3082 3027 3127 et
3051 3072 3219 3127 Filius
3259 3086 3396 3141 quos
3448 3070 3584 3125 vult:

300 3172 470 3223 ποιεῖ.
494 3170 570 3223 Οὐ
618 3171 727 3241 γὰρ
742 3171 805 3242 δή
832 3189 933 3225 που
955 3172 1335 3236 ζωοποιεῖσθαι
1359 3174 1457 3242 μὲν
1477 3175 1680 3247 ἑτέρως
1702 3177 1886 3247 ἐροῦσι

1999 3170 2226 3225 viviﬁcat
2248 3170 2315 3224 ‘°.
2343 3190 2362 3221 ι
2386 3168 2568 3238 Neque
2585 3168 2729 3221 enim
2748 3165 3011 3219 viviﬁcari
3032 3164 3287 3219 dicuntur
3302 3172 3568 3233 quotquot

299 3264 433 3324 τοὺς
464 3264 577 3316 ὅσοι
616 3264 765 3335 παρά
790 3265 885 3317 τοῦ
926 3266 1140 3337 Πατρὺς
1167 3266 1327 3319 τοῦτο
1355 3267 1713 3337 λαμϐάνουσι,
1750 3270 1888 3331 ζωο-

301 3356 580 3410 ποιείσθαι
617 3356 673 3410 δὲ
743 3357 904 3412 πάλιν
944 3359 1066 3412 καθ’
1100 3360 1285 3433 ἕτερον
1322 3361 1523 3431 τρόπον
1553 3363 1679 3426 τοὺς
1736 3363 1889 3434 παρά

300 3447 401 3501 τοῦ
438 3448 566 3501 Υίοῦ
614 3448 771 3503 τοῦτο
808 3450 1150 3521 δεχομένους.
1202 3452 1359 3507 Οὕτω
1406 3453 1515 3525 γὰρ
1542 3453 1711 3524 ἔφησε
1757 3455 1891 3519 ζωο-

301 3543 479 3592 ποιεῖν
503 3539 597 3593 τὸν
629 3541 870 3612 Πατέρα,
901 3542 977 3606 ὡς
1010 3543 1076 3596 ἂν
1102 3545 1490 3614 ζωοποιήσειεν
1512 3548 1541 3599 6
1567 3546 1715 3609 Υἱὸς,
1746 3564 1888 3599 παν-

300 3631 474 3701 ταχοῦ
506 3632 606 3703 τὴν
654 3634 824 3705 αὐτὴν
853 3634 1135 3705 ἐνέργειαν
1158 3634 1349 3705 έχοντα
1374 3635 1454 3705 τῷ
1494 3637 1670 3707 Πατρὶ
1697 3637 1889 3691 ἑαυτὸν

299 3723 641 3794 ὁριζόμενος.
682 3724 891 3778 Οὐκοῦν
922 3726 1022 3778 οὐκ
1050 3727 1301 3796 ἀνόμοιος
1332 3726 1482 3780 ἔσται
1515 3728 1651 3798 πρὸς
1686 3730 1779 3781 τὸν
1798 3746 1891 3797 γε-

304 3813 631 3883 γεννηκότα·
676 3814 792 3867 ἀλλ’
834 3814 1023 3886 ὥσπερ
1060 3817 1266 3881 ἐκεῖνος
1307 3816 1467 3886 φύσει
1514 3816 1631 3889 ζωὴ
1672 3817 1893 3887 λέγεται

305 3906 405 3958 καὶ
437 3904 606 3972 ἐστιν,
635 3904 778 3959 οὕτω
807 3905 903 3960 καὶ
929 3907 958 3959 6
988 3907 1138 3970 Υἱός.

996 4021 1203 4075 ΔΛΛΟ.

380 4127 446 4182 El
472 4129 570 4200 τὴν
600 4130 858 4202 ἀλήθειαν
885 4132 1006 4194 ταῖς
1055 4130 1303 4185 Ἰωάννου
1333 4134 1537 4200 φωναῖς
1563 4131 1890 4203 ἐπιψηφιού-

309 4220 475 4290 μεθα,
505 4221 680 4274 πάντα
727 4220 970 4290 δώσομεν
1004 4219 1331 4293 ἐργάζεσθαι
1374 4222 1442 4274 δι’
1486 4221 1614 4275 Υἱοῦ
1651 4224 1746 4275 τὸν
1779 4223 1891 4277 Πα-

304 4312 462 4383 τέρα.
502 4312 564 4364 Εῖ
597 4311 654 4365 δὲ
679 4311 859 4376 τοῦτο,
895 4311 952 4364 ἓν
984 4311 1041 4364 δὲ
1068 4311 1177 4364 τῶν
1208 4312 1387 4383 ἔργων
1421 4313 1515 4365 τοῦ
1548 4313 1759 4384 Πατρὸς
1794 4314 1890 4366 καὶ

305 4400 374 4453 τὸ
400 4400 682 4464 ζωοποιεῖν
706 4416 880 4464 τινας,
911 4400 1064 4453 ἔσται
1092 4401 1204 4471 ζωὴ
1245 4400 1386 4453 κατὰ
1410 4401 1570 4470 φύσιν
1596 4404 1623 4455 ὁ
1653 4403 1799 4469 Υἱὸς,
1822 4402 1888 4456 δι’

306 4488 375 4548 οὗ
406 4493 477 4546 τὰ
508 4492 687 4547 πάντα
738 4492 1011 4556 ζωοποιεῖ,
1044 4493 1132 4548 ἵνα
1173 4491 1249 4562 μὴ
1276 4493 1427 4556 νόθος
1483 4494 1706 4564 μεσίτης
1742 4511 1886 4567 παρ-

310 4585 685 4654 εισαγόμενος,
729 4584 997 4654 ἀμέτοχον
1015 4583 1165 4655 δείξῃ
1199 4582 1336 4637 Θεοῦ
1378 4585 1447 4638 τὸ
1471 4587 1539 4657 τῇ
1562 4586 1699 4658 πρὸς
1722 4587 1886 4641 αὐτὸν

312 4678 497 4749 σχέσει
522 4676 979 4748 ζωοποιούμενον.

998 4794 1133 4847 ΑΛΛ
1141 4794 1203 4849 0.

383 4907 450 4963 Ei
477 4908 705 4978 μεσίτης
736 4906 872 4961 Θεοῦ
901 4908 996 4963 καὶ
1037 4907 1343 4979 ἀνθρώπων
1367 4909 1517 4963 ἐστὶν
1549 4912 1577 4963 6
1608 4910 1755 4977 Υἱὸς,
1779 4910 1890 4964 ὦσ-

312 5016 423 5071 περ
452 5003 529 5064 είς
574 5000 803 5071 ἑνότητα
835 5000 1072 5070 φυσικὴν
1115 5002 1403 5055 συνάπτων
1420 5002 1490 5055 τὰ
1523 5000 1685 5072 ἄκρα·
1715 5004 1888 5071 ἀναγ-

315 5094 468 5143 καῖον
510 5092 685 5143 εἰπεῖν
720 5091 822 5155 ὃτι,
877 5089 1069 5163 ὥσπερ
1097 5091 1406 5163 ἀνθρώποις
1446 5092 1691 5164 συνήφθη
1725 5110 1884 5162 φυσι-

314 5184 426 5247 κῶς
464 5182 748 5255 ἄνθρωπος
780 5183 1040 5252 γεγονὼς,
1070 5182 1212 5236 οὕτω
1240 5185 1332 5237 καὶ
1371 5185 1468 5254 τῆς
1493 5184 1644 5247 θείας
1672 5184 1886 5253 φύσεως

312 5278 545 5347 ἤρτηται
564 5275 696 5338 Θεὸς
721 5276 860 5329 κα.τά
893 5274 1054 5343 φύσιν
1079 5276 1359 5346 ὑπάρχων.
1390 5277 1451 5328 Ei
1478 5276 1535 5329 δὲ
1560 5277 1737 5339 τοῦτο,
1762 5277 1886 5330 ἐπεὶ

313 5369 431 5421 κατ’
463 5366 649 5420 οὐσίαν
682 5367 776 5419 καὶ
811 5367 912 5419 οὐκ
938 5366 1136 5431 ἔξωθεν
1166 5367 1278 5437 ἔχει
1309 5366 1369 5419 τὸ
1401 5362 1540 5419 εἶναι
1574 5367 1687 5439 ζωὴ
1716 5369 1745 5421 6
1772 5370 1884 5421 Πα-

312 5462 435 5534 τὴρ,
462 5462 615 5515 ἔσται
642 5460 882 5525 τοιοῦτος
910 5461 1002 5514 καὶ
1038 5464 1066 5516 6
1099 5460 1370 5533 προσεχὴς
1391 5459 1539 5531 αὐτῷ
1578 5462 1672 5514 καὶ
1696 5460 1753 5529 ἐξ
1786 5461 1886 5514 αὑ-

312 5553 406 5607 τοῦ
436 5555 575 5607 κατὰ
598 5553 759 5624 φύσιν
786 5553 932 5617 Υἱός.

386 5795 601 5852 ".loan.
641 5811 748 5861 xxv,
780 5797 832 5853 9.
911 5796 955 5829 '°
979 5795 1132 5851 Joan.
1170 5812 1222 5863 ν,
1253 5796 1341 5852 ill.
1420 5796 1459 5827 ⁸³
1490 5793 1645 5852 Joau.
1683 5809 1764 5863 ιιι,
1794 5793 1882 5849 55.

1989 3277 2019 3316 a
2042 3260 2150 3316 Deo
2179 3262 2280 3314 hoc
2301 3260 2576 3329 accipiunt
2606 3277 2620 3311 :
2663 3257 2822 3310 aliter
2844 3269 2975 3310 vero
2996 3255 3088 3325 qui
3119 3270 3148 3308 a
3183 3254 3319 3309 Filio
3350 3254 3454 3308 hoc
3476 3268 3568 3308 ac-

1989 3354 2223 3423 cipiunt.
2245 3351 2377 3405 Nam
2399 3353 2586 3406 eadem
2627 3352 2836 3407 ratione
2865 3350 3002 3406 dixit
3034 3351 3251 3405 Patrem
3278 3348 3582 3404 vivilicare-

1989 3461 2092 3515 qua
2125 3446 2363 3499 viviﬁcat
2409 3442 2601 3507 Filius,
2637 3443 2925 3498 declarans
2969 3457 3028 3497 se
3066 3442 3211 3496 omni
3291 3456 3360 3495 ex
3412 3450 3569 3510 parte

1990 3540 2233 3595 eamdem
2269 3552 2393 3592 cum
2416 3536 2576 3590 Patre
2598 3535 2966 3603 Operationem
3025 3535 3249 3589 habere.
3295 3533 3585 3600 Quocirca-

1989 3646 2094 3685 non
2119 3628 2399 3684 dissimilis
2416 3638 2547 3682 esta
2589 3628 2784 3688 Patre;
2826 3627 2920 3680 sed
2945 3626 3194 3682 sicutille
3244 3625 3581 3681 naturaliter.

1989 3725 2100 3779 vita
2125 3724 2320 3779 dicitur
2345 3730 2522 3787 etest,
2558 3721 2632 3775 ita
2654 3730 2709 3776 et
2740 3720 2933 3775 Eilius.

2634 4010 2790 4067 ΑΕΗ]
2798 4009 2872 4066 Dt.

2064 4128 2121 4183 Si
2159 4128 2380 4182 Joannis
2413 4126 2592 4181 verbis
2632 4122 2790 4177 ﬁdem
2832 4122 3172 4187 adhibemus,
3205 4120 3593 4175 eoneedemus».

1990 4222 2206 4279 Patrem
2237 4222 2414 4275 omnia
2448 4219 2664 4288 operari
2691 4232 2787 4287 per
2820 4215 3015 4271 Filium
3045 4214 3113 4267 δι.
3151 4213 3305 4279 Quod
3347 4215 3585 4283 quidem--

1991 4314 2036 4369 si
2076 4327 2264 4367 verum
2295 4320 2417 4373 est,
2459 4322 2625 4362 unum
2670 4322 2799 4361 vero
2836 4321 2905 4360 ex
2957 4304 3209 4374 operibus
3246 4303 3425 4359 Patris
3484 4316 3583 4359 est=

1991 4403 2279 4461 nonnullos
2302 4401 2604 4465 viviﬁcare,
2643 4406 2789 4453 certe
2817 4399 3140 4451 naturaliter
3174 4398 3280 4451 vita
3323 4399 3427 4452 erit
3478 4396 3581 4452 Fi--

1922 4531 1968 4586 υ
1992 4496 2117 4561 lius,
2149 4508 2245 4564 per
2267 4507 2428 4560 quem
2453 4492 2636 4545 omnia
2658 4490 2921 4553 viviﬁcat,
2955 4504 3023 4543 ne
3057 4490 3275 4556 spurius
3293 4491 3567 4546 mediator

1994 4587 2337 4643 introductus
2373 4598 2569 4653 expers
2593 4582 3035 4652 participationis
3094 4582 3183 4635 Dei
3207 4582 3458 4637 ostendat
3514 4582 3585 4636 id«

1994 4680 2137 4751 quod
2160 4686 2408 4748 respectu
2432 4675 2604 4746 ipsius
2630 4672 2962 4728 viviﬁcalum
3000 4682 3107 4727 est.

2661 4790 2897 4846 ALIUD.

2067 4908 2124 4963 Si
2155 4906 2326 4962 Filius
2358 4906 2625 4961 mediator
2670 4913 2752 4959 est
2793 4903 2888 4959 Dei
2944 4912 3000 4958 et
3053 4902 3427 4968 hominum”,
3474 4903 3582 4972 qui

1994 5012 2238 5055 extrema
2268 4998 2432 5053 veluti
2464 4998 2515 5052 in
2548 4998 2807 5051 unitatem
2841 4997 3113 5065 copulavit
3142 5014 3155 5049 :
3189 4986 3556 5050 necessarium

1993 5102 2077 5148 est
2108 5102 2186 5156 ut,
2215 5090 2665 5161 quemadmodum
2695 5089 3003 5144 hominibus
3046 5088 3367 5142 naturaliter
3393 5102 3563 5154 copu-

1992 5185 2131 5239 latus
2156 5194 2260 5249 est,
2286 5198 2409 5238 cum
2444 5183 2619 5237 factus
2664 5191 2749 5236 est
2792 5182 2974 5246 homo,
3033 5182 3103 5235 ita
3156 5181 3322 5235 etiam
3372 5182 3566 5235 divinae

1994 5285 2203 5329 natura;
2232 5275 2414 5329 unitus
2434 5275 2524 5339 sit,
2557 5274 2699 5328 Deus
2734 5288 2860 5328 vere
2920 5273 3211 5326 exsistens.
3269 5272 3327 5326 Si
3384 5283 3564 5326 autem

1991 5368 2094 5421 hoc
2125 5381 2309 5420 verum
2340 5376 2445 5431 est,
2472 5380 2597 5419 cum
2665 5364 3033 5419 essentialiter
3058 5376 3113 5418 et
3164 5378 3269 5417 non
3295 5365 3565 5417 extrinse-

1990 5473 2087 5512 cus
2117 5458 2170 5512 id
2196 5458 2392 5513 habeat
2422 5457 2586 5512 Pater
2614 5460 2756 5523 quod
2782 5456 2852 5512 sit
2882 5457 2989 5509 vita
3025 5472 3039 5508 :
3088 5456 3194 5510 erit
3220 5455 3383 5511 etiam
3447 5473 3567 5509 mn-

1990 5548 2122 5602 nino
2147 5546 2269 5600 talis
2292 5546 2383 5616 qui
2429 5547 2479 5601 ei
2518 5546 2840 5616 conjunctus
2877 5555 2982 5612 est,
3011 5556 3066 5601 et
3111 5546 3430 5601 naturaliter
3497 5562 3560 5599 ex

1992 5640 2110 5709 ipso
2140 5648 2223 5694 est
2250 5636 2439 5693 Filius.

1960 5793 2321 5851 ⁸³1Τίιηοι1ι.
2367 5811 2426 5861 ιι,
2464 5796 2517 5851 5.
