3882 6210
318 344 423 399 263

981 451 1213 506 ALIUD.

295 577 300 583 ‘
386 572 682 641 Scriptura:
711 572 910 642 passim
944 570 1135 624 Filium
1193 578 1389 624 vocant
1441 566 1761 631 Veritatem,
1832 575 1887 620 et

318 670 432 731 ipse
464 665 657 719 alicubi
689 667 754 719 de
783 664 960 731 seipso
995 662 1102 716 ait:
1141 680 1160 714 ‹
1194 662 1307 727 Ego
1364 676 1482 715 sum
1543 657 1823 713 veritas”.
1860 676 1878 707 ι

322 754 376 807 Si
405 770 533 823 ergo
566 755 749 808 ﬁctilia
792 754 846 807 in
868 756 981 823 ipso
1004 754 1113 808 vita
1135 762 1237 816 est,
1276 769 1379 806 non
1412 762 1593 806 autem
1620 751 1885 805 essentia-

320 847 444 899 liter
474 860 538 899 ac
570 861 715 912 vere,
744 861 850 913 quo
880 855 1038 914 pacto
1069 861 1173 899 non
1205 845 1496 898 mentietur
1523 844 1713 897 dicens
1743 842 1889 908 seip-

317 950 437 988 sum
468 949 588 989 esse
620 935 946 989 veritatem?
974 935 1135 1002 Atqui
1201 950 1305 989 non
1335 932 1631 987 mentitur:
1663 932 1885 998 impium

316 1026 457 1080 enim
480 1027 580 1080 hoc
610 1027 693 1079 vel
722 1027 833 1081 sola
866 1028 1199 1097 cogitatione
1233 1024 1395 1080 fuerit
1431 1041 1443 1077 :
1479 1023 1678 1079 veritas
1706 1033 1885 1077 autem

315 1128 416 1170 est.
443 1115 581 1173 Vere
616 1119 778 1186 igitur
805 1118 913 1173 vita
946 1127 1049 1173 est.

893 1318 1048 1392 ηε
1083 1318 1314 1374 ALIUD.

383 1431 439 1485 Si
474 1432 662 1488 notitia
700 1431 881 1487 Patris
906 1433 1143 1488 viviﬁcat
1196 1448 1291 1488 eos
1328 1434 1418 1502 qui
1456 1433 1600 1487 illam
1654 1435 1877 1497 habent,

313 1526 551 1581 vivilicat
581 1541 707 1580 vero
737 1525 984 1580 similiter
1009 1526 1170 1579 etiam
1203 1525 1390 1579 notitia
1452 1524 1571 1577 Filii
1610 1544 1621 1577 :
1658 1541 1764 1593 quo
1792 1542 1887 1594 pa-

315 1627 402 1671 cto
428 1634 531 1672 nou
565 1616 728 1671 luerit
753 1614 1076 1670 naturaliter
1099 1616 1261 1680 idem,
1282 1616 1371 1684 qui
1427 1614 1605 1671 Patris
1636 1617 1884 1686 proprie-

316 1720 451 1762 tates
477 1708 612 1764 adeo
641 1709 968 1765 excellentes
997 1708 1157 1763 habet
1185 1708 1237 1762 in
1262 1722 1319 1762 se
1388 1718 1550 1778 atque
1598 1710 1715 1778 ipse
1779 1708 1884 1762 Pa-

316 1802 435 1855 ter?

486 1915 717 1979 ALIUD,
756 1933 847 1986 per
881 1916 1235 1971 reductionem
1299 1918 1368 1970 ad
1395 1917 1704 1975 absurdum.

390 2047 409 2079 ι
439 2028 901 2096 Quemadmodum
933 2029 1095 2083 Pater
1116 2071 1130 2095 ,
1166 2028 1339 2098 inquit
1388 2030 1689 2100 Scriptura,
1724 1999 1915 2087 habet.

316 2122 478 2175 vitam
517 2122 567 2175 in
598 2122 799 2190 seipse,
838 2122 909 2175 ita
941 2104 995 2175 et
1032 2120 1169 2175 Filio
1207 2122 1355 2175 dedit
1390 2121 1588 2176 habere
1642 2122 1806 2176 vitam
1835 2127 1885 2177 in

321 2212 519 2279 seipse.
563 2229 581 2263 ι
620 2209 719 2265 Hic
761 2211 850 2278 qui
903 2218 1049 2265 recte
1095 2210 1297 2265 sentire
1346 2211 1571 2275 nolunt,
1614 2226 1887 2266 summum

319 2303 668 2370 blasphemia
699 2300 993 2371 periculum
1035 2302 1335 2355 incurrunt.
1367 2301 1496 2354 Nam
1530 2302 1573 2356 si
1606 2301 1765 2355 Pater
1807 2303 1889 2354 di-

320 2397 461 2451 citur
495 2397 696 2450 habere
734 2394 786 2447 in
824 2395 1003 2463 seipso
1027 2394 1215 2458 vitam,
1249 2394 1519 2448 diversum
1585 2395 1712 2462 quid
1740 2405 1825 2449 est
1858 2410 1886 2446 a

316 2491 424 2543 vita
456 2505 575 2559 quae
618 2490 671 2543 in
720 2504 779 2543 se
832 2496 937 2542 est.
1008 2487 1064 2541 Si
1120 2499 1297 2541 autem
1364 2489 1464 2542 hoc
1518 2488 1885 2557 duplicitatem

321 2584 602 2651 quamdam
638 2592 694 2635 et
725 2582 1167 2647 compositionem
1223 2580 1427 2634 inferre
1475 2581 1725 2643 videtur,
1780 2597 1888 2651 quo

316 2685 469 2743 pacto
494 2674 656 2742 igitur
708 2674 934 2740 simplex
963 2684 1018 2727 et
1070 2689 1175 2727 non
1229 2674 1560 2741 compositus
1590 2673 1885 2728 secundum

316 2767 607 2820 essentiam
641 2774 723 2820 est
751 2765 929 2819 Deus?
961 2766 1065 2820 Sed
1124 2767 1225 2820 hoc
1282 2766 1581 2821 absurdum
1615 2775 1723 2820 est.
1760 2765 1886 2819 Vita

318 2859 482 2925 igitur
504 2873 664 2926 quam
707 2856 869 2911 habet
907 2856 1065 2909 Pater
1100 2857 1151 2909 in
1184 2855 1381 2925 seipso,
1416 2870 1522 2911 non
1583 2864 1666 2910 est
1698 2855 1802 2909 alia
1836 2866 1890 2910 et

317 2950 526 3000 diversa
557 2946 799 3014 quaedam
824 2962 853 2999 a
886 2944 1059 3000 Filio:
1088 2957 1142 3000 et
1184 2948 1449 3011 vicissim,
1499 2947 1606 3000 vita
1657 2962 1779 3016 quae
1832 2947 1884 3001 in

319 3040 452 3093 Filio
504 3048 586 3093 est
617 3054 721 3093 non
758 3049 863 3103 est,
915 3039 1126 3094 diversa
1176 3055 1204 3092 a
1242 3040 1424 3105 Patre,
1456 3049 1511 3094 et
1552 3055 1679 3095 vere
1714 3041 1884 3096 dicit:

321 3148 339 3180 ι
384 3130 494 3198 Ego
529 3130 579 3183 in
605 3128 788 3195 Patre,
807 3138 861 3183 et
898 3126 1058 3182 Pater
1087 3130 1138 3181 in
1169 3145 1252 3184 me
1274 3130 1339 3184 ⁸⁸.
1376 3148 1395 3181 ι

1003 3242 1232 3300 ALIUD.

387 3354 516 3420 Qum
546 3357 651 3411 Deo
682 3370 743 3409 ac
767 3354 913 3409 Patri
935 3356 1139 3421 insunt,
1164 3359 1440 3413 naturales
1486 3369 1541 3413 et
1572 3363 1887 3417 essentiales

317 3448 672 3516 proprietates
710 3463 909 3503 vocans
944 3447 1161 3513 Paulus,
1199 3450 1395 3503 alicubi
1446 3451 1517 3505 ita
1550 3453 1626 3505 ait
1660 3471 1671 3506 :
1711 3472 1729 3503 ‹
1786 3454 1886 3517 Qui

316 3541 462 3595 solus
501 3539 661 3595 habet
696 3542 1156 3597 immortalitatem
1191 3544 1258 3599 ⁸³.
1289 3565 1306 3596 ι
1337 3544 1390 3598 Si
1451 3561 1579 3599 vero
1613 3548 1884 3615 quispiam

315 3636 500 3687 dicens
528 3634 1010 3700 immortalitatem,
1039 3636 1171 3690 nihil
1211 3638 1350 3689 aliud
1374 3652 1469 3706 per
1515 3638 1565 3692 id
1626 3639 1889 3708 intelligat

314 3742 473 3793 quam
514 3727 697 3788 vitam,
722 3728 826 3779 vita
858 3738 1035 3781 autem
1057 3738 1140 3782 est
1168 3728 1337 3783 Filius
1369 3731 1554 3784 dicens
1589 3746 1601 3781 :
1633 3731 1743 3801 Ego
1768 3748 1886 3783 sum

314 3820 421 3872 vita
443 3820 525 3885 3‘;
556 3834 686 3887 ergo
702 3819 1041 3874 Paterhabet
1074 3822 1126 3873 in
1156 3821 1333 3888 seipso
1384 3821 1573 3885 vitam,
1629 3824 1886 3877 nimirum

316 3910 509 3965 Filium
540 3930 552 3965 :
589 3926 761 3980 neque
797 3911 1065 3966 diversum
1098 3914 1224 3981 quid
1258 3929 1287 3966 a
1327 3928 1405 3967 se.
1439 3913 1558 3982 Ipse
1610 3915 1770 3969 etiam
1817 3915 1889 3969 si-

315 4003 511 4057 militer
542 4004 809 4057 exsistens
833 4004 962 4071 vita,
993 4003 1139 4057 dedit
1169 4007 1404 4073 seipsum
1435 4004 1601 4065 Filio;
1636 4022 1741 4060 non
1761 4016 1884 4060 tan-

314 4110 476 4162 quam
520 4110 717 4163 corpus
752 4096 965 4164 corpori
993 4098 1359 4164 committens,
1402 4113 1577 4167 neque
1632 4108 1888 4167 tanquam

314 4186 511 4241 cedens
540 4185 676 4241 Filio
696 4202 848 4241 suam
876 4189 1289 4258 hypostasim,et
1311 4191 1569 4258 deinceps
1586 4206 1705 4246 esse
1728 4208 1887 4247 suum

314 4280 367 4332 in
393 4278 528 4332 Filio
557 4280 800 4345 habens;
841 4282 933 4335 sed
975 4281 1246 4336 exsisteus
1292 4282 1342 4334 id
1372 4283 1513 4350 quod
1541 4298 1755 4352 semper
1807 4292 1890 4338 est

312 4371 476 4427 Pater
508 4389 571 4427 ac
613 4371 772 4427 Deus.
800 4374 1057 4427 Essentia:
1087 4389 1215 4427 vero
1251 4375 1556 4443 identitate,
1601 4386 1654 4430 et
1680 4386 1887 4431 uatum
1919 4394 1964 4448 ι)

315 4468 520 4519 unitate
544 4464 887 4522 inellabiliter
918 4482 1041 4522 cum
1071 4468 1246 4523 Verbo
1269 4470 1413 4537 quod
1438 4485 1504 4525 ex
1534 4484 1591 4525 se
1621 4470 1889 4539 processit

314 4558 616 4623 copulatus.

982 4669 1217 4726 ALIUD.

385 4782 729 4851 Qnmcunque
758 4783 1079 4838 naturaliter
1100 4800 1163 4839 ac
1191 4785 1558 4841 essentialiter
1601 4786 1749 4841 Patri
1807 4788 1885 4841 in-

313 4892 432 4928 ease
463 4875 739 4939 dicuntur,
771 4875 859 4928 illa
881 4877 1060 4930 omnia
1092 4883 1177 4931 est
1196 4875 1382 4933 Filius.
1421 4878 1582 4934 Solus
1608 4879 1767 4933 Pater
1796 4894 1888 4934 ve-

316 4986 407 5021 rus
456 4969 595 5022 Deus
624 4977 728 5033 est,
783 4970 908 5036 quia
929 4970 1075 5024 solus
1114 4971 1278 5025 habet
1319 4971 1513 5026 Filium
1564 4972 1833 5026 dicentem
1870 4990 1884 5025 :

313 5061 423 5128 Ego
452 5076 568 5113 sum
604 5060 806 5114 veritas
836 5060 902 5112 ⁸⁷.
956 5060 1184 5129 Sapiens
1244 5077 1308 5115 ac
1354 5073 1547 5130 potens
1592 5063 1843 5117 similiter
1871 5101 1885 5127 ,

313 5154 435 5215 quia
462 5150 710 5205 Christus
743 5152 833 5205 Dei
868 5154 1133 5220 patentia,
1161 5164 1216 5206 et
1268 5152 1360 5208 Dei
1400 5154 1686 5221 sapientia.
1727 5152 1887 5208 Solus

313 5246 509 5297 dicitur
538 5245 838 5299 inhabitare
883 5244 1056 5298 lucem
1114 5246 1542 5300 inaccessibilem
1601 5246 1685 5301 ⁸⁸;
1728 5247 1890 5300 habet

312 5338 458 5388 cuitu
488 5335 540 5391 in
571 5336 750 5402 seipso
780 5335 1091 5391 dicentem:
1129 5336 1239 5407 Ego
1280 5352 1397 5391 sum
1445 5337 1555 5391 lux.
1598 5338 1756 5391 Solus
1792 5339 1891 5392 im-

317 5425 701 5480 mortalitatem
726 5426 927 5481 habere
956 5428 1176 5494 dicitur,
1204 5429 1328 5497 quia
1357 5430 1515 5483 habet
1537 5431 1587 5483 in
1606 5445 1667 5484 se
1692 5429 1887 5483 Filium

314 5516 583 5570 dicentem
616 5536 628 5571 :
666 5516 776 5588 Ego
804 5534 923 5573 sum
949 5521 1082 5576 vita.
1138 5519 1196 5573 Si
1254 5535 1381 5592 ergo
1424 5522 1683 5591 quidquid
1740 5520 1891 5574 Patri

316 5609 592 5680 proprium
626 5620 731 5676 est,
762 5612 863 5668 hoc
904 5613 1080 5684 ipsum
1129 5622 1214 5667 est
1242 5612 1442 5671 Filius:
1467 5630 1590 5670 cum
1618 5613 1780 5667 Pater
1812 5613 1892 5667 di—

388 5785 613 5845 “Joau.
646 5804 757 5858 xiv,
786 5792 839 5845 6.
917 5792 960 5825 “
1013 5792 1141 5849 ibid.
1184 5793 1267 5847 lO.

1340 337 1398 393 S.
1439 336 1714 392 CYRILLI
1753 329 2222 389 ALEXANDRINI
2257 326 2572 383 AllCHlEP.

1913 456 1961 513 Α.

1360 5794 1403 5825 ⁸⁸
1430 5793 1445 5848 l
1470 5791 1704 5847 Timotlt.
1742 5808 1814 5846 Vl.
1863 5790 1943 5846 l6.

3455 318 3562 373 244

2670 462 2874 545 ΑΛΛΟ..

2057 582 2339 653 Πανταχοῦ
2370 583 2461 635 τὸν
2494 580 2619 633 Υἱὺν
2649 580 2705 632 αἱ
2735 577 2874 631 θεῖαι
2897 572 3112 644 I‘patpa‘t
3130 568 3385 624 καλοῦσιν
3414 566 3564 635 Ἀλήσ

1990 676 2161 738 θειαν,
2185 676 2279 728 καὶ
2312 672 2473 734 αὐτὸς
2501 671 2556 723 δὲ
2587 669 2712 740 περὶ
2736 664 2929 720 ἑαυτοῦ
2953 664 3109 716 τοῦτό
3137 679 3299 731 φησιν
3319 676 3332 689 ·
3360 678 3378 711 ι
3422 657 3563 725 Ἑγὼ

1989 768 2124 835 εἰμι,
2152 765 2344 833 λέγων,
2384 764 2416 833 ή
2444 760 2688 831 ἀλήθεια.
2734 778 2751 809 ι
2792 757 2855 810 El
2894 754 3072 808 τοίνυν
3100 752 3483 822 διεψευσμένον
3504 751 3562 801 ἐν

1988 857 2136 928 αὐτῷ
2168 857 2228 909 τὸ
2261 856 2361 926 τῆς
2410 853 2556 923 ζωῆς
2586 854 2836 923 πρᾶγμα,
2876 850 2971 901 καὶ
3000 848 3099 900 οὐκ
3140 845 3415 909 οὐσιῶδες,
3440 844 3563 896 οὐδὲ

1988 949 2262 1018 ἀληθινὸν,
2298 948 2415 1009 πῶς
2447 947 2506 999 ού
2541 944 2803 1014 ψεύσεται
2848 941 3023 1009 λέγων
3066 939 3259 991 ἑαυτὸν
3304 934 3563 1005 εἶναιτὴν

1989 1040 2277 1111 ἀλήθειαν;
2325 1037 2485 1091 Ἀλλὰ
2525 1038 2630 1107 μὴν
2659 1036 2719 1088 ού
2763 1033 3016 1103 ψεύδεται
3042 1049 3054 1060 ·
3087 1030 3247 1083 τοῦτο
3294 1030 3402 1099 γὰρ
3435 1028 3564 1081 ἁσεα

1990 1131 2081 1194 6ὲς
2126 1131 2219 1185 καὶ
2261 1129 2420 1200 μόνον
2472 1129 2704 1181 ἐννοεῖν·
2738 1122 2968 1192 ἀλήθεια
3011 1121 3067 1172 δέ
3113 1123 3281 1177 ἐστιν.
3314 1119 3427 1172 Ούκ
3454 1117 3563 1187 ἄρα

1987 1221 2370 1293 διεψευσμένον
2408 1220 2518 1290 ἔχει
2549 1219 2610 1271 τὸ
2651 1213 2791 1270 εἶναι
2821 1214 2958 1285 ζωή.

2670 1328 2872 1380 ΑΛΛΟ.

2056 1446 2119 1501 El
2152 1446 2404 1510 ζωοποιεῖ
2428 1441 2523 1496 τοῦ
2551 1440 2763 1511 Πατρὸς
2790 1441 2823 1509 ὴ
2847 1439 3046 1506 γνῶσις
3066 1437 3191 1498 τοὺς
3220 1434 3441 1505 ἔχοντας
3468 1430 3567 1485 αύ-

1985 1540 2104 1610 τὴν,
2153 1538 2407 1603 ζωοποιεῖ
2446 1537 2503 1590 δὲ
2542 1535 2744 1606 ὁμοίως
2779 1532 2875 1586 καὶ
2913 1534 2946 1601 ἡ
2992 1528 3086 1583 τοῦ
3124 1527 3277 1593 Υἱοῦ,
3320 1525 3436 1589 πῶς
3463 1525 3567 1577 οὐκ

1985 1630 2137 1682 ἔσται
2175 1628 2293 1680 κατ’
2321 1626 2509 1679 οὐσίαν
2531 1626 2559 1676 6
2582 1622 2764 1685 αὐτὸς,
2794 1624 2822 1674 6
2857 1622 2975 1683 ταῖς
3002 1619 3095 1673 τοῦ
3122 1616 3338 1688 Πατρὸς
3374 1616 3567 1683 ἰδιότη-

1987 1738 2069 1774 σιν
2102 1719 2243 1773 οὕτω
2281 1714 2619 1787 διαπρέπων,
2649 1712 2725 1776 ὡς
2758 1712 2823 1765 ἂν
2865 1710 2914 1762 εἰ
2950 1709 3043 1763 καὶ
3088 1707 3248 1770 αὐτὸς
3278 1708 3307 1759 6
3338 1706 3564 1776 Πατήρ;

2167 1921 2369 1985 ΑΛΛΟ,
2403 1918 2502 1972 διὰ
2530 1916 2639 1985 τῆς
2665 1916 2751 1981 εὶς
2789 1912 3017 1966 ἄτοπον
3044 1908 3387 1978 ἀπαγωγῆς.

2063 2059 2080 2090 ι
2106 2039 2320 2104 ’Ὠσπερ
2341 2036 2368 2086 6
2389 2032 2602 2103 Πατὴρ,
2627 2030 2811 2100 φησὶν,
2833 2027 2944 2098 ἔχει
2966 2024 3109 2096 ζωὴν
3126 2026 3183 2076 ὲν
3205 2021 3403 2093 ἐαυτῷ,
3424 2021 3568 2075 οὕτω

1988 2131 2083 2183 καὶ
2119 2127 2196 2198 τῷ
2226 2126 2339 2196 Υίῷ
2353 2126 2550 2177 δέδωκε
2578 2122 2722 2193 ζωὴν
2749 2119 2891 2190 ἔχειν
2916 2121 2974 2171 ὲν
3004 2115 3208 2187 ἑαυτῷ·
3247 2134 3264 2167 ι
3301 2114 3568 2167 Ἐνταῦθα

1987 2224 2097 2283 τοῖς
2131 2220 2231 2272 οὐκ
2284 2215 2526 2269 ἐθέλουσι
2575 2216 2713 2267 νοεῖν
2745 2210 2941 2279 ὀρθῶς,
2980 2210 3059 2272 εἰς
3113 2206 3313 2278 πολλὴν
3342 2209 3370 2260 6
3411 2206 3567 2275 λόγος

1989 2309 2321 2364 κινδυνεύσει
2357 2304 2671 2375 δυσφημίαν
2727 2303 2997 2355 ἐκπεσεῖν.
3054 2301 3117 2352 El
3158 2299 3268 2370 γὰρ
3312 2297 3455 2368 ἔχειν
3512 2300 3568 2350 ἐν

1990 2402 2168 2472 ἑαυτῷ
2205 2401 2421 2468 λέγεται
2452 2397 2597 2468 ζωὴν
2624 2399 2651 2449 ὁ
2683 2395 2893 2465 Πατὴρ,
2928 2392 3113 2461 ἕτερόν
3142 2391 3195 2443 τί
3226 2391 3375 2443 ἐστιν
3406 2391 3567 2454 αὐτὸς

1990 2495 2145 2567 παρὰ
2196 2493 2291 2563 τὴν
2324 2494 2381 2545 ὲν
2426 2490 2575 2559 αὐτῷ
2614 2489 2779 2559 ζωήν.
2836 2487 2898 2541 Εἰ
2928 2486 2985 2538 δὲ
3035 2484 3192 2538 τοῦτο
3244 2483 3437 2554 διπλόη
3482 2501 3567 2544 τις

1988 2589 2177 2657 ῶσπερ
2200 2586 2292 2639 καὶ
2321 2583 2567 2647 σύνθεσις
2608 2584 2735 2651 περὶ
2762 2578 2923 2633 αὑτὸν
2950 2576 3299 2648 νοηθήσεται,
3335 2576 3452 2638 πῶς
3472 2571 3567 2628 οὖν

1990 2680 2192 2743 ἁπλοῦς
2212 2679 2306 2733 καὶ
2333 2676 2581 2737 σύνθετος
2605 2674 2722 2727 κατ’
2752 2672 2937 2725 οὐσίαν
2966 2672 2993 2722 6
3021 2669 3186 2733 Θεός;
3226 2668 3384 2721 Ἀλλὰ
3408 2667 3566 2721 τοῦτο

1988 2775 2209 2829 ἄτοπον.
2253 2772 2317 2824 Ἠ
2340 2770 2450 2839 ζωὴ
2495 2770 2600 2841 ἄρα
2625 2769 2690 2837 ἢν
2731 2764 2844 2835 ἔχει
2876 2767 2903 2817 6
2934 2762 3123 2833 Πατὴρ
3152 2765 3209 2816 ὲν
3239 2762 3435 2832 ἑαυτῷ,
3468 2762 3565 2830 οὐχ

1990 2865 2151 2934 ἑτέρα
2174 2864 2257 2925 τίς
2286 2862 2405 2915 ἐστι
2455 2857 2608 2928 παρὰ
2635 2858 2725 2910 τὸν
2768 2856 2896 2909 Υἱόν
2915 2870 2927 2883 ·
2962 2856 3058 2908 καὶ
3091 2854 3254 2908 πάλιν
3284 2856 3317 2925 ἡ
3367 2856 3424 2906 ὲν
3451 2853 3565 2923 Υξῷ

1989 2953 2123 3024 ζωὴ,
2158 2954 2255 3022 οὺχ
2285 2951 2444 3019 ἑτέρα
2478 2949 2559 3009 τίς
2589 2950 2703 2999 ἐστι
2735 2944 2886 3014 παρὰ
2917 2942 3006 2996 τὸν
3039 2942 3280 3012 Πατέρα,
3314 2941 3408 2993 καὶ
3435 2938 3565 3005 ἀληο

1990 3046 2136 3098 θεύει
2163 3044 2332 3113 λέγων
2356 3059 2370 3071 ·
2405 3061 2423 3091 ‹
2468 3037 2609 3107 Ἐγὼ
2655 3038 2712 3091 ὲν
2760 3036 2833 3106 τῷ
2864 3033 3038 3105 Πατρὶ
3070 3034 3164 3087 καὶ
3206 3033 3235 3083 6
3275 3032 3462 3104 Πατὴρ
3510 3034 3565 3085 ἐν

1911 3143 1954 3201 C
1988 3137 2128 3209 ἐμοί.
2170 3155 2187 3185 ι

2676 3240 2878 3293 ΑΛΛΟ.

2059 3358 2139 3411 Τὰ
2174 3356 2443 3428 προσόντα
2468 3353 2543 3424 τῷ
2571 3353 2687 3424 Θεῴ
2714 3354 2806 3406 καὶ
2830 3352 3003 3423 Πατρὶ
3025 3352 3230 3420 φυσικά
3264 3370 3323 3405 τε
3357 3352 3449 3405 καὶ
3476 3352 3563 3404 ού-

1991 3453 2152 3521 σιώδη
2181 3452 2350 3518 λέγων
2404 3447 2688 3516 ἰδιώματα,
2732 3445 2865 3516 φησί
2900 3462 3001 3497 που
3036 3444 3277 3507 Παῦλος·
3313 3465 3331 3495 ι
3383 3444 3439 3498 '0
3471 3445 3563 3513 μὸο

1990 3563 2078 3608 νος
2108 3544 2246 3614 ἔχων
2303 3540 2618 3595 ἀθανασίαν.
2669 3558 2687 3590 ι
2734 3538 2797 3590 Εἰ
2844 3537 3023 3589 τοίνυν
3053 3536 3205 3589 οὐδὲν
3257 3536 3444 3606 ἔτερόν
3482 3552 3565 3598 τις

1988 3637 2212 3706 ὁριεῖται
2246 3634 2419 3700 λέγων
2452 3631 2550 3699 τὴν
2577 3629 2877 3683 ἀθανασίαν
2912 3628 3063 3698 παρὰ
3090 3627 3189 3699 τὴν
3228 3627 3393 3698 ζωὴν,
3429 3626 3565 3697 αὕτη

1989 3728 2045 3780 δέ
2077 3729 2224 3779 ἐστιν
2268 3728 2293 3778 6
2333 3724 2461 3787 Υἱὸς
2497 3726 2524 3776 6
2558 3722 2764 3787 λέγων·
2832 3720 2972 3789 Ἐγώ
2994 3723 3107 3790 εἰμι
3143 3722 3175 3789 ἡ
3205 3718 3341 3789 ζωὴ,
3393 3719 3421 3769 6
3454 3720 3562 3771 Πα-

1990 3820 2093 3890 τὴρ
2123 3818 2235 3888 ἔχει
2270 3816 2413 3888 ζωὴν
2439 3818 2494 3868 ἐν
2536 3812 2732 3883 ἐαυτῷ,
2761 3813 2852 3866 τὸν
2890 3812 3015 3865 Υίὸν
3048 3811 3312 3882 δηλονότι,
3348 3811 3442 3864 καὶ
3470 3813 3564 3879 σύγ

1990 3911 2174 3981 ἕτερόν
2200 3928 2251 3962 τι
2274 3908 2403 3979 παρ’
2431 3906 2614 3961 αὐτόν.
2647 3906 2818 3967 Αὐτός
2841 3922 2900 3957 τε
2921 3905 3121 3975 ὁμοίως
3142 3905 3400 3974 ὑπάρχων
3432 3903 3564 3973 ζωὴ,

1991 4000 2219 4053 δέδωκεν
2250 3997 2440 4051 ἑαυτὸν
2471 3995 2549 4066 τῷ
2584 3994 2697 4063 Υἰῷ
2721 4012 2733 4023 ·
2777 3995 2876 4063 οὐχ
2905 3994 2979 4056 ὡς
3013 3993 3169 4063 σῶμα
3214 3995 3471 4063 χωρήσας
3513 3994 3565 4044 ἐν

1994 4091 2226 4161 σώματι,
2249 4090 2355 4143 οὐδ’
2378 4089 2452 4152 ὡς
2478 4088 2557 4159 τῷ
2582 4089 2695 4157 Υἰῳ
2721 4087 3132 4157 παραχωρήσας
3153 4086 3251 4157 τὴν
3282 4086 3417 4138 ἰδίαν
3447 4087 3565 4139 ὑπό

1995 4200 2203 4248 στασιν,
2235 4183 2327 4236 καὶ
2351 4184 2409 4234 ἐν
2432 4180 2581 4250 αὐτῷ
2601 4180 2782 4233 λοιπὸν
2800 4178 2860 4229 τὸ
2884 4176 3023 4231 εἶναι
3046 4178 3185 4248 ἔχων
3210 4195 3221 4208 '
3254 4179 3368 4232 ἀλλ’
3394 4179 3562 4248 ὑπάρ-

1992 4294 2101 4347 χων
2133 4276 2231 4345 μὲν
2268 4274 2413 4329 τοῦθ’
2445 4276 2581 4345 ὅπερ
2615 4275 2762 4327 ἐστὶν
2807 4275 2895 4326 ἀεὶ
2941 4273 3129 4345 Πατὴρ
3176 4274 3269 4326 καὶ
3300 4273 3452 4336 Θεός.
3490 4274 3566 4343 Τῇ

1991 4369 2047 4421 δὲ
2075 4368 2175 4438 τῆς
2207 4368 2395 4431 οὐσίας
2422 4368 2711 4437 ταυτότητι
2745 4367 2837 4418 καὶ
2883 4369 2947 4436 τῇ
2985 4366 3080 4435 τῆς
3110 4366 3325 4435 φύσεως
3360 4366 3564 4433 ἑνότητι

1993 4462 2128 4532 πρὸς
2163 4461 2251 4512 τὸν
2274 4460 2331 4526 ἐξ
2355 4459 2517 4514 αὑτοῦ
2543 4461 2872 4532 προελθόντα
2890 4459 3061 4527 Λόγον
3089 4459 3416 4529 ἀπορρήτως
3444 4475 3564 4511 συν-

1991 4554 2079 4607 δού
2090 4573 2266 4625 μενος.

2686 4670 2890 4723 ΑΛΛΟ.

2063 4786 2204 4836 Ὅσα
2247 4787 2523 4856 προσεῖναι
2555 4784 2772 4851 λέγεται
2796 4782 2874 4853 τῷ
2920 4782 3072 4852 ,ατρὶ
3102 4780 3349 4850 φυσικῶς
3385 4796 3445 4831 τε
3477 4782 3565 4832 καῖ

1993 4877 2285 4939 οὑσιωδῶς,
2314 4877 2485 4929 ταῦτα
2513 4877 2689 4930 πάντα
2717 4877 2862 4928 ἐστὶν
2890 4877 2918 4928 6
2943 4875 3089 4937 Υἱός.
3116 4874 3293 4936 Μόνος
3321 4872 3565 4943 ἀληθινὸς

1993 4970 2209 5038 λέγεται
2242 4968 2372 5033 Θεὸς
2416 4971 2444 5021 6
2479 4969 2690 5039 Πατὴρ,
2737 4966 2926 5038 ἐπειδὴ
2975 4966 3132 5035 μόνος
3167 4965 3279 5034 ἔχει
3322 4964 3415 5017 τὸν
3443 4964 3560 5016 Tibi

1995 5065 2086 5117 τὸν
2146 5063 2403 5130 λέγοντα·
2482 5061 2624 5128 Ἐγώ
2673 5062 2788 5131 εἰμι
2832 5061 2865 5129 ἡ
2940 5056 3189 5128 ἀλήθεια.
3253 5056 3425 5125 Σοφδς
3477 5057 3567 5108 κατ

1994 5154 2217 5217 δυνατὸς
2233 5153 2449 5222 ὁμοίιος.
2468 5152 2590 5204 ἐπεὶ
2616 5150 2846 5219 Χριστὸς
2874 5147 3011 5201 Θεοῦ
3037 5146 3289 5216 δύναμις,
3320 5146 3413 5197 καὶ
3438 5144 3571 5197 Θεοῦ

1994 5246 2172 5315 σοφία.
2210 5245 2383 5305 Μόνος
2430 5244 2649 5311 λέγεται
2688 5245 2804 5309 φῶς
2855 5241 3023 5292 οἰκεῖν
3079 5236 3410 5306 ἀπρόσιτον·
3463 5235 3571 5305 ἔχει

1992 5337 2099 5408 γὰρ
2122 5339 2178 5389 ἐν
2218 5335 2393 5405 ἐαυτῷ
2419 5336 2509 5387 τὸν
2539 5334 2763 5402 λέγοντα
2784 5347 2796 5360 ·
2832 5328 2973 5398 Ἐγώ
3000 5330 3115 5399 εἰμι
3148 5328 3208 5380 τὸ
3242 5327 3379 5395 φῶς.
3402 5328 3572 5388 Μόνος

1993 5429 2136 5498 ἔχειν
2170 5428 2467 5482 ἀθανασίαν
2511 5426 2751 5493 λέγεται·
2775 5424 2884 5493 ἔχει
2925 5421 3034 5491 γὰρ
3068 5422 3125 5472 ὲν
3158 5418 3336 5487 ἑαυτῷ
3361 5417 3456 5470 τόν
3488 5417 3548 5469 λὲ
3596 5435 3605 5456 ε

1994 5538 2159 5589 γοντα
2194 5521 2315 5572 Υἱόν
2337 5536 2349 5548 ·
2400 5518 2540 5587 Ἐγώ
2562 5520 2676 5587 εἰμι
2711 5518 2743 5587 ἠ
2774 5515 2907 5586 ζωή.
2941 5515 3003 5566 El
3044 5511 3224 5565 τοίνυν
3264 5510 3491 5579 σύμπαν
3518 5508 3605 5560 τὶ’

1994 5614 2087 5667 τοῦ
2118 5613 2329 5685 Πατρός
2358 5613 2511 5674 ἴδιον,
2546 5610 2705 5663 τοῦτό
2747 5609 2894 5661 ἐστιν
2927 5608 2956 5659 6
2985 5604 3135 5671 Υἱὸς,
3168 5603 3305 5656 ὅταν
3349 5601 3573 5670 λέγηται

2042 5792 2085 5819 “"
2112 5790 2263 5846 louu.
2304 5806 2411 5852 xlv,
2449 5790 2498 5842 (ἰ.
2579 5789 2620 5819 ³⁷
2654 5787 2781 5841 lhid.
2865 5787 2907 5815 “"
2939 5785 2956 5836 l
2992 5780 3231 5838 Timolh.
3265 5795 3340 5845 VI,
3378 5778 3467 5834 l6.
