3882 6210
194 357 300 412 245

1607 342 2048 406 THESAURUS.

3348 337 3453 393 2&6

194 477 337 548 ζωὴν
364 476 508 547 ἔχειν
530 477 558 530 6
579 476 769 548 Πατὴρ
796 480 853 531 ἐν
875 477 1074 548 ἐαυτῷ,
1097 478 1187 532 τὸν
1216 477 1343 530 Υἱὸν
1376 476 1651 547 σημαίνει,
1677 471 1770 526 καὶ

1902 476 2028 520 ηοιοι·
2053 462 2258 519 habere
2284 462 2452 516 vitam
2476 459 2526 514 in
2556 459 2756 529 seipso,
2790 459 2982 514 Filium
3032 459 3321 526 Signiﬁcat,
3344 475 3486 543 non!

194 571 287 638 οὐχ
309 568 495 641 ἕτερόν
524 586 577 621 τι
608 570 736 638 παρ’
760 570 939 625 αὐτόν,
990 570 1282 641 ’Υπάρχων
1309 569 1366 621 δὲ
1402 569 1494 621 καὶ
1526 567 1687 630 αὐτὸς
1716 567 1773 618 ἐν

196 659 310 730 Υἰῷ
330 663 472 715 κατὰ
492 663 553 714 τὸ
578 663 675 731 τῆς
697 662 885 725 οὐσίας
907 662 1345 734 ἀπαράλλακτον.
1378 662 1472 714 καὶ
1492 658 1606 731 ζωὴ
1632 661 1773 714 κατὰ

197 753 356 819 φύσιν
384 752 481 820 ὢν,
513 752 745 807 δέδωκεν
776 754 967 807 ἑαυτὸν
990 753 1157 824 αὐτῷ.

882 957 1082 1010 ΑΛΛΟ.

267 1068 388 1139 Ζωὴ
421 1068 563 1122 κατὰ
595 1069 756 1136 φύσιν
804 1071 1067 1141 ὑπάρχων
1100 1074 1128 1124 ὁ
1158 1072 1307 1135 Υἱὸς,
1343 1070 1589 1141 δέχεσθαι
1623 1070 1776 1141 παρὰ

198 1158 292 1211 τοῦ
347 1161 560 1231 ﬂat-.526;
612 1162 817 1233 ταύτην
866 1166 1052 1233 φησιν,
1092 1165 1190 1234 οὐχ
1327 1164 1497 1232 Λόγος
1542 1165 1690 1216 ἐστὶν
1739 1164 1771 1233 ἢ

196 1251 540 1321 ἀπαύγασμα
568 1254 813 1321 φυσικῶς
854 1255 965 1326 ἔχει
992 1258 1061 1310 τὰ
1101 1257 1194 1309 τοῦ
1231 1258 1442 1327 Πατρὸς
1468 1257 1595 1319 ἴδια,
1639 1256 1778 1310 ἀλλὰ

201 1342 339 1395 καθὸ
370 1344 591 1411 γέγονεν
636 1345 942 1413 ἄνθρωπος,
972 1341 1017 1416 ᾧ
1060 1349 1240 1401 πάντα
1283 1348 1557 1403 θεόσδοτα.
1591 1351 1777 1402 Κατα-

201 1429 390 1505 ὁτὴσει
428 1436 485 1489 δὲ
520 1436 675 1490 τοῦτο
705 1440 876 1507 σαφὲς
914 1441 970 1494 ἐν
1011 1444 1124 1505 τοῖς
1157 1441 1377 1511 ἐφεξῆς,
1408 1441 1503 1494 τοῦ
1531 1442 1776 1495 δεδόσθαι

198 1525 298 1596 τὴν
328 1528 506 1580 αἰτίαν
539 1526 924 1599 ἐξηγούμενος.
970 1531 1250 1596 Ἐξουσίαν
1276 1532 1406 1603 γὰρ,
1434 1532 1618 1602 φησὶν,
1643 1532 1786 1584 ἔδω-ς

199 1635 295 1671 κεν
331 1618 481 1688 αὐτῷ
508 1619 690 1689 κρίσιν
712 1624 906 1687 ποιεῖν,
930 1624 1011 1676 ὅτι
1043 1624 1169 1688 Υἱὸς
1194 1623 1482 1695 ἀνθρώπου
1509 1625 1674 1679 ἐστίν.
1712 1627 1776 1677 Εἰ

197 1710 253 1762 δὲ
297 1710 595 1782 ἐπειδήπερ
629 1713 752 1776 Υἱὸς
785 1714 1074 1785 ἀνθρώπου
1120 1716 1260 1780 ἐστὶ,
1292 1715 1390 1788 τὴν
1418 1717 1511 1770 ἐπὶ
1549 1715 1629 1787 τῷ
1657 1718 1777 1786 κρί-

1875 557 2078 627 aliquid
2126 570 2157 609 a
2233 567 2291 609 se
2334 554 2631 609 diversum.
2723 551 3006 606 Exsistcns
3089 566 3219 606 vero
3287 552 3453 605 etiam

1876 651 1989 718 ipse
2040 648 2093 701 in
2140 645 2275 699 Filio
2324 652 2542 714 propter
2601 644 2980 698 omnimodam
3064 642 3314 698 essentia:
3376 644 3454 697 si-

1876 738 2254 801 militudinem,
2282 751 2403 791 cum
2428 736 2594 789 etiam
2654 736 2979 788 naturaliter
3023 734 3094 788 sit
3141 735 3273 801 vita,
3306 734 3456 788 dedit

1877 831 1950 884 illi
1973 830 2229 899 seipsum.

2467 937 2627 1010 ιω
2650 936 2877 994 ALIUD.

1943 1054 2114 1109 Filius
2149 1055 2256 1109 vita
2296 1056 2616 1110 naturaliter
2645 1056 2937 1114 exsisteus,
2969 1067 3088 1107 eam
3123 1067 3181 1106 se
3216 1069 3242 1105 a
3292 1054 3457 1108 Patre

1878 1148 2124 1217 accipere
2154 1147 2305 1211 dicit,
2335 1164 2439 1201 non
2468 1156 2734 1216 quatenus
2770 1145 3009 1199 Verbum
3040 1154 3242 1209 est,ant
3269 1146 3449 1212 splen-

1876 1240 1976 1293 dor
2008 1240 2329 1295 naturaliter
2360 1239 2567 1294 habens
2612 1253 2734 1307 quae
2778 1237 2957 1291 Patris
3016 1238 3233 1305 propria
3287 1249 3411 1290 sunt
3440 1279 3457 1303 ,

1879 1331 1972 1385 sed
2000 1340 2268 1400 quatenus
2294 1331 2467 1385 factus
2499 1339 2582 1385 est
2612 1331 2795 1394 homo,
2820 1330 2906 1383 cui
2931 1331 3111 1383 omnia
3140 1346 3170 1382 a
3196 1331 3305 1385 Deo
3334 1330 3458 1383 data

1879 1436 2024 1481 sunt.
2057 1425 2210 1493 Quod
2240 1424 2417 1494 ipsum
2448 1423 2504 1479 in
2559 1423 2917 1493 sequentibus
2965 1433 3152 1491 aperte
3195 1422 3466 1488 declarat,

1880 1534 2101 1574 causam
2152 1534 2252 1573 cur
2287 1518 2411 1572 data
2465 1516 2536 1571 sit
2563 1516 2864 1587 explicans.
2898 1513 3233 1568 Potestatem
3288 1515 3473 1579 enim,.

1880 1611 2073 1679 inquit,
2103 1610 2250 1665 dedit
2270 1611 2320 1664 ei
2348 1609 2611 1675 judicium
2639 1608 2841 1670 facere,
2871 1608 2997 1677 quia
3032 1605 3201 1661 Filius
3224 1606 3462 1660 hominis

1879 1712 1961 1756 est
1984 1703 2048 1755 ⁸³.
2082 1700 2139 1755 Si
2172 1716 2301 1755 vero
2331 1701 2459 1770 quia
2508 1699 2679 1754 Filius
2720 1699 2959 1755 hominis
2987 1707 3089 1761 est,
3141 1708 3462 1768 potestatein

198 1820 309 1855 νειν
348 1802 595 1869 ἐξουσίαν
637 1807 915 1877 εἰληφέναι
959 1809 1196 1877 λέγεται.
1241 1810 1333 1862 τὸν
1372 1809 1533 1863 αὐτὸν
1579 1812 1781 1863 ἀνακυ-

1902 1793 2149 1846 udicandi
2171 1795 2446 1859 accepisse
2472 1793 2705 1855 dicitur,
2731 1793 2920 1846 eodem
2963 1791 3126 1845 modo
3162 1802 3471 1861 repetentes

198 1893 511 1959 κλώσαντες
554 1896 709 1966 λόγον
750 1898 1015 1969 ἐροῦμενο
1056 1899 1273 1971 Ἐπειδὴ
1324 1901 1451 1964 Υἱὸς
1490 1902 1789 1974 ἀνθρώπου,

196 1984 410 2053 γέγονε,
440 1986 539 2058 τὴν
570 1990 862 2060 ὁμοιότητα
886 1990 1121 2061 φορέσας
1156 1991 1262 2044 τῶν
1288 1992 1439 2063 παρὰ
1469 1993 1606 2046 Θεοῦ
1632 1994 1784 2065 δέχε-

200 2075 327 2128 σθαι
360 2076 429 2130 τὰ
464 2079 639 2133 πάντα
683 2083 1026 2149 πεφυκότων,
1074 2085 1167 2137 καὶ
1207 2083 1351 2154 ζωὴν
1384 2085 1663 2157 εἰληφέναι
1688 2086 1780 2138 λέ-

198 2181 375 2232 γεται,
419 2168 554 2239 μόνῃ
588 2170 679 2222 καὶ
708 2175 890 2241 γυμνῇ
925 2175 991 2243 τῇ
1028 2171 1149 2242 θείᾳ
1179 2171 1336 2239 φύσει
1362 2173 1565 2245 τηρῶν,
1598 2175 1693 2226 καὶ
1722 2172 1782 2225 τὸ

200 2259 439 2328 μετοχῆς
466 2277 610 2324 τινος
636 2263 985 2317 ἀνεπίδεκτον
1017 2264 1112 2318 καὶ
1136 2263 1197 2316 τὸ
1214 2263 1473 2318 δύνασθαι
1505 2268 1619 2328 τοῖς
1646 2266 1781 2318 πᾶσι

198 2350 267 2403 τὰ
298 2352 476 2406 πάντα
506 2356 761 2424 χορηγεῖν

688 2498 1055 2588 ΛΟΓΟΣ
1128 2494 1275 2588 ΙΕὲ

196 2651 305 2727 Εἰς
354 2650 419 2727 tt}
446 2653 516 2707 ἐν
560 2655 690 2727 ταῖς
734 2659 1102 2726 Παροιμίαις,
1143 2677 1161 2709 ‹
1203 2660 1420 2727 Κύριος
1465 2655 1668 2710 Extra-6
1710 2672 1787 2723 με

266 2723 471 2799 ᾀρχὴν
521 2724 677 2778 ὁδῶν
734 2723 929 2799 αὐτοῦ
957 2723 1235 2799 ειςίέργα
1288 2723 1499 2782 αὐτοῦ.
1537 2728 1666 2799 ’Ὁτι
1696 2727 1783 2789 τὸ,

269 2793 508 2868 έδξῖιβενν
542 2799 618 2868 7οὺ
649 2800 800 2851 κατὰ
828 2796 938 2866 τῆς
967 2793 1183 2863 οὗσίὰςῖ
1213 2800 1320 2854 τοῦ
1349 2800 1541 2868 Λόγου
1565 2796 1782 2852 κεῖταν

265 2862 417 2917 οὐδὲ
452 2867 675 2935 κτίσμα
712 2867 747 2937 ἢ
780 2862 1006 2939 ποίήμα
1043 2873 1076 2925 ὁ
1119 2862 1270 2934 Υἰός.

269 3037 343 3093 Ol
374 3039 474 3109 τῆς
517 3041 725 3113 Ἀρείου
755 3045 952 3114 μανίας
980 3046 1283 3117 προστάται
1311 3045 1408 3118 τὴν
1437 3046 1649 3100 ἑαυτῶν
1670 3047 1791 3100 ἀσέο

1885 1883 2187 1937 dicemus:
2225 1880 2362 1946 Quia
2385 1881 2555 1935 Filius
2579 1881 2812 1936 hominis
2865 1882 3040 1936 factus
3059 1890 3162 1945 est,
3205 1883 3463 1936 similitu-

1884 1974 2062 2028 dinem
2084 1987 2276 2041 gerens
2293 1988 2485 2027 eorum
2522 1974 2613 2042 qui
2655 1974 2917 2043 quidquid
2949 1974 3170 2037 habent,
3197 1989 3224 2025 a
3248 1975 3356 2029 Deo
3376 1992 3465 2028 ac-

1882 2066 2125 2133 cipiunt,
2160 2066 2328 2118 vitam
2364 2080 2584 2133 quoque
2643 2065 2926 2133 accepisse
2974 2065 3207 2131 dicitur;
3255 2067 3355 2120 soli
3402 2084 3467 2121 ac

1883 2157 2041 2211 nuda:
2065 2156 2260 2211 divina:
2278 2165 2486 2211 naturae
2521 2156 2571 2210 id
2597 2172 2901 2220 reservans,
2925 2158 3068 2226 quod
3095 2156 3296 2212 nullius
3339 2174 3466 2225 par-

1886 2248 2210 2316 ticipationis
2233 2262 2400 2318 capax
2436 2249 2527 2311 sit,
2552 2249 2806 2319 quodque
2840 2250 3021 2303 omnia
3074 2251 3327 2305 omnibus
3359 2252 3473 2306 lar-

1884 2340 2061 2407 giatur
2095 2350 2255 2409 atque
2274 2340 2602 2411 suppeditet.

2244 2494 2824 2587 ASSERTIO
2902 2501 3102 2589 XV.

1888 2645 2109 2699 Ini/Iud
2143 2647 2283 2716 quod
2319 2648 2371 2699 in
2396 2647 2528 2700 libro
2584 2646 2991 2702 Proverbiorum
3041 2652 3258 2713 dicitur,
3307 2672 3325 2701 ς
3363 2651 3477 2705 θοι

1957 2720 2128 2770 minus
2156 2720 2344 2771 creavit
2380 2734 2460 2769 me
2515 2720 2834 2784 principium
2886 2722 3092 2772 viarum
3157 2738 3373 2774 suarum
3412 2723 3471 2773 in

1958 2804 2115 2852 opera
2143 2804 2239 2841 sua
2260 2789 2326 2840 9°.
2364 2806 2381 2838 ι
2415 2786 2567 2851 Quod
2634 2789 2843 2841 verbum
2886 2789 3019 2841 illud
3043 2833 3055 2853 ,
3104 2794 3328 2853 creavit,
3366 2806 3472 2844 non

1961 2858 2025 2910 de
2048 2862 2267 2911 essentia
2314 2856 2470 2910 Verbi
2520 2859 2763 2923 dicatur;
2800 2861 3037 2929 quodque
3073 2859 3239 2915 Filius
3267 2878 3369 2915 non
3402 2865 3482 2914 si)

1960 2939 2204 2981 creatura
2239 2928 2315 2982 vel
2354 2944 2502 2995 opus.

1959 3042 2339 3112 Quiinsaniam
2368 3042 2484 3096 Arii
2510 3051 2784 3098 sectantur
2818 3058 2882 3096 ac
2914 3052 3157 3109 tuentur,
3192 3045 3479 3100 verisimili

201 3131 363 3185 ϐειαν
404 3133 670 3199 πιθανοῖς,
704 3136 778 3200 ὡς
818 3137 1040 3199 οἴονται,
1076 3139 1510 3204 καλλωπίζοντες
1556 3142 1786 3211 ῥήμασι,

1902 3137 1945 3189 in
1980 3136 2212 3205 speciem
2247 3136 2495 3189 oratione
2520 3136 2855 3203 impietatem
2880 3150 3034 3190 suam
3063 3137 3337 3200 fucaules,
3393 3138 3479 3190 ita

199 3222 457 3291 λέγουσι·
501 3225 723 3296 Κτίσμα
752 3228 899 3281 ἐστὶν
932 3231 960 3282 6
994 3229 1138 3293 Υἱὸς,
1175 3230 1291 3284 ἀλλ’
1337 3231 1434 3300 οὐχ
1465 3231 1540 3295 ὡς
1577 3232 1635 3283 ἓν
1680 3232 1788 3285 τῶν

1902 3228 2077 3283 dicunt
2109 3244 2121 3279 :
2149 3225 2317 3283 Filius
2344 3238 2429 3281 est
2456 3238 2737 3291 creatura,
2796 3230 2890 3282 sed
2943 3245 3046 3283 non
3082 3239 3335 3299 tanquam
3368 3244 3483 3282 una

198 3315 525 3386 κτισμάτων
546 3333 560 3347 ’
595 3318 806 3392 ποίημά
836 3321 1004 3385 ἐστιν,
1036 3322 1151 3374 ἀλλ’
1178 3324 1276 3393 οὐχ
1305 3323 1380 3387 ὡς
1406 3323 1463 3375 ἓν
1499 3323 1605 3376 τῶν
1637 3340 1789 3393 ποιη-

206 3406 429 3477 μάτων·
472 3408 719 3479 γέννημά
759 3412 927 3478 ἐστιν,
968 3412 1083 3466 ἀλλ’
1124 3414 1225 3484 οὐχ
1252 3414 1328 3479 ὡς
1367 3414 1427 3469 ἓν
1451 3414 1563 3470 τῶν
1601 3432 1794 3485 γεννη-

207 3500 423 3569 μάτων.

402 3615 558 3682 Πρὸς
597 3616 783 3671 ταῦτα
812 3618 1025 3685 λύσεις
1056 3619 1280 3691 ἐφεξῆς
1306 3622 1598 3693 διάφοροι.

278 3727 347 3778 Εἰ
390 3726 601 3797 ποίημά
629 3727 779 3781 ἐστιν
812 3728 840 3781 6
872 3729 1017 3794 Υἱὸς,
1053 3731 1169 3796 πῶς
1198 3732 1296 3804 οὐχ
1325 3733 1382 3788 ἓν
1414 3735 1523 3789 τῶν
1555 3740 1794 3809 ποιημά-

204 3836 317 3872 των
340 3835 357 3877 :
382 3819 476 3871 καὶ
514 3820 563 3871 εἰ
604 3820 741 3883 ὅλως
775 3822 1000 3892 κτίσμα,
1046 3824 1161 3886 πῶς
1193 3824 1291 3895 οὐχ
1325 3825 1385 3878 ἒν
1409 3826 1517 3880 τῶν
1562 3830 1795 3900 κτισμά-

206 3927 361 3975 των;
398 3910 555 3964 Ἐστι
603 3912 710 3983 γὰρ
739 3912 896 3965 τοῦτο
940 3917 1155 3985 φρονεῖν
1193 3916 1551 3983 γελοιότατον.
1583 3921 1645 3972 Εἰ
1685 3920 1793 3992 γὰρ

206 4003 351 4065 ὅλως
389 4002 683 4072 κτίσμασιν
710 4005 743 4073 ἢ
778 4005 1077 4074 ποιήμασιν
1116 4007 1216 4059 οὐκ
1245 4007 1392 4061 ἐστιν
1420 4010 1734 4081 ἐναρίθμιος
1766 4016 1795 4066 6

208 4096 366 4159 Υἱὸς,
391 4094 515 4147 οὔτε
551 4096 755 4166 κτίσμα
787 4096 852 4149 ἂν
872 4100 955 4167 εἴη
986 4097 1109 4150 οὔτε
1140 4099 1372 4170 ποίημα.
1392 4102 1455 4155 Εἰ
1483 4102 1539 4154 δὲ
1571 4105 1794 4175 ἐκτίσθη

207 4188 335 4241 καθ’
368 4187 511 4257 ὑμᾶς
542 4187 633 4239 καὶ
668 4188 981 4259 πεποίηται,
1011 4188 1128 4251 πῶς
1155 4189 1257 4241 οὐκ
1284 4192 1597 4260 ἀναγκαίως
1632 4193 1707 4258 ὠς
1735 4194 1794 4248 ἒν

206 4279 368 4333 ἔσται
399 4279 508 4333 τῶν
546 4279 854 4349 γενομένων
876 4296 890 4345 ;

906 4571 1109 4623 AAAO.

284 4688 453 4741 Φασὶν
480 4688 562 4741 δτι
590 4685 806 4756 ποίημά
825 4685 971 4736 ἐστιν
995 4687 1023 4738 6
1056 4685 1203 4752 Υἰὺς,
1230 4685 1345 4739 ἀλλ’
1373 4688 1471 4757 οὐχ
1495 4688 1570 4752 ὡς
1603 4690 1660 4742 ἓν
1686 4690 1796 4743 τῶν

213 4780 558 4852 ποιημάτων.
608 4779 719 4832 Καὶ
757 4776 1038 4846 νομίζουσι
1082 4776 1201 4847 μὲν,
1237 4778 1510 4851 ἐξαίρετόν
1559 4800 1682 4836 τινα
1708 4782 1797 4835 διὰ

213 4872 408 4927 τούτου
440 4872 734 4943 προσάγειν
761 4869 910 4940 αὐτῷ
932 4871 1031 4942 τὴν
1050 4871 1235 4941 τιμὴν,
1261 4873 1561 4945 ἐπειδήπερ
1586 4875 1798 4945 ποίημα

220 4964 321 5033 μὲν
348 4962 504 5029 εἶναι,
532 4966 591 5017 οὐ
617 4965 723 5035 μὴν
757 4965 832 5027 ὡς
861 4964 920 5016 ἓν
945 4981 997 5017 τι
1021 4964 1131 5016 τῶν
1163 4965 1483 5035 ποιημάτων
1514 4967 1799 5035 ὁμολογοῦ-

218 5072 307 5107 σιν
337 5054 517 5108 αὑτύν.
566 5054 702 5107 Ἀλλ’
726 5056 876 5109 οὐδὲν
902 5057 958 5107 ἐν
986 5055 1161 5126 τούτῳ
1183 5056 1242 5107 τὸ
1264 5040 1538 5126 ἐξαίρετον
1562 5075 1575 5088 ’
1602 5058 1798 5111 ἀλλ’-ἓν

213 5166 270 5201 τι
303 5150 399 5203 καὶ⁸
430 5150 590 5212 αὐτὸς
630 5149 738 5201 τῶν
782 5148 958 5202 ἄλλων
992 5151 1259 5217 φανεῖται.
1295 5149 1439 5211 Ἕως
1468 5150 1574 5222 γὰρ
1610 5149 1676 5203 ἂν
1709 5151 1796 5203 ἐπ’

217 5241 387 5294 αὐτοῦ
425 5242 487 5294 τὸ
537 5241 865 5310 πεποιῆσθαι
897 5243 1096 5312 κρατῇ,
1147 5241 1239 5293 καὶ
1281 5236 1420 5293 εἶναι
1470 5242 1674 5312 κτίσμα
1709 5259 1798 5296 πι-

220 5333 500 5404 στεύηται,
527 5334 677 5387 οὐδέν
698 5351 749 5385 τι
773 5333 882 5387 τῶν
910 5334 1086 5387 ἄλλων
1114 5331 1255 5385 κατὰ
1282 5331 1439 5393 τοῦτο
1459 5332 1667 5398 διοίσει,
1689 5334 1795 5388 κᾶν

217 5428 510 5502 διαλλάττῃ
541 5428 681 5482 κατὰ
710 5428 807 5501 τὴν
848 5429 1027 5498 φύσιν,
1058 5429 1089 5499 ἢ
1123 5427 1265 5481 κατά
1303 5444 1424 5479 τινα
1453 5428 1653 5499 τρόπον
1684 5429 1802 5481 ἓτε-

225 5536 339 5587 ρον.
368 5518 521 5570 Οὗτω
550 5520 656 5587 γὰρ
703 5519 765 5573 ἄν
797 5535 881 5580 τις
918 5516 1109 5586 ἔχοντα
1142 5516 1327 5586 βλέποι
1356 5516 1425 5570 τὰ
1457 5518 1799 5589 πεποιημένα

222 5611 376 5680 παρὰ
417 5610 553 5663 Θεοῦ
598 5611 902 5682 συγκρίνων
948 5611 1085 5680 πρὸς
1119 5610 1339 5679 ἄλληλα.
1399 5610 1636 5682 Εὑρήσει
1692 5609 1799 5681 γὰρ

304 5787 348 5820 ⁸⁹
372 5787 525 5842 Joan.
562 5805 611 5853 ν,
647 5788 736 5841 22.
813 5788 857 5818 ⁸⁸
881 5787 1037 5841 Prov.
1077 5803 1188 5851 νιιι,
1221 5786 1307 5838 9.9..

1892 3330 2311 3384 creaturarum;
2364 3335 2498 3387 opus
2540 3328 2646 3385 est,
2703 3320 2797 3374 sed
2837 3336 2941 3375 non
2986 3320 3152 3373 veluti
3199 3336 3361 3373 unum
3404 3336 3475 3373 en

1892 3413 2176 3480 operibus;
2203 3426 2426 3482 germen
2461 3420 2570 3475 est,
2631 3413 2724 3466 sed
2749 3427 2856 3467 non
2885 3411 3043 3480 quasi
3063 3428 3227 3465 unum
3256 3427 3322 3465 ex
3349 3427 3485 3482 gen

1898 3502 2157 3557 minibus.

2118 3614 2292 3669 Variw
2320 3616 2477 3684 hujus
2502 3625 2823 3684 operatwms
2857 3615 3283 3683 confutatioues._

1963 3728 2017 3780 Si
2046 3727 2214 3781 Filius
2243 3738 2326 3782 est
2355 3742 2513 3795 opus,
2560 3743 2669 3797 quo
2718 3736 2875 3796 pacto
2921 3742 3026 3782 non
3075 3727 3177 3781 erit
3210 3740 3373 3781 unum
3404 3742 3486 3784 ex-

1894 3820 2184 3888 Operibus?
2205 3828 2259 3873 et
2282 3820 2325 3874 si
2372 3820 2592 3873 omnino
2614 3827 2862 3872 creatura
2894 3826 2997 3884 est,
3053 3818 3321 3885 quomodo
3368 3832 3491 3871 non.

1894 3912 2135 3966 erituua
2167 3925 2234 3965 ex
2268 3909 2581 3965 creaturis?
2630 3907 2727 3963 Est
2773 3910 2917 3964 enim
2965 3910 3067 3965 hoc
3118 3911 3477 3963 vehementer

1898 4003 2179 4057 ridiculum
2206 4001 2465 4072 cogitatu.
2501 3998 2637 4055 Nam
2667 4001 2712 4054 si
2743 4001 2795 4054 in
2839 4000 3150 4057 universum
3209 4002 3477 4055 creaturis

1895 4105 1988 4150 aut
2011 4095 2265 4164 operibus
2295 4110 2399 4149 non
2441 4103 2854 4157 annumeretur,
2886 4105 3033 4149 certe
3094 4108 3271 4163 neque
3324 4108 3477 4148 crea-

1896 4197 2037 4251 tura,
2073 4202 2248 4256 neque
2279 4202 2415 4255 opus
2444 4186 2627 4240 fuerit.
2657 4184 2715 4240 Si
2747 4200 2875 4240 vero
2902 4186 3058 4256 juxta
3097 4196 3331 4240 vestram
3362 4186 3478 4254 opi-

1896 4280 2113 4334 nionem
2148 4289 2368 4333 creatus
2406 4288 2462 4331 et
2510 4277 2687 4332 factus
2735 4288 2841 4343 est,
2869 4277 3140 4347 quomodo
3171 4292 3275 4331 non
3317 4275 3479 4330 fuerit

1896 4374 2205 4427 necessario
2235 4382 2488 4441 tanquam
2520 4388 2685 4425 unum
2710 4372 2911 4442 aliquid
2945 4387 3009 4426 ex
3037 4386 3257 4427 numero
3290 4386 3498 4427 eorum.

1900 4481 2019 4520 qua:
2043 4464 2185 4520 facta
2210 4473 2265 4517 et
2289 4473 2473 4519 creata
2510 4462 2674 4518 sunt?

2564 4573 2791 4629 ALIUD.

1971 4688 2165 4742 Filium
2197 4704 2334 4759 opus
2355 4704 2477 4743 esse
2508 4690 2681 4752 aiunt,
2713 4688 2809 4742 sed
2841 4702 2946 4742 non
2997 4696 3253 4758 tanquam
3309 4704 3479 4744 unum

1903 4796 1965 4835 ex
1998 4782 2273 4850 operibus.
2307 4780 2377 4835 Et
2411 4782 2630 4851 quidem
2658 4781 2975 4835 existimant
3022 4795 3082 4834 se
3116 4781 3219 4835 hac
3268 4782 3480 4837 ratione

1904 4875 2163 4928 eximium
2210 4873 2501 4944 quemdam
2585 4874 2847 4929 honorem
2917 4871 2991 4926 illi
3039 4872 3275 4937 deferre,
3336 4875 3479 4942 quod

1906 4976 2213 5020 creaturam
2238 4965 2456 5035 quidem
2481 4964 2630 5019 illum
2649 4979 2773 5018 esse
2799 4965 2998 5026 dicant,
3027 4979 3133 5018 non
3166 4973 3343 5020 tamen
3364 4965 3475 5018 vel—

1906 5057 1984 5111 uti
2041 5071 2204 5111 unam
2242 5072 2273 5112 e
2324 5072 2551 5112 numero
2574 5068 2965 5110 creaturarum.
3023 5055 3292 5111 (laterum
3346 5056 3491 5110 nihil

1907 5150 1960 5203 in
1986 5149 2087 5205 hoc
2112 5159 2199 5205 est
2225 5150 2521 5216 eximium;
2559 5149 2717 5221 147
2750 5150 2844 5203 sed
2878 5164 3043 5203 unum
3084 5148 3288 5218 aliquid
3339 5149 3484 5204 inter

1906 5244 2008 5296 alia
2030 5252 2215 5298 creata
2237 5243 2535 5312 apparebit.
2570 5243 2821 5309 Quandiu
2848 5241 2991 5296 enim
3016 5244 3083 5295 de
3117 5255 3184 5296 eo
3238 5240 3344 5296 dici
3380 5257 3481 5311 po-

1899 5336 2026 5390 terit
2048 5335 2248 5390 factum
2274 5351 2414 5399 esse,
2445 5345 2499 5389 et
2528 5344 2779 5389 creatura
2812 5348 2937 5389 esse
2993 5334 3247 5387 credetur
3275 5346 3291 5385 :
3344 5333 3479 5387 nihil

1901 5428 1969 5480 ab
1999 5427 2065 5481 iis
2096 5428 2197 5482 hac
2226 5428 2277 5480 in
2307 5437 2459 5497 parte
2489 5427 2723 5490 diﬁcret,
2744 5425 2960 5480 tametsi
3017 5425 3229 5480 ratione
3251 5435 3477 5489 naturae,

1903 5526 1996 5572 aut
2022 5518 2129 5573 alio
2162 5520 2340 5589 aliquo
2367 5519 2527 5574 modo
2563 5519 2632 5573 sit
2666 5518 3029 5587 praestantior.
3052 5517 3129 5571 Ita
3152 5515 3298 5573 enim
3333 5515 3483 5571 vide-

1904 5627 1966 5667 rc
1993 5622 2073 5668 est
2100 5612 2300 5670 habere
2340 5628 2398 5669 se
2421 5629 2538 5683 quae
2566 5628 2595 5668 a
2629 5611 2737 5669 Deo
2763 5619 2945 5669 creata
2984 5617 3130 5678 sunt,
3169 5608 3214 5666 si
3257 5608 3378 5679 quis
3412 5622 3474 5663 ea
