3882 6210
394 312 501 369 υἿ

1373 311 1431 365 S.
1472 312 1744 369 CYRILLI
1784 313 2253 371 ALEXANDRINI
2294 316 2612 374 ARCHIEP.

3527 328 3631 384 243

385 429 535 485 inter
584 440 645 483 se
695 424 960 481 conferat.
1006 422 1246 477 Inveniet
1304 424 1446 477 enim
1508 425 1595 480 illa
1636 427 1952 482 excellentia

2065 430 2199 483 αὑτά
2226 433 2319 485 καὶ
2340 433 2461 496 ταῖς
2491 432 2783 504 ὑπεροχαῖς
2805 436 3037 489 νικῶντα
3068 436 3325 501 πολλάκις
3353 437 3422 491 τά
3444 439 3629 511 ἕτερα,

385 516 618 587 quadarn
636 529 1008 585 saepenumero
1034 513 1154 569 aliis
1170 523 1451 583 praestare,
1484 525 1540 569 et
1594 518 1802 573 naturis
1851 520 1952 575 dif-

387 606 535 662 ferre
558 645 575 671 ,
603 607 678 662 ita
704 615 765 661 ut
816 606 1082 675 quispiam
1111 607 1290 661 dicere
1316 608 1491 676 possit
1513 608 1578 663 de
1595 610 1826 681 singulis
1850 625 1946 667 eo-

388 714 505 752 rum
540 713 555 751 :
584 698 845 755 Creatura
873 707 977 763 est,
1013 698 1106 753 sed
1152 713 1255 752 non
1287 707 1541 767 tanquam
1567 716 1670 755 una
1706 716 1772 756 ex
1802 716 1955 758 crea-

388 790 543 844 turis.
577 788 822 858 Exempli
855 789 1047 858 gratia,
1073 787 1154 843 sol
1179 802 1314 857 Opus
1339 796 1554 855 est,non
1579 799 1757 846 tamen
1789 808 1952 848 unum

386 893 453 935 ex
484 879 737 949 Operihus
772 896 785 932 :
817 893 991 947 neque
1013 880 1155 935 enim
1186 889 1269 936 est
1304 880 1443 935 alius
1488 882 1590 936 sol.
1646 880 1821 937 Simili
1870 899 1956 936 ra-

386 974 534 1027 tione
564 973 728 1027 etiam
761 972 1141 1039 luna,c<elum,
1177 973 1366 1036 stella,
1397 982 1575 1027 terra:
1608 975 1787 1027 omnia
1812 973 1953 1029 enim

389 1064 505 1118 ha=c
533 1079 695 1132 opera
725 1074 873 1131 sunt,
929 1073 983 1118 et
1036 1065 1245 1135 singula
1281 1080 1490 1129 eorum,
1517 1080 1622 1120 non
1663 1075 1723 1120 ut
1787 1082 1954 1120 unum

386 1169 450 1207 ex
469 1155 741 1223 operibus.
757 1154 1031 1210 Creaturaz
1053 1158 1195 1209 enim
1218 1158 1319 1212 hoc
1348 1157 1521 1214 solum
1545 1172 1831 1213 commune
1860 1158 1956 1212 ha-

386 1245 535 1313 bent,
572 1246 716 1316 quod
763 1246 923 1301 facta:
949 1249 1075 1303 sint.
1112 1249 1360 1305 Formam
1394 1266 1556 1315 vero,
1587 1252 1846 1321 speciem,
1876 1264 1958 1306 at-

388 1352 493 1403 que
529 1349 778 1393 naturam
812 1339 1036 1410 singulae
1065 1341 1392 1410 peculiarem
1431 1353 1602 1397 nacta:
1640 1351 1785 1397 sunt.
1810 1341 1955 1399 Nihil

387 1428 553 1495 igitur
589 1429 823 1498 amplius
864 1442 947 1485 est
985 1432 1037 1484 in
1076 1430 1235 1498 Filio,
1260 1433 1304 1487 si
1339 1432 1517 1488 factus
1546 1447 1668 1487 esse
1708 1433 1951 1500 dicatur;

387 1521 603 1577 etiamsi
640 1523 784 1578 aliud
819 1522 1021 1594 aliquid
1047 1539 1299 1594 magnum
1328 1536 1492 1596 atque
1544 1527 1803 1581 eximium
1849 1543 1957 1597 prae

388 1616 615 1685 reliquis
642 1617 907 1671 creaturis
936 1618 1165 1672 exsistat
1191 1634 1205 1671 :
1240 1633 1415 1688 neque
1449 1618 1593 1672 enim
1622 1617 1700 1673 sol
1730 1620 1799 1672 ob
1821 1634 1959 1688 prae-

386 1706 641 1759 stantiam
671 1720 822 1760 suam
852 1721 960 1774 qua
993 1707 1201 1775 reliqua
1226 1717 1373 1763 astra
1396 1707 1552 1778 longe
1575 1717 1957 1777 superat,0pus

385 1813 505 1854 esse
528 1800 757 1854 desinet.
797 1800 995 1855 Eadem
1062 1816 1192 1855 vero
1227 1801 1364 1855 ratio
1400 1810 1505 1865 est,
1564 1802 1727 1856 etiam
1763 1816 1950 1855 earum
1990 1781 2029 1835 Β

385 1904 505 1958 qum
536 1890 588 1944 in
624 1891 763 1947 cmlo
816 1901 941 1947 sunt
998 1893 1344 1947 rationalium
1381 1903 1728 1961 potestatum,
1755 1892 1953 1963 quibus

384 1985 597 2052 quidem
630 1986 881 2040 omnibus
937 2001 1223 2042 commune
1266 1996 1348 2042 est
1378 1987 1550 2042 factas
1601 2001 1744 2042 esse.
1797 1986 1958 2042 Ratio

387 2087 568 2133 autem
594 2094 699 2148 qua
741 2079 870 2149 quid
894 2095 1123 2150 quaeque
1152 2095 1339 2135 earum
1376 2081 1468 2145 sit,
1503 2081 1714 2135 diversa
1746 2089 1850 2136 est.

1049 2188 1279 2247 ALIUD.

451 2302 509 2358 Si
539 2302 726 2371 Filius,
754 2304 908 2374 juxta
933 2315 1167 2360 vestram
1217 2306 1549 2379 opinionem,
1571 2313 1657 2360 est
1683 2313 1953 2365 creatura,

386 2406 567 2465 atque.
612 2396 664 2450 id
689 2413 808 2452 cum
839 2397 930 2461 sit,
974 2406 1300 2468 potestatem
1355 2398 1518 2452 habet
1551 2397 1795 2461 creandi,
1830 2397 1956 2464 quia

383 2504 490 2543 non
521 2500 605 2544 est
638 2499 699 2543 ut
732 2504 837 2544 una
860 2489 1185 2558 reliquarum
1248 2500 1619 2544 creaturarum
1657 2504 1670 2541 :
1699 2501 1796 2541 cur
1853 2502 1957 2542 cae-

384 2590 517 2633 tera:
544 2594 759 2649 quoque
792 2590 1054 2634 creatura:
1090 2580 1309 2634 creandi
1340 2578 1651 2633 facultatem
1709 2594 1813 2631 non
1850 2579 1952 2631 lia-

385 2673 569 2734 beant,
602 2673 732 2740 quia
766 2672 912 2725 varia
931 2679 1012 2726 est
1039 2686 1102 2725 ac
1132 2671 1347 2726 diversa
1400 2672 1453 2726 in
1515 2671 1595 2725 eis
1646 2679 1860 2735 natura,
1903 2679 1956 2723 et

388 2777 725 2832 unaquaaque
745 2778 929 2817 earum
966 2772 1212 2818 creatura
1239 2772 1343 2830 est,
1410 2777 1516 2817 non
1569 2773 1747 2815 tamen
1789 2759 1953 2815 veluti

387 2870 554 2910 unum
600 2854 803 2924 aliquid
830 2854 1199 2924 reliquorum?
1234 2854 1409 2911 Unum
1446 2854 1588 2908 enim
1626 2861 1712 2907 est
1733 2851 1957 2916 coelum,

388 2943 645 3009 unussol,
683 2959 787 2997 una
822 2944 1181 3007 luna,natura
1205 2945 1482 3001 stellarum
1533 2958 1660 3010 una,
1709 2952 1764 2997 et
1813 2951 1958 2996 terra

388 3050 518 3098 una,
543 3050 684 3089 unus
712 3034 875 3090 homo
914 3047 1176 3105 quantum
1213 3037 1279 3091 ad
1329 3036 1685 3090 substantiam
1713 3036 1907 3089 attinet
1942 3049 1953 3081 :

387 3137 553 3196 atque
590 3128 676 3183 his
705 3128 923 3197 quidem
954 3128 1088 3182 nihil
1155 3129 1298 3183 inter
1332 3144 1392 3184 se
1475 3130 1685 3183 ratione
1754 3138 1961 3182 naturae

387 3225 802 3282 communeest,
838 3220 1049 3274 tametsi
1082 3222 1332 3276 omnibus
1394 3221 1444 3274 id
1515 3236 1802 3275 commune
1870 3220 1958 3285 sit,

388 3308 533 3375 quod
558 3308 703 3364 faeta
739 3310 868 3366 sint.
898 3310 1040 3364 Nihil
1071 3322 1249 3365 tamen
1280 3313 1543 3367 creatoris
1593 3313 1647 3366 in
1696 3313 1962 3367 creaturis

389 3400 649 3464 cernitur,
678 3401 774 3456 sed
803 3402 980 3471 potius
999 3392 1299 3458 creatorem
1331 3402 1566 3458 Verbum
1600 3403 1695 3457 Dei
1713 3404 1957 3466 adorant,

388 3500 443 3543 et
475 3489 697 3546 factoris
719 3492 945 3561 gloriam
972 3494 1257 3547 extollunt.
1306 3511 1324 3544 ι
1357 3493 1491 3549 ϐωιί
1524 3495 1668 3549 enim
1699 3504 1959 3548 enarrant

388 3583 613 3653 gloriam
634 3583 750 3646 Dei.
767 3595 822 3640 et
845 3585 1243 3641 firmamentum
1260 3586 1506 3639 enuntiat
1523 3600 1685 3653 opera
1710 3601 1959 3637 manuum

389 3675 507 3743 ejus
528 3677 597 3730 ⁹¹.
640 3695 660 3729 ι
702 3675 770 3731 Ει
815 3677 1268 3746 quemadmodum
1314 3675 1517 3731 Esdras
1553 3675 1673 3731 ait:
1720 3694 1737 3726 ι
1772 3674 1961 3729 Omnis

390 3776 533 3822 terra
566 3769 846 3823 veritatem
880 3778 1056 3831 vocat,
1081 3779 1135 3823 et
1163 3769 1360 3823 malum
1390 3768 1565 3837 ipsum
1623 3767 1836 3831 adorat,
1908 3777 1963 3820 et

389 3875 577 3914 omnes
598 3870 862 3915 creaturae
897 3861 1066 3928 ipsam
1101 3859 1419 3914 tremiscunt
1444 3860 1507 3910 θ’.
1547 3876 1566 3910 ι
1594 3856 1763 3911 Filius
1783 3869 1960 3912 autem

390 3955 458 4006 de
499 3954 675 4021 seipse
709 3954 783 4006 ait
816 3970 829 4007 :
877 3971 895 4003 ι
935 3952 1045 4022 Ego
1077 3967 1195 4006 sum
1247 3953 1449 4006 veritas
1479 3952 1545 4005 ".
1584 3971 1602 4003 ι
1649 3949 1766 4007 Νοη
1832 3966 1960 4019 ergo

392 4060 526 4112 opus
546 4053 648 4109 est,
689 4058 863 4113 neque
882 4054 1133 4098 creatura
1182 4041 1251 4097 ob
1295 4042 1345 4094 id
1395 4042 1615 4097 creandi
1656 4040 1959 4095 facultatem

394 4138 622 4203 habens,
652 4138 773 4205 quia
801 4151 906 4190 non
932 4136 1095 4190 veluti
1129 4149 1234 4189 una
1282 4145 1657 4190 creaturarum
1689 4146 1771 4188 est
1797 4151 1812 4187 :
1868 4134 1962 4187 sed

391 4231 516 4297 quia
554 4245 677 4282 cum
713 4230 784 4282 sit
810 4229 1089 4311 proprium
1121 4242 1340 4296 germen
1378 4228 1628 4282 essentia:
1652 4226 1852 4291 Patris,
1875 4234 1960 4279 to-

2058 524 2154 576 καὶ
2177 526 2298 588 ταῖς
2324 525 2552 593 φύσεσιν
2584 526 2981 598 ἐξηλλαγμένα,
3014 527 3089 591 ὡς
3115 528 3372 584 δύνασθαί
3404 548 3524 584 τινα
3546 532 3635 584 λέ-

2056 628 2175 676 γειν
2210 614 2296 684 ἐφ’
2330 616 2564 670 ἑκάστου
2586 635 2643 671 τε
2675 618 2918 681 ἐκείνων,
2950 620 3159 691 ποίημά
3191 621 3359 685 ἐστιν,
3392 621 3506 675 ἀλλ’
3532 624 3630 692 οὑχ

2055 701 2129 765 ὡς
2162 701 2221 755 ἒν
2252 702 2357 756 τῶν
2402 706 2741 775 ποιημάτων.
2783 708 2839 761 Ὁ
2871 708 3019 779 ἥλιος
3054 709 3212 780 τυχὸν
3250 711 3457 783 ποίημα
3506 713 3628 783 μὲν,

2024 842 2035 855 ,
2056 790 2153 861 οὑχ
2183 791 2260 854 ὡς
2304 791 2362 845 ἓν
2395 792 2452 846 δὲ
2489 794 2597 846 τῶν
2632 796 2982 867 ποιημάτων·
3033 800 3092 852 οὑ
3128 800 3235 871 γὰρ
3269 801 3413 854 ἐστιν
3445 802 3629 874 ἕτερος

2054 884 2223 953 ἥλιος.
2270 885 2331 939 Ἥ
2380 885 2573 958 σελήνη
2617 889 2837 958 ὁμοίως,
2871 891 2898 943 6
2939 891 3185 962 οὐρανὸς,
3220 896 3269 945 οί
3313 895 3562 965 ἀστέρες,
3594 897 3629 966 ή

2057 975 2147 1043 γῆ·
2173 975 2351 1027 πάντα
2380 975 2491 1047 γὰρ
2513 977 2684 1031 ταῦτα
2710 980 3007 1049 ποιήματα,
3042 981 3134 1034 καὶ
3165 982 3391 1036 ἕκαστον
3424 985 3628 1049 αὑτῶν,

2056 1066 2153 1135 οὑχ
2184 1066 2257 1129 ὡς
2289 1066 2346 1120 ἓν
2389 1067 2497 1121 τῶν
2526 1070 2863 1139 ποιημάτων.
2894 1073 3070 1125 Μόνον
3119 1073 3228 1145 γὰρ
3264 1074 3326 1127 τὸ
3377 1076 3630 1142 γενέσθαι

2057 1158 2235 1210 κοινὸν
2257 1158 2368 1227 ἔχει
2393 1160 2461 1212 τὰ
2490 1160 2788 1230 κτίσματα’
2818 1162 2878 1215 τὸ
2903 1162 2959 1215 δὲ
2992 1164 3175 1233 σχῆμα
3196 1166 3289 1217 καὶ
3314 1166 3411 1236 τὴν
3448 1168 3626 1234 φύσιν,

2058 1248 2285 1301 ἕκαστον
2318 1249 2642 1315 ἰδιάζουσαν.
2676 1252 2839 1307 Οὐδὲν
2871 1250 2964 1308 οὖν
3000 1255 3058 1308 τὸ
3088 1255 3245 1309 πλέον
3282 1259 3340 1311 ἐν
3381 1257 3495 1329 Υίῷ
3534 1275 3632 1311 πε-

2060 1340 2319 1412 ποιῆσθαι
2346 1343 2642 1415 λεγομένῳ,
2677 1345 2777 1399 κᾶν
2806 1346 2990 1417 ἕτερόν
3023 1365 3075 1401 τι
3117 1349 3257 1418 μέγα
3295 1351 3389 1402 καὶ
3418 1348 3630 1419 ἐξαίρε-

2059 1450 2151 1486 τον
2180 1434 2399 1506 ὑπάρχῃ
2428 1437 2579 1505 παρὰ
2602 1436 2668 1491 τὰ
2699 1437 2834 1492 ἄλλα
2866 1442 3160 1511 ποιήματα.
3189 1442 3253 1494 Τί
3285 1440 3393 1513 γὰρ
3420 1441 3634 1509 ὠφελή-

2063 1543 2144 1578 σει
2180 1526 2270 1579 τὸν
2302 1528 2454 1597 ἥλιον
2494 1530 2576 1592 είς
2604 1528 2666 1582 τὸ
2698 1530 2772 1602 μὴ
2800 1525 2941 1585 εἶναι
2990 1534 3223 1603 ποίημα,
3261 1534 3320 1587 τὸ
3364 1534 3499 1586 πολὺ
3524 1534 3634 1585 τῶν

2061 1617 2306 1686 ἀστέρων
2337 1619 2665 1689 ὑπερέχειν;
2708 1622 2764 1675 Ὀ
2788 1622 2845 1676 δὲ
2868 1624 3031 1687 αὑτὸς
3066 1618 3221 1688 οὗτος
3254 1626 3515 1698 κρατήσει
3545 1626 3633 1677 λό-

2061 1725 2158 1774 γος
2193 1709 2287 1762 καὶ
2332 1712 2424 1763 ἐπὶ
2465 1712 2573 1765 τῶν
2606 1714 2663 1765 ὲν
2692 1713 2904 1785 οὐρανῷ
2951 1715 3182 1785 λογικῶν
3212 1718 3513 1788 δυνάμεων,
3546 1704 3633 1782 αἷς

2059 1799 2221 1852 πάλιν
2248 1799 2308 1852 τὸ
2349 1801 2447 1871 μὲν
2479 1804 2809 1872 πεποιῆσθαι
2838 1806 3019 1858 κοινόν
3058 1807 3224 1862 ἐστιν.
3269 1808 3328 1862 '0
3361 1809 3417 1863 δὲ
3458 1808 3555 1863 τοῦ
3580 1808 3633 1862 τί

2058 1892 2290 1947 ἕκαστον
2324 1892 2409 1964 εἴη
2440 1893 2615 1963 λόγος,
2649 1895 3067 1969 ἐξηλλαγμένος.

2734 2182 2939 2235 ΑΛΛΟ.

2128 2298 2191 2350 Εἰ
2223 2294 2435 2366 ποιημά
2464 2296 2599 2358 ἐστι,
2646 2293 2766 2346 καθ’
2809 2294 2972 2364 ὑμᾶς,
3006 2298 3034 2350 6
3061 2296 3208 2360 Υἱὸς,
3243 2298 3337 2350 καὶ
3372 2297 3532 2351 τοῦτο
3562 2296 3637 2350 ὢν

2058 2391 2175 2460 ἔχει
2206 2389 2268 2442 τὸ
2300 2387 2559 2443 δύνασθαι
2587 2387 2814 2452 κτίζειν,
2840 2388 2928 2441 διὰ
2972 2388 3033 2441 τὸ
3068 2389 3144 2459 μὴ
3182 2390 3256 2452 ὡς
3282 2388 3339 2442 ἒν
3370 2391 3638 2461 ὑπάρχειν

2059 2485 2165 2537 τῶν
2200 2482 2375 2536 ἄλλων
2421 2482 2763 2551 ποιημάτων,
2787 2480 2925 2533 ἔστω
2963 2481 3224 2551 ποιητικὰ
3263 2483 3357 2535 καὶ
3389 2483 3457 2536 τὰ
3478 2482 3642 2551 ἕτερα

2063 2576 2359 2647 κτίσματα,
2386 2573 2473 2627 διὰ
2504 2573 2562 2627 τὸ
2588 2573 2836 2644 ποικίλην
2862 2574 2920 2627 ὲν
2947 2574 3127 2637 αὐτοῖς
3153 2570 3291 2627 εἶναι
3323 2574 3421 2644 τὴν
3453 2574 3635 2642 φύσινο

2064 2669 2157 2721 καὶ
2193 2668 2421 2720 ἕκαστον
2461 2666 2642 2718 αὑτῶν
2675 2661 2811 2718 εἶναι
2847 2665 3055 2736 ποίημα
3094 2666 3217 2735 μὲν,
3244 2665 3341 2736 οὑχ
3372 2667 3447 2728 ὼς
3492 2666 3550 2719 ἒν
3579 2665 3640 2718 δὲ

2063 2759 2173 2812 τῶν
2206 2758 2401 2812 ἄλλων.
2438 2752 2533 2820 Εἷς
2570 2757 2675 2828 γὰρ
2703 2761 2731 2811 6
2781 2757 3026 2827 οὐρανὸς,
3069 2757 3219 2827 ἥλιος
3253 2752 3355 2821 εἷς,
3403 2762 3502 2828 μία
3545 2773 3639 2809 σε-

2065 2853 2223 2921 λήνη,
2264 2852 2426 2921 φύσις
2453 2851 2696 2922 ἀστέρων
2733 2851 2851 2920 μία,
2890 2850 2986 2920 μία
3015 2868 3075 2903 τε
3107 2852 3199 2921 γῆ,
3231 2845 3311 2915 εἷς
3354 2851 3641 2921 ἄνθρωπος

2065 2946 2187 2998 ὅσον
2226 2947 2304 3009 εἰς
2334 2930 2552 2997 οὑσίανο
2587 2943 2909 2996 καὶτούτων
2949 2942 3099 2996 οὐδὲν
3140 2942 3387 3012 ἀλλήλοις
3431 2946 3643 2997 ἐπικοι-

2063 3038 2222 3091 νωνεῖ
2254 3035 2395 3090 κατὰ
2413 3035 2504 3088 τὸν
2532 3035 2633 3105 τῆς
2659 3034 2872 3103 φύσεως
2899 3034 3076 3102 λόγον,
3102 3036 3149 3087 εί
3178 3036 3271 3087 καὶ
3296 3037 3428 3087 πᾶσι
3460 3035 3522 3087 τὸ
3549 3052 3644 3087 πε-

2062 3128 2317 3198 ποιῆσθαι
2344 3127 2541 3180 κοινόν.
2592 3126 2728 3178 Ἀλλ’
2754 3126 2906 3179 οὐδὲν
2929 3127 2986 3177 ἐν
3018 3128 3131 3188 τοῖς
3156 3126 3417 3195 κτίσμασι
3452 3127 3642 3194 φαίνε-

2059 3235 2148 3271 ται
2180 3216 2532 3287 δημιουργοῦ,
2563 3215 2697 3268 ἀλλὰ
2725 3215 2924 3285 μᾶλλον
2950 3218 3247 3285 προσκυνεῖ
3274 3216 3363 3268 τὸν
3383 3216 3445 3285 δη
3456 3233 3645 3287 μιουρ-

2060 3312 2155 3378 γὸν
2181 3310 2275 3363 τοῦ
2298 3308 2433 3362 Θεοῦ
2469 3310 2659 3376 Λόγον,
2692 3309 2785 3360 καὶ
2810 3306 2904 3360 τοῦ
2933 3306 3158 3378 ποιητοῦ
3201 3308 3287 3378 τὴν
3316 3306 3469 3373 δόξαν
3500 3309 3642 3360 ἀνα-

2062 3402 2180 3473 ϐοᾷ·
2217 3422 2233 3451 ι
2269 3402 2332 3453 Οἱ
2360 3400 2580 3469 οὑρανοὶ
2601 3399 2909 3470 διηγοῦνται
2939 3399 3094 3465 δόξαν
3113 3398 3269 3461 Θεοῦ,
3301 3401 3393 3452 καὶ
3419 3400 3644 3468 ποίησιν

2061 3494 2257 3565 χειρῶν
2289 3492 2451 3546 αὑτοῦ
2479 3491 2873 3562 ἁναγγέλλειτὸ
2891 3493 3229 3562 στερέωμα.»
3254 3492 3361 3544 Καὶ
3390 3493 3646 3562 καθάπερ

2061 3592 2089 3642 6
2125 3588 2360 3659 Ἔσδρας
2406 3587 2568 3655 φησί’
2613 3604 2631 3637 ι
2668 3587 2824 3639 Πᾶσα
2861 3587 2894 3656 ἡ
2929 3588 2999 3655 γῆ
3048 3587 3145 3655 τὴν
3175 3584 3428 3656 ἀλήθειαν
3462 3584 3642 3647 καλεῖ,

2064 3680 2156 3734 καὶ
2181 3681 2208 3731 6
2236 3679 2461 3751 οὐρανὸς
2501 3679 2671 3748 αὐτὴν
2709 3680 3021 3748 προσκυνεῖ,
3063 3679 3155 3731 καὶ
3185 3676 3360 3729 πάντα
3389 3675 3456 3727 τὰ
3501 3675 3645 3745 ἔργα

2064 3774 2233 3843 αὑτὴν
2269 3773 2471 3825 σείεται
2510 3771 2603 3824 καί
2645 3771 2856 3841 τρέμει.
2897 3788 2915 3820 ι
2961 3770 3019 3823 Ὀ
3044 3769 3099 3823 δὲ
3120 3769 3247 3832 Υἱὸς
3278 3769 3408 3839 περὶ
3446 3768 3644 3822 ἑαυτοῦ

2064 3882 2261 3937 φησιν’
2296 3885 2315 3917 ι
2369 3864 2510 3933 Ἐγώ
2540 3865 2654 3935 είμι
2695 3864 2728 3934 ή
2769 3862 3019 3931 ἀλήθεια.
3069 3881 3086 3915 ι
3124 3863 3237 3915 Οὐκ
3273 3862 3379 3933 ἄρα
3429 3861 3651 3931 ποίημά

2064 3960 2235 4021 ἐστιν,
2258 3957 2379 4011 οὑδὲ
2430 3955 2633 4026 κτίσμα
2663 3955 2752 4009 διά
2778 3955 2934 4009 τοῦτο
2972 3954 3176 4018 κτίζειν
3213 3953 3525 4023 δυνάμενος,
3558 3953 3649 4005 ὅτι

2067 4053 2143 4122 μὴ
2173 4050 2248 4114 ὼς
2280 4050 2338 4103 έν
2367 4050 2482 4101 ἐστι
2513 4048 2620 4101 τῶν
2653 4048 2991 4117 ποιημάτων,
3020 4045 3133 4098 ἀλλ’
3158 4046 3239 4099 ὅτι
3276 4045 3375 4113 τῆς
3404 4043 3494 4097 τοῦ
3525 4045 3648 4097 Πα-

2063 4145 2191 4213 τρὸς
2220 4144 2405 4206 οὐσίας
2432 4143 2561 4196 ἴδιον
2585 4142 2842 4212 ὑπάρχων
2863 4141 3126 4209 γέννημα,
3157 4139 3276 4192 ὅλον
3302 4155 3360 4190 τε
3387 4142 3443 4191 ἐν
3465 4137 3649 4207 ἑαυτῷ

2065 4237 2327 4291 δεικνύων
2368 4236 2547 4299 αὑτὸν,
2581 4234 2693 4305 έχει
2738 4236 2832 4287 καὶ
2877 4234 2936 4286 τὸ
2969 4232 3224 4289 δύνασθαι
3275 4231 3477 4297 κτίζειν
3514 4231 3590 4293 ὡς
3620 4232 3650 4284 6

394 4333 504 4376 tuin
533 4322 682 4375 illum
702 4322 753 4375 in
783 4321 960 4389 seipso
989 4322 1304 4384 ostendens,
1330 4320 1719 4390 habetquoque
1742 4318 1959 4374 creandi
1993 4342 2040 4401 ι)
2069 4330 2276 4402 Πατήρ,

392 4420 716 4483 potestatem
748 4421 803 4466 ut
826 4412 1007 4466 Pater.

978 4526 1140 4598 143
1167 4524 1397 4581 ALIUD.

465 4643 521 4699 Si
550 4642 718 4698 Filius
742 4652 825 4699 est
850 4651 1124 4707 creatura,
1144 4649 1199 4696 et
1223 4641 1480 4695 aduratur
1510 4654 1540 4692 a
1569 4638 1793 4708 reliquis
1808 4650 1964 4691 crea-

396 4736 554 4802 turis,
583 4736 705 4805 quia
736 4736 1008 4791 diversum
1032 4735 1158 4803 quid
1195 4734 1263 4789 ab
1299 4733 1365 4787 iis
1397 4732 1635 4794 exsistit,
1674 4744 1848 4799 neque
1881 4736 1967 4782 est

396 4828 546 4883 velut
576 4842 679 4882 una
713 4837 1110 4890 creaturarum,
1148 4826 1433 4896 oportebat
1467 4823 1630 4877 etiam
1661 4820 1782 4875 illas
1846 4835 1874 4873 a
1903 4834 1963 4874 se

397 4920 628 4975 invicem
660 4919 899 4983 adorari,
931 4919 1056 4988 quia
1085 4919 1297 4974 diversa
1329 4917 1472 4971 inter
1502 4931 1563 4970 se
1610 4924 1805 4969 natura
1823 4929 1959 4984 prae-

396 5011 523 5066 dita:
551 5018 696 5064 sunt.
730 5008 917 5079 Magna
944 5009 1090 5063 enim
1119 5016 1204 5063 est
1232 5008 1284 5062 in
1327 5006 1591 5064 creaturis
1623 5004 1963 5061 differentia:

396 5110 450 5156 et
486 5114 819 5168 unaquaeque
860 5098 1183 5169 peculiarem
1217 5112 1371 5153 suam
1402 5106 1649 5152 naturain
1695 5097 1812 5151 sive
1834 5111 1968 5165 qua-

397 5192 605 5245 litatem
635 5190 997 5262 habet,neque
1030 5189 1081 5243 id
1120 5189 1298 5258 ipsum
1328 5198 1412 5243 est
1435 5191 1655 5243 omnino
1672 5189 1813 5257 quod
1840 5188 1966 5244 alia.

398 5281 553 5339 Nulla
584 5292 761 5338 tamen
794 5296 861 5336 ex
928 5281 996 5336 iis
1035 5282 1312 5346 adoratur,
1365 5281 1493 5351 quin
1546 5280 1723 5350 potius
1777 5292 1969 5334 omnes

398 5383 699 5429 creatorem
732 5372 963 5428 Verbum
993 5372 1087 5429 Dei
1122 5374 1371 5427 adorant.
1404 5370 1520 5427 Non
1550 5372 1716 5443 igitur
1745 5387 1880 5426 unus
1898 5385 1967 5425 ex

400 5464 667 5519 creaturis
698 5476 779 5519 est
810 5463 998 5529 Filius,
1048 5479 1223 5535 neque
1258 5472 1530 5527 creatura,
1564 5471 1622 5517 ut
1658 5476 1752 5517 vos
1772 5463 1965 5530 opina-

401 5554 553 5612 mini.
589 5555 705 5623 Quo
733 5566 890 5627 pacto
915 5564 1056 5614 enim
1094 5558 1140 5613 is
1168 5557 1261 5612 cui
1306 5555 1586 5621 aduratur,
1635 5555 1687 5610 in
1744 5569 1970 5610 numero

2771 4531 2976 4585 ΑΛΛΟ.

2148 4647 2209 4699 Εἰ
2235 4645 2440 4717 κτίσμα
2474 4644 2623 4699 ἐστὶν
2643 4647 2671 4699 6
2698 4644 2846 4711 Υἱὸς,
2878 4645 3263 4714 προσκυνεῖται
3290 4644 3347 4697 δὲ
3368 4644 3517 4715 παρὰ
3536 4645 3652 4699 τῶν

2074 4733 2249 4787 ἄλλων
2296 4735 2631 4803 κτισμάτων,
2676 4734 2765 4788 διὰ
2803 4735 2862 4787 τὸ
2884 4734 3069 4804 ἔτερόν
3112 4751 3165 4787 τι
3200 4734 3463 4809 ὑπάρχειν
3510 4738 3653 4807 παρ’

2070 4822 2230 4887 αὑτὰ,
2279 4822 2372 4875 καὶ
2410 4820 2546 4877 εἶναι
2592 4821 2666 4893 μὴ
2699 4822 2771 4887 ὼς
2813 4822 2870 4876 ἒν
2894 4840 3003 4875 των
3037 4824 3370 4893 κτισμάτων,
3404 4823 3511 4877 ἔδει
3538 4828 3653 4879 κάς

2074 4916 2228 4966 κεῖνα
2262 4913 2680 4985 προσκυνεῖσθαι
2711 4912 2841 4984 παρ’
2872 4914 3142 4982 ἀλλήλων,
3172 4915 3260 4968 διὰ
3296 4915 3356 4967 τὸ
3415 4915 3654 4984 ἐξηλλα-

2073 5006 2284 5078 γμένην
2316 5006 2459 5077 ἔχειν
2487 5006 2586 5078 τὴν
2611 5005 2771 5075 φύσιν
2805 5006 2941 5077 πρὸς
2966 5006 3187 5076 ἄλληλα.
3218 5006 3392 5080 Πολλὴ
3437 5006 3549 5077 γὰρ
3590 5009 3655 5063 ὲν

2075 5102 2184 5163 τοῖς
2213 5101 2564 5170 ποιήμασινή
2592 5099 2825 5171 διαφορά
2842 5116 2855 5129 ·
2882 5100 2973 5153 καὶ
3000 5099 3143 5152 ἔστιν
3168 5100 3395 5154 ἕκαστον
3435 5100 3562 5155 ἰδεῖν
3590 5104 3656 5155 ἐν

2078 5188 2352 5261 ίδιαζούσῃ
2408 5188 2567 5258 φύσει
2612 5190 2731 5260 ἦτοι
2782 5191 3049 5261 ποιότητι,
3087 5192 3180 5245 καὶ
3215 5192 3312 5262 οὑχ
3360 5193 3499 5263 ὅπερ
3527 5195 3655 5249 ἐστὶ

2074 5282 2290 5346 πάντως
2319 5282 2380 5335 τὸ
2422 5282 2628 5353 ἕτερον.
2667 5282 2805 5335 Ἀλλ’
2832 5282 2979 5336 οὑδὲν
3017 5284 3075 5335 ἐν
3107 5284 3288 5347 αὑτοῖς
3324 5290 3653 5355 προσκυνεῖ-
3686 5307 3694 5355 ξ

2074 5390 2181 5435 ται,
2214 5373 2389 5425 πάντα
2423 5372 2480 5425 δὲ
2509 5372 2598 5426 τὸν
2625 5372 2952 5445 δημιουργὸν
2978 5373 3070 5427 τοῦ
3113 5373 3248 5427 Θεοῦ
3273 5374 3442 5442 Λόγον
3477 5392 3677 5445 προσ-ε

2075 5466 2245 5517 κυνεῖ.
2288 5466 2401 5519 Οὑκ
2430 5464 2538 5535 ἄρα
2583 5464 2640 5516 ἓν
2673 5463 2733 5529 ἐξ
2778 5465 2957 5519 αὑτῶν
3002 5467 3032 5519 6
3074 5466 3221 5530 Υἱὸς,
3249 5466 3375 5520 οὑδὲ.
3417 5468 3651 5536 κτίσμα,

2077 5556 2196 5609 καθ’
2250 5557 2408 5626 ὑμᾶς.
2459 5555 2649 5611 Ἔσται
2702 5555 2809 5625 γὰρ
2860 5557 2999 5612 κατὰ
3040 5557 3157 5610 τίνα
3209 5556 3408 5627 τρόπον
3445 5556 3503 5610 ὲν
3534 5560 3682 5624 τοῖς,

471 5733 515 5769 ⁸³
542 5731 688 5791 Psal.
726 5750 876 5803 xvm,
908 5735 960 5789 2.
1003 5734 1138 5791 "ill
1165 5735 1317 5791 Esdr.
1348 5733 1539 5802 1",.36.
1621 5732 1664 5764 ’³
1688 5730 1842 5787 Juan.
1873 5747 1983 5800 xiv,
2016 5731 2067 5785 6.
