3882 6210
214 313 317 371 (ΜΘ

1617 296 2061 356 rnasauaus.

3356 277 3464 332 250

219 426 609 505 προσκυνοῦσιν
643 427 673 479 6
712 425 1205 497 προσκυνούμενος,
1236 425 1294 477 ὲν
1324 424 1434 485 τοῖς
1475 417 1782 486 605010706-

1919 428 2068 466 nrum
2095 421 2325 479 ponatur
2346 405 2438 475 qui
2466 402 2837 465 adorant,aut
2885 394 2976 465 qui
3028 391 3365 465 gloriﬁcatur
3395 395 3463 448 sit

2156 501 2166 505 _
2234 500 2243 505 .
2482 492 2605 505 Α-..
2686 492 2697 502 .
2836 504 2843 505 ,
3027 486 3173 505 ,_.-_
3225 483 3323 505 ι---
3386 493 3460 505 η.

220 540 301 577 σιν
331 524 359 573 6
396 517 869 587 δοξολογούμενος;
898 517 1040 569 Πολὺ
1069 516 1178 585 γὰρ
1204 518 1262 567 ὲν
1292 514 1464 583 τούτῳ
1489 511 1549 564 16
1574 508 1776 574 μεταξὺ

218 613 309 668 καὶ
369 611 656 680 διάφορον,
714 609 809 662 καὶ
879 606 942 661 16
1005 600 1230 675 ’ἑκάστῳ
1288 603 1497 675 πρέπον
1550 602 1781 673 διορίζον

231 703 431 768 σαφῶς.

898 787 1101 840 ΑΛΛΟ.

289 904 352 960 Ei
380 905 585 974 κτίσμα
604 902 747 957 ἐστὶν
771 902 800 955 6
824 902 972 966 Υίὸς,
998 901 1175 953 πάντα
1208 899 1264 952 δὲ
1295 900 1322 952 6
1350 897 1535 969 Πατὴρ
1558 897 1787 970 ἐργάζευ

223 1014 306 1050 ται
340 996 406 1048 δι’
455 992 641 1055 αὑτοῦ,
686 991 845 1054 αὐτὸς
890 989 1081 1043 ἑαυτὸν
1120 988 1228 1060 ἄρα
1259 991 1401 1041 ποιεῖ
1441 990 1534 1040 καὶ
1580 989 1780 1053 κτίζει·

221 1087 331 1140 ἀλλ’
362 1085 477 1138 ἐστι
508 1083 662 1136 10610
690 1084 827 1135 νοεῖν
856 1080 963 1134 τῶν
1006 1080 1388 1133 ἀτοπωτάτων.
1432 1080 1552 1142 Πῶς
1585 1080 1693 1150 γὰρ
1725 1078 1786 1131 τὸ

223 1177 406 1247 μήπω,
458 1174 581 1227 καθ’
633 1174 797 1242 ὑμᾶς,
845 1170 925 1234 ὃν,
963 1170 1122 1223 ἑαυτὸ
1162 1172 1412 1241 ποιήσει;
1466 1169 1673 1222 Οὐκοῦν
1724 1170 1784 1222 ού

221 1262 423 1333 κτίσμα
453 1262 619 1325 ἐστὶν,
644 1261 762 1314 οὐδὲ
792 1260 1023 1330 ποίημα,
1048 1258 1182 1312 ἀλλὰ
1210 1260 1406 1329 μᾶλλον
1434 1260 1534 1328 τῆς
1562 1258 1656 1312 τοῦ
1679 1260 1789 1313 Πα-

220 1354 344 1425 τρὺς
373 1353 558 1415 οὐσίας
591 1351 822 1423 καρπὸς,
862 1352 998 1424 ἔχων
1023 1351 1099 1415 ώς
1127 1350 1257 1413 Θεὸς
1286 1351 1347 1403 τὸ
1374 1349 1633 1403 δύνασθαι
1668 1350 1786 1403 κτί-

223 1446 333 1512 ζειν
361 1449 457 1501 καὶ
482 1449 673 1501 ποιεῖν.

903 1558 1105 1613 ᾹΛΛΟ.

288 1669 352 1723 El
392 1669 598 1738 κτίσμα
632 1668 777 1722 ἐστὶν
810 1671 838 1724 6
869 1668 1016 1734 Υἱὸς,
1044 1668 1157 1732 πώς
1185 1670 1242 1722 ἐν
1278 1668 1426 1739 αὐτῷ
1467 1668 1708 1723 κείσεται
1731 1670 1792 1723 16

1887 520 1953 558 ex
1983 505 2050 556 iis
2081 501 2172 571 qui
2197 494 2531 569 glorificant?
2561 492 2791 545 Maxima
2824 488 2969 543 enim
3027 486 3173 539 inter
3225 483 3327 539 hos
3382 493 3468 537 est

1887 594 2210 656 differentia,
2234 587 2515 644 manifeste
2542 585 2595 639 id
2629 580 2773 653 quod
2804 580 3000 650 cuique
3036 575 3293 632 convenit
3346 574 3466 629 dis-

1891 686 2161 757 tinguens.

2561 784 2790 843 ALIUD.

1964 909 2019 964 Si
2043 907 2209 963 Filius
2238 912 2319 960 est
2345 912 2620 965 creatura,
2651 910 2706 956 et
2729 900 2890 954 Pater
2930 896 3112 952 omnia
3162 910 3259 965 per
3311 907 3465 962 psmn

1891 1010 2165 1071 operatur,
2195 1013 2323 1068 ergo
2345 995 2426 1050 sui
2463 994 2634 1063 ipsius
2656 1002 2739 1046 est
2772 992 2944 1045 factor
2966 998 3020 1043 et
3049 996 3267 1042 creator
3297 999 3310 1035 :
3370 982 3466 1035 sed

1894 1095 1997 1147 hoc
2026 1089 2106 1145 vel
2155 1088 2267 1143 sola
2334 1084 2662 1154 cogitatione
2694 1080 3143 1137 absurdissimum
3187 1085 3292 1130 est.
3325 1073 3470 1141 Quo-

1893 1185 2049 1240 modo
2070 1182 2211 1237 enim
2238 1179 2290 1234 id
2318 1176 2461 1247 quod
2490 1178 2751 1238 nondum,
2774 1172 2924 1242 juxta
2946 1167 3303 1233 vos,exsistit,
3320 1165 3468 1231 seip-

1894 1292 2013 1331 sum
2042 1286 2229 1330 creare
2262 1268 2474 1339 possit?
2504 1265 2773 1333 Quocirca
2824 1279 2930 1318 non
2956 1272 3229 1322 creatura,
3296 1269 3472 1323 neqlte

1894 1383 2029 1437 Opus
2052 1374 2155 1429 est,
2196 1362 2287 1417 sed
2310 1361 2488 1431 potius
2517 1357 2723 1411 fructus
2775 1354 3023 1409 essentia
3079 1349 3260 1404 Patris
3298 1389 3313 1417 ,
3371 1347 3470 1400 ha—

1895 1459 2049 1523 bens,
2083 1464 2140 1511 ut
2172 1453 2334 1520 Deus,
2363 1450 2670 1506 facultatem
2693 1445 2913 1501 creandi
2941 1440 3260 1499 etfaciendi.

2598 1557 2834 1615 ALIUD.

1976 1680 2031 1736 Si
2063 1679 2327 1734 Filiusest
2355 1685 2885 1743 creatura,quonam
2910 1679 3069 1742 pacto
3120 1664 3337 1723 creandi
3396 1662 3476 1715 fa-

221 1760 480 1815 δύνασθαι
524 1760 748 1825 κτίζειν,
780 1761 877 1815 καὶ
912 1762 992 1824 εἰς
1020 1761 1080 1813 τὺ
1120 1757 1258 1813 εἶναι
1298 1762 1568 1831 παράγειν
1602 1762 1659 1827 ἐξ
1688 1762 1788 1813 οὐκ

1925 1775 2089 1828 ultate
2140 1770 2400 1841 praeditus
2456 1768 2580 1831 erit,
2613 1775 2709 1820 aut
2753 1773 3036 1819 creaturas
3086 1775 3154 1813 ex
3209 1756 3378 1811 nihilo
3406 1753 3473 1805 ad

222 1853 391 1905 ὄντων
434 1852 503 1905 τὰ
545 1853 852 1923 ποιήματας
886 1853 947 1905 Ei
980 1850 1089 1923 γὰρ
1130 1851 1263 1915 ὅλως
1305 1851 1576 1921 ἐνδέχεται
1635 1852 1797 1921 φύσιν

222 1942 456 2013 γενητὴν
479 1944 544 1995 ἐκ
567 1941 660 1995 τοῦ
697 1942 771 2012 μὴ
793 1942 942 2005 ὄντος
969 1944 1047 2005 είς
1071 1943 1131 1994 16
1153 1937 1290 1995 εἶναι
1318 1942 1609 2012 παράγειν,
1649 1942 1798 1996 ἔσται

220 2034 449 2104 δυνάμει
494 2034 802 2105 δημιουργὰ
840 2035 934 2088 καὶ
968 2033 1039 2088 τὰ
1080 2034 1214 2088 ἄλλα
1262 2035 1563 2106 ποιήματα,
1616 2035 1711 2088 καὶ
1751 2036 1799 2087 εί

224 2128 391 2198 μήπω
420 2125 579 2179 τοῦτο
615 2126 702 2181 διὰ
732 2128 828 2197 τῆς
854 2125 1135 2197 ἐνεργείας
1178 2127 1370 2196 ὁρᾶται
1394 2142 1407 2156 ·
1442 2124 1629 2196 ὥσπερ
1661 2124 1801 2196 ἀμέ-

223 2220 302 2273 λει
333 2219 428 2272 καὶ
457 2218 486 2270 6
523 2221 651 2282 παῖς
677 2221 705 2272 6
744 2218 999 2290 βραχεῖαν
1027 2216 1176 2285 ἄγων
1210 2216 1290 2270 ἔτι
1320 2217 1418 2287 τὴν
1446 2216 1684 2287 ἡλικίαν,
1713 2217 1803 2269 δυ-

221 2312 385 2383 νάμει
414 2312 511 2382 μὲν
544 2310 972 2381 σπερματιστὴς,
995 2309 1129 2363 καθὸ
1162 2310 1254 2362 καὶ
1278 2309 1417 2379 ἀνήρ
1458 2309 1626 2372 ἐστιν,
1651 2308 1803 2362 οὔπω

222 2403 279 2456 δὲ
322 2406 391 2473 τῇ
428 2402 698 2474 ἐνεργείᾳ.
730 2402 802 2455 Τὸ
844 2402 900 2455 δὲ
938 2400 1060 2471 ἕχον
1088 2418 1140 2454 τι
1181 2402 1444 2471 πεφυκὸς,
1477 2404 1578 2457 οὐκ
1607 2403 1671 2457 ἂν
1714 2403 1803 2456 λέ-

225 2512 378 2564 γοιτο
412 2494 486 2565 μὴ
515 2494 677 2565 ἔχειν,
711 2495 761 2546 εί
785 2496 879 2547 καὶ
907 2496 1074 2565 μήπω
1114 2494 1272 2547 10610
1296 2494 1542 2563 φαίνεται
1571 2512 1805 2567 κρυπτο-

228 2589 398 2659 μένης
428 2590 508 2640 ἕτι
541 2588 639 2655 τῆς
663 2586 897 2655 φυσικῆς
922 2587 1220 2657 ἐνεργείας,
1250 2587 1340 2641 διά
1361 2604 1480 2639 τινα
1506 2588 1801 2657 πρόφασιν,

223 2681 256 2751 ἢ
288 2679 382 2732 διὰ
421 2678 512 2733 τὸν
561 2679 771 2748 χρόνον.
820 2676 1026 2730 Οὐκοῦν
1060 2675 1213 2730 ἔσται
1248 2675 1558 2747 δημιουργὰ
1604 2678 1699 2730 καὶ
1737 2677 1807 2732 τὰ

224 2772 367 2827 ἄλλα
390 2772 690 2841 ποιήματα,
721 2771 814 2823 καὶ
841 2770 901 2822 16
922 2769 1172 2840 περιττὸν
1201 2770 1352 2823 οὐδὲν
1378 2771 1435 2823 ὲν
1469 2769 1607 2841 θεῷ.
1649 2770 1808 2823 Ἀλλὰ.

226 2866 391 2919 τοῦτο
414 2865 632 2919 ἄτοπον.
659 2863 824 2916 Οὐδὲν
854 2862 962 2933 γὰρ
986 2863 1094 2915 τῶν
1123 2862 1444 2934 ποιημάτων
1464 2865 1804 2935 δημιουργεῖ.

225 2960 346 3012 Οὐκ
384 2958 494 3029 ἄρα
532 2958 735 3027 κτίσμα
774 2957 922 3010 ἐστὶν
945 2959 973 3011 6
1003 2957 1150 3021 Υἱὸς,
1178 2957 1244 3010 δι’
1283 2952 1343 3011 οὗ
1382 2956 1452 3010 τὰ
1479 2959 1656 3011 πάντα
1685 2958 1808 3026 ἐγέ-

226 3068 375 3115 νετο,
404 3052 489 3104 ἵνα
538 3051 612 3121 μὴ
644 3050 703 3103 16
741 3049 871 3104 αὐτὸ
916 3049 1173 3119 φαίνηται
1207 3049 1393 3102 ποιοῦν
1423 3050 1519 3103 καὶ
1558 3048 1812 3120 ποιούμε-

1897 1882 2017 1924 esse
2057 1866 2339 1920 traducere
2365 1860 2600 1933 poterit?
2635 1859 2692 1914 Si
2724 1858 2872 1912 enim
2908 1856 3129 1909 omnino
3151 1850 3265 1905 fieri
3298 1854 3477 1917 p0Iest

1899 1970 1956 2015 nt
1989 1969 2180 2013 natura
2209 1965 2389 2010 creata
2414 1969 2479 2008 ex
2536 1951 2707 2007 nihilo
2748 1950 2814 2003 ad
2866 1961 2991 2003 esse
3022 1942 3289 2003 traducat,
3313 1943 3478 1990 erunt

1898 2052 2062 2105 etiam
2091 2047 2312 2115 reliqum
2342 2054 2608 2099 creaturae
2640 2039 2880 2107 potentia
2908 2032 3228 2091 creatrices,
3262 2023 3474 2080 tametsi

1901 2144 1952 2198 id
1982 2141 2216 2196 nondum
2247 2146 2367 2192 actu
2390 2151 2510 2191 esse
2581 2132 2949 2202 conspiciatur
2979 2146 2993 2183 :
3026 2118 3475 2195 quemadmodum

1903 2234 2015 2288 fere
2048 2245 2183 2300 puer
2212 2232 2467 2287 intenera
2497 2225 2672 2279 adhuc
2721 2233 2903 2286 aetate,
2966 2214 3208 2288 potentia
3258 2209 3478 2281 quidem

1902 2327 2206 2382 seminosus
2228 2330 2333 2387 est,
2371 2326 2557 2389 utpote
2577 2316 2668 2386 qui
2706 2329 2822 2369 mas
2849 2321 2952 2375 est,
2984 2319 3105 2362 actu
3158 2319 3286 2358 vero
3342 2314 3482 2354 non-

1903 2417 2051 2472 dum.
2085 2414 2238 2482 Quod
2271 2420 2450 2465 autem
2474 2406 2680 2477 aliquid
2717 2403 2938 2457 insitum
2970 2398 3071 2452 sibi
3125 2394 3306 2457 habet,
3371 2402 3480 2441 non

1905 2509 2102 2564 dicitur
2151 2522 2254 2559 non
2302 2504 2526 2567 habere,
2592 2496 2805 2552 tametsi
2856 2494 2909 2548 id
2941 2490 3174 2547 nondum
3202 2490 3481 2553 appareat,

1904 2599 2105 2654 latente
2138 2596 2313 2651 adhuc
2334 2590 2569 2647 naturali
2631 2587 2948 2658 operatione
2993 2589 3211 2652 prepter
3245 2576 3482 2643 aliquam

1906 2690 2269 2754 occasionem,
2292 2684 2373 2739 vel
2400 2693 2621 2754 propter
2647 2689 2877 2747 tempus.
2907 2675 3078 2727 Erunt
3112 2670 3277 2740 igitur
3332 2679 3487 2718 crea-

1909 2788 2070 2843 trices
2092 2785 2255 2839 etiam
2299 2782 2524 2849 reliquae
2567 2785 2853 2837 creaturzr,
2919 2768 3163 2837 nihilque
3216 2758 3487 2816 excellens

1908 2891 1994 2936 est
2029 2880 2080 2932 in
2114 2878 2242 2931 Deo.
2271 2874 2544 2929 Cmterum
2575 2866 2873 2923 absurdum
2904 2863 3007 2916 hoc
3036 2868 3138 2913 est.
3176 2854 3324 2909 Nulla
3344 2851 3487 2905 enim

1911 2981 2282 3028 creaturarum
2318 2963 2537 3019 creandi
2571 2960 2884 3015 facultatem
2918 2955 3099 3009 habet.
3146 2949 3316 3003 Filius
3360 2958 3491 3013 ergo

1913 3069 2162 3116 creatura
2186 3072 2292 3111 non
2321 3064 2425 3118 est,
2470 3066 2564 3122 per
2614 3065 2773 3117 quem
2832 3045 3011 3100 omnia
3069 3040 3210 3094 facta
3234 3045 3381 3100 sunt,
3422 3050 3489 3086 ne

226 3161 342 3207 νον,
392 3142 576 3206 κτίζον
620 3143 714 3196 καὶ
753 3144 1100 3208 κτιζόιιενονο
1131 3143 1262 3207 Θεὸς
1295 3142 1353 3196 δὲ
1381 3142 1581 3214 μᾶλλον
1645 3143 1719 3206 ὡς
1749 3144 1811 3196 ὲκ

1919 3154 2055 3208 idem
2084 3164 2203 3205 esse
2249 3148 2519 3209 videatur,
2568 3142 2774 3197 faciens
2827 3147 2882 3193 et
2930 3135 3150 3195 factum,
3207 3142 3400 3184 creans
3436 3135 3493 3179 et

226 3235 371 3291 θεοῦ
402 3237 497 3289 καὶ
524 3236 757 3307 Πατρός.

284 3439 496 3504 MAG,
518 3438 669 3508 μετὰ
698 3437 1059 3507 συμπλοκῆς
1086 3436 1292 3507 ἐτέρου
1324 3435 1765 3507 συλλογισμοῦ.

304 3553 376 3608 Εἰ
406 3552 610 3622 κτίσμα
658 3552 805 3607 ἐστὶν
833 3554 862 3606 6
892 3552 1042 3617 Υἱὸς,
1066 3551 1183 3615 πῶς
1217 3551 1379 3614 αὐτὸς
1408 3550 1566 3621 μόνος
1606 3552 1818 3604 ἀποκα-

234 3645 433 3700 λύπτει
470 3645 563 3698 τὸν
593 3644 831 3716 Πατέρα,
865 3644 973 3697 τῶν
1005 3644 1180 3697 ἄλλων
1205 3642 1522 3713 κτισμάτων
1548 3643 1647 3695 οὐκ
1669 3642 1821 3712 ἑχόν-

237 3756 354 3794 των
387 3738 541 3792 10610
574 3739 776 3802 ποιεῖν;
806 3737 931 3800 Πῶς
959 3736 1015 3790 δὲ
1043 3737 1200 3807 μόνος
1230 3738 1258 3789 6
1286 3735 1417 3798 Υἱὸς
1448 3733 1705 3802 γινώσκει
1727 3732 1823 3787 τὸν

241 3828 487 3899 Πατέρα,
531 3827 639 3880 τῶν
686 3826 860 3881 ἄλλων
907 3827 1227 3897 ποιημάτων
1271 3826 1372 3879 οὐκ
1419 3824 1634 3877 εἰδότων
1684 3824 1821 3893 ὅπερ

239 3921 426 3988 ἐστίν;
467 3940 485 3971 ι
527 3919 712 3982 Οὐδεὶς
740 3918 877 3990 γὰρ,
902 3917 1057 3988 φησὶ,
1087 3916 1345 3985 γινώσκει
1374 3915 1457 3978 τίς
1492 3915 1683 3967 ἐστινό
1719 3914 1823 3965 Πα-

238 4013 354 4084 τὴρ
405 4014 455 4065 εί
508 4012 583 4083 μὴ
608 4013 636 4065 6
666 4011 814 4077 Υίὸς,
846 4012 941 4064 καὶ
995 4007 1039 4078 ᾧ
1067 4010 1132 4064 ἂν
1175 4012 1204 4063 6
1233 4009 1361 4073 Υἱὸς
1415 4007 1761 4081 ἀποκαλύψῃ.
1797 4026 1817 4059 ι

244 4108 381 4171 Πῶς
405 4104 463 4159 δὲ
489 4104 622 4159 Θεὸν
650 4103 875 4175 μηδενὸς
896 4103 1199 4172 ἑωρακότος
1224 4100 1465 4164 πώποτε,
1490 4099 1633 4154 καθά
1661 4116 1822 4168 φησιν

241 4202 273 4254 6
332 4198 743 4269 εὐαγγελιστὴς,
781 4195 968 4267 βλέπει
1016 4194 1176 4264 μόνος
1211 4194 1241 4245 6
1296 4192 1455 4256 Υίός;
1512 4192 1825 4261 Γέγραπται

244 4292 361 4363 γὰρ
398 4291 496 4361 οὐχ
529 4292 612 4342 ὅτι
665 4288 756 4342 τὸν
797 4285 1017 4358 Πατέρα
1042 4302 1127 4349 τις
1177 4283 1440 4354 ἑώρακεν,
1467 4283 1515 4333 εί
1560 4282 1636 4352 μὴ
1671 4281 1700 4332 6
1748 4279 1824 4332 ὢν

246 4383 406 4455 παρὰ
434 4380 530 4435 106
562 4380 807 4452 Πατρός;
836 4379 1046 4433 Οὐκοῦν
1075 4378 1125 4430 εί
1174 4377 1334 4446 μόνος
1367 4378 1395 4429 6
1431 4375 1559 4437 Υἱὸς
1599 4375 1703 4444 ὁρᾷ
1731 4376 1825 4425 καὶ

1916 3251 2157 3301 creatum
2192 3258 2206 3295 :
2241 3250 2297 3293 at
2344 3238 2524 3311 potius
2580 3234 2743 3299 Deus,
2793 3239 2977 3299 utpote
3024 3241 3086 3280 ex
3139 3224 3248 3277 Deo
3289 3229 3345 3274 et
3390 3216 3494 3270 Pa-

1919 3341 2020 3387 tre.

2024 3442 2256 3507 ALIUD,
2292 3456 2411 3493 cum
2444 3436 2766 3491 connexione
2799 3432 3019 3486 alterius
3073 3424 3383 3498 syllogismi.

1989 3558 2043 3611 Si
2072 3556 2241 3610 Filius
2273 3566 2355 3609 est
2387 3561 2663 3613 creatura,
2702 3547 2974 3616 quomodo
3002 3545 3115 3613 ipse
3151 3540 3300 3595 solus
3338 3550 3495 3591 reve-

1919 3648 1993 3702 lat
2018 3649 2255 3709 Patrem,
2286 3645 2427 3715 quod
2461 3651 2668 3697 exterae
2685 3647 2948 3694 creaturae
2974 3634 3157 3688 facere
3181 3627 3498 3700 nequeunt?

1919 3738 2026 3791 Aut
2053 3736 2322 3806 quomodo
2352 3733 2498 3789 solus
2528 3731 2697 3787 Filius
2745 3726 3023 3795 cognoscit
3084 3722 3323 3785 Patrem,
3376 3733 3498 3772 cum

1923 3830 2145 3894 reliquae
2169 3834 2433 3881 creatura:
2464 3823 2708 3879 nesciant
2740 3821 2862 3891 quis
2910 3817 3016 3871 sit?
3054 3835 3073 3867 ι
3112 3814 3281 3868 Nemo
3331 3810 3498 3873 enim,

1926 3917 2086 3991 149
2137 3917 2331 3986 inquit,
2354 3914 2503 3969 novit
2527 3912 2741 3966 Patrem
2774 3908 2876 3963 nisi
2911 3906 3105 3968 Filius,
3155 3911 3209 3957 et
3270 3901 3353 3955 cui
3421 3897 3507 3951 Fi-

1923 3990 2026 4063 lius
2051 4006 2368 4062 revelaverit
2395 4004 2463 4059 ".
2502 4023 2521 4057 ι
2561 4002 2679 4069 Quo
2700 4009 2856 4070 pacto
2876 4011 3029 4061 vero,
3054 4009 3174 4049 cum
3204 3990 3372 4045 Deum
3403 4003 3502 4042 ne-

1924 4114 2013 4155 mo
2048 4099 2242 4153 viderit
2277 4111 2533 4165 unquam,
2573 4095 2717 4149 sicut
2779 4091 2857 4144 ait
2884 4086 3219 4156 evangelista
3251 4082 3319 4144 ",
3357 4081 3507 4136 solus

1924 4191 2093 4247 Filius
2113 4190 2293 4247 videt?
2317 4188 2507 4243 Nonne
2535 4186 2679 4241 enim
2733 4185 2993 4252 scriptum
3018 4189 3101 4234 est
3128 4180 3197 4243 '°,
3230 4195 3248 4227 ι
3290 4175 3503 4228 Patrem

1924 4298 2086 4339 nemo
2112 4282 2246 4336 vidit
2266 4278 2638 4349 unquatn,nisi
2663 4275 2754 4344 qui
2780 4284 2862 4329 est
2882 4289 2947 4327 ex
2970 4270 3170 4325 Patre?
3196 4288 3214 4320 ›
3242 4267 3505 4334 Quocirca

1927 4374 1973 4428 si
2007 4372 2156 4426 solus
2190 4370 2374 4425 Filius
2403 4369 2547 4422 videt
2576 4374 2631 4421 et
2656 4363 2935 4434 cognoscit
2960 4361 3198 4423 Patrem,
3224 4362 3509 4428 ipsumque

250 4474 517 4545 γινώσκει
534 4473 626 4526 τὸν
648 4471 891 4541 Πατέρα,
905 4470 997 4523 καὶ
1012 4467 1388 4523 ἀποκαλύπτει
1406 4466 1587 4529 αὐτὸν,
1607 4466 1706 4518 οὐκ
1720 4464 1811 4533 ἄρα

1930 4464 2135 4520 revelat
2171 4479 2186 4516 :
2218 4477 2327 4516 non
2352 4461 2515 4528 igitur
2532 4466 2778 4513 creatura
2814 4462 2922 4517 est,
2966 4452 3060 4506 sed
3119 4448 3397 4518 proprium
3433 4448 3509 4513 ip-

249 4564 461 4635 κτίσμα
498 4562 665 4626 ἐστὶν,
701 4560 813 4615 ἀλλ’
842 4560 969 4623 ῐδιος
994 4559 1158 4612 αὐτοῦ
1180 4559 1373 4625 Λόγος,
1410 4558 1548 4627 ὅπερ
1573 4557 1720 4608 ἐστὶν
1741 4556 1831 4609 αὺ-

248 4658 347 4721 τὸς
367 4655 509 4709 κατὰ
546 4654 737 4723 φύσιν·
771 4652 931 4706 10610
970 4652 1235 4721 ὑπάρχειν
1272 4647 1427 4712 εἰδὼς
1465 4650 1560 4701 καὶ
1592 4647 1684 4701 τὸν
1707 4646 1835 4701 ὅθεν

251 4746 582 4815 ἐϐλάστησε,
621 4744 862 4814 Πατέρα,
906 4742 1000 4795 καὶ
1030 4743 1087 4795 ὲν
1127 4738 1305 4810 ἑαυτῷ
1339 4737 1600 4792 δεικνύων
1646 4736 1831 4801 αὑτὸν,

252 4838 435 4893 καίτοι
470 4836 582 4892 τῶν
632 4835 807 4891 ἄλλων
850 4832 1167 4903 κτισμάτων
1214 4832 1275 4884 οὐ
1327 4830 1640 4899 δυναμένων
1677 4827 1837 4880 τοῦτο

254 4932 449 4985 ποιεῖν.
488 4927 564 4982 Οὐ
602 4927 710 5000 γὰρ
737 4930 795 4981 ὲν
840 4928 954 4989 τοῖς
1000 4926 1298 4996 ποιήμασιν
1340 4924 1374 4993 ἡ
1423 4922 1519 4975 106
1552 4921 1832 4985 ποιοῦντος

253 5018 513 5090 ὁμοιότης
542 5017 794 5081 σώζεται,
822 5016 943 5070 οὐδὲ
972 5017 1029 5068 ὲν
1048 5018 1158 5078 τοῖς
1184 5016 1431 5084 γενητοῖς
1460 5015 1489 5067 6
1516 5012 1829 5082 ἀγέννητος,

256 5112 380 5166 οὐδὲ
412 5112 471 5165 ὲν
498 5114 608 5174 τοῖς
635 5113 700 5164 ὲκ
737 5108 831 5163 106
860 5108 935 5180 μὴ
978 5109 1128 5172 ὄντος
1164 5110 1245 5170 εἰς
1272 5107 1331 5160 16
1370 5102 1508 5159 εἶναι
1547 5103 1835 5177 παρηγμέ-

257 5222 374 5267 νοις
403 5205 431 5257 6
462 5204 549 5256 ἀεὶ
587 5204 681 5256 καὶ
718 5200 979 5264 ὡσαύτως
1002 5200 1077 5253 ὢν
1113 5199 1464 5269 ὁραθήσεται.
1494 5197 1744 5250 Φαίνεται
1777 5194 1835 5248 δὲ

260 5299 324 5349 ὲν
348 5294 461 5365 Υίῷ
478 5312 491 5325 ·
520 5293 635 5348 ἐστι
655 5292 763 5364 γὰρ
778 5291 943 5345 εἰκὼν
967 5289 1384 5361 ἀπαράλλακτος
1406 5287 1591 5341 αὑτοῦ.
1614 5288 1838 5357 Ὄμοιος

259 5383 359 5441 οὖν
406 5386 527 5439 κατ’
568 5385 754 5439 οὐσίαν
813 5383 930 5437 ἐστὶ
967 5382 1059 5436 τοῦ
1108 5378 1339 5452 Πατρός,
1375 5381 1434 5435 οὐ
1483 5380 1688 5450 κτίσμα
1742 5382 1839 5433 καὶ

264 5476 498 5546 ποίημα.
540 5474 757 5544 Ἐπειδὴ
789 5473 992 5527 τούτων
1024 5471 1173 5525 οὐδέν
1208 5472 1355 5523 ἐστιν
1392 5472 1421 5522 6
1451 5469 1658 5540 Πατὴρ,
1704 5469 1839 5540 πρὸς

265 5566 329 5619 ὃν
364 5566 456 5619 καὶ
497 5582 561 5635 με
570 5565 871 5635 μόρφωται.

349 5742 599 5798 "Matth.
637 5758 709 5808 al,
749 5741 839 5794 Ἦ.
915 5738 1132 5794 “Joan.
1172 5752 1210 5803 ι,
1244 5736 1328 5790 18.
1405 5733 1623 5789 "Joan.
1651 5749 1721 5799 vt,
1748 5732 1836 5787 46.

1933 4556 2050 4612 sius
2094 4555 2353 4618 Verbum,
2395 4551 2537 4621 quod
2566 4548 2782 4618 quidem
2839 4553 2925 4599 est
2965 4543 3080 4613 ipse
3137 4538 3505 4612 naturaliter:

1938 4647 2041 4701 hoc
2064 4645 2228 4700 etiam
2254 4642 2518 4698 exsistere
2538 4639 2721 4694 sciens
2752 4649 2878 4690 eum
2903 4648 2933 4686 a
2982 4647 3089 4702 quo
3138 4628 3383 4699 procedit
3410 4624 3511 4679 Pa-

1932 4745 2097 4799 trem,
2130 4741 2185 4787 et
2214 4733 2269 4787 in
2300 4733 2479 4801 seipso
2508 4743 2630 4784 eum
2660 4726 3101 4789 ostendens,cum
3126 4728 3334 4775 uetera:
3354 4731 3511 4771 crea-

1930 4837 2065 4883 turae
2096 4826 2148 4880 id
2186 4833 2443 4895 praestare
2476 4836 2581 4877 non
2608 4820 2841 4891 possint.
2872 4816 3060 4885 Neque
3106 4814 3251 4867 enim
3282 4811 3336 4864 in
3353 4822 3510 4864 crea-

1937 4920 2075 4974 turis
2097 4916 2365 4973 creatoris
2399 4912 2698 4969 similitudo
2732 4918 3003 4971 servatur,
3064 4919 3237 4973 neque
3288 4900 3514 4956 factoris

1936 5011 1990 5067 in
2019 5012 2086 5066 iis
2117 5024 2236 5079 quas
2262 5007 2406 5062 facta
2440 5014 2603 5061 sunt:
2638 5002 2881 5073 nequein
2910 5000 2977 5054 iis
2999 5012 3118 5068 qua:
3150 5012 3214 5049 ex
3243 4994 3413 5048 nihilo
3446 4993 3511 5044 ad

1938 5117 2060 5157 esse
2089 5101 2332 5155 traducta
2363 5098 2577 5162 sunt,is
2624 5095 2715 5165 qui
2774 5107 2989 5162 semper
3034 5089 3332 5156 eodemque
3356 5084 3514 5138 modo

1940 5191 2179 5254 exsistit,
2219 5188 2482 5244 cernitur.
2501 5184 2756 5241 Cernitur
2784 5175 3186 5235 auteminFilio
3220 5190 3235 5226 :
3263 5181 3346 5226 est
3367 5170 3512 5225 enim

1941 5284 2247 5340 omnimoda
2278 5282 2446 5352 ipsius
2487 5282 2684 5348 imago.
2734 5274 2940 5330 Similis
2983 5274 3166 5342 itaque
3218 5265 3513 5323 secundum

1943 5375 2239 5431 essentiam
2263 5382 2349 5429 est
2404 5370 2574 5435 Patri,
2627 5384 2732 5424 non
2785 5381 2920 5436 opus
2964 5372 3059 5419 aut
3112 5368 3379 5417 creatura.
3428 5354 3516 5409 Si-

1943 5468 2159 5538 quidem
2189 5467 2323 5524 nihil
2348 5467 2540 5523 borum
2568 5471 2653 5520 est
2676 5460 2855 5526 Pater,
2893 5456 3043 5527 cujus
3087 5454 3373 5525 imaginem
3431 5464 3517 5505 rc-

1944 5562 2068 5617 fert.
