3882 6210
394 342 496 399 231

1394 341 1451 396 S.
1494 338 1767 397 αγαιιλλ
1810 337 2277 393 ALEXANDRINI
2321 338 2637 394 ARClllEP.

3561 341 3673 394 252

395 460 800 516 Demonstratur
839 480 930 533 per
964 462 1345 517 observationes
1389 478 1453 514 ea:
1497 477 1649 533 sacra
1684 459 1944 525 Seriptun

2080 456 2499 533 Ἀπόδειξις-ἑξ
2528 457 2947 533 ἐπιτηρησεων
2970 456 3287 533 πραφικῷν,
3311 458 3398 510 ὅτι
3521 459 3671 533 Θερς

459 534 669 603 petims,
722 531 859 603 quod
904 534 1047 586 nulla
1096 543 1459 586 creaturarum
1513 532 1755 603 adoretur
1811 531 1961 603 quasi

470 602 604 654 Deus
636 620 652 655 :
683 601 919 671 quodque
944 622 1001 656 ea
1031 620 1147 670 qua:
1176 604 1399 656 adorant
1430 602 1646 653 adorari
1673 610 1760 652 aut
1802 601 1964 667 glori-

459 671 614 739 ﬁcari
645 690 747 727 non
780 676 1089 728 sustineant.

467 782 659 838 Petrus
718 783 1029 839 Cornelium
1072 785 1387 837 adorantem
1431 797 1490 836 se
1524 782 1771 851 prohibet
1807 791 1966 847 atque

392 884 561 941 arcet,
589 876 772 931 dicens
803 894 845 929 :t
870 878 945 931 Ne
966 877 1161 941 facias;
1182 892 1305 929 nam
1328 885 1632 944 etegosum
1660 874 1818 927 lIOIlIO
1837 875 1958 925 ³⁸⁸.»

390 968 626 1039 Angelus
677 970 839 1023 etiam
887 969 937 1021 in
975 967 1294 1038 Apocalypsi
1343 964 1606 1021 Joannem
1650 966 1962 1018 adorantem

389 1076 448 1116 se
492 1062 756 1130 increpat,
805 1061 1037 1115 dicens:
1083 1079 1101 1111 t
1134 1061 1277 1114 Cave
1312 1075 1378 1113 ne
1431 1059 1617 1119 facias,
1670 1073 1964 1112 conservus

386 1150 529 1203 enim
563 1160 685 1205 tuus
736 1166 876 1215 sum,
927 1162 982 1206 et
1026 1152 1251 1204 fratrum
1291 1161 1502 1205 tuorum
1554 1149 1961 1219 prophetarum,

385 1251 438 1294 et
461 1255 647 1296 eorum
668 1245 760 1313 qni
794 1244 1291 1299 custodiuntverba
1316 1244 1437 1297 libri
1464 1243 1620 1312 hujus
1640 1244 1706 1293 ’7.
1734 1261 1752 1292 ›
1776 1240 1964 1294 Manoe

385 1346 602 1400 quoque
638 1342 845 1401 patrem
884 1333 1227 1402 Satnpsonis,
1259 1333 1589 1387 sacrificium
1620 1331 1958 1394 oﬂerenlem,

384 1424 609 1493 angelus
644 1424 935 1492 prohibuit,
969 1424 1195 1478 dicens:
1229 1442 1247 1474 ι
1276 1422 1330 1477 Si
1359 1424 1692 1478 sacrilicabis
1727 1423 1961 1486 haedum,

383 1513 611 1568 Domino
646 1514 982 1570 sacrificabis
1016 1531 1140 1570 eum
1163 1516 1233 1569 ³⁸.
1262 1536 1280 1567 ι
1314 1516 1386 1570 De
1420 1515 1555 1570 Filio
1604 1524 1782 1569 autem
1827 1513 1963 1568 seri-

382 1616 528 1673 ptum
555 1614 638 1661 est
666 1622 679 1658 :
716 1626 733 1657 t
769 1608 1009 1662 Adorent
1037 1622 1157 1661 eum
1191 1622 1379 1663 omnes
1408 1608 1581 1676 angeli
1618 1606 1711 1662 Dei
1752 1606 1818 1660 '9.
1853 1624 1871 1657 ι
1905 1603 1960 1658 In

381 1694 515 1749 Isaia
546 1697 803 1765 scriptum
832 1707 915 1752 est
949 1716 963 1753 :
1006 1717 1024 1749 ι
1062 1696 1121 1752 In
1161 1708 1211 1753 te
1234 1699 1559 1763 adorabunt,
1586 1710 1639 1754 et
1669 1699 1722 1752 in
1760 1708 1812 1751 te
1837 1706 1960 1749 vota

378 1786 598 1842 facient.
634 1787 712 1842 Tu
747 1790 888 1843 enim
926 1805 985 1844 es
1031 1791 1193 1855 Deus,
1228 1802 1282 1847 et
1326 1793 1671 1857 nescivimus,
1710 1791 1850 1845 Deus
1880 1788 1959 1844 ls-

378 1884 490 1938 rael
537 1884 794 1941 Servator
842 1888 882 1942 ⁸.
916 1908 934 1939 ι
986 1887 1171 1942 Fuerit
1216 1898 1397 1941 autem
1432 1886 1801 1941 verisimiliter
1845 1886 1961 1940 haec

380 1991 481 2031 vox
523 1992 709 2031 eorum
741 1979 831 2049 qui
876 1994 939 2033 ex
974 1979 1223 2050 gentibus
1259 1980 1438 2033 vocati
1482 1986 1627 2043 sunt,
1655 1978 1745 2048 qui
1790 1978 1957 2031 Deum

374 2069 627 2137 deinceps
654 2081 1039 2141 cognoverunt.
1080 2070 1135 2125 Si
1179 2084 1309 2124 vero
1336 2070 1530 2124 Filium
1563 2080 1957 2141 cognoscentes

373 2159 541 2214 Deum
576 2171 968 2233 c0gnoverunt,
1004 2175 1057 2217 et
1081 2170 1336 2232 tanquam
1372 2164 1540 2219 Deum
1573 2163 1824 2227 adorant,
1850 2178 1955 2216 non

373 2252 535 2321 igitur
581 2264 829 2309 creatura
882 2265 1001 2319 est,
1048 2270 1116 2310 ne
1176 2265 1364 2327 gentes
1419 2265 1725 2312 creaturam
1775 2256 1955 2326 potius

369 2356 531 2409 quam
559 2342 871 2400 Creatorem
906 2345 1085 2401 colere
1107 2346 1419 2401 videantur.

1045 2543 1279 2600 ALlUD.

436 2653 687 2711 Christus
715 2656 781 2711 ad
815 2657 1107 2725 discipulos
1140 2674 1270 2714 suos
1325 2673 1377 2713 .a
1410 2658 1483 2713 ait
1519 2683 1531 2713 :
1564 2679 1581 2710 ι
1612 2657 1723 2713 Vos
1746 2661 1949 2714 vocatis

367 2763 474 2811 me,
523 2749 802 2810 Dominus,
862 2760 917 2802 et
964 2750 1239 2821 Magister,
1268 2761 1321 2806 et
1353 2761 1503 2807 recte
1553 2752 1734 2806 dicitis
1775 2771 1788 2806 :
1826 2769 1946 2807 sum

364 2840 506 2894 enim
531 2839 571 2890 '.
610 2858 628 2890 ι
664 2837 867 2893 Deinde
892 2838 1131 2894 Thomas
1168 2842 1237 2893 ita
1269 2841 1335 2895 ad
1367 2841 1544 2911 ipsum
1581 2842 1711 2897 dicit
1739 2862 1750 2897 :
1791 2861 1810 2893 ι
1839 2844 1947 2896 Do-

364 2930 544 2984 minus
592 2944 763 2994 meus,
801 2939 856 2983 et
906 2930 1045 2985 Deus
1085 2930 1310 2995 tneus';
1349 2949 1367 2981 ι
1405 2947 1579 3001 neque
1611 2943 1786 2988 tamen
1821 2950 1945 3002 pro-

365 3022 558 3088 hibuit,
618 3038 687 3076 ne
738 3023 1033 3091 discipulus
1081 3023 1133 3078 id
1199 3023 1436 3089 diceret,
1491 3026 1942 3093 quemadmodum

363 3113 538 3184 angeli
583 3115 812 3169 sanctis.
859 3116 1143 3170 Psalmista
1175 3119 1340 3172 etiam
1380 3137 1393 3173 :
1433 3137 1449 3169 t
1489 3120 1744 3173 Thrnnus
1794 3130 1938 3185 tuus,

2144 527 2327 580 οὺδὲν
2357 526 2476 579 τῶν
2510 527 2853 595 κτισμάτων
2878 527 3303 594 προσκυνεῖται
3330 544 3343 556 °
3378 530 3515 581 οὔτε
3535 528 3671 597 μὴν

2140 598 2643 668 προσκυνούμενα
2718 597 2993 665 ἀνέχεται
3062 598 3535 664 προσκυνεῖσθαι
3626 599 3663 668 ἣ

2141 667 2612 735 δοξολογεῖσθαι.

2153 779 2208 831 ’0
2241 778 2513 848 μακάριος
2542 779 2747 850 Πέτρος
2782 778 3196 850 προσκυνοῦντα
3221 780 3311 832 τὸν
3335 780 3659 851 Κορνήλιον,

2064 870 2353 923 διακωλύει
2378 871 2580 939 λέγων’
2607 890 2625 921 ι
2652 872 2745 940 Μὴ
2775 872 2938 924 ποίει’
2961 872 3055 924 καί¹
3088 872 3195 942 γὰρ
3232 871 3345 941 ἐγὼ
3374 873 3659 942 ἄνθρωπός

2067 962 2204 1031 εἰμι.
2240 981 2257 1013 ›
2280 959 2581 1014 Ἑκώλυσεν
2609 961 2835 1030 ἄγγελος
2855 963 3261 1033 προσκυνοῦντα
3297 964 3386 1015 τὸν
3402 965 3659 1035 Ἰωάννην

2066 1056 2122 1107 ἐν
2144 1057 2208 1125 τῆ
2240 1054 2403 1108 αὑτοῦ
2422 1054 2807 1123 Ἀποκαλύψει,
2827 1054 3019 1123 λέγων’
3044 1076 3061 1107 ι
3090 1057 3233 1127 Ὅρα
3262 1068 3334 1127 μη
3370 1057 3657 1120 σύνδουλός

2068 1165 2161 1200 σου
2193 1149 2309 1218 είμὶ
2330 1192 2343 1213 ,
2392 1150 2486 1201 καὶ
2527 1148 2634 1201 τῶν
2676 1148 2919 1215 ἀδελφῶν
2952 1166 3044 1200 σου
3074 1148 3182 1202 τῶν
3215 1148 3527 1218 προφητῶν,
3562 1151 3657 1201 καὶ

2064 1238 2172 1289 τῶν
2204 1239 2585 1307 φυλασσόντων
2618 1241 2744 1303 τοὺς
2771 1241 2964 1308 λόγους
2997 1239 3090 1293 τοῦ
3140 1239 3344 1308 βιϐλίου
3386 1239 3598 1292 τούτου.
3632 1259 3650 1291 ι

2066 1330 2170 1382 Τὸν
2219 1331 2420 1384 Μανωὲ
2468 1331 2563 1384 τοῦ
2614 1331 2853 1401 Σαμψὼν
2898 1332 2991 1384 τὸν
3020 1333 3232 1402 πατέρα
3272 1331 3459 1384 θυσίαν
3487 1348 3657 1396 προσ-

2066 1424 2305 1489 άγοντα,
2339 1424 2672 1477 ’κεκώλυκεν
2727 1428 2754 1477 6
2803 1424 3031 1493 ἄγγελος
3079 1424 3284 1492 λέγων·
3340 1443 3357 1474 t
3400 1426 3508 1476 Kal.
3558 1424 3656 1477 ἐὰν

2065 1516 2299 1586 ποιήσῃς
2350 1514 2559 1584 ἔριφον,
2606 1516 2798 1587 Κυρίῳ
2847 1517 3093 1585 ποιήσεις
3143 1515 3324 1568 αὐτόν.
3360 1534 3378 1566 ›
3416 1516 3550 1584 Περὶ
3597 1514 3656 1566 δὲ

2062 1606 2155 1658 τοῦ
2194 1606 2319 1659 Υίοῦ
2349 1608 2657 1677 γέγραπται
2676 1626 2688 1639 ο
2724 1626 2741 1659 t
2769 1608 3312 1678 Προσκυνησάτωσαν
3342 1607 3489 1678 αὐτῷ
3510 1607 3652 1659 πάν-

2063 1717 2153 1763 τες
2182 1700 2402 1769 ἄγγελοι
2441 1700 2596 1753 Θεοῦ.
2627 1720 2643 1749 ι
2665 1701 2754 1753 Ἕν
2779 1700 2858 1771 τῷ
2885 1702 3082 1771 Ἡσαΐᾳ
3113 1701 3422 1772 γέγραπται
3455 1700 3649 1753 πάλιν·

2071 1812 2087 1842 ι
2126 1794 2236 1846 Καὶ
2270 1795 2327 1845 ἐν
2364 1792 2447 1845 σοι
2480 1794 2937 1862 προσκυνήσουσι,
2970 1794 3064 1847 καὶ
3097 1795 3157 1846 ἐν
3190 1794 3272 1847 σοὶ
3317 1792 3649 1864 προσεύξον-

2060 1901 2169 1938 ται.
2219 1884 2291 1937 Σὺ
2317 1884 2427 1956 γὰρ
2456 1880 2509 1937 εἴ
2532 1887 2559 1938 6
2585 1884 2740 1949 Θεὸς,
2777 1885 2875 1939 καὶ
2917 1885 3016 1939 ούκ
3047 1886 3299 1956 ᾔδειμεν·
3337 1886 3365 1937 6
3391 1886 3521 1947 Θεὸς
3552 1884 3652 1936 τοῦ

2072 1976 2286 2047 Ἰσραὴλ
2336 1976 2550 2047 Σωτήρ.
2585 1996 2603 2029 ι
2634 1976 2732 2045 Ετη
2778 1976 2822 2029 δ’
2860 1976 2925 2029 ἂν
2969 1976 3194 2039 εἰκότως
3238 1976 3344 2028 τῶν
3378 1975 3435 2039 ἐξ
3477 1976 3654 2029 ἐθνῶν

2057 2069 2412 2139 κεκλημένων
2456 2072 2489 2139 ἡ
2534 2069 2761 2139 τοιαύτη
2814 2068 2965 2140 φωνὴ
3019 2069 3207 2122 λοιπὸν
3256 2071 3652 2137 ἐπεγνωκότων

2055 2160 2207 2217 Θεόν.
2238 2164 2300 2216 Et
2346 2162 2404 2214 δὲ
2452 2161 2544 2215 τὸν
2585 2161 2709 2213 Υἱὸν
2754 2160 3090 2227 ἐπιγνόντες,
3119 2161 3253 2214 Θεὸν
3304 2162 3648 2230 ἐπέγνωσαν,

2056 2254 2149 2307 καὶ
2195 2255 2271 2317 ὼς
2315 2252 2435 2325 Θεῷ
2482 2252 2904 2325 προσκυνοῦσιν,
2934 2253 3034 2306 οὐκ
3065 2253 3172 2323 ἄρα
3210 2255 3416 2324 κτίσμα
3471 2255 3647 2316 ἐστὶν,

2054 2347 2140 2400 ἵνα
2172 2348 2247 2417 μὴ
2279 2346 2442 2399 πάλιν
2478 2346 2741 2415 κτίσματι
2776 2344 3013 2414 λατρεύῃ
3056 2345 3126 2397 τὰ
3175 2344 3300 2416 ἔθνη
3348 2344 3501 2415 παρά
3553 2345 3650 2398 τὸν

2056 2439 2341 2491 κτίσαντα.

2744 2551 2947 2605 AAAO.

2122 2666 2281 2733 Λέγει
2342 2664 2478 2735 πρὸς
2532 2682 2658 2729 τους
2729 2664 2923 2718 ἐαυτοῦ
2981 2664 3227 2734 μαθητὰς
3277 2665 3305 2715 6
3357 2665 3589 2735 Χριστός
3628 2682 3642 2694 ·

2056 2775 2075 2807 t
2099 2758 2286 2827 Ὑμεῖς
2318 2757 2529 2811 καλεῖτέ
2561 2776 2649 2828 με,
2684 2759 2713 2809 6
2743 2758 2947 2828 Κύριος
2982 2757 3075 2809 καί¹
3108 2758 3136 2808 ὁ
3170 2756 3518 2819 Διδάσκαλος,
3541 2758 3646 2808 καὶ

2048 2849 2229 2912 καλῶς
2276 2850 2494 2918 λέγετε·
2525 2851 2641 2920 είμλ¹
2676 2851 2805 2920 γάρ.
2838 2869 2855 2901 ι
2894 2845 3025 2901 Εἶτα
3071 2849 3219 2917 λέγει
3252 2848 3387 2918 πρὸς
3419 2849 3581 2900 αὑτὸν
3614 2851 3645 2902 6

2046 2939 2249 3007 Θωμᾶς
2272 2954 2283 2967 °
2328 2959 2343 2990 t
2369 2940 2426 2991 '0
2458 2938 2660 3009 Κύριός
2690 2956 2818 3009 μου,
2856 2939 2950 2992 καὶ
2979 2941 3006 2991 6
3034 2939 3165 3001 Θεός
3214 2956 3337 3008 μου,
3372 2958 3389 2989 ι
3412 2938 3507 2990 καὶ
3532 2940 3643 2991 οὐκ

2046 3030 2371 3084 ἁπεκώλυσε
2402 3031 2577 3085 ταῦτα
2606 3031 2832 3100 λέγοντα
2856 3031 2948 3083 τὸν
2979 3030 3224 3100 μαθητὴν
3252 3031 3325 3093 ὡς
3348 3032 3395 3083 οἱ
3417 3031 3644 3098 ἄγγελοι

1994 3120 1997 3121 ν
2044 3124 2170 3185 τοὺς
2194 3124 2403 3191 ἁγίους.
2420 3124 2529 3175 Καὶ
2547 3125 2574 3175 6
2599 3122 2904 3193 Ψαλμῳδός
2920 3134 2935 3149 ⁸
2965 3141 2982 3173 t
3005 3123 3061 3174 '0
3087 3121 3274 3192 θρόνος
3300 3139 3412 3185 σου,
3436 3123 3464 3172 6
3481 3121 3641 3184 Θεὸς,

364 3206 526 3269 Deus,
558 3206 718 3269 Deus,
756 3206 807 3261 in
839 3206 1092 3262 saeculum
1127 3209 1305 3263 saeculi
1333 3209 1376 3262 ’⁵.
1408 3227 1426 3260 ι
1469 3208 1629 3279 150
1655 3211 1720 3264 At
1754 3212 1797 3265 si
1824 3222 1942 3265 erat

2062 3214 2072 3264 5
2103 3212 2257 3276 Θεὸς,
2304 3216 2386 3276 είς
2420 3213 2511 3265 τὸν
2544 3192 2842 3267 αίῶναγτοῦ
2881 3213 3095 3276 αἰῶνος.
3127 3233 3145 3264 ι
3198 3213 3334 3264 Ἀλλ’
3369 3211 3526 3281 εἴπερ
3569 3209 3643 3283 ἦν

358 3310 612 3354 creatura
657 3300 821 3354 etiam
868 3301 1003 3370 ipse,
1040 3316 1143 3355 non
1180 3300 1375 3357 fuisset
1435 3304 1713 3367 adoratus,
1766 3319 1941 3373 neque

358 3401 581 3445 vocatus
618 3391 896 3458 Dominus,
950 3408 1125 3462 neque
1162 3393 1371 3447 tulisset
1398 3408 1723 3462 quemquam
1756 3395 1939 3447 dicen-

360 3494 467 3538 tem
508 3502 521 3537 :
560 3481 637 3537 Tu
672 3498 731 3538 es
760 3484 901 3539 Deus
933 3499 1103 3539 meus.
1136 3484 1270 3539 Cum
1305 3500 1434 3539 vero
1468 3485 1785 3539 naturaliter
1824 3486 1938 3540 haec

357 3574 449 3637 Sil,
485 3574 690 3627 habens
724 3589 784 3628 ea
813 3589 933 3641 quae
963 3572 1140 3628 Patris
1172 3585 1319 3639 sunt,
1356 3583 1413 3627 ut
1449 3572 1619 3627 Filius
1664 3581 1719 3626 et
1752 3588 1936 3625 verum

358 3666 525 3734 ipsius
570 3680 812 3735 germen,
867 3666 1103 3720 admittit
1133 3666 1295 3719 etiam
1344 3681 1437 3721 eos
1466 3669 1559 3736 qui
1606 3664 1731 3719 talia
1780 3668 1846 3719 de
1880 3680 1939 3719 se

357 3759 669 3826 praedicant,
709 3769 768 3811 ut
790 3773 974 3812 verum
1007 3757 1339 3827 profitentes.

1038 3865 1265 3923 ALIUD.

357 3978 595 4050 Objectio
635 3995 699 4034 ca;
750 3975 1077 4049 dogmatibus
1124 3981 1260 4044 Arii,
1311 3998 1427 4051 qua:
1482 4000 1677 4046 veram,
1732 3994 1788 4037 ut
1835 3986 1933 4046 ipsi

420 4060 630 4122 potant,
668 4068 883 4122 causam
917 4052 1168 4112 continet,
1204 4065 1412 4120 propter
1450 4070 1605 4121 quant
1650 4056 1819 4122 factus
1868 4057 1931 4107 sit

425 4120 621 4187 Filius,
682 4134 727 4175 et
756 4121 870 4190 ejus
893 4138 982 4190 per
1006 4122 1201 4174 solidos
1238 4120 1569 4193 syitogismos
1604 4120 1873 4192 refutatio.

422 4303 581 4367 Cum,
614 4303 883 4373 inquiunt,
918 4302 1056 4356 Deus
1090 4300 1250 4356 vellet
1279 4311 1649 4357 creaturarum
1684 4314 1931 4359 naturam

350 4394 698 4456 constituere,
732 4408 852 4446 cum
884 4391 975 4445 illa
1002 4392 1322 4445 immensam
1342 4392 1511 4459 ipsius
1535 4394 1643 4447 vim
1675 4410 1737 4448 ac
1763 4396 1933 4448 virtu-

2044 3304 2252 3372 κτίσμα
2306 3305 2399 3356 καὶ
2452 3304 2637 3369 αὐτὸς,
2696 3305 2796 3357 οὐκ
2849 3304 2914 3357 ἃν
2964 3290 3366 3376 προσεκυνηθη,
3416 3306 3514 3357 οὐκ
3568 3306 3639 3357 ἂν

2044 3394 2249 3464 ἐκλήθη
2301 3394 2524 3467 Κύριος,
2560 3396 2659 3448 οὐκ
2704 3395 2771 3448 ἂν
2819 3396 3081 3465 ἠνέσχετο
3113 3395 3327 3447 ἀκούων
3360 3395 3506 3457 τινὸς
3546 3396 3638 3447 λέ-

2042 3499 2266 3550 γοντος·
2302 3484 2373 3536 Σὺ
2424 3479 2475 3536 εἷ
2530 3486 2559 3537 6
2604 3484 2737 3547 Θεός
2773 3485 3134 3555 μου.Ἐπειδὴ
3177 3485 3233 3537 δὲ
3287 3486 3425 3537 κατά
3469 3486 3638 3552 φύσιν

2038 3575 2211 3629 ταῦτά
2238 3578 2405 3639 ἐστιν,
2438 3576 2575 3646 ἔχων
2608 3577 2675 3629 τὰ
2709 3578 2801 3630 τοῦ
2852 3578 3062 3649 Πατρὸς
3106 3578 3180 3639 ὡς
3212 3577 3334 3641 Υἱὸς
3370 3580 3465 3630 καὶ
3496 3580 3639 3648 γυνή-

2041 3686 2156 3722 σιον
2184 3670 2450 3739 γέννημα,
2468 3670 2563 3724 καὶ
2586 3670 2911 3741 ἀποδέχεται
2939 3671 3065 3734 τοὺς
3094 3671 3163 3723 τὰ
3191 3671 3415 3725 τοιαῦτα
3443 3672 3635 3738 λέγον-

2038 3777 2158 3825 τας,
2191 3762 2266 3825 ὡς
2288 3761 2685 3832 ὁμολογοῦντας
2716 3762 2777 3815 τὸ
2808 3762 3028 3833 ἀληθές.

2728 3879 2935 3933 ΑΛΛΟ.

2050 3990 2378 4060 Ἀντίθεσις
2424 3994 2543 4049 ἀπὸ
2590 3993 2708 4047 τῶν
2758 3994 2987 4061 Ἀρείου
3034 3993 3375 4061 δογμάτων,
3423 3995 3631 4047 αἰτίαν

2107 4063 2342 4131 ἔχουσα
2399 4065 2502 4118 τοῦ
2558 4063 2922 4132 πεποιῆσθαι
2974 4065 3080 4117 τὸν
3120 4065 3273 4127 flor,
3325 4065 3405 4130 ὡς
3452 4066 3631 4117 αὐτοὶ

2107 4134 2452 4202 νομίζουσιν
2481 4134 2701 4202 ἀληθῆ.
2748 4135 2845 4204 καί
2880 4135 3060 4200 λύσις
3095 4132 3315 4201 ἐφεξῆς
3338 4137 3489 4204 μετὰ
3526 4150 3631 4188 πι-

2108 4206 2432 4272 θανότητος
2462 4202 2914 4274 συλλογισμῶν.

2105 4316 2458 4386 Βουλόμενος,
2492 4319 2680 4384 φασιν,
2716 4317 2745 4368 6
2779 4316 2886 4369 τῶν
2914 4315 3053 4369 ὅλων
3084 4316 3213 4378 Θεὸς
3245 4316 3345 4387 τὴν
3374 4317 3485 4370 τῶν
3527 4333 3626 4384 γε·

2034 4406 2212 4476 νητῶν
2261 4407 2565 4477 ὑποστῆσαι
2619 4408 2802 4476 φύσιν,
2844 4408 2966 4459 ἐπεὶ
3018 4406 3092 4477 μὴ
3142 4407 3371 4475 ἠδύνατο
3420 4412 3626 4477 χωρεῖν

353 4493 457 4537 tem
499 4498 696 4553 capere
745 4499 853 4537 non
919 4494 1121 4553 posset,
1190 4483 1424 4552 primum
1464 4485 1671 4539 creavit
1711 4485 1927 4550 Filium,

2062 4495 2170 4567 ιῦτη
2200 4496 2298 4566 τὴν
2321 4497 2558 4566 ἄκρατον
2589 4497 2752 4550 αὑτοῦ
2780 4496 3031 4566 δύναμιν,
3073 4496 3245 4559 κτίζει
3280 4497 3498 4565 πρῶτον
3526 4498 3625 4551 τὸν

349 4590 505 4645 quem
559 4584 613 4629 et
660 4573 897 4630 Verbum
940 4576 1256 4641 nominavit,
1315 4584 1372 4629 ut
1414 4590 1513 4643 per
1573 4576 1720 4631 ilium
1773 4580 1926 4647 quasi

350 4668 585 4721 medium
636 4669 859 4735 reliqum
904 4680 1170 4723 creaturte
1224 4677 1390 4723 tanta:
1436 4671 1655 4723 virtutis
1700 4686 1925 4739 capaces

252 4818 259 4827 ,
346 4756 711 4812 efﬁcerentur.
739 4758 1027 4813 Eratenim
1056 4760 1257 4828 alioqui
1286 4760 1575 4815 absurdum
1602 4760 1921 4817 ineffabilem

348 4853 439 4907 Dei
476 4851 727 4904 virtutem
779 4852 845 4906 ad
894 4853 1008 4907 haec
1057 4853 1279 4908 minima
1324 4854 1628 4925 pervenire,
1675 4864 1730 4910 et
1778 4857 1921 4912 circa

344 4947 481 5000 adeo
514 4944 674 4998 exilia
702 4942 970 5001 laborare.

861 5057 1057 5115 S'olutio
1084 5061 1414 5131 objectiouis.

411 5167 467 5222 SI
499 5169 752 5222 virtutem
784 5184 849 5223 ac
878 5172 1172 5236 potentiam
1202 5170 1295 5225 Dei
1326 5182 1516 5228 natura
1547 5188 1915 5233 creaturarum

342 5275 535 5327 capere
564 5271 619 5314 ct
646 5260 790 5315 ferre
818 5277 924 5313 non
956 5271 1153 5329 potest,
1187 5278 1297 5331 quo
1327 5274 1487 5334 pacto
1514 5282 1632 5321 eam
1670 5272 1793 5323 tulit
1824 5272 1915 5325 Fi-

342 5352 467 5413 lius,
495 5367 615 5406 cum
649 5354 723 5407 sit
759 5362 813 5406 et
848 5353 961 5421 ipse
995 5362 1218 5408 creatus
1253 5356 1535 5424 factusque
1566 5374 1596 5413 e
1640 5361 1828 5426 nihilo,
1861 5374 1917 5418 ut

338 5459 436 5498 vos
492 5446 765 5498 censetis?
813 5445 919 5499 Aut
972 5461 1079 5516 quo
1130 5460 1287 5515 pacto
1332 5452 1587 5504 sustinuit
1643 5452 1915 5523 ingentem

342 5535 487 5589 illam
520 5534 694 5590 Patris
726 5538 1123 5606 operationem,
1153 5557 1271 5593 eum
1307 5542 1398 5607 sit,
1440 5552 1499 5596 ut
1528 5542 1729 5608 dicitis.
1762 5563 1914 5601 crea—

404 5718 609 5801 fi'Act.
641 5720 813 5801 χρὴ
860 5721 1122 5801 ¹’ἸΑροα
1160 5739 1280 5801 xix;
1308 5727 1387 5779 l0.
1464 5728 1705 5788 "Judic.
1744 5749 1859 5801 xm,

340 5790 358 5818 ³
384 5788 537 5844 Joan.
570 5807 657 5844 xx.
691 5791 780 5843 28.
859 5788 1036 5848 ‘Psal.
1070 5809 1213 5861 λων,
1252 5797 1297 5848 ’1.

2036 4587 2181 4654 Υἰὸν,
2223 4588 2281 4640 ὃν
2316 4588 2413 4640 καὶ
2457 4588 2629 4656 Λόγον
2668 4588 2986 4658 ὠνόμασεν·
3022 4588 3110 4641 ἵνα
3142 4589 3207 4641 δι’
3240 4588 3400 4643 αὑτοῦ
3446 4589 3623 4642 τᾶλλα

2031 4681 2255 4750 γένηται
2292 4681 2455 4750 μέσου
2480 4681 2775 4752 γενομένου
2808 4684 3005 4751 χωρεῖν
3040 4681 3289 4750 ἰσχύοντα
3320 4682 3416 4753 τὴν
3445 4683 3620 4735 αὐτοῦ

2032 4772 2186 4841 μόλις
2223 4773 2689 4844 δύναμιν.”Ἀλλως
2720 4792 2779 4827 τε
2804 4770 2870 4844 ἦν
2902 4774 3098 4827 ἄτοπον
3140 4774 3237 4845 τὴν
3289 4774 3493 4841 ἄφατον
3516 4775 3617 4828 τοῦ

2028 4864 2163 4917 Θεοῦ
2200 4865 2429 4935 δύναμιν
2465 4866 2626 4936 μέχρι
2676 4865 2783 4917 τῶν
2817 4866 3001 4927 οὕτως
3038 4864 3335 4933 ἐλαχίστων
3383 4864 3616 4934 φθάσαι,

2028 4956 2121 5009 καὶ
2158 4955 2500 5026 ἀσχολεῖσθαι
2533 4957 2627 5009 καὶ
2661 4956 2788 5026 περὶ
2811 4956 2878 5009 τὰ
2910 4955 3053 5008 οὕτω
3083 4958 3276 5027 μικρά.

2508 5069 2665 5139 Πρὸς
2703 5070 2878 5124 τοῦτο
2915 5071 3119 5136 λύσις.

2098 5183 2159 5235 Εἰ
2191 5182 2461 5254 ἀφόρητος
2489 5178 2555 5253 ἦν
2584 5184 2617 5252 ἡ
2645 5181 2738 5235 τοῦ
2765 5181 2900 5235 Θεοῦ
2945 5181 3175 5253 δύναμις
3210 5185 3274 5253 τῇ
3303 5185 3412 5237 τῶν
3441 5202 3614 5257 γενη-

2023 5274 2129 5327 τῶν
2182 5274 2361 5342 φύσει,
2396 5275 2510 5337 πῶς
2557 5275 2726 5345 αὐτὴν
2775 5276 3005 5346 ἤνεγκεν
3033 5276 3062 5327 6
3094 5275 3238 5341 Υίὸς,
3270 5278 3498 5347 γενητὸς
3532 5278 3612 5334 ῶν

2024 5368 2118 5420 καὶ
2144 5366 2304 5429 αὐτὸς
2335 5367 2429 5419 καὶ
2454 5365 2512 5430 ἐξ
2544 5368 2645 5419 οὐκ
2674 5367 2861 5433 ὄντων,
2890 5366 3013 5420 καθ’
3046 5367 3223 5435 ὑμᾶςς
3257 5369 3380 5432 Πῶς
3406 5369 3462 5421 δὲ
3501 5372 3607 5423 ὑπ-

2024 5457 2203 5527 έμεινε
2248 5458 2347 5526 τὴν
2390 5456 2627 5527 ἄκρατον
2657 5458 2989 5525 αὐτουργίαν
3020 5456 3114 5507 τοῦ
3151 5459 3360 5527 ιΙατρὸς
3396 5459 3612 5529 κτίσμα

2026 5551 2307 5620 ὑπάρχων,
2335 5548 2409 5613 ὦς
2437 5567 2606 5618 φατε·
2650 5549 2890 5619 Ἀνάγκη
2928 5550 3035 5619 γὰρ
3066 5548 3099 5619 ἢ
3130 5548 3319 5602 τούτου
3348 5550 3613 5622 δυνηθὲν⁹

3094 5729 3291 5785 Ἰοῖιῑῑ.
3342 5745 3464 5796 XIII,
3515 5730 3602 5785 l5.

2024 5733 2229 5790 39l’sal.
2259 5749 2400 5797 XCVI,
2439 5732 2487 5786 7.
2614 5732 2714 5787 lsa.
2754 5748 2875 5797 xcv,
2931 5731 3010 5785 Μ.
