3882 6210
182 350 293 404 253

1578 346 2022 405 TIIESAURUS.

3322 343 3428 396 25$

182 486 297 530 τος,
336 466 513 519 πᾶσαν
541 467 797 518 δύνασθαι
842 465 939 534 τὴν
971 464 1147 518 κτίσιν
1167 483 1179 494 ·
1212 464 1244 536 ἢ
1291 466 1389 537 τῆς
1434 466 1599 537 ἄλλης
1631 468 1751 519 ἀτο-

1863 468 2016 522 tura?
2041 466 2413 522 Necessarium
2437 465 2579 521 enim
2598 474 2704 527 est,
2730 471 2790 516 ut
2816 475 2939 516 cum
2959 460 3072 529 ipse
3094 457 3236 513 illius
3257 473 3428 527 capax

182 557 379 627 νούσης
415 555 666 616 κτίσεως,
702 556 1050 608 συνασθενεῖν
1092 557 1185 609 καὶ
1232 558 1395 610 αὑτὸν
1423 558 1497 619 ὡς
1529 557 1754 626 κτιστῆς

180 649 313 700 ὅντα
350 649 585 723 φύσεως.
620 647 682 698 Εἰ
727 647 783 698 δὲ
829 647 1105 716 ἐχώρησεν
1138 650 1165 699 6
1199 648 1324 710 Υἱὸς
1368 649 1596 717 κτίσμα,
1632 648 1753 701 καθ’

182 741 347 808 ὑμᾶς,
377 724 635 808 ὑπάρχων
656 740 755 807 τὴν
780 737 870 791 τοῦ
901 739 1109 809 Πατρὸς
1135 739 1482 811 αὐτουργίαν,
1515 741 1755 811 χωρήσει

181 830 276 882 καὶ
314 828 481 881 τᾶλλα
508 828 804 897 κτίσματα,
833 828 925 881 καὶ
953 829 1177 898 περιττὴ
1207 832 1454 898 φανεῖται
1496 830 1683 884 λοιπὸν
1719 833 1753 901 ἡ

177 919 272 972 τοῦ
308 917 433 971 Υἱοῦ
481 918 692 985 γένεσις
731 919 847 987 ἤτοι
891 918 1126 986 ποίησις,
1158 919 1243 970 ἵνα
1281 918 1349 971 τά
1377 920 1511 973 ἄλλα
1539 920 1752 991 κτισθῇ,

177 1011 431 1081 ἀτονήσει
467 1010 523 1062 δὲ
553 1010 646 1062 καὶ
677 1009 736 1061 τὸ
773 1009 990 1079 ὑϐρίζον
1024 1010 1263 1080 σόφισμα
1302 1011 1364 1062 τὸ
1409 1013 1656 1081 κρεῖττον
1698 1014 1755 1065 ὲν

178 1103 481 1172 ποιήμασιν
510 1101 780 1169 ἀπονέμον
808 1099 885 1169 τῷ
914 1100 1059 1170 Υίῷ·
1096 1102 1190 1153 καὶ
1242 1102 1308 1154 δι’
1346 1096 1421 1156 ὧν
1471 1103 1754 1156 ὑπονοοῦσι

176 1196 361 1264 τιμᾷν,
390 1192 643 1262 ὑϐρισταὶ
695 1192 893 1262 μᾶλλον
939 1192 1255 1248 ἁλώσονται.
1292 1195 1363 1246 Τὸ
1392 1194 1500 1265 γὰρ
1533 1195 1668 1258 ὅλως
1697 1198 1755 1248 ὲν

177 1287 449 1355 ποιήμασι
480 1284 1005 1355 καταριθμούμενον,
1041 1280 1278 1354 γενητῆς
1307 1285 1373 1338 ἂν
1403 1287 1486 1354 εἴη
1516 1284 1752 1354 φύσεως,

177 1376 280 1429 κᾶν
309 1378 570 1447 ἀμέτροις
603 1377 895 1446 ὑπεροχαῖς
930 1375 1039 1428 τῶν
1065 1376 1239 1429 ἄλλων
1284 1376 1539 1447 φαίνηται
1574 1380 1755 1447 κρεῖτ-

174 1488 290 1522 τον.
317 1471 383 1523 Et
405 1469 461 1521 δὲ
491 1470 689 1523 ἄτοπον
718 1462 857 1521 εἶναί
887 1486 1017 1537 φασι
1041 1468 1101 1520 τὸ
1136 1468 1297 1539 μέχρι
1325 1469 1432 1521 τῶν
1458 1469 1755 1539 ἐλαχίστων

175 1560 387 1628 φθάσαι
409 1559 507 1630 τὴν
536 1558 850 1627 άφατον’τοῦ
874 1558 1007 1612 Θεοῦ
1029 1559 1279 1631 δύναμιν,
1300 1560 1755 1615 δυσωπεῖσθωσαν

175 1654 471 1717 ἀκούοντες
498 1653 744 1720 λέγοντος
767 1652 861 1705 τοῦ
882 1653 1140 1725 Χριστοῦ·
1173 1673 1191 1705 ι
1218 1656 1352 1725 Οὐχὶ
1375 1656 1467 1709 δύο
1500 1656 1755 1727 στρουθία

174 1745 442 1816 ἀσσαρίου
482 1744 761 1809 πωλεῖται,
796 1746 891 1798 καὶ
923 1745 982 1798 ἓν
1016 1744 1075 1809 ἐξ
1103 1745 1281 1798 αὐτῶν
1309 1747 1369 1799 οὑ
1394 1750 1642 1801 πεσεῖται
1662 1748 1756 1800 ἐπὶ

173 1840 270 1909 τὴν
286 1840 395 1908 γῆν
421 1838 547 1892 ἄνευ
576 1838 667 1890 τοῦ
686 1838 898 1908 Πατρὸς
921 1838 1073 1908 ὑμῶν
1091 1838 1186 1891 τοῦ
1209 1840 1266 1892 ὲν
1291 1842 1402 1903 τοῖς
1422 1841 1669 1911 οὐρανοῖς
1690 1859 1705 1907 ;
1731 1859 1750 1893 ›
1788 1819 1831 1873 Β

171 1930 284 1982 Καὶ
318 1929 508 1983 πάλινι
536 1947 554 1980 ι
578 1929 901 1998 Ἐκϐλέψατε
931 1931 1009 1993 είς
1040 1931 1108 1984 τὰ
1131 1932 1350 1984 πετεινὰ
1378 1931 1470 1984 τοῦ
1501 1932 1751 2002 οὑρανοῦ,

171 2023 252 2074 ὅτι
290 2022 353 2074 οὑ
389 2023 721 2093 σπείρουσιν,
748 2023 867 2075 οὑδὲ
893 2022 1186 2093 θερίζουσι,
1215 2024 1310 2077 καὶ
1337 2025 1364 2076 6
1388 2024 1575 2096 Πατὴρ
1601 2025 1754 2096 ὑμῶν

169 2114 197 2164 6
229 2114 484 2184 οὐράνιος
531 2113 718 2184 τρέφει
768 2114 929 2171 αὑτά.
960 2132 978 2164 ι
1013 2115 1125 2167 Καὶ
1174 2115 1336 2169 πάλιν
1360 2132 1373 2145 ·
1428 2134 1446 2167 ι
1474 2118 1537 2170 Et
1570 2117 1625 2169 δὲ
1662 2117 1754 2171 τὸν

168 2205 367 2274 χόρτον
401 2204 496 2259 τοῦ
530 2205 701 2277 ἀγροῦ
738 2206 977 2277 σήμερον
1005 2206 1133 2261 ὅντα
1177 2211 1273 2261 καὶ
1302 2206 1489 2280 αὔριον
1524 2211 1600 2272 εἰς
1632 2210 1753 2262 κλί-

168 2296 335 2350 ϐανον
389 2296 735 2367 βαλλόμενον,
781 2299 809 2351 6
863 2297 995 2362 Θεὸς
1042 2298 1213 2363 οὑτως
1260 2301 1604 2371 ἀμφιέννυσι,
1635 2302 1753 2365 πῶς

168 2390 288 2458 οὑχὶ
314 2388 519 2458 μᾶλλον
544 2389 824 2459 ὑμᾶςςιτί
839 2390 883 2443 δ’
906 2389 971 2444 ἂν
992 2390 1201 2459 γένοιτο
1223 2392 1416 2463 χόρτου
1444 2394 1535 2446 καὶ¹
1561 2412 1752 2466 στρου-

170 2479 302 2531 θίων
330 2477 734 2549 εὐτελέστερον,
752 2471 826 2531 ὧν
857 2478 913 2545 ἐξ
938 2480 1276 2551 ἁγαθότητος
1296 2484 1323 2534 6
1346 2482 1478 2546 Θεὸς
1501 2488 1749 2555 προνοεῖς

169 2566 304 2624 Εἶτα
339 2569 460 2632 πῶς
487 2570 547 2622 τὸ
577 2565 712 2623 εἶναι
747 2570 978 2640 ποιητὴς
1012 2572 1110 2624 οὐκ
1140 2571 1205 2625 ἂν
1243 2571 1548 2639 ἀξιώσειεν,
1587 2569 1662 2629 ὧν
1690 2577 1749 2628 οὑ

168 2664 529 2732 παραιτεῖται
575 2661 673 2733 τὴν
723 2662 1015 2731 πρόνοιαν;
1078 2661 1216 2715 Ἀλλ’
1244 2655 1389 2718 οὗτοι
1438 2665 1606 2733 τὺφον
1652 2667 1753 2719 οὑκ

169 2753 378 2816 εἰδότες
426 2754 799 2823 προσάπτουσι
846 2753 923 2823 τῷ
965 2752 1102 2824 Θεῷ,
1149 2754 1396 2822 λέγοντες
1446 2756 1607 2810 αὑτὸν
1653 2758 1754 2810 οὑκ

167 2842 358 2907 ἀξιοῦν
387 2842 497 2897 τῶν
520 2842 816 2913 ἐλαχίστων
857 2839 997 2896 εῖναι
1033 2845 1283 2915 ποιητήν.
1311 2846 1373 2897 Εἰ
1406 2846 1583 2901 τοίνυν
1612 2846 1751 2900 πάν-

168 2955 275 2990 των
303 2938 427 2989 ἐστὶ
452 2937 702 3007 ποιητὴς,
725 2934 917 3004 φθάνει
938 2935 995 2987 δὲ
1021 2936 1115 2988 καὶ
1147 2935 1305 3006 μέχρι
1326 2936 1433 2988 τῶν
1456 2936 1753 3007 ἐλαχίστων

165 3028 254 3081 διὰ
298 3026 714 3097 φιλανθρωπίαν
760 3028 873 3089 τοῖς
917 3026 1050 3078 πᾶσι
1102 3024 1481 3095 χωρούμενος,
1525 3027 1753 3098 περιττὴ

166 3120 275 3172 τῶν
305 3117 600 3187 αἱρετικῶν
626 3119 657 3188 ἡ
688 3117 959 3187 πρόφασις
984 3115 1071 3168 διὰ
1092 3117 1159 3168 τὰ
1192 3117 1362 3189 μικρά
1388 3118 1494 3170 τῶν
1519 3119 1752 3189 κτισμά-

164 3228 273 3263 των
300 3208 709 3280 προϐεϐλῆσθαι
748 3207 1017 3276 λεγόντων
1048 3207 1140 3259 τὸν
1166 3207 1315 3261 Υίόν.

1855 562 1945 622 sit,
1979 574 2206 628 capaces
2250 560 2410 613 etiam
2460 557 2570 611 sint
2617 554 2836 623 reliquae
2870 560 3133 607 creatura:
3174 568 3186 603 :
3237 559 3330 603 aut
3383 554 3427 603 si

1856 651 2175 706 imbecillior
2203 652 2280 706 sit
2328 658 2703 704 creaturarum
2749 653 2965 709 natura,
2997 659 3157 713 quam
3206 653 3265 696 ut
3313 642 3429 711 ejus

1856 759 2025 813 capax
2057 758 2175 798 esse
2220 743 2410 811 possit,
2441 744 2627 795 eadem
2654 738 3023 793 imbecillitate
3051 737 3212 791 etiam
3250 738 3426 804 ipsum

1856 836 2123 897 laborare,
2154 834 2350 902 quippe
2380 832 2471 901 qui
2504 838 2697 885 creatae
2725 829 2796 883 sit
2826 838 3048 881 naturae.
3082 826 3139 882 Si
3175 843 3299 880 vero
3335 825 3429 879 Fi-

1855 926 1959 981 lius
1986 941 2109 980 cum
2151 927 2222 979 sit
2253 932 2525 987 creatura,
2563 932 2619 975 ut
2653 935 2744 974 vos
2784 918 3100 989 Opinamini,
3133 934 3299 987 capax
3330 919 3431 972 fuit

1856 1029 2095 1086 paterna:
2118 1017 2367 1069 virtutis:
2393 1028 2620 1082 capaces
2644 1020 2804 1065 erunt
2826 1020 2878 1063 et
2901 1021 3110 1063 caetera:
3131 1019 3423 1074 creaturae;

1856 1117 2017 1174 atque
2048 1107 2119 1159 ita
2154 1118 2552 1173 supervacanea
2592 1104 2756 1157 fuerit
2808 1104 2929 1158 Filii
2974 1106 3273 1175 generatio,
3315 1106 3430 1159 sive

1856 1197 2111 1251 formatio
2156 1197 2221 1249 ad
2276 1196 2381 1248 alia
2420 1194 2712 1249 creandum
2746 1212 2758 1248 :
2790 1204 2843 1248 et
2895 1195 3219 1249 imbecillum
3273 1195 3430 1263 plane

1857 1301 2017 1359 atque
2056 1290 2217 1344 inane
2247 1290 2349 1342 erit
2380 1286 2828 1342 contumeliosum
2878 1288 3006 1340 illud
3047 1288 3320 1341 inventum
3367 1303 3431 1341 ac

1856 1379 2130 1443 cavillum,
2179 1380 2319 1447 quod
2366 1381 2730 1447 praestantiam
2782 1381 2924 1433 inter
2967 1387 3244 1431 creaturas
3293 1377 3430 1431 Filio

1858 1474 2044 1526 tribuit
2076 1495 2088 1527 ;
2122 1480 2174 1526 et
2207 1486 2271 1526 eo
2306 1473 2424 1539 ipso
2465 1486 2572 1539 quo
2619 1470 2766 1524 illum
2823 1472 3030 1524 honore
3072 1468 3282 1522 allicere
3312 1483 3433 1521 sese

1857 1563 2199 1624 existimant,
2260 1562 2636 1616 contumeliosi
2703 1563 2881 1631 potius
2935 1575 3055 1615 esse
3116 1570 3427 1615 cernentur.

1857 1655 2008 1721 Quod
2058 1655 2202 1710 enim
2251 1653 2473 1708 omnino
2518 1655 2787 1708 creaturis
2836 1661 3225 1706 annumeratur
3274 1651 3431 1705 facta:

1858 1758 2064 1801 natura:
2090 1746 2161 1800 sit
2187 1754 2423 1814 oportet,
2457 1746 2663 1799 tametsi
2695 1748 2961 1798 immenso
2995 1742 3275 1797 intervallo
3310 1741 3433 1796 reli-

1858 1839 1980 1908 quis
2011 1838 2357 1909 praestantius
2380 1837 2470 1891 sit.
2500 1836 2556 1890 Si
2584 1851 2713 1890 vero
2743 1837 3036 1890 absurdum
3067 1850 3185 1889 esse
3211 1842 3433 1889 censent

1857 1932 1921 1985 ad
1952 1930 2229 1984 minimam
2260 1928 2423 1983 etiam
2453 1929 2545 1983 Dei
2573 1928 2867 1998 potentiam
2900 1942 2962 1981 ac
2984 1928 3236 1981 virtutem
3271 1940 3432 1995 pene-

1856 2031 2023 2088 trare,
2065 2022 2412 2086 erubescant,
2462 2035 2583 2075 cum
2625 2021 2900 2075 Christum
2944 2020 3115 2089 ipsum
3164 2019 3429 2071 dicentem

1855 2115 2074 2169 audiant
2104 2132 2116 2168 :
2156 2132 2175 2166 ι
2214 2113 2401 2169 Nonne
2428 2114 2534 2168 duo
2566 2113 2861 2183 passerculi
2912 2127 3033 2167 asse
3079 2120 3347 2174 vaeneunt,
3378 2125 3433 2163 et

1856 2223 1992 2262 unus
2033 2222 2101 2261 ex
2149 2210 2228 2262 eis
2278 2223 2381 2261 non
2436 2207 2592 2262 cadet
2646 2208 2698 2260 in
2754 2214 2957 2260 terram
3018 2206 3221 2273 absque
3272 2203 3433 2256 Patre

1856 2311 2032 2354 vestro
2062 2300 2153 2369 qui
2183 2301 2235 2353 in
2284 2298 2438 2354 caelis
2467 2307 2551 2353 est
2576 2299 2616 2350 ⁵.
2656 2317 2676 2350 ›
2729 2298 2795 2351 Ει
2828 2312 3019 2351 rursus
3053 2311 3069 2349 :
3108 2313 3127 2346 ι
3161 2295 3433 2365 Respicite

1854 2390 2091 2443 volatilia
2133 2389 2278 2455 cmli,
2316 2391 2456 2458 quod
2509 2404 2615 2443 non
2664 2397 2855 2443 serunt
2888 2402 3062 2455 neque
3111 2395 3342 2452 metunt,
3378 2395 3433 2439 et

1857 2481 2012 2535 Pater
2038 2490 2220 2535 vester
2242 2482 2476 2536 caalestis
2503 2482 2673 2534 nutrit
2696 2482 2784 2534 illa
2814 2481 2855 2534 ⁸.
2887 2499 2904 2530 ›
2931 2480 3000 2533 Ει
3029 2494 3245 2531 rursum
3276 2496 3290 2530 :
3327 2496 3345 2528 ι
3372 2476 3429 2532 Si

1856 2571 2036 2625 fenum
2066 2573 2180 2640 agri
2220 2573 2362 2639 quod
2396 2572 2552 2625 hodie
2578 2581 2661 2626 est
2691 2581 2742 2624 et
2769 2586 2892 2626 cras
2918 2571 2971 2625 iu
2995 2571 3267 2624 clibanum
3305 2569 3431 2620 init-

1859 2660 2008 2724 titur,
2041 2660 2183 2715 Deus
2212 2662 2290 2715 sic
2324 2661 2504 2726 vestit,
2555 2670 2760 2729 quanto
2793 2661 2963 2730 magis
3002 2676 3095 2715 vos
3142 2660 3199 2713 7?
3235 2678 3253 2711 ι
3295 2659 3431 2725 Quid

1855 2759 2035 2804 autem
2066 2750 2190 2806 feno
2229 2761 2283 2805 et
2328 2754 2651 2822 passerculis
2694 2753 2847 2823 151
2888 2754 3045 2807 vilius
3091 2762 3194 2818 est,
3237 2754 3434 2821 quibus

1856 2844 1998 2899 Deus
2028 2859 2122 2912 pro
2148 2859 2245 2899 sua
2282 2846 2523 2900 bonitate
2560 2846 2847 2915 providet?
2884 2846 2993 2899 Aut
3023 2845 3297 2914 quomodo
3329 2859 3433 2896 non

1857 2936 2106 3006 dignetur
2127 2951 2248 2990 esse
2278 2946 2494 2991 creator
2522 2951 2732 3001 eorum,
2772 2952 2998 3004 quorum
3037 2936 3431 3004 providentiam

1856 3039 1961 3078 non
2006 3026 2301 3080 detrectat?
2349 3025 2420 3079 At
2466 3024 2557 3079 isti
2607 3025 2919 3093 ignorantes
2964 3023 3274 3091 superbiam
3322 3021 3433 3074 Deo

1856 3117 2194 3186 impingunt,
2243 3118 2485 3172 dicentes
2546 3131 2670 3170 eum
2736 3116 3018 3185 dedignari
3080 3116 3429 3171 minimorum

1773 3197 1815 3254 C
1849 3220 2151 3264 creatorem
2181 3223 2326 3263 esse.
2364 3208 2423 3262 Si
2456 3223 2584 3277 ergo
2612 3208 2854 3262 omnium
2882 3220 2964 3261 est
2991 3214 3232 3269 creator,
3260 3216 3314 3258 et
3338 3219 3435 3270 pro

167 3320 265 3359 sua
302 3302 644 3374 benignitate
714 3303 877 3355 etiam
910 3301 976 3355 ad
1050 3302 1275 3356 minima
1315 3311 1581 3373 permeat,
1618 3319 1914 3373 omnesque
1948 3305 2031 3359 sui
2097 3318 2324 3373 capaces
2364 3304 2513 3369 facit,
2554 3304 2731 3359 inanis
2764 3316 2846 3358 est
2888 3304 3269 3357 haereticorum
3305 3316 3432 3370 pro-

167 3396 376 3467 positio
406 3394 725 3460 dicentium,
748 3402 973 3462 propter
1010 3393 1245 3449 minores
1270 3405 1550 3452 creaturas
1573 3400 1889 3468 productum
1917 3412 2038 3453 esse
2061 3396 2281 3455 Filium.

170 3516 299 3568 Ἔτι
328 3514 418 3577 εἷς
448 3511 513 3564 τό
570 3531 588 3562 ‹
617 3510 830 3575 Κύοιος
1094 3526 1171 3578 με
1195 3525 1209 3539 ·
1242 3528 1261 3562 ›
1305 3510 1394 3564 ὅτι
1428 3514 1500 3566 οὐ
1530 3514 1752 3583 κτίσμα

990 3600 1077 3634 oc.

236 3636 253 3657 ς
853 3600 884 3633 ο
930 3600 1077 3646 Hoc.

235 3696 300 3748 Εἰ
336 3692 460 3746 καθ’
490 3694 654 3763 ὑμᾶς,
685 3687 729 3745 ὦ
759 3693 1037 3763 θεομάχοι,
1060 3693 1147 3747 διὰ
1175 3694 1235 3746 τὸ
1272 3695 1345 3765 μὴ
1372 3694 1627 3749 δύνασθαι
1651 3695 1750 3767 τὴν

164 3786 275 3839 τῶν
301 3784 548 3853 γενητῶν
579 3785 738 3852 φύσιν
766 3783 1015 3853 χωρῆσαι
1036 3783 1132 3853 τὴν
1155 3785 1391 3853 ἄκρατον
1421 3786 1750 3855 αὑτουργίαν

164 3875 260 3927 τοῦ
295 3872 437 3926 Θεοῦ
468 3873 563 3925 καὶ
594 3874 824 3942 Πατρὸς,
861 3872 1082 3944 μεσίτου
1114 3874 1272 3945 χρεία
1301 3875 1510 3942 γέγονε,
1544 3877 1638 3929 καὶ
1662 3878 1750 3930 οὕ-

164 3986 273 4031 τως
296 3966 485 4018 ἔκτισε
512 3965 601 4018 τὸν
628 3966 753 4018 Υἱὸν
776 3968 802 4018 6
833 3965 1041 4036 Πατὴρ,
1062 3965 1179 4029 πῶς
1208 3968 1235 4019 6
1257 3966 1380 4025 Υἱὸς
1406 3968 1630 4039 γενητὸς
1650 3968 1748 4035 ὢν,

167 4058 291 4111 καθ’
326 4059 495 4128 ὑμᾶς,
537 4057 782 4127 ἐχώρησε
815 4056 910 4109 τοῦ
957 4057 1171 4128 Πατρὸς
1198 4056 1296 4128 τὴν
1331 4058 1595 4129 δύναμινς
1631 4062 1749 4112 Ἀν-

166 4150 314 4219 ἀγκη
364 4148 472 4218 γὰρ
512 4148 606 4200 καὶ
652 4145 800 4216 αὑτῷ
846 4145 1029 4199 δοῦναι
1061 4147 1153 4199 τὸν
1194 4147 1576 4217 μεσιτεύοντα·
1612 4149 1749 4205 ἀλλά

167 4242 445 4302 κάκεῖνος,
477 4239 527 4290 εἰ
575 4238 806 4308 ὑπάρχοι
834 4237 1082 4309 γενητὸς,
1117 4237 1288 4291 δεῖται
1321 4239 1482 4292 πάλιν
1515 4240 1608 4293 τοῦ
1649 4258 1744 4311 με·

170 4329 498 4393 σιτεύοντος,
530 4330 628 4381 καὶ
672 4327 844 4392 οὕτως
872 4331 953 4392 είς
982 4331 1206 4399 ἄπειρον
1252 4332 1490 4399 μεσιτῶν
1532 4332 1686 4403 ὄχλον
1720 4334 1749 4384 6

166 4422 325 4491 λόγος
357 4422 672 4490 ἐκϐήσεται.
700 4420 916 4476 Εἰκαῖον
941 4418 1032 4476 οὖν
1062 4423 1170 4494 ἄρα
1196 4423 1258 4476 τὸ
1288 4426 1418 4496 περὶ
1442 4426 1632 4479 τούτου
1661 4427 1749 4480 σό-

1859 3511 1927 3566 In
1956 3512 2110 3580 illud,
2147 3529 2168 3564 ι
2198 3512 2335 3567 Deus
2364 3511 2610 3581 formavit
2658 3510 2780 3562 me“
2828 3528 2841 3564 :
2876 3528 2894 3560 ι
2929 3509 3067 3578 quod
3122 3506 3290 3560 Filius
3331 3523 3435 3560 non

2471 3585 2537 3634 sit
2570 3591 2831 3634 creatura.

1930 3696 1986 3752 Si
2019 3696 2169 3765 juxta
2202 3704 2462 3757 vestram,
2505 3693 2597 3747 Dei
2642 3695 2847 3758 hostes,
2885 3691 3195 3759 opinionem
3231 3690 3434 3745 idcirco

1854 3807 1990 3861 Opus
2018 3791 2118 3844 fuit
2149 3790 2470 3852 mediatore,
2513 3788 2638 3856 quia
2684 3796 3054 3840 creaturarum
3095 3793 3287 3837 natura
3331 3785 3433 3836 im-

1854 3896 2093 3938 mensam
2116 3880 2210 3934 Dei
2243 3880 2494 3931 virtutem
2516 3891 2710 3945 capere
2734 3877 2786 3929 in
2812 3892 2871 3930 se
2894 3890 2998 3929 non
3022 3883 3250 3942 poterat,
3289 3874 3435 3926 ideo-

1856 3988 1959 4042 que
1982 3971 2142 4026 Pater
2172 3970 2368 4025 Filium
2410 3969 2613 4023 creavit
2647 3987 2659 4022 :
2700 3982 2804 4036 quo
2833 3976 2993 4037 pacto
3028 3965 3214 4031 Filius,
3253 3964 3341 4033 qui
3378 3972 3435 4018 ut

1854 4078 1950 4117 vos
1980 4062 2181 4129 dicitis,
2215 4070 2429 4116 creatus
2460 4069 2566 4125 est,
2595 4059 2685 4114 Dei
2717 4061 2973 4114 virtutem
3002 4071 3197 4126 capere
3226 4055 3436 4126 potuit?

1854 4153 2088 4209 Necesse
2121 4154 2264 4207 enim
2300 4153 2463 4208 fuerit
2488 4154 2653 4207 etiam
2684 4152 2758 4206 illi
2804 4152 3159 4206 mediatorem
3197 4150 3432 4219 aliquem

1854 4247 1984 4301 dare
2019 4265 2033 4301 :
2090 4254 2346 4301 caaterum
2402 4246 2566 4299 etiam
2610 4245 2720 4308 ille,
2770 4244 2813 4298 si
2851 4257 3065 4298 creatus
3095 4252 3198 4308 est,
3232 4241 3435 4310 indiget

1854 4339 2183 4400 mediatore;
2216 4347 2379 4405 atque
2408 4336 2479 4389 ita
2509 4336 2666 4390 turba
2692 4336 3051 4389 mediatorum
3076 4334 3128 4386 in
3165 4332 3433 4386 inﬁnitum

1856 4439 2082 4485 crescet.
2135 4427 2409 4482 Frivolum
2442 4430 2625 4496 itaque
2650 4437 2736 4481 est
2774 4436 3013 4481 vostrum
3040 4436 3432 4492 commentum,

166 4533 371 4586 φισμα,
405 4516 585 4567 πᾶσαν
612 4513 745 4583 ὁμοῦ
769 4514 869 4583 τὴν
898 4514 1263 4586 δημιουργίαν
1287 4517 1611 4589 ἀνατρέπον.
1639 4520 1751 4590 Οὐχ

1863 4521 2160 4575 universam
2202 4520 2362 4575 simul
2405 4521 2734 4575 creationem
2777 4520 3121 4574 subvertens.
3153 4518 3285 4571 Nam
3326 4533 3431 4572 non

167 4608 560 4680 εὑρισκομένου
592 4608 720 4679 γὰρ,
766 4607 965 4678 μᾶλλον
1008 4609 1064 4661 δὲ
1111 4607 1186 4679 μὴ
1231 4606 1561 4683 ζητουμένου
1594 4630 1745 4683 μεσι-

168 4700 442 4764 τεύοντος,
470 4699 569 4752 οὑκ
594 4698 659 4753 ἂν
686 4698 892 4771 ὑπέστη
927 4700 995 4753 τὰ
1025 4704 1251 4772 γενητὰ.

167 4813 375 4885 ΔΛᾼς).
424 4810 546 4885 Τῷν
572 4810 915 4885 ῃόρθοδόξωφ
949 4814 1290 4885 λεγόντων-ο
1338 4818 1405 4870 El
1449 4816 1678 4885 κτίσμα·
1713 4820 1747 4872 δ

238 4881 395 4956 Υἱός,
413 4879 687 4956 πῶςᾷἐχει
710 4882 859 4956 κατὰ
880 4879 1069 4956 φύσιὴ
1087 4883 1152 4936 τὸ
1181 4881 1332 4939 εἶναι
1354 4879 1708 4956 δημιουργός
1729 4905 1747 4952 ;

243 4955 330 5025 οὺ
358 4956 467 5020 γὰρ
506 4950 659 5005 ἴδιον
690 4951 807 5004 τῶν
843 4954 1180 5025 κτισμάτων
1208 4956 1385 5009 τοῦτό
1408 4950 1491 5025 ἀῖε·
1519 4950 1748 5025 dij)er

238 5022 607 5097 vixeram-ci
656 5022 934 5097 alpectgcol
976 5024 1046 5076 τὰ
1077 5022 1542 5097 ὑποτεταγμένα,
1565 5022 1652 5081 ὧν
1688 5031 1747 5083 αἱ

239 5093 458 5156 λύσεις
486 5092 645 5145 εἰσὶν
668 5091 911 5161 ἐφεξῆς.

393 5208 798 5278 Ἀνθυποςρορὰ
834 5210 914 5274 ὡς
950 5209 1017 5263 ἐκ
1056 5208 1173 5264 τῶν
1208 5212 1537 5280 αἱρετικῶν.

241 5321 486 5388 κτίσμα,
514 5322 695 5389 φασιν,
728 5322 876 5375 ἔστιν
904 5324 933 5375 6
962 5323 1109 5388 Υἱός,
1138 5329 1231 5377 καὶ
1259 5324 1366 5378 τῶν
1394 5326 1637 5396 γενητῶν
1669 5321 1748 5391 εἷς

172 5414 409 5484 ὑπάρχει
429 5432 443 5444 ·
483 5415 544 5467 τὸ
574 5415 630 5468 δὲ
661 5416 866 5480 κτίζειν
898 5416 971 5479 ὡς
1000 5417 1151 5486 παρά
1193 5416 1510 5471 διδασκάλου
1562 5418 1747 5488 μαθὼν

170 5505 204 5573 ἦ
239 5505 506 5573 τεχνίτου,
537 5507 848 5578 ὑπηρέτησε
878 5508 1013 5578 πρὸς
1046 5508 1144 5580 τὴν
1177 5507 1285 5561 τῶν
1334 5507 1509 5578 ἔργων
1559 5511 1746 5581 χρείαν

172 5595 253 5665 τῷ
279 5596 551 5661 διδάξαντι
583 5597 722 5669 Θεῷ.

241 5775 262 5803 ⁸
287 5772 471 5831 Matth.
510 5792 540 5829 κ
594 5775 685 5832 29.

764 5776 987 5833 “Matth.
1024 5791 1095 5832 VI.
1137 5775 1225 5831 26.
1306 5778 1325 5809 ⁷
1349 5776 1481 5834 Ibid.
1512 5778 1598 5835 3U.

1853 4613 2074 4669 invento
2104 4621 2197 4667 aut
2233 4613 2414 4682 potius
2450 4628 2557 4668 non
2602 4612 2826 4683 quaesito
2877 4612 3195 4677 mediatore,
3249 4619 3433 4664 creata

1853 4720 1959 4761 non
1986 4706 2362 4760 substiterunt.

1854 4818 2083 4873 ALIUD.
2106 4819 2235 4873 Cum
2255 4818 2532 4873 orthodoxi
2552 4820 2764 4872 dicunt:
2790 4817 2848 4872 Si
2872 4815 3042 4871 Filius
3070 4826 3145 4870 est
3168 4823 3431 4879 creatura,

1926 4908 2025 4960 quo
2053 4900 2205 4959 pacto
2229 4890 2324 4942 hoc
2352 4892 2398 4942 ei
2427 4891 2669 4943 naturale
2687 4901 2784 4951 est,
2821 4898 2875 4940 ut
2902 4892 2967 4941 sit
2996 4888 3246 4960 creator?
3268 4902 3429 4953 neque

1929 4959 2065 5013 enim
2101 4971 2465 5013 creaturarum
2505 4962 2776 5024 proprium
2814 4970 2931 5022 est;
2976 4959 3213 5011 hwrctici
3249 4966 3431 5010 contra

1922 5030 2174 5151 olbifcitmt
2205 5046 2321 5098 qua:
2354 5041 2665 5100 sequuntur,
2706 5047 2927 5099 quorum
2961 5030 3250 5083 solutiones
3278 5030 3430 5082 etiam

1931 5117 1962 5151 a
2005 5112 2267 5151 notentur.

1931 5112 2267 5170 aajtcwntur.

2313 5210 2550 5281 Objectio
2588 5211 2975 5265 Itwreticorum.

1923 5326 2112 5391 Filius,
2148 5326 2417 5395 inquiunt,
2445 5336 2691 5380 creatura
2733 5340 2976 5392 unusque
3010 5333 3179 5378 estex
3217 5323 3283 5377 iis
3311 5338 3429 5391 qua:

1850 5419 1990 5472 facta
2021 5430 2147 5471 sunt
2181 5436 2192 5470 :
2227 5417 2444 5472 creandi
2483 5432 2609 5471 vero
2645 5417 2954 5469 facultatem
2981 5431 3009 5468 a
3042 5415 3299 5483 magistro
3336 5425 3429 5467 aut

1847 5512 2058 5567 artitice
2083 5509 2292 5576 didicit,
2320 5518 2373 5563 et
2406 5510 2511 5565 Deo
2538 5510 2626 5579 qui
2656 5509 2828 5579 ipsum
2860 5509 3063 5575 docuit,
3098 5508 3148 5561 in
3175 5507 3424 5577 operibus

1846 5600 1962 5656 suis
1997 5601 2346 5655 ministravit.

1678 5780 1696 5809 “
1721 5778 1878 5835 Prov.
1916 5795 2031 5846 vm,
2068 5779 2155 5831 Μ.
