3882 6210
495 332 603 389 255

961 452 1261 509 Solutiones
1287 454 1613 525 abjectiom's.

573 562 631 619 Si
667 564 928 636 quidquid
976 584 1081 622 non
1130 566 1449 621 naturaliter
1494 565 1654 621 alicui
1706 566 1926 619 insitum
1974 572 2079 628 est,

499 657 596 709 sed
634 666 842 711 tantum
873 659 1241 714 accidentarie
1274 659 1437 723 inest,
1477 667 1532 712 ει
1562 655 1962 727 quodammodo
1987 669 2080 707 ac-

501 746 761 812 quisitum
794 757 896 811 est,
928 749 1046 804 ﬁeri
1077 759 1253 820 potest
1286 760 1347 805 ut
1388 750 1681 820 aliquando
1723 763 1828 802 non
1871 748 2083 802 accidat

504 836 600 906 (ea
636 838 779 891 enim
825 850 905 894 est
967 842 1328 896 accidentium
1378 840 1607 910 natura)
1650 841 1901 895 accidens
1951 838 2081 892 illud

500 940 599 993 per
623 931 764 995 quod
795 928 963 984 Filius
993 940 1207 985 creator
1243 939 1348 993 est,
1378 930 1664 999 aliquando
1699 932 1749 983 in
1782 944 1847 983 eo
1885 943 2084 983 evane-

501 1032 656 1073 scere
701 1019 921 1088 poterit.
972 1023 1150 1092 Atque
1194 1024 1263 1076 ita
1308 1022 1566 1092 dignitate
1615 1036 1710 1075 sua
1758 1020 2080 1090 privabitur,

500 1110 758 1167 amittens
802 1113 853 1167 id
900 1114 1044 1183 quod
1081 1111 1366 1167 didicerat.
1418 1111 1548 1166 Nam
1582 1112 1626 1165 is
1667 1112 1757 1179 qui
1793 1109 2083 1179 aliquando

499 1201 643 1267 quod
680 1202 961 1257 nesciebat
994 1201 1205 1269 didicit,
1244 1211 1420 1272 potest
1454 1202 1617 1256 etiam
1653 1202 1889 1271 ejusdem
1941 1201 2082 1256 obli-

496 1290 652 1346 visci.

1172 1407 1402 1463 ALIUD.

570 1519 862 1575 Creaturas
888 1538 916 1577 a
944 1522 1113 1578 nihilo
1136 1523 1202 1579 ad
1224 1538 1346 1580 esse
1370 1523 1673 1588 traducere,
1702 1536 1807 1575 non
1841 1531 1926 1577 est
1948 1537 2084 1592 opus

500 1615 656 1679 artis,
706 1615 802 1669 sed
858 1614 1137 1673 facultatis
1187 1617 1304 1674 sive
1346 1618 1603 1687 potentia:
1655 1618 1923 1672 crealivte.
1978 1620 2083 1673 Ars

1508 338 1565 391 S.
1611 333 1877 390 CYlilLLI
1918 331 2388 390 ALEXANDRINI
2427 336 2754 394 ARCHIEP.

3647 336 3837 402 2"»6‘

2735 457 2928 522 Λύσις
2962 455 3203 527 ἐφεξῆς.

2258 566 2318 618 Ei
2351 568 2458 620 πᾶν
2487 566 2625 639 ὅπερ
2652 569 2718 623 ἄν
2744 587 2850 623 τινι
2882 571 3126 638 φαίνοιτο
3152 569 3516 641 συμϐεϐηκὸς,
3541 570 3632 624 καὶ
3656 570 3749 626 ούκ

2183 658 2239 709 ὲν
2286 660 2354 727 τῇ
2401 657 2560 727 φύσει
2608 661 2882 729 κείμενον,
2920 662 3211 734 ἐπικτηθὲν
3236 661 3293 715 δέ
3319 680 3437 725 πως
3467 663 3609 715 κατά
3638 680 3746 717 τινα

2182 748 2403 818 τρόπον,
2429 750 2589 803 τοῦτο
2618 752 2713 804 καὶ
2745 752 3133 824 ἁποσυμϐἦναι
3177 752 3398 807 δύναταί
3434 771 3583 818 ποτε,
3617 754 3746 807 οὕτω

2184 840 2400 910 φύσεως
2432 842 2647 912 ἔχοντος
2674 846 2765 897 ἀεὶ
2791 845 2886 897 τοῦ
2919 846 3345 916 συμϐεϐηκότος,
3374 847 3747 918 άποσυμϐήσε-

2182 932 2272 986 ταί
2298 950 2428 987 ποτε
2455 933 2548 987 τοῦ
2567 935 2696 989 Υἱοῦ
2726 936 2787 989 τὸ
2813 934 2953 989 εἶναι
2977 936 3325 1008 δημιουργόν.
3352 939 3459 991 Καὶ
3484 938 3637 991 ἔσται
3663 938 3747 991 τοῦ

2183 1020 2494 1092 ἀξιώματος
2540 1024 2767 1096 ἕρημος,
2799 1025 3086 1081 ἀποϐαλὼν
3136 1028 3272 1097 ὅπερ
3318 1028 3619 1098 ἐμαθεν.⁹υ
3652 1030 3748 1101 γάρ

2183 1110 2320 1174 ὅλως
2345 1113 2408 1163 ὲκ
2432 1111 2526 1165 τοῦ
2569 1114 2645 1184 μὴ
2673 1113 2869 1167 εἰδέναι
2888 1131 2943 1166 τι
2977 1115 3111 1185 πρὸς
3140 1116 3200 1169 τὺ
3228 1118 3426 1170 εἰδέναι
3470 1118 3749 1189 κεκλημέ-

2183 1217 2293 1267 νος,
2326 1201 2538 1266 δέξεταί
2563 1220 2695 1256 ποτε
2732 1205 2825 1257 καὶ
2856 1205 2954 1276 τῆς
2986 1204 3153 1276 λήθης
3190 1206 3252 1259 τὸ
3285 1207 3476 1271 πάθος.

2869 1406 3053 1460 ΔΛΛο

2256 1513 2331 1567 Τὸ
2356 1515 2421 1568 ὲκ
2449 1514 2545 1568 τοῦ
2576 1515 2653 1586 μὴ
2681 1515 2832 1580 ὄντος
2862 1517 2947 1582 είς
2974 1518 3034 1571 τὸ
3068 1512 3209 1573 εἶναι
3243 1521 3512 1592 παράγειν
3542 1522 3614 1574 τά
3644 1523 3752 1575 κτί-

2185 1622 2388 1674 σματα,
2419 1606 2479 1660 ού
2526 1608 2723 1678 τέχνης
2769 1609 2928 1680 ἔργον
2974 1612 3141 1677 ἐστὶν,
3170 1612 3307 1665 ἀλλὰ
3354 1612 3637 1684 δυνάμεως
3666 1616 3755 1685 δηι-

502 1705 648 1758 cnim
683 1720 743 1760 ea
786 1721 907 1776 qua:
945 1709 1216 1764 exsistunt
1258 1710 1311 1763 in
1351 1708 1494 1763 aliud
1522 1708 1650 1778 quid
1684 1718 1900 1763 mutat:
1931 1704 2081 1765 crea-

2192 1698 2538 1770 μιουργικῆς.
2569 1700 2744 1772 Τέχνη
2778 1702 2877 1771 μὲν
2908 1702 3018 1773 γὰρ
3057 1702 3126 1757 τὰ
3159 1704 3288 1757 ὄντα
3317 1705 3452 1776 πρὸς
3494 1706 3682 1777 ἕτερόν
3709 1722 3756 1759 τι
3838 1726 3839 1781 ι

505 1795 609 1847 trix
645 1803 825 1850 autem
866 1795 1115 1863 facultas,
1146 1813 1207 1852 ea
1254 1813 1375 1866 quae
1418 1814 1523 1852 non
1552 1799 1825 1853 exsistunt
1868 1800 1993 1854 facit
2023 1808 2081 1854 ut

2192 1792 2618 1859 μετασκευάζει·
2646 1793 3009 1866 δημιουργικὴ
3037 1795 3092 1849 δὲ
3135 1795 3366 1867 δύναμις
3392 1797 3462 1851 τὰ
3512 1798 3589 1869 μὴ
3638 1800 3757 1851 ὄντα

500 1886 792 1941 exsistant.
825 1886 882 1942 Si
913 1904 1043 1959 ergo
1077 1892 1145 1945 ab
1174 1899 1292 1945 arte
1323 1890 1479 1960 152
1513 1898 1605 1943 aut
1636 1891 1880 1945 doctrina
1912 1902 2081 1961 potest

2192 1884 2325 1953 πρὸς
2358 1884 2420 1937 τὸ
2453 1880 2593 1938 εἶναι
2624 1886 2797 1945 καλεῖ.
2834 1888 2899 1941 El
2936 1887 3117 1941 τοίνυν
3148 1888 3257 1942 ἀπὸ
3280 1888 3474 1960 τέχνης
3519 1892 3617 1943 καὶ
3662 1909 3754 1960 μα-

500 1989 622 2031 esse
642 1988 858 2033 creator
884 1979 1070 2045 Filius,
1103 1981 1323 2036 videant
1357 1983 1487 2051 quid
1534 1980 1602 2037 de
1640 1981 1801 2037 Patre
1842 1992 2087 2039 statuere

501 2069 688 2133 velint,
723 2070 767 2125 si
814 2070 938 2141 quis
975 2073 1138 2126 etiam
1175 2071 1241 2127 de
1292 2073 1383 2126 illo
1417 2074 1532 2127 haec
1581 2072 1751 2128 dicat.
1802 2075 1873 2128 At
1916 2075 2084 2141 dices,

500 2156 715 2214 Patrem
748 2162 965 2231 quidem
993 2174 1188 2216 natura
1224 2177 1365 2228 esse,
1396 2161 1591 2217 Filium
1626 2178 1755 2219 vero
1788 2165 2041 2219 edoctum
2069 2182 2083 2219 :

503 2249 616 2305 fieri
650 2252 834 2322 itaque
859 2263 1037 2323 potest
1073 2263 1132 2308 ut
1161 2255 1283 2323 quis
1309 2264 1677 2325 consequatur
1713 2256 1958 2311 doctrina
1989 2273 2089 2310 na-

502 2342 730 2399 turalem
800 2347 1169 2416 operationem
1238 2348 1355 2411 Dei,
1393 2357 1559 2414 utque
1609 2348 1835 2403 edoctus
1876 2364 2083 2417 creare,

500 2430 641 2485 idem
669 2433 993 2490 naturaliter
1027 2435 1101 2489 sit
1123 2436 1266 2505 quod
1296 2436 1433 2506 ipse.
1457 2435 1671 2490 Nullum
1706 2437 1868 2508 igitur
1893 2439 2089 2493 discri-

500 2537 621 2577 men
669 2524 775 2579 erit
823 2525 966 2581 inter
1024 2526 1189 2581 Deum
1231 2537 1286 2583 et
1343 2538 1673 2595 creaturam,
1728 2540 2085 2601 praeterquam

498 2614 740 2671 scientia:
792 2617 1088 2688 disparitas
1137 2636 1149 2672 :
1203 2629 1400 2675 natura
1456 2630 1633 2675 autem
1687 2624 1755 2676 ab
1809 2624 1926 2694 ipso
1979 2639 2085 2680 non

500 2703 833 2771 diﬂ’eremus,
864 2709 957 2762 sed
994 2709 1106 2764 sola
1138 2710 1366 2765 scientia
1396 2709 1684 2767 inferiores
1714 2712 1806 2767 illo
1835 2715 2043 2769 erimus
2068 2732 2083 2770 :

500 2811 623 2863 qua:
650 2799 737 2852 ubi
770 2798 979 2869 adjecta
1015 2804 1169 2858 nobis
1209 2803 1395 2869 fuerit,
1427 2806 1634 2859 erimus
1670 2820 1861 2861 omnes
1894 2817 2085 2863 natura

500 2891 597 2944 dii.
635 2890 917 2958 Quomodo
952 2896 1120 2965 igitur
1152 2911 1292 2951 unus
1335 2905 1419 2951 est
1460 2896 1625 2960 Deus,
1668 2897 1716 2951 si
1771 2913 1867 2967 per
1913 2900 2084 2954 solam

501 2982 804 3039 doctrinam
828 3000 989 3054 quam
1026 2988 1438 3057 consequimur,
1473 2987 1546 3041 dii
1594 2985 1899 3043 eilicimur?
1944 2992 2011 3044 At
2039 2993 2085 3047 si

501 3073 619 3143 ipsa
664 3089 724 3129 se
766 3076 956 3131 harum
1009 3079 1488 3134 ratiocinationqu
1540 3079 1851 3137 absurditas
1886 3085 2079 3151 prodit,

499 3166 824 3223 naturaliter
856 3169 1042 3238 itaque
1076 3180 1292 3224 creator
1329 3181 1415 3225 est
1459 3169 1663 3236 Filius,
1716 3185 1822 3227 non
1855 3188 1952 3243 per
1979 3176 2075 3231 do-

501 3258 756 3326 ctrinam,
785 3270 842 3316 ut
871 3278 968 3318 vos
1002 3265 1324 3333 opinamini.

1179 3399 1403 3461 ALIUD.

568 3504 727 3559 Aliud
765 3509 1039 3578 quidpiam
1070 3523 1153 3566 est
1181 3515 1468 3581 sapientia,
1512 3519 1656 3573 aliud
1697 3521 1915 3589 sapiens
1947 3540 1962 3577 :
1997 3537 2085 3577 sa-

500 3599 700 3666 pientia
734 3602 877 3655 enim
909 3616 992 3658 est
1019 3620 1104 3660 res
1138 3622 1259 3677 qua!
1288 3624 1477 3678 sapere
1504 3611 1659 3679 facit;
1713 3615 1929 3683 sapiens
1958 3632 2084 3671 vero

499 3693 591 3760 qui
632 3707 745 3746 rem
776 3709 896 3763 qua:
933 3712 1125 3766 sapere
1158 3698 1312 3766 facit,
1358 3702 1602 3770 suscipit.
1650 3703 1706 3758 Si
1747 3720 1877 3776 ergo
1914 3706 2085 3763 Filius

498 3784 738 3853 seipsum
797 3790 1123 3853 sapientiam
1175 3806 1299 3847 esse
1349 3793 1501 3858 dicit,
1556 3797 1823 3865 quomodo
1869 3799 2084 3869 sapiens

497 3875 725 3933 effectus
768 3880 890 3934 est?
946 3880 1082 3936 Nam
1132 3882 1176 3937 si
1225 3886 1448 3940 omnino
1491 3887 1741 3942 doctrina
1783 3888 2084 3959 indigebat,

500 3984 607 4022 non
633 3978 751 4023 erat
777 3971 1066 4039 sapientia.
1099 3972 1165 4027 Et
1187 3974 1232 4029 si
1258 3977 1520 4044 sapientia
1550 3979 1903 4035 accidentalis
1930 3981 1984 4036 in
2016 3998 2082 4038 eo

498 4072 600 4126 est,
638 4063 839 4131 poterit
882 4064 1171 4134 aliquando
1205 4068 1328 4125 talis
1366 4085 1468 4123 non
1502 4086 1647 4132 esse,
1691 4086 1815 4127 cum
1853 4072 1907 4128 id
1938 4075 2079 4142 quod

498 4153 696 4208 accidit
733 4155 905 4224 possit
954 4157 1118 4211 etiam
1160 4174 1264 4213 non
1294 4162 1558 4217 accidere.
1596 4163 1861 4229 Quidnam
1918 4165 2083 4235 igitur

495 4256 615 4298 erat
639 4255 764 4300 ante
788 4247 930 4302 hoc?
955 4250 1220 4318 sapientia
1247 4252 1390 4307 enim
1421 4269 1525 4308 non
1553 4263 1691 4319 erat,
1721 4271 1843 4310 cum
1867 4260 2081 4328 sapien-

499 4335 572 4389 tia
601 4336 886 4407 indigeret.
921 4339 988 4393 At
1027 4356 1243 4411 semper
1272 4342 1373 4397 fuit
1414 4346 1678 4414 sapientia
1720 4338 1911 4403 Filius.
1964 4348 2078 4405 Hoc

494 4429 640 4481 enim
684 4444 838 4484 sacra
876 4430 1157 4502 Scriptura
1184 4433 1250 4487 de
1284 4435 1399 4504 ipso
1426 4438 1699 4504 praedicat.
1733 4439 1942 4495 Vanum
1977 4442 2079 4495 ita-

495 4536 602 4590 que
634 4532 689 4577 et
716 4523 1007 4580 absurdum
1043 4535 1128 4581 est
1165 4526 1366 4594 dicere,
1413 4527 1553 4585 Filio
1584 4530 1789 4601 aliquid
1823 4532 2072 4588 doctrina

496 4617 778 4672 accidisse.

1166 4735 1393 4793 ALIUD.

567 4840 627 4897 Si
653 4841 879 4898 facultas
905 4846 1127 4903 creandi
1160 4848 1299 4905 Filio
1340 4864 1439 4919 per
1465 4850 1769 4908 doctrinam
1815 4854 2068 4921 accessit,

492 4943 658 5003 atque
705 4934 779 4989 ita
811 4935 982 4992 factus
1001 4948 1083 4994 est
1098 4950 1314 4996 creator
1339 4942 1530 5009 Filius,
1558 4944 1772 5002 invidias
1801 4947 1932 5001 vitio
1966 4946 2071 5000 Pa-

2188 1975 2397 2048 θήσεως
2440 1973 2579 2033 εἶναι
2612 1979 2835 2033 δύναται
2881 1979 3209 2051 δημιουργὸς
3242 1983 3270 2034 6
3298 1982 3445 2048 Υἱὸς,
3477 1983 3755 2052 όράτωσαν

2186 2066 2239 2118 τί
2270 2084 2401 2119 ποτε
2428 2067 2535 2139 ἄρα
2565 2070 2661 2122 καὶ
2693 2069 2823 2139 περὶ
2852 2069 2945 2123 τοῦ
2978 2069 3190 2142 Πατρὸς
3216 2068 3455 2141 ἐροῦσιν,
3487 2071 3546 2124 εἰ
3569 2089 3653 2135 τις
3671 2074 3757 2127 καὶ

2188 2160 2272 2211 ἐπ’
2301 2160 2466 2213 αὑτοῦ
2504 2160 2678 2214 ταῦτα
2707 2160 2886 2230 λέγοι⁹
2937 2161 3076 2216 Ἀλλ’
3101 2165 3265 2235 ἐρεῖς,
3292 2164 3374 2217 ὅτι
3412 2163 3575 2233 φύσει
3610 2164 3703 2235 μὲν
3734 2167 3759 2219 6

2187 2248 2398 2321 Πατὴρ,
2425 2250 2670 2316 διδακτὸς
2714 2250 2772 2304 δὲ
2821 2250 3024 2315 όΥίός.
3072 2253 3319 2318 Ἔξεστιν
3365 2248 3460 2307 οὖν
3504 2252 3759 2315 διδακτῶς

2188 2340 2493 2412 κτήσασθαί
2526 2359 2647 2396 τινα
2674 2340 2772 2414 τὴν
2796 2343 3033 2413 φυσικὴν
3062 2343 3343 2415 ἐνέργειαν
3364 2342 3460 2396 τοῦ
3485 2344 3649 2407 Θεοῦ,
3673 2344 3759 2396 καὶ

2190 2433 2431 2503 μαθόντα
2452 2432 2659 2497 κτίζειν
2682 2433 2935 2503 γενέσθαι
2959 2434 3119 2488 τοῦτο
3139 2437 3277 2507 ὅπερ
3301 2437 3417 2489 ἐστὶ
3441 2436 3589 2490 κατὰ
3610 2437 3758 2505 φύσιν

2188 2527 2369 2590 αὐτός.
2394 2525 2565 2581 Οὐδὲν
2584 2523 2677 2581 οὖν
2701 2527 2811 2599 ἄρα
2835 2528 2895 2581 τὸ
2918 2529 3119 2599 μεταξὺ
3149 2529 3283 2583 Θεοῦ
3307 2530 3400 2583 καὶ
3426 2530 3753 2599 κτισμάτων,

2188 2618 2236 2670 εἰ
2267 2617 2344 2689 μὴ
2374 2617 2574 2687 γνῶσις
2612 2620 2861 2691 περιττὴ,
2894 2620 2991 2675 καὶ
3024 2621 3184 2691 φύσει
3215 2622 3313 2690 μὲν
3348 2620 3483 2693 πρὸς
3512 2621 3675 2674 αὑτὸν
3702 2621 3753 2671 οὐ
3834 2648 3841 2659 ~

2186 2709 2516 2782 διῃρήμεθα,
2554 2712 2691 2783 μόνῃ
2717 2711 2775 2765 δὲ
2807 2714 2874 2783 τῇ
2908 2711 3109 2781 γνώσει
3138 2713 3469 2784 λειπόμεθαο
3498 2708 3572 2783 ἦς
3603 2730 3755 2783 προσο

2186 2802 2457 2872 τεθείσης,
2495 2803 2733 2874 ἐσόμεθα
2763 2804 2964 2868 πάντες
3006 2804 3147 2859 κατὰ
3177 2804 3336 2874 φύσιν
3363 2804 3495 2859 θεοί.
3520 2805 3647 2868 Πῶς
3673 2804 3754 2858 οὖν

2187 2890 2266 2958 εἷς
2299 2896 2451 2959 Θεὸς,
2486 2897 2534 2949 εί
2582 2898 2641 2949 ὲν
2690 2897 2836 2968 μόνῳ
2874 2897 2954 2968 τῷ
3003 2898 3195 2969 μαθεῖν
3224 2902 3402 2952 κεῖται
3424 2897 3483 2952 τὸ
3512 2898 3753 2966 γενέσθαι

2188 2988 2373 3054 θεούς;
2406 2990 2469 3041 El
2496 2989 2555 3042 δὲ
2583 2990 2751 3061 πολλή
2781 2990 2865 3054 τίς
2907 2990 3054 3045 ἐστιν
3095 2994 3154 3045 ὲν
3183 2991 3390 3056 τούτοις
3415 2994 3450 3063 ἡ
3478 2991 3591 3044 τῶν
3621 2991 3753 3056 λογι-

2190 3080 2340 3150 σμῶν
2387 3081 2604 3145 ἀτοπία,
2633 3083 2879 3151 φυσικῶς
2930 3084 3039 3155 ἄρα
3086 3084 3414 3156 δημιουργὸς
3457 3087 3486 3139 ὁ
3526 3085 3673 3149 Υἱὸς,
3701 3080 3755 3134 ού

2186 3173 2471 3241 διδακτῶς,
2504 3174 2623 3228 καθ’
2660 3177 2824 3247 ὑμᾶς.

2873 3402 3078 3455 ΔΛΛΟ.

2255 3513 2479 3586 Ἕτερόν
2508 3514 2563 3567 τί
2589 3515 2705 3568 ἐστι
2736 3514 2919 3583 σοφία,
2948 3515 3042 3568 καὶ
3068 3513 3255 3584 ἕτερον
3290 3516 3319 3566 6
3364 3512 3527 3582 σοφός
3552 3528 3568 3542 ο
3601 3513 3635 3584 ἡ
3671 3512 3759 3583 μὲν

2184 3608 2296 3677 γὰρ
2330 3607 2494 3676 σοφία
2536 3606 2667 3659 αὐτὸ
2714 3606 2777 3659 τὸ
2826 3608 3059 3677 πρᾶγμα
3109 3604 3170 3660 τὸ
3216 3604 3415 3677 σοφοῦν
3447 3608 3622 3669 ἐστιν,
3655 3605 3758 3659 ὅδὲ

2186 3699 2350 3769 σοφὸς
2399 3701 2429 3753 6
2478 3698 2573 3752 τοῦ
2610 3698 2901 3768 σοφοῦντος
2933 3698 3201 3763 δεκτικός.
3230 3698 3293 3751 El
3342 3698 3526 3752 τοίνυν
3576 3698 3760 3766 σοφίαν

2184 3791 2376 3844 ἑαυτὸν
2400 3786 2538 3845 εἷναί
2558 3807 2721 3861 φησιν
2744 3791 2772 3843 6
2790 3791 2937 3857 Υἱὸς,
2956 3790 3073 3855 πῶς
3098 3789 3388 3860 ὲσοφοῦτο;
3413 3791 3476 3843 Εί
3499 3790 3613 3861 γάρ
3634 3790 3759 3852 ὅλως

2182 3883 2353 3937 ἐδεῖτο
2392 3882 2700 3955 μαθήσεως,
2729 3884 2829 3935 οὐκ
2857 3878 2925 3954 ἦν
2956 3884 3138 3951 σοφία.
3171 3883 3282 3936 Καὶ
3321 3884 3369 3936 εί
3420 3882 3758 3953 συμϐέϐηκεν

2181 3974 2332 4045 αὐτῷ
2357 3974 2417 4028 τὸ
2445 3975 2627 4046 σοφὸν,
2652 3974 2805 4029 ἔσται
2840 3976 2971 4029 ποτὲ
3001 3977 3094 4028 καὶ
3117 3975 3180 4028 οὐ
3208 3973 3467 4041 τοιοῦτος,
3496 3973 3597 4028 τοῦ
3626 3992 3757 4045 συμ-

2181 4066 2477 4138 ϐεϐηκότος
2530 4068 2623 4120 καὶ
2674 4067 3061 4138 ἀποσυμϐἧναι
3102 4066 3420 4137 δυναμένου.
3455 4065 3521 4120 Τί
3566 4063 3661 4121 οὖν
3696 4063 3757 4138 ἦν

2182 4159 2289 4229 ἄρα
2344 4159 2450 4230 πρὸ
2496 4158 2725 4225 τούτου;
2780 4159 2942 4228 σοφία
2989 4160 3096 4231 γάρ
3146 4159 3245 4212 οὐκ
3301 4153 3391 4229 ἦν,
3440 4157 3757 4229 λειπόμενος

2182 4251 2516 4322 φρονήσεως.
2535 4251 2673 4305 Ἀλλ’
2717 4248 2786 4323 ἦν
2836 4252 2923 4305 ἀεὶ
2970 4252 3131 4321 σοφία
3181 4254 3209 4305 6
3253 4252 3399 4315 Υἱός.
3433 4250 3608 4305 Τοῦτο
3659 4253 3759 4321 γάρ

2179 4342 2542 4413 κηρύττουσιν
2567 4345 2622 4397 αί
2654 4342 2794 4396 θεῖαι
2827 4343 3064 4414 Γραφαί.
3102 4343 3500 4413 Διεψευσμένον
3528 4344 3641 4414 ἄρα
3668 4346 3757 4396 καὶ

2180 4434 2393 4503 ἀμαθὲς
2438 4434 2502 4488 τὸ
2545 4436 2610 4489 ὲκ
2660 4435 2950 4508 μαθήσεώς
3003 4454 3052 4490 τι
3102 4437 3531 4507 προσγεγονέναι
3587 4438 3757 4505 λέγειν

2181 4545 2347 4598 αυτῳ.

2870 4732 3073 4786 ΑΛΛΟ.

2250 4844 2315 4898 Εί
2338 4843 2583 4898 διδακτόν
2606 4844 2720 4898 ἐστι
2746 4844 2808 4899 τὸ
2829 4844 3089 4899 δύνασθαι
3109 4845 3482 4917 δημιουργεῖν,
3500 4849 3599 4903 καὶ
3621 4848 3757 4904 οὕτω

2174 4933 2367 5004 γέγονε
2407 4934 2739 5006 δημιουργὸς
2782 4937 2812 4990 6
2836 4935 2987 5002 Υἱὸς,
3014 4936 3212 5006 φθόνου
3264 4937 3435 5002 πάθος
3476 4941 3755 5011 εἰσάγουσι

492 5032 631 5078 trem
662 5034 919 5092 onerant,
964 5028 1008 5082 si
1049 5044 1174 5084 cum
1206 5032 1407 5088 multos
1434 5035 1630 5091 docere
1663 5046 1868 5106 posset,
1904 5053 2069 5091 unum

2192 5026 2395 5095 Γεγονδς
2424 5028 2560 5099 πρὸς
2589 5028 2682 5082 τὸν
2708 5028 2948 5101 Πατέρα,
2976 5030 3031 5083 ετ
3048 5047 3112 5099 γε
3147 5030 3375 5095 πολλοὺς
3414 5032 3627 5098 διδάξαι
3668 5034 3753 5087 δυ-

491 5123 702 5170 tautum
741 5116 945 5173 docuit.
989 5119 1128 5186 Quid
1170 5122 1314 5177 enim
1356 5126 1649 5191 nocuisset,
1688 5128 1883 5184 multos
1922 5131 2068 5185 circa

2192 5121 2421 5191 νάμενος,
2451 5121 2549 5174 ἕνα
2580 5120 2743 5191 μόνον
2772 5120 3003 5186 ἐδίδαξε.
3036 5122 3102 5174 Τί
3149 5121 3259 5193 γὰρ
3305 5122 3494 5176 ἐλύπει
3531 5125 3754 5188 πολλοὺς

492 5205 667 5272 ipsum
692 5218 970 5264 creatores
999 5210 1230 5280 versari,
1263 5214 1718 5283 quemadmodum
1749 5218 1949 5274 mullos
1976 5235 2069 5274 ar-

2192 5215 2305 5286 περὶ
2332 5214 2495 5266 αὑτὸν
2519 5209 2658 5267 εἶναι
2679 5215 3065 5286 δημιουργοὺς,
3083 5214 3275 5288 ὥσπερ
3300 5212 3393 5270 οὖν
3413 5219 3508 5272 καὶ
3530 5220 3755 5282 πολλοὺς

491 5299 784 5368 changelos
826 5310 989 5371 atque
1017 5304 1237 5375 angelos
1290 5306 1492 5361 habet?
1545 5307 1699 5365 Nunc
1752 5325 1883 5366 vero
1926 5311 2074 5368 solus

2192 5306 2548 5378 ὶρχαγγὲλους
2576 5308 2669 5360 καὶ
2698 5307 2962 5375 ἀγγέλους
2990 5308 3133 5379 ἔχεις
3166 5308 3283 5363 Νῦν
3307 5309 3365 5363 δὲ
3396 5310 3560 5381 μόνος
3582 5313 3612 5364 6
3633 5312 3753 5374 Υἱὸς

490 5390 659 5446 Filius
689 5404 950 5464 operatur
996 5411 1116 5465 qua:
1166 5396 1350 5454 Pater.
1402 5398 1738 5455 Naluraliter
1785 5402 1971 5473 itaque
2022 5406 2069 5459 ei

2192 5401 2242 5455 τὰ
2283 5401 2378 5454 τοῦ
2426 5400 2640 5473 Ηατρὺς
2686 5401 3002 5472 ἐργάζεται.
3030 5404 3263 5457 Φυσικὸν
3294 5401 3387 5457 οὖν
3420 5404 3530 5475 ἄρα
3574 5405 3671 5457 καὶ
3695 5405 3751 5457 οὗ

491 5482 677 5551 insita,
709 5500 815 5541 non
852 5488 1096 5543 doctrina
1137 5491 1402 5561 acquisita
1438 5501 1522 5547 est
1548 5492 1771 5548 creandi
1815 5494 2068 5559 facultas,

2192 5493 2419 5547 ἱιδακτὸν
2463 5495 2521 5546 ἐν
2570 5493 2719 5563 αύτῷ
2759 5493 2821 5547 τὸ
2868 5494 3242 5565 δημιουργεῖν,
3271 5496 3359 5549 ἵνα
3407 5497 3504 5550 καὶ
3559 5496 3750 5565 φθόνου

492 5589 562 5629 ne
591 5574 752 5631 Pater
783 5578 984 5634 invidia
1041 5581 1321 5640 laborasse
1359 5594 1652 5642 censeatur
1686 5605 1696 5639 :
1739 5588 1937 5657 quippe
1976 5589 2067 5657 qui

2192 5586 2433 5655 ραίνηται
2461 5585 2721 5657 κρείττων
2745 5588 2772 5638 6
2806 5589 3015 5659 Πατὴρ,
3037 5588 3096 5641 οὺ
3126 5588 3343 5653 διδάξας
3375 5588 3598 5659 μᾶλλον,
3622 5588 3750 5644 ἀλλὰ

492 5683 599 5721 non
632 5668 837 5736 docuit,
876 5673 969 5726 sed
1004 5688 1070 5726 cx
1108 5688 1167 5728 sc
1208 5676 1393 5745 genuit
1424 5692 1589 5733 unum
1621 5687 1945 5747 creatorem,
1975 5695 2072 5750 pcr

2192 5681 2443 5750 γεννήσας
2486 5680 2544 5746 ἐξ
2579 5681 2773 5735 ἑαυτοῦ
2820 5682 2911 5736 τὸν
2957 5682 3050 5737 ἕνα
3093 5682 3444 5755 δημιουργὸν,
3474 5682 3543 5737 δι’
3575 5676 3639 5735 οὗ
3687 5682 3748 5733 τά

491 5775 651 5832 quem
680 5764 858 5819 omnia
886 5778 1160 5837 operatur.

2192 5774 2358 5827 πάντα
2384 5773 2696 5841 ἐργάζεται.
