3882 6210
158 334 254 393 257

390 453 593 519 ΔΛΛΟ,
634 452 891 507 πιθανὸν
925 450 1074 520 ἕχον
1110 452 1178 505 τὸ
1216 453 1449 524 σχῆμα.

213 569 275 622 Εἰ
302 569 386 623 διά
410 570 590 634 τοῦτο,
610 570 729 624 καθ’
752 571 919 641 ὑμᾶς,
942 569 1036 623 τὸν
1054 570 1181 623 Υἱὸν
1208 571 1421 625 ἔκτισεν
1448 574 1477 626 ό
1501 570 1714 643 Πατὴρ,

152 665 229 716 ἵνα
254 663 349 732 τῆς
377 663 613 735 γενητῆς
658 650 872 732 φίύσεως
898 665 1097 736 εὑρεθῇ
1131 666 1380 737 ποιητὴς,
1420 665 1591 737 ἐχρῆν
1620 666 1720 719 αὐ-

150 755 233 807 τὸν
262 756 498 824 ἀργῆσαι
532 755 716 808 λοιπὸν
746 754 895 820 ἅπαξ
938 755 1036 809 τοῦ
1069 757 1197 810 Υἰοῦ
1228 757 1546 828 γενομένου.
1590 756 1717 820 Πῶς

148 844 234 901 οὖν
265 847 556 917 ἐργάζεται
580 848 679 900 ’καὶ
719 850 857 917 μετά
898 848 992 901 τὸν
1024 849 1187 915 Υἱόν;
1234 850 1405 914 Αὐτὸς
1451 849 1563 921 γάρ
1612 866 1717 902 που

148 939 295 992 τοῦτό
327 957 492 1009 φησιν
519 940 547 991 6
571 940 763 1010 Σωτήρ
790 958 803 970 ·
844 960 861 992 ι
884 942 941 992 '0
972 941 1162 1012 Πατήρ
1202 959 1305 1012 μου
1338 942 1442 1004 ἓως
1472 942 1597 1013 ἄρτι
1624 943 1718 1012 ὲρ-

146 1030 381 1100 γάζεται,
415 1032 571 1100 κάγὼ
594 1031 919 1104 ἐργάζομαι.
949 1052 966 1084 ι
994 1034 1057 1086 Εί
1087 1034 1263 1087 τοίνυν
1293 1033 1585 1104 ἐργάζεται
1622 1033 1719 1087 καὶ

150 1122 278 1191 μετά
325 1122 417 1175 τὸν
449 1122 595 1186 Υίὸν,
623 1122 877 1194 περιττὸς
924 1122 990 1175 ἂν
1044 1122 1130 1193 εἴη
1176 1123 1298 1177 καθ’
1326 1124 1468 1193 ὑμᾶς
1510 1126 1538 1176 ό
1567 1123 1717 1186 Υίός.

158 1214 306 1267 Ἀλλά
333 1213 491 1267 τοῦτο
522 1215 721 1268 ἄτοπον
754 1219 973 1285 φρονεῖν
1009 1231 1069 1269 τε
1098 1215 1194 1268 καὶ
1226 1216 1427 1283 λέγειν.
1459 1216 1574 1268 Οὐκ
1606 1215 1716 1286 ἄρα

146 1306 394 1378 παρήχθη
427 1308 562 1377 πρὸς
578 1308 638 1361 τὸ
663 1304 800 1361 εἶναι
827 1309 1054 1380 γενητὸς
1080 1307 1270 1371 ὀΥἰὸς,
1290 1308 1377 1361 ἵνα
1404 1307 1512 1360 τῶν
1540 1307 1715 1361 ἄλλων

144 1398 362 1467 γένηται
414 1400 662 1469 ποιητὴς,
692 1400 805 1453 ἀλλ’
834 1402 897 1453 ἐκ
946 1404 1045 1471 τῆς
1091 1401 1330 1472 ἀρρήτου
1376 1400 1470 1453 τοῦ
1502 1400 1716 1472 Πατρὸς

143 1492 323 1554 οὐσίας
376 1491 672 1562 προελθὼν,
726 1493 802 1556 ὡς
827 1493 973 1557 Υἱὸς,
1009 1493 1187 1545 πάντα
1235 1492 1302 1546 τὰ
1355 1490 1449 1545 τοῦ
1501 1493 1715 1563 Πατρὸς

147 1585 277 1655 μετὰ
306 1584 399 1637 τοῦ
424 1586 633 1655 Πατρὸς
656 1585 972 1656 ἐργάζεται,
1001 1584 1243 1653 φυσικῶς
1268 1584 1529 1655 ὑπάρχων
1556 1584 1683 1638 τοῦθ
1701 1586 1715 1605 ’

142 1680 270 1748 ὅπερ
321 1677 459 1742 ἐστὶ,
494 1678 625 1741 Θεὸς
672 1678 935 1749 δηλονότι,
973 1677 1070 1731 καὶ
1119 1676 1209 1732 διὰ
1255 1677 1413 1731 τοῦτο
1452 1677 1715 1749 δημιουρ-

141 1772 249 1839 τός.

817 1885 1022 1939 ΑΛΛΟ.

210 2002 269 2054 El
318 2001 399 2073 τῷ
445 2001 574 2071 θείῳ
624 1999 946 2071 βουλήματι,
984 2000 1125 2054 κατὰ
1156 2000 1254 2072 τὴν
1288 2000 1437 2053 θείαν
1465 1998 1711 2070 Γραφὴν,

137 2093 469 2165 ἀνθέστηκεν
520 2092 715 2157 οὐδεὶς,
746 2093 857 2145 ἀλλ’
894 2092 1116 2163 ἐξαρκεῖ
1164 2092 1323 2145 τοῦτο
1377 2092 1472 2145 καὶ
1530 2091 1713 2163 μόνον,

136 2186 266 2257 πρὸς
292 2185 393 2257 τὴν
420 2184 526 2239 τῶν
568 2184 703 2237 ὅλων
740 2185 1026 2238 σύστασιν·
1066 2185 1185 2255 ἅμα,
1229 2184 1339 2256 γὰρ
1375 2183 1606 2255 ἠθέλησὲ
1636 2200 1711 2250 τι,

136 2278 476 2348 παραχρῆμα
510 2277 744 2345 γίνεται,
779 2276 923 2329 κατὰ
969 2276 1059 2330 τὸν
1108 2276 1335 2344 λέγοντα
1366 2271 1673 2346 Ψαλμῳδόν
1695 2290 1709 2304 ·

140 2388 157 2418 ι
193 2368 384 2421 Πάντα
406 2369 506 2421 ὅσα
540 2368 804 2437 ἠθέλησεν
830 2368 1075 2438 ἐποίησε,
1113 2388 1131 2419 ι
1166 2367 1251 2432 τίς
1276 2362 1344 2440 ἦν
1370 2369 1401 2438 ἡ
1432 2367 1526 2421 τοῦ
1556 2384 1713 2437 μεσι-

134 2460 379 2523 τεύοντος
410 2461 603 2531 χρεία;
640 2461 917 2529 Περιττῶς
946 2462 1052 2531 ἄρα
1080 2462 1300 2530 γέγονεν
1339 2463 1367 2515 6
1395 2460 1533 2523 Υἱός,
1554 2459 1713 2513 Ἀλλὰ

130 2552 283 2606 τοῦτο
332 2554 511 2622 λέγειν
554 2554 660 2607 τῶν
702 2554 1090 2607 ἀτοπωτάτων.
1124 2555 1296 2619 Αὐτὸς
1345 2554 1452 2624 ἄρα
1494 2553 1641 2606 ἐστὶν
1678 2553 1712 2623 ή

132 2646 377 2709 ἐνούσιος
420 2647 516 2699 καὶ
550 2644 700 2709 ζῶσα
742 2645 835 2698 τοῦ
882 2646 1093 2716 Πατρός
1142 2645 1412 2716 βούλησις,
1440 2644 1506 2698 δι’
1541 2638 1607 2715 ἦς
1644 2643 1713 2697 τὰ

130 2737 309 2789 πάντα
342 2734 479 2807 πρὸς
506 2737 566 2789 τὸ
598 2730 738 2789 εἶναι
766 2736 938 2790 καλεῖ.
969 2732 1101 2789 Εἶτα
1150 2736 1267 2800 πῶς
1311 2736 1448 2809 αὕτη
1483 2736 1713 2808 πεποίη-

130 2843 247 2893 ται;
290 2826 421 2890 Πῶς
446 2827 501 2880 δὲ
525 2827 660 2890 ὅλως
694 2827 793 2880 οὐκ
822 2823 890 2898 ἦν
924 2828 1148 2882 ἐκείνων
1181 2829 1393 2897 είπεῖν;

631 3026 834 3090 ΔΛΛΟ,
874 3025 973 3078 καὶ
1009 3025 1205 3093 δριμύ.

1522 330 1969 391 TIIESAURL'S.

1745 456 1795 513 Δ

3298 345 3405 401 253

2170 452 2403 520 ALILD,
2437 464 2493 508 ut
2524 456 2730 509 videtur
2761 457 3049 525 probabile.

1894 563 1949 619 Si
2007 576 2313 635 propterea,
2351 578 2407 621 ut
2442 585 2538 625 vos
2582 571 2903 641 opinamini,
2944 571 3144 628 Filium
3195 576 3404 629 creavit

1820 655 2002 720 Pater,
2053 667 2112 710 ιιι
2158 668 2359 712 creata:
2416 669 2629 714 natura:
2675 661 2849 715 factor
2881 677 3004 717 esse
3053 673 3400 731 cerneretur,

1822 750 2188 804 necessarium
2220 751 2445 807 omnino
2482 762 2567 807 est
2606 762 2665 808 ιιι
2699 765 2884 809 creato
2916 753 3054 809 Filio
3087 758 3400 812 cessaverit.

1821 841 2102 908 Quomodo
2145 843 2307 913 igitur
2347 855 2603 912 operatur
2647 857 2769 915 post
2816 846 3049 901 Filium?
3097 847 3212 917 Ipse
3258 849 3402 903 enim

1821 932 2083 988 Servator
2108 934 2213 989 hoc
2249 936 2326 989 ait
2355 953 2369 990 :
2410 955 2428 986 ι
2460 934 2622 990 Pater
2658 954 2809 993 meus
2839 955 3007 1008 usque
3045 956 3186 995 nunc
3210 958 3404 1011 opera-

1820 1031 1928 1089 tur,
1974 1037 2028 1079 et
2058 1042 2160 1097 ego
2189 1042 2386 1095 operor
2407 1030 2449 1082 ’.
2481 1047 2499 1079 ι
2540 1028 2595 1083 Si
2630 1046 2757 1099 ergo
2784 1041 3038 1100 Operatur
3080 1034 3241 1087 etiam
3282 1046 3404 1102 post

1818 1115 2032 1179 Filium,
2068 1132 2506 1187 supervacaneus
2542 1121 2706 1191 igitur
2737 1122 2926 1187 fuerit,
2959 1124 3254 1178 secundum
3287 1140 3400 1188 vos,

1817 1206 2006 1261 Filius.
2041 1208 2308 1264 Cazternm
2341 1209 2443 1265 hoc
2470 1219 2525 1265 et
2568 1212 2715 1267 dictu
2756 1222 2809 1267 et
2847 1213 3082 1281 cogitatu
3112 1215 3401 1269 absurdum

1816 1312 1921 1357 est.
1950 1301 2065 1356 Non
2096 1311 2178 1357 est
2203 1317 2330 1373 ergo
2362 1314 2580 1359 creatus
2615 1305 2803 1370 Filius,
2842 1317 2899 1360 ut
2931 1309 3043 1375 ipse
3068 1308 3399 1377 reliquorum

1821 1394 1979 1465 153
2002 1401 2217 1448 creator
2243 1396 2397 1448 ﬁeret
2426 1412 2439 1447 :
2465 1397 2559 1450 sed
2585 1411 2648 1450 ex
2680 1396 2936 1453 ineﬂabili
2966 1398 3141 1453 Patris
3168 1400 3402 1454 essentia

1814 1484 2134 1553 procedens,
2169 1492 2227 1537 ut
2279 1483 2471 1548 Filius,
2523 1487 2702 1539 omnia
2754 1504 2873 1557 qua:
2915 1488 3093 1543 Patris
3122 1500 3402 1546 suntcum

1814 1573 1975 1629 Patre
2017 1584 2298 1645 operatur,
2345 1576 2667 1631 naturaliter
2702 1578 2751 1632 id
2798 1580 3065 1635 exsistens
3113 1583 3256 1650 quod
3296 1590 3401 1643 est,

1814 1667 2071 1722 nimirum
2094 1666 2257 1733 Dens,
2290 1683 2354 1723 ac
2380 1679 2671 1739 propterea
2705 1682 2942 1727 creator.

2504 1867 2732 1923 ALIUD.

1888 1984 1945 2038 Si
1978 1985 2238 2039 voluntati
2272 1985 2465 2040 divinae
2487 2026 2501 2049 ,
2538 1996 2593 2039 ut
2637 1986 2917 2057 Scriptura
2964 2000 3116 2041 saera
3150 1992 3400 2049 testatur,

1819 2091 1978 2132 nemo
2009 2078 2231 2144 restitit,
2290 2080 2383 2132 sed
2418 2078 2522 2132 hoc
2549 2089 2601 2133 et
2632 2080 2849 2149 quidem
2881 2079 3055 2133 solum
3087 2078 3286 2135 sullicit
3333 2080 3401 2134 ad

1818 2169 2198 2224 universorum
2242 2170 2707 2235 constitutionem,
2741 2173 2898 2225 simul
2935 2172 3078 2224 ettim
3111 2182 3273 2241 atque
3302 2187 3401 2226 vo-

1819 2261 1936 2327 luit,
1963 2264 2245 2319 confestim
2282 2266 2420 2319 t’acta
2454 2274 2601 2329 sunt,
2642 2267 2794 2334 juxta
2833 2265 3135 2320 Psalmistte
3167 2280 3352 2320 vocem
3385 2283 3399 2296 ·

1823 2377 1840 2408 ι
1874 2356 2068 2412 Omnia
2098 2373 2433 2427 quaecunque
2451 2358 2640 2421 voluit,
2667 2358 2792 2414 fecit
2818 2360 2890 2422 ¹⁰;
2920 2378 2937 2410 ι
2957 2360 3078 2428 quis
3105 2358 3269 2427 igitur
3284 2367 3404 2413 erat

1816 2466 1948 2506 usus
1981 2451 2338 2505 mediatoris?
2370 2450 2593 2505 Frustra
2622 2466 2753 2521 ergo
2785 2450 2958 2505 factus
2985 2462 3067 2507 est
3096 2451 3264 2505 Filius
3295 2468 3310 2504 :
3346 2462 3403 2504 at

1816 2540 1920 2595 hoc
1953 2539 2401 2594 absurdissimum
2427 2540 2570 2594 dictu
2597 2549 2701 2593 est.
2738 2540 2855 2610 Ipse
2887 2542 3049 2611 igitur
3088 2551 3167 2597 est
3196 2541 3402 2595 inexsi-

1816 2642 1964 2686 stens
1994 2647 2056 2685 ac
2096 2632 2219 2685 viva
2268 2630 2447 2685 Patris
2476 2630 2748 2694 voluntas,
2787 2647 2881 2700 per
2910 2646 3071 2700 quam
3100 2631 3283 2684 omnia
3333 2630 3399 2683 ad

1815 2739 1935 2779 esse
1966 2723 2225 2779 traducit.
2260 2722 2545 2789 Quomodo
2578 2726 2759 2796 itaque
2802 2724 2913 2777 hzec
2944 2724 3056 2793 ipsa
3105 2723 3244 2776 facta
3276 2722 3404 2775 est?

1814 2817 1922 2869 Aut
1968 2815 2240 2887 quomodo
2286 2818 2337 2870 in
2384 2816 2699 2871 universum
2748 2830 2855 2870 non
2899 2822 3038 2880 erat,
3084 2822 3143 2867 ut
3184 2812 3273 2868 isti
3302 2826 3403 2867 vo-

1815 2908 1972 2963 Iunt?

2265 3021 2499 3091 ALIUD,
2531 3022 2687 3090 idque
2713 3034 2947 3077 acumm.

194 3136 260 3191 EI
309 3135 402 3189 διὰ
449 3134 606 3189 τοῦτό
656 3152 818 3204 φασιν
868 3136 1113 3190 ἐκτίσθαι
1159 3137 1249 3191 τὸν
1282 3139 1431 3204 Υἱὸν,
1467 3141 1534 3193 ἵν’
1563 3144 1712 3214 ἡμᾶς

1887 3134 1943 3189 Si
1979 3143 2262 3205 prepterea
2301 3147 2542 3189 creatum
2591 3149 2711 3190 esse
2748 3135 2944 3190 Filium
2980 3135 3185 3200 dicunt,
3213 3144 3269 3189 ιιι
3304 3151 3402 3192 nos

126 3229 509 3300 δημιουργήσῃ
544 3227 675 3291 Θεὸς
700 3228 769 3281 δι’
796 3228 984 3292 αὐτοῦ,
1016 3229 1297 3299 ὁράτωσαν
1328 3234 1407 3296 είς
1433 3233 1563 3305 ὅσην
1591 3235 1715 3288 ἀσέ-

126 3319 281 3371 6ειαν
315 3320 501 3381 αὐτοῖς
530 3320 558 3371 6
589 3318 744 3388 λόγος
775 3320 1090 3391 ἐκϐήσεται.
1128 3323 1377 3377 Φαίνεται
1410 3324 1520 3397 γὰρ
1552 3326 1715 3391 αὐτὸς

125 3412 190 3465 δι’
214 3413 372 3483 ἡμᾶς
401 3410 661 3480 γεγονὼς,
686 3411 782 3464 καὶ
804 3412 902 3482 οὐχ
934 3415 1096 3484 ἡμεῖς
1127 3412 1194 3468 δι’
1216 3415 1398 3469 αὐτόν.
1423 3416 1532 3469 Καὶ
1553 3418 1716 3488 ἡμεῖς

128 3503 226 3573 μὲν
270 3503 509 3573 ποίημα,
560 3504 722 3567 αὐτὸς
772 3503 829 3557 δὲ
876 3507 1147 3576 ποιήσεως
1200 3507 1449 3579 ὄργανον.
1503 3510 1715 3564 Οὐκοῦν

125 3596 467 3665 όμολογείτω
517 3596 614 3666 μὲν
663 3596 827 3660 αὐτὸς
861 3598 955 3652 καὶ
996 3598 1155 3669 χάριν
1186 3601 1338 3669 ἡμῖν’
1367 3600 1573 3672 ὑπέστη
1604 3602 1714 3674 γὰρ

124 3685 191 3737 δι’
215 3688 596 3757 ήμᾶς.”Εσται
621 3689 678 3742 δὲ
701 3688 858 3759 ἡμῶν
892 3689 987 3743 καὶ
1013 3689 1158 3755 δόξα,
1190 3689 1379 3763 ὥσπερ
1399 3695 1494 3745 καὶ
1518 3696 1551 3765 ἡ
1575 3695 1713 3767 γυνὴ

124 3778 219 3832 τοῦ
255 3779 475 3851 ἀνδρός·
517 3801 533 3832 ι
557 3781 620 3833 Ἡ
644 3781 753 3852 γάρ
778 3782 938 3852 γυνὴ,
972 3784 1123 3854 φησὶ,
1147 3783 1272 3848 δόξα
1300 3784 1495 3855 ἀνδρός
1528 3788 1663 3839 ἐστι·
1690 3805 1709 3838 ι

124 3872 220 3924 καὶ
253 3871 477 3940 γείτονα
500 3871 681 3942 τίθησι
713 3873 810 3945 τὴν
840 3874 1040 3941 αἰτίαν,
1068 3874 1260 3943 λέγων·
1292 3896 1309 3928 ι
1340 3878 1413 3931 Οὐ
1436 3877 1713 3947 γὰρὲκτί-

127 3963 230 4033 σθη
262 3962 411 4032 ἀνὴρ
439 3962 528 4017 διὰ
572 3964 670 4035 τὴν
715 3969 968 4033 γυναῖκα,
1015 3967 1151 4021 ἀλλά
1190 3969 1328 4039 γυνὴ
1370 3970 1459 4024 διὰ
1493 3972 1585 4024 τὸν
1616 3972 1713 4026 ἀν-

124 4054 248 4124 δρα.
285 4073 308 4106 ι
359 4055 422 4108 Εἰ
468 4054 650 4108 τοίνυν
697 4056 765 4110 δι’
800 4057 951 4128 ἡμᾶς
980 4058 1202 4127 γέγονεν
1236 4062 1265 4113 ό
1292 4060 1438 4126 Υἱὸς,
1470 4063 1565 4115 καὶ
1616 4064 1714 4133 οὐχ

124 4147 293 4215 ἡμεῖς
322 4145 391 4198 δι’
427 4146 610 4211 αὐτὸν,
638 4148 878 4219 ἐσόμεθα
908 4150 1125 4215 πάντως
1168 4152 1333 4205 αὑτοῦ
1362 4153 1710 4225 τελειότεροι,

124 4237 323 4310 ὥσπερ
373 4234 469 4292 οὖν
518 4239 613 4293 καὶ
657 4240 827 4312 Ἀδὰμ
860 4242 960 4313 τῆς
996 4246 1254 4311 γυναικὸς
1307 4244 1404 4316 τῆς
1450 4246 1519 4298 δι’
1551 4247 1714 4301 αὑτὸν

124 4330 455 4400 γενομένης.
474 4330 634 4384 Ἀ).λά
654 4332 813 4386 τοῦτο
832 4333 1033 4388 ἄτοπον
1050 4352 1064 4367 ο
1087 4336 1189 4389 οὐκ
1207 4336 1313 4408 ἄρα
1336 4338 1541 4408 κτίσμα
1565 4339 1713 4393 ἐστὶν

124 4424 154 4475 6
188 4423 343 4486 Υἱὸς,
374 4422 495 4475 οὐδὲ
529 4425 720 4492 γέγονε
766 4425 831 4478 δι’
868 4428 1014 4497 ἡμᾶς
1035 4442 1049 4455 ”
1087 4428 1222 4483 ἀλλά
1255 4430 1414 4499 φύσει
1442 4431 1574 4495 Θεὸς
1605 4432 1709 4485 ὑπ-

1818 3225 1961 3282 Deus
1984 3242 2082 3296 per
2108 3227 2280 3295 ipsum
2315 3237 2548 3291 crearet,
2585 3228 2805 3281 videant
2835 3230 2885 3282 in
2922 3237 3176 3297 quantam
3213 3229 3403 3297 impie-

1817 3330 1980 3373 tatem
2030 3317 2305 3372 labantur.
2337 3316 2564 3372 Videtur
2606 3320 2750 3373 enim
2784 3321 2885 3374 Imc
2928 3331 3087 3389 pacto
3133 3320 3247 3388 ipse
3279 3336 3402 3389 pro-

1815 3419 1937 3481 pter
1961 3426 2079 3473 nos,
2118 3425 2224 3464 non
2258 3425 2387 3464 vero
2413 3425 2513 3465 nos
2543 3420 2766 3480 propter
2801 3414 2976 3480 ipsum
3009 3412 3136 3467 facti
3165 3429 3305 3469 esse.
3339 3415 3404 3469 Et

1816 3518 1914 3557 nos
1957 3503 2173 3571 quidem
2223 3517 2378 3570 Opus,
2414 3502 2528 3571 ipse
2573 3518 2699 3556 vero
2728 3504 2909 3571 aperis
2954 3505 3398 3563 instrumentum.

1815 3592 1930 3647 Hoc
1955 3593 2121 3658 igitur
2142 3592 2297 3647 nobis
2323 3598 2606 3660 acceptum
2630 3591 2788 3654 ferat,
2814 3593 2957 3661 quod
2984 3594 3053 3647 sit
3076 3594 3403 3651 constitutus

1816 3694 2043 3755 propter
2076 3698 2194 3738 nos.
2245 3682 2472 3751 Eritque
2518 3683 2633 3752 ipse
2671 3683 2839 3753 gloria
2884 3696 3092 3751 nostra,
3136 3687 3402 3755 quemad-

1815 3778 2033 3831 modum
2064 3776 2259 3831 mulier
2286 3786 2367 3831 est
2396 3778 2521 3830 viri.
2555 3795 2573 3827 ι
2604 3775 2795 3832 Mulier
2825 3779 2992 3843 enim,
3038 3789 3096 3832 ut
3142 3779 3219 3832 ait
3253 3776 3402 3833 Scri-

1814 3878 1994 3938 plura,
2027 3866 2195 3938 gloria
2231 3866 2330 3920 viri
2362 3877 2444 3921 est
2472 3868 2538 3930 “,
2571 3884 2589 3918 ι
2628 3880 2959 3936 causamque
2999 3869 3147 3922 addit
3174 3868 3399 3923 dicens:

1821 3978 1841 4011 ι
1873 3959 1988 4014 Non
2036 3960 2179 4013 enim
2212 3958 2294 4011 vir
2324 3967 2540 4013 creatus
2572 3970 2655 4013 est
2699 3972 2922 4028 propter
2955 3959 3256 4027 mulierem,
3306 3968 3399 4017 sed

1815 4051 2009 4106 mulier
2034 4059 2251 4120 propter
2281 4053 2455 4105 virum
2483 4052 2547 4105 ¹².
2574 4069 2594 4103 ι
2634 4049 2689 4104 Si
2721 4066 2851 4121 ergo
2874 4062 3088 4120 prepler
3115 4068 3212 4108 nos
3241 4069 3398 4108 crea»

1815 4151 1903 4197 tus
1923 4152 2007 4197 est
2026 4142 2215 4207 Filius,
2242 4158 2347 4198 non
2375 4153 2554 4198 autem
2582 4158 2680 4197 nos
2700 4153 2923 4212 prepter
2953 4145 3126 4213 ipsum
3152 4158 3168 4198 :
3196 4146 3401 4202 erimus

1815 4233 2057 4302 profecto
2118 4249 2217 4288 nos
2286 4233 2376 4287 illo
2434 4234 2886 4301 praestantiores,
2945 4236 3399 4302 quemadmodum

1813 4325 1984 4379 Adam
2016 4324 2241 4379 muliere
2270 4333 2492 4395 propter
2517 4325 2691 4395 ipsum
2728 4325 2890 4378 facta.
2924 4324 3030 4378 Sed
3064 4324 3165 4379 hoc
3205 4325 3399 4380 absur-

1814 4418 1941 4470 dum
1970 4427 2074 4471 est.
2104 4415 2270 4471 Filius
2305 4417 2484 4485 itaque
2509 4428 2760 4471 creatura
2788 4432 2891 4470 non
2923 4425 3025 4481 est,
3061 4432 3236 4486 neque
3269 4433 3398 4484 pro-

125 4514 340 4585 άρχων,
375 4515 451 4577 ὡς
483 4516 511 4567 6
541 4516 750 4588 Πατὴρ,
780 4520 846 4589 τῇ
881 4519 1057 4591 οἰκείᾳ
1079 4520 1305 4591 δυνάμει
1338 4521 1431 4576 καὶ
1458 4524 1606 4594 ἡμᾶς
1632 4524 1712 4587 είς

1823 4516 1936 4577 pter
1967 4522 2067 4562 nos
2100 4508 2273 4564 factus
2312 4518 2395 4562 est
2439 4526 2453 4564 :
2495 4509 2589 4564 sed
2634 4523 2755 4563 cum
2788 4509 2857 4562 sit
2886 4508 3208 4562 naturaliter
3237 4508 3393 4573 Dens,

124 4606 188 4659 τὸ
226 4604 371 4661 εἶναι
404 4607 748 4677 παρήγαγεν.

630 4808 839 4871 ΔΛΛΟ,
880 4813 979 4861 καὶ
1019 4808 1213 4878 δριμύ.

202 4919 271 4971 El
292 4917 515 4985 γέγονεν
536 4919 564 4970 6
592 4919 717 4984 Υἱὸς
734 4920 800 4973 δι’
825 4922 990 4991 ἡμᾶς,
1023 4921 1273 4993 καθάπερ
1302 4922 1501 4977 ἐκεῖνοί
1524 4941 1709 4993 φασιν,

126 5010 233 5064 οὐκ
286 5010 434 5063 ἔστιν
481 5011 602 5064 οὐδὲ
649 5011 867 5082 πρῶτος
914 5012 1070 5083 ἡμῶν
1117 5014 1271 5085 παρὰ
1320 5014 1472 5085 Θεῷο
1512 5017 1573 5069 οὐ
1601 5016 1711 5088 γάρ

128 5102 344 5152 ἐκεῖνον
387 5100 525 5169 ἔχων
563 5103 643 5164 είς
673 5101 817 5165 νοῦν,
854 5104 1000 5173 ἡμᾶς
1032 5104 1259 5176 ὕστερον
1310 5108 1599 5178 ἐργάζεται
1635 5110 1715 5163 δι’

126 5192 323 5253 αὑτὸν,
356 5191 495 5244 ἀλλὰ.
534 5193 602 5246 τά
650 5196 779 5266 περὶ
807 5196 963 5267 ἡμῶν
993 5198 1273 5269 ἐννοήσας,
1306 5200 1512 5253 ἐκεῖνον
1543 5202 1711 5271 ἐργά-

128 5282 290 5346 ζεται
318 5282 386 5335 δι’
413 5284 582 5353 ἡμᾶς.

820 5399 1028 5455 ΑΔΛΟ.

208 5508 275 5560 Et
324 5508 390 5561 δι’
419 5510 570 5580 ἡμᾶς
618 5510 799 5565 ἔκτισε
836 5515 927 5568 τὸν
952 5516 1077 5569 Υίὸν
1102 5518 1130 5571 6
1159 5517 1369 5589 Πατὴρ,
1402 5518 1463 5572 οὑ
1498 5520 1714 5584 πάντως

127 5599 197 5652 ἐκ
226 5602 599 5673 προαιρέσεως
632 5605 787 5660 τοῦτο
834 5610 994 5673 ποιεῖ,
1023 5610 1139 5663 ἀλλ’
1166 5610 1243 5675 ὡς
1274 5613 1333 5677 ἐξ
1363 5613 1606 5684 ἀνάγκης
1635 5614 1714 5668 δι’

1815 4601 1958 4654 sicut
1991 4598 2176 4665 Pater,
2206 4601 2430 4671 propria
2479 4615 2576 4656 sua
2616 4601 2819 4656 virtute
2850 4601 3012 4655 etiam
3049 4616 3146 4657 nos
3174 4602 3240 4655 ad
3277 4616 3400 4657 esse

1813 4690 2073 4745 traduxit.

2259 4829 2491 4896 ALIUD,
2518 4832 2675 4887 etiam
2705 4845 2938 4889 acutum.

1890 4939 1946 4995 Si
1974 4939 2144 4996 Filius
2168 4952 2389 5012 propter
2420 4958 2518 4997 nos
2548 4942 2724 4999 factus
2749 4955 2853 5005 est,
2878 4956 2935 4999 ut
2962 4946 3035 5001 iIIi
3059 4948 3264 5013 dicunt,
3290 4967 3393 5005 non

1818 5033 1923 5087 erit
1952 5032 2041 5086 ilIe
2070 5032 2277 5100 primus
2322 5043 2564 5087 nostrum
2602 5036 2741 5102 apud
2781 5037 2943 5090 Deum
2987 5056 3001 5092 :
3049 5054 3223 5108 neque
3248 5042 3393 5095 enim

1819 5123 1969 5176 illum
2008 5134 2190 5176 mente
2219 5124 2550 5192 concipiens,
2604 5140 2701 5179 nos
2730 5135 2914 5194 pnstea
2960 5137 3180 5196 propter
3221 5130 3394 5196 ipsmn

1817 5213 2044 5279 creavit,
2096 5213 2190 5268 sed
2241 5215 2307 5269 de
2355 5224 2541 5270 nostra
2600 5220 2876 5273 creatione
2926 5219 3194 5289 cogitans,
3248 5221 3394 5274 illum

1808 5312 2031 5375 propter
2060 5320 2161 5361 nos
2183 5308 2410 5363 creavit.

2492 5419 2719 5478 ALIUD.

1886 5528 1943 5585 Si
1981 5530 2138 5586 Pater
2158 5530 2351 5587 Filium
2379 5543 2561 5591 nostra
2592 5550 2754 5591 causa
2779 5538 3005 5603 creavit,
3036 5552 3140 5592 non
3169 5541 3394 5597 omnino

1813 5637 1879 5679 ex
1913 5624 2189 5682 voluntate
2237 5626 2340 5684 hoc
2379 5626 2511 5684 fecit
2576 5630 2671 5685 sed
2700 5644 2765 5686 ex
2812 5632 3141 5688 necessitate
3171 5643 3393 5704 prOpter

204 5778 229 5807 ’
255 5777 408 5837 Joan.
445 5797 496 5849 ν,
536 5784 622 5839 I7.
704 5786 747 5819 "
777 5786 920 5846 Psal.
952 5804 1105 5855 cxut,
1131 5790 1183 5846 5.
1264 5794 1305 5824 “
1334 5794 1501 5851 ICor.
1538 5812 1613 5863 ιι,
1646 5798 1698 5853 7.
1784 5798 1825 5832 "
1854 5798 1987 5857 Ibid.
2023 5801 2077 5857 9.
