3882 6210
465 318 572 376 259

1457 312 1513 368 S.
1556 311 1833 367 CYlilLLl
1872 309 2338 366 ALEXANDRINI
2378 311 2697 369 ARCIIIEP.

3622 315 3741 370 260

469 453 590 493 nos.
638 434 752 490 Non
795 433 960 504 igitur
994 431 1216 487 omnino
1259 429 1434 487 factus
1474 432 1667 488 fuisset
1712 433 1904 499 Filius,
1945 433 2041 486 nisi

2158 437 2322 505 ἡμᾶς.
2350 436 2463 489 Ούκ
2492 437 2558 490 ἂν
2588 432 2680 490 οὖν
2713 435 2850 499 ὅλως
2873 438 2901 490 6
2923 436 3048 499 Υἱὸς
3072 437 3275 508 ὑπέστη
3300 438 3400 508 τῆς
3435 438 3558 491 καθ’
3581 439 3740 509 ἡμᾶς

471 529 640 586 nostri
669 542 830 584 causa
858 543 872 592 ;
908 526 1004 580 sed
1033 539 1208 593 neque
1234 524 1405 578 voluit
1429 524 1646 593 quidem
1675 525 1831 579 Pater
1853 539 2045 579 creare

472 621 688 685 Filium,
714 621 806 674 sed
833 617 1132 672 necessitas
1167 617 1280 684 ipsa
1313 617 1486 682 illum,
1514 624 1572 670 ut
1605 617 1785 684 vellet,
1821 616 1997 686 coegit
2029 634 2043 670 :

471 726 636 782 atque
669 713 743 766 ita
774 726 839 766 ex
877 711 1099 764 illorum
1137 707 1297 779 154
1328 709 1604 776 opinione,
1635 709 1775 763 Deus
1807 708 1920 776 ipse
1953 724 2048 762 ne-

471 805 714 860 cessitati
767 801 1046 871 subjectus
1097 799 1219 854 fuit.
1261 799 1520 870 Apagesis
1553 800 1712 855 istam
1757 799 2047 855 ratiocina-

475 896 633 954 tionis
662 893 1083 950 absurditatem!

1137 1001 1368 1058 ALIUD.

541 1099 600 1154 Si
632 1108 855 1170 propter
885 1113 985 1153 nos
1031 1095 1225 1151 Filium
1277 1096 1484 1152 creavit
1523 1093 1718 1159 Pater,
1765 1109 1887 1150 cum
1935 1095 2046 1167 jam

468 1193 668 1247 factum
700 1195 767 1246 sit
793 1201 953 1260 atque
980 1189 1290 1244 absolutum
1315 1205 1448 1259 opus
1471 1189 1625 1256 cujus
1651 1203 1812 1243 causa
1835 1197 2048 1242 creatus

469 1295 574 1349 est,
613 1296 1048 1352 supervacaneus
1085 1280 1341 1349 deinceps
1381 1289 1465 1336 est
1495 1279 1684 1344 Filius,
1737 1289 1920 1348 utpote
1943 1280 2047 1333 'in-

471 1385 831 1430 strumentum
871 1373 1016 1428 illius
1052 1373 1233 1442 eperis
1262 1372 1375 1442 jam
1409 1373 1662 1438 absoluti,
1699 1371 1852 1439 cujus
1886 1385 2047 1425 causa

471 1467 646 1522 factus
675 1473 810 1520 erat.

861 1555 976 1609 Alia
1006 1555 1297 1626 probabilia
1330 1555 1677 1608 theoremata.

543 1648 599 1703 Si
653 1647 813 1702 Pater
860 1658 1082 1717 propter
1135 1662 1234 1700 nos
1270 1646 1466 1700 Filium
1516 1646 1738 1708 creavit,
1778 1646 1842 1699 de
1890 1646 2046 1700 nobis

470 1741 659 1808 primis
691 1739 1032 1793 deliberavit.
1069 1737 1124 1791 Si
1160 1753 1289 1791 vero
1311 1737 1424 1804 ejus
1447 1738 1765 1790 deliberatio
1787 1739 1927 1790 circa
1952 1751 2047 1789 nos

473 1816 674 1897 primos
702 1836 913 1885 versata
944 1836 1048 1892 est,
1085 1828 1437 1895 quamobrem
1493 1826 1580 1878 ille
1611 1837 1736 1879 ante
1775 1842 1871 1880 nos
1901 1840 2048 1879 creao

473 1931 578 1984 tur,
613 1920 704 1988 qui
739 1919 790 1972 in
838 1918 1068 1973 consilio
1108 1925 1164 1970 et
1211 1917 1600 1971 deliberatione
1636 1927 1753 1970 erat
1785 1916 2050 1969 ultimus?

469 2011 576 2063 Aut
604 2025 723 2074 cur,
761 2024 882 2064 cuni
912 2009 1062 2064 illum
1092 2009 1326 2078 primum
1353 2009 1576 2073 creavit,
1609 2023 1713 2061 non
1747 2008 1910 2061 etiam
1940 2009 2050 2076 pri-

473 2119 560 2158 mo
586 2103 653 2157 de
690 2103 782 2157 illo
820 2101 1177 2157 deliberavit?
1210 2117 1379 2170 quare
1410 2102 1574 2155 etiam
1621 2116 1744 2155 cum
1795 2101 1860 2154 de
1895 2099 2050 2154 nobis

471 2195 700 2262 primum
730 2193 1004 2263 cogitarit,
1035 2191 1184 2246 illum
1213 2193 1428 2261 quidem
1463 2191 1658 2246 Filium
1686 2202 1739 2244 et
1780 2191 2047 2244 liazredem

467 2295 649 2348 vocat,
684 2299 782 2338 nos
815 2291 993 2339 autem
1037 2297 1246 2345 servos,
1290 2293 1344 2336 et
1377 2284 1743 2338 hazreditatem
1791 2281 1934 2336 illius
1959 2283 2049 2351 qui

469 2386 690 2446 propter
721 2390 819 2430 nos
853 2375 1028 2430 factus
1055 2386 1137 2430 est
1157 2375 1180 2428 ?
1202 2374 1497 2442 Oportebat
1520 2375 1663 2429 enim
1695 2391 1724 2429 e
1750 2375 2045 2440 contrario,

467 2483 568 2521 nos
591 2468 806 2537 quidem
863 2466 1001 2521 ﬁlios
1049 2475 1104 2520 et
1150 2467 1396 2521 baeredes
1438 2481 1582 2533 esse,
1635 2466 2047 2520 instrumentum

469 2573 600 2611 vero
641 2568 842 2613 nostrae
875 2557 1119 2622 facturae,
1157 2560 1299 2626 quod
1336 2573 1547 2626 quoque
1578 2569 1796 2625 propter
1827 2575 1925 2612 nos
1969 2558 2050 2612 la-

467 2660 612 2702 etum
631 2660 737 2713 est,
758 2665 971 2704 servum
997 2663 1117 2703 esse
1147 2649 1410 2718 nobisque
1436 2650 1772 2704 inferiorem.
1795 2650 2051 2705 Facessat

466 2740 702 2794 absurda
729 2738 990 2808 ejusmodi
1033 2741 1207 2797 ratio!

749 2849 1024 2920 Expositio
1056 2864 1206 2907 rectae
1236 2855 1508 2907 sententia:
1532 2863 1581 2906 et
1618 2853 1766 2923 ﬁdei.

538 2963 714 3019 Filius
749 2978 1092 3033 nequaquam
1127 2975 1350 3034 propter
1380 2980 1476 3019 nos
1510 2966 1685 3019 tactus
1723 2974 1825 3032 est,
1857 2967 1949 3020 sed
1981 2982 2049 3022 ne

469 3058 642 3111 factus
675 3056 890 3125 quidem
930 3056 1156 3111 omnino
1190 3067 1310 3116 .est.
1356 3055 1490 3109 Nam
1524 3057 1736 3111 etiamsi
1767 3065 2049 3113 creaturas

463 3150 766 3219 producere
790 3147 950 3201 Pater
985 3147 1248 3202 noluisset
1272 3188 1288 3214 ,
1330 3166 1348 3199 ε
1383 3158 1500 3203 erat
1545 3147 1780 3202 Verbum
1822 3149 1875 3202 in
1907 3149 2040 3217 ipso,
2071 3131 2115 3189 (ἶ

466 3249 519 3291 et
566 3236 706 3291 Deus
743 3249 862 3292 erat
897 3237 1168 3304 Verbum,
1207 3256 1228 3290 ι
1276 3237 1729 3306 quemadmodum
1784 3240 2043 3308 scriptum

465 3341 547 3384 est
573 3331 637 3383 ¹³.
656 3331 728 3384 Ea
751 3340 1062 3400 tamenquae
1088 3341 1274 3385 creata
1307 3341 1454 3394 sunt,
1489 3332 1712 3386 omnino
1747 3346 1842 3400 per
1871 3333 2044 3402 ipsum

467 3421 582 3476 fieri
611 3422 918 3491 oportebat.
955 3419 1091 3475 Nam
1119 3422 1263 3477 sicut
1302 3423 1483 3476 lumen
1535 3421 1692 3476 aliter
1740 3421 2047 3477 illuminare

467 3526 572 3568 ll‘Oll
625 3522 822 3584 potest,
855 3515 964 3585 nisi
999 3529 1091 3583 per
1120 3529 1276 3569 suum
1327 3515 1672 3584 Splendorem
1724 3533 1739 3568 :
1787 3514 1861 3569 ita
1913 3515 2047 3570 nihil

462 3615 649 3659 eorum
694 3621 815 3676 quae
887 3617 1012 3661 sunt
1060 3618 1313 3677 operatur
1355 3605 1537 3672 Pater,
1590 3607 1693 3660 nisi
1746 3621 1840 3676 per
1887 3621 2041 3660 suum

466 3698 728 3753 Verbum.
755 3716 775 3750 ι
800 3698 992 3753 Omnia
1015 3699 1182 3760 enim,
1211 3699 1386 3767 inquit
1413 3699 1713 3767 Scriptura,
1744 3713 1838 3766 per
1871 3698 2042 3767 ipsum

464 3790 603 3844 facta
638 3798 784 3854 sunt,
805 3799 860 3844 et
886 3791 1004 3845 sine
1030 3789 1147 3860 ipso
1175 3789 1376 3844 factum
1403 3800 1486 3844 est
1515 3789 1646 3843 nihil
1673 3791 1735 3844 ".
1766 3807 1784 3841 ι
1817 3789 2044 3856 Idcirco,

460 3893 516 3937 et
546 3881 793 3947 dextera,
827 3893 880 3935 et
910 3881 1198 3936 brachium
1236 3881 1333 3936 Dei
1378 3890 1619 3935 vocatur.
1667 3879 1860 3936 Omnia
1899 3883 2043 3936 enim

460 3987 556 4041 per
586 3973 781 4041 ipsum,
811 3971 974 4024 veluti
1008 3986 1103 4040 per
1140 3985 1376 4035 manum,
1413 3980 1689 4039 operatur.

461 4085 768 4143 Observatio
802 4085 1046 4154 quwdam
1092 4083 1588 4205 sacritelScripturte
1629 4083 1849 4151 pulchra
1889 4094 2043 4155 atque

1168 4172 1199 4205 ιι
1230 4172 1244 4205 ι
1273 4171 1334 4205 is.

1168 4165 1334 4207 κιιιιε.

527 4263 1412 4336 DixitDeus,inquitSeriptura“‘
1444 4264 1729 4330 :Fiatlux,
1753 4266 2042 4324 fiatﬁrma-

459 4373 723 4425 mentum,
762 4359 893 4413 ﬁant
926 4358 1212 4412 luminaria
1242 4375 1254 4410 :
1293 4367 1346 4412 et
1373 4356 1569 4411 factum
1603 4368 1686 4412 est
1720 4358 1815 4412 ita.
1851 4360 2035 4414 Dixit:

2148 526 2394 596 ἀπούσης
2427 528 2625 591 αἰτίας,
2663 529 2757 582 καὶ
2807 529 2947 598 τάχα
2996 529 3115 582 οὐδὲ
3174 529 3380 594 κτίζειν
3428 529 3590 598 ἤθελε
3636 531 3741 584 τὸν

2149 619 2276 671 Υίὸν
2297 621 2325 672 6
2347 620 2555 690 Πατὴρ,
2584 619 2718 674 ἀλλὰ
2742 621 2896 690 μόλις
2920 619 3083 673 αὑτὸν
3109 621 3187 681 εἰς
3217 619 3278 672 τὸ
3306 619 3566 689 ἐθελῆσαι
3590 637 3741 690 προσ

2147 713 2355 782 ήγαγεν
2390 712 2423 781 ἡ
2451 711 2632 782 χρεία,
2677 711 2774 765 καί¹
2806 711 3018 780 γέγονε,
3047 710 3167 763 κατ’
3201 709 3463 776 ἐκείνους,
3495 713 3591 764 καὶ
3624 711 3739 764 ὑπὸ

2148 803 2392 874 ἀνάγκην
2418 803 2568 867 Θεός.
2601 801 2773 872 Φεῦγε
2801 802 2896 856 τοῦ
2920 802 3078 871 λόγου
3107 801 3207 873 τὴν
3235 801 3484 854 ἀτοπίαν.

2831 1003 3036 1056 ΑΛΛΟ.

2220 1095 2282 1147 Ei
2316 1094 2382 1148 δι’
2407 1095 2553 1166 ήμᾶς
2590 1093 2770 1146 ἔκτισε
2789 1094 2879 1147 τὸν
2899 1095 3025 1147 Υίὺν
3048 1095 3076 1147 6
3101 1093 3312 1164 Πατὴρ,
3333 1093 3526 1162 γέγονε
3551 1093 3613 1145 δὲ
3637 1093 3744 1145 καὶ

2150 1186 2508 1258 πεπλήρωται
2534 1187 2594 1240 τὺ
2618 1186 2777 1258 ἔργον
2800 1187 2867 1240 δι’
2897 1187 2926 1240 ὃ
2951 1187 3045 1240 καὶ
3075 1187 3319 1256 ἐκτίσθη,
3344 1186 3600 1256 περιττὸς
3622 1185 3746 1236 λοι-

2149 1281 2249 1332 πὸν
2283 1283 2312 1333 6
2340 1280 2574 1343 Υἱὸς,ὡς
2605 1280 2836 1351 ὄργανον
2856 1280 2956 1351 τῆς
2975 1281 3042 1334 δι’
3063 1280 3130 1351 ἢν
3155 1280 3517 1351 προσέὁληται
3538 1279 3744 1349 χρείας

2149 1371 2478 1424 ἀποτελεσθε
2489 1373 2626 1442 ίσης.

2517 1555 2710 1606 Ἀλ..α
2747 1553 2966 1608 πιθανὰ
3001 1551 3364 1620 θεωρήματα.

2222 1646 2285 1698 Εἰ
2331 1646 2399 1698 δι’
2434 1647 2581 1716 ἡμᾶς
2626 1645 2808 1698 ἔκτισε
2839 1645 2930 1698 τὸν
2963 1645 3091 1697 Υίὸν
3122 1645 3152 1696 6
3179 1643 3385 1714 Πατὴρ,
3415 1643 3541 1712 περὶ
3573 1642 3740 1712 πρώ-

2149 1755 2256 1791 των
2288 1737 2444 1809 ήμῶν
2477 1737 2842 1807 βεϐούλευται.
2891 1738 2956 1790 Εἰ
2997 1738 3055 1791 δὲ
3083 1736 3210 1808 περὶ
3240 1735 3469 1808 πρώτων
3500 1735 3665 1806 ἡμῶν
3699 1736 3738 1804 ἡ

2155 1827 2347 1896 σκέψις
2372 1827 2628 1895 ἐγγέγονε
2661 1826 2737 1896 τῷ
2768 1827 2962 1897 Πατρὶ,
2995 1827 3138 1880 διατί
3179 1826 3287 1898 πρὸ
3325 1825 3482 1897 ἡμῶν
3519 1827 3740 1888 ἐκεῖνος

2151 1919 2394 1983 κτίζεται
2431 1920 2461 1970 6
2497 1921 2553 1971 ἐν
2598 1917 2814 1989 βουλαῖς
2859 1920 3204 1984 τελευταῖος;
3243 1919 3392 1970 Διατί
3424 1917 3480 1970 δὲ
3510 1918 3739 1988 πρῶτον

2150 2011 2311 2063 αὑτὸν
2345 2011 2556 2074 κτίσας,
2591 2011 2650 2063 οὐ
2683 2011 2811 2082 περὶ
2840 2010 3056 2082 πρώτου
3087 2012 3180 2064 καὶ
3210 2009 3554 2076 ἐδουλεύετο;
3586 2009 3736 2064 δια-τί

2148 2099 2206 2152 δὲ
2242 2099 2404 2152 πάλιν
2433 2099 2684 2170 πρώτους
2709 2101 2853 2169 ἡμᾶς
2895 2099 3032 2169 ἔχων
3062 2101 3119 2152 ὲν
3148 2099 3358 2168 σκέψει,
3392 2101 3599 2152 ἐκεῖνον
3630 2101 3735 2169 μὲν

2149 2191 2278 2243 Υἱὸν
2307 2191 2400 2244 καὶ
2431 2190 2770 2262 κληρονόμον
2803 2189 3086 2254 ἀποκαλεῖ,
3123 2189 3270 2261 ἡμᾶς
3292 2189 3348 2242 δὲ
3384 2189 3606 2252 δούλους
3635 2190 3735 2241 καὶ

2149 2283 2348 2354 κλῆρον
2375 2283 2468 2336 τοῦ
2514 2283 2580 2335 δι’
2611 2283 2760 2352 ἡμᾶς
2801 2281 3132 2352 γενομένου;
3164 2281 3310 2334 Ἔδει
3356 2281 3464 2352 γὰρ
3509 2283 3571 2334 ὲκ
3619 2282 3735 2333 τῶν

2148 2374 2427 2437 ἐναντίων,
2463 2375 2610 2444 ἡμᾶς
2646 2374 2742 2444 μὲν
2772 2373 2934 2437 Υἱοὺς
2984 2375 3077 2428 καὶ
3126 2372 3492 2444 κληρονόμους
3542 2373 3733 2443 ὑπάρ-

2148 2482 2293 2535 χειν·
2327 2467 2386 2518 τὸ
2408 2465 2462 2518 δὲ
2492 2469 2591 2535 τῆς
2618 2467 2886 2532 ποιήσεως
2914 2467 3068 2536 ἡμῶν
3091 2464 3341 2535 ὄργανον,
3361 2465 3390 2516 ὃ
3418 2465 3510 2517 καὶ
3534 2465 3730 2532 γέγονε

2147 2559 2212 2612 δι’
2239 2560 2405 2630 ἡμᾶς,
2440 2559 2625 2613 δοῦλον
2673 2555 2812 2614 εἶναι
2855 2561 2948 2614 καὶ
2995 2559 3371 2616 ὑποκείμενον.
3401 2557 3575 2627 Φεῦγε
3630 2557 3728 2610 τοῦ

2147 2651 2304 2721 λόγου
2334 2652 2431 2724 τὴν
2461 2653 2710 2708 ἀτοπίαν.

2315 2851 2630 2922 Ἐξήγησις
2671 2853 2890 2906 λοιπόν
2925 2851 3036 2922 τῆς
3073 2852 3255 2923 ὀρθῆς
3291 2855 3569 2920 πίστεως.

2218 2968 2292 3021 Οὐ
2345 2967 2410 3018 δι’
2439 2966 2586 3037 ἡμᾶς
2635 2966 2857 3034 γέγονεν
2903 2967 2932 3018 6
2987 2967 3145 3034 Υἱὸς,
3187 2967 3303 3021 ἀλλ’
3333 2969 3451 3021 ούδέ
3500 2969 3728 3036 γέγονεν

2146 3059 2300 3124 ὅλως.
2328 3060 2440 3113 Καὶ⁵
2469 3061 2579 3130 γὰρ
2611 3061 2704 3114 καὶ
2734 3060 2781 3111 εί
2814 3060 2888 3130 μὴ
2919 3058 3077 3124 δόξαν
3102 3058 3170 3132 ἦν
3195 3060 3272 3132 τῷ
3299 3061 3471 3132 Πατρὶ
3500 3065 3728 3132 ποιῆσαι

2147 3152 2216 3205 τὰ
2262 3151 2484 3223 γενητὰ,
2536 3171 2554 3202 ι
2583 3147 2649 3222 ἦν
2692 3153 2720 3204 ὁ
2766 3152 2936 3220 Λόγος
2983 3153 3042 3204 ἐν
3086 3153 3256 3222 αὐτῷ,
3285 3152 3377 3206 καὶ
3427 3153 3556 3219 Θεὸς
3596 3150 3666 3225 ἦν
3698 3157 3729 3209 6

2148 3245 2338 3312 Λόγος,
2372 3263 2392 3295 ›
2431 3244 2505 3306 ὡς
2535 3244 2866 3312 γέγραπται.
2903 3243 2983 3296 Τὰ
3016 3243 3114 3314 μέν
3146 3261 3228 3297 τοι
3261 3244 3553 3315 κτιζόμενα
3585 3247 3726 3300 πάν-

2145 3354 2253 3400 τως
2285 3335 2392 3388 ἕδει
2435 3335 2686 3404 γενέσθαι
2727 3335 2794 3388 δι’
2823 3335 3226 3406 αὐτοῦ.⁶’ονπερ
3257 3336 3364 3406 γὰρ
3397 3336 3600 3407 τρόπον
3626 3339 3727 3391 οὐκ

2148 3425 2215 3480 ἂν
2249 3426 2452 3497 ἑτέρως
2480 3425 2711 3494 φωτίσαι
2736 3425 2797 3478 τὸ
2825 3427 2959 3494 φῶς,
2986 3427 3035 3479 εί
3062 3425 3136 3498 μὴ
3155 3427 3244 3480 διὰ
3269 3425 3362 3480 τοῦ
3393 3427 3522 3480 ἰδίου
3549 3429 3730 3480 ἀπαυ-

2147 3519 2450 3588 γάσματος·
2475 3515 2648 3580 οὕτως
2665 3517 2765 3570 οὐκ
2795 3518 2858 3572 ἄν
2885 3535 2940 3571 τι
2963 3517 3072 3570 τῶν
3095 3518 3263 3572 όντων
3283 3519 3578 3590 ἐργάσαιτο
3604 3521 3722 3573 Πα-

2145 3610 2272 3682 τὴρ,
2329 3611 2380 3662 εί
2428 3609 2504 3680 μὴ
2542 3609 2632 3662 διὰ
2659 3609 2754 3663 τοῦ
2799 3610 3001 3663 οἰκείου
3030 3611 3226 3679 Λόγου.
3282 3629 3301 3661 ι
3357 3611 3542 3664 Πάντα
3587 3613 3722 3683 γὰρ,

2146 3702 2302 3772 φησὶ,
2360 3701 2426 3753 δι’
2485 3699 2649 3753 αὑτοῦ
2703 3700 2941 3768 ἐγένετο,
2973 3701 3067 3755 καὶ
3098 3703 3268 3772 χωρὶς
3294 3702 3458 3755 αὐτοῦ
3502 3703 3723 3771 ἐγένετο

2143 3792 2265 3845 οὑδέ
2290 3790 2368 3844 ἐν.
2396 3809 2414 3840 ›
2447 3790 2546 3842 Διὰ
2572 3788 2730 3843 τοῦτο
2755 3790 2850 3843 καὶ
2881 3810 2899 3842 ι
2923 3789 3074 3855 δεξιὰ
3098 3791 3192 3845 καὶ
3225 3791 3463 3863 βραχίων
3483 3811 3501 3844 ι
3528 3793 3722 3863 όνομάο

2145 3886 2296 3950 ζεται
2337 3882 2495 3936 Θεοῦ.
2523 3882 2706 3936 Πάντα
2730 3881 2837 3954 γὰρ
2861 3881 2927 3935 δι’
2952 3881 3140 3950 αὑτοῦ,
3173 3883 3249 3947 ὡς
3275 3883 3363 3936 διὰ
3391 3882 3593 3954 χειρὸς,
3627 3885 3718 3954 ἐρ-

2143 3975 2382 4046 γάζεται.

2192 4087 2570 4155 Ἐπιτήρησις
2601 4086 2720 4142 ἀπὸ
2751 4084 2859 4152 τῆς
2888 4086 3050 4150 θείας
3079 4084 3347 4156 Γραφῆς,
3380 4084 3543 4154 καλὴ
3581 4086 3684 4139 καὶ

2763 4155 3101 4226 ἐπωφελής.

2215 4269 2369 4338 Eius,
2421 4271 2606 4342 φησιν,
2648 4272 2676 4323 6
2727 4269 2879 4334 Θεός·
2931 4270 3219 4341 Γενηθήτω
3266 4270 3402 4337 φῶς,
3427 4269 3715 4340 γενηθήτω

2145 4366 2462 4437 στερέωμα,
2515 4362 2901 4433 γενηθήτωσαν
2972 4361 3298 4431 φωστῆρες*
3349 4361 3444 4414 καὶ
3499 4363 3716 4430 ἐγένετο

457 4453 741 4508 Faciamus
769 4453 1038 4506 hominem
1077 4469 1090 4505 :
1127 4464 1179 4506 et
1205 4451 1346 4519 ,l‘ecit
1381 4451 1520 4505 Deus
1543 4453 1838 4508 hominem.
1885 4453 1953 4506 At
1984 4455 2037 4508 in

2158 4460 2334 4521 >ὖτως.
2383 4453 2539 4510 Εἷπε·
2574 4457 2898 4525 Ποιήσωμεν
2926 4453 3244 4525 ἅνθρωπονο
3276 4452 3368 4506 καὶ
3394 4453 3651 4524 ἐποίησεν
3688 4455 3715 4503 ὁ

457 4546 542 4600 liis
568 4544 822 4599 omnibus
851 4559 1115 4612 nusquam
1144 4551 1228 4598 est
1259 4543 1447 4596 videre
1477 4541 1673 4597 Filium
1701 4544 1897 4614 alloqui
1930 4544 2030 4599 Pa.

458 4647 617 4702 trem,
650 4637 804 4706 quasi
836 4637 1105 4708 volentem
1135 4636 1344 4689 discere
1386 4634 1690 4702 qualianam
1721 4650 1842 4691 esse
1868 4653 2030 4705 opor-

455 4739 535 4785 tet
563 4745 682 4799 quae
715 4732 948 4784 creanda
979 4737 1161 4791 erant,
1206 4727 1299 4782 sed
1337 4743 1440 4783 vox
1494 4729 1609 4798 ipsa
1663 4744 1797 4798 opus
1823 4739 1908 4783 est
1937 4747 1951 4784 :
1984 4729 2026 4784 si

456 4835 636 4875 autem
667 4819 844 4875 Verbo
873 4835 1036 4890 opera
1074 4820 1208 4873 tiunt
1252 4819 1408 4886 juxta
1445 4820 1773 4874 voluntatem
1825 4819 2027 4885 Patris,

457 4911 692 4966 Verbum
728 4911 912 4978 itaque
941 4920 1027 4967 est
1066 4912 1317 4966 voluntas
1347 4910 1524 4964 Patris
1565 4916 1749 4966 vivens
1793 4921 1952 4980 atque
1982 4913 2032 4966 ei

455 5005 804 5070 inexsistens,
828 5019 947 5075 qua:
971 5003 1132 5060 simul
1162 5005 1216 5058 in
1242 5003 1358 5074 ipso
1385 5013 1488 5067 est,
1509 5013 1557 5058 et
1588 5003 1824 5058 vicissim
1855 5005 2030 5072 ipsum

452 5097 506 5150 in
544 5110 603 5150 se
633 5096 816 5150 habet.

456 5211 613 5282 155
644 5208 766 5282 Alia
815 5206 1126 5282 obseruatio,
1171 5221 1236 5259 ea:
1284 5220 1388 5282 qua
1441 5203 1690 5282 discimus
1738 5202 2031 5282 a_ngelis__et

522 5272 718 5335 mea;
754 5279 1016 5346 prophetis
1053 5277 1482 5346 consuetudinem
1507 5291 1616 5326 esse
1637 5275 1807 5346 jussis
1848 5290 1881 5346 a_
1921 5272 2029 5326 Deo

524 5353 685 5404 etiam
709 5344 1145 5416 interrogationes
1178 5346 1435 5416 proferre,
1467 5344 1835 5411 ignorantibus
1866 5344 2030 5416 inter-

518 5424 642 5474 dum
684 5424 735 5474 ἑά
765 5413 1149 5490 ᾳιιοιίεῇιιετιιιη
1181 5413 1288 5471 est.
1331 5413 1540 5468 Verbtm
1599 5423 1772 5466 autent
1815 5429 1916 5466 non
1952 5413 2029 5466 ita

523 5493 695 5561 facere
726 5493 1003 5558 reperitur.

521 5605 662 5659 Deus
675 5605 921 5674 promisit
945 5602 1174 5655 Abraha:
1195 5600 1391 5667 tilium,
1414 5608 1467 5656 et
1485 5601 1600 5670 ipse
1617 5601 1887 5668 interroga
1912 5597 2024 5652 vit:

526 5761 748 5817 "Joan.
783 5775 825 5826 ι,
861 5761 909 5814 l.
992 5758 1187 5816 “Ibid.
1261 5759 1321 5788 ”‘
1348 5757 1484 5814 Gen.
1527 5776 1566 5813 ι.

2135 4549 2267 4612 θεὸς
2304 4547 2393 4600 τὸν
2423 4546 2728 4617 ἄνθρωπον.
2748 4543 2885 4596 Ἀλλ’
2919 4545 2976 4595 ἐν
3001 4542 3212 4604 τούτοις
3247 4542 3448 4595 ἅπασιν
3474 4543 3713 4611 οὐδαμοῦ

2136 4641 2388 4710 φαίνεται
2417 4638 2575 4706 λόγος
2603 4637 2678 4700 ὡς
2709 4636 2766 4702 ἐξ
2797 4635 2926 4689 Υίοῦ
2965 4635 3102 4707 πρὸς
3131 4635 3222 4689 τὸν
3253 4634 3471 4705 Πατέρα
3505 4635 3713 4705 μανθά-

2134 4747 2244 4783 νειν
2273 4727 2549 4791 ἐθέλοντος
2575 4727 2736 4780 ὁποῖά
2756 4744 2877 4781 τινα
2897 4725 3004 4796 χρὴ
3027 4725 3278 4794 γενέσθαι
3305 4723 3372 4777 τὰ
3393 4723 3706 4794 κτιζόμενα·

2133 4821 2249 4873 ἀλλ’
2276 4822 2309 4890 ἡ
2339 4818 2490 4890 φωνὴ
2537 4819 2598 4871 τὸ
2642 4817 2800 4889 ἔργον
2830 4818 3060 4886 γίνεται.
3092 4817 3155 4869 Εἰ
3194 4816 3253 4868 δέ
3297 4815 3440 4885 λόγῳ
3471 4815 3540 4868 τὰ
3573 4815 3708 4886 ἔργα

2129 4913 2339 4979 γίνεται
2371 4910 2512 4966 κατὰ
2557 4909 2655 4980 τὴν
2706 4909 2900 4979 βουλὴν
2945 4907 3041 4960 τοῦ
3081 4907 3312 4979 Πατρός,
3341 4907 3369 4956 ό
3400 4905 3569 4972 Λόγος
3601 4907 3706 4975 ἄρα

2130 5002 2276 5054 ἐστὶν
2307 5005 2340 5072 ή
2375 5000 2656 5072 βουλὴ·τοῦ
2686 5001 2898 5071 Πατρός
2925 5001 2957 5070 ή
2985 4999 3135 5064 ζῶσα
3164 5001 3256 5051 καὶ
3280 4998 3542 5061 ἐνούσιος,
3567 4999 3703 5067 αὐτή

2128 5109 2187 5144 τε
2216 5088 2352 5146 οὖσα
2385 5093 2442 5145 ἐν
2478 5092 2673 5162 Πατρὶ,
2704 5091 2798 5143 καὶ
2831 5090 3029 5161 ἔχουσα
3063 5090 3224 5142 αὐτὸν
3252 5092 3309 5141 ἐν
3334 5089 3468 5159 αὐτῇ

2141 5201 2518 5270 Ἐπιτήρησις
2560 5202 2793 5271 ὁμοίως,
2822 5201 2891 5266 ἐξ
2935 5197 3010 5271 ἧς
3055 5201 3442 5270 μανθάνομεν
3472 5200 3563 5253 ὅτι
3610 5203 3706 5255 καὶ

2199 5273 2476 5342 ἀγγέλοις
2503 5274 2602 5325 καὶ
2639 5272 2831 5340 ἁγίοις
2852 5272 3186 5341 προφήταις
3219 5271 3354 5337 ἔθος
3382 5271 3556 5324 ἐστιν
3583 5271 3709 5324 ἐπι-

2203 5343 2606 5409 ταττομένοις,
2625 5342 2785 5408 “apd
2804 5343 2972 5407 Θεοῦ,
3000 5342 3095 5395 καὶ
3117 5342 3438 5408 ἐρωτήσεις
3453 5343 3709 5410 ἀγνοοῖ·-

2200 5428 2303 5466 σιν
2338 5412 2465 5465 ἐσθ’
2495 5411 2593 5464 ὅτε
2617 5410 2681 5464 τὸ
2709 5411 3191 5479 ἐπιταττόμενον.
3232 5413 3296 5464 '0
3322 5411 3391 5463 δὲ
3427 5413 3534 5465 τοῦ
3560 5413 3705 5464 Θεοῦ

2198 5484 2388 5552 Λόγος
2421 5484 2533 5551 οὐχ
2565 5481 2752 5546 οὕτως
2795 5481 3035 5550 ἐδείχθη
3074 5479 3280 5535 ποιῶν.

2198 5596 2289 5666 Τῷ
2334 5596 2585 5668 Ἀϐραὰμ
2613 5599 2726 5652 υἱὸν
2754 5599 3120 5670 ἐπηγγέλλετο
3155 5603 3183 5653 ό
3221 5599 3374 5662 Θεὸς,
3423 5598 3517 5651 καὶ
3548 5597 3708 5660 αὐτὸς
