3882 6210
193 314 285 369 ὶϐι

1567 312 2013 371 TllESAURUS.

3335 313 3442 367 εον.

193 434 414 503 igneus
456 459 473 482 ι
508 432 663 485 Κατὰ
692 433 742 486 τί
768 432 1050 503 γνώσομαι
1088 434 1283 501 τούτο;
1318 453 1335 483 ι
1390 434 1779 487 Ἀπεστέλλετο

1897 461 1906 493 ι
1933 439 2049 504 Quo
2074 437 2229 505 signo
2257 448 2580 505 cognoscam
2620 434 2720 487 hoc
2747 433 2826 485 '5?
2852 451 2869 482 ι
2905 430 3219 485 Mittebatur
3242 429 3439 494 Moses,

192 524 395 592 Μωσῆς
444 523 537 575 καί
583 540 748 593 φησιν
771 540 784 552 ·
818 542 835 574 ι
872 523 997 576 Ἐὰν
1025 524 1339 595 ὲρωτήσωσί
1388 542 1478 595 με,
1511 524 1574 575 Τί
1599 525 1771 594 ὄνομα

192 613 373 683 αύτῷ;
412 614 466 665 τί
487 613 596 684 ἐρῶ
630 614 765 684 πρὸς
793 613 1023 679 αύτούς;
1052 635 1069 666 ι
1102 617 1212 669 Καὶ
1255 619 1281 668 6
1309 614 1539 684 ἄγγελος
1572 615 1628 669 δὲ
1654 616 1682 666 6
1714 618 1770 668 ἐν

193 704 270 773 τῷ
295 705 537 776 Ζαχαρία
566 703 805 777 διηρώτα
848 704 1001 767 Θεὸν,
1038 705 1245 773 λέγων·
1293 726 1309 757 ι
1359 706 1532 775 Κύριε
1576 722 1771 759 παντο-

194 795 437 864 κράτωρ,
462 794 564 856 ἕως
592 795 736 858 τίνος
758 796 816 848 ού
842 796 916 867 μή
940 797 1167 868 ἐλεήσῃς
1191 796 1291 867 τὴν
1328 796 1679 867 Ἰερουσαλήμ
1701 812 1714 861 ;
1746 814 1764 846 ι

194 886 305 937 Καὶ
340 884 497 938 πάλιν
520 885 792 954 ἐκδέχεται
826 887 984 957 ἄχρις
1019 887 1083 939 ἂν
1114 886 1322 957 ἀκούσῃ
1356 886 1546 954 λόγους
1573 886 1771 949 καλοὺς

194 979 289 1030 καὶ
342 977 803 1047 παρακλητικούς.
853 980 961 1031 Καὶ
1014 980 1043 1031 6
1109 978 1422 1049 Ἀϐϐακοὺμ
1464 978 1518 1031 δέ
1573 996 1766 1047 φησιν·

201 1089 219 1121 ι
276 1072 397 1122 Ἐπὶ
427 1070 525 1139 τῆς
569 1069 816 1138 φυλακῆς
846 1087 948 1140 μου
994 1072 1282 1141 στήσομαι,
1319 1071 1413 1122 καὶ
1440 1069 1771 1139 ἐπιϐήσομαι

195 1161 288 1215 ἐπὶ
318 1160 547 1230 πέτραν,
580 1160 673 1211 καὶ
706 1160 1104 1212 ἁποσκοπεύσω
1146 1159 1239 1211 τοῦ
1275 1159 1403 1211 ἰδεῖν
1451 1159 1502 1210 τί
1548 1158 1772 1228 λαλήσει

196 1255 252 1305 ὲν
275 1253 399 1321 ἐμοὶ
427 1254 455 1303 6
480 1250 630 1313 Θεός.
674 1270 691 1302 ι
729 1251 912 1303 Ταῦτα
936 1251 1041 1321 γὰρ
1066 1251 1141 1313 ὡς
1169 1250 1328 1303 δοῦλα
1352 1251 1443 1302 καὶ
1468 1250 1769 1319 ποιήματα,

196 1345 289 1397 καὶ
334 1346 433 1413 τῆς
481 1342 576 1395 τοῦ
628 1342 784 1411 λόγου
833 1342 1109 1412 μεσιτείας
1150 1343 1401 1412 δεόμενα,
1446 1342 1596 1411 ήξίου
1642 1342 1771 1412 παρ’

196 1434 360 1487 αὐτοῦ
410 1434 756 1487 διδάσκεσθαι
801 1436 901 1504 τὴν
953 1434 1149 1504 βουλὴν
1187 1434 1280 1487 τοῦ
1324 1434 1556 1505 Πατρός.
1607 1435 1663 1486 'O
1716 1434 1773 1487 δὲ

200 1529 324 1590 l'i6;
357 1526 645 1597 μανθάνειν
674 1527 773 1578 οὐκ
805 1525 1053 1595 ἐπιζητεῖ
1099 1526 1268 1593 Λόγος
1312 1525 1387 1577 ὣν
1429 1525 1523 1578 τοῦ
1563 1526 1773 1597 Πατρὸς

197 1621 292 1673 καὶ
332 1619 571 1680 ὲνούσιος
611 1618 883 1688 βούλησις.
918 1619 1030 1671 Οὐκ
1073 1618 1179 1687 ἄρα
1207 1618 1271 1670 ἐκ
1323 1617 1617 1687 μαθήσεως
1661 1617 1773 1686 ἔχει

202 1714 256 1766 τὸ
285 1710 425 1766 εἶναι
458 1710 809 1781 δημιουργὸς,
844 1711 957 1764 ἀλλ’
993 1709 1263 1773 ούσιωδῶς
1293 1727 1351 1763 τε
1382 1710 1474 1762 καὶ
1504 1710 1768 1777 φυσικῶς.

198 1827 322 1877 Ἔτι
354 1828 440 1890 εἱς
470 1825 558 1885 τὸ,
592 1843 610 1873 ι
644 1824 858 1891 Κύριος
905 1822 1106 1877 smne
1133 1840 1209 1890 με
1242 1821 1436 1891 ἀρχὴν
1472 1820 1628 1875 ὁδῶν
1665 1824 1769 1875 αὑ-

266 1896 393 1949 τοῦ.
436 1915 454 1945 ι
492 1896 620 1946 ’Ότι
664 1898 735 1947 οὺ
779 1894 998 1961 κτίσμα
1033 1897 1064 1946 o'
1097 1893 1247 1958 Υἱὸς,
1294 1894 1453 1947 ἀλλὰ
1486 1891 1563 1955 τῷ
1594 1892 1772 1959 "arpi

264 1966 596 2029 συνσΐδιος.
651 1966 847 2028 ’Ὅπως
880 1964 947 2014 δὲ
994 1962 1106 2031 χρὴ
1148 1963 1311 2015 νοεῖν
1348 1965 1434 2025 τὸ,
1492 1982 1507 2012 ι
1558 1964 1773 2027 Κύριος

267 2035 470 2089 ἕκτισέ
491 2052 566 2103 με
592 2035 789 2102 ἀρχὴν
816 2033 974 2087 ὁδῶν
1008 2033 1213 2096 αὑτοῦ,
1260 2053 1278 2085 ι
1323 2034 1391 2085 ἐκ
1414 2032 1531 2085 τῶν
1550 2032 1774 2101 ἐφεξῆς

272 2105 557 2174 κειμένων
585 2106 884 2173 εἰσόμεθα.

268 2219 492 2289 Πρῶτον
520 2220 618 2289 μὲν
647 2221 821 2272 ἐκεῖνο
856 2217 959 2288 χρὴ
993 2218 1195 2285 λέγειν,
1241 2218 1321 2270 ὅτι
1350 2218 1418 2270 τὰ
1464 2234 1775 2287 παροιμιῶ-

195 2312 299 2374 εῶς
358 2312 627 2382 λεγόμενα
684 2312 831 2364 δοκεῖ
892 2310 990 2380 μέν
1050 2328 1103 2362 τι
1154 2310 1437 2380 σημαίνειν
1495 2310 1636 2362 κατὰ
1686 2309 1776 2361 τὸν

195 2402 489 2473 πρόχειρον
517 2400 661 2467 νοῦν,
693 2401 803 2471 ἕχει
832 2400 887 2452 δὲ
922 2401 1019 2470 οὐχ
1050 2400 1223 2463 οὕτως
1262 2401 1338 2463 ὡς
1382 2401 1620 2469 λέγεται,
1662 2401 1774 2454 ἀλλ’

194 2494 392 2562 ἑτέραν
434 2492 612 2545 ὠδίνει
657 2494 916 2546 διάνοιαν.
951 2493 1059 2546 Καὶ
1093 2493 1223 2559 γοῦν
1268 2493 1502 2561 ἔφασκεν
1528 2495 1557 2545 6
1590 2493 1777 2563 Σωτὴρ

194 2584 339 2653 πρὸς
366 2587 492 2647 τοὺς
532 2584 728 2637 ἑαυτοῦ
761 2584 1007 2655 μαθητάς
1032 2598 1046 2613 ·
1079 2602 1096 2634 ι
1133 2583 1316 2637 Ταῦτα
1358 2587 1414 2636 ὲν
1458 2584 1777 2655 παροιμίαις

195 2677 477 2747 λελάληκα
500 2678 626 2747 ὑμῖν
647 2694 659 2706 ’
691 2677 907 2747 ἔρχεται
940 2677 995 2729 δὲ
1023 2675 1139 2747 ῶρα
1166 2677 1254 2729 ὅτε
1297 2676 1478 2730 οὐκέτι
1502 2678 1559 2728 ἐν
1586 2693 1778 2747 παροι-

196 2771 356 2841 μίαις
387 2769 604 2837 λαλήσω
634 2770 780 2839 ὑμῖν,
810 2768 947 2822 ἀλλὰ
976 2769 1280 2839 παρρησία,
1310 2788 1328 2819 ι
1360 2769 1435 2831 ὡς
1459 2769 1558 2837 τῆς
1588 2785 1778 2837 παροι-

197 2863 335 2932 μίας
366 2862 466 2914 οὐκ
495 2860 723 2931 ἐχούσης
748 2859 844 2931 τὴν
874 2860 1205 2932 παρρησίαν.
1240 2860 1313 2912 Τὸ
1340 2860 1518 2912 τοίνυν
1547 2879 1565 2911 ι
1598 2859 1777 2912 ἕκτισέ

196 2969 291 3022 με,
331 2971 349 3002 ι
404 2952 437 3022 ἡ
488 2950 648 3020 σοφία
702 2952 1033 3021 γυμνότερον
1077 2950 1332 3018 λέγουσα,
1384 2951 1562 3020 τίθησι
1617 2951 1778 3003 πάλιν

196 3043 458 3114 τοιαύτην
483 3044 603 3096 τινὰ
636 3045 853 3113 φωνήν·
882 3062 900 3094 ι
943 3044 1007 3095 Ἡ
1042 3042 1202 3111 σοφία
1231 3041 1580 3112 ᾠκοδόμησεν
1612 3043 1775 3112 ἑαυτῇ

195 3132 371 3190 οἷκον.
426 3154 444 3187 ι
492 3134 556 3188 Et
585 3136 762 3188 τοίνυν
816 3138 849 3204 ή
895 3134 1055 3202 σοφία
1111 3135 1208 3204 μὲν
1258 3134 1403 3186 ἔστιν
1436 3137 1464 3188 6
1503 3134 1596 3187 τοῦ
1645 3134 1777 3187 Θεοῦ

198 3229 395 3297 Λόγος,
426 3229 591 3298 ἑαυτῇ
625 3227 679 3280 δὲ
710 3228 801 3279 τὸν
830 3223 974 3279 οἷκον
1015 3228 1306 3298 οἰκοδομεῖ,
1334 3226 1435 3280 ποῦ
1464 3227 1522 3279 τὸ
1554 3245 1571 3277 ι
1602 3226 1783 3279 ἕκτισέ

199 3337 270 3391 με
326 3339 344 3370 ι
391 3320 650 3389 χωρήσει,
700 3319 943 3382 πιθανῶς
985 3319 1264 3391 ζητητέον.
1328 3318 1485 3372 Ἔστι
1536 3319 1717 3372 τοίνυν
1757 3321 1784 3372 ὁ

199 3411 364 3464 τοῦτο
388 3412 562 3479 λέγων
593 3412 848 3481 Χριστὸς,
881 3413 955 3475 ὡς
981 3413 1079 3483 ήδη
1116 3412 1329 3482 τεχθεὶς
1369 3413 1463 3465 καὶ
1495 3412 1785 3482 γενόμενος

199 3504 523 3574 ἄνθρωπος·
560 3504 645 3571 ἐφ’
674 3496 735 3556 οὗ
782 3503 862 3569 τὸ,
910 3522 928 3554 ι
970 3502 1148 3556 έκτισέ
1197 3522 1286 3574 με,
1329 3522 1347 3555 ι
1387 3503 1786 3574 ἀδυσφημήτως

200 3597 468 3657 κείσεται,
500 3594 635 3648 καθὸ
664 3595 968 3665 ἄνθρωπος.
993 3594 1190 3663 Γέγονε
1214 3596 1270 3649 δὲ
1296 3596 1392 3665 τῆς
1425 3596 1616 3665 σοφίας
1641 3592 1787 3659 οἶκος

202 3688 297 3740 ὑπ’
361 3686 531 3757 αὐτῆς
604 3690 1110 3758 κατεσκευασμένος
1169 3690 1230 3742 τὸ
1296 3690 1454 3760 σῶμα
1509 3688 1667 3742 τοῦτο
1728 3690 1788 3742 τὸ

203 3777 387 3831 κοινὸν
432 3778 493 3828 τὸ
523 3778 587 3829 ὲκ
630 3778 728 3847 τῆς
764 3779 925 3846 ἁγίας
958 3779 1235 3850 Παρθένου
1275 3780 1483 3850 τεχθὲν,
1526 3774 1651 3848 ὲνῷ
1696 3782 1785 3833 εύ-

202 3870 405 3939 δόκησε
447 3872 770 3940 κατοικῆσαι
818 3872 927 3923 πᾶν
980 3871 1039 3923 τὸ
1092 3871 1366 3941 πλήρωμα
1404 3875 1501 3943 τῆς
1538 3873 1789 3943 Θεότητος

203 3959 566 4027 σωματικῶς,
602 3956 742 4011 κατὰ
786 3957 884 4028 τὴν
928 3958 1023 4012 τοῦ
1074 3960 1287 4012 Παύλου
1343 3961 1546 4029 φωνήν.
1580 3959 1789 4012 Οὐκοῦν

202 4051 509 4120 ἐπειδήπερ
540 4052 567 4102 ό
599 4050 770 4117 Λόγος
802 4050 941 4120 σὰρξ
975 4050 1213 4116 ἐγένετο,
1253 4050 1434 4120 τίθησι
1470 4050 1597 4120 περὶ
1624 4048 1787 4103 αὐτοῦ

203 4146 286 4207 τὸ,
330 4165 347 4197 ι
377 4145 556 4198 ἕκτισέ
592 4162 681 4214 με,
722 4164 740 4196 ι
779 4147 812 4215 ἡ
840 4144 960 4198 θεία
990 4147 1203 4218 Γραφὴ,
1237 4147 1373 4200 καθὸ
1402 4146 1591 4215 γέγονε
1620 4147 1785 4218 σάρξ·

204 4239 308 4290 καὶ
342 4236 516 4301 οὕτως
548 4238 785 4291 νοεῖσθαι
818 4237 923 4308 χρὴ
954 4238 1016 4291 τὸ
1046 4238 1354 4310 λεγόμενον.

208 4393 423 4465 ΑΛΛΟ,
458 4392 595 4465 *Ὅτι
632 4393 719 4465 τό.
766 4411 786 4445 ι
831 4395 1033 4447 ἔκτισε⁵
1066 4411 1163 4461 με,
1218 4412 1236 4445 ι
1266 4395 1467 4463 ’μόνον
1494 4398 1786 4465 κείμενον,

283 4464 358 4514 σὺ
388 4462 623 4541 πάι-ςτως
644 4462 757 4527 τὴν
785 4466 982 4541 αἰτίαι·
1006 4462 1306 4541 σκημαίιηει,
1340 4466 1499 4520 ἀλλὰ
1527 4462 1642 4541 τῆι⁴
1668 4462 1789 4524 ἀπό
1820 4488 1863 4541 D

280 4550 447 4596 τινος
469 4532 599 4604 ἤτοι
628 4532 1067 4604 κατασκεπυῆςῇ
1098 4534 1438 4602 πράγματος
1468 4541 1553 4603 εἰς
1585 4532 1789 4604 ἕτείόν

282 4620 339 4653 τι
370 4602 969 4672 μετάστασιν.Ἕστω
998 4602 1085 4663 δὲ,
1114 4607 1165 4657 εὶ
1190 4606 1427 4672 βούλει,
1454 4602 1543 4672 τὸ,
1578 4626 1595 4659 ι
1637 4602 1791 4663 ἐκτι-

286 4688 422 4735 σεν,
457 4692 475 4723 ι
511 4671 860 4740 ἀδιορίστως
900 4674 999 4726 ἐπὶ
1030 4676 1305 4741 Χριστοῦ.

295 4806 315 4837 ι
359 4786 563 4857 Κύριος
600 4786 781 4839 ἐκτισέ
819 4804 885 4856 με
924 4787 1097 4857 ἀρχὴν
1134 4788 1269 4841 ὁδῶν
1311 4790 1475 4843 αὑτοῦ
1501 4806 1514 4820 ·
1555 4810 1573 4842 ι
1622 4794 1791 4858 εἴτις

213 4879 465 4949 ἀκριϐῶς
505 4880 679 4935 ἐθέλοι
724 4881 786 4933 τὸ
823 4881 1207 4950 γεγραμμένον
1244 4885 1405 4949 νοεῖν,
1451 4886 1669 4956 εὑρήσει
1708 4888 1788 4951 τὸ,

218 4989 240 5020 ι
283 4969 517 5033 ἔκτισεν,
561 4990 579 5022 ι
619 4971 809 5024 ἐνθάδε
832 4972 891 5023 οὐ
923 4970 1015 5023 τοῦ
1044 4973 1217 5039 Λόγου
1255 4975 1354 5043 τὴν
1381 4976 1567 5029 οὐσίαν
1599 4982 1795 5048 σημαί-

213 5076 310 5111 νον
354 5059 429 5121 ὡς
467 5061 862 5130 πεποιημένην,
892 5059 1007 5112 ἀλλ’
1040 5060 1233 5131 ἑτέραν
1263 5063 1385 5116 τινὰ
1431 5064 1667 5119 διάνοιαν
1706 5068 1795 5138 ὀρ-

215 5152 338 5215 ϐήν.
382 5152 615 5220 Λέγεται
669 5152 777 5221 γὰρ
802 5150 1105 5237 χκτίιῖεσθαι
1155 5153 1250 5205 καὶ
1286 5154 1355 5207 τὰ
1406 5154 1533 5208 ὄντα
1570 5174 1627 5208 τε
1672 5158 1793 5227 ήδη,

216 5246 313 5297 καὶ
358 5244 426 5296 τὰ
482 5245 647 5313 μήπω
697 5244 985 5313 γενόμενα.
1025 5243 1098 5294 T6
1134 5243 1189 5295 δὲ
1230 5245 1474 5315 ὑπάρχον
1519 5247 1641 5317 ἤδη,
1678 5249 1796 5313 πῶς

216 5337 286 5388 ἂν
325 5335 534 5401 λέγοιτο
568 5334 867 5398 κτίζεσθαι.
900 5334 993 5385 καὶ
1030 5334 1203 5404 ἀρχὴν
1246 5336 1437 5407 ἑτέραν
1472 5338 1785 5407 λαμϐάνειν,

216 5426 511 5479 ἀκόλουθον
541 5426 686 5479 ἰδεῖν.
742 5426 865 5477 Ἐπὶ
903 5425 1001 5493 μὲν
1039 5426 1147 5494 γὰρ
1176 5426 1282 5478 τῶν
1311 5427 1462 5481 οὔπω
1492 5430 1789 5497 γεγονότων

216 5522 266 5571 εἰ
298 5519 480 5588 τεθείη
521 5519 602 5581 τὸ,
653 5537 672 5571 ι
724 5518 957 5582 ἔκτισεν,
1020 5536 1039 5569 ι
1077 5518 1311 5588 εὐλόγως
1353 5520 1418 5574 ἂν
1456 5523 1552 5592 τὴν
1598 5524 1661 5577 ἐκ
1694 5524 1788 5577 τοῦ

300 5698 342 5728 ⁸⁵
366 5696 501 5749 Gen.
538 5712 623 5757 xv,
663 5697 717 5750 8.
820 5698 864 5727 ¹⁸
887 5696 1054 5750 Exod.
1095 5714 1174 5761 ιιι,
1217 5699 1300 5752 i5.

224 5768 291 5821 2.3
389 5770 426 5799 "
459 5768 617 5822 l'tov.
655 5784 728 5835 is,
764 5768 812 5822 I.
884 5769 947 5798 ²¹⁶
982 5768 1174 5824 (Inloss
1224 5786 1280 5837 It,
1311 5772 1357 5823 9.

1382 5701 1424 5732 ¹τ
1449 5700 1673 5757 Zachar.
1709 5717 1748 5769 ι,
1792 5702 1873 5755 12.

1871 542 1925 588 et
1942 530 2082 586 dixit
2102 529 2177 581 ¹⁶ε
2207 547 2223 577 ι
2253 527 2309 581 Si
2332 527 2666 594 interrogant
2693 539 2777 577 me
2801 541 2814 577 :
2837 522 2990 587 Quod
3012 528 3093 575 est
3112 535 3306 574 nomen
3327 520 3442 590 ejus

1872 625 1963 693 qui
2013 632 2065 676 te
2129 618 2317 674 misit?
2374 619 2499 687 quid
2547 618 2720 670 dicam
2775 616 2886 669 eis?
2933 632 2951 664 ι
3000 612 3236 683 Angelus
3277 612 3441 665 etiam

1872 714 2011 785 apud
2063 711 2379 766 Zachariam
2432 724 2461 761 a
2500 708 2613 762 Deo
2667 708 2964 776 quazrebat,
3014 706 3244 760 dicens:
3284 722 3301 754 ι
3335 703 3443 758 Do-

1875 810 2021 862 mine
2065 804 2428 873 omnipotens,
2468 814 2746 868 usquequo
2790 816 2892 854 non
2922 798 3266 853 misereberis
3291 794 3444 849 Jeru-

1873 902 2042 953 salem
2077 893 2161 947 ‘7?
2193 911 2211 944 ι
2248 893 2313 946 Ει
2346 891 2694 961 exspectabat
2720 905 2998 959 quousque
3027 890 3188 942 verba
3223 890 3361 943 bona
3390 895 3445 938 et

1873 986 2236 1046 consolatoria
2288 985 2538 1038 audiret.
2599 982 2665 1035 Et
2729 981 2981 1035 llabacue
3038 982 3213 1048 inquit
3262 997 3279 1035 :

1872 1098 1990 1136 mea
2026 1079 2272 1135 custodia
2309 1076 2487 1141 stabo,
2519 1074 2880 1129 etascendam
2902 1074 2952 1126 in
2981 1083 3209 1142 petram,
3234 1082 3289 1126 et
3316 1087 3444 1125 con-

1872 1172 2122 1228 siderabo
2163 1169 2291 1239 quid
2341 1168 2593 1236 loquatur
2642 1167 2695 1219 in
2746 1179 2831 1218 me
2879 1164 3105 1218 Deus“.
3138 1184 3157 1215 ι
3205 1163 3265 1216 Hi
3300 1163 3443 1217 enim

1873 1279 2061 1319 omnes
2092 1272 2149 1316 ut
2182 1260 2324 1316 servi
2368 1272 2421 1315 et
2455 1268 2742 1322 creaturge,
2779 1256 2931 1311 verbi
2976 1255 3325 1310 meditatione
3366 1255 3445 1309 in-

1877 1359 2150 1425 digentes,
2181 1352 2515 1407 voluntatem
2569 1360 2621 1404 et
2682 1348 2966 1403 consilium
3025 1346 3203 1400 Patris
3257 1346 3323 1400 ab
3382 1360 3447 1398 eo

1875 1448 2087 1503 discere
2122 1446 2431 1514 cupiebant.
2466 1442 2632 1495 Filius
2665 1456 2791 1494 vero
2826 1455 2946 1495 cum
2982 1439 3051 1493 sit
3082 1437 3310 1491 Verbum
3339 1436 3445 1489 Pa—

1877 1540 1994 1603 tris,
2013 1548 2068 1592 ει
2093 1536 2347 1590 voluntas
2366 1533 2464 1601 ipsi
2490 1534 2837 1597 inexsistens,
2872 1543 2974 1583 non
2999 1528 3191 1597 qua-rit
3217 1528 3447 1581 discere.

1875 1629 1990 1685 Non
2020 1630 2181 1699 igitur
2215 1642 2311 1697 per
2337 1609 2638 1680 doctrinam
2677 1623 2776 1677 hoc
2810 1630 3130 1676 consecutus
3166 1630 3249 1674 est
3280 1630 3333 1673 ut
3379 1621 3450 1673 sit

1876 1733 2111 1789 creator,
2158 1721 2250 1775 sed
2284 1717 2647 1773 essentialiter
2681 1724 2736 1769 et
2780 1714 3097 1767 naturaliter
3128 1714 3230 1767 hoc
3266 1712 3483 1766 ltabct.‘

1882 1838 2065 1891 Adhuc
2100 1837 2153 1887 in
2201 1833 2355 1897 illud,
2393 1852 2409 1883 (
2446 1831 2701 1883 Dominus
2741 1829 2930 1880 creavit
2976 1844 3055 1880 me
3094 1827 3303 1880 initium
3343 1825 3451 1877 rin-

1951 1925 2065 1959 rmn
2103 1920 2320 1957 suarum
2347 1904 2407 1955 ‘9.
2445 1921 2460 1951 ι
2502 1901 2653 1963 Quod
2699 1897 2870 1951 Filius
2916 1915 3017 1950 non
3068 1898 3133 1949 sit
3186 1909 3447 1957 creatum,

1951 1980 2040 2030 sed
2076 1975 2373 2028 cati’ternus
2419 1971 2593 2024 Patri.
2641 1970 2912 2033 Quomodo
2954 1979 3125 2019 autem
3167 1968 3451 2034 intelligere

1953 2057 2186 2114 oporteat
2221 2042 2380 2104 illud,
2416 2060 2434 2092 ι
2468 2039 2727 2091 Dominus
2755 2040 2944 2114 creti-vit
2982 2053 3061 2114 nte
3098 2038 3303 2114 initium
3341 2035 3451 2088 via-

1950 2107 2069 2169 runt
2096 2129 2335 2177 suarum,
2368 2132 2385 2164 ι
2432 2127 2496 2165 ea:
2525 2109 2962 2177 consequentibus
2999 2107 3341 2175 intelligetur.

1953 2226 2192 2280 Primum
2225 2224 2353 2278 illud
2387 2221 2672 2277 dicendum
2704 2230 2806 2283 est,
2842 2221 3058 2289 quando
3079 2235 3196 2288 qua:
3228 2234 3449 2288 prover—

1883 2317 2098 2371 bialiter
2137 2317 2409 2378 dicuntur,
2458 2313 2707 2366 videntur
2750 2310 3058 2378 signiﬁcare
3104 2308 3304 2376 aliquid
3358 2323 3448 2360 se-

1883 2410 2115 2465 cundum
2144 2406 2361 2461 obvium
2392 2419 2607 2459 sensum
2636 2422 2649 2455 :
2677 2416 2782 2455 non
2814 2410 2992 2456 tamen
3019 2401 3089 2453 ita
3117 2411 3177 2453 ut
3204 2400 3455 2453 dicuntur

1884 2516 2003 2555 sese
2032 2500 2253 2564 habent,
2290 2498 2565 2565 aliumque
2600 2495 2934 2550 reconditum
2971 2508 3186 2546 sensum
3231 2493 3451 2546 habent.

1883 2587 2089 2642 Idcirco
2123 2588 2380 2640 Servator
2407 2585 2474 2638 ad
2510 2584 2800 2653 discipulos
2831 2600 2957 2637 suos
2986 2584 3121 2636 dixit
3153 2602 3164 2637 :
3200 2603 3217 2634 ι
3252 2583 3373 2637 llaec
3401 2584 3451 2635 in

1883 2680 2152 2749 parabolis
2177 2678 2393 2732 locutus
2420 2692 2537 2730 sum
2571 2676 2745 2740 vobis,
2769 2675 2858 2729 sed
2884 2678 3055 2729 veniet
3091 2676 3217 2727 hora
3242 2676 3458 2742 quando

1885 2787 1991 2826 non
2045 2771 2098 2823 in
2142 2768 2445 2837 proverbiis
2494 2765 2685 2834 loquar
2728 2765 2918 2827 vobis,
2968 2764 3060 2817 sed
3122 2762 3399 2832 palam";
3432 2784 3451 2815 ι

1885 2867 2084 2934 quippe
2121 2861 2265 2931 quod
2300 2861 2351 2913 in
2377 2858 2686 2929 proverbiis
2714 2872 2800 2911 res
2825 2857 2937 2925 ipsa
2969 2872 3071 2909 non
3104 2856 3275 2924 palam
3303 2871 3459 2925 aper-

1888 2968 2048 3026 teque
2091 2955 2411 3025 explicetur.
2464 2952 2599 3006 Cum
2636 2951 2821 3020 itaque
2870 2952 3065 3004 nudius
3105 2950 3328 3004 dixisset
3359 2950 3460 3004 Sa-

1885 3049 2109 3118 pientia.
2152 3066 2170 3098 ι
2201 3047 2408 3101 creavit
2441 3060 2547 3109 me,
2581 3062 2599 3097 ι
2638 3042 2898 3112 ejusmodi
2939 3043 3209 3112 quidpiam
3257 3043 3407 3097 addit
3439 3062 3453 3099 :

1808 3147 1848 3200 C
1889 3162 1907 3194 ι
1940 3140 2212 3210 Sapientia
2240 3138 2524 3191 aediﬁcavit
2570 3136 2670 3191 sibi
2704 3137 2920 3191 domum
2945 3137 3009 3190 ²¹.
3045 3156 3062 3188 ι
3096 3137 3149 3190 Si
3196 3152 3324 3208 ergo
3354 3136 3458 3192 Sa-

1887 3231 2087 3302 pientia
2132 3240 2213 3283 est
2246 3227 2480 3281 Verbum
2520 3227 2634 3292 Dei,
2677 3228 3012 3297 mdilicatque
3058 3227 3157 3282 sibi
3212 3228 3310 3297 ipsi
3357 3230 3457 3283 do-

1886 3338 2057 3385 mum,
2087 3334 2320 3390 quonam
2358 3319 2510 3382 illud,
2546 3336 2564 3369 ι
2596 3319 2801 3373 creavit
2832 3334 2937 3384 me,
2977 3338 2994 3370 ι
3032 3322 3313 3389 pertineat,
3344 3337 3459 3376 meo

1886 3417 1993 3470 rito
2016 3413 2185 3485 quaeri
2212 3420 2408 3482 potest.
2433 3411 2691 3465 Christus
2720 3411 2903 3481 itaque
2939 3420 3020 3465 est
3052 3412 3141 3481 qui
3179 3414 3281 3468 hoc
3304 3414 3458 3480 dicit,

1889 3516 2073 3575 utpote
2094 3505 2202 3575 jam
2230 3514 2387 3559 natus
2417 3513 2470 3558 et
2498 3503 2659 3558 homo
2688 3501 2865 3556 factus
2893 3522 2904 3555 :
2936 3504 3003 3556 de
3032 3518 3138 3571 quo
3165 3514 3221 3557 ut
3246 3505 3463 3560 homine

1888 3598 2041 3663 illud,
2071 3616 2090 3649 ι
2121 3598 2332 3653 creavit
2359 3611 2463 3662 me,
2494 3614 2514 3647 ι
2547 3595 2681 3649 citra
2717 3594 3104 3664 blasphemiam
3135 3596 3237 3650 dici
3264 3606 3461 3666 potest.

1888 3692 2052 3746 Facta
2093 3700 2179 3746 est
2220 3698 2400 3743 autem
2428 3688 2621 3742 domus
2655 3686 2936 3755 sapientia:
2977 3702 3005 3737 a
3051 3700 3109 3739 se
3155 3697 3461 3741 constructa

1890 3798 2174 3839 commune
2215 3781 2315 3836 hoc
2346 3795 2543 3849 corpus
2583 3794 2647 3833 ex
2685 3786 2869 3831 sancta
2904 3777 3125 3845 Virgine
3160 3786 3362 3841 natum,
3406 3777 3460 3830 in

1890 3891 1997 3945 quo
2026 3875 2245 3944 dignata
2278 3883 2365 3928 est
2395 3872 2645 3926 habitare
2677 3869 2836 3941 156
2858 3868 3131 3938 plenitudo
3166 3869 3464 3922 divinitatis

1890 3967 2267 4037 corporaliter,
2306 3965 2458 4033 juxta
2499 3962 2645 4017 Pauli
2672 3977 2855 4015 vocem
2880 3961 2965 4014 ²¹·.
2987 3960 3118 4015 Cum
3147 3961 3310 4028 igitur
3332 3958 3463 4013 Ver-

1888 4060 2015 4112 bum
2057 4070 2184 4110 caro
2221 4056 2420 4110 factum
2459 4054 2551 4117 sit,
2587 4053 2653 4107 de
2688 4053 2804 4120 ipso
2836 4051 2965 4104 dicit
2993 4067 3145 4103 sacra
3185 4050 3461 4118 Scriptura

1892 4149 2041 4203 illud.
2089 4166 2107 4198 ι
2153 4147 2355 4201 ereavit
2402 4162 2507 4207 me,
2543 4164 2562 4195 ι
2608 4152 2876 4211 quatenus
2934 4142 3110 4196 factus
3159 4152 3239 4196 est
3287 4157 3460 4196 caro:

1892 4241 2075 4307 itaque
2103 4237 2203 4291 hoc
2238 4237 2438 4291 dictum
2468 4234 2705 4305 intelligi
2736 4232 2917 4288 debet.

1892 4398 2125 4459 ALIUD,
2161 4396 2313 4460 Quod
2360 4396 2455 4447 hoc
2508 4392 2675 4445 solum
2718 4393 2965 4457 positum,
3013 4409 3031 4440 ι
3071 4391 3260 4443 crearit
3306 4408 3406 4455 mp,
3440 4410 3459 4443 ι

1965 4487 2066 4522 non
2097 4470 2147 4521 in
2178 4469 2477 4519 universum
2504 4478 2716 4515 causam
2750 4461 3031 4529 signiﬁcat,
3070 4464 3157 4512 sed
3191 4478 3254 4512 ea:
3288 4462 3464 4528 aliqua

1971 4539 2341 4592 constitutione
2394 4534 2471 4588 vel
2522 4549 2575 4584 re
2610 4532 3007 4583 translationem
3053 4533 3104 4582 in
3149 4532 3333 4583 alium.
3385 4533 3465 4584 Sit

1967 4625 2110 4669 vero,
2142 4610 2186 4660 si
2219 4607 2377 4667 voles,
2421 4603 2577 4666 illud,
2613 4619 2631 4652 ι
2663 4602 2855 4654 creavit
2880 4618 2979 4664 me,
3017 4620 3035 4652 ι
3089 4602 3359 4670 indefinite
3401 4605 3466 4655 de

1969 4679 2184 4733 Christo
2213 4678 2431 4729 dictum.

1974 4809 1993 4841 ι
2024 4791 2283 4844 Dominus
2312 4784 2521 4841 creavit
2562 4799 2648 4839 me
2673 4783 2886 4837 initium
2919 4783 3126 4837 viarum
3158 4797 3374 4837 suarum
3395 4826 3409 4849 ,
3442 4802 3463 4834 ι

1897 4882 1941 4937 si
1965 4881 2086 4950 quis
2107 4889 2299 4935 exacte
2325 4877 2627 4944 intelligere
2656 4874 2805 4938 velit,
2839 4874 3097 4938 inveniet,
3135 4893 3153 4925 ι
3184 4876 3409 4939 creavit,
3443 4895 3461 4926 ι

1896 4973 1984 5026 Ιιὶε
2013 4986 2118 5025 non
2146 4968 2307 5023 Verbi
2336 4968 2624 5022 eSSentiam
2660 4964 2987 5034 signiﬁcare,
3024 4975 3079 5017 ut
3115 4965 3331 5031 factam,
3374 4968 3467 5019 sed

1893 5063 2058 5116 alium
2113 5059 2400 5130 quemdam
2451 5068 2657 5112 rectum
2711 5072 2954 5111 sensum.
3012 5057 3270 5109 Dicuntur
3322 5058 3464 5110 enim

1894 5155 2092 5216 creari,
2128 5162 2181 5207 et
2211 5168 2329 5223 qua-
2354 5151 2465 5218 jam
2496 5150 2786 5211 exsistunt,
2825 5158 2879 5201 et
2907 5163 3024 5217 qua:
3056 5150 3289 5201 nondum
3328 5148 3466 5201 facta

1894 5254 2042 5302 sunt.
2094 5243 2149 5299 ld
2178 5258 2308 5296 vero
2333 5239 2472 5310 quod
2516 5240 2629 5309 jam
2676 5238 2909 5301 exsistit,
2954 5238 3222 5306 quomodo
3260 5238 3471 5291 dicatur

1894 5337 2093 5403 creari,
2149 5335 2401 5402 aliudque
2450 5332 2665 5386 initium
2718 5329 2980 5392 nancisci,
3020 5328 3313 5381 videndum
3362 5344 3465 5383 esu.

1895 5428 2030 5483 Nam
2080 5427 2125 5481 si
2173 5426 2239 5481 de
2287 5426 2354 5480 iis
2399 5439 2520 5493 quae
2576 5422 2813 5476 nondum
2866 5419 3005 5474 facta
3057 5428 3183 5472 sunt
3232 5420 3465 5483 dicatur,

1904 5541 1922 5574 ι
1949 5521 2176 5586 creavit,
2211 5540 2229 5571 ι
2269 5532 2330 5573 ea
2376 5532 2497 5572 cum
2541 5524 2702 5570 antea
2735 5529 2840 5568 non
2869 5519 3075 5576 essent,
3104 5511 3215 5579 jam
3252 5513 3317 5566 ad
3348 5528 3471 5567 esse

1966 5700 2008 5731 ¹⁸
2036 5698 2234 5752 llahac.
2266 5712 2325 5761 ιι,
2360 5696 2411 5748 l.
2511 5694 2549 5725 '9
2581 5691 2737 5745 Prov.
2769 5705 2885 5753 vin,
2922 5688 3012 5741 20.
3090 5688 3135 5719 ¹⁰
3163 5684 3318 5740 Joan.
3352 5700 3467 5752 xw,
