3882 6210
425 335 531 391 9.35

1452 333 1511 387 S.
1553 328 1825 387 CYRILLI
1868 324 2342 381 ALEXANDBINI
2383 325 2699 382 ARCHIEP.

3598 332 3703 387 ΞΜ

428 456 672 510 traducta
722 454 1101 524 signiﬁcantur
1136 472 1149 507 :
1180 454 1247 506 de
1282 452 1349 506 iis
1387 466 1517 507 vero
1546 466 1669 520 qua:
1707 450 1819 517 jam
1856 451 1995 503 exsi-

2112 450 2187 520 μὴ
2222 450 2374 513 ὄντος
2414 450 2494 513 εἰς
2532 449 2594 503 τὸ
2627 446 2770 502 εἶναι
2804 461 3063 520 σημαίνοι
3105 464 3482 522 παραγωγηνο
3517 453 3613 505 ἐπὶ
3644 453 3702 507 δὲ

424 558 594 611 stunt,
636 561 809 615 neque
849 547 1146 611 creatione,
1193 554 1251 599 ut
1291 545 1420 610 sint,
1451 542 1719 614 indigem,
1756 558 1859 597 non
1896 542 2007 612 jam

423 651 612 694 creare
648 638 940 693 essentiam
980 636 1274 706 signiﬁcat,
1305 636 1401 691 sed
1443 650 1511 689 ex
1551 634 1657 688 alio
1689 639 1921 704 quodam
1954 634 2007 686 in

422 731 571 785 aliud
605 730 1037 785 translationem.
1073 728 1144 783 Ut
1186 744 1309 784 cum
1343 728 1510 782 David
1541 726 1715 782 dicit:
1755 744 1774 775 ι
1811 726 1875 780 Ει
1916 739 2011 796 po-

421 823 579 891 pulus
605 822 698 893 qui
733 822 1010 877 creabitur
1049 821 1294 875 laudabit
1324 820 1611 875 Dominum
1635 820 1702 872 ".
1738 838 1759 871 ι
1790 816 1859 872 Ει
1885 833 2007 872 rur-

420 930 511 970 sus
540 933 555 970 :
591 932 610 966 ι
640 914 747 969 Cor
776 914 1035 968 mundum
1059 927 1185 968 crea
1212 912 1267 967 in
1306 927 1421 977 me,
1454 911 1600 967 Deus
1622 910 1691 965 ”.
1728 928 1748 963 ι
1779 909 1844 963 Ει
1867 907 2008 963 Pau-

421 1008 503 1062 lus
546 1007 743 1061 alicubi
779 1008 845 1061 de
894 1006 1115 1062 Christo
1161 1006 1285 1058 ait:
1321 1024 1341 1055 ι
1373 1002 1574 1074 Legem
1628 1002 2006 1058 mandatorum

418 1100 652 1155 decretis
701 1113 994 1163 evacuans,
1040 1107 1102 1152 ut
1151 1099 1286 1151 duos
1320 1099 1482 1164 :creet
1534 1096 1585 1150 in
1626 1096 1807 1163 seipso
1840 1108 2006 1147 unum

417 1205 615 1245 novum
659 1190 931 1244 hominem
954 1189 1023 1243 “.
1054 1206 1073 1239 ι
1112 1188 1176 1242 Ει
1210 1202 1427 1241 rursum
1464 1204 1477 1241 :
1513 1204 1531 1238 ι
1569 1184 1871 1240 lnduamini
1902 1198 2006 1238 no-

414 1298 541 1336 vum
567 1282 845 1336 hominem
876 1289 1120 1336 creatum
1149 1278 1449 1335 secundum
1484 1276 1651 1332 Deum
1714 1278 1765 1332 in
1796 1275 2007 1346 justitia

413 1381 469 1428 et
508 1374 801 1429 sanctitate
838 1374 1085 1427 veritatis
1105 1372 1173 1427 ”.
1208 1390 1227 1424 ι
1266 1370 1427 1426 Certe
1472 1369 1642 1424 David
1693 1386 1799 1424 non
1832 1383 2006 1438 popu-

413 1463 525 1517 lum
552 1464 842 1532 quemdam
877 1464 1173 1517 secundum
1195 1461 1491 1517 essentiam
1522 1461 1815 1515 creandum
1843 1459 2007 1529 signi-

415 1556 617 1619 ﬁcavit,
656 1555 751 1610 sed
789 1569 855 1610 ex
884 1569 1070 1608 errore
1105 1553 1171 1609 ad
1217 1552 1578 1624 cognitionem
1626 1552 1719 1606 Dei
1764 1551 2002 1606 transla-

416 1658 549 1700 tum.
578 1645 763 1715 Neque
799 1645 962 1699 etiam
1007 1644 1155 1699 aliud
1194 1653 1391 1713 praeter
1431 1644 1481 1697 id
1512 1644 1653 1712 quod
1692 1643 1876 1705 habet,
1908 1657 2004 1697 cor

411 1737 587 1790 creari
630 1737 682 1789 in
728 1750 788 1790 se
818 1735 972 1804 petit,
1005 1733 1099 1789 sed
1157 1734 1224 1788 ad
1273 1735 1564 1803 puritatem
1608 1734 1788 1787 cordis
1824 1743 2001 1787 trans-

413 1829 540 1880 ferri
574 1828 743 1896 cupit.
776 1826 1227 1894 Sapientissimus
1266 1835 1445 1879 autem
1478 1826 1699 1888 Paulus,
1733 1841 1837 1879 non
1862 1825 1999 1881 duos

412 1918 661 1971 homines
692 1918 743 1971 in
770 1919 1036 1971 unitatem
1067 1916 1369 1971 naturalem
1398 1932 1491 1986 per
1519 1917 1797 1971 Christum
1823 1918 1999 1971 creari

412 2009 561 2072 dicit,
604 2010 675 2062 ita
711 2018 770 2065 ut
809 2009 1109 2063 exsistendi
1152 2009 1480 2079 principium
1523 2009 1861 2079 acciperent,
1904 2010 1999 2065 sed

411 2101 666 2171 populum
700 2100 1055 2156 lsraeliticum
1095 2113 1149 2155 et
1192 2110 1381 2171 gentes
1425 2103 1478 2156 in
1512 2103 1806 2155 novitatem
1849 2117 2000 2156 men-

413 2194 482 2247 tis
541 2195 817 2248 traductos
874 2193 1027 2258 dicit,
1086 2204 1251 2263 atque
1299 2194 1418 2248 illos
1475 2194 1695 2263 quidem
1758 2210 1787 2246 ιι
1842 2194 1998 2263 legali

409 2287 584 2350 cultu,
644 2286 743 2339 hos
777 2300 905 2339 vero
934 2286 1004 2339 ab
1032 2286 1234 2340 usitato
1270 2295 1326 2340 et
1359 2284 1615 2338 familiari
1651 2286 1783 2355 ipsis
1810 2300 1999 2341 errore

409 2379 691 2431 abductos.
743 2377 809 2430 Et
859 2393 1054 2431 rursus
1098 2392 1289 2431 omnes
1346 2377 1491 2432 indui
1520 2377 1676 2448 jubet
1724 2379 1997 2433 hominem

410 2486 627 2537 novum,
652 2471 743 2539 qui
776 2470 1071 2525 secundum
1100 2469 1271 2524 Deum
1298 2480 1516 2526 creatus
1544 2481 1648 2525 est.
1685 2472 1849 2541 Atqui
1882 2486 1998 2525 ma-

411 2562 664 2617 nifestum
718 2572 822 2625 est,
858 2561 1006 2616 illum
1044 2578 1151 2615 non
1203 2564 1476 2617 hominem
1527 2563 1763 2633 aliquem
1799 2580 1996 2619 secun-

407 2657 532 2709 dum
579 2656 875 2709 essentiam
930 2655 1130 2711 factum
1186 2656 1518 2725 signiﬁcare,
1566 2672 1724 2726 quem
1774 2657 1995 2711 induere

406 2754 681 2810 oporteat,
732 2747 825 2799 sed
877 2748 1047 2800 vitam
1076 2744 1229 2814 juxta
1272 2747 1489 2801 virtutis
1539 2762 1785 2802 normam
1840 2748 1995 2802 insti-

408 2839 510 2904 tui,
556 2847 612 2892 et
668 2837 1004 2891 voluntatem
1056 2838 1349 2893 instaurari
1401 2848 1563 2908 atque
1612 2840 1879 2893 innovari.
1934 2838 1990 2894 Si

407 2944 537 2997 ergo
569 2929 747 2983 creari
784 2943 887 2981 non
919 2942 1132 2996 semper
1163 2927 1320 2999 157
1364 2932 1655 2984 essentiam
1689 2931 1990 3000 signiﬁcat,

408 3034 570 3087 quam
606 3019 869 3074 rationem
915 3020 1100 3086 habet,
1142 3030 1237 3073 aut
1302 3022 1576 3089 quomodo
1619 3038 1725 3077 non
1769 3022 1989 3077 stultum

2109 540 2217 592 τῶν
2248 539 2417 593 ὄντων
2446 540 2547 610 ἢδη
2587 540 2683 592 καὶ
2714 538 2823 592 τῶν
2853 540 3132 604 κτίζεσθαι
3171 541 3314 594 κατά
3338 540 3398 594 τὸ
3444 537 3586 594 εἶναι
3627 544 3703 612 μὴ

2108 631 2399 702 δεομένων,
2437 631 2624 684 οὐκέτι
2656 630 2759 703 τὴν
2796 630 2984 685 οὐσίαν
3018 633 3294 704 σημαίνει,
3334 632 3470 687 ἀλλά
3505 635 3607 704 τὴν
3639 636 3704 688 ἐκ

2109 740 2255 787 τινος
2294 722 2482 793 ἐτέρου
2526 723 2663 795 πρὸς
2698 722 2885 795 ἕτερόν
2929 741 2984 777 τι
3039 725 3393 795 μετάστασιν.
3442 726 3531 791 Ὠς
3572 729 3703 783 ὅταν

2109 816 2243 887 λέγῃ
2286 816 2487 869 Δαϐίδ·
2529 835 2548 869 ι
2592 817 2702 870 Καὶ
2747 816 2875 883 λαὸς
2903 817 2932 870 ὁ
2964 817 3308 888 κτιζόμενος,
3364 820 3571 873 αίνέσει
3609 820 3703 874 τὸν

2108 908 2337 981 Κύριον.
2381 928 2399 960 ι
2440 910 2552 963 Καὶ
2592 910 2789 964 πάλιν·
2847 928 2866 961 ‹
2920 911 3168 983 Καρδίαν
3217 910 3469 983 καθαρὰν
3513 914 3701 966 κτίσον

2108 1003 2167 1054 ἐν
2202 1002 2349 1072 ἐμοὶ,
2378 1003 2406 1055 ὁ
2439 1001 2593 1066 Θεός.
2623 1022 2641 1054 ι
2677 1002 2734 1055 'O
2764 1002 2821 1055 δὲ
2858 1002 3070 1066 Παῦλός
3099 1003 3232 1074 φησί
3268 1021 3370 1057 που
3403 1005 3534 1075 περὶ
3572 1006 3703 1077 Χρι-

2110 1092 2236 1147 στοῦ
2258 1111 2273 1125 ο
2306 1112 2325 1145 ι
2364 1094 2469 1148 Τὸν
2493 1094 2655 1163 νόμον
2673 1093 2781 1148 τῶν
2810 1094 3038 1147 ἐντολῶν
3068 1097 3124 1148 ἐν
3152 1094 3387 1165 δόγμασι
3414 1098 3702 1169 καταργή-

2109 1202 2229 1251 σας,
2265 1186 2352 1239 ’ίνα
2400 1188 2530 1249 τοὺς
2582 1185 2676 1238 δύο
2716 1187 2877 1257 κτίσῃ
2925 1187 2984 1238 ἐν
3030 1185 3209 1256 ἐαυτῷ
3254 1190 3334 1251 είς
3380 1186 3477 1242 ἕνα
3509 1190 3700 1243 καινὸν

2106 1278 2414 1349 ἄνθρωπον.
2479 1297 2497 1328 ι
2554 1279 2665 1330 Kal.
2716 1278 2911 1332 πάλιν·
2971 1297 2989 1330 ι
3064 1278 3389 1333 Ἐνδύσασθε
3437 1281 3530 1332 τὸν
3577 1281 3702 1333 νέον

2105 1368 2395 1441 ἄνθρωπον
2444 1371 2535 1423 τὸν
2590 1370 2733 1423 κατά
2771 1370 2904 1423 Θεὸν
2950 1370 3242 1424 κτισθέντα
3275 1373 3331 1424 ἐν
3377 1371 3696 1443 δικαιοσύνῃ

2105 1465 2201 1517 καὶ
2237 1463 2476 1534 ὁσιότητι
2532 1464 2633 1532 τῆς
2684 1464 2961 1534 ἀληθείας.
3004 1482 3022 1514 ι
3062 1463 3173 1517 Καὶ
3207 1464 3269 1517 ού
3308 1465 3372 1535 δή
3426 1482 3531 1518 που
3566 1464 3698 1518 λαὸν

2107 1554 2207 1625 μέν
2232 1571 2355 1607 τινα
2385 1554 2504 1607 κατ’
2531 1554 2719 1607 οὐσίαν
2746 1553 3062 1624 κτιζόμενον
3098 1554 3394 1625 ἐσήμαινεν
3426 1555 3456 1608 ὁ
3492 1554 3659 1608 Δαὸίδ
3679 1571 3692 1585 ·

2104 1645 2240 1699 ἀλλὰ
2291 1645 2381 1698 τὸν
2430 1648 2495 1699 ἐκ
2543 1645 2752 1715 πλάνης
2785 1646 2865 1709 είς
2897 1646 3195 1712 ἐπίγνωσιν
3226 1645 3362 1699 Θεοῦ
3400 1645 3697 1715 μετατιθέο

2109 1755 2269 1808 μενον
2303 1738 2473 1806 λέγει.
2522 1736 2611 1790 Ἐν
2646 1737 2825 1808 ἐαυτῷ
2870 1737 2929 1791 δέ
2981 1737 3263 1802 κτίζεσθαι
3310 1739 3539 1809 καρδίαν
3593 1740 3695 1809 οὐχ

2103 1830 2299 1898 ἑτέραν
2354 1829 2485 1899 παρ’
2523 1830 2589 1898 ἦν
2636 1822 2781 1897 εἶχεν
2829 1826 3004 1897 ἠξίου,
3046 1827 3163 1880 ἀλλ’
3211 1829 3291 1890 είς
3338 1828 3695 1899 καθαρότητα

2101 1922 2273 1993 αὐτὴν
2309 1918 2723 1992 μεταποιεῖσθαι
2772 1920 3093 1991 παρεκάλει.
3146 1919 3205 1972 Ὀ
3252 1920 3309 1973 δέ
3346 1936 3409 1988 γε
3445 1919 3695 1989 σοφώτα-

2101 2031 2194 2077 τος
2241 2012 2476 2077 Παῦλος,
2529 2012 2589 2065 οὺ
2631 2010 2725 2063 δύο
2760 2011 2911 2074 τινὰς
2947 2011 3268 2081 ἀνθρώπους
3331 2014 3410 2075 είς
3457 2012 3693 2082 ἑνότητα

2102 2106 2337 2177 φυσικὴν
2369 2103 2757 2168 ἀνακτίζεσθαι
2802 2103 2950 2170 λέγει
2983 2103 3068 2157 διὰ
3104 2104 3363 2175 Χριστοῦ,
3400 2105 3478 2168 ὡς
3510 2105 3691 2175 ἀρχὴν

2099 2198 2193 2251 τοῦ
2231 2192 2372 2251 εἶναι
2398 2196 2773 2266 λαμϐάνοντας
2796 2211 2811 2222 ’
2841 2194 2978 2250 ἀλλὰ
3002 2195 3131 2259 τούς
3158 2213 3218 2249 τε
3246 2197 3304 2262 ἐξ
3343 2196 3565 2266 Ἰσραὴλ
3592 2197 3691 2248 καὶ

2098 2290 2226 2353 τοὺς
2257 2286 2315 2351 ἐξ
2341 2287 2511 2340 ἐθνῶν
2545 2287 2626 2348 είς
2654 2285 2953 2357 καινότητα
2980 2284 3209 2356 γνώμης
3247 2285 3688 2356 μεταποιηθήσε-

2103 2379 2227 2433 σθαι
2259 2378 2441 2448 λέγει’
2481 2379 2609 2443 τοὺς
2643 2380 2741 2449 μὲν
2780 2380 2922 2433 κατά
2955 2379 3118 2449 νόμον
3150 2379 3426 2450 λατρείας,
3470 2385 3600 2446 τοὺς
3627 2383 3688 2436 δὲ

2098 2473 2199 2542 τῆς
2247 2470 2547 2541 συντρόφου
2589 2470 2801 2542 πλάνης
2846 2470 3292 2540 ἐπιλαθομένους.
3352 2473 3465 2527 Καὶ
3520 2474 3689 2528 πάλιν

2100 2563 2426 2618 ἐνδύσασθαι
2461 2565 2627 2617 πᾶσιν
2656 2565 2791 2635 ἡμῖν
2818 2562 3096 2617 ἐπιτάττει
3125 2564 3217 2617 τὸν
3259 2566 3444 2619 καινὺν
3473 2567 3688 2639 ἅνθρω-

2100 2673 2201 2709 πον
2232 2658 2324 2709 τὸν
2361 2654 2503 2709 κατά
2532 2655 2663 2709 Θεὸν
2703 2654 3014 2709 κτισθέντα.
3053 2656 3162 2708 Καὶ
3206 2656 3363 2726 δῆλόν
3410 2659 3562 2709 ἐστιν
3607 2658 3685 2723 ὡς

2095 2749 2197 2803 οὐκ
2244 2749 2529 2821 ἄνθρωπόν
2572 2765 2695 2804 τινα
2731 2750 2849 2802 κατ’
2883 2748 3071 2802 οὐσίαν
3105 2749 3365 2817 γεγονότα
3399 2751 3684 2819 σημαίνει,

2095 2841 2155 2894 ὃν
2191 2841 2517 2895 ἐνδύσασθαι
2550 2841 2676 2912 χρὴ,
2715 2841 2851 2895 ἀλλά
2897 2840 2988 2893 τὸν
3020 2842 3139 2894 κατ’
3177 2840 3378 2912 ἀρετὴν
3422 2841 3539 2911 βίον
3589 2843 3687 2896 καὶ

2092 2935 2185 2987 τὸν
2238 2934 2340 3003 τῆς
2394 2934 2770 3006 προαιρέσεως
2807 2934 3220 3004 ἀνακαινισμόν.
3276 2934 3338 2988 El
3393 2935 3577 2987 τοίνυν
3626 2935 3687 2988 τὸ

2095 3024 2379 3089 κτίζεσθαι
2413 3024 2471 3076 οὐ
2507 3024 2726 3086 πάντως
2755 3023 2853 3091 τὴν
2882 3023 3070 3077 οὐσίαν
3096 3024 3265 3093 δηλοῖ,
3292 3027 3442 3077 ποῖον
3476 3025 3544 3078 ἂν
3572 3026 3687 3096 ἔχοι

411 3108 606 3171 fuerit,
662 3109 727 3162 de
788 3110 854 3163 iis
891 3110 1107 3178 quidem
1167 3113 1258 3182 qui
1313 3129 1500 3168 revera
1555 3124 1818 3170 creatura:
1862 3125 1989 3170 sunt

2100 3116 2342 3187 λόγον,ἢ
2383 3116 2502 3179 πῶς
2542 3115 2642 3168 οὐκ
2685 3115 2912 3185 ἀνόητον
2954 3118 3048 3169 ἐπὶ
3088 3117 3186 3186 μὲν
3217 3116 3325 3169 τῶν
3354 3117 3523 3181 ὅντως
3567 3136 3687 3172 κτι-

408 3212 555 3254 recte
586 3199 635 3253 id
673 3202 815 3268 quod
848 3204 1109 3271 scriptum
1145 3214 1229 3258 est
1255 3207 1523 3275 accipere,
1566 3207 1634 3262 de
1671 3205 1847 3263 Verbo
1879 3224 1990 3261 au-

411 3300 515 3345 tem
558 3290 672 3358 Dei,
710 3292 762 3344 in
793 3306 900 3359 quo
933 3293 1204 3362 praecipue
1243 3296 1295 3349 id
1323 3295 1601 3350 observari
1646 3306 1879 3367 oportet,
1914 3300 1992 3353 si-

409 3389 579 3441 nistre
632 3387 733 3441 hoc
764 3388 1153 3455 interpretari?
1188 3408 1206 3441 ι
1252 3392 1508 3447 Dominus
1555 3393 1738 3459 enim,
1780 3393 1990 3462 inquit,

405 3480 615 3533 creavit
650 3496 755 3547 me,
786 3501 805 3533 ι
845 3497 1022 3552 neque
1052 3482 1103 3537 in
1136 3484 1240 3538 hoc
1273 3485 1462 3549 verbo,
1489 3504 1507 3536 ι
1540 3487 1766 3553 creavit,
1808 3504 1827 3537 ι
1860 3487 1990 3542 dicti

410 3572 519 3625 vim
549 3572 718 3637 sistit,
753 3574 846 3628 sed
894 3575 1064 3639 addit,
1124 3593 1143 3625 ι
1174 3576 1386 3629 initium
1419 3576 1628 3630 viarum
1670 3592 1889 3632 suarum
1936 3577 1989 3632 in

406 3677 569 3730 opera
597 3663 714 3731 ejus
746 3681 763 3713 ι
807 3664 1037 3728 creavit,
1070 3675 1127 3718 et
1160 3679 1264 3718 non
1291 3665 1360 3719 ad
1392 3680 1514 3719 esse
1547 3665 1858 3732 traducens,
1894 3669 1989 3724 sed

407 3753 617 3809 creavit
647 3754 857 3808 initium
887 3757 1090 3809 viarum
1121 3772 1339 3810 suarum
1377 3758 1429 3811 in
1456 3772 1620 3827 opera
1650 3757 1797 3826 ejus;
1846 3762 1988 3831 quod

409 3844 483 3897 ita
538 3845 809 3915 intelliges
844 3862 857 3899 :
887 3846 1008 3901 Vita
1063 3847 1254 3917 legalis
1309 3863 1338 3900 a
1366 3847 1567 3903 Judzeis
1614 3850 1912 3918 colebatur,
1959 3867 1988 3905 a

407 3935 659 4004 gentibus
689 3950 817 3990 vero
859 3936 968 3989 vita
1015 3939 1309 3992 secundum
1345 3938 1612 4006 justitiam
1648 3942 1798 3996 nullo
1833 3945 1991 3998 modo

407 4026 859 4095 cognoscebatur.
897 4025 1128 4082 Verbum
1172 4029 1352 4099 itaque
1380 4030 1471 4084 Dei
1508 4029 1712 4086 factum
1738 4043 1843 4097 est,
1875 4035 1991 4090 sive

407 4128 649 4171 creatum
694 4126 798 4182 est,
846 4134 997 4182 caro,
1035 4121 1136 4174 hoc
1180 4131 1264 4174 est
1293 4123 1488 4191 ‘homo,
1525 4132 1585 4177 ut
1630 4126 1839 4179 initimn
1872 4129 1990 4180 via-

409 4223 527 4262 rum
559 4209 767 4262 Domini
806 4219 860 4263 et
897 4225 1118 4280 operum
1149 4212 1267 4280 ejus
1292 4216 1546 4270 omnibus
1575 4218 1899 4271 inveniatur.
1931 4218 1986 4271 In

410 4301 586 4368 primo
633 4301 778 4354 enim
826 4301 1046 4356 Christo
1087 4306 1397 4373 evangelica
1443 4309 1550 4361 vita
1597 4308 1814 4364 eﬁ’ulsit.
1862 4308 1989 4364 Vias

407 4401 588 4443 autem
640 4401 694 4444 et
728 4408 890 4461 opera
933 4394 1167 4461 Domini,
1214 4399 1341 4465 quid
1391 4399 1535 4453 aliud
1587 4415 1707 4456 esse
1760 4416 1985 4456 censea-

2105 3208 2331 3279 σμάτων
2364 3208 2542 3279 ὀρθῶς
2578 3208 2640 3261 τὸ
2671 3209 3059 3279 γεγραμμένον
3103 3209 3440 3280 ἐκδέχεσθαι,
3477 3211 3575 3263 ἐπὶ
3626 3213 3684 3265 δὲ

2092 3300 2188 3354 τοῦ
2229 3299 2365 3354 Θεοῦ
2395 3300 2593 3369 Λόγου,
2640 3300 2725 3369 ἐφ’
2758 3294 2801 3369 ᾧ
2830 3300 2894 3372 δὴ
2932 3302 3167 3370 μάλιστα
3204 3302 3363 3355 τοῦτο
3407 3304 3683 3371 φυλάττε-

2094 3394 2217 3447 σθαι
2239 3394 2365 3466 χρὴ,
2386 3391 2565 3464 σαθρὰ
2589 3391 2844 3455 νοοῦντας
2869 3392 3241 3464 εὑρίσκεσθαη
3263 3413 3282 3444 ι
3308 3393 3512 3463 Κύριος
3547 3395 3684 3465 γὰρ.

2094 3488 2280 3558 φησὶν,
2307 3486 2491 3540 ἐκτισέ
2522 3503 2590 3556 με
2613 3502 2625 3514 ’
2656 3505 2674 3539 ι
2710 3485 2805 3538 καὶ
2824 3485 2887 3538 οὺ
2918 3485 3079 3555 μέχρι
3102 3483 3220 3547 τοῦ,
3251 3502 3270 3535 ι
3309 3485 3493 3539 ἕκτισέ
3526 3503 3619 3556 με,
3658 3505 3680 3539 ι

2093 3578 2186 3632 τοῦ
2216 3579 2376 3647 λόγου
2424 3578 2525 3649 τὴν
2556 3578 2790 3647 δύναμιν
2834 3577 3068 3647 ἵστησιν,
3113 3575 3252 3629 ἀλλά
3297 3576 3685 3649 προστίθησιν,

2090 3673 2174 3725 ὅτι
2214 3689 2232 3723 ι
2268 3671 2446 3742 ἀρχὴν
2476 3670 2613 3725 ὁδῶν
2632 3668 2799 3724 αὐτοῦ
2833 3688 2851 3721 ι
2886 3671 2967 3733 εἰς
2992 3668 3130 3739 ἔργα
3156 3669 3321 3722 αὐτοῦ
3350 3669 3554 3733 ἔκτισε,
3587 3672 3681 3723 καὶ

2090 3765 2192 3818 οὐκ
2233 3765 2314 3826 είς
2357 3764 2419 3817 τὸ
2474 3761 2613 3817 εἶναι
2663 3760 3026 3834 παραγαγὼν,
3074 3760 3189 3814 ἀλλ’
3236 3760 3448 3815 ἔκτισεν
3499 3764 3686 3833 ἀρχὴν

2090 3855 2224 3910 ὁδῶν
2263 3854 2427 3908 αὐτοῦ
2458 3855 2538 3918 εἰς
2566 3853 2705 3924 ἔργα
2748 3852 2913 3906 αὑτοῦ
2936 3868 2949 3883 ο
2989 3853 3125 3924 ὅπερ
3158 3852 3301 3906 οὕτω
3330 3855 3566 3924 νοήσεις.
3617 3855 3683 3908 Ἡ

2091 3948 2235 4003 κατά
2271 3948 2435 4017 νόμον
2469 3946 2714 4000 πολιτεία
2752 3944 3041 4016 ἐτετίμητο
3066 3944 3165 4015 μὲν
3194 3944 3348 4016 παρά
3382 3949 3494 4009 τοῖς
3547 3944 3683 3998 Ἰου-

2090 4042 2280 4105 δαίοις,
2311 4040 2465 4111 παρὰ
2501 4038 2559 4093 δὲ
2594 4041 2707 4103 τοῖς
2758 4036 2965 4091 ἔθνεσιν
3007 4037 3117 4090 οὐδ’
3149 4038 3285 4100 ὅλως
3333 4040 3361 4092 ὁ
3409 4038 3555 4091 κατά
3599 4039 3687 4093 δι-

2092 4133 2388 4203 καιοσύνην
2416 4132 2530 4201 βίος
2554 4128 2906 4200 ἐγινώσκετο.
2933 4128 3127 4198 Γέγονε
3158 4130 3359 4195 τοίνυν,
3391 4131 3510 4201 ἦτοι
3532 4132 3685 4184 ἐκτί-

2095 4225 2216 4295 σθη,
2258 4223 2396 4294 σὰρξ
2435 4225 2465 4275 ὁ
2497 4222 2591 4275 τοῦ
2631 4222 2765 4275 Θεοῦ
2810 4222 3001 4289 Λόγος,
3039 4221 3319 4274 τουτέστιν
3363 4220 3681 4290 ἄνθρωπος,

2092 4315 2180 4368 ἵνα
2211 4314 2304 4368 καὶ
2330 4314 2473 4384 ἀρχὴ
2505 4313 2614 4366 τῶν
2647 4312 2783 4366 ὁδῶν
2815 4312 2909 4365 τοῦ
2951 4312 3157 4383 Κυρίου
3207 4314 3300 4365 καὶ
3342 4312 3451 4365 τῶν
3497 4314 3685 4383 ἔργων

2094 4406 2257 4460 αὑτοῦ
2317 4406 2485 4458 πᾶσιν
2538 4404 2760 4475 εὑρεθῇ.
2814 4404 2902 4459 Ἐν
2963 4405 3071 4476 γὰρ
3129 4403 3328 4475 πρώτῳ
3376 4405 3603 4476 Χριστῷ
3653 4408 3684 4459 6

410 4497 550 4545 ιιιιιε,
597 4497 757 4551 quam
804 4496 1072 4555 praecepta
1118 4490 1266 4555 ejus?
1296 4506 1417 4559 quae
1464 4501 1784 4560 praestantes
1824 4505 1986 4564 atque

2100 4498 2452 4568 εὐαγγελικὸς
2477 4496 2754 4567 ἀνέλαμψε
2787 4496 2919 4567 βίος.
2972 4497 3159 4561 Ὁδοὺς
3183 4497 3240 4550 δὲ
3275 4498 3368 4551 καί¹
3405 4497 3543 4570 ἔργα
3570 4501 3683 4552 Ku-

406 4585 767 4641 exsequentes
806 4576 970 4631 veluti
1018 4579 1205 4634 multis
1244 4596 1307 4633 ac
1334 4583 1502 4636 variis
1550 4584 1654 4638 viis
1699 4583 1765 4637 ad
1812 4584 1986 4652 ipsum

409 4664 771 4732 procedimus.
816 4668 969 4732 Quod
1015 4684 1143 4723 vero
1177 4686 1345 4740 opera
1384 4673 1642 4726 eximiam
1690 4684 1744 4727 et
1780 4686 1985 4729 rectam

406 4753 573 4808 vitam
604 4756 934 4823 signiﬁcent,
960 4771 1014 4812 et
1040 4771 1317 4831 praecepta
1352 4764 1467 4828 Dei,
1506 4765 1627 4819 audi
1665 4767 1793 4834 quid
1830 4783 1985 4821 sacra

409 4847 689 4916 Scriptura
727 4850 872 4904 dicat
903 4869 916 4905 :
951 4870 970 4904 ι
1008 4852 1097 4907 Va:
1133 4855 1222 4923 qui
1262 4856 1468 4910 faciunt
1492 4871 1656 4926 opera
1687 4858 1777 4912 Dei
1812 4860 1984 4929 negli-

408 4949 597 5008 genter
620 4940 709 4996 "‘.
749 4961 767 4994 ι
812 4942 1010 5000 Beatus
1049 4957 1227 5001 autem
1259 4948 1424 5002 David
1461 4960 1725 5019 praecepta
1768 4950 1864 5005 Dei
1893 4968 1988 5020 ap-

408 5032 613 5102 pellans
662 5037 797 5103 vias,
850 5037 923 5093 ita
969 5040 1280 5096 exclamat:
1317 5060 1336 5093 ι
1373 5042 1499 5097 Vias
1546 5052 1689 5106 tuas,
1741 5045 1986 5113 Domine,

410 5140 567 5184 notas
607 5131 691 5184 {ac
722 5132 876 5207 mihi,
912 5144 965 5188 et
995 5136 1223 5189 semitas
1248 5145 1369 5191 tuas
1395 5139 1526 5191 doce
1561 5140 1728 5193 me“.
1765 5159 1781 5190 ι

2098 4593 2238 4667 ρίου,
2272 4591 2325 4645 τί
2354 4590 2461 4661 χρὴ
2485 4591 2626 4643 νοεῖν
2651 4588 2855 4659 ἕτερον,
2888 4589 2921 4660 ἢ
2953 4590 3171 4652 πάντως
3199 4588 3300 4652 τὰς
3328 4588 3552 4652 ἐντολὰς
3582 4591 3675 4642 ab-

2095 4684 2229 4749 τοῦ;
2284 4683 2461 4754 ἇσπερ
2513 4682 2883 4745 ἐπιτελοῦντες
2928 4682 3023 4735 καὶ
3066 4681 3444 4752 ἐργαζόμενοι,
3485 4680 3683 4754 ὥσπερ

2094 4778 2183 4831 διὰ
2212 4776 2422 4830 πολλῶν
2447 4776 2541 4829 καὶ
2561 4776 2811 4847 ποικίλης
2840 4774 2960 4828 ὁδοῦ
2989 4774 3277 4845 βαδίζομεν
3313 4773 3453 4844 πρὸς
3485 4774 3680 4827 αὐτόν.

2099 4871 2220 4922 Ὅτι
2267 4868 2325 4921 δὲ
2371 4867 2441 4921 τὰ
2471 4867 2609 4937 ἔργα
2647 4866 2737 4919 τὸν
2781 4865 3061 4935 ἐξαίρετον
3099 4865 3350 4936 σημαίνει
3391 4864 3529 4935 βίον,
3584 4866 3681 4917 καὶ

2094 4961 2165 5015 τὰ
2196 4960 2596 5032 προστάγματα
2636 4958 2728 5012 τοῦ
2778 4957 2937 5023 Θεοῦ,
2986 4957 3149 5011 ἄκουε
3197 4956 3249 5009 τί
3282 4972 3445 5026 φησιν
3478 4958 3512 5026 ή
3557 4956 3681 5010 θεία

2095 5054 2317 5126 Γραφή·
2359 5071 2377 5104 ι
2428 5052 2565 5105 Οὐαὶ
2592 5051 2642 5104 oi
2687 5049 2970 5112 ποιοῦντες
3015 5048 3085 5101 τὰ
3121 5047 3257 5119 ἔργα
3292 5048 3497 5116 Κυρίου
3534 5049 3679 5116 ἀμε-

2093 5147 2223 5210 λῶς.
2263 5165 2281 5197 ι
2329 5146 2390 5199 'U
2422 5143 2479 5197 δὲ
2515 5143 2783 5214 μακάριος
2810 5141 2995 5207 Δαόὶδ,
3033 5139 3184 5203 ὁδοὺς
3215 5134 3352 5192 εἶναι
3380 5138 3555 5207 λέγων
3577 5140 3679 5202 τὰς

408 5220 643 5288 ἐντολὰς,
685 5225 1115 5297 ἀναφθέγγεταιο
1167 5249 1186 5281 ι
1248 5230 1359 5294 Τὰς
1406 5230 1557 5295 ὁδούς
1611 5249 1726 5298 σου,
1780 5236 1983 5308 Κύριε,
2016 5239 2282 5314 γνώρισόν
2348 5255 2461 5308 μοι,
2512 5238 2605 5291 καὶ
2645 5237 2744 5300 τὰς
2783 5235 3007 5306 τρίϐους
3033 5250 3125 5287 σου
3158 5232 3367 5298 δίδαξόν
3410 5251 3502 5304 με.
3544 5252 3563 5285 ι

1009 5362 1157 5418 Idem
1202 5366 1377 5419 aliter.

485 5515 502 5548 ι
538 5498 795 5558 Dominus
822 5506 1028 5559 creavit
1064 5519 1148 5559 me
1176 5505 1385 5559 initium
1422 5505 1631 5558 viarum
1667 5519 1893 5559 suarum
1922 5506 1979 5561 in

406 5605 569 5661 opera
621 5594 808 5664 ipsius.
841 5615 858 5648 ι
914 5597 1145 5651 Verbum
1187 5598 1308 5663 hoc,
1353 5617 1371 5649 ι
1405 5599 1634 5662 creavit,
1671 5618 1690 5650 ι
1743 5616 1847 5653 non
1897 5616 1984 5655 es-

475 5755 519 5786 ”
542 5754 677 5881 Pz‘al.
708 5769 760 5809 Cl
822 5754 903 5806 19.
980 5752 1182 5809 "Psal.
1209 5771 1259 5821 L,
1287 5754 1369 5806 l2.
1443 5754 1487 5783 “
1511 5753 1700 5825 Ephes.
1734 5769 1791 5819 tt,
1820 5754 1905 5807 15.

475 5844 555 5881 .Iv.
622 5868 633 5881 .

407 5844 555 5893 xxw,
582 5844 633 5882 4.

2057 5753 2100 5785 ’⁵
2150 5755 2343 5826 Ephes.
2399 5772 2470 5821 tv,
2526 5756 2615 5810 24.

2608 5372 2840 5437 Ἀλλως
2877 5371 2941 5423 τὸ
2975 5370 3142 5426 αὐτόέ

2171 5530 2190 5562 ι
2239 5508 2442 5579 Κύριος
2489 5507 2670 5562 ἕκτισέ
2725 5525 2791 5579 με
2829 5508 3002 5579 ἀρχὴν
3044 5506 3179 5559 ὁδῶν
3216 5504 3381 5559 αὑτοῦ
3422 5506 3503 5566 είς
3538 5521 3675 5574 εργα

2093 5600 2281 5654 αὑτοῦ.
2333 5620 2349 5651 ι
2391 5600 2485 5663 Τὸ,
2537 5619 2553 5649 ι
2606 5600 2838 5665 ἔκτισεν,
2884 5620 2901 5651 ι
2944 5600 3003 5652 οὑ
3051 5596 3193 5652 κατὰ
3223 5597 3321 5668 τῆς
3361 5597 3551 5660 οὐσίας
3580 5596 3676 5649 τοῦ

2724 5756 2791 5788 ’δ’
2830 5755 3028 5812 ιιυιοιιι.
3067 5769 3253 5825 ιινιιι,
3290 5755 3371 5811 l0.
3451 5755 3497 5786 '°
3524 5754 3668 5811 Psal.
