3882 6210
209 348 315 406 265

1584 342 2026 407 THESAURUS.

3356 354 3459 412 266

211 472 380 539 Λόγου
404 467 586 522 θετέον
610 482 623 497 ’
654 466 932 538 δύσφημον
973 469 1080 539 γάρ
1111 469 1276 532 ὅντως
1311 470 1404 522 καὶ
1444 471 1657 534 ἀσεϐὲς,
1690 472 1778 524 τὸν

1888 475 2116 528 sentiam
2169 473 2328 527 Verbi
2376 472 2644 544 signiﬁcat
2684 490 2695 526 :
2735 471 3108 542 blasphemum
3160 476 3303 529 enim
3362 478 3461 531 im-

209 562 295 613 ἀεὶ
324 562 419 611 καὶ
459 556 719 619 ὡσαύτως
765 557 893 609 ὄντα
946 558 1084 627 μετὰ
1127 559 1356 629 Πατρὸς,
1398 558 1491 612 νῦν
1540 560 1783 613 ἐκτίσθαι

210 654 413 721 λέγειν.
463 652 694 720 Νοήσεις
747 651 801 703 δὲ
846 650 990 703 οὕτω
1036 651 1438 723 πιθανώτερον·
1488 672 1508 703 ι
1557 652 1785 706 Ἔκτισέ

215 763 303 816 με,
332 744 513 814 φησὶν,
546 742 719 814 ἀρχὴν
747 742 881 795 ὁδῶν
910 742 1098 798 αὑτοῦ.
1139 763 1158 796 r
1206 744 1390 807 Ὁδοὺς
1419 744 1605 799 ἐνθάδε
1627 746 1781 815 φησὶ,

210 838 301 890 τόν
327 852 387 887 τε
417 833 713 904 νομοθέτην
745 835 946 888 Μωσέα
984 836 1225 897 καὶτοὺς
1250 836 1550 907 προφήτας,
1583 838 1667 905 ἐφ’
1694 835 1787 899 οὓς

209 927 352 996 ἀρχή
380 943 463 989 τις
493 923 684 996 ὥσπερ
718 926 810 977 καὶ
842 925 1057 990 ἐξουσία
1088 925 1346 979 τέτακται
1382 926 1641 998 Χριστός·
1686 945 1785 997 με-

211 1016 563 1081 τασκευάζων
607 1018 689 1079 εἰς
734 1017 832 1087 τὴν
864 1018 973 1071 τῶν
1010 1018 1380 1087 εὐαγγελικῶν
1418 1020 1787 1089 κηρυγμάτων

211 1109 507 1179 καινότητα
561 1109 628 1162 τά
678 1110 810 1180 παρ’
862 1110 1088 1164 ἐκείνων
1133 1110 1432 1183 εἰρημένα,
1485 1111 1579 1165 καὶ
1632 1109 1789 1164 τοῦτο

211 1202 650 1267 ἐξουσιαστικῶς.
698 1202 754 1255 ’0
781 1203 881 1272 μὲν
903 1202 1013 1273 γὰρ
1036 1202 1202 1272 νόμος
1232 1203 1397 1273 φησίν
1421 1219 1434 1233 ο
1475 1221 1495 1253 ι
1532 1203 1607 1255 Οὐ
1654 1219 1784 1273 πορ-

211 1295 445 1357 νεύσεις,
461 1314 478 1344 r
511 1296 539 1347 ό
557 1294 614 1347 δὲ
640 1295 895 1364 Χριστός·
925 1314 941 1344 ι
967 1294 1110 1362 Ἐγὼ
1130 1294 1187 1347 δὲ
1206 1294 1349 1364 λέγω
1368 1294 1517 1365 ὑμῖν·
1538 1293 1651 1347 Οὐκ
1667 1296 1787 1347 ἐπιδ

213 1386 499 1455 θυμήσεις.
544 1405 561 1435 ι
585 1385 769 1449 Ὀδοὺς
796 1384 853 1438 δὲ
878 1386 1003 1449 τοὺς
1031 1386 1216 1455 ἁγίους
1246 1384 1501 1438 ἐκάλεσεν
1529 1385 1603 1448 ὠς
1625 1384 1787 1438 δυνα-

214 1478 411 1547 μένους
457 1478 755 1547 ἀποφέρειν
797 1476 883 1529 διὰ
935 1477 1219 1541 νουθεσίας
1262 1476 1399 1547 πρὸς
1435 1476 1589 1532 Θεόν.
1632 1475 1789 1530 Οὕτω

211 1572 430 1641 νοήσεις
460 1571 521 1624 τὸ
549 1569 701 1641 παρὰ
723 1568 801 1639 τῷ
845 1570 1082 1641 Ἱερεμίᾳ
1111 1570 1360 1643 κείμενον
1380 1588 1394 1602 ο
1437 1589 1455 1621 ‹
1496 1570 1667 1639 Στῆτε
1696 1571 1789 1623 ἐπὶ

209 1665 332 1724 ταῖς
370 1660 529 1725 ὁδοῖς,
557 1662 649 1714 καὶ
682 1662 987 1732 ἐρωτήσετε
1026 1661 1247 1732 τρίϐους
1276 1660 1480 1732 Κυρίου
1513 1662 1785 1725 αἰωνίους,

210 1754 305 1805 καὶ
341 1752 543 1822 μάθετε
577 1753 705 1806 ποία
735 1753 882 1807 ἐστὶν
912 1757 944 1823 ή
975 1754 1091 1817 ὁδὸς
1119 1756 1152 1824 ή
1176 1754 1376 1825 ἀγαθὴ,
1410 1754 1506 1808 καὶ
1541 1754 1787 1824 βαδίζετε

209 1847 267 1898 ἐν
292 1847 454 1916 αὐτῇ,
487 1847 580 1898 καὶ
602 1846 861 1917 εὑρήσετε
890 1846 1154 1917 ἁγνισμὸν
1183 1850 1301 1910 ταῖς
1325 1848 1523 1919 ψυχαῖς
1556 1846 1730 1917 ὑμῶν.
1762 1865 1779 1896 r

209 1939 322 1992 Kal.
359 1938 475 1991 ἐστι
506 1938 661 2008 δῆλον
700 1938 776 2001 ὡς
812 1939 871 1992 οὐ
918 1939 1046 2009 περὶ
1092 1938 1295 1991 τούτων
1341 1940 1476 2010 φησὶ
1512 1939 1618 1992 τῶν
1649 1938 1783 1991 ὁδῶν

207 2031 317 2083 τῶν
363 2031 505 2084 κατὰ
554 2030 843 2101 συνήθειαν
894 2032 1218 2101 νοουμένων.
1276 2030 1396 2093 Πῶς
1438 2030 1545 2101 γὰρ
1590 2031 1655 2085 ἄν
1700 2047 1784 2092 τις

206 2124 379 2188 αὐτὰς
409 2126 739 2195 ἐρωτήσειε;
779 2125 902 2187 Πῶς
930 2125 987 2178 δὲ
1020 2126 1150 2195 παρ’
1183 2123 1406 2176 ἐκείνων
1436 2123 1740 2194 μαθήσεται
1766 2140 1780 2187 ;

206 2216 270 2267 Εἰ
300 2216 358 2268 δέ
386 2233 468 2277 τις
502 2217 595 2268 ἐπὶ
621 2217 747 2281 τοὺς
776 2217 963 2285 ἁγίους
991 2217 1191 2285 ἀγάγοι
1230 2217 1320 2269 τὸν
1350 2215 1527 2283 λόγον,
1560 2216 1782 2285 εὑρήσει

204 2308 267 2360 τὸ
319 2310 383 2360 ἐκ
427 2308 521 2360 τοῦ
570 2309 837 2380 νοήματος
882 2310 1169 2380 χρήσιμον.
1224 2309 1286 2362 Ei
1330 2308 1437 2378 γάρ
1472 2324 1555 2371 τις
1595 2306 1782 2376 ὥσπερ

203 2401 349 2451 τισὶν
380 2400 598 2463 όδείαις,
641 2403 756 2464 τοῖς
802 2400 978 2469 ἁγίοις
1022 2401 1328 2472 προφήταις
1369 2402 1660 2469 ἐπιστήσαι
1688 2399 1781 2451 τὸν

202 2492 353 2555 νοῦν,
378 2493 452 2561 μὴ
482 2493 935 2564 παρατρεχόντως
962 2493 1141 2557 αὐτοῖς
1161 2492 1385 2562 ὁμιλῶν,
1422 2492 1538 2545 ἀλλ’
1573 2492 1781 2558 ἐξάγων

200 2584 452 2655 ἀκριϐῶς
491 2584 600 2636 τῶν
642 2586 1041 2656 γεγραμμένων
1078 2587 1137 2638 ἐν
1181 2585 1362 2648 αὐτοῖς
1393 2586 1491 2655 τὴν
1519 2584 1778 2646 διάνοιαν,

204 2678 516 2748 μαθήσεται
562 2678 660 2747 τὴν
708 2679 824 2732 ὁδὸν
856 2679 952 2748 τὴν
982 2677 1211 2748 ἀγαθὴν,
1246 2679 1515 2742 τουτέστι,
1557 2677 1649 2729 τὸν
1695 2677 1779 2730 λέ-

201 2785 373 2838 γοντα
401 2770 637 2839 Χριστόν
659 2786 705 2822 ⁸1
748 2769 890 2839 Ἐγώ
920 2772 1035 2840 εἰμι
1071 2772 1104 2841 ή
1129 2770 1299 2833 ὁδός.»
1325 2769 1402 2822 Δι’
1426 2771 1595 2839 αὐτῆς
1629 2772 1779 2839 ἁγνι-

201 2863 471 2933 σθήσεται
519 2864 626 2919 τῶν
674 2863 959 2934 ἁμαρτιῶν
1007 2863 1106 2935 τὴν
1158 2864 1352 2931 ἄφεσιν
1401 2863 1775 2934 κακιζόμενος.

205 2956 470 3009 Ἐκτισεν
517 2951 612 3007 οὖν
668 2973 758 3025 με,
798 2956 954 3026 φησὶ,
1004 2956 1280 3022 τουτέστι,
1335 2956 1636 3026 πεποίηκεν
1685 2956 1781 3009 ἐπὶ

202 3047 375 3116 νόμον
425 3047 520 3099 καὶ
573 3048 855 3117 προφήτας
898 3047 1073 3118 ἀρχὴν
1121 3047 1240 3116 ήτοι
1292 3047 1562 3114 ἐξουσίαν,
1610 3047 1670 3099 οὐ
1711 3046 1779 3100 τὰ

202 3137 436 3189 ἐκείνων
476 3137 688 3199 πάντως
733 3135 963 3188 ἱστῶντα
1007 3137 1229 3206 ῥήματα
1277 3136 1501 3201 τυπικά,
1554 3137 1667 3189 ἀλλ’
1698 3139 1779 3199 εἰς

201 3229 348 3300 ἔργα
397 3227 560 3280 αὑτοῦ
606 3227 998 3297 νομοθετοῦντα
1046 3228 1116 3280 τά
1166 3227 1561 3296 βελτίονα.”οτι
1590 3227 1647 3279 δὲ
1694 3227 1777 3292 τὸ,

210 3340 230 3370 ι
272 3321 511 3377 ἔκτισεν.
548 3339 567 3370 ι
601 3320 663 3371 οὐ
693 3320 908 3382 πάντως
935 3318 1034 3390 τὴν
1052 3319 1239 3373 οὐσίαν
1267 3319 1434 3389 δηλοῖ,
1467 3317 1780 3391 ἀρκούντως

199 3414 311 3486 ήδη
349 3414 694 3485 προείρηται.

714 3590 947 3657 Ἄλλως
976 3589 1043 3643 τὸ
1080 3592 1247 3644 αὐτό.

284 3744 302 3773 ι
354 3723 553 3793 Κύριος
606 3722 788 3776 ἐκτισέ
838 3741 928 3795 με,
969 3743 988 3776 r
1021 3725 1204 3793 ὅμοιον
1248 3724 1435 3795 ὥσπερ
1486 3723 1551 3777 ἂν
1594 3727 1642 3777 εἰ
1688 3725 1780 3776 καὶ

199 3812 390 3880 λέγοι·
438 3815 494 3865 Ὀ
548 3815 735 3886 ΙΙατήρ
771 3832 861 3885 μοι
911 3814 1069 3885 σῶμα
1118 3816 1501 3885 κατηρτίσατο,
1541 3818 1635 3869 καὶ
1668 3810 1779 3869 οἷον

196 3907 495 3975 ἄνθρωπόν
520 3923 587 3975 με
613 3906 825 3959 ἔκτισεν
858 3906 997 3977 ὑπὲρ
1028 3909 1126 3976 τῆς
1151 3906 1455 3978 ἀνθρώπων
1485 3907 1774 3979 σωτηρίας.

200 4000 420 4068 Ὥσπερ
464 4001 571 4067 γάρ
609 3999 855 4051 Ἰωάννου
907 3998 1004 4068 μὲν
1048 3997 1333 4067 λέγοντοςο
1392 4019 1409 4049 ι
1492 3998 1549 4051 '0
1606 3999 1779 4067 Λόγος

200 4093 346 4163 σάρξ
377 4092 611 4159 ἐγένετο,
645 4111 663 4142 r
692 4092 903 4145 Παύλου
932 4091 990 4145 δὲ
1018 4092 1319 4161 γράφοντος
1348 4090 1476 4161 περὶ
1510 4091 1744 4164 Χριστοῦ
1762 4109 1774 4122 ·

201 4208 220 4238 ι
268 4189 397 4239 Ὀτι
438 4185 659 4253 γέγονεν
704 4184 844 4255 ὑπὲρ
885 4183 1041 4253 ήμῶν
1085 4184 1321 4253 κατάρα,
1372 4201 1390 4234 r
1430 4184 1523 4236 καὶ
1575 4183 1773 4235 πάλιν·

204 4299 223 4331 ι
268 4280 377 4331 Τὸν
409 4276 483 4347 μὴ
528 4276 724 4345 γνόντα
754 4276 1053 4346 ἁμαρτίαν,
1102 4275 1243 4346 ὑπὲρ
1294 4276 1451 4346 ήμῶν
1502 4278 1777 4347 ἁμαρτίαν

195 4372 477 4441 ἐποίησεν,
518 4388 535 4418 ι
568 4366 690 4421 οὔτε
721 4368 811 4420 τὸν
845 4368 1015 4434 Λόγον
1063 4369 1142 4429 εἰς
1192 4368 1371 4438 σάρκα
1404 4369 1776 4439 μεταπεποιῆ⁴

198 4462 328 4515 σθαι
369 4459 717 4529 πιστεύομεν,
766 4457 889 4511 οὔτε
926 4460 1033 4529 μὴν
1074 4458 1205 4511 αὐτὸ
1240 4459 1485 4532 κατάραν
1530 4459 1776 4531 ἢάμαρ-

193 4555 324 4606 τίαν
348 4553 521 4614 ὅντως
563 4550 743 4621 φαμὲν
773 4551 1025 4619 γενέσθαι
1065 4552 1316 4623 Χριστὸν,
1347 4552 1482 4617 ἀλλ’,
1518 4550 1660 4605 οὕτω
1685 4551 1771 4604 λε-

1887 564 2143 634 piumquc
2191 565 2296 619 hoc
2352 574 2519 629 esset,
2574 580 2696 619 eum
2761 567 2851 633 qui
2900 580 3115 634 semper
3162 568 3461 638 eodemque

1886 659 2044 710 modo
2073 672 2193 709 cum
2226 656 2387 712 Patre
2422 656 2659 720 exsistit,
2701 666 2945 710 creatum
2982 656 3183 711 dicere.
3222 656 3297 711 lta
3334 673 3462 713 vero

1885 747 2097 801 facilius
2153 747 2463 818 intelliges:
2503 766 2521 798 ι
2553 747 2772 802 Creavit
2823 764 2930 811 me,
2976 747 3187 816 inquit,
3246 750 3459 803 initium

1886 841 2096 893 viarum
2143 855 2387 894 suarum.
2424 859 2441 890 ι
2496 839 2625 894 Vias
2671 841 2759 895 hic
2806 841 3052 894 nominat
3092 840 3459 910 legislatorem

1886 930 2068 986 Mosen
2099 940 2153 985 et
2189 933 2505 1002 prophetas,
2542 931 2737 1002 quibus
2764 933 2909 986 velut
2939 933 3263 1002 principium
3288 933 3461 1001 quod-

1889 1024 2010 1076 dam
2041 1037 2105 1076 ac
2134 1033 2295 1091 caput
2326 1032 2381 1078 et
2425 1033 2662 1092 potestas
2706 1024 3031 1079 constitutus
3064 1033 3147 1079 est
3180 1024 3457 1090 Christus;

1886 1128 2004 1183 qua:
2030 1114 2097 1167 ab
2129 1114 2235 1168 illis
2266 1115 2410 1169 dicta
2442 1124 2569 1169 sunt
2607 1114 2673 1168 ad
2707 1115 3031 1183 evangelica:
3061 1115 3460 1185 prtcdicationis

1888 1205 2181 1260 novitatem
2201 1207 2505 1269 traducens,
2527 1207 2684 1275 idque
2701 1222 2823 1261 cum
2844 1207 3171 1276 proprietate
3188 1206 3457 1262 absoluta.

1891 1296 2000 1350 Lex
2044 1298 2187 1352 enim
2236 1299 2367 1351 dicit
2400 1317 2412 1351 :
2450 1318 2467 1349 ‹
2500 1298 2613 1352 Non
2660 1300 3019 1353 tnmchaheris
3044 1301 3120 1363 '7;
3156 1319 3173 1349 ι
3210 1299 3461 1353 Christus

1886 1402 2017 1442 vero
2041 1407 2053 1442 :
2086 1407 2105 1440 ι
2128 1388 2239 1459 Ego
2259 1400 2439 1444 autem
2470 1391 2590 1445 dico
2617 1393 2766 1445 vobis
2794 1404 2809 1442 :
2833 1389 2947 1443 Non
2983 1391 3333 1459 concupisces
3352 1391 3453 1443 ³³.»

1889 1478 2017 1533 Vias
2047 1490 2229 1534 autem
2255 1491 2479 1535 sanctos
2510 1482 2739 1544 vocavit,
2783 1483 2980 1550 quippe
3014 1481 3103 1551 qui
3131 1482 3245 1535 suis
3275 1482 3460 1534 admo-

1893 1570 2187 1625 nitionibus
2231 1573 2299 1624 ad
2349 1574 2517 1627 Deum
2570 1574 2767 1627 ducere
2802 1574 3029 1642 possint.
3081 1573 3154 1626 Ita
3189 1572 3459 1639 intelliges

1888 1661 2017 1715 illud
2054 1659 2303 1716 Jeremite
2350 1664 2548 1718 dictmn
2579 1682 2590 1716 :
2621 1682 2639 1714 ι
2675 1663 2828 1718 State
2880 1663 2931 1716 in
2982 1664 3107 1726 viis,
3145 1673 3198 1716 et
3236 1664 3462 1732 qttmrite

1887 1756 2113 1810 semitas
2154 1757 2367 1811 Domini
2414 1758 2799 1826 sempiternas,
2851 1770 2903 1811 et
2948 1758 3140 1811 discite
3181 1756 3357 1825 qualis
3390 1756 3461 1809 sit

1819 1832 1862 1887 Β
1893 1848 1975 1901 via
2021 1847 2139 1917 ejus
2170 1848 2330 1910 bona,
2371 1856 2429 1902 et
2479 1849 2751 1903 ambulate
2806 1850 2858 1902 in
2891 1850 3028 1917 ipsa,
3076 1859 3129 1902 et
3175 1846 3461 1902 invenietis

1897 1942 2216 1995 munditiam
2264 1941 2550 1995 animabus
2577 1940 2775 1995 vestris
2794 1940 2859 1993 ⁸³.
2896 1958 2913 1989 ι
2954 1937 3294 1991 Manifestum
3332 1950 3459 1987 vero

1892 2044 1980 2088 est
2026 2048 2149 2087 eum
2180 2050 2284 2088 non
2318 2034 2385 2087 de
2420 2034 2519 2087 viis
2550 2032 2753 2102 vulgari
2781 2031 3171 2100 signiﬁcatione
3201 2030 3271 2083 ita
3300 2028 3459 2083 dictis

1892 2128 2060 2196 loqui.
2114 2127 2394 2194 Quomodo
2436 2127 2580 2178 enim
2634 2125 2901 2193 quispiam
2954 2122 3074 2177 illas
3122 2119 3461 2191 interroget?

1890 2220 1999 2273 Aut
2028 2221 2296 2288 quomodo
2333 2218 2403 2271 ab
2436 2217 2500 2271 iis
2527 2216 2742 2271 discat?
2776 2214 2831 2269 Si
2872 2216 2993 2285 quis
3027 2226 3205 2268 autem
3253 2228 3461 2266 scruto-

1890 2327 2011 2367 nem
2058 2314 2124 2367 ad
2168 2318 2389 2366 sanctos
2412 2309 2634 2372 referat,
2668 2308 3125 2379 15850ntentite
3172 2305 3456 2358 utilitatem

1891 2405 2169 2473 percipiet.
2207 2402 2341 2457 Nam
2386 2404 2429 2457 si
2460 2404 2608 2471 quis,
2645 2414 2900 2471 tanquam
2948 2401 3051 2455 viis
3102 2398 3452 2468 quibusdam,

1889 2497 2089 2551 sanctis
2120 2497 2397 2566 prophetis
2422 2506 2658 2549 mentem
2694 2494 2950 2562 applicet,
2980 2508 3084 2547 non
3113 2493 3305 2547 leviter
3338 2491 3458 2546 illos

1887 2602 2236 2655 percurrens,
2260 2588 2353 2642 sed
2383 2597 2634 2641 accurate
2654 2586 2870 2639 illorum
2889 2584 3210 2639 sententiam
3234 2598 3454 2646 ernens,

1888 2680 2060 2734 discet
2092 2678 2234 2732 viam
2284 2681 2499 2742 bonam,
2540 2679 2640 2731 hoc
2688 2687 2793 2743 est,
2825 2677 3099 2731 Christum
3139 2676 3405 2730 dicentem
3438 2692 3452 2727 :

1895 2788 1912 2819 ι
1927 2769 2037 2839 Ego
2054 2785 2172 2824 sum
2196 2771 2281 2823 via
2303 2769 2368 2834 ³⁰,
2383 2788 2402 2821 r
2427 2786 2519 2838 per
2538 2770 2676 2823 hanc
2696 2769 3059 2830 tnutnlabitur,
3080 2767 3454 2821 remissionem

1888 2871 2237 2931 peccatorum
2268 2876 2631 2930 consequens.
2675 2860 2891 2914 Crcavit
2921 2859 3084 2929 igitur
3118 2875 3226 2920 tne,
3258 2859 3453 2926 inquit,

1888 2954 1990 3009 hoc
2031 2966 2136 3022 est,
2176 2958 2457 3009 constituit
2487 2968 2572 3007 me
2603 2952 2959 3022 principatum
3010 2960 3170 3019 atque
3201 2952 3452 3020 pietatem

1887 3046 2176 3101 habentem
2225 3062 2387 3116 super
2416 3046 2590 3115 legem
2626 3056 2679 3099 et
2724 3045 3037 3114 prophetas,
3089 3058 3193 3097 non
3242 3043 3453 3097 illorum

1887 3140 2030 3193 dicta
2069 3139 2245 3208 typica
2280 3139 2333 3192 in
2366 3139 2676 3192 universum
2706 3145 3054 3199 statuentem,
3087 3135 3179 3189 sed
3214 3136 3264 3187 in
3290 3150 3453 3204 opera

1887 3231 2057 3297 ipsius
2095 3230 2315 3283 meliora
2347 3229 2517 3299 legem
2573 3228 3009 3283 transferentem.
3043 3226 3194 3294 Quod
3225 3244 3349 3281 vero
3392 3229 3450 3281 il-

1885 3320 1997 3385 lud,
2050 3339 2068 3371 ι
2099 3320 2324 3385 creavit,
2361 3338 2379 3370 ι
2408 3334 2515 3372 non
2565 3319 2788 3372 omnino
2819 3317 3112 3373 essentiam
3161 3317 3452 3387 signiticet,

1884 3413 2093 3467 abunde
2130 3412 2263 3467 satis
2291 3422 2446 3467 antea
2479 3411 2683 3466 dictum
2710 3420 2812 3465 est.

2479 3584 2631 3639 Idem
2682 3583 2835 3638 aliter

1955 3742 1973 3774 ι
2008 3722 2267 3776 Dominus
2294 3721 2500 3777 creavit
2532 3735 2642 3787 me,
2678 3738 2697 3772 ι
2732 3719 2958 3789 perinde
2980 3729 3064 3775 est
3096 3734 3161 3775 ac
3190 3720 3233 3775 si
3264 3721 3407 3776 dicat
3433 3741 3448 3776 :

1884 3814 2044 3869 Pater
2087 3813 2219 3868 mihi
2256 3828 2457 3882 corpus
2503 3812 2807 3876 constituit,
2859 3819 2913 3865 et
2959 3812 3125 3866 veluti
3175 3812 3449 3866 hominem

1883 3922 1969 3959 me
2006 3906 2244 3969 creavit,
2279 3920 2376 3973 pro
2426 3904 2600 3960 salute
2642 3905 2943 3960 hominum.
2985 3903 3449 3971 Quemadmodum

1880 3998 2025 4051 enim
2075 4013 2198 4052 cum
2244 3996 2482 4052 Joannes
2525 3996 2697 4052 dicit:
2727 4015 2750 4047 ι
2781 3995 3016 4052 Verbum
3073 4011 3202 4051 caro
3250 3996 3448 4051 factum

1879 4099 1964 4145 est
1984 4090 2057 4155 ⁸¹;
2106 4108 2124 4139 ι
2194 4101 2251 4143 et
2298 4088 2499 4144 Paulus
2545 4089 2611 4143 de
2675 4088 2892 4144 Christo
2941 4106 2956 4144 :
3008 4108 3029 4140 ι
3069 4089 3220 4155 Quod
3277 4090 3451 4144 factus

1879 4191 1964 4235 est
2006 4195 2105 4250 pro
2162 4180 2317 4235 nobis
2366 4180 2673 4236 maledictio
2694 4182 2776 4245 ³¹;
2808 4200 2827 4232 r
2887 4190 2942 4235 et
2995 4196 3226 4236 rursus:
3261 4199 3280 4233 ι
3311 4182 3446 4237 Eum

1877 4272 1971 4340 qui
2022 4286 2130 4326 non
2180 4273 2333 4326 novit
2380 4281 2683 4341 peccatum,
2730 4287 2830 4341 pro
2873 4273 3026 4327 nobis
3056 4283 3336 4341 peccatum
3366 4273 3448 4327 {e-

1877 4363 2055 4429 cit”;
2086 4383 2107 4417 r
2145 4378 2319 4433 neque
2358 4364 2588 4419 Verbum
2642 4363 2698 4419 in
2750 4380 2971 4419 carnem
3024 4372 3287 4419 mutatum
3327 4380 3450 4420 esse

1880 4456 2193 4521 credimus,
2240 4471 2417 4526 neque
2463 4456 2736 4511 Christum
2790 4457 2964 4524 ipsam
3012 4456 3448 4514 maledictionem

1880 4557 1973 4602 aut
2002 4557 2276 4616 peccatum
2319 4560 2504 4601 revera
2537 4545 2735 4600 factum
2764 4544 2952 4609 fuisse,
3009 4546 3105 4600 sed
3135 4562 3257 4600 cum
3290 4562 3446 4600 sacra

194 4644 407 4713 γούσης
454 4644 552 4713 τῆς
599 4642 749 4706 θείας
801 4642 1048 4712 Γραφῆς,
1106 4641 1334 4712 νοοῦμεν
1385 4643 1643 4707 εὐσεϐῶς·
1679 4643 1771 4695 τὸν

1888 4636 2157 4706 Scriptura
2214 4637 2287 4690 ita
2339 4637 2610 4704 loquatur,
2670 4636 2754 4702 pie
2810 4635 3159 4705 intelligimus
3201 4653 3214 4690 :
3256 4637 3445 4691 eadem

193 4732 364 4790 αὑτὸν
386 4734 450 4805 δὴ
478 4734 697 4804 τρόπον,
727 4736 775 4785 εἰ
803 4730 950 4801 λέγοι
998 4734 1126 4803 περὶ
1156 4732 1348 4786 ἐαυτοῦ
1395 4731 1475 4797 τὸ,
1514 4733 1771 4788 ιἜκτισέ

196 4845 291 4899 με,
319 4847 337 4878 r
368 4829 397 4880 ό
416 4826 509 4879 τοῦ
527 4824 661 4878 Θεοῦ
684 4824 877 4892 Λόγος.
896 4824 1016 4877 ἀντὶ
1049 4824 1166 4888 τοῦ,
1189 4824 1506 4897 ’Ἄνθρωπον
1524 4825 1766 4896 ἐποίησε,

191 4916 438 4987 νοητέον,
470 4915 564 4969 καί⁵
596 4914 671 4988 μὴ
697 4914 839 4968 κατὰ
862 4916 963 4985 τῆς
988 4913 1176 4978 οὐσίας
1203 4914 1366 4967 αὐτοῦ
1396 4914 1455 4967 τὸ
1482 4916 1769 4987 εἰρημένον

190 5009 568 5082 ἐκδεχώμεθα.

394 5142 597 5207 AAAO,
632 5138 722 5194 ὅτι
750 5141 823 5194 οὐ
853 5140 1077 5208 κτίσμα
1108 5141 1141 5194 ό
1181 5139 1325 5205 Θεὸς
1352 5139 1560 5207 Λόγος.

265 5276 329 5327 El
366 5272 613 5344 γέννημά
656 5274 773 5325 ἐστι
815 5270 908 5324 τοῦ
943 5271 1156 5341 Πατρδς
1196 5273 1226 5324 ὁ
1268 5270 1361 5325 τοῦ
1404 5270 1540 5323 Θεοῦ
1574 5271 1764 5339 Λόγος,

185 5365 285 5417 καὶ
317 5363 459 5416 οὕτω
496 5363 741 5417 καλεῖται
768 5362 917 5433 παρὰ
939 5365 1004 5433 τῇ
1039 5362 1159 5434 θείᾳ
1188 5363 1399 5433 Γραφῇ,
1432 5360 1549 5424 πῶς
1580 5361 1647 5414 ἂν
1675 5363 1762 5432 είη

185 5458 286 5509 καὶ
334 5456 571 5526 κτίσμα;
619 5456 856 5526 Ἀνάγκη
891 5457 997 5526 γάρ
1044 5456 1202 5508 αὑτὸν
1247 5455 1395 5507 δυοῖν
1427 5452 1564 5507 εἶναι
1608 5454 1765 5507 θάτε-

188 5563 318 5616 ρον·
354 5547 386 5616 ἢ
414 5546 522 5616 γὰρ
554 5546 797 5617 γέννημα
836 5546 1118 5617 ὑπάρχων,
1146 5547 1206 5598 τὸ
1235 5542 1373 5599 εἶναι
1414 5546 1619 5615 κτίσμα
1647 5544 1763 5598 δια-

261 5728 310 5757 "
348 5726 512 5781 Exod.
550 5744 638 5782 xx.
686 5727 770 5780 M.
848 5727 892 5757 ’⁸
920 5726 1106 5781 Matth.
1138 5741 1192 5791 v,
1248 5725 1339 5779 9.8.

187 5798 392 5863 (11,15.
484 5798 528 5829 ³³
568 5797 605 5851 ιι
636 5796 763 5851 Cor.
806 5813 858 5860 ν,
888 5796 978 5850 21.

430 5890 699 5951 Parnm“
748 5891 862 5951 Gn.
912 5889 1133 5950 LXXV.

1450 5729 1493 5760 '9
1527 5724 1729 5784 Jerem.
1768 5742 1840 5792 vr,
1877 5725 1961 5780 l6.

1881 4730 2087 4782 ratione
2128 4729 2171 4781 si
2229 4728 2356 4782 dicit
2402 4730 2465 4781 de
2521 4729 2698 4795 seipso
2747 4727 2978 4781 Vctbum
3028 4730 3145 4793 Dei,
3180 4747 3199 4780 ι
3229 4727 3447 4783 Creatit

1880 4836 1987 4882 me,
2022 4840 2038 4870 ι
2076 4821 2147 4873 ita
2177 4820 2578 4889 intelligendum
2606 4829 2709 4879 cst,
2742 4817 3023 4873 Hominem
3060 4835 3145 4873 me
3164 4821 3311 4881 fecit,
3338 4836 3444 4873 non

1880 4926 2007 4963 vero
2034 4910 2101 4963 dc
2134 4911 2367 4964 essentia
2404 4910 2571 4977 ipsius
2603 4910 2805 4962 dictum
2849 4911 3309 4980 interpretandum
3338 4921 3443 4964 est.

1981 5132 2211 5196 ALIUD,
2251 5132 2389 5203 quod
2439 5130 2661 5185 Verbum
2694 5130 2788 5185 Dei
2818 5148 2921 5186 non
2963 5133 3030 5185 sit
3072 5142 3337 5187 creatura.

1947 5269 2002 5324 Si
2034 5268 2271 5323 Verbum
2324 5266 2416 5322 Dei
2462 5275 2544 5321 est
2571 5268 2817 5337 genimen
2864 5265 3061 5330 Patris,
3115 5276 3277 5335 atque
3309 5268 3380 5323 ita
3412 5285 3441 5322 a

1872 5363 2050 5416 divina
2083 5362 2361 5429 Scriptura
2397 5370 2642 5426 vocatur,
2675 5360 2942 5430 quomodo
2973 5359 3046 5414 sit
3074 5368 3129 5414 et
3155 5362 3444 5416 creatura!

1874 5452 2105 5508 Necesse
2135 5454 2279 5507 enim
2311 5462 2390 5507 est
2419 5453 2590 5522 ipsum
2622 5468 2654 5508 e
2676 5453 2884 5507 duobus
2916 5454 3000 5508 his
3036 5453 3262 5507 alterum
3295 5467 3438 5507 esse.

1873 5545 1979 5597 Aut
2023 5545 2190 5607 enim,
2231 5558 2351 5597 cum
2401 5545 2471 5599 sit
2512 5542 2724 5612 genitus
2757 5558 2785 5596 a
2821 5542 3003 5609 Patre,
3037 5553 3285 5597 creatura
3333 5557 3439 5597 non

2644 5725 2684 5755 ³⁸
2720 5723 2874 5780 Joan.
2920 5741 2957 5789 t,
2995 5720 3082 5776 M.
3186 5721 3230 5752 ³³
3261 5718 3436 5775 Galat.

2066 5726 2109 5757 ³⁰
2147 5724 2301 5779 «Ιιηιη.
2342 5739 2455 5789 XIV,
2480 5724 2537 5778 6.
