3882 6210
431 268 537 323 267

1433 270 1496 325 S.
1545 265 1825 322 CVRILLI
1870 264 2340 322 ALEXANDRINI
2379 265 2699 323 ARCHIEP.

3597 265 3701 320 ’Ξίὶό

429 390 536 443 erit
571 413 582 449 :
615 403 705 447 aut
746 393 787 446 si
821 405 957 460 opus
992 400 1047 445 et
1090 398 1339 445 creatura
1385 398 1489 454 est,
1518 388 1674 458 juxta
1707 404 1826 455 vos,
1859 390 2004 461 geni-

2118 390 2401 458 φεύξεται,
2432 392 2465 462 ἦ
2495 394 2707 462 ποίημα
2752 390 2846 444 καὶ
2880 389 3085 459 κτίσμα
3116 386 3238 441 καθ’
3280 385 3422 457 ὑμᾶς
3469 384 3568 451 ὢν,
3600 386 3697 439 οὐκ

435 497 524 542 tus
570 502 597 540 a
646 484 805 539 l’atre
859 498 966 537 non
1020 483 1143 537 erit.
1195 481 1364 538 Nemo
1410 483 1556 536 enim
1605 496 1839 550 unquam
1883 496 2004 552 aput

2125 485 2192 539 ἂν
2245 484 2331 555 εἴη
2393 484 2656 555 γέννημα.
2709 483 2897 546 Οὐδεὶς
2942 482 3050 553 γὰρ
3108 480 3325 534 πώποτε
3382 478 3443 531 τὸ
3500 478 3697 532 ἑαυτοῦ

432 593 588 633 snuni
631 575 880 645 geninten
908 584 963 631 et
1009 575 1179 628 lilium
1220 584 1397 629 vocat.
1430 572 1563 628 Cum
1607 588 1736 628 vero
1769 574 2004 644 genimer

2123 578 2338 649 ποίημα
2367 577 2614 647 γέννημα
2645 576 2739 629 καὶ
2769 574 2883 628 υἱὸν
2915 573 3195 628 ἀποκαλεῖ.
3244 570 3463 641 Ἐπειδὴ
3490 571 3548 624 δὲ
3577 570 3700 639 γέν-

430 671 527 735 sit,
561 668 731 724 Filius
757 683 888 739 ergo
915 678 970 723 et
1009 683 1114 723 non
1146 677 1398 723 creatura
1432 666 1764 722 censebitur.

732 778 962 841 ALIUD,
1000 780 1055 832 in
1095 778 1331 831 eamdem
1372 779 1707 833 sententiam.

501 891 670 948 Sacra
702 891 985 963 Scriptura
1026 903 1187 947 vocat
1218 892 1451 948 Verbum
1493 893 1608 957 Dei,
1644 893 2011 964 Unigenitum.

428 984 487 1039 Si
522 999 652 1056 ergo
699 983 802 1039 hoc
846 995 950 1051 est,
1000 987 1274 1055 quomodo
1306 986 1520 1039 censeri
1577 985 1749 1052 possit
1797 994 2013 1042 creatus

427 1092 553 1132 esse
601 1077 898 1133 secundum
945 1077 1236 1132 essentiam
1289 1076 1342 1129 in
1395 1078 1718 1146 principium
1762 1078 2011 1144 aliorum,

427 1183 567 1238 quos
601 1178 792 1223 auctor
826 1167 1247 1223 Proverbiornm
1279 1178 1436 1222 vocat
1462 1169 1614 1223 vias?
1644 1171 1775 1223 Nam
1816 1169 1860 1223 si
1890 1185 2011 1224 om-

428 1261 560 1316 nino
606 1260 729 1315 aliis
780 1270 1198 1324 annumeratur,
1247 1272 1409 1329 atque
1456 1261 1762 1331 aliquorqu
1812 1262 2013 1331 princi-

426 1355 576 1423 pium
608 1364 715 1420 est,
761 1363 911 1407 certe
942 1366 1067 1422 pars
1109 1352 1274 1407 totius
1306 1352 1550 1421 corporis
1588 1352 1769 1417 fuerit,
1802 1362 1858 1408 et
1904 1368 2010 1408 non

426 1445 533 1498 erit
566 1445 900 1512 unigenitus,
946 1459 1068 1498 cum
1108 1443 1307 1498 multos
1330 1453 1593 1514 prwterea
1632 1446 1828 1500 habeat
1875 1459 2010 1514 quo-

429 1550 551 1588 rum
585 1534 907 1605 principium
938 1543 1179 1589 creatum
1212 1548 1273 1587 se
1300 1549 1423 1589 esse
1453 1534 1605 1590 dicit.
1634 1535 1691 1590 Si
1719 1536 1861 1590 enim
1896 1536 2008 1606 pri-

426 1644 550 1683 mus
578 1629 807 1682 aliorum
838 1638 945 1693 est,
978 1642 1082 1682 non
1106 1627 1213 1681 erit
1245 1629 1450 1683 idcirco
1479 1629 1646 1684 solus.
1674 1627 2009 1699 Principium

425 1721 568 1775 enim
603 1719 851 1788 alicujus,
883 1719 1095 1773 tametsi
1137 1720 1201 1773 iis
1223 1733 1341 1787 qum
1370 1731 1490 1788 post
1515 1721 1689 1789 ipsum
1716 1729 1844 1775 sunt
1870 1730 2009 1774 tem-

428 1826 559 1881 pore
588 1810 740 1880 prius
776 1811 869 1875 sit,
930 1809 1091 1881 159
1119 1812 1223 1866 erit
1251 1821 1427 1865 tamen
1455 1827 1521 1866 ex
1544 1826 1730 1866 eorum
1759 1826 2007 1876 numero,

425 1900 589 1973 atque
621 1903 754 1957 adeo
786 1902 916 1971 ipsis
949 1913 1259 1974 cognatum.
1311 1904 1469 1972 Atqui
1501 1903 1691 1959 Iluan
1726 1904 1898 1959 factus
1925 1914 2012 1959 est

426 1995 755 2066 principium
784 1994 1018 2049 filiorum
1048 1994 1239 2062 Jacob,
1274 1998 1368 2051 sed
1403 2012 1508 2051 non
1533 1996 1735 2051 idcirco
1765 1998 2010 2065 unigeni-

426 2097 537 2151 tns,
577 2102 751 2157 neque
786 2086 853 2141 ab
903 2101 1091 2141 eorum
1132 2088 1225 2157 qui
1276 2087 1606 2157 posteriores
1649 2097 1826 2154 erant,
1877 2089 2008 2144 sub-

424 2180 628 2232 stantia
669 2178 899 2233 alienus.
930 2178 986 2233 Si
1021 2194 1151 2247 ergo
1183 2179 1414 2234 Verbum
1450 2180 1770 2249 principium
1794 2180 2007 2250 aliquo-

424 2282 545 2325 rum
591 2280 834 2325 creatum
887 2278 994 2332 est,
1044 2284 1219 2338 neque
1266 2270 1576 2340 unigenitus
1617 2270 1797 2335 fuerit,
1834 2285 2008 2340 neque

425 2363 639 2417 ratione
681 2372 885 2416 natura:
932 2364 999 2415 ab
1030 2362 1097 2416 iis
1143 2377 1373 2431 quorum
1430 2372 1513 2417 est
1557 2363 1878 2433 principium
1926 2364 2010 2418 di-

426 2468 640 2519 versus,
670 2464 833 2524 atque
865 2455 938 2508 ita
967 2455 1234 2509 creaturis
1264 2456 1731 2512 annumerabitur.
1769 2456 1835 2510 Et
1859 2472 2007 2510 men-

425 2549 593 2602 tietur
617 2548 836 2616 quidem
874 2546 1036 2601 Pater
1071 2545 1263 2600 Filium
1298 2548 1473 2617 ipsum
1504 2564 1734 2616 vocans;
1781 2551 2007 2605 mentie-

425 2648 517 2691 tur
570 2642 733 2692 etiam
788 2639 983 2692 lieatus
1032 2636 1271 2693 Joannes
1318 2639 1544 2693 dicens:
1582 2658 1599 2690 ι
1636 2640 1690 2693 In
1743 2642 2007 2710 principio

425 2741 547 2787 erat
580 2730 814 2786 Verbum
836 2730 907 2784 ³⁸.
962 2750 979 2783 ι
1015 2729 1295 2796 Quomodo
1340 2732 1484 2784 enim
1524 2742 1664 2796 erat,
1714 2734 1758 2787 si
1807 2734 2003 2788 factum

427 2823 553 2879 est?
592 2824 701 2876 Aut
729 2823 1000 2891 quomodo
1040 2821 1182 2875 Deus
1227 2830 1345 2875 erat
1374 2820 1632 2887 Verbum,
1683 2825 1726 2879 si
1762 2836 2004 2880 creatum

424 2914 548 2968 est?
580 2913 686 2967 Aut
712 2913 988 2982 quomodo
1018 2914 1089 2967 sit
1129 2913 1414 2976 Dominus,
1453 2914 1542 2981 qui
1575 2930 1676 2967 una
1708 2931 1829 2968 cum
1881 2917 2002 2970 aliis

424 3017 487 3062 ut
515 3022 704 3063 servus
747 3006 921 3061 {actus
953 3017 1039 3061 εει
1084 3014 1139 3059 ει
1190 3020 1316 3075 pars
1350 3007 1619 3063 universae
1676 3010 2006 3064 creationis?

426 3100 535 3154 Sed
580 3100 680 3153 ltoc
709 3098 1001 3152 absurdum
1043 3105 1146 3153 est.
1176 3095 1307 3151 lllud
1334 3098 1533 3168 itaque,
1577 3119 1595 3151 ι
1628 3102 1850 3162 crearit,
1882 3121 1900 3154 ι
1933 3103 1998 3157 ad
2031 3128 2082 3191 ο

425 3194 719 3248 essentiam
753 3190 1090 3246 referendum
1127 3204 1232 3243 non
1265 3203 1370 3245 εει.

1097 3283 1326 3339 ALIUD.

496 3399 577 3460 Si,
620 3413 714 3468 per
753 3413 869 3462 vos,
907 3397 1076 3454 Filius
1123 3402 1419 3455 secundum
1451 3401 1742 3457 essentiam
1786 3415 2005 3459 creatus

420 3499 528 3556 est,
562 3490 885 3560 principium
932 3490 1261 3559 reliquorum
1309 3493 1604 3559 exsistens,
1638 3504 1695 3547 ut
1741 3496 2001 3565 scriptum

420 3595 529 3652 est,
567 3584 839 3656 quomodo
886 3585 1143 3653 praeditus
1189 3593 1274 3637 est
1330 3583 1582 3639 facitItate
1625 3586 1870 3653 creandi,
1910 3596 2003 3639 aut

421 3677 696 3747 quomodo
729 3675 957 3730 aliorum
988 3685 1201 3729 creatur
1242 3675 1417 3729 factus
1441 3676 1564 3729 est?
1591 3674 1823 3731 Necesse
1858 3678 2001 3731 enim

425 3778 533 3833 est,
584 3774 643 3821 ut
691 3768 741 3822 id
791 3767 934 3836 quod
983 3766 1212 3835 alicujus
1244 3766 1569 3838 principium
1606 3778 1710 3834 est,
1760 3769 2001 3838 ejusdem

420 3859 741 3915 substantiae
787 3859 858 3913 sit
908 3874 1031 3912 cum
1081 3870 1192 3913 toto
1233 3859 1385 3928 cujus
1424 3860 1750 3930 principium
1794 3871 1895 3916 est.
1944 3862 2001 3916 Si

420 3964 553 4021 ergo
600 3948 792 4014 Filius,
850 3964 972 4003 etim
1022 3949 1093 4003 sit
1132 3961 1405 4015 creatura,
1442 3952 1661 4007 creandi
1694 3951 2001 4008 facultatem

418 4041 607 4105 habet,
653 4039 934 4094 habebunt
968 4039 1067 4092 hoc
1113 4048 1168 4094 et
1212 4041 1432 4109 reliquae
1472 4051 1757 4107 creaturae,
1789 4044 1998 4098 tametsi

418 4148 521 4202 per
547 4130 743 4185 Filium
778 4130 935 4185 facta:
973 4132 1104 4196 sint,
1152 4143 1209 4186 et
1252 4144 1441 4187 natura
1475 4135 1741 4190 creatrice
1767 4138 2003 4205 praaditzc

419 4233 601 4279 erunt.
649 4220 792 4276 Nihil
830 4223 1010 4291 itaque
1054 4223 1283 4290 amplius
1332 4225 1437 4279 erit
1484 4225 1538 4278 in
1585 4224 1696 4279 Deo
1748 4242 1911 4294 quain
1946 4227 1998 4280 in

420 4314 710 4371 creaturis.
754 4313 812 4368 Si
850 4328 980 4368 vero
1018 4330 1125 4368 non
1173 4325 1258 4368 est
1301 4315 1621 4386 principium
1672 4317 2001 4387 reliquarum

419 4417 819 4469 creaturarum,
852 4415 908 4458 ut
940 4415 1189 4460 creatura
1241 4408 1404 4461 etiam
1437 4410 1549 4477 ipse
1579 4426 1593 4462 :
1624 4407 1791 4464 Filius
1824 4411 2003 4480 itaque

420 4510 504 4553 est
531 4499 857 4569 unigenitus.

600 4610 836 4675 ALIUD,
877 4627 973 4681 per
1015 4612 1369 4666 reductionem
1407 4614 1477 4665 ad
1514 4615 1821 4669 absurdum.

495 4746 516 4780 ι
546 4727 805 4781 Dominus
828 4727 1037 4781 creavit
1062 4742 1149 4781 me
1178 4728 1503 4797 principium
1538 4730 1749 4782 viarum
1779 4744 1998 4783 suarum

419 4823 475 4877 in
506 4835 671 4892 opera
714 4820 905 4888 ipsius.
940 4837 959 4871 ι
1001 4819 1057 4874 Si
1099 4821 1220 4889 quis
1249 4822 1641 4877 contentiosius
1679 4822 1880 4876 dictum
1914 4823 1997 4875 iii-

420 4915 643 4982 quirere
688 4911 838 4974 velit,
884 4911 1155 4967 malitiose
1199 4912 1345 4968 dicet
1376 4931 1390 4968 :
1421 4913 1479 4969 Si
1523 4915 1733 4984 primus
1781 4926 2000 4970 creatus

418 5015 526 5069 est,
587 5002 872 5071 factusque
916 5012 1001 5057 est
1044 5002 1392 5074 principium,
1440 5015 1497 5059 ut
1542 5021 1640 5061 vos
1680 5008 2002 5076 opinamini,

418 5094 693 5164 quomodo
726 5092 778 5146 in
810 5106 975 5161 opera
1013 5094 1265 5147 creatur?
1308 5092 1422 5149 Non
1453 5096 1597 5149 enim
1628 5096 1764 5150 dixit
1792 5114 1805 5150 :
1839 5097 2005 5151 Crea-

418 5186 499 5239 vit
533 5200 618 5239 me
654 5184 934 5248 Dominus,
984 5198 1042 5239 tit
1078 5184 1270 5240 faciam
1315 5203 1479 5257 opera
1522 5188 1715 5257 ipsius,
1752 5191 1871 5253 sed,
1895 5207 1913 5241 ι
1947 5191 1997 5243 in

418 5291 583 5345 opera
611 5276 800 5346 ipsius.
834 5296 852 5328 ι
886 5274 1022 5331 Nam
1056 5278 1211 5346 quasi
1238 5280 1351 5348 jam
1383 5282 1695 5336 constitutis
1721 5283 1994 5351 operibus,

418 5379 659 5425 creatum
701 5386 760 5424 se
791 5370 921 5425 dicit
967 5371 1020 5424 in
1070 5386 1157 5427 ea.
1201 5370 1353 5438 Quod
1390 5374 1435 5428 si
1472 5374 1542 5428 ita
1577 5387 1683 5439 est,
1728 5377 1998 5445 quomodo

417 5461 598 5516 adhuc
644 5462 851 5531 primus
898 5474 1004 5529 est,
1037 5465 1308 5520 secundus
1354 5475 1475 5536 post
1509 5465 1596 5521 illa
1644 5465 1858 5522 factus?
1891 5468 1998 5521 Ant

418 5552 693 5621 quomodo
722 5553 791 5607 sit
825 5554 1149 5626 principium
1188 5555 1437 5622 aliorum,
1470 5558 1562 5626 qui
1590 5568 1791 5626 postea
1819 5560 1993 5614 factu:

490 5707 535 5739 ”
572 5706 727 5764 Joan.
761 5726 800 5779 i,
838 5714 889 5766 l.

2030 4483 2080 4542 D

2122 672 2272 741 νημά
2301 672 2469 734 ἐστιν,
2510 670 2633 733 Υἱὸς
2668 668 2775 739 ἄρα
2809 668 2904 721 καὶ
2932 667 2994 720 οὐ
3032 666 3246 736 ποίημα
3278 664 3624 735 νοηθήσεται.

2600 784 2797 849 ΑΛΛΟ,
2836 783 2926 847 εὶς
2954 780 3021 835 τὸ
3053 780 3222 834 αὑτό.

2191 896 2469 968 Μονογενῆ
2518 896 2607 949 τὸν
2653 895 2747 948 τοῦ
2799 894 2934 947 Θεοῦ
2984 893 3159 961 Λόγον
3199 893 3259 946 αἱ
3292 890 3432 944 θεῖαι
3472 888 3697 943 καλοῦσι

2119 991 2356 1064 Γραφαί.
2393 991 2456 1043 Ei
2484 989 2665 1042 τοίνυν
2694 986 2851 1041 τοῦτό
2893 987 3030 1053 ἐστι,
3068 984 3187 1047 πῶς
3225 983 3291 1037 ἂν
3318 983 3488 1035 νοοῖτο
3515 981 3689 1033 κτίσε-

2120 1083 2245 1139 σθαι
2279 1083 2400 1137 κατ’
2425 1081 2613 1135 οὐσίαν
2640 1081 2721 1144 είς
2750 1079 2956 1150 ἑτέρων
2985 1076 3160 1149 ἀρχὴν
3178 1117 3193 1141 ,
3226 1076 3293 1139 ἃς
3316 1074 3469 1137 ὁδοὺς
3500 1072 3689 1127 ἐκάλε-

2119 1194 2212 1231 σεν
2242 1178 2271 1230 ὁ
2301 1171 2751 1247 Παροιμιαστήςς
2786 1172 2849 1224 El.
2882 1169 2992 1243 γὰρ
3024 1169 3161 1232 ὅλως
3189 1167 3396 1239 ἑτέροις
3442 1164 3703 1219 συντέτα-

2116 1286 2245 1322 κται
2274 1265 2369 1321 καί
2400 1263 2563 1319 τινών
2592 1264 2740 1316 ἐστιν
2766 1259 2932 1334 ἁρχὴ,
2969 1260 3135 1332 μέρος
3163 1258 3229 1313 ἂν
3262 1259 3350 1328 εἴη
3380 1256 3471 1310 τοῦ
3494 1255 3699 1316 παντὸς

2118 1362 2391 1432 σώματος,
2434 1358 2528 1412 καὶ
2558 1357 2659 1410 οὐκ
2690 1355 2845 1409 ἔσται
2879 1355 3195 1425 μονογενὴς,
3236 1353 3266 1405 6
3294 1350 3521 1412 πολλοὺς
3556 1348 3700 1417 ἔχων

2114 1454 2241 1517 τοὺς
2280 1448 2502 1522 ἑφεξῆς,
2537 1441 2613 1503 ὧν
2643 1445 2977 1501 ἐαυτδν⁶καὶ
3018 1443 3192 1515 ἀρχὴν
3216 1440 3461 1496 ἐκτίσθαι
3503 1441 3693 1508 φησίν.

2115 1546 2179 1599 Ei
2225 1545 2331 1616 γὰρ
2382 1542 2477 1596 καὶ
2524 1539 2741 1612 πρῶτος
2768 1536 2994 1607 ἐκτίσθη
3041 1535 3150 1588 τῶν
3193 1534 3388 1598 ἄλλων,
3444 1531 3561 1587 ἀλλ’
3591 1532 3697 1584 οὐκ

2116 1634 2268 1688 ἔσται
2292 1631 2378 1686 διὰ
2414 1629 2573 1685 τοῦτο
2604 1630 2781 1699 μόνος.
2819 1627 2886 1679 Ἦ
2917 1625 3026 1696 γάρ
3062 1640 3203 1688 τινος
3229 1622 3393 1693 ἀρχὴ,
3424 1620 3528 1673 κᾶν
3554 1630 3696 1689 προ⁸

2114 1726 2312 1800 τερεύῃ
2340 1725 2447 1780 τῶν
2479 1722 2599 1795 μεθ’
2626 1720 2825 1792 ἑαυτὴν
2852 1718 2940 1772 διὰ
2966 1718 3059 1771 τὸν
3087 1716 3296 1787 χρόνον,
3335 1715 3488 1768 ἔσται
3529 1711 3699 1767 πάλιν

2113 1822 2294 1883 αὐτοῖς
2328 1815 2643 1888 ὲναρίθμιός
2686 1830 2747 1867 τε
2794 1812 2889 1866 καὶ
2919 1809 3207 1878 συγγενής.
3261 1807 3455 1874 Γέγονε
3504 1804 3635 1873 γοῦν
3667 1806 3699 1854 ὁ

2123 1910 2349 1981 Ῥουϐὶμ
2377 1908 2519 1981 ἀρχὴ
2546 1906 2752 1960 τέκνων
2791 1901 3010 1969 Ἰακὼϐ,
3044 1900 3159 1955 ἀλλ’
3186 1900 3249 1954 οὐ
3289 1898 3375 1951 διὰ
3412 1896 3572 1950 τοῦτο
3599 1914 3699 1967 μοι

2109 2003 2355 2075 νογενὴς,
2382 2001 2503 2056 οὐδὲ
2532 2000 2632 2071 τῆς
2664 1999 2772 2052 τῶν
2802 1995 2919 2068 μεθ’
2947 1995 3139 2048 ἑαυτὸν
3170 1993 3360 2054 οὐσίας
3387 1989 3693 2060 ἀλλότριος.

2108 2098 2173 2153 Ei
2217 2098 2397 2152 τοίνυν
2426 2094 2567 2167 ἀρχή
2610 2109 2772 2146 τινων
2807 2092 2837 2143 6
2869 2088 3041 2157 Λόγος
3087 2084 3335 2154 ἐκτίσθη.
3366 2082 3479 2135 οὔτ’
3506 2082 3573 2135 ἂν
3602 2083 3693 2150 εἰη

2112 2190 2424 2265 μονογενὴς,
2473 2185 2598 2241 οὒτε
2650 2185 2756 2256 μὴν
2801 2182 2940 2237 κατὰ
2988 2180 3083 2234 τὸν
3124 2180 3224 2250 τῆς
3268 2177 3484 2247 φύσεως
3532 2174 3695 2241 λόγον

2107 2285 2334 2340 ἐκείνων
2362 2278 2774 2349 ἀπεξενωμένος
2802 2270 2875 2330 ὧν
2906 2276 3055 2327 ἐστιν
3086 2271 3251 2343 ἀρχὴ,
3297 2269 3442 2323 οὕτω
3479 2286 3540 2322 τε
3579 2271 3696 2329 τοῖς

2107 2379 2371 2449 κτίσμασι
2403 2372 2853 2444 συνταχθήσεται.
2888 2369 3000 2424 Καὶ
3023 2366 3282 2438 ψεύσεται
3317 2364 3416 2435 μὲν
3441 2364 3471 2416 6
3500 2362 3695 2431 Πατὴρ

2108 2471 2237 2524 Υίὸν
2269 2468 2433 2523 αὐτὸν
2469 2464 2759 2521 ἀποκαλῶν
2780 2479 2794 2495 ⁸
2828 2461 3089 2532 ψεύσεται
3120 2457 3177 2511 δὲ
3218 2456 3312 2510 καὶ
3342 2457 3371 2508 6
3415 2453 3694 2525 μακάριος

2121 2563 2394 2633 Ἰωάννης,
2434 2558 2643 2629 λέγων’
2692 2576 2711 2609 ε
2766 2557 2854 2610 Ἐν
2892 2556 3035 2625 ἀρχῇ
3072 2547 3142 2623 ἦν
3170 2553 3216 2621 ¹ὁ
3250 2549 3443 2617 Λόγος.
3496 2566 3516 2598 ι
3565 2545 3694 2607 Πῶς

2108 2656 2215 2727 γὰρ
2246 2650 2335 2725 ἦν,
2367 2654 2414 2706 εί
2443 2651 2630 2720 γέγονε
2654 2667 2668 2715 ;
2705 2648 2831 2712 Πῶς
2858 2647 2915 2701 δὲ
2947 2646 3079 2709 Θεὸς
3104 2640 3173 2715 ἦν
3198 2645 3228 2696 6
3257 2643 3452 2710 Λόγος,
3492 2642 3543 2693 εί
3571 2640 3692 2691 κτί-

2108 2744 2291 2812 ζεταις
2331 2743 2453 2807 Πῶς
2489 2742 2533 2796 δ’
2560 2741 2626 2795 ἂν
2664 2742 2748 2811 εἴη
2781 2740 2874 2793 καὶ
2906 2738 3110 2803 Κύριος
3137 2736 3165 2787 ὁ
3198 2737 3334 2805 μετὰ
3365 2732 3476 2786 τῶν
3510 2730 3690 2785 ἄλλων

2105 2840 2181 2904 ὡς
2218 2838 2403 2901 δοῦλος
2448 2834 2839 2903 πεποιημένος,
2885 2832 2978 2885 καὶ
3031 2828 3199 2899 μέρος
3239 2825 3313 2879 ὣν
3360 2827 3459 2896 τῆς
3505 2824 3691 2889 πάσης

2106 2932 2373 2993 κτίσεως;
2422 2924 2581 2981 Ἀλλὰ
2623 2923 2781 2978 τοῦτο
2811 2924 3045 2978 ἄτοπον⁸
3076 2920 3137 2974 τὸ
3184 2938 3202 2971 ι
3245 2918 3459 2972 ἔκτισεν
3510 2935 3529 2967 ι
3578 2915 3691 2985 ἄρα

2107 3024 2251 3078 κατὰ
2280 3020 2381 3090 τῆς
2420 3020 2605 3083 οὐσίας
2634 3017 2694 3070 οὐ
2730 3016 2992 3069 κείσεται.

2792 3286 2994 3341 ΔΛΛΟ.

2181 3407 2242 3462 Ei
2269 3406 2387 3460 κατ’
2426 3402 2612 3458 οὐσίαν
2643 3400 2890 3471 ἐκτίσθη,
2946 3395 3068 3451 καθ’
3098 3396 3264 3466 ὑμᾶς,
3300 3394 3330 3445 6
3376 3392 3505 3452 Υἱὸς
3540 3390 3688 3460 ἀρχὴ

2104 3500 2216 3554 τῶν
2246 3497 2442 3567 ἐφεξῆς
2480 3495 2762 3566 ὑπάρχων,
2803 3492 2879 3554 ὼς
2928 3489 3261 3559 γέγραπται,
3306 3485 3424 3547 πῶς
3469 3483 3581 3553 ἔχει
3628 3483 3691 3533 τὺ

2105 3590 2365 3648 δύνασθαι
2404 3588 2779 3658 δημιουργεῖν,
2830 3584 2948 3647 πῶς
2997 3583 3054 3637 δὲ
3106 3580 3215 3634 τῶν
3262 3578 3439 3631 ἄλλων
3494 3576 3691 3643 γέγονε

2110 3685 2374 3756 ποιητής;
2434 3680 2671 3749 Ἀνάγκη
2707 3678 2815 3749 γὰρ
2858 3678 2959 3747 τήν
3005 3692 3149 3737 τινος
3194 3667 3691 3756 ὑπάρχουσανάρο

2108 3752 2359 3849 χὴν-τῆς
2392 3772 2561 3841 αὐτῆς
2594 3768 2783 3831 οὐσίας
2829 3762 2964 3819 εἶναι
2994 3764 3073 3833 τῷ
3103 3761 3285 3824 παντί,
3314 3752 3375 3811 οὗ
3410 3755 3511 3849 καὶ,
3539 3755 3694 3806 ἐστιν

2106 3847 2271 3940 ἆρχή.
2307 3864 2370 3918 Εἰ
2400 3862 2577 3917 τοίνυν
2606 3860 2813 3931 κτίσμα
2842 3858 2920 3912 ὢν
2946 3859 2973 3910 ὁ
3000 3854 3129 3917 Υἱὸς
3169 3852 3279 3922 ἔχει
3327 3850 3423 3903 καὶ
3456 3847 3694 3914 δύναμιν

2105 3958 2527 4032 δημιουργικὴν,
2572 3955 2685 4021 ’ἐξει
2722 3953 2881 4008 τοῦτο
2909 3952 3003 4005 καὶ
3029 3950 3099 4004 τὰ
3126 3947 3260 4002 ἄλλα
3290 3945 3589 4014 κτίσματα,
3637 3942 3693 3992 εἰ

2106 4053 2202 4107 καὶ
2229 4051 2420 4119 γέγονε
2448 4050 2514 4102 δι’
2546 4046 2699 4111 Υίοῦ,
2728 4046 2821 4100 καὶ
2846 4044 2987 4098 αὐτὰ
3016 4041 3178 4112 φύσιν
3205 4039 3398 4109 ἔχοντα
3417 4035 3691 4104 δημιουρ-

2106 4145 2291 4215 γικήν.
2327 4142 2492 4196 Οὐδὲν
2513 4138 2607 4194 οὖν
2634 4142 2692 4193 ὲν
2720 4137 2838 4208 Θεῷ
2857 4135 2920 4188 τὸ
2942 4133 3102 4188 πλέον
3131 4148 3205 4184 πα
3215 4130 3282 4201 ρὰ
3300 4129 3367 4182 τὰ
3384 4127 3691 4215 κτίσματα.

2107 4214 2239 4285 Ειδὲ
2260 4233 2361 4284 οὐκ
2385 4229 2531 4283 ἐστιν
2562 4228 2703 4299 ἀρχὴ
2730 4228 2836 4280 τῶν
2848 4224 3022 4279 ἄλλων
3048 4221 3363 4291 κτισμάτων
3383 4217 3459 4279 ὡς
3476 4214 3693 4282 ποίημα

2106 4326 2202 4379 καὶ
2234 4323 2396 4386 αὑτός
2416 4339 2430 4353 ο
2463 4322 2590 4385 Tib;
2620 4321 2728 4391 ἄρα
2760 4320 2854 4372 καὶ
2886 4315 3181 4387 μονογενής
3220 4313 3386 4364 ἐστιν.

2106 4615 2316 4680 ΑΛΛυ,
2364 4613 2431 4667 τὸ
2468 4611 2615 4667 αὐτὸ
2657 4610 2757 4665 διὰ
2798 4608 2909 4679 τῆς
2953 4610 3040 4674 εἰς
3073 4606 3299 4660 ἄτοπον
3338 4602 3695 4673 ἀπαγιιηῆς.

2184 4746 2203 4779 ι
2249 4725 2454 4797 Κύριος
2504 4725 2687 4779 ἔκτισε
2739 4741 2805 4795 με
2845 4722 3020 4795 ἀρχὴν
3067 4721 3203 4775 ὁδῶν
3232 4718 3395 4773 αὑτοῦ
3438 4721 3518 4781 εἰς
3552 4718 3699 4788 ἔργα

2106 4819 2296 4873 αὐτοῦ.
2346 4838 2364 4870 ι
2416 4818 2483 4872 Εἰ
2520 4834 2605 4880 τις
2638 4816 3072 4886 φιλονεικότερον
3111 4812 3387 4877 ἐξετάζειν
3432 4811 3700 4881 ἐθελήσαι

2103 4912 2165 4965 τὸ
2188 4911 2501 4982 είρημένον,
2536 4909 2894 4977 κακοτρόπως
2916 4910 3033 4977 ἐρεῖ
3052 4923 3064 4937 ·
3095 4906 3159 4960 Ei
3192 4906 3409 4972 πρῶτος
3436 4905 3696 4973 ἐκτίσθη,

2104 5003 2195 5056 καὶ
2226 5001 2370 5073 ἀρχὴ
2400 5001 2590 5070 γέγονε
2633 4998 2753 5053 καθ’
2797 5000 2961 5069 ὑμᾶς,
2999 4996 3118 5060 πῶς
3159 4998 3239 5060 εἰς
3283 4999 3351 5049 τὰ
3391 4995 3532 5064 ἔργα
3574 4996 3701 5048 κτί-

2104 5094 2294 5161 ζεται;
2344 5094 2419 5146 Οὐ
2469 5093 2577 5164 γὰρ
2628 5092 2880 5163 εῐρηκεν·
2934 5089 3156 5143 Ἔκτισέ
3204 5105 3272 5158 με
3328 5086 3555 5157 Κύριος,
3602 5088 3700 5140 ἵνα.

2107 5188 2319 5257 ποιήσω
2376 5183 2445 5239 τὰ
2493 5184 2629 5256 ἔργα
2678 5181 2864 5245 αὑτοῦ,
2911 5182 3026 5235 ἀλλ’
3061 5200 3078 5231 ι
3126 5182 3206 5243 εἰς
3258 5179 3395 5250 ἔργα
3440 5177 3629 5232 αὑτοῦ,
3671 5198 3694 5230 ι

2118 5279 2206 5342 Ὠς
2244 5278 2354 5348 γὰρ
2398 5277 2500 5348 ἤδη
2547 5274 2896 5329 συνεστώτων
2926 5274 3034 5327 τῶν
3076 5272 3274 5345 ἔργων,
3310 5270 3559 5325 ἐκτίσθαι
3588 5287 3700 5337 φη-

2108 5373 2193 5426 σὶν
2224 5374 2302 5436 εἰς
2339 5370 2497 5426 αὑτά.
2534 5370 2598 5423 Ei
2630 5368 2686 5421 δὲ
2734 5368 2911 5431 τοῦτο,
2942 5366 3062 5429 πῶς
3101 5366 3183 5417 ἔτι
3218 5363 3431 5434 πρῶτος
3474 5364 3621 5415 ἐστιν
3668 5364 3701 5415 ὁ

2108 5464 2226 5537 μετ’
2271 5465 2454 5519 ἐκεῖνα
2500 5461 2781 5534 δεύτερος;
2831 5459 2957 5523 Πῶς
3002 5459 3048 5512 δ’
3097 5458 3164 5513 ἂν
3218 5456 3305 5529 εἴη
3353 5456 3463 5509 τῶν
3511 5454 3701 5509 ἄλλων

2102 5559 2249 5631 ἀρχὴ
2275 5560 2303 5611 6
2336 5559 2421 5610 ἐπ’
2452 5556 2637 5619 αὐτοῖς
2685 5554 3088 5626 γεγενημὲιοςς
3134 5552 3259 5616 Πῶς
3298 5552 3355 5605 δὲ
3399 5550 3582 5604 πάντα
3618 5549 3701 5602 6:‘
