3882 6210
301 292 406 354 9.69

1666 290 2099 351 THESAURUS.

3412 284 3526 339 .270

308 417 471 472 αὐτοῦ
514 416 749 488 ἐγένετο,
789 419 838 472 εί
884 418 1046 481 αὐτὸς
1082 420 1197 488 μετ’
1238 418 1421 472 ἐκεῖνά
1469 418 1649 481 ἐστιν;
1690 417 1753 470 Ei
1802 416 1870 486 δὴ

1984 415 2093 469 est?
2119 416 2221 470 Aut
2249 413 2513 484 quomodo
2542 414 2650 467 sint
2676 415 2853 468 omnia
2887 428 2980 483 per
3011 413 3180 480 ipsum
3216 409 3373 469 facta.
3407 428 3526 465 cum

306 512 461 587 τοῦτο
506 514 647 565 νοεῖν
686 512 748 564 οὐ
797 510 973 581 θέμις,
1018 512 1079 564 τὺ
1112 530 1131 561 ι
1166 511 1378 564 ἔκτισεν
1431 529 1449 559 ι
1498 510 1558 562 ού
1588 509 1732 563 κατὰ
1768 508 1869 577 τῆς

302 604 490 667 οὐσίας
512 602 605 656 τοῦ
636 602 772 656 Θεοῦ
800 604 976 672 Λόγου
1003 602 1307 674 τεθήσεται,
1348 602 1463 656 ἀλλ’
1488 601 1724 665 εὐσεϐῶς
1755 618 1871 670 νοη-

306 691 529 763 θησεται
558 694 689 763 παρ’
709 692 891 762 ἡμῶν,
918 694 998 755 είς
1023 692 1114 745 τὸν
1135 694 1263 762 περὶ
1289 692 1387 762 τῆς
1413 690 1869 761 ὲνανθρωπήσεως

305 788 459 857 λόγον
487 790 880 861 ἀνατρέχοντος
906 789 1001 843 τοῦ
1035 790 1321 860 νοήματος.

988 905 1192 959 AAAU.

526 1016 624 1083 Ὠς
670 1015 740 1080 ἐξ
778 1015 1137 1083 ἀντιθέσεως
1167 1017 1285 1071 τῶν
1330 1016 1654 1085 αἱρετικῶν.

372 1128 595 1197 Κύριον,
621 1128 775 1197 φασὶ,
805 1127 897 1183 τὸν
916 1128 1136 1201 Πατέρα
1164 1130 1349 1184 καλεῖ·
1381 1129 1553 1195 οὕτως
1574 1126 1710 1185 οἶδεν
1740 1132 1868 1185 ἑαυ-

300 1215 395 1269 τὸν
431 1217 652 1286 κτιστῆς
697 1216 827 1269 ὅντα
876 1217 1111 1285 φύσεως.
1171 1220 1353 1272 Πάντα
1398 1220 1507 1291 γὰρ
1538 1220 1609 1274 τὰ
1643 1221 1866 1293 γενητὰ,

300 1302 463 1359 δοῦλα
490 1303 583 1359 τοῦ
616 1307 939 1369 ποιήσαντος
975 1306 1131 1360 Θεοῦ.

787 1420 940 1489 Πρὸς
970 1421 1145 1476 τοῦτο
1177 1426 1377 1491 λύσις.

385 1531 523 1586 Ἀλλ’
555 1532 742 1605 ῶσπερ
767 1534 988 1605 Κύριον,
1015 1537 1157 1592 οὕτω
1188 1542 1280 1593 καὶ¹
1314 1541 1533 1611 Πατέρα
1561 1541 1733 1594 καλεῖ.
1762 1542 1869 1595 Καὶ

301 1627 353 1679 εἰ
376 1626 441 1683 δι’
472 1629 650 1684 ἐκεῖνο
687 1628 871 1685 δοῦλον
900 1625 1041 1684 οἶδεν
1071 1633 1282 1698 ἑαυτὸν,
1318 1629 1456 1687 οἶδεν
1503 1632 1610 1703 ἄρα
1659 1632 1751 1685 καὶ
1780 1632 1871 1686 διὰ

300 1723 458 1776 τοῦτο
502 1722 648 1777 Υἱόν.
698 1724 763 1776 Εἰ
793 1724 851 1777 δὲ
881 1725 1026 1793 Υίὸς,
1071 1725 1133 1779 οὐ
1181 1724 1384 1795 κτίσμα
1430 1722 1523 1777 τοῦ
1570 1723 1868 1793 γεννῶντος

302 1811 526 1874 εἰκότως
554 1811 621 1865 ἂν
664 1810 893 1880 λέγοιτο,
925 1814 1041 1867 ἀλλ’
1071 1815 1136 1868 ὲκ
1174 1814 1271 1883 τῆς
1301 1812 1491 1877 οὐσίας
1534 1812 1697 1867 αὑτοῦ
1733 1830 1869 1883 προ-

302 1901 473 1956 ελθὼν
509 1903 868 1974 ὁμολογεῖται.
903 1905 1111 1960 Οὐκοῦν
1142 1905 1257 1958 ἐστι
1295 1905 1394 1975 μὲν
1433 1905 1561 1968 Υἱὸς
1592 1904 1734 1958 κατὰ
1772 1906 1869 1974 φύ-

301 2009 392 2047 σιν
414 2010 430 2025 ο
462 1994 550 2047 ὅτε
590 1993 646 2047 δὲ
675 1995 743 2047 δι’
774 1997 919 2067 ἡμᾶς
951 1996 1048 2067 τὴν
1077 1996 1171 2050 τοῦ
1204 1995 1390 2049 δούλου
1424 1996 1638 2068 μορφὴν
1673 1997 1869 2061 ὑποδὺς

302 2088 525 2155 γὲγονεν
556 2087 861 2159 ἄνθρωπος,
892 2090 1012 2144 τότε
1042 2090 1135 2144 καὶ
1166 2088 1370 2160 Κύριον
1400 2089 1491 2143 τὸν
1524 2089 1741 2160 Πατέρα
1775 2107 1871 2142 κα-

302 2179 407 2233 λεῖ.
454 2180 666 2250 Ὠσπερ
698 2180 801 2253 γὰρ
840 2181 965 2245 Υίὸς
992 2181 1068 2235 ὢν
1101 2181 1240 2236 κατὰ
1275 2180 1435 2249 φύσιν
1471 2181 1722 2253 ἀληθεύει
1756 2183 1869 2235 Πα-

302 2270 437 2342 τέρα
475 2270 655 2324 καλῶν
700 2272 794 2324 τὸν
838 2270 989 2335 Θεὸν,
1036 2271 1209 2334 οὕτως
1259 2271 1348 2324 ὅτε
1394 2269 1495 2341 τὴν
1544 2270 1638 2324 τοῦ
1686 2271 1870 2325 δούλου

302 2361 521 2433 μορφὴν
565 2362 856 2416 ἀναλαϐεῖν
884 2363 943 2415 οὐ
991 2364 1368 2435 παρῃτήσατο,
1413 2362 1731 2432 πρεπόντως
1781 2364 1874 2415 καὶ

303 2453 486 2516 καλῶς
536 2454 799 2508 ἀποκαλεῖ
844 2453 1047 2525 Κύριον
1084 2455 1173 2506 τὸν
1229 2454 1466 2524 Πατέρα.
1520 2453 1631 2507 Καὶ
1667 2454 1873 2523 ταύτην

299 2540 443 2596 οἶδεν
475 2543 633 2606 αὐτὸς
666 2544 763 2613 τὴν
785 2543 1067 2614 διαφορὰν,
1103 2543 1277 2612 λέγων
1297 2561 1308 2572 ·
1347 2562 1365 2595 ι
1418 2543 1873 2615 Ἐξομολογοῦμαί

302 2651 410 2700 σοι,
441 2635 638 2705 Πάτερ,
664 2634 833 2705 Κύριε
860 2635 954 2689 τοῦ
987 2636 1218 2707 ούρανοῦ
1253 2639 1345 2689 καὶ
1382 2637 1481 2706 τῆς
1513 2639 1635 2707 γῆς.
1672 2655 1688 2686 ι
1741 2637 1872 2689 Ἰδοὺ

303 2727 524 2798 Πατέρα
567 2727 665 2798 μὲν
711 2727 905 2781 ἑαυτοῦ
947 2745 1110 2799 φησιν
1153 2724 1292 2783 εἶναι
1342 2728 1434 2781 τὸν
1479 2728 1631 2793 Θεὸν,
1671 2728 1874 2798 Κύριον

301 2819 365 2872 δὲ
390 2820 497 2871 τῶν
518 2837 578 2873 τε
600 2820 656 2872 ὲν
676 2821 788 2882 τοῖς
813 2820 1060 2891 οὐρανοῖς
1083 2819 1303 2873 καὶτῶν
1330 2821 1421 2873 ἐπὶ
1448 2820 1546 2890 τῆς
1578 2820 1697 2889 γῆς.
1734 2819 1874 2872 Ἀλλ’

303 2913 466 2982 εἴπερ
503 2906 571 2981 ἦν
615 2911 707 2964 καὶ
740 2911 899 2975 αὐτὸς
928 2910 1116 2984 ῶσπερ
1162 2912 1345 2965 ἐκεῖνα
1393 2912 1642 2982 γενητὸς,
1683 2912 1781 2965 οὑκ
1808 2911 1874 2965 ἂν

303 3000 486 3072 ὲαυτῷ
531 3000 729 3073 κλῆρον
758 3001 947 3074 ῶσπερ
992 3002 1266 3073 ἐξαίρετον
1292 3003 1387 3075 τὴν
1423 3005 1515 3057 τοῦ
1552 3002 1683 3057 Υίοῦ
1722 3002 1874 3067 τάξιν

1973 506 2089 576 ipse
2133 507 2398 575 posterior
2434 506 2500 559 iis
2546 504 2718 559 lactus
2762 504 2870 558 sit?
2903 505 2957 559 Si
2992 518 3119 558 vero
3149 504 3248 557 hoc
3297 503 3530 571 rogitare

1972 599 2121 653 nefas
2167 608 2268 661 est,
2318 616 2335 647 ι
2378 599 2580 652 creavit
2622 617 2641 647 ι
2693 614 2797 652 non
2843 599 2910 653 de
2957 598 3190 651 essentia
3230 596 3388 651 Verbi
3438 596 3528 648 Dei

1970 691 2431 758 interpretandum
2471 699 2575 751 est,
2623 689 2716 744 sed
2746 689 2833 760 pie
2875 704 2904 741 a
2946 688 3104 742 nobis
3131 686 3527 756 explicandum,

1971 791 2134 850 atque
2169 780 2236 835 ad
2273 780 2657 835 incarnationis
2695 781 2957 835 rationem
2992 780 3352 833 referendum.

2633 892 2864 949 ALIUD.

2332 1006 2419 1060 Ea:
2456 1007 2740 1076 abjectione
2778 1008 3164 1062 haereticorum.

2042 1119 2348 1184 Dominmn,
2395 1120 2662 1189 inquiunt,
2709 1118 2918 1173 Patrem
2980 1119 3230 1188 appellat,
3276 1120 3527 1173 nimirum

1969 1224 2165 1267 creata:
2212 1227 2324 1266 sua:
2361 1220 2565 1265 natura:
2611 1210 2881 1265 conscius.
2924 1207 3118 1264 Omnia
3169 1212 3309 1265 enim
3347 1218 3526 1265 Creata

1968 1320 2121 1359 serva
2153 1310 2275 1359 sunt
2302 1304 2538 1359 creantis
2566 1304 2678 1358 Dei.

2373 1419 2532 1490 160
2554 1418 2757 1474 Salutio
2795 1404 3117 1490 objectionis.

2037 1533 2196 1603 Atqui
2228 1533 2368 1588 sicut
2397 1533 2702 1597 Dominum,
2736 1535 2807 1588 ita
2840 1544 2894 1589 et
2922 1535 3132 1589 Patrem
3179 1536 3429 1605 appellat.
3468 1537 3531 1590 Et

1967 1622 2011 1675 si
2048 1632 2266 1693 propter
2306 1624 2408 1677 hoc
2434 1637 2650 1679 servum
2684 1640 2743 1681 se
2782 1626 3047 1694 agnoscit,
3091 1628 3242 1681 novit
3283 1628 3441 1682 etiam
3474 1646 3532 1682 se

1970 1715 2162 1770 Filium
2201 1730 2342 1771 esse.
2375 1716 2431 1773 Si
2462 1726 2640 1773 autem
2672 1717 2856 1782 Filius,
2903 1733 3007 1774 non
3042 1734 3171 1788 ergo
3207 1732 3351 1775 recte
3376 1736 3531 1775 creat-

1974 1817 2089 1860 tura
2118 1805 2392 1861 Genitoris
2424 1806 2660 1871 dicatur,
2699 1808 2795 1863 sed
2825 1824 2889 1863 ex
2923 1812 3158 1865 essentia
3204 1811 3369 1879 ipsius
3405 1827 3527 1881 pro-

1971 1899 2220 1953 cessisse.
2257 1896 2353 1954 Est
2390 1899 2557 1968 igitur
2592 1899 2761 1955 Filius
2799 1903 3012 1969 quidem
3048 1905 3339 1957 secundum
3372 1916 3528 1958 natu-

1972 2003 2111 2042 ram.
2156 1987 2290 2043 Cum
2337 2005 2466 2045 vero
2516 2002 2735 2059 propter
2784 2008 2881 2046 nos
2917 1994 3083 2046 forma
3129 1995 3266 2048 servi
3312 2008 3529 2063 accepta

1972 2079 2146 2136 factus
2200 2091 2283 2135 est
2347 2081 2527 2144 homo,
2587 2092 2697 2135 tum
2746 2082 2960 2137 Patrem
3015 2082 3296 2137 Dominmn
3353 2098 3527 2141 vocat.

1972 2172 2431 2238 Quemadmodum
2474 2175 2617 2230 enim
2662 2191 2785 2230 cum
2835 2177 2907 2230 sit
2955 2187 3145 2231 natura
3180 2176 3364 2241 Filius,
3406 2195 3531 2233 vere

1973 2262 2185 2319 Patrem
2231 2277 2388 2320 vocat
2423 2267 2587 2322 Deum
2621 2285 2635 2321 :
2664 2269 2736 2321 ita
2771 2284 2894 2323 cum
2943 2272 3082 2324 servi
3121 2269 3349 2325 formam
3385 2273 3530 2325 acci-

1974 2368 2101 2423 pere
2131 2356 2447 2426 dedignatus
2483 2374 2584 2412 nou
2621 2370 2704 2414 est
2724 2362 2791 2424 ³⁸,
2832 2364 3211 2417 convenienter
3252 2363 3531 2418 Dominum

1973 2440 2189 2501 Patrem
2218 2458 2394 2503 vocat.
2420 2451 2593 2520 Atque
2625 2453 2765 2507 hanc
2794 2455 3012 2521 quidem
3039 2453 3393 2510 dili'erentiam
3422 2458 3534 2526 ipse

1975 2540 2239 2607 agnoscit,
2286 2540 2512 2595 dicens:
2549 2561 2565 2592 ι
2598 2541 2875 2597 Conﬁteor
2927 2545 3043 2608 tihi,
3096 2544 3275 2609 Pater,
3316 2548 3536 2601 Domine

1974 2626 2097 2679 caeli
2124 2637 2180 2680 et
2214 2640 2369 2682 terrae
2391 2629 2457 2682 ³⁸.
2490 2649 2508 2681 ι
2544 2631 2678 2686 Ecce
2708 2631 2921 2688 Patrem
2963 2634 3179 2703 quidem
3212 2636 3375 2690 Deum
3416 2650 3537 2692 esse

1974 2720 2234 2786 praedicat
2262 2737 2277 2774 :
2315 2722 2596 2777 Dominum
2620 2739 2749 2779 vero
2780 2726 3018 2780 omnium
3047 2741 3167 2795 qua:
3201 2727 3252 2781 in
3293 2728 3449 2783 (telis
3483 2743 3538 2783 et

1975 2825 2093 2878 quae
2126 2810 2180 2865 in
2216 2813 2377 2868 terris
2406 2823 2554 2869 sunt.
2585 2815 2872 2883 Caeterum,
2922 2818 2968 2872 si
3000 2821 3161 2874 etiam
3214 2821 3325 2889 ipse
3359 2831 3415 2875 ut
3449 2822 3538 2876 illa

1974 2912 2191 2958 creatus
2239 2914 2406 2971 esset,
2460 2922 2796 2977 nequaquam
2843 2909 3002 2965 veluti
3048 2913 3298 2967 eximiam
3343 2929 3536 2984 quam-

1975 2992 2099 3046 dam
2137 2995 2507 3052 haereditatem
2564 2998 2682 3054 Filii
2723 3001 2935 3056 titulum
2970 3003 3067 3057 sibi
3098 3016 3422 3073 arrOgasset,
3454 3021 3537 3060 re-

304 3092 561 3163 ἐτήρησε,
596 3093 770 3147 πάντα
797 3092 865 3145 τὰ
892 3092 1029 3148 ἄλλα
1054 3092 1132 3163 τῷ
1160 3093 1307 3165 ζυγῷ
1342 3094 1444 3164 τῆς
1470 3094 1713 3156 δουλείας
1744 3094 1871 3147 ὑπο-

1984 3083 2119 3153 liqua
2160 3087 2340 3141 omnia
2386 3090 2664 3145 servitutis
2699 3090 2833 3164 jugo
2859 3094 3167 3163 subjiciens.
3215 3097 3345 3150 Cum
3394 3100 3537 3151 enim

304 3182 446 3247 θείς.
485 3183 572 3235 Ἐν
608 3183 717 3254 γὰρ
758 3181 835 3253 τῷ
870 3183 1049 3253 λέγειν
1072 3200 1085 3212 ·
1119 3203 1137 3236 ι
1175 3184 1347 3254 Κύριε
1394 3184 1486 3237 τοῦ
1515 3182 1745 3254 ούρανοῦ
1784 3183 1871 3237 καὶ

1984 3173 2111 3228 dicit
2141 3192 2154 3228 :
2197 3195 2214 3227 ι
2245 3175 2467 3233 Domine
2505 3182 2627 3235 coeli
2675 3195 2731 3238 et
2762 3196 2939 3249 teme,
2974 3206 2992 3236 ι
3036 3187 3169 3241 nihil
3206 3204 3235 3241 ει
3281 3188 3540 3244 servitute

304 3274 410 3344 τῆς
453 3274 577 3345 γῆς,
637 3294 657 3326 ι
713 3275 866 3328 οὐδὲν
902 3276 1112 3347 ἀφῆκεν
1149 3275 1451 3347 ἐλεύθερον,
1508 3277 1559 3328 εἰ
1600 3276 1673 3346 μὴ
1720 3273 1878 3345 μόνον

306 3367 500 3421 ἑαυτὸν
532 3366 607 3431 ὡς
642 3367 766 3429 Υίὸς
800 3368 1019 3438 Πατέρα
1054 3367 1289 3432 καλέσας
1321 3369 1409 3421 τὸν
1439 3368 1589 3424 Θεόν.

994 3479 1197 3535 AAAO.

610 3591 707 3658 Ὠς
734 3591 804 3656 ἐξ
835 3591 1192 3658 ἀντιθέσεως
1223 3592 1341 3647 τῶν
1370 3595 1584 3650 αὐτῶν.

385 3704 606 3776 Κύριον,
642 3706 827 3774 φασὶν,
863 3703 1059 3757 ἑαυτοῦ
1109 3705 1199 3758 τὸν
1252 3707 1469 3778 Πατέρα
1518 3711 1689 3764 καλεῖ.
1743 3712 1877 3765 Ἀλλ’

308 3798 467 3867 εἴπερ
498 3794 565 3867 ἧν
596 3797 719 3859 Υἱὸς
750 3797 891 3849 κατὰ
924 3796 1107 3866 φύσιν,
1137 3798 1237 3851 οὐκ
1276 3800 1342 3851 ἂν
1374 3796 1493 3852 εἶπε
1524 3802 1745 3872 Κύριον.

803 3995 959 4065 Πρὸς
986 3997 1159 4053 τοῦτο
1184 4001 1384 4065 λύσις.

384 4108 509 4172 Πῶς
538 4126 629 4162 ουν
658 4111 816 4179 ἡμεῖς
837 4109 1009 4165 δοῦλοι
1042 4113 1185 4167 κατὰ
1216 4114 1377 4182 φύσιν
1404 4118 1555 4182 ὄντες
1580 4118 1878 4191 (ἄνθρωποι

1979 3265 2188 3331 eximit,
2228 3279 2421 3339 praeter
2449 3286 2508 3325 se
2540 3273 2817 3340 nimirum,
2842 3288 2899 3331 ut
2933 3277 3100 3333 Filius
3125 3278 3337 3336 Patrem
3374 3282 3537 3337 Deum

1980 3372 2198 3413 vocans.

2647 3479 2874 3538 ALIUD.

2380 3594 2464 3649 Ea:
2499 3597 2784 3664 objectione
2815 3605 3135 3657 earumdem.

2050 3704 2357 3773 Dominum,
2405 3709 2673 3777 inquiunt,
2707 3710 2918 3766 Patrem
2966 3729 3120 3769 suum
3158 3730 3330 3773 vocat.
3378 3724 3538 3790 Atqui

1980 3796 2023 3850 si
2054 3806 2174 3851 erat
2201 3797 2367 3852 Filius
2403 3801 2694 3854 secundum
2733 3812 3001 3869 naturam,
3035 3822 3138 3861 non
3169 3809 3393 3865 dixisset
3432 3811 3539 3867 Do-

1980 3903 2203 3944 mutum.

2470 4008 2676 4061 Salutio
2726 4011 3046 4081 objectionis.

2050 4116 2331 4183 Quomodo
2373 4120 2535 4189 igitur
2586 4138 2722 4188 nos,
2774 4140 2897 4180 cum
2943 4129 3112 4183 simus
3166 4141 3352 4185 natura
3400 4137 3540 4189 servi

310 4204 467 4272 γὰρ).
521 4203 738 4274 Πατέρα
786 4204 1059 4275 καλοῦμεν
1107 4207 1199 4260 τὸν
1243 4208 1410 4280 Θεόν;
1461 4212 1522 4264 Εἰ
1554 4213 1661 4282 γὰρ
1697 4214 1783 4267 διὰ
1819 4208 1871 4267 τὸ

1984 4205 2249 4277 (homines
2279 4213 2423 4267 enim
2459 4218 2693 4282 smnus),
2723 4216 2934 4274 Patrem
2968 4222 3131 4277 Deum
3158 4227 3453 4281 vocamus?
3484 4229 3544 4284 Si

310 4296 488 4347 εἰπεῖν
516 4294 675 4347 αὐτὸν
705 4295 928 4364 Κύριον,
958 4296 1058 4349 οὐκ
1089 4296 1242 4350 ἔσται
1272 4300 1536 4370 γέννημα,
1567 4302 1687 4355 καθ’
1712 4298 1871 4374 ὑμᾶς,

1984 4302 2147 4366 enim,
2176 4304 2302 4372 quia
2336 4301 2615 4362 Dominum
2640 4309 2813 4378 ipsum
2846 4323 3023 4378 vocat,
3057 4316 3178 4369 ideo
3203 4334 3303 4372 non
3331 4321 3455 4386 erit,
3488 4336 3544 4379 ut

310 4388 343 4440 ὁ
374 4386 519 4451 Υἱὸς,
566 4386 687 4439 οὐδὲ
728 4385 890 4457 ἡμεῖς
922 4387 1155 4456 ἐσόμεθα
1188 4391 1327 4443 κατὰ
1368 4393 1527 4460 φύσιν
1575 4395 1871 4465 ποιήματα,

1984 4408 2077 4449 vos
2124 4395 2443 4464 opinamini,
2481 4402 2693 4468 genitus
2747 4418 2812 4457 ex
2870 4403 3030 4460 Patre
3064 4407 3277 4463 Filius:
3329 4429 3397 4467 ne
3446 4432 3543 4469 nos

314 4480 534 4548 Πατέρα
558 4475 847 4543 καλοῦντες
878 4478 968 4533 τὸν
1001 4483 1252 4552 ποιητήν.
1292 4483 1355 4537 Ei
1383 4484 1440 4537 δὲ
1468 4479 1612 4555 ἡμᾶς
1643 4488 1740 4539 οὐκ
1772 4488 1871 4551 ἔξω

1984 4485 2198 4553 quidem
2248 4487 2449 4543 erimus
2498 4493 2788 4546 secundum
2838 4507 3083 4551 naturam
3127 4513 3411 4571 creaturae,
3435 4506 3543 4561 Pa-

310 4570 407 4624 τοῦ
436 4570 761 4642 πεποιῆσθαι
792 4569 1004 4643 τίθησιν
1031 4573 1064 4642 ή
1087 4573 1244 4643 χάρις
1273 4574 1638 4645 ἐπιτρέπουσα
1664 4578 1871 4649 Πατέρα

1985 4583 2120 4631 trem
2178 4587 2429 4634 vocantes
2492 4595 2809 4638 creatorem.
2876 4588 3331 4654 Quemadmodum
3399 4569 3541 4653 enim

314 4661 499 4714 καλεῖν
536 4662 627 4715 τὸν
658 4662 951 4731 Δεσπότην,
982 4663 1103 4716 οὐδὲ
1148 4667 1178 4717 ὁ
1222 4663 1347 4728 Tib;
1383 4668 1741 4721 ἁποπεσεῖται
1783 4666 1871 4721 τοῦ

1984 4669 2154 4736 gratia
2186 4684 2304 4738 quae
2332 4668 2485 4725 nobis
2528 4687 2783 4728 concessa
2826 4688 2927 4742 est,
2962 4690 3019 4732 ut
3048 4695 3297 4739 vocenms
3329 4685 3540 4743 Patrem

316 4748 454 4806 :ivat
480 4753 621 4807 κατὰ
649 4752 809 4822 φύσιν
826 4753 972 4818 Υίὸς,
1000 4754 1091 4809 διὰ
1120 4754 1219 4827 τὴν
1250 4757 1437 4828 χρείαν
1463 4760 1557 4811 καὶ
1582 4759 1644 4811 τὸ
1670 4759 1871 4830 πρέπον

1984 4771 2105 4811 eum
2141 4758 2232 4827 qui
2266 4769 2449 4814 noster
2475 4769 2558 4815 est
2591 4761 2879 4831 Dominus,
2911 4784 3015 4823 non
3060 4769 3216 4826 eiiicit
3245 4785 3301 4828 ut
3335 4792 3438 4831 non
3466 4780 3541 4831 si-

311 4848 380 4917 τῇ
409 4844 529 4898 καθ’
561 4846 709 4917 ἡμᾶς
747 4846 1028 4919 οἰκονομίᾳ
1068 4845 1272 4918 Κύριον
1308 4849 1598 4903 ἀποκαλῶν
1639 4847 1729 4904 τὸν
1760 4868 1871 4919 γεν-

1987 4863 2104 4903 mus
2126 4861 2397 4919 creatura,
2427 4852 2497 4907 ita
2540 4864 2593 4909 et
2627 4853 2795 4910 Filius
2818 4872 2922 4913 non
2955 4861 3164 4919 desinet
3191 4881 3311 4921 esse
3346 4879 3542 4925 natura
3645 4860 3656 4872 ’

309 4939 572 5008 νήσαντα.
616 4936 958 5009 Ἐπεδήμησε
985 4937 1095 5010 γὰρ
1126 4938 1155 4990 ὁ
1181 4937 1275 4993 τοῦ
1299 4938 1434 4993 Θεοῦ
1467 4940 1658 5009 Λόγος,
1688 4941 1777 4995 ἵνα
1803 4944 1871 5005 εἰς

1984 4939 2172 5005 Filius,
2210 4942 2423 4999 etiamsi
2463 4956 2709 5014 respectu
2742 4949 3128 5010 incarnationis
3159 4961 3541 5018 convenienter

310 5028 503 5083 ἑαυτὸν
524 5029 809 5084 ἀναλαϐὼν
831 5030 900 5084 τὰ
927 5029 1259 5103 ἀνθρώπινα,
1288 5032 1355 5086 τὰ
1388 5032 1581 5085 ἑαυτοῦ
1626 5036 1691 5104 τῇ
1725 5032 1871 5102 φύσει

1984 5030 2195 5087 Patrem
2244 5050 2401 5090 suum
2453 5046 2609 5093 vocet
2656 5041 2958 5098 Dominum.
3005 5046 3347 5105 lncarnatum
3394 5054 3539 5107 enim

308 5120 621 5191 χαρίσηται.
658 5121 768 5175 Καὶ
811 5121 969 5174 τοῦτο
1000 5122 1233 5176 δεικνύει
1265 5123 1437 5191 λέγων
1459 5140 1473 5154 ο
1509 5143 1528 5175 ι
1572 5125 1871 5197 Πορεύομαι

1984 5131 2063 5179 est
2093 5119 2323 5180 Verbum
2352 5124 2470 5194 Dei,
2502 5139 2559 5187 ut
2581 5134 2871 5203 assumptis
2903 5138 2956 5190 in
2986 5152 3045 5192 se
3073 5139 3323 5197 humana.-
3366 5148 3546 5201 carnis

309 5211 450 5280 πρὸς
491 5214 582 5264 τὸν
608 5211 827 5282 Πατέρα
868 5229 970 5282 μου
1016 5215 1109 5266 καὶ
1142 5213 1359 5283 Πατέρα
1411 5213 1583 5284 ὑμῶν,
1623 5215 1718 5269 καὶ
1748 5216 1871 5269 Θεόι

1986 5217 2424 5285 proprietatibus,
2468 5236 2597 5277 suas
2640 5226 2994 5294 proprietates
3036 5241 3241 5289 naturae
3299 5237 3545 5293 humanae

314 5318 420 5372 μου
450 5303 545 5356 καὶ
576 5303 707 5356 Θεὸν
736 5304 910 5374 ὑμῶν.
949 5323 968 5356 ι
1005 5304 1197 5358 Δίδωσι
1231 5305 1330 5375 μὲν
1361 5307 1468 5377 γὰρ
1497 5309 1562 5377 τῇ
1591 5306 1871 5377 ἀνθρώπου

1987 5305 2274 5399 largiretur
2321 5322 2480 5379 atque
2506 5316 2947 5373 communicaret.
2984 5319 3136 5387 Quod
3178 5326 3394 5393 quidem
3431 5328 3545 5399 ipse

311 5393 474 5461 φύσει
499 5393 560 5447 τὸ
583 5394 799 5458 ἑαυτοῦ,
826 5394 1044 5467 Πατέρα
1078 5396 1261 5450 καλεῖν
1291 5398 1600 5467 ἐπιτρέπων
1630 5399 1764 5469 αὐτῇ
1789 5399 1871 5452 τὸν

1984 5397 2239 5461 ostendit,
2271 5399 2456 5454 dicens
2499 5420 2511 5453 :
2549 5420 2567 5450 ο
2600 5403 2748 5461 Vado
2789 5408 2856 5462 ad
2902 5409 3114 5465 Patrem
3156 5429 3330 5468 incum
3357 5427 3411 5471 et
3440 5393 3544 5471 Pa—

307 5485 464 5539 Θοόν.
507 5486 898 5556 ’Δναλαμϐάνει
938 5487 995 5540 δὲ
1036 5486 1199 5552 αὐτὸς
1223 5489 1291 5542 τὰ
1325 5492 1423 5559 τῆς
1464 5487 1871 5561 ἁνθρωπότητος

1987 5497 2121 5544 trem
2186 5502 2456 5558 vestrum,
2530 5505 2584 5550 et
2641 5497 2803 5554 Deum
2881 5518 3058 5557 meum
3117 5516 3172 5559 et
3231 5506 3396 5561 Demn
3458 5525 3549 5564 ve-

314 5575 444 5642 ῖδια,
489 5576 620 5629 Θεὸν
672 5577 865 5631 ἑαυτοῦ
904 5577 996 5631 τὸν
1040 5578 1255 5649 Πατέρα
1294 5578 1493 5635 καλῶν.
1569 5580 1706 5632 Ἀλλ’
1754 5580 1871 5634 οὔτε

1985 5593 2153 5636 strmn
2182 5583 2243 5637 ³⁷.
2284 5602 2302 5635 ι
2360 5584 2610 5658 Largitur
2663 5592 2805 5647 enim
2850 5594 3098 5651 humanae
3150 5609 3355 5654 natura:
3402 5605 3544 5670 quod
3582 5604 3594 5635 ⁸

386 5734 432 5765 ³³
459 5732 689 5806 Philipp.
721 5751 782 5801 ιι,
814 5736 867 5802 6,
904 5736 955 5790 7.
1032 5736 1076 5767 ³⁸
1108 5735 1292 5791 Matth.
1331 5752 1404 5800 xl,
1432 5736 1519 5790 9.5.
1599 5736 1639 5767 ³⁷
1680 5735 1832 5791 Joan.
1870 5753 1957 5804 xx,
1993 5736 2073 5790 l'i.
