3882 6210
262 353 378 409 213
1658 352 2032 413 THESAURU
2045 357 2102 412 S.
3407 352 3512 407 2η

268 470 360 523 διὰ
387 469 483 538 τῆς
508 467 731 539 σαρκὸς,
776 469 806 520 6
843 466 975 531 Θεὸς
1013 468 1104 520 τὸν
1142 467 1338 521 ἑαυτοῦ
1389 468 1517 521 Υίὸν
1542 469 1764 539 πέμψας
1791 472 1849 522 ἐν
1880 510 1887 528 λ

2002 471 2148 524 ilium
2193 486 2346 525 suum
2378 470 2603 527 mittens
2641 471 2691 524 in
2728 468 3139 525 similitudinem
3178 468 3359 522 carnis
3400 484 3527 537 per-

271 559 579 630 ὁμοιώματι
603 557 803 629 σαρκὸς
826 558 1120 630 ἁμαρτίας,
1138 560 1233 610 καὶ
1263 559 1392 629 περὶ
1420 558 1693 629 ἁμαρτίας
1722 575 1853 611 κατ-

1998 563 2083 623 ali.
2126 563 2193 616 de
2238 570 2459 630 peccato
2505 561 2780 615 damnavit
2821 570 3102 632 peccatum
3151 560 3203 613 in
3248 574 3431 625 carne,
3474 572 3531 612 ut

273 652 456 721 ἐκρινε
501 650 601 721 τὴν
633 650 910 721 ἁμαρτίαν
956 652 1013 703 ὲν
1051 653 1118 720 τῇ
1154 651 1337 720 σαρκὶ,
1375 650 1464 703 ἵνα
1494 651 1555 703 τὸ
1578 650 1855 720 δικαίωμα

1998 653 2267 709 Istiﬁcatio
2295 655 2425 722 legis
2454 653 2767 720 impleretur
2793 654 2845 706 in
2877 652 3049 715 nobis,
3075 652 3163 720 qui
3194 667 3297 704 non
3328 666 3527 705 secum

272 743 368 794 τοῦ
407 743 574 811 νόμου
623 742 886 814 πληρωθῇ
944 744 1003 795 ὲν
1051 744 1207 813 ἡμῖν,
1236 744 1351 805 τοῖς
1394 741 1636 813 μὴκατὰ
1675 742 1855 812 σάρκα

1998 763 2080 798 um
2105 762 2321 799 carnem
2347 745 2703 804 ambulamus,
2723 746 2817 798 sed
2837 744 3129 798 secundum
3152 742 3397 811 spiritum
3412 741 3477 793 ⁵³.
3508 760 3524 790 ι

276 832 693 903 περιπατοῦσιν,
744 833 882 887 ἀλλὰ
947 833 1092 887 κατὰ
1146 832 1425 904 πνεῦμα.»
1497 833 1607 886 Καὶ
1655 834 1853 887 πάλιν·

1998 847 2024 890 t
2052 836 2246 890 alicubi
2285 855 2297 889 :
2337 856 2355 887 ι
2396 834 2514 889 Non
2543 835 2685 887 enim
2717 834 2861 888 misit
2893 834 3034 888 Deus
3064 831 3258 885 Filium
3290 836 3341 885 in
3377 848 3531 885 mun-

283 943 302 973 ι
339 924 415 977 Οὐ
468 925 578 994 γὰρ
619 924 938 978 ἀπέστειλεν
974 927 1005 977 6
1047 924 1177 987 Θεὸς
1209 925 1300 977 τὸν
1338 924 1464 978 Υἰὸν
1496 926 1575 988 εἰς
1623 924 1717 977 τδν
1764 925 1858 977 κό-

1998 944 2115 992 um,
2152 938 2210 980 ut
2239 927 2445 994 judicet
2484 926 2773 990 mundum,
2810 926 2903 979 sed
2940 934 2998 979 ut
3035 924 3263 978 mundus
3295 922 3531 977 salvetur

280 1030 439 1083 σμον,
472 1015 559 1067 ἵνα
583 1016 744 1086 κρίνῃ
768 1016 861 1069 τὸν
903 1016 1131 1086 κόσμον,
1158 1016 1272 1069 ἀλλ’
1301 1016 1389 1069 ἵνα
1424 1016 1569 1087 σωθῇ
1595 1016 1623 1068 6
1650 1015 1857 1086 κόσμος

1998 1036 2054 1073 cr
2090 1021 2299 1074 eum".
2352 1038 2370 1071 ι
2414 1016 2652 1073 Rursum
2694 1017 2951 1072 Servator
3010 1018 3077 1070 de
3129 1016 3309 1086 seipso
3348 1033 3362 1069 :
3410 1032 3428 1065 ι
3474 1014 3532 1067 In

275 1106 347 1159 δι’
382 1106 569 1160 αὑτοῦ.
607 1127 626 1159 ι
671 1109 783 1162 Καὶ
813 1109 977 1163 πάλιν
1011 1111 1039 1162 6
1070 1108 1259 1180 Σωτὴρ
1292 1109 1419 1179 περὶ
1444 1108 1672 1162 ἑαυτοῦο
1710 1127 1729 1158 ι
1766 1109 1860 1171 Είς

2002 1113 2218 1166 ndicium
2254 1126 2352 1175 ego
2385 1114 2436 1166 in
2470 1112 2615 1165 hunc
2646 1111 2905 1165 mundum
2932 1110 3073 1169 veni,
3104 1118 3162 1161 ut
3192 1109 3281 1176 qui
3317 1123 3420 1161 non
3448 1108 3531 1159 vi—

280 1201 467 1269 κρίσιν
487 1198 598 1266 ἐγὼ
622 1201 700 1264 εἰς
718 1199 810 1253 τὸν
829 1201 1034 1270 κόσμον
1055 1200 1245 1254 τοῦτον
1260 1196 1445 1272 ἦλθον,
1475 1201 1561 1253 ίνα
1578 1202 1628 1253 οἰ
1653 1200 1728 1271 μὴ
1750 1200 1861 1270 βλέ-

1998 1210 2109 1266 ent,
2136 1203 2368 1265 videant,
2397 1211 2450 1254 et
2476 1202 2565 1268 qui
2594 1200 2801 1265 vident,
2831 1200 2956 1252 αροὶ
2991 1198 3122 1252 ﬁant
3143 1199 3241 1251 ".t
3272 1198 3405 1251 Cum
3432 1196 3531 1265 igi-

282 1307 478 1355 ποντες
511 1292 773 1362 βλέπωσι,
803 1294 899 1346 καὶ⁸
924 1293 976 1346 οἰ
1005 1292 1292 1361 βλέποντες
1318 1292 1509 1361 τυφλοὶ
1533 1292 1820 1360 γένωνται.
1837 1309 1855 1343 ι

1998 1309 2052 1346 ur
2080 1293 2253 1346 factus
2282 1302 2363 1345 est
2396 1293 2577 1354 homo,
2610 1299 2667 1344 ut
2697 1291 2811 1345 haec
2841 1305 3003 1360 opera
3035 1288 3271 1358 impleat,
3301 1296 3355 1340 et
3385 1288 3559 1354 prino‘

285 1381 418 1435 Ὅτε
451 1382 632 1436 τοίνυν
667 1383 892 1452 γέγονεν
932 1383 1218 1454 ἄνθρωπος
1264 1384 1352 1437 ἶνα
1398 1384 1571 1436 ταῦτα
1596 1383 1860 1455 πληρώσῃ

1998 1384 2161 1454 ipium
2200 1385 2293 1437 ﬁat
2327 1382 2634 1452 [injusmodi
2668 1383 2874 1436 viarum
2895 1422 2909 1447 ,
2944 1382 3138 1435 merito
3169 1380 3234 1433 de
3266 1394 3325 1433 se
3358 1377 3487 1432 dicit
3519 1394 3531 1428 :

278 1473 353 1527 τὰ
397 1473 557 1544 ἔργα,
584 1476 681 1529 καὶ
717 1476 860 1547 ἀρχὴ
890 1476 1116 1546 γένηται
1148 1476 1257 1528 τῶν
1285 1475 1540 1528 τοιούτων
1584 1476 1719 1528 ὁδῶν
1741 1514 1756 1537 ,
1787 1477 1867 1527 εἰ·

2045 1477 2300 1529 Domiuus
2339 1475 2544 1529 creavit
2582 1489 2666 1528 me
2708 1473 3033 1542 principium
3067 1471 3277 1524 viarum
3316 1484 3535 1522 suarum

284 1565 460 1628 κότως
514 1566 580 1620 ἂν
623 1566 771 1635 λέγοι
828 1568 955 1639 περ)⁸
999 1566 1194 1620 ἑαυτοῦ
1220 1583 1234 1597 ·
1271 1566 1549 1637 αιςύριος,
1578 1566 1761 1619 ἐκτισέ
1795 1582 1863 1635 με

1998 1589 2017 1621 ιι
2060 1584 2223 1637 opera
2270 1569 2459 1637 ipsius.
2504 1587 2521 1618 ι
2564 1566 2747 1636 Neque
2784 1565 2928 1621 enim
2969 1565 3044 1619 ita
3082 1572 3299 1618 creatus
3339 1570 3444 1624 est,
3482 1570 3539 1611 ut

281 1658 463 1728 ἀρχὴν
509 1657 644 1710 ὁδῶν
681 1658 846 1712 αὐτοῦ
882 1660 962 1722 εἰς
997 1659 1135 1730 ἔργα
1179 1657 1365 1713 αὐτοῦ.
1400 1678 1419 1710 ι
1473 1660 1586 1711 Οὐκ
1640 1657 1871 1727 ἐκτίσθη

2003 1660 2033 1711 d
2058 1673 2177 1712 esse
2202 1658 2485 1711 traductus
2510 1656 2603 1720 sit,
2629 1656 2721 1709 sed
2747 1670 2867 1708 cum
2896 1667 3111 1723 semper
3132 1652 3200 1707 sit
3225 1661 3387 1719 atque
3413 1651 3541 1704 sub-

280 1749 398 1815 γὰρ
431 1747 512 1810 εἰς
548 1747 610 1800 τὸ
654 1743 795 1800 εἶναι
829 1748 1204 1818 παρενεχθεὶς,
1260 1747 1374 1801 ἀλλ’
1408 1747 1482 1800 ὢν
1514 1747 1603 1801 ἀεὶ
1638 1748 1732 1799 καὶ
1758 1747 1863 1798 ὑπ-

2002 1752 2146 1813 istat,
2180 1760 2397 1805 creatus
2429 1760 2515 1804 est
2544 1762 2671 1800 caro
2701 1748 2768 1800 ob
2800 1761 2993 1800 causas
3017 1746 3127 1812 jam
3159 1743 3350 1797 dictas.

281 1839 494 1908 ἅρχων,
524 1839 746 1910 ἐκτίσθη
771 1839 908 1908 σὰρξ
937 1839 1024 1893 διὰ
1045 1839 1144 1902 τὰς
1164 1841 1532 1911 προκειμένας
1565 1841 1768 1903 αἰτίας.
1894 1824 1936 1878 Β

284 1954 419 2006 Ἔτι
444 1954 532 2019 εἰς
564 1952 653 2018 τὸ,
691 1972 710 2004 ί
744 1953 1195 2079 Κύριοςόέλῇΐέ
1215 1972 1291 2024 με
1310 1996 1325 2020 ,
1354 1974 1376 2007 ι
1408 1953 1499 2007 ὅτι
1530 1956 1601 2007 οὐ
1646 1956 1866 2022 κτίσμα

1142 2046 1195 2079 c.

1142 2046 1195 2091 ς.

361 2129 499 2200 Φησί
522 2148 625 2184 που
646 2130 855 2195 Παῦλος
883 2134 1010 2204 περὶ
1033 2133 1126 2187 τοῦ
1151 2134 1402 2205 Σωτῆρος
1430 2134 1587 2203 ήμῶν
1604 2132 1864 2204 Χριστοῦο

295 2222 511 2285 «Αὐτὸς
540 2223 650 2293 γάρ
681 2225 829 2276 ἐστιν
875 2225 909 2294 ή
943 2225 1134 2295 εἰρήνη
1180 2225 1357 2294 ήμῶν,
1405 2227 1433 2277 6
1457 2225 1516 2277 τὸ
1558 2224 1869 2295 μεσότοιχον

289 2311 390 2367 τοῦ
418 2314 671 2385 φραγμοῦ
700 2316 888 2379 λύσας,
916 2317 1014 2386 τὴν
1039 2316 1241 2387 ἔχθραν
1274 2318 1332 2368 ὲν
1371 2318 1434 2387 τῇ
1478 2317 1640 2389 σαρκὶ
1679 2316 1867 2383 αὐτοῦ,

292 2406 387 2459 τὸν
417 2407 579 2477 νόμον
606 2406 715 2460 τῶν
747 2407 977 2461 ἐντολῶν
1007 2410 1066 2461 ὲν
1095 2408 1329 2477 δόγμασι
1369 2410 1746 2479 καταργήσας,
1784 2408 1871 2462 ἴνα

286 2498 427 2561 τοὺς
452 2498 545 2550 δύο
582 2500 745 2570 κτίσῃ
769 2501 825 2552 ὲν
852 2500 1030 2571 ἑαυτῷ
1062 2502 1141 2564 εἰς
1180 2501 1277 2553 ἕνα
1312 2501 1497 2554 καινὸν
1526 2500 1830 2572 ἄνθρωπον.
1848 2520 1866 2554 ι

292 2589 365 2641 Εἰ
402 2590 582 2642 τοίνυν
629 2590 691 2643 τὸ
734 2592 827 2644 καὶ
869 2590 963 2644 δύο
991 2591 1168 2655 κτίζει
1194 2592 1428 2663 Χριστὸς
1471 2593 1529 2643 ὲν
1551 2590 1750 2663 ἐαυτῷ,
1778 2591 1875 2644 καὶ

299 2681 383 2742 εἰς
411 2680 508 2732 ἕνα
535 2680 719 2733 καινὸν
748 2680 1034 2750 ἄνθρωπον
1060 2683 1368 2752 ἀναμορφοί
1388 2724 1403 2748 ,
1454 2681 1753 2749 τουτέστιν,
1796 2682 1875 2747 εἰς

297 2770 396 2822 τὸν
424 2771 563 2823 κατὰ
615 2772 815 2843 ἀρετὴν
848 2772 961 2843 βίον
982 2790 996 2804 ·
1037 2774 1198 2845 ἡμεῖς
1231 2774 1339 2846 γὰρ
1370 2769 1510 2845 ἦμεν
1549 2775 1599 2827 οἰ
1641 2775 1700 2827 ὲν
1729 2774 1876 2846 αὑτῷ

302 2863 641 2933 κτῑζόμενοι,
669 2864 806 2917 καθὸ
833 2866 931 2935 τῆς
959 2865 1094 2937 πρὸς
1138 2868 1283 2937 ἡμᾶς
1335 2865 1644 2937 ὁμοιώσεως
1678 2867 1876 2920 ὲπελάο

290 2955 454 3021 εδετο,
484 2957 575 3009 καὶ
602 2957 660 3009 ὲν
687 2956 835 3027 αὐτῷ
868 2957 1068 3028 πρώτῳ
1090 2960 1187 3029 τῆς
1218 2958 1559 3030 ἀρεσκούσης
1583 2960 1702 3032 Θεῷ
1732 2960 1881 3015 πολι-

302 3049 458 3112 τείας
482 3050 794 3119 ἐσχήκαμεν
819 3050 917 3119 τὰς
938 3050 1112 3121 ἀρχὰς
1129 3052 1208 3113 εἰς
1235 3051 1490 3121 ἀμείνονα
1518 3052 1631 3120 βίον
1658 3053 1881 3105 ἀνακτι-

1968 1954 2121 2006 Aliud
2153 1954 2205 2006 in
2234 1955 2395 2016 idem,
2432 1972 2449 2003 ι
2490 1952 2745 2031 Domitius
2777 1951 2965 2004 creavit
2998 1967 3108 2012 me;
3150 1969 3167 2000 ι
3200 1948 3337 2017 quod
3371 1945 3539 1999 Filius

2512 2039 2613 2076 non
2648 2030 2711 2074 sit
2743 2030 3004 2073 creatura.

2040 2138 2237 2191 Paulus
2279 2138 2475 2192 alicubi
2527 2139 2594 2192 de
2647 2137 2936 2191 Servatore
2984 2146 3167 2190 nostro
3208 2134 3423 2189 Christo
3469 2135 3541 2187 ita

1972 2223 2049 2281 ait
2081 2246 2093 2281 :
2132 2245 2150 2277 ι
2186 2227 2308 2295 ipse
2336 2228 2479 2283 enim
2513 2237 2594 2282 est
2627 2243 2729 2294 pax
2764 2237 2977 2290 nostra,
3014 2225 3248 2279 medium
3282 2223 3544 2295 parietem

1973 2321 2222 2374 maceria:
2264 2320 2510 2384 solvens,
2550 2319 2864 2374 inimicitias
2907 2320 2961 2373 in
3008 2333 3172 2373 carne
3211 2334 3335 2383 sua,
3372 2317 3546 2387 legem

1975 2412 2353 2467 mandatorum
2387 2414 2439 2467 in
2474 2412 2709 2467 decretis
2737 2426 3031 2473 evacuans.
3065 2421 3123 2464 ut
3153 2411 3286 2463 duos
3312 2418 3461 2463 creet
3492 2408 3543 2460 in

1974 2506 2153 2575 seipso
2186 2507 2239 2559 in
2273 2522 2438 2559 unum
2475 2519 2670 2559 novum
2705 2503 2977 2557 hominem
3004 2503 3073 2554 ⁸³.
3112 2522 3129 2552 ι
3163 2501 3219 2554 Si
3253 2515 3383 2569 ergo
3410 2499 3549 2553 duos

1977 2605 2125 2651 creat
2154 2595 2400 2650 Christus
2436 2595 2487 2648 in
2522 2596 2732 2664 seipso,
2767 2605 2821 2649 et
2853 2594 2905 2647 in
2943 2609 3105 2647 unum
3146 2607 3341 2645 novum
3378 2592 3549 2645 homi—

1979 2704 2097 2744 nem
2126 2687 2502 2751 transformat,
2531 2687 2633 2742 hoc
2658 2696 2762 2753 est,
2790 2686 2843 2741 in
2870 2686 3033 2740 vitam
3060 2685 3353 2740 secundum
3380 2684 3551 2737 virtu-

1976 2795 2083 2838 tem
2120 2803 2132 2837 :
2166 2798 2267 2838 nos
2301 2783 2443 2837 enim
2482 2797 2672 2837 sumus
2706 2782 2759 2836 in
2797 2781 2910 2850 ipso
2946 2779 3149 2841 creati,
3180 2788 3445 2846 quatenus
3479 2774 3551 2829 si-

1980 2876 2338 2929 militudinem
2384 2885 2623 2930 nostram
2670 2872 2982 2943 assumpsit,
3024 2881 3076 2927 et
3121 2873 3175 2925 in
3222 2871 3338 2938 ipso
3378 2868 3553 2937 primo

1980 2968 2255 3024 consecuti
2283 2983 2470 3023 sumus
2494 2968 2644 3022 initia
2671 2967 3099 3022 conversationis
3122 2981 3243 3035 qua:
3271 2965 3376 3020 Deo
3400 2977 3554 3018 acce-

1983 3070 2071 3129 pta
2099 3061 2189 3125 sit,
2221 3061 2271 3114 in
2302 3060 2575 3116 meliorem
2604 3060 2769 3113 vitam
2802 3058 3078 3114 reformati
3107 3077 3121 3113 :
3154 3058 3344 3112 merito
3372 3057 3553 3111 dicere

294 3144 547 3212 ζόμενοι·
581 3143 805 3206 εἰκότως
843 3142 907 3196 ἂν
929 3142 1079 3212 λέγοι
1110 3145 1202 3197 καὶ
1224 3144 1318 3196 νῦν
1349 3144 1425 3207 ὼς
1445 3145 1584 3215 ὑπὲρ
1614 3145 1774 3217 ήμῶν
1804 3148 1883 3209 εἰς

1998 3161 2180 3219 potest,
2206 3166 2329 3205 cum
2356 3166 2453 3219 pro
2478 3151 2631 3205 nobis
2656 3151 2708 3203 in
2738 3165 2901 3203 unum
2930 3150 3200 3204 hominem
3225 3158 3439 3204 creatus
3462 3148 3553 3210 sit,

298 3235 403 3289 τὸν
424 3236 518 3289 ἕνα
557 3235 873 3305 κτιξόμενος
896 3236 1180 3304 ἄνθρωπον
1199 3252 1211 3267 ν
1246 3254 1266 3286 ι
1290 3236 1494 3307 Κύριος
1526 3237 1708 3291 ἑκτισέ
1744 3256 1834 3309 με.
1862 3258 1880 3291 ι

998 3351 1202 3405 ΑΛᾹΟ.

388 3464 698 3535 ι’ἑγραπταί
722 3481 823 3518 που
848 3463 1090 3536 περὶτοῦ
1128 3465 1381 3536 Σωτῆρος
1411 3470 1443 3538 ή
1454 3467 1569 3538 μῶν
1615 3468 1851 3539 Χριστοῦ
1871 3485 1885 3499 ·

317 3576 343 3610 τ
382 3557 615 3629 Ὂτιπερ
644 3557 808 3620 αὐτὸς
851 3557 949 3620 τὰς
999 3559 1284 3623 ἀσθενείας
1318 3560 1477 3630 ήμῶν
1518 3562 1684 3628 αἴρει.
1725 3581 1745 3613 ›
1781 3563 1892 3615 Καὶ

316 3650 520 3705 πάλιν·
566 3669 585 3702 ι
620 3648 848 3719 Γέγονεν
884 3650 1023 3722 ὑπὲρ
1053 3650 1209 3721 ἡμῶν
1241 3652 1472 3721 κατάρα.
1500 3672 1518 3702 ι
1555 3653 1666 3707 Καὶ
1705 3655 1889 3709 πάλιν·

316 3763 349 3794 4
384 3742 489 3796 Τὺν
523 3743 597 3813 μὴ
644 3741 840 3811 γνόντα
895 3744 1172 3814 ἁμαρτίαν
1232 3745 1372 3817 ὑπὲρ
1414 3746 1574 3816 ἡμῶν
1619 3748 1895 3818 ἁμαρτίαν

310 3833 599 3903 ἐποίησεν.
641 3837 881 3904 »Ὥσπερ
912 3830 1006 3888 οὖν
1045 3834 1406 3906 ἠσθενηκέναι
1444 3835 1685 3905 λέγεται,
1717 3840 1894 3893 καίτοι

314 3927 401 3998 μὴ
430 3927 734 3999 ἀσθενήσας
769 3927 986 3981 πώποτε
1023 3926 1268 3998 (δύναμις
1296 3928 1405 3999 γὰρ
1434 3928 1569 3983 Θεοῦ
1600 3931 1791 3999 ἐστιν),
1814 3933 1894 3985 ὅτι

314 4019 422 4083 τὰς
452 4019 611 4091 ἡμῶν
635 4021 921 4083 ἀσθενείας
950 4020 1239 4074 ἐϐάστασε·
1284 4022 1615 4092 γεγενῆσθαί
1644 4041 1705 4076 τε
1734 4024 1896 4077 αὐτὸν

314 4112 625 4184 κατάρανή
652 4113 770 4168 θεία
807 4118 941 4188 φησί
968 4120 1177 4191 Γραφὴ,
1213 4122 1314 4175 οὐκ
1345 4122 1478 4176 αὐτὸ
1513 4123 1575 4194 δὴ
1612 4123 1771 4177 τοῦτο
1816 4125 1898 4187 εἰς

317 4205 572 4274 κατάραν
618 4212 1085 4281 μεταπεποιῆσθαι
1126 4216 1466 4286 σημαίνουσα
1487 4254 1502 4280 ,
1536 4214 1650 4268 ἀλλ’
1683 4218 1767 4269 ὅτι
1799 4216 1898 4287 τὴν

317 4296 466 4368 ὑπὲρ
494 4298 653 4369 ἡμῶν
687 4300 934 4371 κατάραν
968 4304 1271 4375 ὑπήνεγκεο
1316 4307 1411 4361 καὶ
1452 4306 1612 4361 πάλιν
1653 4308 1898 4379 ἁμαρτία

316 4392 655 4463 γεγενῆσθαι
681 4393 919 4463 λέγεται,
949 4398 1009 4450 οὐ
1042 4398 1142 4467 τῆς
1164 4400 1371 4463 οἰκείας
1403 4400 1619 4470 φύσεως
1648 4400 1902 4471 ἐπιλελη-

1993 3261 2013 3293 ι
2053 3244 2307 3297 Dominus
2338 3243 2541 3297 creavit
2574 3255 2676 3296 me.
2719 3260 2741 3292 ι

2652 3353 2881 3410 ALIUD.

2063 3470 2333 3539 Scriptum
2359 3479 2443 3525 est
2464 3469 2661 3524 alicubi
2689 3469 2754 3523 de
2778 3467 3069 3523 Servatore
3093 3478 3279 3522 nostro
3300 3467 3514 3523 Christo
3542 3486 3565 3521 :7

1999 3581 2015 3612 ι
2057 3561 2188 3629 Quia
2227 3562 2340 3628 ipse
2378 3561 2720 3616 inﬁrmitates
2752 3570 2970 3616 nostras
3002 3560 3229 3614 tollit”.
3274 3579 3291 3610 ι
3332 3560 3398 3613 Et
3434 3576 3556 3613 rur-

1993 3670 2085 3707 sus
2117 3674 2129 3708 :
2167 3671 2186 3705 ι
2227 3653 2425 3708 Factus
2455 3663 2539 3708 est
2572 3669 2669 3722 pro
2704 3654 2857 3708 nobis
2890 3652 3195 3706 maledictio
3216 3652 3283 3706 ⁸⁸.
3323 3669 3343 3702 ι
3378 3650 3506 3704 llem
3543 3670 3555 3704 :

2000 3765 2019 3797 ι
2052 3747 2186 3801 Ειιιιι
2214 3747 2305 3816 qui
2335 3762 2437 3800 non
2468 3748 2617 3801 novit
2645 3755 2943 3815 peccatum,
2973 3760 3068 3814 pro
3097 3746 3250 3799 nobis
3276 3752 3559 3814 peccatum

1997 3839 2122 3893 fecit
2146 3839 2213 3891 “.
2270 3858 2287 3889 ι
2345 3836 2807 3904 Quemadmodum
2862 3835 3025 3905 igitur
3068 3834 3411 3888 inﬁrmitates
3466 3833 3565 3885 ha-

1997 3931 2177 3985 buisse
2198 3930 2416 3991 dicitur,
2435 3929 2529 3997 qui
2552 3928 2691 3982 nulla
2710 3941 2946 3996 unquam
2968 3926 3281 3980 infirmitate
3301 3925 3565 3979 laboravit

1998 4023 2191 4091 (virtus
2221 4023 2367 4077 enim
2404 4036 2467 4076 ac
2501 4020 2738 4091 potentia
2776 4019 2867 4075 Dei
2904 4019 3031 4089 est),
3063 4018 3187 4087 quia
3224 4018 3566 4071 inﬁrmitates

2000 4125 2216 4171 nostras
2264 4115 2425 4170 tulit:
2470 4114 2671 4169 factum
2719 4115 2881 4168 etiam
2933 4111 3365 4166 maledictionem
3412 4125 3566 4163 sacra

2001 4208 2283 4277 Scriptura
2317 4208 2448 4263 dicit
2483 4225 2497 4262 :
2534 4222 2639 4261 non
2676 4206 2817 4275 quod
2859 4204 3006 4258 illum
3044 4205 3096 4257 in
3133 4201 3564 4257 maledictionem

2003 4308 2270 4354 mutatum
2322 4298 2621 4369 signiticet,
2665 4297 2759 4351 sed
2802 4297 2942 4365 quod
2991 4293 3424 4349 maledictionem
3471 4306 3571 4359 pro

2003 4392 2156 4447 nobis
2189 4390 2407 4455 tulerit;
2449 4400 2499 4445 et
2536 4403 2723 4444 rursus
2762 4396 3039 4457 peccatum
3076 4384 3247 4439 lactus
3280 4398 3401 4440 esse
3435 4384 3570 4437 dici-

323 4484 549 4555 σμένος,
579 4485 702 4539 οὐδὲ
732 4488 812 4551 εἰς
841 4489 1117 4559 ἁμαρτίαν
1140 4492 1503 4561 μετενεχθεὶς,
1527 4495 1555 4547 6
1574 4493 1780 4563 ταύτην
1800 4493 1887 4545 οὐ)

2005 4498 2112 4553 tur,
2147 4504 2253 4543 non
2287 4488 2427 4557 quod
2463 4502 2558 4541 sua
2592 4496 2780 4541 natura
2812 4494 3010 4541 exutus
3045 4483 3097 4537 in
3133 4492 3413 4549 peccatum
3451 4498 3573 4534 mu-

323 4576 506 4642 εἰδὼς,
541 4577 657 4631 ἀλλ’
695 4579 779 4632 ὃτι
810 4579 910 4642 τὰς
950 4580 1224 4653 ἁμαρτίας
1252 4582 1410 4652 ήμῶν
1436 4583 1725 4653 ἀνήνεγκε,
1757 4582 1903 4636 καθὰ

316 4670 660 4741 γέγραπται,
684 4673 741 4724 ὲν
764 4672 840 4741 τῷ
859 4670 1070 4739 σώματι
1094 4672 1260 4726 αὐτοῦ
1285 4675 1380 4727 ἐπὶ
1400 4675 1492 4727 τοῦ
1520 4674 1704 4739 ξύλου·
1731 4672 1904 4737 οὕτως

325 4764 457 4817 ὅταν
483 4765 642 4833 ἡμεῖς
670 4765 727 4817 ἐν
748 4763 896 4834 αὑτῷ
919 4765 1230 4836 κτιζώμεθα
1256 4768 1337 4829 εἰς
1360 4768 1455 4820 ἕνα
1476 4767 1661 4820 καινὸν
1694 4766 1904 4837 ἄνθρω-

327 4872 451 4921 πον,
482 4855 558 4919 ὡς
588 4856 683 4909 καὶ
705 4856 869 4920 αὐτὸς
898 4858 1213 4929 κτιζὸμενος
1246 4860 1481 4926 λέγεται.
1500 4860 1609 4912 Καὶ
1634 4860 1721 4912 διὰ
1745 4858 1904 4911 τοῦτό

325 4959 495 5015 φησι·
534 4963 553 4995 ς
594 4945 795 5015 Κύριος
843 4946 1023 5001 ἐκτισέ
1070 4965 1161 5018 με,
1206 4969 1226 5000 ι
1257 4949 1460 5019 κτίσμα
1490 4950 1587 5019 μὲν
1617 4949 1777 5013 αὐτὸς
1805 4949 1905 5002 οὐκ

325 5039 424 5104 ὢν,
446 5036 547 5108 τῆς
571 5036 630 5090 δὲ
652 5038 749 5092 τοῦ
787 5039 1002 5111 Πατρὸς
1033 5041 1223 5105 οὐσίας
1248 5041 1378 5095 ίδιον
1402 5042 1667 5113 γέννημα.

1020 5239 1228 5295 ΔΛΛΟ.

404 5350 488 5413 Εἰ,
522 5348 641 5403 καθ’
670 5351 835 5419 ὑμᾶς,
860 5353 1020 5417 αὐτὸς
1050 5354 1171 5408 καθ’
1199 5354 1388 5408 ἑαυτὸν
1416 5357 1443 5408 ὁ
1460 5354 1553 5408 τοῦ
1579 5356 1714 5408 Θεοῦ
1738 5356 1910 5424 Λόγος

2006 4588 2144 4633 tatus
2177 4579 2280 4641 sit,
2311 4578 2402 4647 qui
2436 4586 2714 4646 peccatum
2745 4591 2852 4630 non
2884 4574 3050 4638 novit,
3106 4572 3261 4644 163
3305 4574 3400 4627 sed
3429 4574 3570 4641 quod

2006 4681 2227 4739 peccata
2267 4680 2449 4725 nostra
2484 4670 2627 4734 tulit,
2661 4678 2720 4723 ut
2750 4667 3011 4738 scriptum
3049 4677 3132 4721 est
3157 4666 3224 4729 ",
3264 4664 3315 4718 iu
3347 4678 3573 4733 corpore

2004 4777 2125 4827 suo,
2158 4761 2306 4831 ligno
2333 4762 2512 4816 crucis
2538 4760 2728 4814 allixus
2758 4782 2773 4816 ;
2803 4758 2878 4813 ita
2912 4773 3035 4811 cunt
3064 4771 3163 4812 nos
3192 4756 3245 4810 in
3278 4756 3396 4825 ipso
3424 4769 3575 4807 crea—

2007 4869 2127 4906 mur
2157 4853 2208 4907 in
2244 4868 2407 4906 unum
2442 4867 2635 4907 novum
2670 4852 2985 4915 hominem,
3020 4850 3181 4904 etiam
3218 4851 3329 4918 ipse
3362 4856 3576 4899 creatus

2006 4945 2220 4999 dicitur.
2272 4944 2451 5015 Atque
2476 4945 2596 4999 ideo
2622 4943 2773 5007 dicit,
2808 4961 2826 4994 ε
2862 4941 3126 4997 Dominus
3156 4939 3360 4995 creavit
3386 4953 3471 4991 me
3500 4975 3515 4999 ,
3552 4956 3573 4987 ι

2012 5052 2134 5090 cum
2176 5036 2292 5104 ipse
2326 5050 2662 5104 nequaquam
2699 5036 2770 5091 sit
2804 5044 3055 5091 creatura
3077 5072 3091 5097 ,
3126 5033 3219 5087 sed
3256 5029 3472 5099 proprie
3504 5045 3571 5081 ex

2011 5130 2244 5183 essentia
2279 5128 2455 5183 Patris
2484 5129 2713 5197 genitus.

2675 5239 2904 5295 ALIUD.

2082 5351 2174 5413 Si,
2211 5361 2267 5404 ut
2304 5366 2397 5406 vos
2433 5350 2766 5419 Opinamini,
2798 5348 3035 5405 Verbum
3074 5349 3165 5403 Dei
3204 5348 3258 5401 in
3295 5360 3352 5400 se
3386 5352 3581 5400 creata:

328 5442 557 5510 κτιστῆς
579 5441 767 5506 οὐσίας
794 5445 930 5508 ἐστὶ,
954 5446 1048 5499 καὶ
1073 5446 1200 5516 περὶ
1227 5445 1421 5499 ἑαυτοῦ
1451 5462 1584 5517 φησι
1606 5463 1617 5475 ·
1653 5464 1672 5497 ε
1705 5446 1887 5517 Κύριοι

2009 5455 2213 5498 natura:
2243 5452 2387 5508 est,
2418 5453 2473 5497 et
2504 5442 2571 5496 de
2599 5442 2779 5511 scipso
2809 5442 2944 5496 dicit
2975 5459 2989 5495 :
3029 5459 3048 5492 ‹
3086 5439 3347 5494 Dominus
3377 5435 3583 5492 creavit

332 5531 516 5585 ἐκτισέ
547 5550 615 5586 με
687 5555 704 5583 ι
740 5535 802 5588 οὐ
839 5536 1063 5605 γέγονεν
1092 5539 1201 5597 ἄρα
1248 5538 1315 5593 δι’
1369 5540 1517 5610 ἡμᾶς
1563 5538 1848 5611 ἅνθρωπος
1882 5561 1887 5588 ι

2011 5552 2124 5601 me;
2180 5555 2197 5588 ι
2244 5551 2349 5592 ηοιι
2388 5545 2469 5591 cst
2509 5535 2670 5606 igitur
2706 5550 2803 5606 pro
2848 5533 3006 5591 nobis
3047 5532 3223 5589 factus
3264 5532 3447 5597 homo,
3488 5526 3582 5599 qui

409 5712 645 5787 "item.
679 5716 881 5787 γρηῒ),
924 5716 973 5769 εί.
1050 5717 1095 5747 ⁸ο
1131 5716 1397 5787 «Ιυῖιιιπιιι,
1435 5717 1519 5770 l7.
1598 5719 1635 5746 δ’
1663 5715 1815 5771 Juan.
1857 5732 1887 5768 l‘.

1998 5715 2051 5787 9.,
2120 5717 2161 5747 ³³
2200 5715 2393 5787 Ephcs.
2436 5731 2491 5781 ιι,
2534 5715 2617 5783 ll,
2658 5715 2738 5769 l5.
2818 5714 2862 5745 ⁸³
2905 5711 3010 5769 lsa.
3041 5728 3158 5779 un,
3204 5712 3249 5767 4.
3331 5708 3571 5761 “Ulli”.

335 5794 423 5838 tu.
467 5784 547 5839 l3.
626 5785 669 5815 ”
709 5784 750 5839 ll
784 5786 910 5841 Cur.
952 5803 1002 5844 γ.
1033 5788 1120 5842 ﬁl.
1199 5790 1242 5819 ⁵⁵
1284 5786 1385 5845 lsa.
1414 5803 1531 5844 Lttt.
1568 5789 1633 5846 ὃς
1674 5789 1689 5840 l
1722 5788 1860 5842 l‘ctr.
1901 5801 1961 5849 tt.
1990 5786 2080 5845 24-
