3882 6210
330 405 400 460 9.ιῖ
408 404 440 457 .‘i

1320 398 1378 453 S.
1419 397 1696 453 CYRILLI
1733 395 2201 452 ALEXANDRINI
2240 396 2555 451 ARCIIIEI’.

3471 390 3579 448 276

326 522 485 591 longe
520 527 645 575 ante
681 532 780 572 nos
818 516 935 569 fuit.
972 511 1122 581 Quod
1162 511 1208 571 si
1245 526 1372 569 vero
1409 513 1532 583 quis
1571 513 1674 573 hoc
1708 527 1907 569 conca,

2022 514 2147 568 πολὺ
2178 513 2285 585 πρὸ
2308 512 2484 583 ἡμῶν.
2511 513 2573 565 EI
2604 512 2664 565 δέ
2695 529 2776 576 τις
2810 510 2969 564 τοῦτο
3004 509 3121 579 δοίη
3174 509 3413 579 κρατεῖν,
3451 506 3577 560 οὔτε

325 614 455 678 dat,
500 625 676 679 neque
714 624 814 663 nos
852 606 1020 661 creati
1060 618 1247 660 smnus
1285 606 1338 659 in
1380 604 1526 675 ipso,
1570 620 1744 673 neque
1784 605 1899 669 ipse

326 718 424 755 nos
460 700 514 754 in
558 714 619 754 se
656 696 865 761 habuit,
901 692 1174 764 quomodo
1207 693 1370 763 igitur
1404 694 1456 747 in
1496 708 1661 753 unum
1703 708 1898 747 novum

328 791 600 851 hominem
632 789 683 841 in
708 787 933 852 Christo
956 784 1244 841 creamur?
1269 784 1432 855 Atqui
1460 784 1718 853 pudorem
1748 784 1900 838 vobis

327 881 493 937 etiam
531 877 836 933 nolentibus
873 875 1100 931 incutiet
1134 873 1352 942 Paulus,
1389 875 1575 930 dicens
1613 893 1626 930 :
1668 894 1685 927 ι
1728 874 1901 945 Ipsius

328 973 471 1025 enim
501 979 749 1024 creatura
778 982 988 1034 sumus,
1015 966 1186 1029 creati
1218 967 1269 1020 in
1300 966 1519 1022 Christo
1543 964 1669 1021 .Iesu
1689 968 1755 1021 ⁵⁷.
1792 985 1809 1017 ι
1843 965 1901 1020 Si

328 1074 509 1117 autem
544 1062 710 1117 creati
746 1077 933 1117 sumus
972 1061 1025 1115 in
1061 1059 1309 1125 Christo,
1342 1059 1574 1114 Verbum
1614 1059 1778 1129 igitur
1807 1059 1899 1113 Dei

329 1164 529 1221 creata:
578 1154 831 1209 essentia:
880 1166 985 1217 non
1035 1162 1138 1208 est.
1187 1149 1294 1206 Sed
1337 1150 1555 1221 quando
1602 1150 1779 1206 factus
1821 1160 1905 1205 est

333 1247 525 1314 homo,
562 1245 612 1297 in
653 1245 770 1315 ipso
804 1258 1077 1308 creamur,
1112 1252 1165 1297 et
1200 1243 1313 1312 ipse
1342 1243 1741 1310 quodammodo
1776 1258 1901 1313 pro.

336 1346 457 1405 pter
488 1351 587 1391 nos
610 1336 742 1391 dicit
777 1354 791 1390 :
833 1354 851 1387 ι
892 1334 1149 1395 Dominus
1184 1336 1565 1402 creavitme.)
1598 1334 1729 1389 Nam
1765 1350 1901 1405 qua-

334 1439 489 1483 tenus
518 1439 601 1483 est
620 1426 880 1494 Verbum,
911 1428 1025 1482 haec
1047 1441 1150 1485 vox
1181 1441 1518 1497 nequaquam
1548 1427 1597 1482 ei
1629 1428 1899 1496 convenit,

334 1521 426 1573 sed
457 1529 676 1589 propter
701 1527 944 1579 nostram
976 1518 1227 1583 salutem,
1257 1533 1380 1573 cum
1413 1518 1614 1589 alioqui
1646 1520 1720 1575 sit
1746 1534 1903 1576 crea-

337 1621 440 1676 tor,
480 1612 791 1666 incarnatus
830 1623 945 1676 εει,
983 1617 1041 1665 ut
1076 1625 1175 1665 nos
1235 1610 1287 1664 in
1327 1609 1508 1679 seipso
1550 1620 1765 1665 creatos
1804 1611 1903 1665 ha-

336 1700 488 1764 bens,
512 1700 684 1753 dicat:
717 1717 735 1759 ι
772 1698 1033 1763 Dominus
1056 1700 1262 1762 creavit
1288 1714 1395 1753 me.
1429 1718 1447 1751 ι
1475 1701 1554 1754 Ac
1579 1700 1720 1755 sicut
1742 1710 1903 1756 aeter-

335 1805 457 1842 nam
493 1803 647 1843 suam
683 1804 803 1844 cum
839 1788 1000 1844 Patre
1036 1789 1412 1848 exsistentiam
1451 1789 1736 1845 declarans
1772 1791 1849 1846 ait
1888 1811 1902 1847 :

2006 607 2169 675 ἡμεῖς
2202 604 2528 675 ὲκτίσθημεν
2561 604 2618 656 ἐν
2644 602 2815 673 αὐτῷ,
2846 602 2970 656 οὔτε
2995 600 3153 664 αὐτὸς
3175 596 3321 670 εἶχεν
3350 600 3496 670 ἡμᾶς
3518 600 3579 651 ὲν

2007 696 2202 768 ἐαυτῷ,
2236 697 2354 760 πῶς
2381 692 2475 751 οὖν
2498 698 2575 759 είς
2606 694 2704 749 ἕνα
2732 694 2918 748 καινὸν
2948 693 3235 763 ἄνθρωπον
3267 693 3324 744 ὲν
3357 689 3580 761 Χριστῷ

2007 788 2335 859 κτιζόμεθα;
2363 787 2682 859 Δυσωπήσει
2704 786 2810 857 γὰρ
2840 786 3007 857 ὑμᾶς,
3038 784 3143 838 κᾶν
3183 783 3257 855 μὴ
3292 781 3577 853 βούλησθε,

2006 882 2180 951 λέγων
2204 884 2232 936 6
2280 881 2523 943 Παῦλος·
2555 898 2574 931 ι
2607 879 2780 933 Αὐτοῦ
2825 879 2934 951 γάρ
2977 880 3144 949 ἐσμεν
3173 877 3405 946 ποίημα,
3457 888 3578 928 κτιέ

2010 975 2227 1038 σθέντες
2283 976 2340 1028 ὲν
2391 972 2612 1044 Χριστῷ
2674 970 2911 1042 Ἰησοῦ.»
2953 969 3017 1024 Εἰ
3056 972 3113 1026 δὲ
3152 968 3481 1041 ὲκτίσθημεν
3520 969 3582 1020 ὲν

2008 1067 2248 1138 Χριστῷ,
2296 1067 2397 1119 οὐκ
2431 1065 2540 1137 ἄρα
2576 1066 2799 1135 κτιστῆς
2829 1063 3017 1127 οὐσίας
3066 1062 3217 1117 ἐστὶν
3258 1063 3287 1116 6
3321 1060 3415 1115 τοῦ
3441 1059 3583 1114 Θεοῦ

2009 1160 2201 1227 Λόγος.
2250 1157 2387 1210 Ἀλλ’
2405 1157 2495 1210 ὅτε
2522 1156 2745 1225 γέγονεν
2769 1155 3079 1228 ἄνθρωπος,
3118 1155 3177 1207 ἐν
3221 1151 3371 1224 αὐτῷ
3395 1150 3583 1215 κτιζό-

2013 1252 2172 1322 μεθα,
2203 1251 2298 1304 καὶ
2330 1249 2492 1313 αὑτός
2524 1251 2637 1302 ἐστι
2666 1248 2868 1320 τρόπον
2893 1247 3016 1302 τινὰ
3042 1247 3112 1301 δι’
3136 1244 3296 1317 ἡμῶν
3318 1247 3348 1299 6
3372 1243 3545 1313 Χέγων
3562 1257 3582 1274 ⁸

2018 1364 2035 1394 ι
2071 1343 2271 1413 Κύριος
2305 1341 2490 1395 ἐκτισέ
2536 1357 2623 1411 με.
2656 1359 2677 1393 ι
2705 1340 2779 1394 06
2810 1339 2921 1411 γὰρ
3012 1339 3184 1407 Λόγος
3204 1338 3371 1397 ἐστὶν,
3405 1336 3586 1406 ἁρμό-

2012 1450 2095 1486 σει
2126 1432 2306 1500 λέγειν
2334 1430 2481 1501 αὐτῷ
2511 1430 2611 1501 τὴν
2642 1427 2897 1499 τοιαύτην
2931 1428 3135 1499 φωνὴν,
3174 1425 3311 1481 ἀλλὰ
3347 1424 3436 1478 διὰ
3483 1424 3586 1494 τὴν

2011 1525 2286 1597 ἡμετέραν
2319 1523 2614 1595 σωτηρίαν,
2646 1521 2822 1576 καίτοι
2856 1520 3080 1589 κτίστης
3120 1518 3218 1583 ὢν,
3254 1517 3477 1586 γέγονεν
3523 1518 3587 1568 ἐν

2014 1619 2207 1691 σαρκὶ,
2245 1618 2332 1672 ἵνα
2359 1620 2506 1689 ἡμᾶς
2537 1618 2597 1669 ὲν
2646 1613 2823 1685 ἐαυτῷ
2854 1612 3202 1684 κτιζομένους
3226 1611 3366 1682 ἔχων
3412 1610 3544 1681 εἴπῃ
3566 1624 3583 1639 .

2018 1733 2036 1764 ι
2075 1712 2277 1783 Κύριος
2310 1711 2491 1764 ἐκτισέ
2526 1727 2616 1780 με.
2652 1728 2671 1763 ι
2704 1710 2815 1762 Καὶ
2850 1707 3039 1777 ὥσπερ
3063 1705 3162 1777 τὴν
3202 1705 3373 1758 ἀΐδιον
3416 1702 3587 1755 αὑτοῦ

2014 1804 2109 1858 καὶ
2141 1803 2278 1874 μετὰ
2299 1801 2511 1872 Πατρδς
2536 1800 2897 1872 ἐξηγούμενος
2924 1798 3158 1867 ὓπαρξιν
3182 1796 3330 1865 λέγει
3348 1814 3359 1826 ·
3403 1814 3422 1847 ι
3446 1794 3591 1863 Ἐγὼ

341 1899 359 1939 ς
402 1880 511 1948 Ego
546 1896 692 1934 eram
733 1896 840 1949 qua
882 1882 1185 1951 gaudebat,
1222 1890 1276 1937 et
1315 1881 1561 1951 quotidie
1599 1881 1824 1938 Iaatabar
1857 1884 1908 1939 in

2022 1889 2217 1968 ήμηνῇ
2248 1894 2603 1965 προσέχαιρε,
2635 1892 2757 1947 καθ’
2783 1891 3000 1963 ἡμέραν
3025 1890 3081 1942 δὲ
3130 1889 3498 1959 εὐφραινόμην
3527 1889 3590 1940 ὲν

335 1973 475 2039 facie
531 1974 700 2043 ipsius
720 1974 802 2040 ⁵⁸;
836 1994 854 2028 ι
897 1985 952 2030 et
996 1990 1184 2035 rursus
1218 1977 1297 2041 εζι
1340 1974 1479 2037 Ante
1519 1988 1709 2030 omnes
1749 1976 1911 2033 colles

336 2067 522 2135 genuit
548 2081 631 2121 me
646 2068 722 2121 "z
752 2086 769 2118 ι
800 2068 871 2121 ita
900 2068 1118 2138 quando
1145 2078 1365 2138 pr0pter
1388 2067 1632 2120 omnium
1663 2078 1910 2122 nostrum

336 2154 562 2210 salutem
600 2158 888 2211 Innnanam
954 2157 1184 2213 formam
1227 2156 1426 2219 induit,
1463 2164 1613 2215 recte
1652 2168 1708 2212 ut
1752 2159 1912 2219 homo

336 2248 467 2302 dicit
500 2290 512 2301 .
552 2267 570 2299 ι
612 2249 869 2321 Dominus
898 2250 1107 2305 creavit
1140 2264 1245 2305 me.
1286 2271 1304 2303 ι

1012 2383 1243 2443 ALIUD.

408 2513 468 2569 Si
497 2514 747 2569 Christus
781 2529 907 2569 vere
939 2516 1100 2569 homo
1131 2514 1306 2572 factus
1335 2532 1455 2574 esse
1484 2518 1747 2585 creditur,
1778 2532 1912 2588 quo-

338 2605 499 2660 modo
526 2621 632 2659 non
662 2606 1027 2660 necessarium
1071 2606 1237 2662 fuerit
1263 2617 1322 2663 ut
1352 2609 1558 2664 homini
1594 2611 1758 2666 etiam
1784 2625 1917 2666 cou-

338 2696 613 2750 venientia
638 2696 923 2766 loquatur?
953 2696 1251 2766 Oportebat
1280 2700 1426 2754 enim
1457 2701 1637 2757 dicere
1670 2718 1686 2757 :
1719 2701 1835 2758 Non
1860 2702 1914 2756 in

340 2788 604 2858 principio
629 2803 775 2842 eram
808 2789 987 2856 homo,
1016 2791 1158 2859 quod
1187 2790 1289 2857 soli
1319 2791 1517 2853 divina:
1549 2802 1756 2848 natura:
1784 2808 1913 2848 con-

338 2880 515 2945 venit,
551 2880 644 2934 sed
678 2882 821 2949 quod
856 2892 1054 2935 creata:
1090 2884 1411 2939 substantiae
1444 2886 1694 2957 congruit
1730 2886 1917 2941 obser-

342 2985 491 3025 vare.
538 2972 765 3027 Creatus
802 2984 981 3027 autem
1026 2986 1107 3029 est
1154 2976 1316 3031 homo
1359 2996 1373 3031 :
1421 2978 1622 3033 idcirco
1678 2978 1853 3048 inquit
1897 2995 1913 3034 :

352 3081 374 3113 ι
412 3062 671 3116 Dominus
700 3063 907 3118 creavit
940 3079 1025 3118 me
1061 3084 1074 3120 :
1115 3085 1133 3117 ι
1169 3068 1293 3135 quia
1328 3067 1502 3125 factus
1532 3078 1614 3124 est
1646 3071 1826 3136 homo,
1859 3080 1918 3125 ut

341 3171 555 3226 semper
588 3166 643 3210 et
677 3158 880 3226 alisque
915 3160 1179 3229 principio
1214 3163 1478 3218 exsistere
1516 3164 1616 3217 soli
1660 3164 1769 3218 Deo
1802 3180 1917 3221 ser-

342 3257 519 3301 vetur.

1018 3387 1245 3446 ALIUD.

416 3548 437 3580 ι
488 3528 745 3582 Dominus
787 3528 992 3581 creavit
1036 3541 1122 3580 me
1164 3525 1490 3594 principium
1533 3524 1742 3579 viarum
1785 3540 1915 3579 sna-

343 3635 484 3673 rmn.
529 3638 548 3670 ι
597 3616 653 3671 Si
693 3618 896 3672 idcirco
930 3627 1168 3671 creatam
1211 3616 1431 3671 omnino
1466 3614 1588 3677 Filii
1625 3616 1915 3669 essentiam

342 3710 690 3775 existimatis,
718 3725 841 3765 cum
870 3710 1129 3779 deinceps
1159 3708 1289 3763 illud
1343 3710 1609 3764 dicentem
1636 3708 1869 3762 audiatis
1900 3727 1914 3762 :

348 3802 516 3857 «Ante
541 3817 731 3858 omnes
756 3802 923 3857 colles
948 3802 1130 3871 genuit
1156 3816 1295 3866 me"
1325 3800 1479 3855 irrita
1506 3813 1571 3853 ac
1596 3814 1731 3853 vana
1761 3814 1917 3869 pror-

343 3911 436 3951 sus
461 3894 623 3950 fuerit
639 3907 815 3950 vestra
839 3894 1136 3956 accusatio,
1158 3908 1262 3962 qua
1283 3900 1527 3947 creatum
1548 3891 1696 3945 illum
1715 3892 1915 3957 dicitis,

343 4004 464 4046 cum
495 3987 581 4042 ille
608 3988 845 4058 genitmn
875 4002 932 4042 se
957 4001 1080 4041 esse
1106 3987 1272 4041 dicat.
1297 3984 1456 4039 Aliud
1482 3984 1627 4039 enim
1655 3994 1736 4037 est
1765 3999 1918 4037 crea-

343 4090 489 4144 tura,
525 4079 669 4133 aliud
705 4079 974 4150 genimen.
1033 4076 1146 4131 Iloc
1182 4077 1327 4132 enim
1362 4091 1429 4129 ex
1467 4074 1766 4130 substantia
1802 4074 1919 4139 eius

342 4172 436 4242 qui
479 4171 649 4240 gignit
691 4170 1005 4225 naturaliter
1045 4168 1205 4241 165
1246 4170 1490 4239 procedit
1536 4186 1550 4220 :
1596 4167 1722 4221 illud
1764 4175 1917 4220 extra

343 4269 575 4334 positum
625 4276 738 4329 est,
785 4275 1038 4335 tanquam
1087 4265 1342 4319 alienum.
1390 4264 1521 4319 Cum
1571 4264 1735 4331 igitur
1780 4261 1919 4315 Deus

341 4358 612 4419 exsistens
638 4357 908 4417 Verbum.
948 4357 1113 4411 homo
1152 4356 1352 4411 factmn
1390 4366 1505 4420 est,
1542 4364 1832 4409 censeatur
1862 4362 1919 4405 nt

341 4450 502 4510 homo
538 4450 717 4505 dicere
752 4468 765 4504 :
807 4467 825 4499 ι
871 4449 1129 4504 Dominus
1168 4449 1374 4503 creavit
1416 4464 1523 4502 me.
1568 4467 1585 4499 ι
1619 4447 1751 4502 Cum
1787 4461 1918 4501 vero

2014 1988 2290 2061 προσώπῳ
2315 1987 2502 2041 αὐτοῦ’
2532 2005 2551 2039 ι
2583 1986 2681 2040 καὶ
2702 1984 2898 2038 πάλιν·
2934 2002 2953 2035 ι
2984 1983 3096 2053 Πρὸ
3124 1981 3181 2035 δὲ
3210 1982 3428 2035 πάντων
3463 1978 3591 2047 βου-

2012 2080 2119 2134 νῶν
2147 2081 2312 2151 γεννᾷ
2353 2096 2420 2150 με
2440 2096 2453 2109 ·
2495 2099 2513 2131 ι
2548 2077 2724 2141 οὕτως
2759 2077 2850 2130 ὅτε
2884 2073 2973 2129 διὰ
3010 2072 3109 2144 τὴν
3142 2070 3397 2125 ἁπάντων
3428 2066 3591 2138 ἡμῶν

2013 2170 2290 2242 σωτηρίαν
2317 2171 2418 2242 τὴν
2449 2168 2737 2241 ἀνθρώπου
2780 2165 2993 2238 μορφὴν
3018 2160 3323 2224 ἐνεδύσατο,
3362 2159 3590 2222 εἰκότως

2012 2266 2088 2329 ὡς
2121 2265 2407 2336 ἄνθρωπος
2439 2263 2621 2331 λέγει·
2659 2280 2677 2313 ι
2714 2259 2918 2330 Κύριος
2950 2256 3133 2311 ἔκτισέ
3170 2270 3258 2326 με.
3294 2272 3314 2309 ι

2698 2394 2905 2447 AAAO.

2082 2535 2149 2589 EI
2196 2533 2481 2604 ἄνθρωπος
2516 2531 2686 2594 ὅντως
2729 2523 3059 2597 γεγενῆσθαι
3098 2518 3412 2575 πιστεύεται
3451 2517 3591 2585 Χρι-

2017 2629 2159 2693 στὸς,
2196 2627 2312 2686 πῶς
2346 2626 2446 2679 οὐκ
2470 2623 2767 2692 ἀναγκαῖον
2794 2620 2861 2675 τὰ
2888 2614 3160 2689 ἀνθρώπῳ
3180 2612 3470 2693 ,πρέποντα
3496 2609 3592 2662 λα-

2022 2720 2135 2774 λεῖν
2159 2737 2174 2786 ;
2208 2718 2355 2772 Ἔδει
2373 2716 2481 2786 γὰρ
2506 2716 2700 2769 εἰπεῖν’
2729 2714 2843 2767 Οὐκ
2863 2714 2921 2765 ὲν
2940 2712 3082 2781 ἀρχῇ
3105 2709 3253 2779 ήμην
3279 2703 3593 2774 ἄνθρωπος,

2015 2809 2045 2863 ὃ
2082 2808 2221 2880 μόνῃ
2258 2806 2459 2878 πρέπει
2489 2807 2556 2875 τῇ
2590 2802 2711 2872 θείᾳ
2738 2800 2921 2870 φύσει,
2950 2797 3086 2852 ἀλλὰ
3120 2793 3360 2864 τηρῆσαι
3395 2790 3457 2841 τὸ
3487 2788 3593 2858 ἁρρ

2019 2900 2181 2974 μόζον
2200 2902 2266 2971 τῇ
2293 2898 2403 2951 τῶν
2423 2894 2667 2965 γενητῶν
2690 2893 2870 2964 οὐσίᾳ.
2890 2887 3121 2960 Γενητὸς
3148 2886 3207 2940 δὲ
3229 2888 3259 2938 6
3282 2882 3590 2974 ἄνθρωπος·

2015 2971 2104 3045 διὰ
2131 2989 2291 3043 τοῦτό
2319 3002 2480 3057 φησι’
2533 3004 2554 3037 ι
2598 2984 2802 3054 Κύριος
2840 2979 3023 3034 ἕκτισέ
3058 2994 3149 3048 με,
3203 2995 3222 3027 ι
3257 2974 3339 3026 ὅτι
3368 2971 3601 3040 γέγονεν

2017 3085 2322 3154 ἄνθρωπος,
2366 3081 2455 3135 ἵνα
2482 3078 2541 3133 τὸ
2569 3077 2656 3131 ἀεὶ
2688 3075 2939 3145 ἀνάρχως
2969 3067 3108 3125 εἶναι
3156 3068 3302 3140 μόνῳ
3350 3063 3599 3134 σώζηται

2018 3176 2156 3248 Θεῷ.

2702 3388 2906 3442 AAAO.

2092 3552 2110 3585 ι
2149 3530 2353 3602 Κύριος
2394 3523 2576 3579 έκτισέ
2611 3540 2678 3593 με
2714 3519 2891 3592 ἀρχὴν
2924 3514 3060 3571 ὁδῶν
3108 3513 3296 3602 αὐτοῦ.
3338 3530 3357 3561 ι
3400 3510 3462 3563 Ei.
3504 3508 3597 3602 δια

2017 3625 2221 3694 ταύτην
2241 3600 2422 3676 οἴεσθε
2450 3616 2547 3689 τὴν
2582 3613 2788 3684 φωνὴν,
2821 3609 3047 3679 κτιστὴν
3078 3600 3217 3659 εἶναι

2018 3714 2153 3768 Υἱοῦ
2171 3690 2270 3783 τὴν
2291 3709 2505 3770 οὐσίαν,
2522 3709 2651 3761 ὅταν
2676 3701 2873 3773 ἑφεξῆς
2907 3698 3166 3769 φαίνηται
3195 3695 3370 3763 λέγων
3387 3710 3401 3722 ·
3442 3711 3460 3742 ι
3484 3690 3600 3761 Πρὸ

2016 3808 2073 3861 δὲ
2091 3806 2309 3860 πάντων
2336 3800 2538 3873 βουνῶν
2564 3798 2731 3867 γεννᾷ
2762 3812 2851 3866 με,
2882 3814 2901 3845 ι
2924 3789 3262 3861 διαφευγέτω
3291 3785 3387 3840 τοῦ
3414 3784 3599 3838 κεκτίο

2020 3898 2144 3953 σθαι
2164 3897 2228 3949 τὸ
2263 3894 2535 3963 ἔγκλημα,
2562 3884 2921 3959 γεγεννῆσθαι
2951 3882 3175 3953 φάσκων
3206 3877 3419 3933 ἑαυτόν.
3438 3876 3597 3928 Ἕτε-

2022 4008 2113 4062 ρον
2137 3988 2246 4059 γάρ
2273 3986 2326 4040 τί
2357 3985 2472 4038 ἐστι
2505 3982 2657 4054 παρά
2684 3978 2745 4032 τὸ
2778 3979 2986 4047 κτίσμα
3015 3974 3076 4028 τὸ
3101 3972 3367 4042 γέννημα.
3390 3968 3466 4022 T6
3496 3968 3603 4062 μὲν

2017 4060 2126 4153 γὰρ
2164 4082 2229 4133 ὲκ
2258 4078 2358 4149 τῆς
2381 4075 2569 4138 οὐσίας
2608 4072 2703 4127 τοῦ
2728 4069 3027 4141 γεννῶντος
3064 4065 3282 4136 πρόεισι
3312 4060 3560 4153 φνσικῶς
3579 4074 3594 4087 '

2018 4147 2078 4226 ιὲδ
2098 4147 2165 4229 ’δὲ
2195 4147 2396 4234 ἔξωθέν
2423 4168 2591 4230 εστιν,
2621 4163 2697 4227 ώς
2735 4161 3036 4231 ἀλλότριον.
3070 4157 3132 4209 Ei
3157 4154 3333 4207 τοίνυν
3360 4150 3493 4213 Θεὸς
3520 4147 3603 4202 ὢν

2017 4268 2046 4319 6
2073 4264 2241 4332 Λόγος
2261 4262 2484 4331 γέγονεν
2512 4258 2820 4328 ἄνθρωπος,
2847 4253 3053 4322 λεγέτω
3072 4250 3169 4321 μὲν
3189 4248 3265 4311 ώς
3287 4244 3384 4301 ἀνθ
3393 4260 3598 4312 ρωπος·

2025 4377 2043 4409 ι
2081 4356 2284 4425 Κύριος
2340 4352 2525 4407 ἐκτισέ
2560 4368 2651 4421 με.
2690 4367 2709 4401 ι
2754 4347 2865 4418 Τὴν
2910 4346 2968 4398 δὲ
3002 4340 3328 4411 προαιώνιον
3362 4334 3605 4407 ὓπαρξιν

2018 4447 2182 4502 αὐτοῦ
2222 4444 2570 4518 σημαινέτω,
2604 4441 2773 4513 βοῶν·
2820 4458 2838 4492 ι
2874 4437 2988 4509 Πρὸ
3018 4436 3076 4490 δὲ
3124 4433 3346 4488 πάντων
3393 4428 3605 4501 βουνῶν

341 4540 609 4605 exclamat
644 4558 689 4601 τι
712 4543 851 4594 Ante
883 4555 1073 4594 omnes
1105 4539 1268 4594 colles
1284 4542 1469 4609 genuit
1489 4555 1593 4602 me,
1619 4558 1636 4589 ι
1660 4548 1911 4593 aeternam

2022 4540 2182 4609 γεννᾷ
2206 4556 2294 4609 με.
2325 4557 2343 4591 ι

342 4646 493 4685 suam
522 4642 647 4685 ante
662 4633 840 4693 oumia
870 4633 1064 4687 srecula
1094 4632 1468 4687 exsistentiam
1498 4630 1804 4700 signiﬁcare
1833 4629 1915 4684 in-
1945 4607 1993 4666 θ

343 4723 569 4791 dicetur.

770 4857 1004 4926 Objectio
1041 4858 1488 4911 adversariorum.

416 4992 601 5069 Atqui,
628 4990 899 5061 inquiunt,
923 4992 1142 5051 verbum
1171 4992 1292 5056 hoc,
1325 5009 1344 5041 ι
1375 4990 1579 5060 genuit,
1614 5008 1630 5039 ι
1666 5003 1769 5042 ιιοη
1797 5002 1915 5042 om-

346 5088 471 5151 nino
504 5084 699 5159 Filium
731 5099 795 5158 er
831 5084 1063 5144 essentia
1098 5083 1275 5138 Patris
1308 5098 1431 5138 esse
1462 5081 1719 5136 ostendit.
1754 5080 1918 5135 ludif-

347 5180 580 5233 l‘erenter
604 5175 747 5230 enim
780 5174 949 5228 utitur
978 5175 1156 5229 verbis
1188 5190 1339 5229 sacra
1370 5174 1671 5243 Scriptura.
1704 5170 1836 5225 Nam
1865 5180 1921 5227 et

345 5272 413 5325 ac
442 5267 709 5339 creaturis
742 5267 808 5321 de
840 5266 1037 5335 quibus
1070 5265 1212 5333 nulla
1248 5266 1616 5320 controversia
1650 5274 1751 5327 est,
1786 5280 1919 5319 voce

352 5377 371 5406 α
405 5357 603 5412 Genuit
638 5375 655 5408 ι
690 5357 878 5421 utitur,
903 5370 959 5408 ut
983 5371 1106 5410 cum
1134 5358 1301 5411 dicit:
1332 5374 1348 5406 ι
1382 5355 1548 5409 Filios
1572 5355 1727 5423 genui
1756 5363 1921 5424 atque

345 5448 575 5503 exaltavi
604 5450 670 5501 ⁶⁰.
710 5434 737 5501 ιη
768 5447 833 5501 Ει
869 5464 1056 5504 rursus
1092 5467 1104 5501 :
1145 5468 1161 5498 ι
1202 5449 1366 5524 Deum
1398 5449 1489 5516 qui
1526 5457 1578 5502 te
1608 5447 1789 5515 genuit
1821 5448 1921 5502 de-

350 5540 616 5608 reliquisti
642 5541 708 5593 ⁶¹.
751 5559 769 5591 ι
808 5542 935 5594 Item
975 5560 988 5596 :
1028 5560 1048 5592 ι
1088 5540 1220 5607 Quis
1253 5549 1336 5595 est
1376 5540 1467 5608 qui
1508 5541 1694 5609 genuit
1736 5538 1920 5609 glebas

350 5634 489 5686 roris
512 5632 597 5682 θη
636 5650 653 5679 ι
691 5622 1043 5701 Νυιιιιιιέιιὶιιι
1079 5648 1173 5701 per
1204 5632 1306 5688 hoc
1341 5628 1507 5687 Deum
1542 5633 1679 5687 roris
1710 5640 1918 5700 patrem

2245 4846 2575 4910 Ἀντίθεσις
2614 4844 2694 4909 ὡς
2725 4843 2793 4895 ἐκ
2821 4841 2940 4896 τῶν
2971 4840 3045 4894 δι’
3083 4839 3385 4903 ἐναντίας.

2095 4981 2168 5033 06
2193 4980 2430 5043 πάντως,
2467 4980 2619 5047 φασὶ,
2646 4977 2706 5029 τὸ
2744 4993 2763 5027 ι
2794 4975 3084 5043 ἐγέννησεν
3130 4990 3147 5022 ι
3192 4971 3257 5022 ὲκ
3288 4967 3389 5037 τῆς
3412 4965 3603 5027 οὐσίας

2027 5071 2120 5125 τοῦ
2147 5072 2358 5142 Πατρὸς
2392 5070 2521 5123 ὄντα
2550 5068 2787 5122 δεικνύει
2820 5067 2912 5120 τὸν
2957 5064 3107 5119 Υίόν.
3156 5061 3466 5129 Ἀδιαφορεῖ
3492 5059 3605 5126 γὰρ

2029 5165 2159 5235 περὶ
2179 5163 2275 5226 τὰς
2302 5161 2474 5227 λέξεις
2508 5163 2541 5231 ἡ
2573 5160 2694 5213 θεία
2714 5160 2928 5230 Γραφή.
2961 5156 3072 5209 Καὶ
3112 5153 3221 5224 γὰρ
3248 5152 3343 5204 καὶ
3373 5150 3467 5203 ἐπὶ
3494 5150 3605 5201 τῶν

2026 5262 2197 5324 ὅντως
2252 5259 2569 5329 κτισμάτων
2611 5255 2705 5310 καὶ
2732 5252 3042 5320 ἀντιλογίαν
3087 5248 3188 5301 οὐκ
3243 5245 3482 5315 ἐχόντων
3523 5244 3607 5305 ei;

2026 5353 2184 5406 τοῦτο
2212 5351 2391 5423 τίθησι
2413 5349 2495 5413 τὸ,
2527 5369 2545 5401 ι
2586 5346 2894 5415 ἐγέννησεν,
2919 5364 2937 5395 ο
2956 5342 3031 5405 ὡς
3060 5341 3189 5394 ὅταν
3214 5338 3347 5409 λέγῃ
3366 5353 3379 5366 ·
3411 5335 3605 5398 «Υίοὺς

2026 5443 2292 5512 ἐγέννησα
2313 5443 2405 5494 καὶ
2429 5441 2640 5509 ὖψωσα.
2675 5457 2692 5490 ι
2729 5438 2837 5490 Καὶ
2867 5434 3057 5487 πάλιν·
3092 5450 3110 5482 ι
3134 5431 3265 5484 Θεὸν
3294 5430 3388 5482 τὸν
3414 5427 3607 5495 γεννή-

2030 5537 2199 5592 σαντά
2229 5552 2287 5586 σε
2314 5533 2692 5602 ἐγκατέλιπες.
2736 5549 2754 5581 ι
2799 5530 2928 5591 Καὶ,
2966 5548 2983 5578 ι
3023 5526 3118 5588 Τίς
3149 5524 3341 5577 έστινὸ
3368 5518 3604 5580 τετοκὼς

2031 5628 2231 5698 βώλους
2269 5626 2459 5698 δρόσου
2485 5642 2530 5690 ;ι
2563 5625 2637 5677 Οὐ
2659 5622 2765 5692 γὰρ
2791 5622 2853 5691 δὴ
2882 5636 2981 5673 που
3008 5618 3101 5671 καὶ
3131 5614 3323 5688 δρόσου
3351 5610 3602 5682 γενέσθαι

420 5830 463 5860 ³⁷
502 5828 699 5901 Ephcs.
728 5844 787 5895 ιι,
822 5828 906 5885 l0.
1055 5826 1215 5887 Prov.
1249 5844 1365 5893 VIII,
1391 5828 1611 5919 51.-νὲ
1638 5826 1773 5881 Ibid.
1799 5825 1888 5881 25.
1968 5820 2142 5879 “15a.
2179 5839 2216 5886 ι,
2243 5822 2297 5878 2.
2374 5821 2414 5853 ἰ
2455 5817 2586 5873 Ibid.
2624 5819 2675 5877 ι.
2754 5818 2795 5850 ⁸³
2832 5814 2929 5875 Job
2962 5827 3187 5875 xxmu,
3222 5810 3311 5865 38.
