3882 6210
225 375 338 431 27⁸1

1613 375 1985 436 THESAURU
1995 376 2055 432 S.

3389 376 3497 435 278

225 490 445 562 πατέρα
490 491 734 561 φυσικῶς
789 491 1024 563 ἐροῦμεν
1070 492 1159 546 τὸν
1205 492 1338 546 Θεὸν
1371 493 1460 548 διὰ
1492 493 1669 550 τοῦτο.
1708 497 1807 550 ’Ἑν

1928 495 2231 552 naturaliter
2275 512 2395 553 esse
2437 498 2691 554 dicimus.
2736 497 2880 553 ldem
2929 497 3108 567 itaque
3149 495 3233 551 est
3274 494 3500 564 genuit,

225 582 516 655 τοιγαροῦν
546 584 699 638 ἕσται
730 584 899 638 καὶτὸ
923 586 1054 639 αὐτὸ
1081 585 1161 657 τῷ
1181 585 1386 641 ἔκτισε
1412 586 1473 640 τὸ
1491 585 1805 658 ἐγέννησε,

230 679 325 731 καὶ
349 678 436 745 ἐφ’
480 676 611 731 Υίοῦ
642 677 989 749 ταττόμενον.

784 791 973 859 Λύσις
1006 791 1250 861 ἐφεξῆς.

300 885 412 957 Τὴν
448 886 549 955 μὲν
577 884 728 939 θείαν
752 885 976 956 Γραφὴν
1006 885 1405 957 ἀδιαφοροῦσαν
1435 886 1564 959 περὶ¹
1590 886 1689 951 τὰς
1718 887 1808 941 λέ-

232 977 343 1041 ξεις
380 977 637 1040 πολλάκις
669 978 997 1049 εὑρήσομεν,
1019 977 1079 1030 οὐ
1105 977 1212 1049 μὴν
1238 977 1538 1046 ἀγνοοῦσαν
1562 978 1661 1050 τὴν
1681 979 1810 1033 ἑκά-

232 1086 367 1137 στης
392 1069 642 1138 δύναμιν,
689 1068 1139 1141 καταχρηστικῶς
1164 1070 1221 1124 δὲ
1249 1069 1363 1124 ἔσθ’
1386 1072 1479 1125 ὅτε
1510 1072 1808 1143 δεχομένην

233 1162 425 1225 αὐτάς.
492 1161 615 1215 Ἐπὶ
669 1162 766 1232 μὲν
798 1160 909 1232 γὰρ
939 1160 1050 1215 τῶν
1086 1162 1409 1233 ποιημάτων
1458 1163 1548 1216 ὅτε
1583 1165 1808 1234 κτιστῆς

233 1254 420 1318 οὐσίας
456 1254 595 1307 αὐτὰ
623 1253 888 1307 δεικνύειν
932 1252 1218 1323 βούλεται,
1265 1253 1443 1322 λέγει·
1472 1273 1491 1306 ι
1543 1253 1632 1309 Ἐν
1664 1256 1807 1327 ἀρχῇ

235 1343 491 1422 εποίησεν
537 1346 565 1396 6
604 1342 735 1406 Θεὸς
776 1342 867 1395 τὸν
915 1343 1141 1414 οὐρανὸν
1171 1344 1266 1396 καὶ
1294 1343 1394 1416 τὴν
1418 1344 1545 1415 γῆν.
1591 1375 1663 1385 -—
1698 1346 1809 1399 Kal

234 1435 495 1504 ἐποίησεν
518 1436 547 1487 ὁ
571 1435 702 1498 Θεὸς
723 1434 813 1488 τὸν
836 1435 1145 1507 ἄνθρωπον.
1168 1455 1185 1487 ι
1214 1437 1329 1490 Οὐκ
1359 1437 1673 1515 ἐγέννησεν,
1693 1438 1808 1492 ἀλλ’

236 1528 479 1597 ἐποίησε.
514 1528 624 1598 Τὴν
671 1528 726 1581 δὲ
755 1527 851 1581 τοῦ
878 1528 1076 1581 οἰκείου
1105 1530 1281 1598 Λόγου
1321 1529 1577 1601 γέννησιν
1610 1533 1638 1584 ό
1678 1531 1810 1596 Θεὸς

1910 590 2051 659 quod
2079 593 2290 654 creavit,
2322 607 2446 647 cum
2477 593 2543 648 de
2572 592 2711 647 Filio
2741 591 2959 647 dicitur.

2411 793 2615 851 Salutio
2649 792 2974 864 objectionis.

1979 887 2366 958 Saepenumero
2397 886 2611 956 quidem
2652 900 2864 940 sacram
2908 882 3244 953 Scripturam
3284 880 3495 950 promi-,

1910 994 2041 1034 scue
2062 977 2613 1048 atqueindill‘erenter
2640 975 2864 1031 vocibus
2895 974 2973 1029 uti
3004 973 3483 1044 reperiemushnon

1911 1072 2053 1142 quod
2092 1071 2199 1126 vim
2238 1070 2574 1142 singularum
2614 1076 2949 1140 perspectam
2986 1082 3091 1121 non
3128 1065 3346 1128 habeat.
3388 1061 3501 1117 sed:

1910 1167 2053 1235 quod
2096 1164 2315 1219 abusive
2356 1176 2749 1231 nonnunquam
2797 1174 2891 1215 eas
2940 1156 3191 1226 accipiat.
3240 1153 3375 1209 Nam
3416 1152 3501 1205 de.

1908 1258 2189 1327 operibus,
2234 1270 2355 1310 cum
2402 1255 2491 1309 illa
2540 1260 2736 1309 creatae
2783 1259 2990 1305 natura:
3033 1263 3153 1304 esse
3197 1244 3485 1302 ostendere

1909 1352 2048 1415 vult,
2072 1353 2145 1406 ita
2174 1350 2248 1404 ait
2274 1367 2287 1403 :
2323 1368 2341 1401 ι
2372 1348 2427 1402 ln
2455 1344 2721 1415 principio
2747 1343 2874 1399 fecit
2903 1342 3046 1397 Deus
3072 1339 3267 1396 coelum
3294 1344 3350 1392 et
3377 1344 3486 1391 ter-

1910 1459 2047 1498 ram.
2077 1472 2148 1482 ——
2186 1440 2251 1494 Et
2288 1438 2416 1494 fecit
2449 1439 2591 1493 Deus
2624 1434 2920 1491 hominem.
2945 1450 2965 1485 ι
2995 1429 3111 1486 Non
3146 1428 3354 1497 genuit,
3389 1424 3484 1480 sed

1911 1536 2057 1590 fecit.
2108 1533 2249 1588 Deus
2298 1542 2477 1587 autem
2509 1528 2668 1584 Verbi
2708 1524 3113 1597 generationem
3149 1517 3434 1574 declarans
3466 1531 3482 1569 :

233 1623 632 1693 ἐξηγούμενος’
682 1643 700 1675 ι
744 1623 1132 1694 Ἐξηρεύξατο,
1170 1626 1366 1695 φησὶν,
1402 1628 1436 1697 ἡ
1474 1626 1669 1697 καρδία
1708 1645 1808 1697 μου

1928 1642 1936 1676 ι
1975 1623 2276 1687 Eructavit,
2311 1620 2508 1690 inquit,
2541 1633 2635 1673 cor
2662 1631 2837 1671 meum
2865 1612 3097 1669 Verbum
3129 1611 3328 1667 bonum
3355 1606 3421 1659 ⁸³.
3460 1625 3480 1658 ι

233 1715 407 1782 Λόγον
439 1715 665 1783 ἀγαθόν.
686 1734 705 1768 ι
736 1716 848 1770 Kal
872 1719 984 1780 τοῖς
1017 1717 1115 1788 μὲν
1131 1695 1699 1789 miapaawvbplC—ouaa
1711 1695 1809 1771 τοῦ

1928 1716 2120 1768 Rursus
2167 1728 2319 1768 sacra
2369 1709 2825 1779 Scriptura,cum
2874 1700 3143 1759 creaturis
3188 1695 3485 1754 exsistendi

233 1806 372 1861 εἶναι
409 1809 511 1879 τὴν
540 1809 734 1879 ἀρχὴν,
779 1808 927 1877 λέγει
972 1786 1134 1863 πάλιν
1170 1810 1205 1881 ἡ
1245 1786 1363 1864 θεία
1396 1786 1618 1883 Γραφή·
1659 1831 1677 1862 ι
1722 1811 1810 1864 Ἑν

1928 1803 2231 1872 )rincipium
2260 1802 2467 1866 deﬁnit,
2485 1800 2561 1853 ita
2588 1797 2857 1867 loquitur:
2882 1812 2900 1846 ι
2926 1793 2979 1846 ln
3004 1788 3264 1862 principio
3286 1786 3435 1850 fecit,
3461 1804 3481 1837 ι

2020 1897 2032 1904 -
2104 1895 2137 1904 ..
2182 1895 2194 1904 .
2236 1892 2281 1904 -σ
2346 1894 2359 1904 .
2450 1893 2464 1904 .
2811 1886 2827 1904 .
3213 1878 3462 1904 ,ηαμ-

231 1900 374 1971 ἀρχῇ
410 1878 697 1970 ἐποίησεν·
736 1919 756 1951 ι
791 1900 885 1953 ἐπὶ
912 1900 970 1953 δὲ
997 1900 1091 1954 τοῦ
1120 1878 1254 1955 Θεοῦ
1289 1878 1495 1971 Λόγοῦ·
1528 1878 1651 1957 ,τεν
1666 1905 1808 1976 ἀρχῇ

1928 1905 1967 1950 ιι
2002 1897 2068 1950 de
2104 1895 2196 1949 Dei
2236 1892 2416 1949 Verbo
2450 1893 2676 1961 loquens
2706 1906 2720 1942 :
2758 1906 2777 1940 ι
2811 1886 2866 1941 ln
2906 1883 3173 1956 principio
3208 1889 3328 1937 erat
3354 1878 3489 1933 Ver-

231 1969 316 2066 ἦν
390 1969 582 2062 Λόγος.
604 2012 623 2045 ι
646 1994 770 2057 Τοῖς
802 1995 901 2065 μὲν
934 1991 1030 2048 οὖν
1059 1994 1353 2064 κτίσμασιν
1433 1995 1624 2067 χρόνος

1928 2004 2057 2043 ium.
2094 2007 2113 2041 ι
2142 1986 2421 2043 Creaturis
2447 1985 2628 2054 itaque
2655 1993 2865 2051 tempus
2890 1987 2974 2034 est
3005 1975 3359 2047 principium;
3391 1969 3488 2025 sed

231 2086 265 2153 η
298 2083 463 2153 ἀρχὴ,
501 2085 530 2136 ὁ
565 2083 621 2135 δὲ
669 2083 776 2154 πρὸ
829 2082 938 2137 τῶν
975 2082 1186 2137 αἰώνων
1242 2084 1502 2156 ὑπάρχων
1528 2084 1623 2138 τοῦ
1672 2084 1810 2138 Θεοῦ

231 2177 426 2246 Λόγος,
460 2176 636 2248 ἀρχὴν
669 2176 782 2246 ἔχει
807 2176 966 2246 μόνον
994 2175 1085 2229 τὸν
1105 2175 1340 2247 ἄναρχον
1362 2176 1603 2248 Πατέρα,
1626 2176 1813 2240 ἁῖδίως

231 2269 311 2324 ὢν
349 2271 406 2323 ὲν
436 2268 603 2340 αὐτῷ.
643 2269 856 2340 Ὥσπερ
895 2262 990 2322 οὖν
1018 2268 1113 2321 ἐπὶ
1142 2268 1250 2321 τῶν
1282 2267 1451 2331 ὅντως
1494 2268 1813 2338 κτισμάτων

233 2364 327 2416 ὅτε
360 2362 422 2416 τὸ
453 2360 743 2431 ἐγέννησε
770 2363 971 2424 κεῖται,
995 2361 1452 2433 καταχρηστικῶς
1493 2362 1587 2415 καὶ
1619 2361 1679 2415 οὺ
1713 2378 1812 2431 φυ-

236 2456 406 2519 σικῶς
425 2455 666 2526 νοητέον,
686 2455 860 2517 οὕτως
878 2455 1006 2508 ὅταν
1034 2455 1129 2507 ἐπὶ
1151 2455 1245 2508 τοῦ
1281 2454 1450 2519 ὅντως
1474 2455 1814 2526 γεννήματος

233 2549 316 2614 τὸ,
360 2549 625 2611 ἔκτισεν,
657 2547 691 2617 ἢ
744 2546 998 2614 ἐποίησε
1049 2547 1309 2617 φέρεται,
1359 2546 1815 2619 καταχρηστικῶς

234 2640 476 2711 νοητέον,
512 2638 828 2710 σωζομένης
857 2637 1005 2709 αὐτῷ
1033 2640 1132 2709 τῆς
1165 2637 1412 2706 φυσικῶς
1436 2636 1807 2707 γνησιότητος.

236 2737 363 2798 Τοῖς
390 2735 490 2806 μὲν
510 2733 616 2804 γὰρ
644 2733 939 2803 κτίσμασιν
987 2733 1026 2803 ὴ
1060 2732 1219 2802 χάρις
1248 2729 1309 2784 τό
1341 2730 1637 2800 ἐγέννησε
1674 2746 1813 2801 προ-

237 2830 397 2895 ξενεῖ·
427 2828 507 2900 τῷ
533 2830 590 2883 δὲ
612 2830 890 2899 ἀγεννήτῳ
905 2828 1001 2882 καὶ
1023 2827 1262 2898 ἀκτίστῳ
1290 2826 1449 2897 Λόγῳ
1468 2824 1560 2878 τοῦ
1580 2824 1812 2895 Πατρὸς,

237 2927 272 2993 ἡ
301 2923 401 2993 τῆς
429 2922 847 2994 ἀνθρωπότητος
878 2919 1040 2991 χρεία
1066 2920 1127 2974 τὸ
1145 2919 1321 2988 λέγειν
1356 2918 1546 2972 ἑαυτὸν
1569 2918 1816 2971 ἐκτίσθαι

234 3015 442 3069 δίδωσι.
474 3014 583 3069 Kal
605 3014 674 3067 τὰ
705 3014 801 3085 μὲν
826 3012 1103 3084 κτίσματα
1121 3012 1265 3083 λόγῳ
1292 3013 1387 3066 καὶ
1415 3011 1666 3083 βουλήσει
1682 3009 1815 3064 Θεοῦ

237 3104 486 3159 καλεῖται
536 3104 672 3176 πρὸς
706 3105 1000 3161 υἱοθεσίαν.
1047 3123 1065 3157 ι
1113 3105 1256 3174 Ἐγὼ
1286 3104 1396 3173 γὰρ
1433 3100 1582 3171 εἶπα,
1627 3106 1813 3176 φησὶν,

1914 2082 2006 2137 Dei
2047 2079 2282 2135 Verbum
2326 2088 2454 2131 ante
2495 2074 2691 2130 saecula
2736 2071 3009 2127 exsistens
3052 2066 3225 2123 solum
3269 2063 3486 2117 Patrem

1914 2171 2165 2244 principii
2201 2179 2474 2241 expertem
2513 2165 2835 2236 principium
2872 2163 3057 2226 habet,
3092 2160 3158 2214 ab
3193 2164 3397 2212 aeterno
3432 2152 3486 2206 in

1914 2266 2029 2334 ipso
2084 2263 2371 2321 exsistens.
2419 2257 2883 2327 Quemadmodum
2931 2254 3093 2326 igitur
3134 2266 3256 2308 cum
3304 2250 3370 2304 de
3421 2246 3491 2301 iis

1912 2370 2032 2424 quae
2076 2369 2205 2409 vere
2248 2361 2511 2407 creatura:
2552 2357 2698 2414 sunt,
2742 2346 2958 2412 dicitur,
3002 2343 3199 2415 genuit,
3243 2338 3486 2407 abusive,

1916 2462 2025 2501 non
2067 2444 2389 2500 naturaliter
2422 2440 2827 2513 intelligendum
2866 2445 2950 2493 est
2981 2454 2995 2491 :
3027 2437 3100 2489 ita
3141 2431 3492 2502 quandocun-

1914 2552 2018 2608 que
2048 2538 2114 2592 de
2143 2552 2208 2590 eo
2237 2535 2327 2606 qui
2353 2550 2480 2590 vere
2510 2534 2757 2602 genimen
2789 2538 2894 2597 est,
2924 2528 3142 2592 dicitur,
3159 2525 3374 2587 creavit,
3402 2519 3485 2575 vel

1915 2629 2060 2699 fecit,
2097 2629 2318 2682 abusive
2359 2626 2681 2681 sumendum
2721 2631 2826 2688 est,
2863 2630 3076 2675 servata
3115 2617 3214 2687 ipsi
3257 2612 3488 2669 naturali

1915 2738 2012 2777 sua
2042 2721 2390 2792 proprietate.
2422 2718 2607 2774 Gratia
2638 2717 2783 2770 enim
2812 2715 2917 2770 hoc
2942 2711 3211 2768 creaturis
3237 2709 3487 2779 largitur,

1915 2824 1976 2870 ut
1993 2814 2059 2869 de
2082 2815 2147 2869 iis
2164 2813 2392 2877 dicatur,
2417 2813 2611 2882 genuit.
2632 2807 2879 2864 lncreato
2899 2814 3079 2860 autem
3104 2813 3270 2873 atque
3288 2811 3492 2855 aeterno

1916 2906 2256 2970 DeiVerbo,
2294 2902 2685 2959 incarnationis
2734 2901 2945 2955 ratione
2996 2898 3098 2953 hoc
3138 2896 3395 2950 tribuitur
3433 2899 3494 2945 ut

1915 3006 2159 3053 creatum
2196 2996 2426 3050 dicatur.
2460 2992 2527 3046 Et
2560 3001 2822 3047 creaturae
2851 2989 3069 3059 quidem
3112 2986 3279 3040 verbo
3307 2998 3370 3037 ac
3400 2996 3495 3037 vo-

1918 3090 2127 3144 luntate
2159 3087 2252 3142 Dei
2283 3096 2544 3141 vocantur
2572 3085 2626 3138 in
2661 3082 3003 3153 adoptionem
3044 3078 3295 3133 ﬁliorum.
3329 3094 3347 3127 ι
3383 3073 3497 3145 Ego

237 3198 356 3251 υῦκ
383 3168 669 3269 ἐγέννησα.
708 3215 727 3249 ι
777 3199 835 3251 '0
863 3197 917 3251 δὲ
951 3197 1080 3260 Υίὸς
1111 3168 1210 3268 τὴν
1239 3168 1475 3269 ἄρρητον
1502 3168 1700 3249 ἑαυτοῦ
1732 3168 1819 3249 καῖ

1928 3180 2070 3235 enim
2100 3179 2233 3244 dixi,
2260 3179 2467 3247 inquit:
2498 3176 2611 3231 Non
2642 3176 2799 3247 genui
2817 3175 2919 3229 ⁸⁸.»
2948 3173 3121 3229 Filius
3144 3187 3275 3227 vero
3303 3168 3495 3224 inelfa—
3526 3208 3529 3209 ν

238 3284 480 3354 φυσικὴν
526 3285 593 3337 ἐκ
634 3285 849 3356 Πατρὸς
891 3284 1145 3355 γέννησιν
1197 3284 1564 3355 καταμηνύων
1593 3284 1817 3354 ἔλεγεν·

245 3394 264 3426 ι
286 3374 434 3444 ’Ἐγὼ
470 3376 536 3428 ὲκ
557 3376 653 3430 τοῦ
679 3377 893 3449 Πατρὸς
921 3377 1144 3448 ἐξῆλθον
1166 3378 1260 3432 καὶ
1286 3378 1426 3449 ήκω.
1466 3397 1486 3430 ι
1518 3377 1631 3432 Kal
1660 3376 1823 3433 πάλιν

239 3468 432 3537 ἓτερον
466 3468 658 3522 ἑαυτὸν
688 3469 840 3540 παρὰ
862 3468 960 3540 τὴν
990 3468 1097 3523 τῶν
1120 3469 1365 3541 γενητῶν
1381 3469 1543 3539 φύσιν
1571 3469 1697 3523 ὅντα
1722 3470 1824 3523 δει-

240 3559 453 3624 κνύων,
493 3561 687 3631 φησίν⁹
724 3580 743 3613 ι
791 3561 980 3632 Ὑμεῖς
1002 3564 1067 3615 ἐκ
1092 3560 1203 3615 τῶν
1226 3561 1378 3616 κάτω
1420 3561 1572 3626 ὲστὲ,
1617 3560 1728 3630 ἐγὼ
1758 3563 1824 3615 ὲκ

241 3651 353 3705 τῶν
380 3652 492 3707 ᾶνω
523 3653 662 3722 είμί.
702 3673 721 3705 ι
755 3654 828 3708 Οὐ
859 3654 970 3725 γὰρ
995 3655 1059 3725 δή
1092 3671 1175 3718 τις
1208 3655 1326 3724 ἐρεῖ
1350 3654 1645 3725 σωφρονῶν
1667 3670 1823 3707 τοπι-

244 3748 363 3809 κοῖς
403 3746 496 3799 καὶ
524 3746 977 3817 διαστηματικοῖς
1019 3746 1308 3818 ὑψώμασιν
1349 3745 1825 3818 ἀποσεμνύνεσθαι

245 3836 336 3889 τὸν
368 3836 462 3889 τοῦ
500 3836 637 3890 Θεοῦ
666 3838 837 3907 Λόγον
857 3855 870 3870 ’
894 3836 1032 3901 ἀλλὰ
1074 3839 1134 3891 τὸ
1167 3839 1265 3910 μὲν
1291 3838 1544 3892 ταπεινὸν
1571 3839 1671 3909 τῆς
1704 3856 1824 3892 κτι-

248 3927 382 3998 στῆς
415 3928 602 3993 οὐσίας
651 3928 739 3983 διὰ
772 3929 868 3983 τοῦ
904 3929 1060 3996 κάτω
1090 3916 1454 4002 σημαίνεται,
1487 3931 1550 3984 τὸ
1594 3931 1652 3985 δὲ
1690 3930 1827 4001 ὕψος

243 4021 348 4091 τῆς
372 4020 523 4085 θείας
563 4021 659 4085 καὶ
686 4021 865 4076 πάντα
912 4022 1318 4094 ὑπεραιρούσης
1356 4023 1571 4092 φύσεως
1605 4023 1695 4077 διὰ
1732 4023 1826 4076 τοῦ

246 4114 364 4169 ἄνω
396 4117 615 4168 νοεῖται.
658 4113 943 4185 Τοσαύτης
979 4114 1269 4186 τοιγαροῦν
1307 4114 1511 4184 μεταξὺ
1567 4114 1829 4186 κειμένης

246 4206 515 4287 διαφορᾶς
548 4205 870 4277 κτιζομένου
905 4205 1000 4259 καὶ
1032 4206 1408 4277 γεννήματος,
1436 4206 1823 4278 ἀδιαφορείτω-

248 4315 353 4359 σαν
386 4300 443 4361 ai.
462 4297 656 4364 λέξεις,
676 4299 767 4353 ὅτε
795 4297 994 4369 βλάϐος
1017 4298 1169 4353 οὐδὲν
1189 4297 1333 4353 κατὰ
1358 4298 1467 4352 τῶν
1490 4298 1826 4370 σημαινομέ-

248 4408 360 4445 νων
388 4391 620 4460 γίνεται.

248 4505 455 4570 ΛΛΛΟ,
479 4501 939 4572 διηγηματικῶς,
968 4504 1057 4569 εις
1085 4503 1175 4566 τὸ,
1211 4521 1230 4554 ι
1265 4502 1479 4572 Κύριος
1524 4501 1728 4557 sum
1751 4519 1829 4572 με

322 4574 523 4644 ἀρχὴν
548 4571 707 4628 ὁδῶν
749 4573 936 4644 αὐτοῦ
962 4614 976 4637 ,
1017 4592 1061 4644 ι,
1082 4573 1182 4628 καὶ
1221 4571 1472 4642 ἐφεξῆς
1531 4592 1550 4625 ι
1591 4573 1711 4641 Πρὸ
1755 4571 1830 4626 es

322 4641 567 4700 π’ἇντων
598 4642 845 4710 βουνῶν
878 4641 1062 4714 γεννᾷ
1079 4660 1175 4713 με.
1210 4661 1227 4693 ι

321 4761 387 4814 Εἰ
416 4758 523 4832 πρὸ
555 4759 775 4813 πάντων
800 4758 993 4812 ἑαυτὸν
1023 4756 1386 4829 γεγεννῆσθαί
1420 4773 1606 4827 φησιν,
1631 4773 1733 4810 ουκ
1762 4757 1830 4812 ἂν

251 4854 339 4923 ετη
360 4852 468 4908 τῶν
494 4851 713 4906 πάντων
737 4846 836 4916 εἷς,
876 4850 994 4905 ἀλλ’
1046 4850 1232 4921 ἕτερος
1257 4850 1391 4921 παρ’
1423 4849 1583 4903 αὑτά.
1614 4848 1696 4902 Τὰ
1731 4850 1832 4920 μὲν

250 4945 361 5015 γὰρ
406 4944 585 4996 πάντα
619 4945 677 4995 ὲν
726 4943 941 5004 ἑαυτοῖς
969 4939 1083 5011 ἔχει
1109 4939 1205 4993 κα)⁸
1226 4939 1325 5010 τὴν
1367 4939 1577 4993 οἰκείαν
1615 4938 1790 5009 ἀρχήν
1812 4955 1826 4968 ·

249 5037 352 5090 οὐκ
386 5036 450 5090 ἂν
481 5035 590 5106 γὰρ
618 5036 702 5106 είη
730 5034 908 5088 πάντα
936 5031 989 5085 εἴ
1016 5048 1071 5084 τι
1098 5032 1206 5085 τῶν
1236 5032 1295 5084 ὲν
1318 5030 1499 5093 αὐτοῖς
1527 5029 1632 5097 ἔξω
1668 5031 1830 5101 μένον

252 5129 581 5199 εὑρίσκοιτο.
620 5128 683 5180 Εἰ
713 5123 806 5181 οὖν
832 5126 940 5197 πρὸ
969 5126 1186 5179 πάντων
1213 5125 1243 5177 ό
1281 5123 1411 5186 Υἱὸς
1452 5122 1738 5195 ἐγεννήθη,
1772 5125 1830 5177 ἐν

254 5218 373 5288 ἰδίῳ
414 5218 511 5287 μὲν
547 5216 767 5288 ἀριθμῷ
805 5215 874 5269 τὰ
904 5215 1082 5269 πάντα
1106 5214 1377 5268 κείσεται·
1412 5213 1515 5277 ἔξω
1559 5212 1617 5265 δὲ
1654 5212 1833 5267 αὐτῶν

248 5312 287 5380 ἡ
322 5309 417 5363 τοῦ
444 5310 575 5362 Υἱοῦ
604 5309 924 5378 νοηθήσεται
949 5307 1224 5378 γέννησις.
1272 5307 1329 5360 '0
1359 5305 1416 5359 δὲ
1439 5307 1551 5368 τοῖς
1582 5307 1832 5376 γενητοῖς

252 5400 612 5464 ἀσύντακτος,
637 5400 829 5471 ἑτέρας
857 5399 923 5453 ἂν
947 5399 1032 5469 εἴη
1067 5398 1283 5468 φύσεως
1309 5398 1438 5469 παρ’
1468 5396 1833 5467 αὐτά.Ἐγεν·

253 5491 396 5563 νήθη
430 5491 741 5562 τοιγαροῦν,
774 5491 912 5545 καθὸ
938 5492 1108 5561 Λόγος
1130 5491 1296 5555 ἐστὶν,
1319 5492 1383 5543 ὲκ
1409 5488 1625 5562 Πατρός
1642 5505 1655 5518 ·
1689 5489 1836 5542 ἐκτί-

256 5582 363 5653 σθη
392 5582 473 5649 δὲ,
534 5583 668 5636 καθὸ
716 5583 1003 5655 ἄνθρωπος
1029 5622 1045 5648 ,
1102 5583 1198 5637 καὶ
1232 5582 1453 5652 γέγονεν
1491 5581 1634 5654 ἀρχὴ
1674 5579 1833 5635 ὁδῶν.

1920 3269 2083 3324 bilem
2130 3284 2282 3324 suam
2328 3279 2383 3322 et
2430 3267 2731 3321 naturalem
2772 3280 2838 3320 ex
2884 3264 3045 3319 Patre
3089 3259 3495 3332 generationem

1922 3362 2226 3428 declarans,
2254 3360 2426 3431 inquit
2450 3378 2464 3414 :
2496 3378 2515 3412 ι
2551 3359 2661 3429 Ego
2683 3374 2752 3414 ex
2776 3357 2936 3413 Patre
2958 3356 3098 3413 exivi
3123 3365 3178 3411 et
3198 3354 3357 3408 venio
3372 3352 3441 3406 “.
3471 3369 3494 3403 ι

1927 3454 1992 3509 Ει
2025 3470 2214 3509 rursus
2243 3453 2406 3507 alium
2437 3467 2557 3507 esse
2588 3466 2650 3505 se
2677 3465 2705 3503 a
2735 3448 3003 3505 creaturis
3032 3448 3345 3509 ostendens,
3371 3442 3449 3498 ait
3479 3460 3494 3496 :

1928 3545 2084 3618 165
2138 3564 2159 3596 ι
2214 3545 2319 3601 Vos
2366 3545 2431 3599 de
2475 3545 2727 3599 deorsum
2777 3542 2943 3607 estis,
2989 3554 3090 3611 ego
3135 3553 3202 3593 ex
3248 3535 3501 3606 supernis

1924 3654 2043 3692 sum
2071 3636 2136 3691 °‘.
2177 3656 2197 3690 ι
2233 3635 2417 3704 Neque
2445 3636 2586 3690 enim
2620 3634 2906 3703 quisquam
2938 3646 3085 3687 sana:
3116 3630 3315 3685 mentis
3344 3629 3499 3684 dixe-

1926 3728 2017 3796 rit,
2048 3728 2225 3793 locali,
2256 3739 2482 3798 qumque
2508 3725 2806 3796 spatiorum
2835 3721 3391 3785 intervallisconstet,
3421 3718 3502 3773 al-

1927 3826 2156 3881 titudine
2180 3824 2269 3878 Dei
2289 3822 2521 3878 Verbum
2543 3818 2787 3892 gloriari,
2808 3819 2902 3874 sed
2924 3815 3281 3872 humilitatem
3304 3821 3501 3869 creatae

1927 3918 2244 3976 substantiae
2294 3929 2391 3986 per
2434 3914 2678 3969 deorsum
2725 3910 3021 3980 signiﬁcari
3066 3925 3081 3962 :
3124 3906 3500 3963 celsitudinem

1926 4025 2057 4065 vero
2099 4009 2295 4064 divinae
2340 4005 2631 4075 omniaque
2680 3998 3111 4057 transcendentis
3155 4005 3362 4052 naturae
3408 4010 3519 4064 per.

1928 4118 2179 4173 superna.
2228 4101 2363 4157 Cum
2418 4100 2582 4170 igitur
2629 4104 2840 4151 tantum
2896 4094 2969 4148 sit
3020 4091 3314 4147 discrimen
3362 4088 3525 4147 inter.

1928 4206 2170 4252 creattnn
2204 4204 2259 4249 et
2294 4192 2559 4261 genitum,
2597 4188 2759 4243 verba
2795 4184 3167 4241 indillerenter
3198 4180 3505 4250 capiantur,

1929 4290 2143 4360 quando
2182 4285 2385 4341 nullum
2431 4283 2499 4339 iis
2540 4295 2661 4353 quae
2704 4278 3082 4338 signiﬁcantur
3120 4273 3372 4329 damnum
3414 4270 3519 4327 ln-.

1931 4381 2125 4434 fertur.

1934 4490 2144 4548 ALIUD
2174 4487 2508 4559 explicatius.
2544 4485 2599 4537 in
2628 4483 2725 4535 hoc
2758 4483 2929 4549 ipsum
2945 4495 2981 4559 ε’
2995 4495 3013 4529 ι
3040 4476 3293 4559 Dominus
3315 4475 3509 4559 creavit

2007 4579 2088 4616 me
2132 4546 2341 4613 initium
2379 4546 2585 4610 viarum
2611 4546 2851 4607 suarum.
2885 4569 2904 4603 ι
2933 4546 3003 4602 Et
3052 4546 3242 4603 deinde
3269 4561 3290 4600 :
3322 4563 3342 4598 ι
3376 4546 3510 4600 Ante

2010 4648 2185 4688 omnes
2217 4629 2376 4684 colles
2408 4625 2581 4697 genuit
2615 4639 2714 4676 me.
2754 4641 2772 4673 ι

2012 4747 2071 4802 Si
2099 4755 2227 4800 ante
2247 4741 2429 4799 omnia
2461 4754 2521 4795 se
2549 4738 2792 4809 genitum
2823 4748 2943 4790 esse
2994 4731 3187 4802 inquit,
3222 4740 3369 4785 certe
3399 4742 3508 4782 non

1938 4840 2042 4895 erit
2076 4853 2217 4893 unus
2246 4850 2310 4890 ex
2337 4831 2614 4896 omnibus,
2650 4829 2744 4883 sed
2765 4827 3014 4882 diversus
3044 4828 3111 4881 ab
3128 4824 3268 4879 aliis.
3304 4822 3535 4883 Caetera,

1939 4934 2084 4987 enim
2118 4930 2301 4986 omnia
2352 4927 2404 4981 in
2440 4924 2634 4994 seipsis
2690 4922 2895 4976 habent
2944 4933 3099 4975 suum
3154 4915 3535 4987 principium;

1940 5037 2115 5094 neque
2146 5023 2291 5077 enim
2317 5029 2501 5075 essent
2521 5015 2726 5080 omnia,
2782 5013 2828 5069 si
2873 5011 3003 5082 quid
3061 5009 3114 5064 in
3184 5007 3317 5076 ipsis
3360 5014 3536 5065 extra.

1942 5130 2167 5172 manens
2219 5113 2572 5182 reperiretur.
2624 5108 2681 5162 Si
2717 5120 2848 5177 ergo
2895 5114 3023 5158 ante
3071 5100 3253 5155 omnia
3300 5098 3536 5165 genitus.

1940 5219 2023 5267 est
2052 5208 2244 5270 Filius,
2274 5204 2492 5276 proprio
2525 5218 2623 5256 suo
2665 5213 2890 5255 numero
2922 5196 3103 5253 omnia
3154 5194 3525 5264 comprehen-.

1941 5302 2147 5357 duntur
2180 5315 2193 5351 :
2229 5309 2381 5352 extra
2418 5310 2546 5349 vero
2574 5293 2661 5347 illa
2689 5290 2813 5346 Filii
2858 5288 3141 5360 generatio
3174 5282 3517 5353 intelligitur.

1942 5394 2045 5463 Qui
2078 5401 2258 5447 autem
2294 5389 2569 5461 generatis
2603 5382 2951 5439 annumerari
3006 5394 3113 5435 non
3166 5386 3343 5446 pmest
3374 5415 3390 5440 ,
3431 5377 3519 5430 di-

1941 5500 2118 5541 versae
2146 5484 2215 5538 ab
2248 5481 2381 5551 ipsis
2420 5488 2625 5533 naturae
2656 5476 2728 5532 sit
2762 5482 2998 5545 oportet.
3050 5470 3280 5527 Genitus
3335 5472 3519 5539 itaque

1943 5586 2029 5633 est
2063 5586 2337 5646 quatenus
2378 5579 2461 5627 est
2484 5568 2721 5626 Verbum
2742 5581 2807 5623 ex
2844 5564 3052 5632 Patre;
3076 5570 3303 5619 creatus.
3330 5576 3466 5614 vero
3498 5598 3516 5625 ,

260 5676 474 5745 Ὠσπερ
503 5669 597 5729 οὖν
635 5676 818 5745 ἡμεῖς,
841 5675 930 5729 ὅτε
952 5673 1043 5728 τὸν
1071 5672 1166 5727 τοῦ
1193 5671 1327 5726 Θεοῦ
1351 5673 1519 5743 Λόγον
1544 5673 1603 5725 ὲν
1627 5672 1819 5731 ἑαυτοῖς

1946 5676 2213 5739 quatenus
2238 5667 2422 5728 homo,
2460 5672 2515 5718 et
2544 5661 2721 5717 lactus
2761 5667 2845 5715 est
2894 5656 3223 5729 principiqu
3278 5654 3515 5710 viarum.

334 5832 381 5865 "
413 5830 555 5889 Psal.
586 5847 730 5902 κων,
761 5833 815 5889 '2.
894 5834 937 5864 εδ
971 5831 1073 5888 lsa.
1118 5847 1268 5898 mu,
1310 5832 1361 5889 4.
1441 5830 1659 5888 “Juan.
1696 5843 1803 5897 xw,

2007 5827 2051 5859 ⁵⁸
2091 5823 2247 5882 Joau.
2282 5839 2399 5891 vtu,
2431 5822 2519 5878 25.
