  <div class='ocr_page' id='page_1' title='image "/cluster/home/n/w/nwhite01/storage/ocr_20150623/75/nnc1.0046980121/159.png"; bbox 0 0 3882 6210; ppageno 0'>
   <div class='ocr_carea' id='block_1_1' title="bbox 377 350 483 407">
    <p class='ocr_par' dir='ltr' id='par_1_1' title="bbox 377 350 483 407">
     <span class='ocr_line' id='line_1_1' title="bbox 377 350 483 407; baseline -0.009 0"><span class='ocrx_word' id='word_1_1' title='bbox 377 350 483 407; x_wconf 73' lang='grc'><strong>279</strong></span> 
     </span>
    </p>
   </div>
   <div class='ocr_carea' id='block_1_2' title="bbox 1446 359 2685 425">
    <p class='ocr_par' dir='ltr' id='par_1_2' title="bbox 1446 359 2685 425">
     <span class='ocr_line' id='line_1_2' title="bbox 1446 359 2685 425; baseline 0.01 -13"><span class='ocrx_word' id='word_1_2' title='bbox 1446 362 1505 413; x_wconf 83' lang='lat' dir='ltr'><strong>S.</strong></span> <span class='ocrx_word' id='word_1_3' title='bbox 1547 359 1818 415; x_wconf 76' lang='lat' dir='ltr'><strong>CYRILLI</strong></span> <span class='ocrx_word' id='word_1_4' title='bbox 1857 362 2326 420; x_wconf 70' lang='lat' dir='ltr'><strong>ALEXANDRINI</strong></span> <span class='ocrx_word' id='word_1_5' title='bbox 2364 366 2685 425; x_wconf 81' lang='lat' dir='ltr'><strong>ARCHIEP.</strong></span> 
     </span>
    </p>
   </div>
   <div class='ocr_carea' id='block_1_3' title="bbox 3522 370 3632 427">
    <p class='ocr_par' dir='ltr' id='par_1_3' title="bbox 3522 370 3632 427">
     <span class='ocr_line' id='line_1_3' title="bbox 3522 370 3632 427; baseline 0 -2"><span class='ocrx_word' id='word_1_6' title='bbox 3522 370 3632 427; x_wconf 76' lang='lat'><strong>280</strong></span> 
     </span>
    </p>
   </div>
   <div class='ocr_carea' id='block_1_4' title="bbox 376 470 1932 564">
    <p class='ocr_par' dir='ltr' id='par_1_4' title="bbox 376 470 1932 546">
     <span class='ocr_line' id='line_1_4' title="bbox 376 470 1932 546; baseline 0.013 -25"><span class='ocrx_word' id='word_1_7' title='bbox 376 470 838 538; x_wconf 75' lang='lat' dir='ltr'><strong>Quemadmodum</strong></span> <span class='ocrx_word' id='word_1_8' title='bbox 868 475 1030 546; x_wconf 91' lang='lat' dir='ltr'><strong>igitur</strong></span> <span class='ocrx_word' id='word_1_9' title='bbox 1058 492 1327 539; x_wconf 77' lang='lat' dir='ltr'><strong>nos,.cum</strong></span> <span class='ocrx_word' id='word_1_10' title='bbox 1364 478 1596 534; x_wconf 86' lang='lat' dir='ltr'><strong>Verbum</strong></span> <span class='ocrx_word' id='word_1_11' title='bbox 1628 482 1720 536; x_wconf 81' lang='lat' dir='ltr'><strong>Dei</strong></span> <span class='ocrx_word' id='word_1_12' title='bbox 1756 484 1810 539; x_wconf 88' lang='lat' dir='ltr'><strong>in</strong></span> <span class='ocrx_word' id='word_1_13' title='bbox 1842 502 1932 539; x_wconf 86' lang='lat' dir='ltr'><strong>no-</strong></span> 
     </span>
    </p>
   </div>
   <div class='ocr_carea' id='block_1_5' title="bbox 2040 470 3632 564">
    <p class='ocr_par' dir='ltr' id='par_1_5' title="bbox 2045 488 3632 564">
     <span class='ocr_line' id='line_1_5' title="bbox 2045 488 3632 564; baseline 0.003 -23"><span class='ocrx_word' id='word_1_14' title='bbox 2045 488 2335 560; x_wconf 89' lang='grc' dir='ltr'>δεχόμεθα,</span> <span class='ocrx_word' id='word_1_15' title='bbox 2384 490 2453 544; x_wconf 85' lang='grc' dir='ltr'>δι’</span> <span class='ocrx_word' id='word_1_16' title='bbox 2487 492 2649 545; x_wconf 74' lang='grc' dir='ltr'>αὐτὸν</span> <span class='ocrx_word' id='word_1_17' title='bbox 2693 493 2801 545; x_wconf 79' lang='grc' dir='ltr'>υίοι</span> <span class='ocrx_word' id='word_1_18' title='bbox 2834 492 3147 564; x_wconf 76' lang='grc' dir='ltr'><strong>καλούμεθα</strong></span> <span class='ocrx_word' id='word_1_19' title='bbox 3179 492 3273 546; x_wconf 87' lang='grc' dir='ltr'><strong>τοῦ</strong></span> <span class='ocrx_word' id='word_1_20' title='bbox 3299 490 3458 556; x_wconf 85' lang='grc' dir='ltr'>Θεοῦ,</span> <span class='ocrx_word' id='word_1_21' title='bbox 3484 493 3632 546; x_wconf 84' lang='grc' dir='ltr'><strong>κατά</strong></span> 
     </span>
    </p>
   </div>
   <div class='ocr_carea' id='block_1_6' title="bbox 374 563 1947 644">
    <p class='ocr_par' dir='ltr' id='par_1_6' title="bbox 374 563 1947 644">
     <span class='ocr_line' id='line_1_6' title="bbox 374 563 1947 644; baseline 0.009 -28"><span class='ocrx_word' id='word_1_22' title='bbox 374 563 460 617; x_wconf 89' lang='lat' dir='ltr'><strong>bis</strong></span> <span class='ocrx_word' id='word_1_23' title='bbox 499 565 854 633; x_wconf 80' lang='lat' dir='ltr'><strong>suscipimus,</strong></span> <span class='ocrx_word' id='word_1_24' title='bbox 901 582 995 636; x_wconf 89' lang='lat' dir='ltr'><strong>per</strong></span> <span class='ocrx_word' id='word_1_25' title='bbox 1042 568 1215 637; x_wconf 90' lang='lat' dir='ltr'><strong>ipsum</strong></span> <span class='ocrx_word' id='word_1_26' title='bbox 1267 585 1528 625; x_wconf 82' lang='lat' dir='ltr'><strong>vocamur</strong></span> <span class='ocrx_word' id='word_1_27' title='bbox 1578 573 1675 628; x_wconf 89' lang='lat' dir='ltr'><strong>ﬁlii</strong></span> <span class='ocrx_word' id='word_1_28' title='bbox 1731 576 1824 629; x_wconf 87' lang='lat' dir='ltr'><strong>Dei</strong></span> <span class='ocrx_word' id='word_1_29' title='bbox 1880 578 1947 644; x_wconf 80' lang='grc'>⁸⁷,</span> 
     </span>
    </p>
   </div>
   <div class='ocr_carea' id='block_1_7' title="bbox 374 656 1951 735">
    <p class='ocr_par' dir='ltr' id='par_1_7' title="bbox 374 656 1951 735">
     <span class='ocr_line' id='line_1_7' title="bbox 374 656 1951 735; baseline 0.011 -30"><span class='ocrx_word' id='word_1_30' title='bbox 374 668 499 706; x_wconf 90' lang='lat' dir='ltr'><strong>cum</strong></span> <span class='ocrx_word' id='word_1_31' title='bbox 530 664 721 707; x_wconf 89' lang='lat' dir='ltr'><strong>natura</strong></span> <span class='ocrx_word' id='word_1_32' title='bbox 742 656 914 711; x_wconf 90' lang='lat' dir='ltr'><strong>simus</strong></span> <span class='ocrx_word' id='word_1_33' title='bbox 942 668 1230 723; x_wconf 67' lang='lat' dir='ltr'><strong>creaturae,</strong></span> <span class='ocrx_word' id='word_1_34' title='bbox 1266 660 1338 714; x_wconf 91' lang='lat' dir='ltr'><strong>ita</strong></span> <span class='ocrx_word' id='word_1_35' title='bbox 1365 662 1529 715; x_wconf 86' lang='lat' dir='ltr'><strong>etiam</strong></span> <span class='ocrx_word' id='word_1_36' title='bbox 1564 663 1701 732; x_wconf 90' lang='lat' dir='ltr'><strong>ipse,</strong></span> <span class='ocrx_word' id='word_1_37' title='bbox 1733 667 1951 735; x_wconf 81' lang='lat' dir='ltr'><strong>quando</strong></span> 
     </span>
    </p>
   </div>
   <div class='ocr_carea' id='block_1_8' title="bbox 374 750 1947 827">
    <p class='ocr_par' dir='ltr' id='par_1_8' title="bbox 374 750 1947 827">
     <span class='ocr_line' id='line_1_8' title="bbox 374 750 1947 827; baseline 0.01 -30"><span class='ocrx_word' id='word_1_38' title='bbox 374 760 594 801; x_wconf 84' lang='lat' dir='ltr'><strong>carnem</strong></span> <span class='ocrx_word' id='word_1_39' title='bbox 624 757 863 801; x_wconf 82' lang='lat' dir='ltr'><strong>nostram</strong></span> <span class='ocrx_word' id='word_1_40' title='bbox 891 750 1143 813; x_wconf 77' lang='lat' dir='ltr'><strong>assumit,</strong></span> <span class='ocrx_word' id='word_1_41' title='bbox 1170 762 1398 806; x_wconf 87' lang='lat' dir='ltr'><strong>vocatur</strong></span> <span class='ocrx_word' id='word_1_42' title='bbox 1425 763 1679 809; x_wconf 77' lang='lat' dir='ltr'><strong>creatura</strong></span> <span class='ocrx_word' id='word_1_43' title='bbox 1711 769 1765 811; x_wconf 89' lang='lat' dir='ltr'><strong>et</strong></span> <span class='ocrx_word' id='word_1_44' title='bbox 1792 772 1947 827; x_wconf 89' lang='lat' dir='ltr'><strong>opus,</strong></span> 
     </span>
    </p>
   </div>
   <div class='ocr_carea' id='block_1_9' title="bbox 374 839 1950 905">
    <p class='ocr_par' dir='ltr' id='par_1_9' title="bbox 374 839 1950 905">
     <span class='ocr_line' id='line_1_9' title="bbox 374 839 1950 905; baseline 0.012 -20"><span class='ocrx_word' id='word_1_45' title='bbox 374 851 496 887; x_wconf 89' lang='lat' dir='ltr'><strong>enm</strong></span> <span class='ocrx_word' id='word_1_46' title='bbox 532 848 721 889; x_wconf 89' lang='lat' dir='ltr'><strong>natura</strong></span> <span class='ocrx_word' id='word_1_47' title='bbox 767 839 836 891; x_wconf 92' lang='lat' dir='ltr'><strong>sit</strong></span> <span class='ocrx_word' id='word_1_48' title='bbox 880 839 1073 897; x_wconf 79' lang='lat' dir='ltr'><strong>Filius.</strong></span> <span class='ocrx_word' id='word_1_49' title='bbox 1107 842 1173 895; x_wconf 86' lang='lat' dir='ltr'><strong>Et</strong></span> <span class='ocrx_word' id='word_1_50' title='bbox 1208 858 1396 897; x_wconf 87' lang='lat' dir='ltr'><strong>rursus</strong></span> <span class='ocrx_word' id='word_1_51' title='bbox 1432 860 1445 897; x_wconf 88' lang='lat'><strong>:</strong></span> <span class='ocrx_word' id='word_1_52' title='bbox 1480 848 1622 900; x_wconf 91' lang='lat' dir='ltr'><strong>sicut</strong></span> <span class='ocrx_word' id='word_1_53' title='bbox 1658 847 1800 904; x_wconf 87' lang='lat' dir='ltr'><strong>Deus</strong></span> <span class='ocrx_word' id='word_1_54' title='bbox 1828 865 1950 905; x_wconf 88' lang='lat' dir='ltr'><strong>cum</strong></span> 
     </span>
    </p>
   </div>
   <div class='ocr_carea' id='block_1_10' title="bbox 374 926 1950 1003">
    <p class='ocr_par' dir='ltr' id='par_1_10' title="bbox 374 926 1950 1003">
     <span class='ocr_line' id='line_1_10' title="bbox 374 926 1950 1003; baseline 0.011 -24"><span class='ocrx_word' id='word_1_55' title='bbox 374 926 444 979; x_wconf 85' lang='lat' dir='ltr'><strong>sit</strong></span> <span class='ocrx_word' id='word_1_56' title='bbox 480 936 663 981; x_wconf 88' lang='lat' dir='ltr'><strong>noster</strong></span> <span class='ocrx_word' id='word_1_57' title='bbox 707 940 943 994; x_wconf 78' lang='lat' dir='ltr'><strong>creator,</strong></span> <span class='ocrx_word' id='word_1_58' title='bbox 992 930 1156 987; x_wconf 86' lang='lat' dir='ltr'><strong>Pater</strong></span> <span class='ocrx_word' id='word_1_59' title='bbox 1191 934 1319 989; x_wconf 91' lang='lat' dir='ltr'><strong>item</strong></span> <span class='ocrx_word' id='word_1_60' title='bbox 1368 945 1555 991; x_wconf 88' lang='lat' dir='ltr'><strong>noster</strong></span> <span class='ocrx_word' id='word_1_61' title='bbox 1584 978 1599 1003; x_wconf 91' lang='lat'><strong>,</strong></span> <span class='ocrx_word' id='word_1_62' title='bbox 1656 940 1735 994; x_wconf 90' lang='lat' dir='ltr'><strong>sic</strong></span> <span class='ocrx_word' id='word_1_63' title='bbox 1788 942 1950 996; x_wconf 90' lang='lat' dir='ltr'><strong>etiam</strong></span> 
     </span>
    </p>
   </div>
   <div class='ocr_carea' id='block_1_11' title="bbox 375 1017 1949 1101">
    <p class='ocr_par' dir='ltr' id='par_1_11' title="bbox 375 1017 1949 1101">
     <span class='ocr_line' id='line_1_11' title="bbox 375 1017 1949 1101; baseline 0.01 -30"><span class='ocrx_word' id='word_1_64' title='bbox 375 1035 498 1073; x_wconf 90' lang='lat' dir='ltr'><strong>cum</strong></span> <span class='ocrx_word' id='word_1_65' title='bbox 528 1017 689 1078; x_wconf 85' lang='lat' dir='ltr'><strong>Verbi</strong></span> <span class='ocrx_word' id='word_1_66' title='bbox 724 1022 813 1077; x_wconf 90' lang='lat' dir='ltr'><strong>Dei</strong></span> <span class='ocrx_word' id='word_1_67' title='bbox 846 1023 1006 1078; x_wconf 85' lang='lat' dir='ltr'><strong>Pater</strong></span> <span class='ocrx_word' id='word_1_68' title='bbox 1064 1028 1358 1081; x_wconf 86' lang='lat' dir='ltr'><strong>secundum</strong></span> <span class='ocrx_word' id='word_1_69' title='bbox 1414 1041 1661 1084; x_wconf 80' lang='lat' dir='ltr'><strong>naturam</strong></span> <span class='ocrx_word' id='word_1_70' title='bbox 1701 1033 1949 1101; x_wconf 77' lang='lat' dir='ltr'><strong>exsistat,</strong></span> 
     </span>
    </p>
   </div>
   <div class='ocr_carea' id='block_1_12' title="bbox 373 1112 1950 1196">
    <p class='ocr_par' dir='ltr' id='par_1_12' title="bbox 373 1112 1950 1196">
     <span class='ocr_line' id='line_1_12' title="bbox 373 1112 1950 1196; baseline 0.011 -32"><span class='ocrx_word' id='word_1_71' title='bbox 373 1112 490 1180; x_wconf 77' lang='lat' dir='ltr'><strong>eius</strong></span> <span class='ocrx_word' id='word_1_72' title='bbox 512 1128 731 1185; x_wconf 84' lang='lat' dir='ltr'><strong>quoque</strong></span> <span class='ocrx_word' id='word_1_73' title='bbox 764 1126 978 1170; x_wconf 84' lang='lat' dir='ltr'><strong>creator</strong></span> <span class='ocrx_word' id='word_1_74' title='bbox 1026 1116 1298 1185; x_wconf 79' lang='lat' dir='ltr'><strong>efﬁcitur;</strong></span> <span class='ocrx_word' id='word_1_75' title='bbox 1343 1135 1468 1175; x_wconf 88' lang='lat' dir='ltr'><strong>cum</strong></span> <span class='ocrx_word' id='word_1_76' title='bbox 1523 1123 1777 1178; x_wconf 90' lang='lat' dir='ltr'><strong>nimirum</strong></span> <span class='ocrx_word' id='word_1_77' title='bbox 1824 1141 1950 1196; x_wconf 84' lang='lat' dir='ltr'><strong>pro-</strong></span> 
     </span>
    </p>
   </div>
   <div class='ocr_carea' id='block_1_13' title="bbox 374 1207 1947 1284">
    <p class='ocr_par' dir='ltr' id='par_1_13' title="bbox 374 1207 1947 1284">
     <span class='ocr_line' id='line_1_13' title="bbox 374 1207 1947 1284; baseline 0.011 -27"><span class='ocrx_word' id='word_1_78' title='bbox 374 1216 494 1273; x_wconf 92' lang='lat' dir='ltr'><strong>pter</strong></span> <span class='ocrx_word' id='word_1_79' title='bbox 517 1222 617 1261; x_wconf 94' lang='lat' dir='ltr'><strong>nos</strong></span> <span class='ocrx_word' id='word_1_80' title='bbox 647 1207 708 1262; x_wconf 83' lang='lat' dir='ltr'><strong>ﬁt</strong></span> <span class='ocrx_word' id='word_1_81' title='bbox 732 1209 932 1264; x_wconf 89' lang='lat' dir='ltr'><strong>similis</strong></span> <span class='ocrx_word' id='word_1_82' title='bbox 984 1212 1270 1266; x_wconf 86' lang='lat' dir='ltr'><strong>creaturis.</strong></span> <span class='ocrx_word' id='word_1_83' title='bbox 1324 1212 1379 1267; x_wconf 91' lang='lat' dir='ltr'><strong>Si</strong></span> <span class='ocrx_word' id='word_1_84' title='bbox 1433 1229 1563 1284; x_wconf 88' lang='lat' dir='ltr'><strong>ergo</strong></span> <span class='ocrx_word' id='word_1_85' title='bbox 1613 1231 1711 1271; x_wconf 92' lang='lat' dir='ltr'><strong>nos</strong></span> <span class='ocrx_word' id='word_1_86' title='bbox 1756 1230 1947 1274; x_wconf 89' lang='lat' dir='ltr'><strong>natura</strong></span> 
     </span>
    </p>
   </div>
   <div class='ocr_carea' id='block_1_14' title="bbox 372 1296 1945 1372">
    <p class='ocr_par' dir='ltr' id='par_1_14' title="bbox 372 1296 1945 1372">
     <span class='ocr_line' id='line_1_14' title="bbox 372 1296 1945 1372; baseline 0.01 -22"><span class='ocrx_word' id='word_1_87' title='bbox 372 1296 466 1351; x_wconf 91' lang='lat' dir='ltr'><strong>ﬁlii</strong></span> <span class='ocrx_word' id='word_1_88' title='bbox 516 1313 727 1367; x_wconf 90' lang='lat' dir='ltr'><strong>sumus,</strong></span> <span class='ocrx_word' id='word_1_89' title='bbox 784 1301 889 1356; x_wconf 91' lang='lat' dir='ltr'><strong>erit</strong></span> <span class='ocrx_word' id='word_1_90' title='bbox 935 1304 1099 1356; x_wconf 92' lang='lat' dir='ltr'><strong>etiam</strong></span> <span class='ocrx_word' id='word_1_91' title='bbox 1164 1304 1280 1372; x_wconf 87' lang='lat' dir='ltr'><strong>ipse</strong></span> <span class='ocrx_word' id='word_1_92' title='bbox 1341 1308 1659 1363; x_wconf 85' lang='lat' dir='ltr'><strong>naturaliter</strong></span> <span class='ocrx_word' id='word_1_93' title='bbox 1696 1320 1945 1365; x_wconf 88' lang='lat' dir='ltr'><strong>creatura</strong></span> 
     </span>
    </p>
   </div>
   <div class='ocr_carea' id='block_1_15' title="bbox 371 1392 1943 1472">
    <p class='ocr_par' dir='ltr' id='par_1_15' title="bbox 371 1392 1943 1472">
     <span class='ocr_line' id='line_1_15' title="bbox 371 1392 1943 1472; baseline 0.01 -30"><span class='ocrx_word' id='word_1_94' title='bbox 371 1398 427 1443; x_wconf 90' lang='lat' dir='ltr'><strong>et</strong></span> <span class='ocrx_word' id='word_1_95' title='bbox 462 1405 619 1459; x_wconf 91' lang='lat' dir='ltr'><strong>opus.</strong></span> <span class='ocrx_word' id='word_1_96' title='bbox 653 1392 726 1446; x_wconf 85' lang='lat' dir='ltr'><strong>At</strong></span> <span class='ocrx_word' id='word_1_97' title='bbox 752 1407 881 1448; x_wconf 89' lang='lat' dir='ltr'><strong>vero</strong></span> <span class='ocrx_word' id='word_1_98' title='bbox 925 1394 971 1448; x_wconf 92' lang='lat' dir='ltr'><strong>si</strong></span> <span class='ocrx_word' id='word_1_99' title='bbox 1005 1409 1102 1451; x_wconf 90' lang='lat' dir='ltr'><strong>nos</strong></span> <span class='ocrx_word' id='word_1_100' title='bbox 1150 1396 1506 1465; x_wconf 84' lang='lat' dir='ltr'><strong>dispositione</strong></span> <span class='ocrx_word' id='word_1_101' title='bbox 1544 1407 1601 1455; x_wconf 90' lang='lat' dir='ltr'><strong>et</strong></span> <span class='ocrx_word' id='word_1_102' title='bbox 1642 1402 1817 1472; x_wconf 87' lang='lat' dir='ltr'><strong>gratia</strong></span> <span class='ocrx_word' id='word_1_103' title='bbox 1850 1419 1943 1459; x_wconf 84' lang='lat' dir='ltr'><strong>vo-</strong></span> 
     </span>
    </p>
   </div>
   <div class='ocr_carea' id='block_1_16' title="bbox 370 1482 1944 1559">
    <p class='ocr_par' dir='ltr' id='par_1_16' title="bbox 370 1482 1944 1559">
     <span class='ocr_line' id='line_1_16' title="bbox 370 1482 1944 1559; baseline 0.012 -27"><span class='ocrx_word' id='word_1_104' title='bbox 370 1494 560 1535; x_wconf 85' lang='lat' dir='ltr'><strong>camur</strong></span> <span class='ocrx_word' id='word_1_105' title='bbox 598 1482 717 1548; x_wconf 85' lang='lat' dir='ltr'><strong>ﬁlii,</strong></span> <span class='ocrx_word' id='word_1_106' title='bbox 770 1484 875 1540; x_wconf 92' lang='lat' dir='ltr'><strong>erit</strong></span> <span class='ocrx_word' id='word_1_107' title='bbox 902 1486 1069 1541; x_wconf 84' lang='lat' dir='ltr'><strong>etiarn</strong></span> <span class='ocrx_word' id='word_1_108' title='bbox 1099 1486 1214 1556; x_wconf 89' lang='lat' dir='ltr'><strong>ipse</strong></span> <span class='ocrx_word' id='word_1_109' title='bbox 1248 1488 1603 1559; x_wconf 87' lang='lat' dir='ltr'><strong>dispositione</strong></span> <span class='ocrx_word' id='word_1_110' title='bbox 1644 1504 1898 1550; x_wconf 86' lang='lat' dir='ltr'><strong>creatura</strong></span> <span class='ocrx_word' id='word_1_111' title='bbox 1931 1537 1944 1557; x_wconf 82' lang='lat'><strong>,</strong></span> 
     </span>
    </p>
   </div>
   <div class='ocr_carea' id='block_1_17' title="bbox 372 1573 1943 1647">
    <p class='ocr_par' dir='ltr' id='par_1_17' title="bbox 372 1573 1943 1647">
     <span class='ocr_line' id='line_1_17' title="bbox 372 1573 1943 1647; baseline 0.012 -23"><span class='ocrx_word' id='word_1_112' title='bbox 372 1573 675 1629; x_wconf 71' lang='lat' dir='ltr'><strong>[naturalem</strong></span> <span class='ocrx_word' id='word_1_113' title='bbox 713 1589 868 1631; x_wconf 88' lang='lat' dir='ltr'><strong>suam</strong></span> <span class='ocrx_word' id='word_1_114' title='bbox 890 1578 1208 1647; x_wconf 87' lang='lat' dir='ltr'><strong>dignitatem</strong></span> <span class='ocrx_word' id='word_1_115' title='bbox 1241 1582 1312 1636; x_wconf 89' lang='lat' dir='ltr'><strong>ob</strong></span> <span class='ocrx_word' id='word_1_116' title='bbox 1362 1581 1790 1640; x_wconf 86' lang='lat' dir='ltr'><strong>incarnationem</strong></span> <span class='ocrx_word' id='word_1_117' title='bbox 1836 1605 1943 1644; x_wconf 88' lang='lat' dir='ltr'><strong>non</strong></span> 
     </span>
    </p>
   </div>
   <div class='ocr_carea' id='block_1_18' title="bbox 372 1664 652 1721">
    <p class='ocr_par' dir='ltr' id='par_1_18' title="bbox 372 1664 652 1721">
     <span class='ocr_line' id='line_1_18' title="bbox 372 1664 652 1721; baseline 0.014 -4"><span class='ocrx_word' id='word_1_118' title='bbox 372 1664 652 1721; x_wconf 84' lang='lat' dir='ltr'><strong>amittens.</strong></span> 
     </span>
    </p>
   </div>
   <div class='ocr_carea' id='block_1_19' title="bbox 2053 575 3632 653">
    <p class='ocr_par' dir='ltr' id='par_1_19' title="bbox 2053 575 3632 653">
     <span class='ocr_line' id='line_1_19' title="bbox 2053 575 3632 653; baseline 0.005 -25"><span class='ocrx_word' id='word_1_119' title='bbox 2053 575 2217 643; x_wconf 84' lang='grc' dir='ltr'>φύσιν</span> <span class='ocrx_word' id='word_1_120' title='bbox 2242 577 2395 642; x_wconf 74' lang='grc' dir='ltr'>ὅντες</span> <span class='ocrx_word' id='word_1_121' title='bbox 2415 581 2719 650; x_wconf 86' lang='grc' dir='ltr'>ποιήματα,</span> <span class='ocrx_word' id='word_1_122' title='bbox 2748 579 2894 634; x_wconf 76' lang='grc' dir='ltr'>οὕτω</span> <span class='ocrx_word' id='word_1_123' title='bbox 2922 584 3017 635; x_wconf 82' lang='grc' dir='ltr'><strong>καὶ</strong></span> <span class='ocrx_word' id='word_1_124' title='bbox 3046 582 3208 647; x_wconf 81' lang='grc' dir='ltr'>αὐτὸς</span> <span class='ocrx_word' id='word_1_125' title='bbox 3228 583 3314 636; x_wconf 83' lang='grc' dir='ltr'><strong>ὅτε</strong></span> <span class='ocrx_word' id='word_1_126' title='bbox 3343 583 3443 653; x_wconf 84' lang='grc' dir='ltr'><strong>τὴν</strong></span> <span class='ocrx_word' id='word_1_127' title='bbox 3470 584 3632 653; x_wconf 78' lang='grc' dir='ltr'>ἡμῶν</span> 
     </span>
    </p>
   </div>
   <div class='ocr_carea' id='block_1_20' title="bbox 2056 670 3629 744">
    <p class='ocr_par' dir='ltr' id='par_1_20' title="bbox 2056 670 3629 744">
     <span class='ocr_line' id='line_1_20' title="bbox 2056 670 3629 744; baseline 0.004 -23"><span class='ocrx_word' id='word_1_128' title='bbox 2056 670 2233 740; x_wconf 71' lang='grc' dir='ltr'>σάρκα</span> <span class='ocrx_word' id='word_1_129' title='bbox 2259 671 2546 741; x_wconf 87' lang='grc' dir='ltr'>λαμϐάνει,</span> <span class='ocrx_word' id='word_1_130' title='bbox 2579 673 2789 743; x_wconf 92' lang='grc' dir='ltr'>κτίσμα</span> <span class='ocrx_word' id='word_1_131' title='bbox 2810 673 3059 728; x_wconf 82' lang='grc' dir='ltr'>καλεῖται</span> <span class='ocrx_word' id='word_1_132' title='bbox 3088 675 3184 727; x_wconf 78' lang='grc' dir='ltr'>καὶ</span> <span class='ocrx_word' id='word_1_133' title='bbox 3217 675 3453 744; x_wconf 87' lang='grc' dir='ltr'>ποίημα,</span> <span class='ocrx_word' id='word_1_134' title='bbox 3488 675 3629 727; x_wconf 86' lang='grc' dir='ltr'><strong>κατά</strong></span> 
     </span>
    </p>
   </div>
   <div class='ocr_carea' id='block_1_21' title="bbox 2052 762 3626 835">
    <p class='ocr_par' dir='ltr' id='par_1_21' title="bbox 2052 762 3626 835">
     <span class='ocr_line' id='line_1_21' title="bbox 2052 762 3626 835; baseline 0.004 -24"><span class='ocrx_word' id='word_1_135' title='bbox 2052 762 2212 827; x_wconf 80' lang='grc' dir='ltr'>φύσιν</span> <span class='ocrx_word' id='word_1_136' title='bbox 2235 762 2497 833; x_wconf 83' lang='grc' dir='ltr'><strong>ὑπάρχων</strong></span> <span class='ocrx_word' id='word_1_137' title='bbox 2524 764 2673 827; x_wconf 75' lang='grc' dir='ltr'>Υἱός.</span> <span class='ocrx_word' id='word_1_138' title='bbox 2706 765 2815 817; x_wconf 77' lang='grc' dir='ltr'>Καὶ</span> <span class='ocrx_word' id='word_1_139' title='bbox 2846 764 3030 826; x_wconf 85' lang='grc' dir='ltr'>πάλιν,</span> <span class='ocrx_word' id='word_1_140' title='bbox 3056 765 3243 835; x_wconf 82' lang='grc' dir='ltr'>ὥσπερ</span> <span class='ocrx_word' id='word_1_141' title='bbox 3274 763 3431 835; x_wconf 81' lang='grc' dir='ltr'>ἡμῶν</span> <span class='ocrx_word' id='word_1_142' title='bbox 3466 781 3626 833; x_wconf 84' lang='grc' dir='ltr'>ποιη-</span> 
     </span>
    </p>
   </div>
   <div class='ocr_carea' id='block_1_22' title="bbox 2051 852 3625 927">
    <p class='ocr_par' dir='ltr' id='par_1_22' title="bbox 2051 852 3625 927">
     <span class='ocr_line' id='line_1_22' title="bbox 2051 852 3625 927; baseline 0 -20"><span class='ocrx_word' id='word_1_143' title='bbox 2051 853 2150 923; x_wconf 80' lang='grc' dir='ltr'><strong>τὴς</strong></span> <span class='ocrx_word' id='word_1_144' title='bbox 2179 852 2256 905; x_wconf 82' lang='grc' dir='ltr'>ὢν</span> <span class='ocrx_word' id='word_1_145' title='bbox 2277 856 2304 907; x_wconf 99' lang='lat'><strong>6</strong></span> <span class='ocrx_word' id='word_1_146' title='bbox 2336 854 2467 918; x_wconf 77' lang='grc' dir='ltr'>Θεὸς</span> <span class='ocrx_word' id='word_1_147' title='bbox 2497 855 2709 924; x_wconf 89' lang='grc' dir='ltr'>γίνεται</span> <span class='ocrx_word' id='word_1_148' title='bbox 2740 856 2829 909; x_wconf 78' lang='grc' dir='ltr'>καὶ</span> <span class='ocrx_word' id='word_1_149' title='bbox 2855 856 3072 927; x_wconf 85' lang='grc' dir='ltr'>Πατὴρ,</span> <span class='ocrx_word' id='word_1_150' title='bbox 3100 855 3354 909; x_wconf 74' lang='grc' dir='ltr'>οὕτωκαὶ</span> <span class='ocrx_word' id='word_1_151' title='bbox 3371 855 3463 908; x_wconf 87' lang='grc' dir='ltr'><strong>τοῦ</strong></span> <span class='ocrx_word' id='word_1_152' title='bbox 3488 855 3625 908; x_wconf 89' lang='grc' dir='ltr'>Θεοῦ</span> 
     </span>
    </p>
   </div>
   <div class='ocr_carea' id='block_1_23' title="bbox 2050 946 3625 1019">
    <p class='ocr_par' dir='ltr' id='par_1_23' title="bbox 2050 946 3625 1019">
     <span class='ocr_line' id='line_1_23' title="bbox 2050 946 3625 1019; baseline 0.002 -22"><span class='ocrx_word' id='word_1_153' title='bbox 2050 946 2224 1013; x_wconf 86' lang='grc' dir='ltr'>Λόγου</span> <span class='ocrx_word' id='word_1_154' title='bbox 2258 946 2448 1018; x_wconf 80' lang='grc' dir='ltr'>Πατὴρ</span> <span class='ocrx_word' id='word_1_155' title='bbox 2486 948 2628 1001; x_wconf 85' lang='grc' dir='ltr'>κατὰ</span> <span class='ocrx_word' id='word_1_156' title='bbox 2662 947 2824 1017; x_wconf 77' lang='grc' dir='ltr'>φύσιν</span> <span class='ocrx_word' id='word_1_157' title='bbox 2858 947 3119 1019; x_wconf 82' lang='grc' dir='ltr'><strong>ὑπάρχων</strong></span> <span class='ocrx_word' id='word_1_158' title='bbox 3147 948 3357 1015; x_wconf 91' lang='grc' dir='ltr'>γίνεται</span> <span class='ocrx_word' id='word_1_159' title='bbox 3386 949 3480 1000; x_wconf 76' lang='grc' dir='ltr'><strong>καὶ</strong></span> <span class='ocrx_word' id='word_1_160' title='bbox 3508 948 3625 1000; x_wconf 88' lang='grc' dir='ltr'>κτί-</span> 
     </span>
    </p>
   </div>
   <div class='ocr_carea' id='block_1_24' title="bbox 2052 1038 3626 1111">
    <p class='ocr_par' dir='ltr' id='par_1_24' title="bbox 2052 1038 3626 1111">
     <span class='ocr_line' id='line_1_24' title="bbox 2052 1038 3626 1111; baseline 0 -20"><span class='ocrx_word' id='word_1_161' title='bbox 2052 1056 2205 1109; x_wconf 90' lang='grc' dir='ltr'>στης,</span> <span class='ocrx_word' id='word_1_162' title='bbox 2249 1038 2335 1092; x_wconf 84' lang='grc' dir='ltr'><strong>ὅτε</strong></span> <span class='ocrx_word' id='word_1_163' title='bbox 2363 1040 2431 1092; x_wconf 87' lang='grc' dir='ltr'>δι’</span> <span class='ocrx_word' id='word_1_164' title='bbox 2480 1042 2627 1111; x_wconf 80' lang='grc' dir='ltr'>ἡμᾶς</span> <span class='ocrx_word' id='word_1_165' title='bbox 2673 1040 3011 1111; x_wconf 76' lang='grc' dir='ltr'><strong>ἐξομοιοῦται</strong></span> <span class='ocrx_word' id='word_1_166' title='bbox 3047 1042 3159 1104; x_wconf 83' lang='grc' dir='ltr'>τοῖς</span> <span class='ocrx_word' id='word_1_167' title='bbox 3199 1040 3512 1110; x_wconf 87' lang='grc' dir='ltr'>κτίσμασιν.</span> <span class='ocrx_word' id='word_1_168' title='bbox 3563 1038 3626 1092; x_wconf 78' lang='lat' dir='ltr'><strong>Ei</strong></span> 
     </span>
    </p>
   </div>
   <div class='ocr_carea' id='block_1_25' title="bbox 2053 1127 3629 1202">
    <p class='ocr_par' dir='ltr' id='par_1_25' title="bbox 2053 1127 3629 1202">
     <span class='ocr_line' id='line_1_25' title="bbox 2053 1127 3629 1202; baseline -0.001 -18"><span class='ocrx_word' id='word_1_169' title='bbox 2053 1131 2153 1199; x_wconf 80' lang='grc' dir='ltr'>μὲν</span> <span class='ocrx_word' id='word_1_170' title='bbox 2181 1127 2276 1184; x_wconf 77' lang='grc' dir='ltr'>οὖν</span> <span class='ocrx_word' id='word_1_171' title='bbox 2309 1133 2469 1202; x_wconf 81' lang='grc' dir='ltr'>ἡμεῖς</span> <span class='ocrx_word' id='word_1_172' title='bbox 2498 1132 2643 1185; x_wconf 89' lang='grc' dir='ltr'><strong>κατά</strong></span> <span class='ocrx_word' id='word_1_173' title='bbox 2672 1132 2835 1202; x_wconf 85' lang='grc' dir='ltr'>φύσιν</span> <span class='ocrx_word' id='word_1_174' title='bbox 2874 1133 3043 1201; x_wconf 76' lang='grc' dir='ltr'>ἐσμὲν</span> <span class='ocrx_word' id='word_1_175' title='bbox 3067 1133 3194 1197; x_wconf 74' lang='grc' dir='ltr'>υἱοὶ,</span> <span class='ocrx_word' id='word_1_176' title='bbox 3222 1131 3376 1185; x_wconf 78' lang='grc' dir='ltr'>ἔσται</span> <span class='ocrx_word' id='word_1_177' title='bbox 3414 1132 3508 1184; x_wconf 73' lang='grc' dir='ltr'><strong>καὶ</strong></span> <span class='ocrx_word' id='word_1_178' title='bbox 3528 1133 3629 1185; x_wconf 75' lang='grc' dir='ltr'>αὺ-</span> 
     </span>
    </p>
   </div>
   <div class='ocr_carea' id='block_1_26' title="bbox 2048 1219 3628 1292">
    <p class='ocr_par' dir='ltr' id='par_1_26' title="bbox 2048 1219 3628 1292">
     <span class='ocr_line' id='line_1_26' title="bbox 2048 1219 3628 1292; baseline -0.001 -20"><span class='ocrx_word' id='word_1_179' title='bbox 2048 1220 2139 1283; x_wconf 77' lang='grc' dir='ltr'><strong>τὸς</strong></span> <span class='ocrx_word' id='word_1_180' title='bbox 2168 1222 2307 1273; x_wconf 85' lang='grc' dir='ltr'><strong>κατά</strong></span> <span class='ocrx_word' id='word_1_181' title='bbox 2338 1220 2500 1289; x_wconf 81' lang='grc' dir='ltr'>φύσιν</span> <span class='ocrx_word' id='word_1_182' title='bbox 2532 1222 2738 1292; x_wconf 84' lang='grc' dir='ltr'>κτίσμα</span> <span class='ocrx_word' id='word_1_183' title='bbox 2765 1222 2859 1275; x_wconf 80' lang='grc' dir='ltr'>καὶ</span> <span class='ocrx_word' id='word_1_184' title='bbox 2892 1222 3125 1291; x_wconf 84' lang='grc' dir='ltr'>ποίημα.</span> <span class='ocrx_word' id='word_1_185' title='bbox 3176 1221 3237 1273; x_wconf 79' lang='lat' dir='ltr'><strong>Ei</strong></span> <span class='ocrx_word' id='word_1_186' title='bbox 3266 1220 3322 1274; x_wconf 81' lang='grc' dir='ltr'>δὲ</span> <span class='ocrx_word' id='word_1_187' title='bbox 3353 1219 3628 1290; x_wconf 78' lang='grc' dir='ltr'>ἡμεῖς,θέ-</span> 
     </span>
    </p>
   </div>
   <div class='ocr_carea' id='block_1_27' title="bbox 2052 1311 3630 1384">
    <p class='ocr_par' dir='ltr' id='par_1_27' title="bbox 2052 1311 3630 1384">
     <span class='ocr_line' id='line_1_27' title="bbox 2052 1311 3630 1384; baseline 0 -21"><span class='ocrx_word' id='word_1_188' title='bbox 2052 1328 2134 1363; x_wconf 84' lang='grc' dir='ltr'>σει</span> <span class='ocrx_word' id='word_1_189' title='bbox 2181 1313 2273 1365; x_wconf 75' lang='grc' dir='ltr'><strong>καὶ</strong></span> <span class='ocrx_word' id='word_1_190' title='bbox 2314 1312 2497 1382; x_wconf 86' lang='grc' dir='ltr'>χάριτι</span> <span class='ocrx_word' id='word_1_191' title='bbox 2544 1312 2681 1384; x_wconf 81' lang='grc' dir='ltr'>πρὸς</span> <span class='ocrx_word' id='word_1_192' title='bbox 2719 1315 2942 1382; x_wconf 82' lang='grc' dir='ltr'>υἱότητα</span> <span class='ocrx_word' id='word_1_193' title='bbox 2978 1311 3311 1383; x_wconf 79' lang='grc' dir='ltr'><strong>καλούμεθα,</strong></span> <span class='ocrx_word' id='word_1_194' title='bbox 3341 1314 3434 1366; x_wconf 80' lang='grc' dir='ltr'>καὶ</span> <span class='ocrx_word' id='word_1_195' title='bbox 3466 1312 3630 1374; x_wconf 75' lang='grc' dir='ltr'>αὐτὸς</span> 
     </span>
    </p>
   </div>
   <div class='ocr_carea' id='block_1_28' title="bbox 2049 1402 3630 1475">
    <p class='ocr_par' dir='ltr' id='par_1_28' title="bbox 2049 1402 3630 1475">
     <span class='ocr_line' id='line_1_28' title="bbox 2049 1402 3630 1475; baseline 0 -20"><span class='ocrx_word' id='word_1_196' title='bbox 2049 1402 2196 1455; x_wconf 83' lang='grc' dir='ltr'>θέσει</span> <span class='ocrx_word' id='word_1_197' title='bbox 2237 1404 2443 1474; x_wconf 77' lang='grc' dir='ltr'>κτίσμα</span> <span class='ocrx_word' id='word_1_198' title='bbox 2494 1405 2582 1457; x_wconf 82' lang='grc' dir='ltr'><strong>διὰ</strong></span> <span class='ocrx_word' id='word_1_199' title='bbox 2615 1406 2713 1475; x_wconf 82' lang='grc' dir='ltr'>τὴν</span> <span class='ocrx_word' id='word_1_200' title='bbox 2761 1404 2884 1458; x_wconf 89' lang='grc' dir='ltr'>καθ’</span> <span class='ocrx_word' id='word_1_201' title='bbox 2912 1406 3056 1474; x_wconf 79' lang='grc' dir='ltr'>ὑμᾶς</span> <span class='ocrx_word' id='word_1_202' title='bbox 3090 1404 3429 1475; x_wconf 78' lang='grc' dir='ltr'><strong>οἰκονομίαν,</strong></span> <span class='ocrx_word' id='word_1_203' title='bbox 3465 1403 3525 1457; x_wconf 80' lang='grc' dir='ltr'><strong>τὸ</strong></span> <span class='ocrx_word' id='word_1_204' title='bbox 3564 1406 3630 1456; x_wconf 83' lang='grc' dir='ltr'>ὲκ</span> 
     </span>
    </p>
   </div>
   <div class='ocr_carea' id='block_1_29' title="bbox 2048 1493 2978 1567">
    <p class='ocr_par' dir='ltr' id='par_1_29' title="bbox 2048 1493 2978 1567">
     <span class='ocr_line' id='line_1_29' title="bbox 2048 1493 2978 1567; baseline 0.003 -20"><span class='ocrx_word' id='word_1_205' title='bbox 2048 1493 2260 1563; x_wconf 79' lang='grc' dir='ltr'>φύσεως</span> <span class='ocrx_word' id='word_1_206' title='bbox 2297 1495 2398 1548; x_wconf 77' lang='grc' dir='ltr'><strong>οὐκ</strong></span> <span class='ocrx_word' id='word_1_207' title='bbox 2428 1494 2713 1549; x_wconf 85' lang='grc' dir='ltr'><strong>ἀπολλύων</strong></span> <span class='ocrx_word' id='word_1_208' title='bbox 2745 1495 2978 1567; x_wconf 72' lang='grc' dir='ltr'>ἀξίωμα.</span> 
     </span>
    </p>
   </div>
   <div class='ocr_carea' id='block_1_30' title="bbox 368 1776 1932 1862">
    <p class='ocr_par' dir='ltr' id='par_1_30' title="bbox 368 1776 1932 1862">
     <span class='ocr_line' id='line_1_30' title="bbox 368 1776 1932 1862; baseline 0.01 -32"><span class='ocrx_word' id='word_1_209' title='bbox 368 1776 627 1862; x_wconf 45' lang='grc' dir='ltr'>Αιᾼιιῐλ,</span> <span class='ocrx_word' id='word_1_210' title='bbox 654 1794 783 1860; x_wconf 46' lang='grc' dir='ltr'>χιιιο</span> <span class='ocrx_word' id='word_1_211' title='bbox 832 1781 1100 1862; x_wconf 63' lang='lat' dir='ltr'><strong>perspicue</strong></span> <span class='ocrx_word' id='word_1_212' title='bbox 1147 1785 1448 1862; x_wconf 57' lang='lat' dir='ltr'><strong>ostenditur</strong></span> <span class='ocrx_word' id='word_1_213' title='bbox 1490 1803 1593 1855; x_wconf 85' lang='lat' dir='ltr'><strong>quo</strong></span> <span class='ocrx_word' id='word_1_214' title='bbox 1637 1801 1796 1862; x_wconf 81' lang='lat' dir='ltr'><strong>pacto</strong></span> <span class='ocrx_word' id='word_1_215' title='bbox 1857 1794 1932 1861; x_wconf 73' lang='lat' dir='ltr'><strong>pie</strong></span> 
     </span>
    </p>
   </div>
   <div class='ocr_carea' id='block_1_31' title="bbox 2040 1776 3630 1862">
    <p class='ocr_par' dir='ltr' id='par_1_31' title="bbox 2046 1778 3630 1862">
     <span class='ocr_line' id='line_1_31' title="bbox 2046 1778 3630 1862; baseline 0.002 -29"><span class='ocrx_word' id='word_1_216' title='bbox 2046 1780 2251 1862; x_wconf 63' lang='grc' dir='ltr'><strong>ΔΛΑΟ,</strong></span> <span class='ocrx_word' id='word_1_217' title='bbox 2284 1778 2646 1862; x_wconf 43' lang='grc' dir='ltr'>διδασκαλία</span> <span class='ocrx_word' id='word_1_218' title='bbox 2677 1780 3233 1862; x_wconf 43' lang='grc' dir='ltr'>σειςρὴςηὸπως</span> <span class='ocrx_word' id='word_1_219' title='bbox 3267 1782 3630 1862; x_wconf 37' lang='lat' dir='ltr'><strong>meiebat;-</strong></span> 
     </span>
    </p>
   </div>
   <div class='ocr_carea' id='block_1_32' title="bbox 441 1848 1932 1932">
    <p class='ocr_par' dir='ltr' id='par_1_32' title="bbox 441 1848 1932 1932">
     <span class='ocr_line' id='line_1_32' title="bbox 441 1848 1932 1932; baseline 0.012 -33"><span class='ocrx_word' id='word_1_220' title='bbox 441 1849 665 1928; x_wconf 66' lang='lat' dir='ltr'><strong>intelligi</strong></span> <span class='ocrx_word' id='word_1_221' title='bbox 686 1860 921 1930; x_wconf 71' lang='lat' dir='ltr'><strong>oporteat</strong></span> <span class='ocrx_word' id='word_1_222' title='bbox 960 1852 1113 1915; x_wconf 81' lang='lat' dir='ltr'><strong>illud,</strong></span> <span class='ocrx_word' id='word_1_223' title='bbox 1146 1870 1164 1902; x_wconf 81' lang='grc' dir='ltr'><strong>ι</strong></span> <span class='ocrx_word' id='word_1_224' title='bbox 1191 1852 1447 1909; x_wconf 76' lang='lat' dir='ltr'><strong>Dominus</strong></span> <span class='ocrx_word' id='word_1_225' title='bbox 1474 1848 1666 1913; x_wconf 74' lang='lat' dir='ltr'><strong>creavit</strong></span> <span class='ocrx_word' id='word_1_226' title='bbox 1684 1876 1765 1914; x_wconf 89' lang='lat' dir='ltr'><strong>me</strong></span> <span class='ocrx_word' id='word_1_227' title='bbox 1789 1848 1932 1932; x_wconf 77' lang='lat' dir='ltr'><strong>prin-</strong></span> 
     </span>
    </p>
   </div>
   <div class='ocr_carea' id='block_1_33' title="bbox 2040 1848 3630 1932">
    <p class='ocr_par' dir='ltr' id='par_1_33' title="bbox 2117 1848 3630 1930">
     <span class='ocr_line' id='line_1_33' title="bbox 2117 1848 3630 1930; baseline 0.004 -28"><span class='ocrx_word' id='word_1_228' title='bbox 2117 1848 2232 1930; x_wconf 66' lang='grc' dir='ltr'>ϐὡς</span> <span class='ocrx_word' id='word_1_229' title='bbox 2263 1851 2359 1913; x_wconf 83' lang='grc' dir='ltr'>τὸ,</span> <span class='ocrx_word' id='word_1_230' title='bbox 2408 1870 2427 1901; x_wconf 76' lang='grc' dir='ltr'><strong>ι</strong></span> <span class='ocrx_word' id='word_1_231' title='bbox 2468 1850 2682 1917; x_wconf 83' lang='grc' dir='ltr'>Κύριος</span> <span class='ocrx_word' id='word_1_232' title='bbox 2720 1850 2925 1904; x_wconf 77' lang='grc' dir='ltr'>ἕκτισέ</span> <span class='ocrx_word' id='word_1_233' title='bbox 2962 1867 3040 1919; x_wconf 79' lang='grc' dir='ltr'>με</span> <span class='ocrx_word' id='word_1_234' title='bbox 3083 1848 3284 1922; x_wconf 61' lang='grc' dir='ltr'>ἀρχὴν</span> <span class='ocrx_word' id='word_1_235' title='bbox 3331 1853 3489 1906; x_wconf 79' lang='grc' dir='ltr'><strong>ὁδῶν</strong></span> <span class='ocrx_word' id='word_1_236' title='bbox 3518 1857 3630 1908; x_wconf 82' lang='grc' dir='ltr'><strong>αὺ-</strong></span> 
     </span>
    </p>
   </div>
   <div class='ocr_carea' id='block_1_34' title="bbox 442 1919 1210 1983">
    <p class='ocr_par' dir='ltr' id='par_1_34' title="bbox 442 1919 1210 1983">
     <span class='ocr_line' id='line_1_34' title="bbox 442 1919 1210 1983; baseline 0.004 -13"><span class='ocrx_word' id='word_1_237' title='bbox 442 1919 639 1983; x_wconf 76' lang='lat' dir='ltr'><strong>ripium</strong></span> <span class='ocrx_word' id='word_1_238' title='bbox 664 1920 869 1972; x_wconf 83' lang='lat' dir='ltr'><strong>viarum</strong></span> <span class='ocrx_word' id='word_1_239' title='bbox 899 1936 1143 1973; x_wconf 84' lang='lat' dir='ltr'><strong>suarum.</strong></span> <span class='ocrx_word' id='word_1_240' title='bbox 1192 1942 1210 1973; x_wconf 77' lang='grc' dir='ltr'><strong>ι</strong></span> 
     </span>
    </p>
   </div>
   <div class='ocr_carea' id='block_1_35' title="bbox 437 2055 1938 2134">
    <p class='ocr_par' dir='ltr' id='par_1_35' title="bbox 437 2055 1938 2134">
     <span class='ocr_line' id='line_1_35' title="bbox 437 2055 1938 2134; baseline 0.01 -26"><span class='ocrx_word' id='word_1_241' title='bbox 437 2055 609 2109; x_wconf 84' lang='lat' dir='ltr'><strong>Adam</strong></span> <span class='ocrx_word' id='word_1_242' title='bbox 636 2055 845 2125; x_wconf 84' lang='lat' dir='ltr'><strong>primus</strong></span> <span class='ocrx_word' id='word_1_243' title='bbox 876 2058 1037 2114; x_wconf 81' lang='lat' dir='ltr'><strong>homo</strong></span> <span class='ocrx_word' id='word_1_244' title='bbox 1061 2060 1235 2115; x_wconf 78' lang='lat' dir='ltr'><strong>factus</strong></span> <span class='ocrx_word' id='word_1_245' title='bbox 1273 2072 1377 2129; x_wconf 86' lang='lat' dir='ltr'><strong>est,</strong></span> <span class='ocrx_word' id='word_1_246' title='bbox 1403 2064 1639 2134; x_wconf 86' lang='lat' dir='ltr'><strong>dataque</strong></span> <span class='ocrx_word' id='word_1_247' title='bbox 1671 2066 1745 2121; x_wconf 91' lang='lat' dir='ltr'><strong>illi</strong></span> <span class='ocrx_word' id='word_1_248' title='bbox 1793 2080 1877 2123; x_wconf 89' lang='lat' dir='ltr'><strong>est</strong></span> <span class='ocrx_word' id='word_1_249' title='bbox 1908 2085 1938 2123; x_wconf 90' lang='lat' dir='ltr'><strong>a</strong></span> 
     </span>
    </p>
   </div>
   <div class='ocr_carea' id='block_1_36' title="bbox 364 2146 1936 2222">
    <p class='ocr_par' dir='ltr' id='par_1_36' title="bbox 364 2146 1936 2222">
     <span class='ocr_line' id='line_1_36' title="bbox 364 2146 1936 2222; baseline 0.008 -20"><span class='ocrx_word' id='word_1_250' title='bbox 364 2146 478 2203; x_wconf 83' lang='lat' dir='ltr'><strong>Deo</strong></span> <span class='ocrx_word' id='word_1_251' title='bbox 509 2148 593 2202; x_wconf 90' lang='lat' dir='ltr'><strong>via</strong></span> <span class='ocrx_word' id='word_1_252' title='bbox 625 2149 815 2204; x_wconf 88' lang='lat' dir='ltr'><strong>salutis</strong></span> <span class='ocrx_word' id='word_1_253' title='bbox 852 2165 1050 2220; x_wconf 89' lang='lat' dir='ltr'><strong>:quam</strong></span> <span class='ocrx_word' id='word_1_254' title='bbox 1076 2154 1317 2222; x_wconf 89' lang='lat' dir='ltr'><strong>quidem,</strong></span> <span class='ocrx_word' id='word_1_255' title='bbox 1344 2156 1585 2211; x_wconf 85' lang='lat' dir='ltr'><strong>divinum</strong></span> <span class='ocrx_word' id='word_1_256' title='bbox 1620 2161 1936 2214; x_wconf 89' lang='lat' dir='ltr'><strong>mandatum</strong></span> 
     </span>
    </p>
   </div>
   <div class='ocr_carea' id='block_1_37' title="bbox 365 2242 1936 2317">
    <p class='ocr_par' dir='ltr' id='par_1_37' title="bbox 365 2242 1936 2317">
     <span class='ocr_line' id='line_1_37' title="bbox 365 2242 1936 2317; baseline 0.008 -24"><span class='ocrx_word' id='word_1_257' title='bbox 365 2249 765 2310; x_wconf 77' lang='lat' dir='ltr'><strong>transgressus,</strong></span> <span class='ocrx_word' id='word_1_258' title='bbox 804 2242 1010 2308; x_wconf 85' lang='lat' dir='ltr'><strong>amisit,</strong></span> <span class='ocrx_word' id='word_1_259' title='bbox 1064 2244 1357 2315; x_wconf 89' lang='lat' dir='ltr'><strong>lapsusque</strong></span> <span class='ocrx_word' id='word_1_260' title='bbox 1404 2257 1490 2302; x_wconf 91' lang='lat' dir='ltr'><strong>est</strong></span> <span class='ocrx_word' id='word_1_261' title='bbox 1532 2248 1585 2302; x_wconf 91' lang='lat' dir='ltr'><strong>in</strong></span> <span class='ocrx_word' id='word_1_262' title='bbox 1632 2251 1936 2317; x_wconf 87' lang='lat' dir='ltr'><strong>interitum,</strong></span> 
     </span>
    </p>
   </div>
   <div class='ocr_carea' id='block_1_38' title="bbox 362 2332 1933 2402">
    <p class='ocr_par' dir='ltr' id='par_1_38' title="bbox 362 2332 1933 2402">
     <span class='ocr_line' id='line_1_38' title="bbox 362 2332 1933 2402; baseline 0.008 -17"><span class='ocrx_word' id='word_1_263' title='bbox 362 2332 677 2400; x_wconf 78' lang='lat' dir='ltr'><strong>provolutus</strong></span> <span class='ocrx_word' id='word_1_264' title='bbox 726 2334 781 2389; x_wconf 92' lang='lat' dir='ltr'><strong>in</strong></span> <span class='ocrx_word' id='word_1_265' title='bbox 837 2345 1163 2402; x_wconf 82' lang='lat' dir='ltr'><strong>peccatum,</strong></span> <span class='ocrx_word' id='word_1_266' title='bbox 1237 2340 1519 2395; x_wconf 85' lang='lat' dir='ltr'><strong>descendit</strong></span> <span class='ocrx_word' id='word_1_267' title='bbox 1564 2343 1616 2396; x_wconf 88' lang='lat' dir='ltr'><strong>in</strong></span> <span class='ocrx_word' id='word_1_268' title='bbox 1674 2353 1933 2399; x_wconf 86' lang='lat' dir='ltr'><strong>mortem.</strong></span> 
     </span>
    </p>
   </div>
   <div class='ocr_carea' id='block_1_39' title="bbox 360 2422 1931 2504">
    <p class='ocr_par' dir='ltr' id='par_1_39' title="bbox 360 2422 1931 2504">
     <span class='ocr_line' id='line_1_39' title="bbox 360 2422 1931 2504; baseline 0.01 -30"><span class='ocrx_word' id='word_1_269' title='bbox 360 2422 536 2477; x_wconf 66' lang='lat' dir='ltr'><strong>Aliam</strong></span> <span class='ocrx_word' id='word_1_270' title='bbox 567 2423 730 2494; x_wconf 81' lang='lat' dir='ltr'><strong>igitur</strong></span> <span class='ocrx_word' id='word_1_271' title='bbox 768 2424 912 2480; x_wconf 79' lang='lat' dir='ltr'><strong>viam</strong></span> <span class='ocrx_word' id='word_1_272' title='bbox 963 2426 1119 2482; x_wconf 85' lang='lat' dir='ltr'><strong>nobis</strong></span> <span class='ocrx_word' id='word_1_273' title='bbox 1172 2433 1579 2497; x_wconf 67' lang='lat' dir='ltr'><strong>pramonstrari</strong></span> <span class='ocrx_word' id='word_1_274' title='bbox 1616 2449 1751 2504; x_wconf 92' lang='lat' dir='ltr'><strong>opus</strong></span> <span class='ocrx_word' id='word_1_275' title='bbox 1788 2446 1931 2501; x_wconf 89' lang='lat' dir='ltr'><strong>erat,</strong></span> 
     </span>
    </p>
   </div>
   <div class='ocr_carea' id='block_1_40' title="bbox 359 2515 1935 2595">
    <p class='ocr_par' dir='ltr' id='par_1_40' title="bbox 359 2515 1935 2595">
     <span class='ocr_line' id='line_1_40' title="bbox 359 2515 1935 2595; baseline 0.01 -34"><span class='ocrx_word' id='word_1_276' title='bbox 359 2529 467 2580; x_wconf 74' lang='lat' dir='ltr'><strong>qua</strong></span> <span class='ocrx_word' id='word_1_277' title='bbox 492 2515 556 2567; x_wconf 89' lang='lat' dir='ltr'><strong>ad</strong></span> <span class='ocrx_word' id='word_1_278' title='bbox 578 2515 862 2583; x_wconf 87' lang='lat' dir='ltr'><strong>pristinum</strong></span> <span class='ocrx_word' id='word_1_279' title='bbox 893 2524 1096 2571; x_wconf 90' lang='lat' dir='ltr'><strong>statum</strong></span> <span class='ocrx_word' id='word_1_280' title='bbox 1122 2520 1637 2579; x_wconf 88' lang='lat' dir='ltr'><strong>conscenderemus.</strong></span> <span class='ocrx_word' id='word_1_281' title='bbox 1673 2524 1769 2579; x_wconf 91' lang='lat' dir='ltr'><strong>Cui</strong></span> <span class='ocrx_word' id='word_1_282' title='bbox 1809 2526 1935 2595; x_wconf 87' lang='lat' dir='ltr'><strong>qni-</strong></span> 
     </span>
    </p>
   </div>
   <div class='ocr_carea' id='block_1_41' title="bbox 359 2606 1935 2683">
    <p class='ocr_par' dir='ltr' id='par_1_41' title="bbox 359 2606 1935 2683">
     <span class='ocr_line' id='line_1_41' title="bbox 359 2606 1935 2683; baseline 0.006 -25"><span class='ocrx_word' id='word_1_283' title='bbox 359 2606 479 2658; x_wconf 87' lang='lat' dir='ltr'><strong>dem</strong></span> <span class='ocrx_word' id='word_1_284' title='bbox 500 2608 978 2675; x_wconf 67' lang='lat' dir='ltr'><strong>prmmonstranda:</strong></span> <span class='ocrx_word' id='word_1_285' title='bbox 993 2624 1115 2664; x_wconf 84' lang='lat' dir='ltr'><strong>cum</strong></span> <span class='ocrx_word' id='word_1_286' title='bbox 1146 2609 1324 2667; x_wconf 88' lang='lat' dir='ltr'><strong>nullus</strong></span> <span class='ocrx_word' id='word_1_287' title='bbox 1349 2613 1626 2668; x_wconf 83' lang='lat' dir='ltr'><strong>hominum</strong></span> <span class='ocrx_word' id='word_1_288' title='bbox 1650 2630 1746 2683; x_wconf 90' lang='lat' dir='ltr'><strong>par</strong></span> <span class='ocrx_word' id='word_1_289' title='bbox 1767 2627 1935 2680; x_wconf 81' lang='lat' dir='ltr'><strong>esset,</strong></span> 
     </span>
    </p>
   </div>
   <div class='ocr_carea' id='block_1_42' title="bbox 364 2699 1936 2770">
    <p class='ocr_par' dir='ltr' id='par_1_42' title="bbox 364 2699 1936 2770">
     <span class='ocr_line' id='line_1_42' title="bbox 364 2699 1936 2770; baseline 0.006 -19"><span class='ocrx_word' id='word_1_290' title='bbox 364 2699 523 2770; x_wconf 74' lang='lat'><strong>166</strong></span> <span class='ocrx_word' id='word_1_291' title='bbox 550 2699 725 2769; x_wconf 86' lang='lat' dir='ltr'><strong>ipsum</strong></span> <span class='ocrx_word' id='word_1_292' title='bbox 770 2700 1004 2755; x_wconf 80' lang='lat' dir='ltr'><strong>Verbum</strong></span> <span class='ocrx_word' id='word_1_293' title='bbox 1040 2701 1178 2767; x_wconf 87' lang='lat' dir='ltr'><strong>Dei,</strong></span> <span class='ocrx_word' id='word_1_294' title='bbox 1215 2718 1336 2758; x_wconf 88' lang='lat' dir='ltr'><strong>cum</strong></span> <span class='ocrx_word' id='word_1_295' title='bbox 1372 2705 1443 2760; x_wconf 86' lang='lat' dir='ltr'><strong>sit</strong></span> <span class='ocrx_word' id='word_1_296' title='bbox 1482 2715 1676 2760; x_wconf 86' lang='lat' dir='ltr'><strong>natura</strong></span> <span class='ocrx_word' id='word_1_297' title='bbox 1730 2708 1936 2763; x_wconf 85' lang='lat' dir='ltr'><strong>increa-</strong></span> 
     </span>
    </p>
   </div>
   <div class='ocr_carea' id='block_1_43' title="bbox 361 2794 1935 2860">
    <p class='ocr_par' dir='ltr' id='par_1_43' title="bbox 361 2794 1935 2860">
     <span class='ocr_line' id='line_1_43' title="bbox 361 2794 1935 2860; baseline 0.008 -18"><span class='ocrx_word' id='word_1_298' title='bbox 361 2801 499 2855; x_wconf 89' lang='lat' dir='ltr'><strong>tum,</strong></span> <span class='ocrx_word' id='word_1_299' title='bbox 534 2800 757 2860; x_wconf 91' lang='lat' dir='ltr'><strong>propter</strong></span> <span class='ocrx_word' id='word_1_300' title='bbox 787 2807 890 2848; x_wconf 90' lang='lat' dir='ltr'><strong>nos</strong></span> <span class='ocrx_word' id='word_1_301' title='bbox 921 2800 1143 2846; x_wconf 86' lang='lat' dir='ltr'><strong>creatur</strong></span> <span class='ocrx_word' id='word_1_302' title='bbox 1177 2794 1340 2849; x_wconf 82' lang='lat' dir='ltr'><strong>homo</strong></span> <span class='ocrx_word' id='word_1_303' title='bbox 1367 2833 1385 2858; x_wconf 87' lang='lat'><strong>,</strong></span> <span class='ocrx_word' id='word_1_304' title='bbox 1434 2796 1713 2853; x_wconf 81' lang='lat' dir='ltr'><strong>voluntate</strong></span> <span class='ocrx_word' id='word_1_305' title='bbox 1755 2797 1935 2854; x_wconf 87' lang='lat' dir='ltr'><strong>Patris</strong></span> 
     </span>
    </p>
   </div>
   <div class='ocr_carea' id='block_1_44' title="bbox 359 2890 1935 2957">
    <p class='ocr_par' dir='ltr' id='par_1_44' title="bbox 359 2890 1935 2957">
     <span class='ocr_line' id='line_1_44' title="bbox 359 2890 1935 2957; baseline 0.009 -26"><span class='ocrx_word' id='word_1_306' title='bbox 359 2896 579 2936; x_wconf 70' lang='lat' dir='ltr'><strong>carnem</strong></span> <span class='ocrx_word' id='word_1_307' title='bbox 610 2890 853 2938; x_wconf 84' lang='lat' dir='ltr'><strong>nostram</strong></span> <span class='ocrx_word' id='word_1_308' title='bbox 886 2899 1191 2948; x_wconf 87' lang='lat' dir='ltr'><strong>assumens,</strong></span> <span class='ocrx_word' id='word_1_309' title='bbox 1228 2896 1308 2951; x_wconf 91' lang='lat' dir='ltr'><strong>ut,</strong></span> <span class='ocrx_word' id='word_1_310' title='bbox 1343 2890 1797 2957; x_wconf 88' lang='lat' dir='ltr'><strong>quemadmodum</strong></span> <span class='ocrx_word' id='word_1_311' title='bbox 1852 2892 1935 2945; x_wconf 84' lang='lat' dir='ltr'><strong>in-</strong></span> 
     </span>
    </p>
   </div>
   <div class='ocr_carea' id='block_1_45' title="bbox 358 2973 1933 3041">
    <p class='ocr_par' dir='ltr' id='par_1_45' title="bbox 358 2973 1933 3041">
     <span class='ocr_line' id='line_1_45' title="bbox 358 2973 1933 3041; baseline 0.007 -16"><span class='ocrx_word' id='word_1_312' title='bbox 358 2973 479 3041; x_wconf 78' lang='lat' dir='ltr'><strong>quit</strong></span> <span class='ocrx_word' id='word_1_313' title='bbox 536 2973 735 3030; x_wconf 81' lang='lat' dir='ltr'><strong>Paulus</strong></span> <span class='ocrx_word' id='word_1_314' title='bbox 768 2975 836 3040; x_wconf 79' lang='grc'><strong>⁸⁸,</strong></span> <span class='ocrx_word' id='word_1_315' title='bbox 899 2978 1042 3032; x_wconf 82' lang='lat' dir='ltr'><strong>viam</strong></span> <span class='ocrx_word' id='word_1_316' title='bbox 1116 2978 1269 3034; x_wconf 89' lang='lat' dir='ltr'><strong>nobis</strong></span> <span class='ocrx_word' id='word_1_317' title='bbox 1319 2979 1587 3035; x_wconf 87' lang='lat' dir='ltr'><strong>instauret</strong></span> <span class='ocrx_word' id='word_1_318' title='bbox 1660 2992 1933 3038; x_wconf 75' lang='lat' dir='ltr'><strong>recentem</strong></span> 
     </span>
    </p>
   </div>
   <div class='ocr_carea' id='block_1_46' title="bbox 359 3070 1934 3145">
    <p class='ocr_par' dir='ltr' id='par_1_46' title="bbox 359 3070 1934 3145">
     <span class='ocr_line' id='line_1_46' title="bbox 359 3070 1934 3145; baseline 0.006 -26"><span class='ocrx_word' id='word_1_319' title='bbox 359 3081 422 3120; x_wconf 88' lang='lat' dir='ltr'><strong>ac</strong></span> <span class='ocrx_word' id='word_1_320' title='bbox 460 3076 795 3132; x_wconf 82' lang='lat' dir='ltr'><strong>manentem,</strong></span> <span class='ocrx_word' id='word_1_321' title='bbox 833 3083 1111 3138; x_wconf 89' lang='lat' dir='ltr'><strong>operaque</strong></span> <span class='ocrx_word' id='word_1_322' title='bbox 1167 3070 1347 3126; x_wconf 85' lang='lat' dir='ltr'><strong>Patris</strong></span> <span class='ocrx_word' id='word_1_323' title='bbox 1395 3073 1662 3143; x_wconf 87' lang='lat' dir='ltr'><strong>impleat,</strong></span> <span class='ocrx_word' id='word_1_324' title='bbox 1706 3089 1934 3145; x_wconf 88' lang='lat' dir='ltr'><strong>corpore</strong></span> 
     </span>
    </p>
   </div>
   <div class='ocr_carea' id='block_1_47' title="bbox 2113 1919 2305 1973">
    <p class='ocr_par' dir='ltr' id='par_1_47' title="bbox 2113 1919 2305 1973">
     <span class='ocr_line' id='line_1_47' title="bbox 2113 1919 2305 1973; baseline 0.005 -1"><span class='ocrx_word' id='word_1_325' title='bbox 2113 1919 2240 1973; x_wconf 85' lang='grc' dir='ltr'>τοῦ.</span> <span class='ocrx_word' id='word_1_326' title='bbox 2286 1940 2305 1972; x_wconf 79' lang='lat' dir='ltr'><strong>r</strong></span> 
     </span>
    </p>
   </div>
   <div class='ocr_carea' id='block_1_48' title="bbox 2112 2050 3629 2125">
    <p class='ocr_par' dir='ltr' id='par_1_48' title="bbox 2112 2050 3629 2125">
     <span class='ocr_line' id='line_1_48' title="bbox 2112 2050 3629 2125; baseline 0.004 -24"><span class='ocrx_word' id='word_1_327' title='bbox 2112 2050 2341 2118; x_wconf 77' lang='grc' dir='ltr'>Γέγονεν</span> <span class='ocrx_word' id='word_1_328' title='bbox 2362 2052 2390 2104; x_wconf 90' lang='grc' dir='ltr'>ὁ</span> <span class='ocrx_word' id='word_1_329' title='bbox 2422 2050 2639 2122; x_wconf 84' lang='grc' dir='ltr'>πρῶτος</span> <span class='ocrx_word' id='word_1_330' title='bbox 2669 2052 2954 2123; x_wconf 81' lang='grc' dir='ltr'>ἄνθρωπος</span> <span class='ocrx_word' id='word_1_331' title='bbox 2980 2052 3174 2124; x_wconf 82' lang='grc' dir='ltr'>Ἀδάμ,</span> <span class='ocrx_word' id='word_1_332' title='bbox 3211 2054 3307 2107; x_wconf 78' lang='grc' dir='ltr'>καὶ</span> <span class='ocrx_word' id='word_1_333' title='bbox 3334 2055 3451 2118; x_wconf 70' lang='grc' dir='ltr'>ὁδὸς</span> <span class='ocrx_word' id='word_1_334' title='bbox 3476 2056 3629 2125; x_wconf 72' lang='grc' dir='ltr'><strong>αὖτῷ</strong></span> 
     </span>
    </p>
   </div>
   <div class='ocr_carea' id='block_1_49' title="bbox 2042 2142 3629 2218">
    <p class='ocr_par' dir='ltr' id='par_1_49' title="bbox 2042 2142 3629 2218">
     <span class='ocr_line' id='line_1_49' title="bbox 2042 2142 3629 2218; baseline 0.003 -24"><span class='ocrx_word' id='word_1_335' title='bbox 2042 2142 2314 2214; x_wconf 84' lang='grc' dir='ltr'><strong>σωτηρίας</strong></span> <span class='ocrx_word' id='word_1_336' title='bbox 2343 2142 2551 2196; x_wconf 86' lang='grc' dir='ltr'>δέδοται</span> <span class='ocrx_word' id='word_1_337' title='bbox 2591 2144 2740 2213; x_wconf 85' lang='grc' dir='ltr'><strong>παρά</strong></span> <span class='ocrx_word' id='word_1_338' title='bbox 2781 2144 2939 2198; x_wconf 85' lang='grc' dir='ltr'>Θεοῦ.</span> <span class='ocrx_word' id='word_1_339' title='bbox 2976 2144 3193 2215; x_wconf 84' lang='grc' dir='ltr'>Ταύτην</span> <span class='ocrx_word' id='word_1_340' title='bbox 3227 2146 3498 2211; x_wconf 87' lang='grc' dir='ltr'>ἀπώλεσε,</span> <span class='ocrx_word' id='word_1_341' title='bbox 3525 2150 3629 2218; x_wconf 74' lang='grc' dir='ltr'>τὴν</span> 
     </span>
    </p>
   </div>
   <div class='ocr_carea' id='block_1_50' title="bbox 2040 2233 3627 2309">
    <p class='ocr_par' dir='ltr' id='par_1_50' title="bbox 2040 2233 3627 2309">
     <span class='ocr_line' id='line_1_50' title="bbox 2040 2233 3627 2309; baseline 0.003 -22"><span class='ocrx_word' id='word_1_342' title='bbox 2040 2233 2193 2287; x_wconf 82' lang='grc' dir='ltr'>Θείαν</span> <span class='ocrx_word' id='word_1_343' title='bbox 2221 2235 2441 2304; x_wconf 78' lang='grc' dir='ltr'>ἐντολὴν</span> <span class='ocrx_word' id='word_1_344' title='bbox 2464 2235 2890 2309; x_wconf 85' lang='grc' dir='ltr'>παραϐεϐηκὼς,</span> <span class='ocrx_word' id='word_1_345' title='bbox 2940 2236 3228 2292; x_wconf 83' lang='grc' dir='ltr'>πέπτωκεν</span> <span class='ocrx_word' id='word_1_346' title='bbox 3268 2240 3347 2301; x_wconf 83' lang='grc' dir='ltr'><strong>είς</strong></span> <span class='ocrx_word' id='word_1_347' title='bbox 3393 2238 3627 2309; x_wconf 72' lang='grc' dir='ltr'>φθορὰν,</span> 
     </span>
    </p>
   </div>
   <div class='ocr_carea' id='block_1_51' title="bbox 2038 2326 3623 2401">
    <p class='ocr_par' dir='ltr' id='par_1_51' title="bbox 2038 2326 3623 2401">
     <span class='ocr_line' id='line_1_51' title="bbox 2038 2326 3623 2401; baseline 0.004 -23"><span class='ocrx_word' id='word_1_348' title='bbox 2038 2326 2243 2397; x_wconf 77' lang='grc' dir='ltr'>ἠνέχθη</span> <span class='ocrx_word' id='word_1_349' title='bbox 2283 2329 2419 2399; x_wconf 78' lang='grc' dir='ltr'>πρὸς</span> <span class='ocrx_word' id='word_1_350' title='bbox 2467 2329 2765 2399; x_wconf 87' lang='grc' dir='ltr'>ἁμαρτίαν,</span> <span class='ocrx_word' id='word_1_351' title='bbox 2811 2330 3190 2401; x_wconf 89' lang='grc' dir='ltr'>καταϐέϐηκεν</span> <span class='ocrx_word' id='word_1_352' title='bbox 3236 2333 3315 2393; x_wconf 86' lang='grc' dir='ltr'><strong>είς</strong></span> <span class='ocrx_word' id='word_1_353' title='bbox 3370 2332 3623 2384; x_wconf 78' lang='grc' dir='ltr'>θάνατον.</span> 
     </span>
    </p>
   </div>
   <div class='ocr_carea' id='block_1_52' title="bbox 2042 2418 3627 2494">
    <p class='ocr_par' dir='ltr' id='par_1_52' title="bbox 2042 2418 3627 2494">
     <span class='ocr_line' id='line_1_52' title="bbox 2042 2418 3627 2494; baseline 0.002 -21"><span class='ocrx_word' id='word_1_354' title='bbox 2042 2421 2191 2473; x_wconf 83' lang='grc' dir='ltr'>Ἔδει</span> <span class='ocrx_word' id='word_1_355' title='bbox 2215 2421 2376 2474; x_wconf 80' lang='grc' dir='ltr'>πάλιν</span> <span class='ocrx_word' id='word_1_356' title='bbox 2397 2422 2531 2491; x_wconf 79' lang='grc' dir='ltr'><strong>ἡμῖν</strong></span> <span class='ocrx_word' id='word_1_357' title='bbox 2554 2422 2674 2475; x_wconf 74' lang='grc' dir='ltr'>ὁδὸν</span> <span class='ocrx_word' id='word_1_358' title='bbox 2701 2422 2895 2494; x_wconf 75' lang='grc' dir='ltr'>ἑτέραν</span> <span class='ocrx_word' id='word_1_359' title='bbox 2922 2423 3325 2494; x_wconf 78' lang='grc' dir='ltr'>ἀναδειχθῆναι,</span> <span class='ocrx_word' id='word_1_360' title='bbox 3346 2424 3410 2477; x_wconf 80' lang='grc' dir='ltr'>δι’</span> <span class='ocrx_word' id='word_1_361' title='bbox 3436 2418 3503 2494; x_wconf 78' lang='grc' dir='ltr'>ἦς</span> <span class='ocrx_word' id='word_1_362' title='bbox 3523 2426 3627 2493; x_wconf 73' lang='grc' dir='ltr'><strong>τὴν</strong></span> 
     </span>
    </p>
   </div>
   <div class='ocr_carea' id='block_1_53' title="bbox 2038 2512 3625 2586">
    <p class='ocr_par' dir='ltr' id='par_1_53' title="bbox 2038 2512 3625 2586">
     <span class='ocr_line' id='line_1_53' title="bbox 2038 2512 3625 2586; baseline 0.002 -20"><span class='ocrx_word' id='word_1_363' title='bbox 2038 2512 2273 2583; x_wconf 83' lang='grc' dir='ltr'>ἀρχαίαν</span> <span class='ocrx_word' id='word_1_364' title='bbox 2316 2514 2655 2567; x_wconf 81' lang='grc' dir='ltr'>κατάστασιν</span> <span class='ocrx_word' id='word_1_365' title='bbox 2708 2515 2925 2584; x_wconf 78' lang='grc' dir='ltr'>ἐκείνην</span> <span class='ocrx_word' id='word_1_366' title='bbox 2965 2515 3232 2586; x_wconf 83' lang='grc' dir='ltr'>ἀναϐῆναι</span> <span class='ocrx_word' id='word_1_367' title='bbox 3258 2516 3625 2586; x_wconf 83' lang='grc' dir='ltr'>δυνησόμεθα.</span> 
     </span>
    </p>
   </div>
   <div class='ocr_carea' id='block_1_54' title="bbox 2050 2601 3627 2674">
    <p class='ocr_par' dir='ltr' id='par_1_54' title="bbox 2050 2601 3627 2674">
     <span class='ocr_line' id='line_1_54' title="bbox 2050 2601 3627 2674; baseline 0.004 -21"><span class='ocrx_word' id='word_1_368' title='bbox 2050 2601 2266 2674; x_wconf 84' lang='grc' dir='ltr'>Ἐπειδὴ</span> <span class='ocrx_word' id='word_1_369' title='bbox 2315 2602 2372 2655; x_wconf 80' lang='grc' dir='ltr'>δὲ</span> <span class='ocrx_word' id='word_1_370' title='bbox 2409 2602 2712 2673; x_wconf 86' lang='grc' dir='ltr'>ἀνθρώπων</span> <span class='ocrx_word' id='word_1_371' title='bbox 2763 2604 2940 2667; x_wconf 75' lang='grc' dir='ltr'>οὐδεὶς</span> <span class='ocrx_word' id='word_1_372' title='bbox 2985 2604 3170 2667; x_wconf 74' lang='grc' dir='ltr'>ἱκανὸς</span> <span class='ocrx_word' id='word_1_373' title='bbox 3221 2605 3297 2659; x_wconf 80' lang='grc' dir='ltr'>ὢν</span> <span class='ocrx_word' id='word_1_374' title='bbox 3352 2608 3432 2669; x_wconf 86' lang='grc' dir='ltr'><strong>είς</strong></span> <span class='ocrx_word' id='word_1_375' title='bbox 3466 2606 3627 2660; x_wconf 88' lang='grc' dir='ltr'>τοῦτο</span> 
     </span>
    </p>
   </div>
   <div class='ocr_carea' id='block_1_55' title="bbox 2039 2698 3623 2772">
    <p class='ocr_par' dir='ltr' id='par_1_55' title="bbox 2039 2698 3623 2772">
     <span class='ocr_line' id='line_1_55' title="bbox 2039 2698 3623 2772; baseline 0.004 -24"><span class='ocrx_word' id='word_1_376' title='bbox 2039 2698 2419 2764; x_wconf 76' lang='grc' dir='ltr'>κατεφαίνετο,</span> <span class='ocrx_word' id='word_1_377' title='bbox 2448 2699 2763 2766; x_wconf 83' lang='grc' dir='ltr'>ἀναγκαίως</span> <span class='ocrx_word' id='word_1_378' title='bbox 2806 2698 2969 2762; x_wconf 81' lang='grc' dir='ltr'>αὐτὸς</span> <span class='ocrx_word' id='word_1_379' title='bbox 3022 2702 3051 2753; x_wconf 90' lang='lat'><strong>6</strong></span> <span class='ocrx_word' id='word_1_380' title='bbox 3101 2699 3484 2772; x_wconf 79' lang='grc' dir='ltr'>φιλάνθρωπος</span> <span class='ocrx_word' id='word_1_381' title='bbox 3522 2703 3623 2754; x_wconf 88' lang='grc' dir='ltr'><strong>τοῦ</strong></span> 
     </span>
    </p>
   </div>
   <div class='ocr_carea' id='block_1_56' title="bbox 2038 2787 3623 2862">
    <p class='ocr_par' dir='ltr' id='par_1_56' title="bbox 2038 2787 3623 2862">
     <span class='ocr_line' id='line_1_56' title="bbox 2038 2787 3623 2862; baseline 0.004 -23"><span class='ocrx_word' id='word_1_382' title='bbox 2038 2788 2173 2840; x_wconf 87' lang='grc' dir='ltr'>Θεοῦ</span> <span class='ocrx_word' id='word_1_383' title='bbox 2205 2790 2396 2856; x_wconf 84' lang='grc' dir='ltr'><strong>Λόγος,</strong></span> <span class='ocrx_word' id='word_1_384' title='bbox 2439 2791 2693 2853; x_wconf 78' lang='grc' dir='ltr'>ἀκτιστος</span> <span class='ocrx_word' id='word_1_385' title='bbox 2725 2789 2802 2842; x_wconf 83' lang='grc' dir='ltr'><strong>ὢν</strong></span> <span class='ocrx_word' id='word_1_386' title='bbox 2829 2789 2929 2861; x_wconf 82' lang='grc' dir='ltr'>τὴν</span> <span class='ocrx_word' id='word_1_387' title='bbox 2964 2787 3150 2861; x_wconf 81' lang='grc' dir='ltr'>φύσιν,</span> <span class='ocrx_word' id='word_1_388' title='bbox 3184 2793 3472 2862; x_wconf 78' lang='grc' dir='ltr'>ἄνθρωπος</span> <span class='ocrx_word' id='word_1_389' title='bbox 3504 2794 3623 2846; x_wconf 84' lang='grc' dir='ltr'>κτί-</span> 
     </span>
    </p>
   </div>
   <div class='ocr_carea' id='block_1_57' title="bbox 2038 2881 3622 2955">
    <p class='ocr_par' dir='ltr' id='par_1_57' title="bbox 2038 2881 3622 2955">
     <span class='ocr_line' id='line_1_57' title="bbox 2038 2881 3622 2955; baseline 0.003 -22"><span class='ocrx_word' id='word_1_390' title='bbox 2038 2882 2189 2946; x_wconf 80' lang='grc' dir='ltr'>ζεται</span> <span class='ocrx_word' id='word_1_391' title='bbox 2215 2882 2281 2935; x_wconf 78' lang='grc' dir='ltr'>δι’</span> <span class='ocrx_word' id='word_1_392' title='bbox 2302 2884 2467 2953; x_wconf 82' lang='grc' dir='ltr'>ἡμᾶς,</span> <span class='ocrx_word' id='word_1_393' title='bbox 2497 2881 2747 2951; x_wconf 83' lang='grc' dir='ltr'>βουλήσει</span> <span class='ocrx_word' id='word_1_394' title='bbox 2776 2882 2872 2935; x_wconf 86' lang='grc' dir='ltr'><strong>τοῦ</strong></span> <span class='ocrx_word' id='word_1_395' title='bbox 2898 2884 3111 2954; x_wconf 85' lang='grc' dir='ltr'>Πατρὸς</span> <span class='ocrx_word' id='word_1_396' title='bbox 3140 2883 3236 2953; x_wconf 84' lang='grc' dir='ltr'><strong>τὴν</strong></span> <span class='ocrx_word' id='word_1_397' title='bbox 3261 2884 3415 2955; x_wconf 82' lang='grc' dir='ltr'>ἡμῶν</span> <span class='ocrx_word' id='word_1_398' title='bbox 3441 2886 3622 2953; x_wconf 77' lang='grc' dir='ltr'>σάρκα</span> 
     </span>
    </p>
   </div>
   <div class='ocr_carea' id='block_1_58' title="bbox 2039 2975 3621 3046">
    <p class='ocr_par' dir='ltr' id='par_1_58' title="bbox 2039 2975 3621 3046">
     <span class='ocr_line' id='line_1_58' title="bbox 2039 2975 3621 3046; baseline 0.002 -20"><span class='ocrx_word' id='word_1_399' title='bbox 2039 2975 2501 3046; x_wconf 83' lang='grc' dir='ltr'>περιϐαλόμενος·</span> <span class='ocrx_word' id='word_1_400' title='bbox 2539 2976 2646 3037; x_wconf 84' lang='grc' dir='ltr'>ἵνα,</span> <span class='ocrx_word' id='word_1_401' title='bbox 2678 2975 2932 3046; x_wconf 85' lang='grc' dir='ltr'>καθάπερ</span> <span class='ocrx_word' id='word_1_402' title='bbox 2969 2978 2997 3028; x_wconf 89' lang='lat'><strong>6</strong></span> <span class='ocrx_word' id='word_1_403' title='bbox 3030 2976 3240 3039; x_wconf 80' lang='grc' dir='ltr'>Παῦλος</span> <span class='ocrx_word' id='word_1_404' title='bbox 3274 2994 3459 3044; x_wconf 82' lang='grc' dir='ltr'>φησιν,</span> <span class='ocrx_word' id='word_1_405' title='bbox 3497 2979 3621 3031; x_wconf 63' lang='grc' dir='ltr'>ὁδὸν</span> 
     </span>
    </p>
   </div>
   <div class='ocr_carea' id='block_1_59' title="bbox 2035 3067 3618 3141">
    <p class='ocr_par' dir='ltr' id='par_1_59' title="bbox 2035 3067 3618 3141">
     <span class='ocr_line' id='line_1_59' title="bbox 2035 3067 3618 3141; baseline 0.001 -22"><span class='ocrx_word' id='word_1_406' title='bbox 2035 3071 2167 3137; x_wconf 81' lang='grc' dir='ltr'>ἡμῖν</span> <span class='ocrx_word' id='word_1_407' title='bbox 2205 3067 2488 3138; x_wconf 82' lang='grc' dir='ltr'>ὲγκαινίσῃ</span> <span class='ocrx_word' id='word_1_408' title='bbox 2526 3067 2840 3137; x_wconf 71' lang='grc' dir='ltr'>πρόσφατον</span> <span class='ocrx_word' id='word_1_409' title='bbox 2872 3068 2965 3121; x_wconf 82' lang='grc' dir='ltr'><strong>καὶ</strong></span> <span class='ocrx_word' id='word_1_410' title='bbox 3005 3069 3305 3138; x_wconf 88' lang='grc' dir='ltr'>μένουσαν,</span> <span class='ocrx_word' id='word_1_411' title='bbox 3345 3070 3437 3121; x_wconf 72' lang='grc' dir='ltr'><strong>καὶ</strong></span> <span class='ocrx_word' id='word_1_412' title='bbox 3475 3070 3618 3141; x_wconf 84' lang='grc' dir='ltr'>πλη-</span> 
     </span>
    </p>
   </div>
   <div class='ocr_carea' id='block_1_60' title="bbox 355 3158 1932 3263">
    <p class='ocr_par' dir='ltr' id='par_1_60' title="bbox 355 3158 1932 3232">
     <span class='ocr_line' id='line_1_60' title="bbox 355 3158 1932 3232; baseline 0.007 -21"><span class='ocrx_word' id='word_1_413' title='bbox 355 3158 579 3228; x_wconf 83' lang='lat' dir='ltr'><strong>quidem</strong></span> <span class='ocrx_word' id='word_1_414' title='bbox 633 3170 819 3215; x_wconf 88' lang='lat' dir='ltr'><strong>nostro</strong></span> <span class='ocrx_word' id='word_1_415' title='bbox 854 3162 922 3216; x_wconf 84' lang='lat' dir='ltr'><strong>ad</strong></span> <span class='ocrx_word' id='word_1_416' title='bbox 966 3162 1430 3232; x_wconf 84' lang='lat' dir='ltr'><strong>incorruptionem</strong></span> <span class='ocrx_word' id='word_1_417' title='bbox 1480 3166 1775 3224; x_wconf 80' lang='lat' dir='ltr'><strong>reformato</strong></span> <span class='ocrx_word' id='word_1_418' title='bbox 1804 3210 1820 3231; x_wconf 89' lang='lat'><strong>,</strong></span> <span class='ocrx_word' id='word_1_419' title='bbox 1880 3176 1932 3223; x_wconf 92' lang='lat' dir='ltr'><strong>et</strong></span> 
     </span>
    </p>
   </div>
   <div class='ocr_carea' id='block_1_61' title="bbox 2040 3158 3617 3263">
    <p class='ocr_par' dir='ltr' id='par_1_61' title="bbox 2040 3158 3617 3232">
     <span class='ocr_line' id='line_1_61' title="bbox 2040 3158 3617 3232; baseline 0 -19"><span class='ocrx_word' id='word_1_420' title='bbox 2040 3159 2188 3231; x_wconf 81' lang='grc' dir='ltr'>ρώσῃ</span> <span class='ocrx_word' id='word_1_421' title='bbox 2214 3159 2282 3213; x_wconf 79' lang='grc' dir='ltr'>τὰ</span> <span class='ocrx_word' id='word_1_422' title='bbox 2310 3158 2447 3230; x_wconf 75' lang='grc' dir='ltr'>ἔργα</span> <span class='ocrx_word' id='word_1_423' title='bbox 2480 3159 2574 3211; x_wconf 89' lang='grc' dir='ltr'><strong>τοῦ</strong></span> <span class='ocrx_word' id='word_1_424' title='bbox 2610 3159 2846 3228; x_wconf 80' lang='grc' dir='ltr'>Πατρὺς,</span> <span class='ocrx_word' id='word_1_425' title='bbox 2880 3159 3121 3213; x_wconf 83' lang='grc' dir='ltr'>ἀνανεῶν</span> <span class='ocrx_word' id='word_1_426' title='bbox 3158 3161 3255 3230; x_wconf 83' lang='grc' dir='ltr'><strong>μὲν</strong></span> <span class='ocrx_word' id='word_1_427' title='bbox 3292 3162 3371 3223; x_wconf 84' lang='grc' dir='ltr'><strong>είς</strong></span> <span class='ocrx_word' id='word_1_428' title='bbox 3402 3160 3617 3232; x_wconf 74' lang='grc' dir='ltr'>ἀφθαρ-</span> 
     </span>
    </p>
   </div>
   <div class='ocr_carea' id='block_1_62' title="bbox 360 3255 1928 3324">
    <p class='ocr_par' dir='ltr' id='par_1_62' title="bbox 360 3255 1928 3324">
     <span class='ocr_line' id='line_1_62' title="bbox 360 3255 1928 3324; baseline 0.006 -22"><span class='ocrx_word' id='word_1_429' title='bbox 360 3258 540 3303; x_wconf 71' lang='lat' dir='ltr'><strong>inerte</strong></span> <span class='ocrx_word' id='word_1_430' title='bbox 567 3292 583 3316; x_wconf 90' lang='lat'><strong>,</strong></span> <span class='ocrx_word' id='word_1_431' title='bbox 613 3264 736 3320; x_wconf 64' lang='lat' dir='ltr'><strong>quas</strong></span> <span class='ocrx_word' id='word_1_432' title='bbox 782 3267 882 3321; x_wconf 88' lang='lat' dir='ltr'><strong>per</strong></span> <span class='ocrx_word' id='word_1_433' title='bbox 926 3265 1207 3321; x_wconf 84' lang='lat' dir='ltr'><strong>peccatum</strong></span> <span class='ocrx_word' id='word_1_434' title='bbox 1263 3255 1548 3324; x_wconf 89' lang='lat' dir='ltr'><strong>imperium</strong></span> <span class='ocrx_word' id='word_1_435' title='bbox 1595 3258 1928 3323; x_wconf 85' lang='lat' dir='ltr'><strong>obtinuerat,</strong></span> 
     </span>
    </p>
   </div>
   <div class='ocr_carea' id='block_1_63' title="bbox 358 3339 1932 3417">
    <p class='ocr_par' dir='ltr' id='par_1_63' title="bbox 358 3339 1932 3417">
     <span class='ocr_line' id='line_1_63' title="bbox 358 3339 1932 3417; baseline 0.006 -24"><span class='ocrx_word' id='word_1_436' title='bbox 358 3339 594 3407; x_wconf 81' lang='lat' dir='ltr'><strong>sublata,</strong></span> <span class='ocrx_word' id='word_1_437' title='bbox 630 3341 857 3411; x_wconf 85' lang='lat' dir='ltr'><strong>ipsoque</strong></span> <span class='ocrx_word' id='word_1_438' title='bbox 894 3352 1117 3411; x_wconf 85' lang='lat' dir='ltr'><strong>peccato</strong></span> <span class='ocrx_word' id='word_1_439' title='bbox 1144 3345 1510 3399; x_wconf 88' lang='lat' dir='ltr'><strong>condemnato</strong></span> <span class='ocrx_word' id='word_1_440' title='bbox 1535 3386 1551 3410; x_wconf 93' lang='lat'><strong>,</strong></span> <span class='ocrx_word' id='word_1_441' title='bbox 1612 3348 1932 3417; x_wconf 75' lang='lat' dir='ltr'><strong>caeterisque</strong></span> 
     </span>
    </p>
   </div>
   <div class='ocr_carea' id='block_1_64' title="bbox 357 3430 1931 3503">
    <p class='ocr_par' dir='ltr' id='par_1_64' title="bbox 357 3430 1931 3503">
     <span class='ocr_line' id='line_1_64' title="bbox 357 3430 1931 3503; baseline 0.006 -18"><span class='ocrx_word' id='word_1_442' title='bbox 357 3430 520 3485; x_wconf 87' lang='lat' dir='ltr'><strong>bonis</strong></span> <span class='ocrx_word' id='word_1_443' title='bbox 570 3447 692 3500; x_wconf 63' lang='lat' dir='ltr'><strong>quae</strong></span> <span class='ocrx_word' id='word_1_444' title='bbox 746 3433 1013 3500; x_wconf 84' lang='lat' dir='ltr'><strong>contulit,</strong></span> <span class='ocrx_word' id='word_1_445' title='bbox 1058 3449 1154 3503; x_wconf 89' lang='lat' dir='ltr'><strong>per</strong></span> <span class='ocrx_word' id='word_1_446' title='bbox 1200 3435 1377 3503; x_wconf 89' lang='lat' dir='ltr'><strong>ipsum</strong></span> <span class='ocrx_word' id='word_1_447' title='bbox 1422 3446 1630 3491; x_wconf 74' lang='lat' dir='ltr'><strong>natura:</strong></span> <span class='ocrx_word' id='word_1_448' title='bbox 1683 3439 1931 3495; x_wconf 73' lang='lat' dir='ltr'><strong>humana:</strong></span> 
     </span>
    </p>
   </div>
   <div class='ocr_carea' id='block_1_65' title="bbox 355 3521 1928 3595">
    <p class='ocr_par' dir='ltr' id='par_1_65' title="bbox 355 3521 1928 3595">
     <span class='ocr_line' id='line_1_65' title="bbox 355 3521 1928 3595; baseline 0.006 -20"><span class='ocrx_word' id='word_1_449' title='bbox 355 3523 636 3591; x_wconf 67' lang='lat' dir='ltr'><strong>praestitis.</strong></span> <span class='ocrx_word' id='word_1_450' title='bbox 674 3521 731 3579; x_wconf 89' lang='lat' dir='ltr'><strong>Si</strong></span> <span class='ocrx_word' id='word_1_451' title='bbox 763 3540 894 3595; x_wconf 82' lang='lat' dir='ltr'><strong>ergo</strong></span> <span class='ocrx_word' id='word_1_452' title='bbox 920 3525 1098 3581; x_wconf 77' lang='lat' dir='ltr'><strong>factus</strong></span> <span class='ocrx_word' id='word_1_453' title='bbox 1125 3536 1206 3581; x_wconf 88' lang='lat' dir='ltr'><strong>est</strong></span> <span class='ocrx_word' id='word_1_454' title='bbox 1236 3528 1400 3582; x_wconf 86' lang='lat' dir='ltr'><strong>homo</strong></span> <span class='ocrx_word' id='word_1_455' title='bbox 1423 3569 1438 3591; x_wconf 93' lang='lat'><strong>,</strong></span> <span class='ocrx_word' id='word_1_456' title='bbox 1487 3539 1544 3582; x_wconf 90' lang='lat' dir='ltr'><strong>ut</strong></span> <span class='ocrx_word' id='word_1_457' title='bbox 1572 3529 1731 3585; x_wconf 88' lang='lat' dir='ltr'><strong>nobis</strong></span> <span class='ocrx_word' id='word_1_458' title='bbox 1764 3532 1928 3585; x_wconf 89' lang='lat' dir='ltr'><strong>etiam</strong></span> 
     </span>
    </p>
   </div>
   <div class='ocr_carea' id='block_1_66' title="bbox 354 3615 1927 3694">
    <p class='ocr_par' dir='ltr' id='par_1_66' title="bbox 354 3615 1927 3694">
     <span class='ocr_line' id='line_1_66' title="bbox 354 3615 1927 3694; baseline 0.007 -25"><span class='ocrx_word' id='word_1_459' title='bbox 354 3615 619 3670; x_wconf 85' lang='lat' dir='ltr'><strong>bonorum</strong></span> <span class='ocrx_word' id='word_1_460' title='bbox 665 3619 751 3672; x_wconf 90' lang='lat' dir='ltr'><strong>via</strong></span> <span class='ocrx_word' id='word_1_461' title='bbox 804 3620 933 3684; x_wconf 88' lang='lat' dir='ltr'><strong>ﬁat,</strong></span> <span class='ocrx_word' id='word_1_462' title='bbox 980 3635 1152 3689; x_wconf 88' lang='lat' dir='ltr'><strong>eaque</strong></span> <span class='ocrx_word' id='word_1_463' title='bbox 1196 3637 1360 3692; x_wconf 86' lang='lat' dir='ltr'><strong>opera</strong></span> <span class='ocrx_word' id='word_1_464' title='bbox 1399 3625 1687 3693; x_wconf 88' lang='lat' dir='ltr'><strong>perﬁciat,</strong></span> <span class='ocrx_word' id='word_1_465' title='bbox 1735 3640 1854 3694; x_wconf 71' lang='lat' dir='ltr'><strong>quze</strong></span> <span class='ocrx_word' id='word_1_466' title='bbox 1899 3643 1927 3679; x_wconf 92' lang='lat' dir='ltr'><strong>a</strong></span> 
     </span>
    </p>
   </div>
   <div class='ocr_carea' id='block_1_67' title="bbox 353 3709 1927 3781">
    <p class='ocr_par' dir='ltr' id='par_1_67' title="bbox 353 3709 1927 3781">
     <span class='ocr_line' id='line_1_67' title="bbox 353 3709 1927 3781; baseline 0.003 -16"><span class='ocrx_word' id='word_1_467' title='bbox 353 3709 516 3765; x_wconf 81' lang='lat' dir='ltr'><strong>Patre</strong></span> <span class='ocrx_word' id='word_1_468' title='bbox 554 3726 652 3780; x_wconf 89' lang='lat' dir='ltr'><strong>per</strong></span> <span class='ocrx_word' id='word_1_469' title='bbox 683 3713 858 3781; x_wconf 91' lang='lat' dir='ltr'><strong>ipsum</strong></span> <span class='ocrx_word' id='word_1_470' title='bbox 890 3713 1047 3778; x_wconf 90' lang='lat' dir='ltr'><strong>ﬁunt,</strong></span> <span class='ocrx_word' id='word_1_471' title='bbox 1074 3717 1270 3769; x_wconf 89' lang='lat' dir='ltr'><strong>merito</strong></span> <span class='ocrx_word' id='word_1_472' title='bbox 1302 3726 1451 3770; x_wconf 91' lang='lat' dir='ltr'><strong>certe</strong></span> <span class='ocrx_word' id='word_1_473' title='bbox 1476 3715 1654 3771; x_wconf 86' lang='lat' dir='ltr'><strong>dicat:</strong></span> <span class='ocrx_word' id='word_1_474' title='bbox 1691 3736 1709 3769; x_wconf 77' lang='grc' dir='ltr'><strong>ι</strong></span> <span class='ocrx_word' id='word_1_475' title='bbox 1743 3719 1927 3772; x_wconf 83' lang='lat' dir='ltr'><strong>Domi—</strong></span> 
     </span>
    </p>
   </div>
   <div class='ocr_carea' id='block_1_68' title="bbox 355 3804 1926 3878">
    <p class='ocr_par' dir='ltr' id='par_1_68' title="bbox 355 3804 1926 3878">
     <span class='ocr_line' id='line_1_68' title="bbox 355 3804 1926 3878; baseline 0.004 -21"><span class='ocrx_word' id='word_1_476' title='bbox 355 3818 457 3857; x_wconf 89' lang='lat' dir='ltr'><strong>nus</strong></span> <span class='ocrx_word' id='word_1_477' title='bbox 488 3804 693 3859; x_wconf 83' lang='lat' dir='ltr'><strong>creavit</strong></span> <span class='ocrx_word' id='word_1_478' title='bbox 721 3820 807 3859; x_wconf 87' lang='lat' dir='ltr'><strong>me</strong></span> <span class='ocrx_word' id='word_1_479' title='bbox 834 3806 1159 3875; x_wconf 89' lang='lat' dir='ltr'><strong>principium</strong></span> <span class='ocrx_word' id='word_1_480' title='bbox 1180 3806 1390 3861; x_wconf 85' lang='lat' dir='ltr'><strong>viarum</strong></span> <span class='ocrx_word' id='word_1_481' title='bbox 1414 3823 1635 3863; x_wconf 90' lang='lat' dir='ltr'><strong>suarum</strong></span> <span class='ocrx_word' id='word_1_482' title='bbox 1670 3810 1721 3863; x_wconf 91' lang='lat' dir='ltr'><strong>in</strong></span> <span class='ocrx_word' id='word_1_483' title='bbox 1760 3825 1926 3878; x_wconf 85' lang='lat' dir='ltr'><strong>opera</strong></span> 
     </span>
    </p>
   </div>
   <div class='ocr_carea' id='block_1_69' title="bbox 353 3896 1927 3966">
    <p class='ocr_par' dir='ltr' id='par_1_69' title="bbox 353 3896 1927 3966">
     <span class='ocr_line' id='line_1_69' title="bbox 353 3896 1927 3966; baseline 0.003 -17"><span class='ocrx_word' id='word_1_484' title='bbox 353 3896 547 3964; x_wconf 86' lang='lat' dir='ltr'><strong>ipsius.</strong></span> <span class='ocrx_word' id='word_1_485' title='bbox 585 3915 605 3948; x_wconf 77' lang='grc' dir='ltr'><strong>ι</strong></span> <span class='ocrx_word' id='word_1_486' title='bbox 636 3896 906 3966; x_wconf 85' lang='lat' dir='ltr'><strong>Deinceps</strong></span> <span class='ocrx_word' id='word_1_487' title='bbox 931 3912 1061 3951; x_wconf 89' lang='lat' dir='ltr'><strong>vero</strong></span> <span class='ocrx_word' id='word_1_488' title='bbox 1099 3913 1322 3965; x_wconf 86' lang='lat' dir='ltr'><strong>rursus,</strong></span> <span class='ocrx_word' id='word_1_489' title='bbox 1367 3899 1737 3954; x_wconf 79' lang='lat' dir='ltr'><strong>exsistentiam</strong></span> <span class='ocrx_word' id='word_1_490' title='bbox 1772 3917 1927 3955; x_wconf 89' lang='lat' dir='ltr'><strong>suam</strong></span> 
     </span>
    </p>
   </div>
   <div class='ocr_carea' id='block_1_70' title="bbox 352 3989 1924 4059">
    <p class='ocr_par' dir='ltr' id='par_1_70' title="bbox 352 3989 1924 4059">
     <span class='ocr_line' id='line_1_70' title="bbox 352 3989 1924 4059; baseline 0.004 -18"><span class='ocrx_word' id='word_1_491' title='bbox 352 3997 482 4042; x_wconf 87' lang='lat' dir='ltr'><strong>ante</strong></span> <span class='ocrx_word' id='word_1_492' title='bbox 509 3989 692 4042; x_wconf 88' lang='lat' dir='ltr'><strong>omnia</strong></span> <span class='ocrx_word' id='word_1_493' title='bbox 714 3990 913 4044; x_wconf 76' lang='lat' dir='ltr'><strong>szecula</strong></span> <span class='ocrx_word' id='word_1_494' title='bbox 939 3989 1277 4059; x_wconf 86' lang='lat' dir='ltr'><strong>signiﬁcans,</strong></span> <span class='ocrx_word' id='word_1_495' title='bbox 1306 3992 1381 4044; x_wconf 84' lang='lat' dir='ltr'><strong>ait</strong></span> <span class='ocrx_word' id='word_1_496' title='bbox 1416 4008 1429 4043; x_wconf 93' lang='lat'><strong>:</strong></span> <span class='ocrx_word' id='word_1_497' title='bbox 1480 4010 1499 4042; x_wconf 75' lang='grc' dir='ltr'><strong>ι</strong></span> <span class='ocrx_word' id='word_1_498' title='bbox 1540 3992 1686 4046; x_wconf 84' lang='lat' dir='ltr'><strong>Ante</strong></span> <span class='ocrx_word' id='word_1_499' title='bbox 1726 3994 1924 4048; x_wconf 68' lang='lat' dir='ltr'><strong>saecula</strong></span> 
     </span>
    </p>
   </div>
   <div class='ocr_carea' id='block_1_71' title="bbox 354 4077 1924 4153">
    <p class='ocr_par' dir='ltr' id='par_1_71' title="bbox 354 4077 1924 4153">
     <span class='ocr_line' id='line_1_71' title="bbox 354 4077 1924 4153; baseline 0.003 -21"><span class='ocrx_word' id='word_1_500' title='bbox 354 4077 600 4135; x_wconf 77' lang='lat' dir='ltr'><strong>fundavit</strong></span> <span class='ocrx_word' id='word_1_501' title='bbox 647 4095 752 4136; x_wconf 92' lang='lat' dir='ltr'><strong>me.</strong></span> <span class='ocrx_word' id='word_1_502' title='bbox 798 4099 820 4133; x_wconf 73' lang='grc' dir='ltr'><strong>ι</strong></span> <span class='ocrx_word' id='word_1_503' title='bbox 874 4080 933 4136; x_wconf 92' lang='lat' dir='ltr'><strong>Si</strong></span> <span class='ocrx_word' id='word_1_504' title='bbox 973 4096 1107 4136; x_wconf 90' lang='lat' dir='ltr'><strong>vero</strong></span> <span class='ocrx_word' id='word_1_505' title='bbox 1144 4091 1202 4138; x_wconf 90' lang='lat' dir='ltr'><strong>et</strong></span> <span class='ocrx_word' id='word_1_506' title='bbox 1247 4082 1519 4153; x_wconf 83' lang='lat' dir='ltr'><strong>gignitur,</strong></span> <span class='ocrx_word' id='word_1_507' title='bbox 1571 4094 1627 4138; x_wconf 91' lang='lat' dir='ltr'><strong>et</strong></span> <span class='ocrx_word' id='word_1_508' title='bbox 1668 4096 1924 4150; x_wconf 88' lang='lat' dir='ltr'><strong>creatur,</strong></span> 
     </span>
    </p>
   </div>
   <div class='ocr_carea' id='block_1_72' title="bbox 355 4174 1921 4243">
    <p class='ocr_par' dir='ltr' id='par_1_72' title="bbox 355 4174 1921 4243">
     <span class='ocr_line' id='line_1_72' title="bbox 355 4174 1921 4243; baseline 0.006 -19"><span class='ocrx_word' id='word_1_509' title='bbox 355 4179 649 4242; x_wconf 82' lang='lat' dir='ltr'><strong>utrumque</strong></span> <span class='ocrx_word' id='word_1_510' title='bbox 678 4175 936 4230; x_wconf 82' lang='lat' dir='ltr'><strong>decenter</strong></span> <span class='ocrx_word' id='word_1_511' title='bbox 981 4174 1477 4243; x_wconf 86' lang='lat' dir='ltr'><strong>convenienterque</strong></span> <span class='ocrx_word' id='word_1_512' title='bbox 1532 4176 1647 4232; x_wconf 89' lang='lat' dir='ltr'><strong>ﬁeri</strong></span> <span class='ocrx_word' id='word_1_513' title='bbox 1686 4178 1921 4233; x_wconf 86' lang='lat' dir='ltr'><strong>dicatur.</strong></span> 
     </span>
    </p>
   </div>
   <div class='ocr_carea' id='block_1_73' title="bbox 354 4263 1926 4335">
    <p class='ocr_par' dir='ltr' id='par_1_73' title="bbox 354 4263 1926 4335">
     <span class='ocr_line' id='line_1_73' title="bbox 354 4263 1926 4335; baseline 0.003 -17"><span class='ocrx_word' id='word_1_514' title='bbox 354 4263 605 4335; x_wconf 84' lang='lat' dir='ltr'><strong>Gignitur</strong></span> <span class='ocrx_word' id='word_1_515' title='bbox 636 4266 781 4320; x_wconf 91' lang='lat' dir='ltr'><strong>enim</strong></span> <span class='ocrx_word' id='word_1_516' title='bbox 834 4274 892 4334; x_wconf 77' lang='lat' dir='ltr'><strong>ut</strong></span> <span class='ocrx_word' id='word_1_517' title='bbox 950 4266 1183 4321; x_wconf 83' lang='lat' dir='ltr'><strong>Verbum</strong></span> <span class='ocrx_word' id='word_1_518' title='bbox 1237 4282 1300 4320; x_wconf 80' lang='lat' dir='ltr'><strong>ex</strong></span> <span class='ocrx_word' id='word_1_519' title='bbox 1344 4265 1504 4322; x_wconf 87' lang='lat' dir='ltr'><strong>Patre</strong></span> <span class='ocrx_word' id='word_1_520' title='bbox 1560 4277 1688 4323; x_wconf 90' lang='lat' dir='ltr'><strong>ante</strong></span> <span class='ocrx_word' id='word_1_521' title='bbox 1733 4270 1926 4324; x_wconf 78' lang='lat' dir='ltr'><strong>saecula</strong></span> 
     </span>
    </p>
   </div>
   <div class='ocr_carea' id='block_1_74' title="bbox 358 4355 1929 4426">
    <p class='ocr_par' dir='ltr' id='par_1_74' title="bbox 358 4355 1929 4426">
     <span class='ocr_line' id='line_1_74' title="bbox 358 4355 1929 4426; baseline 0.003 -17"><span class='ocrx_word' id='word_1_522' title='bbox 358 4355 704 4422; x_wconf 90' lang='lat' dir='ltr'><strong>productum,</strong></span> <span class='ocrx_word' id='word_1_523' title='bbox 736 4368 795 4410; x_wconf 90' lang='lat' dir='ltr'><strong>ut</strong></span> <span class='ocrx_word' id='word_1_524' title='bbox 834 4359 1061 4426; x_wconf 88' lang='lat' dir='ltr'><strong>ipsemet</strong></span> <span class='ocrx_word' id='word_1_525' title='bbox 1110 4367 1377 4413; x_wconf 87' lang='lat' dir='ltr'><strong>testatur:</strong></span> <span class='ocrx_word' id='word_1_526' title='bbox 1415 4369 1633 4413; x_wconf 89' lang='lat' dir='ltr'><strong>creatur</strong></span> <span class='ocrx_word' id='word_1_527' title='bbox 1655 4374 1785 4415; x_wconf 90' lang='lat' dir='ltr'><strong>vero</strong></span> <span class='ocrx_word' id='word_1_528' title='bbox 1813 4400 1828 4424; x_wconf 88' lang='lat'><strong>,</strong></span> <span class='ocrx_word' id='word_1_529' title='bbox 1869 4369 1929 4413; x_wconf 88' lang='lat' dir='ltr'><strong>ut</strong></span> 
     </span>
    </p>
   </div>
   <div class='ocr_carea' id='block_1_75' title="bbox 357 4448 1928 4519">
    <p class='ocr_par' dir='ltr' id='par_1_75' title="bbox 357 4448 1928 4519">
     <span class='ocr_line' id='line_1_75' title="bbox 357 4448 1928 4519; baseline 0.003 -18"><span class='ocrx_word' id='word_1_530' title='bbox 357 4448 541 4513; x_wconf 74' lang='lat' dir='ltr'><strong>homo,</strong></span> <span class='ocrx_word' id='word_1_531' title='bbox 588 4449 805 4517; x_wconf 87' lang='lat' dir='ltr'><strong>quando</strong></span> <span class='ocrx_word' id='word_1_532' title='bbox 854 4460 1073 4519; x_wconf 87' lang='lat' dir='ltr'><strong>propter</strong></span> <span class='ocrx_word' id='word_1_533' title='bbox 1116 4465 1214 4503; x_wconf 89' lang='lat' dir='ltr'><strong>nos</strong></span> <span class='ocrx_word' id='word_1_534' title='bbox 1266 4448 1439 4504; x_wconf 76' lang='lat' dir='ltr'><strong>factus</strong></span> <span class='ocrx_word' id='word_1_535' title='bbox 1483 4459 1566 4504; x_wconf 89' lang='lat' dir='ltr'><strong>est</strong></span> <span class='ocrx_word' id='word_1_536' title='bbox 1613 4465 1741 4505; x_wconf 89' lang='lat' dir='ltr'><strong>caro</strong></span> <span class='ocrx_word' id='word_1_537' title='bbox 1784 4468 1799 4504; x_wconf 88' lang='lat'><strong>:</strong></span> <span class='ocrx_word' id='word_1_538' title='bbox 1851 4452 1928 4506; x_wconf 86' lang='lat' dir='ltr'><strong>ita</strong></span> 
     </span>
    </p>
   </div>
   <div class='ocr_carea' id='block_1_76' title="bbox 353 4540 892 4610">
    <p class='ocr_par' dir='ltr' id='par_1_76' title="bbox 353 4540 892 4610">
     <span class='ocr_line' id='line_1_76' title="bbox 353 4540 892 4610; baseline 0.004 -19"><span class='ocrx_word' id='word_1_539' title='bbox 353 4541 432 4593; x_wconf 88' lang='lat' dir='ltr'><strong>ait</strong></span> <span class='ocrx_word' id='word_1_540' title='bbox 460 4540 793 4610; x_wconf 82' lang='lat' dir='ltr'><strong>evangelista</strong></span> <span class='ocrx_word' id='word_1_541' title='bbox 824 4541 892 4593; x_wconf 80' lang='grc'><strong>⁶’.</strong></span> 
     </span>
    </p>
   </div>
   <div class='ocr_carea' id='block_1_77' title="bbox 1016 4655 1245 4712">
    <p class='ocr_par' dir='ltr' id='par_1_77' title="bbox 1016 4655 1245 4712">
     <span class='ocr_line' id='line_1_77' title="bbox 1016 4655 1245 4712; baseline 0.009 -3"><span class='ocrx_word' id='word_1_542' title='bbox 1016 4655 1245 4712; x_wconf 83' lang='lat' dir='ltr'><strong>ALIUD.</strong></span> 
     </span>
    </p>
   </div>
   <div class='ocr_carea' id='block_1_78' title="bbox 422 4783 1924 4856">
    <p class='ocr_par' dir='ltr' id='par_1_78' title="bbox 422 4783 1924 4856">
     <span class='ocr_line' id='line_1_78' title="bbox 422 4783 1924 4856; baseline 0.003 -17"><span class='ocrx_word' id='word_1_543' title='bbox 422 4783 705 4840; x_wconf 75' lang='lat' dir='ltr'><strong>Psalmista</strong></span> <span class='ocrx_word' id='word_1_544' title='bbox 734 4785 929 4839; x_wconf 85' lang='lat' dir='ltr'><strong>alicubi</strong></span> <span class='ocrx_word' id='word_1_545' title='bbox 960 4787 1024 4838; x_wconf 77' lang='lat' dir='ltr'><strong>ile</strong></span> <span class='ocrx_word' id='word_1_546' title='bbox 1068 4786 1240 4840; x_wconf 88' lang='lat' dir='ltr'><strong>Verbo</strong></span> <span class='ocrx_word' id='word_1_547' title='bbox 1274 4786 1363 4840; x_wconf 91' lang='lat' dir='ltr'><strong>Dei</strong></span> <span class='ocrx_word' id='word_1_548' title='bbox 1389 4787 1461 4840; x_wconf 90' lang='lat' dir='ltr'><strong>ita</strong></span> <span class='ocrx_word' id='word_1_549' title='bbox 1510 4789 1583 4841; x_wconf 83' lang='lat' dir='ltr'><strong>ait</strong></span> <span class='ocrx_word' id='word_1_550' title='bbox 1611 4809 1623 4843; x_wconf 94' lang='lat'>:</span> <span class='ocrx_word' id='word_1_551' title='bbox 1656 4808 1671 4839; x_wconf 77' lang='grc' dir='ltr'><strong>ι</strong></span> <span class='ocrx_word' id='word_1_552' title='bbox 1704 4788 1805 4856; x_wconf 83' lang='lat' dir='ltr'><strong>Qui</strong></span> <span class='ocrx_word' id='word_1_553' title='bbox 1841 4800 1924 4843; x_wconf 88' lang='lat' dir='ltr'><strong>est</strong></span> 
     </span>
    </p>
   </div>
   <div class='ocr_carea' id='block_1_79' title="bbox 352 4876 1920 4949">
    <p class='ocr_par' dir='ltr' id='par_1_79' title="bbox 352 4876 1920 4949">
     <span class='ocr_line' id='line_1_79' title="bbox 352 4876 1920 4949; baseline 0.006 -21"><span class='ocrx_word' id='word_1_554' title='bbox 352 4887 479 4931; x_wconf 88' lang='lat' dir='ltr'><strong>ante</strong></span> <span class='ocrx_word' id='word_1_555' title='bbox 502 4877 697 4931; x_wconf 63' lang='lat' dir='ltr'><strong>saacula</strong></span> <span class='ocrx_word' id='word_1_556' title='bbox 732 4879 797 4928; x_wconf 74' lang='grc' dir='ltr'><strong>⁷ο.</strong></span> <span class='ocrx_word' id='word_1_557' title='bbox 840 4896 858 4929; x_wconf 77' lang='grc' dir='ltr'><strong>ι</strong></span> <span class='ocrx_word' id='word_1_558' title='bbox 908 4876 962 4932; x_wconf 92' lang='lat' dir='ltr'><strong>Si</strong></span> <span class='ocrx_word' id='word_1_559' title='bbox 991 4894 1120 4949; x_wconf 86' lang='lat' dir='ltr'><strong>ergo</strong></span> <span class='ocrx_word' id='word_1_560' title='bbox 1155 4879 1326 4934; x_wconf 87' lang='lat' dir='ltr'><strong>Filius</strong></span> <span class='ocrx_word' id='word_1_561' title='bbox 1358 4889 1484 4934; x_wconf 82' lang='lat' dir='ltr'><strong>ante</strong></span> <span class='ocrx_word' id='word_1_562' title='bbox 1515 4882 1716 4935; x_wconf 62' lang='lat' dir='ltr'><strong>saecula</strong></span> <span class='ocrx_word' id='word_1_563' title='bbox 1764 4882 1920 4937; x_wconf 75' lang='lat' dir='ltr'><strong>exsi-</strong></span> 
     </span>
    </p>
   </div>
   <div class='ocr_carea' id='block_1_80' title="bbox 351 4970 1912 5041">
    <p class='ocr_par' dir='ltr' id='par_1_80' title="bbox 351 4970 1912 5041">
     <span class='ocr_line' id='line_1_80' title="bbox 351 4970 1912 5041; baseline 0.001 -18"><span class='ocrx_word' id='word_1_564' title='bbox 351 4970 464 5034; x_wconf 90' lang='lat' dir='ltr'><strong>stit,</strong></span> <span class='ocrx_word' id='word_1_565' title='bbox 491 4979 731 5024; x_wconf 90' lang='lat' dir='ltr'><strong>creatmn</strong></span> <span class='ocrx_word' id='word_1_566' title='bbox 774 4984 903 5024; x_wconf 91' lang='lat' dir='ltr'><strong>vero</strong></span> <span class='ocrx_word' id='word_1_567' title='bbox 939 4970 1077 5027; x_wconf 88' lang='lat' dir='ltr'><strong>dicit</strong></span> <span class='ocrx_word' id='word_1_568' title='bbox 1126 4987 1185 5026; x_wconf 91' lang='lat' dir='ltr'><strong>se</strong></span> <span class='ocrx_word' id='word_1_569' title='bbox 1236 4987 1357 5026; x_wconf 89' lang='lat' dir='ltr'><strong>esse</strong></span> <span class='ocrx_word' id='word_1_570' title='bbox 1389 4973 1440 5025; x_wconf 93' lang='lat' dir='ltr'><strong>in</strong></span> <span class='ocrx_word' id='word_1_571' title='bbox 1476 4988 1643 5041; x_wconf 90' lang='lat' dir='ltr'><strong>opera</strong></span> <span class='ocrx_word' id='word_1_572' title='bbox 1690 4974 1870 5029; x_wconf 84' lang='lat' dir='ltr'><strong>Patris</strong></span> <span class='ocrx_word' id='word_1_573' title='bbox 1902 4992 1912 5025; x_wconf 90' lang='lat'>:</span> 
     </span>
    </p>
   </div>
   <div class='ocr_carea' id='block_1_81' title="bbox 354 5059 1919 5132">
    <p class='ocr_par' dir='ltr' id='par_1_81' title="bbox 354 5059 1919 5132">
     <span class='ocr_line' id='line_1_81' title="bbox 354 5059 1919 5132; baseline 0.003 -21"><span class='ocrx_word' id='word_1_574' title='bbox 354 5062 717 5114; x_wconf 76' lang='lat' dir='ltr'><strong>necessarium</strong></span> <span class='ocrx_word' id='word_1_575' title='bbox 774 5059 931 5129; x_wconf 91' lang='lat' dir='ltr'><strong>plane</strong></span> <span class='ocrx_word' id='word_1_576' title='bbox 984 5070 1073 5115; x_wconf 86' lang='lat' dir='ltr'><strong>est</strong></span> <span class='ocrx_word' id='word_1_577' title='bbox 1133 5062 1446 5117; x_wconf 88' lang='lat' dir='ltr'><strong>constitutis</strong></span> <span class='ocrx_word' id='word_1_578' title='bbox 1486 5062 1598 5132; x_wconf 85' lang='lat' dir='ltr'><strong>jam</strong></span> <span class='ocrx_word' id='word_1_579' title='bbox 1663 5064 1919 5130; x_wconf 82' lang='lat' dir='ltr'><strong>Operibus</strong></span> 
     </span>
    </p>
   </div>
   <div class='ocr_carea' id='block_1_82' title="bbox 347 5152 1922 5224">
    <p class='ocr_par' dir='ltr' id='par_1_82' title="bbox 347 5152 1922 5224">
     <span class='ocr_line' id='line_1_82' title="bbox 347 5152 1922 5224; baseline 0.003 -17"><span class='ocrx_word' id='word_1_580' title='bbox 347 5152 497 5207; x_wconf 88' lang='lat' dir='ltr'><strong>illum</strong></span> <span class='ocrx_word' id='word_1_581' title='bbox 528 5163 769 5209; x_wconf 90' lang='lat' dir='ltr'><strong>creatum</strong></span> <span class='ocrx_word' id='word_1_582' title='bbox 799 5152 989 5209; x_wconf 79' lang='lat' dir='ltr'><strong>fuisse.</strong></span> <span class='ocrx_word' id='word_1_583' title='bbox 1023 5154 1313 5224; x_wconf 86' lang='lat' dir='ltr'><strong>Postquam</strong></span> <span class='ocrx_word' id='word_1_584' title='bbox 1341 5157 1485 5210; x_wconf 90' lang='lat' dir='ltr'><strong>enim</strong></span> <span class='ocrx_word' id='word_1_585' title='bbox 1545 5166 1810 5210; x_wconf 68' lang='lat' dir='ltr'><strong>creatura:</strong></span> <span class='ocrx_word' id='word_1_586' title='bbox 1854 5156 1922 5211; x_wconf 90' lang='lat' dir='ltr'><strong>ad</strong></span> 
     </span>
    </p>
   </div>
   <div class='ocr_carea' id='block_1_83' title="bbox 348 5247 1921 5315">
    <p class='ocr_par' dir='ltr' id='par_1_83' title="bbox 348 5247 1921 5315">
     <span class='ocr_line' id='line_1_83' title="bbox 348 5247 1921 5315; baseline 0.002 -16"><span class='ocrx_word' id='word_1_587' title='bbox 348 5261 467 5300; x_wconf 80' lang='lat' dir='ltr'><strong>esse</strong></span> <span class='ocrx_word' id='word_1_588' title='bbox 501 5247 761 5302; x_wconf 68' lang='lat' dir='ltr'><strong>traducta:</strong></span> <span class='ocrx_word' id='word_1_589' title='bbox 789 5257 996 5311; x_wconf 86' lang='lat' dir='ltr'><strong>essent,</strong></span> <span class='ocrx_word' id='word_1_590' title='bbox 1026 5248 1335 5302; x_wconf 87' lang='lat' dir='ltr'><strong>novissimis</strong></span> <span class='ocrx_word' id='word_1_591' title='bbox 1374 5248 1709 5315; x_wconf 85' lang='lat' dir='ltr'><strong>temporibus</strong></span> <span class='ocrx_word' id='word_1_592' title='bbox 1758 5247 1921 5302; x_wconf 87' lang='lat' dir='ltr'><strong>homo</strong></span> 
     </span>
    </p>
   </div>
   <div class='ocr_carea' id='block_1_84' title="bbox 349 5335 1918 5410">
    <p class='ocr_par' dir='ltr' id='par_1_84' title="bbox 349 5335 1918 5410">
     <span class='ocr_line' id='line_1_84' title="bbox 349 5335 1918 5410; baseline 0.003 -21"><span class='ocrx_word' id='word_1_593' title='bbox 349 5335 523 5393; x_wconf 75' lang='lat' dir='ltr'><strong>factus</strong></span> <span class='ocrx_word' id='word_1_594' title='bbox 544 5350 800 5408; x_wconf 80' lang='lat' dir='ltr'><strong>estzquo</strong></span> <span class='ocrx_word' id='word_1_595' title='bbox 839 5339 1055 5410; x_wconf 83' lang='lat' dir='ltr'><strong>quidem</strong></span> <span class='ocrx_word' id='word_1_596' title='bbox 1092 5350 1333 5406; x_wconf 91' lang='lat' dir='ltr'><strong>tempore</strong></span> <span class='ocrx_word' id='word_1_597' title='bbox 1382 5340 1773 5394; x_wconf 87' lang='lat' dir='ltr'><strong>convenienter</strong></span> <span class='ocrx_word' id='word_1_598' title='bbox 1821 5355 1918 5408; x_wconf 85' lang='lat' dir='ltr'><strong>0p-</strong></span> 
     </span>
    </p>
   </div>
   <div class='ocr_carea' id='block_1_85' title="bbox 349 5430 1919 5499">
    <p class='ocr_par' dir='ltr' id='par_1_85' title="bbox 349 5430 1919 5499">
     <span class='ocr_line' id='line_1_85' title="bbox 349 5430 1919 5499; baseline 0.003 -19"><span class='ocrx_word' id='word_1_599' title='bbox 349 5439 684 5499; x_wconf 87' lang='lat' dir='ltr'><strong>portuneque</strong></span> <span class='ocrx_word' id='word_1_600' title='bbox 711 5431 887 5494; x_wconf 90' lang='lat' dir='ltr'><strong>dicit,</strong></span> <span class='ocrx_word' id='word_1_601' title='bbox 926 5448 945 5482; x_wconf 80' lang='grc'><strong>(</strong></span> <span class='ocrx_word' id='word_1_602' title='bbox 990 5430 1247 5485; x_wconf 90' lang='lat' dir='ltr'><strong>Dominus</strong></span> <span class='ocrx_word' id='word_1_603' title='bbox 1297 5432 1501 5485; x_wconf 90' lang='lat' dir='ltr'><strong>creavit</strong></span> <span class='ocrx_word' id='word_1_604' title='bbox 1552 5448 1656 5485; x_wconf 91' lang='lat' dir='ltr'><strong>me.</strong></span> <span class='ocrx_word' id='word_1_605' title='bbox 1714 5451 1732 5480; x_wconf 87' lang='grc'><strong>›</strong></span> <span class='ocrx_word' id='word_1_606' title='bbox 1771 5431 1919 5497; x_wconf 87' lang='lat' dir='ltr'><strong>Quo-</strong></span> 
     </span>
    </p>
   </div>
   <div class='ocr_carea' id='block_1_86' title="bbox 348 5520 1919 5592">
    <p class='ocr_par' dir='ltr' id='par_1_86' title="bbox 348 5520 1919 5592">
     <span class='ocr_line' id='line_1_86' title="bbox 348 5520 1919 5592; baseline 0.003 -20"><span class='ocrx_word' id='word_1_607' title='bbox 348 5520 508 5575; x_wconf 89' lang='lat' dir='ltr'><strong>modo</strong></span> <span class='ocrx_word' id='word_1_608' title='bbox 542 5521 705 5591; x_wconf 89' lang='lat' dir='ltr'><strong>igitur</strong></span> <span class='ocrx_word' id='word_1_609' title='bbox 747 5524 919 5591; x_wconf 91' lang='lat' dir='ltr'><strong>possit</strong></span> <span class='ocrx_word' id='word_1_610' title='bbox 986 5538 1108 5579; x_wconf 88' lang='lat' dir='ltr'><strong>esse</strong></span> <span class='ocrx_word' id='word_1_611' title='bbox 1166 5538 1351 5578; x_wconf 89' lang='lat' dir='ltr'><strong>eorum</strong></span> <span class='ocrx_word' id='word_1_612' title='bbox 1407 5533 1659 5586; x_wconf 89' lang='lat' dir='ltr'><strong>creator,</strong></span> <span class='ocrx_word' id='word_1_613' title='bbox 1702 5523 1746 5576; x_wconf 92' lang='lat' dir='ltr'><strong>si</strong></span> <span class='ocrx_word' id='word_1_614' title='bbox 1798 5534 1919 5592; x_wconf 88' lang='lat' dir='ltr'><strong>post</strong></span> 
     </span>
    </p>
   </div>
   <div class='ocr_carea' id='block_1_87' title="bbox 347 5612 1912 5683">
    <p class='ocr_par' dir='ltr' id='par_1_87' title="bbox 347 5612 1912 5683">
     <span class='ocr_line' id='line_1_87' title="bbox 347 5612 1912 5683; baseline 0 -18"><span class='ocrx_word' id='word_1_615' title='bbox 347 5612 437 5665; x_wconf 83' lang='lat' dir='ltr'><strong>illa</strong></span> <span class='ocrx_word' id='word_1_616' title='bbox 478 5623 691 5667; x_wconf 87' lang='lat' dir='ltr'><strong>creatus</strong></span> <span class='ocrx_word' id='word_1_617' title='bbox 720 5624 801 5668; x_wconf 87' lang='lat' dir='ltr'><strong>est</strong></span> <span class='ocrx_word' id='word_1_618' title='bbox 833 5615 855 5665; x_wconf 69' lang='grc' dir='ltr'><strong>’ἒ</strong></span> <span class='ocrx_word' id='word_1_619' title='bbox 900 5613 954 5669; x_wconf 87' lang='lat' dir='ltr'><strong>Si</strong></span> <span class='ocrx_word' id='word_1_620' title='bbox 987 5626 1167 5671; x_wconf 89' lang='lat' dir='ltr'><strong>autem</strong></span> <span class='ocrx_word' id='word_1_621' title='bbox 1210 5625 1336 5669; x_wconf 89' lang='lat' dir='ltr'><strong>ante</strong></span> <span class='ocrx_word' id='word_1_622' title='bbox 1361 5630 1523 5683; x_wconf 83' lang='lat' dir='ltr'><strong>Opera</strong></span> <span class='ocrx_word' id='word_1_623' title='bbox 1553 5625 1635 5669; x_wconf 84' lang='lat' dir='ltr'><strong>est</strong></span> <span class='ocrx_word' id='word_1_624' title='bbox 1678 5612 1912 5668; x_wconf 84' lang='lat' dir='ltr'><strong>Verbum</strong></span> 
     </span>
    </p>
   </div>
   <div class='ocr_carea' id='block_1_88' title="bbox 416 5791 889 5851">
    <p class='ocr_par' dir='ltr' id='par_1_88' title="bbox 416 5791 889 5851">
     <span class='ocr_line' id='line_1_88' title="bbox 416 5791 889 5851; baseline -0.002 -4"><span class='ocrx_word' id='word_1_625' title='bbox 416 5794 455 5822; x_wconf 75' lang='grc'><strong>⁸⁷</strong></span> <span class='ocrx_word' id='word_1_626' title='bbox 485 5794 501 5847; x_wconf 92' lang='lat' dir='ltr'><strong>l</strong></span> <span class='ocrx_word' id='word_1_627' title='bbox 527 5791 681 5848; x_wconf 76' lang='lat' dir='ltr'><strong>Joan.</strong></span> <span class='ocrx_word' id='word_1_628' title='bbox 727 5810 808 5851; x_wconf 84' lang='lat' dir='ltr'><strong>lli.</strong></span> <span class='ocrx_word' id='word_1_629' title='bbox 847 5796 889 5849; x_wconf 80' lang='grc' dir='ltr'>ι.</span> 
     </span>
    </p>
   </div>
   <div class='ocr_carea' id='block_1_89' title="bbox 975 5791 2205 5857">
    <p class='ocr_par' dir='ltr' id='par_1_89' title="bbox 975 5791 2205 5857">
     <span class='ocr_line' id='line_1_89' title="bbox 975 5791 2205 5857; baseline -0.002 -9"><span class='ocrx_word' id='word_1_630' title='bbox 975 5796 1017 5825; x_wconf 78' lang='grc'><strong>⁶¹¹</strong></span> <span class='ocrx_word' id='word_1_631' title='bbox 1063 5795 1292 5855; x_wconf 71' lang='lat' dir='ltr'><strong>i‘liilintv.</strong></span> <span class='ocrx_word' id='word_1_632' title='bbox 1333 5812 1413 5857; x_wconf 84' lang='lat' dir='ltr'><strong>In,</strong></span> <span class='ocrx_word' id='word_1_633' title='bbox 1446 5798 1503 5849; x_wconf 78' lang='lat'><strong>2|</strong></span> <span class='ocrx_word' id='word_1_634' title='bbox 1542 5816 1553 5853; x_wconf 82' lang='lat'>;</span> <span class='ocrx_word' id='word_1_635' title='bbox 1600 5794 1757 5849; x_wconf 59' lang='lat' dir='ltr'><strong>llcln‘.</strong></span> <span class='ocrx_word' id='word_1_636' title='bbox 1796 5809 1855 5854; x_wconf 86' lang='lat' dir='ltr'><strong>tt.</strong></span> <span class='ocrx_word' id='word_1_637' title='bbox 1892 5792 1988 5851; x_wconf 67' lang='lat' dir='ltr'><strong>li;</strong></span> <span class='ocrx_word' id='word_1_638' title='bbox 2030 5807 2085 5853; x_wconf 66' lang='grc' dir='ltr'>Χ,</span> <span class='ocrx_word' id='word_1_639' title='bbox 2118 5791 2205 5846; x_wconf 69' lang='lat'><strong>‘20.</strong></span> 
     </span>
    </p>
   </div>
   <div class='ocr_carea' id='block_1_90' title="bbox 2037 3250 3619 3323">
    <p class='ocr_par' dir='ltr' id='par_1_90' title="bbox 2037 3250 3619 3323">
     <span class='ocr_line' id='line_1_90' title="bbox 2037 3250 3619 3323; baseline -0.001 -18"><span class='ocrx_word' id='word_1_640' title='bbox 2037 3254 2157 3305; x_wconf 89' lang='grc' dir='ltr'>σίαν</span> <span class='ocrx_word' id='word_1_641' title='bbox 2184 3252 2245 3305; x_wconf 83' lang='grc' dir='ltr'>τὸ</span> <span class='ocrx_word' id='word_1_642' title='bbox 2272 3251 2452 3321; x_wconf 82' lang='grc' dir='ltr'>σῶμα,</span> <span class='ocrx_word' id='word_1_643' title='bbox 2490 3250 2582 3303; x_wconf 81' lang='grc' dir='ltr'><strong>τὸν</strong></span> <span class='ocrx_word' id='word_1_644' title='bbox 2607 3250 2651 3303; x_wconf 88' lang='grc' dir='ltr'>δ’</span> <span class='ocrx_word' id='word_1_645' title='bbox 2679 3250 2739 3316; x_wconf 78' lang='grc' dir='ltr'>ἐξ</span> <span class='ocrx_word' id='word_1_646' title='bbox 2766 3252 3041 3323; x_wconf 86' lang='grc' dir='ltr'>ἁμαρτίας</span> <span class='ocrx_word' id='word_1_647' title='bbox 3070 3253 3419 3323; x_wconf 82' lang='grc' dir='ltr'>κρατήσαντα</span> <span class='ocrx_word' id='word_1_648' title='bbox 3451 3252 3619 3305; x_wconf 79' lang='grc' dir='ltr'>θάνσ-</span> 
     </span>
    </p>
   </div>
   <div class='ocr_carea' id='block_1_91' title="bbox 2032 3341 3616 3413">
    <p class='ocr_par' dir='ltr' id='par_1_91' title="bbox 2032 3341 3616 3413">
     <span class='ocr_line' id='line_1_91' title="bbox 2032 3341 3616 3413; baseline -0.001 -17"><span class='ocrx_word' id='word_1_649' title='bbox 2032 3360 2122 3396; x_wconf 90' lang='grc' dir='ltr'><strong>τον</strong></span> <span class='ocrx_word' id='word_1_650' title='bbox 2154 3342 2417 3413; x_wconf 82' lang='grc' dir='ltr'>ἀναιρῶν,</span> <span class='ocrx_word' id='word_1_651' title='bbox 2457 3341 2551 3393; x_wconf 73' lang='grc' dir='ltr'><strong>καὶ</strong></span> <span class='ocrx_word' id='word_1_652' title='bbox 2590 3341 2761 3412; x_wconf 80' lang='grc' dir='ltr'>αὐτὴν</span> <span class='ocrx_word' id='word_1_653' title='bbox 2798 3341 3145 3411; x_wconf 81' lang='grc' dir='ltr'>κατακρίνων</span> <span class='ocrx_word' id='word_1_654' title='bbox 3173 3342 3271 3412; x_wconf 79' lang='grc' dir='ltr'><strong>τὴν</strong></span> <span class='ocrx_word' id='word_1_655' title='bbox 3316 3344 3616 3413; x_wconf 78' lang='grc' dir='ltr'>ἁμαρτίαν,</span> 
     </span>
    </p>
   </div>
   <div class='ocr_carea' id='block_1_92' title="bbox 2033 3432 3615 3505">
    <p class='ocr_par' dir='ltr' id='par_1_92' title="bbox 2033 3432 3615 3505">
     <span class='ocr_line' id='line_1_92' title="bbox 2033 3432 3615 3505; baseline 0.001 -18"><span class='ocrx_word' id='word_1_656' title='bbox 2033 3436 2127 3488; x_wconf 74' lang='grc' dir='ltr'>καὶ</span> <span class='ocrx_word' id='word_1_657' title='bbox 2145 3435 2213 3487; x_wconf 85' lang='grc' dir='ltr'>τὰ</span> <span class='ocrx_word' id='word_1_658' title='bbox 2242 3434 2375 3489; x_wconf 77' lang='grc' dir='ltr'>ἄλλα</span> <span class='ocrx_word' id='word_1_659' title='bbox 2401 3435 2576 3486; x_wconf 82' lang='grc' dir='ltr'>πάντα</span> <span class='ocrx_word' id='word_1_660' title='bbox 2595 3432 2762 3486; x_wconf 85' lang='grc' dir='ltr'>ποιῶν</span> <span class='ocrx_word' id='word_1_661' title='bbox 2779 3435 2880 3489; x_wconf 84' lang='grc' dir='ltr'><strong>ὅσα</strong></span> <span class='ocrx_word' id='word_1_662' title='bbox 2903 3437 2969 3505; x_wconf 80' lang='grc' dir='ltr'>τῇ</span> <span class='ocrx_word' id='word_1_663' title='bbox 2999 3434 3157 3503; x_wconf 82' lang='grc' dir='ltr'>φύσει</span> <span class='ocrx_word' id='word_1_664' title='bbox 3188 3436 3412 3502; x_wconf 84' lang='grc' dir='ltr'>γέγονεν</span> <span class='ocrx_word' id='word_1_665' title='bbox 3432 3437 3615 3503; x_wconf 80' lang='grc' dir='ltr'>ἀγαθά</span> 
     </span>
    </p>
   </div>
   <div class='ocr_carea' id='block_1_93' title="bbox 2032 3525 3616 3598">
    <p class='ocr_par' dir='ltr' id='par_1_93' title="bbox 2032 3525 3616 3598">
     <span class='ocr_line' id='line_1_93' title="bbox 2032 3525 3616 3598; baseline 0.001 -18"><span class='ocrx_word' id='word_1_666' title='bbox 2032 3527 2096 3580; x_wconf 83' lang='grc' dir='ltr'>δι’</span> <span class='ocrx_word' id='word_1_667' title='bbox 2133 3525 2319 3579; x_wconf 81' lang='grc' dir='ltr'>αὐτοῦ.</span> <span class='ocrx_word' id='word_1_668' title='bbox 2348 3527 2409 3579; x_wconf 84' lang='grc' dir='ltr'><strong>Εἰ</strong></span> <span class='ocrx_word' id='word_1_669' title='bbox 2434 3526 2614 3579; x_wconf 88' lang='grc' dir='ltr'>τοίνυν</span> <span class='ocrx_word' id='word_1_670' title='bbox 2646 3526 2872 3594; x_wconf 85' lang='grc' dir='ltr'>γέγονεν</span> <span class='ocrx_word' id='word_1_671' title='bbox 2903 3527 3187 3598; x_wconf 87' lang='grc' dir='ltr'>ἄνθρωπος</span> <span class='ocrx_word' id='word_1_672' title='bbox 3206 3568 3220 3590; x_wconf 93' lang='grc'><strong>,</strong></span> <span class='ocrx_word' id='word_1_673' title='bbox 3249 3528 3337 3580; x_wconf 86' lang='grc' dir='ltr'><strong>ἴνα</strong></span> <span class='ocrx_word' id='word_1_674' title='bbox 3374 3529 3467 3581; x_wconf 78' lang='grc' dir='ltr'><strong>καὶ</strong></span> <span class='ocrx_word' id='word_1_675' title='bbox 3497 3528 3616 3592; x_wconf 77' lang='grc' dir='ltr'>ὁδὸς</span> 
     </span>
    </p>
   </div>
   <div class='ocr_carea' id='block_1_94' title="bbox 2032 3616 3616 3689">
    <p class='ocr_par' dir='ltr' id='par_1_94' title="bbox 2032 3616 3616 3689">
     <span class='ocr_line' id='line_1_94' title="bbox 2032 3616 3616 3689; baseline -0.001 -19"><span class='ocrx_word' id='word_1_676' title='bbox 2032 3620 2163 3688; x_wconf 84' lang='grc' dir='ltr'><strong>ἡμῖν</strong></span> <span class='ocrx_word' id='word_1_677' title='bbox 2198 3619 2420 3685; x_wconf 80' lang='grc' dir='ltr'>γένηται</span> <span class='ocrx_word' id='word_1_678' title='bbox 2459 3616 2568 3670; x_wconf 83' lang='grc' dir='ltr'><strong>τῶν</strong></span> <span class='ocrx_word' id='word_1_679' title='bbox 2596 3618 2836 3687; x_wconf 80' lang='grc' dir='ltr'>ἀγαθῶν,</span> <span class='ocrx_word' id='word_1_680' title='bbox 2865 3619 2958 3672; x_wconf 70' lang='grc' dir='ltr'><strong>καὶ</strong></span> <span class='ocrx_word' id='word_1_681' title='bbox 2986 3621 3055 3672; x_wconf 75' lang='grc' dir='ltr'>τὰ</span> <span class='ocrx_word' id='word_1_682' title='bbox 3090 3619 3225 3689; x_wconf 71' lang='grc' dir='ltr'>ἔργα</span> <span class='ocrx_word' id='word_1_683' title='bbox 3266 3619 3439 3673; x_wconf 81' lang='grc' dir='ltr'>ταῦτα</span> <span class='ocrx_word' id='word_1_684' title='bbox 3478 3619 3616 3688; x_wconf 68' lang='grc' dir='ltr'>πλη-</span> 
     </span>
    </p>
   </div>
   <div class='ocr_carea' id='block_1_95' title="bbox 2035 3708 3615 3781">
    <p class='ocr_par' dir='ltr' id='par_1_95' title="bbox 2035 3708 3615 3781">
     <span class='ocr_line' id='line_1_95' title="bbox 2035 3708 3615 3781; baseline -0.001 -19"><span class='ocrx_word' id='word_1_685' title='bbox 2035 3709 2257 3780; x_wconf 79' lang='grc' dir='ltr'>ρώσῃ,ἃ</span> <span class='ocrx_word' id='word_1_686' title='bbox 2284 3709 2350 3779; x_wconf 83' lang='grc' dir='ltr'>δὴ</span> <span class='ocrx_word' id='word_1_687' title='bbox 2384 3708 2537 3780; x_wconf 82' lang='grc' dir='ltr'><strong>παρά</strong></span> <span class='ocrx_word' id='word_1_688' title='bbox 2561 3709 2777 3781; x_wconf 80' lang='grc' dir='ltr'>Πατρὸς</span> <span class='ocrx_word' id='word_1_689' title='bbox 2801 3709 2866 3763; x_wconf 85' lang='grc' dir='ltr'>δι’</span> <span class='ocrx_word' id='word_1_690' title='bbox 2894 3710 3059 3764; x_wconf 82' lang='grc' dir='ltr'>αὑτοῦ</span> <span class='ocrx_word' id='word_1_691' title='bbox 3089 3712 3300 3779; x_wconf 90' lang='grc' dir='ltr'>γίνεται</span> <span class='ocrx_word' id='word_1_692' title='bbox 3326 3751 3342 3773; x_wconf 90' lang='grc'><strong>,</strong></span> <span class='ocrx_word' id='word_1_693' title='bbox 3390 3711 3615 3774; x_wconf 79' lang='grc' dir='ltr'>εἰκότως</span> 
     </span>
    </p>
   </div>
   <div class='ocr_carea' id='block_1_96' title="bbox 2033 3800 3611 3873">
    <p class='ocr_par' dir='ltr' id='par_1_96' title="bbox 2033 3800 3611 3873">
     <span class='ocr_line' id='line_1_96' title="bbox 2033 3800 3611 3873; baseline 0 -20"><span class='ocrx_word' id='word_1_694' title='bbox 2033 3800 2099 3853; x_wconf 87' lang='grc' dir='ltr'><strong>ἂν</strong></span> <span class='ocrx_word' id='word_1_695' title='bbox 2125 3800 2275 3867; x_wconf 87' lang='grc' dir='ltr'>λέγοι</span> <span class='ocrx_word' id='word_1_696' title='bbox 2294 3816 2305 3827; x_wconf 93' lang='grc'><strong>·</strong></span> <span class='ocrx_word' id='word_1_697' title='bbox 2343 3821 2359 3850; x_wconf 77' lang='grc' dir='ltr'><strong>ι</strong></span> <span class='ocrx_word' id='word_1_698' title='bbox 2394 3800 2596 3871; x_wconf 85' lang='grc' dir='ltr'>Κύριος</span> <span class='ocrx_word' id='word_1_699' title='bbox 2625 3800 2807 3855; x_wconf 76' lang='grc' dir='ltr'>ἔκτισέ</span> <span class='ocrx_word' id='word_1_700' title='bbox 2833 3819 2902 3872; x_wconf 92' lang='grc' dir='ltr'>με</span> <span class='ocrx_word' id='word_1_701' title='bbox 2929 3802 3105 3873; x_wconf 82' lang='grc' dir='ltr'>ἀρχὴν</span> <span class='ocrx_word' id='word_1_702' title='bbox 3138 3802 3272 3855; x_wconf 85' lang='grc' dir='ltr'>ὁδῶν</span> <span class='ocrx_word' id='word_1_703' title='bbox 3320 3801 3485 3854; x_wconf 77' lang='grc' dir='ltr'>αὑτοῦ</span> <span class='ocrx_word' id='word_1_704' title='bbox 3529 3805 3611 3864; x_wconf 87' lang='grc' dir='ltr'>εἰς</span> 
     </span>
    </p>
   </div>
   <div class='ocr_carea' id='block_1_97' title="bbox 2031 3892 3612 3965">
    <p class='ocr_par' dir='ltr' id='par_1_97' title="bbox 2031 3892 3612 3965">
     <span class='ocr_line' id='line_1_97' title="bbox 2031 3892 3612 3965; baseline -0.001 -20"><span class='ocrx_word' id='word_1_705' title='bbox 2031 3894 2166 3963; x_wconf 78' lang='grc' dir='ltr'>ἔργα</span> <span class='ocrx_word' id='word_1_706' title='bbox 2188 3892 2370 3946; x_wconf 76' lang='grc' dir='ltr'>αὑτοῦ.</span> <span class='ocrx_word' id='word_1_707' title='bbox 2409 3911 2426 3942; x_wconf 75' lang='grc' dir='ltr'><strong>ι</strong></span> <span class='ocrx_word' id='word_1_708' title='bbox 2475 3892 2637 3964; x_wconf 79' lang='grc' dir='ltr'>Ἑξῆς</span> <span class='ocrx_word' id='word_1_709' title='bbox 2665 3894 2721 3947; x_wconf 85' lang='grc' dir='ltr'><strong>δὲ</strong></span> <span class='ocrx_word' id='word_1_710' title='bbox 2752 3894 2913 3947; x_wconf 77' lang='grc' dir='ltr'>πάλιν</span> <span class='ocrx_word' id='word_1_711' title='bbox 2938 3893 3037 3965; x_wconf 80' lang='grc' dir='ltr'>τὴν</span> <span class='ocrx_word' id='word_1_712' title='bbox 3080 3893 3405 3963; x_wconf 86' lang='grc' dir='ltr'>προαιώνιον</span> <span class='ocrx_word' id='word_1_713' title='bbox 3431 3892 3612 3964; x_wconf 83' lang='grc' dir='ltr'>ὓπαρ-</span> 
     </span>
    </p>
   </div>
   <div class='ocr_carea' id='block_1_98' title="bbox 2031 3984 3610 4058">
    <p class='ocr_par' dir='ltr' id='par_1_98' title="bbox 2031 3984 3610 4058">
     <span class='ocr_line' id='line_1_98' title="bbox 2031 3984 3610 4058; baseline -0.001 -21"><span class='ocrx_word' id='word_1_714' title='bbox 2031 3986 2112 4051; x_wconf 81' lang='grc' dir='ltr'><strong>ξιν</strong></span> <span class='ocrx_word' id='word_1_715' title='bbox 2146 3984 2339 4038; x_wconf 77' lang='grc' dir='ltr'>ἑαυτοῦ</span> <span class='ocrx_word' id='word_1_716' title='bbox 2358 3986 2664 4055; x_wconf 86' lang='grc' dir='ltr'>σημαίνων,</span> <span class='ocrx_word' id='word_1_717' title='bbox 2692 3986 2824 4057; x_wconf 80' lang='grc' dir='ltr'>φησί</span> <span class='ocrx_word' id='word_1_718' title='bbox 2847 4006 2858 4018; x_wconf 94' lang='grc'><strong>·</strong></span> <span class='ocrx_word' id='word_1_719' title='bbox 2883 4007 2901 4037; x_wconf 79' lang='grc' dir='ltr'><strong>ι</strong></span> <span class='ocrx_word' id='word_1_720' title='bbox 2925 3986 3039 4058; x_wconf 87' lang='grc' dir='ltr'>Πρὸ</span> <span class='ocrx_word' id='word_1_721' title='bbox 3067 3987 3161 4039; x_wconf 87' lang='grc' dir='ltr'><strong>τοῦ</strong></span> <span class='ocrx_word' id='word_1_722' title='bbox 3193 3986 3388 4048; x_wconf 86' lang='grc' dir='ltr'>αίῶνος</span> <span class='ocrx_word' id='word_1_723' title='bbox 3412 3985 3610 4049; x_wconf 76' lang='grc' dir='ltr'>ἐθεμε-</span> 
     </span>
    </p>
   </div>
   <div class='ocr_carea' id='block_1_99' title="bbox 2030 4079 3610 4148">
    <p class='ocr_par' dir='ltr' id='par_1_99' title="bbox 2030 4079 3610 4148">
     <span class='ocr_line' id='line_1_99' title="bbox 2030 4079 3610 4148; baseline 0.001 -18"><span class='ocrx_word' id='word_1_724' title='bbox 2030 4079 2193 4133; x_wconf 84' lang='grc' dir='ltr'>λίωσὲ</span> <span class='ocrx_word' id='word_1_725' title='bbox 2232 4097 2321 4148; x_wconf 89' lang='grc' dir='ltr'>με.</span> <span class='ocrx_word' id='word_1_726' title='bbox 2357 4098 2375 4131; x_wconf 77' lang='grc' dir='ltr'><strong>ι</strong></span> <span class='ocrx_word' id='word_1_727' title='bbox 2410 4080 2471 4132; x_wconf 83' lang='grc' dir='ltr'>Εἰ</span> <span class='ocrx_word' id='word_1_728' title='bbox 2506 4079 2563 4131; x_wconf 86' lang='grc' dir='ltr'>δὲ</span> <span class='ocrx_word' id='word_1_729' title='bbox 2596 4080 2689 4134; x_wconf 83' lang='grc' dir='ltr'><strong>καὶ</strong></span> <span class='ocrx_word' id='word_1_730' title='bbox 2722 4082 2975 4148; x_wconf 83' lang='grc' dir='ltr'>γεννᾶται</span> <span class='ocrx_word' id='word_1_731' title='bbox 2998 4081 3092 4132; x_wconf 81' lang='grc' dir='ltr'>καὶ</span> <span class='ocrx_word' id='word_1_732' title='bbox 3125 4080 3387 4145; x_wconf 79' lang='grc' dir='ltr'>κτίζεται,</span> <span class='ocrx_word' id='word_1_733' title='bbox 3424 4080 3610 4148; x_wconf 77' lang='grc' dir='ltr'>ἀμφο-</span> 
     </span>
    </p>
   </div>
   <div class='ocr_carea' id='block_1_100' title="bbox 2030 4170 3611 4241">
    <p class='ocr_par' dir='ltr' id='par_1_100' title="bbox 2030 4170 3611 4241">
     <span class='ocr_line' id='line_1_100' title="bbox 2030 4170 3611 4241; baseline -0.002 -17"><span class='ocrx_word' id='word_1_734' title='bbox 2030 4172 2209 4241; x_wconf 89' lang='grc' dir='ltr'>τέροις</span> <span class='ocrx_word' id='word_1_735' title='bbox 2245 4170 2517 4225; x_wconf 86' lang='grc' dir='ltr'>ἀποδώσει</span> <span class='ocrx_word' id='word_1_736' title='bbox 2572 4172 2633 4223; x_wconf 86' lang='grc' dir='ltr'><strong>τὸ</strong></span> <span class='ocrx_word' id='word_1_737' title='bbox 2678 4172 2904 4241; x_wconf 86' lang='grc' dir='ltr'>πρέπον.</span> <span class='ocrx_word' id='word_1_738' title='bbox 2956 4170 3215 4225; x_wconf 83' lang='grc' dir='ltr'>Γεννᾶται</span> <span class='ocrx_word' id='word_1_739' title='bbox 3247 4172 3345 4241; x_wconf 83' lang='grc' dir='ltr'>μὲν</span> <span class='ocrx_word' id='word_1_740' title='bbox 3392 4170 3501 4240; x_wconf 81' lang='grc' dir='ltr'>γὰρ</span> <span class='ocrx_word' id='word_1_741' title='bbox 3532 4170 3611 4232; x_wconf 79' lang='grc' dir='ltr'><strong>ὡς</strong></span> 
     </span>
    </p>
   </div>
   <div class='ocr_carea' id='block_1_101' title="bbox 2031 4261 3610 4333">
    <p class='ocr_par' dir='ltr' id='par_1_101' title="bbox 2031 4261 3610 4333">
     <span class='ocr_line' id='line_1_101' title="bbox 2031 4261 3610 4333; baseline -0.002 -17"><span class='ocrx_word' id='word_1_742' title='bbox 2031 4264 2202 4330; x_wconf 88' lang='grc' dir='ltr'>Λόγος</span> <span class='ocrx_word' id='word_1_743' title='bbox 2229 4262 2381 4331; x_wconf 85' lang='grc' dir='ltr'><strong>παρά</strong></span> <span class='ocrx_word' id='word_1_744' title='bbox 2404 4262 2617 4332; x_wconf 82' lang='grc' dir='ltr'>Πατρὸς</span> <span class='ocrx_word' id='word_1_745' title='bbox 2642 4263 2749 4332; x_wconf 84' lang='grc' dir='ltr'><strong>πρὸ</strong></span> <span class='ocrx_word' id='word_1_746' title='bbox 2778 4261 2884 4315; x_wconf 85' lang='grc' dir='ltr'>τῶν</span> <span class='ocrx_word' id='word_1_747' title='bbox 2908 4262 3143 4327; x_wconf 82' lang='grc' dir='ltr'>αἰώνων,</span> <span class='ocrx_word' id='word_1_748' title='bbox 3166 4262 3418 4333; x_wconf 81' lang='grc' dir='ltr'>καθάπερ</span> <span class='ocrx_word' id='word_1_749' title='bbox 3449 4263 3610 4331; x_wconf 76' lang='grc' dir='ltr'>φησὶ,</span> 
     </span>
    </p>
   </div>
   <div class='ocr_carea' id='block_1_102' title="bbox 2030 4353 3606 4425">
    <p class='ocr_par' dir='ltr' id='par_1_102' title="bbox 2030 4353 3606 4425">
     <span class='ocr_line' id='line_1_102' title="bbox 2030 4353 3606 4425; baseline 0.001 -18"><span class='ocrx_word' id='word_1_750' title='bbox 2030 4355 2275 4419; x_wconf 75' lang='grc' dir='ltr'>κτίζεται</span> <span class='ocrx_word' id='word_1_751' title='bbox 2302 4354 2358 4406; x_wconf 84' lang='grc' dir='ltr'>δὲ</span> <span class='ocrx_word' id='word_1_752' title='bbox 2391 4354 2467 4416; x_wconf 83' lang='grc' dir='ltr'>ὡς</span> <span class='ocrx_word' id='word_1_753' title='bbox 2494 4354 2799 4425; x_wconf 80' lang='grc' dir='ltr'>ἄνθρωπος,</span> <span class='ocrx_word' id='word_1_754' title='bbox 2833 4356 2921 4407; x_wconf 84' lang='grc' dir='ltr'>ὅτε</span> <span class='ocrx_word' id='word_1_755' title='bbox 2955 4353 3022 4407; x_wconf 86' lang='grc' dir='ltr'>δι’</span> <span class='ocrx_word' id='word_1_756' title='bbox 3052 4356 3197 4424; x_wconf 81' lang='grc' dir='ltr'>ἡμᾶς</span> <span class='ocrx_word' id='word_1_757' title='bbox 3223 4356 3417 4423; x_wconf 84' lang='grc' dir='ltr'>γέγονε</span> <span class='ocrx_word' id='word_1_758' title='bbox 3444 4354 3606 4425; x_wconf 56' lang='grc' dir='ltr'>σάρξρ</span> 
     </span>
    </p>
   </div>
   <div class='ocr_carea' id='block_1_103' title="bbox 2030 4443 2899 4514">
    <p class='ocr_par' dir='ltr' id='par_1_103' title="bbox 2030 4443 2899 4514">
     <span class='ocr_line' id='line_1_103' title="bbox 2030 4443 2899 4514; baseline 0.001 -18"><span class='ocrx_word' id='word_1_759' title='bbox 2030 4443 2203 4507; x_wconf 76' lang='grc' dir='ltr'>οὕτως</span> <span class='ocrx_word' id='word_1_760' title='bbox 2234 4445 2398 4514; x_wconf 78' lang='grc' dir='ltr'>φησὶν</span> <span class='ocrx_word' id='word_1_761' title='bbox 2427 4447 2455 4497; x_wconf 87' lang='lat'><strong>6</strong></span> <span class='ocrx_word' id='word_1_762' title='bbox 2486 4444 2899 4513; x_wconf 78' lang='grc' dir='ltr'>εὐαγγελιστής.</span> 
     </span>
    </p>
   </div>
   <div class='ocr_carea' id='block_1_104' title="bbox 2716 4644 2919 4697">
    <p class='ocr_par' dir='ltr' id='par_1_104' title="bbox 2716 4644 2919 4697">
     <span class='ocr_line' id='line_1_104' title="bbox 2716 4644 2919 4697; baseline -0.005 -1"><span class='ocrx_word' id='word_1_763' title='bbox 2716 4644 2919 4697; x_wconf 82' lang='grc' dir='ltr'><strong>ΑΛΛΟ.</strong></span> 
     </span>
    </p>
   </div>
   <div class='ocr_carea' id='block_1_105' title="bbox 2102 4771 3607 4842">
    <p class='ocr_par' dir='ltr' id='par_1_105' title="bbox 2102 4771 3607 4842">
     <span class='ocr_line' id='line_1_105' title="bbox 2102 4771 3607 4842; baseline 0.003 -19"><span class='ocrx_word' id='word_1_764' title='bbox 2102 4773 2237 4841; x_wconf 82' lang='grc' dir='ltr'>Φησί</span> <span class='ocrx_word' id='word_1_765' title='bbox 2266 4790 2366 4824; x_wconf 88' lang='grc' dir='ltr'><strong>που</strong></span> <span class='ocrx_word' id='word_1_766' title='bbox 2398 4772 2525 4842; x_wconf 76' lang='grc' dir='ltr'>περὶ</span> <span class='ocrx_word' id='word_1_767' title='bbox 2555 4772 2647 4825; x_wconf 87' lang='grc' dir='ltr'><strong>τοῦ</strong></span> <span class='ocrx_word' id='word_1_768' title='bbox 2673 4771 2809 4825; x_wconf 79' lang='grc' dir='ltr'>Θεοῦ</span> <span class='ocrx_word' id='word_1_769' title='bbox 2840 4772 3015 4840; x_wconf 87' lang='grc' dir='ltr'>Λόγου</span> <span class='ocrx_word' id='word_1_770' title='bbox 3038 4773 3231 4825; x_wconf 77' lang='grc' dir='ltr'>Δαϐίδο</span> <span class='ocrx_word' id='word_1_771' title='bbox 3278 4791 3298 4824; x_wconf 74' lang='grc' dir='ltr'><strong>ι</strong></span> <span class='ocrx_word' id='word_1_772' title='bbox 3344 4774 3401 4824; x_wconf 87' lang='grc' dir='ltr'><strong>Ὀ</strong></span> <span class='ocrx_word' id='word_1_773' title='bbox 3428 4774 3607 4842; x_wconf 66' lang='grc' dir='ltr'>ὑπάρ-</span> 
     </span>
    </p>
   </div>
   <div class='ocr_carea' id='block_1_106' title="bbox 2028 4864 3609 4936">
    <p class='ocr_par' dir='ltr' id='par_1_106' title="bbox 2028 4864 3609 4936">
     <span class='ocr_line' id='line_1_106' title="bbox 2028 4864 3609 4936; baseline -0.001 -18"><span class='ocrx_word' id='word_1_774' title='bbox 2028 4884 2137 4936; x_wconf 89' lang='grc' dir='ltr'><strong>χων</strong></span> <span class='ocrx_word' id='word_1_775' title='bbox 2165 4865 2270 4934; x_wconf 80' lang='grc' dir='ltr'><strong>πρὸ</strong></span> <span class='ocrx_word' id='word_1_776' title='bbox 2290 4864 2400 4916; x_wconf 83' lang='grc' dir='ltr'>τῶν</span> <span class='ocrx_word' id='word_1_777' title='bbox 2428 4864 2661 4917; x_wconf 84' lang='grc' dir='ltr'>αἰώνων.</span> <span class='ocrx_word' id='word_1_778' title='bbox 2695 4883 2713 4915; x_wconf 76' lang='grc' dir='ltr'><strong>ι</strong></span> <span class='ocrx_word' id='word_1_779' title='bbox 2743 4865 2806 4916; x_wconf 80' lang='lat' dir='ltr'><strong>Ei</strong></span> <span class='ocrx_word' id='word_1_780' title='bbox 2830 4866 3009 4917; x_wconf 88' lang='grc' dir='ltr'>τοίνυν</span> <span class='ocrx_word' id='word_1_781' title='bbox 3034 4867 3063 4918; x_wconf 93' lang='lat'><strong>6</strong></span> <span class='ocrx_word' id='word_1_782' title='bbox 3088 4866 3188 4935; x_wconf 82' lang='grc' dir='ltr'>μὲν</span> <span class='ocrx_word' id='word_1_783' title='bbox 3215 4865 3342 4928; x_wconf 80' lang='grc' dir='ltr'>Υἱὸς</span> <span class='ocrx_word' id='word_1_784' title='bbox 3367 4864 3474 4935; x_wconf 85' lang='grc' dir='ltr'><strong>πρὸ</strong></span> <span class='ocrx_word' id='word_1_785' title='bbox 3496 4865 3609 4917; x_wconf 76' lang='grc' dir='ltr'>τῶν</span> 
     </span>
    </p>
   </div>
   <div class='ocr_carea' id='block_1_107' title="bbox 2028 4956 3608 5027">
    <p class='ocr_par' dir='ltr' id='par_1_107' title="bbox 2028 4956 3608 5027">
     <span class='ocr_line' id='line_1_107' title="bbox 2028 4956 3608 5027; baseline -0.002 -15"><span class='ocrx_word' id='word_1_786' title='bbox 2028 4959 2237 5013; x_wconf 82' lang='grc' dir='ltr'>αἰώνων</span> <span class='ocrx_word' id='word_1_787' title='bbox 2261 4958 2516 5027; x_wconf 81' lang='grc' dir='ltr'>ὑπάρχει,</span> <span class='ocrx_word' id='word_1_788' title='bbox 2550 4956 2828 5020; x_wconf 74' lang='grc' dir='ltr'>κτίζεσθαι</span> <span class='ocrx_word' id='word_1_789' title='bbox 2867 4956 2923 5009; x_wconf 81' lang='grc' dir='ltr'><strong>δέ</strong></span> <span class='ocrx_word' id='word_1_790' title='bbox 2962 4975 3129 5027; x_wconf 83' lang='grc' dir='ltr'>φησιν</span> <span class='ocrx_word' id='word_1_791' title='bbox 3171 4958 3365 5010; x_wconf 78' lang='grc' dir='ltr'>ἑαυτὸν</span> <span class='ocrx_word' id='word_1_792' title='bbox 3404 4960 3484 5019; x_wconf 86' lang='grc' dir='ltr'><strong>είς</strong></span> <span class='ocrx_word' id='word_1_793' title='bbox 3534 4957 3608 5009; x_wconf 71' lang='grc' dir='ltr'>τὰ</span> 
     </span>
    </p>
   </div>
   <div class='ocr_carea' id='block_1_108' title="bbox 2031 5049 3610 5123">
    <p class='ocr_par' dir='ltr' id='par_1_108' title="bbox 2031 5049 3610 5123">
     <span class='ocr_line' id='line_1_108' title="bbox 2031 5049 3610 5123; baseline -0.002 -19"><span class='ocrx_word' id='word_1_794' title='bbox 2031 5052 2166 5123; x_wconf 78' lang='grc' dir='ltr'>ἔργα</span> <span class='ocrx_word' id='word_1_795' title='bbox 2192 5050 2285 5102; x_wconf 87' lang='grc' dir='ltr'><strong>τοῦ</strong></span> <span class='ocrx_word' id='word_1_796' title='bbox 2316 5049 2546 5119; x_wconf 83' lang='grc' dir='ltr'>Πατρὸς,</span> <span class='ocrx_word' id='word_1_797' title='bbox 2575 5050 2788 5121; x_wconf 86' lang='grc' dir='ltr'>ἀνάγκη</span> <span class='ocrx_word' id='word_1_798' title='bbox 2820 5053 2969 5104; x_wconf 78' lang='grc' dir='ltr'>πᾶσα</span> <span class='ocrx_word' id='word_1_799' title='bbox 2995 5050 3346 5103; x_wconf 86' lang='grc' dir='ltr'>συνεστώτων</span> <span class='ocrx_word' id='word_1_800' title='bbox 3376 5050 3473 5120; x_wconf 66' lang='grc' dir='ltr'>ἤδη</span> <span class='ocrx_word' id='word_1_801' title='bbox 3496 5051 3610 5102; x_wconf 76' lang='grc' dir='ltr'><strong>τῶν</strong></span> 
     </span>
    </p>
   </div>
   <div class='ocr_carea' id='block_1_109' title="bbox 2029 5142 3609 5214">
    <p class='ocr_par' dir='ltr' id='par_1_109' title="bbox 2029 5142 3609 5214">
     <span class='ocr_line' id='line_1_109' title="bbox 2029 5142 3609 5214; baseline -0.001 -17"><span class='ocrx_word' id='word_1_802' title='bbox 2029 5146 2203 5214; x_wconf 71' lang='grc' dir='ltr'>ἔργων</span> <span class='ocrx_word' id='word_1_803' title='bbox 2226 5143 2501 5209; x_wconf 79' lang='grc' dir='ltr'>κτίζεσθαι</span> <span class='ocrx_word' id='word_1_804' title='bbox 2531 5147 2670 5197; x_wconf 87' lang='grc' dir='ltr'>νοεῖν</span> <span class='ocrx_word' id='word_1_805' title='bbox 2690 5145 2871 5197; x_wconf 83' lang='grc' dir='ltr'>αὐτόν.</span> <span class='ocrx_word' id='word_1_806' title='bbox 2894 5143 3047 5198; x_wconf 88' lang='grc' dir='ltr'>Μετά</span> <span class='ocrx_word' id='word_1_807' title='bbox 3073 5142 3183 5214; x_wconf 82' lang='grc' dir='ltr'>γὰρ</span> <span class='ocrx_word' id='word_1_808' title='bbox 3208 5143 3307 5213; x_wconf 79' lang='grc' dir='ltr'>τὴν</span> <span class='ocrx_word' id='word_1_809' title='bbox 3322 5143 3430 5196; x_wconf 81' lang='grc' dir='ltr'><strong>τῶν</strong></span> <span class='ocrx_word' id='word_1_810' title='bbox 3450 5161 3609 5213; x_wconf 86' lang='grc' dir='ltr'>ποιη-</span> 
     </span>
    </p>
   </div>
   <div class='ocr_carea' id='block_1_110' title="bbox 2034 5232 3607 5307">
    <p class='ocr_par' dir='ltr' id='par_1_110' title="bbox 2034 5232 3607 5307">
     <span class='ocr_line' id='line_1_110' title="bbox 2034 5232 3607 5307; baseline -0.001 -18"><span class='ocrx_word' id='word_1_811' title='bbox 2034 5238 2217 5307; x_wconf 75' lang='grc' dir='ltr'>μάτων</span> <span class='ocrx_word' id='word_1_812' title='bbox 2250 5238 2329 5299; x_wconf 81' lang='grc' dir='ltr'><strong>είς</strong></span> <span class='ocrx_word' id='word_1_813' title='bbox 2361 5237 2423 5289; x_wconf 80' lang='grc' dir='ltr'><strong>τὸ</strong></span> <span class='ocrx_word' id='word_1_814' title='bbox 2457 5232 2597 5289; x_wconf 84' lang='grc' dir='ltr'>εἷναι</span> <span class='ocrx_word' id='word_1_815' title='bbox 2623 5236 2878 5306; x_wconf 75' lang='grc' dir='ltr'>πάροδον,</span> <span class='ocrx_word' id='word_1_816' title='bbox 2904 5237 2961 5288; x_wconf 83' lang='grc' dir='ltr'>ὲν</span> <span class='ocrx_word' id='word_1_817' title='bbox 2987 5236 3319 5299; x_wconf 88' lang='grc' dir='ltr'>τελευταίοις</span> <span class='ocrx_word' id='word_1_818' title='bbox 3354 5235 3452 5288; x_wconf 87' lang='grc' dir='ltr'><strong>τοῦ</strong></span> <span class='ocrx_word' id='word_1_819' title='bbox 3474 5235 3607 5289; x_wconf 79' lang='grc' dir='ltr'><strong>αἰῶ-</strong></span> 
     </span>
    </p>
   </div>
   <div class='ocr_carea' id='block_1_111' title="bbox 2025 5326 3605 5397">
    <p class='ocr_par' dir='ltr' id='par_1_111' title="bbox 2025 5326 3605 5397">
     <span class='ocr_line' id='line_1_111' title="bbox 2025 5326 3605 5397; baseline -0.004 -16"><span class='ocrx_word' id='word_1_820' title='bbox 2025 5345 2114 5390; x_wconf 85' lang='grc' dir='ltr'><strong>νος</strong></span> <span class='ocrx_word' id='word_1_821' title='bbox 2148 5330 2357 5394; x_wconf 85' lang='grc' dir='ltr'>καιροῖς</span> <span class='ocrx_word' id='word_1_822' title='bbox 2391 5328 2611 5396; x_wconf 88' lang='grc' dir='ltr'>γέγονεν</span> <span class='ocrx_word' id='word_1_823' title='bbox 2639 5327 2942 5397; x_wconf 78' lang='grc' dir='ltr'>ἄνθρωπος,</span> <span class='ocrx_word' id='word_1_824' title='bbox 2977 5327 3063 5379; x_wconf 85' lang='grc' dir='ltr'>ὅτε</span> <span class='ocrx_word' id='word_1_825' title='bbox 3109 5326 3173 5396; x_wconf 82' lang='grc' dir='ltr'><strong>δὴ</strong></span> <span class='ocrx_word' id='word_1_826' title='bbox 3199 5327 3520 5397; x_wconf 80' lang='grc' dir='ltr'>πρεπόντως</span> <span class='ocrx_word' id='word_1_827' title='bbox 3543 5342 3605 5376; x_wconf 81' lang='grc' dir='ltr'><strong>τε</strong></span> 
     </span>
    </p>
   </div>
   <div class='ocr_carea' id='block_1_112' title="bbox 2026 5414 3605 5490">
    <p class='ocr_par' dir='ltr' id='par_1_112' title="bbox 2026 5414 3605 5490">
     <span class='ocr_line' id='line_1_112' title="bbox 2026 5414 3605 5490; baseline -0.004 -16"><span class='ocrx_word' id='word_1_828' title='bbox 2026 5423 2119 5474; x_wconf 77' lang='grc' dir='ltr'><strong>καὶ</strong></span> <span class='ocrx_word' id='word_1_829' title='bbox 2147 5421 2265 5473; x_wconf 84' lang='grc' dir='ltr'>λίαν</span> <span class='ocrx_word' id='word_1_830' title='bbox 2298 5420 2569 5490; x_wconf 74' lang='grc' dir='ltr'>εὐκαίρως</span> <span class='ocrx_word' id='word_1_831' title='bbox 2592 5420 2674 5485; x_wconf 76' lang='grc' dir='ltr'><strong>τὸ,</strong></span> <span class='ocrx_word' id='word_1_832' title='bbox 2705 5440 2722 5471; x_wconf 78' lang='grc' dir='ltr'><strong>ι</strong></span> <span class='ocrx_word' id='word_1_833' title='bbox 2764 5420 2945 5472; x_wconf 80' lang='grc' dir='ltr'>ἕκτισέ</span> <span class='ocrx_word' id='word_1_834' title='bbox 2986 5438 3074 5490; x_wconf 85' lang='grc' dir='ltr'><strong>με,</strong></span> <span class='ocrx_word' id='word_1_835' title='bbox 3116 5440 3133 5471; x_wconf 72' lang='grc' dir='ltr'><strong>ι</strong></span> <span class='ocrx_word' id='word_1_836' title='bbox 3177 5420 3330 5489; x_wconf 79' lang='grc' dir='ltr'>φησί,</span> <span class='ocrx_word' id='word_1_837' title='bbox 3364 5419 3486 5481; x_wconf 80' lang='grc' dir='ltr'><strong>Πῶς</strong></span> <span class='ocrx_word' id='word_1_838' title='bbox 3509 5414 3605 5469; x_wconf 67' lang='grc' dir='ltr'><strong>οὖν</strong></span> 
     </span>
    </p>
   </div>
   <div class='ocr_carea' id='block_1_113' title="bbox 2024 5511 3604 5582">
    <p class='ocr_par' dir='ltr' id='par_1_113' title="bbox 2024 5511 3604 5582">
     <span class='ocr_line' id='line_1_113' title="bbox 2024 5511 3604 5582; baseline -0.003 -15"><span class='ocrx_word' id='word_1_839' title='bbox 2024 5514 2184 5576; x_wconf 76' lang='grc' dir='ltr'>αὐτὸς</span> <span class='ocrx_word' id='word_1_840' title='bbox 2218 5513 2285 5566; x_wconf 86' lang='grc' dir='ltr'><strong>ἂν</strong></span> <span class='ocrx_word' id='word_1_841' title='bbox 2320 5512 2539 5582; x_wconf 79' lang='grc' dir='ltr'>ὑπάρχῃ</span> <span class='ocrx_word' id='word_1_842' title='bbox 2574 5511 2777 5564; x_wconf 92' lang='grc' dir='ltr'>τούτων</span> <span class='ocrx_word' id='word_1_843' title='bbox 2806 5514 2833 5564; x_wconf 92' lang='lat'><strong>6</strong></span> <span class='ocrx_word' id='word_1_844' title='bbox 2875 5511 3107 5581; x_wconf 78' lang='grc' dir='ltr'>ποιητὴς</span> <span class='ocrx_word' id='word_1_845' title='bbox 3130 5551 3144 5573; x_wconf 89' lang='grc'><strong>,</strong></span> <span class='ocrx_word' id='word_1_846' title='bbox 3177 5512 3225 5563; x_wconf 84' lang='grc' dir='ltr'><strong>εί</strong></span> <span class='ocrx_word' id='word_1_847' title='bbox 3256 5512 3373 5580; x_wconf 81' lang='grc' dir='ltr'>μετ’</span> <span class='ocrx_word' id='word_1_848' title='bbox 3418 5511 3604 5562; x_wconf 67' lang='grc' dir='ltr'>ἐκεῖνα</span> 
     </span>
    </p>
   </div>
   <div class='ocr_carea' id='block_1_114' title="bbox 2024 5603 3591 5677">
    <p class='ocr_par' dir='ltr' id='par_1_114' title="bbox 2024 5603 3591 5677">
     <span class='ocr_line' id='line_1_114' title="bbox 2024 5603 3591 5677; baseline -0.003 -18"><span class='ocrx_word' id='word_1_849' title='bbox 2024 5607 2297 5670; x_wconf 77' lang='grc' dir='ltr'>κτίζεται;</span> <span class='ocrx_word' id='word_1_850' title='bbox 2329 5605 2390 5657; x_wconf 79' lang='grc' dir='ltr'><strong>Εἰ</strong></span> <span class='ocrx_word' id='word_1_851' title='bbox 2418 5604 2474 5657; x_wconf 81' lang='grc' dir='ltr'><strong>δὲ</strong></span> <span class='ocrx_word' id='word_1_852' title='bbox 2498 5604 2603 5674; x_wconf 85' lang='grc' dir='ltr'><strong>πρὸ</strong></span> <span class='ocrx_word' id='word_1_853' title='bbox 2624 5604 2731 5657; x_wconf 83' lang='grc' dir='ltr'><strong>τῶν</strong></span> <span class='ocrx_word' id='word_1_854' title='bbox 2762 5604 2939 5677; x_wconf 76' lang='grc' dir='ltr'>ἔργων</span> <span class='ocrx_word' id='word_1_855' title='bbox 2972 5605 3120 5657; x_wconf 72' lang='grc' dir='ltr'>ἐστὶν</span> <span class='ocrx_word' id='word_1_856' title='bbox 3150 5606 3179 5657; x_wconf 86' lang='lat'><strong>6</strong></span> <span class='ocrx_word' id='word_1_857' title='bbox 3206 5603 3411 5656; x_wconf 82' lang='grc' dir='ltr'>τούτων</span> <span class='ocrx_word' id='word_1_858' title='bbox 3445 5618 3591 5672; x_wconf 81' lang='grc' dir='ltr'>ποιη·</span> 
     </span>
    </p>
   </div>
   <div class='ocr_carea' id='block_1_115' title="bbox 2288 5783 3344 5849">
    <p class='ocr_par' dir='ltr' id='par_1_115' title="bbox 2288 5783 3344 5849">
     <span class='ocr_line' id='line_1_115' title="bbox 2288 5783 3344 5849; baseline -0.012 -5"><span class='ocrx_word' id='word_1_859' title='bbox 2288 5790 2326 5821; x_wconf 69' lang='grc'><strong>⁶⁹</strong></span> <span class='ocrx_word' id='word_1_860' title='bbox 2360 5789 2513 5844; x_wconf 81' lang='lat' dir='ltr'><strong>Joan.</strong></span> <span class='ocrx_word' id='word_1_861' title='bbox 2550 5803 2589 5849; x_wconf 87' lang='grc' dir='ltr'><strong>ι,</strong></span> <span class='ocrx_word' id='word_1_862' title='bbox 2629 5788 2707 5843; x_wconf 76' lang='grc' dir='ltr'><strong>Μ.</strong></span> <span class='ocrx_word' id='word_1_863' title='bbox 2789 5788 2829 5817; x_wconf 70' lang='grc'><strong>⁷⁸</strong></span> <span class='ocrx_word' id='word_1_864' title='bbox 2862 5788 3002 5842; x_wconf 81' lang='lat' dir='ltr'><strong>l‘sal.</strong></span> <span class='ocrx_word' id='word_1_865' title='bbox 3035 5798 3227 5845; x_wconf 72' lang='lat' dir='ltr'><strong>Lum.</strong></span> <span class='ocrx_word' id='word_1_866' title='bbox 3264 5783 3344 5837; x_wconf 69' lang='grc'><strong>12.</strong></span> 
     </span>
    </p>
   </div>
  </div>
