3882 6210
188 345 276 402 εει

1538 329 1813 388 THESAU
1825 329 1914 387 ιιι]
1925 329 1983 386 S.

3321 328 3428 382 282

190 473 278 542 τὴς
306 465 398 520 τοῦ
424 463 560 518 θεοῦ
592 463 784 532 Λόγος,
835 460 1080 526 κτίζεται
1115 459 1174 512 δὲ
1223 459 1304 522 εἰς
1353 456 1515 521 αὐτὰ,
1561 456 1622 509 οὑ
1647 455 1750 524 τῆς

1872 455 1949 509 Dei
1983 454 2125 524 quod
2154 453 2245 506 illa
2287 451 2493 507 creavit
2526 493 2542 517 ,
2601 459 2818 504 creatur
2845 462 2975 502 vero
3018 446 3068 501 in
3108 446 3195 500 illa
3235 461 3249 498 :
3283 459 3430 501 certe

191 561 360 624 οὐσίας
387 557 553 612 αὐτοῦ
575 555 869 626 δηλωτικὸν
898 555 966 608 ἂν
986 553 1074 624 εἴη
1101 553 1165 606 τὸ
1193 572 1210 603 ι
1242 551 1424 604 ἔκτισε
1443 566 1456 578 ·
1491 569 1511 602 ι
1547 547 1748 618 σημαία

191 672 262 710 νει
285 653 326 706 δ’
353 653 420 706 ἂν
434 650 654 713 εἰκότως
678 649 778 719 τὴν
802 646 958 700 ὲνανθ
969 645 1214 716 ρώπησιν
1231 645 1319 697 ὅτε
1341 641 1477 713 πρὸς
1508 639 1744 710 ἐπανόρ-

193 747 342 800 θωσιν
369 743 481 797 τῶν
526 742 700 813 ἔργων
728 739 821 794 τοῦ
860 738 1072 810 Πατρδς
1093 737 1284 805 γέγονε
1316 733 1476 806 σάρξ.
1518 731 1633 786 Καὶ
1660 729 1751 784 διὰ

189 839 334 895 τοῦτό
369 852 537 909 φησί’
572 853 591 886 ι
627 833 833 905 Κύριος
881 831 1065 885 ἐκτισέ
1097 847 1164 901 με
1205 829 1380 901 ἀρχὴν
1409 826 1546 881 ὁδῶν
1581 823 1747 881 αὑτοῦ

191 934 262 996 είς
283 933 416 1004 ἔργα
443 926 632 984 αὐτοῦ.

592 1039 798 1101 ΑΛΛΟ,
825 1035 908 1102 ὡς
944 1035 1017 1088 ἐν
1051 1030 1324 1102 ἐπιτομῇ.

263 1157 530 1213 Ἐκτίσθαι
555 1154 717 1226 φησὶν
743 1151 934 1207 ἑαυτὸν
963 1153 1042 1214 εἰς
1068 1148 1242 1220 ἀρχὴν
1258 1145 1411 1201 ὁδῶν.
1444 1145 1556 1200 Καὶ
1580 1144 1749 1198 ποίων

191 1246 308 1322 ἆρα,
341 1247 558 1319 μαθήσῃ
588 1245 676 1299 διὰ
703 1243 810 1297 τῶν
843 1241 1059 1312 ἐφεξῆς.
1094 1239 1319 1310 Πρῶτον
1364 1237 1463 1308 μὲν
1494 1237 1594 1300 τὰς
1618 1237 1752 1306 ἁρε-

190 1343 280 1407 τὰς
310 1339 790 1411 ἐξαριθμούμενος,
818 1337 886 1401 ἃς
919 1335 1135 1405 πρῶτος
1163 1334 1394 1403 ποιήσας
1426 1329 1628 1396 ἐδίδαξε
1658 1329 1752 1382 καὶ

191 1437 344 1508 ἡμᾶς’
367 1431 614 1486 «Γίνεσθε
643 1431 770 1500 γὰρ,
808 1429 995 1499 φησὶν,
1025 1425 1421 1496 οἰκτίρμονες)
1443 1424 1556 1486 καὶ,
1585 1442 1603 1473 ι
1627 1420 1753 1474 Ἐάν

189 1528 265 1593 τίς
300 1544 356 1580 σε
388 1525 592 1596 ῥαπίσῃ
618 1523 696 1586 εἰς
735 1522 834 1593 τὴν
863 1519 1043 1585 δεξιὰν
1075 1517 1320 1587 σιαγόνα,
1349 1514 1577 1586 στρέψον
1604 1512 1754 1582 αὐτῷ

190 1621 276 1674 καὶ
295 1617 390 1689 τὴν
415 1617 602 1686 ἄλλην.
636 1615 768 1668 Ἀπὸ
783 1613 879 1667 τοῦ
904 1611 1153 1684 αἴροντος
1179 1611 1247 1664 τὰ
1266 1609 1454 1689 σόα-μὴ
1474 1607 1712 1660 ἀπαίτει.
1728 1623 1746 1656 ι

189 1740 252 1750 -
279 1727 294 1758 ι
425 1709 588 1778 νόμος
619 1705 812 1776 φησίνο
854 1706 927 1758 Ού
978 1703 1306 1775 μοιχεύσεις.
1353 1686 1495 1768 Ἒγὼ
1529 1699 1585 1752 δὲ
1611 1699 1754 1765 λέγω

1851 546 2071 602 verbum
2100 547 2204 603 hoc
2253 563 2272 596 ι
2308 544 2532 606 creavit,
2570 563 2588 596 ι
2615 543 2907 598 essentiam
2937 542 3056 610 ejus
3085 553 3424 610 nequaquam

1851 641 2140 710 signiﬁcat,
2207 639 2300 695 sed
2354 637 2539 707 potius
2587 635 3021 690 incarnationem
3073 633 3292 700 quando
3343 633 3431 683 ni-

1852 735 2047 788 mirum
2077 733 2147 786 ad
2195 730 2597 800 reparationem
2629 743 2852 797 operum
2904 726 3080 780 Patris
3133 727 3309 778 factus
3347 733 3433 778 est

1851 841 2000 880 caro.
2028 825 2203 894 Atque
2233 824 2354 878 ideo
2377 823 2510 876 dicit
2535 841 2548 874 :
2582 843 2602 872 ι
2641 820 2900 873 Dominus
2925 817 3134 874 creavit
3160 831 3246 870 me
3277 816 3430 885 prin-

1851 915 2052 986 cipium
2084 915 2290 968 viarqu
2332 926 2553 966 suarum
2579 910 2634 963 in
2661 924 2826 979 Opera
2858 909 3050 977 ipsius.
3094 926 3112 956 ›

2279 1025 2317 1078 Α
2329 1022 2438 1078 LlU
2451 1022 2510 1087 Ι),
2564 1020 3005 1087 compendiosius.

1925 1143 2182 1198 Creatum
2216 1154 2274 1193 sc
2330 1137 2464 1191 dicit
2515 1136 2564 1190 in
2605 1133 2927 1202 principium
2983 1131 3213 1182 viarum.
3272 1128 3426 1192 Qua-

1855 1233 1984 1288 lnnn
2020 1241 2199 1285 autem
2231 1229 2462 1294 viarum,
2515 1226 2696 1279 disces
2752 1237 2818 1276 ex
2880 1221 3126 1289 reliquis.
3192 1216 3429 1272 Primum

1853 1324 2068 1392 quidem
2092 1321 2317 1374 virtutes
2369 1327 2658 1371 recensens
2697 1326 2832 1380 quas
2872 1309 2987 1376 ipse
3019 1310 3226 1376 pritntts
3269 1317 3434 1358 exer-

1855 1415 1987 1474 cuit,
2049 1426 2148 1466 nos
2192 1409 2360 1464 etiam
2419 1406 2645 1461 docuit:
2691 1423 2708 1454 ι
2773 1401 2963 1456 Estote
3016 1397 3180 1460 enim,
3232 1393 3430 1464 inquit,

1856 1503 2236 1560 misericordes
2267 1499 2344 1565 τίς
2367 1517 2384 1549 ι
2411 1507 2487 1563 et,
2513 1516 2530 1547 ι
2553 1494 2610 1550 Si
2639 1492 2760 1564 quis
2789 1487 3120 1560 percusserit
3145 1497 3194 1540 te
3219 1485 3272 1539 iu
3300 1486 3433 1538 dex-

1858 1606 2031 1652 teram
2061 1590 2362 1656 maxillam,
2397 1590 2579 1658 praebe
2623 1585 2695 1638 illi
2733 1594 2787 1638 et
2839 1581 3089 1635 alteram.
3147 1578 3318 1630 Abeo
3342 1573 3432 1642 qui

1856 1685 2141 1742 abstulerit
2174 1699 2294 1754 qua:
2325 1690 2414 1735 tua
2449 1688 2595 1740 sunt,
2632 1692 2697 1730 ne
2741 1672 3081 1745 reposcas".
3120 1689 3138 1722 ι
3171 1699 3237 1708 —-
3268 1687 3284 1717 ι
3325 1665 3435 1719 Lex

190 1803 307 1873 ὑμῖν
328 1820 340 1831 ·
376 1758 500 1854 Οὐκ.
522 1758 886 1869 ἐττιθυιμήσεις
910 1839 926 1865 ,
1021 1758 1117 1850 κοῖι
1147 1796 1248 1850 ὅσα
1267 1758 1655 1864 ,πρὸςτούτοις
1684 1758 1755 1842 ’ἐν

1878 1781 2050 1835 nbet:
2092 1777 2211 1832 Non
2254 1771 2636 1829 mcechaberis.
2681 1769 2793 1836 Ego
2838 1776 3021 1820 autem
3060 1764 3182 1817 dico
3234 1758 3434 1813 vobis:

1872 1872 1902 1874 -,
2243 1867 2254 1874 .
2409 1862 2457 1874 -.
2631 1858 2662 1874 ι·
2712 1873 2718 1874 ,
2761 1873 2799 1874 κγ
2865 1871 2957 1874 οὐ.
3004 1855 3054 1874 ε..
3106 1849 3429 1874 _-.-.......l:..:n

189 1897 290 1957 τοῖς
312 1893 685 1961 εὐαγγελικοῖς
719 1891 895 1943 κεῖται
927 1885 1266 1960 κηρύγμασι.
1301 1885 1487 1938 Ταῦτα
1522 1883 1631 1954 γὰρ
1655 1884 1755 1954 ἥρ-

190 1986 309 2052 ξατο
336 1986 435 2056 μὲν
468 1986 526 2038 ὲν
581 1980 785 2053 πρώτῳ
818 1979 1064 2051 Χριστῷ,
1122 1979 1309 2050 τρέχει
1343 1977 1400 2030 δὲ
1439 1975 1638 2046 ἑφεξῆς
1679 1975 1757 2037 είς

191 2079 342 2147 ἡμᾶς.
389 2075 487 2130 Διὰ
516 2073 674 2129 τοῦτό
722 2090 914 2143 φησιν’
947 2091 964 2123 ι
1008 2070 1151 2141 Ἐγώ
1182 2073 1297 2140 εἰμι
1328 2070 1361 2140 ὴ
1397 2067 1533 2138 θύρα
1560 2108 1574 2131 ,
1617 2065 1759 2134 Ἐγώ

188 2171 356 2241 είμιή
391 2168 528 2232 ὁδός.
571 2187 590 2218 ι
639 2166 807 2241 Ἀρχὴ
845 2164 1135 2234 τοιγαροῦν
1178 2162 1288 2216 τῶν
1334 2160 1592 2214 τοιούτων
1627 2161 1759 2228 ἡμῖν

191 2261 357 2333 ἔργων
387 2259 702 2331 γενόμενος,
730 2261 817 2312 ὅτε
843 2257 929 2311 διὰ
959 2257 1120 2310 τοῦτο
1139 2255 1239 2327 τὴν
1265 2254 1421 2325 ἡμῶν
1451 2253 1631 2322 σάρκα
1659 2268 1760 2302 πε-

189 2354 482 2428 ριεῦἀλετο,
520 2353 613 2406 καὶ
647 2352 868 2422 γέγονεν
890 2349 985 2404 ἄνθ
997 2365 1196 2422 ρωπος,
1231 2347 1457 2408 εἰκότως
1486 2344 1552 2398 ἂν
1574 2343 1757 2411 λέγοι·

194 2464 212 2498 ι
235 2446 433 2519 Κύριος
454 2444 633 2498 ἔκτισέ
660 2462 729 2514 με
750 2443 925 2514 ἀρχὴν
947 2441 1081 2496 ὁδῶν
1096 2437 1262 2494 αὐτοῦ
1286 2439 1365 2503 εἰς
1382 2438 1518 2510 ἔργα
1537 2434 1720 2490 αὑτοῦ.
1737 2451 1754 2485 ι

189 2536 286 2592 Τὸν
310 2537 474 2591 αὑτὸν
505 2536 561 2589 δὲ
585 2536 777 2590 τοῦτον
808 2534 1142 2606 ἐφαρμόσεις
1169 2531 1324 2600 λόγον
1354 2533 1450 2584 καὶ
1477 2531 1544 2603 τῇ
1579 2529 1644 2582 ἐκ
1676 2545 1763 2580 νε-

187 2627 326 2698 κρῶν
362 2629 682 2691 ἀναστάσει,
721 2630 814 2683 καὶ
849 2630 915 2700 τῇ
956 2629 1033 2690 εἰς
1066 2625 1380 2697 ἀφθαρσίαν
1422 2623 1525 2692 τῆς
1560 2621 1763 2692 σαρκὸς

191 2721 480 2793 μεταϐολῇ,
508 2722 602 2775 καὶ
629 2723 694 2793 τῇ
726 2721 896 2790 ἀνόδῳ
917 2723 983 2792 τῇ
1010 2722 1090 2782 είς
1111 2717 1393 2786 οὐρανούς.
1423 2717 1534 2769 Καὶ
1554 2713 1763 2768 τούτων

187 2815 291 2887 γὰρ
317 2817 448 2886 ἡμῖν
476 2815 700 2884 γέγονεν
727 2813 893 2885 ἀρχὴ,
929 2813 1023 2866 καὶ
1052 2811 1138 2866 διὰ
1162 2809 1335 2865 ταῦτα
1355 2807 1621 2876 κτίζεται.

869 3103 1074 3156 ΑΛΛΟ.

267 3215 534 3271 ’Δπέθανε
562 3215 628 3269 δι’
655 3216 803 3285 ἡμᾶς
835 3215 934 3268 καὶ
963 3213 1104 3284 ὑπὲρ
1135 3213 1293 3284 ἡμῶν
1321 3215 1350 3267 ὁ
1376 3213 1768 3282 Χριστός.Ὢσ-
1796 3154 1838 3212 G

191 3325 291 3381 περ
319 3305 415 3364 οὖν
439 3309 762 3379 τεθνηκότος
790 3307 886 3361 τοῦ
915 3306 1168 3376 σώματος
1188 3307 1348 3370 αὐτὸς
1368 3306 1525 3359 τοῦτο
1548 3306 1766 3373 λέγεται

191 3403 407 3465 παθεῖν,
444 3401 621 3454 καίτοι
652 3401 750 3472 τὴν
783 3400 945 3470 φύσιν
991 3399 1258 3463 ἀθάνατος
1285 3398 1383 3461 ὢν,
1418 3398 1559 3452 οὕτω
1590 3398 1769 3463 κτιζο-

195 3495 352 3565 μένου
383 3493 480 3547 τοῦ
524 3491 796 3562 σώματος,
832 3491 995 3554 αὐτὸς
1040 3491 1233 3544 ἑαυτὸν
1271 3489 1550 3554 κτίζεσθαι
1597 3490 1767 3558 λέγει,

192 3585 365 3644 καίτοι
393 3585 496 3657 τὴν
523 3584 714 3638 οὐσίαν
736 3585 992 3646 ἄκτιστος
1009 3581 1105 3636 ὢν.
1133 3579 1311 3635 Αὐτοῦ
1337 3581 1446 3652 γὰρ
1479 3581 1647 3650 οὔσης
1676 3583 1771 3634 καὶ

193 3678 286 3748 οὐχ
317 3680 510 3750 ἑτέρου
541 3676 685 3741 τινὸς
711 3677 810 3747 τῆς
838 3676 1059 3747 σαρκὸς,
1096 3675 1431 3728 ἰδιοποιεῖται
1462 3673 1528 3726 τὰ
1561 3676 1640 3737 εἰς
1673 3675 1770 3728 αύ-

193 3769 287 3840 τὴν
318 3787 385 3822 συ
392 3768 711 3840 μσαίνοντα.

866 3880 1069 3934 AAAO.

265 3997 472 4066 Ἔργον
513 3995 622 4049 τῶν
664 3996 758 4048 ἐπὶ
796 3993 898 4064 τῆς
928 3995 1033 4064 γῆς
1062 3995 1122 4047 τὸ
1150 3993 1436 4046 κάλλιστον
1465 3992 1772 4064 ἄνθρωπος,

193 4086 248 4150 ὃς
280 4087 344 4156 δὴ
377 4086 583 4147 τέλειος
612 4084 871 4152 γεγονὼς,
896 4085 1093 4153 ἀτελὴς
1121 4083 1320 4153 εὑρέθη
1351 4083 1440 4136 διὰ
1471 4083 1569 4154 τὴν
1593 4085 1774 4156 παρά-

1862 1872 1977 1926 Nun
2027 1867 2380 1936 concupisces
2409 1862 2493 1927 ⁷³,
2535 1880 2554 1912 ι
2595 1858 2808 1926 aliaque
2843 1871 2962 1926 quae
3004 1855 3056 1907 in
3101 1849 3432 1920 evangelicis

1861 1961 2144 2032 praeconiis
2167 1959 2458 2014 habentur.
2491 1952 2614 2006 Haec
2649 1951 2792 2005 enim
2821 1957 2995 2016 empta
3023 1955 3151 1999 sunt
3186 1943 3238 1996 in
3262 1943 3438 2010 primo

1859 2056 2095 2119 Christo,
2131 2052 2384 2118 deinceps
2423 2044 2580 2117 167
2616 2053 2795 2097 autent
2829 2042 2880 2095 in
2915 2054 3012 2093 nos
3043 2042 3436 2105 prepagantur.

1860 2147 2064 2202 Idcirco
2116 2143 2294 2214 inquit
2339 2157 2352 2194 :
2407 2160 2428 2191 ι
2486 2140 2599 2208 Ego
2641 2150 2760 2190 sutn
2829 2133 2994 2202 ianua
3052 2131 3119 2194 τι,
3162 2129 3270 2194 Ego
3319 2141 3438 2179 sum

1861 2242 1948 2295 via
1978 2240 2044 2291 ".
2086 2257 2104 2289 ι
2142 2233 2457 2302 llujusmodi
2496 2231 2679 2297 itaque
2711 2241 2935 2296 operum
2973 2220 3302 2291 principium
3336 2233 3439 2270 no-

1861 2333 1946 2388 bis
1984 2332 2157 2385 l'actus
2191 2369 2205 2394 ,
2253 2325 2471 2397 quando
2523 2323 2780 2376 nimirum
2820 2327 3042 2389 propter
3081 2316 3181 2369 hoc
3226 2325 3442 2366 carnem

1865 2434 2108 2481 nostram
2160 2421 2488 2488 assumpsit,
2537 2417 2824 2483 factusque
2877 2421 2962 2465 est
3007 2410 3190 2470 homo,
3251 2405 3446 2458 merito

1863 2517 2063 2572 dixerit
2097 2530 2111 2566 :
2155 2533 2172 2565 ι
2211 2511 2474 2566 Dominus
2509 2507 2718 2563 creavit
2755 2519 2840 2558 tne
2892 2495 3444 2570 principiumviarum

1864 2626 2082 2667 suarum
2115 2609 2165 2662 itt
2198 2605 2578 2676 cperaipsius.
2627 2619 2645 2651 ι
2689 2598 2892 2652 Eadem
2940 2608 3102 2662 porro
3157 2588 3298 2642 ratio
3358 2596 3446 2640 est

1865 2704 2028 2757 etiam
2057 2695 2483 2754 resurrectionis
2537 2708 2569 2747 e
2613 2690 2864 2752 mortuis,
2916 2685 3346 2751 mutationisque
3391 2680 3444 2732 in

1865 2794 2045 2850 Carnis
2076 2789 2538 2857 incorruptionem
2558 2793 2612 2838 et
2634 2780 2975 2837 ascensionis
3004 2779 3057 2831 itt
3083 2777 3274 2830 eteius.
3307 2772 3443 2825 Nam

1866 2896 1920 2942 et
1953 2886 2144 2939 horum
2181 2881 2504 2953 principium
2555 2875 2711 2931 nobis
2747 2874 2928 2928 factus
2959 2880 3066 2935 est,
3123 2879 3176 2924 et
3227 2875 3447 2938 propter

1870 2979 1984 3034 tunc
2016 2984 2254 3032 creatus.

2542 3079 2774 3136 ALIUD.

1940 3205 2192 3260 Christus
2233 3211 2455 3271 propter
2504 3215 2603 3254 nos
2651 3206 2708 3253 et
2750 3211 2846 3266 pro
2879 3193 3034 3249 nobis
3074 3200 3318 3246 mortuus
3342 3199 3447 3243 est.

1871 3296 2332 3365 Quemadmodum
2391 3293 2583 3362 igitur,
2628 3299 2839 3342 mortuo
2892 3302 3142 3353 corpore,
3188 3284 3303 3349 ipse
3349 3282 3454 3335 hoc

1873 3404 2064 3460 passus
2085 3402 2208 3442 esse
2244 3385 2466 3449 dicitur,
2499 3382 2710 3436 tametsi
2737 3379 3062 3434 immortalis
3089 3386 3298 3428 natura:
3327 3374 3402 3427 sit
3434 3388 3447 3424 :

1874 3485 1947 3538 ita
1977 3489 2161 3536 creato
2193 3483 2446 3547 corpore,
2483 3476 2604 3544 ipse
2635 3473 2880 3542 seipsnm
2909 3469 3082 3523 creari
3127 3466 3280 3528 dicit,
3322 3479 3446 3517 eum

1876 3587 2055 3629 tamen
2087 3573 2343 3627 increatae
2376 3569 2630 3623 essentia)
2659 3566 2750 3620 sit.
2784 3564 2917 3618 Cum
2971 3563 3114 3613 enim
3163 3558 3329 3626 ipsius
3359 3557 3450 3618 sit,

1873 3679 1929 3722 et
1955 3682 2059 3720 non
2089 3664 2313 3719 alterius
2346 3675 2493 3727 caro,
2517 3674 2638 3728 qua:
2663 3657 2734 3711 illi
2761 3654 3014 3708 accidunt.
3042 3653 3255 3720 propria
3295 3647 3440 3700 illius

1877 3762 2032 3814 littnt.

2552 3861 2709 3917 ALIU
2725 3861 2782 3914 Ι).

1961 3983 2395 4062 Pulcherrimum
2427 3995 2490 4034 ac
2509 3975 3020 4048 praestantissimum
3051 3985 3189 4039 opus
3215 3966 3459 4022 omnium

1877 4092 1996 4145 qua:
2027 4057 2080 4129 in
2116 4085 2258 4129 terra
2293 4073 2426 4126 liunt
2453 4080 2536 4125 est
2563 4070 2726 4123 ltomu
2762 4083 2775 4118 :
2804 4065 2895 4134 qui
2934 4077 3056 4117 eum
3089 4069 3232 4113 esset
3278 4057 3457 4110 factus

193 4181 374 4246 ϐασιν,
393 4179 580 4232 πεσὼν
603 4178 702 4248 μὲν
719 4177 778 4242 ὲξ
799 4177 1098 4240 ἀθανασίας
1121 4179 1199 4240 είς
1218 4177 1468 4241 θάνατον,
1485 4176 1544 4240 ἐξ
1565 4151 1765 4249 ἀφθαρ-

1879 4170 2174 4240 perfectus,
2207 4181 2304 4236 per
2342 4160 2844 4234 praevaricationem
2879 4159 3126 4210 inventus
3150 4162 3225 4205 est
3258 4151 3459 4216 imper-

195 4273 314 4335 σίας
351 4271 409 4326 δὲ
465 4271 543 4334 είς
595 4246 822 4341 ιρθοράν.
888 4267 1044 4322 Ἐπεὶ
1086 4268 1264 4322 τοίνυν
1305 4270 1364 4322 ἓν
1412 4285 1463 4323 τι
1505 4269 1616 4322 τῶν
1653 4246 1765 4324 dro-

1882 4266 2073 4325 tet-tus,
2130 4277 2192 4314 ex
2258 4255 2668 4313 immortalitate
2727 4252 2780 4304 in
2830 4261 3060 4304 ntortem
3104 4246 3327 4315 lapsus,
3394 4256 3461 4295 ex

197 4333 469 4420 πωτάτων
514 4333 794 4432 ἐφαίνετο,
856 4362 952 4415 καὶ
1002 4355 1071 4432 ἦν
1129 4361 1297 4424 ὅντως
1344 4361 1569 4432 αἰσχρὸν
1616 4361 1765 4434 μέχρι

1881 4351 2287 4422 incorruptimte
2317 4351 2369 4403 in
2396 4348 2827 4416 corruptionem.
2874 4341 3008 4395 Cum
3041 4340 3226 4406 itaque
3271 4333 3461 4386 defor-

195 4455 399 4518 παντὸς
443 4451 632 4516 ἀτελὲς
662 4453 934 4522 διαμεῖναι
978 4430 1040 4503 τό
1082 4448 1243 4520 ἔργον
1273 4448 1369 4503 τοῦ
1413 4430 1570 4514 Θεοῦ,
1603 4430 1765 4519 αναγ-

1884 4449 2182 4504 missimum
2209 4445 2336 4514 quid
2376 4450 2559 4502 esset,
2616 4448 2880 4506 turpeque
2936 4446 3126 4488 revera
3178 4430 3460 4482 videretur

2057 4541 2089 4548 ..
2135 4539 2194 4548 ..
2362 4537 2384 4548 ..
2447 4543 2457 4548 _
2645 4547 2648 4548 ν
2842 4545 2877 4548 ,_
2972 4525 3284 4548 “nun,”
3330 4519 3442 4548 vn

197 4546 370 4610 καίως
395 4549 425 4600 ό
456 4541 551 4598 τοῦ
582 4543 718 4596 Θεοῦ
742 4519 938 4611 Ᾰόγος,
966 4543 995 4596 ό
1025 4519 1230 4605 τέλειος
1252 4541 1343 4594 τὸν
1379 4541 1545 4613 ἀτελῆ
1570 4541 1765 4613 ἄνθρω-

1885 4558 2021 4612 opus
2057 4539 2150 4594 Dei
2182 4537 2559 4608 imperfectum
2600 4545 2905 4595 remanere,
2972 4525 3288 4580 necessario
3330 4519 3467 4574 Ver-

196 4653 300 4689 πον
337 4633 723 4708 περιεϐάλετου
767 4631 863 4686 καὶ
899 4630 989 4686 διὰ
1023 4631 1182 4684 τοῦτό
1216 4648 1381 4702 φησιν
1426 4633 1505 4696 εἰς
1533 4612 1604 4684 τὰ
1641 4612 1765 4704 ἔργα

1888 4638 2012 4691 bum
2043 4632 2136 4687 Dei
2167 4631 2467 4702 perfectum
2501 4625 2877 4694 imperfectum
2929 4617 3201 4673 hominem
3253 4612 3464 4676 induit;

198 4726 501 4792 κτίζεσθαι,
535 4725 620 4778 ἵνα
643 4723 908 4796 τελειώσῃ
945 4722 1104 4788 αὐτὰ,
1146 4723 1232 4776 ἵνα
1262 4723 1424 4776 πάλιν
1455 4725 1638 4787 αὐτοῖς
1676 4725 1765 4796 τὴν

1889 4739 2052 4798 atque
2082 4725 2283 4779 idcirco
2325 4721 2458 4774 dicit
2501 4733 2559 4772 se
2600 4718 2653 4769 in
2702 4729 2869 4784 opera
2910 4721 3156 4765 creatum
3196 4722 3343 4770 esse,
3403 4712 3464 4756 ut

197 4819 517 4888 τελειότητα
563 4816 857 4889 περιθήσῃ,
908 4816 968 4869 τὸ
994 4816 1178 4869 λεῖπον
1215 4815 1294 4887 τῷ
1337 4816 1608 4888 ἀνθρώπῳ
1643 4816 1765 4886 πλη-

1885 4820 2140 4876 nimirum
2187 4815 2276 4870 illa
2308 4812 2617 4885 perliceret,
2662 4818 2830 4875 utque
2866 4819 3056 4859 rursus
3109 4799 3314 4855 homini
3355 4797 3466 4866 pri-

204 4909 386 4984 ρὼσας
417 4910 486 4962 δι’
518 4906 734 4963 ἑαυτοῦ.
770 4907 880 4960 Καὶ
901 4907 1031 4976 γοῦν
1056 4907 1113 4959 ὲν
1139 4907 1250 4970 τοῖς
1273 4905 1626 4975 Εύαγγελίοις
1648 4909 1765 4980 φησ¹

1881 4915 2080 4969 stinam
2111 4907 2498 4980 perfectionem
2527 4901 2862 4961 restitueret,
2893 4898 2942 4950 id
2984 4896 3126 4964 quod
3160 4893 3212 4946 in
3248 4891 3469 4943 homine

200 4983 340 5071 πρὸς
367 5001 462 5054 τὸν
490 4999 686 5053 ἑαυτοῦ
719 4997 936 5069 Πατέρα
956 5015 972 5030 ο
998 5017 1016 5049 ‹
1040 4997 1184 5068 Ἑγώ
1214 5015 1272 5051 σε
1309 4998 1537 5064 ἐδόξασα
1567 4999 1658 5052 ἐπὶ
1684 5000 1765 5070 τῆς

1891 5007 2100 5071 deerat,
2131 5015 2227 5071 per
2260 5014 2319 5054 se
2349 4995 2579 5066 implens
2615 5002 2780 5061 atque
2811 4999 3190 5058 compensans.
3241 4983 3470 5050 Ideoque

199 5095 325 5164 γῆς,
357 5095 609 5167 τὺ,ἔργον
640 5092 934 5157 τελειώσας
957 5093 984 5146 ὃ
1011 5093 1251 5156 δέδωκάς
1273 5112 1363 5164 μοι
1396 5094 1482 5146 ἵνα
1513 5095 1780 5165 ποιήσω.)

201 5187 313 5241 Καὶ
356 5187 551 5241 πάλιψ
603 5207 620 5237 ι
658 5187 740 5240 Τὰ
768 5186 906 5258 ἔργα
952 5185 989 5240 ἃ
1018 5185 1220 5240 δέδωκὲ
1267 5205 1355 5258 μοι
1385 5190 1412 5240 ὁ
1446 5187 1670 5258 Πατὴρ,
1699 5187 1789 5240 ἵνα.

200 5276 481 5330 τελειώσω
516 5277 675 5341 αὐτὰ,
704 5278 844 5331 αὐτὰ
864 5278 931 5330 τὰ
959 5277 1098 5349 ἔργα
1135 5281 1404 5351 μαρτυρεί
1434 5280 1561 5351 περὶ
1591 5277 1782 5350 ἐμοῦ.»

203 5368 268 5421 Ei
305 5369 488 5422 τοίνυν
512 5369 602 5422 ὅτε
627 5370 855 5438 γέγονεν
898 5369 1205 5441 ἄνθρωπος,
1254 5370 1376 5424 τότε
1425 5371 1494 5424 τὰ
1532 5371 1670 5442 ἔργα
1698 5389 1788 5424 τε-

200 5459 358 5523 λειοῖ,
384 5459 481 5514 καὶ
503 5461 582 5524 είς
619 5459 758 5514 αὐτὰ
785 5459 1050 5525 κτίζεται,
1084 5461 1349 5534 πρόδηλον
1379 5461 1647 5532 δήπουθεν
1679 5462 1790 5515 ὅτι·

204 5568 313 5624 περ
335 5553 403 5606 οὐ
434 5551 534 5623 τῆς
575 5554 766 5618 οὐσίας
791 5552 887 5608 τοῦ
915 5555 1089 5624 Λόγου
1135 5555 1467 5626 σημαντικὸν
1491 5554 1557 5608 ἂν
1586 5555 1673 5626 εἴη
1706 5555 1786 5623 τὸ,

276 5734 319 5763 ⁷¹
358 5732 490 5785 an.
515 5749 591 5798 vr,
621 5733 710 5788 56.
789 5735 832 5766 ⁷³
869 5735 996 5792 ibid.
1030 5729 1120 5799 29,
1164 5733 1251 5789 50.

207 5805 261 5860 4.
339 5804 385 5834 ⁷⁷
415 5802 572 5860 Joan.
606 5819 658 5872 ν,
682 5804 771 5860 56.

1332 5735 1376 5765 ⁷³
1414 5733 1601 5790 Matth.
1635 5749 1683 5798 ν,
1712 5733 1802 5801 28,
1835 5731 1924 5787 ‘29.
2000 5733 2043 5764 7‘
2073 5729 2226 5787 Juan.
2261 5744 2311 5790 κ.
2345 5727 2395 5781 9.

1896 5097 1948 5151 in
1998 5091 2304 5162 Evangeliis
2329 5090 2395 5142 ad
2422 5088 2638 5141 Patrem
2673 5098 2829 5136 suum
2861 5082 2934 5134 ita
2969 5079 3103 5132 dicit
3149 5095 3162 5131 :
3201 5095 3218 5125 ι
3255 5074 3366 5142 Ego
3419 5084 3472 5124 te

1895 5185 2189 5258 gloriﬁcavi
2237 5184 2292 5236 in
2337 5193 2481 5235 terra
2513 5219 2528 5239 ,
2586 5174 2828 5245 perfecto
2883 5184 3048 5240 opere
3083 5166 3227 5236 quod
3277 5163 3471 5218 dedisti

1887 5253 2020 5334 mihi
2047 5288 2104 5331 ttt
2139 5276 2337 5329 faciam
2370 5274 2439 5326 ⁷⁸.
2477 5290 2495 5321 ι
2533 5268 2597 5322 Ει
2624 5283 2818 5322 rursus
2848 5280 2862 5317 :
2903 5281 2919 5314 ι
2961 5262 3136 5331 Opera
3167 5272 3288 5326 qua:
3321 5253 3476 5308 dedit.

1887 5370 2021 5425 mihi
2051 5369 2236 5431 Pater,
2286 5374 2344 5419 nt
2370 5361 2646 5434 perﬁciam
2676 5399 2691 5423 ,
2737 5357 2826 5412 illa
2877 5351 3249 5410 testimonium
3286 5347 3475 5416 perhi-

1886 5460 2017 5515 bent
2054 5459 2120 5513 de
2151 5473 2237 5510 me
2255 5456 2322 5508 ⁷⁷.
2358 5475 2377 5508 ι
2420 5454 2477 5508 Si
2501 5467 2632 5521 ergo
2658 5464 2780 5505 eum
2816 5445 2994 5501 factus
3018 5451 3102 5499 est
3138 5443 3320 5504 homo,
3348 5449 3477 5492 tune

1887 5569 2050 5625 opera
2092 5550 2324 5622 perlicit,
2359 5559 2412 5605 et
2439 5549 2492 5602 in
2531 5547 2645 5616 ipsa
2683 5551 2947 5609 creatur;
2999 5535 3350 5594 manifestum
3390 5543 3479 5589 est

2480 5727 2525 5757 ⁷⁵
2555 5724 2704 5779 Joan.
2744 5736 2854 5785 τιν,
2898 5720 2950 5771 6.
3065 5717 3111 5747 ⁷⁶
3142 5712 3298 5770 .Ιυ;ιη.
3341 5725 3476 5772 xm,
