3882 6210
372 331 482 391 283

1403 333 1462 389 S.
1503 332 1778 391 CYHILLI
1816 334 2287 393 ALEXANDRINI
2321 333 2640 395 ARCHIEP.

3526 336 3629 395 εει

377 450 603 502 verbum
636 444 789 510 illud,
820 462 839 497 ι
862 445 1088 510 creavit,
1116 466 1134 499 ι
1162 461 1267 501 non
1302 447 1612 519 signiﬁcare
1650 451 1939 507 essentiam
1972 506 1973 509 η

2102 451 2282 505 ἔκτισε
2305 467 2319 481 °
2361 469 2379 503 ι
2412 450 2573 522 δηλοῖ
2598 448 2656 504 δὲ
2685 449 2894 521 μᾶλλον
2926 448 3020 502 τὸν
3050 448 3152 519 τῆς
3175 447 3470 520 ἐπιδημίας
3497 466 3637 501 και--

381 538 579 602 Verbi,
616 538 709 592 sed
755 539 932 607 potius
964 550 1175 608 tempus
1209 540 1601 597 incarnationis
1634 557 1779 609 sine,
1813 560 1953 614 qna-

380 639 536 683 tenus
563 642 689 682 caro
713 626 912 692 factus,
948 639 1167 682 creatus
1192 628 1410 683 dicitur.
1454 628 1608 684 Tunc
1640 632 1786 685 enim
1821 647 1950 700 per-

379 721 536 776 fectis
563 721 819 791 operibus
851 719 1061 784 Patris,
1118 721 1465 792 humanaque
1509 733 1705 778 natura
1744 724 1797 778 in
1842 725 1955 793 pri-

379 815 582 869 stinum
622 822 823 868 statum
885 814 1158 879 restituta,
1198 815 1444 883 adjunxit
1502 816 1603 872 sibi
1656 816 1955 872 Ecclesiam

380 906 558 959 omnis
588 906 811 960 maculae
846 916 902 960 et
937 922 1084 977 rugae
1112 918 1416 976 expertem,
1436 916 1683 963 sanctam
1714 918 1770 963 et
1803 925 1961 962 mun-

380 995 502 1048 dam
538 996 619 1060 ⁷⁸,
671 1007 725 1050 et
759 996 888 1051 facti
931 1012 1120 1052 sumus
1152 998 1203 1051 in
1248 999 1366 1066 ipso
1408 1014 1549 1053 nova
1580 1009 1835 1055 creatura
1866 1000 1912 1031 "’
1941 1041 1956 1067 ,

386 1100 489 1138 non
528 1085 755 1154 amplius
794 1080 1203 1154 imper-lectione
1246 1087 1356 1153 illa,
1386 1103 1547 1157 quam
1587 1104 1682 1158 per
1705 1088 1963 1158 praevari-

386 1178 655 1232 cationem
695 1188 1141 1234 contraxeramus
1202 1180 1476 1247 laborans,
1522 1196 1700 1250 neque
1740 1189 1962 1251 peccato

389 1284 602 1325 mortua
625 1313 640 1336 ,
685 1272 776 1326 sed
807 1271 1197 1341 perfectionem
1231 1284 1521 1326 consecuta
1562 1287 1659 1342 per
1703 1271 1963 1327 obedien-

389 1364 518 1417 tiam
572 1362 774 1418 Christi
841 1363 1071 1434 ejusque
1127 1364 1587 1419 resurrectionem
1636 1380 1666 1419 a
1707 1364 1960 1419 mortuis.

388 1454 499 1510 Has
537 1455 705 1526 igitur
726 1456 794 1509 ob
845 1472 1038 1512 causas
1085 1457 1246 1528 168
1304 1458 1465 1512 homo
1514 1456 1732 1522 factus,
1773 1458 1965 1512 merito

389 1548 589 1602 dixerit
632 1566 645 1602 :
695 1566 715 1599 ‹
755 1548 1013 1602 Dominus
1038 1550 1249 1604 creavit
1276 1563 1361 1604 me
1397 1550 1724 1621 principium
1749 1550 1963 1606 viarum

388 1655 607 1693 suarum
634 1640 684 1693 in
710 1656 871 1709 opera
905 1640 1091 1706 ipsius.
1133 1656 1154 1690 ι

2056 542 2173 614 ρὸν,
2201 542 2337 595 καθδ
2368 542 2504 614 σὰρξ
2530 540 2795 611 γεγονὼς,
2825 540 3075 594 ἐκτίσθαι
3103 539 3341 608 λέγεται.
3362 539 3498 592 Τότε
3523 540 3634 611 γὰρ

2057 635 2154 688 καὶ⁹
2206 635 2479 707 ὁλόκληρα
2534 634 2773 704 ποιήσας
2825 632 2893 685 τὰ
2942 631 3080 702 ἔργα
3120 630 3214 684 τοῦ
3259 630 3490 701 Πατρὸς,
3539 632 3635 684 καὶ

2057 726 2521 794 ἀποκαταστήσας
2548 725 2628 787 είς
2654 724 2716 777 τὸ
2745 725 2971 794 ἀρχαῖον
3002 722 3100 794 τὴν
3132 721 3421 792 ἀνθρώπου
3445 720 3632 790 φύσιν,

2058 815 2405 886 παρέστησεν
2450 813 2628 885 ἑαυτῷ
2654 814 2752 884 τὴν
2790 812 3118 883 Ἐκκλησίαν
3156 812 3232 883 μὴ
3260 811 3487 882 ἔχουσαν
3514 813 3637 863 σπῖ-

2058 909 2150 960 λον
2190 906 2222 977 ἢ
2272 906 2481 977 ῥυτίδα,
2531 907 2565 978 ἧ
2613 924 2663 960 τι
2706 905 2815 959 τῶν
2852 906 3145 969 τοιούτων,
3197 903 3312 958 ἀλλ’
3346 903 3507 970 ἁγίαν
3542 902 3637 956 καὶ

2059 998 2290 1067 ἄμωμον
2306 1013 2319 1026 ο
2339 998 2431 1050 καὶ
2454 996 2760 1067 γεγόναμεν
2783 998 2840 1049 ὲν
2865 995 3014 1066 αὑτῷ
3042 995 3203 1067 καινὴ
3232 995 3428 1059 κτίσις,
3454 994 3633 1048 οὐκέτι

2062 1086 2301 1159 φοροῦσα
2330 1089 2389 1141 τὸ
2416 1088 2608 1152 ἀτελὲς
2627 1088 2717 1142 διὰ
2743 1087 2842 1159 τὴν
2874 1088 3184 1159 παράϐασιν
3210 1087 3306 1139 καὶ
3330 1086 3432 1157 τὴν
3452 1087 3516 1138 ὲκ
3536 1084 3638 1155 τῆς

2061 1182 2335 1254 ἁμαρτίας
2365 1183 2655 1252 νέκρωσιν,
2690 1180 2828 1235 ἀλλά
2866 1179 3056 1234 λοιπὸν
3091 1176 3441 1232 ἀπολαϐοῦσα
3464 1176 3527 1229 τὸ
3557 1175 3641 1228 τέ-

2062 1274 2204 1329 λειον
2229 1275 2316 1330 διὰ
2349 1275 2448 1346 τὴν
2504 1272 2750 1344 ὑπακοὴν
2791 1272 2887 1326 τοῦ
2929 1272 3166 1345 Χριστοῦ
3197 1272 3292 1325 καὶ
3320 1270 3419 1341 τὴν
3449 1271 3513 1322 ὲκ
3551 1286 3638 1321 νε⁹

2064 1367 2213 1437 κρῶν
2256 1367 2574 1421 ἀνάστασιν.
2611 1364 2821 1420 Οὐκοῦν
2850 1364 3133 1436 ἄνθρωπος
3164 1363 3253 1417 διά
3280 1364 3454 1417 ταῦτα
3488 1362 3642 1431 γενόο

2069 1476 2249 1529 μενος,
2286 1459 2512 1522 εἰκότως
2546 1456 2613 1511 ἂν
2642 1456 2789 1525 λέγοι
2818 1458 2899 1523 τὸ,
2940 1476 2958 1508 ι
2996 1456 3203 1528 Κύριος
3234 1455 3415 1508 ἔκτισέ
3448 1471 3516 1524 με
3542 1453 3643 1525 ἀρ·

2066 1551 2165 1624 χὴν
2188 1550 2319 1605 ὁδῶν
2349 1550 2516 1605 αὑτοῦ
2548 1553 2628 1615 εἰς
2657 1550 2795 1623 ἔργα
2817 1549 3004 1605 αὑτοῦ,
3040 1568 3060 1601 ι

389 1772 620 1864 Μιὲψ),
668 1775 735 1864 ξιξ.
773 1773 938 1855 jtlud,
976 1791 1016 1864 ,ι
1056 1772 1320 1864 Dominus.
1355 1775 1549 1864 creauit
1607 1790 1726 1864 me)...
1750 1793 1793 1857 ι.
1826 1776 1964 1864 quod

2080 1773 2272 1864 ΑΔΗ
2302 1774 2393 1864 εέε
2407 1770 2575 1864 ,ξδ’-ἶ
2588 1768 3262 1864 ﬁ?e2¢.§ss9é.ee-:
3283 1768 3643 1864 5.5199335-

464 1841 640 1895 Filius
689 1843 785 1895 Dei
814 1860 916 1896 non
942 1844 1012 1896 sit
1043 1859 1193 1910 Opus,
1244 1843 1320 1897 vel
1357 1853 1625 1898 creatura.
1657 1843 1727 1897 Et
1776 1846 1830 1899 in
1881 1848 1959 1911 id,

465 1930 484 1963 ι
526 1913 658 1965 Ante
695 1914 891 1967 saecula
920 1913 1162 1981 fundavit
1203 1930 1304 1968 me.
1344 1932 1364 1964 ι

465 2024 522 2079 Si
561 2022 798 2078 Verbum
836 2024 928 2079 Dei
960 2034 1045 2080 est
1072 2036 1362 2091 creatura,
1410 2036 1468 2079 ut
1498 2040 1595 2080 vos
1629 2026 1963 2096 Opinamini,

392 2114 570 2171 omnis
626 2114 923 2185 impietatis
978 2115 1312 2183 inventores,
1359 2118 1632 2185 quomodo
1672 2114 1782 2172 Deo
1836 2131 1968 2169 con-

394 2206 646 2276 glutinati
674 2215 729 2263 et
771 2205 845 2261 dii
880 2204 1055 2261 eﬁ'ecti
1079 2223 1285 2274 sumus,
1324 2207 1456 2261 uniti
1490 2207 1592 2277 ipsi
1620 2205 1786 2273 ?Qno
1813 2218 1967 2275 pacto

394 2314 525 2352 vero
558 2298 807 2353 Christus
834 2299 1097 2353 mediator
1126 2298 1218 2353 Dei
1244 2307 1298 2353 et
1333 2299 1615 2354 hominum
1648 2299 1738 2351 8"?
1770 2297 1968 2354 Unitur

393 2392 538 2447 enim
572 2391 749 2453 nobis,
780 2400 1051 2459 quatenus
1088 2388 1264 2445 factus
1311 2398 1396 2445 est
1445 2393 1627 2445 homo.
1685 2391 1742 2445 Si
1789 2400 1968 2445 autem

395 2491 643 2543 creatura
673 2489 778 2544 est,
824 2489 874 2534 et
927 2495 1032 2534 non
1071 2479 1235 2546 Deus,
1266 2481 1537 2549 quomodo
1587 2480 1776 2535 unitur
1825 2480 1971 2535 Deo?

394 2572 503 2631 Aut
550 2571 672 2639 quis
718 2569 909 2623 modus
957 2584 1023 2625 ac
1070 2571 1211 2624 ratio
1264 2571 1435 2639 ipsum
1471 2570 1545 2624 illi
1595 2572 1799 2625 uniet?
1841 2571 1971 2637 Qua:

396 2660 538 2713 enim
588 2660 871 2715 dissimilia
932 2669 1060 2715 sunt
1108 2660 1407 2716 secundum
1461 2662 1754 2716 essentiam
1790 2701 1805 2726 ,
1856 2676 1963 2715 non

399 2748 582 2817 utique
608 2749 928 2803 naturaliter
962 2750 1192 2814 invicem
1236 2752 1513 2806 uniantur.
1544 2754 1652 2805 Aut
1678 2751 1969 2821 quomodo,

399 2839 444 2891 si
490 2849 741 2893 creatura
795 2848 900 2905 est,
960 2855 1056 2910 per
1103 2841 1277 2911 ipsum
1331 2843 1522 2898 salvati
1571 2858 1797 2908 sumus,
1849 2860 1971 2898 cum

399 2931 679 2999 Scriptura
720 2932 910 2987 dicat:
945 2950 964 2984 ι
1013 2932 1132 2988 Non
1166 2933 1395 3004 legatus,
1441 2951 1545 2990 non
1570 2935 1819 3005 angelus,
1878 2936 1971 2991 sed

400 3025 514 3086 ipse
547 3025 801 3081 Dominus
820 3027 1048 3084 salvavit
1070 3044 1163 3085 eos
1187 3029 1272 3083 °‘?
1298 3048 1316 3082 ι
1344 3028 1625 3096 Quomodo
1647 3038 1823 3083 autem
1862 3045 1975 3084 cre-

2135 1859 2280 1912 σμα,
2323 1842 2466 1923 οὐιξὲ
2502 1838 2725 1921 πριτιμὰ
2756 1843 2789 1895 ὁ
2827 1841 2959 1905 Υἱὸς
2985 1840 3090 1895 τοῦ
3114 1839 3283 1894 Θεοῦ.
3307 1839 3416 1893 Καὶ
3441 1840 3532 1905 εὶς
3552 1838 3648 1898 τὸ.

2142 1931 2159 1964 ι
2184 1913 2302 1980 Πρὸ
2334 1929 2440 1966 του
2461 1915 2675 1979 αὶωνος
2703 1910 3061 1980 ἐθεμελίωσέ
3088 1927 3186 1980 με.
3216 1928 3235 1961 ι

2142 1931 2159 1964 ι
2184 1927 2302 1980 "po
2334 1929 2440 1966 του
2461 1927 2675 1979 αιωνος
2703 1927 3061 1980 εσεμελιωσε
3088 1927 3186 1980 με.
3216 1928 3235 1961 ι

2133 2022 2197 2076 Εἰ
2228 2023 2433 2093 κτίσμα
2459 2022 2597 2088 ἐστὶ,
2644 2021 2764 2076 καθ’
2808 2021 2973 2093 ὑμᾶς,
3001 2022 3031 2074 6
3062 2021 3158 2074 τοῦ
3199 2020 3335 2074 Θεοῦ
3362 2022 3563 2089 Λόγος,
3603 2013 3651 2075 ὦ

2068 2117 2248 2187 πάσης
2283 2115 2537 2179 ἀσεϐείας
2581 2115 2834 2187 εὑρεταὶ,
2875 2115 2993 2179 πῶς
3026 2113 3146 2184 Θεῷ
3194 2113 3518 2185 κολλώμεθα
3555 2114 3655 2166 καὶ

2068 2206 2462 2277 θεοποιούμεθα
2505 2206 2869 2275 συναφθέντες
2918 2204 3100 2275 αὑτῷ;
3152 2204 3277 2267 Πῶς
3317 2204 3377 2257 δὲ
3420 2203 3653 2273 μεσίτης

2070 2299 2187 2352 ἐστὶ
2229 2298 2365 2351 Θεοῦ
2418 2298 2515 2351 καὶ
2543 2297 2845 2369 ἀνθρώπων
2872 2299 2901 2351 ὁ
2931 2295 3201 2368 Χριστός;
3244 2296 3513 2349 ’Δπτεται
3552 2295 3654 2366 μὲν

2068 2391 2177 2463 γὰρ
2214 2390 2395 2459 ἡμῶν,
2451 2389 2588 2443 καθὸ
2630 2390 2854 2458 γέγονεν
2889 2387 3197 2459 ἅνθρωπος.
3250 2388 3313 2440 Εἰ
3352 2387 3409 2440 δὲ
3444 2385 3656 2456 κτίσμα

2070 2482 2187 2536 ἐστὶ
2233 2482 2331 2535 καὶ
2366 2481 2426 2535 οὑ
2454 2480 2610 2548 Θεὸς,
2656 2479 2775 2545 πῶς
2806 2479 3003 2550 ἅψεται
3052 2477 3221 2545 Θεοῦ;
3275 2481 3433 2542 Ποῖος
3487 2477 3653 2531 αὑτὸν

2070 2575 2262 2645 ἐκείνῳ
2288 2572 2513 2644 συνάψει
2544 2573 2743 2643 τρόπος
2762 2590 2778 2641 ;
2806 2570 2888 2626 Τά
2903 2572 3011 2643 γάρ
3026 2572 3254 2641 ἀνόμοια
3271 2571 3411 2626 κατά
3428 2571 3529 2642 τὴν
3559 2570 3655 2624 οὑ-

2073 2668 2194 2720 σίαν
2236 2665 2337 2719 οὑκ
2373 2664 2439 2719 ἂν
2469 2663 2719 2735 ἀλλήλοις
2748 2662 2994 2733 φυσικῶς
3019 2663 3317 2733 συναφθείη
3351 2663 3505 2718 ποτέ.
3526 2662 3656 2726 Πῶς

2070 2758 2148 2823 δὲ,
2180 2758 2229 2811 εί
2268 2757 2473 2828 κτίσμα
2504 2756 2659 2821 ἐστὶ,
2688 2755 2758 2810 δι’
2781 2754 2949 2809 αὑτοῦ
2981 2753 3322 2825 σεσώσμεθα,
3366 2755 3467 2824 τῆς
3500 2752 3657 2816 θείας

2071 2849 2337 2919 λεγούσης
2364 2848 2587 2919 Γραφῆς
2606 2865 2619 2878 ·
2659 2865 2678 2898 ι
2707 2844 2785 2901 Οὑ
2810 2846 3056 2918 πρέσϐυς
3079 2885 3095 2912 ,
3120 2846 3221 2899 οὑκ
3247 2844 3504 2913 ἄγγελος,
3534 2842 3659 2899 ἀλλ’

2072 2941 2236 3005 αὑτὸς
2276 2942 2305 2994 6
2345 2940 2550 3011 Κύριος
2582 2938 2783 2992 ἔσωσεν
2824 2937 3054 3003 αύτούς;
3092 2956 3111 2990 ι
3150 2937 3276 3000 Πῶς
3300 2937 3357 2989 δὲ
3390 2938 3470 2999 είς
3491 2935 3665 2989 αὑτὸν

2075 3031 2421 3094 πιστεύοντες
2441 3027 2819 3098 δικαιούμεθα,
2845 3029 3002 3099 εἰπερ
3027 3027 3233 3098 κτίσμα
3264 3027 3416 3093 ὲστίς
3448 3027 3577 3090 Πῶς
3602 3026 3667 3080 δὲ

399 3118 587 3171 dentes
605 3118 655 3170 in
680 3132 800 3172 eum
818 3120 1203 3187 justiﬁcamur,
1220 3121 1267 3176 si
1282 3131 1365 3176 est
1385 3122 1670 3176 creatura?
1695 3122 1973 3188 Quomodo

2080 3124 2160 3187 τὸ,
2194 3142 2212 3174 ι
2233 3123 2310 3193 Γῆ
2342 3116 2412 3187 εἴ,
2434 3121 2528 3175 καὶ
2553 3122 2632 3184 εἰς
2651 3120 2755 3189 γῆν
2776 3118 3070 3192 ἀπελεύσῃ,
3098 3136 3118 3170 ι
3151 3117 3335 3171 λύεται
3361 3117 3427 3170 δι’
3453 3114 3663 3182 αὐτοῦς

400 3222 531 3261 νει-ο
563 3208 715 3272 illud,
765 3228 785 3261 ι
823 3210 987 3265 Terra
1015 3226 1094 3279 es,
1119 3220 1174 3267 et
1204 3213 1258 3266 in
1298 3222 1495 3269 terram
1530 3214 1820 3269 reverteris
1840 3215 1909 3278 ⁸³,
1953 3231 1973 3265 ι

402 3315 497 3366 per
522 3301 691 3368 ipsum
713 3302 974 3355 solvitur?
993 3302 1175 3373 Neque
1203 3304 1348 3359 enim
1374 3312 1459 3360 est
1490 3319 1627 3375 opus
1652 3305 1793 3374 quod
1826 3318 1982 3359 crea-

404 3399 539 3443 turae
568 3392 855 3446 conveniat
886 3395 1211 3449 sententiam
1238 3409 1266 3449 a
1298 3395 1407 3451 Deo
1433 3396 1612 3451 datam
1642 3398 1979 3451 subvertere.

403 3476 686 3542 Quomodo
734 3481 896 3535 etiam
950 3482 994 3537 si
1024 3492 1275 3554 creatura
1308 3495 1422 3551 est,
1476 3495 1755 3555 peccatum
1803 3486 1983 3541 delere

409 3576 611 3637 potest,
644 3588 767 3625 cum
814 3575 1077 3644 propheta
1111 3578 1178 3631 de
1200 3577 1318 3647 ipso
1354 3578 1543 3633 dicat:
1590 3596 1611 3631 ι
1661 3578 1793 3647 Quis
1840 3578 1983 3634 Deus

409 3660 550 3714 sicut
595 3672 673 3728 ιιι,
721 3663 917 3719 tollens
976 3666 1292 3736 iniquitates
1321 3678 1376 3723 et
1406 3669 1722 3739 praeteriens
1769 3669 1983 3739 injusti-

419 3749 523 3803 tias
549 3749 597 3780 ⁸³
625 3751 648 3803 ?
672 3752 789 3817 Quo
821 3766 979 3823 pacto
1000 3770 1152 3821 vero,
1189 3756 1235 3812 si
1266 3767 1515 3812 creatura
1556 3767 1662 3824 est,
1698 3760 1876 3828 potuit
1902 3759 1983 3814 di-

405 3856 566 3895 cere:
602 3841 744 3899 «Nisi
766 3845 936 3901 Filius
960 3862 1054 3903 vos
1089 3847 1335 3906 liherarit
1363 3848 1445 3903 ⁸⁸2
1476 3867 1495 3901 ι
1523 3848 1771 3906 liberavit
1801 3860 1980 3906 autem

407 3945 466 3989 ut
520 3934 697 3990 Patris
731 3938 923 4005 haeres,
975 3954 1082 3995 non
1134 3948 1316 4005 autem
1361 3953 1654 4010 creatura,
1708 3950 1768 3998 ut
1807 3943 1984 4000 insani

407 4028 647 4082 haeretici
676 4028 990 4098 opinantur,

1062 4140 1293 4205 ALIUD.

490 4228 548 4284 Si
597 4228 663 4283 ad
718 4230 1081 4286 imitationem
1142 4232 1406 4290 naturalis
1447 4233 1592 4303 Filii,
1644 4236 1812 4293 etiam
1855 4238 1987 4295 ado-

406 4322 546 4391 ptitii
608 4332 869 4375 vocantur
935 4322 1066 4389 ﬁlii,
1127 4324 1492 4378 necessarium
1559 4326 1718 4395 plane
1779 4338 1863 4384 est
1927 4338 1987 4385 ut

408 4411 670 4468 naturalis
704 4411 875 4467 Filius
910 4414 1050 4469 alius
1077 4413 1149 4468 sit
1172 4415 1241 4470 ab
1276 4415 1342 4471 iis
1367 4460 1382 4480 ,
1439 4425 1496 4471 et
1531 4419 1769 4474 essentia
1803 4421 1985 4477 diver-

2080 3215 2155 3269 Οὑ
2186 3214 2296 3286 γὰρ
2328 3208 2396 3285 ἦν
2427 3212 2588 3283 ἔργον
2620 3210 2881 3281 κτίσματι
2908 3210 3139 3282 πρέπον,
3186 3207 3514 3280 ἀνατρέπειν
3554 3208 3667 3279 τὴν

2081 3307 2233 3380 παρά
2278 3304 2413 3360 Θεοῦ
2460 3303 2705 3357 δοθεῖσαν
2745 3302 3041 3373 ἀπόφασιν.
3094 3302 3219 3365 Πῶς
3266 3301 3323 3354 δὲ
3367 3299 3551 3364 πάλιν,
3610 3300 3665 3353 εί

2080 3400 2287 3469 κτίσμα
2332 3395 2501 3458 ἐστὶν,
2552 3394 2767 3466 ἀναιρεῖ
2813 3393 2912 3466 τὴν
2948 3394 3242 3465 ἁμαρτίαν,
3273 3393 3523 3461 λέγοντος
3559 3390 3664 3446 τοῦ

2080 3491 2361 3560 προφήτου
2387 3488 2516 3560 περὶ
2533 3488 2699 3540 αὑτοῦ
2717 3504 2730 3518 ·
2764 3507 2781 3540 ι
2801 3488 2897 3551 Τίς
2924 3486 3058 3550 Θεὸς
3087 3486 3275 3556 ὥσπερ
3308 3485 3393 3549 σὺ,
3426 3483 3665 3556 ἐξαίρων

2080 3579 2305 3651 ἀνομίας
2331 3580 2425 3633 καὶ
2450 3577 2792 3649 ὑπερϐαίνων
2814 3578 3022 3641 ἀδικίας
3044 3596 3059 3643 ;
3088 3596 3105 3629 ι
3144 3578 3267 3641 Πῶς
3292 3577 3367 3640 δὲ,
3385 3579 3432 3629 εί
3450 3576 3670 3647 κτίσμα

2080 3673 2250 3738 ἐστὶν,
2275 3670 2509 3741 ἠδύνατο
2543 3670 2773 3739 λέγειν’(
2798 3670 2924 3724 Ἐὰν
2949 3669 3023 3741 μὴ
3056 3670 3085 3723 6
3116 3668 3239 3732 Υἱὸς
3271 3668 3414 3738 ὑμᾶς
3442 3667 3670 3721 ὲλευθευ

2084 3764 2266 3838 ρὼσῃς
2290 3784 2309 3816 ι
2346 3765 2439 3818 καὶ
2454 3763 2585 3833 γοῦν
2605 3762 2980 3835 ἠλευθέρωσεν
3005 3763 3081 3828 ὡς
3109 3760 3203 3815 τοῦ
3228 3762 3434 3833 Πατρὸς
3458 3760 3670 3832 κληροο

2082 3854 2274 3925 νόμος,
2302 3854 2398 3909 καὶ
2426 3854 2487 3907 ού
2519 3853 2731 3925 ποίημα
2763 3853 3048 3925 ὑπάρχων,
3087 3850 3231 3907 κατά
3260 3849 3359 3921 τὴν
3396 3849 3505 3903 τῶν
3534 3848 3670 3903 θεο-

2083 3946 2274 4019 μάχων
2301 3946 2519 4019 μανίαν.

2154 4218 2219 4271 El
2258 4217 2402 4274 κατά
2429 4218 2662 4291 μίμησιν
2693 4129 2963 4273 τοῦῒιὲῗά
2990 4217 3154 4289 φύσιν
3171 4216 3303 4272 Υίοῦ
3332 4216 3428 4272 καὶ
3447 4218 3497 4271 οἱ
3516 4218 3671 4279 κατά

2086 4310 2235 4364 θέσιν
2268 4311 2375 4371 υἱοὶ
2405 4311 2714 4378 καλοῦνται,
2745 4312 2959 4382 ἀνάγκη
3009 4313 3159 4366 πᾶσα
3195 4312 3288 4366 τὸν
3318 4310 3458 4364 κατά
3496 4310 3671 4377 φύσιν

2083 4403 2271 4474 ’ἐτερον
2315 4399 2451 4456 εἶναι
2483 4404 2615 4473 παρ’
2662 4402 2859 4468 αὐτοὺς
2906 4404 3001 4457 καὶ
3046 4401 3188 4457 κατά
3216 4401 3316 4473 τὴν
3358 4402 3543 4456 οὐσίαν
3577 4403 3675 4468 ἐξ-

410 4518 522 4557 sns.
551 4501 607 4556 Si
643 4518 772 4573 ergo
802 4502 893 4557 ﬁlii
917 4503 1170 4573 adoptitii
1204 4514 1331 4560 sunt
1355 4515 1645 4576 creaturae,
1713 4511 1973 4569 naturalis

2086 4492 2444 4565 ηλλαγμένον.
2480 4492 2543 4555 Ei
2571 4493 2750 4548 τοίνυν
2780 4496 2829 4547 οἱ
2869 4494 3012 4549 κατά
3049 4493 3199 4547 θέσιν
3227 4494 3331 4547 υἱοὶ
3359 4493 3672 4563 κτίσματα,

410 4605 564 4649 certe
617 4607 872 4650 creatura
910 4608 1007 4651 aut
1051 4610 1188 4666 opus
1235 4613 1342 4653 non
1391 4598 1498 4653 erit

409 4687 552 4741 idem
587 4687 693 4741 erit
718 4702 839 4742 cum
876 4688 1175 4759 adoptitiis.

1075 4778 1312 4835 ALIUD.

480 4872 537 4926 Si
569 4871 725 4941 juxta
753 4886 874 4937 vos,
898 4886 931 4926 ο
957 4872 1166 4938 Ariani,
1199 4871 1374 4929 Filius
1418 4872 1515 4928 Dei
1561 4882 1647 4931 est
1682 4885 1930 4932 creatura
1962 4918 1980 4946 ,

411 4965 463 5018 in
514 4977 621 5033 qua
676 4962 843 5033 igitur
883 4964 1147 5033 sapientia
1198 4964 1375 5020 lactus
1423 4966 1553 5020 est?
1586 4975 1681 5021 ant
1733 4983 1981 5037 quaenam

410 5068 603 5107 manus
632 5052 805 5122 ipsum
839 5061 967 5120 post
999 5052 1104 5105 alia
1127 5052 1370 5107 creavit?
1401 5052 1675 5121 Scriptum
1695 5065 1780 5108 est
1797 5054 1979 5110 enim:

414 5164 433 5195 ι
468 5145 663 5200 Omnia
732 5144 784 5199 in
827 5143 1091 5212 sapientia
1146 5143 1322 5199 fecisti
1354 5145 1400 5176 ⁸⁸
1425 5185 1439 5199 .
1485 5163 1506 5197 ι
1572 5144 1638 5199 Ει
1679 5145 1824 5201 Deus
1863 5146 1982 5213 ipse

410 5236 607 5291 alicubi
640 5236 718 5290 ait
758 5251 772 5289 :
814 5254 833 5286 ι
880 5234 1071 5290 Manus
1128 5249 1245 5289 mea
1299 5234 1423 5291 fecit
1468 5236 1649 5292 omnia
1694 5237 1809 5293 hanc
1850 5238 1918 5295 “.
1959 5256 1978 5290 ι

408 5327 594 5396 Atqui,
616 5326 660 5381 si
689 5325 871 5380 omnia
901 5326 954 5379 in
979 5325 1243 5393 sapientia
1268 5337 1323 5380 et
1352 5342 1512 5381 manu
1542 5326 1633 5382 Dei
1664 5327 1804 5382 facta
1828 5337 1979 5394 sunt,

412 5426 467 5471 et
500 5432 652 5470 sacra
690 5416 972 5487 Scriptura
1004 5418 1070 5471 de
1100 5416 1192 5471 Dei
1227 5415 1403 5473 Verbo
1457 5419 1655 5486 passim
1701 5421 1981 5489 prmdicat,

413 5508 555 5575 quod
591 5524 608 5557 ι
660 5506 849 5562 Omnia
888 5522 982 5577 per
1026 5507 1199 5578 ipsum
1258 5509 1396 5563 facta
1435 5518 1604 5574 sunt.
1640 5519 1692 5566 et
1722 5512 1839 5566 sine
1868 5511 1985 5581 ipso

1547 4617 1564 4656 :
1618 4615 1742 4657 nam
1786 4602 1983 4675 alioqui

484 5682 531 5717 "
560 5681 753 5750 Ephes.
787 5701 837 5748 ν,
866 5684 955 5738 27.
1032 5686 1076 5718 ⁷⁸
1107 5684 1148 5740 Il
1171 5685 1291 5739 Cor.
1324 5701 1376 5752 ν,
1416 5687 1500 5740 l7.
1579 5687 1664 5741 ὀἱ
1699 5688 1840 5743 Τίιιι.
1873 5704 1931 5751 ιι,
1957 5688 2013 5741 5.

413 5754 461 5787 ⁸⁵
497 5752 653 5812 Joan.
679 5769 795 5824 vm,
831 5756 916 5810 56.
996 5757 1039 5788 ⁸⁸
1075 5754 1212 5813 Psal.
1249 5772 1363 5824 cm,
1399 5758 1488 5812 Ἡ.
1566 5761 1610 5791 ⁸⁸
1642 5760 1743 5815 lsa.
1786 5774 1929 5827 Lxu,
1964 5758 2016 5812 2.

2088 4586 2118 4637 6
2143 4585 2283 4644 κατά
2317 4583 2481 4653 φύσιν
2511 4585 2611 4639 οὑκ
2638 4585 2791 4645 ἔσται
2820 4587 3025 4657 κτίσμα
3056 4586 3089 4659 ἢ
3130 4586 3364 4658 ποίημα,
3399 4586 3487 4639 ἶνα
3521 4586 3605 4658 μὴ
3640 4588 3675 4641 ὁ

2088 4679 2251 4743 αὑτὸς
2282 4678 2501 4753 ὑπάρχῃ
2526 4683 2640 4742 τοῖς
2669 4681 2810 4734 κατά
2844 4679 3015 4735 θέσιν.

2752 4772 2956 4828 ΑΛΛΟ.

2159 4864 2243 4928 Et,
2274 4861 2396 4917 καθ’
2428 4863 2592 4934 ὑμᾶς,
2639 4857 2685 4916 ὦ
2723 4864 3012 4935 Ἀρειανοὶ,
3062 4864 3268 4935 κτίσμα
3298 4863 3449 4918 ἐστὶν
3477 4866 3506 4918 6
3531 4866 3676 4931 Υίδς

2088 4954 2183 5009 τοῦ
2213 4954 2350 5008 Θεοῦ
2370 4994 2386 5019 ,
2421 4957 2479 5009 ὲν
2512 4955 2643 5026 ποίᾳ
2668 4955 2891 5025 γέγονεν
2922 4955 3032 5027 ἄρα
3067 4957 3269 5028 carpta;
3303 4957 3433 5011 ποία
3453 4957 3510 5010 δὲ
3540 4960 3677 5029 χεὶρ

2089 5049 2124 5119 ἡ
2159 5048 2254 5102 καὶ
2286 5046 2449 5101 αὑτὸν
2498 5046 2637 5118 μετά
2684 5048 2792 5101 τῶν
2823 5048 2999 5102 ἄλλων
3044 5048 3531 5120 δημιουργήσασας
3569 5051 3678 5103 Γέ-

2089 5157 2333 5211 γραπται
2359 5139 2490 5211 γὰρ,
2527 5140 2609 5193 ὅτι
2645 5139 2868 5194 «Πάντα
2898 5142 2956 5193 ὲν
2983 5140 3145 5210 σοφίᾳ
3179 5140 3461 5211 ἐποίησας.
3498 5159 3516 5190 ι
3551 5141 3676 5193 Καὶ

2092 5233 2256 5296 αὐτὸς
2279 5232 2338 5286 δέ
2370 5232 2472 5287 πού
2502 5250 2667 5303 φησιν
2707 5236 2736 5288 6
2764 5232 2896 5296 Θεός
2917 5249 2931 5265 ⁸
2975 5251 2994 5285 ι
3036 5232 3100 5285 Ἦ
3139 5231 3262 5303 χείρ
3293 5249 3395 5303 μου
3439 5231 3675 5301 ἐποίησε

2089 5325 2263 5381 ταῦτα
2292 5326 2490 5380 πάντα.
2530 5345 2550 5378 ι
2586 5324 2698 5379 Καὶ
2728 5328 2775 5378 εἰ
2805 5325 2986 5379 πάντα
3008 5326 3065 5377 ὲν
3094 5324 3257 5394 σοφίᾳ
3290 5323 3385 5376 καὶ
3407 5339 3486 5393 χει
3497 5322 3552 5390 pl
3574 5323 3677 5389 γέ-

2089 5437 2213 5489 γονε
2245 5419 2404 5485 Θεοῦ,
2452 5421 2507 5473 αἱ
2541 5418 2599 5473 δὲ
2623 5418 2764 5472 θεῖαι
2796 5416 3012 5488 Γραφαὶ
3042 5416 3174 5486 περὶ
3198 5414 3295 5469 τοῦ
3324 5413 3459 5468 Θεοῦ
3491 5414 3679 5481 Λόγου

2093 5512 2308 5583 βοῶσιν,
2336 5512 2419 5565 ὅτι
2460 5530 2477 5564 ι
2500 5512 2687 5567 Πάντα
2713 5510 2779 5564 δι’
2807 5507 2974 5563 αὐτοῦ
2999 5507 3238 5577 ἐγένετο,
3263 5506 3359 5561 καὶ
3381 5505 3550 5577 χωρὶς
3571 5506 3676 5558 αὑο

2090 5690 2131 5721 ⁸⁸
2174 5690 2273 5747 lsa.
2316 5704 2468 5755 um,
2499 5688 2552 5743 9.
2631 5689 2678 5721 "
2717 5685 2853 5745 Gen.
2887 5700 2971 5753 ιιι,
3003 5684 3089 5741 l9.
3166 5685 3211 5717 ⁸³
3246 5682 3409 5739 Mich.
3440 5696 3538 5747 vn,
3584 5680 3675 5736 18.
