3882 6210
125 406 241 463 9.85

1506 396 1945 457 THESAURUS.

3270 380 3377 434 286

125 526 225 578 τοῦ
258 524 471 593 ἐγένετο
498 523 619 576 οὐδὲ
644 523 702 576 ’ἐν
723 538 735 550 ”
765 524 864 576 οὐκ
885 523 953 577 ἂν
979 523 1065 593 εἴη
1097 523 1198 593 τῆς
1225 522 1319 576 τοῦ
1348 524 1486 577 Θεοῦ
1516 523 1711 592 σοφίας
1737 566 1746 583 .

1856 529 2015 573 ιοιιιιιι
2049 527 2131 571 est
2165 514 2297 570 nihil
2320 514 2402 565 δτι
2443 530 2461 562 ι
2498 518 2646 565 certe
2678 505 2846 561 Filius
2869 500 3095 557 nouerit
3124 514 3259 569 opus
3285 515 3375 553 sa-

128 616 295 685 ἔργον
328 615 356 667 ὁ
389 614 517 675 Υἱός
536 629 552 649 ν
584 613 720 667 ἀλλὰ
749 613 947 683 μᾶλλον
979 613 1140 676 αὐτός
1171 614 1317 666 ἐστιν
1342 613 1377 683 ἠ
1414 614 1577 682 σοφία
1605 613 1703 665 καὶ

1860 615 2019 668 entia:
2043 613 2134 667 Dei
2158 652 2174 677 ,
2198 610 2290 666 sed
2319 610 2433 677 ipse
2456 606 2637 675 potius
2664 610 2748 657 est
2781 597 3070 667 sapientia,
3098 604 3153 649 et
3185 607 3377 646 manus

127 707 163 775 ἠ
199 707 344 777 χεὶρ,
370 705 439 758 δι’
466 700 532 775 ἦς
558 706 626 758 τὰ
664 704 841 758 πάντα
869 704 999 768 Θεὸς
1036 704 1345 775 ἐργάζεται.
1396 702 1607 759 Οὐκοῦν
1641 703 1703 756 οὐ

1856 723 1904 763 :r
1932 721 2092 777 quam
2129 705 2269 759 Deus
2287 700 2473 755 omnia
2505 707 2785 769 operatur.
2815 691 2930 747 Non
2971 698 3056 746 est
3081 701 3211 759 ergo
3226 698 3380 742 crea-

130 803 365 871 κτίσμα,
392 801 509 854 οὐδὲ
542 799 753 869 ποίημά
773 801 940 853 ἐστιν.

147 910 709 990 Ἐπετηρὴσειςῂπὸ
740 909 1036 990 ζῆιςιᾷείας
1057 907 1345 990 ηραερῇς,Δ
1364 906 1453 961 ὅτι
1482 908 1595 977 οὐχ
1621 902 1709 990 εἷς

207 981 329 1060 τῷν
341 976 704 1060 ξκτιρςμάτων
734 976 959 1060 όρζίὸς,
1000 979 1159 1033 ἀλλὰ
1178 976 1424 1049 μᾶλλον
1453 976 1710 1045 ποιητὴς

210 1050 413 1105 αὐτῶν
436 1051 673 1118 λέγεται
692 1050 791 1104 καί
811 1050 1003 1103 ἐστιν.

215 1166 280 1217 Οἱ
310 1166 365 1217 ἐν
393 1162 672 1217 Βαϐυλῶνι
698 1163 906 1217 νεανίαι
928 1163 1129 1228 πᾶσαν,
1146 1162 1223 1225 ὡς
1251 1160 1381 1225 ἔπος
1407 1158 1713 1229 εἰπεῖν,τὴν

138 1259 325 1311 κτίσιν
356 1255 839 1328 ἐξαριθμούμενοι,
872 1255 942 1308 τά
973 1272 1034 1308 τε
1079 1256 1135 1307 ὲν
1173 1256 1286 1317 τοῖς
1329 1255 1578 1324 οὐρανοῖς
1618 1252 1715 1304 καὶ

138 1350 217 1402 τὰ
252 1348 347 1401 ἐπὶ
387 1351 486 1418 τῆς
537 1348 639 1417 γῆς
682 1346 1104 1410 καταλέγοντες,
1152 1346 1248 1399 καὶ
1296 1344 1445 1415 παρὰ
1498 1344 1717 1397 πάντων

142 1440 438 1510 ὑμνεῖσθαι
461 1439 569 1491 δεῖν
593 1439 890 1508 φάσκοντες
917 1438 1006 1491 τὸν
1030 1437 1183 1502 Θεὸν,
1214 1435 1449 1507 οὐδαμοῦ
1476 1436 1568 1488 τὸν
1591 1434 1719 1487 Υίὸν

143 1535 207 1584 ὲν
234 1534 346 1593 τοῖς
378 1530 615 1598 εὐλογεῖν
646 1530 917 1599 ὀφείλουσι
944 1528 1397 1592 κατατάττουσιν,
1423 1526 1543 1580 οὐδὲ
1571 1525 1720 1596 εἰρή-

145 1640 345 1677 κασιν·
380 1622 681 1690 Εὐλογείτω
721 1623 750 1674 6
789 1621 960 1690 Λόγος
985 1621 1018 1691 ἢ
1046 1623 1079 1691 ἠ
1114 1621 1277 1689 σοφία
1309 1618 1404 1672 τοῦ
1449 1617 1583 1671 Θεοῦ
1631 1616 1723 1669 τὸν

149 1717 379 1785 Κύριον.
415 1715 554 1768 Ἀλλ’
602 1715 800 1777 εἰδότες
844 1715 927 1767 ὃτι
976 1715 1112 1784 μετὰ
1166 1712 1378 1782 Πατρὸς
1425 1713 1523 1783 τὴν
1556 1729 1725 1782 προσ-

149 1808 383 1877 κύνησιν
412 1806 544 1876 ἔχει,
575 1806 790 1859 πάντων
829 1804 966 1875 ὁμοῦ
1015 1805 1124 1857 τῶν
1149 1804 1466 1874 κτισμάτων
1492 1804 1722 1874 ποιησά-

1812 809 1933 855 tura
1960 842 1976 866 ,
2014 798 2096 853 vel
2120 811 2254 866 opus

1813 915 1973 998 169
2006 892 3380 998 οιερετυαιίοιεεξίξξεῖα,ἕάιέιτ.ίξέίῐέξῖί¹ειξῗὲῗ,⁸ξε

1884 965 1987 1039 πη
2015 965 2271 1036 ait-lunas
2301 988 2365 1034 ea:
2391 977 2671 1040 creaturis,
2692 975 2783 1028 sed
2814 965 2988 1042 potius
3020 965 3128 1037 ipse
3169 965 3381 1019 illarum

1881 1066 2086 1109 creator
2127 1053 2319 1106 dicitur
2352 1058 2401 1102 et
2439 1058 2534 1102 est.

1885 1165 2268 1223 Adolescentes
2321 1157 2397 1213 illi
2444 1152 2778 1223 Babylonici,
2821 1164 2943 1205 cum
3004 1159 3194 1200 omnes
3254 1156 3383 1211 pro-

1815 1258 2099 1331 pemodum
2158 1261 2435 1308 creaturas
2494 1252 2868 1309 recenserent,
2925 1241 3106 1294 omnia
3162 1252 3282 1306 qua:
3333 1235 3384 1287 iu

1818 1327 1972 1407 cmlis
2014 1357 2069 1404 et
2110 1347 2163 1401 in
2204 1352 2348 1404 terra
2385 1351 2512 1398 sunt
2545 1343 2949 1398 enumerantes,
2996 1332 3270 1398 Deumque
3318 1327 3389 1380 ab

1818 1440 2069 1499 onmibus
2098 1437 2361 1493 celebrari
2393 1442 2646 1502 oportere
2681 1429 2941 1490 dicentes,
2990 1434 3256 1499 nusquam
3294 1416 3388 1471 Fi-

1820 1534 1951 1589 lium
1974 1531 2113 1584 inter
2133 1542 2195 1582 ea
2218 1525 2486 1581 collocant
2505 1535 2624 1590 qua;
2642 1520 2806 1573 Deum
2828 1513 3146 1569 benedicere
3162 1509 3388 1563 debent:

1824 1636 1996 1692 neque
2042 1620 2295 1673 dixerunt
2331 1633 2345 1669 :
2390 1613 2678 1667 Benedicat
2710 1608 2944 1662 Verbum
2994 1613 3089 1657 aut
3130 1598 3394 1669 sapientia

1828 1687 1924 1765 Dei
1968 1708 2276 1764 Dominum.
2317 1703 2421 1757 Sed
2472 1716 2595 1755 cum
2640 1698 2845 1752 scirent
2887 1692 3029 1763 quod
3068 1705 3191 1744 cum
3236 1687 3398 1741 Patre

1827 1805 2102 1864 adoretur,
2131 1797 2369 1854 oumium
2402 1792 2561 1848 simul
2595 1799 2971 1845 creaturarum
3007 1784 3285 1839 mentione
3313 1780 3398 1834 [ιι-ν

155 1916 311 1967 μενοι
336 1899 576 1968 μνήμην,
612 1895 885 1949 σιωπῶσιν
919 1895 1082 1949 αὐτὸν
1119 1894 1194 1957 ὡς
1226 1894 1503 1963 Δεσπότην
1531 1897 1626 1948 καὶ
1647 1896 1723 1959 ὡς

1860 1904 1931 1957 ta,
1973 1891 2147 1961 ipsum
2185 1888 2403 1943 silentio
2451 1890 2803 1954 praetereunt,
2856 1887 2919 1933 ut
2967 1876 3256 1931 Dominum
3312 1871 3400 1926 cui

153 1992 518 2060 ὑμνούμενον.
552 1989 717 2041 Οὐδὲν
746 1987 802 2039 δὲ
831 1982 993 2059 ἦττον
1032 1986 1128 2040 καὶ
1156 1988 1185 2039 6
1218 1986 1484 2057 μακάριος
1522 1985 1723 2056 Ψαλμ-

151 2082 297 2158 ῳδδς
323 2081 578 2143 πολλάκις
606 2079 891 2149 ὑμνεῖσθαι
934 2077 1169 2133 κελεύων
1196 2078 1286 2131 τὸν
1317 2077 1468 2142 Θεὸν,
1495 2076 1591 2131 καὶ
1614 2079 1721 2130 πᾶ-

157 2189 263 2224 σαν
286 2170 570 2241 ὀνομάζων
598 2170 695 2240 τὴν
724 2168 900 2222 κτίσιν
922 2209 938 2234 ,
963 2167 1310 2238 λειτουργούς
1338 2184 1399 2223 τε
1433 2167 1528 2220 καὶ
1559 2167 1727 2235 ἀγγέ-

151 2267 308 2327 λους,
326 2265 419 2317 καὶ
432 2262 804 2334 δυνάμεις,καὶ
822 2261 1087 2333 οὐρανοὺς
1107 2260 1372 2340 οὐρανῶν,
1386 2260 1480 2320 καὶ
1502 2260 1729 2328 σελήνην

156 2355 261 2409 καὶ
283 2355 455 2425 ἥλιον,
480 2353 555 2416 ὡς
578 2352 736 2411 δοῦλα
760 2354 825 2422 τῇ
852 2350 946 2411 τοῦ
975 2349 1110 2403 Θεοῦ
1142 2350 1507 2420 προσκυνήσει
1533 2350 1730 2419 χρῆναι

154 2448 273 2505 δεῖν
303 2444 621 2499 ὑποκεῖσθαι
646 2443 840 2513 λέγων,
857 2440 1093 2511 οὐδαμοῦ
1124 2441 1224 2512 μὲν
1246 2443 1303 2493 έν
1333 2440 1542 2503 τούτοις
1564 2457 1732 2494 κατα-

157 2539 351 2593 τάττει
396 2537 488 2590 τὸν
530 2536 682 2599 Υίὸν,
727 2533 841 2588 ἀλλ’
885 2533 950 2586 ὲκ
977 2531 1085 2585 τῶν
1135 2532 1391 2585 ἐναντίων
1434 2531 1527 2585 καὶ
1562 2547 1733 2606 προσ-

157 2629 445 2685 κυνεῖσθαι
490 2627 700 2682 κελεύει
753 2625 931 2697 βοῶν⁸
983 2642 1003 2675 ι
1032 2624 1147 2678 Καὶ
1200 2622 1736 2693 προσκυνησάτωσαν

156 2721 318 2792 αὐτῷ
359 2720 560 2784 πάντες
599 2718 817 2788 ἄγγελοι
865 2715 1022 2771 Θεοῦ.
1065 2735 1083 2767 ι
1129 2716 1192 2767 El
1223 2714 1280 2767 δὲ
1312 2716 1464 2768 πᾶσα
1495 2715 1529 2784 ὴ
1564 2713 1738 2776 κτίσις

160 2814 487 2883 προσκυνεῖ,
522 2810 906 2881 προσκυνεῖται
934 2805 989 2858 δὲ
1014 2808 1041 2859 ὁ
1065 2805 1213 2868 Υἱὸς,
1265 2804 1363 2856 οὐκ
1396 2803 1505 2873 ἄρα
1534 2802 1741 2870 κτίσμα

162 2904 340 2962 ἐστὶν,
384 2899 521 2953 ἀλλὰ
568 2900 693 2963 Υἱὸς
723 2895 974 2968 ἀληθινὸς
1013 2893 1151 2966 μετὰ
1189 2892 1285 2947 τοῦ
1329 2892 1540 2967 Πατρὸς
1571 2909 1741 2963 προσ-

164 2994 337 3045 κυνού
344 3008 526 3062 μενος.

162 3108 516 3163 ΔΛΛΟ.”Οτι
543 3106 744 3173 ἕτερός
773 3106 903 3173 ἐστι
931 3102 1091 3170 παρὰ
1111 3101 1185 3173 τά
1211 3100 1509 3169 κτῖσματα
1531 3101 1562 3153 ὁ
1591 3097 1744 3163 Υἱὸς,

561 3170 657 3229 καί
681 3170 792 3244 οὺχ
814 3170 901 3239 εἷς
927 3174 1045 3227 τῶν
1072 3171 1337 3227 πάντων.

249 3294 437 3346 Πάντα
463 3291 551 3345 διὰ
578 3290 671 3343 τοῦ
688 3288 823 3343 Θεοῦ
851 3288 1025 3357 Λόγου
1050 3283 1383 3354 πεποιῆσθαι
1408 3280 1749 3352 σημαίνουσα

174 3387 276 3447 καὶ
323 3387 357 3455 ἡ
391 3384 508 3437 θεία
552 3380 745 3453 Γραφὴ
770 3423 784 3447 ,
830 3379 975 3434 οὓτω
1008 3378 1173 3448 φησί·
1212 3399 1229 3428 ι
1270 3374 1455 3428 Πάντα
1486 3373 1551 3425 δι’
1585 3370 1749 3426 αὐτοῦ

175 3477 418 3544 ἐγένετο.
452 3496 469 3527 ι
500 3474 609 3527 Καὶ
636 3475 795 3528 πάλιν
815 3490 828 3503 ’
865 3492 883 3524 ι
918 3466 1010 3534 Εἷς
1030 3470 1232 3541 Κύριος
1265 3466 1471 3538 Ἰησοῦς
1495 3462 1748 3535 Χριστὸς,

176 3569 250 3621 δι’
281 3561 344 3620 οῦ
379 3568 448 3620 τὰ
478 3567 676 3621 πάντα.
718 3584 737 3617 ι
779 3566 837 3619 '0
864 3563 921 3616 δέ
961 3579 1025 3631 γε
1056 3560 1267 3623 Παῦλος
1303 3556 1608 3629 τρανότατα
1645 3553 1754 3606 τῶν

182 3662 405 3714 πάντων
435 3658 592 3712 αὐτὸν
622 3656 962 3719 διαστέλλων,
996 3654 1174 3722 λέγει’
1208 3670 1226 3703 ι
1259 3651 1373 3703 Ζῶν
1402 3648 1511 3718 γάρ
1530 3648 1558 3699 6
1586 3644 1757 3712 Λόγος

181 3753 282 3807 τοῦ
304 3749 439 3803 Θεοῦ
469 3751 561 3803 καὶ
590 3748 838 3821 ἐνεργὴς,
860 3747 954 3800 καὶ
974 3744 1282 3815 τομώτερος
1299 3742 1438 3813 ὑπὲρ
1455 3741 1632 3793 πᾶσαν
1651 3737 1753 3808 μάο

184 3860 390 3915 χαιραν
412 3842 684 3911 δίστομον,
709 3840 803 3892 καὶ
828 3840 930 3891 οὐκ
953 3836 1066 3889 ἐστι
1094 3835 1268 3897 κτίσις
1286 3831 1496 3902 ἀφανὴς
1527 3829 1758 3883 ἐνώπιον

188 3934 396 3989 αὐτοῦ·
444 3934 619 3985 πάντα
666 3932 725 3987 δὲ
765 3930 945 3999 γυμνὰ
991 3928 1084 3982 καὶ
1134 3922 1601 3995 τετραχηλισμένα
1648 3920 1760 3984 τοῖς

187 4025 491 4094 ὀφθαλμοῖς
525 4022 714 4074 αὐτοῦ.
758 4038 776 4070 ι
815 4020 877 4072 Ei
904 4016 1082 4071 τοίνυν
1115 4016 1332 4068 πάντων
1359 4012 1476 4064 ἐστὶ
1510 4008 1760 4079 ποιητὴς,

191 4119 288 4170 καὶ
315 4117 490 4169 πάντα
515 4112 741 4166 ἐνώπιον
768 4110 930 4164 αὐτοῦ
958 4106 1378 4178 τετραχήλισται
1404 4144 1418 4169 ,
1450 4104 1551 4156 οὐκ
1580 4102 1646 4155 ἂν
1673 4103 1761 4172 εἴη

188 4209 305 4271 τῶν
337 4208 554 4261 πάντων
582 4200 661 4268 εἷς
695 4205 725 4257 6
765 4202 969 4256 τούτων
999 4202 1246 4271 ποιητής,
1279 4198 1389 4251 Καὶ
1419 4190 1462 4264 ᾧ
1490 4195 1558 4248 τά
1585 4194 1765 4247 πάντα

192 4300 381 4371 γυμνᾶ
425 4299 516 4351 καὶ
552 4295 1017 4368 τετραχηλισμένα
1063 4292 1233 4354 ἐστὶν,
1262 4291 1364 4343 οὐκ
1410 4289 1476 4341 ἂν
1526 4286 1764 4354 εὐλόγως

194 4394 465 4462 ὑπάρχειν
510 4393 680 4443 νοοῖτο
714 4387 820 4440 τῶν
851 4383 1378 4461 τετραχηλισμένων.
1427 4382 1514 4433 Ἐν
1543 4380 1620 4450 τῷ
1655 4380 1763 4448 γάρ

194 4485 377 4554 λέγειν
412 4484 484 4539 τὰ
518 4480 713 4535 πάντα
735 4518 750 4543 ,
792 4477 944 4531 οὐδὲν
984 4477 1193 4547 ἀφῆκεν
1242 4474 1397 4537 ἐκτός
1419 4490 1432 4503 ·
1467 4473 1561 4523 καὶ
1609 4472 1657 4523 εἱ
1709 4470 1767 4521 ὲν

1824 1985 2127 2042 benedictio
2168 1990 2224 2038 et
2270 1980 2388 2035 laus
2440 1978 2719 2033 debeatur.
2774 1972 2952 2028 Nihilo
2991 1981 3168 2024 autem
3224 1966 3404 2022 secius

1827 2082 2017 2134 beatus
2044 2076 2328 2131 Psalmista
2356 2083 2731 2141 smpenumero
2757 2065 2964 2119 laudari
2992 2062 3161 2116 Deum
3183 2060 3405 2130 jubeus,

1826 2185 2017 2226 oumes
2049 2179 2332 2223 creaturas
2363 2177 2590 2226 vocans,
2639 2159 2937 2223 ministros,
2983 2166 3037 2211 et
3070 2152 3309 2224 angelos,
3339 2165 3407 2214 ac

1829 2272 2144 2334 potestates,
2175 2268 2229 2313 et
2261 2256 2429 2317 cmlos
2472 2254 2758 2315 ccelorum,
2793 2258 2849 2304 et
2896 2251 3079 2302 lunam
3112 2261 3172 2300 ac
3212 2243 3407 2305 solem,

1831 2354 2016 2408 dicens
2046 2351 2241 2405 debere
2284 2356 2342 2401 ut
2384 2359 2571 2400 servos
2610 2340 2979 2401 adorationem
3025 2335 3137 2391 Deo
3170 2334 3405 2397 deferre,

1833 2444 2038 2502 nullum
2067 2443 2211 2496 inter
2251 2445 2432 2493 creata
2468 2435 2642 2497 locum
2674 2430 2863 2487 statuit
2894 2427 3049 2493 Filio,
3100 2427 3193 2482 sed
3223 2439 3253 2479 e
3284 2438 3399 2478 cou-

1835 2536 2002 2590 trario
2049 2529 2261 2586 adorari
2303 2528 2468 2581 etiam
2509 2523 2663 2591 jubet
2703 2521 2989 2576 clamans:
3021 2536 3039 2569 ι
3075 2517 3141 2572 Et
3183 2514 3415 2568 adorent

1836 2640 1957 2679 eum
1988 2636 2176 2677 omnes
2209 2617 2380 2686 angeli
2420 2615 2512 2670 Dei
2539 2615 2606 2668 ⁸⁸.
2643 2631 2662 2666 ι
2696 2612 2753 2667 Si
2789 2624 2919 2665 vero
2952 2608 3130 2663 omnis
3167 2613 3415 2660 creatura

1838 2717 2049 2777 adorat,
2084 2712 2251 2767 Filius
2286 2719 2464 2763 autem
2498 2708 2786 2767 aduratur,
2828 2717 2935 2756 non
2969 2700 3137 2771 igitur
3164 2705 3417 2753 creatura

1840 2817 1946 2869 εει,
1982 2805 2075 2857 sed
2104 2814 2264 2855 verus
2295 2798 2462 2855 Filius
2487 2795 2648 2850 simul
2680 2809 2801 2849 cum
2830 2790 2991 2847 Patre
3020 2789 3298 2843 adoratus.

1850 3080 2083 3148 ALIUD.
2115 3090 2268 3155 Quod
2299 3086 2533 3141 diversus
2564 3084 2630 3137 sit
2672 3076 2985 3159 ocreaturis
3018 3072 3212 3140 Filius,
3245 3082 3292 3126 et
3320 3087 3422 3127 non

2420 3169 2556 3207 unus
2592 3164 2847 3205 animum.

1926 3275 2112 3331 Divina
2161 3271 2325 3326 etiam
2354 3268 2635 3337 Scriptura
2679 3280 2801 3319 cum
2842 3261 3022 3316 omnia
3063 3273 3159 3329 per
3191 3257 3427 3312 Verbum

1857 3369 1951 3425 Dei
1986 3368 2125 3421 facta
2153 3378 2275 3419 esse
2302 3361 2592 3429 signiﬁcat,
2616 3359 2687 3412 ita
2716 3358 2793 3410 ait
2819 3374 2833 3408 :
2865 3372 2884 3406 ι
2908 3354 3099 3409 Omnia
3130 3366 3224 3420 per
3253 3350 3429 3418 ipsum

1857 3462 1996 3516 facta
2029 3466 2153 3514 sunt
2182 3455 2248 3507 ⁸⁸.
2283 3474 2301 3506 ι
2348 3452 2411 3506 Ει
2455 3464 2687 3505 rursus:
2727 3466 2746 3497 ι
2782 3444 2935 3501 Unus
2982 3441 3245 3497 Dominus
3272 3438 3433 3494 Jesus

1858 3551 2127 3613 Christus,
2158 3560 2255 3615 per
2280 3557 2438 3613 quem
2468 3539 2650 3594 omnia
2670 3536 2737 3591 '°.
2772 3555 2792 3588 ι
2830 3533 3028 3589 Paulus
3064 3543 3242 3587 autem
3272 3545 3434 3599 aper-

1860 3642 2069 3698 tissime
2094 3638 2246 3694 illum
2274 3637 2342 3690 ah
2373 3631 2627 3688 omnibus
2657 3642 2937 3697 separans,
2968 3626 3097 3680 dicit
3130 3642 3145 3678 :
3186 3641 3205 3675 ι
3240 3622 3431 3676 Vivum

1863 3736 2004 3792 enim
2038 3741 2142 3797 est,
2172 3739 2334 3799 atque
2353 3725 2541 3780 ellicax
2568 3721 2792 3776 verbmn
2825 3719 2944 3783 Dei,
2967 3727 3022 3773 et
3046 3714 3435 3787 penetrabilius

1863 3825 2004 3882 omni
2032 3821 2210 3894 gladio
2239 3817 2461 3888 ancipiti
2494 3833 2510 3871 :
2542 3824 2597 3870 et
2627 3829 2732 3869 non
2762 3821 2843 3866 est
2865 3811 2970 3865 ulla
3009 3818 3258 3864 creatura
3293 3804 3436 3863 invi-

1865 3917 2037 3974 sibilis
2062 3915 2113 3969 in
2136 3919 2423 3981 conspectu
2448 3907 2586 3976 ejus,
2606 3906 2786 3961 omnia
2804 3912 2983 3957 autem
3010 3902 3150 3956 nuda
3172 3908 3226 3953 et
3249 3907 3436 3967 aperta

1866 4018 1993 4064 sunt
2026 4005 2197 4061 oculis
2225 4006 2342 4071 ejus
2380 4002 2447 4054 ⁹¹.
2485 4020 2503 4052 ι
2553 3998 2610 4053 Si
2647 4012 2774 4067 ergo
2807 3995 3048 4051 omnium
3083 4002 3297 4047 creator
3329 4000 3435 4052 est,

1867 4115 1922 4161 et
1951 4101 2134 4157 omnia
2182 4107 2306 4154 sunt
2340 4098 2483 4151 nuda
2529 4094 2581 4148 in
2616 4091 2788 4147 oculis
2830 4088 2966 4157 ejus,
3003 4094 3150 4141 certe
3184 4098 3288 4138 non
3334 4081 3442 4136 erit

1869 4210 2008 4250 unus
2034 4191 2299 4252 omnium,
2324 4189 2414 4258 qui
2447 4186 2689 4242 omnium
2734 4190 2948 4237 creator
2978 4188 3083 4233 est.
3110 4175 3178 4229 Et
3206 4175 3292 4229 cui
3318 4187 3439 4227 om-

1871 4287 1958 4340 uia
1995 4283 2132 4338 nuda
2166 4290 2329 4350 atque
2360 4287 2544 4346 aperta
2573 4284 2719 4338 sunt,
2750 4288 2856 4327 non
2886 4270 2989 4325 erit
3016 4282 3155 4322 unus
3188 4266 3254 4321 de
3284 4263 3442 4318 nudis

1872 4391 2031 4447 atque
2071 4374 2289 4444 apertis.
2336 4370 2469 4424 Nam
2517 4384 2637 4422 cum
2685 4364 2818 4419 dicit
2858 4362 3057 4422 omnia,
3109 4357 3240 4411 nihil
3285 4365 3441 4408 extra

1872 4470 2058 4522 omisit
2103 4482 2118 4520 :
2179 4464 2325 4534 atqui
2377 4463 2422 4517 si
2479 4460 2606 4516 solm
2656 4463 2919 4512 creatura:
2963 4451 3201 4505 efﬁciunt
3239 4446 3443 4510 omnia,

200 4549 386 4649 μόνοις
406 4578 519 4637 τοῖς
552 4573 807 4643 κτίσμασι
832 4570 1134 4641 πληροῦται
1159 4568 1229 4621 τὰ
1257 4566 1452 4628 πάντα,
1486 4565 1672 4632 ἕτερος
1701 4562 1746 4615 ἂ·

1870 4573 2014 4615 certe
2045 4560 2289 4613 diversus
2323 4556 2428 4608 crit
2457 4554 2525 4607 ab
2555 4552 2617 4605 iis
2646 4549 2842 4618 quibus
2886 4560 2988 4599 non
3037 4550 3444 4594 anlmmeratur.

2412 4646 2423 4649 -
2576 4642 2587 4649 .
2785 4639 2797 4649 .
3002 4635 3012 4644 .
3191 4633 3200 4643 .
3247 4633 3281 4649 ._
3337 4630 3410 4649 η,

200 4672 291 4738 εἴη
323 4670 451 4738 παρ’
480 4665 647 4732 αὐτὰ,
681 4666 709 4717 6
740 4663 816 4734 μὴ
844 4664 901 4716 ὲν
939 4662 1120 4724 αὐτοῖς
1149 4657 1568 4730 ἀριθμούμενος.
1616 4653 1772 4709 υῦτω

205 4761 304 4814 καὶ
332 4763 362 4813 ὁ
386 4760 654 4830 μακάριος
693 4754 903 4818 Παῦλος
925 4753 1021 4807 τοῦ
1044 4751 1240 4806 πάντα
1268 4752 1378 4803 νοεῖ
1403 4749 1500 4819 τὴν
1526 4748 1770 4817 δύναμιν.

215 4850 567 4921 Ἑρμηνεύων
618 4848 726 4918 γὰρ
768 4847 850 4910 τὸ,
908 4864 926 4895 ι
957 4845 1141 4898 Πάντα
1185 4842 1454 4907 ὑπέταξας
1498 4840 1602 4891 ὑπὸ
1647 4837 1773 4900 τοὺς

204 4945 375 5010 πόδας
400 4942 583 5001 αὐτοῦ,
617 4962 633 4991 ι
672 4939 922 5008 ἐπιφέρει
953 4935 1135 5004 σαφῶς
1157 4936 1275 4987 ’Ἐν
1301 4934 1359 4986 δὲ
1387 4931 1461 5001 τῷ
1493 4931 1670 4998 λέγειν
1702 4929 1774 4982 τὰ

205 5035 406 5090 πάντα
429 5076 441 5097 ,
477 5033 628 5085 οὐδὲν
663 5030 873 5099 ἀφῆκεν
904 5028 1051 5097 αὐτῷ
1079 5027 1468 5079 ἀνυπότακτον.
1502 5025 1564 5075 Εἰ
1594 5021 1774 5073 τοίνυν

206 5128 270 5181 τὸ
304 5126 501 5178 πάντα
531 5122 640 5176 τῶν
669 5122 803 5174 ὅλων
852 5120 969 5171 ἐστὶ
1018 5117 1379 5188 περιεκτικὺν,
1425 5116 1600 5168 πάντα
1639 5113 1695 5165 δὲ
1748 5113 1776 5164 6

211 5219 341 5281 Υἱὸς
385 5218 558 5282 ποιεῖ,
617 5214 711 5267 καὶ
760 5213 829 5265 τὰ
881 5212 1062 5264 πάντα
1107 5207 1255 5279 αὐτῷ
1316 5206 1735 5279 τετραχήλισται
1762 5247 1776 5268 ,

208 5309 313 5362 οὐκ
340 5306 404 5359 ἂν
430 5306 513 5375 εἴη
546 5302 654 5357 τῶν
686 5301 905 5354 πάντων
935 5294 1012 5362 εἷς
1034 5340 1049 5363 ,
1081 5299 1195 5352 ἀλλ’
1227 5298 1412 5367 ἕτερος
1445 5297 1573 5367 παρ’
1618 5296 1777 5349 αὐτά.

880 5392 1083 5443 ΛΛΛΟ.

288 5512 625 5578 Γέγραπται,
657 5505 738 5556 ὅτι
778 5522 795 5553 ι
829 5504 915 5555 Ἐν
945 5501 1021 5571 τῷ
1052 5502 1276 5570 ὀνόματι
1318 5498 1491 5569 Ἰησοῦ
1526 5499 1632 5550 πᾶν
1654 5497 1781 5564 γόνυ

213 5602 424 5671 κάμψει
455 5598 810 5669 ἐπουρανίων.
839 5596 933 5647 καὶ
950 5594 1227 5663 ἐπιγείων,
1250 5594 1344 5647 καὶ
1359 5591 1744 5661 καταχθονίων.
1761 5609 1778 5639 ι

289 5744 331 5779 ⁸⁷
381 5740 524 5793 Ιιιιιι.
570 5756 610 5801 ι,
643 5736 695 5788 ’5.
774 5733 818 5763 ⁸³
853 5732 991 5785 Paul.
1028 5750 1168 5799 xcvi,
1200 5734 1246 5785 7.

221 5817 309 5873 illi.
345 5812 434 5866 ~27.
510 5810 555 5842 υ
596 5805 821 5873 ιιιηιιι-ρ.
853 5820 910 5869 ιι,
944 5805 1024 5859 ιυ,

1326 5734 1367 5764 ⁸³
1402 5732 1552 5786 Joan.
1592 5747 1628 5791 ι,
1658 5731 1708 5783 ’5.

1812 5729 1856 5758 ⁹⁰
1899 5726 1912 5779 l
1947 5726 2068 5780 Cor.
2107 5739 2220 5785 vm,
2263 5718 2313 5773 6.

1880 4653 1954 4709 Ita
1988 4661 2042 4706 et
2072 4650 2267 4705 beatus
2298 4646 2495 4701 Paulus
2541 4642 2647 4695 vim
2684 4639 2830 4693 vocis
2872 4635 3047 4689 omnia
3089 4633 3304 4701 accipit.
3336 4630 3449 4683 Ex-

1882 4746 2089 4815 plicatis
2120 4742 2262 4797 enim
2294 4737 2422 4791 illud
2453 4754 2465 4789 :
2513 4753 2531 4785 ι
2560 4731 2751 4787 Omnia
2780 4725 3050 4793 subjecisti
3092 4722 3193 4777 sub
3225 4720 3451 4790 pedibus

1880 4840 2047 4902 illius,
2088 4855 2106 4888 ι
2139 4829 2414 4900 subiungit
2454 4846 2469 4882 :
2507 4845 2526 4878 ι
2563 4824 2698 4879 Cum
2731 4835 2860 4875 vero
2886 4817 3041 4879 dicit,
3073 4814 3268 4876 omnia,
3312 4810 3447 4864 nihil

1878 4929 2063 4985 omisit
2092 4926 2232 4996 quod
2264 4924 2312 4977 ei
2348 4921 2652 4987 subjectum
2694 4930 2797 4968 non
2826 4912 2897 4965 sit
2922 4913 2988 4961 ".
3031 4929 3049 4959 ι
3091 4907 3146 4959 Si
3181 4918 3311 4974 ergo
3338 4902 3452 4956 haec

1882 5041 2005 5089 vox,
2064 5020 2260 5083 omnia,
2314 5009 2727 5082 comprehendit
2777 5006 3051 5063 universa,
3099 4998 3267 5052 Filius
3322 5006 3453 5045 vero

1883 5085 2062 5169 omnia
2102 5110 2231 5165 facit
2258 5108 2548 5172 omniaque
2578 5103 2623 5155 ci
2655 5107 2781 5154 sunt
2801 5106 3006 5164 aperta,
3036 5107 3139 5145 non
3171 5088 3329 5158 170
3350 5085 3455 5141 erit

1888 5211 2067 5276 itaque
2097 5219 2232 5257 unus
2266 5199 2529 5260 omnium,
2563 5194 2654 5250 sed
2687 5192 2753 5246 ab
2789 5190 2855 5243 iis
2889 5189 3153 5242 diversus.

2560 5364 2789 5421 ALIUD.

1964 5493 2233 5561 Scriptum
2264 5499 2345 5540 est
2374 5483 2516 5554 quod
2553 5502 2570 5530 ε
2599 5482 2649 5533 in
2693 5476 2908 5529 nomine
2947 5471 3073 5526 Jesu
3115 5479 3275 5522 omne
3322 5477 3460 5532 genu

1892 5587 2156 5643 ﬂectetur,
2181 5578 2501 5639 cmlcstium,
2525 5568 2861 5626 terrestrium
2902 5574 2958 5616 ct
2992 5559 3320 5616 infernorum
3342 5555 3409 5608 ”.
3434 5570 3455 5607 ι

2394 5718 2433 5753 9‘
2468 5714 2629 5779 Hebr.
2669 5725 2740 5773 ιν,
2776 5709 2860 5768 Η,
2908 5705 2993 5761 l5.
3082 5701 3126 5732 ⁹²
3165 5697 3336 5753 lCor.
3373 5709 3459 5753 ιν.
