3882 6210
459 323 462 326 ’
494 356 606 412 εει
1526 370 1580 424 s.
1623 371 1894 428 evrum
1936 377 2041 433 ALI

2142 379 2399 435 ιΝοιιιΝι
2438 382 2754 440 ARCHIEP.
3643 398 3746 453 28‘!

507 472 565 525 Si
588 486 716 527 vero
738 471 877 528 Filio
898 490 1067 544 genua
1089 476 1397 543 ﬂectuntur,
1414 500 1517 537 non
1540 488 1645 540 erit
1664 489 1776 555 ipse
1797 504 1861 544 ex
1880 507 2041 546 eoruu

2175 496 2234 548 Ei
2261 497 2317 549 δὲ
2349 498 2426 568 τῷ
2467 499 2583 568 Υίῷ
2630 500 2871 571 κάμπτει
2902 503 3011 555 πᾶν
3054 503 3206 571 γόνυ,
3255 506 3355 558 οὐκ
3397 506 3464 560 ἂν
3508 511 3596 582 εἴη
3639 512 3746 564 τῶν

506 575 732 615 nmnero
766 562 857 631 qui
911 579 1083 634 genua
1121 565 1379 633 ﬂectunt,
1420 574 1515 624 sed
1566 574 1632 627 ab
1687 575 1752 629 iis
1804 578 2041 632 diversa:

2181 562 2683 655 καμπτόλιτωνέἷς,
2707 562 2827 644 ὶιλλν
2856 593 3040 664 ἕτερος
3064 562 3204 667 ’παρζ
3234 599 3393 652 αὐτά.
3444 562 3554 653 καὶ
3584 562 3744 657 πάλιν

503 649 714 707 Rursus
764 656 1024 724 scriptmn
1077 669 1158 713 est
1209 663 1350 729 quod
1402 682 1420 715 ι
1463 664 1652 721 Omnis
1696 681 1948 725 creatura
1993 674 2041 727 in

2178 649 2517 748 γέγραπται·
2556 702 2574 733 ι
2606 649 2729 735 "Du
2776 685 2927 738 πᾶσα
2951 649 3221 755 ,η’κτίσις
3273 693 3608 754 συστενάζει,
3654 697 3744 746 καὶ

501 743 770 810 gemiscit,
822 756 875 801 et
921 752 1151 817 parturit
1186 769 1357 823 usque
1405 771 1564 821 nunc,
1614 772 1934 827 exspectans
1990 781 2041 819 re

2177 743 2449 821 συνωδίνει
2482 769 2609 840 ἄχρι
2641 770 2736 824 τοῦ
2782 771 2895 838 νῦν,
2946 743 3352 846 ἀπεκδεχόμένη
3396 743 3743 849 τὴν-ἀπολύ-

501 835 861 904 dernptionem
893 848 947 893 et
976 840 1278 897 libertatem
1318 844 1551 900 filiorum
1583 848 1671 902 Dei
1701 850 1767 904 ".
1793 871 1811 902 ι
1848 852 1904 906 Si
1943 872 2038 908 ver

2173 875 2372 928 τρωσιν
2401 860 2508 914 τῶν
2536 862 2666 915 υἱῶν
2700 864 2795 916 τοῦ
2834 864 2991 920 Θεοῦ.
3035 887 3054 918 ι
3092 869 3156 921 Ei
3200 869 3256 921 δὲ
3294 870 3538 931 στενάζει
3576 875 3671 941 μὲν
3706 878 3737 943 η

501 923 807 995 ingemiseit
834 933 1010 987 omnis
1045 944 1315 998 creatura,
1349 946 1403 990 et
1436 949 1716 1007 exspectat
1752 944 2041 1013 redemptio

2174 923 2348 1011 κτίσις
2372 990 2386 1013 ,
2434 951 2529 1002 καὶ
2572 953 2931 1023 ἀπεκδέχεται
2973 956 3073 1024 τὴν
3105 957 3480 1027 ἀπολύτρωσιν
3508 923 3604 1011 καὶι
3643 961 3739 1027 τὴν

490 1031 621 1069 nem
650 1028 702 1072 ct
738 1018 1042 1076 liber-tatem
1078 1024 1308 1080 filiorum
1342 1027 1456 1093 Dei,
1491 1041 1546 1082 at
1577 1030 1750 1087 Filius
1783 1051 1956 1105 neque
1991 1041 2039 1092 in

2170 1039 2480 1111 ἐλευθερίαν
2507 1041 2614 1095 τῶν
2644 1018 2901 1099 υἱῶν-τοῦ
2940 1018 3076 1100 Θεοῦ
3099 1086 3113 1111 ,
3155 1048 3279 1100 οὕτε
3300 1018 3364 1101 δὲ
3404 1050 3675 1114 στενάζων
3698 1018 3739 1103 ’ὁ

487 1108 795 1175 gemiscere
826 1114 1268 1182 deprehenditur,
1303 1135 1479 1189 neque
1500 1122 1839 1190 adeptionem
1878 1142 1969 1183 aut
2005 1132 2036 1184 li

2168 1133 2295 1195 Υἱὸς
2342 1134 2607 1203 φαίνεται,
2656 1136 2781 1190 οὔτε
2826 1138 2926 1208 τὴν
2970 1141 3236 1192 υἱοποιῖαν
3272 1140 3547 1211 ἐκδέχεται
3577 1142 3609 1211 ἢ
3640 1143 3737 1212 τὴν

499 1199 828 1255 beratiouem
856 1218 1192 1275 exspectare,
1220 1212 1314 1266 sed
1340 1213 1451 1280 ipse
1476 1224 1558 1269 est
1580 1219 1671 1285 qui
1693 1229 2064 1278 creaturarum

484 1304 645 1360 spem
685 1296 966 1364 adimplet,
1001 1309 1054 1353 et
1102 1301 1518 1371 ingemiscentes
1552 1314 1789 1378 adoptat,
1842 1315 2066 1370 liberta-

487 1388 709 1453 temque
744 1385 1005 1457 largitur:
1034 1407 1137 1445 non
1172 1395 1335 1464 igitur
1370 1415 1505 1454 unus
1540 1404 1778 1457 omnium
1814 1409 1940 1471 erit,
1972 1426 2065 1465 ne-

484 1486 599 1539 que
636 1479 903 1532 creaturis
946 1487 1425 1553 annumerabitnr,
1470 1492 1561 1544 sed
1606 1493 1853 1553 diversus
1891 1500 1959 1553 ab
1983 1503 2064 1557 eis

485 1566 629 1626 erit,
655 1579 942 1637 quatenus,
964 1582 1020 1626 ut
1040 1586 1322 1645 creatum,
1354 1581 1711 1651 ingemiseunt
1729 1590 2062 1649 auxiliatoris

482 1659 938 1731 sopeindigeutes,
981 1666 1095 1734 ipse
1126 1684 1274 1735 vero,
1313 1681 1371 1726 ut
1409 1673 1610 1744 Filius,
1635 1681 2061 1757 scrvitutisjngo

490 1761 705 1815 pressos
741 1753 793 1808 in
822 1754 1124 1814 libertatem
1156 1765 1372 1818 asserit.

650 1971 715 2026 1η
744 1975 896 2040 illud,
941 1996 960 2030 ι
985 1978 1115 2034 Ante
1147 1985 1343 2038 alecula
1375 1987 1618 2056 fundavit
1662 2008 1741 2046 me
1766 1994 1831 2047 ⁸⁸.
1871 2015 1889 2047 ι

558 2082 827 2153 Scriptum
862 2099 945 2144 est
988 2110 1001 2145 :
1051 2112 1069 2144 ι
1104 2093 1244 2150 Deus
1294 2101 1555 2168 Sapientia
1606 2114 1804 2160 terram
1859 2109 2053 2166 funda-

478 2174 562 2228 vit
586 2176 690 2229 ".i
726 2178 781 2231 Si
811 2195 941 2250 ergo
970 2184 1239 2252 sapientia
1272 2199 1470 2245 terram
1498 2191 1708 2261 fundat,
1746 2209 1799 2251 et
1831 2200 1943 2268 ipse
1970 2213 2054 2259 est

475 2269 715 2326 ﬁrmitas
749 2282 800 2327 et
826 2276 1243 2334 stabilimentum
1279 2286 1520 2339 omnium
1548 2287 1576 2359 -(
1593 2304 1688 2357 per
1712 2291 1880 2360 ipsam
1910 2296 2050 2350 enim

483 2368 625 2415 terra
655 2364 862 2420 stabilis
908 2370 1158 2440 manet),
1189 2373 1476 2444 diligenter
1512 2380 1942 2454 investigandum
1968 2400 2052 2445 est

479 2466 586 2517 quo
618 2461 774 2521 pacto
799 2456 1061 2523 sapientia
1096 2476 1212 2527 qua:
1259 2472 1461 2519 terram
1510 2468 1697 2523 fundat
1726 2487 1754 2524 a
1793 2473 1900 2528 Deo
1934 2476 2050 2531 fun-

468 2543 657 2597 datur.
691 2544 903 2601 Dictum
962 2550 1125 2618 igitur
1154 2553 1317 2607 etiam
1356 2556 1455 2610 hoc
1497 2563 1821 2627 proverbiali
1870 2570 2045 2633 modo,

475 2634 690 2705 oblique
719 2640 1115 2706 quodammodo
1149 2644 1485 2716 significans,
1526 2660 1579 2705 et
1610 2652 1864 2710 latentem
1908 2662 1961 2713 in
1991 2677 2049 2715 se

471 2726 683 2783 habens
712 2732 975 2787 veriorem
1008 2736 1417 2807 intelligentiam
1455 2762 1467 2796 :
1505 2745 1606 2799 hoc
1637 2750 1780 2801 enim
1816 2752 2049 2817 plerum—

476 2833 580 2885 que
613 2823 913 2888 proverbiis
957 2829 1229 2894 proprium
1271 2843 1373 2884 est.
1416 2834 1694 2893 Fundatur
1737 2841 1917 2911 itaque
1958 2861 2048 2899 sa-

471 2909 698 2975 pientia,
723 2912 824 2967 hoc
853 2926 937 2970 est
967 2916 1135 2973 Filius
1168 2920 1279 2984 Dei,
1342 2939 1445 2977 non
1474 2929 1635 2995 quod,
1676 2909 1937 2998 quatenus
1964 2948 2048 2992 est

479 2999 732 3067 Verbum,
764 3006 1089 3077 principium
1116 3014 1413 3070 exsistendi
1464 3023 1756 3090 acceperit,
1783 3026 1874 3077 sed
1906 3043 2044 3095 qua-

472 3098 631 3147 tenus
677 3094 850 3152 factus
884 3109 967 3154 est
1012 3102 1190 3169 homo,
1235 3119 1581 3179 nostramque
1633 3115 2040 3174 similitudinem

2168 1223 2498 1295 ἐλευθερίαν,
2532 1226 2646 1280 ἀλλ’
2678 1228 2842 1291 αὑτός
2870 1230 3017 1283 ἐστιν
3063 1232 3092 1283 ό
3133 1230 3229 1301 τὴν
3263 1232 3456 1286 ἐλπίδα
3495 1232 3591 1300 τῆς
3620 1233 3738 1284 κτί-

2168 1333 2303 1381 σεως
2331 1321 2682 1393 ἀποπληρῶν,
2700 1325 2796 1378 καὶ
2821 1328 2903 1387 εἰς
2930 1326 3205 1380 υἱοθεσίαν
3232 1328 3359 1391 τοὺς
3382 1326 3738 1391 στενάζοντας

2164 1410 2363 1475 καλῶν,
2394 1416 2487 1467 καὶ
2513 1416 2541 1467 ὁ
2568 1416 2669 1484 τῆς
2702 1416 3012 1489 ἐλευθερίας
3038 1419 3233 1491 δοτήρ·
3268 1421 3368 1473 οὑκ
3400 1422 3507 1491 ἄρα
3535 1424 3595 1473 ἐν
3621 1425 3735 1483 τοῖς

2164 1503 2328 1555 πᾶσίν
2365 1505 2534 1568 ἐστιν,
2570 1506 2690 1560 οὐδὲ
2732 1510 2791 1561 ἐν
2834 1512 2899 1579 τῇ
2945 1511 3120 1563 κτίσει
3164 1511 3731 1582 καταριθμηθήσεται·

2163 1588 2277 1640 ἀλλ’
2322 1589 2506 1661 ἕτερός
2564 1594 2679 1646 ἐστι
2744 1597 2874 1665 παρ’
2922 1598 3114 1667 αὐτὴν,
3160 1600 3304 1653 καθὰ
3351 1600 3449 1670 μὲν
3488 1600 3565 1663 ὡς
3614 1602 3734 1653 κτί-

2164 1694 2344 1746 σματα
2385 1682 2629 1746 στενάζει
2670 1683 2762 1737 τοῦ
2810 1686 3129 1757 βοηθοῦντος
3156 1690 3419 1759 δεόμενα’
3462 1692 3492 1744 ὁ
3531 1691 3608 1753 δὲ.
3656 1691 3734 1753 ὡς

2162 1768 2319 1836 Υἱὸς,
2347 1771 2623 1843 ἐλευθεροῖ
2660 1775 2839 1831 πάντα
2880 1778 2957 1849 τῷ
2978 1780 3077 1850 τῆς
3106 1780 3353 1843 δουλείας
3390 1781 3576 1851 δεσμῷ
3606 1799 3732 1834 συν-

2084 1830 2132 1889 B
2156 1830 2415 1931 ἐχόμενα.

2258 1995 2361 2060 Εις
2388 1993 2475 2059 τὸ,
2507 2014 2527 2048 ‹
2566 1998 2686 2065 Πρὸ
2718 1999 2824 2053 τοῦ
2853 1998 3068 2066 αἰῶνος
3092 2002 3451 2071 ἐθεμελίωσέ
3465 2020 3564 2072 με.
3602 2023 3621 2055 ι

2227 2106 2574 2176 Γέγραπται·
2632 2130 2655 2162 ‹
2699 2111 2756 2164 Ὀ
2795 2112 2925 2178 Θεὸς
2971 2118 3035 2186 τῇ
3078 2116 3239 2186 σοφίᾳ
3274 2116 3603 2186 ἐθεμελίωσε
3628 2117 3729 2186 τὴν

2155 2195 2280 2266 γῆν.
2315 2216 2334 2250 ι
2366 2198 2428 2251 Εἰ
2461 2199 2638 2255 τοίνυν
2665 2202 2904 2274 θεμελιοί
2937 2206 3035 2275 μὲν
3061 2207 3093 2275 ἡ
3126 2206 3284 2275 σοφία
3310 2207 3404 2277 τὴν
3428 2207 3557 2275 γῆν,
3586 2207 3727 2276 αὕτη

2154 2288 2211 2340 δέ
2256 2291 2403 2343 ἐστιν
2436 2292 2467 2360 ή
2515 2293 2730 2347 πάντων
2770 2296 3040 2365 ἀσφάλεια
3072 2299 3261 2368 (μένει
3298 2298 3404 2367 γὰρ
3439 2298 3630 2368 ὲδραία
3659 2297 3726 2350 δι’

2154 2379 2368 2451 αὐτὴν),
2410 2382 2551 2436 κατὰ
2576 2383 2697 2438 τίνα
2724 2388 2922 2459 τρόπον
2946 2389 2979 2458 ἡ
3011 2389 3335 2458 θεμελιοῦσα
3379 2390 3725 2459 θεμελιοῦται

2154 2473 2305 2542 παρὰ
2325 2473 2479 2539 Θεοῦ,
2505 2474 2783 2545 ζητητέον.
2816 2479 3043 2549 Εἴρηται
3068 2481 3248 2534 τοίνυν
3283 2482 3375 2533 καὶ
3402 2481 3564 2533 τοῦτο
3583 2481 3722 2534 κατὰ

2150 2562 2243 2616 τὸν
2263 2566 2382 2628 ταῖς
2410 2566 2733 2637 παροιμίαις
2754 2571 3033 2639 πρέποντα
3062 2572 3251 2636 τύπον,
3273 2573 3513 2640 πλαγίως
3544 2591 3723 2643 παρα-

2149 2654 2495 2725 δηλούμενον,
2552 2658 2646 2711 καὶ
2685 2661 3071 2732 κεκρυμμένην
3126 2662 3245 2733 ἕχον
3287 2664 3343 2714 ἐν
3392 2663 3570 2732 ἑαυτῷ
3624 2664 3721 2733 τὴν

2150 2744 2517 2818 ἀληθεστέραν
2543 2749 3031 2804 διάνοιανοτοιοῦτο
3064 2754 3171 2823 γὰρ
3199 2754 3283 2805 ἀεὶ
3302 2753 3399 2824 τῆς
3421 2756 3720 2824 παροιμίας

2147 2833 2208 2885 τὸ
2246 2834 2451 2905 σχῆμα.
2492 2837 2850 2908 Θεμελιοῦται
2883 2840 3060 2894 τοίνυν
3099 2844 3130 2911 ἡ
3164 2843 3344 2910 σοφία,
3370 2844 3665 2907 τουτέστιν,
3694 2846 3721 2896 ὁ

2149 2925 2275 2988 Υἱὸς
2301 2924 2392 2979 τοῦ
2427 2926 2581 2991 Θεοῦ,
2611 2930 2670 2982 οὐ
2710 2930 2849 2983 καθὸ
2874 2930 3045 2999 Λόγος
3070 2934 3216 2985 ἐστὶν
3252 2933 3425 3004 ἀρχὴν
3453 2933 3545 2986 τοῦ
3582 2931 3719 2986 εἶναι

2145 3018 2449 3089 δεχόμενος,
2503 3020 2638 3074 ἀλλὰ
2683 3022 2817 3075 καθὸ
2871 3022 3110 3091 γεγονὼς
3150 3025 3431 3096 ἄνθρωπος
3478 3027 3573 3079 καὶ
3619 3025 3719 3097 τὴν

2148 3110 2284 3180 πρὸς
2329 3113 2475 3181 ἡμᾶς
2521 3114 2759 3187 φορέσας
2810 3115 3088 3185 ὁμοίωσιν,
3138 3116 3280 3187 ἀρχὴ
3321 3120 3415 3169 καὶ
3468 3117 3717 3188 θεμέλιος

474 3185 668 3246 induit,
696 3190 1018 3259 principium
1044 3211 1107 3250 ac
1130 3196 1532 3257 fundamentum
1563 3207 1714 3263 nobis
1740 3209 1912 3265 factus
1937 3225 2039 3280 est,

2145 3202 2273 3271 ἡμῖν
2303 3194 2529 3269 γίνεται,
2561 3185 3030 3276 οίκοδομουμένοις
3068 3208 3148 3270 είς
3178 3185 3461 3262 εῦσὲϐειαν
3494 3210 3581 3262 διὰ
3619 3211 3717 3279 τῆς

464 3276 752 3333 :edilicatis
786 3281 1038 3337 nimirum
1068 3288 1132 3340 ad
1165 3290 1415 3357 pietatem
1446 3310 1540 3355 per
1575 3298 1731 3352 fidem
1761 3302 1811 3353 in
1847 3276 2039 3371 ipsum,

463 3376 527 3419 et
560 3368 608 3420 in
652 3385 866 3435 novam,
903 3383 959 3426 nt
992 3376 1254 3445 scriptum
1297 3392 1381 3436 est
1423 3383 1494 3447 ",
1519 3400 1822 3444 creaturam
1874 3391 2044 3446 refor-

475 3461 654 3514 matis.
682 3465 841 3532 Atqui
875 3483 977 3521 nou
1000 3469 1319 3539 simpliciter
1339 3474 1497 3540 dixit,
1525 3477 1661 3531 Dens
1688 3480 1919 3562 Verbum
1948 3494 2040 3539 aut

470 3550 670 3609 Filium
701 3573 783 3613 me
816 3558 959 3638 fecit,
1003 3579 1069 3617 ne
1097 3579 1201 3633 qua
1234 3567 1502 3623 haereticis
1526 3574 1742 3627 occasio
1772 3550 2039 3642 praebere-

473 3656 560 3700 tur
595 3649 961 3707 calumniandi
1002 3656 1169 3721 ipsius
1195 3660 1487 3713 essentiam
1523 3671 1777 3733 tanquam
1806 3665 2037 3734 factam,

462 3737 564 3791 sed
600 3739 865 3806 absolute,
909 3760 927 3792 ι
958 3742 1203 3799 fundavit
1228 3764 1333 3803 mc.
1368 3768 1386 3800 ι
1418 3751 1569 3817 Quod
1598 3755 1743 3808 enim
1793 3757 1844 3809 iu
1882 3774 2039 3828 supe-

465 3827 703 3882 rioribus
746 3830 900 3895 dixit,
950 3850 967 3881 ι
1004 3834 1262 3889 Dominus
1308 3840 1513 3893 creavit
1561 3856 1666 3910 me,
1714 3844 2036 3916 principium

469 3919 676 3974 viarum
731 3939 949 3977 suarum
1006 3925 1057 3979 in
1117 3944 1277 3995 opera
1339 3932 1545 4001 ipsius,
1611 3953 1630 3985 ι
1709 3936 1811 3991 hoc
1874 3942 2035 3996 etiam

467 4024 565 4077 per
634 4012 736 4065 hoc
795 4016 1151 4081 signiﬁcatur.
1220 4021 1335 4075 Illic
1406 4023 1549 4076 enim
1637 4024 1834 4080 factum
1916 4045 2038 4086 esse

458 4115 524 4154 se
568 4102 888 4171 principium
940 4110 1146 4162 viarum
1199 4127 1418 4167 suarum
1470 4116 1636 4183 dicit;
1676 4119 1764 4174 hic
1808 4136 1935 4177 vero
1979 4140 2037 4179 se

460 4194 873 4252 fundamentum
912 4201 1115 4271 jaetmn
1148 4222 1269 4261 esse
1318 4225 1503 4263 eorum
1562 4214 1653 4281 qui
1705 4218 2037 4284 superantib-

460 4296 654 4341 cautur
689 4288 939 4353 aiiirmat,
974 4295 1203 4350 diversis
1243 4302 1415 4355 modis
1456 4303 1596 4356 idem
1631 4304 1787 4374 plane
1831 4309 2032 4374 dicens,

458 4378 689 4450 imisque
710 4384 889 4437 verbis
917 4386 1158 4440 eamdem
1194 4390 1451 4445 rationem
1479 4395 1776 4463 explicans.
1808 4397 2035 4454 Perinde

2145 3294 2224 3355 εἰς
2254 3294 2415 3347 αὑτὸν
2449 3296 2703 3360 πίστεως,
2755 3297 2849 3350 καὶ
2894 3299 2974 3361 εἰς
3020 3298 3117 3369 τὴν
3151 3300 3339 3369 καινὴν
3371 3301 3547 3353 κτίσιν
3585 3302 3716 3353 ἁνα-

2147 3388 2566 3455 μοριρουμένοις,
2609 3387 2789 3453 καθὼς
2844 3390 3172 3459 γέγραπται.
3233 3393 3393 3460 Λέγει
3437 3394 3568 3460 γοῦν
3618 3394 3717 3464 οὐχ

2142 3476 2347 3538 ἁπλῶς,
2364 3477 2420 3529 Ὀ
2440 3477 2571 3540 Θεὸς
2592 3480 2761 3547 Λόγον
2782 3480 2815 3550 ἢ
2842 3481 2967 3533 Υίόν
2996 3499 3063 3552 με
3089 3483 3406 3553 πεποίηκεν,
3429 3484 3515 3537 ἵνα
3541 3487 3716 3555 μήτις

2141 3572 2253 3632 τοῖς
2293 3569 2685 3641 έτεροδοξοῦσιν
2742 3573 2976 3644 ὑπάρχοι
3018 3577 3373 3647 παρείσδυσις
3406 3578 3500 3630 τοῦ
3542 3596 3713 3632 κατα-

2140 3662 2430 3732 ψεύδεσθαι
2472 3666 2571 3735 τῆς
2603 3667 2791 3730 οὐσίας
2832 3668 3001 3721 αὑτοῦ
3048 3669 3123 3733 ὡς
3158 3672 3557 3741 πεποιημένης,
3603 3674 3713 3726 ἀλλ’

2141 3755 2571 3827 ἀπολελυμένως,
2603 3776 2622 3808 ι
2655 3758 3012 3829 Ἐθεμελίωσέ
3045 3777 3132 3830 με.
3175 3780 3192 3812 ι
3235 3763 3301 3814 Ὃ
3330 3763 3439 3833 γὰρ
3479 3764 3716 3831 ἔφασκεν

2141 3849 2197 3899 ὲν
2219 3850 2329 3910 τοῖς
2358 3848 2630 3913 ἀνωτέρω,
2665 3850 2899 3922 (Κύριος
2919 3850 3101 3904 ἕκτισέ
3132 3869 3198 3922 με
3225 3853 3398 3924 ἀρχὴν
3440 3855 3577 3907 ὁδῶν
3618 3857 3713 3907 αὑ-

2138 3939 2231 3990 τοῦ
2260 3941 2340 4001 εἰς
2372 3939 2508 4009 ἔργα
2537 3941 2753 4004 αὐτοῦ,ι
2780 3942 2937 3995 τοῦτο
2962 3944 3054 3996 καὶ
3070 3943 3155 3996 διὰ
3181 3944 3339 3997 τοῦτο
3360 3947 3709 4015 σημαίνεται.

2150 4030 2297 4082 Ἐκεῖ
2331 4030 2428 4101 μὲν
2454 4031 2561 4102 γὰρ
2586 4034 2760 4103 ἀρχὴν
2788 4034 2924 4086 ὁδῶν
2953 4035 3143 4087 ἑαυτὸν
3171 4036 3502 4106 πεποιῆσθαί
3525 4057 3709 4109 φησιν,

2138 4122 2371 4176 ἐνταῦθα
2431 4123 2484 4175 δὲ
2542 4123 2788 4193 θεμέλιον
2841 4126 3378 4197 έποικοδομουμένων
3424 4130 3511 4180 ἐπ’
3564 4131 3713 4199 αὐτῷ

2137 4216 2570 4286 καταϐεϐλῆσθαι
2616 4218 3007 4289 διῖσχυρίζεται
3032 4260 3046 4283 ,
3084 4220 3435 4292 πολυτρόπως
3465 4223 3535 4275 τὰ
3575 4226 3713 4278 αὐτὰ

2136 4306 2329 4374 λέγων,
2372 4309 2464 4360 καὶ
2490 4308 2576 4361 διὰ
2611 4309 2718 4362 τῶν
2757 4310 2933 4363 αὐτῶν
2980 4312 3265 4381 νοημάτων
3318 4314 3709 4380 ἀνακυκλώσας

2136 4398 2230 4450 τὸν
2255 4398 2429 4465 λόγον.
2462 4401 2604 4452 Ἴσον
2633 4402 2741 4470 γάρ
2787 4402 2935 4454 ἐστιν
2968 4403 3142 4453 εἰπεῖν
3186 4403 3361 4472 ἀρχὴν
3406 4406 3503 4456 καὶ
3546 4406 3709 4475 θεμέ-

457 4474 604 4524 enim
641 4484 723 4528 est
756 4475 870 4529 sive
900 4477 1048 4531 dicas
1082 4480 1427 4548 principium,
1454 4486 1568 4538 sive
1599 4485 2029 4545 fundameutmn.

812 4568 823 4584 .
1037 4570 1047 4579 .
1141 4571 1150 4580 .
1455 4575 1466 4584 .
1544 4577 1611 4584 ..
1776 4580 1966 4584 ___c

2142 4489 2266 4543 λιον.
2307 4491 2395 4553 Ὠς
2439 4490 2545 4560 γὰρ
2591 4492 2647 4543 ὲν
2697 4491 2929 4555 ἐκείνοις
2966 4493 3137 4564 ῥιρχὴ,
3169 4492 3311 4547 οὕτω
3350 4496 3441 4547 καὶ
3474 4474 3707 4551 ἐνταῦθα

453 4564 918 4628 Quemadmodum
964 4570 1106 4622 enim
1140 4571 1192 4623 in
1238 4571 1343 4624 illis
1387 4575 1729 4645 principium,
1775 4580 1926 4648 171
1958 4582 2028 4635 ita

455 4658 622 4711 etiam
658 4658 746 4711 hic
790 4659 1197 4716 fundamentum
1239 4666 1297 4718 fit
1345 4667 1409 4720 iis
1456 4668 1545 4736 qui
1584 4669 1683 4738 ipsi
1727 4688 1823 4738 per
1870 4674 2025 4727 fidem

449 4752 917 4819 supermditicantu
927 4770 969 4809 r.

1133 4867 1359 4929 ALIUD.

527 4976 974 5046 Sapientissimus
1001 4980 1200 5038 Paulus
1226 4985 1299 5038 ita
1330 4984 1527 5041 alicubi
1554 4988 1744 5043 scribit
1774 5008 1787 5045 :
1828 5009 1846 5042 ι
1876 4992 2027 5051 Ριιιιτ

450 5067 765 5125 damentum
794 5069 922 5125 illud
952 5087 1111 5126 nemo
1139 5081 1313 5142 potest
1338 5091 1561 5143 ponere,
1590 5089 1784 5145 praeter
1803 5081 1853 5134 id
1884 5083 2025 5150 quod

446 5160 687 5228 positum
728 5169 829 5225 est,
864 5164 1005 5231 quod
1036 5174 1118 5219 est
1156 5164 1405 5222 Christus
1436 5167 1596 5224 Jcsus
1636 5171 1702 5224 ⁸⁸.
1734 5191 1752 5222 ι
1791 5173 1850 5227 Si
1898 5189 2027 5245 ergo

446 5248 701 5305 Christus
724 5251 1133 5311 fundamentum
1155 5258 1337 5328 jactus
1380 5274 1481 5330 est,
1508 5277 1722 5334 oportet
1751 5281 1928 5324 autem
1958 5285 2022 5323 ea

452 5357 571 5409 quae
608 5348 1115 5414 superadiﬁcantur
1161 5356 1384 5412 omnino
1415 5359 1524 5413 sint
1554 5362 1701 5425 talia,
1753 5361 1912 5431 quale
1945 5372 2025 5417 est

452 5434 756 5506 subjectum
784 5438 1191 5501 fundamentum
1221 5447 1321 5517 (ita
1347 5452 1491 5504 enim
1516 5462 1792 5508 structura
1821 5471 2021 5510 conve-

447 5528 626 5593 niens,
674 5540 731 5584 ut
778 5534 1041 5604 scriptum
1076 5546 1159 5593 est
1197 5539 1266 5608 θ’,
1304 5541 1613 5611 implebitur
1660 5545 1710 5598 in
1760 5546 2017 5613 templum

481 5705 754 5831 1ἕιίιέοιη.
790 5729 905 5783 vlu,
942 5716 1123 5784 19,22.
1204 5716 1433 5775 "Eccli.
1471 5735 1615 5786 χειν,
1662 5722 1745 5776 Η.

1827 5724 1868 5751 Μ
1906 5722 2059 5775 Prov.
2100 5736 2183 5787 ιιι,
2221 5718 2302 5773 19.
2381 5719 2423 5746 ³⁷
2455 5716 2491 5769 ll
2521 5715 2646 5770 Cor.
2679 5730 2729 5777 ν,
2769 5716 2849 5768 l7.
2928 5715 2973 5748 ’⁸
3005 5714 3171 5771 lCor.
3210 5732 3291 5779 ιιι,
3328 5714 3413 5769 Η.

2139 4582 2385 4651 θεμέλιος
2422 4581 2529 4634 τῶν
2560 4582 3097 4653 ἑποικοδομουμένων
3132 4585 3219 4636 ἐπ’
3261 4585 3423 4638 αὐτὸν
3473 4584 3563 4638 διὰ
3612 4586 3709 4657 τῆς

2138 4674 2369 4737 πίστεως
2406 4673 2635 4743 γίνεται.

2800 4876 3002 4931 ΑΛΛΟ.

2206 4988 2372 5056 Λέγει
2397 5004 2500 5040 που
2527 4987 2737 5052 Παῦλος
2766 4988 3098 5042 ἐπιστέλλων
3128 4988 3158 5040 ὁ
3185 4986 3517 5056 σοφώτατος
3551 5008 3569 5039 ι
3606 4988 3703 5041 Θε-

2138 5082 2319 5153 μέλιον
2361 5081 2517 5133 ἄλλον
2557 5080 2731 5142 οὐδεὶς
2758 5079 2977 5133 δύναται
3016 5079 3186 5132 θεῖναι
3220 5079 3370 5150 παρὰ
3393 5079 3488 5131 τὸν
3520 5079 3705 5149 κείμε-

2133 5191 2243 5238 νον,
2268 5173 2325 5234 ὃς
2355 5173 2501 5223 ἐστιν
2518 5171 2725 5239 Ἰησοῦς
2759 5169 3014 5240 Χριστός.
3038 5188 3057 5220 ι
3094 5171 3157 5222 Εἰ
3187 5170 3370 5223 τοίνυν
3398 5172 3579 5222 κεῖται
3608 5172 3703 5239 μὲν

2135 5265 2381 5335 θεμέλιος
2402 5265 2430 5316 ὁ
2456 5262 2721 5334 Χριστὸς,
2749 5261 2828 5313 δεῖ
2859 5262 2916 5314 δὲ
2947 5262 3016 5315 τὰ
3044 5262 3550 5333 ἐποικοδομούμενα
3571 5263 3702 5315 πάν-

2132 5374 2239 5419 τως
2280 5351 2421 5407 είναι
2466 5353 2710 5416 τοιαῦτα,
2754 5354 2935 5405 ὁποῖόν
2958 5369 3063 5423 περ
3097 5352 3164 5406 ἂν
3208 5353 3447 5422 ὑπάρχοι
3478 5354 3541 5405 τὸ
3572 5352 3697 5405 ὑπο·

2133 5449 2382 5518 κείμενον
2427 5446 2605 5517 (οὕτω
2642 5444 2752 5515 γὰρ
2782 5446 2847 5497 ἂν
2876 5444 2965 5497 καὶ
3010 5446 3044 5514 ἡ
3074 5443 3331 5514 οἰκοδομὴ
3374 5443 3700 5513 συναρμολο-

2129 5541 2390 5612 γουμένη,
2441 5539 2583 5593 καθὰ
2636 5538 2965 5608 γέγραπται,
3012 5535 3430 5607 πληρωθήσεται
3465 5538 3545 5598 εἰς
3576 5536 3698 5588 ναὸν

3494 5716 3538 5746 ε’
3566 5711 3694 5766 ibid.
