3882 6210
157 295 276 352 289

1542 291 1982 352 TIIESAURUS‘.

3313 306 3433 365 290‘

160 412 395 482 ἅγιον),
445 410 665 482 εὔδηλον
733 412 997 483 δήπουθεν
1041 414 1232 486 ὅτιπερ
1277 413 1340 466 οὗ
1387 412 1522 467 καθὸ
1560 415 1732 483 Λόγος

1837 418 2106 489 sanctum)
2146 438 2160 473 :
2204 419 2552 474 manifestum
2586 429 2742 476 εει-ιε·
2765 429 2848 475 est
2888 424 3040 491 quod
3069 438 3175 478 non
3219 438 3416 496 quate-

154 506 329 569 ἐστὶν,
359 503 552 557 ἑαῖιτὸν
595 503 1019 574 τεθεμελιῶσθαί
1061 523 1224 575 φησιν
1245 523 1257 536 ·
1292 506 1442 560 οὐδὲν
1469 507 1578 576 γάρ
1615 509 1730 559 ἐστι

155 593 305 647 κατὰ
341 593 503 662 φύσιν
535 592 614 661 τῷ
651 593 809 663 Λόγῳ
835 595 1174 662 προσεοικὸς,
1203 595 1312 648 οὐδ’
1339 596 1404 649 ἂν
1431 597 1732 668 ἁρμοσθείη

153 703 211 737 τι
260 684 370 738 τῶν
409 684 578 736 ὅντων
623 684 760 756 πρὸς
810 686 1016 739 ἐκεῖνον
1072 686 1355 755 φυσικῶς·
1399 688 1428 739 δ
1477 688 1574 756 μὲν
1621 688 1733 760 γὰρ

155 779 414 848 ποιητὴς,
438 777 506 830 τὰ
535 777 592 830 δὲ
622 778 925 847 κτίσματα·
961 777 1096 832 ἀλλᾶ
1126 778 1261 831 καθὸ
1282 778 1504 848 γέγονεν
1524 779 1735 851 ἄνθρω-

155 886 262 932 πος
292 869 388 922 καὶ
411 870 593 938 ὅμοιος
640 869 796 939 ἡμῶν
832 869 973 922 κατὰ
1000 870 1198 933 πάντα,
1231 871 1398 941 χωρὶς
1437 871 1732 943 ἁμαρτίας,

155 959 416 1030 θεμέλιον
455 961 646 1012 ἑαυτὸν
687 961 1127 1030 καταϐεϐλῆσθαί
1153 980 1286 1033 φησι
1315 963 1423 1014 τῶν
1464 963 1736 1016 ἐποικοδοσ

159 1051 451 1121 μουμένων
477 1053 567 1104 ἐπ’
592 1051 765 1120 αὐτῷ.
798 1051 1112 1122 δυναμένων
1137 1051 1287 1120 αὐτῷ
1316 1054 1737 1124 συναρμολογεί-

159 1141 312 1197 σθαι.
341 1140 492 1196 Καθὸ
507 1143 615 1212 γὰρ
643 1142 737 1195 καὶ
762 1143 922 1204 αὐτὸς
952 1143 1175 1211 γέγονεν
1198 1143 1506 1215 ἄνθρωπος,
1534 1145 1736 1216 πολλὴν

157 1233 280 1304 ἔχει
303 1234 438 1304 πρὸς
464 1236 610 1304 ἡμᾶς
647 1234 744 1304 τὴν
776 1233 1098 1301 συγγένειαν
1142 1233 1228 1288 διὰ
1261 1237 1360 1304 τὴν
1395 1235 1497 1303 τῆς
1535 1237 1736 1307 σαρκὸς

159 1326 352 1395 φύσιν.
393 1325 603 1379 Οὐκοῦν
636 1327 727 1378 ἐπὶ
767 1325 866 1396 τὴν
900 1325 995 1378 τοῦ
1029 1327 1278 1396 Σωτῆρος
1324 1327 1736 1400 ὲνανθρώπησιν

160 1420 260 1472 καὶ
282 1418 440 1472 τοῦτο
463 1420 847 1488 παρενεκτέον,
877 1418 962 1470 ἵνα
981 1418 1042 1469 τὸ
1060 1417 1340 1488 δύσφημον
1365 1419 1734 1490 διαφύγωμεν,

160 1511 492 1581 γεγενῆσθαι
537 1511 857 1579 φάσκοντες,
897 1510 991 1563 καὶ
1015 1510 1192 1582 ἀρχὴν
1217 1511 1311 1563 τοῦ
1353 1506 1493 1564 εἶναι
1525 1512 1736 1581 λαμϐά-

161 1619 279 1656 νειν
309 1602 408 1673 τὴν
452 1603 638 1670 σοφίαν
682 1601 774 1654 τοῦ
805 1601 962 1656 Θεοῦ.
992 1603 1200 1672 Ὅνπερ
1234 1602 1343 1672 γὰρ
1387 1603 1587 1671 τρόπον
1617 1604 1737 1657 ἑτέ-

165 1710 285 1762 ροις
326 1691 566 1757 ἄμπελον
613 1691 709 1760 μὲν
751 1691 942 1743 ἑαυτὸν
983 1686 1123 1744 εἷναί
1173 1709 1367 1760 φησιν.
1410 1694 1554 1763 ἡμᾶς
1583 1693 1638 1746 δὲ
1666 1695 1736 1748 τὰ

1833 525 1934 564 nus
1963 519 2046 565 est
2075 510 2334 578 Verbum,
2368 513 2651 566 fundattnn
2679 530 2740 569 se
2771 516 2912 569 dicat
2942 534 2954 569 :
2985 516 3119 570 nihil
3160 520 3305 571 enim
3335 521 3420 574 est

1833 603 2127 656 secundum
2160 614 2407 659 naturam
2449 605 2628 660 Verbo
2664 609 2870 670 simile,
2911 624 3084 676 neque
3119 611 3415 678 quidquam

1833 711 2018 750 eorum
2060 711 2180 764 quae
2225 698 2496 751 exsistunt
2547 700 2867 753 naturaliter
2904 715 3026 754 cum
3071 716 3131 755 ea
3171 703 3415 758 construi

1835 788 2007 857 possit
2050 805 2063 840 :
2099 801 2221 840 nam
2263 788 2377 857 ipse
2408 799 2624 842 creator
2647 799 2750 853 est,
2787 791 2899 843 lure
2943 805 3072 844 vero
3115 802 3414 846 creaturae:

1835 880 1930 932 sed
1975 886 2242 948 quatenus
2280 878 2454 933 factus
2488 889 2571 932 est
2614 882 2795 945 homo,
2833 891 2883 934 et
2925 882 3120 936 similis
3169 884 3323 937 uoltis
3363 883 3415 937 in

1835 974 2106 1035 omnibus,
2135 982 2361 1041 excepto
2402 983 2644 1042 peccato,
2681 974 3088 1029 fundamentum
3127 991 3184 1030 se
3208 975 3414 1045 jactum

1835 1079 1956 1120 esse
1980 1064 2111 1120 dicit
2138 1064 2203 1119 iis
2233 1065 2322 1134 qui
2369 1065 2877 1133 super-.editieautur
2910 1066 3033 1134 ipsi,
3062 1078 3121 1120 ut
3157 1069 3208 1121 itt
3254 1084 3414 1120 unam

1837 1172 1956 1210 cum
1999 1156 2114 1221 ipso
2155 1166 2486 1210 structuram
2533 1157 2850 1210 coneinuari
2901 1157 3130 1226 possint.
3168 1157 3299 1211 Nam
3349 1173 3413 1212 ea

1837 1243 2043 1296 ratione
2087 1258 2191 1312 qua
2241 1244 2403 1296 etiam
2451 1244 2562 1312 ipse
2595 1244 2768 1298 factus
2809 1255 2893 1299 est
2937 1247 3120 1312 homo,
3167 1262 3411 1317 magnam

1838 1333 2119 1387 nobiscum
2153 1334 2588 1388 convenientiam
2624 1345 2677 1388 et
2722 1337 3100 1405 cognationem
3149 1338 3308 1390 habet
3344 1339 3413 1391 ob

1839 1425 2020 1478 carnis
2054 1437 2322 1481 natttram.
2364 1426 2627 1494 Quocirca
2677 1429 2840 1481 etiam
2873 1429 2939 1482 ad
2986 1429 3410 1483 incarnationem

1840 1517 2010 1585 ipsius
2059 1519 2402 1574 referendum
2446 1527 2559 1581 est,
2610 1529 2667 1572 ut
2694 1519 3079 1585 blaSpltemiam
3127 1523 3412 1582 evitemus.

1839 1625 1999 1678 quam
2028 1611 2432 1664 ineurreremus
2457 1611 2500 1664 si
2528 1611 2833 1666 diceremus
2871 1611 3018 1665 illutn
3049 1611 3412 1675 factumesse,

1839 1715 1894 1755 et
1939 1704 2260 1771 sapientiam
2298 1703 2391 1757 Dei
2427 1705 2750 1773 principium
2789 1704 3087 1758 exsistendi
3118 1705 3410 1774 accepisse.

161 1784 457 1853 κλήματα,
510 1786 570 1834 οὐ
619 1782 742 1846 ξένα
794 1782 1092 1844 δεικνύων,
1136 1783 1255 1836 οὐδὲ
1302 1786 1586 1856 ἑτερογενῆ
1632 1789 1730 1858 τῆς

1837 1793 2294 1859 Quemadmodum
2321 1795 2461 1847 cnim
2491 1794 2610 1846 aliis
2637 1794 2797 1846 vitem
2827 1795 3062 1863 seipsum
3091 1808 3217 1848 esse
3251 1795 3410 1856 dicit,

158 1876 410 1945 ἀμπέλου
455 1875 525 1927 τὰ
563 1874 813 1944 κλήματα
839 1916 853 1937 ,
903 1875 1015 1927 ἀλλ’
1054 1874 1113 1939 ἐξ
1162 1877 1374 1946 ἐκείνης
1415 1877 1544 1931 ὄντα
1591 1880 1730 1932 κατὰ

159 1970 326 2037 φύσιν
351 2009 367 2032 ,
415 1966 585 2029 οὕτως
618 1967 848 2020 ἐνταῦθα
883 1967 1130 2037 θεμέλιον
1163 1969 1318 2038 ἡμῶν
1365 1970 1554 2023 ἑαυτὸν
1592 1967 1730 2024 εἷναί

156 2072 352 2124 φησιν,
389 2055 474 2106 ἵνα
494 2054 603 2107 τῶν
628 2056 1164 2125 ὲποικοδομουμένων
1187 2060 1273 2109 ἐπ’
1299 2059 1446 2129 αὐτῴ
1475 2061 1574 2126 τὴν
1597 2061 1730 2130 πρὸς

157 2147 327 2200 αὑτὸν
353 2145 601 2217 ἐπιδείξῃ
628 2147 950 2215 συγγένειαν
980 2147 1234 2218 φυσικὴν,
1261 2150 1349 2202 ὅτε
1378 2150 1596 2218 γέγονεν
1635 2150 1732 2204 ἄν-

158 2239 402 2306 θρωπος.
437 2236 570 2290 Τότε
605 2237 714 2307 γὰρ
738 2239 835 2291 καὶ
880 2239 1022 2292 κατὰ
1071 2239 1234 2308 φύσιν
1277 2241 1423 2311 αὐτῷ
1468 2243 1734 2296 συναπτό-

158 2331 328 2400 μεθα,
367 2330 463 2383 καὶ
503 2330 606 2400 τῆς
651 2331 787 2401 πρὸς
826 2331 986 2384 αὐτὸν
1016 2333 1334 2402 ὀμογενείας
1373 2333 1731 2405 ἐξηρτημένοι

154 2423 352 2493 ὥσπερ
398 2423 495 2490 τῆς
540 2423 786 2493 ἀμπέλου
827 2423 896 2476 τὰ
935 2424 1222 2494 κλήματα,
1278 2427 1732 2497 καρποφοροῦμεν

156 2516 261 2583 τὴν
294 2516 372 2575 είς
414 2513 546 2566 Θεὸν
594 2513 893 2569 εὐσέϐειαν.
933 2517 1125 2569 Κεῖται
1157 2517 1445 2587 τοιγαροῦν
1486 2517 1731 2588 θεμέλιος

163 2609 266 2676 μὲν
311 2607 734 2679 ὲνανθρωπήσας
772 2610 801 2662 δ
847 2608 943 2662 τοῦ
977 2609 1110 2663 Θεοῦ
1141 2611 1342 2677 Λόγος·
1374 2614 1534 2682 ἡμεῖς
1559 2613 1615 2666 δὲ
1645 2614 1732 2665 ἐπ’

159 2699 314 2768 αὐτῷ
363 2699 612 2770 καθάπερ
658 2700 798 2764 τινὲς
841 2701 987 2769 ἅγιοι
1032 2702 1166 2755 λίθοι
1207 2703 1728 2773 ὲποικοδομούμεθα,

161 2791 252 2843 ἵνα
283 2792 380 2844 καὶ
403 2793 529 2855 ναὸς
551 2791 644 2844 τοῦ
678 2791 1013 2856 ἐνοικοῦντος
1037 2795 1094 2846 ὲν
1124 2795 1256 2864 ἡμῖν
1290 2795 1445 2863 ἁγίου
1477 2795 1732 2865 Πνεῦμα-

157 2900 254 2945 τος
284 2885 737 2954 χρηματίσωμεν.

829 3021 1031 3074 ΑΛΛΟ.

236 3170 259 3204 ι
291 3151 406 3223 Πρὸ
435 3150 532 3204 τοῦ
562 3153 755 3216 αἰῶνος
778 3152 1108 3222 ὲθεμελίωσέ
1138 3171 1224 3224 με.
1254 3173 1273 3205 ›
1316 3153 1548 3225 Εὖλογον
1579 3153 1732 3228 οἶμαι

158 3241 256 3294 καὶ
277 3241 575 3308 ἀναγκαῖον
596 3242 776 3296 αὐτῶν
799 3245 1138 3314 φαινομένων
1163 3246 1619 3316 παραδειγμάτων
1635 3249 1733 3313 τὰς

159 3333 430 3402 ἀνοήτους
477 3333 587 3386 τῶν
635 3335 929 3406 αἱρετικῶν
985 3336 1314 3390 ἀνακόπτειν
1378 3339 1731 3404 κακοδοξίαςο

160 3425 306 3495 τάχα
340 3425 444 3481 κᾶν
471 3425 615 3480 οὕτω
630 3426 1042 3498 δυσωπηθέντες
1063 3428 1160 3500 τὴν
1186 3429 1462 3500 ἀλήθειαν,
1482 3431 1617 3502 πρὸς
1637 3433 1735 3496 τὰς

158 3518 478 3588 δυσφημίας
500 3520 956 3590 ἀποναρκήσωσι,
985 3521 1058 3573 Τὸ
1092 3521 1341 3592 θεμελιού
1351 3541 1509 3592 μενον
1533 3525 1731 3589 τοίνυν,

161 3610 263 3663 καὶ
285 3613 365 3673 εἰς
388 3609 647 3681 τοιαύτην
684 3612 805 3664 τινὰ
828 3612 1239 3682 λαμϐανόμενον
1268 3615 1478 3685 χρείαν,
1515 3617 1573 3668 οὐ
1598 3617 1735 3670 πάν-

161 3717 275 3763 τως
303 3701 427 3753 τότε
455 3699 550 3753 τοῦ
578 3697 715 3754 εἶναι
744 3700 843 3772 τὴν
869 3703 1043 3773 ἀρχὴν
1073 3702 1194 3772 ἔχον
1223 3706 1492 3773 φαίνεται,
1524 3707 1613 3758 ὅτε
1642 3707 1735 3760 καὶ

161 3793 248 3856 είς
277 3791 526 3862 θεμέλιον
565 3792 868 3863 πέμπεται.
898 3795 1034 3866 Φέρε
1073 3794 1180 3866 γὰρ
1205 3798 1398 3859 εἰπεῖν,
1431 3796 1568 3849 ἔστω
1592 3797 1736 3861 λίθος

160 3885 228 3937 τὸ
259 3884 750 3954 καταπεμπόμενον
792 3886 888 3938 καὶ
929 3887 989 3939 ὲν
1015 3889 1081 3956 τῇ
1117 3889 1187 3958 γῇ
1223 3889 1622 3959 κρυπτόμενονο
1653 3890 1738 3943 δεῖ

163 3976 384 4046 πρῶτον
409 3976 572 4030 αὑτὸν
601 3977 708 4030 ἀπό
738 3994 882 4040 τινος
925 3978 1186 4049 πέτραςῆ
1215 3979 1272 4046 ἐξ
1297 3979 1457 4051 ὅρους
1488 3982 1729 4053 ἀποτμη-

162 4068 348 4135 θέντα,
379 4068 515 4140 πρὸς
545 4069 644 4140 τὴν
677 4068 933 4140 τοιαύτην
987 4069 1357 4140 λαμϐάνεσθαι
1388 4072 1575 4142 χρείαν
1595 4091 1608 4106 ι
1643 4074 1737 4126 καὶ

162 4160 433 4231 πρότερόν
475 4177 540 4228 γε
583 4160 754 4226 ἐστιν,
797 4157 898 4214 εἷθ’
939 4161 1081 4215 οὕτω
1111 4163 1361 4234 θεμέλιος
1401 4165 1607 4232 γίνεται
1656 4167 1736 4229 εἰς

163 4251 332 4322 βάθος
359 4252 465 4322 γῆς
492 4253 997 4324 καταχωννύμενος.
1013 4255 1152 4308 Ἀλλ’
1179 4255 1335 4327 εἴπερ
1360 4274 1443 4319 τις
1470 4256 1547 4326 τῷ
1570 4275 1738 4310 κατα-

162 4344 421 4414 ϐληθέντι
461 4345 595 4416 λίθῳ
643 4345 762 4416 δοίη
798 4347 1014 4418 φωνὴν,
1051 4348 1144 4399 καὶ
1192 4348 1280 4401 τὸν
1309 4350 1580 4422 ἀνθρώπῳ
1613 4349 1740 4419 πρέ-

1835 1901 1932 1939 nos
1969 1897 2148 1938 autem
2204 1888 2330 1939 vitis
2363 1886 2610 1955 palmites
2641 1886 2682 1951 ³,
2734 1888 2822 1955 qui
2871 1887 3186 1940 naturaliter
3218 1903 3285 1942 ex
3325 1886 3411 1942 ilia

1835 1981 1967 2046 sint,
2014 1980 2085 2034 ita
2132 1982 2218 2034 hic
2259 1979 2662 2033 fundamentum
2709 1989 2952 2033 nostrum
3006 1981 3243 2048 seipsum
3281 1993 3402 2034 esse

1832 2072 2079 2133 affirmat.
2113 2082 2170 2124 ιιι
2201 2087 2389 2126 eorum
2425 2072 2514 2140 qui
2567 2072 2663 2140 ipsi
2713 2071 3214 2140 supcrzedillcantur
3245 2083 3404 2125 uatu-

1831 2162 1999 2215 ralem
2047 2176 2230 2215 secum
2266 2161 2641 2229 cognationem
2676 2160 2938 2223 declaret,
2974 2160 3191 2229 quando
3238 2159 3412 2214 factus

1832 2266 1914 2308 est
1956 2255 2139 2308 homo.
2173 2253 2328 2308 Tune
2364 2254 2508 2308 enim
2545 2252 2841 2306 secundum
2876 2259 3126 2304 naturam
3161 2250 3208 2304 ei
3244 2265 3410 2318 copu-

1835 2347 2026 2406 lantur,
2079 2344 2371 2410 eademque
2424 2342 2810 2410 conjunctione
2869 2355 2973 2408 qua
3018 2337 3270 2408 palmites
3315 2339 3408 2391 viti

1833 2437 1933 2505 ipsi
1966 2436 2176 2499 inserti,
2208 2435 2426 2504 pietatis
2476 2435 2530 2487 in
2572 2434 2738 2488 Deum
2773 2433 2980 2486 fruetus
3006 2433 3236 2485 edimus.
3276 2430 3410 2484 Ver-

1833 2531 1957 2582 bum
1994 2529 2171 2597 itaque
2206 2527 2296 2580 Dei
2327 2526 2737 2580 fundamentum
2767 2532 3011 2578 nostrum
3037 2524 3272 2592 positum
3305 2531 3410 2582 est.

1831 2637 1950 2674 cum
1987 2621 2376 2673 humanitatem
2423 2617 2717 2686 assumpsit
2767 2635 2782 2670 :
2829 2632 2925 2670 nos
2968 2631 3094 2670 vero
3136 2615 3184 2668 ei
3241 2614 3408 2668 Veluti

1831 2711 2244 2778 sanctiquidatn
2272 2709 2478 2776 lapides
2504 2706 3028 2775 superredificamur,
3074 2717 3132 2758 ut
3178 2716 3232 2757 et
3281 2716 3411 2758 tem-

1835 2801 1979 2868 plum
2015 2798 2374 2852 iultaltitantis
2405 2799 2459 2852 itt
2492 2798 2650 2851 nobis
2673 2797 2906 2866 Spiritus
2937 2798 3108 2849 sancti
3137 2812 3406 2851 vocentur.

2517 3011 2742 3068 ALIUD.

1911 3169 1929 3202 t
1965 3151 2105 3203 Ante
2157 3149 2354 3203 saecula
2404 3147 2648 3202 fundavit
2703 3163 2806 3201 me.
2843 3167 2864 3200 ι
2925 3149 3118 3218 Opera:
3177 3150 3408 3215 pretium

1833 3243 2192 3298 existimarint
2243 3240 2587 3295 evidentibus
2625 3239 2888 3308 exemplis
2929 3241 3146 3293 insanas
3193 3240 3410 3293 hzrreti-

1832 3349 2019 3390 corum
2052 3333 2336 3402 opiniones
2388 3331 2672 3385 confutare
2718 3349 2731 3385 :
2773 3331 2888 3386 ﬁeri
2935 3333 3080 3384 enim
3132 3341 3308 3399 potest
3353 3343 3409 3385 ιιι

1833 3423 1905 3475 ita
1931 3423 1996 3475 ad
2023 3420 2264 3475 veritatis
2291 3420 2653 3489 cognitionem
2698 3423 3084 3474 erubescentes
3109 3437 3136 3472 a
3163 3422 3411 3488 blasphe-

1834 3515 1957 3569 ntiis
1987 3513 2313 3568 abstineant.
2355 3512 2507 3579 Quod
2549 3512 2715 3582 igitur
2754 3511 3012 3564 fundatur
3039 3520 3094 3566 et
3143 3514 3196 3564 itt
3251 3514 3404 3565 illttttt

1833 3625 1990 3664 usum
2031 3608 2285 3670 sumitur,
2319 3623 2423 3661 non
2459 3606 2682 3661 omnino
2709 3615 2837 3660 tunc
2868 3605 3164 3659 cxsistendi
3196 3606 3407 3657 initiunt

1833 3703 2034 3757 haltere
2068 3703 2338 3764 cernitur,
2368 3700 2586 3768 quando
2621 3699 2674 3752 in
2705 3698 3114 3752 fundamentum
3153 3699 3406 3750 mittitur.

1841 3794 2000 3864 1'72
2047 3793 2181 3848 Nam
2211 3792 2438 3862 exempli
2468 3793 2666 3861 gratia,
2691 3805 2880 3844 saxum
2909 3791 2960 3843 in
2993 3799 3190 3842 terram
3215 3789 3407 3842 funda-

1835 3889 2002 3943 menti
2031 3888 2151 3942 loco
2178 3887 2407 3954 jactum,
2436 3900 2658 3940 necesse
2680 3893 2764 3938 est
2792 3894 2849 3938 ιιι
2898 3884 3128 3953 primum
3161 3899 3224 3936 es
3259 3894 3408 3950 petra

1833 3980 1920 4035 vel
1949 3995 2078 4050 rupe
2101 3981 2341 4034 excisum
2374 3979 2438 4032 ad
2460 3979 2722 4047 ejusmodi
2747 3994 2900 4031 usum
2930 3978 3406 4031 act-ommmletur:

1837 4074 1982 4141 atqui
2022 4075 2172 4142 prius
2203 4073 2438 4136 exsistit,
2469 4071 2663 4125 deinde
2695 4069 3034 4124 fundamenti
3067 4070 3186 4123 loco
3218 4069 3323 4123 alte
3353 4070 3405 4122 itt

1836 4174 2035 4218 terram
2068 4164 2391 4219 demittitur.
2429 4163 2499 4215 At
2527 4163 2571 4218 si
2601 4163 2722 4232 quis
2761 4177 2896 4216 saxo
2925 4162 2978 4215 itt
3011 4171 3212 4215 terram
3245 4162 3410 4215 misso

1836 4270 2026 4308 vocem
2059 4263 2114 4309 et
2159 4255 2491 4308 intellectum
2527 4253 2729 4307 homini
2757 4259 3144 4324 congruentem
3183 4251 3409 4318 tribuat,

1837 4349 1889 4402 id
1921 4351 1987 4402 de
2016 4348 2195 4416 seipso
2227 4348 2296 4400 ita
2333 4347 2511 4401 dicere
2541 4348 2740 4416 possit:
2761 4344 2962 4399 Saxum
2993 4345 3210 4415 quidem
3237 4360 3409 4408 erant,

162 4453 339 4490 ποντα
369 4437 696 4507 χορηγήσειε
729 4436 884 4500 νοῦν,
910 4441 1056 4492 εἴποι
1086 4438 1150 4492 ἂν
1185 4441 1251 4492 τά
1282 4440 1403 4493 καθ’
1435 4441 1626 4494 ἑαυτὸν
1651 4440 1734 4506 ἑξ-

1843 4442 1892 4491 itt
1917 4451 2050 4506 rupe
2067 4437 2146 4489 vel
2175 4445 2356 4490 monte
2377 4434 2563 4502 jaceus
2590 4453 2603 4488 :
2634 4449 2776 4488 nunc
2804 4448 2933 4487 vero
2950 4432 3121 4485 fartus
3149 4447 3264 4485 sum
3290 4431 3411 4484 fun-

161 4529 492 4598 ηγούμενος,
525 4529 606 4581 δτι
635 4527 797 4590 Λίθος
827 4529 928 4599 μὲν
954 4529 1100 4600 ήμην
1134 4532 1213 4593 εἰς
1246 4531 1449 4602 πέτραν
1484 4533 1735 4602 κείμενος

162 4621 206 4689 ἢ
228 4623 286 4672 ὲν
313 4621 457 4691 δρει·
486 4621 603 4672 νυνὶ
634 4619 691 4672 δὲ
724 4619 925 4688 γέγονα
970 4621 1235 4688 θεμέλιος,
1263 4622 1362 4692 τὴν
1406 4621 1734 4692 συνέχουσάν

165 4728 239 4780 με
268 4711 372 4781 γῆν
396 4711 883 4782 περιδεδλημένος.
915 4711 1074 4764 Οὕτω
1096 4729 1213 4776 πως
1244 4715 1457 4785 νοήσεις
1498 4714 1735 4778 εὐσεϐῶς

163 4802 264 4855 καὶ
293 4802 386 4854 ἐπὶ
422 4802 524 4872 τῆς
551 4801 648 4855 τοῦ
675 4802 810 4856 Θεοῦ
837 4802 1049 4873 σοφίας,
1078 4804 1344 4868 τουτέστι,
1371 4804 1463 4858 τοῦ
1487 4804 1616 4858 Υἱοῦ
1633 4820 1646 4834 ·
1667 4800 1735 4874 ἦν

168 4896 272 4966 μὲν
296 4895 407 4965 γὰρ
437 4897 495 4948 ἐν
522 4897 664 4966 ἀρχῇ
691 4896 827 4968 πρὸς
855 4896 946 4950 τὸν
985 4896 1140 4962 Θεὸν,
1180 4896 1277 4949 καὶ
1311 4895 1442 4960 Θεὸς
1473 4894 1562 4968 ἦν,
1594 4898 1738 4951 καθὰ

161 4984 497 5053 γέγραπται.
528 4983 657 5038 “Ovs
684 4984 744 5038 δὲ
771 4984 1022 5055 καθάπερ
1050 5001 1134 5048 τις
1177 4983 1322 5048 λίθος
1361 4984 1491 5038 ἄνευ
1539 4986 1740 5056 χειρῶν

164 5072 229 5136 ἐξ
261 5071 420 5143 ὅρους
447 5073 804 5144 ἀποτμηθεὶς,
829 5073 1127 5136 τουτέστιν,
1156 5074 1265 5127 ἀπὸ
1289 5075 1388 5144 τῆς
1426 5075 1613 5138 οὐσίας
1639 5073 1734 5128 τοῦ

165 5161 384 5232 Πατρὸς
414 5161 712 5231 προελθὼν,
742 5163 993 5234 καθάπερ
1022 5164 1144 5219 τινὰ
1181 5164 1288 5234 γῆν
1332 5164 1432 5235 τὴν
1459 5164 1732 5236 ἡμετέραν

164 5252 352 5323 σάρκα
390 5253 765 5326 περιεϐάλετο,
809 5255 930 5309 τότε
969 5256 1064 5310 καὶ
1101 5255 1526 5326 τεθεμελιιῖισθαί
1572 5273 1737 5328 φησιν

163 5346 384 5408 ἑαυτὸν,
402 5347 683 5417 μονονουχὶ
708 5347 898 5416 λέγων’
915 5347 1088 5416 Λόγον
1111 5348 1178 5418 μὲ
1200 5347 1328 5402 ὄντα
1354 5349 1448 5401 καὶ
1468 5349 1592 5402 Υίὸν
1606 5349 1736 5420 άλη-

163 5439 311 5494 om
331 5441 361 5492 ό
385 5441 574 5510 Πατὴρ
601 5441 774 5511 γηΐνῳ
802 5439 1164 5512 περιϐέϐληκε
1186 5439 1421 5511 σώματι,
1457 5441 1543 5494 ἵνα
1575 5441 1738 5511 θεμέη

161 5533 278 5596 λως
321 5532 566 5602 γένωμαι
612 5533 706 5586 καὶ
741 5533 884 5604 ἀρχὴ
916 5532 1024 5586 τῶν
1070 5533 1609 5604 ὲποικοδομουμὲνων
1655 5535 1736 5596 εἰς

238 5711 258 5740 ⁸
285 5709 443 5763 Joan.
482 5726 567 5772 xv,
601 5710 655 5763 ὃ.
730 5711 750 5740 ²
787 5708 937 5763 Joau.
968 5725 1008 5776 ι,
1051 5709 1102 5773 Ι,
1136 5709 1193 5762 2.

1841 4527 2171 4589 dantentnm,
2207 4537 2362 4578 terra:
2387 4539 2508 4592 qua:
2550 4525 2794 4579 continet
2830 4524 3077 4577 obrutus.
3128 4518 3202 4574 Ita
3245 4530 3408 4574 etiam

1840 4615 1925 4684 pie
1949 4615 2015 4669 de
2044 4615 2305 4685 sapientia
2343 4615 2458 4678 Dei,
2492 4615 2596 4669 hoc
2623 4621 2708 4668 est
2743 4613 2902 4676 Filio,
2921 4612 3169 4682 judicare
3198 4611 3410 4681 possis:

1839 4717 1959 4762 erat
1991 4709 2135 4762 enim
2172 4709 2222 4760 in
2264 4706 2528 4776 principio
2577 4707 2714 4776 apud
2747 4705 2939 4768 Deum,
2992 4715 3046 4757 et
3085 4702 3227 4758 Deus
3269 4713 3411 4767 erat,

1839 4799 1979 4852 sicut
2010 4799 2269 4868 scriptum
2299 4808 2381 4852 est
2403 4799 2444 4850 '.
2468 4794 2694 4862 Quando
2724 4805 2904 4849 autem
2932 4795 3092 4850 veluti
3130 4795 3264 4864 lapis
3292 4795 3412 4863 qui-

1844 4888 1990 4952 datn,
2011 4888 2153 4941 nulla
2181 4902 2436 4940 manuum
2462 4902 2624 4957 opera
2649 4901 2679 4940 e
2711 4897 2893 4942 monte
2913 4888 3147 4949 excisus.
3176 4889 3277 4941 hoc
3299 4895 3402 4944 est.

1841 4994 1907 5034 ex
1944 4981 2181 5034 essentia
2231 4980 2405 5033 Patris
2453 4981 2776 5049 procedens,
2821 4995 2986 5034 carne
3031 4991 3214 5034 nostra
3248 4979 3409 5032 veluti

1843 5082 1988 5126 terra
2035 5071 2265 5139 quadam
2301 5071 2526 5124 obrutus
2574 5079 2679 5134 est,
2730 5079 2860 5123 tunc
2903 5069 3310 5123 fundamentum
3355 5083 3414 5121 se

1841 5165 1992 5229 dicit,
2022 5163 2172 5231 quasi
2201 5163 2342 5217 dicat
2374 5179 2388 5215 :
2433 5163 2592 5216 Pater
2630 5177 2738 5227 me,
2771 5177 2892 5216 eum
2934 5163 3035 5216 sim
3075 5159 3312 5215 Veritum
3349 5175 3413 5212 ac

1845 5269 2004 5310 verus
2042 5254 2232 5318 Filius.
2265 5265 2482 5309 terreno
2505 5268 2730 5322 corpore
2767 5253 3010 5318 involvit,
3038 5263 3098 5306 ttt
3137 5251 3258 5304 ﬁam
3287 5250 3411 5303 fnu-

1842 5349 2153 5402 damentum
2182 5356 2236 5401 et
2263 5345 2588 5416 principium
2617 5360 2802 5398 eorum
2829 5345 2919 5413 qui
2945 5358 3109 5412 super
3132 5357 3216 5396 me
3245 5340 3413 5395 aedifi-

1843 5442 2111 5495 cabuntur
2149 5453 2244 5508 per
2293 5437 2452 5492 fidem
2473 5479 2489 5502 ,
2531 5444 2588 5490 ut
2613 5450 2905 5505 corporeus
2927 5449 3050 5489 eum
3081 5433 3160 5487 eis
3187 5431 3413 5486 eﬂ'ectus

1844 5533 2131 5603 suscipiam
2162 5546 2254 5588 eos
2289 5531 2343 5586 itt
2373 5546 2534 5586 unam
2576 5544 2786 5586 mecum
2823 5537 3151 5584 structuram
3186 5523 3411 5580 concin-
