3882 6210
477 262 575 319 τοι

1472 260 1530 316 S.
1574 258 1851 315 CYRILIJ
1889 258 2355 315 ALEXANDRINI
2399 260 2716 317 ARCHIEP.

3640 256 3751 317 ειιξ

480 386 661 438 natos.
693 385 857 445 alque
892 386 1204 446 compactos
1230 392 1325 447 per
1353 378 1731 449 cognationem
1761 378 2054 433 carnalem.

2179 381 2262 451 ἐμὲ
2295 382 2384 435 διὰ
2428 382 2531 453 τῆς
2564 383 2828 447 πίστεως·
2878 385 2973 437 καὶ
3013 400 3296 453 συσσωμο;
3351 383 3564 444 τούτοις
3607 383 3748 434 ἀνα-

477 466 733 537 δειχθεὶς,
764 458 1003 537 δέξωμαι
1072 468 1680 540 συναρμολογουμένους
1722 471 1967 540 φυσικῶς
2006 471 2100 524 καὶ
2139 473 2637 544 συνδεσμουμένους
2698 475 2833 545 πρὸς
2863 475 2962 543 ἐμὲ
2986 474 3073 528 διὰ
3100 474 3197 545 τὴν
3228 473 3369 528 κατὰ
3394 475 3577 543 σάρκα
3610 488 3747 539 συγ-

477 576 505 627 γ
517 560 713 614 ένειαν.

1158 678 1370 734 ALIUD
1391 711 1404 726 -

862 788 949 843 Ea:
975 789 1270 860 objectione
1301 795 1689 852 hereticorum.

550 925 622 979 At
661 939 768 995 quo
812 934 993 994 pacto,
1032 926 1306 995 iuquiunt,
1356 931 1527 998 possit
1567 931 1721 998 illud,
1764 953 1783 985 ι
1823 932 2071 990 fundavit

480 1033 584 1083 me,
611 1036 629 1069 ι
663 1018 727 1072 de
751 1018 1130 1073 incarnatione
1154 1008 1317 1075 Verbi
1342 1022 1589 1092 intelligi,
1615 1040 1736 1079 cum
1766 1026 1884 1095 ipse
1924 1028 2075 1081 dicat

477 1125 536 1164 se
569 1119 696 1166 ante
726 1110 922 1165 saecula
953 1110 1261 1176 fundatum,
1286 1123 1575 1183 antequam
1604 1126 1746 1171 terra
1772 1120 1924 1173 tieret
1948 1118 1987 1183 ³,
2017 1128 2072 1173 et

478 1214 764 1271 antequam
789 1217 1002 1259 montes
1027 1195 1432 1261 stabilirentur‘?
1448 1206 1786 1263 Manifestum
1807 1211 1950 1264 enim
1966 1219 2067 1277 est,

480 1296 664 1350 multis
690 1305 879 1364 postea
929 1299 1290 1366 temporibus,
1336 1314 1499 1369 quam
1551 1311 1722 1355 tutum
1756 1303 2068 1356 universum

478 1403 537 1447 et
575 1392 836 1463 quidquid
875 1393 931 1446 in
968 1407 1036 1447 eo
1066 1403 1171 1458 est,
1207 1393 1387 1460 ﬁeret,
1438 1395 1865 1451 incarnationem
1907 1396 2069 1452 Verbi

480 1482 678 1538 factam
708 1498 845 1539 esse.

991 1621 1201 1678 Salutio
1228 1623 1559 1693 objettionis.

552 1730 905 1803 Nequaquam
937 1734 1151 1791 diliicile
1176 1744 1259 1791 est
1291 1735 1357 1789 ad
1389 1734 1656 1805 ejusmodi
1694 1734 2070 1791 hazreticorunt

484 1823 824 1893 obiectiones
857 1827 1225 1895 respondere;
1259 1828 1568 1883 necessaria
1603 1836 1783 1882 tamen
1812 1837 1896 1883 est
1920 1827 2074 1881 audi-

2837 678 3052 731 AAAO.

2378 780 2475 855 Ὡς
2502 789 2572 854 ἐξ
2610 789 2966 856 ἀνέιθέσεως
2998 790 3118 845 τῶν
3151 792 3477 860 αἱρετικὼν.

2248 912 2357 975 Καὶ
2385 920 2501 985 πῶς
2532 922 2598 975 ἂν
2622 922 2865 989 δύναιτο,
2894 923 3061 992 φασὶ,
3098 924 3160 976 τὸ
3197 942 3214 974 ι
3249 925 3579 994 ἐθεμελίωσέ
3614 942 3687 995 με
3724 945 3743 976 9

2171 1020 2251 1082 εἰς
2279 1018 2379 1088 τὴν
2407 1017 2548 1088 μετά
2574 1017 2774 1089 σαρκὸς
2801 1018 3241 1088 ἐκλαμϐάνεσθαι
3271 1018 3363 1072 τοῦ
3406 1019 3581 1085 Λόγου
3608 1038 3743 1089 παρ-

2170 1112 2380 1177 ουσίαν,
2410 1111 2545 1164 ὅπου
2573 1111 2738 1180 φησὶν
2765 1111 2927 1173 αὐτὸς
2967 1111 3073 1180 πρὸ
3102 1111 3196 1164 τοῦ
3236 1113 3430 1174 αἰῶνος
3456 1112 3747 1183 ήδρᾶσθαι,

2172 1204 2280 1274 πρὸ
2310 1202 2406 1257 τοῦ
2440 1203 2539 1274 τὴν
2573 1202 2679 1272 γῆν
2705 1205 2952 1273 ποιῆσαι,
2988 1203 3092 1275 πρὸ
3117 1204 3211 1257 τοῦ
3242 1204 3342 1274 ὅρη
3375 1190 3746 1274 ἑδρασθῆναι;

2171 1296 2407 1368 Εὔδηλον
2435 1297 2543 1366 γὰρ
2572 1296 2647 1360 ὡς
2668 1295 2881 1361 πολλοῖς
2907 1296 3133 1365 ὕστερον
3162 1298 3371 1367 χρόνοις
3395 1298 3537 1367 μετὰ
3564 1297 3626 1348 τὸ
3656 1314 3746 1365 γε-

2172 1389 2356 1443 νέσθαι
2374 1389 2494 1442 τόδε
2517 1389 2576 1442 τὸ
2602 1390 2822 1456 σύμπαν
2848 1389 2940 1443 καὶ
2969 1389 3037 1442 τά
3060 1390 3117 1442 ἐν
3147 1389 3319 1459 αὐτῷ,
3347 1390 3572 1458 γέγονεν
3600 1392 3637 1461 ἡ
3668 1390 3749 1441 ἔνο

2175 1497 2375 1552 σαρκος
2405 1482 2687 1553 οἰκονομία
2719 1481 2813 1536 τοῦ
2848 1484 3049 1550 Λόγου.

2658 1617 2815 1686 Πρὸς
2844 1618 3023 1673 τοῦτο
3050 1612 3256 1687 λύσις.

2242 1729 2387 1801 Πρὸς
2418 1728 2485 1801 δὴ
2523 1728 2592 1782 τὰ
2631 1728 2853 1782 τοιαῦτα
2883 1730 2993 1782 τῶν
3025 1730 3314 1801 αίρετικῶν
3356 1732 3751 1802 προϐλήματα,

2172 1820 2435 1891 δυσχερὲς
2464 1820 2569 1891 μὲν
2601 1810 2758 1873 οὐδὲν
2795 1822 3130 1890 ἀντιλέγειν·
3166 1824 3327 1894 χρεία
3365 1824 3423 1877 δὲ
3461 1826 3615 1893 ὅμως
3656 1826 3752 1895 τῆς

486 1924 662 1970 torum
708 1916 995 1986 prudentia
1041 1927 1096 1972 et
1128 1919 1327 1988 pietas.
1372 1919 1527 1987 Quod
1574 1920 1720 1974 enim
1753 1921 1853 1974 sub
1908 1919 2069 1973 finem

2179 1913 2280 1965 τῶν
2310 1911 2676 1983 ἀκροωμένων
2714 1900 3016 1976 εύλαϐείας.
3044 1914 3163 1965 Ὀτι
3196 1914 3295 1984 μὲν
3338 1914 3445 1985 γὰρ
3481 1917 3581 1969 ἐπὶ
3610 1917 3753 1970 τέλει

483 2012 770 2081 ρι’τξεεηιίε
792 2012 972 2067 saeculi
1005 2013 1208 2068 Christi
1234 2015 1496 2069 adventus
1521 2029 1617 2083 per
1639 2029 1859 2068 carnem
1895 2009 2071 2070 factus

486 2106 583 2173 sit,
612 2120 792 2170 nemo,
822 2114 881 2159 ut
906 2106 1162 2169 arbitror,
1196 2119 1385 2161 eorum
1420 2107 1509 2175 qui
1538 2117 1685 2161 recte
1707 2107 1947 2161 sentiunt
1976 2121 2072 2159 ne-

483 2198 653 2267 gabit.
706 2196 990 2253 Manifesta
1038 2199 1186 2253 enim
1241 2208 1371 2254 sunt
1420 2210 1540 2268 qua".|
1585 2213 1740 2253 sacra
1789 2196 2069 2266 Scriptura

483 2292 804 2360 proclamat.
847 2293 916 2344 At
955 2289 1101 2346 Deus
1144 2291 1235 2361 qui
1289 2290 1468 2344 futura
1519 2291 1700 2346 omnia
1749 2290 1916 2354 novit,
1966 2303 2071 2343 non

484 2385 702 2452 quando
725 2397 812 2437 res
836 2383 965 2453 ipsa:
985 2382 1262 2446 eveniunt,
1286 2383 1449 2437 etiam
1478 2392 1606 2436 ante
1627 2382 2068 2437 constitutionem

486 2474 668 2529 mundi
729 2476 912 2536 novit,
971 2488 1094 2544 quae
1149 2474 1353 2529 ultimis
1413 2474 1751 2542 temporibus
1806 2483 2069 2528 eventura

482 2577 687 2625 essent.
739 2567 946 2623 Idcirco
991 2584 1108 2638 qua:
1152 2570 1325 2639 ipsum
1375 2568 1605 2633 decent,
1663 2567 1866 2621 faciens
1898 2610 1913 2630 ,
1965 2581 2069 2620 non

484 2663 703 2732 quando
737 2676 837 2716 nos
868 2660 997 2716 facti
1026 2676 1236 2727 sumus,
1274 2672 1400 2715 tunc
1434 2661 1667 2730 primum
1698 2660 1765 2714 de
1790 2660 1943 2714 nobis
1976 2662 2070 2714 de-

484 2752 701 2816 liberat,
731 2766 918 2805 verum
948 2750 1111 2805 etiam
1138 2760 1432 2818 antequam
1460 2750 1614 2805 fieret
1670 2762 1833 2819 terra,
1862 2760 1917 2806 et
1948 2762 2075 2808 ante

485 2842 688 2897 saecula
719 2856 897 2897 rerum
928 2851 1241 2897 nostrarum
1271 2858 1561 2898 successus
1590 2852 1644 2896 ει
1672 2856 1897 2899 eventus
1933 2861 2071 2914 pra:-

486 2936 640 2990 novit
667 2953 680 2989 :
713 2942 769 2987 et
807 2943 931 2988 ante
958 2932 1152 2987 sarcula
1187 2932 1431 2986 fundavit
1455 2932 1652 2987 Filium
1690 2948 1869 2999 suum,
1900 2950 2072 3003 quan-

485 3034 601 3078 tum
649 3024 716 3077 ad
770 3038 922 3077 suam
972 3024 1358 3092 praenotionem
1408 3025 1622 3088 attinet,
1669 3034 1726 3078 nt
1762 3042 1861 3080 nos
1912 3042 2076 3096 supct‘

494 3130 619 3169 eum
644 3115 920 3178 aedificati,
963 3130 1307 3185 resurgamus
1335 3115 1386 3169 in
1417 3116 1872 3187 incorruptionem
1900 3119 1942 3183 ",
1982 3121 2072 3190 qui

486 3207 726 3278 alioquin
764 3221 860 3276 per
891 3206 1050 3277 173
1076 3208 1573 3276 pnevaricationem
1610 3210 1664 3262 in
1702 3209 1979 3264 interitum
2018 3222 2072 3267 et

2170 2006 2266 2060 τοῦ
2292 2007 2556 2078 παρόντος
2578 2006 2773 2070 αἰῶνος
2800 2009 2829 2077 ἡ
2859 2007 2998 2077 μετά
3030 2009 3232 2081 σαρκὸς
3250 2008 3344 2062 τοῦ
3361 2011 3538 2077 Λόγου
3560 2011 3751 2077 γέγονε

2173 2103 2470 2173 παρουσία,
2496 2103 2596 2155 ούκ
2626 2102 2713 2167 ἂν,
2739 2100 2913 2173 οἶμαι,
2944 2104 3029 2167 τὶς
3052 2104 3159 2158 τῶν
3194 2100 3254 2157 εὖ
3281 2106 3626 2177 φρονούντων
3655 2109 3751 2178 ἀρ-

2172 2196 2414 2265 νήσαιτο.
2458 2195 2673 2264 Φανερά
2723 2194 2832 2264 γὰρ
2881 2196 2950 2248 τὰ
3004 2195 3063 2248 ἐν
3109 2198 3229 2259 ταῖς
3280 2196 3451 2259 θείαις
3500 2196 3752 2267 βοώμενα

2173 2286 2440 2359 Γραφατς.
2488 2288 2626 2340 Ἀλλ’
2658 2290 2686 2342 ό
2712 2288 2995 2357 γινώσκων
3018 2289 3089 2343 τὰ
3113 2290 3347 2360 ἐσόμενα
3377 2290 3507 2355 Θεὸς
3536 2293 3635 2345 καὶ
3657 2292 3752 2361 οὐχ

2172 2378 2261 2431 ὅτε
2307 2378 2515 2446 γίνεται
2540 2380 2609 2432 τὰ
2639 2382 2974 2452 πράγματα,
3008 2382 3103 2435 καὶ
3132 2382 3238 2453 πρὸ
3268 2382 3368 2453 τῆς
3399 2382 3493 2435 τοῦ
3545 2383 3750 2453 κόσμου

2173 2470 2482 2541 καταϐολῆς
2508 2471 2623 2541 ᾔδει
2651 2474 2719 2525 τά
2740 2474 2798 2525 ἐν
2824 2474 3070 2543 ἐσχάτοις
3102 2473 3494 2544 συμϐησόμενα
3515 2479 3748 2545 καιροῖς.

2173 2562 2264 2615 Διὸ
2293 2562 2358 2633 δὴ
2382 2563 2451 2616 τά
2480 2563 2660 2634 ἐαυτῷ
2683 2564 2961 2634 πρέποντα
2981 2565 3258 2636 πράττων,
3289 2567 3387 2638 οὐχ
3411 2569 3501 2620 ὅτε
3530 2568 3745 2635 γεγόνα-

2179 2672 2299 2725 μεν,
2327 2656 2447 2708 τότε
2482 2654 2698 2726 πρῶτον
2728 2658 2857 2726 περὶ
2900 2657 3055 2728 ὴμῶν
3103 2656 3441 2727 βουλεύεται,
3476 2660 3621 2715 ἀλλὰ
3659 2661 3747 2712 καὶ

2175 2746 2304 2814 πρὶν
2353 2744 2602 2814 γενέσθαι
2635 2745 2734 2817 τὴν
2775 2747 2879 2816 γῆν
2920 2748 3013 2800 καὶ
3050 2752 3178 2812 τοὺς
3219 2748 3420 2812 αἰῶνας
3446 2789 3460 2812 ,
3497 2750 3657 2821 ἔσχεν
3693 2754 3749 2804 ἐν

2177 2836 2356 2907 ἐαυτῷ
2387 2836 2497 2891 τῶν
2544 2836 2669 2891 καθ’
2707 2839 2856 2909 ἡμᾶς
2900 2838 2998 2911 τὴν
3038 2839 3273 2907 γνῶσιν·
3310 2843 3406 2895 καὶ
3450 2844 3747 2913 προεθεμε-

2177 2927 2342 2981 λίωσε
2386 2928 2478 2981 τὸν
2524 2928 2721 2983 ἐαυτοῦ
2768 2930 2897 2984 Υίδν
2945 2932 3068 2985 ὅσον
3114 2934 3193 2996 είς
3231 2932 3329 2998 τὴν
3370 2935 3585 2989 οἰκείαν
3620 2937 3747 3005 προσ

2175 3034 2413 3085 γνωσιν,
2464 3019 2550 3072 ἵνα
2597 3022 2761 3090 ἡμεῖς
2806 3021 3324 3093 ἐποικοδομηθέντες
3370 3024 3541 3095 αὐτῷ,
3594 3027 3746 3079 πάλιν

2176 3111 2500 3180 ἀναστῶμεν
2527 3113 2609 3176 είς
2630 3113 2939 3185 ἀφθαρσίαν
2969 3117 3017 3167 οἱ
3048 3115 3304 3179 πεσόντες
3333 3117 3413 3176 είς
3436 3118 3649 3189 φθορὰν
3667 3120 3745 3173 διὰ

2175 3204 2275 3275 τὴν
2304 3204 2637 3275 παράϐασιν.
2675 3207 2829 3276 ᾚδει
2873 3208 2980 3278 γὰρ
3020 3209 3102 3262 ὅτι
3145 3210 3327 3281 νεκροὶ
3373 3211 3476 3280 μὲν
3515 3212 3748 3280 ἐσόμεθα

486 3299 892 3369 corruptionem
950 3299 1337 3353 incideramus.
1385 3298 1607 3355 Sciebat
1652 3304 1797 3356 enim
1848 3318 1947 3358 nos
1977 3320 2071 3373 per

2179 3296 2263 3350 διὰ
2306 3297 2404 3369 τὴν
2449 3298 2758 3370 ἁμαρτίαν·
2804 3301 3106 3371 κεισόμεθα
3150 3301 3208 3355 δὲ
3244 3278 3318 3355 *ἐν
3365 3278 3474 3373 γῆς
3516 3278 3745 3374 χώματι,

486 3400 771 3460 peccatum
817 3390 1133 3452 morituros,
1183 3400 1240 3445 et
1284 3399 1504 3460 propter
1549 3392 1972 3448 inobedientiam
2019 3395 2068 3448 in

2175 3390 2321 3446 καθὰ
2350 3391 2684 3464 γέγραπται,
2715 3392 2803 3446 διά
2829 3393 2929 3464 τὴν
2961 3395 3169 3448 ἑαυτῶν
3199 3395 3504 3459 ἀπείθειαν,
3529 3399 3745 3451 ἀκούον-

487 3480 738 3552 sepulcro
782 3489 960 3545 terrae,
996 3492 1055 3534 ut
1095 3481 1359 3549 scriptum
1405 3492 1513 3547 est,
1556 3485 1855 3550 cubituros,
1907 3499 2071 3556 atque

2179 3499 2297 3546 τες·
2343 3501 2361 3533 ‹
2400 3483 2474 3553 Γῆ
2510 3480 2598 3545 εἴ,
2633 3484 2729 3537 καὶ
2761 3486 2841 3549 είς
2875 3486 2980 3555 γῆν
3034 3487 3328 3560 ἀπελεύσῃ,
3371 3509 3390 3539 ι
3438 3490 3661 3561 Ἐπειδὴ
3696 3491 3745 3542 δὲ

486 3573 808 3628 audituros:
835 3589 854 3623 ι
881 3572 1047 3627 Terra
1071 3586 1150 3636 es,
1169 3583 1223 3626 et
1246 3574 1296 3625 iu
1324 3584 1523 3626 terram
1552 3577 1861 3629 reverteris.
1896 3595 1913 3627 ι
1937 3577 2071 3631 Cum

2179 3573 2392 3644 χρηστὰ
2432 3575 2560 3644 περὶ
2589 3575 2746 3645 ἡμῶν
2775 3576 2872 3629 καὶ
2901 3577 3068 3631 πάλαι
3098 3578 3527 3650 προεϐουλεύετο
3556 3584 3586 3635 ὁ
3614 3584 3745 3635 πάν-

491 3673 671 3719 autem
703 3678 824 3733 quae
870 3677 937 3719 ex
985 3677 1045 3717 re
1080 3674 1270 3717 nostra
1316 3673 1495 3730 erant,
1538 3665 1704 3718 etiam
1753 3666 1822 3719 ab
1870 3677 2071 3721 aaterno

2179 3676 2280 3711 των
2309 3658 2468 3730 ἡμῶν
2514 3663 2745 3733 ποιητής
2789 3680 2849 3716 τε
2886 3666 2982 3733 καὶ
3017 3665 3370 3737 δημιουργὸς,
3416 3671 3747 3743 προεθεὼρει

490 3754 859 3825 praecogitat".
896 3753 1137 3810 omnium
1171 3763 1420 3809 nostrum
1465 3757 1716 3811 conditor
1754 3767 1809 3811 et
1836 3768 2071 3823 creator,

490 3845 741 3916 praevidit
771 3854 933 3913 atque
963 3846 1253 3913 prastiuivit
1287 3860 1413 3899 eum
1465 3846 1558 3916 qui
1608 3857 1831 3917 propter
1878 3863 1977 3903 nos
2020 3858 2076 3903 et

490 3951 590 4006 pro
636 3936 793 3990 nobis
836 3936 997 3990 homo
1043 3936 1257 3991 futurus
1309 3949 1475 4002 esset,
1531 3940 1633 3993 hoc
1682 3950 1786 4007 est,
1838 3939 2073 3994 Verbum

489 4041 671 4091 suum,
700 4035 760 4081 ut
787 4027 999 4082 initium
1022 4028 1232 4081 viarum
1257 4037 1312 4083 et
1337 4028 1747 4085 fundamentum
1772 4033 2077 4100 reperiatur

491 4118 807 4173 instaurata:
848 4118 902 4172 in
951 4118 1067 4188 ipso
1095 4119 1347 4175 humana:
1379 4132 1585 4175 natura:
1614 4123 1680 4176 ad
1716 4122 2078 4193 incorruptio-

493 4226 640 4276 nem,
675 4220 840 4279 utque
873 4221 1095 4265 vocetur
1136 4214 1530 4283 primogenitns
1581 4216 1633 4268 in
1663 4214 1847 4269 multis
1881 4214 2071 4269 fratri-

491 4306 594 4359 bus
612 4303 658 4368 ⁵,
695 4313 751 4357 et
778 4312 1027 4373 resurgat
1062 4305 1299 4374 primitia
1323 4320 1511 4358 eorum
1547 4307 1638 4373 qui
1672 4306 2008 4361 dormierunt
2030 4306 2072 4361 ⁸.

490 4396 647 4464 Quod
691 4397 836 4451 enim
889 4397 1328 4467 sapientissimus
1378 4396 1635 4452 Salomon
1675 4399 1725 4451 iu
1767 4397 2080 4454 Proverbiis

492 4489 668 4558 inquit
698 4508 713 4543 :
753 4506 772 4540 ι
802 4488 941 4543 Ante
971 4489 1167 4545 saecula
1214 4489 1459 4544 fundavit
1493 4504 1598 4550 me,
1632 4508 1650 4540 ι
1686 4499 1742 4544 et
1766 4506 1885 4558 quae
1916 4492 2070 4545 dein-

490 4595 618 4650 ceps
651 4591 984 4649 sequuntur,
1035 4583 1136 4636 hoc
1182 4583 1357 4652 ipsum
1394 4581 1628 4650 explicat
1656 4581 1854 4635 Paulus
1886 4582 1951 4635 ad
1982 4582 2074 4635 Ti-

2176 3749 2273 3803 καὶ
2310 3751 2584 3823 προώριζε
2616 3754 2708 3807 τὸν
2736 3755 2803 3807 δι’
2837 3756 2985 3825 ἡμᾶς
3013 3757 3110 3810 καὶ
3138 3758 3278 3830 ὑπὲρ
3310 3761 3468 3831 ἡμῶν
3497 3764 3747 3834 ἐσόμενον

2176 3841 2482 3913 ἄνθρωπον,
2508 3846 2780 3910 τουτέστι,
2808 3848 2898 3901 τὸν
2921 3849 3118 3903 ἐαυτοῦ
3148 3851 3343 3919 Λόγον,
3370 3852 3456 3906 ἵνα
3483 3857 3580 3908 καὶ
3612 3857 3746 3927 ἀρχὴ

2176 3933 2312 3986 ὁδῶν
2365 3935 2459 3988 καὶ
2519 3934 2769 4007 θεμέλιος
2825 3938 3054 4011 εὑρεθῇ,
3123 3942 3618 4018 ἀνακαινιζομένης
3674 3952 3747 4011 εἱς

2178 4024 2485 4096 ἀφθαρσίαν
2513 4029 2613 4099 τῆς
2637 4029 2925 4101 ἀνθρώπου
2950 4032 3166 4102 φύσεως
3195 4036 3254 4088 ἐν
3285 4037 3458 4109 αὐτῷ,
3494 4042 3592 4093 καὶ
3628 4059 3747 4112 χρη-

2181 4118 2385 4191 ματίσῃ
2406 4122 2747 4191 πρωτότοκος
2780 4124 2837 4177 ἐν
2858 4123 3071 4189 πολλοῖς
3105 4125 3386 4196 ἀδελφοῖς,
3418 4132 3514 4184 καὶ
3544 4132 3744 4202 ἀναστῇ

2177 4210 2285 4264 τῶν
2321 4212 2740 4283 κεκοιμημένων
2770 4216 3015 4288 ἀπαρχή.
3047 4218 3224 4289 Ὅπερ
3253 4219 3363 4290 γάρ
3405 4221 3434 4273 ὁ
3479 4225 3746 4293 πάνσοφος

2179 4303 2431 4374 Σολομῶν
2457 4307 2514 4358 ἐν
2534 4308 2651 4369 ut;
2684 4306 3018 4377 Παροιμίαις
3046 4311 3180 4381 φησί
3198 4330 3213 4344 ο
3248 4331 3265 4362 ι
3293 4314 3405 4385 Πρὸ
3428 4315 3527 4367 τοῦ
3557 4318 3745 4381 αἰῶνος

2179 4395 2510 4466 ἐθεμελίωσέ
2554 4414 2644 4467 με,
2680 4417 2697 4448 ι
2732 4401 2827 4451 καὶ
2862 4400 2932 4453 τὰ
2960 4401 3168 4466 τούτοις
3202 4405 3399 4474 ἐφεξῆς
3422 4421 3435 4434 ·
3469 4406 3629 4460 τοῦτο
3660 4412 3745 4461 καὶ

2177 4486 2206 4538 ό
2245 4484 2456 4549 Παῦλος
2495 4487 2781 4557 σαφηνίζει
2817 4488 2953 4557 πρὸς
2992 4490 3257 4560 Τιμόθεον
3293 4494 3384 4547 τὸν
3415 4496 3614 4550 ἑαυτοῦ
3651 4516 3739 4567 μα-

2181 4578 2348 4649 θητὴν
2397 4578 2731 4631 ἐπιστέλλων
2760 4573 2899 4633 ὦδεο
2936 4600 2954 4632 ι
2989 4582 3488 4656 Συγκακοπάθησον
3532 4590 3612 4659 τῷ
3652 4592 3745 4643 Εὖ-

490 4671 764 4725 mmheum
804 4672 1126 4741 discipulum
1180 4686 1335 4727 suum
1381 4675 1629 4729 scribens
1674 4692 1687 4728 :
1734 4692 1753 4725 ι
1787 4673 2069 4727 Collabora

2179 4674 2416 4745 αγγελίῳ
2442 4675 2583 4729 κατὰ
2607 4675 2835 4747 δύναμιν
2860 4679 2995 4732 Θεοῦ
3024 4679 3119 4734 τοῦ
3158 4682 3429 4748 σώσαντος
3460 4688 3631 4757 ἡμᾶς,
3661 4693 3745 4742 καὶ

490 4763 544 4815 in
576 4761 870 4832 Evangelio
900 4766 1195 4819 secundum
1227 4765 1478 4820 virtutem
1513 4766 1630 4831 Dei,
1684 4766 1773 4836 qui
1806 4780 1904 4820 nos
1938 4766 2070 4820 lihe-

2179 4767 2504 4831 καλέσαντος
2558 4768 2747 4840 κλήσει
2789 4770 2944 4843 ἁγίᾳ,
2986 4773 3049 4826 ού
3096 4777 3238 4829 κατά
3278 4776 3347 4830 τὰ
3389 4778 3529 4849 ἔργα
3573 4784 3742 4851 ἡμῶν,

490 4856 652 4918 ravit,
678 4864 735 4908 et
758 4856 974 4910 vocavit
1012 4857 1297 4912 vocatione
1334 4873 1428 4912 sua
1468 4866 1677 4924 sancta,
1725 4873 1829 4912 non
1874 4873 2071 4914 secun-

2179 4858 2312 4913 ἀλλά
2354 4860 2497 4914 κατὰ
2544 4861 2681 4916 ἰδίαν
2727 4862 2989 4935 πρόθεσιν
3031 4866 3126 4921 καὶ
3157 4869 3316 4940 χάριν
3355 4870 3454 4941 τὴν
3508 4871 3743 4928 δοθεῖσιν

456 4967 461 4973 ι
491 4947 619 5000 dum
657 4959 820 5015 opera
857 4958 1064 5016 nostra,
1098 4947 1192 5002 sed
1223 4948 1521 5003 secundum
1546 4950 1878 5020 propositum
1910 4965 2068 5005 suum

2179 4953 2307 5022 ἡμῖν
2350 4954 2409 5005 ἐν
2451 4953 2672 5025 Χριστῷ
2712 4955 2887 5027 Ἰησοῦ
2919 4958 3026 5030 πρὸ
3054 4960 3261 5032 χρόνων
3290 4963 3547 5029 αίωνίων,
3585 4984 3741 5036 φανε-

485 5047 541 5092 et
572 5038 800 5109 gratiam
833 5053 952 5108 qua:
981 5041 1105 5094 data
1137 5050 1223 5094 est
1254 5041 1409 5095 nobis
1446 5041 1498 5095 in
1528 5041 1748 5097 Christo
1780 5041 1906 5097 Jesu
1940 5051 2068 5096 ante

2179 5042 2445 5115 ρωθεῖσάν
2493 5063 2553 5098 τε
2599 5045 2694 5100 νῦν
2736 5048 2827 5104 διὰ
2869 5051 2969 5122 τῆς
3017 5052 3337 5121 ἐπιφανείας
3365 5054 3460 5109 τοῦ
3504 5057 3744 5129 Σωτῆρος

487 5139 731 5200 tempora
756 5132 1060 5195 saecularia,
1100 5130 1442 5187 manifestata
1472 5142 1557 5188 est
1588 5144 1766 5189 autem
1800 5149 1942 5189 nunc
1972 5147 2070 5205 per

2179 5135 2335 5206 ἡμῶν
2375 5135 2549 5207 Ἰησοῦ
2574 5139 2839 5210 Χριστοῦ,
2870 5146 3322 5215 καταργήσαντος
3347 5147 3448 5217 μὲν
3480 5149 3573 5201 τὸν
3600 5149 3743 5204 θάνα-

448 5222 933 5317 inluminationem
979 5222 1279 5281 Salvatoris
1328 5226 1499 5280 nostri
1541 5224 1669 5281 Jesu
1713 5226 1938 5294 Christi,
1972 5227 2066 5296 qui

2179 5245 2284 5293 τον,
2312 5231 2647 5298 φωτίσαντος
2668 5233 2727 5286 δὲ
2751 5234 2898 5306 ζωὴν
2923 5239 3018 5289 καὶ
3058 5237 3390 5309 ἀφθαρσίαν.
3429 5258 3449 5291 ι
3482 5241 3545 5293 Εἰ
3574 5242 3743 5295 τοίνυν

439 5315 757 5371 idestruxit
781 5315 1003 5386 quidem
1029 5325 1281 5382 mortem,
1321 5318 1647 5373 illuminavit
1681 5327 1860 5374 autem
1900 5319 2063 5374 vitam

2179 5322 2268 5375 καὶ
2298 5324 2408 5395 πρὸ
2438 5322 2534 5377 τοῦ
2566 5325 2783 5390 αἰῶνος,
2812 5325 2968 5380 οὔπω
2992 5329 3277 5397 γεγονότες
3305 5329 3530 5402 δηλαδὴ,
3563 5330 3741 5403 κλήσει

484 5416 537 5460 et
560 5408 1072 5478 incorruptionem'.
1099 5429 1118 5461 ι
1146 5409 1203 5465 Si
1233 5424 1364 5480 ergo
1394 5420 1522 5466 ante
1550 5411 1767 5476 sacula,
1805 5412 2064 5467 nimirum

2179 5411 2304 5482 ἁγίᾳ
2337 5411 2652 5485 κεκλήμεθα
2687 5418 2826 5469 κατὰ
2854 5416 3016 5487 χάριν
3042 5419 3136 5471 καὶ
3164 5420 3423 5489 πρόθεσιν
3454 5421 3552 5475 τοῦ
3578 5425 3738 5477 πάντα

485 5516 609 5555 cum
638 5502 875 5557 nondum
910 5502 1038 5559 facti
1062 5517 1329 5571 essemus,
1370 5504 1648 5561 vocatione
1678 5514 1864 5562 sancta
1892 5506 2068 5561 vocati

2179 5504 2479 5573 προειδότος
2524 5506 2681 5572 Θεοῦ,
2734 5508 3051 5581 κεκλήμεθα
3091 5510 3150 5564 δὲ
3183 5513 3241 5566 ὲν
3285 5514 3508 5587 Χριστῷ
3554 5514 3738 5586 Ἰησοῦ,

560 5679 580 5710 ³
616 5682 771 5735 l‘rov.
803 5696 917 5747 VIII,
946 5680 1133 5737 2535.
1216 5684 1236 5715 ⁸
1266 5681 1441 5753 I_Cor.
1477 5699 1564 5751 xv,
1607 5684 1694 5740 55.
1771 5687 1792 5719 ⁸
1828 5686 1985 5741 Rom.
2018 5702 2136 5755 vnt,
2177 5688 2267 5745 ἓξ).
2343 5691 2362 5721 θ
2393 5688 2559 5745 lCor.
2593 5706 2681 5758 xv,
2711 5691 2799 5745 20.
2880 5694 2897 5723 ⁷
2935 5693 2975 5747 ll
3003 5691 3140 5747 Tim.
3174 5709 3211 5759 I,
3246 5693 3397 5749 8-10.
