3882 6210
224 308 337 363 293

1610 296 2050 364 TIIESAURUS.

3390 307 3497 365 294

222 432 385 502 δῆλον
423 429 491 485 ἂν
520 430 607 500 εἴη
654 429 748 483 καὶ
797 429 959 483 παντί
993 447 1072 500 τῳ
1101 430 1305 500 σαφὲς,
1351 431 1544 502 ὅτιπερ
1590 431 1688 501 οὐχ
1724 430 1810 485 ὅτε

1920 443 2104 483 sumus
2133 429 2431 484 secundum
2457 428 2691 500 gratiam
2718 437 2770 482 et
2796 418 3131 497 propositum
3162 427 3495 494 prmscientis

221 523 638 593 τεθεμελίωται,
661 522 784 576 τότε
819 522 915 575 καὶ
943 521 1120 592 ἀρχὴν
1163 522 1259 574 τοῦ
1297 518 1437 575 εἶναι
1476 522 1744 594 λαμϐάνει
1777 524 1807 575 6

222 615 319 670 τοῦ
365 614 502 668 Θεοῦ
532 615 739 685 Λόγοςο
771 613 905 667 ἀλλά
949 614 1049 685 τὴν
1082 612 1345 684 ἐνσαρκον
1374 614 1569 668 ἑαυτοῦ
1600 631 1808 685 παρου-

224 707 350 760 σίαν
392 706 687 779 ἐρμηνεύει
732 706 822 759 διὰ
862 691 1069 759 τούτων
1097 746 1113 771 ,
1165 707 1260 759 καὶ
1307 706 1415 777 πρὸ
1460 706 1554 759 τοῦ
1612 706 1806 769 αἰῶνος

222 800 500 872 ήδρᾶσθαί
533 817 666 871 φησι
687 801 783 854 καὶ
807 799 915 872 πρὸ
945 799 1165 855 πάντων
1188 799 1300 853 τῶν
1329 800 1665 870 κτισμάτων,
1683 800 1807 853 ὅσον

222 893 306 957 εἰς
328 894 430 965 τὴν
463 893 775 965 πρόγνωσιν
806 891 901 946 τοῦ
938 890 1175 964 Πατρός.

231 1181 577 1234 ΑΛΛΟ.”Ετι
628 1181 719 1245 εις
745 1178 833 1242 τὸ,
874 1194 894 1229 ι
924 1178 1139 1247 Κύριος
1169 1177 1373 1231 ἐκτισέ
1397 1196 1494 1246 με,
1526 1196 1545 1230 ι
1588 1193 1690 1232 κα,
1719 1180 1808 1245 εἰς

382 1253 473 1315 τὸ,
513 1270 533 1302 t
560 1249 680 1319 Πρό
710 1248 818 1303 τοῦ
846 1246 1062 1313 αἰῶνος
1093 1248 1449 1318 ἐθεμελίωσέ
1474 1265 1571 1317 με.
1603 1267 1623 1299 ι

298 1361 463 1431 Λέγει
507 1376 609 1413 που
640 1359 853 1423 Παῦλος
896 1358 1166 1428 Ἐφεσίοις
1193 1358 1556 1414 ἐπιστέλλωνο
1591 1380 1610 1413 t
1641 1359 1803 1415 Εὐλο-

226 1452 397 1524 γητὸς
441 1452 471 1505 6
516 1450 648 1513 Θεὸς
696 1451 792 1504 καὶ
838 1451 1027 1523 Πατὴρ
1073 1450 1167 1504 τοῦ
1202 1452 1410 1522 Κυρίου
1437 1451 1595 1523 ήμῶν
1630 1452 1807 1525 Ἰησοῦ

227 1542 491 1616 Χριστοῦ,
518 1544 548 1598 6
576 1538 879 1615 εὐλογήσας
925 1543 1073 1615 ἡμᾶς
1101 1544 1161 1596 ὲν
1192 1543 1342 1614 πάσῃ
1390 1542 1612 1615 εὐλογίᾳ
1643 1561 1810 1598 πνευ-

231 1638 437 1707 ματικῇ
464 1638 522 1689 ἐν
544 1633 656 1699 τοῖς
683 1633 1025 1705 ἐπουρανίοις
1057 1634 1115 1687 ἐν
1141 1628 1390 1704 Χριστῷο
1423 1632 1606 1697 καθὼς
1632 1633 1809 1698 ἐξελέ-

229 1728 357 1793 ξατο
375 1728 409 1798 ἠ
418 1727 526 1798 μᾶς
550 1727 606 1779 ἐν
626 1724 776 1795 αὐτῷ
808 1724 911 1796 πρὸ
932 1721 1237 1795 καταϐολῆς
1264 1727 1470 1795 κόσμου
1497 1721 1635 1778 εἶναι
1660 1725 1809 1795 ἡμᾶς

225 1819 417 1887 ἁγίους
470 1818 565 1872 καὶ
608 1816 871 1888 ἀμώμους
898 1815 1234 1870 κατενώπιον
1276 1812 1441 1870 αὐτοῦ
1492 1820 1551 1871 ἐν
1591 1819 1804 1892 ἀγάπῃ,

226 1914 525 1985 προορίσας
554 1912 702 1983 ήμᾶς
731 1913 810 1976 είς
838 1910 1110 1966 υἱοθεσίαν
1135 1911 1224 1965 διὰ
1256 1911 1429 1983 Ἰησοῦ
1460 1913 1698 1983 Χριστοῦ
1726 1914 1807 1976 είς

226 2007 411 2060 αὐτόν.
443 2025 463 2058 ι
503 2007 565 2059 Et
607 2006 786 2058 τοίνυν
838 2002 991 2057 οὔπω
1044 2004 1349 2073 γεγονότες,
1404 2006 1485 2068 είς
1537 2000 1807 2059 υἱοθεσίαν

226 2098 634 2173 προοριζόμεθα
661 2096 750 2151 διά
786 2096 961 2168 Ἰησοῦ
988 2095 1225 2166 Χριστοῦ
1256 2098 1335 2160 είς
1362 2097 1549 2165 αὐτὸν,
1584 2098 1678 2151 καὶ¹
1714 2097 1808 2149 εὐ-

226 2193 437 2261 λογίαις
469 2192 865 2261 πνευματικαῖς
906 2185 1275 2261 εὐλογοῦμεθά
1317 2190 1375 2243 ἐν
1420 2191 1529 2253 τοῖς
1571 2191 1809 2261 ἐπουρα-

228 2286 384 2350 νίοις,
417 2284 533 2347 πῶς
559 2284 658 2336 οὐκ
681 2283 745 2337 ἄν
771 2299 856 2345 τις
887 2280 1127 2345 ἀκούσας
1155 2281 1404 2350 λέγοντος
1431 2280 1526 2334 τοῦ
1554 2281 1684 2334 Υἰοῦ
1714 2281 1807 2335 τοῦ

228 2374 389 2435 Θεοῦ,
430 2394 447 2425 ι
480 2371 592 2444 Πρὸ
636 2370 729 2425 τοῦ
780 2371 977 2434 αἰῶνος
1028 2370 1355 2441 ἐθεμελίωσέ
1409 2388 1495 2442 με,
1530 2390 1547 2422 ι
1578 2371 1701 2425 ὅσον
1730 2374 1810 2435 εἰς

226 2467 332 2535 τὴν
358 2466 664 2536 πρόγνωσιν
706 2463 800 2516 τοῦ
846 2463 1057 2534 Πατρὸς
1084 2464 1151 2516 τὰ
1178 2465 1402 2517 τοιαῦτα
1432 2463 1609 2531 λέγειν
1649 2464 1811 2517 αὐτὸν

229 2557 625 2628 ὑπολαμϐάνοι,
652 2555 776 2610 καθ’
808 2556 874 2627 ἢν
908 2555 1348 2626 προγνωσθέντες
1376 2558 1433 2609 ὲν
1456 2556 1592 2626 αὐτῇ
1614 2556 1811 2628 κεκλή-

232 2655 396 2726 μεθα,
436 2655 529 2707 καὶ
578 2653 759 2724 πάσης
810 2651 1057 2720 εὐλογίας
1099 2649 1464 2720 ἀπολαύομεν,
1492 2650 1645 2704 οῦπω
1678 2651 1813 2722 πρὸς

230 2747 469 2817 ὓπαρξιν
501 2745 808 2817 ἐνεχθέντες
840 2746 994 2807 ὅλως,
1029 2743 1164 2798 ἀλλὰ
1213 2744 1426 2808 πολλοῖς
1468 2742 1692 2815 ὕστερον
1720 2760 1814 2811 γει

230 2836 454 2906 γονότες
484 2836 727 2905 καιροῖς;
759 2834 901 2887 Αὐτὸ
945 2833 1003 2886 δὲ
1030 2832 1093 2904 δὴ
1120 2832 1279 2885 τοῦτο
1319 2832 1635 2902 σαφέστατα
1664 2832 1812 2886 διδά-

230 2940 381 2981 σκων
406 2927 574 2997 ἡμᾶς,
606 2926 766 2988 αὐτὸς
797 2927 826 2979 6
857 2924 1062 2996 Κύριος
1090 2923 1275 2992 λέγει·
1314 2941 1332 2974 ι
1364 2923 1549 2989 Δεῦτε,
1583 2925 1632 2977 οἱ
1664 2924 1815 2977 εὐλο-

228 3016 462 3085 Τημένοι
484 3014 577 3067 τοῦ
605 3014 815 3085 Πατρός
842 3032 966 3085 μου,
992 3014 1438 3084 κληρονομήσατε
1466 3013 1563 3083 τὴν
1587 3016 1814 3085 ήτοιμα-

230 3106 439 3177 σμένην
479 3106 607 3175 ὐμίν
644 3104 918 3175 βασιλείαν
952 3103 1059 3158 ἀπὸ
1088 3104 1397 3174 καταϐολῆς
1444 3105 1672 3175 κόσμου.
1698 3124 1716 3156 ι
1749 3107 1811 3159 El
1841 3145 1884 3204 ο

226 3198 290 3252 δὲ
324 3196 621 3268 ἡτοίμαστο
664 3196 759 3251 καὶ
785 3199 818 3267 ή
855 3196 1101 3266 βασιλεία
1131 3195 1284 3267 παρά
1324 3196 1418 3249 τοῦ
1452 3196 1666 3269 Πατρὸς
1702 3199 1816 3261 τοῖς

228 3287 387 3341 οῦπω
423 3288 693 3357 γεγονόσι,
721 3289 815 3341 καὶ
844 3287 951 3358 πρὸ
977 3288 1074 3356 τῆς
1106 3286 1200 3341 τοῦ
1230 3287 1435 3359 κόσμου
1487 3287 1812 3358 καταϐολῆς,

230 3381 533 3452 ἡτοίμαστο
560 3380 616 3433 δὲ
651 3380 868 3443 πάντως
918 3381 977 3432 ἐν
1024 3379 1266 3451 Χριστῷ,
1300 3380 1525 3443 εἰκότως
1556 3380 1621 3433 ἂν
1665 3380 1816 3448 λέγοι

231 3472 369 3544 περὶ
414 3472 644 3526 ἑαυτοῦ·
705 3491 724 3523 t
771 3472 887 3543 Πρὸ
932 3471 1028 3524 τοῦ
1096 3471 1293 3534 αἰῶνος
1338 3470 1670 3540 ἐθεμελίωσέ
1725 3486 1814 3539 με,

232 3566 344 3637 πρὸ
370 3565 464 3619 τοῦ
493 3566 595 3635 ὅρη
621 3563 972 3635 ἑδρασθῆναι,
1004 3563 1112 3635 πρὸ
1142 3561 1236 3616 τοῦ
1268 3562 1552 3635 προελθεῖν
1582 3562 1683 3626 τὰς
1707 3579 1815 3633 πη-

233 3658 342 3728 γάς
368 3658 475 3711 τῶν
507 3657 736 3710 ὑδάτων.
756 3655 969 3709 »Ταῦτα
997 3656 1105 3728 γὰρ
1133 3655 1314 3710 πάντα
1344 3656 1442 3726 τῆς
1463 3656 1693 3718 κτίσεως
1718 3671 1817 3725 ση-

239 3756 421 3828 μαίνει
448 3755 549 3824 τὴν
580 3755 644 3807 ἐκ
670 3752 765 3806 τοῦ
799 3754 876 3824 μὴ
900 3752 1051 3815 ὄντος
1078 3753 1157 3815 είς
1181 3752 1242 3804 τὸ
1272 3747 1413 3805 εἶναι
1440 3750 1692 3821 πάροδον.

233 3871 441 3935 ΔΛΔΟ,
487 3867 943 3938 διηγηματικῶς,
990 3866 1064 3920 δι’
1101 3862 1174 3922 οὗ
1224 3866 1339 3932 τὴν
1381 3865 1578 3938 αἱτίαγ
1617 3863 1819 3938 ὢοςπερ

303 3933 690 4012 μανθάνομεκ
713 3938 820 4012 tot”:
846 3938 1208 4012 προωρίσᾷαι
1235 3933 1581 4012 liv-Aptasti),
1607 3934 1706 4012 καί
1731 3938 1819 4012 εἰς

309 4004 623 4067 ἰνίοθεσίιίν
649 4007 806 4078 ἡμᾶς
844 4004 1274 4077 κατατετάχθαι
1305 4006 1374 4071 ἐξ
1399 4004 1637 4075 ἀγάπης
1670 4004 1819 4059 Θεοῦ

311 4082 411 4136 καὶ
442 4079 693 4148 Πατρός.

308 4194 394 4248 Τά
424 4191 773 4263 συμφέροντα
813 4192 882 4261 τῇ
924 4188 1214 4261 ἀνθρώπου
1258 4188 1419 4258 φύσει
1450 4189 1756 4261 προνοήσας
1793 4190 1822 4242 6

236 4287 374 4349 Θεὸς
424 4286 521 4340 καὶ
569 4285 780 4355 Πατὴρ,
823 4283 921 4337 καὶ
965 4282 1249 4352 γινώσκων
1305 4282 1403 4351 μὲν
1446 4280 1529 4333 ὄτι
1576 4284 1822 4334 πεσεῖται

1907 520 2090 575 omnia
2131 521 2247 584 Dei,
2301 521 2476 574 vocali
2513 529 2695 574 autem
2737 533 2925 573 smnus
2971 518 3026 571 in
3061 517 3282 572 Christo
3329 510 3491 573 Iesu:

1906 612 2250 668 manifestum
2277 612 2521 683 profecto
2546 612 2719 667 cuivis
2745 610 2909 665 fuerit
2937 612 3102 679 quod,
3136 626 3240 665 non
3268 612 3485 677 quando

1908 705 2188 759 fundatmn
2239 703 2361 771 fuit,
2412 714 2522 759 tum
2565 704 2858 759 exsistendi
2898 703 3109 756 initium
3142 712 3359 757 nactum
3407 712 3497 758 est

1906 795 2144 851 Verbum
2188 797 2281 852 Dei
2313 814 2327 850 :
2365 797 2460 851 sed
2492 811 2589 866 per
2614 795 2731 850 haec
2761 797 3048 849 adventum
3078 808 3233 847 suum
3257 794 3309 847 in
3334 808 3496 846 carne

1909 887 2178 953 declarat,
2215 898 2271 943 et
2305 896 2432 942 ante
2466 887 2659 941 saecula
2706 887 2978 940 firmatum
3018 886 3117 950 ait,
3162 898 3323 955 atque
3370 897 3496 938 ante

1910 997 2102 1037 omnes
2131 966 2435 1045 creaturas,
2481 990 2742 1052 quantum
2784 982 2850 1035 ad
2898 981 3286 1050 praenotionem
3320 973 3498 1034 Patris

1906 1074 2119 1128 attinet.

1906 1180 2142 1239 ALIUD.
2180 1174 2245 1240 Ῐη
2269 1186 2424 1249 illud,
2463 1204 2481 1237 t
2510 1181 2765 1240 Dominus
2785 1188 2977 1240 creavit
3006 1203 3106 1249 me,
3131 1206 3153 1238 ι
3181 1197 3228 1240 et
3257 1187 3309 1239 in
3341 1186 3496 1249 illud,

2267 1275 2286 1308 ι
2323 1258 2458 1311 Ante
2482 1258 2680 1310 swcula
2720 1256 2960 1324 [undavit
2986 1273 3084 1310 me.
3116 1277 3133 1309 ι

1980 1362 2181 1418 Paulus
2219 1364 2283 1418 ad
2314 1363 2578 1435 Ephesios
2610 1362 2857 1420 seribens
2885 1364 2956 1417 ita
2990 1364 3104 1418 ait:
3135 1382 3153 1415 t
3176 1364 3499 1419 Benedictus

1911 1454 2054 1511 Deus
2088 1467 2143 1511 et
2166 1453 2330 1511 Pater
2361 1454 2575 1511 Domini
2612 1457 2784 1510 nostri
2815 1454 2941 1510 Jesu
2972 1453 3198 1520 Christi,
3225 1456 3314 1524 qui
3341 1454 3500 1508 bcne-

1909 1549 2049 1604 dixit
2072 1563 2171 1604 nos
2192 1548 2246 1604 itt
2268 1549 2415 1604 omni
2432 1548 2814 1603 benedictione
2841 1546 3072 1616 spiritali
3106 1548 3157 1601 in
3186 1546 3500 1601 coelestibus

1912 1640 1965 1694 in
1995 1640 2214 1697 Christo
2241 1655 2256 1695 :
2289 1641 2431 1696 sicut
2451 1640 2619 1709 elegit
2649 1655 2749 1694 nos
2777 1641 2831 1693 in
2861 1638 2980 1710 ipso
3008 1649 3132 1693 ante
3155 1640 3338 1693 mundi
3362 1654 3498 1693 con-

1913 1733 2277 1800 stitutionem,
2333 1742 2391 1787 ut
2444 1747 2691 1788 essemus
2742 1732 2916 1787 sancti
2959 1744 3015 1787 et
3064 1732 3396 1786 immaculati
3446 1731 3499 1785 in

1910 1836 2206 1896 conspectu
2252 1825 2370 1894 ejus
2406 1827 2459 1879 in
2509 1825 2798 1891 cbaritate,
2852 1824 3260 1895 prmdestinavit
3315 1837 3414 1877 nos
3445 1824 3498 1876 in

1910 1918 2200 1988 adoptione
2231 1918 2466 1972 filiorum
2492 1933 2587 1987 per
2604 1916 2788 1972 Jesmn
2815 1905 3091 1972 Christum
3122 1917 3175 1970 in
3205 1917 3379 1988 ipsum
3398 1913 3443 1969 ⁸.
3474 1934 3495 1967 ι

1914 2011 1973 2066 Si
2004 2026 2159 2080 ergo,
2191 2026 2313 2066 cum
2344 2011 2581 2065 nondum
2616 2010 2742 2064 facti
2771 2024 3037 2077 essemus,
3074 2010 3125 2064 in
3156 2008 3498 2077 adoptionem

1909 2103 2067 2159 electi
2097 2118 2284 2158 sumus
2317 2117 2413 2173 per
2454 2102 2735 2157 Christum
2770 2103 2823 2157 in
2856 2103 3051 2173 ipsum,
3082 2112 3137 2154 et
3166 2101 3499 2155 benedictio-

1911 2196 2072 2251 nibus
2104 2195 2441 2266 Spiritalibus
2471 2196 2524 2249 in
2563 2195 2880 2250 caelestibus
2922 2194 3296 2249 benedicimur
3335 2213 3350 2247 :
3399 2209 3499 2249 cur

1912 2301 2019 2341 non
2058 2301 2180 2340 cum
2221 2286 2346 2355 quis
2374 2285 2560 2341 audiat
2602 2285 2869 2340 dicentem
2911 2284 3106 2339 Filium
3146 2285 3261 2352 Dei,
3304 2304 3322 2337 t
3361 2286 3501 2339 Ante

1910 2375 2106 2430 sarcula
2136 2374 2384 2429 fundavit
2406 2390 2512 2441 me,
2546 2393 2565 2426 ι
2607 2373 2768 2445 174
2790 2384 3009 2429 censeat
3041 2375 3187 2428 illutn
3233 2374 3499 2445 ejusmodi

1912 2468 2093 2522 dicere
2150 2476 2400 2536 respectu
2449 2468 2804 2535 przenotionis
2858 2466 2974 2532 Dei,
3009 2482 3112 2536 qua
3166 2469 3392 2538 praenoti
3444 2466 3499 2520 in

1913 2558 2027 2627 ipsa
2063 2557 2238 2611 vocati
2274 2571 2486 2621 sumus,
2521 2558 2778 2626 omnique
2822 2557 3202 2612 benedictione
3248 2558 3498 2619 fruimur,

1912 2663 2034 2703 cum
2088 2649 2324 2703 nondntn
2372 2648 2595 2702 omnino
2642 2650 2770 2702 facti
2827 2663 3110 2711 essemus,
3175 2650 3269 2702 setl
3319 2648 3502 2702 multis

1912 2748 2097 2808 postea
2143 2739 2357 2794 sareulis
2409 2753 2531 2794 esse
2583 2740 2864 2795 consecuti
2914 2740 3128 2795 simus?
3183 2740 3345 2809 Atqui
3396 2740 3502 2794 hoc

1913 2832 2090 2901 ipsum
2130 2831 2574 2888 manifestissime
2605 2848 2703 2887 nos
2725 2833 2925 2887 docens
2956 2833 3068 2902 ipse
3096 2831 3378 2897 Dominus,
3416 2834 3500 2886 tli-

1912 2927 2021 2981 cit:
2046 2945 2065 2978 t
2088 2924 2302 2994 Venite,
2330 2926 2597 2982 benedicti
2619 2928 2795 2983 Patris
2820 2929 2947 2996 mei,
2985 2928 3253 2997 possidete
3277 2945 3499 2998 regnum

1914 3018 2054 3086 quod
2075 3028 2326 3087 paratum
2344 3028 2430 3074 est
2447 3020 2600 3074 vobis
2617 3030 2744 3074 ante
2763 3022 3204 3076 constitutionem
3226 3024 3464 3076 mundi’.
3478 3043 3496 3072 ι

1918 3109 1973 3164 Si
2000 3125 2130 3165 vero
2160 3112 2584 3179 etiamgregnnm
2621 3123 2869 3182 paratum
2897 3124 2982 3168 est
3009 3130 3037 3167 a
3071 3113 3232 3168 Patre
3260 3118 3499 3168 nondum

1915 3201 2097 3266 factis,
2133 3211 2294 3271 atque
2335 3212 2460 3257 ante
2504 3204 2838 3258 creationem
2889 3203 3097 3266 mundi,
3136 3217 3499 3273 praeparatum

1915 3306 2097 3350 autem
2135 3295 2359 3349 omnino
2397 3303 2483 3350 est
2518 3296 2572 3349 in
2599 3295 2837 3360 Christo,
2872 3297 3065 3351 merito
3095 3298 3161 3350 de
3185 3311 3243 3351 se
3280 3298 3395 3366 ipso
3418 3297 3502 3350 di-

1917 3400 2006 3444 cat
2037 3406 2051 3443 :
2082 3406 2101 3440 ι
2123 3389 2264 3443 Ante
2292 3389 2492 3444 saecula
2549 3390 2795 3445 fundavit
2832 3405 2916 3444 me
2944 3433 2959 3456 ,
2998 3393 3314 3460 priusquam
3350 3407 3503 3446 nion-

1917 3490 2001 3538 tes
2057 3482 2462 3548 stabilirentur,
2533 3482 2849 3553 priusquam
2916 3492 3264 3552 erumperent
3326 3484 3503 3539 fontes

1918 3590 2180 3645 aquarum
2209 3591 2224 3627 :
2270 3594 2290 3627 ι
2335 3574 2453 3630 hare
2472 3576 2615 3630 enim
2655 3574 2790 3630 nihil
2824 3575 2964 3630 aliud
2995 3576 3305 3646 significant
3338 3591 3501 3647 quam

1918 3676 2187 3723 creatura:
2217 3681 2285 3723 ex
2318 3667 2490 3724 nihilo
2520 3668 2589 3723 ad
2620 3684 2743 3725 esse
2766 3669 3186 3725 traductionem.

1917 3867 2149 3935 ALIUD,
2186 3868 2519 3935 explicantis,
2546 3885 2612 3923 ea:
2630 3885 2732 3939 quo
2755 3886 2971 3923 causam
3005 3870 3387 3939 quodammodo
3412 3890 3501 3927 co-

2000 3939 2325 4009 gnoscimus,
2359 3956 2456 3992 cur
2487 3941 2847 4008 prwdestinati
2880 3958 3061 3994 sumus
3101 3944 3155 3995 in
3194 3942 3422 4009 Christo,
3456 3956 3502 3999 et

1995 4010 2235 4079 adoptati
2254 4010 2311 4062 in
2340 4009 2480 4079 ﬁlios
2509 4026 2574 4064 ea:
2607 4011 2866 4064 clturitate
2899 4011 2993 4065 Det"
3023 4028 3085 4065 ac
3116 4012 3313 4068 Patris.

1993 4186 2136 4241 Deus
2180 4201 2244 4241 ac
2293 4184 2456 4242 Pater
2501 4188 2794 4257 praasciens
2823 4203 2943 4258 qua:
2991 4189 3239 4245 humanae
3296 4199 3503 4245 natura:

1921 4277 2282 4333 conducibilia
2328 4277 2528 4345 forent,
2584 4295 2756 4350 neque
2798 4281 3055 4352 ignorans
3087 4283 3231 4353 quod
3280 4284 3503 4339 omnino

238 4381 462 4442 πάντως
491 4378 572 4441 είς
601 4375 829 4447 φθορὰν,
849 4374 1049 4445 τρόπον
1075 4374 1131 4427 δὲ
1156 4373 1293 4444 αὐτῇ
1325 4373 1567 4445 ζητήσας
1588 4372 1816 4427 ἀνανεώ-

1922 4370 1976 4425 in
2010 4371 2412 4439 corruptionem
2465 4371 2786 4442 prolapsura
2839 4383 3006 4439 esset,
3053 4376 3321 4431 rationem
3373 4393 3504 4431 vero

239 4488 382 4535 σεως
410 4471 503 4523 καὶ
545 4471 646 4540 τῆς
679 4468 759 4533 εἱς
801 4466 1112 4538 ἀφθαρσίαν
1140 4465 1422 4530 ἐπανόδου,
1450 4465 1605 4537 ῥίζας
1633 4464 1816 4536 ὥσπερ

1925 4476 1990 4515 ae
2020 4460 2236 4515 modum
2266 4461 2676 4517 instaurationis
2707 4464 3145 4534 reductionisque
3165 4468 3230 4520 ad
3258 4458 3505 4521 incerru-

238 4564 382 4634 αὐτῇ
434 4565 533 4633 τῆς
577 4559 835 4631 τοιαύτης
868 4558 1083 4621 ἐλπίδος
1121 4559 1178 4610 ὲν
1206 4556 1284 4628 τῷ
1332 4556 1446 4627 ἰδίῳ
1496 4556 1816 4609 κατεϐάλετο

1926 4553 2164 4621 ptionem
2208 4554 2257 4608 ei
2316 4570 2604 4623 quaerens,
2662 4556 2828 4611 veluti
2878 4557 3088 4613 radices
3137 4559 3186 4613 ei
3242 4562 3503 4629 quasdam

239 4657 564 4726 γεννήματι,
594 4653 688 4706 καὶ
719 4654 801 4716 εἰς
829 4650 1099 4704 υἱοθεσίαν
1127 4650 1275 4721 ἡμᾶς
1317 4649 1595 4720 προορίζει
1626 4649 1695 4701 δι’
1723 4650 1816 4703 αῦ-

1920 4643 2179 4713 ejusmodi
2216 4646 2331 4715 spei
2362 4647 2473 4714 egit
2512 4647 2565 4702 in
2609 4646 2746 4704 Filio
2785 4664 2908 4714 suo,
2963 4658 3017 4704 et
3065 4650 3118 4705 in
3162 4653 3501 4722 adeptionem

240 4747 360 4810 τοῦ,
392 4746 485 4800 καὶ
530 4744 714 4814 πάσης
757 4740 1007 4810 εὐλογίας
1052 4740 1431 4809 πνευματικῆς
1461 4739 1622 4805 ἀξιοῖ,
1650 4738 1816 4793 καίτοι

1920 4751 2018 4791 nos
2058 4737 2406 4806 praedestinat
2447 4754 2544 4810 per
2581 4740 2792 4810 ipsum,
2837 4742 3092 4814 omnique
3127 4744 3504 4801 benedictione

240 4837 399 4890 οῦπω
444 4834 804 4905 γενομένους·
839 4833 904 4884 ἵν’
932 4832 1059 4884 ὅταν
1107 4829 1287 4900 συμϐῇ
1329 4832 1515 4881 πεσεῖν
1552 4830 1631 4891 εἰς
1667 4828 1825 4882 θάνα-

242 4944 337 4980 τον
350 4925 437 4979 διὰ
456 4926 553 4996 τὴν
577 4921 1114 4994 παράϐασιν,ὥσπερ
1143 4919 1200 4986 ἐξ
1226 4920 1457 4990 ἀρχαίας
1480 4918 1638 4990 ῥίζης
1662 4920 1824 4973 πάλιν

242 5018 327 5080 είς
353 5016 498 5085 ζωὴν
525 5014 931 5084 ἁναϐλαστήσῃ,
967 5013 1062 5065 καὶ
1086 5010 1161 5074 ὠς
1192 5010 1296 5081 ἤδη
1328 5009 1820 5082 προευλογηθεῖσα,

244 5108 326 5179 μὴ
365 5106 645 5169 παντελῶς
674 5105 780 5159 ὑπὸ
810 5105 906 5175 τὴν
942 5104 1189 5172 κατάραν
1231 5102 1478 5172 γένηται,
1508 5103 1636 5155 ὅταν
1661 5087 1826 5155 ἀκοῦ-

245 5216 320 5275 σῃ
341 5219 356 5234 ·
400 5220 419 5253 ι
446 5200 522 5270 Γῆ
549 5194 617 5263 εἶ,
638 5199 731 5252 καὶ
754 5199 835 5261 είς
856 5197 963 5267 γῆν
985 5195 1281 5268 ἀπελεύσῃ.
1315 5214 1332 5245 ι
1364 5193 1823 5265 Προθεμελιοῦται

240 5296 427 5349 τοίνυν
460 5294 617 5366 ἡμῶν
664 5295 693 5346 6
736 5291 989 5363 Χριστὸς,
1017 5290 1112 5343 καὶ⁹
1159 5290 1216 5341 ἐν
1250 5285 1400 5356 αὐτῷ
1429 5286 1630 5349 πάντες
1664 5286 1823 5356 ἡμεῖς

244 5386 765 5458 ἐποικοδομούμεθα,
803 5384 898 5437 καὶ
938 5383 1094 5435 τοῦτο
1124 5380 1230 5450 πρὸ
1276 5378 1579 5449 καταϐολῆς
1616 5379 1823 5449 κόσμου

243 5477 389 5532 κατά
422 5478 727 5548 πρόγνωσιν
755 5473 851 5527 τοῦ
878 5474 1055 5528 πάντα
1082 5470 1281 5534 εἰδότός
1309 5468 1443 5522 Θεοῦ
1467 5484 1479 5497 °
1513 5469 1620 5529 ἵνα.
1652 5469 1823 5524 καθά-

243 5587 353 5641 περ
379 5569 479 5639 ήδη
508 5567 864 5637 προείπομεν,
892 5562 1252 5635 ἀρχαιοτέραν
1281 5560 1494 5632 ἔχωμεν
1520 5559 1619 5629 τῆς
1651 5559 1822 5613 κατά-

319 5746 340 5775 ⁸
368 5745 563 5815 Ephes.
585 5742 778 5811 1.3-5.
855 5741 875 5772 ’
901 5739 1092 5797 Matth.
1128 5751 1256 5803 xxv,
1293 5736 1383 5791 54.
1464 5734 1506 5766 ¹⁰
1533 5733 1666 5790 Gen.
1699 5749 1783 5799 Ill,
1826 5735 1905 5790 l9.

1923 4826 2154 4897 spiritali
2184 4828 2453 4899 dignatur,
2472 4830 2636 4886 etiam
2678 4834 2914 4889 nondum
2945 4834 3115 4892 factos
3142 4854 3157 4891 :
3182 4848 3259 4905 ut,
3288 4841 3505 4906 quando

1926 4922 2270 4991 contingeret
2312 4923 2368 4977 in
2408 4934 2637 4979 mortem
2691 4925 2797 4981 labi
2839 4941 2937 4996 per
2978 4930 3499 4998 praevaricationem,

1924 5014 2089 5068 veluti
2121 5028 2191 5068 ex
2234 5014 2413 5083 prisca
2462 5015 2551 5069 illa
2601 5017 2781 5073 radice
2814 5034 3006 5075 rursus
3054 5025 3106 5076 in
3151 5023 3260 5077 vita
3306 5033 3501 5079 natura

1926 5104 2296 5175 repullularet,
2328 5116 2382 5161 et
2416 5115 2671 5177 tanquam
2712 5108 2823 5176 jam
2875 5121 3000 5166 ante
3047 5115 3353 5182 benedicta,
3396 5133 3502 5170 non

1930 5194 1983 5249 in
2013 5194 2325 5250 universum
2362 5198 2727 5254 maledictioni
2763 5201 2997 5257 obnoxia
3032 5204 3206 5269 fieret,
3249 5219 3371 5261 cum
3403 5222 3503 5262 au-

1928 5284 2071 5339 diret
2118 5306 2131 5341 :
2181 5303 2202 5337 ‹
2236 5287 2404 5342 Terra
2452 5305 2534 5351 es,
2592 5301 2646 5345 et
2693 5291 2745 5346 in
2785 5301 2986 5348 terram
3042 5295 3332 5353 reverteris
3378 5298 3442 5354 ".
3480 5318 3501 5351 ι

1928 5374 2099 5429 Antea
2117 5375 2301 5445 itaque
2324 5376 2480 5432 nobis
2494 5377 2828 5434 fundamenti
2849 5380 2968 5435 loco
2985 5382 3205 5450 ponitur
3233 5384 3503 5450 Christus,

1929 5475 2091 5535 atque
2116 5468 2169 5520 in
2191 5467 2308 5537 ipso
2329 5482 2427 5524 nos
2457 5484 2649 5525 omnes
2677 5472 3191 5540 supcraedilicatnnr,
3216 5482 3269 5527 et
3289 5474 3504 5543 quidem

1930 5568 2054 5614 ante
2080 5560 2415 5617 creationem
2444 5565 2628 5620 mundi
2652 5565 2807 5633 juxta
2847 5567 3231 5636 praenotionem
3264 5566 3355 5621 Dei
3384 5581 3504 5621 ont-
