3882 6210
397 268 507 326 9.95

1393 262 1451 314 S.
1498 258 1774 315 CYlllLLl
1817 252 2287 313 ALEXANDRINI
2325 256 2644 315 ARCHIEP.

3564 260 3666 319 296

404 400 497 438 tua
529 382 893 452 prmscientts,
952 388 1034 445 ul,
1067 379 1517 448 quemadmodum
1547 379 1707 434 modo
1734 379 1989 443 diximus,

2119 399 2195 444 tot;
2222 382 2320 452 τὴν
2347 382 2616 451 εὐλογίαν,
2639 380 2733 434 καὶ
2761 382 2858 450 τῆς
2886 380 2965 444 είς
2985 380 3076 434 τὸν
3100 378 3326 433 θάνατον
3349 381 3666 451 καταδίκης,

405 475 686 542 antiquior
718 474 770 526 in
805 472 962 527 nobis
1001 471 1072 525 sit
1117 470 1422 524 benedictio
1454 486 1615 539 quam
1660 470 1988 536 maledictio,

403 567 678 634 antiquior
706 565 992 635 promissio
1021 562 1088 616 ad
1122 563 1288 615 vitam
1321 577 1483 631 quam
1514 561 1894 616 condemnatio
1924 563 1991 617 ad

406 670 673 724 mortem,
724 657 1003 725 antiquior
1051 654 1331 724 adoptatio
1383 653 1434 707 in
1464 654 1766 707 libertatem
1828 668 1990 721 quam

407 750 674 804 diabolica
699 748 953 804 servitus.
1000 746 1157 799 lledit
1188 753 1368 799 autem
1402 753 1594 798 natura
1629 744 1681 798 in
1708 745 1991 814 pristinum

407 852 631 909 statum,
660 841 929 911 superatis
947 856 1065 910 qua:
1089 840 1342 905 deinceps
1374 838 1421 891 ei
1448 837 1786 901 acciderunt,
1818 836 1993 907 gratia

408 950 472 987 ac
511 934 779 987 beneficio
826 930 969 985 illius
1018 931 1106 999 qui
1156 946 1275 984 eam
1332 928 1577 982 fundavit
1633 928 1685 981 ln
1737 928 1891 981 bonis
1943 928 1993 981 in

408 1023 659 1086 Christo,
694 1035 1017 1089 rursumque
1061 1021 1118 1073 lit
1153 1019 1204 1073 id
1236 1019 1407 1087 ipsmu
1448 1020 1591 1087 quod
1627 1028 1745 1072 erat
1779 1020 1830 1073 in
1863 1034 1997 1087 prae—

409 1116 629 1170 notione
685 1115 800 1179 Dei,
847 1130 912 1169 ex
970 1111 1236 1167 charitate
1282 1110 1666 1179 prazdestinata
1702 1111 1768 1163 ad
1816 1110 1996 1163 omnia

411 1210 611 1278 optima
648 1223 742 1276 per
780 1206 996 1260 Filium.

595 1314 833 1381 ALIUD,
879 1331 971 1385 per
1001 1314 1397 1369 similitudinem
1427 1324 1474 1368 et
1501 1312 1817 1375 exemplum.

484 1454 751 1508 Caeterum
790 1467 1012 1506 necesse
1052 1460 1137 1506 est
1169 1461 1228 1504 ut
1257 1450 1568 1504 accuratius
1611 1449 2000 1518 investigemus

418 1546 576 1617 175
596 1560 703 1615 quo
722 1554 879 1613 pacto
895 1544 1049 1598 nobis
1068 1542 1329 1611 sapientia
1351 1541 1442 1595 Dei
1480 1550 1606 1594 ante
1632 1538 1829 1594 saecula
1862 1554 1999 1605 prie-

416 1640 636 1694 fundata
659 1636 1308 1703 fuerit.Quemadmodum
1332 1635 1376 1688 si
1401 1635 1523 1703 quis
1544 1634 1894 1699 architectus,
1914 1632 2002 1685 do-

2090 474 2189 542 τὴν
2231 475 2310 536 είς
2360 473 2505 543 ζωὴν
2551 472 2865 541 ὑπόσχεσιν,
2894 473 2987 525 καὶ
3034 472 3134 542 τῆς
3186 472 3252 523 ἐκ
3294 471 3392 525 τοῦ
3423 473 3670 527 διαϐόλου

2091 561 2353 627 δουλείας,
2378 564 2477 635 τῆς
2508 563 2778 626 υἱοθεσίας
2804 562 2900 633 τὴν
2926 562 3256 632 ἐλευθερίαν.
3275 564 3588 635 ’Λνατρέχει
3615 567 3673 619 δὲ

2092 651 2124 720 ἡ
2165 649 2327 720 φύσις
2347 652 2426 715 είς
2457 651 2516 704 τὸ
2548 653 2793 722 ἀρχαῖον,
2834 652 2903 706 τά
2945 651 3151 722 μεταξὺ
3182 653 3567 724 συμϐεϐηκότα
3596 673 3675 709 νι-

2094 742 2328 814 κήσασα,
2360 742 2447 795 διὰ
2484 743 2583 813 τὴν
2627 744 2788 813 χάριν
2820 743 2913 797 τοῦ
2948 743 3381 815 θεμελιὼσαντος
3412 747 3581 817 αὐτὴν
3614 749 3675 799 ὲν

2094 836 2318 904 ἀγαθοῖς
2364 837 2420 888 ὲν
2462 836 2705 907 Χριστῷ,
2751 837 2845 891 καὶ
2875 837 3039 891 πάλιν
3067 840 3244 891 ἐκεῖνο
3285 840 3493 906 γίνεται
3537 840 3675 910 ὅπερ

2093 924 2161 999 ἦν
2188 931 2244 982 ὲν
2276 928 2581 999 προγνώσει
2617 929 2709 982 τοῦ
2752 928 2909 994 Θεοῦ,
2937 930 2994 995 ἐξ
3029 931 3249 1002 ἀγάπης
3278 931 3675 1003 προοριζομὲνη

2098 1021 2235 1090 πρὸς
2273 1022 2447 1075 πάντα
2480 1021 2548 1074 τὰ
2572 1021 2831 1074 κάλλιστα
2858 1020 2925 1074 δι’
2956 1020 3111 1075 Υίοῦ.

2447 1320 2649 1385 ΑΛΛΟ,
2689 1320 2770 1386 ὡς
2807 1320 2876 1373 ἐν
2912 1320 3321 1392 ὑποδείγματι.

2171 1452 2297 1517 Πῶς
2338 1456 2471 1525 ἡμῖν
2515 1452 2970 1525 προθεμελιοῦται
3001 1456 3033 1526 ἡ
3068 1454 3161 1508 τοῦ
3197 1455 3333 1508 Θεοῦ
3374 1458 3539 1525 σοφία
3574 1456 3683 1526 πρὸ

2100 1545 2195 1598 τοῦ
2219 1544 2434 1607 αἰῶνος,
2454 1545 2751 1612 ἀναγκαῖον
2784 1544 3109 1598 ίδεῖν.”Ωσπε
3118 1563 3147 1617 ρ
3173 1546 3327 1611 εἴτις
3344 1548 3683 1618 ἀρχιτέκτων

2105 1636 2266 1706 σοφὸς
2282 1636 2431 1690 οἴκου
2456 1636 2801 1706 κατασκευῆς
2824 1638 3144 1709 ἀρχόμενος,
3165 1640 3423 1711 ἐννοήσας
3441 1658 3523 1705 τε,
3542 1641 3687 1694 κατὰ

416 1748 538 1786 mus
579 1730 991 1784 aediﬁcationem
1042 1726 1331 1795 incipiens,
1381 1726 1625 1793 cogitans
1680 1740 1889 1789 secum,
1943 1733 2001 1778 ut

2119 1728 2344 1792 ιὸείκὸς,
2377 1728 2453 1799 μή
2483 1745 2534 1781 τι
2565 1728 2674 1798 ἄρα
2699 1730 2793 1781 καὶ
2822 1729 3009 1795 πάθοι,
3041 1731 3319 1802 προϊόντος
3343 1731 3436 1785 τοῦ
3468 1732 3686 1802 χρόνον,

416 1842 514 1897 par
544 1835 650 1888 est,
676 1840 743 1877 ne
765 1823 956 1879 domus
981 1837 1235 1877 successu
1268 1808 1529 1889 temporis
1561 1820 1780 1889 aliquod
1809 1820 1997 1874 vitium

418 1917 649 1987 accipiat
683 1930 867 1970 eorum
911 1929 1030 1983 quae
1069 1912 1316 1968 domibus
1357 1911 1610 1967 accidere
1648 1910 1845 1976 solent,
1906 1910 2000 1963 fir—

419 2009 721 2064 missimum
776 2006 1184 2061 fundamentum
1222 2004 1389 2074 jacit,
1442 2019 1505 2059 ac
1553 2004 1719 2058 veluti
1766 2004 2001 2057 radicem

419 2100 799 2155 inconcussam
824 2097 1078 2166 operibus
1103 2098 1393 2167 excogitat,
1423 2105 1502 2163 ut,
1527 2096 1569 2149 si
1597 2096 1786 2147 vitium
1814 2092 2003 2157 faciat,

418 2209 542 2248 cum
568 2191 890 2262 principium
924 2191 1041 2244 sive
1066 2189 1479 2244 fundamentum
1503 2188 1706 2241 salvum
1730 2187 1822 2250 sit,
1846 2186 2003 2240 aliam

419 2299 609 2339 rursus
638 2282 859 2337 domum
902 2283 950 2337 ei
996 2291 1383 2350 superstruere
1428 2280 1593 2349 possit
1631 2293 1644 2328 :
1686 2278 1874 2333 eadem
1916 2292 2008 2331 ra-

422 2376 573 2431 tione
600 2374 842 2430 omniam
878 2383 1097 2428 creator
1125 2373 1400 2427 Christum
1435 2370 1627 2425 salutis
1662 2379 1860 2425 nostra:
1892 2367 2009 2422 fun-

422 2469 736 2523 damentum
765 2467 927 2522 etiam
975 2476 1101 2520 ante
1145 2465 1476 2519 creationem
1517 2465 1700 2518 mundi
1749 2463 1903 2531 jecit,
1943 2472 2002 2516 ut

421 2574 544 2612 cum
574 2573 695 2611 eam
743 2572 837 2626 per
886 2564 1165 2625 peccatqu
1206 2554 1524 2609 labefactari
1566 2554 1877 2623 contigerit,
1906 2553 2011 2607 ite-

425 2666 545 2704 rum
580 2651 631 2703 in
661 2652 777 2718 ipso
812 2649 1197 2704 instaurentur.
1229 2647 1504 2713 Quantum
1536 2648 1698 2718 igitur
1725 2647 1916 2705 attinet
1944 2646 2011 2699 ad

425 2746 713 2801 consilium
751 2755 805 2797 et
832 2742 1169 2813 prepositum
1213 2741 1410 2802 Patris.
1450 2742 1614 2796 etiam
1645 2750 1770 2796 ante
1814 2740 2011 2797 saecula

428 2838 690 2892 fundatur
714 2837 998 2897 Christus;
1029 2850 1165 2903 opus
1196 2850 1324 2889 vero
1348 2836 1520 2903 ipsum
1544 2848 1642 2889 suo
1668 2844 1907 2905 tempore
1936 2832 2015 2887 ef-

426 2931 627 2985 fectum
659 2938 766 2995 est,
805 2928 878 2982 ita
914 2928 1163 2997 exigente
1202 2927 1281 2980 rei
1340 2926 1689 2982 necessitate.
1722 2923 2013 2980 Instaurati

428 3022 572 3076 enim
608 3034 796 3074 sumus
849 3019 902 3072 in
952 3018 1191 3084 Christo,
1246 3017 1509 3071 adventus
1561 3018 1642 3072 sui
1694 3018 1747 3071 in
1792 3030 2011 3071 carnem

2104 1821 2213 1872 τῶν
2245 1820 2344 1871 ὅσα
2377 1820 2588 1888 πέφυκε
2616 1819 2858 1887 γίνεσθαι
2887 1822 3015 1891 περὶ
3054 1820 3153 1884 τάς
3185 1821 3292 1875 τῶν
3319 1822 3691 1892 οἰκοδομημά-

2103 1930 2213 1965 των
2242 1912 2608 1975 κατασκευὰς,
2634 1911 2884 1982 θεμέλιον
2908 1913 3124 1984 ἁρῤαγῆ
3152 1913 3572 1979 καταϐάλλεται,
3593 1914 3690 1968 καὶ

2109 2005 2266 2077 ῥίζαν
2296 2004 2484 2076 ὥσπερ
2514 2004 2810 2076 ἀκλόνητον
2850 2009 2961 2069 τοῖς
3008 2006 3190 2077 ἔργοις
3215 2009 3440 2073 ἐπινοεῖ,
3468 2008 3535 2060 ἶν’
3561 2008 3614 2061 εἴ
3635 2024 3690 2060 τι

2108 2098 2202 2151 καὶ
2252 2098 2413 2151 πάθοι
2462 2097 2775 2169 σωζομένην
2819 2097 3008 2167 ἔχοντα
3041 2098 3140 2170 τὴν
3167 2099 3363 2170 ἀρχὴν,
3395 2096 3554 2165 αὖθις
3591 2098 3694 2154 ἐπ’

2109 2191 2247 2261 αὐτῇ
2294 2191 2387 2243 καὶ
2417 2191 2716 2260 ἀναστῆναι
2747 2190 2981 2261 δυνηθῇ·
3016 2191 3107 2243 τὸν
3144 2191 3305 2246 αὐτὸν
3334 2193 3399 2265 δὴ
3432 2194 3636 2265 τρόπον
3664 2196 3694 2246 ὁ

2110 2282 2328 2335 πάντων
2374 2282 2725 2354 δημιουργὸς,
2775 2283 2872 2354 τῆς
2928 2282 3200 2355 ἡμετέρας
3255 2284 3528 2356 σωτηρίας
3560 2301 3695 2356 προ-

2111 2372 2436 2439 εθεμελίωσε
2466 2374 2556 2426 τὸν
2580 2373 2834 2444 Χριστὸν,
2867 2375 2959 2426 καὶ
2986 2373 3092 2445 πρὸ
3116 2374 3217 2442 τῆς
3241 2373 3335 2427 τοῦ
3365 2376 3574 2445 κόσμου
3598 2393 3693 2427 κα-

2111 2465 2402 2533 τασκευῆς,
2430 2463 2496 2515 ἵν’
2524 2463 2823 2534 ἐπειδήπερ
2854 2464 3034 2536 συμϐῇ
3064 2467 3247 2517 πεσεῖν
3274 2464 3360 2518 διὰ
3386 2466 3487 2535 τὴν
3513 2465 3695 2536 παρὰ-

2113 2554 2291 2619 ϐασιν,
2322 2551 2476 2617 αὖθις
2515 2556 2933 2625 ἀνακτισθῶμεν
2965 2557 3053 2609 ἐπ’
3083 2556 3425 2627 αὐτῷ.”οσον
3471 2559 3569 2628 μὲν
3599 2555 3693 2610 οὖν

2112 2650 2195 2711 είς
2224 2648 2416 2718 βουλήν
2442 2664 2501 2700 τε
2529 2649 2622 2701 καὶ
2648 2648 2906 2719 πρόθεσιν
2932 2648 3027 2702 τοῦ
3060 2649 3294 2721 Πατρὸς,
3320 2650 3416 2704 καὶ
3459 2651 3567 2722 πρὸ
3598 2650 3693 2703 τοῦ

2114 2739 2310 2802 αἰῶνος
2353 2738 2692 2810 θεμελιοῦται
2726 2740 2960 2810 Χριστός
2981 2757 2994 2770 ο
3037 2740 3097 2793 τὸ
3128 2740 3184 2793 δέ
3226 2759 3289 2809 γε
3324 2742 3484 2811 ἔργον
3509 2742 3697 2810 οἰκείῳ

2114 2833 2305 2900 γέγονε
2360 2831 2557 2902 καιρῷ,
2606 2831 2777 2894 οὕτως
2830 2832 3165 2904 ἀπαιτούσης
3216 2833 3314 2905 τῆς
3362 2834 3553 2905 χρείας
3600 2831 3696 2886 τοῦ

2116 2922 2884 2996 πράγματος.Ἀνανεούμεθα
2919 2924 3027 2995 γὰρ
3074 2924 3131 2976 ἐν
3179 2924 3398 2995 Χριστῷ
3433 2924 3575 2977 κατά
3603 2924 3697 2976 τὸν

2116 3017 2214 3085 τῆς
2256 3015 2551 3086 ἐπιδημίας
2599 3014 2812 3086 καιρὸν,
2844 3016 2894 3068 oi.
2923 3010 3016 3069 καὶ
3056 3016 3225 3071 πάλαι
3277 3018 3377 3088 τῆς
3424 3016 3696 3090 σωτηρίας

432 3120 692 3178 tempore,
722 3110 789 3164 ab
815 3119 1019 3165 aeterno
1056 3108 1245 3164 salutis
1277 3121 1474 3165 nostrae
1497 3108 1904 3165 fundamentqu
1934 3109 2009 3181 ip-

2120 3107 2280 3163 αὐτδν
2312 3108 2561 3180 θεμέλιον
2590 3108 2824 3179 ἔχοντες.

431 3217 552 3257 sum
583 3202 867 3257 habentes.

765 3330 1338 3423 ASSERTIO
1408 3334 1674 3424 XVI.

435 3504 513 3558 De
552 3504 844 3558 aeternitate
888 3500 1037 3562 Filii,
1078 3513 1124 3556 et
1157 3520 1291 3570 quoa
1329 3504 1753 3569 inseparabiliter
1796 3520 1861 3559 ex
1890 3505 2013 3560 sub-

884 3576 1085 3627 stantia
1117 3571 1297 3627 Patris
1327 3585 1559 3628 emanat.

438 3688 676 3757 Objectio
733 3687 1095 3752 Arianorum;
1156 3704 1315 3769 quam
1371 3705 1483 3742 sum
1528 3701 1819 3759 sequuntur
1868 3690 2013 3745 solu-

1070 3803 1079 3816 .
1128 3769 1315 3813 ttones.

510 3875 579 3927 At
609 3888 715 3941 quo
754 3882 933 3942 pacto,
984 3873 1259 3942 inquiunt,
1289 3874 1458 3944 possit
1490 3889 1611 3932 esse
1654 3882 1890 3933 :cternus
1924 3877 2016 3933 Fi-

2596 3323 2959 3411 ΛΟΓΟΣ
3034 3319 3215 3413 1C1".

2113 3504 2252 3574 Περὶ
2289 3503 2624 3571 ἁϊδιότητος
2654 3504 2813 3564 Υίοῦ.
2866 3504 2966 3559 καὶ
2994 3504 3085 3558 ὅτι
3114 3505 3450 3574 ἀμερίστως
3481 3503 3702 3573 προῆλ-

2410 3577 2516 3628 θεν
2538 3574 2606 3627 ἐκ
2632 3574 2742 3643 τῆς
2773 3577 2989 3642 οὐσίας
3021 3575 3127 3631 τοῦ
3152 3579 3403 3644 Πατρός.

2129 3686 2451 3755 Ἀντίθεσις
2478 3688 2797 3757 Ἀρειανῶν
2818 3706 2830 3719 ·
2859 3690 3011 3758 πρὸς
3036 3688 3117 3759 ἣν
3138 3694 3197 3745 αἱ
3214 3693 3429 3758 λύσεις
3452 3692 3699 3763 ἑφεξῆς.

2190 3864 2301 3918 Καὶ
2331 3863 2449 3926 πῶς
2490 3863 2558 3916 ἂν
2590 3862 2829 3928 δύναιτο,
2868 3864 3051 3933 φασιν,
3080 3863 3249 3927 ἀΐδιος
3296 3858 3433 3916 εἶναι
3480 3864 3508 3916 ὁ
3538 3863 3699 3929 Υίὸς;

440 3965 580 4021 lius?
604 3966 710 4018 Aut
730 3966 1023 4035 quomodo,
1043 3981 1167 4020 cum
1192 3981 1257 4020 ex
1285 3966 1447 4021 Patre
1473 3969 1752 4036 procedat,
1776 3985 1881 4026 non
1904 3986 2009 4024 οιη⁴

2120 3956 2237 4021 πῶς
2270 3956 2328 4008 δὲ
2368 3955 2645 4027 προελθὼν
2689 3958 2753 4008 ὲκ
2800 3957 3033 4027 Πατρὸς,
3068 3957 3127 4009 οὐ
3162 3956 3381 4018 πάντως
3412 3953 3581 4007 αὐτοῦ
3612 3955 3703 4006 καὶ

444 4058 571 4112 ιιίιιο
619 4058 688 4111 ab
746 4058 863 4128 ipso
924 4059 1253 4127 separetur?
1323 4058 1459 4114 Nam
1511 4062 1654 4129 quod
1716 4078 1777 4116 ex
1840 4062 2009 4131 aliquc

2124 4050 2488 4120 μεμέρισται;
2516 4048 2589 4101 Τὸ
2617 4048 2725 4119 γὰρ
2754 4047 2817 4101 ἐκ
2843 4065 2987 4112 τινος
3018 4047 3297 4119 προελθὸν,
3329 4048 3497 4117 μέρος
3527 4047 3594 4100 ἂν
3617 4046 3700 4116 εἴη

442 4149 717 4219 procedit,
793 4163 1019 4203 necesse
1085 4159 1169 4203 est
1226 4158 1287 4204 ut
1335 4151 1406 4205 sit
1460 4166 1588 4219 pars
1642 4153 1893 4206 essentiae
1954 4167 2009 4205 ex

2121 4143 2221 4213 τῆς
2248 4142 2456 4206 οὐσίας,
2483 4142 2575 4210 ἀφ’
2609 4135 2677 4213 ἧς
2706 4143 2800 4194 καὶ
2827 4140 3182 4212 προελήλυθε.
3206 4139 3281 4193 Τὸ
3306 4140 3363 4192 δὲ
3395 4138 3545 4203 ἅπαξ
3570 4141 3704 4192 ἀπο-

441 4259 545 4312 qna
596 4242 887 4314 processit.
945 4243 1097 4310 Quod
1152 4252 1330 4297 autem
1375 4255 1684 4312 separatum
1730 4254 1814 4299 est
1841 4260 1904 4298 ac
1938 4246 2021 4297 di-

442 4336 641 4402 visum,
670 4333 922 4390 omnibus
950 4335 1067 4390 suis
1099 4334 1343 4401 partibus
1371 4336 1638 4405 integrum
1669 4352 1787 4393 esse
1816 4340 2022 4408 nequit.

896 4446 1102 4503 Salutio
1133 4463 1226 4515 per
1256 4450 1569 4518 exemplum.

513 4579 650 4646 Quid
688 4579 851 4649 igitur
877 4579 1059 4633 dicent
1085 4579 1336 4633 accidere
1365 4580 1489 4647 soli,
1520 4582 1737 4650 quando
1763 4584 2019 4654 splende-

445 4687 560 4727 rem
598 4686 753 4725 suum
786 4687 852 4725 ex
889 4687 948 4725 se
982 4672 1219 4725 emittit?
1256 4672 1395 4739 Quid
1433 4673 1564 4744 igni,
1615 4691 1677 4728 ex
1722 4691 1830 4746 quo
1870 4678 2021 4736 calor

445 4764 719 4834 procedit?
764 4762 1228 4833 Separationesne
1278 4780 1343 4818 ac
1384 4765 1677 4821 divisiones
1718 4768 1771 4822 in
1813 4768 2021 4837 eiusce-

447 4856 591 4910 modi
636 4853 956 4908 substantiis
991 4855 1106 4907 lieri
1154 4856 1415 4909 censent?
1459 4856 1529 4909 At
1557 4872 1685 4921 vero
1728 4858 1811 4913 sol
1845 4875 2022 4915 nonne

449 4949 518 5002 ita
567 4945 807 5015 splendet
853 4953 914 4999 ut
961 4945 1104 4999 nulla
1154 4946 1362 5000 ratione
1407 4948 1798 5003 imminuatur?
1837 4950 2023 5020 Neque

445 5040 590 5095 enim
627 5042 910 5107 quisquam
949 5038 1289 5106 splendorem
1321 5039 1567 5095 localiter
1618 5042 1686 5097 ab
1732 5056 1798 5096 eo
1841 5058 2023 5097 secer-

446 5145 578 5186 nere
610 5131 798 5198 possit.
835 5128 913 5182 Ex
964 5130 1086 5199 igne
1128 5144 1257 5183 vero
1297 5145 1402 5184 non
1455 5132 1746 5200 separatim
1786 5132 2020 5188 calorem

449 5225 830 5293 procedentem
865 5220 1110 5274 videmus
1140 5240 1152 5274 :
1184 5221 1276 5274 sed
1311 5232 1394 5276 est
1416 5223 1583 5292 ipsius
1610 5226 1861 5280 essentia:
1884 5228 2022 5296 ignis

448 5316 675 5375 fruetus,
724 5311 1158 5382 inseparabiliter
1202 5312 1363 5383 176
1403 5328 1467 5368 ex
1519 5314 1634 5384 ipso
1686 5320 2022 5386 procedens,

450 5406 591 5459 sicut
618 5414 671 5460 et
702 5406 957 5475 splendor
1002 5419 1032 5459 e
1062 5405 1199 5461 luce.
1236 5406 1425 5475 Neque
1458 5409 1599 5462 enim
1638 5408 1813 5465 lumen
1846 5413 2026 5468 subsi-

453 5507 596 5551 stere
631 5506 812 5566 potest
844 5498 1049 5564 absque
1083 5497 1403 5566 splendore;
1440 5515 1613 5568 neque
1653 5502 1790 5570 ignis
1826 5506 2028 5575 absque

451 5589 504 5642 vi
532 5582 904 5644 calefaciendi.
937 5588 1163 5658 Semper
1186 5590 1328 5643 enim
1361 5592 1735 5648 adhwrescunt
1760 5608 1811 5648 et
1833 5598 2025 5657 adnata

454 5692 583 5738 sunt
627 5683 758 5750 ipsis
812 5682 1131 5739 substantiis
1175 5699 1295 5752 quze
1350 5699 1414 5739 cx
1472 5687 1536 5742 iis
1582 5688 1892 5752 gignuntur.
1947 5692 2025 5746 Ita

2125 4234 2402 4305 μερισθὲν,
2430 4234 2529 4287 οὐκ
2563 4232 2629 4287 ἂν
2657 4233 2949 4305 ὁλόκληρον
2981 4230 3119 4287 εἶναι
3152 4236 3341 4287 νοοῖτο.

2479 4443 2575 4509 Ἐξ
2614 4442 3048 4512 ὐποδείγματος
3085 4443 3123 4510 ἡ
3161 4442 3364 4507 λύσις.
3398 4423 3416 4437 ⁸

2195 4582 2260 4634 Τί
2298 4576 2390 4634 οῦν
2438 4580 2547 4652 ἄρα
2579 4581 2805 4649 φήσουσι
2858 4578 3177 4649 συμϐαίνειν
3223 4579 3351 4647 περὶ
3392 4578 3484 4631 τὸν
3532 4578 3704 4647 ἥλιον.

2125 4676 2254 4729 ὅταν
2288 4673 2550 4746 ὲκπέμπῃ
2595 4673 2656 4725 τὸ
2708 4672 2838 4726 ἴδιον
2886 4672 3262 4740 ἀπαύγασμα;
3298 4671 3361 4722 Τί
3401 4670 3457 4723 δὲ
3489 4674 3620 4741 περὶ
3646 4672 3705 4726 τὸ

2127 4769 2238 4841 πῦρ
2266 4767 2545 4837 νομίζουσι
2586 4765 2852 4834 γίνεσθαι,
2877 4765 3013 4819 ὅταν
3045 4765 3105 4828 ἐξ
3143 4763 3338 4817 ἑαυτοῦ
3365 4764 3467 4835 τὴν
3496 4766 3704 4834 θερμα-

2129 4858 2250 4913 σίαν
2281 4860 2577 4931 ὲκπέμπῃ;
2608 4857 2929 4927 Μερισμοὺς
2956 4852 3064 4927 ἆρα
3086 4858 3181 4910 καὶ
3200 4855 3486 4919 ἀποκοπὰς
3509 4857 3568 4908 ὲν
3588 4860 3705 4919 ταῖς

2126 4950 2406 5014 τοιαύταις
2437 4950 2646 5012 οὐσίαις
2692 4947 3134 5017 ὑπολαμϐάνουσι
3180 4946 3457 5014 γίνεσθαι;
3490 4946 3601 4999 Καὶ
3632 4946 3705 5016 μή

2128 5044 2334 5115 λάμπει
2359 5042 2458 5113 μὲν
2478 5044 2506 5095 ὁ
2530 5041 2680 5111 ἥλιος
2705 5040 2824 5093 κατ’
2841 5039 3029 5091 οὐδένα
3054 5038 3255 5108 τρόπον
3278 5036 3705 5105 ἐλαττούμενος;

2128 5136 2300 5190 Διέλοι
2349 5134 2392 5187 δ’
2419 5132 2485 5187 ἂν
2512 5133 2688 5193 οὐδεὶς
2736 5130 2977 5193 τοπικῶς
3008 5129 3068 5183 τὸ
3093 5128 3437 5199 ἀπαύγασμα
3478 5128 3578 5180 ἀπ’
3608 5128 3707 5179 αὐ-

2130 5228 2243 5282 τοῦ.
2263 5226 2396 5279 Ἀπὸ
2421 5225 2477 5279 δέ
2505 5243 2567 5294 γε
2606 5224 2700 5278 τοῦ
2732 5223 2921 5295 πυρὸς,
2951 5224 3011 5275 οὐ
3040 5222 3462 5293 μεμερισμένως
3492 5220 3707 5290 ὁρῶμεν

2130 5320 2228 5391 τὴν
2246 5318 2544 5391 θερμασίαν
2576 5317 2961 5387 ἐκτρέχουσαν,
2993 5314 3109 5369 ἀλλ’
3132 5314 3247 5369 ἐστι
3278 5317 3377 5385 τῆς
3409 5312 3505 5365 τοῦ
3538 5311 3707 5378 πυρὸς

2132 5413 2316 5475 οὐσίας
2361 5410 2570 5481 καρπὸς
2602 5409 2915 5479 ἀμερίστως
2948 5408 3006 5475 ἐξ
3053 5408 3221 5477 αὐτῆς
3257 5406 3461 5478 προωδν
3481 5447 3495 5468 ,
3524 5405 3739 5473 ὦσπερ¹

2134 5506 2226 5559 καὶ
2249 5506 2310 5557 τὸ
2338 5502 2677 5573 ἀπαύγασμα
2704 5502 2798 5555 τοῦ
2825 5503 3021 5571 φωτός.
3049 5503 3157 5555 Καὶ
3183 5501 3283 5555 οὐκ
3313 5500 3379 5553 ἂν
3405 5500 3489 5569 εἴη
3513 5499 3574 5550 τὸ
3597 5498 3708 5567 φῶς

2134 5613 2263 5649 ποτε
2296 5594 2462 5665 χωρὶς
2490 5592 2947 5662 ἀπαυγάσματος,
2979 5592 3099 5644 οὐδὲ
3141 5592 3202 5643 τὸ
3252 5589 3361 5657 πῦρ
3396 5587 3567 5658 χωρὶς
3589 5584 3707 5638 ατοῦ

2134 5689 2465 5747 θερμαίνειν.
2485 5687 2595 5739 Ἀεὶ
2627 5685 2734 5749 γὰρ
2769 5684 3134 5749 παραπέφυκε
3159 5686 3277 5747 ταῖς
3314 5680 3596 5741 τοιαύταις
3621 5679 3713 5731 οὐ·
