3882 6210
219 315 331 372 297

1605 321 1977 380 TIIESAURU
1989 323 2045 381 S.

3364 329 3469 385 9.98

224 438 369 498 σίαις
395 435 464 490 τὰ
491 435 551 501 ἐξ
580 435 756 489 αὐτῶν
775 436 1090 509 τικτόμενα.
1123 438 1280 494 Οὕτω
1309 459 1398 512 μοι
1423 442 1531 495 νόει
1556 441 1645 495 τὸν
1675 440 1802 494 Υἱδν

1913 443 2070 496 etiam
2109 452 2318 499 statuas
2360 442 2556 498 Filium
2588 458 2654 500 ex
2690 441 2923 499 essentia
2964 440 3138 497 Patris
3176 444 3471 513 proceden-

221 530 291 581 ὲκ
329 531 428 598 τῆς
460 528 554 580 τοῦ
594 528 806 600 Πατρὸς
835 530 1022 595 οὐσίας
1058 534 1483 604 προερχόμενον,
1514 533 1701 596 ἀῖδίως
1739 549 1799 586 τε

220 619 353 673 ὄντα
396 621 455 672 ὲν
498 620 666 691 αὐτῷ,
700 620 795 675 καὶ
828 621 887 674 ὲν
919 621 1024 694 ἰδία
1049 622 1337 694 νοούμενον
1367 624 1681 688 ὑποστάσει,
1708 624 1801 676 καὶ

222 712 347 763 κατ’
379 711 568 765 οὐδένα
611 712 813 783 τρόπον
860 712 1185 769 ὲλαττοῦντα
1217 715 1316 787 τὴν
1350 714 1445 768 τοῦ
1477 716 1686 785 Πατρὸς
1713 715 1803 768 οὐ-

224 802 369 869 σίαν,
401 803 434 873 ἢ
464 802 627 856 αὐτὸν
663 803 867 874 ταύτης
893 805 1360 878 ἀπομεριζόμενον
1378 827 1393 842 ·
1428 807 1541 861 ἀλλ’
1568 801 1707 861 εἶναι
1741 824 1801 860 τε

223 894 389 948 αὐτὸν
429 896 487 948 ὲν
516 894 714 967 Πατρὶ,
743 896 838 950 καὶ
872 895 1014 966 ἔχειν
1042 898 1099 951 ὲν
1125 898 1304 967 ἑαυτῷ
1335 898 1427 952 τὸν
1459 899 1698 971 Πατέρα,
1727 899 1803 963 ὡς

222 987 320 1039 καὶ
353 985 639 1057 ἀληθεύειν
681 986 938 1056 λέγοντα’
976 988 1158 1059 «Ἐγὼ
1202 993 1259 1044 ὲν
1305 990 1383 1061 τῷ
1426 992 1623 1063 Πατρὶ,
1658 992 1802 1047 καὶὸ

223 1078 419 1148 Πατὴρ
447 1080 505 1130 ὲν
534 1079 687 1147 ἐμοί·
722 1098 740 1130 ι
780 1080 873 1132 καὶ
901 1080 988 1134 διὰ
1017 1081 1077 1133 τὸ
1122 1084 1219 1153 τῆς
1256 1083 1446 1146 οὐσίας
1488 1082 1803 1155 ἀπαράλλα-

222 1187 374 1230 κτον,
406 1169 571 1223 αὐτόν
599 1188 658 1223 τε
699 1172 759 1224 ὲν
802 1170 880 1242 τῷ
908 1174 1102 1243 Πατρὶ,
1133 1175 1228 1227 καὶ
1256 1175 1314 1227 ὲν
1343 1174 1491 1245 αὑτῷ
1518 1176 1803 1245 φαίνεσθαι

222 1261 319 1313 τὸν
351 1260 590 1331 Πατέρα,
614 1260 756 1314 οὕτω
801 1279 859 1315 τε
903 1262 1162 1318 δύνασθαι
1198 1264 1406 1334 λέγειν’
1442 1285 1461 1318 ι
1484 1266 1625 1335 Ἐγὼ
1651 1268 1745 1321 καὶ
1775 1268 1804 1320 ὁ

223 1353 416 1423 Πατὴρ
444 1352 502 1405 ἐν
530 1353 697 1423 ἐσμεν
716 1368 730 1382 ·
775 1352 832 1405 Ὁ
864 1354 1125 1426 ἑωρακὼς
1153 1357 1273 1426 ἐμὲ,
1305 1355 1517 1427 ἑώρακε
1556 1358 1648 1411 τὸν
1699 1360 1807 1411 Πα-

221 1445 379 1515 τέρα.
412 1466 430 1496 ι

910 1561 1116 1616 AAAO.

298 1671 362 1723 Οἱ
409 1669 658 1739 λέγοντες
696 1671 1072 1738 ἀποκεκόφθαι
1102 1674 1202 1743 τῆς
1231 1672 1326 1727 τοῦ
1355 1675 1567 1743 Πατρὸς
1615 1677 1802 1742 οὐσίας

1903 541 2034 597 tem,
2065 531 2133 586 ab
2154 542 2355 589 aeterno
2381 533 2432 587 in
2465 533 2583 603 ipso
2606 533 2893 598 exsistere,
2928 532 3142 587 tametsi
3176 532 3228 587 in
3258 534 3473 601 prapria

1902 622 2177 693 hypostasi
2226 623 2505 686 subsistat,
2538 623 2790 693 nullaque
2824 623 3027 677 ratione
3065 622 3239 676 Patris
3285 637 3474 678 essen-

1904 717 2031 769 tiam
2079 715 2436 782 imminuere,
2494 726 2589 771 aut
2636 718 2703 770 ab
2754 716 2841 770 illa
2885 716 3172 787 separari:
3206 716 3299 769 sed
3355 730 3476 770 esse

1902 806 2076 878 ipsum
2120 808 2172 863 in
2204 807 2382 874 Patre,
2418 817 2472 863 et
2498 808 2737 863 vicissim
2790 809 3000 863 Patrem
3034 810 3085 862 in
3136 822 3194 861 se
3236 808 3472 871 habere;

1902 898 2039 951 adeo
2086 908 2146 952 ut
2191 913 2316 954 vere
2362 898 2551 953 dicat:
2589 918 2608 949 ι
2640 899 2751 967 Ego
2779 899 2831 953 in
2881 898 3063 962 Patre,
3114 906 3169 952 et
3209 898 3370 952 Pater
3420 898 3473 952 in

1906 1004 1991 1043 me
2020 990 2059 1020 “
2095 1008 2107 1043 :
2138 1008 2156 1039 ι
2188 999 2242 1045 et
2284 1000 2504 1059 propter
2537 991 2901 1044 omnimodam
2936 990 3191 1046 essentia:
3222 988 3473 1044 similitu-

1904 1081 2084 1135 dinem
2123 1081 2295 1150 ipsum
2329 1081 2383 1135 in
2413 1080 2593 1146 Patre,
2624 1089 2679 1135 et
2701 1082 2913 1136 Patrem
2948 1082 3000 1135 in
3035 1080 3155 1150 ipso
3187 1082 3360 1148 cerni,
3387 1089 3471 1134 at-

1904 1189 2008 1243 que
2057 1174 2129 1228 ita
2179 1190 2338 1242 posse
2385 1174 2604 1230 dicere:
2640 1192 2657 1225 ι
2693 1175 2802 1245 Ego
2854 1182 2910 1229 et
2954 1174 3116 1229 Pater
3164 1191 3330 1231 unum
3378 1191 3473 1230 su-

1906 1281 2026 1320 mus
2049 1265 2091 1296 “
2118 1284 2131 1320 :
2160 1265 2261 1334 Qui
2293 1266 2427 1321 vidit
2462 1281 2568 1333 me,
2603 1266 2737 1320 vidit
2760 1276 2815 1320 et
2840 1265 3055 1320 Patrem
3082 1267 3144 1319 ¹³.
3179 1285 3197 1318 ι

2578 1548 2808 1606 ALIUD.

1977 1666 2076 1733 Qui
2115 1666 2301 1719 dicunt
2357 1674 2626 1720 resectum
2656 1676 2816 1737 atque
2846 1666 3076 1721 divusnm
3125 1682 3246 1722 esse
3290 1669 3356 1722 ab
3385 1684 3476 1724 es-

222 1763 314 1816 τὺν
350 1763 498 1826 Υίὺν,
525 1763 613 1817 διὰ
640 1764 700 1817 τὸ
725 1764 784 1828 ἐξ
811 1764 981 1833 αὐτῆς
1012 1764 1319 1836 προελθεῖν,
1346 1767 1442 1821 καὶ
1467 1762 1603 1820 εἶναι
1638 1768 1803 1839 μέρος

1913 1758 2077 1813 sentia
2110 1756 2285 1810 Patris
2320 1755 2535 1820 Filium,
2565 1757 2690 1825 quia
2733 1771 2799 1811 ex
2847 1756 2963 1827 ipso
2999 1759 3259 1824 procedit,
3309 1769 3477 1826 atquc

222 1854 410 1909 λοιπὸν
460 1856 560 1927 οὐχ
608 1855 919 1928 ὁλόκληρον,
951 1855 1257 1925 λεγέτωσαν
1301 1857 1675 1928 ἀποκεκόφθαι
1703 1861 1798 1915 καὶ

222 1946 318 2000 τοῦ
348 1946 522 2016 φωτὸς
546 1947 608 2000 τὸ
636 1947 997 2015 ἀπαύγασμα,
1033 1947 1127 1999 καὶ
1157 1947 1252 2000 τοῦ
1284 1949 1455 2019 πυρὸς
1482 1948 1581 2020 τὴν
1611 1948 1671 2013 ἐξ
1699 1950 1799 2002 αὐ-

221 2038 319 2093 τοῦ
350 2038 644 2110 προϊοῦσαν
667 2038 993 2110 θερμασίαν,
1020 2038 1115 2091 καὶ
1140 2038 1235 2091 τοῦ
1258 2039 1351 2093 νοῦ
1378 2040 1469 2094 τὸν
1493 2041 1649 2108 λόγον
1668 2057 1681 2070 ·
1705 2044 1799 2095 καὶ

220 2132 589 2187 δεικνύτωσαν
640 2132 721 2185 ὅτι
758 2131 899 2203 μέρη
940 2129 1116 2185 ταῦτα
1164 2131 1507 2202 διῃρημένως
1542 2134 1660 2186 ἐστὶ
1691 2134 1799 2186 τῶν

219 2223 443 2287 οὐσιῶν,
473 2221 533 2289 ἐξ
585 2215 661 2277 ὧν
711 2223 803 2275 καὶ
849 2220 1231 2292 προέρχονται,
1273 2221 1307 2290 ἢ
1351 2223 1433 2275 ὅτι
1482 2223 1650 2293 χωρὶς
1701 2224 1799 2294 μὲν

220 2314 655 2384 ὰΜυγάσματος
683 2308 752 2384 ἦν
780 2331 911 2367 ποτε
954 2314 1015 2367 τὸ
1058 2314 1194 2383 φῶς,
1226 2313 1393 2384 χωρὶς
1416 2314 1473 2366 δὲ
1500 2314 1800 2385 θερμασίας

220 2406 288 2460 τὸ
322 2406 450 2477 πῦρ,
486 2405 678 2475 ἄλογος
715 2405 774 2459 δὲ
814 2407 843 2459 ὁ
878 2405 1021 2470 νοῦς.
1052 2406 1163 2460 Kal
1188 2405 1310 2458 τότε
1341 2404 1800 2475 φανταζέσθωσαν

221 2498 451 2552 τοιαῦτά
471 2514 597 2551 τινα
622 2496 863 2568 καὶπερὶ
888 2497 978 2550 τὸν
994 2496 1088 2550 τοῦ
1109 2496 1244 2549 Θεοῦ
1261 2496 1450 2564 Λόγον.
1467 2498 1530 2549 El
1548 2497 1605 2550 δὲ
1629 2497 1800 2551 ταῦτα

226 2589 445 2643 σύνεστι
471 2590 570 2660 μὲν
588 2590 676 2644 ἀεὶ
693 2591 813 2653 ταῖς
833 2590 1063 2654 οὐσίαις,
1085 2590 1177 2658 ἀφ’
1195 2583 1270 2643 ὧν
1298 2589 1394 2642 καὶ
1417 2590 1797 2661 προέρχονται,

221 2681 540 2753 ἀμερίστως
564 2680 623 2734 δὲ
644 2680 803 2734 τοῦτο
818 2679 1050 2746 ποιοῦσι,
1074 2680 1169 2733 καὶ
1193 2681 1255 2734 οὐ
1279 2682 1695 2751 κεχωρισμένως
1718 2682 1799 2752 (οὐ

223 2773 335 2845 γὰρ
369 2773 518 2844 πάθη
550 2776 644 2827 καὶ
669 2773 953 2836 ἀποκοπὰς
976 2770 1298 2843 ἐμποιοῦσιν
1328 2773 1562 2840 αὐταῖς),
1594 2771 1711 2836 πῶς
1738 2774 1799 2826 οὐ

224 2865 411 2936 πάσης
446 2865 584 2919 είσὶν
612 2864 866 2929 ἀσεϐείας
900 2864 1154 2918 ἐπέκεινα
1179 2863 1353 2917 ταῦτα
1382 2866 1448 2935 τῇ
1480 2863 1600 2933 θείᾳ
1643 2862 1799 2933 φύσει

224 2958 657 3027 προσάπτοντες,
686 2956 721 3011 ἃ
761 2956 897 3029 μηδὲ
937 2955 1067 3027 περὶ
1103 2955 1202 3026 τὴν
1231 2954 1342 3008 τῶν
1369 2954 1612 3024 γενητῶν
1640 2956 1801 3024 φύσιν

222 3048 483 3116 γενέσθαι
526 3049 642 3120 δοίη
682 3066 766 3112 τις
799 3048 887 3109 ἂν,
934 3049 987 3103 ετ
1014 3065 1080 3117 γε
1112 3047 1239 3101 νοῦν
1272 3047 1384 3118 ἔχοι
1436 3048 1531 3100 καί
1577 3047 1799 3118 φρονοίη

226 3140 410 3203 καλῶς
429 3158 445 3204 ;

908 3252 1112 3309 ΔΛΛΟ.

466 3365 563 3431 Ὠς
596 3365 666 3431 ἐξ
702 3364 1057 3433 ἀντιθέσεως
1092 3364 1212 3420 τῶν
1247 3362 1578 3433 αἱρετικῶν.

301 3497 416 3552 Kal
452 3498 591 3562 πῶς,
624 3497 776 3567 φασὶ,
810 3496 1031 3550 δύναται
1059 3498 1087 3549 ό
1111 3496 1239 3560 Υἱὸς
1282 3495 1447 3557 ἀΐδιος
1496 3490 1635 3548 εἶναι
1668 3492 1807 3565 μετά

228 3590 483 3662 Πατρός;
530 3589 640 3643 Kal
670 3589 778 3657 γὰρ
820 3590 870 3641 οί
910 3587 1021 3641 τῶν
1051 3586 1354 3658 ἀνθρώπων
1402 3586 1508 3639 υἱοὶ
1530 3586 1805 3639 τίκτονται

237 3682 379 3753 μετά
426 3682 553 3743 τοὺς
594 3678 860 3749 πατέρας,
912 3678 1006 3730 καὶ
1051 3677 1262 3749 χρόνοις
1308 3674 1534 3746 ὕστερον
1569 3673 1806 3743 γίνονται

231 3772 471 3837 πολλοῖς,
499 3770 597 3823 οὐκ
625 3770 773 3832 ὄντες
800 3768 931 3839 πρὶν
969 3766 1318 3838 γεννηθῆναι.
1351 3766 1475 3827 Πῶς
1504 3764 1561 3817 δὲ
1590 3764 1749 3818 πάλιν
1779 3766 1809 3817 ὁ

232 3862 367 3926 Υἱὸς
391 3862 563 3929 Λόγος
588 3856 726 3914 εἶναι
744 3859 986 3923 δύναται,
1012 3858 1046 3929 ἢ
1069 3857 1231 3911 εἰκὼν
1252 3855 1345 3910 τοῦ
1369 3855 1505 3908 Θεοῦ
1526 3872 1541 3921 ;
1564 3855 1673 3908 Καὶ
1697 3853 1808 3924 γὰρ

231 3956 263 4008 ὁ
296 3953 406 4007 τῶν
438 3951 742 4023 ἀνθρώπων
768 3950 925 4019 λόγος
951 3948 1075 4003 οὐτε
1104 3948 1465 4013 ὲνυπόστατός
1496 3950 1663 4013 ἐστιν,
1684 3947 1809 4001 οὔτε

235 4048 381 4120 μετά
412 4047 474 4099 τὸ
507 4044 739 4117 ῥηθῆναι
784 4043 1015 4107 σώζεται
1038 4059 1054 4074 °
1100 4044 1215 4097 ἀλλ’
1245 4042 1405 4108 εὐθὺς
1450 4044 1530 4107 είς
1556 4042 1618 4096 τὸ
1648 4041 1724 4114 μὴ
1749 4042 1811 4095 ὃν

232 4138 549 4203 ἀναλύεται,
578 4138 824 4208 σημήνας
872 4136 933 4188 τὸ
984 4134 1125 4188 κατά
1169 4135 1411 4189 διάνοιαν
1450 4134 1532 4204 τῷ
1562 4133 1808 4189 λαλοῦντι

232 4232 508 4303 ιείμενον,
544 4232 639 4285 καὶ
685 4229 754 4282 τὰ
784 4230 842 4282 ὲν
870 4228 948 4298 τῷ
979 4227 1131 4298 βάθει
1165 4227 1263 4298 τῆς
1307 4227 1535 4298 καρδίας
1580 4243 1810 4298 φανερο-

234 4325 473 4395 ποιήσας
497 4322 763 4393 νοήματα.

720 4429 876 4499 Πρὸς
912 4428 1017 4483 τοῦ
1026 4445 1088 4482 το
1125 4428 1327 4495 λύσις.

310 4545 373 4599 El
421 4543 521 4615 μὲν
563 4542 640 4607 ὡς
684 4541 971 4614 ἄνθρωπος
1005 4541 1177 4604 οὕτως
1227 4542 1345 4595 ἐστὶ
1391 4542 1485 4595 καὶ
1531 4540 1684 4606 Θεὸς,
1716 4541 1841 4595 καὶν

236 4636 402 4691 πλέον
429 4635 540 4690 τῶν
565 4636 624 4689 ὲν
654 4636 788 4705 ἡμῖν
816 4633 969 4688 οὐδὲν
1000 4636 1057 4688 ὲν
1091 4633 1259 4704 αὐτῷ,
1289 4634 1560 4706 κρατείτω
1591 4635 1685 4688 καὶ
1712 4635 1785 4688 ὲπ

240 4727 409 4786 αὐτοῦ
462 4726 533 4781 τὰ
580 4725 927 4798 ἀνθρώπινα’
977 4726 1072 4778 καὶ
1118 4725 1520 4797 προῦπαρχέτω
1549 4724 1644 4778 τοῦ
1680 4725 1810 4778 ἰδίου

239 4821 581 4891 γεννήματος
605 4817 789 4887 ὥσπερ
832 4817 926 4870 καὶ
957 4817 1149 4887 ἡμεῖς’
1185 4816 1280 4869 καὶ¹
1309 4817 1374 4870 ἐκ
1398 4814 1492 4870 τοῦ
1544 4816 1620 4889 μὴ
1663 4816 1814 4879 ὄντος

239 4912 385 4965 ἔστω
413 4910 473 4962 τὸ
516 4908 578 4973 ἐξ
604 4907 769 4963 αὐτοῦ
796 4907 1078 4979 προελθόν.
1108 4908 1173 4961 El
1204 4907 1261 4961 δὲ
1289 4907 1424 4961 πολύ
1465 4906 1577 4961 τῶν
1617 4908 1814 4978 ἡμετέ-

242 5019 354 5075 ρων
380 5002 442 5056 τὺ
457 5001 612 5055 Θεῖον
637 5001 966 5071 ἀπῴκισται,
992 5000 1088 5054 καὶ
1114 4999 1267 5053 οὐδὲν
1292 4998 1438 5070 αὐτῷ
1470 5002 1646 5052 κοινὸν
1677 4999 1813 5073 πρὸς

236 5096 412 5166 ἡμᾶς,
437 5094 561 5147 ὅσον
588 5095 669 5157 είς
698 5092 791 5146 τὸν
836 5092 937 5162 τῆς
965 5091 1151 5155 οὐσίας
1176 5090 1356 5158 λόγον,
1392 5089 1510 5152 πῶς
1538 5090 1668 5143 αὐτὸ
1698 5093 1811 5155 τοῖς

238 5166 604 5254 ἀνθρωπίνοις
636 5181 1037 5252 καταδεσμοῦσι
1082 5183 1289 5244 κακοῖς,
1318 5179 1413 5233 καὶ
1456 5182 1580 5242 ταῖς
1617 5181 1813 5250 ἡμετέ-

243 5291 370 5346 ραις
401 5275 664 5343 ἀνάγκαις
711 5272 1057 5336 ὐποτιθέντες
1101 5273 1202 5325 οὐκ
1247 5269 1626 5340 αἰσχύνονται;
1662 5271 1812 5341 "Oa-ip

238 5366 355 5438 γὰρ
398 5365 465 5420 ἂν
508 5365 609 5437 τὴν
658 5364 948 5434 ἀνθρώπου
996 5361 1158 5430 φύσιν
1199 5360 1511 5432 ὲξάλληται,
1540 5358 1813 5426 τοσοῦτον,

239 5454 421 5528 οῖμαι,
447 5456 673 5511 καὶτῶν
692 5454 823 5525 παρ’
846 5456 980 5524 ἡμῖν
995 5452 1132 5507 ἐθῶν
1156 5469 1215 5506 τε
1244 5452 1337 5506 καὶ
1362 5453 1542 5523 νόμων
1570 5451 1817 5522 φυσικῶν

243 5547 401 5602 ἐσται
427 5547 521 5601 καὶ
541 5546 800 5618 ἀμείνων.
816 5544 1022 5599 Οὐκοῦν
1038 5543 1266 5615 φθαρτοὶ
1290 5543 1385 5614 μὲν
1409 5545 1589 5614 ἡμεῖς,
1608 5542 1817 5613 ἄφθαρ-

322 5720 365 5754 ⁸¹
393 5719 546 5777 Joan.
578 5699 688 5785 xiv,
721 5719 810 5773 Η.
886 5720 928 5749 ³¹
956 5718 1110 5773 Joan.
1147 5733 1205 5779 x,
1231 5719 1322 5772 '50.
1401 5720 1444 5751 ¹³
1475 5718 1631 5775 Joan.
1668 5733 1778 5783 XIV,
1803 5718 1856 5774 9.

644 5817 913 5881 PATROL.
957 5815 1072 5877 Gn.
1114 5815 1343 5877 LXXV.

1907 1848 2027 1902 ideo
2056 1856 2262 1917 partem
2294 1861 2435 1910 esse,
2467 1862 2572 1901 non
2605 1861 2733 1902 vero
2761 1847 3027 1917 integrum
3060 1866 3075 1903 :
3109 1849 3288 1903 dicant
3311 1853 3472 1905 etiam

1903 1938 2243 2007 splendorem
2275 1946 2581 2007 separatum
2623 1952 2745 1992 esse
2795 1953 2824 1991 a
2862 1938 3083 2004 lumine,
3132 1949 3188 1993 et
3218 1941 3471 1995 calidita-

1907 2042 2012 2085 tem
2057 2032 2125 2085 ab
2156 2032 2299 2100 igne,
2345 2046 2376 2085 e
2401 2045 2508 2100 quo
2539 2030 2803 2099 procedit,
2834 2039 2887 2085 et
2914 2033 3138 2087 verbum
3186 2048 3214 2086 a
3248 2045 3426 2088 mente
3455 2051 3471 2088 :

1904 2123 2300 2192 ostendantque
2347 2121 2462 2176 haec
2507 2135 2632 2176 esse
2667 2121 2954 2189 separatim
2994 2131 3175 2191 partes
3221 2123 3475 2177 substan-

1909 2220 2129 2282 tiarum,
2180 2232 2211 2273 e
2266 2216 2462 2286 quibus
2517 2215 2968 2286 procedunt;aut
3016 2217 3246 2285 probent
3291 2217 3473 2272 lumen

1905 2311 2197 2379 aliquando
2226 2311 2391 2365 fuisse
2420 2310 2624 2379 absque
2654 2310 2963 2379 Splendore,
3008 2321 3101 2363 ant
3128 2310 3304 2381 ignem
3342 2312 3471 2365 abs-

1906 2412 2012 2466 que
2055 2396 2354 2462 caliditate,
2391 2406 2446 2452 et
2493 2407 2728 2452 mentem
2772 2398 2976 2468 absque
3012 2401 3197 2454 verbo.
3232 2400 3310 2455 Ac
3358 2411 3471 2455 tmn

1905 2489 2121 2543 demum
2153 2504 2275 2543 cum
2314 2489 2418 2543 hoc
2450 2491 2752 2557 probarint,
2786 2490 3148 2558 imaginentur
3173 2492 3334 2545 etiam
3369 2494 3473 2547 tale

1906 2580 2185 2648 quidpiam
2215 2580 2282 2636 de
2303 2578 2483 2635 Verbo
2509 2582 2622 2635 Dei.
2654 2581 2709 2636 Si
2748 2597 2872 2637 vero
2908 2584 3021 2637 haec
3050 2584 3233 2637 insunt
3260 2598 3474 2655 semper

1905 2670 2225 2725 substantiis
2261 2686 2291 2725 e
2324 2672 2519 2739 quibus
2548 2672 2870 2741 procedunt,
2904 2673 3146 2743 citraque
3186 2674 3345 2729 ullam
3381 2691 3472 2730 se-

1904 2763 2239 2833 parationem
2290 2763 2392 2817 hoc
2430 2771 2688 2831 praestant
2715 2762 2915 2833 (neque
2952 2765 3097 2818 enim
3148 2764 3308 2819 ullam
3340 2781 3473 2835 pas.

1905 2855 2113 2910 sionem
2134 2863 2230 2909 aut
2254 2854 2552 2910 sectionem
2584 2855 2637 2910 in
2666 2855 2747 2910 eis
2763 2853 3043 2926 efﬁciunt),
3068 2857 3338 2926 quomodo
3366 2874 3470 2913 non

1906 2946 2015 3001 sint
2047 2946 2303 3000 censendi
2335 2948 2683 3001 vehementer
2720 2947 2895 3015 impii,
2925 2947 3017 3017 qui
3045 2949 3240 3003 divina:
3268 2962 3474 3006 natura.

1907 3038 1996 3092 illa
2028 3038 2293 3101 tribuunt,
2321 3051 2440 3105 quae
2482 3052 2639 3091 nemo
2666 3052 2813 3093 sanae
2847 3040 3043 3095 mentis
3086 3055 3152 3094 ne
3193 3052 3472 3095 creatura-

1829 3151 1871 3210 ο
1909 3142 2026 3182 rum
2055 3129 2271 3198 quidem
2310 3137 2513 3182 natura:
2539 3128 2790 3183 accidere
2822 3143 2979 3199 posse
3008 3130 3278 3186 fateatur?

2577 3245 2808 3301 ALIUD.

2280 3355 2365 3409 Ea:
2390 3355 2679 3427 objectione
2700 3357 3090 3412 hwreticorum.

1985 3490 2091 3546 Sed
2143 3489 2434 3560 quomodo,
2481 3489 2750 3559 inquiunt,
2796 3498 2973 3558 potest
3019 3488 3192 3547 Filius
3236 3503 3473 3549 aeternus

1905 3599 2027 3640 esse
2047 3598 2167 3638 cum
2191 3582 2383 3637 Patre?
2406 3582 2541 3636 Nam
2570 3580 2663 3636 ﬁlii
2692 3583 2966 3636 hominum
3018 3593 3316 3639 nascuntur
3354 3596 3475 3655 post

1911 3690 2038 3731 suos
2081 3683 2350 3743 parentes,
2399 3673 2678 3743 multoque
2723 3683 2842 3742 post
2876 3683 3115 3743 tempore
3164 3675 3317 3739 ﬁunt,
3367 3692 3472 3730 non

1907 3766 2234 3822 exsistentes
2263 3765 2574 3835 priusquam
2617 3764 2769 3818 ﬁant.
2810 3765 2917 3818 Aut
2961 3779 3069 3833 quo
3116 3775 3275 3834 pacto
3305 3763 3475 3821 Filius

1909 3858 2079 3927 possit
2116 3871 2235 3912 esse
2264 3856 2519 3921 Verbum,
2551 3865 2645 3909 aut
2698 3856 2873 3926 imago
2907 3856 3039 3910 Dei?
3072 3854 3204 3910 Nam
3250 3858 3473 3912 verbum

1909 3949 2053 4019 quod
2101 3948 2169 4002 ab
2208 3947 2518 4002 hominibus
2550 3945 2843 4016 profertur,
2885 3962 3058 4017 neque
3087 3963 3182 4015 per
3214 3962 3274 4002 se
3301 3947 3477 4002 subsi-

1909 4038 2025 4106 stit,
2062 4051 2236 4108 neque
2269 4046 2551 4107 postquam
2593 4036 2862 4104 prolatum
2891 4046 2975 4090 est
3007 4046 3206 4101 manet,
3236 4037 3330 4091 sed
3358 4048 3473 4091 sta-

1911 4128 2006 4183 tim
2051 4128 2104 4181 in
2142 4125 2367 4181 nihilum
2398 4127 2697 4190 evanescit,
2740 4141 2862 4180 cum
2905 4126 3193 4195 explicarit
3220 4128 3364 4196 quod
3394 4128 3476 4183 lo-

1910 4237 2081 4292 quens
2109 4230 2287 4277 mente
2308 4230 2650 4291 conceperat,
2675 4234 2908 4289 cumque
2932 4220 3290 4289 cogitationes
3311 4222 3475 4277 animi

1910 4312 2247 4383 patefecerit.

2411 4423 2617 4480 Salutio
2655 4424 2984 4494 objectionis.

1987 4540 2045 4598 Si
2073 4539 2215 4595 Deus
2253 4539 2474 4609 perinde
2505 4546 2586 4593 est
2620 4546 2784 4609 atque
2830 4539 3020 4603 homo,
3054 4538 3213 4610 177
3241 4537 3481 4611 nihilque

1914 4632 2148 4702 amplius
2195 4630 2247 4683 in
2279 4643 2344 4683 eo
2393 4637 2476 4683 est
2503 4644 2665 4697 quam
2704 4629 2757 4683 in
2804 4629 2956 4683 nobis
2989 4647 3002 4683 :
3047 4629 3281 4684 humana
3313 4632 3479 4686 etiam

1915 4723 1967 4778 in
1992 4723 2108 4792 ipso
2142 4721 2320 4775 locum
2357 4720 2613 4785 habeant,
2661 4728 2715 4773 et
2746 4720 2859 4787 ipse
2902 4735 3116 4789 quoque
3152 4721 3303 4790 prior
3330 4724 3477 4777 exsi-

1913 4823 2023 4870 stat
2050 4812 2188 4868 Filio
2220 4826 2340 4877 suo,
2374 4822 2432 4866 ut
2459 4825 2582 4877 nos,
2606 4822 2660 4866 et
2683 4826 2750 4865 ex
2779 4812 2948 4865 nihilo
2977 4812 3068 4878 sit,
3102 4813 3244 4881 quod
3274 4828 3340 4868 ex
3365 4814 3481 4883 ipso

1917 4903 2176 4975 procedit.
2207 4902 2276 4956 At
2307 4917 2438 4958 vero
2459 4904 2504 4958 si
2527 4904 2707 4959 Deitas
2724 4903 2880 4973 longe
2896 4917 2925 4955 a
2949 4914 3130 4959 nostra
3163 4915 3353 4959 natura
3374 4904 3480 4959 dif-

1916 4994 2043 5059 fert,
2080 4995 2321 5063 nihilque
2360 4995 2411 5050 ei
2444 4995 2722 5050 nobiscum
2758 5009 3045 5050 commune
3085 5004 3189 5061 est,
3221 5003 3480 5066 quantum

1918 5086 1982 5140 ad
2014 5086 2279 5140 rationem
2307 5085 2623 5141 substantia:
2652 5088 2842 5142 attinet
2874 5105 2888 5141 :
2913 5102 3021 5156 quo
3050 5098 3208 5156 pacto
3231 5102 3350 5143 eam
3380 5090 3480 5141 hu-

1918 5178 2093 5234 manis
2140 5178 2501 5233 incommodis
2535 5188 2592 5232 et
2634 5178 2793 5234 malis
2822 5180 3150 5249 astringunt,
3190 5186 3245 5233 et
3280 5186 3482 5234 nostra:

1917 5269 2228 5325 necessitati
2261 5270 2526 5337 subjicere
2559 5285 2667 5325 non
2703 5270 3000 5325 verentur?
3036 5268 3304 5336 Quantum
3335 5271 3481 5324 enim
3534 5320 3539 5325 .

1919 5360 2210 5416 humanam
2262 5368 2509 5413 naturam
2560 5360 2795 5425 excellit,
2849 5368 3051 5414 tantum
3088 5360 3250 5414 etiam
3296 5369 3481 5414 nostra

1920 5453 2306 5508 consuetudine
2347 5461 2402 5508 et
2455 5452 2790 5507 naturalibus
2838 5453 3045 5522 legibus
3085 5463 3167 5507 est
3211 5453 3478 5521 superior.

1924 5542 2032 5598 Nos
2061 5543 2243 5613 itaque
2270 5542 2646 5611 corruptibiles
2681 5560 2693 5598 :
2728 5541 2869 5597 Deus
2894 5552 3071 5596 autem
3098 5541 3482 5613 incorruptibi-

3055 5805 3123 5868 10
