3882 6210
444 287 550 342 299

1425 287 1483 341 S.
1519 286 1789 340 CYRILLI
1832 283 2300 339 ALEXANDRINI
2341 284 2659 341 ARCHIEP.

3578 288 3679 345 300

444 404 531 459 lis.
583 402 692 459 Nos
737 420 800 459 ex
849 406 1019 459 nihilo
1062 406 1127 458 ad
1163 419 1282 459 esse
1333 403 1563 457 traducti
1607 418 1834 457 sumus:
1867 404 1999 456 Deus

2108 422 2196 469 τος
2221 405 2278 459 δὲ
2299 405 2328 457 6
2348 402 2501 464 Θεός.
2519 404 2613 455 Ἐκ
2636 402 2729 455 τοῦ
2764 402 2837 473 μὴ
2866 404 3015 465 ὄντος
3048 403 3126 464 εἰς
3150 402 3208 453 τὸ
3234 399 3369 455 εἶναι
3396 402 3680 476 παρήχθη-

450 511 583 550 νει-ο
621 511 836 566 semper
869 508 922 551 et
947 505 1085 561 eral,
1114 506 1168 549 et
1192 494 1317 549 erit.
1352 494 1534 560 Qualis
1562 510 1690 548 vero
1723 504 1806 549 est
1846 494 1890 548 is
1914 494 2005 563 qui

444 587 636 656 gignit,
680 587 837 640 talem
872 587 1036 640 etiam
1084 600 1204 640 esse
1250 595 1460 654 oportet
1492 585 1580 653 qui
1623 599 1688 638 ex
1738 598 1802 638 eo
1833 584 2004 653 gigni-

444 686 549 730 tur.
583 676 840 732 IEternus
892 690 1069 731 autem
1112 688 1195 732 est
1238 676 1379 731 Deus
1431 692 1493 731 ac
1524 678 1700 740 Pater,
1745 687 2005 730 aeternum

448 765 623 833 itaque
694 767 852 819 etiam
920 768 1060 834 quod
1120 782 1186 819 ex
1255 766 1368 834 ipso
1423 766 1664 834 procedit
1712 764 1916 828 lumen,
1956 775 2009 817 et

445 868 584 921 erat,
614 869 665 911 et
686 868 789 912 est.
820 859 1019 913 Aderat
1048 860 1208 927 igitur
1230 858 1417 911 lumini
1448 857 1716 926 splendor.
1744 857 2005 912 Praeterea

444 951 666 1003 verbum
711 953 851 1016 quod
879 965 943 1003 ex
980 951 1194 1003 homine
1225 950 1489 1019 procedit,
1532 950 1581 1001 in
1620 949 1842 1003 nihilum
1879 964 2003 1003 evao

446 1043 640 1102 nescit,
672 1052 726 1094 et
754 1058 927 1110 neque
964 1043 1141 1095 vivum
1170 1050 1276 1103 est,
1313 1055 1487 1109 neque
1518 1039 1725 1093 eliicax.
1756 1039 1886 1093 Nam
1916 1040 2004 1107 qui

440 1131 569 1183 illud
597 1132 764 1199 gignit
802 1132 967 1185 homo
1006 1149 1067 1185 ex
1104 1133 1269 1185 nihilo
1302 1142 1405 1195 est,
1449 1142 1502 1185 et
1541 1131 1873 1200 corruptioni
1907 1132 2007 1185 ob-

441 1224 653 1279 noxius.
703 1222 933 1278 Verbum
969 1235 1147 1277 autem
1180 1225 1273 1279 Dei
1324 1226 1503 1277 vivmn
1544 1234 1647 1283 cSI,
1685 1233 1737 1276 et
1772 1238 1837 1277 ex
1887 1224 2007 1277 vivo

440 1318 762 1385 procedens,
810 1326 928 1369 erat
974 1326 1028 1369 et
1071 1325 1153 1371 est
1190 1331 1421 1386 semper.
1468 1315 1650 1384 Neque
1692 1316 1831 1369 enim
1869 1314 2007 1368 Deus

440 1423 675 1475 unquam
726 1419 817 1461 aut
850 1417 985 1471 erat,
1037 1417 1129 1461 aut
1181 1408 1284 1460 erit
1327 1408 1528 1477 absque
1559 1406 1755 1461 Verho.
1807 1405 2008 1458 Idcirco

442 1499 640 1553 Paulus
672 1500 737 1553 de
773 1501 888 1568 ipso
921 1500 1127 1567 inquit:
1154 1519 1171 1551 ι
1208 1500 1398 1555 Vivum
1429 1510 1511 1553 est
1547 1500 1780 1554 Verbum
1816 1500 1905 1553 Dei
1933 1509 2009 1551 at-

442 1604 548 1657 que
589 1588 775 1643 elﬁcax
802 1589 865 1643 ".
900 1609 918 1641 ι
957 1589 1182 1645 Creator
1223 1591 1406 1659 itaque
1447 1601 1551 1654 est,
1600 1599 1654 1643 et
1697 1590 1877 1643 omnia
1911 1605 2007 1659 per

445 1682 614 1751 ipsum
645 1681 786 1738 facta
826 1692 979 1746 sunt,
1004 1692 1057 1735 et
1085 1683 1201 1737 sine
1236 1684 1351 1752 ipso
1383 1682 1580 1737 factum
1613 1693 1694 1737 est
1727 1683 1859 1736 nihil
1882 1683 1947 1735 ³⁵.
1982 1702 1998 1733 ι

1104 1794 1335 1851 ALIUD.

810 1909 896 1964 Eat
934 1912 1215 1979 objectione
1242 1912 1609 1967 hwreticorum

513 2040 625 2094 Non
652 2050 756 2105 est,
798 2041 1071 2111 inquiunt,
1111 2042 1364 2099 Christus
1406 2043 1589 2099 innata
1616 2054 1777 2116 atque
1810 2047 2007 2101 mexsi-

440 2138 589 2185 stetis
612 2131 717 2186 Deo
746 2136 980 2201 potentia
1009 2148 1072 2189 ac
1095 2135 1382 2204 sapientia,
1415 2140 1507 2191 sed
1538 2136 1754 2193 diversa
1785 2140 2003 2209 quidem

441 2231 524 2277 est
569 2222 680 2287 illa,
722 2224 787 2277 de
833 2239 935 2293 qua
988 2225 1186 2281 Paulus
1217 2226 1392 2295 inquit
1415 2228 1477 2295 ¹⁶,
1508 2229 1733 2285 Eterna
1761 2236 1879 2299 ejus
1909 2248 2005 2300 po-

442 2315 608 2369 tentia
651 2323 707 2368 et
750 2315 925 2370 deitas
960 2337 971 2371 :
1005 2318 1147 2373 alius
1189 2332 1320 2373 vero
1354 2319 1421 2373 ab
1456 2321 1556 2375 hac
1605 2331 1689 2375 est
1733 2321 2002 2388 Christus,

439 2406 664 2475 aliaeque
715 2407 895 2462 multae
941 2423 1061 2462 cum
1117 2410 1235 2478 ipso
1287 2420 1579 2478 potestates
1626 2422 1679 2466 et
1727 2415 2005 2482 sapientim

441 2498 745 2567 appellatae.
780 2499 941 2567 Atqui
994 2500 1176 2555 innata
1222 2516 1286 2556 ac
1323 2518 1451 2557 vera
1498 2504 1591 2558 Dei
1645 2509 1881 2573 potentia
1921 2520 2003 2562 est

440 2590 675 2643 creatrix
710 2593 1123 2656 universorum;
1159 2594 1240 2649 hac
1271 2610 1398 2649 vero
1434 2597 1502 2651 ab
1529 2599 1639 2666 ipsa
1669 2600 1827 2654 facta:
1854 2614 1999 2662 sunt,

443 2680 652 2734 tametsi
704 2682 901 2735 eximia
955 2683 1201 2749 quaedam
1249 2685 1341 2739 Dei
1388 2690 1624 2755 potentia
1676 2706 1836 2760 supra
1874 2694 2003 2747 reli—

444 2786 578 2840 quas
609 2774 680 2827 sit
716 2774 987 2838 Christus,
1024 2775 1226 2831 idcirco
1258 2776 1398 2832 facta
1429 2789 1485 2831 ut
1513 2780 1765 2835 virtutem
1810 2798 1873 2838 ac
1908 2800 2003 2854 po-

441 2861 661 2915 tentiam
697 2864 893 2917 tribuat
925 2865 988 2918 iis
1018 2865 1109 2934 qui
1139 2880 1202 2921 ea
1232 2877 1393 2937 egent
1426 2886 1439 2922 :
1472 2878 1526 2924 et
1555 2872 1873 2941 sapientiam
1910 2880 1998 2932 det

438 2968 500 3006 ea
544 2955 842 3024 egentibus,
887 2966 1052 3025 utque
1092 2957 1237 3026 justa
1288 2959 1482 3013 elliciat
1518 2977 1633 3030 quae
1661 2964 1866 3030 justitia
1910 2984 2001 3023 ca-

442 3052 581 3097 rent.
619 3043 712 3097 Est
750 3044 953 3113 itaque,
984 3047 1157 3111 aiunt,
1190 3049 1371 3104 innata
1407 3051 1499 3106 Dei
1528 3056 1761 3122 potentia
1798 3059 1998 3123 princi-

439 3133 525 3201 pio
548 3148 739 3189 carens
772 3146 825 3189 et
854 3153 955 3191 non
989 3137 1152 3205 facta,
1182 3140 1248 3193 ab
1272 3151 1474 3198 :eterno
1512 3146 1561 3198 in
1591 3145 1771 3201 Patre.
1805 3148 2001 3205 Factus

438 3234 519 3277 est
554 3233 727 3279 autem
763 3227 1012 3283 Christus
1057 3231 1214 3287 dictis
1248 3234 1312 3288 de
1356 3237 1553 3290 causis.
1605 3238 1659 3292 Si
1699 3255 1828 3293 vero
1862 3255 1999 3293 nou-

440 3315 569 3368 nulli
603 3316 917 3371 existimant
952 3317 1224 3375 Christum
1260 3323 1434 3392 ipsum
1468 3342 1588 3381 esse
1629 3329 1874 3384 innatant
1906 3332 1997 3384 Dei

440 3408 754 3473 potentiam,
787 3412 911 3477 quia
939 3410 1136 3467 Paulus
1162 3416 1355 3470 scribit
1385 3432 1400 3470 :
1434 3436 1453 3469 ι
1484 3418 1732 3475 Christus
1759 3423 1997 3491 potentia

438 3495 553 3561 Dei,
596 3507 650 3552 et
704 3500 967 3567 sapientia
1012 3502 1104 3556 Dei
1131 3504 1172 3535 "
1207 3521 1220 3559 :
1258 3524 1276 3557 ι
1308 3506 1436 3575 quid
1492 3509 1672 3563 dicent
1718 3513 2001 3566 audientcs

440 3585 602 3640 Deum
657 3588 921 3643 dicentem
974 3593 1043 3647 de
1088 3608 1250 3648 eruca
1293 3613 1307 3649 :
1348 3614 1368 3647 ι
1398 3595 1643 3654 Potentia
1681 3601 1844 3671 178
1885 3619 1998 3656 mea

438 3691 625 3746 magna
653 3677 736 3731 ‘3?
767 3698 785 3729 ι
818 3680 925 3734 Aut
955 3682 1084 3752 quid
1116 3682 1337 3750 facient,
1380 3702 1501 3741 cum
1532 3689 1816 3746 Psalmista
1866 3695 2001 3747 mul-

438 3776 519 3822 tas
557 3767 653 3824 Dei
690 3771 915 3827 virtutes
948 3789 1011 3828 ac
1038 3777 1306 3841 potentias
1335 3788 1559 3845 statuat,
1589 3782 1776 3837 dicens
1803 3799 1817 3836 :
1852 3803 1871 3837 α
1901 3784 1999 3839 Be-

437 3858 665 3914 nedicite
697 3860 885 3928 Deum,
924 3879 1113 3919 omnes
1145 3868 1400 3935 potentiae
1432 3868 1546 3937 ejus
1572 3871 1613 3901 ¹⁹
1639 3871 1661 3922 ?
1693 3889 1711 3921 ι

939 4063 1142 4119 Salutio
1166 4067 1487 4133 objectionis.

505 4174 560 4229 Si
608 4175 808 4231 idcirco
854 4177 1030 4233 factus
1078 4186 1161 4233 est
1193 4178 1463 4245 Christus,
1498 4189 1555 4234 ut
1583 4181 1872 4250 justitiam,
1912 4200 2000 4238 sa-

432 4268 713 4337 pientiam,
753 4268 1004 4323 virtutem
1044 4271 1158 4324 sive
1189 4272 1482 4340 potentiam
1519 4272 1781 4343 largiatur
1813 4275 1877 4328 iis
1904 4277 1996 4344 qui

434 4360 712 4429 indigent:
746 4375 842 4414 nos
877 4376 1005 4429 ergo
1068 4377 1231 4416 causa
1304 4377 1494 4418 sumus
1536 4379 1631 4417 cur
1678 4365 1789 4429 ipse
1824 4365 2000 4420 factus

2110 511 2207 563 μεν
2228 512 2240 525 ο
2273 493 2359 547 ἀεὶ
2386 493 2442 546 δὲ
2463 488 2529 563 ἦν
2556 492 2647 544 καὶ
2678 491 2829 544 ἔσται
2860 492 3010 554 Θεός.
3030 494 3236 553 ὐποῖος
3265 492 3309 544 δ’
3340 492 3404 544 ἂν
3433 495 3460 545 6
3487 492 3683 545 τίκτων

2109 586 2348 656 ὑπάρχῃ,
2379 585 2615 638 τοιοῦτον
2650 580 2786 636 εἶναι
2818 584 2924 655 χρὴ
2956 584 3048 636 καὶ
3084 585 3172 637 τὸν
3206 583 3265 648 ἐξ
3310 583 3475 637 αὑτοῦ
3505 584 3683 637 τικτό-

2111 696 2287 748 μενον.
2308 678 2499 741 Ἀἲδιος
2540 678 2596 730 δὲ
2626 679 2654 729 6
2684 678 2814 741 Θεὸς
2861 678 2951 730 καὶ
2982 678 3192 747 Πατὴρ,
3232 678 3401 731 ἀῒδιον
3444 679 3550 749 ἄρα
3593 680 3685 730 καὶ

2106 771 2166 822 16
2192 769 2250 834 ἐξ
2281 769 2446 823 αὑτοῦ
2478 768 2592 838 φῶς
2624 764 2691 839 ἦν
2719 770 2810 822 καὶ
2835 768 2968 822 ἔστι.
3002 770 3171 839 Συνῆν
3199 769 3306 840 ἄρα
3344 769 3420 839 τῷ
3455 771 3591 837 φωτὶ
3624 770 3685 821 16

2108 862 2463 930 ἀπαύγασμα,
2497 862 2606 913 Kal
2653 863 2681 913 6
2734 861 2829 930 μὲν
2873 862 2930 926 ἐξ
2976 860 3260 931 ἀνθρώπου
3286 861 3683 931 προερχόμενος

2108 953 2284 1020 λόγος,
2316 954 2395 1015 εἰς
2418 952 2478 1005 16
2515 952 2588 1023 μὴ
2637 951 2695 1003 ὂν
2742 951 3050 1010 ἀναλύεται.
3085 952 3178 1004 καὶ
3206 950 3327 1003 οὔτε
3361 951 3468 1015 ζῶν
3510 954 3677 1015 ἐστιν,

2108 1042 2231 1095 οὔτε
2261 1044 2509 1112 ἐνεργής.
2532 1042 2641 1093 Kal
2670 1040 2779 1110 γὰρ
2805 1040 2899 1092 καὶ
2926 1040 2953 1091 6
2975 1038 3160 1091 τοῦτον
3189 1039 3453 1108 γεννήσας
3474 1038 3678 1108 ἄνθρω-

2108 1152 2228 1198 πος,
2260 1136 2322 1187 ὲκ
2349 1134 2439 1187 τοῦ
2473 1134 2545 1203 μὴ
2571 1133 2720 1196 ὖντος
2750 1133 2865 1184 ἐστὶ
2888 1132 2981 1184 καὶ
3016 1130 3297 1184 ὑπόκειται
3331 1131 3525 1201 φθορᾷ.
3543 1132 3601 1183 '0
3628 1132 3685 1183 δὲ

2107 1226 2200 1280 τοῦ
2226 1224 2361 1279 Θεοῦ
2391 1226 2561 1293 Λόγος
2600 1224 2705 1287 ζῶν
2743 1226 2855 1276 ἐστι
2878 1239 2891 1252 ·
2925 1224 3016 1275 καὶ
3048 1225 3112 1275 ὲκ
3142 1222 3341 1285 ζῶντος
3380 1223 3682 1292 προελθὼν,

2106 1313 2173 1387 ’ἦν
2212 1317 2299 1371 ἀεὶ
2325 1318 2419 1370 καὶ
2451 1316 2618 1369 ἐστιν.
2644 1315 2716 1367 Οὑ
2746 1314 2852 1384 γὰρ
2877 1308 2967 1383 ἦν,
3000 1314 3120 1366 οὑδὲ
3151 1313 3299 1365 ἔσται
3332 1314 3480 1379 ποτὲ,
3511 1317 3684 1385 χωρὶς

2110 1410 2281 1476 Λόγου
2298 1410 2447 1472 Θεός.
2479 1408 2589 1462 Kal
2618 1408 2745 1475 γοῦν
2770 1409 2798 1459 6
2827 1406 3038 1468 Παῦλός
3068 1423 3199 1475 φησι
3232 1406 3357 1477 περὶ
3380 1406 3570 1467 αὑτοῦ,
3599 1409 3680 1460 ὅτι

2115 1526 2131 1553 ι
2161 1504 2275 1554 Ζῶν
2310 1503 2339 1553 6
2372 1501 2541 1568 Λόγος
2569 1499 2660 1552 τοῦ
2689 1497 2823 1551 Θεοῦ
2875 1500 2970 1550 καὶ
3009 1499 3255 1566 ἐνεργής.
3291 1515 3310 1548 ι
3346 1498 3683 1569 Δημιουργδς

2107 1587 2238 1655 γοῦν
2265 1589 2400 1646 ἐστι.
2430 1588 2523 1639 καὶ
2553 1588 2727 1639 πάντα
2755 1574 2945 1653 γέγονε
2971 1587 3039 1638 δι’
3063 1585 3247 1648 αὑτοῦ,
3280 1587 3372 1639 καὶ
3392 1587 3563 1657 χωρὶς
3588 1588 3685 1641 αὑ-

2107 1679 2197 1731 τοῦ
2229 1678 2444 1746 ἐγένετο
2470 1677 2591 1730 οὐδὲ
2618 1678 2693 1728 ἓν.

2799 1794 2999 1848 AAAO.

2342 1904 2441 1969 Ὧς
2480 1903 2547 1968 ἐξ
2586 1904 2941 1971 ἀντιθέσεως
2980 1905 3097 1959 τῶν
3132 1907 3456 1976 αἱρετικῶν.

2182 2034 2295 2089 Οὐκ
2325 2034 2460 2100 ἔστι,
2492 2037 2678 2104 φασιν,
2706 2039 2733 2089 6
2760 2037 2993 2107 Χριστὸς
3031 2039 3064 2108 ἡ
3118 2038 3356 2108 ἔμφυτος
3389 2041 3485 2092 καὶ
3515 2040 3683 2092 ἐνυπ-

2113 2128 2353 2198 άρχουσα
2384 2128 2462 2197 τῷ
2488 2127 2605 2198 Θεῷ
2630 2128 2860 2199 δύναμις
2906 2129 2998 2180 καὶ
3038 2129 3215 2197 σοφία,
3250 2130 3363 2182 ἀλλ’
3387 2130 3550 2200 ἑτέρα
3585 2130 3685 2200 μὲν

2113 2218 2292 2288 ἐκείνη
2325 2219 2451 2288 περὶ
2475 2214 2543 2289 ἦς
2570 2220 2663 2271 καὶ
2688 2220 2714 2270 6
2733 2217 2945 2282 Παῦλός
2975 2236 3158 2289 φησιν,
3180 2220 3213 2289 ἧ
3237 2237 3296 2271 τε
3327 2221 3495 2284 ἀΐδιος
3518 2221 3683 2274 αὑτοῦ

2112 2312 2339 2380 δύναμις
2372 2310 2466 2363 καὶ
2498 2310 2686 2381 θεότης
2707 2327 2721 2340 ·
2761 2311 2947 2381 ἕτερος
2984 2312 3040 2364 δὲ
3088 2315 3217 2382 παρ’
3248 2312 3464 2383 ἐκείνην
3492 2315 3522 2365 6
3548 2316 3684 2385 Xpt-

2115 2402 2263 2463 616;,
2301 2401 2395 2454 καὶ
2440 2402 2622 2471 ἕτεραι
2661 2401 2851 2454 πολλαὶ
2888 2403 2984 2455 σὺν
3029 2403 3177 2472 αὑτῷ
3207 2404 3465 2472 δυνάμεις
3495 2422 3554 2458 τε
3588 2406 3685 2459 καὶ

2115 2494 2294 2561 σοφίαι
2338 2492 2685 2562 καλούμεναι.
2735 2494 2844 2546 Kal
2886 2495 2919 2561 ἡ
2958 2493 3055 2563 μὲν
3104 2495 3341 2567 ἔμφυτος
3380 2496 3549 2560 ὅντως
3590 2499 3683 2550 καὶ

2113 2584 2315 2654 ἀληθὴς
2338 2582 2430 2635 τοῦ
2461 2583 2594 2635 Θεοῦ
2629 2584 2881 2654 δύναμις,
2909 2586 3165 2656 ποιητικὴ
3199 2588 3305 2640 τῶν
3339 2587 3475 2641 ὅλων
3505 2590 3681 2642 ἐστίν·

2113 2676 2167 2728 αἱ
2207 2675 2262 2727 δὲ
2305 2674 2559 2742 γεγόνασι
2594 2675 2724 2744 παρ’
2748 2676 2937 2745 αὑτῆς,
2966 2677 3013 2728 εὶ
3046 2676 3137 2728 καί
3166 2693 3249 2739 τις
3286 2676 3563 2748 ἐξαίρετος
3590 2679 3680 2731 τοῦ

2111 2766 2243 2819 Θεοῦ
2268 2765 2496 2835 δύναμις
2527 2766 2676 2834 παρὰ
2725 2766 2822 2830 τὰς
2865 2768 3025 2831 ἄλλας
3056 2769 3286 2840 ὑπάρχει
3323 2771 3574 2840 Χριστὸς,
3602 2774 3684 2833 εἰς

2110 2857 2266 2910 τοῦτο
2282 2857 2567 2927 γενομένη,
2591 2858 2675 2909 ἵνα
2697 2857 2986 2929 δυναμὼσῃ
3008 2861 3076 2914 τὰ
3091 2861 3369 2930 δυνάμεως
3388 2862 3681 2932 χρῄζοντα*

2110 2949 2195 3001 ἵνα
2242 2948 2458 3018 σοφὼσῃ
2494 2949 2562 3002 τὰ
2587 2950 2817 3019 δεόμενα
2867 2953 3157 3022 σοφισμοῦ,
3189 2955 3272 3006 ἵνα
3314 2956 3578 3027 δικαιώσῃ
3616 2956 3686 3009 τὰ

2110 3040 2449 3109 δικαιοσύνην
2490 3042 2587 3093 οὑκ
2642 3041 2852 3112 ἔχοντα.
2878 3044 3063 3096 Ἔστιν
3104 3041 3215 3108 οὖν,
3268 3048 3453 3114 φησὶν,
3499 3050 3532 3118 ἡ
3584 3050 3683 3117 μὲν

2106 3129 2347 3197 ἔμφυτος
2371 3129 2465 3182 τοῦ
2496 3130 2631 3183 Θεοῦ
2665 3132 2892 3202 δύναμις
2921 3133 3153 3207 ἄναρχός
3177 3152 3235 3186 τε
3266 3135 3360 3187 καὶ
3394 3136 3681 3205 ἀγένητος,

2106 3218 2283 3279 ἁῖδίως
2313 3220 2371 3269 ὲν
2400 3220 2595 3290 Πατρί.
2632 3221 2826 3289 Γέγονε
2855 3222 2911 3274 δὲ
2942 3224 2969 3275 ό
3004 3223 3235 3294 Χριστὸς
3265 3225 3356 3276 ἐπὶ
3385 3229 3502 3287 ταῖς
3529 3228 3683 3295 εἰρη-

2107 3306 2294 3376 μέναις
2320 3308 2543 3370 αἰτίαις.
2572 3310 2634 3361 El
2664 3310 2719 3362 δὲ
2745 3309 3025 3379 νομίζουσί
3062 3328 3205 3374 τινες
3234 3313 3394 3365 αὑτὸν
3422 3309 3562 3367 εἶναι
3590 3316 3684 3368 τὸν

2103 3397 2335 3467 Χριστὸν
2366 3398 2463 3469 τὴν
2496 3399 2735 3469 ἔμφυτον
2783 3400 2875 3453 τοῦ
2926 3401 3059 3454 Θεοῦ
3093 3402 3324 3472 δύναμιν
3363 3404 3450 3457 διὰ
3481 3406 3543 3457 16
3584 3422 3682 3472 γε-

2101 3491 2345 3561 γράφθαι
2381 3492 2534 3563 παρὰ
2564 3493 2798 3563 Παύλῳ’
2835 3514 2851 3544 ι
2883 3494 3114 3564 Χριστὸς
3157 3495 3292 3549 Θεοῦ
3333 3498 3682 3567 δύναμιςκαὶ

2103 3580 2234 3633 Θεοῦ
2279 3583 2458 3651 σοφία,
2491 3601 2509 3633 ι
2555 3582 2609 3634 τί
2658 3582 2765 3652 ἄρα
2806 3583 3025 3653 ἐροῦσιν
3071 3585 3361 3650 ἀκούοντες
3402 3587 3493 3639 τοῦ
3544 3588 3681 3643 Θεοῦ

2101 3673 2353 3741 λέγοντος
2390 3675 2517 3744 περὶ
2548 3674 2647 3743 τῆς
2686 3675 2913 3745 κὰμπης
2937 3693 2948 3704 ⁸
2994 3696 3011 3728 ι
3035 3678 3095 3729 Ἡ
3134 3679 3362 3746 δύναμίς
3396 3698 3496 3750 μου
3524 3682 3557 3751 ἡ
3584 3700 3683 3751 με-

2100 3765 2276 3833 γὰλη;
2310 3786 2326 3816 ι
2364 3766 2429 3818 Τί
2474 3766 2529 3817 δὲ
2572 3768 2853 3836 ποιήσουσι
2890 3770 3091 3833 πολλὰς
3118 3772 3249 3825 Θεοῦ
3284 3773 3540 3843 δυνάμεις
3580 3792 3682 3844 σηο

2104 3857 2386 3926 μαίνοντος
2415 3857 2509 3909 τοῦ
2550 3858 2878 3928 Ψαλμῳδοῦ,
2918 3861 2983 3912 δι’
3009 3855 3083 3914 ὧν
3114 3880 3277 3932 φησιν
3296 3879 3310 3893 ’
3343 3884 3363 3914 ‹
3394 3865 3678 3934 Εὑλογεῖτε

2100 3950 2188 4001 16v
2218 3949 2442 4020 Κύριον,
2470 3952 2639 4004 πᾶσαι
2672 3954 2726 4003 αἱ
2752 3952 3009 4021 δυνάμεις
3036 3954 3230 4021 aia-.06;
3265 3976 3283 4006 ι

2589 4065 2738 4131 Πρὸς
2778 4065 2964 4118 ταῦτα
3000 4068 3201 4133 λύσις.

2168 4176 2232 4228 El
2272 4176 2360 4228 διὰ
2405 4174 2565 4227 τοῦτο
2608 4176 2831 4243 γέγονεν
2863 4178 2890 4228 ὁ
2916 4177 3167 4246 Χριστὸς,
3202 4178 3288 4233 ἵνα
3319 4180 3578 4253 δικαιώσῃ
3607 4185 3679 4236 τὰ

2099 4267 2445 4339 δικαιοσύνης
2488 4268 2737 4338 δεόμενα,
2767 4269 2852 4321 ἵνα
2892 4270 3111 4342 σοφώσῃ
3144 4271 3211 4324 τὰ
3254 4273 3481 4342 δεόμενα
3526 4294 3679 4343 σοφι-

2101 4358 2261 4427 σμοῦ,
2301 4359 2388 4413 ἵνα
2432 4357 2725 4429 δυναμώσῃ
2767 4359 2835 4411 τὰ
2874 4358 3155 4431 δυνάμεως
3198 4361 3486 4433 χρῄζοντα,
3514 4369 3679 4435 ἡμεῖς

429 4452 536 4515 sit;
585 4466 757 4519 neque
789 4450 965 4505 factus
1005 4452 1191 4506 luisset
1248 4454 1415 4507 nostri
1461 4453 1674 4519 similis,
1714 4454 1815 4508 nisi
1854 4452 1994 4509 Deus

2108 4452 2207 4523 ipa
2257 4450 2406 4521 αὑτῷ
2451 4452 2755 4520 γεγόναμεν
2795 4452 2888 4504 τοῦ
2926 4448 3065 4504 εἶναι
3112 4453 3294 4518 αἴτιοι,
3337 4456 3430 4508 καὶ
3471 4458 3579 4509 οὐδ’
3607 4460 3678 4511 ἂν

435 4542 667 4608 primum
695 4539 763 4593 de
802 4540 1161 4609 producendis
1191 4542 1459 4596 creaturis
1493 4542 1803 4613 cogitasset.
1840 4541 1904 4597 Et
1949 4547 1993 4597 si

432 4635 545 4687 haec
570 4633 681 4702 ipsa
722 4644 807 4687 est
838 4634 1008 4687 nostri
1034 4649 1162 4688 usus
1189 4648 1375 4701 causa,
1408 4649 1535 4704 ergo
1576 4636 1993 4689 instrumentum

426 4734 513 4778 est
542 4733 738 4777 nostra:
768 4725 1081 4789 creatiouis,
1108 4740 1214 4781 non
1249 4741 1315 4782 ex
1345 4728 1526 4796 seipso
1552 4727 1674 4781 talis
1703 4728 1992 4792 exsistens,

427 4814 522 4867 sed
568 4815 635 4866 ita
668 4813 839 4869 factus
881 4826 1102 4886 propter
1149 4832 1270 4875 nos.
1325 4817 1793 4884 Quemadmodum
1836 4819 1999 4885 igitur

427 4914 650 4958 vocatur
675 4908 937 4975 potentia,
970 4918 1190 4977 propter
1226 4924 1289 4963 ea
1315 4910 1512 4977 quibus
1540 4910 1781 4975 potentia
1811 4910 1990 4972 datur,

426 5006 483 5050 et
529 4996 814 5065 sapientia,
862 5009 1083 5067 propter
1129 5012 1189 5050 ea
1232 4999 1426 5067 quibus
1459 4999 1726 5067 sapientia
1779 4999 1993 5054 confer-

429 5099 514 5143 tur
560 5107 573 5143 :
616 5089 690 5143 ita
740 5090 898 5142 etiam
952 5090 1092 5143 [ilius
1140 5093 1451 5155 vocabitur,
1496 5101 1711 5160 propter
1753 5107 1847 5146 eos
1902 5094 1991 5160 qui

428 5183 562 5236 liunt
590 5180 682 5235 lilii
715 5202 724 5236 :
773 5181 1012 5250 nihilque
1043 5183 1149 5237 erit
1197 5185 1412 5252 proprie
1444 5200 1540 5253 per
1572 5201 1651 5251 se,
1689 5185 1782 5240 sed
1812 5187 1990 5238 omnia

426 5275 541 5327 hac
582 5282 795 5343 propter
830 5288 949 5328 nos.
994 5271 1112 5339 Quo
1146 5284 1302 5343 pacto
1338 5276 1501 5345 igitur
1548 5276 1818 5331 constabit
1863 5275 1990 5329 illud

423 5365 565 5433 quod
608 5366 659 5420 in
705 5365 931 5420 Psalmis
977 5366 1208 5433 canitur,
1254 5386 1273 5418 ι
1306 5368 1423 5437 Ipse
1468 5368 1596 5423 fecit
1624 5383 1748 5434 nos,
1793 5378 1986 5423 etnon

425 5457 523 5523 ipsi
568 5472 666 5510 nos
685 5457 730 5487 ’°
787 5475 806 5509 ι
848 5457 894 5511 si
941 5472 1038 5513 nos
1079 5458 1152 5512 illi
1203 5474 1391 5513 sumus
1442 5470 1692 5514 auctores
1732 5468 1787 5513 et
1823 5473 1987 5515 causa

495 5629 539 5659 ιδ
559 5628 717 5713 llehr.
754 5649 823 5696 tv,
860 5634 945 5688 ιε.

423 5714 565 5763 xux,
600 5718 650 5751 υ.

1031 5633 1073 5664 ⁸⁵
1102 5632 1253 5687 Joan.
1290 5650 1326 5700 t,
1357 5633 1411 5689 5.
1492 5634 1533 5665 ¹⁶
1568 5633 1584 5687 Ι
1614 5633 1737 5689 Cor.
1768 5648 1805 5701 ι,
1835 5632 1925 5688 24.

2015 5634 2056 5666 ³⁷
2085 5632 2218 5688 Ibid.

2098 4544 2312 4611 ἐγένετο
2338 4542 2457 4595 καθ’
2482 4544 2650 4611 ἡμᾶς,
2680 4543 2729 4594 εἱ
2768 4542 2842 4613 μὴ
2871 4543 3002 4605 Θεὸς
3024 4544 3381 4599 ἐϐουλεύσατο
3415 4547 3674 4619 δημιουρ-

2095 4635 2259 4704 γῆσαι
2311 4632 2380 4685 τὰ
2426 4633 2649 4703 γενητά.
2682 4634 2789 4685 Kal
2840 4635 2887 4686 εἰ
2922 4635 3021 4703 τῆς
3076 4636 3231 4705 ἡμῶν
3273 4638 3436 4690 ἕνεκα
3485 4640 3678 4709 χρείας

2094 4726 2269 4779 ταῦτά
2315 4728 2501 4788 ἐστιν,
2544 4725 2775 4795 ὄργανον
2816 4728 2923 4797 ἄρα
2961 4729 3061 4798 τῆς
3108 4728 3264 4798 ἡμῶν
3308 4731 3677 4801 δημιουργίας

2095 4816 2263 4882 ἐστὶν,
2298 4816 2397 4868 οὑκ
2443 4814 2503 4879 ἐξ
2541 4816 2733 4870 ἑαυτοῦ
2779 4818 3018 4881 τοιοῦτος
3063 4820 3342 4889 ὑπάρχων,
3385 4821 3501 4874 ἀλλ’
3531 4822 3675 4875 οὕτω

2100 4905 2337 4976 γεγονὼς
2386 4906 2454 4958 δι’
2482 4904 2780 4978 ήμᾶς.τΛρ“
2812 4904 2902 4961 οὑν
2946 4908 3133 4977 ὥσπερ
3162 4910 3405 4963 καλεῖται
3443 4912 3675 4983 δύναμις

2098 5001 2187 5053 διὰ
2230 5000 2297 5053 τὰ
2327 5000 2726 5071 δυναμούμενοι,
2755 5002 2849 5053 καὶ
2896 5002 3056 5069 σοφία
3100 5002 3187 5054 διὰ
3225 5003 3291 5055 τὰ
3338 5004 3671 5074 σοφοὺμενα,

2096 5091 2238 5144 οὕτω
2268 5092 2363 5143 καὶ
2398 5093 2425 5143 ὁ
2460 5092 2582 5154 Υἱὸς
2609 5092 2695 5144 διὰ
2724 5091 2791 5143 τὰ
2818 5093 3221 5162 υἱοποιούμενα,
3250 5096 3341 5146 καὶ
3367 5098 3521 5148 οὐδέν
3557 5100 3672 5149 ἐστι

2096 5185 2299 5255 κυρίως
2328 5182 2395 5234 δι’
2426 5183 2636 5244 ἑαυτὸν,
2667 5183 2841 5236 πάντα
2868 5183 2921 5236 δὲ
2947 5184 3116 5238 ταῦτα
3143 5185 3206 5238 δι’
3230 5190 3396 5256 ἡμᾶς.
3434 5190 3557 5253 Πῶς
3579 5187 3675 5242 οῦν

2098 5276 2404 5345 σωθήσεται
2430 5275 2490 5327 τὸ
2530 5277 2588 5328 ἐν
2614 5275 2863 5346 Ψαλμοῖς
2885 5277 3142 5348 ᾀδόμενον
3162 5295 3175 5308 ε
3207 5298 3224 5329 ι
3253 5282 3425 5343 Αὐτὸς
3449 5283 3672 5351 ἐποίησε

2094 5366 2263 5435 ἡμᾶς,
2298 5365 2390 5418 καὶ
2414 5364 2511 5432 οὑχ
2538 5366 2718 5435 ἡμεῖς,
2748 5384 2766 5418 ι
2796 5366 2955 5438 εἴπερ
2990 5371 3154 5437 ἡμεῖς
3186 5370 3335 5439 αὑτῷ
3358 5371 3673 5441 δεδώκαμεν

2094 5454 2187 5509 τοῦ
2220 5452 2362 5510 εἶναι
2391 5455 2488 5519 τὰς
2518 5455 2731 5523 αἰτίας;
2755 5458 2817 5509 Εἰ
2850 5458 2958 5529 γὰρ
2984 5461 3076 5512 καὶ
3108 5462 3270 5525 αὑτὸς
3304 5464 3548 5530 φαίνοιτο
3574 5465 3675 5532 τῆς
3712 5442 3717 5447 ἡ

2323 5630 2365 5663 ’⁸
2391 5629 2504 5686 Joel
2530 5645 2592 5696 ιι,
2618 5629 2708 5689 25.

2794 5633 2836 5665 ¹⁹
2867 5630 3009 5689 Psal.
3034 5649 3255 5702 CXLVIII,
3302 5638 3359 5688 2.
3446 5638 3490 5669 "
3524 5637 3670 5693 Psal.
