3882 6210
251 314 353 369 501

1619 311 2055 371 ΤΗΕΞΛΗΠΠΞ.

3390 314 3494 373 309.

251 434 531 503 ποιήσεως
565 434 722 505 ἡμῶν
753 434 1068 509 αὐτουργὸς,
1096 438 1209 492 ἀλλ’
1233 440 1390 510 ἡμεῖς
1424 437 1572 508 αὐτῷ
1600 439 1819 507 γεγόνα-

1961 439 2270 494 εκείειοιηιίἳ
2308 440 2418 493 Ειςι
2477 440 2616 493 enim
2660 440 2903 495 videatur
2959 440 3249 497 crcationis
3294 455 3495 500 nostra:

258 516 385 593 μεν’
409 522 502 574 τοῦ
547 517 685 575 εἶναι
714 522 784 575 τὰ
814 523 1126 594 σπέρματα,
1159 528 1252 579 καὶ
1289 526 1376 579 διὰ
1416 526 1517 596 τὴν
1556 526 1830 597 ἡμετέραν

254 613 447 683 χρείαν
491 613 738 685 ἐκτίσθη,
767 615 888 667 καθ’
923 616 1300 687 ὑμᾶς.”Ωσπερ
1327 618 1515 687 ἀμέλει
1545 618 1638 669 καὶ
1679 618 1707 669 6
1745 617 1832 668 ού-

257 705 439 774 ρανὸς,
473 706 558 758 ἶνα
595 706 839 777 καλύπτῃ
890 708 1015 770 τοὺς
1065 709 1157 760 ἐπὶ
1208 710 1329 778 γῆς,
1363 709 1456 761 καὶ
1493 711 1519 761 6
1551 709 1702 779 ἥλιος
1747 708 1832 761 ἵνα

257 793 426 865 φαίνῃ
455 798 566 857 τοῖς
593 796 770 862 φωτὸς
797 796 1070 859 δεομένοις
1092 813 1105 826 '
1140 798 1231 850 καὶ¹
1266 800 1298 869 ἡ
1330 799 1399 868 γῆ
1428 798 1483 849 δὲ
1511 798 1711 867 ὁμοίως
1745 798 1833 850 ἵνα

254 884 431 955 τρέφῃ
460 886 530 938 τά
553 888 761 957 τροφῆς
787 888 1037 957 δεόμενα.
1066 890 1175 943 Καὶ
1217 890 1276 943 τὸ
1322 890 1571 960 περιττὸν
1595 891 1747 943 οὐδὲν
1776 892 1833 943 ἐν

260 977 375 1046 Υίῷ
406 978 502 1031 καὶ
529 980 843 1049 κτίσμασιν,
872 982 925 1033 εἴ
954 999 1016 1049 γε
1055 984 1150 1035 καὶ⁵
1175 984 1335 1047 αὐτὸς
1364 984 1439 1046 ὡς
1470 986 1655 1037 ἐκεῖνα
1680 984 1832 1047 τάξιν

254 1067 371 1140 ἔχει
410 1070 506 1140 τὴν
534 1071 873 1145 ὑπουργικήν
893 1091 907 1106 ο
942 1073 1109 1143 φεῦγε
1140 1075 1233 1128 τοῦ
1261 1077 1419 1145 λόγου
1448 1076 1547 1149 τὴν
1578 1076 1830 1130 ἀτοπίαν.

696 1368 901 1430 AAAO,
940 1368 1007 1422 ἐκ
1046 1369 1164 1423 τῶν
1198 1370 1413 1426 αὐτῶν.

344 1476 656 1545 ὐμολογείς
709 1480 803 1531 καὶ
848 1480 1017 1544 ἄκων,
1050 1482 1313 1552 αίρετικὲ,
1344 1483 1441 1554 τὴν
1473 1483 1709 1553 ἔμφυτον
1738 1486 1833 1539 τοῦ

262 1566 399 1617 θεοῦ
427 1568 617 1636 σοφίαν
657 1570 751 1621 καὶ
790 1569 1039 1641 δύναμιν,
1074 1575 1351 1645 ἀγενήτως
1384 1577 1710 1646 ἐνυπάρχειν
1743 1580 1837 1630 αύ-

262 1661 369 1729 τῷ·
403 1662 529 1713 ὃταν
571 1657 663 1714 οὖν
711 1662 949 1734 ἀκούσῃς
976 1665 1237 1736 ἀγένητον
1263 1666 1352 1719 τὸν
1390 1668 1533 1730 Υίὸν,
1567 1667 1639 1738 μὴ
1675 1670 1836 1721 πάλιν

262 1753 389 1821 λέγε
408 1770 421 1784 ⁸
452 1754 554 1806 Δύο
581 1751 672 1807 οὖν
704 1755 955 1825 ἀγένητα.
990 1757 1164 1829 Αὐτὴν
1190 1758 1245 1810 δὲ
1276 1758 1480 1828 ταύτην
1502 1760 1598 1831 τὴν
1622 1762 1679 1813 ἐν
1719 1762 1837 1832 Θεῷ

267 1846 458 1913 σοφίαν
485 1848 579 1899 καὶ
605 1846 833 1914 δύναμιν
868 1849 1144 1917 ἀγενήτως
1168 1868 1227 1903 τε
1260 1852 1352 1904 καὶ
1390 1853 1630 1922 ἁχρὸνως
1661 1855 1836 1925 ὑπάρ-

265 1954 468 2007 χουσαν
498 1938 823 2008 πιστεύομεν
850 1936 989 1992 εἷναι
1011 1941 1102 1993 τὸν
1123 1942 1271 2003 Υἱὸν,
1293 1942 1351 2005 ὃς
1374 1944 1464 1994 καὶ
1492 1945 1667 1997 πάντα
1695 1947 1839 2017 δεδη-

270 2030 594 2101 μιούργηκε,
613 2030 705 2084 καὶ
726 2031 789 2083 δι’
816 2034 963 2102 ἡμᾶς
987 2033 1177 2102 γέγονε
1209 2033 1365 2104 σάρξ,
1388 2035 1527 2087 κατὰ
1548 2038 1647 2107 τὴν
1664 2038 1841 2090 Ἰωάν-

268 2140 361 2176 νου
392 2125 598 2193 φωνήν.

266 2238 474 2301 LAAO,
515 2238 596 2303 ὡς
631 2237 701 2291 ἐν
734 2238 1081 2312 ἐρωτήσεως
1116 2242 1399 2310 σχήματι,
1421 2244 1843 2312 ἀποδεικτικὴν

827 2310 973 2377 ἕχον
1010 2310 1290 2382 δύναμιν.

339 2420 492 2472 Διατί
532 2419 601 2473 τὰ
649 2420 826 2474 πάντα
863 2424 891 2476 6
935 2424 1125 2495 Πατὴρ
1177 2426 1468 2496 ἐργάζεται
1515 2428 1584 2480 δι’
1614 2428 1840 2498 Υίοῦςῆ

266 2512 411 2565 διατί
460 2513 620 2566 πάλιν
653 2515 707 2565 ἐν
753 2515 830 2584 τῷ
872 2516 1013 2586 ἁγίῳ
1046 2516 1377 2588 βαπτίσματι
1405 2520 1498 2572 καὶ
1538 2522 1565 2572 6
1599 2520 1727 2582 Υἱὸς
1768 2519 1845 2589 τῷ

269 2605 447 2674 Πατρὶ
498 2606 1075 2676 συγκατονομάζεται;
1127 2608 1277 2661 Διατί
1307 2610 1363 2661 δὲ
1401 2612 1633 2680 γενητῆς
1667 2609 1844 2680 ὑπάρ-

269 2716 379 2765 χων
404 2696 637 2765 φύσεως,
670 2698 792 2751 καθ’
825 2699 991 2768 ὑμᾶς,
1021 2700 1436 2770 συναριθμεῖται
1464 2700 1539 2770 τῷ
1566 2701 1843 2765 κτίσαντι;

269 2790 366 2852 Τίς
410 2791 467 2843 δὲ
515 2790 672 2861 χρεία
711 2791 803 2843 τοῦ
833 2793 1203 2862 πεποιημένου
1249 2796 1327 2855 είς
1365 2793 1464 2863 τὴν
1492 2793 1598 2845 τῶν
1634 2794 1847 2846 πάντων

266 2881 552 2933 τελείωσιν
584 2882 677 2933 καὶ
714 2884 1017 2951 ἀγιασμόν;
1072 2883 1193 2945 Πῶς
1218 2883 1273 2935 δὲ
1311 2884 1501 2953 βοηθὸν
1536 2885 1697 2937 αὐτὸν
1730 2887 1849 2937 ἐπι-

270 2972 621 3041 καλούμεθα;
660 2974 852 3026 Καίτοι
899 2974 1069 3027 πολλὰ
1117 2976 1212 3044 μὲν
1246 2976 1340 3028 καὶ
1381 2976 1542 3045 έτερα
1575 2976 1848 3046 κτίσματα

270 3062 535 3129 γεγονότα
574 3062 842 3130 φαίνεται,
876 3063 1008 3116 ἀλλὰ
1042 3066 1243 3117 τούτων
1276 3066 1425 3119 οὐδὲν
1474 3069 1552 3130 είς
1594 3068 1693 3137 τὴν
1741 3068 1848 3119 τῶν

270 3128 799 3223 είρημένωννχρείαν
826 3155 1312 3223 παραλαμϐάνεται
1334 3172 1348 3185 ·
1393 3128 1552 3225 μόνος
1584 3128 1696 3210 δὲίὂ
1726 3159 1847 3221 Υἱὸς
1878 3128 1920 3184 C

271 3248 361 3297 ἀεὶ
397 3246 756 3315 συνυπάρχων
788 3246 868 3317 τῷ
898 3248 1089 3318 Πατρί.
1126 3249 1283 3301 Ποῖον
1322 3248 1431 3319 γὰρ
1458 3249 1567 3319 ἔχει
1599 3248 1773 3317 λόγον,
1805 3252 1852 3302 εί

278 3338 354 3407 μὴ
388 3337 520 3398 Θεὸς
544 3338 777 3409 ὑπάρχοι
808 3340 901 3391 καὶ
937 3339 1119 3403 αὐτὸς,
1155 3341 1232 3404 είς
1264 3340 1485 3408 κτίστην
1514 3342 1608 3394 καὶ
1651 3341 1852 3408 κτίσμα

274 3432 375 3501 τὴν
427 3431 607 3483 πίστιν
654 3431 1056 3501 κυρήττεσϐαι;
1098 3433 1249 3485 Διατί
1296 3432 1351 3485 δὲ
1406 3432 1497 3486 καὶ
1526 3434 1853 3503 δημιουργὸς

275 3522 625 3591 ὀνομάζεται,
656 3524 703 3574 εἰ
741 3522 816 3591 μὴ
842 3522 1000 3575 τοῦτό
1024 3525 1139 3575 ἐστι
1173 3522 1314 3575 κατὰ
1348 3522 1507 3592 φύσιν
1537 3525 1672 3594 ὅπερ
1706 3525 1801 3577 κα)⁵
1828 3527 1854 3577 ὁ

278 3615 502 3682 Πιτήρ;
533 3614 641 3667 Καὶ
676 3614 780 3684 μὴν
817 3614 977 3678 αὐτὸς
1016 3614 1216 3684 ἔφησεν
1251 3616 1278 3667 6
1308 3616 1461 3677 Υἱός·
1507 3634 1525 3679 ι
1555 3617 1736 3669 Πάντα
1758 3618 1856 3670 ὅσα

280 3708 393 3776 ἔχει
421 3707 449 3757 6
486 3705 694 3776 Πατὴρ,
729 3705 838 3775 ἐμά
868 3708 1005 3758 ἐστι.
1045 3708 1227 3775 »Ἔχει
1251 3707 1307 3758 δὲ
1337 3709 1364 3759 6
1389 3707 1577 3777 Πατὴρ
1604 3708 1663 3759 τὸ
1695 3708 1854 3759 δύνα-

283 3796 406 3849 σθαι
431 3797 800 3866 δημιουργεῖν,
827 3798 984 3849 τοῦτο
1016 3799 1107 3851 καὶ
1137 3800 1193 3850 ἐν
1219 3799 1331 3869 Υἱῷ
1359 3798 1606 3862 σώζεται.
1626 3801 1855 3870 Ὁμοίως

280 3890 338 3944 τὲ
375 3889 642 3958 ἐγιάζειν,
682 3891 742 3942 τὸ
770 3890 983 3953 σώζειν,
1017 3892 1111 3944 καὶ
1150 3892 1249 3943 ὅσα
1282 3893 1478 3962 πρέπει
1516 3892 1652 3962 Θεῷ,
1680 3895 1854 3947 πάντα

280 3982 348 4034 δι’
380 3983 531 4035 Υἱοῢ.
562 3982 791 4034 Σύνεστι
824 3981 932 4051 γὰρ
966 3982 1053 4034 ἀεὶ
1088 3982 1167 4052 τῷ
1201 3985 1395 4053 Πατρὶ,
1429 3984 1505 4047 ὡς
1533 3983 1610 4054 τῷ
1637 3985 1774 4052 φωτὶ
1797 3984 1857 4037 τὸ

282 4072 646 4143 ἀπαύγασμα.
692 4073 823 4136 Θεὸς
854 4075 961 4145 ἄρα
1001 4074 1146 4136 Υἱὸς,
1177 4076 1237 4127 οὐ
1278 4077 1659 4146 πεποιημένος,
1686 4077 1856 4130 καθά-

284 4182 391 4234 περ
446 4165 643 4217 ἐκεῖνοι
696 4165 1017 4235 ψευδόμενοι
1059 4164 1330 4233 λέγουσιν,
1369 4166 1482 4219 ἀλλ’
1511 4169 1576 4221 ἐκ
1618 4169 1714 4238 τῆς
1762 4167 1855 4221 τοῦ

284 4257 496 4328 Πατρὸς
526 4257 715 4320 οὐσίας
744 4258 1021 4329 προελθὼν
1050 4259 1270 4328 γνήσιον
1296 4259 1557 4328 γέννημα.

788 4378 1147 4465 ΛΟΓΟΣ
1224 4379 1368 4464 ΙΖ’.

286 4534 417 4587 Ὅτι
455 4536 571 4588 τῶν
600 4537 950 4603 προσόντων
997 4537 1078 4601 τῷ
1138 4537 1265 4601 Υἰῷ,
1310 4539 1487 4591 οὐδὲν
1541 4540 1616 4606 τῇ
1659 4554 1851 4592 κτίσει

356 4608 649 4677 πρόσεστι
702 4606 989 4675 φυσικῶς*
1050 4608 1247 4661 πάντα
1289 4608 1357 4661 δὲ
1403 4610 1469 4662 ἐκ
1510 4611 1773 4677 μετοχῆς
1811 4610 1847 4677 ἢ

354 4676 483 4746 καθ’
512 4676 797 4743 ὁμοίωσιν
838 4677 952 4743 τὴν
1006 4678 1156 4744 πρὸς
1190 4678 1296 4729 τὸν
1328 4676 1568 4731 διδόντα
1596 4676 1783 4746 φορεῖ
1819 4676 1851 4732 ὁ

353 4744 421 4798 δὲ
454 4746 581 4817 ride
608 4750 717 4817 οὐχ
750 4747 954 4811 οὕτως.
998 4749 1209 4815 Διόπερ
1247 4748 1446 4815 ἔτερος
1477 4744 1612 4817 παρς
1635 4748 1848 4815 αὑτήν.

356 4816 424 4867 Et
454 4816 521 4867 δὲ
544 4816 737 4881 τοῦτο,
758 4818 868 4869 οὐκ
894 4818 1006 4885 ἄρα
1026 4819 1247 4886 κτίσμα
1273 4819 1464 4872 ἐστίν.

730 4946 1046 5016 Ἀπολογία
1082 4948 1413 5012 αὺτολεξεί.

358 5055 421 5107 El
448 5057 658 5126 πᾶσαή
710 5057 885 5119 κτίσις
914 5058 971 5108 ὲν
1025 5059 1215 5129 ἀγνοίᾳ
1258 5059 1560 5128 καθέστηκε
1612 5063 1679 5130 τῇ
1725 5063 1851 5131 περὶ

276 5148 377 5199 τὸν
418 5145 667 5215 Πατέρα,
715 5146 889 5210 οὐδεὶς
927 5147 1035 5216 γάρ
1081 5143 1188 5201 οἶδε
1237 5148 1322 5210 τίς
1364 5150 1510 5201 ἐστιν
1558 5152 1585 5202 6
1622 5151 1846 5222 Πατὴρ,

282 5234 392 5290 οἶδε
419 5237 474 5289 δὲ
505 5238 662 5308 μόνος
695 5238 723 5289 6
747 5238 891 5302 Υἱὸς,
921 5239 1019 5291 οὐκ
1043 5238 1150 5310 ἄρα
1184 5240 1389 5311 κτίσμα
1410 5244 1686 5311 τυγχάνει.

967 5351 1165 5405 ΑΛΛΟ.

358 5458 418 5509 El
452 5459 617 5528 μηδὲν
647 5460 754 5513 τῶν
790 5463 1087 5531 γεγονότων
1134 5464 1251 5517 ἐστὶ
1285 5465 1440 5533 φύσει
1480 5466 1630 5531 Θεὸς,
1688 5469 1851 5538 φύσει

277 5548 337 5601 δὲ
364 5549 493 5612 Θεὸς
530 5553 558 5603 ὁ
590 5551 731 5617 Υἱὸς,
761 5553 861 5606 οὐκ
892 5553 998 5625 ἄρα
1054 5553 1161 5608 τῶν
1213 5557 1507 5625 γεγονότων
1551 5559 1718 5615 ἐστίν.
1744 5557 1853 5614 Ἦν

353 5728 393 5757 ¹¹
430 5723 585 5781 Joau.
618 5728 766 5795 ι,1ί.
845 5731 888 5761 ²¹¹
919 5729 1069 5785 Joan.
1110 5748 1217 5797 xw,
1256 5734 1335 5786 lii.

1932 547 2052 586 esse
2096 532 2297 601 opifex,
2335 546 2433 585 nos
2468 542 2643 585 tamen
2693 548 2876 587 sumus
2916 548 3074 587 causa
3122 543 3173 588 et
3202 535 3357 604 quasi
3407 550 3497 589 se-

1934 624 2078 676 mina
2112 623 2280 693 ipsius
2312 624 2661 685 exsislentite,
2702 634 2755 677 et
2784 624 2837 677 in
2875 632 3115 679 nostrum
3152 640 3307 679 usum
3343 640 3498 680 creua

1936 725 2019 769 tus
2053 723 2157 780 est,
2198 724 2257 769 ut
2284 731 2380 769 vos
2408 716 2591 769 vultis.
2625 714 3091 781 Quemadmodum
3121 717 3350 772 fortasse
3387 731 3497 771 ca:-

1935 806 2042 859 lum
2076 816 2132 860 ut
2160 815 2303 876 tegat
2339 823 2431 862 eos
2457 810 2545 876 qui
2581 808 2632 860 in
2666 810 2826 862 terris
2851 808 2997 874 sunt,
3030 819 3083 862 et
3121 808 3197 863 sol
3239 819 3296 863 ut
3321 809 3499 863 luceat

1936 898 2004 951 iis
2037 899 2125 966 qui
2173 898 2373 953 lumine
2421 909 2602 969 egent,
2650 910 2703 954 et
2739 909 2881 954 terra
2924 913 2982 955 ut
3029 904 3231 954 nutriat
3270 916 3331 955 ea
3378 917 3499 970 quze

1938 991 2268 1045 nutrimento
2300 992 2564 1061 indigent.
2600 994 2775 1061 Atque
2809 994 2882 1047 ita
2909 994 3040 1047 nihil
3072 994 3299 1062 amplius
3327 994 3377 1049 in
3411 994 3499 1048 Fi-

1937 1080 2027 1143 lio,
2073 1095 2233 1149 quam
2280 1082 2333 1134 in
2374 1083 2675 1148 creaturis;
2725 1083 2988 1152 siquidem
3033 1094 3087 1138 et
3118 1085 3233 1154 ipse
3278 1085 3499 1154 perinde

1936 1181 2096 1240 atque
2139 1172 2243 1225 illae
2289 1173 2631 1228 ministrandi
2670 1191 2864 1230 munus
2906 1176 3067 1231 habet
3095 1196 3108 1230 :
3133 1179 3272 1247 quod
3309 1179 3361 1231 in
3392 1178 3490 1247 pti-

1937 1268 2041 1322 mis
2066 1267 2357 1321 absurdum
2390 1276 2490 1321 est.

2439 1382 2666 1447 ALIUD,
2698 1399 2760 1437 ex
2788 1385 2990 1438 iisdem.

2008 1494 2221 1553 Fateris
2253 1499 2412 1552 etiam
2442 1499 2662 1565 int-itus,
2695 1502 2968 1565 haeretice,
3011 1502 3249 1553 innatam
3284 1502 3377 1554 Dei
3410 1516 3500 1555 sa-

1939 1590 2199 1658 pientiam
2231 1608 2293 1644 ac
2320 1591 2613 1659 potentiam
2649 1592 2941 1644 increataln
2977 1591 3027 1644 in
3058 1594 3171 1659 ipso
3194 1592 3458 1647 exsistere
3486 1612 3499 1646 :

1941 1697 2062 1735 cum
2113 1682 2279 1750 igitur
2315 1682 2506 1735 audies
2546 1682 2840 1751 ingenitum
2880 1697 3000 1736 esse
3030 1682 3246 1747 Filium,
3276 1699 3342 1737 ne
3383 1699 3487 1736 rur-

1869 1785 1911 1840 Β
1941 1788 2057 1827 sum
2116 1773 2301 1826 dicas:
2338 1772 2451 1826 Duo
2498 1774 2659 1841 igitur
2696 1784 2821 1826 sunt
2853 1775 3109 1843 ingenita.
3154 1773 3305 1828 Hanc
3358 1774 3501 1827 enim

1944 1865 2110 1935 ipsam
2151 1864 2201 1917 in
2244 1865 2351 1917 Deo
2392 1866 2709 1934 sapientiam
2759 1875 2813 1919 et
2842 1866 3133 1933 potentiam
3184 1867 3503 1927 increatam,

1942 1968 2103 2026 atque
2155 1957 2223 2011 ab
2277 1968 2479 2010 interno
2530 1958 2629 2025 ipsi
2687 1958 3085 2012 inessistentem
3136 1958 3330 2011 Filium
3384 1974 3505 2012 esse

1943 2048 2231 2112 credimus,
2263 2049 2352 2115 qui
2383 2048 2562 2101 omnia
2606 2050 2830 2114 creavit,
2871 2058 2924 2101 ct
2953 2059 3169 2118 propter
3204 2066 3325 2115 nos,
3353 2049 3502 2121 juxta

1874 2209 1881 2216 _
1942 2139 2164 2194 Joannis
2187 2154 2372 2194 vocem
2396 2140 2462 2204 “,
2495 2140 2667 2194 factus
2702 2152 2785 2195 est
2809 2157 2953 2196 caro.

1943 2250 2174 2316 ALIUD,
2222 2267 2313 2320 per
2354 2250 2835 2319 interrogationem,
2883 2252 3351 2305 demonstrationis
3402 2253 3503 2304 vim

2627 2322 2839 2374 habens.

2016 2434 2374 2500 Quamobrem
2419 2434 2577 2487 Pater
2620 2434 2798 2486 omnia
2847 2448 2941 2501 per
2984 2432 3176 2487 Filium
3222 2436 3507 2502 operatur?

1945 2535 2039 2578 aut
2076 2542 2242 2593 quare
2286 2527 2336 2578 in
2386 2536 2575 2581 sancto
2617 2525 2939 2593 baptismate
2975 2528 3134 2579 etiam
3184 2526 3352 2581 Filius
3388 2541 3508 2580 cum

1949 2614 2108 2669 Patre
2160 2617 2505 2670 nominatur?
2553 2617 2665 2682 Qua
2717 2611 2783 2669 d'e
2828 2630 2992 2670 causa
3036 2617 3221 2677 etiam.
3270 2633 3392 2670 cum
3442 2618 3507 2669 Sil

1948 2715 2144 2760 creata:
2192 2716 2428 2770 naturae,
2472 2717 2532 2759 ut
2576 2722 2672 2760 vos
2726 2707 3045 2774 opinamini,
3096 2716 3515 2761 connumeratur

1950 2798 2224 2852 creatori?
2268 2798 2398 2863 Qua:
2450 2813 2578 2851 vero
2630 2800 2923 2853 necessitas
2975 2808 3092 2854 erat
3138 2811 3398 2853 creatura:
3451 2802 3515 2853 ad

1948 2890 2189 2942 omnium
2221 2888 2600 2958 perfectionem
2644 2900 2698 2944 et
2728 2890 3251 2946 sanctiﬁcationem?
3288 2895 3392 2945 Aut
3422 2908 3517 2946 cur

1952 2982 2327 3036 auxiliatorem
2399 2994 2640 3036 nostrum
2708 2983 3059 3039 invocamus?
3115 2986 3276 3052 Atqui
3341 2984 3518 3037 multa:

1953 3075 2112 3126 etiam
2142 3074 2258 3126 alim
2289 3084 2553 3128 creatura:
2580 3074 2734 3129 factae.
2761 3088 3054 3145 apparent:
3079 3077 3240 3147 179
3263 3078 3352 3132 sed
3377 3077 3515 3130 nulla

1957 3167 2141 3217 harum
2175 3168 2238 3218 ad
2272 3168 2554 3233 przedictos
2585 3184 2716 3222 usus
2750 3172 3213 3234 accommodatur,
3256 3172 3345 3223 sed
3373 3170 3519 3224 solus

1956 3252 2124 3306 Filius
2154 3270 2364 3321 semper
2383 3258 2718 3310 coexsistens
2746 3256 2913 3309 Patri.
2949 3256 3204 3323 Quaenam
3238 3258 3385 3327 igitur
3429 3273 3517 3311 ra-

1959 3344 2030 3395 tio
2064 3352 2165 3407 est,
2193 3344 2237 3395 si
2275 3346 2385 3411 ipse
2419 3359 2523 3397 non
2557 3345 2626 3397 sit
2660 3344 2819 3408 Deus,
2860 3345 2913 3398 in
2946 3357 3246 3398 creatorem
3279 3355 3332 3399 et
3361 3359 3514 3398 crea-

1956 3445 2128 3487 turam
2165 3434 2418 3487 credere?
2452 3434 2557 3485 Aut
2595 3449 2761 3502 quare
2798 3446 3013 3489 creator
3052 3446 3295 3501 vocatur,
3330 3451 3371 3489 ει
3411 3452 3516 3489 ωολ

1956 3534 2248 3580 estnatura
2278 3526 2326 3578 id
2357 3526 2495 3593 quod
2523 3525 2713 3579 Pater?
2738 3526 2801 3579 At
2834 3541 2961 3580 vero
2994 3526 3159 3580 Fidius
3190 3528 3265 3579 ait
3292 3547 3304 3581 :
3334 3546 3351 3578 ι
3386 3526 3516 3582 0m-

1959 3618 2044 3671 nia
2089 3632 2206 3685 qua:
2254 3617 2415 3669 habet
2461 3616 2618 3670 Pater
2670 3632 2785 3670 mea
2842 3618 3047 3670 sunt".
3082 3636 3100 3666 ι
3143 3616 3299 3670 Pater
3341 3630 3518 3671 autem

1959 3708 2118 3760 habet
2153 3707 2461 3760 facultatem
2496 3708 2736 3769 creandi,
2771 3708 2929 3760 habet
2961 3721 3089 3775 ergo
3118 3715 3172 3758 et
3206 3706 3392 3760 Filius.
3433 3706 3519 3760 Si-

1958 3799 2160 3851 militer
2183 3809 2234 3849 et
2258 3797 2615 3858 sanctilicare,
2640 3807 2695 3851 et
2722 3812 2960 3861 servare,
2984 3810 3035 3849 et
3060 3812 3389 3866 quaecunque
3414 3798 3521 3851 Deo

1958 3892 2310 3953 conveniunt,
2353 3890 2530 3943 omnia
2565 3904 2661 3959 per
2701 3888 2919 3942 Filium.
2975 3888 3199 3956 Semper
3238 3891 3382 3942 enim
3414 3906 3517 3942 una

1959 3999 2078 4037 cum
2130 3983 2286 4037 Patre
2335 3982 2565 4049 exsistit,
2613 3981 3060 4049 quemadmodum
3110 3980 3365 4050 splendor
3399 3997 3519 4034 cum

1960 4074 2184 4128 lumine.
2236 4074 2374 4129 Deus
2422 4075 2603 4142 itaque
2637 4083 2719 4128 est
2764 4073 2953 4136 Filius,
3003 4087 3105 4125 non
3145 4072 3344 4136 factus,
3384 4073 3521 4128 sicut

1959 4166 2033 4219 illi
2068 4167 2387 4219 mentientes
2418 4174 2688 4227 asserunt,
2720 4165 2812 4218 sed
2854 4163 3169 4217 naturaliter
3196 4179 3262 4218 ex
3290 4165 3522 4219 essentia

1960 4258 2134 4312 Patris
2170 4258 2419 4324 genimcn
2453 4257 2771 4326 procedens.

2256 4387 2823 4475 ASSERTIO
2895 4391 3214 4479 XVII.

1962 4536 2116 4602 Quod
2156 4552 2333 4590 eorum
2380 4552 2493 4605 qua:
2529 4534 2671 4589 Filio
2714 4539 2911 4601 insunt,
2960 4538 3088 4591 nihil
3121 4539 3383 4591 creaturis
3425 4555 3522 4591 na-

2031 4607 2279 4659 turaliter
2306 4609 2456 4667 insit,
2500 4610 2589 4658 sed
2635 4622 2694 4658 ea
2724 4624 2815 4671 per
2842 4610 3292 4673 participationem
3320 4609 3397 4661 vel
3445 4626 3514 4661 se-

2032 4678 2259 4729 cundum
2302 4676 2699 4728 similitudinem
2731 4685 2844 4744 ejus
2866 4679 2962 4743 qui
3007 4680 3095 4729 dat
3133 4679 3401 4731 habeant:
3428 4676 3522 4730 Fi-

2030 4748 2131 4797 lius
2163 4757 2338 4798 autem
2377 4762 2475 4798 non
2510 4748 2600 4797 ita.
2646 4747 2809 4813 Atque
2832 4749 3029 4799 idcirco
3061 4748 3123 4798 ab
3161 4750 3224 4801 iis
3262 4751 3521 4801 diversus.

2031 4815 2182 4880 Quod
2216 4832 2333 4868 cum
2358 4818 2435 4869 ita
2465 4816 2555 4878 sit,
2586 4813 2787 4867 Filium
2824 4827 3123 4870 creaturam
3155 4834 3257 4871 non
3283 4833 3414 4873 esse.

2172 4949 2421 5015 Defensio
2449 4948 2667 5015 simplex
2704 4965 2767 5002 ea:
2790 4952 2934 5017 puris
2967 4950 3306 5020 syllogismis.

2032 5061 2089 5116 Si
2123 5062 2299 5115 omnis
2347 5071 2593 5115 creatura
2627 5064 2915 5116 constituta
2965 5074 3045 5117 est
3096 5065 3148 5117 in
3186 5065 3522 5135 ignoratione

1958 5156 2153 5218 Patris,
2192 5172 2353 5209 nemo
2391 5157 2532 5209 enim
2570 5156 2715 5209 novit
2752 5157 2874 5225 quis
2911 5158 2981 5211 sit
3029 5157 3206 5221 Pater,
3253 5160 3400 5213 novit
3430 5175 3523 5212 au-

1964 5259 2066 5302 tem
2106 5247 2253 5302 solus
2282 5247 2446 5303 Filius
2472 5266 2483 5301 :
2514 5264 2618 5303 non
2657 5258 2739 5302 est
2771 5264 2899 5316 ergo
2928 5260 3204 5304 creatura.

2626 5361 2854 5417 ALIUD.

2036 5471 2091 5526 Si
2124 5472 2254 5525 nihil
2285 5487 2473 5527 eorum
2502 5489 2621 5544 qua:
2659 5472 2801 5527 facta
2827 5482 2970 5541 sunt,
3006 5482 3089 5528 cst
3136 5482 3323 5528 natura
3362 5474 3519 5537 Deus,

1964 5562 2131 5618 Filius
2162 5573 2341 5620 autem
2370 5575 2454 5621 est
2478 5575 2667 5621 natura
2704 5566 2842 5622 Deus
2873 5586 2885 5620 :
2918 5582 3023 5621 non
3056 5576 3139 5623 est
3170 5567 3329 5636 igitur
3356 5582 3423 5622 ex
3457 5569 3522 5621 iis
