3882 6210
374 300 482 358 303

1360 283 1417 337 S.
1458 278 1732 335 CYIIILLI
1770 277 2241 334 ALEXANDRINI
2279 278 2601 336 ARCIIIEP.

3516 272 3623 331 5N

379 428 499 483 qua:
528 408 669 465 facta
706 413 851 460 sunt.
882 398 1042 470 Atqui
1083 399 1127 453 si
1184 397 1409 455 ridicula
1450 397 1548 451 fuit
1588 397 1735 467 prior
1761 405 1943 451 nostra

2071 398 2090 442 ι’
2112 397 2269 468 ἡμῶν
2295 396 2698 465 καταγέλαστος
2729 397 2758 449 6
2808 395 3070 468 πρότερος
3112 392 3247 462 βίος,
3285 391 3367 445 ὅτι
3398 390 3473 462 μὴ
3503 385 3625 444 οὖσι

382 502 515 567 vita,
561 495 706 569 quod
751 493 855 549 diis
891 490 981 559 qui
1020 496 1214 542 natura
1266 501 1371 541 non
1418 494 1656 553 exstant,
1699 483 1949 540 servieri-

381 607 534 658 mus;
585 597 732 643 certe
770 598 910 639 nunc
938 579 1107 635 multo
1145 579 1453 632 miseriores
1489 576 1697 632 censeri
1727 577 1951 631 debere-

380 698 521 749 mus,
553 679 693 751 quod
720 691 842 732 eum
869 673 961 743 qui
1005 680 1197 727 natura
1242 671 1376 725 deus
1398 685 1503 725 non
1531 668 1620 735 sit,
1659 668 1902 725 colamus
1931 686 1944 723 :

379 775 525 846 quod
557 770 848 827 absurdum
874 772 975 821 εει.

1046 878 1273 934 ALIUD.

451 1003 507 1059 Si
537 999 677 1070 quod
704 998 904 1053 factum
939 1004 1044 1057 est,
1080 994 1353 1049 diversum
1384 1001 1469 1048 cst
1498 989 1721 1045 omnino
1754 996 1947 1043 natura

380 1098 448 1153 ab
483 1110 551 1151 eo
577 1092 719 1164 quod
763 1089 963 1144 factum
1012 1101 1118 1141 non
1163 1095 1265 1151 est,
1314 1100 1419 1138 non
1453 1093 1629 1153 potest
1671 1081 1952 1152 aequaliter

381 1187 525 1242 illius
547 1184 730 1255 gloriae
769 1179 1041 1249 particeps
1070 1192 1211 1232 esse.
1252 1196 1270 1227 ι
1301 1174 1541 1230 Gloriam
1576 1173 1718 1228 enim
1751 1189 1948 1239 meam,

383 1278 577 1347 inquit,
609 1274 763 1328 alteri
805 1286 909 1325 non
952 1270 1090 1325 dabo
1112 1268 1177 1321 ⁸³.
1213 1286 1231 1319 ›
1270 1267 1324 1322 Si
1356 1282 1481 1321 vero
1523 1266 1799 1336 aequaliter
1830 1281 1952 1334 par-

384 1372 555 1438 ticeps
588 1376 670 1421 est
700 1363 867 1418 Filius
899 1361 1123 1415 veniens
1149 1360 1205 1414 in
1239 1360 1408 1430 gloria
1456 1357 1634 1412 Patris
1665 1375 1678 1412 :
1712 1372 1818 1411 non
1868 1365 1953 1411 est

383 1463 540 1533 igitur
568 1469 838 1520 creatura,
865 1457 955 1525 qui
988 1453 1212 1509 increati
1246 1453 1472 1521 gloriam
1506 1451 1724 1506 indutus
1761 1457 1862 1505 est.

952 1566 1115 1637 130
1152 1562 1384 1620 ALIUD.

455 1683 637 1738 Sacrae
690 1679 987 1749 Scriptura!
1020 1677 1213 1732 Filium
1262 1689 1445 1731 verum
1490 1672 1660 1729 Deum
1706 1683 1950 1730 vocant:

2052 491 2212 560 φύσει
2251 491 2393 554 θεοῖς
2421 489 2836 559 ἐδουλεύσαμεν,
2864 487 3045 557 πολλῷ
3100 484 3298 556 μᾶλλον
3332 483 3425 537 νῦν
3454 486 3627 551 ἐσμεν

2050 580 2389 652 ἀθλιώτεροι,
2416 579 2494 649 τῷ
2526 578 2602 649 μὴ
2626 578 2786 647 φύσει
2834 576 2942 649 θεῷ
2990 576 3353 649 προσάγοντες
3399 572 3498 643 τὴν
3531 570 3627 625 λα.-

2048 673 2255 747 τρείαν·
2294 673 2461 745 φεῦγε
2492 673 2551 727 τὸ
2577 673 2795 728 ἄτοπον.

2729 877 2934 932 ΔΛΛΟ.

2122 996 2184 1049 Ei
2208 996 2314 1049 πᾶν
2341 994 2403 1048 τὸ
2422 993 2649 1065 γενητὸν
2676 992 2865 1064 ἔτερόν
2892 992 3008 1045 ἐστι
3039 989 3216 1061 πάντη
3236 988 3329 1043 τοῦ
3356 989 3624 1059 ἀγενήτου

2051 1090 2193 1144 κατὰ
2213 1090 2312 1160 τὴν
2345 1087 2530 1159 φύσιν,
2558 1089 2619 1141 οὐ
2639 1087 2864 1141 δύναται
2886 1083 2985 1155 τῆς
3017 1084 3227 1137 ἐκείνου
3253 1083 3410 1152 δόξης
3441 1083 3625 1152 ἰσομέ-

2049 1199 2194 1253 τρως
2225 1182 2523 1235 κοινωνεῖν,
2558 1199 2575 1231 t
2602 1180 2712 1250 Τὴν
2740 1179 2848 1248 γὰρ
2876 1177 3033 1241 δόξαν
3079 1193 3201 1247 μου,
3238 1177 3401 1247 φησιν
3428 1174 3625 1240 όΘεὸς,

2052 1273 2223 1343 ἑτέρῳ
2249 1272 2311 1324 οὐ
2341 1270 2516 1326 δώσω.
2548 1289 2567 1323 ι
2612 1272 2675 1323 Εἰ
2704 1270 2760 1323 δὲ
2813 1270 3058 1322 κοινωνεῖ
3087 1270 3115 1321 6
3148 1267 3277 1330 Υἱὸς
3332 1266 3628 1336 ἐρχόμενος

2052 1363 2111 1414 ὲν
2139 1365 2203 1433 τῇ
2244 1361 2369 1432 δόξῃ
2396 1360 2491 1413 τοῦ
2522 1360 2753 1432 Πατρὸς,
2789 1360 2888 1411 οὐκ
2917 1359 3026 1429 ἄρα
3060 1357 3264 1428 κτίσμα
3307 1358 3453 1410 ἐστὶν
3476 1358 3505 1409 6
3530 1356 3629 1425 τὴν

2051 1453 2145 1507 τοῦ
2175 1455 2432 1509 ἀκτίστου
2454 1452 2612 1517 δόξαν
2634 1451 3029 1523 ἠμφιεσμένος.

2740 1566 2966 1619 ΑΛΛΟ.·

2123 1681 2256 1735 Θεὸν
2276 1679 2529 1752 ἀληθινὸν
2572 1678 2942 1733 ἀποκαλοῦσιν
2990 1677 3046 1732 αἱ
3095 1675 3236 1730 θεῖαι
3285 1672 3498 1747 Γραφαὶ
3536 1672 3630 1726 τὸν

389 1788 553 1847 atque
599 1777 673 1830 ita
720 1773 1013 1828 credimus.
1059 1769 1114 1824 Si
1148 1784 1275 1824 vero
1304 1767 1563 1837 quidquid
1606 1765 1803 1822 factum
1847 1778 1948 1834 εει,

2071 1773 2204 1838 Γίὸν,
2232 1774 2325 1825 καὶ
2353 1771 2495 1825 οὕτω
2528 1771 2878 1842 πιστεύομεν.
2904 1771 2965 1823 Εἰ
2997 1769 3054 1823 δὲ
3083 1769 3191 1822 πᾶν
3235 1766 3297 1820 τὸ
3332 1766 3630 1834 γενόμενον

386 1883 573 1924 recens
597 1875 678 1922 est
709 1874 955 1936 respectu
981 1862 1240 1926 increati;
1270 1874 1445 1929 neque
1469 1874 1566 1931 par
1592 1869 1677 1915 est
1706 1871 1764 1913 ut
1787 1861 1951 1915 Deum

387 1969 662 2017 recentem
710 1973 774 2013 ac
832 1970 1027 2011 novum
1064 1952 1347 2008 colamus:
1378 1966 1486 2007 non
1539 1960 1623 2007 est
1665 1951 1828 2020 igitur
1865 1950 1955 2004 Fi-

386 2053 490 2108 lius
523 2052 663 2106 Deus
691 2063 899 2115 recens,
948 2046 1151 2117 quippe
1184 2043 1275 2114 qui
1318 2052 1402 2100 est
1442 2043 1496 2099 id
1535 2044 1679 2114 quod
1712 2051 1954 2100 creatum

386 2160 491 2202 Ι]οΠ
524 2154 627 2200 εει.

1054 2249 1285 2306 ALIUD.

457 2370 516 2426 Si
547 2369 688 2440 quod
725 2376 965 2424 creatum
1011 2375 1115 2429 est,
1148 2366 1420 2420 diversum
1449 2364 1608 2434 plane
1652 2373 1735 2419 est
1765 2365 1833 2419 ab
1874 2365 1954 2419 in-

382 2469 589 2523 creato,
633 2457 847 2513 adorari
905 2470 1011 2510 non
1058 2456 1240 2510 debet.
1293 2454 1483 2508 Diviuo
1518 2456 1659 2509 enim
1689 2467 1953 2526 praecepto

388 2556 488 2606 hoc
516 2550 742 2604 vetitum
789 2559 893 2604 est.
940 2548 997 2602 Si
1039 2562 1165 2601 vero
1195 2544 1388 2600 Filium
1415 2546 1664 2616 jubemur
1703 2548 1951 2613 adorare,

387 2656 491 2695 non
526 2652 703 2694 autem
741 2639 905 2693 alium
943 2639 1122 2703 deum,
1156 2637 1247 2708 qui
1279 2636 1350 2694 sit
1380 2648 1594 2693 creatus
1630 2657 1643 2692 :
1679 2639 1952 2694 increatus

386 2735 549 2806 igitur
577 2743 658 2789 est
682 2731 871 2787 Filius.

1049 2840 1283 2899 ALIUD.

456 2955 511 3011 Si
542 2954 801 3025 quidquid
830 2954 1032 3009 factum
1076 2961 1180 3018 est,
1233 2966 1446 3010 servum
1492 2963 1576 3010 est
1608 2954 1747 3025 ejus,
1779 2971 1806 3009 a
1849 2970 1956 3026 quo

385 3049 590 3103 factum
622 3056 708 3103 est
737 3067 749 3079 ·
777 3046 1112 3116 impossibile
1144 3046 1306 3116 igitur
1340 3047 1413 3101 illi
1441 3055 1523 3101 est
1547 3048 1850 3102 libertatem
1876 3049 1953 3102 al-

388 3143 487 3197 teri
517 3138 767 3194 conferre
796 3153 957 3207 quam
994 3153 1098 3191 non
1140 3138 1320 3192 habet.
1356 3138 1411 3193 Si
1447 3150 1624 3193 autem
1663 3154 1781 3195 eam
1820 3155 1951 3195 con-

389 3233 492 3286 fert
516 3231 708 3291 Filius,
734 3243 924 3284 servus
949 3229 1132 3298 itaque
1165 3245 1272 3283 non
1304 3238 1410 3296 εει,
1444 3230 1537 3284 sed
1565 3230 1742 3299 potius
1772 3230 1953 3287 Domi-

389 3339 492 3380 nus
515 3336 569 3379 et
594 3324 756 3378 Deus.

1054 3434 1278 3492 ALIUD.

456 3547 515 3604 Si
546 3548 722 3603 omnis
754 3556 1003 3603 creatura
1054 3547 1155 3601 sub
1193 3556 1384 3601 natura
1412 3545 1717 3602 consistens
1750 3554 1954 3602 naturae

386 3639 485 3707 ΗΕ,
515 3641 616 3695 sub
644 3656 746 3709 qua
782 3653 866 3694 εει
913 3650 967 3693 ει
1000 3638 1137 3693 facta
1178 3647 1284 3703 est,
1318 3639 1507 3703 servit,
1560 3639 1733 3693 deitas
1773 3649 1951 3693 autem

387 3732 554 3787 libera
593 3738 695 3795 est,
734 3730 990 3798 omnique
1022 3729 1253 3783 naturali
1305 3731 1628 3785 necessitate
1663 3732 1948 3800 superior:

386 3822 731 3877 manifestum
786 3829 869 3875 est
919 3821 1087 3875 Deum
1127 3836 1231 3875 non
1281 3821 1483 3876 servire
1537 3831 1763 3877 naturae.
1817 3822 1951 3878 Cum

384 3928 511 3968 vero
542 3912 708 3968 Filius
754 3913 825 3966 sit
870 3914 1034 3978 Deus,
1086 3925 1232 3966 certe
1281 3921 1486 3967 natura:
1524 3913 1797 3983 subjectus
1844 3931 1949 3970 non

380 4002 505 4068 erit,
546 4001 690 4072 quod
737 4004 1008 4056 creaturis
1050 4002 1323 4069 proprium
1368 4010 1470 4055 est.
1514 4002 1707 4071 Atqui
1752 4018 1952 4074 cogua-

384 4094 529 4147 tione
560 4092 787 4146 naturali
835 4106 864 4145 a
899 4100 1151 4147 creatura
1194 4088 1393 4153 diﬂ‘ert,
1423 4103 1529 4158 quo
1559 4100 1715 4159 pacto
1745 4107 1852 4147 non
1881 4093 1953 4147 sit

383 4181 613 4237 diversa
643 4181 710 4235 ab
745 4194 807 4236 ea
842 4179 1085 4235 naturae?

1046 4308 1274 4368 ALIUD.

458 4424 517 4480 Si
550 4424 693 4479 nulla
726 4432 977 4479 creatura
1019 4423 1340 4479 naturaliter
1367 4420 1718 4493 perfectoque
1744 4422 1856 4480 Deo
1887 4438 1950 4479 ac

384 4515 533 4572 Patri
569 4515 761 4571 similis
788 4525 894 4579 est,
929 4515 1123 4570 similis
1154 4526 1333 4571 autent
1364 4523 1449 4571 est
1477 4514 1671 4581 Filius,
1715 4518 1850 4572 adeo
1893 4528 1951 4572 ut

383 4610 479 4674 qut
531 4620 654 4659 eum
701 4605 903 4669 videat,
956 4604 1172 4660 Patrem
1228 4606 1455 4661 videat:
1498 4619 1607 4660 non
1653 4616 1736 4661 est
1793 4608 1954 4677 igitur

384 4705 657 4761 creatura,
692 4696 783 4764 qui
825 4697 1118 4765 perfectam
1153 4695 1561 4767 absolutamque
1594 4695 1769 4754 Patris
1801 4699 1950 4753 simi-

387 4787 665 4842 litudinem
694 4795 888 4857 gestat.

1048 4901 1281 4960 ALIUD.

453 5020 510 5075 Si
560 5032 748 5074 omnes
791 5025 1052 5072 creaturae
1111 5016 1221 5071 Deo
1271 5016 1550 5083 serviunt,
1604 5032 1713 5073 non
1767 5027 1945 5073 autem

381 5123 509 5171 sunt
547 5111 777 5169 dominas
820 5109 1022 5181 gloriae,
1071 5107 1237 5163 Filius
1267 5124 1393 5165 vero
1417 5123 1520 5164 non
1560 5110 1655 5176 ita,
1695 5111 1790 5167 sed
1838 5110 1944 5165 Do-

382 5210 559 5264 minus
585 5205 771 5278 gloriae
792 5202 872 5257 “:
904 5217 1010 5257 non
1047 5212 1131 5257 est
1167 5202 1329 5273 igitur
1365 5211 1635 5259 creatura.

1042 5313 1273 5370 ALIUD.

448 5430 505 5488 Si
528 5428 788 5501 quidquid
813 5444 880 5485 ex
908 5428 1075 5484 nihilo
1106 5428 1172 5481 ad
1205 5440 1326 5483 esse
1361 5429 1666 5486 traductum
1696 5439 1799 5499 est,
1827 5432 1941 5487 fieri

2056 1865 2368 1937 πρόσφατόν
2399 1867 2548 1918 ἐστιν
2574 1864 2649 1929 ὡς
2668 1863 2806 1935 πρὸς
2861 1863 2923 1915 τὸ
2951 1864 3235 1932 ἀγένητον*
3267 1860 3364 1930 οὐχ
3394 1860 3538 1911 ὅσιον
3570 1855 3628 1908 δὲ

2054 1954 2191 2012 εἶναι
2224 1957 2358 2011 Θεὸν
2380 1958 2693 2029 πρόσφατον
2722 1958 2779 2009 έν
2802 1956 2956 2026 ἡμῖν,
3001 1955 3101 2007 οὐκ
3146 1953 3300 2009 ἔσται
3339 1951 3445 2023 ἄρα
3494 1949 3628 2010 Θεὸς

2054 2051 2362 2122 πρόσφατος
2394 2049 2424 2101 6
2443 2048 2590 2116 Υἱὸς,
2619 2049 2757 2118 ὅπερ
2786 2047 2901 2101 ἐστὶ
2937 2045 2998 2098 τὸ
3038 2043 3318 2114 ἀγένητον.

2733 2254 2941 2309 ΑΛΛΟ.

2122 2369 2186 2422 EI
2209 2368 2268 2422 τὸ
2306 2367 2532 2438 γενητὸν
2565 2365 2793 2421 καθόλου
2826 2364 3014 2436 ἔτερόν
3042 2362 3157 2417 ἐστι
3203 2358 3297 2415 τοῦ
3324 2360 3585 2431 ἀγενήτου
3611 2400 3628 2423 ,

2051 2461 2114 2514 οὐ
2151 2460 2232 2514 δεῖ
2258 2458 2407 2530 αὐτῷ
2435 2460 2784 2532 προσκυνεῖν.
2832 2456 3201 2528 Ἀπηγόρευσε
3239 2453 3348 2524 γὰρ
3388 2451 3547 2505 τοῦτο
3572 2452 3631 2504 τὸ

2053 2554 2196 2607 θεῖον
2230 2553 2430 2622 λόγιον.
2472 2554 2536 2605 EI
2568 2551 2625 2605 δὲ
2676 2550 2754 2622 τῷ
2799 2549 2915 2622 Υίῷ
2968 2545 3425 2621 προστασσόμεθα
3463 2561 3629 2613 προσ-

2054 2645 2255 2708 κυνεῖν,
2285 2642 2384 2694 οὑκ
2411 2640 2492 2694 ἔτι
2518 2641 2574 2693 δὲ
2605 2640 2699 2693 καὶ
2731 2640 2903 2711 ἑτέρῳ
2933 2637 3071 2710 Θεῷ,
3126 2638 3264 2708 ὅπερ
3296 2637 3414 2689 ἐστὶ
3447 2635 3509 2689 τὸ
3535 2651 3615 2703 γε⁸

2052 2734 2228 2805 νητόν·
2253 2734 2311 2787 οὑ
2341 2732 2563 2804 γενητὸς
2588 2731 2696 2803 ἄρα
2724 2734 2752 2786 6
2778 2732 2925 2796 Υἱός.

2738 2847 2944 2901 ΑΛΛΟ.

2122 2968 2188 3020 Εἰ
2219 2966 2327 3029 πᾶν
2350 2965 2411 3018 τὸ
2431 2963 2723 3033 γενόμενον
2747 2962 2934 3017 δοῦλόν
2964 2963 3077 3015 ἐστι
3112 2958 3207 3014 τοῦ
3238 2958 3631 3028 πεποιηκότος,

2057 3059 2332 3122 ἀδυνάτως
2358 3057 2465 3129 ἄρα
2508 3056 2619 3125 ἔχει
2657 3055 2828 3125 ἑτέρῳ
2878 3054 2978 3125 τὴν
3032 3052 3343 3123 ἐλευθερίαν
3384 3052 3630 3121 ὀρέγειν,

2055 3144 2121 3219 ἧς
2149 3150 2284 3202 αὐτὸ
2320 3148 2419 3201 οὐκ
2447 3146 2656 3216 ἔτυχεν.
2715 3148 2779 3200 Εἰ
2802 3146 2859 3199 δὲ
2911 3145 3142 3217 παρέχει
3169 3146 3197 3198 6
3229 3145 3377 3209 Υἱὸς,
3400 3145 3501 3213 οὐχ
3555 3143 3630 3205 ὡς

2054 3241 2237 3305 δοῦλος
2262 3239 2524 3311 δηλονότι,
2547 3239 2750 3310 Κύριος
2772 3238 2828 3291 δὲ
2853 3238 3054 3310 μᾶλλον
3084 3238 3178 3293 καὶ
3208 3238 3361 3301 Θεός.

2754 3435 2961 3490 ΑΛΛΟ.

2125 3552 2187 3607 Εἰ
2210 3553 2361 3607 πᾶσα
2388 3552 2423 3623 ἡ
2458 3549 2635 3614 κτίσις
2688 3550 2794 3603 ὑπὸ
2847 3551 3009 3620 φύσιν
3035 3542 3170 3604 οὖσα
3207 3554 3273 3623 τῇ
3309 3551 3468 3620 φύσει
3508 3552 3630 3607 60'.)-

2052 3645 2198 3699 λεύει
2235 3644 2325 3713 ὑφ’
2357 3643 2426 3715 ἢν
2449 3642 2544 3696 καὶ
2571 3643 2884 3713 πεποίηται,
2945 3642 3229 3715 ἐλεύθερον
3266 3644 3323 3697 δὲ
3354 3645 3533 3715 πάντη
3569 3647 3631 3697 τὸ

2054 3736 2194 3789 θεῖον
2223 3734 2317 3787 καὶ
2350 3733 2594 3804 κρεῖττον
2622 3731 2867 3799 ἀνάγκης
2920 3734 3176 3800 φυσικῆς,
3238 3730 3393 3800 δῆλον
3446 3731 3519 3796 ὡς
3566 3734 3631 3785 οὐ

2052 3824 2369 3878 δεδούλωται
2403 3821 2560 3890 φύσει
2598 3820 2750 3881 Θεός.
2794 3820 2946 3872 Ἐπεὶ
2998 3820 3053 3872 δὲ
3105 3820 3237 3883 Θεὸς
3278 3822 3306 3873 6
3349 3821 3496 3889 Υἱὸς,
3530 3824 3632 3876 οὐκ

2056 3913 2208 3967 ἔσται
2233 3912 2340 3984 ἄρα
2359 3912 2465 3965 ὑπὸ
2493 3911 2678 3981 φύσιν,
2709 3911 2846 3983 ὅπερ
2872 3911 2984 3964 τῶν
3026 3912 3327 3981 γεγονότων
3361 3913 3509 3965 ἐστὶν
3553 3916 3632 3967 οἰ-

2053 4009 2221 4060 κεῖον.
2265 4006 2323 4058 '0
2351 4004 2409 4058 δὲ
2428 4006 2527 4075 τῆς
2546 4004 2682 4075 πρὸς
2705 4003 2803 4074 τὴν
2838 4004 3013 4058 κτίσιν
3044 4004 3361 4075 ὀμογενείας
3386 4007 3627 4075 φυσικῶς

2051 4096 2458 4166 ἀπῳκισμένος,
2504 4092 2622 4157 πῶς
2654 4093 2755 4148 οὐκ
2802 4093 2870 4147 ἂν
2932 4093 3021 4165 εῐη
3056 4094 3187 4167 παρ’
3216 4096 3385 4167 αὐτὴν
3439 4098 3627 4167 ἑτερο-

2053 4188 2195 4258 φυής
2215 4203 2275 4240 τε
2300 4185 2393 4241 καὶ
2423 4183 2570 4253 ξένος
2592 4203 2607 4254 ;

2736 4324 2945 4380 ΔΛΛΟ.

2122 4434 2189 4487 Εἰ
2212 4435 2377 4506 μηδὲν
2404 4435 2514 4491 τῶν
2546 4437 2603 4490 ὲν
2640 4438 2707 4509 τῇ
2739 4436 2915 4490 κτίσει
2955 4435 3202 4506 φυσικῶς
3240 4437 3626 4509 ἀπηκρίϐωται

2055 4528 2192 4601 πρὸς
2225 4530 2321 4601 τὴν
2346 4530 2435 4584 τοῦ
2462 4530 2596 4584 Θεοῦ
2630 4531 2723 4585 καὶ
2744 4531 2961 4602 Πατρὸς
2998 4530 3316 4602 ὁμοιότητα,
3361 4533 3545 4602 ὅμοιος
3568 4533 3627 4585 δὲ

2054 4625 2082 4676 6
2115 4623 2263 4686 Υἱὸς,
2292 4623 2367 4686 ὡς
2395 4622 2485 4675 τὸν
2516 4623 2727 4693 ὁρῶντα
2755 4622 2939 4690 αὐτὸν,
2968 4622 3059 4677 τὸν
3098 4622 3316 4693 Πατέρα
3344 4625 3494 4695 όρᾷν,
3526 4624 3626 4678 οὐκ

2053 4715 2161 4786 ἀρα
2190 4714 2398 4785 κτίσμα
2438 4715 2467 4768 6
2519 4715 2615 4786 τὴν
2661 4715 2870 4768 ἐκείνου
2933 4714 3412 4787 ἀπηκριϐωμένως
3444 4716 3625 4788 φέρων

2051 4806 2359 4877 ὁμοιότητα.

2738 4918 2943 4973 ΑΛΛΟ.

2123 5030 2187 5083 Εἰ
2217 5029 2392 5085 πάντα
2418 5030 2484 5084 τὰ
2503 5029 2778 5101 κτίσματα
2803 5029 2965 5084 δοῦλα
2984 5028 3079 5084 τοῦ
3109 5030 3268 5098 Θεοῦ,
3303 5032 3494 5089 ἀλλὀὐ
3524 5036 3629 5089 κύ-

2056 5140 2145 5194 ρια
2173 5124 2271 5193 τῆς
2294 5123 2468 5193 δόξης,
2500 5124 2681 5178 οὐκέτι
2710 5123 2767 5177 δὲ
2792 5126 2820 5177 6
2851 5124 2999 5187 Υἱός’⁶
3036 5128 3136 5197 τῆς
3170 5127 3281 5198 γὰρ
3310 5127 3469 5200 δόξης
3510 5129 3625 5185 Κύ-

2051 5229 2183 5284 ριοςο
2219 5214 2320 5266 οὐκ
2349 5213 2457 5284 ἄρα
2486 5213 2687 5284 κτίσμα
2716 5213 2996 5285 τυγχάνει.

2726 5325 2933 5381 AAAO.

2122 5437 2184 5490 Et
2217 5436 2323 5489 πᾶν
2350 5436 2410 5490 τὸ
2430 5438 2493 5489 ὲκ
2512 5436 2605 5491 τοῦ
2630 5437 2706 5510 μὴ
2733 5438 2886 5504 ὄντος
2911 5441 2991 5504 είς
3009 5441 3070 5495 τὸ
3098 5434 3236 5496 εἶναι
3266 5444 3622 5516 παρενεχθὲν,

381 5531 554 5592 potest
587 5533 644 5576 ut
672 5523 866 5577 iterum
900 5522 955 5577 in
984 5521 1210 5577 nihilum
1244 5520 1539 5593 redigatur,
1594 5524 1703 5582 hoc
1729 5539 1860 5583 vero
1890 5527 1943 5583 iu

2071 5522 2203 5593 ιῦθις
2226 5528 2495 5599 ἐνδέχεται
2529 5530 2623 5585 καὶ
2650 5531 2728 5595 είς
2750 5530 2811 5585 τὸ
2837 5531 2916 5604 μὴ
2962 5531 3021 5587 ὃν
3049 5534 3316 5606 χωρῆσαι,
3363 5536 3465 5590 οὐκ
3505 5538 3623 5592 ἐστι
3666 5572 3670 5579 .

448 5702 494 5735 ³³
525 5699 626 5757 Isa.
657 5680 785 5769 xui,
818 5703 871 5757 8.
946 5702 994 5735 “
1036 5701 1202 5759 ICor.
1228 5716 1293 5767 tt,
1320 5700 1374 5756 8.
