3882 6210
244 381 356 439 305

1623 395 1711 451 ΤΗ
1721 396 1895 454 ESAU
1905 398 2062 455 RUS.

3384 407 3488 461 306

241 495 301 548 δὲ
329 494 485 549 τοῦτο
510 497 856 568 ἐνδεχόμενον
912 502 1006 553 ἐπὶ
1048 502 1142 556 τοῦ
1206 504 1358 567 Υἰοῦ,
1400 506 1559 577 εἴπερ
1613 508 1813 577 άληθῶς

1933 510 2123 564 Filium
2158 513 2352 566 cadere
2389 527 2493 566 non
2524 521 2720 582 potest,
2753 513 3017 583 siquidem
3048 528 3178 568 vere
3205 522 3293 568 est
3310 515 3484 573 Deus:

240 586 362 638 ἐστι
397 588 550 653 Θεὸς,
581 589 681 643 οὐκ
707 590 815 662 ἄρα
842 593 907 644 ὲκ
946 592 1040 645 τοῦ
1071 595 1146 665 μὴ
1171 594 1321 660 ὄντος
1368 600 1398 650 6
1442 599 1587 665 Υἱὸς,
1622 600 1733 654 ἀλλ’
1756 603 1819 654 ἐκ

238 677 339 731 τοῦ
376 678 545 743 ὄντως
567 682 780 752 [ἰατρὸς
801 685 1045 755 γενητός.

922 794 1127 850 ΑΛΛΟ.

317 901 381 956 El
415 905 725 975 κτισμάτων
749 908 877 964 ῐδιον
907 909 971 963 τὸ
998 910 1257 966 δύνασθαι
1311 912 1669 984 ἁμαρτάνειν,
1722 917 1820 969 οὐκ

239 992 325 1047 ἔτι
354 995 411 1048 δὲ
436 998 530 1050 καὶ
553 997 648 1051 τοῦ
679 999 837 1065 Υἰοῦ,
864 1002 964 1055 οὐκ
995 1001 1102 1073 ἄρα
1131 1005 1338 1076 κτίσμα
1366 1007 1643 1076 τυγχάνει.

927 1113 1133 1171 ΑΛΛΟ.

242 1306 266 1323 ν
314 1218 377 1271 Εἰ
403 1220 596 1320 μηδὲν-
623 1223 730 1323 τῶν
775 1227 1075 1294 γεγονότων
1133 1230 1414 1304 ἀνεδείχθη
1459 1236 1589 1288 ποτὲ
1645 1239 1707 1289 ἐκ
1747 1236 1819 1307 μὴ

238 1310 412 1361 ὄντων
444 1310 632 1364 ποιοῦν
658 1313 868 1380 οὐσίας,
906 1321 1051 1371 ποιεῖ
1092 1319 1149 1373 δὲ
1188 1324 1216 1375 6
1252 1323 1396 1389 Υἱὸς,
1430 1324 1546 1389 πῶς
1574 1325 1682 1380 τῶν
1728 1343 1821 1396 γε-

241 1400 479 1467 γονότων
512 1404 659 1457 ἐστίν
677 1421 692 1470 ;

944 1524 1149 1581 ΑΛΛΟ.

310 1625 380 1728 ~Et
413 1629 522 1681 πᾶν
554 1630 614 1683 τὸ
634 1633 860 1704 γενητὸν
883 1636 1067 1706 ὅμοιον
1093 1638 1170 1701 ὡς
1202 1639 1340 1709 πρὸς
1374 1642 1533 1695 ἑαυτὸ
1562 1642 1704 1697 κατὰ
1727 1643 1820 1698 τὸν

241 1722 339 1770 τοῦ
379 1722 706 1792 πεποιῆσθαι
738 1724 916 1795 λόγον,
968 1730 1062 1782 καὶ
1116 1731 1269 1784 οὐδὲν
1311 1733 1524 1798 οὐδενὸς
1570 1735 1818 1807 διαφέρει

242 1809 379 1862 καθὸ
412 1812 631 1880 γέγονεν
659 1816 907 1873 ἕκαστον·
941 1821 1055 1875 ἔστι
1092 1823 1149 1875 δὲ
1195 1825 1420 1896 γενητὸς
1449 1827 1544 1880 καὶ
1583 1829 1611 1880 6
1654 1829 1814 1895 Υἱὸς,

1928 616 2033 654 non
2066 603 2229 671 igitur
2265 615 2329 657 ex
2364 603 2531 658 nihilo
2558 604 2735 660 factus
2782 603 3102 673 estj.Filius,
3133 603 3227 658 sed
3259 618 3327 658 ex
3358 619 3490 661 vero

1924 693 2083 749 Patre
2112 695 2347 765 genitus.

2585 810 2812 866 ALIUD.

1993 918 2047 971 Si
2090 920 2364 987 proprium
2409 920 2676 975 creaturis
2725 931 2808 975 est
2847 936 3094 992 peccare,
3136 920 3258 978 Filii
3306 931 3485 978 autem

1925 1027 2266 1081 nequaquam
2288 1012 2334 1043 ’⁸
2361 1029 2376 1065 :
2420 1028 2527 1067 non
2551 1014 2711 1084 igitur
2730 1026 2811 1069 est
2837 1026 3106 1071 creatura.

2593 1127 2818 1184 ALIUD.

1996 1218 2052 1272 Si
2087 1218 2220 1273 nihil
2249 1234 2315 1273 ex
2346 1218 2413 1274 iis
2440 1234 2560 1289 quae
2586 1220 2726 1274 facta
2756 1230 2902 1287 sunt,
2942 1221 3097 1291 181
3128 1221 3485 1276 substantiam

1922 1327 1986 1365 ex
2029 1311 2198 1364 nihilo
2248 1327 2436 1367 creare
2470 1313 2659 1381 possit,
2708 1321 2885 1382 potest
2927 1323 3105 1368 autem
3134 1313 3345 1367 Filius:
3379 1329 3485 1383 quo

1924 1411 2081 1471 pacto
2111 1418 2175 1456 ex
2206 1418 2392 1458 eorum
2427 1417 2652 1457 numero
2686 1404 2813 1467 erit,
2841 1418 2961 1475 qua:
2991 1403 3131 1460 facta
3155 1405 3321 1460 sunt?

2592 1512 2820 1569 ALIUD.

1994 1628 2049 1682 Si
2091 1630 2279 1683 omnia-
2327 1636 2511 1684 creata
2567 1628 2761 1683 similia
2817 1628 2919 1684 sibi
2968 1635 3095 1683 sunt
3145 1626 3199 1680 in
3257 1642 3324 1682 eo
3345 1626 3487 1695 quod

1922 1728 2101 1773 creata
2134 1726 2283 1783 sunt,
2309 1718 2559 1789 nullaque
2589 1728 2834 1773 creatura
2869 1717 2940 1772 ab
2965 1717 3069 1771 alia
3103 1715 3281 1772 dill'ert
3302 1731 3365 1769 ea
3396 1732 3484 1768 ra-

1929 1811 2077 1865 tione
2095 1824 2198 1878 qua
2226 1810 2379 1866 facta:
2409 1820 2555 1875 sunt,
2598 1810 2770 1865 factus
2820 1819 3000 1864 autem
3057 1818 3144 1865 est
3171 1817 3226 1864 et
3266 1808 3435 1862 Filius
3468 1823 3483 1860 :

241 1879 453 1965 οὐδενὸς
478 1904 585 1976 ipa
608 1907 759 1963 ἔσται
790 1911 1066 1984 διαφέρων
1158 1879 1253 1969 καὶ
1286 1879 1449 1980 αὐτὸς
1478 1879 1813 1986 γέγονεν-ἐξ

1938 1920 1969 1957 n
1998 1903 2140 1957 nulla
2171 1903 2353 1972 itaque
2389 1917 2449 1958 re
2478 1902 2708 1969 diﬂ‘eret,
2742 1904 2865 1973 quia
2898 1912 2952 1958 et
2974 1903 3089 1970 ipse
3117 1900 3292 1956 factus
3308 1898 3484 1954 est.Si

239 1994 299 2046 δὲ
338 1996 557 2051 πάντων
579 2000 689 2054 τῶν
723 2004 966 2074 γενητῶν
996 2007 1138 2060 κατὰ
1167 2009 1344 2063 πάντα
1372 2010 1638 2084 διαφέρει,
1659 2014 1817 2082 δῆλον

241 2086 322 2139 ὅτι
347 2088 441 2140 καὶ
473 2091 611 2144 κατὰ
639 2092 729 2145 τὸν
754 2094 855 2163 τῆς
879 2098 1146 2164 γενέσεως
1171 2100 1372 2170 τρόπον
1390 2142 1405 2167 ,
1434 2102 1570 2172 ὅπερ
1604 2102 1722 2155 ἐστὶ
1755 2103 1817 2156 τὸ

242 2176 319 2246 μὴ
341 2179 614 2245 γενέσθαι.
642 2182 796 2237 Οὕτω
827 2185 937 2256 γάρ
964 2186 1153 2241 διοίσει
1174 2189 1281 2245 τῶν
1318 2193 1633 2261 γεγονότων.
1669 2195 1732 2247 Εἰ
1759 2194 1817 2247 δὲ

238 2266 416 2335 τοῦτο,
448 2271 563 2335 πῶς
599 2274 658 2325 οὺ
692 2274 862 2342 Θεός;

926 2372 1133 2461 ΑΛᾼΟ.

308 2468 373 2523 Εἰ
404 2473 554 2527 πᾶσα
581 2476 613 2545 ἡ
640 2478 814 2542 κτίσις
841 2481 897 2535 ἐν
917 2480 1242 2555 διαστήματι
1290 2487 1409 2558 ἦτοι
1458 2490 1632 2561 χρόνῳ
1657 2490 1816 2559 γέγο-

234 2577 347 2626 νεν,
375 2565 527 2621 οὐδὲν
554 2566 611 2621 δὲ
642 2570 846 2625 τούτων
878 2576 1251 2646 προλαμϐάνει
1276 2581 1516 2650 τὴνΥἱοῦ
1538 2583 1811 2655 γέννησιν,

234 2656 334 2710 οὐκ
361 2659 469 2729 ἄρα
497 2660 718 2730 γέγονεν
739 2665 922 2729 αὐτός.
946 2668 1009 2721 El
1034 2669 1092 2723 δὲ
1131 2672 1573 2743 προλαμϐάνεται
1591 2677 1812 2745 διαστή-

237 2766 366 2817 ματι
400 2754 638 2825 χρονικῷ
665 2774 723 2810 τε
764 2762 858 2811 καὶ
889 2762 1122 2834 γενητῷ,
1153 2765 1271 2830 πῶς
1320 2770 1538 2822 πάντων
1571 2772 1688 2823 ἐστὶ
1717 2773 1813 2843 δη-

238 2844 518 2933 ξιιουργὸς,
549 2846 878 2921 διαστήματι
925 2855 1441 2930 προλαμϐανόμενος
1479 2863 1723 2933 Teirqu;
1748 2864 1813 2917 Ei

234 2931 280 2984 δ’
309 2935 575 3004 ἀγένητον
599 2940 681 3010 εἴη
712 2941 869 2997 τοῦτο
899 2945 959 2998 τὸ
988 2945 1283 3020 διάστημα,
1313 2931 1637 3023 συνάμιλλον
1658 2931 1815 3027 εὑρή-

237 3040 319 3077 σει
358 3028 490 3091 Θεὸς
517 3029 617 3100 τῆς
644 3033 836 3088 ἑαυτοῦ
857 3037 1152 3109 ἀγενησίας
1206 3043 1270 3095 τὸ
1324 3044 1619 3116 διάστημα.
1659 3048 1723 3100 El
1753 3048 1811 3101 δὲ

412 3120 577 3191 ῥοπὴ,
635 3125 771 3195 μήτε
799 3127 1092 3201 διάστημα,
1143 3134 1280 3205 μήτε
1318 3135 1447 3189 ἄλλο
1469 3138 1522 3190 τί
1554 3139 1671 3192 ἐστι
1704 3141 1811 3211 πρὸ

1918 2009 2045 2049 vero
2065 1996 2131 2049 ab
2147 1995 2395 2049 omnibus
2416 1994 2610 2049 creatis
2626 2009 2719 2063 per
2734 1994 2911 2049 omnia
2929 1993 3105 2048 dilIert
3123 2010 3136 2047 :
3153 2000 3299 2048 certe
3319 1991 3478 2046 etiam

1915 2086 2280 2153 generationis
2304 2085 2481 2150 modo,
2510 2086 2763 2139 nimirum
2798 2086 2940 2153 quod
2999 2084 3174 2140 factus
3237 2099 3342 2137 non
3389 2082 3484 2135 sit.

1915 2180 1995 2231 Ita
2027 2178 2169 2232 enim
2192 2176 2400 2232 differet
2421 2192 2449 2231 a
2472 2177 2688 2233 creatis.
2712 2177 2862 2241 Quod
2891 2177 2935 2231 si
2961 2178 3032 2231 ita
3057 2185 3139 2231 est
3167 2193 3180 2229 :
3211 2172 3483 2230 ouomodo

1915 2286 2022 2327 non
2048 2272 2121 2326 sit
2146 2270 2284 2327 Deus
2304 2271 2333 2325 ?

2584 2363 2816 2420 ALIUD.

1986 2480 2043 2537 Si
2090 2482 2270 2537 omnis
2302 2491 2552 2537 creatura
2584 2483 2635 2534 in
2690 2481 2867 2549 spatio
2902 2478 3016 2533 sive
3043 2487 3284 2546 tempore
3338 2473 3482 2528 facta

1914 2583 2016 2639 est,
2055 2573 2189 2628 nihil
2214 2587 2341 2627 vero
2361 2572 2551 2626 horum
2582 2572 2703 2626 Filii
2732 2569 3136 2641 generationem
3169 2566 3481 2635 praecessit:

1914 2666 2089 2722 factus
2120 2667 2300 2735 itaque
2347 2680 2453 2719 non
2506 2673 2612 2719 est.
2677 2663 2733 2719 Si
2771 2677 2901 2717 vero
2948 2661 3098 2715 illum
3130 2658 3361 2729 spatium
3387 2656 3485 2710 ali-

1913 2760 2054 2829 quod
2080 2757 2462 2827 temporarium
2488 2756 2569 2810 vel
2620 2755 2820 2809 factum
2876 2752 3175 2824 praecessit,
3215 2748 3487 2819 quomodo

1912 2855 1997 2902 est
2021 2846 2260 2902 omnium
2282 2855 2514 2912 creator,
2538 2860 2696 2914 quem
2727 2844 2958 2914 spatium
2982 2853 3220 2897 creatum
3249 2852 3486 2910 praeces-

1912 2938 2112 2993 sit?At
2139 2938 2183 2994 si
2210 2940 2444 3007 spatium
2506 2938 2631 2993 illud
2692 2938 2806 2994 sive
2858 2937 3069 2992 duratio
3100 2936 3337 2988 iucreala
3389 2930 3482 2996 sit,

1912 3031 2013 3087 erit
2033 3030 2247 3100 aliquod
2286 3030 2521 3101 spatium
2552 3031 2665 3085 sive
2683 3031 2898 3085 duratio
2947 3028 3143 3082 divinae
3194 3023 3481 3081 aeternitati

1912 3139 2027 3195 par.
2066 3124 2121 3179 Si
2153 3140 2282 3180 vero
2313 3126 2517 3179 nullum
2551 3134 2880 3179 momentum
2935 3123 3018 3177 vel
3056 3122 3288 3191 spatium
3345 3130 3484 3174 tem-

234 3209 328 3261 τοῦ
357 3210 510 3275 Υἰοῦ,
546 3214 709 3270 πόθεν
742 3223 1117 3294 προῦπάρχειν
1152 3225 1368 3295 λέγουσι
1424 3228 1519 3281 τὸν
1552 3209 1771 3302 Πατέρα
1791 3273 1807 3297 ,

1933 3217 2080 3283 toris,
2126 3232 2299 3287 neque
2347 3216 2492 3271 aliud
2574 3218 2867 3286 quidquam
2936 3215 3130 3269 Filium
3189 3212 3485 3281 praecessit,

234 3304 392 3358 τοῦτο
428 3310 805 3383 προῦπάρχειν
852 3316 1212 3387 σημαίνοντος
1258 3321 1356 3393 οὐχ
1383 3321 1810 3396 εὑρισκομένου;

911 3583 1117 3642 ΑΛΛΟ.

305 3682 367 3736 Εἰ
404 3685 571 3757 μηδὲν
623 3689 734 3743 τῶν
774 3696 1084 3766 γενομένων
1136 3698 1385 3756 λέλεκται
1420 3722 1480 3757 τε
1541 3706 1635 3759 καὶ
1659 3707 1809 3763 ἔστιν

235 3774 330 3827 ἐπὶ
362 3776 577 3832 πάντων
606 3781 758 3848 Θεὸς,
793 3784 989 3841 ἔστιδὲ
1015 3790 1109 3843 ἐπὶ
1165 3792 1381 3848 πάντων
1423 3796 1554 3861 Θεὸς
1578 3800 1607 3850 6
1643 3800 1810 3868 Υἱὸς,

233 3868 335 3920 οὐκ
366 3868 475 3940 ipa
501 3872 611 3925 τῶν
635 3878 944 3947 γενομένων
969 3883 1137 3938 ἐστίν.
1189 3886 1252 3938 Εἰ
1275 3887 1332 3939 δὲ
1370 3888 1503 3952 Θεὸς
1534 3890 1629 3944 ἐπὶ
1676 3893 1814 3946 πάν-

232 3976 343 4013 των
378 3963 636 4035 ὑπάρχων
658 3968 688 4020 6
716 3969 863 4035 Υἱὸς,
896 3976 990 4027 καὶ
1021 3977 1247 4048 γενητός
1295 3981 1465 4044 ἐστιν,
1504 3982 1622 4037 ἔστι
1645 3985 1702 4038 δὲ
1724 3987 1815 4039 ἐπὶ

234 4048 456 4102 πάντων
485 4053 617 4116 Θεὸς
643 4057 737 4109 καὶ⁸
788 4059 818 4111 6
866 4062 1075 4134 Πατὴρ,
1100 4068 1324 4138 γενητὸς
1364 4068 1517 4125 ἔσται
1560 4074 1680 4127 κατ’
1719 4077 1817 4130 αὑ-

233 4139 382 4210 τοὺς,
408 4144 546 4215 ὅπερ
574 4148 766 4214 ἀσεσὲς
788 4152 1006 4209 ἐννοεῖν.

933 4357 1135 4417 ΔΛΛΟ.

310 4458 373 4512 El
410 4460 574 4531 μηδὲν
597 4464 707 4519 τῶν
731 4469 1039 4539 γενομένων
1088 4474 1155 4528 τὰ
1196 4476 1334 4530 αὐτὰ
1382 4478 1607 4536 δύναται
1639 4487 1814 4538 ποιεῖν

1913 3308 2182 3377 quomodo
2267 3309 2419 3361 aiunt
2480 3308 2698 3362 Patrem
2776 3308 2930 3377 prius
2996 3305 3294 3369 exstitisse,
3359 3318 3482 3357 cum

1916 3397 1969 3449 id
2042 3394 2185 3463 quod
2259 3396 2409 3463 prius
2487 3404 2704 3452 exstare
2782 3395 3050 3465 signiﬁcet
3083 3433 3102 3461 ,
3167 3408 3277 3449 non
3336 3393 3486 3447 inve-

1918 3487 2098 3543 niani?

2584 3576 2800 3636 ALIUD

1993 3694 2049 3749 Si
2079 3694 2211 3753 nihil
2260 3708 2446 3749 eorum
2481 3708 2603 3764 quae
2642 3694 2783 3747 facta
2839 3700 2986 3755 sunt,
3027 3689 3226 3744 dicitur
3256 3696 3348 3742 aut
3400 3697 3486 3743 est

1919 3786 2290 3840 universorum
2322 3783 2482 3847 Deus,
2540 3783 2707 3838 Filius
2740 3791 2918 3837 autem
2947 3780 3281 3837 estomnium
3308 3779 3482 3834 Deus:

1918 3894 2026 3933 non
2087 3888 2170 3935 est
2232 3877 2394 3948 igitur
2449 3891 2517 3931 ex
2566 3878 2634 3931 iis
2691 3889 2811 3946 quae
2872 3874 3011 3929 facta
3068 3882 3213 3929 sunt.
3243 3872 3300 3925 Si
3350 3886 3478 3925 vero

1916 3969 2086 4024 Filius
2148 3984 2269 4023 cum
2320 3972 2392 4025 sit
2442 3969 2683 4024 omnium
2741 3966 2905 4033 Deus,
2956 3966 3128 4020 factus
3167 3964 3328 4043 etiam
3374 3972 3476 4027 est,

1917 4058 2080 4114 Pater
2154 4072 2334 4115 autem
2409 4061 2571 4114 etiam
2636 4059 2876 4112 omnium
2942 4055 3083 4110 Deus
3136 4064 3215 4110 est
3273 4072 3286 4107 :
3336 4064 3483 4108 certe

1916 4151 2019 4207 erit
2048 4151 2242 4217 factus,
2262 4153 2556 4208 secundum
2586 4149 2732 4213 illos,
2771 4151 2917 4219 quod
2966 4149 3189 4217 impium
3247 4146 3484 4217 cogitatu

1915 4252 2018 4300 est.

2586 4356 2818 4414 ALIUD.

1990 4477 2046 4531 Si
2076 4475 2205 4530 nihil
2239 4489 2424 4529 eorum
2455 4488 2574 4541 quae
2606 4472 2745 4527 facta
2776 4480 2899 4526 sunt
2924 4472 3110 4525 eadem
3146 4479 3323 4538 potest
3349 4486 3486 4540 pra:-

236 4549 316 4643 τιῖ)
342 4550 481 4643 Θεῷ,
496 4555 671 4609 πάντα
695 4557 749 4611 δὲ
772 4558 808 4612 ἃ
829 4565 977 4615 ποιεῖ
996 4567 1023 4617 6
1045 4566 1254 4641 Πατὴρ,
1271 4572 1469 4642 ὁμοίως
1493 4576 1584 4627 καὶ
1612 4578 1639 4629 6
1663 4577 1808 4643 Υἱὸς,

1933 4582 2062 4624 itare
2092 4583 2210 4638 qua:
2237 4568 2393 4632 Deus,
2445 4568 2624 4620 omnia
2687 4580 2817 4619 vero
2882 4579 2999 4633 quin
3056 4561 3478 4631 praestatl‘ater,

237 4641 339 4693 οὐκ
370 4642 477 4712 ἄρα
494 4643 603 4699 τῶν
628 4650 937 4720 γενομένων
958 4655 1126 4711 ἐστίν.

922 4765 1124 4823 ΑΛΛΟ.

312 4866 374 4920 El
399 4869 575 4924 πάντα
605 4872 671 4926 τὰ
701 4877 904 4946 γενητὰ
947 4878 1004 4946 ἐξ
1034 4880 1220 4952 ἐτέρου
1252 4883 1312 4937 τὸ
1340 4879 1478 4939 εἶναι
1517 4887 1651 4958 ἔχει,
1683 4906 1808 4943 πολ-

237 4957 318 5054 ξῷ
352 4962 550 5030 μᾶλλον
570 4966 633 5054 τὸ
664 4966 917 5036 λέγεσθαι
969 4972 1165 5039 αὐτοὺς
1202 4976 1377 5041 θεούς.
1425 4980 1489 5032 Εἰ
1518 4980 1575 5033 δὲ
1610 4984 1810 5054 μετοχῇ

235 5052 422 5145 ἔχουσι
452 5055 513 5107 τὸ
541 5052 678 5110 εἶναι
710 5059 821 5113 Geel.
852 5061 947 5132 (οὐ
982 5063 1141 5133 φύσει
1169 5067 1408 5140 δηλονότι
1428 5070 1537 5124 θεοὶ
1563 5072 1630 5125 τὰ
1655 5052 1816 5145 γενηέ-

234 5141 343 5207 τὰ)
366 5181 382 5207 ,
435 5147 546 5208 τοῖς
589 5146 632 5199 δ’
668 5150 732 5202 οὐ
773 5150 931 5218 φύσει
960 5152 1109 5216 -θεοῖς
1146 5160 1471 5226 προσκυνεῖν
1502 5141 1811 5232 ἀπαγορεύ-

235 5235 381 5288 τέον.
418 5236 480 5290 Εἰ
509 5238 566 5292 δὲ
596 5241 805 5306 τούτοις
835 5244 936 5315 μὲν
958 5245 1383 5318 ἀπαγορευτέον,
1409 5252 1591 5306 οὐκέτι
1619 5253 1676 5307 δὲ
1716 5255 1809 5307 καὶ

234 5326 318 5396 τῷ
346 5325 492 5397 Υῐῷ,
532 5332 630 5403 οὐχ
659 5331 734 5397 ὡς
777 5335 853 5407 μὴ
907 5335 1066 5406 φύσει
1107 5339 1214 5413 ἄρα
1263 5341 1383 5413 Θεῷ
1428 5343 1564 5416 ὅπερ
1596 5345 1714 5399 ἐστὶ
1738 5345 1807 5399 τὰ

237 5421 494 5493 γεννητά.

921 5546 1123 5600 ΑΛΛΟ.

315 5645 376 5698 Et
408 5647 498 5699 τὸν
530 5649 593 5701 ὲκ
621 5650 694 5721 μὴ
721 5652 887 5711 ὄντων
941 5657 1251 5728 ὑφιστῶντα
1303 5661 1487 5729 οὐσίας
1538 5665 1809 5738 ἐνεδέχετο

314 5803 362 5835 ⁸⁵
390 5805 410 5860 l
438 5805 578 5863 Petr.
625 5824 685 5877 ll,
710 5811 800 5867 22.

1916 4672 2141 4734 prastat
2161 4670 2215 4716 et
2246 4660 2414 4715 Filius
2442 4674 2457 4713 :
2491 4675 2595 4715 non
2625 4669 2709 4713 est
2734 4658 2895 4727 igitur
2920 4656 3113 4712 factus.

2584 4769 2819 4826 ALIUD.

1990 4889 2045 4943 Si
2071 4901 2405 4958 quacunque
2434 4886 2574 4943 facta
2617 4894 2743 4941 sunt
2794 4886 2861 4938 ab
2912 4882 3019 4937 alio
3045 4898 3165 4937 esse
3193 4898 3348 4937 suum
3385 4882 3481 4935 lia-

1917 4982 2064 5047 bent,
2104 4979 2270 5034 multo
2304 4979 2473 5049 magis
2520 4980 2743 5034 deorum
2786 4976 3221 5047 appellationem.
3247 4975 3303 5028 Si
3351 4989 3488 5029 vero

1912 5089 2009 5144 per
2042 5072 2507 5142 participationem
2529 5079 2655 5126 sunt
2679 5070 2752 5124 dii
2772 5070 2971 5139 (neque
3024 5068 3169 5121 enim
3216 5075 3480 5121 creaturae

1912 5174 2105 5222 natura
2172 5173 2296 5220 sunt
2328 5164 2444 5232 dii),
2480 5172 2534 5217 et
2571 5164 2662 5233 qui
2709 5170 2899 5217 natura
2940 5160 3009 5214 dii
3048 5176 3150 5213 non
3192 5168 3337 5223 sunt,
3382 5162 3482 5211 ad-

1908 5257 2055 5311 orari
2080 5256 2463 5327 prohibentur,
2484 5254 2649 5308 Filius
2680 5264 2859 5308 autem
2883 5252 3097 5307 adorari
3124 5249 3364 5319 jubetur,
3395 5260 3479 5303 ut-

1912 5359 2038 5417 pote
2061 5359 2252 5404 natura
2280 5356 2441 5411 Deus,
2466 5349 2606 5416 quod
2645 5356 2909 5402 creatura:
2967 5361 3071 5402 non
3106 5351 3232 5401 sunt
3263 5364 3278 5403 :
3335 5343 3489 5400 aliud.

1913 5440 2078 5510 igitur
2107 5448 2188 5495 est
2210 5453 2368 5508 quam
2395 5448 2662 5494 creatura.

2578 5549 2810 5606 ALIUD.

1987 5665 2045 5725 Si
2076 5665 2328 5739 possibile
2351 5675 2513 5735 esset,
2548 5675 2608 5723 ut
2643 5666 2689 5724 is
2724 5666 2813 5738 qui
2839 5683 2906 5726 ex
2938 5666 3105 5724 nihilo
3152 5665 3481 5725 substantias
