  <div class='ocr_page' id='page_1' title='image "/cluster/home/n/w/nwhite01/storage/ocr_20150623/75/nnc1.0046980121/173.png"; bbox 0 0 3882 6210; ppageno 0'>
   <div class='ocr_carea' id='block_1_1' title="bbox 417 362 3637 431">
    <p class='ocr_par' dir='ltr' id='par_1_1' title="bbox 417 362 3637 431">
     <span class='ocr_line' id='line_1_1' title="bbox 417 362 3637 431; baseline 0.002 -9"><span class='ocrx_word' id='word_1_1' title='bbox 417 369 527 425; x_wconf 74' lang='grc'><strong>507</strong></span> <span class='ocrx_word' id='word_1_2' title='bbox 1426 363 1484 418; x_wconf 84' lang='lat' dir='ltr'><strong>S.</strong></span> <span class='ocrx_word' id='word_1_3' title='bbox 1526 362 1804 418; x_wconf 76' lang='lat' dir='ltr'><strong>CYRILLI</strong></span> <span class='ocrx_word' id='word_1_4' title='bbox 1842 363 2307 422; x_wconf 78' lang='lat' dir='ltr'><strong>ALEXANDRINI</strong></span> <span class='ocrx_word' id='word_1_5' title='bbox 2349 368 2668 425; x_wconf 79' lang='lat' dir='ltr'><strong>ARCIIIEP.</strong></span> <span class='ocrx_word' id='word_1_6' title='bbox 3537 374 3637 431; x_wconf 78' lang='lat'><strong>308</strong></span> 
     </span>
    </p>
   </div>
   <div class='ocr_carea' id='block_1_2' title="bbox 343 481 1993 562">
    <p class='ocr_par' dir='ltr' id='par_1_2' title="bbox 343 481 1987 557">
     <span class='ocr_line' id='line_1_2' title="bbox 343 481 1987 557; baseline -0.004 -14"><span class='ocrx_word' id='word_1_7' title='bbox 343 499 350 552; x_wconf 56' lang='grc' dir='ltr'><em>λ</em></span> <span class='ocrx_word' id='word_1_8' title='bbox 421 481 1440 557; x_wconf 62' lang='lat' dir='ltr'><strong>producitatqueconstituiIJieretsive</strong></span> <span class='ocrx_word' id='word_1_9' title='bbox 1465 495 1740 537; x_wconf 78' lang='lat' dir='ltr'><strong>crearetur</strong></span> <span class='ocrx_word' id='word_1_10' title='bbox 1771 482 1987 546; x_wconf 87' lang='lat' dir='ltr'><strong>ab.alio,</strong></span> 
     </span>
    </p>
   </div>
   <div class='ocr_carea' id='block_1_3' title="bbox 2113 481 3634 562">
    <p class='ocr_par' dir='ltr' id='par_1_3' title="bbox 2113 489 3634 562">
     <span class='ocr_line' id='line_1_3' title="bbox 2113 489 3634 562; baseline 0.002 -22"><span class='ocrx_word' id='word_1_11' title='bbox 2113 489 2183 557; x_wconf 72' lang='lat' dir='ltr'><strong>itp’</strong></span> <span class='ocrx_word' id='word_1_12' title='bbox 2215 489 2401 559; x_wconf 86' lang='grc' dir='ltr'>ἐτέρου</span> <span class='ocrx_word' id='word_1_13' title='bbox 2428 489 2698 558; x_wconf 88' lang='grc' dir='ltr'>γενέσθαι,</span> <span class='ocrx_word' id='word_1_14' title='bbox 2725 491 2868 542; x_wconf 90' lang='grc' dir='ltr'>ποιεῖ</span> <span class='ocrx_word' id='word_1_15' title='bbox 2892 490 2946 543; x_wconf 78' lang='grc' dir='ltr'><strong>δὲ</strong></span> <span class='ocrx_word' id='word_1_16' title='bbox 2973 491 3035 542; x_wconf 81' lang='grc' dir='ltr'><strong>ἐκ</strong></span> <span class='ocrx_word' id='word_1_17' title='bbox 3063 489 3137 560; x_wconf 81' lang='grc' dir='ltr'>μὴ</span> <span class='ocrx_word' id='word_1_18' title='bbox 3177 489 3343 542; x_wconf 75' lang='grc' dir='ltr'>ὄντων</span> <span class='ocrx_word' id='word_1_19' title='bbox 3367 489 3395 541; x_wconf 90' lang='lat'><strong>6</strong></span> <span class='ocrx_word' id='word_1_20' title='bbox 3429 490 3634 562; x_wconf 80' lang='grc' dir='ltr'>Πατὴρ,</span> 
     </span>
    </p>
   </div>
   <div class='ocr_carea' id='block_1_4' title="bbox 342 565 1978 652">
    <p class='ocr_par' dir='ltr' id='par_1_4' title="bbox 342 565 1978 652">
     <span class='ocr_line' id='line_1_4' title="bbox 342 565 1978 652; baseline -0.003 -19"><span class='ocrx_word' id='word_1_21' title='bbox 423 579 582 633; x_wconf 80' lang='lat' dir='ltr'><strong>Pater</strong></span> <span class='ocrx_word' id='word_1_22' title='bbox 606 591 733 632; x_wconf 87' lang='lat' dir='ltr'><strong>vero</strong></span> <span class='ocrx_word' id='word_1_23' title='bbox 760 592 824 632; x_wconf 81' lang='lat' dir='ltr'><strong>ex</strong></span> <span class='ocrx_word' id='word_1_24' title='bbox 851 576 1018 630; x_wconf 87' lang='lat' dir='ltr'><strong>nihilo</strong></span> <span class='ocrx_word' id='word_1_25' title='bbox 1040 585 1219 629; x_wconf 90' lang='lat' dir='ltr'><strong>creat:</strong></span> <span class='ocrx_word' id='word_1_26' title='bbox 1251 576 1365 629; x_wconf 87' lang='lat' dir='ltr'><strong>lieri</strong></span> <span class='ocrx_word' id='word_1_27' title='bbox 1390 577 1567 643; x_wconf 87' lang='lat' dir='ltr'><strong>itaque</strong></span> <span class='ocrx_word' id='word_1_28' title='bbox 1584 584 1784 644; x_wconf 80' lang='lat' dir='ltr'><strong>potest,</strong></span> <span class='ocrx_word' id='word_1_29' title='bbox 1805 591 1870 629; x_wconf 82' lang='lat' dir='ltr'><strong>ex</strong></span> <span class='ocrx_word' id='word_1_30' title='bbox 1911 577 1978 628; x_wconf 93' lang='lat' dir='ltr'><strong>il-</strong></span> 
     </span>
    </p>
   </div>
   <div class='ocr_carea' id='block_1_5' title="bbox 337 667 1982 746">
    <p class='ocr_par' dir='ltr' id='par_1_5' title="bbox 337 667 1982 746">
     <span class='ocr_line' id='line_1_5' title="bbox 337 667 1982 746; baseline -0.002 -20"><span class='ocrx_word' id='word_1_31' title='bbox 337 669 350 746; x_wconf 68' lang='grc' dir='ltr'><em>ξ</em></span> <span class='ocrx_word' id='word_1_32' title='bbox 423 672 593 726; x_wconf 90' lang='lat' dir='ltr'><strong>lorum</strong></span> <span class='ocrx_word' id='word_1_33' title='bbox 633 669 918 734; x_wconf 85' lang='lat' dir='ltr'><strong>sententia,</strong></span> <span class='ocrx_word' id='word_1_34' title='bbox 950 677 1006 720; x_wconf 90' lang='lat' dir='ltr'><strong>ut</strong></span> <span class='ocrx_word' id='word_1_35' title='bbox 1034 678 1088 722; x_wconf 94' lang='lat' dir='ltr'><strong>et</strong></span> <span class='ocrx_word' id='word_1_36' title='bbox 1114 667 1271 722; x_wconf 87' lang='lat' dir='ltr'><strong>Pater</strong></span> <span class='ocrx_word' id='word_1_37' title='bbox 1307 684 1373 722; x_wconf 78' lang='lat' dir='ltr'><strong>ex</strong></span> <span class='ocrx_word' id='word_1_38' title='bbox 1397 669 1562 722; x_wconf 89' lang='lat' dir='ltr'><strong>nihilo</strong></span> <span class='ocrx_word' id='word_1_39' title='bbox 1585 669 1698 723; x_wconf 82' lang='lat' dir='ltr'><strong>ﬁat.</strong></span> <span class='ocrx_word' id='word_1_40' title='bbox 1726 668 1795 723; x_wconf 85' lang='lat' dir='ltr'><strong>At</strong></span> <span class='ocrx_word' id='word_1_41' title='bbox 1814 669 1859 723; x_wconf 92' lang='lat' dir='ltr'><strong>si</strong></span> <span class='ocrx_word' id='word_1_42' title='bbox 1881 668 1982 723; x_wconf 92' lang='lat' dir='ltr'><strong>hoc</strong></span> 
     </span>
    </p>
   </div>
   <div class='ocr_carea' id='block_1_6' title="bbox 425 763 1980 834">
    <p class='ocr_par' dir='ltr' id='par_1_6' title="bbox 425 763 1980 834">
     <span class='ocr_line' id='line_1_6' title="bbox 425 763 1980 834; baseline -0.001 -15"><span class='ocrx_word' id='word_1_43' title='bbox 425 764 825 828; x_wconf 86' lang='lat' dir='ltr'><strong>inconveniens,</strong></span> <span class='ocrx_word' id='word_1_44' title='bbox 867 772 1026 833; x_wconf 89' lang='lat' dir='ltr'><strong>atque</strong></span> <span class='ocrx_word' id='word_1_45' title='bbox 1051 765 1186 817; x_wconf 86' lang='lat' dir='ltr'><strong>adeo</strong></span> <span class='ocrx_word' id='word_1_46' title='bbox 1244 764 1574 833; x_wconf 89' lang='lat' dir='ltr'><strong>impossibile</strong></span> <span class='ocrx_word' id='word_1_47' title='bbox 1619 773 1722 829; x_wconf 89' lang='lat' dir='ltr'><strong>est,</strong></span> <span class='ocrx_word' id='word_1_48' title='bbox 1781 775 1837 817; x_wconf 94' lang='lat' dir='ltr'><strong>ut</strong></span> <span class='ocrx_word' id='word_1_49' title='bbox 1889 763 1980 834; x_wconf 91' lang='lat' dir='ltr'><strong>qui</strong></span> 
     </span>
    </p>
   </div>
   <div class='ocr_carea' id='block_1_7' title="bbox 333 857 1981 926">
    <p class='ocr_par' dir='ltr' id='par_1_7' title="bbox 333 857 1981 926">
     <span class='ocr_line' id='line_1_7' title="bbox 333 857 1981 926; baseline -0.002 -16"><span class='ocrx_word' id='word_1_50' title='bbox 333 919 335 921; x_wconf 96' lang='lat'><em>_</em></span> <span class='ocrx_word' id='word_1_51' title='bbox 424 857 558 911; x_wconf 86' lang='lat' dir='ltr'><strong>alias</strong></span> <span class='ocrx_word' id='word_1_52' title='bbox 587 865 809 910; x_wconf 86' lang='lat' dir='ltr'><strong>naturas</strong></span> <span class='ocrx_word' id='word_1_53' title='bbox 847 866 1014 920; x_wconf 82' lang='lat' dir='ltr'><strong>creat,</strong></span> <span class='ocrx_word' id='word_1_54' title='bbox 1053 857 1209 926; x_wconf 77' lang='lat'><strong>182</strong></span> <span class='ocrx_word' id='word_1_55' title='bbox 1252 857 1320 910; x_wconf 87' lang='lat' dir='ltr'><strong>ab</strong></span> <span class='ocrx_word' id='word_1_56' title='bbox 1381 857 1482 908; x_wconf 89' lang='lat' dir='ltr'><strong>alia</strong></span> <span class='ocrx_word' id='word_1_57' title='bbox 1519 867 1709 909; x_wconf 87' lang='lat' dir='ltr'><strong>natura</strong></span> <span class='ocrx_word' id='word_1_58' title='bbox 1769 867 1981 910; x_wconf 88' lang='lat' dir='ltr'><strong>creatus</strong></span> 
     </span>
    </p>
   </div>
   <div class='ocr_carea' id='block_1_8' title="bbox 424 948 1983 1018">
    <p class='ocr_par' dir='ltr' id='par_1_8' title="bbox 424 948 1983 1018">
     <span class='ocr_line' id='line_1_8' title="bbox 424 948 1983 1018; baseline -0.003 -14"><span class='ocrx_word' id='word_1_59' title='bbox 424 950 494 1004; x_wconf 84' lang='lat' dir='ltr'><strong>sit</strong></span> <span class='ocrx_word' id='word_1_60' title='bbox 529 965 544 1000; x_wconf 89' lang='lat'><strong>:</strong></span> <span class='ocrx_word' id='word_1_61' title='bbox 579 948 733 1018; x_wconf 78' lang='lat' dir='ltr'><strong>longe</strong></span> <span class='ocrx_word' id='word_1_62' title='bbox 770 948 1008 1017; x_wconf 81' lang='lat' dir='ltr'><strong>profecto</strong></span> <span class='ocrx_word' id='word_1_63' title='bbox 1048 949 1334 1003; x_wconf 86' lang='lat' dir='ltr'><strong>absurdius</strong></span> <span class='ocrx_word' id='word_1_64' title='bbox 1378 957 1481 1013; x_wconf 83' lang='lat' dir='ltr'><strong>est,</strong></span> <span class='ocrx_word' id='word_1_65' title='bbox 1523 951 1786 1002; x_wconf 66' lang='lat' dir='ltr'><strong>universae</strong></span> <span class='ocrx_word' id='word_1_66' title='bbox 1827 957 1983 1002; x_wconf 87' lang='lat' dir='ltr'><strong>natu-</strong></span> 
     </span>
    </p>
   </div>
   <div class='ocr_carea' id='block_1_9' title="bbox 424 1038 1980 1104">
    <p class='ocr_par' dir='ltr' id='par_1_9' title="bbox 424 1038 1980 1104">
     <span class='ocr_line' id='line_1_9' title="bbox 424 1038 1980 1104; baseline 0 -12"><span class='ocrx_word' id='word_1_67' title='bbox 424 1054 496 1092; x_wconf 61' lang='lat' dir='ltr'><strong>ra:</strong></span> <span class='ocrx_word' id='word_1_68' title='bbox 519 1038 760 1104; x_wconf 89' lang='lat' dir='ltr'><strong>opilicem</strong></span> <span class='ocrx_word' id='word_1_69' title='bbox 805 1042 870 1093; x_wconf 92' lang='lat' dir='ltr'><strong>ab</strong></span> <span class='ocrx_word' id='word_1_70' title='bbox 896 1041 997 1093; x_wconf 87' lang='lat' dir='ltr'><strong>alia</strong></span> <span class='ocrx_word' id='word_1_71' title='bbox 1032 1050 1220 1094; x_wconf 88' lang='lat' dir='ltr'><strong>natura</strong></span> <span class='ocrx_word' id='word_1_72' title='bbox 1251 1048 1487 1094; x_wconf 91' lang='lat' dir='ltr'><strong>creatum</strong></span> <span class='ocrx_word' id='word_1_73' title='bbox 1504 1055 1623 1094; x_wconf 86' lang='lat' dir='ltr'><strong>esse</strong></span> <span class='ocrx_word' id='word_1_74' title='bbox 1647 1041 1980 1094; x_wconf 81' lang='lat' dir='ltr'><strong>existimare.</strong></span> 
     </span>
    </p>
   </div>
   <div class='ocr_carea' id='block_1_10' title="bbox 423 1129 1985 1199">
    <p class='ocr_par' dir='ltr' id='par_1_10' title="bbox 423 1129 1985 1199">
     <span class='ocr_line' id='line_1_10' title="bbox 423 1129 1985 1199; baseline 0.001 -18"><span class='ocrx_word' id='word_1_75' title='bbox 423 1129 557 1182; x_wconf 89' lang='lat' dir='ltr'><strong>Nam</strong></span> <span class='ocrx_word' id='word_1_76' title='bbox 586 1129 726 1196; x_wconf 93' lang='lat' dir='ltr'><strong>quod</strong></span> <span class='ocrx_word' id='word_1_77' title='bbox 766 1140 912 1184; x_wconf 87' lang='lat' dir='ltr'><strong>creat</strong></span> <span class='ocrx_word' id='word_1_78' title='bbox 932 1141 1170 1185; x_wconf 86' lang='lat' dir='ltr'><strong>creatum</strong></span> <span class='ocrx_word' id='word_1_79' title='bbox 1189 1140 1353 1195; x_wconf 84' lang='lat' dir='ltr'><strong>esset,</strong></span> <span class='ocrx_word' id='word_1_80' title='bbox 1391 1141 1442 1184; x_wconf 90' lang='lat' dir='ltr'><strong>et</strong></span> <span class='ocrx_word' id='word_1_81' title='bbox 1469 1130 1612 1199; x_wconf 86' lang='lat' dir='ltr'><strong>quod</strong></span> <span class='ocrx_word' id='word_1_82' title='bbox 1642 1139 1879 1184; x_wconf 88' lang='lat' dir='ltr'><strong>creatum</strong></span> <span class='ocrx_word' id='word_1_83' title='bbox 1901 1140 1985 1184; x_wconf 90' lang='lat' dir='ltr'><strong>est</strong></span> 
     </span>
    </p>
   </div>
   <div class='ocr_carea' id='block_1_11' title="bbox 423 1223 1979 1292">
    <p class='ocr_par' dir='ltr' id='par_1_11' title="bbox 423 1223 1979 1292">
     <span class='ocr_line' id='line_1_11' title="bbox 423 1223 1979 1292; baseline -0.001 -17"><span class='ocrx_word' id='word_1_84' title='bbox 423 1233 652 1289; x_wconf 83' lang='lat' dir='ltr'><strong>crearet,</strong></span> <span class='ocrx_word' id='word_1_85' title='bbox 699 1225 742 1278; x_wconf 90' lang='lat' dir='ltr'><strong>si</strong></span> <span class='ocrx_word' id='word_1_86' title='bbox 777 1223 942 1279; x_wconf 86' lang='lat' dir='ltr'><strong>Filius</strong></span> <span class='ocrx_word' id='word_1_87' title='bbox 972 1239 1093 1279; x_wconf 92' lang='lat' dir='ltr'><strong>cum</strong></span> <span class='ocrx_word' id='word_1_88' title='bbox 1121 1224 1189 1278; x_wconf 88' lang='lat' dir='ltr'><strong>sit</strong></span> <span class='ocrx_word' id='word_1_89' title='bbox 1218 1223 1415 1287; x_wconf 72' lang='lat' dir='ltr'><strong>lactus,</strong></span> <span class='ocrx_word' id='word_1_90' title='bbox 1439 1233 1494 1276; x_wconf 95' lang='lat' dir='ltr'><strong>ut</strong></span> <span class='ocrx_word' id='word_1_91' title='bbox 1536 1223 1634 1292; x_wconf 90' lang='lat' dir='ltr'><strong>ipsi</strong></span> <span class='ocrx_word' id='word_1_92' title='bbox 1666 1224 1979 1291; x_wconf 87' lang='lat' dir='ltr'><strong>opinantur,</strong></span> 
     </span>
    </p>
   </div>
   <div class='ocr_carea' id='block_1_12' title="bbox 423 1311 1980 1384">
    <p class='ocr_par' dir='ltr' id='par_1_12' title="bbox 423 1311 1980 1384">
     <span class='ocr_line' id='line_1_12' title="bbox 423 1311 1980 1384; baseline 0.001 -19"><span class='ocrx_word' id='word_1_93' title='bbox 423 1311 658 1376; x_wconf 81' lang='lat' dir='ltr'><strong>faceret,</strong></span> <span class='ocrx_word' id='word_1_94' title='bbox 709 1316 849 1382; x_wconf 87' lang='lat' dir='ltr'><strong>quod</strong></span> <span class='ocrx_word' id='word_1_95' title='bbox 905 1324 988 1368; x_wconf 88' lang='lat' dir='ltr'><strong>est</strong></span> <span class='ocrx_word' id='word_1_96' title='bbox 1041 1315 1530 1368; x_wconf 84' lang='lat' dir='ltr'><strong>absurdissimum:</strong></span> <span class='ocrx_word' id='word_1_97' title='bbox 1568 1315 1833 1384; x_wconf 84' lang='lat' dir='ltr'><strong>siquidem</strong></span> <span class='ocrx_word' id='word_1_98' title='bbox 1881 1314 1980 1369; x_wconf 86' lang='lat' dir='ltr'><strong>soli</strong></span> 
     </span>
    </p>
   </div>
   <div class='ocr_carea' id='block_1_13' title="bbox 423 1405 1983 1474">
    <p class='ocr_par' dir='ltr' id='par_1_13' title="bbox 423 1405 1983 1474">
     <span class='ocr_line' id='line_1_13' title="bbox 423 1405 1983 1474; baseline 0 -18"><span class='ocrx_word' id='word_1_99' title='bbox 423 1413 627 1458; x_wconf 57' lang='lat' dir='ltr'><strong>natura;</strong></span> <span class='ocrx_word' id='word_1_100' title='bbox 661 1405 852 1460; x_wconf 76' lang='lat' dir='ltr'><strong>divinae</strong></span> <span class='ocrx_word' id='word_1_101' title='bbox 896 1407 1177 1460; x_wconf 90' lang='lat' dir='ltr'><strong>tribuenda</strong></span> <span class='ocrx_word' id='word_1_102' title='bbox 1206 1416 1259 1459; x_wconf 90' lang='lat' dir='ltr'><strong>et</strong></span> <span class='ocrx_word' id='word_1_103' title='bbox 1296 1405 1642 1474; x_wconf 85' lang='lat' dir='ltr'><strong>relinquenda</strong></span> <span class='ocrx_word' id='word_1_104' title='bbox 1666 1415 1812 1468; x_wconf 88' lang='lat' dir='ltr'><strong>sunt,</strong></span> <span class='ocrx_word' id='word_1_105' title='bbox 1864 1419 1983 1471; x_wconf 68' lang='lat' dir='ltr'><strong>quae</strong></span> 
     </span>
    </p>
   </div>
   <div class='ocr_carea' id='block_1_14' title="bbox 423 1491 1983 1564">
    <p class='ocr_par' dir='ltr' id='par_1_14' title="bbox 423 1491 1983 1564">
     <span class='ocr_line' id='line_1_14' title="bbox 423 1491 1983 1564; baseline 0.001 -19"><span class='ocrx_word' id='word_1_106' title='bbox 423 1491 590 1561; x_wconf 86' lang='lat' dir='ltr'><strong>ipsius</strong></span> <span class='ocrx_word' id='word_1_107' title='bbox 621 1502 748 1547; x_wconf 93' lang='lat' dir='ltr'><strong>sunt</strong></span> <span class='ocrx_word' id='word_1_108' title='bbox 775 1493 985 1563; x_wconf 85' lang='lat' dir='ltr'><strong>propria</strong></span> <span class='ocrx_word' id='word_1_109' title='bbox 1013 1503 1065 1549; x_wconf 88' lang='lat' dir='ltr'><strong>et</strong></span> <span class='ocrx_word' id='word_1_110' title='bbox 1099 1495 1409 1564; x_wconf 82' lang='lat' dir='ltr'><strong>peculiaria,</strong></span> <span class='ocrx_word' id='word_1_111' title='bbox 1465 1509 1693 1563; x_wconf 89' lang='lat' dir='ltr'><strong>quorum</strong></span> <span class='ocrx_word' id='word_1_112' title='bbox 1731 1508 1894 1548; x_wconf 91' lang='lat' dir='ltr'><strong>unum</strong></span> <span class='ocrx_word' id='word_1_113' title='bbox 1920 1507 1983 1547; x_wconf 89' lang='lat' dir='ltr'><strong>ac</strong></span> 
     </span>
    </p>
   </div>
   <div class='ocr_carea' id='block_1_15' title="bbox 422 1584 1602 1656">
    <p class='ocr_par' dir='ltr' id='par_1_15' title="bbox 422 1584 1602 1656">
     <span class='ocr_line' id='line_1_15' title="bbox 422 1584 1602 1656; baseline 0.004 -19"><span class='ocrx_word' id='word_1_114' title='bbox 422 1584 752 1653; x_wconf 65' lang='lat' dir='ltr'><strong>praecipuum</strong></span> <span class='ocrx_word' id='word_1_115' title='bbox 778 1595 881 1654; x_wconf 87' lang='lat' dir='ltr'><strong>est,</strong></span> <span class='ocrx_word' id='word_1_116' title='bbox 915 1601 981 1641; x_wconf 82' lang='lat' dir='ltr'><strong>ex</strong></span> <span class='ocrx_word' id='word_1_117' title='bbox 1013 1586 1182 1642; x_wconf 90' lang='lat' dir='ltr'><strong>nihilo</strong></span> <span class='ocrx_word' id='word_1_118' title='bbox 1208 1603 1394 1642; x_wconf 88' lang='lat' dir='ltr'><strong>creare</strong></span> <span class='ocrx_word' id='word_1_119' title='bbox 1425 1602 1602 1656; x_wconf 80' lang='lat' dir='ltr'><strong>posse.</strong></span> 
     </span>
    </p>
   </div>
   <div class='ocr_carea' id='block_1_16' title="bbox 689 1711 1698 1804">
    <p class='ocr_par' dir='ltr' id='par_1_16' title="bbox 689 1711 1698 1804">
     <span class='ocr_line' id='line_1_16' title="bbox 689 1711 1698 1804; baseline 0.006 -6"><span class='ocrx_word' id='word_1_120' title='bbox 689 1711 1258 1804; x_wconf 73' lang='lat' dir='ltr'><strong>ASSER’I‘IO</strong></span> <span class='ocrx_word' id='word_1_121' title='bbox 1329 1716 1698 1804; x_wconf 82' lang='lat' dir='ltr'><strong>XVIII.</strong></span> 
     </span>
    </p>
   </div>
   <div class='ocr_carea' id='block_1_17' title="bbox 2088 580 3635 651">
    <p class='ocr_par' dir='ltr' id='par_1_17' title="bbox 2088 580 3635 651">
     <span class='ocr_line' id='line_1_17' title="bbox 2088 580 3635 651; baseline 0.002 -20"><span class='ocrx_word' id='word_1_122' title='bbox 2088 581 2362 650; x_wconf 86' lang='grc' dir='ltr'>ἐνδέχεται</span> <span class='ocrx_word' id='word_1_123' title='bbox 2394 581 2501 651; x_wconf 83' lang='grc' dir='ltr'>ἄρα</span> <span class='ocrx_word' id='word_1_124' title='bbox 2524 582 2704 646; x_wconf 86' lang='grc' dir='ltr'>αὐτὸν,</span> <span class='ocrx_word' id='word_1_125' title='bbox 2733 582 2851 634; x_wconf 87' lang='grc' dir='ltr'>κατ’</span> <span class='ocrx_word' id='word_1_126' title='bbox 2880 582 3095 644; x_wconf 80' lang='grc' dir='ltr'>αὐτοὺς,</span> <span class='ocrx_word' id='word_1_127' title='bbox 3118 584 3178 634; x_wconf 90' lang='grc' dir='ltr'><strong>ἐκ</strong></span> <span class='ocrx_word' id='word_1_128' title='bbox 3203 580 3276 650; x_wconf 83' lang='grc' dir='ltr'>μὴ</span> <span class='ocrx_word' id='word_1_129' title='bbox 3299 581 3464 634; x_wconf 79' lang='grc' dir='ltr'>ὄντων</span> <span class='ocrx_word' id='word_1_130' title='bbox 3488 598 3635 650; x_wconf 79' lang='grc' dir='ltr'>γεγοο</span> 
     </span>
    </p>
   </div>
   <div class='ocr_carea' id='block_1_18' title="bbox 2088 669 3637 740">
    <p class='ocr_par' dir='ltr' id='par_1_18' title="bbox 2088 669 3637 740">
     <span class='ocr_line' id='line_1_18' title="bbox 2088 669 3637 740; baseline 0.003 -20"><span class='ocrx_word' id='word_1_131' title='bbox 2088 669 2254 721; x_wconf 86' lang='grc' dir='ltr'>νέναι.</span> <span class='ocrx_word' id='word_1_132' title='bbox 2290 670 2350 721; x_wconf 74' lang='lat' dir='ltr'><strong>Ei</strong></span> <span class='ocrx_word' id='word_1_133' title='bbox 2382 669 2438 721; x_wconf 85' lang='grc' dir='ltr'>δὲ</span> <span class='ocrx_word' id='word_1_134' title='bbox 2488 670 2729 738; x_wconf 84' lang='grc' dir='ltr'>ἀπρεπὲς</span> <span class='ocrx_word' id='word_1_135' title='bbox 2774 672 2868 722; x_wconf 69' lang='grc' dir='ltr'>καὶ</span> <span class='ocrx_word' id='word_1_136' title='bbox 2908 669 3165 723; x_wconf 77' lang='grc' dir='ltr'>ἀδύνατον</span> <span class='ocrx_word' id='word_1_137' title='bbox 3205 671 3407 740; x_wconf 83' lang='grc' dir='ltr'>ἐτέρων</span> <span class='ocrx_word' id='word_1_138' title='bbox 3435 671 3637 738; x_wconf 76' lang='grc' dir='ltr'>φύσεων</span> 
     </span>
    </p>
   </div>
   <div class='ocr_carea' id='block_1_19' title="bbox 2088 761 3636 832">
    <p class='ocr_par' dir='ltr' id='par_1_19' title="bbox 2088 761 3636 832">
     <span class='ocr_line' id='line_1_19' title="bbox 2088 761 3636 832; baseline 0.001 -19"><span class='ocrx_word' id='word_1_139' title='bbox 2088 761 2415 831; x_wconf 83' lang='grc' dir='ltr'>δημιουργὸν</span> <span class='ocrx_word' id='word_1_140' title='bbox 2464 762 2662 814; x_wconf 81' lang='grc' dir='ltr'>ἐννοεῖν</span> <span class='ocrx_word' id='word_1_141' title='bbox 2719 762 2808 830; x_wconf 85' lang='grc' dir='ltr'><strong>ὑφ’</strong></span> <span class='ocrx_word' id='word_1_142' title='bbox 2855 762 3047 832; x_wconf 85' lang='grc' dir='ltr'>ἐτέρας</span> <span class='ocrx_word' id='word_1_143' title='bbox 3106 763 3350 814; x_wconf 75' lang='grc' dir='ltr'><strong>ἐκτίσθαι</strong></span> <span class='ocrx_word' id='word_1_144' title='bbox 3412 762 3636 830; x_wconf 78' lang='grc' dir='ltr'>φύσεως,</span> 
     </span>
    </p>
   </div>
   <div class='ocr_carea' id='block_1_20' title="bbox 2090 845 3710 922">
    <p class='ocr_par' dir='ltr' id='par_1_20' title="bbox 2090 845 3710 922">
     <span class='ocr_line' id='line_1_20' title="bbox 2090 845 3710 922; baseline 0.001 -19"><span class='ocrx_word' id='word_1_145' title='bbox 2090 850 2432 922; x_wconf 81' lang='grc' dir='ltr'>ἀτοπώτερον</span> <span class='ocrx_word' id='word_1_146' title='bbox 2458 852 2582 922; x_wconf 82' lang='grc' dir='ltr'>ἄρα,</span> <span class='ocrx_word' id='word_1_147' title='bbox 2618 853 2708 904; x_wconf 85' lang='grc' dir='ltr'><strong>τὸν</strong></span> <span class='ocrx_word' id='word_1_148' title='bbox 2744 853 2958 922; x_wconf 87' lang='grc' dir='ltr'>ἁπάσης</span> <span class='ocrx_word' id='word_1_149' title='bbox 2997 853 3208 921; x_wconf 82' lang='grc' dir='ltr'>φύσεως</span> <span class='ocrx_word' id='word_1_150' title='bbox 3239 853 3531 922; x_wconf 75' lang='grc' dir='ltr'>αὐτουργὸν</span> <span class='ocrx_word' id='word_1_151' title='bbox 3557 853 3636 920; x_wconf 70' lang='grc' dir='ltr'><strong>ὑφ’</strong></span> <span class='ocrx_word' id='word_1_152' title='bbox 3705 845 3710 848; x_wconf 39' lang='grc'><strong><em>“</em></strong></span> 
     </span>
    </p>
   </div>
   <div class='ocr_carea' id='block_1_21' title="bbox 2090 944 3640 1015">
    <p class='ocr_par' dir='ltr' id='par_1_21' title="bbox 2090 944 3640 1015">
     <span class='ocr_line' id='line_1_21' title="bbox 2090 944 3640 1015; baseline 0.002 -20"><span class='ocrx_word' id='word_1_153' title='bbox 2090 944 2276 1015; x_wconf 85' lang='grc' dir='ltr'>ἐτέρας</span> <span class='ocrx_word' id='word_1_154' title='bbox 2327 945 2772 1014; x_wconf 89' lang='grc' dir='ltr'>δημιουργεῖσθαι</span> <span class='ocrx_word' id='word_1_155' title='bbox 2820 944 3034 1014; x_wconf 83' lang='grc' dir='ltr'>φύσεως</span> <span class='ocrx_word' id='word_1_156' title='bbox 3094 944 3512 1014; x_wconf 78' lang='grc' dir='ltr'>ὑπολαμϐάνειν.</span> <span class='ocrx_word' id='word_1_157' title='bbox 3540 947 3640 998; x_wconf 81' lang='grc' dir='ltr'>Καὶ</span> 
     </span>
    </p>
   </div>
   <div class='ocr_carea' id='block_1_22' title="bbox 2090 1035 3638 1106">
    <p class='ocr_par' dir='ltr' id='par_1_22' title="bbox 2090 1035 3638 1106">
     <span class='ocr_line' id='line_1_22' title="bbox 2090 1035 3638 1106; baseline 0.001 -19"><span class='ocrx_word' id='word_1_158' title='bbox 2090 1035 2195 1106; x_wconf 81' lang='grc' dir='ltr'>γὰρ</span> <span class='ocrx_word' id='word_1_159' title='bbox 2223 1037 2288 1089; x_wconf 86' lang='grc' dir='ltr'>ἂν</span> <span class='ocrx_word' id='word_1_160' title='bbox 2309 1035 2368 1087; x_wconf 83' lang='grc' dir='ltr'><strong>τὸ</strong></span> <span class='ocrx_word' id='word_1_161' title='bbox 2401 1035 2585 1088; x_wconf 86' lang='grc' dir='ltr'>ποιοῦν</span> <span class='ocrx_word' id='word_1_162' title='bbox 2619 1035 2823 1103; x_wconf 84' lang='grc' dir='ltr'>ἐγίνετο</span> <span class='ocrx_word' id='word_1_163' title='bbox 2883 1036 2978 1089; x_wconf 76' lang='grc' dir='ltr'><strong>καὶ</strong></span> <span class='ocrx_word' id='word_1_164' title='bbox 3035 1035 3096 1089; x_wconf 81' lang='grc' dir='ltr'><strong>τὸ</strong></span> <span class='ocrx_word' id='word_1_165' title='bbox 3124 1037 3403 1106; x_wconf 89' lang='grc' dir='ltr'>γινόμενον</span> <span class='ocrx_word' id='word_1_166' title='bbox 3443 1037 3604 1088; x_wconf 82' lang='grc' dir='ltr'>ἐποίει</span> <span class='ocrx_word' id='word_1_167' title='bbox 3625 1078 3638 1098; x_wconf 92' lang='grc'><strong>,</strong></span> 
     </span>
    </p>
   </div>
   <div class='ocr_carea' id='block_1_23' title="bbox 2089 1126 3641 1198">
    <p class='ocr_par' dir='ltr' id='par_1_23' title="bbox 2089 1126 3641 1198">
     <span class='ocr_line' id='line_1_23' title="bbox 2089 1126 3641 1198; baseline 0.002 -22"><span class='ocrx_word' id='word_1_168' title='bbox 2089 1126 2246 1195; x_wconf 82' lang='grc' dir='ltr'>εἴπερ</span> <span class='ocrx_word' id='word_1_169' title='bbox 2277 1127 2304 1178; x_wconf 97' lang='lat'><strong>6</strong></span> <span class='ocrx_word' id='word_1_170' title='bbox 2332 1126 2456 1188; x_wconf 83' lang='grc' dir='ltr'><strong>Υἱὸς</strong></span> <span class='ocrx_word' id='word_1_171' title='bbox 2505 1126 2786 1195; x_wconf 78' lang='grc' dir='ltr'>γινόμενος</span> <span class='ocrx_word' id='word_1_172' title='bbox 2827 1127 3018 1193; x_wconf 90' lang='grc' dir='ltr'>ἐποίει,</span> <span class='ocrx_word' id='word_1_173' title='bbox 3055 1127 3174 1180; x_wconf 87' lang='grc' dir='ltr'>κατ’</span> <span class='ocrx_word' id='word_1_174' title='bbox 3217 1127 3479 1190; x_wconf 86' lang='grc' dir='ltr'>ἐκείνους,</span> <span class='ocrx_word' id='word_1_175' title='bbox 3516 1129 3641 1198; x_wconf 83' lang='grc' dir='ltr'>ὅπερ</span> 
     </span>
    </p>
   </div>
   <div class='ocr_carea' id='block_1_24' title="bbox 2092 1215 3642 1289">
    <p class='ocr_par' dir='ltr' id='par_1_24' title="bbox 2092 1215 3642 1289">
     <span class='ocr_line' id='line_1_24' title="bbox 2092 1215 3642 1289; baseline 0.002 -22"><span class='ocrx_word' id='word_1_176' title='bbox 2092 1217 2240 1268; x_wconf 70' lang='grc' dir='ltr'>ἐστίν</span> <span class='ocrx_word' id='word_1_177' title='bbox 2267 1215 2646 1271; x_wconf 84' lang='grc' dir='ltr'>ἀτοπώτατον·</span> <span class='ocrx_word' id='word_1_178' title='bbox 2693 1218 2746 1270; x_wconf 73' lang='grc' dir='ltr'>εἴ</span> <span class='ocrx_word' id='word_1_179' title='bbox 2774 1235 2837 1285; x_wconf 91' lang='grc' dir='ltr'><strong>γε</strong></span> <span class='ocrx_word' id='word_1_180' title='bbox 2882 1217 3017 1289; x_wconf 81' lang='grc' dir='ltr'>μόνῃ</span> <span class='ocrx_word' id='word_1_181' title='bbox 3068 1219 3331 1288; x_wconf 80' lang='grc' dir='ltr'>προσήκει</span> <span class='ocrx_word' id='word_1_182' title='bbox 3370 1218 3642 1289; x_wconf 79' lang='grc' dir='ltr'><strong>τηρεῖσθαι</strong></span> 
     </span>
    </p>
   </div>
   <div class='ocr_carea' id='block_1_25' title="bbox 2090 1302 3643 1379">
    <p class='ocr_par' dir='ltr' id='par_1_25' title="bbox 2090 1302 3643 1379">
     <span class='ocr_line' id='line_1_25' title="bbox 2090 1302 3643 1379; baseline -0.008 -18"><span class='ocrx_word' id='word_1_183' title='bbox 2090 1311 2159 1379; x_wconf 86' lang='grc' dir='ltr'>τῇ</span> <span class='ocrx_word' id='word_1_184' title='bbox 2194 1307 2313 1378; x_wconf 76' lang='grc' dir='ltr'>θείᾳ</span> <span class='ocrx_word' id='word_1_185' title='bbox 2350 1307 2508 1374; x_wconf 79' lang='grc' dir='ltr'>φύσει</span> <span class='ocrx_word' id='word_1_186' title='bbox 2543 1307 2610 1361; x_wconf 81' lang='grc' dir='ltr'><strong>τὰ</strong></span> <span class='ocrx_word' id='word_1_187' title='bbox 2640 1309 2809 1378; x_wconf 79' lang='grc' dir='ltr'>αὐτῆς</span> <span class='ocrx_word' id='word_1_188' title='bbox 2837 1308 3110 1378; x_wconf 80' lang='grc' dir='ltr'>ἐξαίρετα,</span> <span class='ocrx_word' id='word_1_189' title='bbox 3138 1302 3213 1362; x_wconf 83' lang='grc' dir='ltr'>ὧν</span> <span class='ocrx_word' id='word_1_190' title='bbox 3263 1308 3319 1361; x_wconf 84' lang='grc' dir='ltr'>ἓν</span> <span class='ocrx_word' id='word_1_191' title='bbox 3365 1309 3458 1362; x_wconf 78' lang='grc' dir='ltr'><strong>καὶ</strong></span> <span class='ocrx_word' id='word_1_192' title='bbox 3504 1309 3643 1378; x_wconf 75' lang='grc' dir='ltr'>πρῶ-</span> 
     </span>
    </p>
   </div>
   <div class='ocr_carea' id='block_1_26' title="bbox 2090 1401 3644 1473">
    <p class='ocr_par' dir='ltr' id='par_1_26' title="bbox 2090 1401 3644 1473">
     <span class='ocr_line' id='line_1_26' title="bbox 2090 1401 3644 1473; baseline 0.002 -20"><span class='ocrx_word' id='word_1_193' title='bbox 2090 1417 2182 1454; x_wconf 89' lang='grc' dir='ltr'><strong>τον</strong></span> <span class='ocrx_word' id='word_1_194' title='bbox 2209 1401 2443 1472; x_wconf 77' lang='grc' dir='ltr'>ὑπάρχει</span> <span class='ocrx_word' id='word_1_195' title='bbox 2474 1401 2534 1454; x_wconf 84' lang='grc' dir='ltr'><strong>τὸ</strong></span> <span class='ocrx_word' id='word_1_196' title='bbox 2567 1402 2631 1454; x_wconf 87' lang='grc' dir='ltr'><strong>ἐκ</strong></span> <span class='ocrx_word' id='word_1_197' title='bbox 2673 1401 2748 1472; x_wconf 77' lang='grc' dir='ltr'>μὴ</span> <span class='ocrx_word' id='word_1_198' title='bbox 2770 1401 2936 1456; x_wconf 79' lang='grc' dir='ltr'>ὄντων</span> <span class='ocrx_word' id='word_1_199' title='bbox 2969 1401 3228 1455; x_wconf 84' lang='grc' dir='ltr'>δύνασθαι</span> <span class='ocrx_word' id='word_1_200' title='bbox 3277 1403 3644 1473; x_wconf 79' lang='grc' dir='ltr'>δημιουργεῖν.</span> 
     </span>
    </p>
   </div>
   <div class='ocr_carea' id='block_1_27' title="bbox 2559 1689 3168 1787">
    <p class='ocr_par' dir='ltr' id='par_1_27' title="bbox 2559 1689 3168 1787">
     <span class='ocr_line' id='line_1_27' title="bbox 2559 1689 3168 1787; baseline -0.007 -1"><span class='ocrx_word' id='word_1_201' title='bbox 2559 1699 2920 1787; x_wconf 88' lang='grc' dir='ltr'><strong>ΛΟΓΟΣ</strong></span> <span class='ocrx_word' id='word_1_202' title='bbox 2993 1689 3135 1783; x_wconf 88' lang='lat' dir='ltr'><strong>IH&#39;</strong></span> <span class='ocrx_word' id='word_1_203' title='bbox 3149 1765 3168 1783; x_wconf 95' lang='lat'><strong>.</strong></span> 
     </span>
    </p>
   </div>
   <div class='ocr_carea' id='block_1_28' title="bbox 427 1827 1993 1931">
    <p class='ocr_par' dir='ltr' id='par_1_28' title="bbox 427 1856 1983 1931">
     <span class='ocr_line' id='line_1_28' title="bbox 427 1856 1983 1931; baseline 0.005 -23"><span class='ocrx_word' id='word_1_204' title='bbox 427 1856 577 1922; x_wconf 83' lang='lat' dir='ltr'><strong>Quod</strong></span> <span class='ocrx_word' id='word_1_205' title='bbox 610 1874 709 1910; x_wconf 87' lang='lat' dir='ltr'><strong>non</strong></span> <span class='ocrx_word' id='word_1_206' title='bbox 740 1859 965 1931; x_wconf 72' lang='lat' dir='ltr'><strong>sitidem</strong></span> <span class='ocrx_word' id='word_1_207' title='bbox 997 1871 1238 1914; x_wconf 79' lang='lat' dir='ltr'><strong>creatura</strong></span> <span class='ocrx_word' id='word_1_208' title='bbox 1269 1872 1316 1914; x_wconf 86' lang='lat' dir='ltr'><strong>et</strong></span> <span class='ocrx_word' id='word_1_209' title='bbox 1347 1862 1490 1930; x_wconf 79' lang='lat' dir='ltr'><strong>ﬁlius</strong></span> <span class='ocrx_word' id='word_1_210' title='bbox 1523 1879 1541 1915; x_wconf 90' lang='lat'><strong><em>:</em></strong></span> <span class='ocrx_word' id='word_1_211' title='bbox 1576 1879 1735 1931; x_wconf 86' lang='lat' dir='ltr'><strong>neque</strong></span> <span class='ocrx_word' id='word_1_212' title='bbox 1755 1864 1808 1916; x_wconf 88' lang='lat' dir='ltr'><strong>in</strong></span> <span class='ocrx_word' id='word_1_213' title='bbox 1857 1863 1983 1928; x_wconf 85' lang='lat' dir='ltr'><strong>Deo,</strong></span> 
     </span>
    </p>
   </div>
   <div class='ocr_carea' id='block_1_29' title="bbox 2113 1827 3649 1931">
    <p class='ocr_par' dir='ltr' id='par_1_29' title="bbox 2113 1848 3649 1931">
     <span class='ocr_line' id='line_1_29' title="bbox 2113 1848 3649 1931; baseline -0.006 -20"><span class='ocrx_word' id='word_1_214' title='bbox 2113 1861 2221 1912; x_wconf 87' lang='grc' dir='ltr'>Ὀτι</span> <span class='ocrx_word' id='word_1_215' title='bbox 2252 1856 2335 1931; x_wconf 62' lang='grc' dir='ltr'>μὴ</span> <span class='ocrx_word' id='word_1_216' title='bbox 2386 1855 2606 1931; x_wconf 60' lang='lat' dir='ltr'><strong>taeter</strong></span> <span class='ocrx_word' id='word_1_217' title='bbox 2653 1857 2872 1931; x_wconf 60' lang='grc' dir='ltr'>κτιόζμα</span> <span class='ocrx_word' id='word_1_218' title='bbox 2909 1853 3349 1931; x_wconf 34' lang='grc' dir='ltr'>καὶῌγένφῖηίιᾳ,</span> <span class='ocrx_word' id='word_1_219' title='bbox 3385 1851 3538 1931; x_wconf 63' lang='grc' dir='ltr'><strong>μῃᾷὲ</strong></span> <span class='ocrx_word' id='word_1_220' title='bbox 3577 1848 3649 1930; x_wconf 71' lang='grc' dir='ltr'><strong>’ςῷ</strong></span> 
     </span>
    </p>
   </div>
   <div class='ocr_carea' id='block_1_30' title="bbox 493 1930 1985 2002">
    <p class='ocr_par' dir='ltr' id='par_1_30' title="bbox 493 1930 1985 2002">
     <span class='ocr_line' id='line_1_30' title="bbox 493 1930 1985 2002; baseline 0.005 -23"><span class='ocrx_word' id='word_1_221' title='bbox 493 1943 671 1979; x_wconf 85' lang='lat' dir='ltr'><strong>creare</strong></span> <span class='ocrx_word' id='word_1_222' title='bbox 697 1938 748 2002; x_wconf 71' lang='lat' dir='ltr'><strong>et</strong></span> <span class='ocrx_word' id='word_1_223' title='bbox 771 1930 981 2002; x_wconf 78' lang='lat' dir='ltr'><strong>gignere</strong></span> <span class='ocrx_word' id='word_1_224' title='bbox 1010 1946 1027 1982; x_wconf 91' lang='lat'><strong><em>:</em></strong></span> <span class='ocrx_word' id='word_1_225' title='bbox 1058 1931 1270 2002; x_wconf 73' lang='lat' dir='ltr'><strong>aliaque</strong></span> <span class='ocrx_word' id='word_1_226' title='bbox 1297 1930 1678 1986; x_wconf 79' lang='lat' dir='ltr'><strong>conclusionem</strong></span> <span class='ocrx_word' id='word_1_227' title='bbox 1707 1933 1985 2002; x_wconf 75' lang='lat' dir='ltr'><strong>inferentia</strong></span> 
     </span>
    </p>
   </div>
   <div class='ocr_carea' id='block_1_31' title="bbox 493 1998 1431 2067">
    <p class='ocr_par' dir='ltr' id='par_1_31' title="bbox 493 1998 1431 2067">
     <span class='ocr_line' id='line_1_31' title="bbox 493 1998 1431 2067; baseline 0.004 -17"><span class='ocrx_word' id='word_1_228' title='bbox 493 2014 583 2060; x_wconf 80' lang='lat' dir='ltr'><strong>per</strong></span> <span class='ocrx_word' id='word_1_229' title='bbox 617 1998 963 2051; x_wconf 81' lang='lat' dir='ltr'><strong>reductionem</strong></span> <span class='ocrx_word' id='word_1_230' title='bbox 998 2000 1064 2052; x_wconf 83' lang='lat' dir='ltr'><strong>ad</strong></span> <span class='ocrx_word' id='word_1_231' title='bbox 1095 2001 1431 2067; x_wconf 78' lang='lat' dir='ltr'><strong>impossibile.</strong></span> 
     </span>
    </p>
   </div>
   <div class='ocr_carea' id='block_1_32' title="bbox 636 2153 1772 2224">
    <p class='ocr_par' dir='ltr' id='par_1_32' title="bbox 636 2153 1772 2224">
     <span class='ocr_line' id='line_1_32' title="bbox 636 2153 1772 2224; baseline 0.004 -18"><span class='ocrx_word' id='word_1_232' title='bbox 636 2153 874 2222; x_wconf 75' lang='lat' dir='ltr'><strong>Defensio</strong></span> <span class='ocrx_word' id='word_1_233' title='bbox 906 2155 1126 2223; x_wconf 72' lang='lat' dir='ltr'><strong>simplex</strong></span> <span class='ocrx_word' id='word_1_234' title='bbox 1151 2170 1215 2208; x_wconf 79' lang='lat' dir='ltr'><strong>ea:</strong></span> <span class='ocrx_word' id='word_1_235' title='bbox 1249 2155 1402 2208; x_wconf 76' lang='lat' dir='ltr'><strong>nudis</strong></span> <span class='ocrx_word' id='word_1_236' title='bbox 1435 2157 1772 2224; x_wconf 81' lang='lat' dir='ltr'><strong>argumentis.</strong></span> 
     </span>
    </p>
   </div>
   <div class='ocr_carea' id='block_1_33' title="bbox 497 2263 1990 2334">
    <p class='ocr_par' dir='ltr' id='par_1_33' title="bbox 497 2263 1990 2334">
     <span class='ocr_line' id='line_1_33' title="bbox 497 2263 1990 2334; baseline 0.001 -16"><span class='ocrx_word' id='word_1_237' title='bbox 497 2263 552 2318; x_wconf 90' lang='lat' dir='ltr'><strong>Si</strong></span> <span class='ocrx_word' id='word_1_238' title='bbox 586 2266 804 2334; x_wconf 81' lang='lat' dir='ltr'><strong>gignere</strong></span> <span class='ocrx_word' id='word_1_239' title='bbox 834 2274 888 2318; x_wconf 89' lang='lat' dir='ltr'><strong>et</strong></span> <span class='ocrx_word' id='word_1_240' title='bbox 913 2266 1252 2319; x_wconf 88' lang='lat' dir='ltr'><strong>creareidem</strong></span> <span class='ocrx_word' id='word_1_241' title='bbox 1285 2274 1429 2319; x_wconf 88' lang='lat' dir='ltr'><strong>esset</strong></span> <span class='ocrx_word' id='word_1_242' title='bbox 1461 2265 1511 2318; x_wconf 88' lang='lat' dir='ltr'><strong>in</strong></span> <span class='ocrx_word' id='word_1_243' title='bbox 1535 2265 1659 2329; x_wconf 89' lang='lat' dir='ltr'><strong>Deo,</strong></span> <span class='ocrx_word' id='word_1_244' title='bbox 1717 2281 1819 2319; x_wconf 89' lang='lat' dir='ltr'><strong>non</strong></span> <span class='ocrx_word' id='word_1_245' title='bbox 1851 2265 1990 2320; x_wconf 80' lang='lat' dir='ltr'><strong>fuis-</strong></span> 
     </span>
    </p>
   </div>
   <div class='ocr_carea' id='block_1_34' title="bbox 428 2354 1984 2425">
    <p class='ocr_par' dir='ltr' id='par_1_34' title="bbox 428 2354 1984 2425">
     <span class='ocr_line' id='line_1_34' title="bbox 428 2354 1984 2425; baseline 0.002 -15"><span class='ocrx_word' id='word_1_246' title='bbox 428 2367 510 2410; x_wconf 86' lang='lat' dir='ltr'><strong>set</strong></span> <span class='ocrx_word' id='word_1_247' title='bbox 533 2356 635 2408; x_wconf 85' lang='lat' dir='ltr'><strong>lata</strong></span> <span class='ocrx_word' id='word_1_248' title='bbox 662 2357 711 2410; x_wconf 88' lang='lat' dir='ltr'><strong>in</strong></span> <span class='ocrx_word' id='word_1_249' title='bbox 742 2354 1083 2425; x_wconf 78' lang='lat' dir='ltr'><strong>Unigenitum</strong></span> <span class='ocrx_word' id='word_1_250' title='bbox 1113 2371 1211 2408; x_wconf 80' lang='lat' dir='ltr'><strong>vox</strong></span> <span class='ocrx_word' id='word_1_251' title='bbox 1244 2355 1353 2419; x_wconf 88' lang='lat' dir='ltr'><strong>illa,</strong></span> <span class='ocrx_word' id='word_1_252' title='bbox 1373 2374 1390 2406; x_wconf 77' lang='grc' dir='ltr'><strong>ι</strong></span> <span class='ocrx_word' id='word_1_253' title='bbox 1419 2355 1515 2409; x_wconf 87' lang='lat' dir='ltr'><strong>llic</strong></span> <span class='ocrx_word' id='word_1_254' title='bbox 1543 2366 1626 2410; x_wconf 89' lang='lat' dir='ltr'><strong>est</strong></span> <span class='ocrx_word' id='word_1_255' title='bbox 1651 2355 1816 2411; x_wconf 86' lang='lat' dir='ltr'><strong>Filius</strong></span> <span class='ocrx_word' id='word_1_256' title='bbox 1836 2374 1984 2413; x_wconf 88' lang='lat' dir='ltr'><strong>meus</strong></span> 
     </span>
    </p>
   </div>
   <div class='ocr_carea' id='block_1_35' title="bbox 426 2447 1980 2515">
    <p class='ocr_par' dir='ltr' id='par_1_35' title="bbox 426 2447 1980 2515">
     <span class='ocr_line' id='line_1_35' title="bbox 426 2447 1980 2515; baseline 0 -13"><span class='ocrx_word' id='word_1_257' title='bbox 426 2451 651 2503; x_wconf 89' lang='lat' dir='ltr'><strong>dilectus</strong></span> <span class='ocrx_word' id='word_1_258' title='bbox 683 2449 728 2479; x_wconf 80' lang='lat'>“</span> <span class='ocrx_word' id='word_1_259' title='bbox 757 2467 768 2502; x_wconf 93' lang='lat'><strong>:</strong></span> <span class='ocrx_word' id='word_1_260' title='bbox 802 2467 820 2500; x_wconf 75' lang='grc' dir='ltr'><strong>ι</strong></span> <span class='ocrx_word' id='word_1_261' title='bbox 855 2463 976 2502; x_wconf 90' lang='lat' dir='ltr'><strong>cum</strong></span> <span class='ocrx_word' id='word_1_262' title='bbox 1001 2447 1161 2500; x_wconf 86' lang='lat' dir='ltr'><strong>etiam</strong></span> <span class='ocrx_word' id='word_1_263' title='bbox 1190 2463 1251 2500; x_wconf 86' lang='lat' dir='ltr'><strong>ea</strong></span> <span class='ocrx_word' id='word_1_264' title='bbox 1283 2462 1425 2515; x_wconf 72' lang='lat' dir='ltr'><strong>quze</strong></span> <span class='ocrx_word' id='word_1_265' title='bbox 1453 2457 1642 2500; x_wconf 87' lang='lat' dir='ltr'><strong>natura</strong></span> <span class='ocrx_word' id='word_1_266' title='bbox 1683 2448 1980 2503; x_wconf 85' lang='lat' dir='ltr'><strong>inanimata</strong></span> 
     </span>
    </p>
   </div>
   <div class='ocr_carea' id='block_1_36' title="bbox 427 2538 1986 2610">
    <p class='ocr_par' dir='ltr' id='par_1_36' title="bbox 427 2538 1986 2610">
     <span class='ocr_line' id='line_1_36' title="bbox 427 2538 1986 2610; baseline 0 -15"><span class='ocrx_word' id='word_1_267' title='bbox 427 2551 570 2605; x_wconf 87' lang='lat' dir='ltr'><strong>sunt,</strong></span> <span class='ocrx_word' id='word_1_268' title='bbox 605 2541 696 2595; x_wconf 89' lang='lat' dir='ltr'><strong>lilii</strong></span> <span class='ocrx_word' id='word_1_269' title='bbox 726 2539 818 2594; x_wconf 91' lang='lat' dir='ltr'><strong>Dei</strong></span> <span class='ocrx_word' id='word_1_270' title='bbox 871 2539 1002 2604; x_wconf 89' lang='lat' dir='ltr'><strong>sint,</strong></span> <span class='ocrx_word' id='word_1_271' title='bbox 1056 2538 1105 2592; x_wconf 89' lang='lat' dir='ltr'><strong>si</strong></span> <span class='ocrx_word' id='word_1_272' title='bbox 1136 2539 1275 2592; x_wconf 91' lang='lat' dir='ltr'><strong>idem</strong></span> <span class='ocrx_word' id='word_1_273' title='bbox 1324 2547 1408 2592; x_wconf 89' lang='lat' dir='ltr'><strong>est</strong></span> <span class='ocrx_word' id='word_1_274' title='bbox 1453 2549 1705 2594; x_wconf 88' lang='lat' dir='ltr'><strong>creatura</strong></span> <span class='ocrx_word' id='word_1_275' title='bbox 1750 2548 1804 2595; x_wconf 85' lang='lat' dir='ltr'><strong>et</strong></span> <span class='ocrx_word' id='word_1_276' title='bbox 1836 2541 1986 2610; x_wconf 82' lang='lat' dir='ltr'><strong>geni-</strong></span> 
     </span>
    </p>
   </div>
   <div class='ocr_carea' id='block_1_37' title="bbox 423 2649 574 2686">
    <p class='ocr_par' dir='ltr' id='par_1_37' title="bbox 423 2649 574 2686">
     <span class='ocr_line' id='line_1_37' title="bbox 423 2649 574 2686; baseline -0.013 0"><span class='ocrx_word' id='word_1_277' title='bbox 423 2649 574 2686; x_wconf 83' lang='lat' dir='ltr'><strong>men.</strong></span> 
     </span>
    </p>
   </div>
   <div class='ocr_carea' id='block_1_38' title="bbox 1094 2742 1324 2798">
    <p class='ocr_par' dir='ltr' id='par_1_38' title="bbox 1094 2742 1324 2798">
     <span class='ocr_line' id='line_1_38' title="bbox 1094 2742 1324 2798; baseline 0.009 -2"><span class='ocrx_word' id='word_1_278' title='bbox 1094 2742 1324 2798; x_wconf 85' lang='lat' dir='ltr'><strong>ALIUD.</strong></span> 
     </span>
    </p>
   </div>
   <div class='ocr_carea' id='block_1_39' title="bbox 499 2856 1991 2927">
    <p class='ocr_par' dir='ltr' id='par_1_39' title="bbox 499 2856 1991 2927">
     <span class='ocr_line' id='line_1_39' title="bbox 499 2856 1991 2927; baseline 0.001 -16"><span class='ocrx_word' id='word_1_279' title='bbox 499 2857 575 2922; x_wconf 90' lang='lat' dir='ltr'><strong>Si,</strong></span> <span class='ocrx_word' id='word_1_280' title='bbox 615 2856 1064 2927; x_wconf 86' lang='lat' dir='ltr'><strong>quemadmodum</strong></span> <span class='ocrx_word' id='word_1_281' title='bbox 1108 2867 1354 2910; x_wconf 88' lang='lat' dir='ltr'><strong>creatura</strong></span> <span class='ocrx_word' id='word_1_282' title='bbox 1420 2859 1634 2927; x_wconf 89' lang='lat' dir='ltr'><strong>proprie</strong></span> <span class='ocrx_word' id='word_1_283' title='bbox 1678 2858 1874 2913; x_wconf 85' lang='lat' dir='ltr'><strong>dicitur</strong></span> <span class='ocrx_word' id='word_1_284' title='bbox 1925 2860 1991 2913; x_wconf 90' lang='lat' dir='ltr'><strong>de</strong></span> 
     </span>
    </p>
   </div>
   <div class='ocr_carea' id='block_1_40' title="bbox 429 2951 1992 3022">
    <p class='ocr_par' dir='ltr' id='par_1_40' title="bbox 429 2951 1992 3022">
     <span class='ocr_line' id='line_1_40' title="bbox 429 2951 1992 3022; baseline 0.001 -18"><span class='ocrx_word' id='word_1_285' title='bbox 429 2953 600 3016; x_wconf 88' lang='lat' dir='ltr'><strong>nobis,</strong></span> <span class='ocrx_word' id='word_1_286' title='bbox 635 2954 706 3006; x_wconf 88' lang='lat' dir='ltr'><strong>ita</strong></span> <span class='ocrx_word' id='word_1_287' title='bbox 737 2952 901 3006; x_wconf 88' lang='lat' dir='ltr'><strong>etiam</strong></span> <span class='ocrx_word' id='word_1_288' title='bbox 925 2951 1192 3021; x_wconf 78' lang='lat' dir='ltr'><strong>genimen,</strong></span> <span class='ocrx_word' id='word_1_289' title='bbox 1221 2966 1282 3004; x_wconf 92' lang='lat' dir='ltr'><strong>ac</strong></span> <span class='ocrx_word' id='word_1_290' title='bbox 1312 2951 1535 3022; x_wconf 88' lang='lat' dir='ltr'><strong>perinde</strong></span> <span class='ocrx_word' id='word_1_291' title='bbox 1566 2954 1630 3005; x_wconf 89' lang='lat' dir='ltr'><strong>de</strong></span> <span class='ocrx_word' id='word_1_292' title='bbox 1661 2951 1791 3007; x_wconf 87' lang='lat' dir='ltr'><strong>Filio</strong></span> <span class='ocrx_word' id='word_1_293' title='bbox 1817 2971 1830 3007; x_wconf 92' lang='lat'><strong><em>:</em></strong></span> <span class='ocrx_word' id='word_1_294' title='bbox 1862 2954 1992 3007; x_wconf 87' lang='lat' dir='ltr'><strong>nihil</strong></span> 
     </span>
    </p>
   </div>
   <div class='ocr_carea' id='block_1_41' title="bbox 429 3042 1988 3112">
    <p class='ocr_par' dir='ltr' id='par_1_41' title="bbox 429 3042 1988 3112">
     <span class='ocr_line' id='line_1_41' title="bbox 429 3042 1988 3112; baseline 0.002 -17"><span class='ocrx_word' id='word_1_295' title='bbox 429 3045 659 3109; x_wconf 89' lang='lat' dir='ltr'><strong>amplius</strong></span> <span class='ocrx_word' id='word_1_296' title='bbox 689 3057 850 3110; x_wconf 92' lang='lat' dir='ltr'><strong>quam</strong></span> <span class='ocrx_word' id='word_1_297' title='bbox 872 3057 969 3098; x_wconf 92' lang='lat' dir='ltr'><strong>nos</strong></span> <span class='ocrx_word' id='word_1_298' title='bbox 996 3042 1229 3106; x_wconf 86' lang='lat' dir='ltr'><strong>habebit,</strong></span> <span class='ocrx_word' id='word_1_299' title='bbox 1259 3057 1381 3096; x_wconf 92' lang='lat' dir='ltr'><strong>cum</strong></span> <span class='ocrx_word' id='word_1_300' title='bbox 1412 3043 1482 3096; x_wconf 91' lang='lat' dir='ltr'><strong>sit</strong></span> <span class='ocrx_word' id='word_1_301' title='bbox 1501 3044 1716 3112; x_wconf 88' lang='lat' dir='ltr'><strong>proprie</strong></span> <span class='ocrx_word' id='word_1_302' title='bbox 1744 3053 1988 3099; x_wconf 84' lang='lat' dir='ltr'><strong>creatura</strong></span> 
     </span>
    </p>
   </div>
   <div class='ocr_carea' id='block_1_42' title="bbox 429 3133 786 3201">
    <p class='ocr_par' dir='ltr' id='par_1_42' title="bbox 429 3133 786 3201">
     <span class='ocr_line' id='line_1_42' title="bbox 429 3133 786 3201; baseline 0 -16"><span class='ocrx_word' id='word_1_303' title='bbox 429 3142 482 3186; x_wconf 89' lang='lat' dir='ltr'><strong>et</strong></span> <span class='ocrx_word' id='word_1_304' title='bbox 519 3133 786 3201; x_wconf 78' lang='lat' dir='ltr'><strong>genimeu.</strong></span> 
     </span>
    </p>
   </div>
   <div class='ocr_carea' id='block_1_43' title="bbox 1099 3241 1323 3297">
    <p class='ocr_par' dir='ltr' id='par_1_43' title="bbox 1099 3241 1323 3297">
     <span class='ocr_line' id='line_1_43' title="bbox 1099 3241 1323 3297; baseline 0.009 -2"><span class='ocrx_word' id='word_1_305' title='bbox 1099 3241 1323 3297; x_wconf 85' lang='lat' dir='ltr'><strong>ALIUD.</strong></span> 
     </span>
    </p>
   </div>
   <div class='ocr_carea' id='block_1_44' title="bbox 506 3357 1992 3427">
    <p class='ocr_par' dir='ltr' id='par_1_44' title="bbox 506 3357 1992 3427">
     <span class='ocr_line' id='line_1_44' title="bbox 506 3357 1992 3427; baseline 0.003 -15"><span class='ocrx_word' id='word_1_306' title='bbox 506 3358 561 3412; x_wconf 89' lang='lat' dir='ltr'><strong>Si</strong></span> <span class='ocrx_word' id='word_1_307' title='bbox 587 3358 834 3427; x_wconf 84' lang='lat' dir='ltr'><strong>genimen</strong></span> <span class='ocrx_word' id='word_1_308' title='bbox 865 3366 917 3412; x_wconf 86' lang='lat' dir='ltr'><strong>et</strong></span> <span class='ocrx_word' id='word_1_309' title='bbox 937 3364 1180 3412; x_wconf 89' lang='lat' dir='ltr'><strong>creatura</strong></span> <span class='ocrx_word' id='word_1_310' title='bbox 1211 3367 1338 3412; x_wconf 86' lang='lat' dir='ltr'><strong>sunt</strong></span> <span class='ocrx_word' id='word_1_311' title='bbox 1366 3357 1525 3424; x_wconf 90' lang='lat' dir='ltr'><strong>idem,</strong></span> <span class='ocrx_word' id='word_1_312' title='bbox 1560 3369 1640 3415; x_wconf 91' lang='lat' dir='ltr'><strong>est</strong></span> <span class='ocrx_word' id='word_1_313' title='bbox 1673 3374 1800 3417; x_wconf 86' lang='lat' dir='ltr'><strong>vero</strong></span> <span class='ocrx_word' id='word_1_314' title='bbox 1829 3363 1992 3416; x_wconf 87' lang='lat' dir='ltr'><strong>etiam</strong></span> 
     </span>
    </p>
   </div>
   <div class='ocr_carea' id='block_1_45' title="bbox 436 3449 1998 3519">
    <p class='ocr_par' dir='ltr' id='par_1_45' title="bbox 436 3449 1998 3519">
     <span class='ocr_line' id='line_1_45' title="bbox 436 3449 1998 3519; baseline 0.001 -14"><span class='ocrx_word' id='word_1_315' title='bbox 436 3450 668 3519; x_wconf 91' lang='lat' dir='ltr'><strong>Spiritus</strong></span> <span class='ocrx_word' id='word_1_316' title='bbox 713 3458 945 3514; x_wconf 88' lang='lat' dir='ltr'><strong>sanctus,</strong></span> <span class='ocrx_word' id='word_1_317' title='bbox 976 3457 1032 3500; x_wconf 91' lang='lat' dir='ltr'><strong>ut</strong></span> <span class='ocrx_word' id='word_1_318' title='bbox 1064 3449 1151 3503; x_wconf 88' lang='lat' dir='ltr'><strong>isti</strong></span> <span class='ocrx_word' id='word_1_319' title='bbox 1200 3450 1403 3514; x_wconf 85' lang='lat' dir='ltr'><strong>volunt,</strong></span> <span class='ocrx_word' id='word_1_320' title='bbox 1428 3459 1710 3505; x_wconf 86' lang='lat' dir='ltr'><strong>creatura:</strong></span> <span class='ocrx_word' id='word_1_321' title='bbox 1747 3461 1892 3506; x_wconf 87' lang='lat' dir='ltr'><strong>certe</strong></span> <span class='ocrx_word' id='word_1_322' title='bbox 1941 3461 1998 3506; x_wconf 89' lang='lat' dir='ltr'><strong>et</strong></span> 
     </span>
    </p>
   </div>
   <div class='ocr_carea' id='block_1_46' title="bbox 436 3541 1991 3613">
    <p class='ocr_par' dir='ltr' id='par_1_46' title="bbox 436 3541 1991 3613">
     <span class='ocr_line' id='line_1_46' title="bbox 436 3541 1991 3613; baseline 0.003 -20"><span class='ocrx_word' id='word_1_323' title='bbox 436 3544 704 3612; x_wconf 72' lang='lat' dir='ltr'><strong>gt-uimen.</strong></span> <span class='ocrx_word' id='word_1_324' title='bbox 728 3541 784 3596; x_wconf 91' lang='lat' dir='ltr'><strong>Si</strong></span> <span class='ocrx_word' id='word_1_325' title='bbox 811 3554 985 3597; x_wconf 91' lang='lat' dir='ltr'><strong>autem</strong></span> <span class='ocrx_word' id='word_1_326' title='bbox 1006 3552 1059 3598; x_wconf 89' lang='lat' dir='ltr'><strong>et</strong></span> <span class='ocrx_word' id='word_1_327' title='bbox 1086 3542 1320 3613; x_wconf 81' lang='lat' dir='ltr'><strong>Spiritus</strong></span> <span class='ocrx_word' id='word_1_328' title='bbox 1344 3556 1563 3600; x_wconf 88' lang='lat' dir='ltr'><strong>sanctus</strong></span> <span class='ocrx_word' id='word_1_329' title='bbox 1595 3555 1680 3600; x_wconf 87' lang='lat' dir='ltr'><strong>est</strong></span> <span class='ocrx_word' id='word_1_330' title='bbox 1721 3547 1991 3612; x_wconf 79' lang='lat' dir='ltr'><strong>genimen,</strong></span> 
     </span>
    </p>
   </div>
   <div class='ocr_carea' id='block_1_47' title="bbox 435 3634 1997 3706">
    <p class='ocr_par' dir='ltr' id='par_1_47' title="bbox 435 3634 1997 3706">
     <span class='ocr_line' id='line_1_47' title="bbox 435 3634 1997 3706; baseline 0 -18"><span class='ocrx_word' id='word_1_331' title='bbox 435 3647 487 3694; x_wconf 85' lang='lat' dir='ltr'><strong>et</strong></span> <span class='ocrx_word' id='word_1_332' title='bbox 518 3635 682 3688; x_wconf 84' lang='lat' dir='ltr'><strong>Filius</strong></span> <span class='ocrx_word' id='word_1_333' title='bbox 711 3634 804 3688; x_wconf 91' lang='lat' dir='ltr'><strong>Dei</strong></span> <span class='ocrx_word' id='word_1_334' title='bbox 853 3643 935 3688; x_wconf 86' lang='lat' dir='ltr'><strong>est</strong></span> <span class='ocrx_word' id='word_1_335' title='bbox 965 3637 1228 3705; x_wconf 74' lang='lat' dir='ltr'><strong>genimen,</strong></span> <span class='ocrx_word' id='word_1_336' title='bbox 1291 3642 1579 3704; x_wconf 88' lang='lat' dir='ltr'><strong>omniaque</strong></span> <span class='ocrx_word' id='word_1_337' title='bbox 1637 3646 1768 3691; x_wconf 92' lang='lat' dir='ltr'><strong>sunt</strong></span> <span class='ocrx_word' id='word_1_338' title='bbox 1845 3638 1997 3706; x_wconf 85' lang='lat' dir='ltr'><strong>geni-</strong></span> 
     </span>
    </p>
   </div>
   <div class='ocr_carea' id='block_1_48' title="bbox 438 3727 1998 3797">
    <p class='ocr_par' dir='ltr' id='par_1_48' title="bbox 438 3727 1998 3797">
     <span class='ocr_line' id='line_1_48' title="bbox 438 3727 1998 3797; baseline 0.003 -20"><span class='ocrx_word' id='word_1_339' title='bbox 438 3727 580 3778; x_wconf 87' lang='lat' dir='ltr'><strong>mina</strong></span> <span class='ocrx_word' id='word_1_340' title='bbox 609 3743 620 3776; x_wconf 89' lang='lat'>:</span> <span class='ocrx_word' id='word_1_341' title='bbox 669 3727 935 3794; x_wconf 89' lang='lat' dir='ltr'><strong>quomodo</strong></span> <span class='ocrx_word' id='word_1_342' title='bbox 968 3727 1278 3797; x_wconf 81' lang='lat' dir='ltr'><strong>unigenitus</strong></span> <span class='ocrx_word' id='word_1_343' title='bbox 1313 3729 1512 3783; x_wconf 88' lang='lat' dir='ltr'><strong>dicitur</strong></span> <span class='ocrx_word' id='word_1_344' title='bbox 1539 3729 1708 3783; x_wconf 84' lang='lat' dir='ltr'><strong>Filius</strong></span> <span class='ocrx_word' id='word_1_345' title='bbox 1730 3729 1781 3783; x_wconf 92' lang='lat' dir='ltr'><strong>iu</strong></span> <span class='ocrx_word' id='word_1_346' title='bbox 1818 3729 1998 3782; x_wconf 88' lang='lat' dir='ltr'><strong>multis</strong></span> 
     </span>
    </p>
   </div>
   <div class='ocr_carea' id='block_1_49' title="bbox 438 3819 809 3872">
    <p class='ocr_par' dir='ltr' id='par_1_49' title="bbox 438 3819 809 3872">
     <span class='ocr_line' id='line_1_49' title="bbox 438 3819 809 3872; baseline -0.005 0"><span class='ocrx_word' id='word_1_347' title='bbox 438 3819 696 3872; x_wconf 65' lang='lat' dir='ltr'><strong>fratribus</strong></span> <span class='ocrx_word' id='word_1_348' title='bbox 726 3819 809 3870; x_wconf 71' lang='lat'><strong>’7?</strong></span> 
     </span>
    </p>
   </div>
   <div class='ocr_carea' id='block_1_50' title="bbox 1101 3930 1332 3986">
    <p class='ocr_par' dir='ltr' id='par_1_50' title="bbox 1101 3930 1332 3986">
     <span class='ocr_line' id='line_1_50' title="bbox 1101 3930 1332 3986; baseline 0.013 -3"><span class='ocrx_word' id='word_1_349' title='bbox 1101 3930 1332 3986; x_wconf 80' lang='lat' dir='ltr'><strong>ALIUD.</strong></span> 
     </span>
    </p>
   </div>
   <div class='ocr_carea' id='block_1_51' title="bbox 509 4023 2001 4094">
    <p class='ocr_par' dir='ltr' id='par_1_51' title="bbox 509 4023 2001 4094">
     <span class='ocr_line' id='line_1_51' title="bbox 509 4023 2001 4094; baseline 0.001 -16"><span class='ocrx_word' id='word_1_350' title='bbox 509 4024 564 4078; x_wconf 91' lang='lat' dir='ltr'><strong>Si</strong></span> <span class='ocrx_word' id='word_1_351' title='bbox 599 4025 854 4094; x_wconf 82' lang='lat' dir='ltr'><strong>quidquid</strong></span> <span class='ocrx_word' id='word_1_352' title='bbox 903 4033 1152 4078; x_wconf 82' lang='lat' dir='ltr'><strong>creatura</strong></span> <span class='ocrx_word' id='word_1_353' title='bbox 1207 4024 1297 4077; x_wconf 91' lang='lat' dir='ltr'><strong>Dei</strong></span> <span class='ocrx_word' id='word_1_354' title='bbox 1346 4033 1450 4088; x_wconf 87' lang='lat' dir='ltr'><strong>est,</strong></span> <span class='ocrx_word' id='word_1_355' title='bbox 1490 4023 1737 4094; x_wconf 82' lang='lat' dir='ltr'><strong>genimen</strong></span> <span class='ocrx_word' id='word_1_356' title='bbox 1789 4038 2001 4094; x_wconf 90' lang='lat' dir='ltr'><strong>quoque</strong></span> 
     </span>
    </p>
   </div>
   <div class='ocr_carea' id='block_1_52' title="bbox 437 4114 2000 4184">
    <p class='ocr_par' dir='ltr' id='par_1_52' title="bbox 437 4114 2000 4184">
     <span class='ocr_line' id='line_1_52' title="bbox 437 4114 2000 4184; baseline -0.001 -15"><span class='ocrx_word' id='word_1_357' title='bbox 437 4126 563 4170; x_wconf 89' lang='lat' dir='ltr'><strong>est:</strong></span> <span class='ocrx_word' id='word_1_358' title='bbox 602 4115 731 4169; x_wconf 86' lang='lat' dir='ltr'><strong>nihil</strong></span> <span class='ocrx_word' id='word_1_359' title='bbox 760 4131 1080 4184; x_wconf 71' lang='lat' dir='ltr'><strong>eorumqute</strong></span> <span class='ocrx_word' id='word_1_360' title='bbox 1113 4114 1249 4168; x_wconf 83' lang='lat' dir='ltr'><strong>facta</strong></span> <span class='ocrx_word' id='word_1_361' title='bbox 1307 4125 1451 4180; x_wconf 88' lang='lat' dir='ltr'><strong>sunt,</strong></span> <span class='ocrx_word' id='word_1_362' title='bbox 1507 4118 1574 4169; x_wconf 84' lang='lat' dir='ltr'><strong>ab</strong></span> <span class='ocrx_word' id='word_1_363' title='bbox 1611 4115 1893 4182; x_wconf 83' lang='lat' dir='ltr'><strong>adoptione</strong></span> <span class='ocrx_word' id='word_1_364' title='bbox 1946 4117 2000 4168; x_wconf 89' lang='lat' dir='ltr'><strong>in</strong></span> 
     </span>
    </p>
   </div>
   <div class='ocr_carea' id='block_1_53' title="bbox 439 4206 1998 4273">
    <p class='ocr_par' dir='ltr' id='par_1_53' title="bbox 439 4206 1998 4273">
     <span class='ocr_line' id='line_1_53' title="bbox 439 4206 1998 4273; baseline 0 -13"><span class='ocrx_word' id='word_1_365' title='bbox 439 4206 576 4260; x_wconf 86' lang='lat' dir='ltr'><strong>ﬁlios</strong></span> <span class='ocrx_word' id='word_1_366' title='bbox 608 4217 691 4260; x_wconf 88' lang='lat' dir='ltr'><strong>est</strong></span> <span class='ocrx_word' id='word_1_367' title='bbox 733 4207 987 4260; x_wconf 88' lang='lat' dir='ltr'><strong>alienum.</strong></span> <span class='ocrx_word' id='word_1_368' title='bbox 1042 4206 1190 4272; x_wconf 86' lang='lat' dir='ltr'><strong>Quod</strong></span> <span class='ocrx_word' id='word_1_369' title='bbox 1218 4207 1260 4261; x_wconf 83' lang='lat' dir='ltr'><strong>si</strong></span> <span class='ocrx_word' id='word_1_370' title='bbox 1293 4221 1476 4260; x_wconf 88' lang='lat' dir='ltr'><strong>verum</strong></span> <span class='ocrx_word' id='word_1_371' title='bbox 1497 4215 1599 4273; x_wconf 86' lang='lat' dir='ltr'><strong>est,</strong></span> <span class='ocrx_word' id='word_1_372' title='bbox 1642 4207 1839 4260; x_wconf 80' lang='lat' dir='ltr'><strong>frustra</strong></span> <span class='ocrx_word' id='word_1_373' title='bbox 1899 4221 1998 4260; x_wconf 88' lang='lat' dir='ltr'><strong>no-</strong></span> 
     </span>
    </p>
   </div>
   <div class='ocr_carea' id='block_1_54' title="bbox 440 4298 2002 4366">
    <p class='ocr_par' dir='ltr' id='par_1_54' title="bbox 440 4298 2002 4366">
     <span class='ocr_line' id='line_1_54' title="bbox 440 4298 2002 4366; baseline 0.001 -16"><span class='ocrx_word' id='word_1_374' title='bbox 440 4299 522 4352; x_wconf 86' lang='lat' dir='ltr'><strong>bis</strong></span> <span class='ocrx_word' id='word_1_375' title='bbox 556 4299 896 4366; x_wconf 87' lang='lat' dir='ltr'><strong>adoptionem</strong></span> <span class='ocrx_word' id='word_1_376' title='bbox 929 4298 1210 4352; x_wconf 87' lang='lat' dir='ltr'><strong>annuntiat</strong></span> <span class='ocrx_word' id='word_1_377' title='bbox 1257 4298 1414 4362; x_wconf 82' lang='lat' dir='ltr'><strong>Deus,</strong></span> <span class='ocrx_word' id='word_1_378' title='bbox 1467 4313 1584 4351; x_wconf 87' lang='lat' dir='ltr'><strong>cum</strong></span> <span class='ocrx_word' id='word_1_379' title='bbox 1631 4309 1686 4352; x_wconf 90' lang='lat' dir='ltr'><strong>et</strong></span> <span class='ocrx_word' id='word_1_380' title='bbox 1713 4299 2002 4352; x_wconf 86' lang='lat' dir='ltr'><strong>inanimata</strong></span> 
     </span>
    </p>
   </div>
   <div class='ocr_carea' id='block_1_55' title="bbox 439 4390 2003 4460">
    <p class='ocr_par' dir='ltr' id='par_1_55' title="bbox 439 4390 2003 4460">
     <span class='ocr_line' id='line_1_55' title="bbox 439 4390 2003 4460; baseline -0.001 -17"><span class='ocrx_word' id='word_1_381' title='bbox 439 4390 762 4443; x_wconf 87' lang='lat' dir='ltr'><strong>naturaliter</strong></span> <span class='ocrx_word' id='word_1_382' title='bbox 838 4404 957 4443; x_wconf 91' lang='lat' dir='ltr'><strong>eam</strong></span> <span class='ocrx_word' id='word_1_383' title='bbox 1036 4390 1769 4460; x_wconf 88' lang='lat' dir='ltr'><strong>consequantur:siquidem</strong></span> <span class='ocrx_word' id='word_1_384' title='bbox 1850 4390 2003 4457; x_wconf 91' lang='lat' dir='ltr'><strong>quid-</strong></span> 
     </span>
    </p>
   </div>
   <div class='ocr_carea' id='block_1_56' title="bbox 439 4480 746 4548">
    <p class='ocr_par' dir='ltr' id='par_1_56' title="bbox 439 4480 746 4548">
     <span class='ocr_line' id='line_1_56' title="bbox 439 4480 746 4548; baseline 0.013 -20"><span class='ocrx_word' id='word_1_385' title='bbox 439 4480 570 4548; x_wconf 85' lang='lat' dir='ltr'><strong>quid</strong></span> <span class='ocrx_word' id='word_1_386' title='bbox 623 4489 705 4532; x_wconf 81' lang='lat' dir='ltr'><strong>est</strong></span> <span class='ocrx_word' id='word_1_387' title='bbox 731 4519 746 4544; x_wconf 94' lang='lat'><strong>,</strong></span> 
     </span>
    </p>
   </div>
   <div class='ocr_carea' id='block_1_57' title="bbox 431 4580 540 4626">
    <p class='ocr_par' dir='ltr' id='par_1_57' title="bbox 431 4580 540 4626">
     <span class='ocr_line' id='line_1_57' title="bbox 431 4580 540 4626; baseline -0.028 0"><span class='ocrx_word' id='word_1_388' title='bbox 431 4580 540 4626; x_wconf 75' lang='grc' dir='ltr'>εει.</span> 
     </span>
    </p>
   </div>
   <div class='ocr_carea' id='block_1_58' title="bbox 1106 4662 1335 4717">
    <p class='ocr_par' dir='ltr' id='par_1_58' title="bbox 1106 4662 1335 4717">
     <span class='ocr_line' id='line_1_58' title="bbox 1106 4662 1335 4717; baseline -0.004 -2"><span class='ocrx_word' id='word_1_389' title='bbox 1106 4662 1335 4717; x_wconf 82' lang='lat' dir='ltr'><strong>ALIUD.</strong></span> 
     </span>
    </p>
   </div>
   <div class='ocr_carea' id='block_1_59' title="bbox 511 4777 2005 4848">
    <p class='ocr_par' dir='ltr' id='par_1_59' title="bbox 511 4777 2005 4848">
     <span class='ocr_line' id='line_1_59' title="bbox 511 4777 2005 4848; baseline -0.001 -16"><span class='ocrx_word' id='word_1_390' title='bbox 511 4778 566 4832; x_wconf 92' lang='lat' dir='ltr'><strong>Si</strong></span> <span class='ocrx_word' id='word_1_391' title='bbox 602 4778 845 4848; x_wconf 77' lang='lat' dir='ltr'><strong>genimen</strong></span> <span class='ocrx_word' id='word_1_392' title='bbox 869 4789 923 4834; x_wconf 86' lang='lat' dir='ltr'><strong>et</strong></span> <span class='ocrx_word' id='word_1_393' title='bbox 955 4787 1206 4833; x_wconf 85' lang='lat' dir='ltr'><strong>creatura</strong></span> <span class='ocrx_word' id='word_1_394' title='bbox 1239 4777 1377 4832; x_wconf 91' lang='lat' dir='ltr'><strong>idem</strong></span> <span class='ocrx_word' id='word_1_395' title='bbox 1404 4785 1550 4840; x_wconf 89' lang='lat' dir='ltr'><strong>sunt,</strong></span> <span class='ocrx_word' id='word_1_396' title='bbox 1575 4777 1716 4847; x_wconf 88' lang='lat' dir='ltr'><strong>quod</strong></span> <span class='ocrx_word' id='word_1_397' title='bbox 1755 4791 1884 4833; x_wconf 80' lang='lat' dir='ltr'><strong>vero</strong></span> <span class='ocrx_word' id='word_1_398' title='bbox 1913 4793 2005 4847; x_wconf 77' lang='lat' dir='ltr'><strong>ge-</strong></span> 
     </span>
    </p>
   </div>
   <div class='ocr_carea' id='block_1_60' title="bbox 440 4869 2002 4938">
    <p class='ocr_par' dir='ltr' id='par_1_60' title="bbox 440 4869 2002 4938">
     <span class='ocr_line' id='line_1_60' title="bbox 440 4869 2002 4938; baseline -0.002 -12"><span class='ocrx_word' id='word_1_399' title='bbox 440 4873 612 4926; x_wconf 87' lang='lat' dir='ltr'><strong>nitum</strong></span> <span class='ocrx_word' id='word_1_400' title='bbox 659 4885 688 4922; x_wconf 89' lang='lat' dir='ltr'><strong>a</strong></span> <span class='ocrx_word' id='word_1_401' title='bbox 746 4871 854 4925; x_wconf 87' lang='lat' dir='ltr'><strong>Deo</strong></span> <span class='ocrx_word' id='word_1_402' title='bbox 907 4879 1010 4936; x_wconf 88' lang='lat' dir='ltr'><strong>est,</strong></span> <span class='ocrx_word' id='word_1_403' title='bbox 1066 4880 1312 4924; x_wconf 88' lang='lat' dir='ltr'><strong>creatura</strong></span> <span class='ocrx_word' id='word_1_404' title='bbox 1364 4869 1684 4924; x_wconf 87' lang='lat' dir='ltr'><strong>naturaliter</strong></span> <span class='ocrx_word' id='word_1_405' title='bbox 1707 4880 1791 4923; x_wconf 88' lang='lat' dir='ltr'><strong>est</strong></span> <span class='ocrx_word' id='word_1_406' title='bbox 1828 4887 1841 4923; x_wconf 89' lang='lat'>:</span> <span class='ocrx_word' id='word_1_407' title='bbox 1874 4885 2002 4938; x_wconf 81' lang='lat' dir='ltr'><strong>ergo</strong></span> 
     </span>
    </p>
   </div>
   <div class='ocr_carea' id='block_1_61' title="bbox 439 4961 2002 5031">
    <p class='ocr_par' dir='ltr' id='par_1_61' title="bbox 439 4961 2002 5031">
     <span class='ocr_line' id='line_1_61' title="bbox 439 4961 2002 5031; baseline -0.003 -13"><span class='ocrx_word' id='word_1_408' title='bbox 439 4973 688 5018; x_wconf 84' lang='lat' dir='ltr'><strong>creatura</strong></span> <span class='ocrx_word' id='word_1_409' title='bbox 718 4962 809 5016; x_wconf 88' lang='lat' dir='ltr'><strong>Dei</strong></span> <span class='ocrx_word' id='word_1_410' title='bbox 842 4971 898 5017; x_wconf 90' lang='lat' dir='ltr'><strong>et</strong></span> <span class='ocrx_word' id='word_1_411' title='bbox 918 4962 1162 5016; x_wconf 85' lang='lat' dir='ltr'><strong>naturale</strong></span> <span class='ocrx_word' id='word_1_412' title='bbox 1190 4963 1433 5031; x_wconf 82' lang='lat' dir='ltr'><strong>genimen</strong></span> <span class='ocrx_word' id='word_1_413' title='bbox 1469 4961 1559 5015; x_wconf 88' lang='lat' dir='ltr'><strong>Dei</strong></span> <span class='ocrx_word' id='word_1_414' title='bbox 1609 4961 1745 5015; x_wconf 86' lang='lat' dir='ltr'><strong>idem</strong></span> <span class='ocrx_word' id='word_1_415' title='bbox 1775 4970 1918 5015; x_wconf 87' lang='lat' dir='ltr'><strong>sunt.</strong></span> <span class='ocrx_word' id='word_1_416' title='bbox 1947 4961 2002 5014; x_wconf 91' lang='lat' dir='ltr'><strong>Si</strong></span> 
     </span>
    </p>
   </div>
   <div class='ocr_carea' id='block_1_62' title="bbox 440 5053 2004 5124">
    <p class='ocr_par' dir='ltr' id='par_1_62' title="bbox 440 5053 2004 5124">
     <span class='ocr_line' id='line_1_62' title="bbox 440 5053 2004 5124; baseline -0.001 -17"><span class='ocrx_word' id='word_1_417' title='bbox 440 5071 568 5112; x_wconf 85' lang='lat' dir='ltr'><strong>vero</strong></span> <span class='ocrx_word' id='word_1_418' title='bbox 592 5056 644 5110; x_wconf 93' lang='lat' dir='ltr'><strong>id</strong></span> <span class='ocrx_word' id='word_1_419' title='bbox 669 5056 808 5124; x_wconf 88' lang='lat' dir='ltr'><strong>quod</strong></span> <span class='ocrx_word' id='word_1_420' title='bbox 837 5064 1051 5120; x_wconf 89' lang='lat' dir='ltr'><strong>natura,</strong></span> <span class='ocrx_word' id='word_1_421' title='bbox 1081 5069 1183 5108; x_wconf 91' lang='lat' dir='ltr'><strong>non</strong></span> <span class='ocrx_word' id='word_1_422' title='bbox 1214 5063 1394 5107; x_wconf 89' lang='lat' dir='ltr'><strong>autem</strong></span> <span class='ocrx_word' id='word_1_423' title='bbox 1424 5053 1564 5122; x_wconf 89' lang='lat' dir='ltr'><strong>quod</strong></span> <span class='ocrx_word' id='word_1_424' title='bbox 1587 5053 1873 5122; x_wconf 88' lang='lat' dir='ltr'><strong>adoptione</strong></span> <span class='ocrx_word' id='word_1_425' title='bbox 1910 5069 2004 5122; x_wconf 83' lang='lat' dir='ltr'><strong>ge-</strong></span> 
     </span>
    </p>
   </div>
   <div class='ocr_carea' id='block_1_63' title="bbox 443 5145 2004 5212">
    <p class='ocr_par' dir='ltr' id='par_1_63' title="bbox 443 5145 2004 5212">
     <span class='ocr_line' id='line_1_63' title="bbox 443 5145 2004 5212; baseline -0.001 -12"><span class='ocrx_word' id='word_1_426' title='bbox 443 5150 630 5201; x_wconf 90' lang='lat' dir='ltr'><strong>nitum&#39;</strong></span> <span class='ocrx_word' id='word_1_427' title='bbox 659 5155 758 5211; x_wconf 86' lang='lat' dir='ltr'><strong>est,</strong></span> <span class='ocrx_word' id='word_1_428' title='bbox 818 5145 1272 5201; x_wconf 86' lang='lat' dir='ltr'><strong>consubstantiale</strong></span> <span class='ocrx_word' id='word_1_429' title='bbox 1344 5145 1451 5197; x_wconf 91' lang='lat' dir='ltr'><strong>Deo</strong></span> <span class='ocrx_word' id='word_1_430' title='bbox 1503 5153 1585 5198; x_wconf 89' lang='lat' dir='ltr'><strong>est</strong></span> <span class='ocrx_word' id='word_1_431' title='bbox 1617 5163 1632 5200; x_wconf 88' lang='lat'><strong>:</strong></span> <span class='ocrx_word' id='word_1_432' title='bbox 1667 5159 1826 5198; x_wconf 89' lang='lat' dir='ltr'><strong>omne</strong></span> <span class='ocrx_word' id='word_1_433' title='bbox 1864 5145 2004 5212; x_wconf 90' lang='lat' dir='ltr'><strong>quod</strong></span> 
     </span>
    </p>
   </div>
   <div class='ocr_carea' id='block_1_64' title="bbox 448 5235 2004 5310">
    <p class='ocr_par' dir='ltr' id='par_1_64' title="bbox 448 5235 2004 5310">
     <span class='ocr_line' id='line_1_64' title="bbox 448 5235 2004 5310; baseline -0.004 -16"><span class='ocrx_word' id='word_1_434' title='bbox 448 5241 605 5310; x_wconf 77' lang='lat'><strong>183</strong></span> <span class='ocrx_word' id='word_1_435' title='bbox 636 5239 834 5293; x_wconf 80' lang='lat' dir='ltr'><strong>factum</strong></span> <span class='ocrx_word' id='word_1_436' title='bbox 873 5251 976 5302; x_wconf 73' lang='grc' dir='ltr'>σει,</span> <span class='ocrx_word' id='word_1_437' title='bbox 1012 5247 1198 5291; x_wconf 89' lang='lat' dir='ltr'><strong>natura</strong></span> <span class='ocrx_word' id='word_1_438' title='bbox 1236 5235 1338 5290; x_wconf 86' lang='lat' dir='ltr'><strong>tale</strong></span> <span class='ocrx_word' id='word_1_439' title='bbox 1364 5236 1663 5290; x_wconf 86' lang='lat' dir='ltr'><strong>invenietur</strong></span> <span class='ocrx_word' id='word_1_440' title='bbox 1695 5249 1710 5288; x_wconf 90' lang='lat'><strong>:</strong></span> <span class='ocrx_word' id='word_1_441' title='bbox 1743 5236 2004 5304; x_wconf 88' lang='lat' dir='ltr'><strong>siquidem</strong></span> 
     </span>
    </p>
   </div>
   <div class='ocr_carea' id='block_1_65' title="bbox 444 5329 2010 5402">
    <p class='ocr_par' dir='ltr' id='par_1_65' title="bbox 444 5329 2010 5402">
     <span class='ocr_line' id='line_1_65' title="bbox 444 5329 2010 5402; baseline -0.002 -17"><span class='ocrx_word' id='word_1_442' title='bbox 444 5343 689 5386; x_wconf 88' lang='lat' dir='ltr'><strong>creatura</strong></span> <span class='ocrx_word' id='word_1_443' title='bbox 717 5332 965 5402; x_wconf 79' lang='lat' dir='ltr'><strong>genimen</strong></span> <span class='ocrx_word' id='word_1_444' title='bbox 987 5344 1201 5400; x_wconf 90' lang='lat' dir='ltr'><strong>quoque</strong></span> <span class='ocrx_word' id='word_1_445' title='bbox 1227 5338 1416 5384; x_wconf 88' lang='lat' dir='ltr'><strong>natura</strong></span> <span class='ocrx_word' id='word_1_446' title='bbox 1448 5337 1549 5396; x_wconf 86' lang='lat' dir='ltr'><strong>est,</strong></span> <span class='ocrx_word' id='word_1_447' title='bbox 1572 5338 1626 5383; x_wconf 88' lang='lat' dir='ltr'><strong>et</strong></span> <span class='ocrx_word' id='word_1_448' title='bbox 1655 5343 1758 5383; x_wconf 90' lang='lat' dir='ltr'><strong>non</strong></span> <span class='ocrx_word' id='word_1_449' title='bbox 1797 5329 2010 5397; x_wconf 87' lang='lat' dir='ltr'><strong>partici—</strong></span> 
     </span>
    </p>
   </div>
   <div class='ocr_carea' id='block_1_66' title="bbox 445 5425 676 5492">
    <p class='ocr_par' dir='ltr' id='par_1_66' title="bbox 445 5425 676 5492">
     <span class='ocr_line' id='line_1_66' title="bbox 445 5425 676 5492; baseline 0.004 -15"><span class='ocrx_word' id='word_1_450' title='bbox 445 5425 676 5492; x_wconf 85' lang='lat' dir='ltr'><strong>pationc.</strong></span> 
     </span>
    </p>
   </div>
   <div class='ocr_carea' id='block_1_67' title="bbox 1112 5508 1341 5564">
    <p class='ocr_par' dir='ltr' id='par_1_67' title="bbox 1112 5508 1341 5564">
     <span class='ocr_line' id='line_1_67' title="bbox 1112 5508 1341 5564; baseline -0.004 -1"><span class='ocrx_word' id='word_1_451' title='bbox 1112 5508 1341 5564; x_wconf 85' lang='lat' dir='ltr'><strong>ALIUD.</strong></span> 
     </span>
    </p>
   </div>
   <div class='ocr_carea' id='block_1_68' title="bbox 519 5620 2009 5691">
    <p class='ocr_par' dir='ltr' id='par_1_68' title="bbox 519 5620 2009 5691">
     <span class='ocr_line' id='line_1_68' title="bbox 519 5620 2009 5691; baseline 0 -15"><span class='ocrx_word' id='word_1_452' title='bbox 519 5623 574 5676; x_wconf 92' lang='lat' dir='ltr'><strong>Si</strong></span> <span class='ocrx_word' id='word_1_453' title='bbox 638 5633 881 5680; x_wconf 86' lang='lat' dir='ltr'><strong>creatura</strong></span> <span class='ocrx_word' id='word_1_454' title='bbox 926 5622 1087 5677; x_wconf 86' lang='lat' dir='ltr'><strong>etiam</strong></span> <span class='ocrx_word' id='word_1_455' title='bbox 1153 5623 1401 5691; x_wconf 78' lang='lat' dir='ltr'><strong>genimen</strong></span> <span class='ocrx_word' id='word_1_456' title='bbox 1461 5620 1675 5688; x_wconf 84' lang='lat' dir='ltr'><strong>proprie</strong></span> <span class='ocrx_word' id='word_1_457' title='bbox 1736 5628 2009 5686; x_wconf 83' lang='lat' dir='ltr'><strong>cst,certc</strong></span> 
     </span>
    </p>
   </div>
   <div class='ocr_carea' id='block_1_69' title="bbox 522 5779 1852 5848">
    <p class='ocr_par' dir='ltr' id='par_1_69' title="bbox 522 5779 1852 5848">
     <span class='ocr_line' id='line_1_69' title="bbox 522 5779 1852 5848; baseline -0.002 -12"><span class='ocrx_word' id='word_1_458' title='bbox 522 5783 566 5816; x_wconf 68' lang='grc'><strong>³⁸</strong></span> <span class='ocrx_word' id='word_1_459' title='bbox 595 5781 778 5836; x_wconf 77' lang='lat' dir='ltr'><strong>Matth.</strong></span> <span class='ocrx_word' id='word_1_460' title='bbox 815 5798 893 5847; x_wconf 89' lang='lat' dir='ltr'><strong>Ill,</strong></span> <span class='ocrx_word' id='word_1_461' title='bbox 929 5781 1027 5848; x_wconf 77' lang='lat' dir='ltr'><strong>l7;</strong></span> <span class='ocrx_word' id='word_1_462' title='bbox 1060 5797 1188 5843; x_wconf 74' lang='lat' dir='ltr'><strong>xvn,</strong></span> <span class='ocrx_word' id='word_1_463' title='bbox 1225 5781 1275 5834; x_wconf 84' lang='lat'><strong>5.</strong></span> <span class='ocrx_word' id='word_1_464' title='bbox 1355 5782 1394 5811; x_wconf 87' lang='grc'><strong>²⁷</strong></span> <span class='ocrx_word' id='word_1_465' title='bbox 1430 5779 1582 5835; x_wconf 69' lang='lat' dir='ltr'><strong>Ilum.</strong></span> <span class='ocrx_word' id='word_1_466' title='bbox 1617 5795 1732 5846; x_wconf 80' lang='lat' dir='ltr'><strong>vni,</strong></span> <span class='ocrx_word' id='word_1_467' title='bbox 1765 5779 1852 5834; x_wconf 67' lang='lat'><strong>9.9.</strong></span> 
     </span>
    </p>
   </div>
   <div class='ocr_carea' id='block_1_70' title="bbox 822 4479 2076 4550">
    <p class='ocr_par' dir='ltr' id='par_1_70' title="bbox 822 4479 2076 4550">
     <span class='ocr_line' id='line_1_70' title="bbox 822 4479 2076 4550; baseline 0.002 -18"><span class='ocrx_word' id='word_1_468' title='bbox 822 4479 1068 4548; x_wconf 75' lang='lat' dir='ltr'><strong>genimen</strong></span> <span class='ocrx_word' id='word_1_469' title='bbox 1139 4495 1350 4547; x_wconf 88' lang='lat' dir='ltr'><strong>quoque</strong></span> <span class='ocrx_word' id='word_1_470' title='bbox 1415 4480 1528 4534; x_wconf 86' lang='lat' dir='ltr'><strong>sive</strong></span> <span class='ocrx_word' id='word_1_471' title='bbox 1591 4480 1728 4535; x_wconf 88' lang='lat' dir='ltr'><strong>tilius</strong></span> <span class='ocrx_word' id='word_1_472' title='bbox 1788 4481 2076 4550; x_wconf 78' lang='lat' dir='ltr'><strong>propriep</strong></span> 
     </span>
    </p>
   </div>
   <div class='ocr_carea' id='block_1_71' title="bbox 2161 1922 3648 1996">
    <p class='ocr_par' dir='ltr' id='par_1_71' title="bbox 2161 1922 3648 1996">
     <span class='ocr_line' id='line_1_71' title="bbox 2161 1922 3648 1996; baseline -0.007 -14"><span class='ocrx_word' id='word_1_473' title='bbox 2161 1922 2372 1988; x_wconf 63' lang='grc' dir='ltr'>κτίζειν·</span> <span class='ocrx_word' id='word_1_474' title='bbox 2408 1928 2474 1979; x_wconf 80' lang='grc' dir='ltr'>τὸ</span> <span class='ocrx_word' id='word_1_475' title='bbox 2515 1927 2736 1996; x_wconf 72' lang='grc' dir='ltr'><strong>γεννᾷ-ν</strong></span> <span class='ocrx_word' id='word_1_476' title='bbox 2770 1922 3069 1996; x_wconf 15' lang='grc' dir='ltr'><strong>ἐπὶῨΘεοῦ</strong></span> <span class='ocrx_word' id='word_1_477' title='bbox 3104 1923 3198 1976; x_wconf 79' lang='grc' dir='ltr'>καὶ</span> <span class='ocrx_word' id='word_1_478' title='bbox 3233 1923 3389 1996; x_wconf 54' lang='grc' dir='ltr'><strong>ἄλλα</strong></span> <span class='ocrx_word' id='word_1_479' title='bbox 3420 1922 3516 1973; x_wconf 79' lang='grc' dir='ltr'><strong>διὰ</strong></span> <span class='ocrx_word' id='word_1_480' title='bbox 3552 1922 3648 1996; x_wconf 71' lang='grc' dir='ltr'><strong>τῆς</strong></span> 
     </span>
    </p>
   </div>
   <div class='ocr_carea' id='block_1_72' title="bbox 2156 1990 3652 2065">
    <p class='ocr_par' dir='ltr' id='par_1_72' title="bbox 2156 1990 3652 2065">
     <span class='ocr_line' id='line_1_72' title="bbox 2156 1990 3652 2065; baseline -0.006 -13"><span class='ocrx_word' id='word_1_481' title='bbox 2156 2003 2243 2064; x_wconf 84' lang='grc' dir='ltr'><strong>εἰς</strong></span> <span class='ocrx_word' id='word_1_482' title='bbox 2319 1990 2545 2050; x_wconf 71' lang='grc' dir='ltr'>ἄτοποῶ</span> <span class='ocrx_word' id='word_1_483' title='bbox 2620 1990 2937 2065; x_wconf 61' lang='grc' dir='ltr'>ἀπαγωγῆς</span> <span class='ocrx_word' id='word_1_484' title='bbox 3004 1997 3222 2063; x_wconf 72' lang='grc' dir='ltr'>ἔχοντα</span> <span class='ocrx_word' id='word_1_485' title='bbox 3295 1994 3362 2046; x_wconf 81' lang='grc' dir='ltr'>τὸ</span> <span class='ocrx_word' id='word_1_486' title='bbox 3431 1990 3652 2061; x_wconf 75' lang='grc' dir='ltr'>συμπέο</span> 
     </span>
    </p>
   </div>
   <div class='ocr_carea' id='block_1_73' title="bbox 2149 2084 2372 2138">
    <p class='ocr_par' dir='ltr' id='par_1_73' title="bbox 2149 2084 2372 2138">
     <span class='ocr_line' id='line_1_73' title="bbox 2149 2084 2372 2138; baseline -0.013 -16"><span class='ocrx_word' id='word_1_487' title='bbox 2149 2084 2372 2138; x_wconf 57' lang='lat' dir='ltr'><strong>parum.</strong></span> 
     </span>
    </p>
   </div>
   <div class='ocr_carea' id='block_1_74' title="bbox 2541 2156 3217 2230">
    <p class='ocr_par' dir='ltr' id='par_1_74' title="bbox 2541 2156 3217 2230">
     <span class='ocr_line' id='line_1_74' title="bbox 2541 2156 3217 2230; baseline -0.01 -12"><span class='ocrx_word' id='word_1_488' title='bbox 2541 2162 2851 2230; x_wconf 75' lang='grc' dir='ltr'><strong>Ἀπολογία</strong></span> <span class='ocrx_word' id='word_1_489' title='bbox 2886 2156 3217 2222; x_wconf 75' lang='grc' dir='ltr'>αὐτολεξεί.</span> 
     </span>
    </p>
   </div>
   <div class='ocr_carea' id='block_1_75' title="bbox 2160 2265 3650 2353">
    <p class='ocr_par' dir='ltr' id='par_1_75' title="bbox 2160 2265 3650 2353">
     <span class='ocr_line' id='line_1_75' title="bbox 2160 2265 3650 2353; baseline -0.015 -15"><span class='ocrx_word' id='word_1_490' title='bbox 2160 2287 2219 2337; x_wconf 82' lang='grc' dir='ltr'><strong>Εἰ</strong></span> <span class='ocrx_word' id='word_1_491' title='bbox 2248 2285 2308 2337; x_wconf 83' lang='grc' dir='ltr'><strong>τὸ</strong></span> <span class='ocrx_word' id='word_1_492' title='bbox 2345 2285 2589 2353; x_wconf 82' lang='grc' dir='ltr'>γέννημα</span> <span class='ocrx_word' id='word_1_493' title='bbox 2611 2281 2687 2350; x_wconf 82' lang='grc' dir='ltr'>τῷ</span> <span class='ocrx_word' id='word_1_494' title='bbox 2714 2279 2967 2348; x_wconf 84' lang='grc' dir='ltr'>κτίσματι</span> <span class='ocrx_word' id='word_1_495' title='bbox 3015 2273 3207 2328; x_wconf 80' lang='grc' dir='ltr'>ταυτὸν</span> <span class='ocrx_word' id='word_1_496' title='bbox 3235 2268 3302 2342; x_wconf 78' lang='grc' dir='ltr'>ἧν</span> <span class='ocrx_word' id='word_1_497' title='bbox 3341 2267 3494 2337; x_wconf 69' lang='grc' dir='ltr'>παρὰ</span> <span class='ocrx_word' id='word_1_498' title='bbox 3516 2265 3650 2334; x_wconf 80' lang='grc' dir='ltr'>Θεῷ,</span> 
     </span>
    </p>
   </div>
   <div class='ocr_carea' id='block_1_76' title="bbox 2089 2353 3651 2440">
    <p class='ocr_par' dir='ltr' id='par_1_76' title="bbox 2089 2353 3651 2440">
     <span class='ocr_line' id='line_1_76' title="bbox 2089 2353 3651 2440; baseline -0.014 -9"><span class='ocrx_word' id='word_1_499' title='bbox 2089 2378 2187 2431; x_wconf 83' lang='grc' dir='ltr'><strong>οὐκ</strong></span> <span class='ocrx_word' id='word_1_500' title='bbox 2219 2377 2284 2429; x_wconf 85' lang='grc' dir='ltr'><strong>ἂν</strong></span> <span class='ocrx_word' id='word_1_501' title='bbox 2306 2376 2398 2428; x_wconf 72' lang='grc' dir='ltr'><strong>ἐπὶ</strong></span> <span class='ocrx_word' id='word_1_502' title='bbox 2420 2374 2509 2427; x_wconf 79' lang='grc' dir='ltr'><strong>τὸν</strong></span> <span class='ocrx_word' id='word_1_503' title='bbox 2530 2371 2808 2440; x_wconf 80' lang='grc' dir='ltr'>Μονογενῆ</span> <span class='ocrx_word' id='word_1_504' title='bbox 2831 2371 3053 2440; x_wconf 77' lang='grc' dir='ltr'>ἐφέρετο</span> <span class='ocrx_word' id='word_1_505' title='bbox 3075 2367 3246 2434; x_wconf 75' lang='grc' dir='ltr'>φωνή·</span> <span class='ocrx_word' id='word_1_506' title='bbox 3281 2383 3298 2413; x_wconf 80' lang='grc' dir='ltr'><strong>ι</strong></span> <span class='ocrx_word' id='word_1_507' title='bbox 3325 2353 3493 2423; x_wconf 71' lang='grc' dir='ltr'>Οὗτός</span> <span class='ocrx_word' id='word_1_508' title='bbox 3514 2361 3651 2412; x_wconf 86' lang='grc' dir='ltr'>ἐστιν</span> 
     </span>
    </p>
   </div>
   <div class='ocr_carea' id='block_1_77' title="bbox 2089 2452 3651 2534">
    <p class='ocr_par' dir='ltr' id='par_1_77' title="bbox 2089 2452 3651 2534">
     <span class='ocr_line' id='line_1_77' title="bbox 2089 2452 3651 2534; baseline -0.013 -13"><span class='ocrx_word' id='word_1_509' title='bbox 2089 2471 2117 2522; x_wconf 93' lang='lat'><strong>6</strong></span> <span class='ocrx_word' id='word_1_510' title='bbox 2145 2468 2269 2530; x_wconf 81' lang='grc' dir='ltr'>Υἱός</span> <span class='ocrx_word' id='word_1_511' title='bbox 2309 2484 2406 2534; x_wconf 91' lang='grc' dir='ltr'><strong>μου</strong></span> <span class='ocrx_word' id='word_1_512' title='bbox 2445 2467 2472 2518; x_wconf 91' lang='grc' dir='ltr'>ὁ</span> <span class='ocrx_word' id='word_1_513' title='bbox 2523 2463 2822 2534; x_wconf 85' lang='grc' dir='ltr'>ἀγαπητός·</span> <span class='ocrx_word' id='word_1_514' title='bbox 2863 2480 2880 2512; x_wconf 84' lang='grc'>›</span> <span class='ocrx_word' id='word_1_515' title='bbox 2926 2461 3022 2513; x_wconf 77' lang='grc' dir='ltr'><strong>ἂτε</strong></span> <span class='ocrx_word' id='word_1_516' title='bbox 3074 2458 3138 2526; x_wconf 83' lang='grc' dir='ltr'><strong>δὴ</strong></span> <span class='ocrx_word' id='word_1_517' title='bbox 3186 2455 3407 2510; x_wconf 76' lang='grc' dir='ltr'>καὶτῶν</span> <span class='ocrx_word' id='word_1_518' title='bbox 3439 2452 3651 2519; x_wconf 67' lang='grc' dir='ltr'>ἀψύχων</span> 
     </span>
    </p>
   </div>
   <div class='ocr_carea' id='block_1_78' title="bbox 2091 2544 3655 2627">
    <p class='ocr_par' dir='ltr' id='par_1_78' title="bbox 2091 2544 3655 2627">
     <span class='ocr_line' id='line_1_78' title="bbox 2091 2544 3655 2627; baseline -0.014 -14"><span class='ocrx_word' id='word_1_519' title='bbox 2091 2559 2229 2613; x_wconf 86' lang='grc' dir='ltr'>κατὰ</span> <span class='ocrx_word' id='word_1_520' title='bbox 2259 2558 2419 2627; x_wconf 77' lang='grc' dir='ltr'>φύσιν</span> <span class='ocrx_word' id='word_1_521' title='bbox 2447 2555 2576 2608; x_wconf 84' lang='grc' dir='ltr'>υίῶν</span> <span class='ocrx_word' id='word_1_522' title='bbox 2605 2554 2772 2606; x_wconf 80' lang='grc' dir='ltr'>ὄντων</span> <span class='ocrx_word' id='word_1_523' title='bbox 2805 2549 2962 2616; x_wconf 88' lang='grc' dir='ltr'>Θεοῦ,</span> <span class='ocrx_word' id='word_1_524' title='bbox 2995 2550 3152 2618; x_wconf 77' lang='grc' dir='ltr'>εἴπερ</span> <span class='ocrx_word' id='word_1_525' title='bbox 3191 2547 3253 2599; x_wconf 82' lang='grc' dir='ltr'><strong>τὸ</strong></span> <span class='ocrx_word' id='word_1_526' title='bbox 3300 2544 3506 2598; x_wconf 72' lang='grc' dir='ltr'>κτίσμα</span> <span class='ocrx_word' id='word_1_527' title='bbox 3532 2558 3655 2594; x_wconf 77' lang='grc' dir='ltr'>ταυο</span> 
     </span>
    </p>
   </div>
   <div class='ocr_carea' id='block_1_79' title="bbox 2091 2644 2904 2718">
    <p class='ocr_par' dir='ltr' id='par_1_79' title="bbox 2091 2644 2904 2718">
     <span class='ocr_line' id='line_1_79' title="bbox 2091 2644 2904 2718; baseline -0.009 -15"><span class='ocrx_word' id='word_1_528' title='bbox 2091 2650 2178 2704; x_wconf 76' lang='grc' dir='ltr'><strong>τὸν</strong></span> <span class='ocrx_word' id='word_1_529' title='bbox 2205 2648 2280 2718; x_wconf 85' lang='grc' dir='ltr'><strong>τῷ</strong></span> <span class='ocrx_word' id='word_1_530' title='bbox 2303 2651 2597 2718; x_wconf 84' lang='grc' dir='ltr'>γεννήματι</span> <span class='ocrx_word' id='word_1_531' title='bbox 2630 2644 2904 2712; x_wconf 81' lang='grc' dir='ltr'>τυγχάνει.</span> 
     </span>
    </p>
   </div>
   <div class='ocr_carea' id='block_1_80' title="bbox 2774 2757 2978 2809">
    <p class='ocr_par' dir='ltr' id='par_1_80' title="bbox 2774 2757 2978 2809">
     <span class='ocr_line' id='line_1_80' title="bbox 2774 2757 2978 2809; baseline 0 -1"><span class='ocrx_word' id='word_1_532' title='bbox 2774 2757 2978 2809; x_wconf 83' lang='lat' dir='ltr'><strong>AAAO.</strong></span> 
     </span>
    </p>
   </div>
   <div class='ocr_carea' id='block_1_81' title="bbox 2164 2860 3653 2942">
    <p class='ocr_par' dir='ltr' id='par_1_81' title="bbox 2164 2860 3653 2942">
     <span class='ocr_line' id='line_1_81' title="bbox 2164 2860 3653 2942; baseline -0.01 -16"><span class='ocrx_word' id='word_1_533' title='bbox 2164 2873 2438 2942; x_wconf 84' lang='grc' dir='ltr'>Είῶσπερ</span> <span class='ocrx_word' id='word_1_534' title='bbox 2462 2872 2522 2924; x_wconf 72' lang='grc' dir='ltr'>τὸ</span> <span class='ocrx_word' id='word_1_535' title='bbox 2575 2871 2777 2941; x_wconf 80' lang='grc' dir='ltr'>κτίσμα</span> <span class='ocrx_word' id='word_1_536' title='bbox 2823 2869 3025 2940; x_wconf 83' lang='grc' dir='ltr'>κυρίως</span> <span class='ocrx_word' id='word_1_537' title='bbox 3079 2865 3293 2934; x_wconf 85' lang='grc' dir='ltr'>λέγεται</span> <span class='ocrx_word' id='word_1_538' title='bbox 3349 2863 3436 2932; x_wconf 77' lang='grc' dir='ltr'><strong>ἐφ’</strong></span> <span class='ocrx_word' id='word_1_539' title='bbox 3473 2860 3653 2930; x_wconf 84' lang='grc' dir='ltr'>ἡμῶν,</span> 
     </span>
    </p>
   </div>
   <div class='ocr_carea' id='block_1_82' title="bbox 2094 2952 3652 3036">
    <p class='ocr_par' dir='ltr' id='par_1_82' title="bbox 2094 2952 3652 3036">
     <span class='ocr_line' id='line_1_82' title="bbox 2094 2952 3652 3036; baseline -0.01 -16"><span class='ocrx_word' id='word_1_540' title='bbox 2094 2968 2264 3031; x_wconf 83' lang='grc' dir='ltr'>οῦτως</span> <span class='ocrx_word' id='word_1_541' title='bbox 2287 2969 2378 3020; x_wconf 70' lang='grc' dir='ltr'><strong>καί¹</strong></span> <span class='ocrx_word' id='word_1_542' title='bbox 2398 2966 2458 3018; x_wconf 85' lang='grc' dir='ltr'>τὸ</span> <span class='ocrx_word' id='word_1_543' title='bbox 2487 2965 2753 3036; x_wconf 83' lang='grc' dir='ltr'>γέννημα,</span> <span class='ocrx_word' id='word_1_544' title='bbox 2779 2961 3038 3023; x_wconf 84' lang='grc' dir='ltr'>ὡσαύτως</span> <span class='ocrx_word' id='word_1_545' title='bbox 3067 2960 3123 3013; x_wconf 83' lang='grc' dir='ltr'><strong>δὲ</strong></span> <span class='ocrx_word' id='word_1_546' title='bbox 3154 2960 3246 3012; x_wconf 84' lang='grc' dir='ltr'><strong>καὶ</strong></span> <span class='ocrx_word' id='word_1_547' title='bbox 3276 2959 3366 3010; x_wconf 72' lang='grc' dir='ltr'><strong>ἐπὶ</strong></span> <span class='ocrx_word' id='word_1_548' title='bbox 3389 2956 3486 3009; x_wconf 82' lang='grc' dir='ltr'><strong>τοῦ</strong></span> <span class='ocrx_word' id='word_1_549' title='bbox 3515 2952 3652 3013; x_wconf 84' lang='grc' dir='ltr'>Υίοῦ,</span> 
     </span>
    </p>
   </div>
   <div class='ocr_carea' id='block_1_83' title="bbox 2094 3041 3656 3126">
    <p class='ocr_par' dir='ltr' id='par_1_83' title="bbox 2094 3041 3656 3126">
     <span class='ocr_line' id='line_1_83' title="bbox 2094 3041 3656 3126; baseline -0.013 -15"><span class='ocrx_word' id='word_1_550' title='bbox 2094 3059 2243 3111; x_wconf 81' lang='grc' dir='ltr'>οὐδὲν</span> <span class='ocrx_word' id='word_1_551' title='bbox 2270 3056 2426 3126; x_wconf 87' lang='grc' dir='ltr'>ήμῶν</span> <span class='ocrx_word' id='word_1_552' title='bbox 2475 3055 2586 3118; x_wconf 74' lang='grc' dir='ltr'>ἕξει</span> <span class='ocrx_word' id='word_1_553' title='bbox 2631 3053 2794 3106; x_wconf 86' lang='grc' dir='ltr'>πλέον</span> <span class='ocrx_word' id='word_1_554' title='bbox 2852 3053 2932 3115; x_wconf 85' lang='grc' dir='ltr'><strong>εἰς</strong></span> <span class='ocrx_word' id='word_1_555' title='bbox 2987 3049 3261 3119; x_wconf 83' lang='grc' dir='ltr'>ὑπεροχὴν</span> <span class='ocrx_word' id='word_1_556' title='bbox 3333 3045 3538 3114; x_wconf 84' lang='grc' dir='ltr'>κτίσμα</span> <span class='ocrx_word' id='word_1_557' title='bbox 3570 3041 3656 3094; x_wconf 76' lang='grc' dir='ltr'><strong>καὶ</strong></span> 
     </span>
    </p>
   </div>
   <div class='ocr_carea' id='block_1_84' title="bbox 2019 3145 2723 3221">
    <p class='ocr_par' dir='ltr' id='par_1_84' title="bbox 2019 3145 2723 3221">
     <span class='ocr_line' id='line_1_84' title="bbox 2019 3145 2723 3221; baseline 0 -19"><span class='ocrx_word' id='word_1_558' title='bbox 2019 3153 2063 3213; x_wconf 84' lang='lat' dir='ltr'><strong>C</strong></span> <span class='ocrx_word' id='word_1_559' title='bbox 2094 3151 2336 3221; x_wconf 83' lang='grc' dir='ltr'>γέννημα</span> <span class='ocrx_word' id='word_1_560' title='bbox 2380 3149 2584 3220; x_wconf 86' lang='grc' dir='ltr'>κυρίως</span> <span class='ocrx_word' id='word_1_561' title='bbox 2629 3145 2723 3202; x_wconf 88' lang='grc' dir='ltr'><strong>ῶν.</strong></span> 
     </span>
    </p>
   </div>
   <div class='ocr_carea' id='block_1_85' title="bbox 2763 3261 2968 3314">
    <p class='ocr_par' dir='ltr' id='par_1_85' title="bbox 2763 3261 2968 3314">
     <span class='ocr_line' id='line_1_85' title="bbox 2763 3261 2968 3314; baseline -0.005 0"><span class='ocrx_word' id='word_1_562' title='bbox 2763 3261 2968 3314; x_wconf 82' lang='grc' dir='ltr'>ΔΛΛΟ.</span> 
     </span>
    </p>
   </div>
   <div class='ocr_carea' id='block_1_86' title="bbox 2165 3366 3656 3448">
    <p class='ocr_par' dir='ltr' id='par_1_86' title="bbox 2165 3366 3656 3448">
     <span class='ocr_line' id='line_1_86' title="bbox 2165 3366 3656 3448; baseline -0.011 -15"><span class='ocrx_word' id='word_1_563' title='bbox 2165 3379 2314 3432; x_wconf 82' lang='grc' dir='ltr'>Είτδ</span> <span class='ocrx_word' id='word_1_564' title='bbox 2339 3378 2584 3448; x_wconf 77' lang='grc' dir='ltr'>γέννημα</span> <span class='ocrx_word' id='word_1_565' title='bbox 2617 3375 2712 3430; x_wconf 61' lang='grc' dir='ltr'><strong>καί⁴</strong></span> <span class='ocrx_word' id='word_1_566' title='bbox 2759 3375 2818 3427; x_wconf 85' lang='grc' dir='ltr'><strong>τὸ</strong></span> <span class='ocrx_word' id='word_1_567' title='bbox 2871 3373 3074 3442; x_wconf 84' lang='grc' dir='ltr'>κτίσμα</span> <span class='ocrx_word' id='word_1_568' title='bbox 3118 3369 3314 3423; x_wconf 79' lang='grc' dir='ltr'>ταυτὸν</span> <span class='ocrx_word' id='word_1_569' title='bbox 3376 3366 3656 3436; x_wconf 82' lang='grc' dir='ltr'>τυγχάνει,</span> 
     </span>
    </p>
   </div>
   <div class='ocr_carea' id='block_1_87' title="bbox 2097 3458 3655 3540">
    <p class='ocr_par' dir='ltr' id='par_1_87' title="bbox 2097 3458 3655 3540">
     <span class='ocr_line' id='line_1_87' title="bbox 2097 3458 3655 3540; baseline -0.01 -16"><span class='ocrx_word' id='word_1_570' title='bbox 2097 3471 2211 3525; x_wconf 80' lang='grc' dir='ltr'>ἔστι</span> <span class='ocrx_word' id='word_1_571' title='bbox 2231 3471 2286 3524; x_wconf 82' lang='grc' dir='ltr'><strong>δὲ</strong></span> <span class='ocrx_word' id='word_1_572' title='bbox 2324 3470 2523 3540; x_wconf 83' lang='grc' dir='ltr'>κτίσμα</span> <span class='ocrx_word' id='word_1_573' title='bbox 2546 3469 2641 3523; x_wconf 76' lang='grc' dir='ltr'><strong>καὶ</strong></span> <span class='ocrx_word' id='word_1_574' title='bbox 2678 3466 2737 3520; x_wconf 84' lang='grc' dir='ltr'><strong>τὸ</strong></span> <span class='ocrx_word' id='word_1_575' title='bbox 2770 3465 2992 3535; x_wconf 80' lang='grc' dir='ltr'>Πνεῦμα</span> <span class='ocrx_word' id='word_1_576' title='bbox 3018 3463 3078 3516; x_wconf 81' lang='grc' dir='ltr'><strong>τὸ</strong></span> <span class='ocrx_word' id='word_1_577' title='bbox 3101 3463 3275 3530; x_wconf 80' lang='grc' dir='ltr'>ἆγιον,</span> <span class='ocrx_word' id='word_1_578' title='bbox 3307 3459 3427 3514; x_wconf 79' lang='grc' dir='ltr'>κατ’</span> <span class='ocrx_word' id='word_1_579' title='bbox 3449 3458 3655 3519; x_wconf 71' lang='grc' dir='ltr'>αὐτοὺς,</span> 
     </span>
    </p>
   </div>
   <div class='ocr_carea' id='block_1_88' title="bbox 2096 3548 3657 3634">
    <p class='ocr_par' dir='ltr' id='par_1_88' title="bbox 2096 3548 3657 3634">
     <span class='ocr_line' id='line_1_88' title="bbox 2096 3548 3657 3634; baseline -0.012 -17"><span class='ocrx_word' id='word_1_580' title='bbox 2096 3565 2254 3634; x_wconf 84' lang='grc' dir='ltr'>δῆλον</span> <span class='ocrx_word' id='word_1_581' title='bbox 2283 3565 2363 3616; x_wconf 83' lang='grc' dir='ltr'><strong>ὅτι</strong></span> <span class='ocrx_word' id='word_1_582' title='bbox 2393 3563 2485 3615; x_wconf 75' lang='grc' dir='ltr'>καὶ</span> <span class='ocrx_word' id='word_1_583' title='bbox 2511 3561 2777 3629; x_wconf 90' lang='grc' dir='ltr'>γέννημα.</span> <span class='ocrx_word' id='word_1_584' title='bbox 2826 3558 2887 3610; x_wconf 86' lang='grc' dir='ltr'>Εἰ</span> <span class='ocrx_word' id='word_1_585' title='bbox 2925 3555 2983 3608; x_wconf 80' lang='grc' dir='ltr'><strong>δὲ</strong></span> <span class='ocrx_word' id='word_1_586' title='bbox 3030 3555 3122 3607; x_wconf 75' lang='grc' dir='ltr'><strong>καὶ</strong></span> <span class='ocrx_word' id='word_1_587' title='bbox 3158 3553 3218 3605; x_wconf 84' lang='grc' dir='ltr'><strong>τὸ</strong></span> <span class='ocrx_word' id='word_1_588' title='bbox 3275 3551 3502 3619; x_wconf 78' lang='grc' dir='ltr'>Πνεῦμα</span> <span class='ocrx_word' id='word_1_589' title='bbox 3543 3548 3657 3614; x_wconf 87' lang='grc' dir='ltr'>γέν-</span> 
     </span>
    </p>
   </div>
   <div class='ocr_carea' id='block_1_89' title="bbox 2098 3641 3660 3724">
    <p class='ocr_par' dir='ltr' id='par_1_89' title="bbox 2098 3641 3660 3724">
     <span class='ocr_line' id='line_1_89' title="bbox 2098 3641 3660 3724; baseline -0.013 -16"><span class='ocrx_word' id='word_1_590' title='bbox 2098 3673 2267 3724; x_wconf 88' lang='grc' dir='ltr'>νημα,</span> <span class='ocrx_word' id='word_1_591' title='bbox 2291 3654 2383 3706; x_wconf 76' lang='grc' dir='ltr'>καὶ</span> <span class='ocrx_word' id='word_1_592' title='bbox 2405 3655 2432 3705; x_wconf 91' lang='lat'><strong>6</strong></span> <span class='ocrx_word' id='word_1_593' title='bbox 2469 3652 2594 3714; x_wconf 79' lang='grc' dir='ltr'><strong>Υἱὸς</strong></span> <span class='ocrx_word' id='word_1_594' title='bbox 2622 3649 2714 3703; x_wconf 90' lang='grc' dir='ltr'><strong>τοῦ</strong></span> <span class='ocrx_word' id='word_1_595' title='bbox 2745 3647 2878 3701; x_wconf 87' lang='grc' dir='ltr'>Θεοῦ</span> <span class='ocrx_word' id='word_1_596' title='bbox 2903 3647 3168 3715; x_wconf 86' lang='grc' dir='ltr'>γέννημα,</span> <span class='ocrx_word' id='word_1_597' title='bbox 3229 3642 3324 3696; x_wconf 74' lang='grc' dir='ltr'><strong>καὶ</strong></span> <span class='ocrx_word' id='word_1_598' title='bbox 3366 3641 3434 3694; x_wconf 73' lang='grc' dir='ltr'>τὰ</span> <span class='ocrx_word' id='word_1_599' title='bbox 3495 3641 3660 3692; x_wconf 83' lang='grc' dir='ltr'>πάντα</span> 
     </span>
    </p>
   </div>
   <div class='ocr_carea' id='block_1_90' title="bbox 2099 3730 3662 3818">
    <p class='ocr_par' dir='ltr' id='par_1_90' title="bbox 2099 3730 3662 3818">
     <span class='ocr_line' id='line_1_90' title="bbox 2099 3730 3662 3818; baseline -0.013 -17"><span class='ocrx_word' id='word_1_600' title='bbox 2099 3749 2409 3818; x_wconf 85' lang='grc' dir='ltr'>γεννήματα</span> <span class='ocrx_word' id='word_1_601' title='bbox 2433 3785 2446 3809; x_wconf 98' lang='grc'><strong>,</strong></span> <span class='ocrx_word' id='word_1_602' title='bbox 2499 3745 2611 3806; x_wconf 81' lang='grc' dir='ltr'>πῶς</span> <span class='ocrx_word' id='word_1_603' title='bbox 2665 3739 2955 3812; x_wconf 86' lang='grc' dir='ltr'>μονογενὴς</span> <span class='ocrx_word' id='word_1_604' title='bbox 2989 3741 3016 3791; x_wconf 97' lang='lat'><strong>6</strong></span> <span class='ocrx_word' id='word_1_605' title='bbox 3040 3737 3167 3799; x_wconf 80' lang='grc' dir='ltr'>Υἱὸς</span> <span class='ocrx_word' id='word_1_606' title='bbox 3203 3737 3231 3788; x_wconf 87' lang='grc' dir='ltr'>ὁ</span> <span class='ocrx_word' id='word_1_607' title='bbox 3285 3732 3422 3804; x_wconf 78' lang='grc' dir='ltr'>μετὰ</span> <span class='ocrx_word' id='word_1_608' title='bbox 3461 3730 3662 3784; x_wconf 80' lang='grc' dir='ltr'>πολλῶν</span> 
     </span>
    </p>
   </div>
   <div class='ocr_carea' id='block_1_91' title="bbox 2099 3835 2758 3910">
    <p class='ocr_par' dir='ltr' id='par_1_91' title="bbox 2099 3835 2758 3910">
     <span class='ocr_line' id='line_1_91' title="bbox 2099 3835 2758 3910; baseline -0.015 -14"><span class='ocrx_word' id='word_1_609' title='bbox 2099 3840 2341 3910; x_wconf 76' lang='grc' dir='ltr'>ἀδελφῶν</span> <span class='ocrx_word' id='word_1_610' title='bbox 2372 3835 2722 3905; x_wconf 82' lang='grc' dir='ltr'>εἰσαγόμενος</span> <span class='ocrx_word' id='word_1_611' title='bbox 2744 3849 2758 3898; x_wconf 89' lang='grc'><strong>;</strong></span> 
     </span>
    </p>
   </div>
   <div class='ocr_carea' id='block_1_92' title="bbox 2777 3948 2980 4000">
    <p class='ocr_par' dir='ltr' id='par_1_92' title="bbox 2777 3948 2980 4000">
     <span class='ocr_line' id='line_1_92' title="bbox 2777 3948 2980 4000; baseline -0.01 0"><span class='ocrx_word' id='word_1_612' title='bbox 2777 3948 2980 4000; x_wconf 82' lang='grc' dir='ltr'><strong>ΑΛΛΟ.</strong></span> 
     </span>
    </p>
   </div>
   <div class='ocr_carea' id='block_1_93' title="bbox 2170 4022 3665 4115">
    <p class='ocr_par' dir='ltr' id='par_1_93' title="bbox 2170 4022 3665 4115">
     <span class='ocr_line' id='line_1_93' title="bbox 2170 4022 3665 4115; baseline -0.017 -13"><span class='ocrx_word' id='word_1_613' title='bbox 2170 4050 2254 4113; x_wconf 86' lang='grc' dir='ltr'><strong>Εἰ,</strong></span> <span class='ocrx_word' id='word_1_614' title='bbox 2283 4046 2338 4099; x_wconf 77' lang='grc' dir='ltr'><strong>εί</strong></span> <span class='ocrx_word' id='word_1_615' title='bbox 2361 4063 2415 4099; x_wconf 86' lang='grc' dir='ltr'><strong>τι</strong></span> <span class='ocrx_word' id='word_1_616' title='bbox 2447 4043 2649 4115; x_wconf 89' lang='grc' dir='ltr'>κτίσμα</span> <span class='ocrx_word' id='word_1_617' title='bbox 2671 4041 2828 4100; x_wconf 85' lang='grc' dir='ltr'>Θεοῦ,</span> <span class='ocrx_word' id='word_1_618' title='bbox 2882 4038 3039 4091; x_wconf 86' lang='grc' dir='ltr'>τοῦτο</span> <span class='ocrx_word' id='word_1_619' title='bbox 3086 4033 3180 4089; x_wconf 74' lang='grc' dir='ltr'>καὶ</span> <span class='ocrx_word' id='word_1_620' title='bbox 3213 4032 3475 4100; x_wconf 85' lang='grc' dir='ltr'>γέννημα,</span> <span class='ocrx_word' id='word_1_621' title='bbox 3522 4022 3665 4078; x_wconf 80' lang='grc' dir='ltr'>οὐδὲν</span> 
     </span>
    </p>
   </div>
   <div class='ocr_carea' id='block_1_94' title="bbox 2100 4120 3660 4208">
    <p class='ocr_par' dir='ltr' id='par_1_94' title="bbox 2100 4120 3660 4208">
     <span class='ocr_line' id='line_1_94' title="bbox 2100 4120 3660 4208; baseline -0.015 -13"><span class='ocrx_word' id='word_1_622' title='bbox 2100 4140 2206 4194; x_wconf 91' lang='grc' dir='ltr'><strong>τῶν</strong></span> <span class='ocrx_word' id='word_1_623' title='bbox 2233 4138 2532 4208; x_wconf 85' lang='grc' dir='ltr'>γεγονότων</span> <span class='ocrx_word' id='word_1_624' title='bbox 2560 4135 2805 4188; x_wconf 84' lang='grc' dir='ltr'>λείπεται</span> <span class='ocrx_word' id='word_1_625' title='bbox 2838 4131 2939 4201; x_wconf 82' lang='grc' dir='ltr'><strong>τῆς</strong></span> <span class='ocrx_word' id='word_1_626' title='bbox 2987 4126 3275 4188; x_wconf 87' lang='grc' dir='ltr'>υἱοθεσίας.</span> <span class='ocrx_word' id='word_1_627' title='bbox 3315 4123 3376 4176; x_wconf 81' lang='grc' dir='ltr'><strong>Εἰ</strong></span> <span class='ocrx_word' id='word_1_628' title='bbox 3397 4123 3455 4175; x_wconf 79' lang='grc' dir='ltr'>δὲ</span> <span class='ocrx_word' id='word_1_629' title='bbox 3480 4120 3660 4178; x_wconf 83' lang='grc' dir='ltr'>τοῦτο,</span> 
     </span>
    </p>
   </div>
   <div class='ocr_carea' id='block_1_95' title="bbox 2105 4211 3664 4304">
    <p class='ocr_par' dir='ltr' id='par_1_95' title="bbox 2105 4211 3664 4304">
     <span class='ocr_line' id='line_1_95' title="bbox 2105 4211 3664 4304; baseline -0.016 -16"><span class='ocrx_word' id='word_1_630' title='bbox 2105 4235 2282 4304; x_wconf 86' lang='grc' dir='ltr'>μάτην</span> <span class='ocrx_word' id='word_1_631' title='bbox 2317 4233 2446 4302; x_wconf 90' lang='grc' dir='ltr'>ἡμῖν</span> <span class='ocrx_word' id='word_1_632' title='bbox 2475 4227 2742 4282; x_wconf 79' lang='grc' dir='ltr'>υἱοθεσίαν</span> <span class='ocrx_word' id='word_1_633' title='bbox 2792 4221 3154 4294; x_wconf 87' lang='grc' dir='ltr'>ἐπηγγείλατο</span> <span class='ocrx_word' id='word_1_634' title='bbox 3180 4220 3208 4272; x_wconf 87' lang='lat'><strong>6</strong></span> <span class='ocrx_word' id='word_1_635' title='bbox 3262 4216 3414 4278; x_wconf 84' lang='grc' dir='ltr'>Θεὸς,</span> <span class='ocrx_word' id='word_1_636' title='bbox 3458 4214 3554 4268; x_wconf 83' lang='grc' dir='ltr'>ᾰτε</span> <span class='ocrx_word' id='word_1_637' title='bbox 3605 4211 3664 4279; x_wconf 82' lang='grc' dir='ltr'><strong>δὴ</strong></span> 
     </span>
    </p>
   </div>
   <div class='ocr_carea' id='block_1_96' title="bbox 2103 4304 3662 4390">
    <p class='ocr_par' dir='ltr' id='par_1_96' title="bbox 2103 4304 3662 4390">
     <span class='ocr_line' id='line_1_96' title="bbox 2103 4304 3662 4390; baseline -0.014 -13"><span class='ocrx_word' id='word_1_638' title='bbox 2103 4323 2330 4377; x_wconf 76' lang='grc' dir='ltr'>καὶτῶν</span> <span class='ocrx_word' id='word_1_639' title='bbox 2363 4319 2584 4390; x_wconf 79' lang='grc' dir='ltr'>ἀψύχως</span> <span class='ocrx_word' id='word_1_640' title='bbox 2629 4317 2858 4388; x_wconf 83' lang='grc' dir='ltr'>ἐχόντων</span> <span class='ocrx_word' id='word_1_641' title='bbox 2891 4313 3047 4367; x_wconf 88' lang='grc' dir='ltr'>τοῦτο</span> <span class='ocrx_word' id='word_1_642' title='bbox 3091 4308 3230 4363; x_wconf 81' lang='grc' dir='ltr'>κατὰ</span> <span class='ocrx_word' id='word_1_643' title='bbox 3282 4309 3463 4376; x_wconf 79' lang='grc' dir='ltr'>φύσιν,</span> <span class='ocrx_word' id='word_1_644' title='bbox 3496 4304 3662 4372; x_wconf 77' lang='grc' dir='ltr'>εἴπερ,</span> 
     </span>
    </p>
   </div>
   <div class='ocr_carea' id='block_1_97' title="bbox 2105 4395 3485 4483">
    <p class='ocr_par' dir='ltr' id='par_1_97' title="bbox 2105 4395 3485 4483">
     <span class='ocr_line' id='line_1_97' title="bbox 2105 4395 3485 4483; baseline -0.014 -15"><span class='ocrx_word' id='word_1_645' title='bbox 2105 4414 2156 4468; x_wconf 80' lang='grc' dir='ltr'>εἴ</span> <span class='ocrx_word' id='word_1_646' title='bbox 2179 4432 2230 4468; x_wconf 88' lang='grc' dir='ltr'><strong>τι</strong></span> <span class='ocrx_word' id='word_1_647' title='bbox 2255 4411 2476 4483; x_wconf 84' lang='grc' dir='ltr'>κτίσμα,</span> <span class='ocrx_word' id='word_1_648' title='bbox 2507 4408 2665 4462; x_wconf 89' lang='grc' dir='ltr'>τοῦτο</span> <span class='ocrx_word' id='word_1_649' title='bbox 2694 4407 2788 4460; x_wconf 74' lang='grc' dir='ltr'>καὶ</span> <span class='ocrx_word' id='word_1_650' title='bbox 2814 4405 3059 4476; x_wconf 89' lang='grc' dir='ltr'>γέννημα</span> <span class='ocrx_word' id='word_1_651' title='bbox 3091 4398 3291 4471; x_wconf 87' lang='grc' dir='ltr'>κυρίως</span> <span class='ocrx_word' id='word_1_652' title='bbox 3317 4395 3485 4449; x_wconf 84' lang='grc' dir='ltr'>ἐστίν.</span> 
     </span>
    </p>
   </div>
   <div class='ocr_carea' id='block_1_98' title="bbox 2798 4670 3001 4725">
    <p class='ocr_par' dir='ltr' id='par_1_98' title="bbox 2798 4670 3001 4725">
     <span class='ocr_line' id='line_1_98' title="bbox 2798 4670 3001 4725; baseline -0.01 -1"><span class='ocrx_word' id='word_1_653' title='bbox 2798 4670 3001 4725; x_wconf 78' lang='grc' dir='ltr'><strong>ΑΛΛΟ.</strong></span> 
     </span>
    </p>
   </div>
   <div class='ocr_carea' id='block_1_99' title="bbox 2176 4771 3668 4861">
    <p class='ocr_par' dir='ltr' id='par_1_99' title="bbox 2176 4771 3668 4861">
     <span class='ocr_line' id='line_1_99' title="bbox 2176 4771 3668 4861; baseline -0.017 -14"><span class='ocrx_word' id='word_1_654' title='bbox 2176 4795 2238 4847; x_wconf 77' lang='lat' dir='ltr'><strong>EI</strong></span> <span class='ocrx_word' id='word_1_655' title='bbox 2269 4793 2328 4846; x_wconf 84' lang='grc' dir='ltr'><strong>τὸ</strong></span> <span class='ocrx_word' id='word_1_656' title='bbox 2363 4791 2606 4861; x_wconf 88' lang='grc' dir='ltr'>γέννημα</span> <span class='ocrx_word' id='word_1_657' title='bbox 2630 4787 2724 4842; x_wconf 68' lang='grc' dir='ltr'>καὶ</span> <span class='ocrx_word' id='word_1_658' title='bbox 2750 4787 2811 4840; x_wconf 84' lang='grc' dir='ltr'><strong>τὸ</strong></span> <span class='ocrx_word' id='word_1_659' title='bbox 2832 4784 3037 4853; x_wconf 87' lang='grc' dir='ltr'>κτίσμα</span> <span class='ocrx_word' id='word_1_660' title='bbox 3054 4779 3250 4835; x_wconf 88' lang='grc' dir='ltr'>ταυτόν</span> <span class='ocrx_word' id='word_1_661' title='bbox 3279 4780 3444 4837; x_wconf 83' lang='grc' dir='ltr'>ἐστιν,</span> <span class='ocrx_word' id='word_1_662' title='bbox 3485 4774 3598 4825; x_wconf 79' lang='grc' dir='ltr'>ἔστι</span> <span class='ocrx_word' id='word_1_663' title='bbox 3618 4771 3668 4823; x_wconf 84' lang='grc' dir='ltr'><strong>δὲ</strong></span> 
     </span>
    </p>
   </div>
   <div class='ocr_carea' id='block_1_100' title="bbox 2101 4864 3671 4954">
    <p class='ocr_par' dir='ltr' id='par_1_100' title="bbox 2101 4864 3671 4954">
     <span class='ocr_line' id='line_1_100' title="bbox 2101 4864 3671 4954; baseline -0.017 -15"><span class='ocrx_word' id='word_1_664' title='bbox 2101 4887 2166 4939; x_wconf 85' lang='grc' dir='ltr'><strong>τὸ</strong></span> <span class='ocrx_word' id='word_1_665' title='bbox 2195 4885 2481 4954; x_wconf 89' lang='grc' dir='ltr'>γενόμενον</span> <span class='ocrx_word' id='word_1_666' title='bbox 2510 4881 2640 4936; x_wconf 88' lang='grc' dir='ltr'>Θεοῦ</span> <span class='ocrx_word' id='word_1_667' title='bbox 2672 4879 2874 4949; x_wconf 88' lang='grc' dir='ltr'>κτίσμα</span> <span class='ocrx_word' id='word_1_668' title='bbox 2893 4877 3070 4946; x_wconf 80' lang='grc' dir='ltr'>φύσει,</span> <span class='ocrx_word' id='word_1_669' title='bbox 3100 4871 3304 4940; x_wconf 88' lang='grc' dir='ltr'>κτίσμα</span> <span class='ocrx_word' id='word_1_670' title='bbox 3330 4866 3462 4919; x_wconf 88' lang='grc' dir='ltr'>Θεοῦ</span> <span class='ocrx_word' id='word_1_671' title='bbox 3494 4864 3671 4954; x_wconf 77' lang='grc' dir='ltr'>δηλον-</span> 
     </span>
    </p>
   </div>
   <div class='ocr_carea' id='block_1_101' title="bbox 2110 4952 3670 5042">
    <p class='ocr_par' dir='ltr' id='par_1_101' title="bbox 2110 4952 3670 5042">
     <span class='ocr_line' id='line_1_101' title="bbox 2110 4952 3670 5042; baseline -0.017 -12"><span class='ocrx_word' id='word_1_672' title='bbox 2110 4952 2337 5030; x_wconf 12' lang='grc' dir='ltr'>ότιῗκαῖ</span> <span class='ocrx_word' id='word_1_673' title='bbox 2376 4974 2535 5042; x_wconf 84' lang='grc' dir='ltr'>φύσει</span> <span class='ocrx_word' id='word_1_674' title='bbox 2571 4971 2813 5042; x_wconf 86' lang='grc' dir='ltr'>γέννημα</span> <span class='ocrx_word' id='word_1_675' title='bbox 2851 4967 2984 5020; x_wconf 84' lang='grc' dir='ltr'>Θεοῦ</span> <span class='ocrx_word' id='word_1_676' title='bbox 3019 4964 3081 5018; x_wconf 82' lang='grc' dir='ltr'>τὸ</span> <span class='ocrx_word' id='word_1_677' title='bbox 3107 4962 3260 5016; x_wconf 82' lang='grc' dir='ltr'>αὑτό.</span> <span class='ocrx_word' id='word_1_678' title='bbox 3295 4961 3356 5012; x_wconf 82' lang='grc' dir='ltr'><strong>Εἰ</strong></span> <span class='ocrx_word' id='word_1_679' title='bbox 3385 4959 3443 5011; x_wconf 84' lang='grc' dir='ltr'>δὲ</span> <span class='ocrx_word' id='word_1_680' title='bbox 3477 4956 3538 5008; x_wconf 85' lang='grc' dir='ltr'><strong>τὸ</strong></span> <span class='ocrx_word' id='word_1_681' title='bbox 3577 4952 3670 5021; x_wconf 76' lang='grc' dir='ltr'><strong>φύ-</strong></span> 
     </span>
    </p>
   </div>
   <div class='ocr_carea' id='block_1_102' title="bbox 2113 5045 3671 5133">
    <p class='ocr_par' dir='ltr' id='par_1_102' title="bbox 2113 5045 3671 5133">
     <span class='ocr_line' id='line_1_102' title="bbox 2113 5045 3671 5133; baseline -0.017 -10"><span class='ocrx_word' id='word_1_682' title='bbox 2113 5087 2215 5133; x_wconf 90' lang='grc' dir='ltr'>σει,</span> <span class='ocrx_word' id='word_1_683' title='bbox 2231 5067 2341 5122; x_wconf 86' lang='grc' dir='ltr'>ἀλλ’</span> <span class='ocrx_word' id='word_1_684' title='bbox 2368 5067 2427 5120; x_wconf 82' lang='grc' dir='ltr'>οὐ</span> <span class='ocrx_word' id='word_1_685' title='bbox 2458 5066 2603 5118; x_wconf 89' lang='grc' dir='ltr'>θέσει</span> <span class='ocrx_word' id='word_1_686' title='bbox 2624 5061 2982 5132; x_wconf 83' lang='grc' dir='ltr'>γεννώμενον,</span> <span class='ocrx_word' id='word_1_687' title='bbox 3004 5054 3284 5128; x_wconf 84' lang='grc' dir='ltr'>ὁμοούσιον</span> <span class='ocrx_word' id='word_1_688' title='bbox 3311 5049 3386 5121; x_wconf 84' lang='grc' dir='ltr'><strong>τῷ</strong></span> <span class='ocrx_word' id='word_1_689' title='bbox 3408 5046 3550 5118; x_wconf 84' lang='grc' dir='ltr'>Θεῷ,</span> <span class='ocrx_word' id='word_1_690' title='bbox 3573 5045 3671 5098; x_wconf 81' lang='grc' dir='ltr'><strong>πᾶν</strong></span> 
     </span>
    </p>
   </div>
   <div class='ocr_carea' id='block_1_103' title="bbox 2111 5140 3672 5229">
    <p class='ocr_par' dir='ltr' id='par_1_103' title="bbox 2111 5140 3672 5229">
     <span class='ocr_line' id='line_1_103' title="bbox 2111 5140 3672 5229; baseline -0.015 -15"><span class='ocrx_word' id='word_1_691' title='bbox 2111 5161 2171 5214; x_wconf 85' lang='grc' dir='ltr'><strong>τὸ</strong></span> <span class='ocrx_word' id='word_1_692' title='bbox 2197 5160 2482 5229; x_wconf 89' lang='grc' dir='ltr'>γενόμενον</span> <span class='ocrx_word' id='word_1_693' title='bbox 2530 5156 2886 5229; x_wconf 80' lang='grc' dir='ltr'><strong>¹εὑρεθήσεται</strong></span> <span class='ocrx_word' id='word_1_694' title='bbox 2927 5152 3101 5221; x_wconf 83' lang='grc' dir='ltr'>φύσει,</span> <span class='ocrx_word' id='word_1_695' title='bbox 3157 5147 3314 5217; x_wconf 80' lang='grc' dir='ltr'>εἰπερ</span> <span class='ocrx_word' id='word_1_696' title='bbox 3369 5142 3432 5195; x_wconf 78' lang='grc' dir='ltr'><strong>τὸ</strong></span> <span class='ocrx_word' id='word_1_697' title='bbox 3473 5140 3672 5208; x_wconf 81' lang='grc' dir='ltr'>κτίσμα</span> 
     </span>
    </p>
   </div>
   <div class='ocr_carea' id='block_1_104' title="bbox 2113 5239 3396 5322">
    <p class='ocr_par' dir='ltr' id='par_1_104' title="bbox 2113 5239 3396 5322">
     <span class='ocr_line' id='line_1_104' title="bbox 2113 5239 3396 5322; baseline -0.012 -18"><span class='ocrx_word' id='word_1_698' title='bbox 2113 5251 2270 5322; x_wconf 82' lang='grc' dir='ltr'>φύσει</span> <span class='ocrx_word' id='word_1_699' title='bbox 2301 5252 2391 5304; x_wconf 81' lang='grc' dir='ltr'>καὶ</span> <span class='ocrx_word' id='word_1_700' title='bbox 2411 5249 2651 5320; x_wconf 81' lang='grc' dir='ltr'>γέννημα</span> <span class='ocrx_word' id='word_1_701' title='bbox 2674 5245 2945 5316; x_wconf 83' lang='grc' dir='ltr'>τυγχάνει,</span> <span class='ocrx_word' id='word_1_702' title='bbox 2972 5243 3064 5296; x_wconf 67' lang='grc' dir='ltr'><strong>κα)⁸</strong></span> <span class='ocrx_word' id='word_1_703' title='bbox 3088 5241 3149 5294; x_wconf 82' lang='grc' dir='ltr'>οὐ</span> <span class='ocrx_word' id='word_1_704' title='bbox 3179 5239 3396 5310; x_wconf 87' lang='grc' dir='ltr'>μετοχῇ.</span> 
     </span>
    </p>
   </div>
   <div class='ocr_carea' id='block_1_105' title="bbox 2796 5500 3001 5553">
    <p class='ocr_par' dir='ltr' id='par_1_105' title="bbox 2796 5500 3001 5553">
     <span class='ocr_line' id='line_1_105' title="bbox 2796 5500 3001 5553; baseline -0.02 0"><span class='ocrx_word' id='word_1_705' title='bbox 2796 5500 3001 5553; x_wconf 77' lang='grc' dir='ltr'><strong>ΑΛΛΟ.</strong></span> 
     </span>
    </p>
   </div>
   <div class='ocr_carea' id='block_1_106' title="bbox 2182 5594 3670 5690">
    <p class='ocr_par' dir='ltr' id='par_1_106' title="bbox 2182 5594 3670 5690">
     <span class='ocr_line' id='line_1_106' title="bbox 2182 5594 3670 5690; baseline -0.013 -17"><span class='ocrx_word' id='word_1_706' title='bbox 2182 5619 2245 5674; x_wconf 86' lang='grc' dir='ltr'><strong>Εἰ</strong></span> <span class='ocrx_word' id='word_1_707' title='bbox 2270 5617 2331 5672; x_wconf 84' lang='grc' dir='ltr'><strong>τὸ</strong></span> <span class='ocrx_word' id='word_1_708' title='bbox 2357 5617 2558 5690; x_wconf 84' lang='grc' dir='ltr'>κτίσμα</span> <span class='ocrx_word' id='word_1_709' title='bbox 2576 5615 2731 5670; x_wconf 84' lang='grc' dir='ltr'>τοῦτο</span> <span class='ocrx_word' id='word_1_710' title='bbox 2764 5615 2855 5668; x_wconf 69' lang='grc' dir='ltr'><strong>καὶ</strong></span> <span class='ocrx_word' id='word_1_711' title='bbox 2886 5613 3132 5682; x_wconf 87' lang='grc' dir='ltr'>γέννημα</span> <span class='ocrx_word' id='word_1_712' title='bbox 3161 5607 3362 5680; x_wconf 81' lang='grc' dir='ltr'>κυρίως</span> <span class='ocrx_word' id='word_1_713' title='bbox 3382 5602 3465 5676; x_wconf 82' lang='grc' dir='ltr'>ἦν,</span> <span class='ocrx_word' id='word_1_714' title='bbox 3503 5594 3670 5668; x_wconf 72' lang='grc' dir='ltr'>πολλῷ</span> 
     </span>
    </p>
   </div>
  </div>
