3882 6210
252 369 356 424 309

1616 362 2059 420 THES.\URUS.

3385 372 3490 427 510

252 485 447 553 μᾶλλον
478 484 617 554 ὑπὲρ
637 484 704 537 τὰ
744 482 877 537 ἄλλα
905 479 1045 554 ἦσαν
1086 485 1135 536 οἱ
1184 484 1405 552 ἄγγελοι
1454 483 1656 555 κυρίως
1690 483 1812 535 υἱοί.

1944 482 2093 537 nullo
2118 482 2288 553 magis
2312 481 2526 554 proprie
2569 497 2680 553 praa
2714 482 2934 553 reliquis
2970 483 3147 553 angeli
3188 494 3345 541 erunt
3374 487 3491 542 lilii.

249 579 311 630 Εί
340 578 395 629 δὲ
422 578 488 629 τὰ
515 577 695 647 πολλῷ
747 576 1033 644 κρείττονα
1079 575 1260 646 μέτρῳ
1297 574 1497 645 κυρίως
1548 575 1645 627 οὐκ
1686 574 1819 625 εἰσὶν

247 669 353 721 υἱοὶ
388 667 407 739 (
432 669 605 721 οὐδενὶ
632 668 742 739 γάρ
774 685 905 720 ποτε
946 667 1055 719 τῶν
1080 667 1327 735 ἀγγέλων
1357 662 1532 719 εἶπεν·
1567 665 1694 727 Υἱός
1719 681 1817 733 μου

245 754 297 808 εἴ
324 759 387 811 σὺ
411 758 464 826 ),
494 758 595 812 οὐκ
618 758 772 811 ἔσται
799 758 905 829 ἄρα
930 756 991 810 τὸ
1032 756 1234 826 κτίσμα
1266 756 1427 810 τοῦτο
1453 756 1546 809 καὶ¹
1575 754 1818 825 γέννημα

247 848 468 919 κυρίως.

932 956 1141 1011 ΑΛΛΟ.

317 1075 380 1128 Ei
432 1073 637 1145 κτίσμα
694 1073 791 1127 καὶ¹
844 1072 1091 1143 γέννημα
1125 1072 1317 1125 ταυτόν
1355 1072 1524 1133 ἐστιν,
1563 1072 1591 1124 6
1622 1070 1821 1134 κτίζων

246 1168 398 1221 ἔσται
431 1166 523 1219 καὶ
560 1166 770 1235 Πατήρ.
801 1164 942 1217 Είδὲ
976 1164 1147 1230 κτίζει
1189 1167 1216 1218 6
1250 1166 1398 1229 Υἱὸς,
1435 1166 1585 1217 ἔσται
1611 1166 1638 1216 ὁ
1662 1164 1819 1226 αὐτὸς

247 1258 343 1309 καὶ
373 1257 583 1326 Πατήρ.
640 1258 702 1309 EE
765 1257 823 1309 δὲ
882 1256 1056 1322 τοῦτο,
1105 1257 1257 1310 ἔσται
1311 1256 1521 1327 Πατρὸς
1571 1255 1760 1325 Πατὴρ
1793 1257 1820 1307 6

244 1348 526 1416 ἀγένητος,
554 1347 702 1399 οὐδὲν
726 1347 886 1400 πλέον
912 1349 1049 1419 ἔχων
1082 1348 1180 1417 τῆς
1208 1348 1329 1401 καθ’
1360 1349 1508 1418 ἡμᾶς
1556 1364 1818 1417 πραγμα-

244 1442 396 1503 τείας
424 1442 483 1492 ὲν
511 1442 578 1510 τῇ
604 1440 798 1494 ἑαυτοῦ
823 1441 1091 1513 θεογονίᾳ,
1119 1443 1277 1513 εἴπερ
1304 1442 1363 1495 τὸ
1394 1442 1640 1511 γέννημα
1664 1439 1820 1493 τοῦτο

243 1532 272 1584 ὃ
300 1533 391 1585 καὶ
432 1532 636 1603 κτίσμα
664 1532 940 1603 τυγχάνει.

928 1648 1132 1701 ΑΛΛΟ.

314 1763 377 1815 Ei
400 1762 459 1815 τὸ
484 1762 685 1832 κτίσμα
711 1763 858 1815 ἐστὶν
885 1762 1099 1834 ἀληθῶς
1129 1763 1222 1817 καὶ
1257 1762 1519 1833 γέννημα,
1568 1764 1819 1835 καθάπερ

1923 570 1980 626 Si
2001 586 2127 627 vero
2176 589 2295 643 quae
2323 575 2697 643 praestantiora
2733 575 2899 629 multo
2921 584 3063 639 sunt,
3094 591 3197 629 non
3217 587 3340 631 sunt
3395 578 3489 631 lilii

1923 665 2151 734 (nemini
2170 667 2312 720 enim
2344 682 2580 736 unquam
2629 667 2939 736 angelorum
2997 668 3135 721 dixit
3173 666 3314 723 Deus
3351 687 3363 722 :
3400 670 3490 724 Fi-

1924 755 2024 810 lius
2047 771 2200 812 meus
2228 772 2288 813 es
2348 760 2425 829 tu)
2454 775 2467 811 :
2496 774 2599 814 non
2630 760 2736 815 erit
2766 760 2950 829 itaque
2993 770 3241 814 creatura
3272 764 3489 831 proprie

1922 862 2191 917 gemmen.

2588 965 2816 1021 ALIUD.

1996 1077 2053 1131 Si
2082 1086 2328 1132 creatura
2356 1088 2407 1134 et
2440 1080 2687 1147 genimen
2735 1092 2863 1137 sunt
2885 1082 3048 1146 idem,
3078 1086 3167 1153 qui
3198 1091 3350 1138 creat
3389 1084 3493 1137 erit

1923 1169 2098 1224 Pater.
2133 1170 2188 1223 Si
2223 1180 2401 1226 autem
2434 1182 2581 1227 creat
2614 1172 2801 1236 Filius,
2834 1175 2939 1229 erit
2968 1177 3079 1244 ipse
3123 1177 3286 1231 etiam
3308 1176 3488 1231 Pater.

1922 1263 2072 1328 Quod
2099 1263 2142 1315 si
2180 1278 2362 1316 verum
2384 1274 2485 1328 est,
2518 1266 2622 1319 erit
2647 1264 2824 1321 Patris
2846 1265 3007 1322 Pater
3044 1268 3335 1335 ingenitus,
3361 1269 3491 1321 nihil

1924 1356 2151 1423 amplius
2184 1357 2385 1410 habens
2417 1372 2576 1425 quam
2616 1373 2714 1412 nos
2749 1359 2801 1413 in
2830 1374 2927 1414 sua
2971 1360 3151 1414 divina
3185 1363 3491 1430 generatio-

1924 1463 2013 1513 ne,
2044 1448 2308 1516 siquidem
2339 1448 2584 1518 genimcn
2615 1459 2670 1504 et
2698 1461 2946 1506 creatura
2979 1452 3117 1507 idem
3143 1463 3246 1506 est.

2594 1648 2826 1706 ALIUD.

1999 1759 2055 1813 Si
2088 1769 2334 1815 creatura
2364 1775 2489 1816 vere
2537 1762 2702 1816 etiam
2764 1771 2850 1817 est
2900 1763 3171 1831 genimen,
3226 1762 3366 1817 sicut
3402 1762 3494 1817 Fi-

241 1856 271 1905 6
305 1852 452 1917 Υἱὸς,
475 1820 627 1905 έσταί
648 1852 753 1905 τῶν
779 1820 998 1906 πάντων
1027 1820 1308 1921 ἁδελφὸς-’ὁ
1328 1820 1474 1916 Υῑὸξ,
1492 1820 1551 1905 οὐ
1582 1854 1687 1923 μὴν
1710 1820 1815 1906 K13.-

1951 1852 2030 1903 ius
2064 1865 2079 1905 :
2144 1849 2250 1904 erit
2282 1860 2429 1905 certe
2450 1850 2622 1905 Filius
2643 1851 2885 1905 omnium
2936 1851 3127 1917 frater,
3167 1867 3272 1905 non
3315 1862 3495 1906 autem

243 1964 360 2017 pio;
392 1948 419 1999 6
456 1946 606 2009 Θεός.
666 1947 726 1999 El
752 1946 809 1999 δὲ
848 1945 962 1999 ἔστι
1022 1945 1225 2015 Κύριος
1266 1947 1359 1999 καὶ
1393 1946 1544 2009 Θεὸς,
1586 1948 1686 1999 οὐκ
1715 1948 1822 2016 ἄρα

242 2039 491 2107 ἀδελφός.
549 2039 611 2090 El
658 2039 836 2091 τοίνυν
890 2037 967 2108 τῷ
1027 2038 1141 2108 Υἱῷ
1190 2038 1303 2090 ὄντι
1352 2042 1626 2108 μονογενεῖ
1670 2040 1821 2091 οὐδὲν

243 2129 351 2180 τῶν
381 2128 548 2181 ὄντων
594 2129 740 2180 ἐστὶν
791 2127 1039 2196 ἀδελφὸν,
1097 2127 1217 2180 οὐδὲ
1268 2130 1584 2198 γεννήματα
1617 2130 1821 2198 κυρίως

244 2219 351 2270 εἰσὶ
386 2218 452 2271 τὰ
469 2218 650 2281 λοιπὰ,
687 2219 792 2270 εἰσὶ
838 2218 893 2270 δὲ
940 2218 1211 2288 κτίσματα
1265 2220 1501 2290 κυρίως·
1534 2219 1653 2284 πῶς
1712 2221 1820 2290 ἄρα

242 2309 438 2361 ταυτὸν
468 2308 669 2380 κτίσμα
698 2310 790 2363 καὶ
814 2311 1058 2380 γέννημα
1084 2326 1099 2376 ;

930 2516 1133 2570 ΑΛΛΟ.

316 2633 380 2687 Εἰ
400 2635 458 2687 τὸ
481 2633 690 2704 ποίημα
709 2633 859 2685 ἔσται
891 2631 985 2684 καὶ
1012 2632 1278 2701 γέννημα,
1301 2633 1329 2684 ὁ
1364 2632 1533 2685 ποιῶν
1558 2631 1709 2686 ἔσται
1729 2633 1823 2683 καὶ

243 2729 544 2797 γεννήτωρ.
581 2726 691 2778 Καὶ
744 2724 999 2795 προάγων
1046 2724 1143 2793 μὲν
1180 2723 1242 2776 τὸ
1292 2725 1400 2776 πᾶν
1444 2724 1503 2787 ἐξ
1526 2724 1715 2777 ἑαυτοῦ
1747 2724 1821 2786 ὡς

245 2821 543 2888 γεννήτωρ,
569 2817 765 2884 ἔξωθεν
786 2817 842 2868 δὲ
870 2816 930 2869 τὸ
987 2816 1115 2869 αὐτὸ
1152 2816 1318 2870 ποιῶν
1364 2816 1439 2880 ὡς
1470 2816 1819 2886 δημιουργός.

245 2910 309 2962 Ei
329 2908 385 2962 δὲ
412 2909 607 2972 ἔξωθεν
647 2908 801 2960 τοῦτο
831 2910 974 2959 ποιεῖ
1010 2907 1037 2959 ὅ
1066 2907 1158 2959 καὶ
1192 2908 1393 2960 τίκτειν
1426 2906 1485 2972 ἐξ
1509 2908 1702 2961 ἑαυτοῦ
1733 2907 1824 2960 δύ-

243 3018 422 3062 ναται,
452 2999 567 3061 ἐνὸς
598 2998 748 3061 ὄντος
797 2998 895 3068 ἤδη
926 2995 1020 3048 τοῦ
1058 2996 1143 3048 ἐπ’
1180 2997 1379 3065 ἀμφοῖν
1428 2998 1650 3067 τρόπου,
1708 2998 1824 3061 πῶς

243 3092 306 3143 τὸ
329 3093 384 3143 έν
413 3092 492 3143 ἑνὶ
548 3090 833 3159 πράγματι
885 3087 1169 3157 συναχθὲν.
1233 3087 1324 3139 δύο
1382 3090 1722 3159 πραγμάτων
1757 3089 1822 3141 ἂν

1932 1942 2186 1995 Dominus
2220 1942 2378 1995 Deus.
2413 1942 2466 1995 Si
2501 1959 2629 1997 vero
2661 1953 2742 1997 est
2789 1943 3044 1999 Dominus
3078 1955 3131 1998 et
3166 1943 3327 2008 Deus,
3391 1960 3495 1998 non

1929 2033 2091 2101 igitur
2117 2032 2301 2086 frater.
2340 2033 2395 2087 Si
2420 2050 2549 2104 ergo
2590 2034 2750 2097 Filio,
2781 2050 2902 2089 cum
2956 2036 3027 2090 sit
3063 2036 3496 2105 unigenitus,ni-

1930 2124 2001 2177 hil
2030 2139 2093 2178 ex
2135 2124 2199 2177 iis
2235 2139 2355 2193 quae
2392 2126 2661 2181 exsistunt
2702 2125 2873 2195 possit
2931 2126 3037 2179 dici
3088 2127 3273 2188 frater,
3315 2124 3496 2194 profe-

1927 2229 2016 2274 cto
2049 2220 2253 2290 reliqua
2291 2222 2558 2289 genimina
2585 2223 2798 2292 proprie
2819 2236 2925 2275 non
2950 2231 3130 2281 erunt,
3156 2223 3249 2275 sed
3279 2221 3496 2290 proprie

1928 2318 2209 2363 creaturzc.
2244 2309 2525 2375 Quomodo
2550 2326 2680 2381 ergo
2712 2311 2850 2365 idem
2891 2310 3001 2365 sint
3045 2322 3290 2365 creatura
3323 2319 3376 2364 et
3408 2324 3498 2377 ge-

1930 2400 2143 2455 nimen?

2587 2510 2818 2567 ALIUD.

1999 2630 2055 2684 Si
2094 2645 2227 2698 opus
2256 2638 2310 2683 et
2337 2630 2586 2700 genimen
2643 2628 2769 2682 sunt
2811 2627 2977 2689 idem,
3035 2627 3215 2694 opifex
3258 2626 3418 2681 etiam
3450 2634 3504 2679 et

1929 2725 2139 2795 genitor
2173 2724 2312 2777 idem
2340 2731 2520 2777 erunt.
2552 2721 2617 2775 Et
2647 2721 2951 2790 producens
2983 2720 3201 2788 quidem
3228 2720 3409 2774 omnia
3436 2734 3500 2772 ex

1929 2831 1987 2870 se
2023 2823 2081 2869 ut
2116 2816 2361 2883 genitor,
2397 2813 2732 2867 extrinsecus
2759 2826 2887 2866 vero
2918 2812 3017 2865 hoc
3040 2810 3243 2865 faciens
3276 2821 3502 2865 utcreu-

1930 2918 2032 2961 tor.
2060 2907 2117 2961 Si
2150 2922 2274 2961 vero
2309 2907 2647 2961 extrinsecus
2674 2905 2814 2959 idem
2846 2904 2995 2965 facit,
3035 2907 3175 2972 quod
3202 2912 3255 2956 et
3284 2905 3501 2973 gignere

1928 3016 1994 3055 ex
2023 3014 2081 3053 se
2099 3008 2293 3068 potest,
2320 3013 2441 3052 cum
2479 3013 2582 3050 una
2618 2997 2914 3066 eademque
2941 2996 3012 3049 sit
3040 2996 3091 3048 in
3149 3006 3379 3063 utroque
3424 3012 3504 3050 ra-

1932 3092 2027 3157 tio,
2058 3091 2328 3160 quomodo
2357 3090 2500 3159 quod
2534 3091 2585 3143 in
2618 3104 2779 3142 unam
2810 3103 2922 3142 rem
2947 3087 3203 3142 collatum
3239 3096 3341 3151 est,
3378 3088 3502 3140 dua-

244 3182 360 3253 ἕχοι
391 3182 778 3253 προσηγορίας,
815 3181 864 3233 εἰ
917 3180 991 3251 μὴ
1017 3181 1124 3252 ἄρα
1157 3180 1359 3252 Θατέρα
1411 3180 1590 3234 αὐτῶν
1615 3180 1699 3250 εἴη
1744 3181 1823 3233 δι-

1944 3199 2047 3236 ἰιιιι
2078 3198 2256 3238 rerum
2288 3182 2701 3251 appellationem
2759 3181 2977 3248 habeat,
3014 3182 3116 3235 nisi
3180 3180 3501 3235 alterutrum

244 3272 557 3343 εψευσμένη
579 3289 594 3337 ;

472 3356 473 3359 γ
938 3386 1143 3439 ΑΛΛΟ.

320 3499 468 3552 Eis?)
512 3499 717 3568 κτίσμα
759 3498 917 3551 τοῦτο
969 3498 1060 3550 καὶ
1097 3498 1361 3569 γέννημα,
1405 3499 1611 3571 κτίσμα
1635 3501 1711 3561 δὲ,
1753 3500 1828 3563 ὥς

249 3607 408 3661 φασι,
451 3591 511 3643 τὸ
562 3590 802 3660 Πνεῦμα,
827 3589 981 3661 δῆλον
1011 3590 1093 3643 ὃτι
1154 3593 1248 3644 καὶ
1300 3591 1570 3661 γέννημα.
1612 3593 1749 3645 Ἀλλ’
1781 3595 1831 3646 εί

253 3682 353 3749 μὲν
408 3679 616 3751 [ἰατρὸς
639 3720 652 3737 ,
712 3680 893 3732 οὐκέτι
927 3679 1219 3751 μονογενὴς
1258 3683 1286 3733 6
1316 3681 1461 3743 Υἱός.
1487 3681 1547 3733 Ei
1569 3681 1626 3733 δὲ
1658 3681 1788 3734 Υίοῦ
1814 3722 1829 3745 ,

249 3768 405 3821 ἔσται
449 3768 575 3831 Υἱὸς
598 3767 749 3833 Υίοῦ,
780 3770 933 3839 εἰπερ
955 3769 1015 3821 τὸ
1045 3769 1247 3841 κτίσμα
1296 3771 1452 3824 τοῦτο
1474 3771 1566 3824 καὶ
1589 3771 1833 3843 γέννημα

248 3860 528 3931 τυγχάνει.

249 4081 388 4139 Ὀτι
410 4081 497 4153 μὴ
528 4082 607 4145 τῷ
645 4081 860 4142 κτίζειν
892 4082 1229 4208 τὸΘγεζνᾷν
1264 4086 1486 4140 ταυτόν
1522 4084 1693 4139 ἐστιν
1723 4084 1824 4138 ἐπὶ

1009 4171 1133 4208 εου.

1009 4171 1133 4208 εου.

328 4268 391 4321 EI
416 4268 474 4321 τὸ
498 4269 692 4338 γεννᾷν
720 4267 890 4321 καὶτὸ
919 4270 1089 4320 ποιεῖν
1130 4269 1325 4322 ταυτόν
1346 4269 1459 4322 ἐστι
1500 4270 1651 4341 παρὰ
1682 4269 1828 4341 Θεῷ,

250 4360 422 4431 γεννᾷ
445 4358 501 4413 δὲ
532 4359 621 4412 τὸν
650 4359 775 4412 Υἱὸν
805 4358 1192 4429 ἁμεσιτεύτως,
1234 4360 1394 4429 δῆλον
1417 4360 1498 4412 ὅτι
1528 4362 1618 4413 καὶ
1650 4361 1829 4414 πάντα

250 4452 423 4523 γεννᾷ
454 4450 486 4520 ἢ
515 4452 659 4503 ποιεῖ
682 4450 1068 4515 ἁμεσιτεύτως.
1108 4450 1244 4502 Εἰδὲ
1293 4453 1455 4521 γεννᾷ
1497 4451 1594 4520 μὲν
1630 4452 1692 4503 οὐ
1742 4452 1830 4504 διά

1938 3291 2122 3331 eorum
2148 3276 2220 3331 sit
2256 3274 2482 3330 falsum?

2598 3386 2839 3444 ALIUD.

2007 3504 2063 3558 Si
2093 3511 2342 3558 creatura
2366 3510 2421 3557 et
2448 3500 2697 3573 genimen
2729 3501 2871 3555 idem
2903 3508 3052 3566 sunt,
3102 3508 3351 3555 creatura
3404 3515 3503 3554 au-

1934 3607 2041 3653 tem
2075 3604 2181 3661 est,
2206 3606 2265 3650 ut
2295 3596 2445 3649 aiunt
2471 3595 2570 3660 illi,
2608 3592 2845 3662 Spiritus
2871 3601 3115 3659 sanctus,
3150 3604 3298 3647 certe
3328 3601 3381 3647 et
3409 3607 3503 3659 ge-

1933 3690 2114 3744 nimen
2150 3690 2276 3743 erit.
2305 3688 2466 3756 Atqui
2511 3687 2554 3741 si
2583 3687 2759 3741 Patris
2795 3686 3043 3755 genimcn
3097 3694 3198 3749 est,
3230 3684 3337 3751 jam
3401 3700 3503 3738 llOn

1931 3779 2035 3835 erit
2094 3779 2399 3849 uuigenitus
2467 3777 2635 3833 Filius
2694 3794 2708 3829 :
2754 3777 2801 3831 si
2850 3790 2977 3832 vero
3024 3776 3187 3838 Filii,
3242 3776 3347 3829 erit
3424 3772 3508 3827 Fi-

1931 3870 2037 3925 lius
2108 3870 2255 3940 Filii,
2308 3870 2579 3926 siouidem
2629 3880 2878 3925 creatura
2934 3878 2990 3925 et
3067 3869 3314 3939 genimcn
3365 3866 3503 3921 idem

1933 3970 2081 4017 sunt.

2041 4097 2193 4163 Quod
2216 4114 2392 4151 creare
2412 4108 2461 4151 et
2483 4099 2691 4167 gignere
2708 4114 2813 4153 non
2847 4107 2970 4152 sunt
2992 4097 3132 4152 idem
3181 4097 3237 4149 in
3262 4095 3397 4150 Deo.

2003 4273 2059 4329 Si
2092 4274 2311 4344 gignere
2334 4282 2390 4328 et
2423 4287 2608 4328 creare
2630 4273 2771 4328 idem
2801 4282 2882 4329 est
2910 4273 2963 4328 in
2995 4272 3123 4339 Deo,
3152 4280 3375 4342 generat
3407 4288 3504 4327 au-

1936 4374 2039 4418 tem
2068 4364 2262 4419 Filium
2310 4365 2623 4420 immediate
2675 4379 2771 4433 per
2800 4379 2900 4420 se:
2932 4374 3081 4419 certe
3110 4364 3271 4419 etiam
3324 4367 3503 4418 omnia

1937 4454 2247 4508 immediate
2266 4469 2361 4523 per
2388 4468 2445 4507 se
2476 4463 2699 4524 generat
2724 4453 2807 4507 vel
2840 4452 2989 4507 facit.
3038 4451 3095 4507 Si
3128 4463 3307 4508 autem
3340 4469 3502 4523 gone-

250 4560 421 4606 τινος,
470 4543 651 4594 οὐκέτι
706 4542 761 4594 δὲ
800 4543 893 4594 καὶ
933 4542 1003 4594 τὰ
1055 4543 1231 4595 πάντα
1268 4545 1410 4594 ποιεῖ
1433 4542 1823 4611 ἀμεσιτεὺτως,

1944 4553 2022 4598 rat
2050 4560 2156 4599 non
2187 4558 2284 4615 per
2306 4544 2566 4613 aliquem,
2599 4553 2653 4597 at
2682 4559 2790 4599 non
2815 4543 2994 4605 omnia
3021 4543 3153 4599 facit
3198 4543 3507 4598 immediate

252 4635 373 4697 πῶς
400 4634 461 4688 τὸ
487 4635 679 4704 γεννᾷν
712 4633 905 4685 ταυτὸν
965 4635 1078 4685 ἐστι
1130 4631 1208 4703 τῷ
1251 4636 1421 4685 ποιεῖν
1472 4634 1621 4705 παρὰ
1675 4634 1827 4703 Θεῷ;

252 4730 409 4781 Ilo-.2?
428 4726 482 4779 δὲ
514 4727 751 4795 σεισμὸν,
800 4725 1005 4795 λοιμὸν,
1038 4725 1439 4794 κατακλυσμὸν,
1477 4727 1647 4779 ταῦτα
1679 4728 1830 4780 ἔσται

253 4818 462 4885 γεννῶν
491 4818 525 4871 ἂ
548 4821 707 4880 ποιεῖ,
743 4818 900 4888 εἴπερ
950 4818 1027 4888 τῷ
1058 4820 1230 4873 ποιεῖν
1272 4819 1329 4871 τὸ
1386 4821 1579 4890 γεννᾷν
1628 4822 1827 4873 ταυτόν

252 4912 372 4963 ἐστι
399 4910 529 4983 παρ’
558 4910 725 4981 αὐτῷ.

947 5020 1147 5074 ΔΛΛΟ.

326 5138 391 5189 Εἰ
423 5136 545 5190 ὃθεν
585 5137 748 5205 γεννᾷ
797 5135 964 5199 Θεὸς,
1021 5136 1229 5189 ἐκεῖθεν
1281 5137 1373 5190 καὶ
1415 5136 1621 5201 κτίζει,
1676 5139 1827 5193 οὐδὲν

254 5230 493 5299 ἁράχνου
515 5228 721 5291 διοίσει,
754 5229 872 5282 κατ’
900 5229 1112 5291 αὐτοὺς,
1139 5228 1233 5282 τοῦ
1260 5230 1319 5282 τὸ
1348 5229 1552 5293 κτίζειν
1591 5232 1741 5301 παρὰ
1768 5233 1829 5285 τὸ

261 5323 451 5390 γεννᾷν
480 5321 579 5373 οὐκ
605 5320 778 5385 ἄλλως
805 5321 1033 5390 ἔχοντος.
1071 5321 1209 5373 Ἀλλ’
1233 5313 1388 5383 οὗτος
1429 5322 1527 5391 μὲν
1551 5322 1699 5395 νόμῳ
1730 5323 1829 5392 φύ-

254 5429 393 5474 σεως
422 5412 708 5481 ἀγόμενος,
739 5413 860 5465 ὅθεν
888 5414 1066 5482 γεννᾷ.
1100 5412 1306 5465 ἐκεῖθεν
1348 5414 1440 5468 καὶ
1474 5414 1667 5478 κτίζει.
1694 5416 1828 5479 Θεὸς

247 5503 330 5564 όὲ,
349 5502 447 5554 οὐκ
465 5500 538 5553 ὢν
562 5502 667 5554 ὑπὸ
692 5501 870 5569 φύσιν,
895 5502 969 5565 ὡς
998 5503 1207 5573 ἀνάγκῃ
1230 5504 1443 5571 φύσεως
1472 5506 1827 5574 ὑποκείμενος

260 5594 387 5663 παρ’
413 5593 590 5646 αὑτῶν
621 5592 963 5664 ἀτιμάζεται.

939 5707 1142 5761 ΑᾹΛΟ.

326 5819 392 5872 Εἰ
422 5819 542 5873 ἐπεὶ
570 5819 857 5877 ἀσύνθετον
889 5822 946 5875 τὸ
976 5824 1147 5888 Θεῖον,
1177 5821 1429 5889 ὡσαύτως
1463 5822 1573 5887 ἔχει
1600 5822 1679 5887 τῷ
1700 5838 1825 5887 γεν-

1934 4651 2028 4706 per
2062 4650 2142 4701 se,
2197 4637 2467 4704 quomodo
2509 4636 2649 4689 idem
2685 4636 2788 4690 erit
2826 4649 3086 4704 generare
3124 4643 3179 4689 et
3230 4634 3410 4689 facere
3452 4636 3504 4689 in

1936 4728 2086 4781 Deo?
2112 4725 2264 4781 Facit
2293 4740 2422 4780 vero
2456 4735 2619 4781 terrae
2668 4736 2896 4789 motum,
2930 4736 3158 4796 pestem,
3190 4725 3451 4780 diluvium
3488 4743 3502 4779 :

1934 4833 2064 4886 ergo
2091 4828 2145 4871 et
2176 4825 2403 4889 generat
2435 4832 2553 4886 quae
2575 4816 2724 4883 facit,
2756 4820 2802 4873 si
2840 4819 2998 4874 modo
3019 4834 3281 4889 generare
3337 4827 3391 4873 et
3423 4817 3503 4871 fa-

1936 4926 2058 4965 cere
2089 4910 2230 4966 idem
2262 4912 2316 4965 in
2343 4909 2460 4980 ipso
2480 4918 2583 4965 est.

2492 5021 2654 5095 134
2707 5001 2955 5078 ALIUD.‘

2002 5138 2057 5193 Si
2086 5138 2471 5207 undegenerat
2512 5139 2676 5205 Deus,
2709 5138 2833 5193 inde
2858 5138 3020 5191 etiam
3042 5144 3215 5200 creat,
3250 5136 3384 5189 nihil
3438 5136 3505 5189 ab

1936 5242 2133 5283 araneo
2159 5227 2389 5293 differet,
2413 5228 2570 5296 juxta
2603 5228 2741 5292 illos,
2773 5227 2861 5295 qui
2900 5242 3002 5281 non
3030 5226 3132 5279 alia
3168 5227 3377 5279 ratione
3408 5239 3503 5292 ge-

1935 5328 2109 5385 nerat,
2132 5335 2290 5389 quam
2320 5318 2466 5373 facit.
2500 5319 2603 5373 Sed
2633 5319 2719 5373 hic
2752 5319 2966 5388 quidem
2996 5317 3110 5387 lege
3135 5327 3337 5370 natura:
3398 5318 3501 5371 du-

1935 5421 2075 5475 ctus,
2102 5411 2240 5463 unde
2271 5418 2514 5478 generat,
2540 5409 2663 5462 inde
2689 5417 2741 5463 et
2761 5417 2927 5463 creat.
2985 5407 3126 5461 Deus
3175 5418 3353 5461 autem
3383 5421 3504 5459 cum

1939 5518 2042 5556 non
2074 5502 2145 5557 sit
2179 5512 2389 5555 naturae
2418 5499 2711 5568 suhjectus,
2753 5510 3009 5569 tanquam
3060 5508 3265 5554 natura:
3299 5497 3506 5568 legibus

1932 5594 2175 5648 subditus
2204 5590 2272 5645 ab
2300 5592 2426 5661 ipsis
2453 5592 2835 5647 contemnitur.

2605 5705 2835 5761 ALIUD.

2013 5818 2068 5874 Si
2098 5820 2350 5887 quoniam
2394 5821 2657 5879 Divinitas
2701 5820 2997 5886 composita
3044 5837 3149 5877 non
3182 5830 3283 5884 est.
3313 5822 3500 5878 eadem
