  <div class='ocr_page' id='page_1' title='image "/cluster/home/n/w/nwhite01/storage/ocr_20150623/75/nnc1.0046980121/175.png"; bbox 0 0 3882 6210; ppageno 0'>
   <div class='ocr_carea' id='block_1_1' title="bbox 425 334 524 393">
    <p class='ocr_par' dir='ltr' id='par_1_1' title="bbox 425 334 524 393">
     <span class='ocr_line' id='line_1_1' title="bbox 425 334 524 393; baseline 0.03 -3"><span class='ocrx_word' id='word_1_1' title='bbox 425 334 524 393; x_wconf 75' lang='lat' dir='ltr'><strong>3H</strong></span> 
     </span>
    </p>
   </div>
   <div class='ocr_carea' id='block_1_2' title="bbox 1451 344 2687 404">
    <p class='ocr_par' dir='ltr' id='par_1_2' title="bbox 1451 344 2687 404">
     <span class='ocr_line' id='line_1_2' title="bbox 1451 344 2687 404; baseline 0 -3"><span class='ocrx_word' id='word_1_2' title='bbox 1451 344 1509 401; x_wconf 87' lang='lat' dir='ltr'><strong>S.</strong></span> <span class='ocrx_word' id='word_1_3' title='bbox 1552 345 1830 402; x_wconf 77' lang='lat' dir='ltr'><strong>CYRILLI</strong></span> <span class='ocrx_word' id='word_1_4' title='bbox 1866 346 2334 402; x_wconf 78' lang='lat' dir='ltr'><strong>ALEXANDRINI</strong></span> <span class='ocrx_word' id='word_1_5' title='bbox 2371 347 2687 404; x_wconf 82' lang='lat' dir='ltr'><strong>ARCHIEP.</strong></span> 
     </span>
    </p>
   </div>
   <div class='ocr_carea' id='block_1_3' title="bbox 3557 346 3658 403">
    <p class='ocr_par' dir='ltr' id='par_1_3' title="bbox 3557 346 3658 403">
     <span class='ocr_line' id='line_1_3' title="bbox 3557 346 3658 403; baseline 0 -1"><span class='ocrx_word' id='word_1_6' title='bbox 3557 346 3658 403; x_wconf 71' lang='lat' dir='ltr'><strong>5P.</strong></span> 
     </span>
    </p>
   </div>
   <div class='ocr_carea' id='block_1_4' title="bbox 431 448 2000 533">
    <p class='ocr_par' dir='ltr' id='par_1_4' title="bbox 431 448 1993 523">
     <span class='ocr_line' id='line_1_4' title="bbox 431 448 1993 523; baseline 0.008 -20"><span class='ocrx_word' id='word_1_7' title='bbox 431 448 639 505; x_wconf 76' lang='lat' dir='ltr'><strong>ratione</strong></span> <span class='ocrx_word' id='word_1_8' title='bbox 668 461 908 521; x_wconf 76' lang='lat' dir='ltr'><strong>generat,</strong></span> <span class='ocrx_word' id='word_1_9' title='bbox 964 468 1069 523; x_wconf 88' lang='lat' dir='ltr'><strong>qua</strong></span> <span class='ocrx_word' id='word_1_10' title='bbox 1125 458 1534 513; x_wconf 86' lang='lat' dir='ltr'><strong>creat:eadcm</strong></span> <span class='ocrx_word' id='word_1_11' title='bbox 1573 460 1739 516; x_wconf 90' lang='lat' dir='ltr'><strong>etiam</strong></span> <span class='ocrx_word' id='word_1_12' title='bbox 1787 462 1993 516; x_wconf 89' lang='lat' dir='ltr'><strong>ratione</strong></span> 
     </span>
    </p>
   </div>
   <div class='ocr_carea' id='block_1_5' title="bbox 2116 448 3661 533">
    <p class='ocr_par' dir='ltr' id='par_1_5' title="bbox 2116 462 3661 533">
     <span class='ocr_line' id='line_1_5' title="bbox 2116 462 3661 533; baseline 0.001 -17"><span class='ocrx_word' id='word_1_13' title='bbox 2116 462 2193 533; x_wconf 76' lang='grc' dir='ltr'><strong>νᾷν</strong></span> <span class='ocrx_word' id='word_1_14' title='bbox 2214 464 2275 516; x_wconf 83' lang='grc' dir='ltr'><strong>τὸ</strong></span> <span class='ocrx_word' id='word_1_15' title='bbox 2312 466 2485 516; x_wconf 83' lang='grc' dir='ltr'>ποιεῖν</span> <span class='ocrx_word' id='word_1_16' title='bbox 2509 502 2524 527; x_wconf 93' lang='grc'><strong>,</strong></span> <span class='ocrx_word' id='word_1_17' title='bbox 2568 462 2829 526; x_wconf 81' lang='grc' dir='ltr'><strong>ὡσαύτως</strong></span> <span class='ocrx_word' id='word_1_18' title='bbox 2885 462 2994 528; x_wconf 79' lang='grc' dir='ltr'>ἐξει</span> <span class='ocrx_word' id='word_1_19' title='bbox 3039 463 3131 516; x_wconf 75' lang='grc' dir='ltr'><strong>καὶ</strong></span> <span class='ocrx_word' id='word_1_20' title='bbox 3168 462 3231 515; x_wconf 81' lang='grc' dir='ltr'>τὸ</span> <span class='ocrx_word' id='word_1_21' title='bbox 3266 462 3661 532; x_wconf 80' lang='grc' dir='ltr'><strong>προγινώσκειν</strong></span> 
     </span>
    </p>
   </div>
   <div class='ocr_carea' id='block_1_6' title="bbox 430 544 2000 627">
    <p class='ocr_par' dir='ltr' id='par_1_6' title="bbox 430 544 1993 613">
     <span class='ocr_line' id='line_1_6' title="bbox 430 544 1993 613; baseline 0.008 -18"><span class='ocrx_word' id='word_1_22' title='bbox 430 552 863 613; x_wconf 69' lang='lat' dir='ltr'><strong>praenoscet,qua</strong></span> <span class='ocrx_word' id='word_1_23' title='bbox 897 544 1083 611; x_wconf 92' lang='lat' dir='ltr'><strong>faciet,</strong></span> <span class='ocrx_word' id='word_1_24' title='bbox 1112 554 1171 599; x_wconf 93' lang='lat' dir='ltr'><strong>ut</strong></span> <span class='ocrx_word' id='word_1_25' title='bbox 1191 548 1444 603; x_wconf 86' lang='lat' dir='ltr'><strong>nimirum</strong></span> <span class='ocrx_word' id='word_1_26' title='bbox 1466 550 1628 606; x_wconf 89' lang='lat' dir='ltr'><strong>etiam</strong></span> <span class='ocrx_word' id='word_1_27' title='bbox 1654 552 1756 607; x_wconf 86' lang='lat' dir='ltr'><strong>hac</strong></span> <span class='ocrx_word' id='word_1_28' title='bbox 1784 553 1993 608; x_wconf 85' lang='lat' dir='ltr'><strong>ratione</strong></span> 
     </span>
    </p>
   </div>
   <div class='ocr_carea' id='block_1_7' title="bbox 2116 544 3657 627">
    <p class='ocr_par' dir='ltr' id='par_1_7' title="bbox 2116 551 3657 627">
     <span class='ocr_line' id='line_1_7' title="bbox 2116 551 3657 627; baseline 0.001 -22"><span class='ocrx_word' id='word_1_29' title='bbox 2116 552 2172 623; x_wconf 71' lang='grc' dir='ltr'><strong>τῷ</strong></span> <span class='ocrx_word' id='word_1_30' title='bbox 2207 557 2399 621; x_wconf 86' lang='grc' dir='ltr'>ποιεῖν,</span> <span class='ocrx_word' id='word_1_31' title='bbox 2428 557 2514 608; x_wconf 83' lang='grc' dir='ltr'><strong>ἴνα</strong></span> <span class='ocrx_word' id='word_1_32' title='bbox 2538 557 2632 609; x_wconf 78' lang='grc' dir='ltr'>καὶ</span> <span class='ocrx_word' id='word_1_33' title='bbox 2656 556 2827 627; x_wconf 79' lang='grc' dir='ltr'>ταύτῃ</span> <span class='ocrx_word' id='word_1_34' title='bbox 2930 555 3240 610; x_wconf 83' lang='grc' dir='ltr'>ἀσύνθετον.</span> <span class='ocrx_word' id='word_1_35' title='bbox 3281 556 3343 608; x_wconf 82' lang='lat' dir='ltr'><strong>Ei</strong></span> <span class='ocrx_word' id='word_1_36' title='bbox 3393 556 3449 607; x_wconf 82' lang='grc' dir='ltr'>δὲ</span> <span class='ocrx_word' id='word_1_37' title='bbox 3474 556 3657 618; x_wconf 70' lang='grc' dir='ltr'>τοῦτο,</span> 
     </span>
    </p>
   </div>
   <div class='ocr_carea' id='block_1_8' title="bbox 429 632 2000 716">
    <p class='ocr_par' dir='ltr' id='par_1_8' title="bbox 429 632 1992 704">
     <span class='ocr_line' id='line_1_8' title="bbox 429 632 1992 704; baseline 0.008 -23"><span class='ocrx_word' id='word_1_38' title='bbox 429 632 621 686; x_wconf 89' lang='lat' dir='ltr'><strong>sitnon</strong></span> <span class='ocrx_word' id='word_1_39' title='bbox 656 634 973 702; x_wconf 86' lang='lat' dir='ltr'><strong>composita.</strong></span> <span class='ocrx_word' id='word_1_40' title='bbox 1000 633 1150 701; x_wconf 85' lang='lat' dir='ltr'><strong>Quod</strong></span> <span class='ocrx_word' id='word_1_41' title='bbox 1166 636 1212 691; x_wconf 95' lang='lat' dir='ltr'><strong>si</strong></span> <span class='ocrx_word' id='word_1_42' title='bbox 1240 637 1311 691; x_wconf 91' lang='lat' dir='ltr'><strong>ita</strong></span> <span class='ocrx_word' id='word_1_43' title='bbox 1340 647 1440 704; x_wconf 87' lang='lat' dir='ltr'><strong>est,</strong></span> <span class='ocrx_word' id='word_1_44' title='bbox 1469 642 1808 697; x_wconf 83' lang='lat' dir='ltr'><strong>eritomnino</strong></span> <span class='ocrx_word' id='word_1_45' title='bbox 1829 642 1992 697; x_wconf 87' lang='lat' dir='ltr'><strong>etiam</strong></span> 
     </span>
    </p>
   </div>
   <div class='ocr_carea' id='block_1_9' title="bbox 2116 632 3662 716">
    <p class='ocr_par' dir='ltr' id='par_1_9' title="bbox 2116 643 3662 716">
     <span class='ocr_line' id='line_1_9' title="bbox 2116 643 3662 716; baseline 0.003 -22"><span class='ocrx_word' id='word_1_46' title='bbox 2116 643 2248 696; x_wconf 83' lang='grc' dir='ltr'>ἱσται</span> <span class='ocrx_word' id='word_1_47' title='bbox 2277 645 2443 697; x_wconf 88' lang='grc' dir='ltr'>ποιῶν</span> <span class='ocrx_word' id='word_1_48' title='bbox 2462 644 2497 699; x_wconf 80' lang='grc' dir='ltr'>ἃ</span> <span class='ocrx_word' id='word_1_49' title='bbox 2531 645 2891 716; x_wconf 85' lang='grc' dir='ltr'>προγινώσκει</span> <span class='ocrx_word' id='word_1_50' title='bbox 2912 645 3079 708; x_wconf 82' lang='grc' dir='ltr'>κακὰ,</span> <span class='ocrx_word' id='word_1_51' title='bbox 3101 647 3259 715; x_wconf 73' lang='grc' dir='ltr'>εἴπερ</span> <span class='ocrx_word' id='word_1_52' title='bbox 3281 645 3474 698; x_wconf 81' lang='grc' dir='ltr'>ταυτὸν</span> <span class='ocrx_word' id='word_1_53' title='bbox 3491 645 3662 699; x_wconf 77' lang='grc' dir='ltr'>ταῦτα</span> 
     </span>
    </p>
   </div>
   <div class='ocr_carea' id='block_1_10' title="bbox 433 723 2000 810">
    <p class='ocr_par' dir='ltr' id='par_1_10' title="bbox 433 723 1997 795">
     <span class='ocr_line' id='line_1_10' title="bbox 433 723 1997 795; baseline 0.008 -22"><span class='ocrx_word' id='word_1_54' title='bbox 433 723 635 777; x_wconf 78' lang='lat' dir='ltr'><strong>faciens</strong></span> <span class='ocrx_word' id='word_1_55' title='bbox 696 724 833 778; x_wconf 89' lang='lat' dir='ltr'><strong>mala</strong></span> <span class='ocrx_word' id='word_1_56' title='bbox 884 740 1002 791; x_wconf 74' lang='lat' dir='ltr'><strong>qua:</strong></span> <span class='ocrx_word' id='word_1_57' title='bbox 1059 729 1368 795; x_wconf 65' lang='lat' dir='ltr'><strong>praenoscit,</strong></span> <span class='ocrx_word' id='word_1_58' title='bbox 1396 731 1440 785; x_wconf 90' lang='lat' dir='ltr'><strong>si</strong></span> <span class='ocrx_word' id='word_1_59' title='bbox 1486 735 1643 788; x_wconf 91' lang='lat' dir='ltr'><strong>modo</strong></span> <span class='ocrx_word' id='word_1_60' title='bbox 1674 733 1813 788; x_wconf 89' lang='lat' dir='ltr'><strong>idem</strong></span> <span class='ocrx_word' id='word_1_61' title='bbox 1867 744 1997 787; x_wconf 87' lang='lat' dir='ltr'><strong>sunt</strong></span> 
     </span>
    </p>
   </div>
   <div class='ocr_carea' id='block_1_11' title="bbox 2116 723 3087 810">
    <p class='ocr_par' dir='ltr' id='par_1_11' title="bbox 2116 738 3087 810">
     <span class='ocr_line' id='line_1_11' title="bbox 2116 738 3087 810; baseline 0.004 -21"><span class='ocrx_word' id='word_1_62' title='bbox 2116 739 2226 807; x_wconf 69' lang='grc' dir='ltr'>παρ’</span> <span class='ocrx_word' id='word_1_63' title='bbox 2261 738 2428 808; x_wconf 83' lang='grc' dir='ltr'>αὐτῷ,</span> <span class='ocrx_word' id='word_1_64' title='bbox 2459 740 2540 792; x_wconf 85' lang='grc' dir='ltr'><strong>ὅτι</strong></span> <span class='ocrx_word' id='word_1_65' title='bbox 2568 739 2631 810; x_wconf 80' lang='grc' dir='ltr'><strong>δὴ</strong></span> <span class='ocrx_word' id='word_1_66' title='bbox 2658 741 2752 793; x_wconf 81' lang='grc' dir='ltr'><strong>καὶ</strong></span> <span class='ocrx_word' id='word_1_67' title='bbox 2777 738 3087 793; x_wconf 83' lang='grc' dir='ltr'><strong>ἀσύνθετον.</strong></span> 
     </span>
    </p>
   </div>
   <div class='ocr_carea' id='block_1_12' title="bbox 432 812 1995 894">
    <p class='ocr_par' dir='ltr' id='par_1_12' title="bbox 432 812 1995 894">
     <span class='ocr_line' id='line_1_12' title="bbox 432 812 1995 894; baseline 0.01 -30"><span class='ocrx_word' id='word_1_68' title='bbox 432 812 545 867; x_wconf 74' lang='lat' dir='ltr'><strong>haec</strong></span> <span class='ocrx_word' id='word_1_69' title='bbox 594 814 646 867; x_wconf 94' lang='lat' dir='ltr'><strong>in</strong></span> <span class='ocrx_word' id='word_1_70' title='bbox 687 814 822 883; x_wconf 90' lang='lat' dir='ltr'><strong>ipso,</strong></span> <span class='ocrx_word' id='word_1_71' title='bbox 872 816 1010 883; x_wconf 89' lang='lat' dir='ltr'><strong>quod</strong></span> <span class='ocrx_word' id='word_1_72' title='bbox 1052 817 1265 885; x_wconf 87' lang='lat' dir='ltr'><strong>quidem</strong></span> <span class='ocrx_word' id='word_1_73' title='bbox 1309 829 1391 874; x_wconf 90' lang='lat' dir='ltr'><strong>est</strong></span> <span class='ocrx_word' id='word_1_74' title='bbox 1421 836 1523 875; x_wconf 90' lang='lat' dir='ltr'><strong>non</strong></span> <span class='ocrx_word' id='word_1_75' title='bbox 1561 837 1682 877; x_wconf 89' lang='lat' dir='ltr'><strong>esse</strong></span> <span class='ocrx_word' id='word_1_76' title='bbox 1730 824 1995 894; x_wconf 89' lang='lat' dir='ltr'><strong>composi-</strong></span> 
     </span>
    </p>
   </div>
   <div class='ocr_carea' id='block_1_13' title="bbox 434 914 567 958">
    <p class='ocr_par' dir='ltr' id='par_1_13' title="bbox 434 914 567 958">
     <span class='ocr_line' id='line_1_13' title="bbox 434 914 567 958; baseline 0.03 -4"><span class='ocrx_word' id='word_1_77' title='bbox 434 914 567 958; x_wconf 89' lang='lat' dir='ltr'><strong>tum.</strong></span> 
     </span>
    </p>
   </div>
   <div class='ocr_carea' id='block_1_14' title="bbox 1095 1019 1327 1078">
    <p class='ocr_par' dir='ltr' id='par_1_14' title="bbox 1095 1019 1327 1078">
     <span class='ocr_line' id='line_1_14' title="bbox 1095 1019 1327 1078; baseline 0.009 -5"><span class='ocrx_word' id='word_1_78' title='bbox 1095 1019 1327 1078; x_wconf 83' lang='lat' dir='ltr'><strong>ALIUD.</strong></span> 
     </span>
    </p>
   </div>
   <div class='ocr_carea' id='block_1_15' title="bbox 502 1124 1998 1205">
    <p class='ocr_par' dir='ltr' id='par_1_15' title="bbox 502 1124 1998 1205">
     <span class='ocr_line' id='line_1_15' title="bbox 502 1124 1998 1205; baseline 0.007 -27"><span class='ocrx_word' id='word_1_79' title='bbox 502 1124 557 1179; x_wconf 92' lang='lat' dir='ltr'><strong>Si</strong></span> <span class='ocrx_word' id='word_1_80' title='bbox 588 1124 728 1181; x_wconf 88' lang='lat' dir='ltr'><strong>Deus</strong></span> <span class='ocrx_word' id='word_1_81' title='bbox 751 1130 937 1183; x_wconf 92' lang='lat' dir='ltr'><strong>eadem</strong></span> <span class='ocrx_word' id='word_1_82' title='bbox 967 1134 1173 1187; x_wconf 87' lang='lat' dir='ltr'><strong>ratione</strong></span> <span class='ocrx_word' id='word_1_83' title='bbox 1189 1143 1411 1203; x_wconf 88' lang='lat' dir='ltr'><strong>generat</strong></span> <span class='ocrx_word' id='word_1_84' title='bbox 1430 1146 1485 1189; x_wconf 92' lang='lat' dir='ltr'><strong>et</strong></span> <span class='ocrx_word' id='word_1_85' title='bbox 1513 1145 1684 1203; x_wconf 87' lang='lat' dir='ltr'><strong>creat,</strong></span> <span class='ocrx_word' id='word_1_86' title='bbox 1712 1137 1835 1205; x_wconf 87' lang='lat' dir='ltr'><strong>quia</strong></span> <span class='ocrx_word' id='word_1_87' title='bbox 1856 1150 1998 1191; x_wconf 87' lang='lat' dir='ltr'><strong>com-</strong></span> 
     </span>
    </p>
   </div>
   <div class='ocr_carea' id='block_1_16' title="bbox 433 1215 1998 1293">
    <p class='ocr_par' dir='ltr' id='par_1_16' title="bbox 433 1215 1998 1293">
     <span class='ocr_line' id='line_1_16' title="bbox 433 1215 1998 1293; baseline 0.008 -26"><span class='ocrx_word' id='word_1_88' title='bbox 433 1215 639 1283; x_wconf 90' lang='lat' dir='ltr'><strong>positus</strong></span> <span class='ocrx_word' id='word_1_89' title='bbox 670 1232 773 1271; x_wconf 90' lang='lat' dir='ltr'><strong>non</strong></span> <span class='ocrx_word' id='word_1_90' title='bbox 807 1230 890 1273; x_wconf 86' lang='lat' dir='ltr'><strong>est</strong></span> <span class='ocrx_word' id='word_1_91' title='bbox 918 1239 931 1274; x_wconf 88' lang='lat'><strong>:</strong></span> <span class='ocrx_word' id='word_1_92' title='bbox 986 1221 1167 1277; x_wconf 91' lang='lat' dir='ltr'><strong>videre</strong></span> <span class='ocrx_word' id='word_1_93' title='bbox 1193 1232 1246 1278; x_wconf 89' lang='lat' dir='ltr'><strong>et</strong></span> <span class='ocrx_word' id='word_1_94' title='bbox 1272 1238 1529 1293; x_wconf 83' lang='lat' dir='ltr'><strong>generare</strong></span> <span class='ocrx_word' id='word_1_95' title='bbox 1558 1225 1698 1281; x_wconf 90' lang='lat' dir='ltr'><strong>idem</strong></span> <span class='ocrx_word' id='word_1_96' title='bbox 1745 1226 1906 1280; x_wconf 91' lang='lat' dir='ltr'><strong>etiam</strong></span> <span class='ocrx_word' id='word_1_97' title='bbox 1942 1226 1998 1280; x_wconf 93' lang='lat' dir='ltr'><strong>in</strong></span> 
     </span>
    </p>
   </div>
   <div class='ocr_carea' id='block_1_17' title="bbox 435 1309 1996 1389">
    <p class='ocr_par' dir='ltr' id='par_1_17' title="bbox 435 1309 1996 1389">
     <span class='ocr_line' id='line_1_17' title="bbox 435 1309 1996 1389; baseline 0.008 -29"><span class='ocrx_word' id='word_1_98' title='bbox 435 1309 551 1377; x_wconf 88' lang='lat' dir='ltr'><strong>ipso</strong></span> <span class='ocrx_word' id='word_1_99' title='bbox 582 1309 765 1379; x_wconf 89' lang='lat' dir='ltr'><strong>fuerit,</strong></span> <span class='ocrx_word' id='word_1_100' title='bbox 800 1322 858 1366; x_wconf 91' lang='lat' dir='ltr'><strong>ut</strong></span> <span class='ocrx_word' id='word_1_101' title='bbox 886 1314 940 1368; x_wconf 94' lang='lat' dir='ltr'><strong>in</strong></span> <span class='ocrx_word' id='word_1_102' title='bbox 959 1315 1266 1372; x_wconf 89' lang='lat' dir='ltr'><strong>universum</strong></span> <span class='ocrx_word' id='word_1_103' title='bbox 1299 1334 1403 1372; x_wconf 88' lang='lat' dir='ltr'><strong>non</strong></span> <span class='ocrx_word' id='word_1_104' title='bbox 1428 1319 1499 1373; x_wconf 90' lang='lat' dir='ltr'><strong>sit</strong></span> <span class='ocrx_word' id='word_1_105' title='bbox 1550 1320 1902 1389; x_wconf 89' lang='lat' dir='ltr'><strong>compositus.</strong></span> <span class='ocrx_word' id='word_1_106' title='bbox 1940 1317 1996 1373; x_wconf 92' lang='lat' dir='ltr'><strong>Si</strong></span> 
     </span>
    </p>
   </div>
   <div class='ocr_carea' id='block_1_18' title="bbox 433 1402 2001 1480">
    <p class='ocr_par' dir='ltr' id='par_1_18' title="bbox 433 1402 2001 1480">
     <span class='ocr_line' id='line_1_18' title="bbox 433 1402 2001 1480; baseline 0.008 -27"><span class='ocrx_word' id='word_1_107' title='bbox 433 1414 562 1456; x_wconf 90' lang='lat' dir='ltr'><strong>vero</strong></span> <span class='ocrx_word' id='word_1_108' title='bbox 626 1402 741 1458; x_wconf 69' lang='lat' dir='ltr'><strong>haec</strong></span> <span class='ocrx_word' id='word_1_109' title='bbox 807 1419 913 1459; x_wconf 91' lang='lat' dir='ltr'><strong>non</strong></span> <span class='ocrx_word' id='word_1_110' title='bbox 965 1416 1091 1463; x_wconf 88' lang='lat' dir='ltr'><strong>sunt</strong></span> <span class='ocrx_word' id='word_1_111' title='bbox 1142 1409 1197 1463; x_wconf 90' lang='lat' dir='ltr'><strong>in</strong></span> <span class='ocrx_word' id='word_1_112' title='bbox 1246 1423 1312 1466; x_wconf 90' lang='lat' dir='ltr'><strong>eo</strong></span> <span class='ocrx_word' id='word_1_113' title='bbox 1358 1409 1715 1466; x_wconf 72' lang='lat' dir='ltr'><strong>indili‘erenlia</strong></span> <span class='ocrx_word' id='word_1_114' title='bbox 1746 1451 1761 1477; x_wconf 94' lang='lat'><strong>,</strong></span> <span class='ocrx_word' id='word_1_115' title='bbox 1839 1420 2001 1480; x_wconf 88' lang='lat' dir='ltr'><strong>atque</strong></span> 
     </span>
    </p>
   </div>
   <div class='ocr_carea' id='block_1_19' title="bbox 436 1491 1999 1573">
    <p class='ocr_par' dir='ltr' id='par_1_19' title="bbox 436 1491 1999 1573">
     <span class='ocr_line' id='line_1_19' title="bbox 436 1491 1999 1573; baseline 0.007 -30"><span class='ocrx_word' id='word_1_116' title='bbox 436 1491 623 1546; x_wconf 88' lang='lat' dir='ltr'><strong>eadem</strong></span> <span class='ocrx_word' id='word_1_117' title='bbox 669 1493 866 1564; x_wconf 92' lang='lat' dir='ltr'><strong>(neque</strong></span> <span class='ocrx_word' id='word_1_118' title='bbox 904 1496 1047 1552; x_wconf 92' lang='lat' dir='ltr'><strong>enim</strong></span> <span class='ocrx_word' id='word_1_119' title='bbox 1109 1502 1252 1568; x_wconf 91' lang='lat' dir='ltr'><strong>quod</strong></span> <span class='ocrx_word' id='word_1_120' title='bbox 1313 1501 1479 1565; x_wconf 86' lang='lat' dir='ltr'><strong>videt,</strong></span> <span class='ocrx_word' id='word_1_121' title='bbox 1523 1502 1629 1556; x_wconf 89' lang='lat' dir='ltr'><strong>hoc</strong></span> <span class='ocrx_word' id='word_1_122' title='bbox 1677 1511 1733 1557; x_wconf 91' lang='lat' dir='ltr'><strong>et</strong></span> <span class='ocrx_word' id='word_1_123' title='bbox 1755 1500 1999 1573; x_wconf 89' lang='lat' dir='ltr'><strong>generat)</strong></span> 
     </span>
    </p>
   </div>
   <div class='ocr_carea' id='block_1_20' title="bbox 437 1580 2001 1661">
    <p class='ocr_par' dir='ltr' id='par_1_20' title="bbox 437 1580 2001 1661">
     <span class='ocr_line' id='line_1_20' title="bbox 437 1580 2001 1661; baseline 0.009 -28"><span class='ocrx_word' id='word_1_124' title='bbox 437 1580 753 1651; x_wconf 85' lang='lat' dir='ltr'><strong>simplicitas</strong></span> <span class='ocrx_word' id='word_1_125' title='bbox 798 1583 915 1653; x_wconf 85' lang='lat' dir='ltr'><strong>ejus</strong></span> <span class='ocrx_word' id='word_1_126' title='bbox 974 1602 1078 1642; x_wconf 91' lang='lat' dir='ltr'><strong>non</strong></span> <span class='ocrx_word' id='word_1_127' title='bbox 1136 1588 1347 1644; x_wconf 59' lang='lat' dir='ltr'><strong>laeditur</strong></span> <span class='ocrx_word' id='word_1_128' title='bbox 1382 1607 1394 1643; x_wconf 91' lang='lat'>:</span> <span class='ocrx_word' id='word_1_129' title='bbox 1432 1606 1500 1646; x_wconf 91' lang='lat' dir='ltr'><strong>ne</strong></span> <span class='ocrx_word' id='word_1_130' title='bbox 1528 1591 1580 1646; x_wconf 91' lang='lat' dir='ltr'><strong>id</strong></span> <span class='ocrx_word' id='word_1_131' title='bbox 1613 1591 1827 1661; x_wconf 85' lang='lat' dir='ltr'><strong>quidem</strong></span> <span class='ocrx_word' id='word_1_132' title='bbox 1858 1594 2001 1660; x_wconf 90' lang='lat' dir='ltr'><strong>quod</strong></span> 
     </span>
    </p>
   </div>
   <div class='ocr_carea' id='block_1_21' title="bbox 436 1673 1997 1748">
    <p class='ocr_par' dir='ltr' id='par_1_21' title="bbox 436 1673 1997 1748">
     <span class='ocr_line' id='line_1_21' title="bbox 436 1673 1997 1748; baseline 0.01 -23"><span class='ocrx_word' id='word_1_133' title='bbox 436 1673 593 1728; x_wconf 86' lang='lat' dir='ltr'><strong>aliter</strong></span> <span class='ocrx_word' id='word_1_134' title='bbox 642 1687 885 1746; x_wconf 78' lang='lat' dir='ltr'><strong>generet,</strong></span> <span class='ocrx_word' id='word_1_135' title='bbox 933 1679 1090 1735; x_wconf 88' lang='lat' dir='ltr'><strong>aliter</strong></span> <span class='ocrx_word' id='word_1_136' title='bbox 1143 1690 1309 1748; x_wconf 91' lang='lat' dir='ltr'><strong>creet,</strong></span> <span class='ocrx_word' id='word_1_137' title='bbox 1360 1681 1555 1739; x_wconf 87' lang='lat' dir='ltr'><strong>elliciet</strong></span> <span class='ocrx_word' id='word_1_138' title='bbox 1608 1693 1667 1739; x_wconf 92' lang='lat' dir='ltr'><strong>ut</strong></span> <span class='ocrx_word' id='word_1_139' title='bbox 1722 1684 1793 1740; x_wconf 88' lang='lat' dir='ltr'><strong>sit</strong></span> <span class='ocrx_word' id='word_1_140' title='bbox 1841 1698 1997 1741; x_wconf 85' lang='lat' dir='ltr'><strong>com-</strong></span> 
     </span>
    </p>
   </div>
   <div class='ocr_carea' id='block_1_22' title="bbox 437 1766 662 1834">
    <p class='ocr_par' dir='ltr' id='par_1_22' title="bbox 437 1766 662 1834">
     <span class='ocr_line' id='line_1_22' title="bbox 437 1766 662 1834; baseline 0.018 -16"><span class='ocrx_word' id='word_1_141' title='bbox 437 1766 662 1834; x_wconf 86' lang='lat' dir='ltr'><strong>positus.</strong></span> 
     </span>
    </p>
   </div>
   <div class='ocr_carea' id='block_1_23' title="bbox 1098 1882 1331 1942">
    <p class='ocr_par' dir='ltr' id='par_1_23' title="bbox 1098 1882 1331 1942">
     <span class='ocr_line' id='line_1_23' title="bbox 1098 1882 1331 1942; baseline 0.017 -4"><span class='ocrx_word' id='word_1_142' title='bbox 1098 1882 1331 1942; x_wconf 87' lang='lat' dir='ltr'><strong>ALIUD.</strong></span> 
     </span>
    </p>
   </div>
   <div class='ocr_carea' id='block_1_24' title="bbox 505 1990 2003 2069">
    <p class='ocr_par' dir='ltr' id='par_1_24' title="bbox 505 1990 2003 2069">
     <span class='ocr_line' id='line_1_24' title="bbox 505 1990 2003 2069; baseline 0.007 -23"><span class='ocrx_word' id='word_1_143' title='bbox 505 1990 561 2047; x_wconf 86' lang='lat' dir='ltr'><strong>Si</strong></span> <span class='ocrx_word' id='word_1_144' title='bbox 588 1993 641 2048; x_wconf 91' lang='lat' dir='ltr'><strong>in</strong></span> <span class='ocrx_word' id='word_1_145' title='bbox 666 1996 860 2065; x_wconf 81' lang='lat' dir='ltr'><strong>quibus</strong></span> <span class='ocrx_word' id='word_1_146' title='bbox 889 2011 1150 2068; x_wconf 87' lang='lat' dir='ltr'><strong>generare</strong></span> <span class='ocrx_word' id='word_1_147' title='bbox 1178 2012 1232 2055; x_wconf 92' lang='lat' dir='ltr'><strong>et</strong></span> <span class='ocrx_word' id='word_1_148' title='bbox 1280 2015 1468 2057; x_wconf 89' lang='lat' dir='ltr'><strong>creare</strong></span> <span class='ocrx_word' id='word_1_149' title='bbox 1525 2002 1738 2057; x_wconf 87' lang='lat' dir='ltr'><strong>diversa</strong></span> <span class='ocrx_word' id='word_1_150' title='bbox 1764 2012 1911 2069; x_wconf 92' lang='lat' dir='ltr'><strong>sunt,</strong></span> <span class='ocrx_word' id='word_1_151' title='bbox 1964 2005 2003 2057; x_wconf 88' lang='lat' dir='ltr'><strong>ii</strong></span> 
     </span>
    </p>
   </div>
   <div class='ocr_carea' id='block_1_25' title="bbox 433 2091 2001 2161">
    <p class='ocr_par' dir='ltr' id='par_1_25' title="bbox 433 2091 2001 2161">
     <span class='ocr_line' id='line_1_25' title="bbox 433 2091 2001 2161; baseline 0.008 -22"><span class='ocrx_word' id='word_1_152' title='bbox 433 2097 694 2154; x_wconf 92' lang='lat' dir='ltr'><strong>generant</strong></span> <span class='ocrx_word' id='word_1_153' title='bbox 720 2102 786 2144; x_wconf 93' lang='lat' dir='ltr'><strong>ex</strong></span> <span class='ocrx_word' id='word_1_154' title='bbox 818 2091 1032 2161; x_wconf 88' lang='lat' dir='ltr'><strong>seipsis,</strong></span> <span class='ocrx_word' id='word_1_155' title='bbox 1085 2102 1271 2148; x_wconf 90' lang='lat' dir='ltr'><strong>creant</strong></span> <span class='ocrx_word' id='word_1_156' title='bbox 1323 2109 1451 2150; x_wconf 90' lang='lat' dir='ltr'><strong>vero</strong></span> <span class='ocrx_word' id='word_1_157' title='bbox 1501 2096 1881 2152; x_wconf 81' lang='lat' dir='ltr'><strong>extrinsecus:</strong></span> <span class='ocrx_word' id='word_1_158' title='bbox 1950 2098 2001 2151; x_wconf 90' lang='lat' dir='ltr'><strong>in</strong></span> 
     </span>
    </p>
   </div>
   <div class='ocr_carea' id='block_1_26' title="bbox 433 2177 2004 2251">
    <p class='ocr_par' dir='ltr' id='par_1_26' title="bbox 433 2177 2004 2251">
     <span class='ocr_line' id='line_1_26' title="bbox 433 2177 2004 2251; baseline 0.008 -21"><span class='ocrx_word' id='word_1_159' title='bbox 433 2177 629 2247; x_wconf 89' lang='lat' dir='ltr'><strong>quibus</strong></span> <span class='ocrx_word' id='word_1_160' title='bbox 651 2193 777 2235; x_wconf 89' lang='lat' dir='ltr'><strong>vero</strong></span> <span class='ocrx_word' id='word_1_161' title='bbox 800 2194 1061 2251; x_wconf 80' lang='lat' dir='ltr'><strong>generare</strong></span> <span class='ocrx_word' id='word_1_162' title='bbox 1088 2191 1143 2238; x_wconf 90' lang='lat' dir='ltr'><strong>et</strong></span> <span class='ocrx_word' id='word_1_163' title='bbox 1162 2198 1352 2239; x_wconf 90' lang='lat' dir='ltr'><strong>creare</strong></span> <span class='ocrx_word' id='word_1_164' title='bbox 1383 2182 1523 2240; x_wconf 91' lang='lat' dir='ltr'><strong>idem</strong></span> <span class='ocrx_word' id='word_1_165' title='bbox 1546 2196 1649 2250; x_wconf 87' lang='lat' dir='ltr'><strong>est,</strong></span> <span class='ocrx_word' id='word_1_166' title='bbox 1674 2187 1725 2241; x_wconf 93' lang='lat' dir='ltr'><strong>in</strong></span> <span class='ocrx_word' id='word_1_167' title='bbox 1752 2186 1817 2242; x_wconf 93' lang='lat' dir='ltr'><strong>iis</strong></span> <span class='ocrx_word' id='word_1_168' title='bbox 1846 2203 2004 2242; x_wconf 78' lang='lat' dir='ltr'><strong>crea-</strong></span> 
     </span>
    </p>
   </div>
   <div class='ocr_carea' id='block_1_27' title="bbox 435 2270 2005 2348">
    <p class='ocr_par' dir='ltr' id='par_1_27' title="bbox 435 2270 2005 2348">
     <span class='ocr_line' id='line_1_27' title="bbox 435 2270 2005 2348; baseline 0.008 -26"><span class='ocrx_word' id='word_1_169' title='bbox 435 2285 493 2325; x_wconf 91' lang='lat' dir='ltr'><strong>re</strong></span> <span class='ocrx_word' id='word_1_170' title='bbox 522 2270 859 2327; x_wconf 78' lang='lat' dir='ltr'><strong>extrinsecus</strong></span> <span class='ocrx_word' id='word_1_171' title='bbox 890 2288 997 2329; x_wconf 91' lang='lat' dir='ltr'><strong>non</strong></span> <span class='ocrx_word' id='word_1_172' title='bbox 1044 2276 1279 2340; x_wconf 78' lang='lat' dir='ltr'><strong>exsistit,</strong></span> <span class='ocrx_word' id='word_1_173' title='bbox 1324 2277 1776 2346; x_wconf 83' lang='lat' dir='ltr'><strong>quemadmodum</strong></span> <span class='ocrx_word' id='word_1_174' title='bbox 1831 2294 2005 2348; x_wconf 87' lang='lat' dir='ltr'><strong>neque</strong></span> 
     </span>
    </p>
   </div>
   <div class='ocr_carea' id='block_1_28' title="bbox 432 2365 1999 2431">
    <p class='ocr_par' dir='ltr' id='par_1_28' title="bbox 432 2365 1999 2431">
     <span class='ocr_line' id='line_1_28' title="bbox 432 2365 1999 2431; baseline 0.006 -16"><span class='ocrx_word' id='word_1_175' title='bbox 432 2375 499 2415; x_wconf 88' lang='lat' dir='ltr'><strong>ex</strong></span> <span class='ocrx_word' id='word_1_176' title='bbox 534 2376 655 2416; x_wconf 86' lang='lat' dir='ltr'><strong>sese</strong></span> <span class='ocrx_word' id='word_1_177' title='bbox 687 2377 970 2431; x_wconf 89' lang='lat' dir='ltr'><strong>generare.</strong></span> <span class='ocrx_word' id='word_1_178' title='bbox 1002 2365 1061 2421; x_wconf 91' lang='lat' dir='ltr'><strong>Si</strong></span> <span class='ocrx_word' id='word_1_179' title='bbox 1123 2381 1253 2421; x_wconf 90' lang='lat' dir='ltr'><strong>vero</strong></span> <span class='ocrx_word' id='word_1_180' title='bbox 1312 2368 1646 2424; x_wconf 84' lang='lat' dir='ltr'><strong>extrinsecus</strong></span> <span class='ocrx_word' id='word_1_181' title='bbox 1683 2380 1889 2425; x_wconf 88' lang='lat' dir='ltr'><strong>tantum</strong></span> <span class='ocrx_word' id='word_1_182' title='bbox 1926 2371 1999 2424; x_wconf 92' lang='lat' dir='ltr'><strong>illi</strong></span> 
     </span>
    </p>
   </div>
   <div class='ocr_carea' id='block_1_29' title="bbox 430 2454 2006 2529">
    <p class='ocr_par' dir='ltr' id='par_1_29' title="bbox 430 2454 2006 2529">
     <span class='ocr_line' id='line_1_29' title="bbox 430 2454 2006 2529; baseline 0.006 -24"><span class='ocrx_word' id='word_1_183' title='bbox 430 2454 755 2519; x_wconf 85' lang='lat' dir='ltr'><strong>concedunt,</strong></span> <span class='ocrx_word' id='word_1_184' title='bbox 780 2456 922 2523; x_wconf 88' lang='lat' dir='ltr'><strong>quod</strong></span> <span class='ocrx_word' id='word_1_185' title='bbox 953 2456 1170 2525; x_wconf 87' lang='lat' dir='ltr'><strong>quidem</strong></span> <span class='ocrx_word' id='word_1_186' title='bbox 1203 2467 1286 2513; x_wconf 87' lang='lat' dir='ltr'><strong>est</strong></span> <span class='ocrx_word' id='word_1_187' title='bbox 1306 2457 1506 2525; x_wconf 87' lang='lat' dir='ltr'><strong>facere,</strong></span> <span class='ocrx_word' id='word_1_188' title='bbox 1553 2474 1818 2529; x_wconf 90' lang='lat' dir='ltr'><strong>generare</strong></span> <span class='ocrx_word' id='word_1_189' title='bbox 1879 2475 2006 2515; x_wconf 84' lang='lat' dir='ltr'><strong>vero</strong></span> 
     </span>
    </p>
   </div>
   <div class='ocr_carea' id='block_1_30' title="bbox 432 2540 1999 2616">
    <p class='ocr_par' dir='ltr' id='par_1_30' title="bbox 432 2540 1999 2616">
     <span class='ocr_line' id='line_1_30' title="bbox 432 2540 1999 2616; baseline 0.008 -25"><span class='ocrx_word' id='word_1_190' title='bbox 432 2554 536 2593; x_wconf 92' lang='lat' dir='ltr'><strong>non</strong></span> <span class='ocrx_word' id='word_1_191' title='bbox 567 2540 693 2595; x_wconf 92' lang='lat' dir='ltr'><strong>item</strong></span> <span class='ocrx_word' id='word_1_192' title='bbox 730 2559 743 2595; x_wconf 85' lang='lat'><strong>:</strong></span> <span class='ocrx_word' id='word_1_193' title='bbox 770 2543 1056 2614; x_wconf 85' lang='lat' dir='ltr'><strong>adoptione</strong></span> <span class='ocrx_word' id='word_1_194' title='bbox 1087 2545 1192 2600; x_wconf 92' lang='lat' dir='ltr'><strong>erit</strong></span> <span class='ocrx_word' id='word_1_195' title='bbox 1221 2554 1394 2616; x_wconf 91' lang='lat' dir='ltr'><strong>pater,</strong></span> <span class='ocrx_word' id='word_1_196' title='bbox 1426 2548 1516 2616; x_wconf 85' lang='lat' dir='ltr'><strong>qui</strong></span> <span class='ocrx_word' id='word_1_197' title='bbox 1553 2549 1818 2605; x_wconf 84' lang='lat' dir='ltr'><strong>naturalis</strong></span> <span class='ocrx_word' id='word_1_198' title='bbox 1841 2564 1999 2604; x_wconf 85' lang='lat' dir='ltr'><strong>crea-</strong></span> 
     </span>
    </p>
   </div>
   <div class='ocr_carea' id='block_1_31' title="bbox 433 2639 644 2687">
    <p class='ocr_par' dir='ltr' id='par_1_31' title="bbox 433 2639 644 2687">
     <span class='ocr_line' id='line_1_31' title="bbox 433 2639 644 2687; baseline 0.009 -2"><span class='ocrx_word' id='word_1_199' title='bbox 433 2639 517 2685; x_wconf 77' lang='grc' dir='ltr'><strong>ῑυΓ</strong></span> <span class='ocrx_word' id='word_1_200' title='bbox 543 2642 644 2687; x_wconf 70' lang='lat' dir='ltr'><strong>88L</strong></span> 
     </span>
    </p>
   </div>
   <div class='ocr_carea' id='block_1_32' title="bbox 1098 2748 1332 2807">
    <p class='ocr_par' dir='ltr' id='par_1_32' title="bbox 1098 2748 1332 2807">
     <span class='ocr_line' id='line_1_32' title="bbox 1098 2748 1332 2807; baseline 0.013 -3"><span class='ocrx_word' id='word_1_201' title='bbox 1098 2748 1332 2807; x_wconf 86' lang='lat' dir='ltr'><strong>ALIUD.</strong></span> 
     </span>
    </p>
   </div>
   <div class='ocr_carea' id='block_1_33' title="bbox 504 2856 2003 2936">
    <p class='ocr_par' dir='ltr' id='par_1_33' title="bbox 504 2856 2003 2936">
     <span class='ocr_line' id='line_1_33' title="bbox 504 2856 2003 2936; baseline 0.007 -26"><span class='ocrx_word' id='word_1_202' title='bbox 504 2856 561 2911; x_wconf 91' lang='lat' dir='ltr'><strong>Si</strong></span> <span class='ocrx_word' id='word_1_203' title='bbox 593 2871 853 2927; x_wconf 87' lang='lat' dir='ltr'><strong>generare</strong></span> <span class='ocrx_word' id='word_1_204' title='bbox 908 2868 963 2915; x_wconf 90' lang='lat' dir='ltr'><strong>et</strong></span> <span class='ocrx_word' id='word_1_205' title='bbox 1014 2875 1202 2917; x_wconf 89' lang='lat' dir='ltr'><strong>creare</strong></span> <span class='ocrx_word' id='word_1_206' title='bbox 1249 2864 1300 2917; x_wconf 92' lang='lat' dir='ltr'><strong>in</strong></span> <span class='ocrx_word' id='word_1_207' title='bbox 1360 2863 1488 2928; x_wconf 91' lang='lat' dir='ltr'><strong>Deo,</strong></span> <span class='ocrx_word' id='word_1_208' title='bbox 1519 2865 1644 2934; x_wconf 88' lang='lat' dir='ltr'><strong>quia</strong></span> <span class='ocrx_word' id='word_1_209' title='bbox 1671 2868 2003 2936; x_wconf 85' lang='lat' dir='ltr'><strong>compositus</strong></span> 
     </span>
    </p>
   </div>
   <div class='ocr_carea' id='block_1_34' title="bbox 432 2949 2002 3026">
    <p class='ocr_par' dir='ltr' id='par_1_34' title="bbox 432 2949 2002 3026">
     <span class='ocr_line' id='line_1_34' title="bbox 432 2949 2002 3026; baseline 0.007 -27"><span class='ocrx_word' id='word_1_210' title='bbox 432 2962 539 2999; x_wconf 94' lang='lat' dir='ltr'><strong>non</strong></span> <span class='ocrx_word' id='word_1_211' title='bbox 566 2960 669 3012; x_wconf 83' lang='lat' dir='ltr'><strong>est,</strong></span> <span class='ocrx_word' id='word_1_212' title='bbox 708 2949 850 3003; x_wconf 91' lang='lat' dir='ltr'><strong>idem</strong></span> <span class='ocrx_word' id='word_1_213' title='bbox 880 2961 1027 3016; x_wconf 90' lang='lat' dir='ltr'><strong>sunt,</strong></span> <span class='ocrx_word' id='word_1_214' title='bbox 1055 2967 1160 3007; x_wconf 91' lang='lat' dir='ltr'><strong>non</strong></span> <span class='ocrx_word' id='word_1_215' title='bbox 1192 2962 1370 3008; x_wconf 86' lang='lat' dir='ltr'><strong>autem</strong></span> <span class='ocrx_word' id='word_1_216' title='bbox 1394 2954 1555 3008; x_wconf 87' lang='lat' dir='ltr'><strong>etiam</strong></span> <span class='ocrx_word' id='word_1_217' title='bbox 1585 2957 1639 3008; x_wconf 93' lang='lat' dir='ltr'><strong>in</strong></span> <span class='ocrx_word' id='word_1_218' title='bbox 1675 2958 1850 3022; x_wconf 88' lang='lat' dir='ltr'><strong>nobis,</strong></span> <span class='ocrx_word' id='word_1_219' title='bbox 1876 2959 2002 3026; x_wconf 88' lang='lat' dir='ltr'><strong>quia</strong></span> 
     </span>
    </p>
   </div>
   <div class='ocr_carea' id='block_1_35' title="bbox 434 3039 2002 3117">
    <p class='ocr_par' dir='ltr' id='par_1_35' title="bbox 434 3039 2002 3117">
     <span class='ocr_line' id='line_1_35' title="bbox 434 3039 2002 3117; baseline 0.007 -24"><span class='ocrx_word' id='word_1_220' title='bbox 434 3039 568 3096; x_wconf 90' lang='lat' dir='ltr'><strong>tales</strong></span> <span class='ocrx_word' id='word_1_221' title='bbox 595 3056 699 3095; x_wconf 92' lang='lat' dir='ltr'><strong>non</strong></span> <span class='ocrx_word' id='word_1_222' title='bbox 725 3056 909 3098; x_wconf 86' lang='lat' dir='ltr'><strong>sumus</strong></span> <span class='ocrx_word' id='word_1_223' title='bbox 944 3059 957 3095; x_wconf 90' lang='lat'><strong>:</strong></span> <span class='ocrx_word' id='word_1_224' title='bbox 996 3045 1134 3100; x_wconf 91' lang='lat' dir='ltr'><strong>idem</strong></span> <span class='ocrx_word' id='word_1_225' title='bbox 1153 3047 1257 3101; x_wconf 88' lang='lat' dir='ltr'><strong>erit</strong></span> <span class='ocrx_word' id='word_1_226' title='bbox 1287 3047 1338 3100; x_wconf 93' lang='lat' dir='ltr'><strong>in</strong></span> <span class='ocrx_word' id='word_1_227' title='bbox 1360 3045 1449 3100; x_wconf 92' lang='lat' dir='ltr'><strong>illo</strong></span> <span class='ocrx_word' id='word_1_228' title='bbox 1469 3062 1805 3115; x_wconf 86' lang='lat' dir='ltr'><strong>praenoscere</strong></span> <span class='ocrx_word' id='word_1_229' title='bbox 1832 3061 1886 3104; x_wconf 91' lang='lat' dir='ltr'><strong>et</strong></span> <span class='ocrx_word' id='word_1_230' title='bbox 1912 3065 2002 3117; x_wconf 83' lang='lat' dir='ltr'><strong>ge-</strong></span> 
     </span>
    </p>
   </div>
   <div class='ocr_carea' id='block_1_36' title="bbox 2778 1023 2983 1077">
    <p class='ocr_par' dir='ltr' id='par_1_36' title="bbox 2778 1023 2983 1077">
     <span class='ocr_line' id='line_1_36' title="bbox 2778 1023 2983 1077; baseline 0.01 -2"><span class='ocrx_word' id='word_1_231' title='bbox 2778 1023 2983 1077; x_wconf 78' lang='lat' dir='ltr'><strong>AAAO.</strong></span> 
     </span>
    </p>
   </div>
   <div class='ocr_carea' id='block_1_37' title="bbox 2171 1134 3665 1205">
    <p class='ocr_par' dir='ltr' id='par_1_37' title="bbox 2171 1134 3665 1205">
     <span class='ocr_line' id='line_1_37' title="bbox 2171 1134 3665 1205; baseline 0.002 -20"><span class='ocrx_word' id='word_1_232' title='bbox 2171 1134 2232 1187; x_wconf 81' lang='grc' dir='ltr'><strong>Εἰ</strong></span> <span class='ocrx_word' id='word_1_233' title='bbox 2264 1134 2323 1187; x_wconf 84' lang='grc' dir='ltr'><strong>τὸ</strong></span> <span class='ocrx_word' id='word_1_234' title='bbox 2355 1135 2548 1202; x_wconf 86' lang='grc' dir='ltr'>γεννᾷν</span> <span class='ocrx_word' id='word_1_235' title='bbox 2583 1152 2679 1188; x_wconf 78' lang='grc' dir='ltr'><strong>και</strong></span> <span class='ocrx_word' id='word_1_236' title='bbox 2724 1152 2787 1187; x_wconf 91' lang='grc' dir='ltr'><strong>το</strong></span> <span class='ocrx_word' id='word_1_237' title='bbox 2816 1134 3020 1198; x_wconf 81' lang='grc' dir='ltr'><strong>κτίζειν</strong></span> <span class='ocrx_word' id='word_1_238' title='bbox 3061 1135 3324 1197; x_wconf 82' lang='grc' dir='ltr'><strong>ὡσαύτως</strong></span> <span class='ocrx_word' id='word_1_239' title='bbox 3358 1134 3471 1205; x_wconf 81' lang='grc' dir='ltr'>ἔχει</span> <span class='ocrx_word' id='word_1_240' title='bbox 3497 1135 3631 1199; x_wconf 80' lang='grc' dir='ltr'>θεὸς</span> <span class='ocrx_word' id='word_1_241' title='bbox 3650 1174 3665 1196; x_wconf 87' lang='grc'><strong>,</strong></span> 
     </span>
    </p>
   </div>
   <div class='ocr_carea' id='block_1_38' title="bbox 2101 1224 3668 1298">
    <p class='ocr_par' dir='ltr' id='par_1_38' title="bbox 2101 1224 3668 1298">
     <span class='ocr_line' id='line_1_38' title="bbox 2101 1224 3668 1298; baseline 0.004 -23"><span class='ocrx_word' id='word_1_242' title='bbox 2101 1224 2285 1296; x_wconf 86' lang='grc' dir='ltr'>ἐπειδὴ</span> <span class='ocrx_word' id='word_1_243' title='bbox 2311 1225 2621 1290; x_wconf 88' lang='grc' dir='ltr'>ἀσύνθετος,</span> <span class='ocrx_word' id='word_1_244' title='bbox 2648 1228 2739 1281; x_wconf 71' lang='grc' dir='ltr'>καὶ</span> <span class='ocrx_word' id='word_1_245' title='bbox 2762 1228 2823 1280; x_wconf 81' lang='grc' dir='ltr'><strong>τὸ</strong></span> <span class='ocrx_word' id='word_1_246' title='bbox 2843 1230 2975 1298; x_wconf 83' lang='grc' dir='ltr'>ὁρᾷν</span> <span class='ocrx_word' id='word_1_247' title='bbox 3031 1227 3109 1296; x_wconf 82' lang='grc' dir='ltr'><strong>τῷ</strong></span> <span class='ocrx_word' id='word_1_248' title='bbox 3139 1229 3334 1298; x_wconf 86' lang='grc' dir='ltr'>γεννᾷν</span> <span class='ocrx_word' id='word_1_249' title='bbox 3366 1228 3560 1280; x_wconf 75' lang='grc' dir='ltr'>ταυτὸν</span> <span class='ocrx_word' id='word_1_250' title='bbox 3604 1229 3668 1281; x_wconf 79' lang='grc' dir='ltr'>ἂν</span> 
     </span>
    </p>
   </div>
   <div class='ocr_carea' id='block_1_39' title="bbox 2099 1316 3667 1394">
    <p class='ocr_par' dir='ltr' id='par_1_39' title="bbox 2099 1316 3667 1394">
     <span class='ocr_line' id='line_1_39' title="bbox 2099 1316 3667 1394; baseline 0.003 -25"><span class='ocrx_word' id='word_1_251' title='bbox 2099 1316 2184 1388; x_wconf 79' lang='grc' dir='ltr'><strong>είη</strong></span> <span class='ocrx_word' id='word_1_252' title='bbox 2213 1320 2341 1390; x_wconf 85' lang='grc' dir='ltr'>παρ’</span> <span class='ocrx_word' id='word_1_253' title='bbox 2370 1318 2543 1390; x_wconf 81' lang='grc' dir='ltr'>αὐτῷ,</span> <span class='ocrx_word' id='word_1_254' title='bbox 2594 1319 2680 1372; x_wconf 80' lang='grc' dir='ltr'>ἵνα</span> <span class='ocrx_word' id='word_1_255' title='bbox 2728 1321 2904 1390; x_wconf 80' lang='grc' dir='ltr'>πάντη</span> <span class='ocrx_word' id='word_1_256' title='bbox 2930 1324 2987 1373; x_wconf 83' lang='grc' dir='ltr'>ὲν</span> <span class='ocrx_word' id='word_1_257' title='bbox 3023 1321 3170 1390; x_wconf 78' lang='grc' dir='ltr'>αὐτῷ</span> <span class='ocrx_word' id='word_1_258' title='bbox 3193 1321 3254 1373; x_wconf 84' lang='grc' dir='ltr'><strong>τὸ</strong></span> <span class='ocrx_word' id='word_1_259' title='bbox 3280 1320 3574 1374; x_wconf 82' lang='grc' dir='ltr'>ἀσύνθετον</span> 
     </span>
    </p>
   </div>
   <div class='ocr_carea' id='block_1_40' title="bbox 2101 1410 3671 1484">
    <p class='ocr_par' dir='ltr' id='par_1_40' title="bbox 2101 1410 3671 1484">
     <span class='ocr_line' id='line_1_40' title="bbox 2101 1410 3671 1484; baseline 0.001 -20"><span class='ocrx_word' id='word_1_260' title='bbox 2101 1412 2165 1465; x_wconf 83' lang='lat' dir='ltr'><strong>Ei</strong></span> <span class='ocrx_word' id='word_1_261' title='bbox 2198 1410 2255 1464; x_wconf 81' lang='grc' dir='ltr'><strong>δὲ</strong></span> <span class='ocrx_word' id='word_1_262' title='bbox 2281 1410 2355 1482; x_wconf 85' lang='grc' dir='ltr'><strong>μὴ</strong></span> <span class='ocrx_word' id='word_1_263' title='bbox 2382 1411 2511 1465; x_wconf 76' lang='grc' dir='ltr'>ὄντα</span> <span class='ocrx_word' id='word_1_264' title='bbox 2538 1414 2666 1484; x_wconf 83' lang='grc' dir='ltr'>παρ’</span> <span class='ocrx_word' id='word_1_265' title='bbox 2700 1413 2847 1484; x_wconf 77' lang='grc' dir='ltr'>αὐτῷ</span> <span class='ocrx_word' id='word_1_266' title='bbox 2911 1413 3082 1467; x_wconf 78' lang='grc' dir='ltr'>ταῦτα</span> <span class='ocrx_word' id='word_1_267' title='bbox 3126 1414 3398 1484; x_wconf 78' lang='grc' dir='ltr'><strong>ἀδιάφορα</strong></span> <span class='ocrx_word' id='word_1_268' title='bbox 3437 1412 3519 1483; x_wconf 85' lang='grc' dir='ltr'>(οὐ</span> <span class='ocrx_word' id='word_1_269' title='bbox 3562 1414 3671 1483; x_wconf 79' lang='grc' dir='ltr'><strong>γὰρ</strong></span> 
     </span>
    </p>
   </div>
   <div class='ocr_carea' id='block_1_41' title="bbox 2100 1504 3671 1577">
    <p class='ocr_par' dir='ltr' id='par_1_41' title="bbox 2100 1504 3671 1577">
     <span class='ocr_line' id='line_1_41' title="bbox 2100 1504 3671 1577; baseline 0.001 -21"><span class='ocrx_word' id='word_1_270' title='bbox 2100 1504 2237 1575; x_wconf 83' lang='grc' dir='ltr'>ὅπερ</span> <span class='ocrx_word' id='word_1_271' title='bbox 2264 1505 2385 1575; x_wconf 85' lang='grc' dir='ltr'>ὁρᾷ,</span> <span class='ocrx_word' id='word_1_272' title='bbox 2414 1504 2574 1559; x_wconf 81' lang='grc' dir='ltr'>τοῦτο</span> <span class='ocrx_word' id='word_1_273' title='bbox 2600 1506 2816 1570; x_wconf 87' lang='grc' dir='ltr'>πάντως</span> <span class='ocrx_word' id='word_1_274' title='bbox 2842 1507 2936 1559; x_wconf 78' lang='grc' dir='ltr'>καὶ</span> <span class='ocrx_word' id='word_1_275' title='bbox 2964 1505 3261 1577; x_wconf 83' lang='grc' dir='ltr'>τίκτει),τδ</span> <span class='ocrx_word' id='word_1_276' title='bbox 3288 1507 3488 1560; x_wconf 80' lang='grc' dir='ltr'>ἁπλοῦν</span> <span class='ocrx_word' id='word_1_277' title='bbox 3509 1506 3671 1558; x_wconf 75' lang='grc' dir='ltr'>αὐτοῦ</span> 
     </span>
    </p>
   </div>
   <div class='ocr_carea' id='block_1_42' title="bbox 2101 1594 3672 1668">
    <p class='ocr_par' dir='ltr' id='par_1_42' title="bbox 2101 1594 3672 1668">
     <span class='ocr_line' id='line_1_42' title="bbox 2101 1594 3672 1668; baseline 0.001 -20"><span class='ocrx_word' id='word_1_278' title='bbox 2101 1595 2163 1648; x_wconf 85' lang='grc' dir='ltr'><strong>ού</strong></span> <span class='ocrx_word' id='word_1_279' title='bbox 2201 1594 2677 1667; x_wconf 83' lang='grc' dir='ltr'>λυμαίνεται,οὐδὲ</span> <span class='ocrx_word' id='word_1_280' title='bbox 2703 1599 2762 1652; x_wconf 84' lang='grc' dir='ltr'><strong>τὸ</strong></span> <span class='ocrx_word' id='word_1_281' title='bbox 2781 1599 2975 1668; x_wconf 84' lang='grc' dir='ltr'>γεννᾷν</span> <span class='ocrx_word' id='word_1_282' title='bbox 3004 1598 3246 1668; x_wconf 80' lang='grc' dir='ltr'>δηλονότι</span> <span class='ocrx_word' id='word_1_283' title='bbox 3280 1597 3439 1651; x_wconf 79' lang='grc' dir='ltr'>αὐτὸν</span> <span class='ocrx_word' id='word_1_284' title='bbox 3469 1599 3672 1668; x_wconf 84' lang='grc' dir='ltr'>ἐτέρως</span> 
     </span>
    </p>
   </div>
   <div class='ocr_carea' id='block_1_43' title="bbox 2102 1689 3673 1761">
    <p class='ocr_par' dir='ltr' id='par_1_43' title="bbox 2102 1689 3673 1761">
     <span class='ocr_line' id='line_1_43' title="bbox 2102 1689 3673 1761; baseline 0 -19"><span class='ocrx_word' id='word_1_285' title='bbox 2102 1689 2197 1743; x_wconf 79' lang='grc' dir='ltr'>καὶ</span> <span class='ocrx_word' id='word_1_286' title='bbox 2246 1690 2449 1755; x_wconf 76' lang='grc' dir='ltr'>κτίζειν</span> <span class='ocrx_word' id='word_1_287' title='bbox 2501 1690 2695 1756; x_wconf 70' lang='grc' dir='ltr'>ἄλλως,</span> <span class='ocrx_word' id='word_1_288' title='bbox 2753 1689 3006 1761; x_wconf 80' lang='grc' dir='ltr'>στέρησιν</span> <span class='ocrx_word' id='word_1_289' title='bbox 3050 1690 3197 1760; x_wconf 83' lang='grc' dir='ltr'>αὐτῷ</span> <span class='ocrx_word' id='word_1_290' title='bbox 3234 1689 3329 1743; x_wconf 77' lang='grc' dir='ltr'>τοῦ</span> <span class='ocrx_word' id='word_1_291' title='bbox 3377 1690 3673 1744; x_wconf 88' lang='grc' dir='ltr'>ἀσυνθέτου</span> 
     </span>
    </p>
   </div>
   <div class='ocr_carea' id='block_1_44' title="bbox 2026 1780 2413 1858">
    <p class='ocr_par' dir='ltr' id='par_1_44' title="bbox 2026 1780 2413 1858">
     <span class='ocr_line' id='line_1_44' title="bbox 2026 1780 2413 1858; baseline 0.008 -24"><span class='ocrx_word' id='word_1_292' title='bbox 2026 1798 2076 1858; x_wconf 78' lang='grc' dir='ltr'><strong>Β</strong></span> <span class='ocrx_word' id='word_1_293' title='bbox 2103 1780 2413 1851; x_wconf 73' lang='grc' dir='ltr'>ἐργάζεται.</span> 
     </span>
    </p>
   </div>
   <div class='ocr_carea' id='block_1_45' title="bbox 2786 1890 2991 1944">
    <p class='ocr_par' dir='ltr' id='par_1_45' title="bbox 2786 1890 2991 1944">
     <span class='ocr_line' id='line_1_45' title="bbox 2786 1890 2991 1944; baseline 0.005 -1"><span class='ocrx_word' id='word_1_294' title='bbox 2786 1890 2991 1944; x_wconf 82' lang='grc' dir='ltr'><strong>ΑΛΛΟ.</strong></span> 
     </span>
    </p>
   </div>
   <div class='ocr_carea' id='block_1_46' title="bbox 2175 2001 3676 2077">
    <p class='ocr_par' dir='ltr' id='par_1_46' title="bbox 2175 2001 3676 2077">
     <span class='ocr_line' id='line_1_46' title="bbox 2175 2001 3676 2077; baseline -0.002 -19"><span class='ocrx_word' id='word_1_295' title='bbox 2175 2007 2236 2060; x_wconf 86' lang='grc' dir='ltr'><strong>Εἰ</strong></span> <span class='ocrx_word' id='word_1_296' title='bbox 2270 2006 2397 2077; x_wconf 83' lang='grc' dir='ltr'>παρ’</span> <span class='ocrx_word' id='word_1_297' title='bbox 2433 2001 2515 2068; x_wconf 70' lang='grc' dir='ltr'>οἷς</span> <span class='ocrx_word' id='word_1_298' title='bbox 2565 2004 2659 2058; x_wconf 81' lang='grc' dir='ltr'><strong>τοῦ</strong></span> <span class='ocrx_word' id='word_1_299' title='bbox 2711 2005 2901 2074; x_wconf 85' lang='grc' dir='ltr'>γεννᾷν</span> <span class='ocrx_word' id='word_1_300' title='bbox 2940 2004 3000 2056; x_wconf 85' lang='grc' dir='ltr'><strong>τὸ</strong></span> <span class='ocrx_word' id='word_1_301' title='bbox 3059 2003 3264 2067; x_wconf 77' lang='grc' dir='ltr'>κτίζειν</span> <span class='ocrx_word' id='word_1_302' title='bbox 3292 2002 3498 2071; x_wconf 74' lang='grc' dir='ltr'>ἕτερον,</span> <span class='ocrx_word' id='word_1_303' title='bbox 3528 2001 3676 2069; x_wconf 80' lang='grc' dir='ltr'><strong>παρά</strong></span> 
     </span>
    </p>
   </div>
   <div class='ocr_carea' id='block_1_47' title="bbox 2102 2091 3676 2165">
    <p class='ocr_par' dir='ltr' id='par_1_47' title="bbox 2102 2091 3676 2165">
     <span class='ocr_line' id='line_1_47' title="bbox 2102 2091 3676 2165; baseline -0.006 -13"><span class='ocrx_word' id='word_1_304' title='bbox 2102 2098 2311 2160; x_wconf 84' lang='grc' dir='ltr'>τούτοις</span> <span class='ocrx_word' id='word_1_305' title='bbox 2335 2096 2396 2149; x_wconf 80' lang='grc' dir='ltr'>τὸ</span> <span class='ocrx_word' id='word_1_306' title='bbox 2423 2096 2482 2160; x_wconf 81' lang='grc' dir='ltr'><strong>ἐξ</strong></span> <span class='ocrx_word' id='word_1_307' title='bbox 2511 2094 2718 2149; x_wconf 80' lang='grc' dir='ltr'>ἑαυτῶν</span> <span class='ocrx_word' id='word_1_308' title='bbox 2738 2096 2951 2165; x_wconf 85' lang='grc' dir='ltr'>γεννᾷν,</span> <span class='ocrx_word' id='word_1_309' title='bbox 2980 2093 3177 2158; x_wconf 75' lang='grc' dir='ltr'>ἔξωθεν</span> <span class='ocrx_word' id='word_1_310' title='bbox 3197 2092 3253 2146; x_wconf 83' lang='grc' dir='ltr'><strong>δὲ</strong></span> <span class='ocrx_word' id='word_1_311' title='bbox 3283 2091 3487 2157; x_wconf 79' lang='grc' dir='ltr'>κτίζειν</span> <span class='ocrx_word' id='word_1_312' title='bbox 3509 2092 3676 2162; x_wconf 82' lang='grc' dir='ltr'>ὑπάρ-</span> 
     </span>
    </p>
   </div>
   <div class='ocr_carea' id='block_1_48' title="bbox 2104 2179 3675 2258">
    <p class='ocr_par' dir='ltr' id='par_1_48' title="bbox 2104 2179 3675 2258">
     <span class='ocr_line' id='line_1_48' title="bbox 2104 2179 3675 2258; baseline -0.003 -18"><span class='ocrx_word' id='word_1_313' title='bbox 2104 2206 2209 2258; x_wconf 86' lang='grc' dir='ltr'>χει,</span> <span class='ocrx_word' id='word_1_314' title='bbox 2236 2187 2364 2258; x_wconf 90' lang='grc' dir='ltr'>παρ’</span> <span class='ocrx_word' id='word_1_315' title='bbox 2396 2179 2440 2254; x_wconf 84' lang='grc' dir='ltr'>ᾧ</span> <span class='ocrx_word' id='word_1_316' title='bbox 2468 2186 2523 2239; x_wconf 86' lang='grc' dir='ltr'><strong>δέ</strong></span> <span class='ocrx_word' id='word_1_317' title='bbox 2553 2186 2614 2238; x_wconf 82' lang='grc' dir='ltr'><strong>τὸ</strong></span> <span class='ocrx_word' id='word_1_318' title='bbox 2633 2187 2826 2256; x_wconf 82' lang='grc' dir='ltr'>γεννᾷν</span> <span class='ocrx_word' id='word_1_319' title='bbox 2846 2184 2925 2256; x_wconf 86' lang='grc' dir='ltr'>τῷ</span> <span class='ocrx_word' id='word_1_320' title='bbox 2958 2183 3161 2249; x_wconf 80' lang='grc' dir='ltr'>κτίζειν</span> <span class='ocrx_word' id='word_1_321' title='bbox 3198 2184 3414 2247; x_wconf 81' lang='grc' dir='ltr'>ταυτὸν,</span> <span class='ocrx_word' id='word_1_322' title='bbox 3442 2183 3506 2237; x_wconf 77' lang='grc' dir='ltr'><strong>τὸ</strong></span> <span class='ocrx_word' id='word_1_323' title='bbox 3551 2184 3675 2248; x_wconf 75' lang='grc' dir='ltr'><strong>ἔξω·</strong></span> 
     </span>
    </p>
   </div>
   <div class='ocr_carea' id='block_1_49' title="bbox 2105 2272 3674 2347">
    <p class='ocr_par' dir='ltr' id='par_1_49' title="bbox 2105 2272 3674 2347">
     <span class='ocr_line' id='line_1_49' title="bbox 2105 2272 3674 2347; baseline -0.003 -16"><span class='ocrx_word' id='word_1_324' title='bbox 2105 2279 2196 2331; x_wconf 91' lang='grc' dir='ltr'><strong>θεν</strong></span> <span class='ocrx_word' id='word_1_325' title='bbox 2228 2277 2430 2342; x_wconf 89' lang='grc' dir='ltr'>κτίζειν</span> <span class='ocrx_word' id='word_1_326' title='bbox 2451 2278 2549 2347; x_wconf 87' lang='grc' dir='ltr'><strong>οὐχ</strong></span> <span class='ocrx_word' id='word_1_327' title='bbox 2572 2277 2827 2346; x_wconf 85' lang='grc' dir='ltr'>ὑπάρχει,</span> <span class='ocrx_word' id='word_1_328' title='bbox 2879 2274 2954 2339; x_wconf 86' lang='grc' dir='ltr'>ὡς</span> <span class='ocrx_word' id='word_1_329' title='bbox 2983 2275 3104 2329; x_wconf 87' lang='grc' dir='ltr'><strong>ούδέ</strong></span> <span class='ocrx_word' id='word_1_330' title='bbox 3132 2274 3194 2328; x_wconf 81' lang='grc' dir='ltr'><strong>τὸ</strong></span> <span class='ocrx_word' id='word_1_331' title='bbox 3213 2272 3423 2327; x_wconf 68' lang='grc' dir='ltr'>οἴκοθεν</span> <span class='ocrx_word' id='word_1_332' title='bbox 3458 2275 3674 2342; x_wconf 77' lang='grc' dir='ltr'>γεννᾷν.</span> 
     </span>
    </p>
   </div>
   <div class='ocr_carea' id='block_1_50' title="bbox 2105 2366 3679 2439">
    <p class='ocr_par' dir='ltr' id='par_1_50' title="bbox 2105 2366 3679 2439">
     <span class='ocr_line' id='line_1_50' title="bbox 2105 2366 3679 2439; baseline -0.002 -17"><span class='ocrx_word' id='word_1_333' title='bbox 2105 2371 2166 2422; x_wconf 78' lang='lat' dir='ltr'><strong>El</strong></span> <span class='ocrx_word' id='word_1_334' title='bbox 2197 2370 2253 2423; x_wconf 82' lang='grc' dir='ltr'><strong>δὲ</strong></span> <span class='ocrx_word' id='word_1_335' title='bbox 2278 2369 2338 2423; x_wconf 87' lang='grc' dir='ltr'><strong>τὸ</strong></span> <span class='ocrx_word' id='word_1_336' title='bbox 2371 2369 2571 2432; x_wconf 80' lang='grc' dir='ltr'>ἔξωθεν</span> <span class='ocrx_word' id='word_1_337' title='bbox 2594 2369 2750 2438; x_wconf 86' lang='grc' dir='ltr'>μόνον</span> <span class='ocrx_word' id='word_1_338' title='bbox 2784 2368 2932 2438; x_wconf 74' lang='grc' dir='ltr'>αὐτῷ</span> <span class='ocrx_word' id='word_1_339' title='bbox 2960 2366 3351 2439; x_wconf 82' lang='grc' dir='ltr'>συγχωροῦσιν,</span> <span class='ocrx_word' id='word_1_340' title='bbox 3379 2369 3408 2421; x_wconf 84' lang='lat'><strong>6</strong></span> <span class='ocrx_word' id='word_1_341' title='bbox 3438 2369 3557 2419; x_wconf 82' lang='grc' dir='ltr'>ἐστι</span> <span class='ocrx_word' id='word_1_342' title='bbox 3585 2368 3679 2436; x_wconf 83' lang='grc' dir='ltr'>μὲν</span> 
     </span>
    </p>
   </div>
   <div class='ocr_carea' id='block_1_51' title="bbox 2105 2459 3678 2532">
    <p class='ocr_par' dir='ltr' id='par_1_51' title="bbox 2105 2459 3678 2532">
     <span class='ocr_line' id='line_1_51' title="bbox 2105 2459 3678 2532; baseline -0.001 -18"><span class='ocrx_word' id='word_1_343' title='bbox 2105 2464 2299 2528; x_wconf 85' lang='grc' dir='ltr'>ποιεῖν,</span> <span class='ocrx_word' id='word_1_344' title='bbox 2332 2463 2528 2532; x_wconf 82' lang='grc' dir='ltr'>γεννᾷν</span> <span class='ocrx_word' id='word_1_345' title='bbox 2558 2460 2615 2514; x_wconf 87' lang='grc' dir='ltr'><strong>δέ</strong></span> <span class='ocrx_word' id='word_1_346' title='bbox 2646 2462 2706 2514; x_wconf 80' lang='grc' dir='ltr'><strong>οὐ</strong></span> <span class='ocrx_word' id='word_1_347' title='bbox 2733 2460 2970 2527; x_wconf 82' lang='grc' dir='ltr'>θέλουσι,</span> <span class='ocrx_word' id='word_1_348' title='bbox 3028 2460 3175 2514; x_wconf 87' lang='grc' dir='ltr'>θέσει</span> <span class='ocrx_word' id='word_1_349' title='bbox 3217 2459 3370 2514; x_wconf 74' lang='grc' dir='ltr'>ἔσται</span> <span class='ocrx_word' id='word_1_350' title='bbox 3419 2459 3608 2531; x_wconf 83' lang='grc' dir='ltr'>πατὴρ</span> <span class='ocrx_word' id='word_1_351' title='bbox 3650 2459 3678 2511; x_wconf 86' lang='lat'><strong>6</strong></span> 
     </span>
    </p>
   </div>
   <div class='ocr_carea' id='block_1_52' title="bbox 2106 2552 2809 2624">
    <p class='ocr_par' dir='ltr' id='par_1_52' title="bbox 2106 2552 2809 2624">
     <span class='ocr_line' id='line_1_52' title="bbox 2106 2552 2809 2624; baseline -0.004 -16"><span class='ocrx_word' id='word_1_352' title='bbox 2106 2554 2249 2609; x_wconf 82' lang='grc' dir='ltr'>κατὰ</span> <span class='ocrx_word' id='word_1_353' title='bbox 2270 2552 2429 2624; x_wconf 85' lang='grc' dir='ltr'>φύσιν</span> <span class='ocrx_word' id='word_1_354' title='bbox 2459 2552 2809 2623; x_wconf 84' lang='grc' dir='ltr'>δημιουργός.</span> 
     </span>
    </p>
   </div>
   <div class='ocr_carea' id='block_1_53' title="bbox 2770 2749 2973 2803">
    <p class='ocr_par' dir='ltr' id='par_1_53' title="bbox 2770 2749 2973 2803">
     <span class='ocr_line' id='line_1_53' title="bbox 2770 2749 2973 2803; baseline 0 -2"><span class='ocrx_word' id='word_1_355' title='bbox 2770 2749 2973 2803; x_wconf 80' lang='grc' dir='ltr'>ΑΛΛΟ.</span> 
     </span>
    </p>
   </div>
   <div class='ocr_carea' id='block_1_54' title="bbox 2176 2855 3677 2934">
    <p class='ocr_par' dir='ltr' id='par_1_54' title="bbox 2176 2855 3677 2934">
     <span class='ocr_line' id='line_1_54' title="bbox 2176 2855 3677 2934; baseline -0.008 -16"><span class='ocrx_word' id='word_1_356' title='bbox 2176 2866 2238 2918; x_wconf 81' lang='lat' dir='ltr'><strong>EI</strong></span> <span class='ocrx_word' id='word_1_357' title='bbox 2291 2864 2350 2917; x_wconf 85' lang='grc' dir='ltr'><strong>τὸ</strong></span> <span class='ocrx_word' id='word_1_358' title='bbox 2390 2863 2584 2934; x_wconf 82' lang='grc' dir='ltr'>γεννᾷν</span> <span class='ocrx_word' id='word_1_359' title='bbox 2634 2861 2728 2914; x_wconf 76' lang='grc' dir='ltr'><strong>καὶ</strong></span> <span class='ocrx_word' id='word_1_360' title='bbox 2763 2860 2825 2913; x_wconf 84' lang='grc' dir='ltr'><strong>τὸ</strong></span> <span class='ocrx_word' id='word_1_361' title='bbox 2869 2857 3076 2923; x_wconf 80' lang='grc' dir='ltr'>κτίζειν</span> <span class='ocrx_word' id='word_1_362' title='bbox 3115 2857 3267 2927; x_wconf 89' lang='grc' dir='ltr'><strong>παρά</strong></span> <span class='ocrx_word' id='word_1_363' title='bbox 3298 2855 3438 2926; x_wconf 86' lang='grc' dir='ltr'>Θεῷ,</span> <span class='ocrx_word' id='word_1_364' title='bbox 3493 2855 3677 2925; x_wconf 79' lang='grc' dir='ltr'>ἐπειδὴ</span> 
     </span>
    </p>
   </div>
   <div class='ocr_carea' id='block_1_55' title="bbox 2108 2950 3676 3021">
    <p class='ocr_par' dir='ltr' id='par_1_55' title="bbox 2108 2950 3676 3021">
     <span class='ocr_line' id='line_1_55' title="bbox 2108 2950 3676 3021; baseline -0.008 -10"><span class='ocrx_word' id='word_1_365' title='bbox 2108 2956 2418 3021; x_wconf 84' lang='grc' dir='ltr'>ἀσύνθετος,</span> <span class='ocrx_word' id='word_1_366' title='bbox 2443 2953 2635 3007; x_wconf 90' lang='grc' dir='ltr'>ταυτόν</span> <span class='ocrx_word' id='word_1_367' title='bbox 2665 2953 2833 3014; x_wconf 87' lang='grc' dir='ltr'>ἐστιν,</span> <span class='ocrx_word' id='word_1_368' title='bbox 2864 2952 3047 3005; x_wconf 79' lang='grc' dir='ltr'>οὐκέτι</span> <span class='ocrx_word' id='word_1_369' title='bbox 3100 2950 3157 3004; x_wconf 86' lang='grc' dir='ltr'><strong>δέ</strong></span> <span class='ocrx_word' id='word_1_370' title='bbox 3208 2951 3302 3003; x_wconf 72' lang='grc' dir='ltr'><strong>καὶ</strong></span> <span class='ocrx_word' id='word_1_371' title='bbox 3335 2950 3465 3019; x_wconf 85' lang='grc' dir='ltr'>παρ’</span> <span class='ocrx_word' id='word_1_372' title='bbox 3512 2950 3676 3017; x_wconf 82' lang='grc' dir='ltr'>ἡμῖν,</span> 
     </span>
    </p>
   </div>
   <div class='ocr_carea' id='block_1_56' title="bbox 2107 3041 3679 3121">
    <p class='ocr_par' dir='ltr' id='par_1_56' title="bbox 2107 3041 3679 3121">
     <span class='ocr_line' id='line_1_56' title="bbox 2107 3041 3679 3121; baseline -0.008 -17"><span class='ocrx_word' id='word_1_373' title='bbox 2107 3051 2229 3105; x_wconf 72' lang='grc' dir='ltr'>ἐπεὶ</span> <span class='ocrx_word' id='word_1_374' title='bbox 2265 3049 2339 3121; x_wconf 82' lang='grc' dir='ltr'><strong>μὴ</strong></span> <span class='ocrx_word' id='word_1_375' title='bbox 2364 3048 2615 3113; x_wconf 79' lang='grc' dir='ltr'>τοιοῦτοι,</span> <span class='ocrx_word' id='word_1_376' title='bbox 2638 3046 2790 3100; x_wconf 83' lang='grc' dir='ltr'>ἔσται</span> <span class='ocrx_word' id='word_1_377' title='bbox 2808 3045 3004 3098; x_wconf 84' lang='grc' dir='ltr'>ταυτὸν</span> <span class='ocrx_word' id='word_1_378' title='bbox 3038 3045 3164 3114; x_wconf 87' lang='grc' dir='ltr'>παρ’</span> <span class='ocrx_word' id='word_1_379' title='bbox 3183 3042 3330 3112; x_wconf 83' lang='grc' dir='ltr'>αὐτῷ</span> <span class='ocrx_word' id='word_1_380' title='bbox 3347 3041 3407 3095; x_wconf 85' lang='grc' dir='ltr'><strong>τὸ</strong></span> <span class='ocrx_word' id='word_1_381' title='bbox 3435 3043 3679 3111; x_wconf 78' lang='grc' dir='ltr'>προνοεῖν</span> 
     </span>
    </p>
   </div>
   <div class='ocr_carea' id='block_1_57' title="bbox 434 3132 2000 3216">
    <p class='ocr_par' dir='ltr' id='par_1_57' title="bbox 434 3132 1993 3208">
     <span class='ocr_line' id='line_1_57' title="bbox 434 3132 1993 3208; baseline 0.004 -23"><span class='ocrx_word' id='word_1_382' title='bbox 434 3146 647 3185; x_wconf 85' lang='lat' dir='ltr'><strong>nerare.</strong></span> <span class='ocrx_word' id='word_1_383' title='bbox 667 3132 783 3187; x_wconf 79' lang='lat' dir='ltr'><strong>Non</strong></span> <span class='ocrx_word' id='word_1_384' title='bbox 806 3132 949 3187; x_wconf 90' lang='lat' dir='ltr'><strong>eniin</strong></span> <span class='ocrx_word' id='word_1_385' title='bbox 979 3135 1080 3189; x_wconf 91' lang='lat' dir='ltr'><strong>hoc</strong></span> <span class='ocrx_word' id='word_1_386' title='bbox 1116 3137 1167 3189; x_wconf 91' lang='lat' dir='ltr'><strong>in</strong></span> <span class='ocrx_word' id='word_1_387' title='bbox 1194 3137 1349 3191; x_wconf 88' lang='lat' dir='ltr'><strong>nobis</strong></span> <span class='ocrx_word' id='word_1_388' title='bbox 1374 3137 1514 3191; x_wconf 90' lang='lat' dir='ltr'><strong>idem</strong></span> <span class='ocrx_word' id='word_1_389' title='bbox 1546 3148 1648 3203; x_wconf 89' lang='lat' dir='ltr'><strong>est,</strong></span> <span class='ocrx_word' id='word_1_390' title='bbox 1684 3141 1808 3208; x_wconf 86' lang='lat' dir='ltr'><strong>quia</strong></span> <span class='ocrx_word' id='word_1_391' title='bbox 1848 3153 1993 3192; x_wconf 58' lang='lat' dir='ltr'><strong>como</strong></span> 
     </span>
    </p>
   </div>
   <div class='ocr_carea' id='block_1_58' title="bbox 2116 3132 3679 3216">
    <p class='ocr_par' dir='ltr' id='par_1_58' title="bbox 2116 3132 3679 3216">
     <span class='ocr_line' id='line_1_58' title="bbox 2116 3132 3679 3216; baseline -0.008 -19"><span class='ocrx_word' id='word_1_392' title='bbox 2116 3144 2182 3216; x_wconf 76' lang='grc' dir='ltr'><strong>τῷ</strong></span> <span class='ocrx_word' id='word_1_393' title='bbox 2211 3144 2422 3213; x_wconf 85' lang='grc' dir='ltr'>γεννᾷν.</span> <span class='ocrx_word' id='word_1_394' title='bbox 2446 3141 2519 3193; x_wconf 80' lang='grc' dir='ltr'><strong>Οὐ</strong></span> <span class='ocrx_word' id='word_1_395' title='bbox 2542 3140 2651 3211; x_wconf 85' lang='grc' dir='ltr'>γὰρ</span> <span class='ocrx_word' id='word_1_396' title='bbox 2669 3139 2836 3194; x_wconf 78' lang='grc' dir='ltr'>ταυτὸ</span> <span class='ocrx_word' id='word_1_397' title='bbox 2864 3135 3023 3190; x_wconf 80' lang='grc' dir='ltr'>τοῦτο</span> <span class='ocrx_word' id='word_1_398' title='bbox 3048 3137 3176 3206; x_wconf 81' lang='grc' dir='ltr'>παρ’</span> <span class='ocrx_word' id='word_1_399' title='bbox 3198 3137 3350 3207; x_wconf 85' lang='grc' dir='ltr'>ἡμῖν,</span> <span class='ocrx_word' id='word_1_400' title='bbox 3379 3134 3465 3187; x_wconf 84' lang='grc' dir='ltr'>ὅτι</span> <span class='ocrx_word' id='word_1_401' title='bbox 3495 3132 3679 3186; x_wconf 84' lang='grc' dir='ltr'>σύνθε-</span> 
     </span>
    </p>
   </div>
   <div class='ocr_carea' id='block_1_59' title="bbox 435 3220 2000 3291">
    <p class='ocr_par' dir='ltr' id='par_1_59' title="bbox 435 3220 2000 3291">
     <span class='ocr_line' id='line_1_59' title="bbox 435 3220 2000 3291; baseline 0.003 -18"><span class='ocrx_word' id='word_1_402' title='bbox 435 3221 593 3290; x_wconf 83' lang='lat' dir='ltr'><strong>positi</strong></span> <span class='ocrx_word' id='word_1_403' title='bbox 618 3236 825 3276; x_wconf 85' lang='lat' dir='ltr'><strong>sumus.</strong></span> <span class='ocrx_word' id='word_1_404' title='bbox 851 3220 907 3277; x_wconf 82' lang='lat' dir='ltr'><strong>Si</strong></span> <span class='ocrx_word' id='word_1_405' title='bbox 944 3238 1071 3277; x_wconf 89' lang='lat' dir='ltr'><strong>vero</strong></span> <span class='ocrx_word' id='word_1_406' title='bbox 1092 3226 1317 3291; x_wconf 85' lang='lat' dir='ltr'><strong>simplex</strong></span> <span class='ocrx_word' id='word_1_407' title='bbox 1350 3226 1493 3280; x_wconf 88' lang='lat' dir='ltr'><strong>illius</strong></span> <span class='ocrx_word' id='word_1_408' title='bbox 1524 3236 1714 3280; x_wconf 88' lang='lat' dir='ltr'><strong>natura</strong></span> <span class='ocrx_word' id='word_1_409' title='bbox 1754 3235 1806 3279; x_wconf 89' lang='lat' dir='ltr'><strong>et</strong></span> <span class='ocrx_word' id='word_1_410' title='bbox 1854 3242 2000 3280; x_wconf 84' lang='lat' dir='ltr'><strong>com-</strong></span> 
     </span>
    </p>
   </div>
   <div class='ocr_carea' id='block_1_60' title="bbox 434 3312 2000 3384">
    <p class='ocr_par' dir='ltr' id='par_1_60' title="bbox 434 3312 2000 3384">
     <span class='ocr_line' id='line_1_60' title="bbox 434 3312 2000 3384; baseline 0.003 -19"><span class='ocrx_word' id='word_1_411' title='bbox 434 3312 716 3377; x_wconf 86' lang='lat' dir='ltr'><strong>positionis</strong></span> <span class='ocrx_word' id='word_1_412' title='bbox 743 3328 956 3382; x_wconf 84' lang='lat' dir='ltr'><strong>expers,</strong></span> <span class='ocrx_word' id='word_1_413' title='bbox 1014 3328 1134 3368; x_wconf 88' lang='lat' dir='ltr'><strong>eam</strong></span> <span class='ocrx_word' id='word_1_414' title='bbox 1187 3331 1306 3384; x_wconf 66' lang='lat' dir='ltr'><strong>qua:</strong></span> <span class='ocrx_word' id='word_1_415' title='bbox 1334 3317 1386 3371; x_wconf 91' lang='lat' dir='ltr'><strong>in</strong></span> <span class='ocrx_word' id='word_1_416' title='bbox 1413 3316 1568 3372; x_wconf 83' lang='lat' dir='ltr'><strong>nobis</strong></span> <span class='ocrx_word' id='word_1_417' title='bbox 1601 3326 1705 3382; x_wconf 91' lang='lat' dir='ltr'><strong>est,</strong></span> <span class='ocrx_word' id='word_1_418' title='bbox 1743 3316 2000 3371; x_wconf 75' lang='lat' dir='ltr'><strong>differen-</strong></span> 
     </span>
    </p>
   </div>
   <div class='ocr_carea' id='block_1_61' title="bbox 435 3404 2003 3476">
    <p class='ocr_par' dir='ltr' id='par_1_61' title="bbox 435 3404 2003 3476">
     <span class='ocr_line' id='line_1_61' title="bbox 435 3404 2003 3476; baseline 0.003 -22"><span class='ocrx_word' id='word_1_419' title='bbox 435 3404 586 3469; x_wconf 90' lang='lat' dir='ltr'><strong>tiam,</strong></span> <span class='ocrx_word' id='word_1_420' title='bbox 623 3420 727 3457; x_wconf 93' lang='lat' dir='ltr'><strong>non</strong></span> <span class='ocrx_word' id='word_1_421' title='bbox 762 3405 1032 3460; x_wconf 82' lang='lat' dir='ltr'><strong>diversam</strong></span> <span class='ocrx_word' id='word_1_422' title='bbox 1065 3406 1132 3460; x_wconf 85' lang='lat' dir='ltr'><strong>ab</strong></span> <span class='ocrx_word' id='word_1_423' title='bbox 1165 3420 1230 3461; x_wconf 89' lang='lat' dir='ltr'><strong>eo</strong></span> <span class='ocrx_word' id='word_1_424' title='bbox 1277 3422 1396 3462; x_wconf 89' lang='lat' dir='ltr'><strong>esse</strong></span> <span class='ocrx_word' id='word_1_425' title='bbox 1419 3409 1634 3476; x_wconf 90' lang='lat' dir='ltr'><strong>coegit:</strong></span> <span class='ocrx_word' id='word_1_426' title='bbox 1664 3422 1730 3462; x_wconf 93' lang='lat' dir='ltr'><strong>ne</strong></span> <span class='ocrx_word' id='word_1_427' title='bbox 1757 3407 1857 3462; x_wconf 90' lang='lat' dir='ltr'><strong>hoc</strong></span> <span class='ocrx_word' id='word_1_428' title='bbox 1891 3409 2003 3476; x_wconf 86' lang='lat' dir='ltr'><strong>qui-</strong></span> 
     </span>
    </p>
   </div>
   <div class='ocr_carea' id='block_1_62' title="bbox 436 3494 2004 3564">
    <p class='ocr_par' dir='ltr' id='par_1_62' title="bbox 436 3494 2004 3564">
     <span class='ocr_line' id='line_1_62' title="bbox 436 3494 2004 3564; baseline 0.006 -21"><span class='ocrx_word' id='word_1_429' title='bbox 436 3494 555 3547; x_wconf 90' lang='lat' dir='ltr'><strong>dem</strong></span> <span class='ocrx_word' id='word_1_430' title='bbox 583 3495 726 3563; x_wconf 92' lang='lat' dir='ltr'><strong>quod</strong></span> <span class='ocrx_word' id='word_1_431' title='bbox 754 3497 913 3551; x_wconf 89' lang='lat' dir='ltr'><strong>aliter</strong></span> <span class='ocrx_word' id='word_1_432' title='bbox 941 3504 1183 3563; x_wconf 83' lang='lat' dir='ltr'><strong>generet,</strong></span> <span class='ocrx_word' id='word_1_433' title='bbox 1222 3496 1383 3553; x_wconf 87' lang='lat' dir='ltr'><strong>aliter</strong></span> <span class='ocrx_word' id='word_1_434' title='bbox 1407 3510 1577 3564; x_wconf 86' lang='lat' dir='ltr'><strong>creet,</strong></span> <span class='ocrx_word' id='word_1_435' title='bbox 1615 3498 1810 3554; x_wconf 77' lang='lat' dir='ltr'><strong>elﬁciet</strong></span> <span class='ocrx_word' id='word_1_436' title='bbox 1841 3508 1898 3553; x_wconf 92' lang='lat' dir='ltr'><strong>ut</strong></span> <span class='ocrx_word' id='word_1_437' title='bbox 1930 3498 2004 3553; x_wconf 89' lang='lat' dir='ltr'><strong>sit</strong></span> 
     </span>
    </p>
   </div>
   <div class='ocr_carea' id='block_1_63' title="bbox 435 3589 785 3657">
    <p class='ocr_par' dir='ltr' id='par_1_63' title="bbox 435 3589 785 3657">
     <span class='ocr_line' id='line_1_63' title="bbox 435 3589 785 3657; baseline 0 -16"><span class='ocrx_word' id='word_1_438' title='bbox 435 3589 785 3657; x_wconf 86' lang='lat' dir='ltr'><strong>compositus.</strong></span> 
     </span>
    </p>
   </div>
   <div class='ocr_carea' id='block_1_64' title="bbox 1108 3702 1332 3759">
    <p class='ocr_par' dir='ltr' id='par_1_64' title="bbox 1108 3702 1332 3759">
     <span class='ocr_line' id='line_1_64' title="bbox 1108 3702 1332 3759; baseline 0.004 -2"><span class='ocrx_word' id='word_1_439' title='bbox 1108 3702 1332 3759; x_wconf 85' lang='lat' dir='ltr'><strong>ALIUD.</strong></span> 
     </span>
    </p>
   </div>
   <div class='ocr_carea' id='block_1_65' title="bbox 509 3812 2002 3887">
    <p class='ocr_par' dir='ltr' id='par_1_65' title="bbox 509 3812 2002 3887">
     <span class='ocr_line' id='line_1_65' title="bbox 509 3812 2002 3887; baseline 0.007 -22"><span class='ocrx_word' id='word_1_440' title='bbox 509 3812 563 3866; x_wconf 93' lang='lat' dir='ltr'><strong>Si</strong></span> <span class='ocrx_word' id='word_1_441' title='bbox 610 3828 865 3883; x_wconf 80' lang='lat' dir='ltr'><strong>generare</strong></span> <span class='ocrx_word' id='word_1_442' title='bbox 901 3815 1041 3869; x_wconf 89' lang='lat' dir='ltr'><strong>idem</strong></span> <span class='ocrx_word' id='word_1_443' title='bbox 1075 3827 1158 3871; x_wconf 91' lang='lat' dir='ltr'><strong>est</strong></span> <span class='ocrx_word' id='word_1_444' title='bbox 1182 3819 1326 3885; x_wconf 92' lang='lat' dir='ltr'><strong>quod</strong></span> <span class='ocrx_word' id='word_1_445' title='bbox 1352 3831 1561 3883; x_wconf 90' lang='lat' dir='ltr'><strong>creare,</strong></span> <span class='ocrx_word' id='word_1_446' title='bbox 1608 3833 1875 3887; x_wconf 85' lang='lat' dir='ltr'><strong>generans</strong></span> <span class='ocrx_word' id='word_1_447' title='bbox 1900 3822 2002 3874; x_wconf 90' lang='lat' dir='ltr'><strong>erit</strong></span> 
     </span>
    </p>
   </div>
   <div class='ocr_carea' id='block_1_66' title="bbox 437 3905 2002 3978">
    <p class='ocr_par' dir='ltr' id='par_1_66' title="bbox 437 3905 2002 3978">
     <span class='ocr_line' id='line_1_66' title="bbox 437 3905 2002 3978; baseline 0.005 -21"><span class='ocrx_word' id='word_1_448' title='bbox 437 3919 625 3958; x_wconf 88' lang='lat' dir='ltr'><strong>creans</strong></span> <span class='ocrx_word' id='word_1_449' title='bbox 652 3905 702 3958; x_wconf 93' lang='lat' dir='ltr'><strong>id</strong></span> <span class='ocrx_word' id='word_1_450' title='bbox 761 3906 901 3975; x_wconf 90' lang='lat' dir='ltr'><strong>quod</strong></span> <span class='ocrx_word' id='word_1_451' title='bbox 958 3918 1275 3976; x_wconf 85' lang='lat' dir='ltr'><strong>generatum</strong></span> <span class='ocrx_word' id='word_1_452' title='bbox 1340 3918 1442 3972; x_wconf 90' lang='lat' dir='ltr'><strong>est,</strong></span> <span class='ocrx_word' id='word_1_453' title='bbox 1508 3918 1563 3962; x_wconf 90' lang='lat' dir='ltr'><strong>et</strong></span> <span class='ocrx_word' id='word_1_454' title='bbox 1619 3924 1887 3978; x_wconf 90' lang='lat' dir='ltr'><strong>generans</strong></span> <span class='ocrx_word' id='word_1_455' title='bbox 1952 3913 2002 3965; x_wconf 89' lang='lat' dir='ltr'><strong>id</strong></span> 
     </span>
    </p>
   </div>
   <div class='ocr_carea' id='block_1_67' title="bbox 434 3996 2003 4064">
    <p class='ocr_par' dir='ltr' id='par_1_67' title="bbox 434 3996 2003 4064">
     <span class='ocr_line' id='line_1_67' title="bbox 434 3996 2003 4064; baseline 0.009 -19"><span class='ocrx_word' id='word_1_456' title='bbox 434 3996 576 4064; x_wconf 86' lang='lat' dir='ltr'><strong>quod</strong></span> <span class='ocrx_word' id='word_1_457' title='bbox 599 4007 838 4051; x_wconf 89' lang='lat' dir='ltr'><strong>creatum</strong></span> <span class='ocrx_word' id='word_1_458' title='bbox 869 4007 969 4054; x_wconf 87' lang='lat' dir='ltr'><strong>est.</strong></span> <span class='ocrx_word' id='word_1_459' title='bbox 994 3999 1064 4054; x_wconf 85' lang='lat' dir='ltr'><strong>At</strong></span> <span class='ocrx_word' id='word_1_460' title='bbox 1095 4014 1223 4053; x_wconf 91' lang='lat' dir='ltr'><strong>vero</strong></span> <span class='ocrx_word' id='word_1_461' title='bbox 1280 3999 1459 4053; x_wconf 88' lang='lat' dir='ltr'><strong>facere</strong></span> <span class='ocrx_word' id='word_1_462' title='bbox 1512 4000 1626 4055; x_wconf 86' lang='lat' dir='ltr'><strong>sive</strong></span> <span class='ocrx_word' id='word_1_463' title='bbox 1668 4016 1858 4058; x_wconf 91' lang='lat' dir='ltr'><strong>creare</strong></span> <span class='ocrx_word' id='word_1_464' title='bbox 1915 4015 2003 4059; x_wconf 90' lang='lat' dir='ltr'><strong>est</strong></span> 
     </span>
    </p>
   </div>
   <div class='ocr_carea' id='block_1_68' title="bbox 436 4091 2000 4160">
    <p class='ocr_par' dir='ltr' id='par_1_68' title="bbox 436 4091 2000 4160">
     <span class='ocr_line' id='line_1_68' title="bbox 436 4091 2000 4160; baseline 0.006 -19"><span class='ocrx_word' id='word_1_465' title='bbox 436 4091 785 4155; x_wconf 82' lang='lat' dir='ltr'><strong>Operationis,</strong></span> <span class='ocrx_word' id='word_1_466' title='bbox 843 4105 1105 4160; x_wconf 83' lang='lat' dir='ltr'><strong>generare</strong></span> <span class='ocrx_word' id='word_1_467' title='bbox 1134 4108 1260 4147; x_wconf 84' lang='lat' dir='ltr'><strong>vero</strong></span> <span class='ocrx_word' id='word_1_468' title='bbox 1289 4101 1511 4147; x_wconf 51' lang='lat' dir='ltr'><strong>naturae.</strong></span> <span class='ocrx_word' id='word_1_469' title='bbox 1546 4092 1748 4147; x_wconf 86' lang='lat' dir='ltr'><strong>Natura</strong></span> <span class='ocrx_word' id='word_1_470' title='bbox 1821 4105 2000 4150; x_wconf 91' lang='lat' dir='ltr'><strong>autem</strong></span> 
     </span>
    </p>
   </div>
   <div class='ocr_carea' id='block_1_69' title="bbox 436 4184 2003 4257">
    <p class='ocr_par' dir='ltr' id='par_1_69' title="bbox 436 4184 2003 4257">
     <span class='ocr_line' id='line_1_69' title="bbox 436 4184 2003 4257; baseline 0.006 -24"><span class='ocrx_word' id='word_1_471' title='bbox 436 4190 493 4233; x_wconf 88' lang='lat' dir='ltr'><strong>et</strong></span> <span class='ocrx_word' id='word_1_472' title='bbox 519 4184 758 4250; x_wconf 82' lang='lat' dir='ltr'><strong>Operatio</strong></span> <span class='ocrx_word' id='word_1_473' title='bbox 778 4198 883 4236; x_wconf 88' lang='lat' dir='ltr'><strong>non</strong></span> <span class='ocrx_word' id='word_1_474' title='bbox 906 4192 1028 4239; x_wconf 89' lang='lat' dir='ltr'><strong>sunt</strong></span> <span class='ocrx_word' id='word_1_475' title='bbox 1057 4184 1197 4239; x_wconf 91' lang='lat' dir='ltr'><strong>idem</strong></span> <span class='ocrx_word' id='word_1_476' title='bbox 1222 4199 1239 4238; x_wconf 89' lang='lat'><strong>:</strong></span> <span class='ocrx_word' id='word_1_477' title='bbox 1264 4199 1525 4254; x_wconf 89' lang='lat' dir='ltr'><strong>generare</strong></span> <span class='ocrx_word' id='word_1_478' title='bbox 1546 4185 1711 4257; x_wconf 78' lang='lat' dir='ltr'><strong>igitur</strong></span> <span class='ocrx_word' id='word_1_479' title='bbox 1730 4195 1784 4241; x_wconf 93' lang='lat' dir='ltr'><strong>et</strong></span> <span class='ocrx_word' id='word_1_480' title='bbox 1815 4202 2003 4244; x_wconf 88' lang='lat' dir='ltr'><strong>creare</strong></span> 
     </span>
    </p>
   </div>
   <div class='ocr_carea' id='block_1_70' title="bbox 437 4273 890 4329">
    <p class='ocr_par' dir='ltr' id='par_1_70' title="bbox 437 4273 890 4329">
     <span class='ocr_line' id='line_1_70' title="bbox 437 4273 890 4329; baseline 0.004 -4"><span class='ocrx_word' id='word_1_481' title='bbox 437 4288 541 4326; x_wconf 86' lang='lat' dir='ltr'><strong>non</strong></span> <span class='ocrx_word' id='word_1_482' title='bbox 571 4281 695 4326; x_wconf 87' lang='lat' dir='ltr'><strong>sunt</strong></span> <span class='ocrx_word' id='word_1_483' title='bbox 728 4273 890 4329; x_wconf 88' lang='lat' dir='ltr'><strong>idem.</strong></span> 
     </span>
    </p>
   </div>
   <div class='ocr_carea' id='block_1_71' title="bbox 1096 4388 1326 4445">
    <p class='ocr_par' dir='ltr' id='par_1_71' title="bbox 1096 4388 1326 4445">
     <span class='ocr_line' id='line_1_71' title="bbox 1096 4388 1326 4445; baseline 0.009 -3"><span class='ocrx_word' id='word_1_484' title='bbox 1096 4388 1326 4445; x_wconf 83' lang='lat' dir='ltr'><strong>ALIUD.</strong></span> 
     </span>
    </p>
   </div>
   <div class='ocr_carea' id='block_1_72' title="bbox 2109 3219 3678 3298">
    <p class='ocr_par' dir='ltr' id='par_1_72' title="bbox 2109 3219 3678 3298">
     <span class='ocr_line' id='line_1_72' title="bbox 2109 3219 3678 3298; baseline -0.009 -7"><span class='ocrx_word' id='word_1_485' title='bbox 2109 3256 2208 3292; x_wconf 91' lang='grc' dir='ltr'>τοι·</span> <span class='ocrx_word' id='word_1_486' title='bbox 2232 3239 2279 3289; x_wconf 77' lang='grc' dir='ltr'>εἰ</span> <span class='ocrx_word' id='word_1_487' title='bbox 2312 3219 2368 3289; x_wconf 75' lang='grc' dir='ltr'>δὲ</span> <span class='ocrx_word' id='word_1_488' title='bbox 2392 3236 2452 3289; x_wconf 85' lang='grc' dir='ltr'><strong>τὸ</strong></span> <span class='ocrx_word' id='word_1_489' title='bbox 2485 3233 2689 3287; x_wconf 76' lang='grc' dir='ltr'>ἁπλοῦν</span> <span class='ocrx_word' id='word_1_490' title='bbox 2731 3230 2896 3285; x_wconf 80' lang='grc' dir='ltr'>αὑτοῦ</span> <span class='ocrx_word' id='word_1_491' title='bbox 2939 3230 3033 3283; x_wconf 83' lang='grc' dir='ltr'>καὶ</span> <span class='ocrx_word' id='word_1_492' title='bbox 3069 3228 3360 3282; x_wconf 87' lang='grc' dir='ltr'>ἀσύνθετον</span> <span class='ocrx_word' id='word_1_493' title='bbox 3414 3227 3515 3298; x_wconf 83' lang='grc' dir='ltr'>τὴν</span> <span class='ocrx_word' id='word_1_494' title='bbox 3555 3224 3678 3294; x_wconf 84' lang='grc' dir='ltr'>παρ’</span> 
     </span>
    </p>
   </div>
   <div class='ocr_carea' id='block_1_73' title="bbox 2110 3317 3678 3400">
    <p class='ocr_par' dir='ltr' id='par_1_73' title="bbox 2110 3317 3678 3400">
     <span class='ocr_line' id='line_1_73' title="bbox 2110 3317 3678 3400; baseline -0.006 -19"><span class='ocrx_word' id='word_1_495' title='bbox 2110 3332 2239 3400; x_wconf 83' lang='grc' dir='ltr'>ἡμῖν</span> <span class='ocrx_word' id='word_1_496' title='bbox 2261 3327 2521 3397; x_wconf 82' lang='grc' dir='ltr'>διαφορὰν</span> <span class='ocrx_word' id='word_1_497' title='bbox 2544 3327 2644 3379; x_wconf 85' lang='grc' dir='ltr'><strong>οὐκ</strong></span> <span class='ocrx_word' id='word_1_498' title='bbox 2678 3325 2897 3378; x_wconf 84' lang='grc' dir='ltr'>ἀλλοίαν</span> <span class='ocrx_word' id='word_1_499' title='bbox 2930 3317 3068 3375; x_wconf 72' lang='grc' dir='ltr'>εἶναι</span> <span class='ocrx_word' id='word_1_500' title='bbox 3106 3322 3238 3390; x_wconf 78' lang='grc' dir='ltr'>παρ’</span> <span class='ocrx_word' id='word_1_501' title='bbox 3272 3318 3423 3388; x_wconf 83' lang='grc' dir='ltr'>αὐτῷ</span> <span class='ocrx_word' id='word_1_502' title='bbox 3468 3318 3678 3385; x_wconf 72' lang='grc' dir='ltr'>ἐξεϐιά-</span> 
     </span>
    </p>
   </div>
   <div class='ocr_carea' id='block_1_74' title="bbox 2112 3412 3677 3489">
    <p class='ocr_par' dir='ltr' id='par_1_74' title="bbox 2112 3412 3677 3489">
     <span class='ocr_line' id='line_1_74' title="bbox 2112 3412 3677 3489; baseline -0.008 -14"><span class='ocrx_word' id='word_1_503' title='bbox 2112 3439 2259 3485; x_wconf 88' lang='grc' dir='ltr'>σατο,</span> <span class='ocrx_word' id='word_1_504' title='bbox 2277 3421 2396 3474; x_wconf 86' lang='grc' dir='ltr'><strong>ούδέ</strong></span> <span class='ocrx_word' id='word_1_505' title='bbox 2422 3420 2484 3473; x_wconf 82' lang='grc' dir='ltr'>τὸ</span> <span class='ocrx_word' id='word_1_506' title='bbox 2507 3419 2701 3489; x_wconf 82' lang='grc' dir='ltr'>γεννᾷν</span> <span class='ocrx_word' id='word_1_507' title='bbox 2726 3417 2886 3471; x_wconf 81' lang='grc' dir='ltr'>αὐτὸν</span> <span class='ocrx_word' id='word_1_508' title='bbox 2906 3415 3099 3478; x_wconf 80' lang='grc' dir='ltr'>ἄλλως,</span> <span class='ocrx_word' id='word_1_509' title='bbox 3118 3416 3211 3467; x_wconf 75' lang='grc' dir='ltr'>καὶ</span> <span class='ocrx_word' id='word_1_510' title='bbox 3231 3413 3435 3478; x_wconf 78' lang='grc' dir='ltr'>κτίζειν</span> <span class='ocrx_word' id='word_1_511' title='bbox 3457 3412 3677 3482; x_wconf 87' lang='grc' dir='ltr'>ἐτέρως,</span> 
     </span>
    </p>
   </div>
   <div class='ocr_carea' id='block_1_75' title="bbox 2112 3501 3329 3583">
    <p class='ocr_par' dir='ltr' id='par_1_75' title="bbox 2112 3501 3329 3583">
     <span class='ocr_line' id='line_1_75' title="bbox 2112 3501 3329 3583; baseline -0.007 -18"><span class='ocrx_word' id='word_1_512' title='bbox 2112 3511 2363 3583; x_wconf 81' lang='grc' dir='ltr'>στέρησιν</span> <span class='ocrx_word' id='word_1_513' title='bbox 2394 3509 2539 3580; x_wconf 77' lang='grc' dir='ltr'>αύτῷ</span> <span class='ocrx_word' id='word_1_514' title='bbox 2570 3507 2663 3563; x_wconf 79' lang='grc' dir='ltr'>τοῦ</span> <span class='ocrx_word' id='word_1_515' title='bbox 2695 3505 2988 3561; x_wconf 81' lang='grc' dir='ltr'>ἀσυνθέτου</span> <span class='ocrx_word' id='word_1_516' title='bbox 3019 3501 3329 3574; x_wconf 77' lang='grc' dir='ltr'>ἐργάζεται.</span> 
     </span>
    </p>
   </div>
   <div class='ocr_carea' id='block_1_76' title="bbox 2800 3707 3001 3761">
    <p class='ocr_par' dir='ltr' id='par_1_76' title="bbox 2800 3707 3001 3761">
     <span class='ocr_line' id='line_1_76' title="bbox 2800 3707 3001 3761; baseline 0.01 -2"><span class='ocrx_word' id='word_1_517' title='bbox 2800 3707 3001 3761; x_wconf 81' lang='grc' dir='ltr'><strong>ΑΛΛΟ.</strong></span> 
     </span>
    </p>
   </div>
   <div class='ocr_carea' id='block_1_77' title="bbox 2181 3812 3678 3895">
    <p class='ocr_par' dir='ltr' id='par_1_77' title="bbox 2181 3812 3678 3895">
     <span class='ocr_line' id='line_1_77' title="bbox 2181 3812 3678 3895; baseline -0.01 -16"><span class='ocrx_word' id='word_1_518' title='bbox 2181 3825 2244 3879; x_wconf 77' lang='grc' dir='ltr'><strong>Εἰ</strong></span> <span class='ocrx_word' id='word_1_519' title='bbox 2267 3824 2342 3895; x_wconf 85' lang='grc' dir='ltr'>τῷ</span> <span class='ocrx_word' id='word_1_520' title='bbox 2361 3823 2553 3892; x_wconf 81' lang='grc' dir='ltr'>γεννᾷν</span> <span class='ocrx_word' id='word_1_521' title='bbox 2582 3820 2775 3875; x_wconf 87' lang='grc' dir='ltr'>ταυτόν</span> <span class='ocrx_word' id='word_1_522' title='bbox 2809 3821 2925 3872; x_wconf 91' lang='grc' dir='ltr'>ἐστι</span> <span class='ocrx_word' id='word_1_523' title='bbox 2949 3818 3008 3871; x_wconf 81' lang='grc' dir='ltr'><strong>τὸ</strong></span> <span class='ocrx_word' id='word_1_524' title='bbox 3034 3818 3223 3879; x_wconf 83' lang='grc' dir='ltr'>ποιεῖν,</span> <span class='ocrx_word' id='word_1_525' title='bbox 3246 3818 3274 3869; x_wconf 99' lang='lat'><strong>6</strong></span> <span class='ocrx_word' id='word_1_526' title='bbox 3297 3813 3499 3882; x_wconf 80' lang='grc' dir='ltr'>γεννῶν</span> <span class='ocrx_word' id='word_1_527' title='bbox 3532 3812 3678 3865; x_wconf 73' lang='grc' dir='ltr'>ἔσται</span> 
     </span>
    </p>
   </div>
   <div class='ocr_carea' id='block_1_78' title="bbox 2112 3905 3677 3983">
    <p class='ocr_par' dir='ltr' id='par_1_78' title="bbox 2112 3905 3677 3983">
     <span class='ocr_line' id='line_1_78' title="bbox 2112 3905 3677 3983; baseline -0.008 -13"><span class='ocrx_word' id='word_1_528' title='bbox 2112 3917 2279 3972; x_wconf 86' lang='grc' dir='ltr'>ποιῶν</span> <span class='ocrx_word' id='word_1_529' title='bbox 2324 3916 2384 3969; x_wconf 83' lang='grc' dir='ltr'><strong>τὸ</strong></span> <span class='ocrx_word' id='word_1_530' title='bbox 2433 3913 2797 3983; x_wconf 79' lang='grc' dir='ltr'>γεννώμενον,</span> <span class='ocrx_word' id='word_1_531' title='bbox 2847 3911 2941 3964; x_wconf 75' lang='grc' dir='ltr'>καὶ</span> <span class='ocrx_word' id='word_1_532' title='bbox 2984 3908 3185 3978; x_wconf 83' lang='grc' dir='ltr'>γεννῶν</span> <span class='ocrx_word' id='word_1_533' title='bbox 3225 3908 3284 3961; x_wconf 86' lang='grc' dir='ltr'><strong>τὸ</strong></span> <span class='ocrx_word' id='word_1_534' title='bbox 3334 3905 3677 3975; x_wconf 82' lang='grc' dir='ltr'>ποιούμενον.</span> 
     </span>
    </p>
   </div>
   <div class='ocr_carea' id='block_1_79' title="bbox 2124 3997 3678 4075">
    <p class='ocr_par' dir='ltr' id='par_1_79' title="bbox 2124 3997 3678 4075">
     <span class='ocr_line' id='line_1_79' title="bbox 2124 3997 3678 4075; baseline -0.01 -12"><span class='ocrx_word' id='word_1_535' title='bbox 2124 4009 2280 4063; x_wconf 86' lang='grc' dir='ltr'>Ἀλλά</span> <span class='ocrx_word' id='word_1_536' title='bbox 2312 4009 2373 4061; x_wconf 86' lang='grc' dir='ltr'><strong>τὸ</strong></span> <span class='ocrx_word' id='word_1_537' title='bbox 2396 4009 2497 4074; x_wconf 84' lang='grc' dir='ltr'>μὲν</span> <span class='ocrx_word' id='word_1_538' title='bbox 2523 4009 2719 4070; x_wconf 87' lang='grc' dir='ltr'>ποιεῖν,</span> <span class='ocrx_word' id='word_1_539' title='bbox 2753 4003 3033 4075; x_wconf 75' lang='grc' dir='ltr'>ἐνεργείας</span> <span class='ocrx_word' id='word_1_540' title='bbox 3085 4003 3221 4066; x_wconf 75' lang='grc' dir='ltr'>ἐστὶ,</span> <span class='ocrx_word' id='word_1_541' title='bbox 3275 4000 3489 4071; x_wconf 75' lang='grc' dir='ltr'>φύσεως</span> <span class='ocrx_word' id='word_1_542' title='bbox 3542 3999 3597 4051; x_wconf 76' lang='grc' dir='ltr'><strong>δὲ</strong></span> <span class='ocrx_word' id='word_1_543' title='bbox 3624 3997 3678 4049; x_wconf 75' lang='grc' dir='ltr'>τὸ</span> 
     </span>
    </p>
   </div>
   <div class='ocr_carea' id='block_1_80' title="bbox 2109 4091 3678 4171">
    <p class='ocr_par' dir='ltr' id='par_1_80' title="bbox 2109 4091 3678 4171">
     <span class='ocr_line' id='line_1_80' title="bbox 2109 4091 3678 4171; baseline -0.008 -16"><span class='ocrx_word' id='word_1_544' title='bbox 2109 4102 2323 4171; x_wconf 83' lang='grc' dir='ltr'>γεννᾷν.</span> <span class='ocrx_word' id='word_1_545' title='bbox 2356 4100 2519 4162; x_wconf 80' lang='grc' dir='ltr'>Φύσις</span> <span class='ocrx_word' id='word_1_546' title='bbox 2544 4098 2601 4152; x_wconf 86' lang='grc' dir='ltr'><strong>δὲ</strong></span> <span class='ocrx_word' id='word_1_547' title='bbox 2644 4098 2737 4151; x_wconf 75' lang='grc' dir='ltr'><strong>καὶ</strong></span> <span class='ocrx_word' id='word_1_548' title='bbox 2800 4095 3049 4166; x_wconf 80' lang='grc' dir='ltr'>ἐνέργεια</span> <span class='ocrx_word' id='word_1_549' title='bbox 3092 4095 3153 4146; x_wconf 87' lang='grc' dir='ltr'><strong>ού</strong></span> <span class='ocrx_word' id='word_1_550' title='bbox 3204 4093 3418 4146; x_wconf 84' lang='grc' dir='ltr'>ταυτόν·</span> <span class='ocrx_word' id='word_1_551' title='bbox 3448 4092 3553 4145; x_wconf 82' lang='grc' dir='ltr'><strong>οὐκ</strong></span> <span class='ocrx_word' id='word_1_552' title='bbox 3577 4091 3678 4159; x_wconf 81' lang='grc' dir='ltr'>ἄρα</span> 
     </span>
    </p>
   </div>
   <div class='ocr_carea' id='block_1_81' title="bbox 2107 4186 3149 4264">
    <p class='ocr_par' dir='ltr' id='par_1_81' title="bbox 2107 4186 3149 4264">
     <span class='ocr_line' id='line_1_81' title="bbox 2107 4186 3149 4264; baseline -0.009 -17"><span class='ocrx_word' id='word_1_553' title='bbox 2107 4193 2185 4247; x_wconf 89' lang='grc' dir='ltr'><strong>τῶ</strong></span> <span class='ocrx_word' id='word_1_554' title='bbox 2217 4194 2406 4264; x_wconf 78' lang='grc' dir='ltr'>γεννᾷν</span> <span class='ocrx_word' id='word_1_555' title='bbox 2450 4192 2511 4244; x_wconf 84' lang='grc' dir='ltr'><strong>τὸ</strong></span> <span class='ocrx_word' id='word_1_556' title='bbox 2548 4192 2722 4243; x_wconf 89' lang='grc' dir='ltr'>ποιεῖν</span> <span class='ocrx_word' id='word_1_557' title='bbox 2753 4188 2947 4242; x_wconf 83' lang='grc' dir='ltr'>ταυτὸν</span> <span class='ocrx_word' id='word_1_558' title='bbox 2977 4186 3149 4240; x_wconf 75' lang='grc' dir='ltr'>ἔσται.</span> 
     </span>
    </p>
   </div>
   <div class='ocr_carea' id='block_1_82' title="bbox 2797 4392 3002 4445">
    <p class='ocr_par' dir='ltr' id='par_1_82' title="bbox 2797 4392 3002 4445">
     <span class='ocr_line' id='line_1_82' title="bbox 2797 4392 3002 4445; baseline 0 0"><span class='ocrx_word' id='word_1_559' title='bbox 2797 4392 3002 4445; x_wconf 81' lang='grc' dir='ltr'><strong>ΑΛΛΟ.</strong></span> 
     </span>
    </p>
   </div>
   <div class='ocr_carea' id='block_1_83' title="bbox 507 4497 2000 4577">
    <p class='ocr_par' dir='ltr' id='par_1_83' title="bbox 507 4497 2000 4575">
     <span class='ocr_line' id='line_1_83' title="bbox 507 4497 2000 4575; baseline 0.005 -23"><span class='ocrx_word' id='word_1_560' title='bbox 507 4497 563 4552; x_wconf 92' lang='lat' dir='ltr'><strong>Si</strong></span> <span class='ocrx_word' id='word_1_561' title='bbox 614 4499 703 4568; x_wconf 90' lang='lat' dir='ltr'><strong>qui</strong></span> <span class='ocrx_word' id='word_1_562' title='bbox 728 4497 929 4567; x_wconf 91' lang='lat' dir='ltr'><strong>aliquid</strong></span> <span class='ocrx_word' id='word_1_563' title='bbox 964 4499 1095 4554; x_wconf 81' lang='lat' dir='ltr'><strong>facit</strong></span> <span class='ocrx_word' id='word_1_564' title='bbox 1127 4500 1304 4568; x_wconf 80' lang='lat' dir='ltr'><strong>opifex</strong></span> <span class='ocrx_word' id='word_1_565' title='bbox 1336 4513 1438 4566; x_wconf 82' lang='lat' dir='ltr'><strong>est,</strong></span> <span class='ocrx_word' id='word_1_566' title='bbox 1471 4503 1562 4571; x_wconf 93' lang='lat' dir='ltr'><strong>qui</strong></span> <span class='ocrx_word' id='word_1_567' title='bbox 1616 4520 1742 4557; x_wconf 89' lang='lat' dir='ltr'><strong>vero</strong></span> <span class='ocrx_word' id='word_1_568' title='bbox 1782 4515 2000 4575; x_wconf 87' lang='lat' dir='ltr'><strong>generat</strong></span> 
     </span>
    </p>
   </div>
   <div class='ocr_carea' id='block_1_84' title="bbox 2116 4497 3674 4577">
    <p class='ocr_par' dir='ltr' id='par_1_84' title="bbox 2176 4500 3674 4577">
     <span class='ocr_line' id='line_1_84' title="bbox 2176 4500 3674 4577; baseline -0.009 -16"><span class='ocrx_word' id='word_1_569' title='bbox 2176 4510 2238 4561; x_wconf 84' lang='grc' dir='ltr'>Εί</span> <span class='ocrx_word' id='word_1_570' title='bbox 2260 4507 2337 4577; x_wconf 83' lang='grc' dir='ltr'>τῷ</span> <span class='ocrx_word' id='word_1_571' title='bbox 2364 4509 2536 4561; x_wconf 84' lang='grc' dir='ltr'>ποιεῖν</span> <span class='ocrx_word' id='word_1_572' title='bbox 2564 4505 2893 4576; x_wconf 83' lang='grc' dir='ltr'>δημιουργός</span> <span class='ocrx_word' id='word_1_573' title='bbox 2916 4504 2998 4567; x_wconf 85' lang='grc' dir='ltr'><strong>τίς</strong></span> <span class='ocrx_word' id='word_1_574' title='bbox 3019 4505 3153 4567; x_wconf 89' lang='grc' dir='ltr'>ἐστι,</span> <span class='ocrx_word' id='word_1_575' title='bbox 3177 4501 3254 4572; x_wconf 82' lang='grc' dir='ltr'><strong>τῷ</strong></span> <span class='ocrx_word' id='word_1_576' title='bbox 3272 4501 3328 4554; x_wconf 83' lang='grc' dir='ltr'><strong>δέ</strong></span> <span class='ocrx_word' id='word_1_577' title='bbox 3356 4500 3549 4569; x_wconf 78' lang='grc' dir='ltr'>γεννᾷν</span> <span class='ocrx_word' id='word_1_578' title='bbox 3578 4514 3674 4548; x_wconf 77' lang='grc' dir='ltr'>παο</span> 
     </span>
    </p>
   </div>
   <div class='ocr_carea' id='block_1_85' title="bbox 436 4589 1994 4663">
    <p class='ocr_par' dir='ltr' id='par_1_85' title="bbox 436 4589 1994 4663">
     <span class='ocr_line' id='line_1_85' title="bbox 436 4589 1994 4663; baseline 0.006 -24"><span class='ocrx_word' id='word_1_579' title='bbox 436 4596 609 4655; x_wconf 86' lang='lat' dir='ltr'><strong>pater,</strong></span> <span class='ocrx_word' id='word_1_580' title='bbox 632 4597 777 4643; x_wconf 87' lang='lat' dir='ltr'><strong>certe</strong></span> <span class='ocrx_word' id='word_1_581' title='bbox 804 4604 909 4642; x_wconf 93' lang='lat' dir='ltr'><strong>non</strong></span> <span class='ocrx_word' id='word_1_582' title='bbox 932 4598 1057 4643; x_wconf 89' lang='lat' dir='ltr'><strong>sunt</strong></span> <span class='ocrx_word' id='word_1_583' title='bbox 1079 4589 1219 4645; x_wconf 89' lang='lat' dir='ltr'><strong>idem</strong></span> <span class='ocrx_word' id='word_1_584' title='bbox 1276 4590 1454 4647; x_wconf 84' lang='lat' dir='ltr'><strong>facere</strong></span> <span class='ocrx_word' id='word_1_585' title='bbox 1496 4603 1551 4649; x_wconf 94' lang='lat' dir='ltr'><strong>et</strong></span> <span class='ocrx_word' id='word_1_586' title='bbox 1580 4609 1776 4663; x_wconf 88' lang='lat' dir='ltr'><strong>genera</strong></span> <span class='ocrx_word' id='word_1_587' title='bbox 1792 4611 1848 4650; x_wconf 93' lang='lat' dir='ltr'><strong>re</strong></span> <span class='ocrx_word' id='word_1_588' title='bbox 1878 4614 1892 4650; x_wconf 90' lang='lat'><strong>:</strong></span> <span class='ocrx_word' id='word_1_589' title='bbox 1923 4599 1994 4649; x_wconf 90' lang='lat' dir='ltr'><strong>si-</strong></span> 
     </span>
    </p>
   </div>
   <div class='ocr_carea' id='block_1_86' title="bbox 434 4678 2000 4755">
    <p class='ocr_par' dir='ltr' id='par_1_86' title="bbox 434 4678 2000 4755">
     <span class='ocr_line' id='line_1_86' title="bbox 434 4678 2000 4755; baseline 0.008 -24"><span class='ocrx_word' id='word_1_590' title='bbox 434 4678 650 4750; x_wconf 89' lang='lat' dir='ltr'><strong>quidem</strong></span> <span class='ocrx_word' id='word_1_591' title='bbox 690 4678 833 4734; x_wconf 83' lang='lat' dir='ltr'><strong>aliud</strong></span> <span class='ocrx_word' id='word_1_592' title='bbox 872 4678 1030 4751; x_wconf 79' lang='lat'><strong>185</strong></span> <span class='ocrx_word' id='word_1_593' title='bbox 1077 4682 1291 4751; x_wconf 87' lang='lat' dir='ltr'><strong>quidem</strong></span> <span class='ocrx_word' id='word_1_594' title='bbox 1333 4693 1418 4738; x_wconf 92' lang='lat' dir='ltr'><strong>est</strong></span> <span class='ocrx_word' id='word_1_595' title='bbox 1456 4698 1625 4755; x_wconf 89' lang='lat' dir='ltr'><strong>pater,</strong></span> <span class='ocrx_word' id='word_1_596' title='bbox 1667 4696 1723 4742; x_wconf 90' lang='lat' dir='ltr'><strong>et</strong></span> <span class='ocrx_word' id='word_1_597' title='bbox 1763 4688 2000 4743; x_wconf 83' lang='lat' dir='ltr'><strong>vicissim</strong></span> 
     </span>
    </p>
   </div>
   <div class='ocr_carea' id='block_1_87' title="bbox 435 4770 1994 4848">
    <p class='ocr_par' dir='ltr' id='par_1_87' title="bbox 435 4770 1994 4848">
     <span class='ocr_line' id='line_1_87' title="bbox 435 4770 1994 4848; baseline 0.006 -24"><span class='ocrx_word' id='word_1_598' title='bbox 435 4771 612 4841; x_wconf 85' lang='lat' dir='ltr'><strong>opifex</strong></span> <span class='ocrx_word' id='word_1_599' title='bbox 644 4771 807 4827; x_wconf 87' lang='lat' dir='ltr'><strong>aliud.</strong></span> <span class='ocrx_word' id='word_1_600' title='bbox 832 4770 888 4827; x_wconf 90' lang='lat' dir='ltr'><strong>Si</strong></span> <span class='ocrx_word' id='word_1_601' title='bbox 920 4787 1046 4827; x_wconf 90' lang='lat' dir='ltr'><strong>vero</strong></span> <span class='ocrx_word' id='word_1_602' title='bbox 1068 4772 1247 4831; x_wconf 89' lang='lat' dir='ltr'><strong>facere</strong></span> <span class='ocrx_word' id='word_1_603' title='bbox 1265 4776 1404 4831; x_wconf 89' lang='lat' dir='ltr'><strong>idem</strong></span> <span class='ocrx_word' id='word_1_604' title='bbox 1436 4786 1519 4833; x_wconf 90' lang='lat' dir='ltr'><strong>est</strong></span> <span class='ocrx_word' id='word_1_605' title='bbox 1547 4779 1690 4848; x_wconf 89' lang='lat' dir='ltr'><strong>quod</strong></span> <span class='ocrx_word' id='word_1_606' title='bbox 1711 4793 1994 4848; x_wconf 87' lang='lat' dir='ltr'><strong>generare,</strong></span> 
     </span>
    </p>
   </div>
   <div class='ocr_carea' id='block_1_88' title="bbox 434 4864 2001 4937">
    <p class='ocr_par' dir='ltr' id='par_1_88' title="bbox 434 4864 2001 4937">
     <span class='ocr_line' id='line_1_88' title="bbox 434 4864 2001 4937; baseline 0.005 -18"><span class='ocrx_word' id='word_1_607' title='bbox 434 4864 609 4932; x_wconf 81' lang='lat' dir='ltr'><strong>apifex</strong></span> <span class='ocrx_word' id='word_1_608' title='bbox 658 4864 762 4920; x_wconf 92' lang='lat' dir='ltr'><strong>erit</strong></span> <span class='ocrx_word' id='word_1_609' title='bbox 822 4874 879 4921; x_wconf 92' lang='lat' dir='ltr'><strong>et</strong></span> <span class='ocrx_word' id='word_1_610' title='bbox 943 4876 1119 4937; x_wconf 93' lang='lat' dir='ltr'><strong>pater.</strong></span> <span class='ocrx_word' id='word_1_611' title='bbox 1166 4869 1222 4923; x_wconf 88' lang='lat' dir='ltr'><strong>Si</strong></span> <span class='ocrx_word' id='word_1_612' title='bbox 1278 4879 1455 4925; x_wconf 89' lang='lat' dir='ltr'><strong>autem</strong></span> <span class='ocrx_word' id='word_1_613' title='bbox 1508 4871 1650 4927; x_wconf 85' lang='lat' dir='ltr'><strong>ﬁlius</strong></span> <span class='ocrx_word' id='word_1_614' title='bbox 1694 4882 1777 4927; x_wconf 92' lang='lat' dir='ltr'><strong>est</strong></span> <span class='ocrx_word' id='word_1_615' title='bbox 1826 4873 2001 4928; x_wconf 90' lang='lat' dir='ltr'><strong>factor</strong></span> 
     </span>
    </p>
   </div>
   <div class='ocr_carea' id='block_1_89' title="bbox 435 4950 1999 5031">
    <p class='ocr_par' dir='ltr' id='par_1_89' title="bbox 435 4950 1999 5031">
     <span class='ocr_line' id='line_1_89' title="bbox 435 4950 1999 5031; baseline 0.006 -20"><span class='ocrx_word' id='word_1_616' title='bbox 435 4973 537 5011; x_wconf 85' lang='lat' dir='ltr'><strong>una</strong></span> <span class='ocrx_word' id='word_1_617' title='bbox 587 4972 709 5012; x_wconf 91' lang='lat' dir='ltr'><strong>cum</strong></span> <span class='ocrx_word' id='word_1_618' title='bbox 772 4966 945 5026; x_wconf 90' lang='lat' dir='ltr'><strong>patre,</strong></span> <span class='ocrx_word' id='word_1_619' title='bbox 1003 4961 1095 5031; x_wconf 91' lang='lat' dir='ltr'><strong>qui</strong></span> <span class='ocrx_word' id='word_1_620' title='bbox 1136 4977 1269 5018; x_wconf 90' lang='lat' dir='ltr'><strong>vero</strong></span> <span class='ocrx_word' id='word_1_621' title='bbox 1321 4950 1496 5018; x_wconf 87' lang='lat' dir='ltr'><strong>factor</strong></span> <span class='ocrx_word' id='word_1_622' title='bbox 1555 4976 1659 5029; x_wconf 90' lang='lat' dir='ltr'><strong>est,</strong></span> <span class='ocrx_word' id='word_1_623' title='bbox 1693 4974 1777 5018; x_wconf 89' lang='lat' dir='ltr'><strong>est</strong></span> <span class='ocrx_word' id='word_1_624' title='bbox 1835 4966 1999 5020; x_wconf 90' lang='lat' dir='ltr'><strong>etiam</strong></span> 
     </span>
    </p>
   </div>
   <div class='ocr_carea' id='block_1_90' title="bbox 434 5045 1997 5124">
    <p class='ocr_par' dir='ltr' id='par_1_90' title="bbox 434 5045 1997 5124">
     <span class='ocr_line' id='line_1_90' title="bbox 434 5045 1997 5124; baseline 0.007 -25"><span class='ocrx_word' id='word_1_625' title='bbox 434 5057 585 5114; x_wconf 85' lang='lat' dir='ltr'><strong>pater</strong></span> <span class='ocrx_word' id='word_1_626' title='bbox 617 5062 632 5101; x_wconf 87' lang='lat'><strong>:</strong></span> <span class='ocrx_word' id='word_1_627' title='bbox 664 5045 809 5103; x_wconf 87' lang='lat' dir='ltr'><strong>ﬁlius</strong></span> <span class='ocrx_word' id='word_1_628' title='bbox 855 5049 1017 5104; x_wconf 90' lang='lat' dir='ltr'><strong>etiam</strong></span> <span class='ocrx_word' id='word_1_629' title='bbox 1055 5050 1170 5121; x_wconf 90' lang='lat' dir='ltr'><strong>ipse</strong></span> <span class='ocrx_word' id='word_1_630' title='bbox 1210 5052 1318 5107; x_wconf 91' lang='lat' dir='ltr'><strong>erit</strong></span> <span class='ocrx_word' id='word_1_631' title='bbox 1343 5064 1515 5123; x_wconf 84' lang='lat' dir='ltr'><strong>pater,</strong></span> <span class='ocrx_word' id='word_1_632' title='bbox 1534 5057 1675 5124; x_wconf 91' lang='lat' dir='ltr'><strong>quod</strong></span> <span class='ocrx_word' id='word_1_633' title='bbox 1706 5057 1997 5111; x_wconf 88' lang='lat' dir='ltr'><strong>absurdum</strong></span> 
     </span>
    </p>
   </div>
   <div class='ocr_carea' id='block_1_91' title="bbox 434 5149 539 5193">
    <p class='ocr_par' dir='ltr' id='par_1_91' title="bbox 434 5149 539 5193">
     <span class='ocr_line' id='line_1_91' title="bbox 434 5149 539 5193; baseline 0 0"><span class='ocrx_word' id='word_1_634' title='bbox 434 5149 539 5193; x_wconf 70' lang='lat'><strong>681.</strong></span> 
     </span>
    </p>
   </div>
   <div class='ocr_carea' id='block_1_92' title="bbox 1101 5253 1332 5313">
    <p class='ocr_par' dir='ltr' id='par_1_92' title="bbox 1101 5253 1332 5313">
     <span class='ocr_line' id='line_1_92' title="bbox 1101 5253 1332 5313; baseline 0.013 -3"><span class='ocrx_word' id='word_1_635' title='bbox 1101 5253 1332 5313; x_wconf 85' lang='lat' dir='ltr'><strong>ALIUD.</strong></span> 
     </span>
    </p>
   </div>
   <div class='ocr_carea' id='block_1_93' title="bbox 507 5384 2000 5465">
    <p class='ocr_par' dir='ltr' id='par_1_93' title="bbox 507 5384 2000 5465">
     <span class='ocr_line' id='line_1_93' title="bbox 507 5384 2000 5465; baseline 0.009 -27"><span class='ocrx_word' id='word_1_636' title='bbox 507 5384 563 5439; x_wconf 90' lang='lat' dir='ltr'><strong>Si</strong></span> <span class='ocrx_word' id='word_1_637' title='bbox 592 5386 731 5441; x_wconf 91' lang='lat' dir='ltr'><strong>idem</strong></span> <span class='ocrx_word' id='word_1_638' title='bbox 762 5399 887 5443; x_wconf 89' lang='lat' dir='ltr'><strong>sunt</strong></span> <span class='ocrx_word' id='word_1_639' title='bbox 907 5397 1063 5459; x_wconf 88' lang='lat' dir='ltr'><strong>pater</strong></span> <span class='ocrx_word' id='word_1_640' title='bbox 1083 5400 1136 5445; x_wconf 88' lang='lat' dir='ltr'><strong>et</strong></span> <span class='ocrx_word' id='word_1_641' title='bbox 1168 5402 1402 5457; x_wconf 88' lang='lat' dir='ltr'><strong>creator,</strong></span> <span class='ocrx_word' id='word_1_642' title='bbox 1437 5392 1701 5462; x_wconf 91' lang='lat' dir='ltr'><strong>siquidem</strong></span> <span class='ocrx_word' id='word_1_643' title='bbox 1738 5410 2000 5465; x_wconf 83' lang='lat' dir='ltr'><strong>generare</strong></span> 
     </span>
    </p>
   </div>
   <div class='ocr_carea' id='block_1_94' title="bbox 435 5476 1998 5555">
    <p class='ocr_par' dir='ltr' id='par_1_94' title="bbox 435 5476 1998 5555">
     <span class='ocr_line' id='line_1_94' title="bbox 435 5476 1998 5555; baseline 0.01 -29"><span class='ocrx_word' id='word_1_644' title='bbox 435 5486 490 5527; x_wconf 85' lang='lat' dir='ltr'><strong>et</strong></span> <span class='ocrx_word' id='word_1_645' title='bbox 511 5476 686 5532; x_wconf 79' lang='lat' dir='ltr'><strong>facere</strong></span> <span class='ocrx_word' id='word_1_646' title='bbox 714 5478 855 5534; x_wconf 90' lang='lat' dir='ltr'><strong>idem</strong></span> <span class='ocrx_word' id='word_1_647' title='bbox 874 5489 1019 5547; x_wconf 82' lang='lat' dir='ltr'><strong>sunt,</strong></span> <span class='ocrx_word' id='word_1_648' title='bbox 1042 5491 1098 5536; x_wconf 86' lang='lat' dir='ltr'><strong>et</strong></span> <span class='ocrx_word' id='word_1_649' title='bbox 1122 5492 1335 5537; x_wconf 87' lang='lat' dir='ltr'><strong>creator</strong></span> <span class='ocrx_word' id='word_1_650' title='bbox 1363 5494 1448 5538; x_wconf 88' lang='lat' dir='ltr'><strong>est</strong></span> <span class='ocrx_word' id='word_1_651' title='bbox 1486 5498 1682 5540; x_wconf 91' lang='lat' dir='ltr'><strong>nomen</strong></span> <span class='ocrx_word' id='word_1_652' title='bbox 1728 5487 1998 5555; x_wconf 87' lang='lat' dir='ltr'><strong>operatio-</strong></span> 
     </span>
    </p>
   </div>
   <div class='ocr_carea' id='block_1_95' title="bbox 435 5566 1998 5643">
    <p class='ocr_par' dir='ltr' id='par_1_95' title="bbox 435 5566 1998 5643">
     <span class='ocr_line' id='line_1_95' title="bbox 435 5566 1998 5643; baseline 0.009 -25"><span class='ocrx_word' id='word_1_653' title='bbox 435 5566 562 5619; x_wconf 87' lang='lat' dir='ltr'><strong>nis:</strong></span> <span class='ocrx_word' id='word_1_654' title='bbox 599 5579 752 5635; x_wconf 83' lang='lat' dir='ltr'><strong>pater</strong></span> <span class='ocrx_word' id='word_1_655' title='bbox 774 5585 989 5639; x_wconf 91' lang='lat' dir='ltr'><strong>quoque</strong></span> <span class='ocrx_word' id='word_1_656' title='bbox 1013 5573 1203 5626; x_wconf 90' lang='lat' dir='ltr'><strong>merito</strong></span> <span class='ocrx_word' id='word_1_657' title='bbox 1221 5574 1578 5643; x_wconf 88' lang='lat' dir='ltr'><strong>operationis,</strong></span> <span class='ocrx_word' id='word_1_658' title='bbox 1629 5591 1733 5631; x_wconf 92' lang='lat' dir='ltr'><strong>non</strong></span> <span class='ocrx_word' id='word_1_659' title='bbox 1785 5577 1998 5632; x_wconf 90' lang='lat' dir='ltr'><strong>relatio-</strong></span> 
     </span>
    </p>
   </div>
   <div class='ocr_carea' id='block_1_96' title="bbox 436 5657 1998 5738">
    <p class='ocr_par' dir='ltr' id='par_1_96' title="bbox 436 5657 1998 5738">
     <span class='ocr_line' id='line_1_96' title="bbox 436 5657 1998 5738; baseline 0.009 -27"><span class='ocrx_word' id='word_1_660' title='bbox 436 5657 522 5712; x_wconf 87' lang='lat' dir='ltr'><strong>nis</strong></span> <span class='ocrx_word' id='word_1_661' title='bbox 549 5673 741 5715; x_wconf 88' lang='lat' dir='ltr'><strong>nomcn</strong></span> <span class='ocrx_word' id='word_1_662' title='bbox 773 5660 953 5717; x_wconf 89' lang='lat' dir='ltr'><strong>fuerit.</strong></span> <span class='ocrx_word' id='word_1_663' title='bbox 990 5662 1044 5717; x_wconf 92' lang='lat' dir='ltr'><strong>Si</strong></span> <span class='ocrx_word' id='word_1_664' title='bbox 1080 5679 1207 5719; x_wconf 85' lang='lat' dir='ltr'><strong>vero</strong></span> <span class='ocrx_word' id='word_1_665' title='bbox 1232 5675 1287 5719; x_wconf 89' lang='lat' dir='ltr'><strong>et</strong></span> <span class='ocrx_word' id='word_1_666' title='bbox 1338 5665 1438 5719; x_wconf 84' lang='lat' dir='ltr'><strong>hoc</strong></span> <span class='ocrx_word' id='word_1_667' title='bbox 1471 5676 1526 5721; x_wconf 85' lang='lat' dir='ltr'><strong>et</strong></span> <span class='ocrx_word' id='word_1_668' title='bbox 1556 5666 1683 5721; x_wconf 90' lang='lat' dir='ltr'><strong>illud</strong></span> <span class='ocrx_word' id='word_1_669' title='bbox 1730 5671 1998 5738; x_wconf 88' lang='lat' dir='ltr'><strong>operatio-</strong></span> 
     </span>
    </p>
   </div>
   <div class='ocr_carea' id='block_1_97' title="bbox 438 5750 1998 5829">
    <p class='ocr_par' dir='ltr' id='par_1_97' title="bbox 438 5750 1998 5829">
     <span class='ocr_line' id='line_1_97' title="bbox 438 5750 1998 5829; baseline 0.009 -25"><span class='ocrx_word' id='word_1_670' title='bbox 438 5750 522 5806; x_wconf 86' lang='lat' dir='ltr'><strong>nis</strong></span> <span class='ocrx_word' id='word_1_671' title='bbox 544 5766 736 5810; x_wconf 88' lang='lat' dir='ltr'><strong>nomen</strong></span> <span class='ocrx_word' id='word_1_672' title='bbox 782 5765 907 5811; x_wconf 79' lang='lat' dir='ltr'><strong>est:</strong></span> <span class='ocrx_word' id='word_1_673' title='bbox 949 5764 1097 5812; x_wconf 89' lang='lat' dir='ltr'><strong>certe</strong></span> <span class='ocrx_word' id='word_1_674' title='bbox 1146 5772 1251 5813; x_wconf 91' lang='lat' dir='ltr'><strong>uno</strong></span> <span class='ocrx_word' id='word_1_675' title='bbox 1295 5767 1455 5828; x_wconf 88' lang='lat' dir='ltr'><strong>atque</strong></span> <span class='ocrx_word' id='word_1_676' title='bbox 1514 5760 1703 5816; x_wconf 88' lang='lat' dir='ltr'><strong>eodem</strong></span> <span class='ocrx_word' id='word_1_677' title='bbox 1758 5770 1998 5829; x_wconf 84' lang='lat' dir='ltr'><strong>tempore</strong></span> 
     </span>
    </p>
   </div>
   <div class='ocr_carea' id='block_1_98' title="bbox 2108 4591 3675 4672">
    <p class='ocr_par' dir='ltr' id='par_1_98' title="bbox 2108 4591 3675 4672">
     <span class='ocr_line' id='line_1_98' title="bbox 2108 4591 3675 4672; baseline -0.008 -18"><span class='ocrx_word' id='word_1_678' title='bbox 2108 4606 2231 4672; x_wconf 81' lang='grc' dir='ltr'>τηρ,</span> <span class='ocrx_word' id='word_1_679' title='bbox 2281 4601 2381 4653; x_wconf 84' lang='grc' dir='ltr'><strong>οὐκ</strong></span> <span class='ocrx_word' id='word_1_680' title='bbox 2423 4599 2488 4652; x_wconf 81' lang='grc' dir='ltr'><strong>ἂν</strong></span> <span class='ocrx_word' id='word_1_681' title='bbox 2520 4600 2602 4669; x_wconf 77' lang='grc' dir='ltr'><strong>εἴη</strong></span> <span class='ocrx_word' id='word_1_682' title='bbox 2633 4597 2828 4651; x_wconf 86' lang='grc' dir='ltr'>ταυτὸν</span> <span class='ocrx_word' id='word_1_683' title='bbox 2855 4598 2915 4650; x_wconf 81' lang='grc' dir='ltr'><strong>τὸ</strong></span> <span class='ocrx_word' id='word_1_684' title='bbox 2942 4599 3114 4649; x_wconf 88' lang='grc' dir='ltr'>ποιεῖν</span> <span class='ocrx_word' id='word_1_685' title='bbox 3164 4595 3240 4664; x_wconf 85' lang='grc' dir='ltr'><strong>τῷ</strong></span> <span class='ocrx_word' id='word_1_686' title='bbox 3273 4594 3486 4663; x_wconf 80' lang='grc' dir='ltr'>γεννᾷν,</span> <span class='ocrx_word' id='word_1_687' title='bbox 3521 4591 3675 4657; x_wconf 74' lang='grc' dir='ltr'>εἴπερ</span> 
     </span>
    </p>
   </div>
   <div class='ocr_carea' id='block_1_99' title="bbox 2106 4684 3671 4763">
    <p class='ocr_par' dir='ltr' id='par_1_99' title="bbox 2106 4684 3671 4763">
     <span class='ocr_line' id='line_1_99' title="bbox 2106 4684 3671 4763; baseline -0.008 -17"><span class='ocrx_word' id='word_1_688' title='bbox 2106 4693 2289 4763; x_wconf 78' lang='grc' dir='ltr'>ἕτερον</span> <span class='ocrx_word' id='word_1_689' title='bbox 2318 4693 2414 4762; x_wconf 84' lang='grc' dir='ltr'>μὲν</span> <span class='ocrx_word' id='word_1_690' title='bbox 2445 4691 2559 4743; x_wconf 76' lang='grc' dir='ltr'>ἐστι</span> <span class='ocrx_word' id='word_1_691' title='bbox 2588 4690 2791 4761; x_wconf 75' lang='grc' dir='ltr'>πατὴρ,</span> <span class='ocrx_word' id='word_1_692' title='bbox 2814 4688 3141 4759; x_wconf 79' lang='grc' dir='ltr'>δημιουργὸς</span> <span class='ocrx_word' id='word_1_693' title='bbox 3167 4687 3223 4739; x_wconf 86' lang='grc' dir='ltr'><strong>δέ</strong></span> <span class='ocrx_word' id='word_1_694' title='bbox 3250 4686 3447 4754; x_wconf 82' lang='grc' dir='ltr'>ὁμοίως</span> <span class='ocrx_word' id='word_1_695' title='bbox 3470 4684 3671 4753; x_wconf 79' lang='grc' dir='ltr'>ἓτερον.</span> 
     </span>
    </p>
   </div>
   <div class='ocr_carea' id='block_1_100' title="bbox 2108 4775 3674 4853">
    <p class='ocr_par' dir='ltr' id='par_1_100' title="bbox 2108 4775 3674 4853">
     <span class='ocr_line' id='line_1_100' title="bbox 2108 4775 3674 4853; baseline -0.008 -16"><span class='ocrx_word' id='word_1_696' title='bbox 2108 4785 2169 4837; x_wconf 78' lang='grc' dir='ltr'><strong>Εἰ</strong></span> <span class='ocrx_word' id='word_1_697' title='bbox 2200 4783 2255 4836; x_wconf 85' lang='grc' dir='ltr'><strong>δέ</strong></span> <span class='ocrx_word' id='word_1_698' title='bbox 2275 4782 2353 4853; x_wconf 84' lang='grc' dir='ltr'>τῷ</span> <span class='ocrx_word' id='word_1_699' title='bbox 2375 4785 2545 4835; x_wconf 91' lang='grc' dir='ltr'>ποιεῖν</span> <span class='ocrx_word' id='word_1_700' title='bbox 2582 4781 2778 4834; x_wconf 89' lang='grc' dir='ltr'>ταυτόν</span> <span class='ocrx_word' id='word_1_701' title='bbox 2806 4781 2921 4833; x_wconf 83' lang='grc' dir='ltr'>ἐστι</span> <span class='ocrx_word' id='word_1_702' title='bbox 2958 4779 3018 4832; x_wconf 83' lang='grc' dir='ltr'><strong>τὸ</strong></span> <span class='ocrx_word' id='word_1_703' title='bbox 3040 4779 3254 4848; x_wconf 86' lang='grc' dir='ltr'>γεννᾷν,</span> <span class='ocrx_word' id='word_1_704' title='bbox 3278 4779 3307 4830; x_wconf 94' lang='lat'><strong>6</strong></span> <span class='ocrx_word' id='word_1_705' title='bbox 3333 4775 3502 4828; x_wconf 90' lang='grc' dir='ltr'>ποιῶν</span> <span class='ocrx_word' id='word_1_706' title='bbox 3527 4775 3674 4827; x_wconf 81' lang='grc' dir='ltr'>ἔσται</span> 
     </span>
    </p>
   </div>
   <div class='ocr_carea' id='block_1_101' title="bbox 2106 4866 3674 4947">
    <p class='ocr_par' dir='ltr' id='par_1_101' title="bbox 2106 4866 3674 4947">
     <span class='ocr_line' id='line_1_101' title="bbox 2106 4866 3674 4947; baseline -0.01 -16"><span class='ocrx_word' id='word_1_707' title='bbox 2106 4877 2200 4932; x_wconf 76' lang='grc' dir='ltr'><strong>καὶ</strong></span> <span class='ocrx_word' id='word_1_708' title='bbox 2230 4870 2430 4947; x_wconf 65' lang='grc' dir='ltr'>πατήρ.</span> <span class='ocrx_word' id='word_1_709' title='bbox 2461 4876 2523 4928; x_wconf 87' lang='grc' dir='ltr'><strong>Εἰ</strong></span> <span class='ocrx_word' id='word_1_710' title='bbox 2567 4874 2624 4926; x_wconf 81' lang='grc' dir='ltr'>δὲ</span> <span class='ocrx_word' id='word_1_711' title='bbox 2677 4873 2792 4926; x_wconf 75' lang='grc' dir='ltr'>ἐστι</span> <span class='ocrx_word' id='word_1_712' title='bbox 2825 4871 3051 4943; x_wconf 81' lang='grc' dir='ltr'>ποιητὴς</span> <span class='ocrx_word' id='word_1_713' title='bbox 3088 4871 3117 4923; x_wconf 92' lang='lat'><strong>6</strong></span> <span class='ocrx_word' id='word_1_714' title='bbox 3148 4869 3264 4931; x_wconf 82' lang='grc' dir='ltr'>υἱὸς</span> <span class='ocrx_word' id='word_1_715' title='bbox 3309 4867 3426 4935; x_wconf 80' lang='grc' dir='ltr'><strong>ἆμα</strong></span> <span class='ocrx_word' id='word_1_716' title='bbox 3458 4866 3536 4936; x_wconf 82' lang='grc' dir='ltr'>τῷ</span> <span class='ocrx_word' id='word_1_717' title='bbox 3574 4882 3674 4916; x_wconf 79' lang='grc' dir='ltr'>πα-</span> 
     </span>
    </p>
   </div>
   <div class='ocr_carea' id='block_1_102' title="bbox 2105 4954 3673 5043">
    <p class='ocr_par' dir='ltr' id='par_1_102' title="bbox 2105 4954 3673 5043">
     <span class='ocr_line' id='line_1_102' title="bbox 2105 4954 3673 5043; baseline -0.01 -20"><span class='ocrx_word' id='word_1_718' title='bbox 2105 4972 2213 5043; x_wconf 72' lang='grc' dir='ltr'>τρὶ,</span> <span class='ocrx_word' id='word_1_719' title='bbox 2247 4972 2275 5022; x_wconf 93' lang='lat'><strong>6</strong></span> <span class='ocrx_word' id='word_1_720' title='bbox 2310 4969 2365 5021; x_wconf 87' lang='grc' dir='ltr'><strong>δὲ</strong></span> <span class='ocrx_word' id='word_1_721' title='bbox 2431 4967 2599 5021; x_wconf 90' lang='grc' dir='ltr'>ποιῶν</span> <span class='ocrx_word' id='word_1_722' title='bbox 2646 4964 2889 5019; x_wconf 71' lang='grc' dir='ltr'>ἐστικαὶ</span> <span class='ocrx_word' id='word_1_723' title='bbox 2944 4962 3144 5033; x_wconf 83' lang='grc' dir='ltr'>πατὴρ,</span> <span class='ocrx_word' id='word_1_724' title='bbox 3188 4959 3340 5013; x_wconf 77' lang='grc' dir='ltr'>ἔσται</span> <span class='ocrx_word' id='word_1_725' title='bbox 3371 4957 3467 5012; x_wconf 79' lang='grc' dir='ltr'>καὶ</span> <span class='ocrx_word' id='word_1_726' title='bbox 3516 4954 3673 5016; x_wconf 73' lang='grc' dir='ltr'>αὐτὸς</span> 
     </span>
    </p>
   </div>
   <div class='ocr_carea' id='block_1_103' title="bbox 2105 5059 2717 5134">
    <p class='ocr_par' dir='ltr' id='par_1_103' title="bbox 2105 5059 2717 5134">
     <span class='ocr_line' id='line_1_103' title="bbox 2105 5059 2717 5134; baseline -0.008 -18"><span class='ocrx_word' id='word_1_727' title='bbox 2105 5061 2306 5134; x_wconf 76' lang='grc' dir='ltr'>πατὴρ,</span> <span class='ocrx_word' id='word_1_728' title='bbox 2336 5062 2470 5129; x_wconf 87' lang='grc' dir='ltr'>ὅπερ</span> <span class='ocrx_word' id='word_1_729' title='bbox 2500 5059 2717 5114; x_wconf 77' lang='grc' dir='ltr'>ἄτοπον.</span> 
     </span>
    </p>
   </div>
   <div class='ocr_carea' id='block_1_104' title="bbox 2785 5254 2986 5307">
    <p class='ocr_par' dir='ltr' id='par_1_104' title="bbox 2785 5254 2986 5307">
     <span class='ocr_line' id='line_1_104' title="bbox 2785 5254 2986 5307; baseline -0.005 0"><span class='ocrx_word' id='word_1_730' title='bbox 2785 5254 2986 5307; x_wconf 83' lang='grc' dir='ltr'><strong>ΑΛΛΟ.</strong></span> 
     </span>
    </p>
   </div>
   <div class='ocr_carea' id='block_1_105' title="bbox 2176 5385 3667 5461">
    <p class='ocr_par' dir='ltr' id='par_1_105' title="bbox 2176 5385 3667 5461">
     <span class='ocr_line' id='line_1_105' title="bbox 2176 5385 3667 5461; baseline -0.007 -12"><span class='ocrx_word' id='word_1_731' title='bbox 2176 5396 2240 5450; x_wconf 85' lang='grc' dir='ltr'><strong>Εἰ</strong></span> <span class='ocrx_word' id='word_1_732' title='bbox 2260 5394 2454 5447; x_wconf 85' lang='grc' dir='ltr'>ταυτόν</span> <span class='ocrx_word' id='word_1_733' title='bbox 2481 5394 2594 5445; x_wconf 88' lang='grc' dir='ltr'>ἐστι</span> <span class='ocrx_word' id='word_1_734' title='bbox 2630 5391 2813 5461; x_wconf 83' lang='grc' dir='ltr'>πατὴρ</span> <span class='ocrx_word' id='word_1_735' title='bbox 2838 5391 2931 5443; x_wconf 73' lang='grc' dir='ltr'>καὶ</span> <span class='ocrx_word' id='word_1_736' title='bbox 2958 5388 3310 5459; x_wconf 80' lang='grc' dir='ltr'>δημιουργὸς,</span> <span class='ocrx_word' id='word_1_737' title='bbox 3330 5388 3453 5441; x_wconf 75' lang='grc' dir='ltr'>ἐπεὶ</span> <span class='ocrx_word' id='word_1_738' title='bbox 3481 5389 3574 5441; x_wconf 70' lang='grc' dir='ltr'><strong>καὶ</strong></span> <span class='ocrx_word' id='word_1_739' title='bbox 3594 5385 3667 5455; x_wconf 75' lang='grc' dir='ltr'>τῷ</span> 
     </span>
    </p>
   </div>
   <div class='ocr_carea' id='block_1_106' title="bbox 2105 5479 3665 5557">
    <p class='ocr_par' dir='ltr' id='par_1_106' title="bbox 2105 5479 3665 5557">
     <span class='ocr_line' id='line_1_106' title="bbox 2105 5479 3665 5557; baseline -0.005 -17"><span class='ocrx_word' id='word_1_740' title='bbox 2105 5488 2299 5557; x_wconf 77' lang='grc' dir='ltr'>γεννᾷν</span> <span class='ocrx_word' id='word_1_741' title='bbox 2325 5486 2385 5537; x_wconf 84' lang='grc' dir='ltr'>τὸ</span> <span class='ocrx_word' id='word_1_742' title='bbox 2419 5486 2588 5537; x_wconf 89' lang='grc' dir='ltr'>ποιεῖν</span> <span class='ocrx_word' id='word_1_743' title='bbox 2623 5483 2816 5536; x_wconf 84' lang='grc' dir='ltr'>ταυτὸν</span> <span class='ocrx_word' id='word_1_744' title='bbox 2843 5522 2856 5545; x_wconf 93' lang='grc'><strong>,</strong></span> <span class='ocrx_word' id='word_1_745' title='bbox 2892 5481 3006 5534; x_wconf 77' lang='grc' dir='ltr'>ἐστι</span> <span class='ocrx_word' id='word_1_746' title='bbox 3040 5481 3096 5533; x_wconf 83' lang='grc' dir='ltr'>δὲ</span> <span class='ocrx_word' id='word_1_747' title='bbox 3140 5480 3419 5551; x_wconf 79' lang='grc' dir='ltr'>ἐνεργείας</span> <span class='ocrx_word' id='word_1_748' title='bbox 3447 5480 3612 5549; x_wconf 74' lang='grc' dir='ltr'>ὄνομα</span> <span class='ocrx_word' id='word_1_749' title='bbox 3639 5479 3665 5531; x_wconf 87' lang='lat'><strong>6</strong></span> 
     </span>
    </p>
   </div>
   <div class='ocr_carea' id='block_1_107' title="bbox 2104 5570 3661 5648">
    <p class='ocr_par' dir='ltr' id='par_1_107' title="bbox 2104 5570 3661 5648">
     <span class='ocr_line' id='line_1_107' title="bbox 2104 5570 3661 5648; baseline -0.005 -17"><span class='ocrx_word' id='word_1_750' title='bbox 2104 5575 2452 5648; x_wconf 84' lang='grc' dir='ltr'>δημιουργὸς,</span> <span class='ocrx_word' id='word_1_751' title='bbox 2488 5575 2581 5627; x_wconf 78' lang='grc' dir='ltr'><strong>καὶ</strong></span> <span class='ocrx_word' id='word_1_752' title='bbox 2608 5573 2666 5625; x_wconf 86' lang='grc' dir='ltr'><strong>τὸ</strong></span> <span class='ocrx_word' id='word_1_753' title='bbox 2694 5572 2873 5643; x_wconf 80' lang='grc' dir='ltr'>πατὴρ</span> <span class='ocrx_word' id='word_1_754' title='bbox 2898 5573 3119 5636; x_wconf 78' lang='grc' dir='ltr'>εἰκότως</span> <span class='ocrx_word' id='word_1_755' title='bbox 3149 5574 3446 5644; x_wconf 80' lang='grc' dir='ltr'>ἐνεργείας,</span> <span class='ocrx_word' id='word_1_756' title='bbox 3474 5572 3586 5626; x_wconf 79' lang='grc' dir='ltr'>ἀλλ’</span> <span class='ocrx_word' id='word_1_757' title='bbox 3606 5570 3661 5623; x_wconf 83' lang='grc' dir='ltr'><strong>ού</strong></span> 
     </span>
    </p>
   </div>
   <div class='ocr_carea' id='block_1_108' title="bbox 2109 5664 3661 5738">
    <p class='ocr_par' dir='ltr' id='par_1_108' title="bbox 2109 5664 3661 5738">
     <span class='ocr_line' id='line_1_108' title="bbox 2109 5664 3661 5738; baseline -0.005 -17"><span class='ocrx_word' id='word_1_758' title='bbox 2109 5669 2344 5738; x_wconf 75' lang='grc' dir='ltr'>σχέσεως</span> <span class='ocrx_word' id='word_1_759' title='bbox 2384 5667 2449 5721; x_wconf 85' lang='grc' dir='ltr'>ἂν</span> <span class='ocrx_word' id='word_1_760' title='bbox 2476 5665 2561 5737; x_wconf 81' lang='grc' dir='ltr'><strong>εἴη</strong></span> <span class='ocrx_word' id='word_1_761' title='bbox 2585 5682 2596 5694; x_wconf 92' lang='grc'><strong>·</strong></span> <span class='ocrx_word' id='word_1_762' title='bbox 2629 5666 2677 5717; x_wconf 83' lang='grc' dir='ltr'><strong>εἰ</strong></span> <span class='ocrx_word' id='word_1_763' title='bbox 2714 5664 2768 5717; x_wconf 86' lang='grc' dir='ltr'><strong>δὲ</strong></span> <span class='ocrx_word' id='word_1_764' title='bbox 2799 5666 2891 5718; x_wconf 80' lang='grc' dir='ltr'><strong>καὶ</strong></span> <span class='ocrx_word' id='word_1_765' title='bbox 2937 5667 3094 5719; x_wconf 83' lang='grc' dir='ltr'>τοῦτο</span> <span class='ocrx_word' id='word_1_766' title='bbox 3136 5668 3357 5720; x_wconf 83' lang='grc' dir='ltr'>κάκεῖνο</span> <span class='ocrx_word' id='word_1_767' title='bbox 3389 5665 3661 5735; x_wconf 73' lang='grc' dir='ltr'>ἐνεργείας</span> 
     </span>
    </p>
   </div>
   <div class='ocr_carea' id='block_1_109' title="bbox 2105 5753 3661 5829">
    <p class='ocr_par' dir='ltr' id='par_1_109' title="bbox 2105 5753 3661 5829">
     <span class='ocr_line' id='line_1_109' title="bbox 2105 5753 3661 5829; baseline -0.003 -16"><span class='ocrx_word' id='word_1_768' title='bbox 2105 5761 2243 5829; x_wconf 67' lang='grc' dir='ltr'>ἐστὶ,</span> <span class='ocrx_word' id='word_1_769' title='bbox 2277 5759 2417 5814; x_wconf 66' lang='grc' dir='ltr'>κατὰ</span> <span class='ocrx_word' id='word_1_770' title='bbox 2445 5758 2534 5814; x_wconf 80' lang='grc' dir='ltr'><strong>τὸν</strong></span> <span class='ocrx_word' id='word_1_771' title='bbox 2562 5756 2720 5812; x_wconf 82' lang='grc' dir='ltr'>αὑτὸν</span> <span class='ocrx_word' id='word_1_772' title='bbox 2748 5758 2936 5828; x_wconf 80' lang='grc' dir='ltr'>χρόνον</span> <span class='ocrx_word' id='word_1_773' title='bbox 2962 5758 3112 5814; x_wconf 78' lang='grc' dir='ltr'>ἔσται</span> <span class='ocrx_word' id='word_1_774' title='bbox 3142 5765 3343 5829; x_wconf 82' lang='grc' dir='ltr'>γεννῶν</span> <span class='ocrx_word' id='word_1_775' title='bbox 3375 5758 3466 5815; x_wconf 81' lang='grc' dir='ltr'>καὶ</span> <span class='ocrx_word' id='word_1_776' title='bbox 3496 5753 3661 5811; x_wconf 69' lang='lat' dir='ltr'><strong>noqu</strong></span> 
     </span>
    </p>
   </div>
   <div class='ocr_carea' id='block_1_110' title="bbox 3835 5435 3838 5951">
    <p class='ocr_par' dir='ltr' id='par_1_110' title="bbox 3835 5516 3837 5951">
     <span class='ocr_line' id='line_1_110' title="bbox 3835 5516 3837 5601; baseline 0 0"><span class='ocrx_word' id='word_1_777' title='bbox 3835 5516 3837 5601; x_wconf 84' lang='grc' dir='ltr'><strong>ι</strong></span> 
     </span>
     <span class='ocr_line' id='line_1_111' title="bbox 3835 5826 3837 5951; baseline 0 0"><span class='ocrx_word' id='word_1_778' title='bbox 3835 5826 3837 5951; x_wconf 57' lang='grc' dir='ltr'><strong>ί</strong></span> 
     </span>
    </p>
   </div>
  </div>
