3882 6210
236 337 351 398 513

1615 345 2059 405 THESAUKUS.

3384 350 3491 407 314

236 458 269 509 6
296 457 448 523 Θεὸς,
493 457 593 528 τῆς
628 458 907 529 ὲνεργείας
943 462 1037 515 καὶ
1063 461 1121 515 ὲν
1148 460 1226 532 τῷ
1269 464 1464 534 γεννᾷν
1508 462 1602 517 καὶ
1634 465 1693 518 ὲν
1733 463 1795 534 τᾷ

1913 468 2014 520 erit
2034 467 2173 522 Deus
2226 477 2280 523 et
2312 482 2599 539 generatis,
2628 476 2683 523 et
2712 482 2936 533 creans;
2965 483 3085 522 cum
3142 468 3382 536 operatio
3435 479 3491 523 et

237 550 447 614 κτίζειν
461 550 563 604 οὐκ
588 550 762 616 ἄλλως
786 552 1038 625 ἐχούσης.

696 754 1062 842 ΛΟΓΟΣ
1134 756 1300 846 ΙΘ’.

234 907 396 983 Πρὸς
432 909 576 977 τοὺς
603 910 915 983 λέγοντας,
945 913 1031 983 ὅτι
1054 914 1087 966 ὁ
1115 913 1245 979 Υἱὸς
1273 916 1383 968 οὐκ
1410 915 1582 969 ἔστιν
1604 916 1813 983 ἀληθι-

309 980 642 1054 Nic/1679c
668 981 775 1054 ⁴τοῦ
813 982 1061 1054 Πατρός,
1091 984 1231 1054 aut
1268 984 1470 1052 ἕτερός
1508 986 1640 1039 ἐστι
1676 980 1813 1054 παρ’

311 1051 501 1103 αὑτὸν
519 1049 594 1117 τῇ
610 1052 791 1119 φύσει
821 1055 918 1105 καὶ
935 1049 1135 1118 ξένος,
1171 1052 1237 1105 τὸ
1267 1054 1335 1106 δὲ
1356 1049 1637 1108 ἐντεῦθεν
1667 1049 1815 1110 auir-

311 1121 625 1193 ᾳγόμενον,
652 1122 739 1174 ὅτι
763 1123 866 1193 ίκαὶ
895 1124 1215 1193 όμοούσιος
1236 1123 1315 1188 τῷ
1343 1126 1546 1193 Πατρὶ.
1570 1126 1667 1179 καὶ
1701 1130 1815 1181 οὐκ

306 1190 551 1255 ἔξωθεν.
584 1191 722 1245 ἀλλ’
747 1192 816 1245 ἐκ
856 1191 967 1261 τῆς
995 1194 1211 1259 οὐσίας
1245 1194 1417 1247 ἐστὶν
1454 1190 1668 1250 αὑτοῦ.

496 1300 815 1368 Ἀντίθεσις
852 1303 934 1368 ὡς
972 1302 1041 1357 ἐκ
1080 1305 1200 1360 τῶν
1228 1308 1555 1377 Εὑνομίου.

305 1414 370 1466 El
395 1414 584 1482 Λόγος,
618 1416 802 1484 φησὶν,
828 1416 858 1468 6
887 1416 1016 1480 Υἱός
1043 1418 1210 1485 ἐστιν,
1254 1419 1539 1491 ὁμοούσιον
1565 1422 1620 1475 δὲ
1670 1419 1810 1476 εἶναί

1921 557 1971 610 in
1988 559 2242 625 creando,
2265 567 2320 613 ct
2354 560 2405 612 in
2459 560 2767 628 generando
2791 560 2982 614 eodem
3023 562 3180 612 modo
3215 574 3336 612 sese
3389 560 3488 612 ba-

1918 647 2064 702 boat.

2247 777 2815 870 ASSERTIO
2894 780 3160 868 XIX.

1918 925 2178 994 Adversus
2200 926 2453 987 dicentes,
2485 928 2624 994 quod
2649 924 2818 980 Filius
2845 945 2945 981 non
2971 929 3038 981 sit
3064 945 3236 982 verum
3270 927 3487 982 Verbum

1992 993 2173 1047 Patris
2203 1011 2221 1048 :
2260 997 2349 1048 sed
2369 993 2605 1067 diversus
2637 998 2699 1047 ab
2748 999 2879 1061 ipso,
2915 1010 2959 1049 el
2983 1010 3258 1050 extraneas
3288 1014 3305 1050 .'
3332 1012 3486 1067 atque

1991 1070 2110 1117 hinc
2138 1065 2486 1126 concluditur,
2519 1067 2656 1129 quod
2679 1068 3141 1120 consubstantialis
3157 1070 3221 1121 sit
3250 1065 3420 1133 Patri,
3440 1078 3488 1122 et

1992 1151 2095 1188 non
2126 1135 2469 1197 extrinsecus,
2499 1140 2585 1188 sed
2604 1152 2668 1188 ea:
2684 1137 2847 1204 ipsius
2881 1141 3126 1191 essentia.

2454 1307 2696 1378 Οὐλπιίο
2752 1306 3024 1367 Eunomit‘.

1984 1424 2039 1480 Si
2080 1423 2279 1485 Filius.
2334 1423 2530 1490 inquit,
2580 1431 2666 1477 est
2722 1420 2981 1485 Verbum,
3032 1420 3490 1478 consubstantiale

230 1520 372 1573 φατε
392 1503 470 1574 τῷ
498 1504 692 1574 Πατρὶ,
731 1505 804 1574 μὴ
852 1506 1213 1562 διαλλαττέτω
1263 1511 1403 1564 κατά
1451 1529 1501 1566 τι
1553 1512 1686 1582 γοῦν
1735 1514 1795 1577 ὡς

1914 1532 2041 1572 vero
2074 1517 2125 1569 id
2159 1532 2278 1571 esse
2310 1516 2486 1570 dicitis
2514 1512 2663 1567 Patri
2694 1528 2707 1564 :
2744 1513 2893 1566 nulla
2934 1512 3099 1582 igitur
3124 1512 3177 1567 in
3232 1524 3387 1582 parte
3421 1516 3490 1569 ab

229 1595 371 1665 πρὸς
404 1594 567 1648 αὐτόν
592 1611 608 1626 ·
657 1594 799 1647 οὕτω
841 1596 949 1667 γὰρ
977 1597 1044 1650 ἂν
1066 1597 1151 1670 είη
1182 1600 1276 1653 καὶ
1308 1600 1613 1670 όμουύσιος.
1660 1603 1724 1656 El
1755 1602 1795 1655 δί

1912 1624 1976 1663 eo
2009 1607 2247 1662 diﬂ‘erat:
2285 1609 2355 1661 ita
2381 1606 2524 1660 enim
2586 1605 3064 1660 consubstantialis
3113 1602 3293 1659 fuerit.
3336 1605 3489 1672 Quod

224 1684 413 1749 τοῦτο,
443 1686 712 1740 καλείσθω
738 1687 830 1741 καὶ
861 1687 1001 1741 ἔστω
1038 1688 1210 1757 Λόγος
1238 1690 1333 1744 καὶ
1361 1691 1391 1743 ὁ
1430 1693 1642 1763 Πατήρ.
1664 1693 1809 1745 Ἀλλ’

1910 1703 1955 1757 si
1989 1702 2058 1754 ita
2089 1709 2194 1761 est.
2231 1708 2454 1753 vocetur
2481 1707 2537 1752 et
2585 1697 2656 1752 sit
2683 1696 2917 1752 Verbum
2949 1697 3110 1751 etiam
3152 1695 3331 1751 Pater.
3381 1696 3489 1751 Sed

224 1778 288 1830 οὐ
323 1778 684 1850 παραδέξεται
725 1779 882 1833 τοῦτο
919 1780 1018 1851 τῆς
1064 1780 1215 1846 θείας
1246 1783 1470 1853 Γραφῆς
1515 1786 1545 1837 6
1577 1786 1795 1851 σκοπὸς1

1909 1795 2101 1849 divinae
2136 1791 2431 1859 Scriptura:
2470 1804 2685 1857 scopas,
2729 1798 2783 1843 et
2834 1798 3146 1843 sanctorum
3202 1789 3488 1859 apostolo-

222 1870 320 1922 καὶ
338 1871 448 1923 τῶν
481 1870 648 1938 ἁγίων
674 1872 987 1924 ἀποστόλων
1016 1872 1075 1924 τὸ
1112 1875 1391 1945 κήρυγμα.
1446 1876 1664 1947 Πατέρα
1695 1878 1804 1949 γὰρ

220 1956 332 2015 οἶδε
360 1962 455 2015 τὸν
498 1962 717 2034 Πατέρα
746 1963 841 2016 καὶ⁸
872 1964 970 2034 οὐχ
992 1964 1149 2018 Υίόν·
1176 1967 1270 2019 καὶ
1300 1968 1459 2020 πάλιν
1485 1968 1573 2021 τὸν
1598 1968 1723 2023 Υίόν
1746 1971 1804 2024 ὲν

223 2054 365 2127 μόνῃ
398 2057 464 2126 τῇ
488 2053 581 2107 τοῦ
616 2053 746 2107 Υἱοῦ
773 2055 1116 2127 προσηγορίᾳ
1146 2061 1337 2127 τηρεῖ,
1383 2061 1482 2113 οὐκ
1521 2060 1667 2115 ὲῶσα
1697 2080 1803 2115 κα-

217 2145 434 2198 λεῖσθαι
462 2145 581 2198 οὐδὲ
612 2142 750 2198 εἶναι
780 2145 1001 2217 Πατέρα
1022 2163 1037 2177 ο
1067 2147 1255 2219 ἕτερος
1304 2149 1414 2221 ἀρα
1461 2152 1590 2221 παρ’
1640 2153 1804 2206 αὐτόν

218 2238 338 2290 ἐστι
370 2238 464 2290 καὶ
504 2237 802 2309 διεστηκὼς
849 2238 991 2291 κατά
1019 2239 1121 2309 τὴν
1152 2239 1362 2296 οὐσίαν.
1416 2242 1627 2296 Οὐκοῦν
1681 2244 1803 2297 οὐὶὲ

216 2329 396 2398 Λόγος
417 2328 690 2402 ἀληθινὸς,
720 2329 840 2384 οὐδὲ
871 2330 932 2396 ἐξ
951 2329 1114 2384 αὐτοῦ
1147 2332 1423 2404 προελθὼν
1451 2335 1479 2387 6
1511 2334 1672 2404 φύσει
1706 2352 1803 2406 με-

219 2423 577 2495 μερισμένος.

719 2536 875 2606 Πρὸς
904 2535 1080 2592 τοῦτο
1103 2537 1308 2605 λύσις.

283 2649 400 2703 Καὶ
433 2648 537 2702 ποῦ
565 2649 657 2703 τὸν
697 2648 970 2721 Ἰωάννην,
1003 2643 1049 2703 ὦ
1082 2648 1345 2721 βέλτιστε,
1388 2650 1595 2722 θήσεις,
1625 2651 1801 2721 Λόγον

210 2740 595 2795 ἀποκαλοῦντα
626 2740 719 2793 τὸν
739 2740 889 2807 Υίὸν,
919 2742 1013 2795 καὶ
1033 2740 1238 2813 ταύτην
1265 2741 1415 2812 αὐτῷ
1457 2743 1802 2814 κυριωτάτην

210 2834 539 2888 ἀνατιθέντα
564 2833 665 2906 τὴν
684 2833 1001 2904 ἐπωνυμίαν
1025 2835 1119 2888 καὶ
1146 2835 1246 2905 τῆς
1268 2835 1458 2900 οὐσίας
1498 2835 1664 2889 αὐτοῦ
1693 2837 1800 2907 μά-

210 2925 377 2979 λιστα
439 2926 818 2997 σημαντικήν;
860 2926 1062 2979 Φάσκει
1119 2926 1262 2997 γάρ⁹
1300 2946 1318 2979 ι
1364 2928 1452 2981 Ἐν
1486 2928 1630 2999 ἀρχῇ
1676 2923 1798 2999 ἦνό

210 3016 414 3085 Λόγος,
446 3016 542 3069 καὶ¹
568 3018 596 3069 6
623 3016 796 3086 Λόγος
823 3012 891 3089 ἦν
921 3017 1060 3089 πρὸς
1085 3016 1176 3070 τὸν
1199 3017 1353 3083 Θεὸν,
1391 3017 1486 3072 καὶ
1511 3017 1646 3083 Θεὸς
1675 3014 1741 3090 ἦν
1770 3019 1799 3072 6

208 3107 408 3176 Λόγος.
440 3126 460 3158 ι
489 3107 653 3178 Ὁρᾷς
688 3108 839 3172 ὅπως
858 3109 960 3179 τῆς
987 3109 1179 3173 οὐσίας
1208 3108 1303 3163 τοῦ
1341 3110 1472 3164 Υίοῦ
1511 3128 1794 3182 παραστα-

207 3198 367 3251 τικόν
407 3199 525 3251 ἐστι
555 3197 831 3269 τοῦνομα,
872 3200 970 3253 καὶ
1006 3200 1067 3253 τὸ
1096 3200 1380 3256 καλεῖσθαι
1416 3202 1610 3270 Λόγον,
1656 3203 1793 3274 ὅπερ

209 3290 330 3344 tati.
366 3290 507 3342 κατά
529 3289 690 3358 φύσιν
725 3290 1000 3362 σημαίνει.
1029 3292 1163 3356 Θεὸς
1196 3292 1305 3364 γὰρ
1329 3289 1397 3364 ἦν
1421 3296 1449 3347 6
1475 3294 1667 3361 Λόγος,
1693 3310 1797 3364 φη-

210 3379 315 3433 σίν.
352 3380 419 3434 Εί
454 3380 510 3432 δὲ
548 3380 622 3451 μὴ
662 3381 879 3449 φύσεως
908 3383 994 3453 εἴη
1030 3383 1126 3437 καὶ
1148 3382 1248 3453 τῆς
1271 3384 1457 3447 οὐσίας
1498 3384 1793 3456 δηλωτικὸν

208 3470 302 3523 hri.
338 3467 437 3523 τοῦ
470 3470 602 3523 Υἱοῦ
641 3470 702 3523 τὸ
731 3471 922 3539 Λόγος
951 3471 1142 3542 ὄνομα,
1188 3473 1442 3543 σημαίνει
1474 3491 1526 3526 τι
1575 3474 1791 3541 πάντως

209 3560 420 3633 ἕτερον.
444 3562 556 3615 Καὶ
586 3561 696 3632 γὰρ
725 3560 910 3632 ζητεῖν
931 3564 1248 3633 ἀναγκαῖον,
1273 3564 1325 3618 τί
1354 3565 1497 3618 κατὰ
1527 3566 1688 3633 φύσιν
1716 3566 1793 3621 ὣν

207 3653 237 3705 6
266 3653 419 3715 Υἱὸς,
446 3653 649 3724 ἐκλήθη
671 3653 863 3723 Λόγος,
887 3656 935 3708 εί
965 3655 1040 3725 μὴ
1069 3654 1167 3725 τὴν
1186 3655 1376 3709 οὐσίαν
1402 3655 1565 3709 αὐτοῦ
1595 3659 1793 3728 σημαί-

210 3761 290 3797 νει
305 3743 570 3814 τοῦνομα.
605 3740 730 3798 υίον
767 3746 996 3801 τέκτονά
1031 3764 1116 3810 τις
1144 3748 1316 3800 εἰπὼν
1336 3786 1350 3811 ,
1386 3748 1418 3818 ἢ
1449 3747 1689 3812 λιθοξόον
1709 3788 1724 3813 ,
1755 3750 1788 3821 ἢ

207 3837 583 3905 ταχυγράφον,
608 3837 667 3889 οὐ
690 3836 743 3889 τί
763 3837 877 3891 ἐστι
899 3837 1041 3891 κατά
1070 3838 1231 3908 φύσιν
1252 3840 1647 3910 σημαινόμενον
1674 3841 1791 3912 ὁρί-

209 3925 384 3989 ζεται,
416 3924 531 3977 ἀλλ’
561 3918 674 3978 οἷον
702 3924 815 3995 ἔχει
845 3925 906 3978 τὸ
934 3928 1271 3997 ἐπιτήδευμα
1292 3926 1505 3996 μηνύει.
1525 3927 1585 3979 Εἰ
1611 3926 1791 3980 τοίνυν

207 4016 267 4069 οὐ
293 4019 398 4088 τὴν
427 4016 616 4069 οὐσίαν
642 4015 738 4069 τοῦ
769 4017 901 4070 Υίοῦ
929 4018 1181 4088 σημαίνει
1206 4016 1467 4089 τοῦνομα,
1493 4018 1587 4071 καὶ
1600 4018 1660 4070 τὸ
1686 4035 1789 4070 κα-

208 4105 421 4159 λείσθαι
459 4105 652 4173 Λόγον,
683 4106 744 4158 οὐ
774 4106 825 4158 τί
869 4106 1018 4160 ἐστιν
1062 4107 1205 4160 κατά
1261 4105 1421 4175 φύσιν
1461 4108 1789 4178 παρίστησιν

207 4198 394 4262 αὐτὸν,
417 4198 556 4251 ἀλλά
588 4198 722 4269 φέρε
755 4199 930 4252 εἰπεῖν
963 4193 1076 4252 οἷον
1095 4198 1208 4269 ἔχει
1240 4200 1301 4252 τὸ
1337 4199 1695 4270 ὲπιτήδευμα,
1735 4198 1789 4253 τί

211 4290 391 4359 μάτην
419 4288 513 4341 τὸν
539 4287 933 4360 εὐαγγελιστὴν
955 4289 1340 4361 θαυμάζομεν;
1374 4289 1499 4353 Πῶς
1525 4289 1582 4343 δὲ
1612 4292 1641 4343 6
1674 4289 1790 4353 υἱὸς

208 4382 413 4453 ἐκλήθη
442 4381 672 4453 βροντῆς
700 4381 775 4445 ὡς
804 4382 946 4451 μέγα
969 4398 1024 4435 τι
1049 4381 1291 4452 λαλήσας
1319 4381 1416 4435 καὶ
1447 4382 1784 4453 ὐπέρογκον;

1906 1900 2022 1939 rum
2054 1881 2364 1952 praedicatio
2399 1880 2450 1934 id
2481 1894 2584 1932 non
2611 1879 2817 1932 ferunt.
2855 1876 3069 1931 Patrem
3125 1876 3270 1930 enim
3312 1879 3490 1932 sciunt

1904 1986 2023 2029 esse
2046 1973 2259 2026 Patrem
2291 1980 2346 2026 et
2372 1985 2476 2024 non
2507 1968 2700 2023 Filium
2731 1984 2746 2023 :
2777 1978 2834 2023 et
2857 1968 3094 2023 vicissim
3135 1966 3294 2027 .Filio
3320 1968 3486 2023 solam

1902 2064 2024 2121 Filii
2060 2063 2471 2135 appellationem
2502 2062 2765 2125 tribuunt,
2798 2076 2903 2116 non
2968 2069 3142 2115 autent
3167 2061 3487 2131 permittunt

1904 2165 1965 2209 ut
1991 2163 2218 2210 vocetur
2251 2151 2435 2207 autsit
2462 2150 2665 2204 Pater:
2697 2148 2836 2203 alius
2884 2150 3066 2218 itaque
3101 2151 3169 2205 ab
3231 2151 3345 2218 ipso
3375 2161 3481 2217 est,

1902 2257 1957 2303 et
1980 2244 2301 2303 substantiae
2322 2241 2530 2298 ratione
2558 2240 2825 2294 diversus.
2857 2240 3120 2307 Quocirca
3149 2254 3325 2308 neque
3352 2239 3486 2293 νυν.

1901 2339 2028 2395 bum
2053 2351 2202 2401 vere,
2236 2348 2413 2406 neque
2437 2349 2504 2390 ex
2535 2334 2653 2403 ipso
2688 2332 2951 2403 procedit,
3012 2347 3135 2387 cum
3187 2332 3257 2388 sit
3290 2339 3484 2389 natura

1902 2429 2220 2499 disiunctus.

2438 2538 2644 2593 uolutio
2675 2536 3006 2606 objectiom's.

1970 2654 2041 2708 At
2062 2654 2212 2724 quid,
2257 2654 2506 2718 obsecro,
2536 2652 2603 2707 de
2634 2650 2841 2706 Joanne
2897 2659 3128 2718 statues,
3160 2650 3251 2721 qui
3281 2649 3479 2704 Filium

1900 2757 2056 2800 vocat
2088 2744 2352 2810 Verbum,
2385 2755 2547 2815 atque
2570 2745 2711 2799 lianc
2741 2744 2976 2798 maxime
3002 2744 3274 2812 propriam
3306 2742 3483 2812 appel-

1900 2832 2155 2887 lationem
2184 2834 2233 2887 ei
2284 2833 2730 2900 tribuit,qu:zeque
2758 2831 3051 2885 essentiam
3107 2830 3275 2895 ipsius
3306 2830 3480 2898 signi-

1901 2923 2215 2978 ﬁcatissime
2237 2922 2548 2990 exprimat?
2574 2923 2664 2975 Ait
2694 2924 2835 2976 enim
2867 2939 2882 2975 :
2926 2941 2945 2974 ι
2982 2922 3037 2975 ln
3064 2922 3328 2992 principio
3360 2930 3482 2975 erat

1900 3016 2159 3082 Verbum,
2184 3022 2241 3069 et
2267 3012 2499 3068 Verbum
2534 3023 2652 3068 erat
2691 3015 2834 3082 apud
2878 3015 3065 3079 Deum,
3090 3024 3144 3067 et
3198 3015 3336 3068 Deus
3362 3022 3481 3066 erat

1904 3107 2134 3162 Verbum
2167 3106 2235 3159 ’⁸.
2272 3125 2291 3157 ι
2327 3106 2488 3160 Vides
2516 3105 2790 3175 quomodo
2821 3105 2991 3173 ipsam
3022 3105 3140 3159 Filii
3176 3106 3476 3159 essentiam

1898 3198 2011 3251 haec
2033 3210 2133 3249 vox
2162 3194 2484 3264 explicet,et
2509 3209 2628 3247 cum
2657 3202 2878 3248 vocetur
2895 3192 3327 3264 Verbum,186
3353 3193 3483 3261 quid

1897 3288 2307 3342 naturalitersit
2329 3286 2634 3356 signiﬁcet?
2680 3290 2818 3340 Dens
2878 3287 3048 3349 enim,
3112 3287 3303 3354 inquit.
3354 3294 3473 3340 erat

1896 3378 2151 3433 Verbum.
2186 3376 2241 3431 Si
2274 3392 2400 3432 vero
2423 3392 2525 3431 vox
2570 3377 2704 3438 haec,
2746 3376 2992 3441 Verbum,
3031 3393 3136 3431 non
3180 3377 3482 3446 caplicaret

1894 3470 2065 3540 ipsam
2102 3478 2350 3523 naturam
2401 3477 2563 3538 atque
2591 3468 2884 3523 essentiam
2911 3467 3067 3533 Filii,
3104 3468 3247 3521 aliud
3274 3468 3478 3538 aliquio

1893 3560 2136 3631 profecto
2180 3558 2475 3627 signiﬁcat.
2532 3558 2892 3624 Quaerendum
2955 3572 3117 3625 porro
3153 3559 3309 3611 nobis
3360 3566 3469 3621 est,

1894 3653 2151 3721 quidnam
2183 3662 2373 3704 natura
2404 3648 2856 3705 exsistensFilius
2913 3660 3143 3703 vocatus
3207 3650 3279 3703 sit
3343 3647 3481 3704 Ver-

1892 3744 2043 3810 bum,
2066 3742 2165 3796 nisi
2181 3758 2278 3796 vox
2304 3744 2415 3796 hinc
2433 3741 2723 3795 essentiam
2754 3741 2922 3809 ipsius
2943 3742 3235 3810 signiﬁcat.
3271 3742 3475 3806 Quem-

1892 3835 2177 3890 admodum
2218 3834 2260 3888 si
2294 3834 2415 3902 quis
2460 3832 2669 3886 fabrum
2706 3842 2801 3886 aut
2835 3832 3153 3886 statuarium
3180 3876 3194 3897 ,
3246 3843 3337 3887 aut
3373 3850 3476 3888 no-

1893 3927 2088 3981 tarium
2120 3926 2285 3990 dicat,
2321 3940 2427 3979 non
2473 3924 2600 3993 quid
2667 3925 2994 3978 naturaliter
3064 3924 3156 3988 sit,
3187 3926 3282 3978 sed
3310 3926 3470 3994 quale

1891 4021 2015 4073 vitae
2044 4018 2347 4072 institutum
2382 4026 2641 4083 sectetur,
2670 4016 2935 4084 explicat;
2966 4016 3023 4071 Si
3051 4032 3180 4086 ergo
3215 4032 3314 4071 vox
3338 4020 3473 4085 base,

1900 4108 2150 4177 Verbum,
2180 4111 2467 4165 essentiam
2504 4109 2628 4163 Filii
2662 4125 2764 4163 non
2782 4109 3070 4178 signiﬁcat,
3110 4125 3281 4179 neque
3306 4111 3476 4180 ipsius

1890 4214 2136 4257 naturam
2164 4202 2425 4267 declarat,
2462 4202 2555 4256 sed
2590 4202 2717 4255 vitae
2756 4201 2924 4269 ipsius
2969 4202 3303 4265 institutum,
3374 4218 3473 4257 cur

1888 4292 2093 4348 frustra
2135 4292 2521 4361 evangelistam
2560 4291 2932 4346 admiramur?
2978 4290 3083 4345 Aut
3123 4308 3220 4346 cur
3245 4308 3366 4347 eum
3410 4296 3473 4349 li-

1888 4382 2018 4436 lium
2057 4382 2279 4435 tonitrui
2312 4397 2591 4448 vocamus,
2646 4383 2800 4453 quasi
2853 4398 3107 4451 magnum
3167 4385 3369 4454 aliquid
3418 4396 3473 4441 ρι

210 4473 404 4527 Καίτοι
458 4474 674 4537 πολλοῖς
718 4474 930 4545 ἑτέροις
965 4473 1226 4543 ὀνόμασιν
1267 4474 1650 4544 ἀποκαλούσης
1694 4475 1787 4528 τὸν

1906 4472 2121 4528 sublime
2151 4474 2379 4528 dixerit?
2411 4474 2571 4543 Atqui
2603 4489 2725 4527 cum
2766 4474 2948 4528 multis
2995 4476 3115 4528 aliis
3157 4478 3469 4532 nominibus

210 4565 335 4619 Υἱὸν
356 4565 455 4636 τῆς
488 4565 639 4630 θείας
668 4566 910 4638 Γραφῆς,
939 4564 1075 4619 ἀλλά
1098 4567 1270 4635 Λόγον
1300 4565 1537 4638 εἰρηκὼς
1559 4606 1574 4631 ,
1603 4569 1783 4641 παρά-

209 4654 359 4721 δοξόν
385 4674 437 4710 τι
463 4658 557 4710 καὶ
583 4658 860 4728 ὑπερφυὲς
899 4657 1234 4727 ἐφθέγξατο·
1277 4658 1373 4711 καὶ
1418 4659 1570 4712 οὐδὲν
1600 4660 1786 4733 ἕτερον

209 4745 293 4798 ἐπ’
322 4746 473 4817 αὐτῷ
499 4747 904 4817 προστέθεικεν,
921 4742 1034 4802 οἷον
1054 4748 1145 4802 ἐπὶ
1162 4748 1255 4803 τοῦ
1277 4749 1487 4804 Παύλου
1510 4750 1782 4819 φαίνεται,

208 4837 289 4902 τὸ,
320 4857 339 4889 ι
366 4838 580 4903 Παῦλος
613 4839 935 4905 ἀπόστολος.
974 4860 993 4891 ι
1037 4840 1314 4912 Ἤρκέσθη
1367 4840 1424 4895 δὲ
1468 4842 1545 4912 τῷ
1584 4844 1783 4910 εἰπεῖν,

212 4932 404 5000 Λόγον,
436 4935 516 4996 είς
543 4932 605 4986 τὸ
631 4933 984 5005 παραστῆσαι
1012 4933 1102 4986 τοῦ
1138 4933 1267 4987 Υίοῦ
1298 4935 1396 5005 τὴν
1436 4934 1643 4990 οὐσίαν.
1675 4937 1785 4990 Λύ-

210 5024 298 5087 τὸς
330 5026 436 5095 ἄρα
472 5025 621 5079 ἐστὶν
649 5028 678 5080 6
700 5025 954 5096 ἀληθινὸς
980 5027 1151 5096 Λόγος
1186 5025 1281 5080 τοῦ
1314 5026 1549 5097 Πατρὸς,
1577 5028 1672 5083 καὶ
1685 5028 1784 5101 οὐχ

211 5114 393 5187 ἕτερός
420 5135 503 5182 τις
538 5119 670 5190 παρ’
697 5120 925 5172 ἐκεῖνον.

894 5232 1097 5288 ΛΛΛΟ.

280 5346 341 5398 Εἰ
362 5344 669 5415 διὰταύτην
692 5345 1023 5417 ὑπειλήφασι
1062 5346 1162 5418 τὴν
1191 5347 1369 5403 αἰτίαν
1400 5350 1448 5403 οί
1486 5350 1783 5421 χριστομάο

212 5454 295 5508 χοι
327 5440 401 5509 μὴ
429 5435 569 5492 εἶναι
596 5438 687 5493 τὸν
710 5439 838 5493 Υίὸν
864 5438 1150 5509 ὁμοούσιον
1170 5440 1249 5511 τῷ
1279 5442 1473 5511 Πατρὶ,
1494 5443 1616 5495 ἐπεὶ
1645 5444 1782 5513 μήτε

210 5530 240 5582 6
266 5529 450 5601 Πατὴρ
478 5530 652 5599 Λόγος
682 5529 821 5593 ἐστὶ,
856 5531 995 5599 μήτε
1028 5532 1057 5583 6
1089 5529 1262 5599 Λόγος
1291 5532 1481 5603 Πατὴρ
1501 5571 1519 5599 ,
1556 5533 1651 5585 καὶ
1682 5533 1783 5603 τὴν

216 5620 437 5693 ἑνότητα
456 5622 560 5693 τῆς
588 5620 802 5692 φύσεως
830 5620 910 5693 τῷ
940 5622 1184 5695 διαφόρῳ
1213 5623 1321 5678 τῶν
1360 5626 1638 5698 ὀνομάτων
1668 5628 1782 5682 δια-

282 5780 326 5813 "
355 5778 509 5839 Joan.
545 5800 581 5850 ι,
610 5783 659 5837 1.
738 5784 782 5817 ²⁹
815 5781 857 5838 ll
888 5782 1016 5841 Cor.
1047 5797 1088 5851 ι,
1132 5782 1156 5838 1
1190 5792 1242 5841 cl
1278 5782 1454 5839 alibi:

1892 4580 2047 4621 sacra
2072 4564 2350 4633 Scriptura
2377 4563 2568 4618 Filium
2601 4563 2850 4632 appellet,
2888 4580 3010 4619 cum
3075 4564 3309 4620 Verbum
3369 4582 3468 4621 vo-

1891 4665 2001 4721 cat,
2027 4656 2399 4710 admirandum
2436 4656 2637 4726 aliquid
2656 4666 2819 4725 atque
2865 4656 3124 4711 eximium
3194 4658 3364 4727 dixit;
3395 4661 3471 4712 ni-

1890 4747 2076 4818 hilque
2097 4747 2242 4801 aliud
2268 4748 2333 4801 ad
2365 4749 2501 4802 hanc
2534 4762 2723 4803 vocem
2751 4746 2967 4814 adjecit,
2995 4756 3053 4800 ut
3094 4748 3145 4801 in
3192 4747 3357 4803 Paulo
3388 4750 3473 4804 vi-

1889 4843 2047 4896 detur
2072 4840 2219 4906 illud,
2248 4859 2267 4892 ‹
2304 4839 2497 4895 Paulus
2533 4839 2808 4908 apostolus
2833 4840 2898 4893 ”.
2933 4857 2951 4890 ι
2989 4837 3212 4894 Suﬂ'ecit
3238 4842 3380 4894 enim
3417 4842 3467 4895 ei

1886 4934 2108 4999 dixisse,
2142 4931 2400 4997 Verbum,
2434 4934 2500 4987 ad
2524 4933 2817 4987 essentiam
2884 4931 3007 4985 Filii
3060 4932 3464 4988 declarandam.

1883 5025 2002 5097 ipse
2028 5028 2208 5094 itaque
2235 5034 2317 5081 est
2344 5039 2534 5079 verum
2592 5022 2829 5080 Verbum
2885 5024 3080 5091 Patris,
3120 5040 3221 5079 no'
3286 5033 3465 5079 autem

1884 5116 2081 5187 aliquis
2113 5114 2250 5171 alius
2275 5123 2468 5186 praeter
2494 5113 2691 5185 ipsum.

2560 5224 2790 5281 ALIUD.

1955 5341 2009 5396 Si
2037 5356 2155 5397 eam
2185 5339 2255 5395 ob
2279 5354 2495 5394 causam
2527 5339 2845 5394 existimant
2891 5338 3078 5392 hostes
3136 5333 3336 5390 Christi
3384 5333 3465 5389 Fi-

1883 5433 2015 5489 lium
2047 5449 2151 5487 non
2177 5445 2296 5486 esse
2330 5429 2847 5486 consubstantialem
2906 5426 3078 5490 Patri,
3111 5426 3238 5495 quia
3290 5439 3467 5493 neque

1884 5526 2044 5581 Pater
2073 5534 2156 5580 est
2188 5522 2441 5587 Verbum,
2476 5537 2648 5591 neque
2678 5519 2912 5575 Verbum
2944 5518 3123 5583 Pater,
3175 5525 3230 5569 et
3284 5516 3463 5568 unitar

1884 5630 1991 5677 tem
2023 5630 2230 5676 naturaa
2256 5620 2324 5677 ob
2351 5617 2705 5677 diﬂ‘ereutiam
2737 5615 3011 5673 nominum
3045 5610 3272 5669 convelli
3304 5623 3464 5681 posse
