3882 6210
441 365 546 428 MS
1467 370 1524 425 S.
1565 365 1843 425 CYRILIJ
1883 359 2350 416 ALEXANDRINI
2390 361 2708 419 ARCHIEP.
3581 364 3673 421 315

441 491 791 546 crediderunt
828 507 844 546 ι
873 491 1058 546 dicant
1086 491 1240 548 nobis
1275 493 1543 561 quomodo
1588 492 1794 560 primus
1825 498 2015 556 parens

2125 483 2340 553 τέμνειν
2360 484 2619 538 δύνασθαι
2651 483 3067 546 πεπιστεύκασι,
3091 483 3390 553 λεγέτωσαν
3411 483 3541 553 ἡμῖν
3568 483 3675 547 πῶς

443 580 612 633 Adam
631 580 1102 635 consubstantialis
1129 581 1234 635 erit
1264 580 1338 634 illi
1375 582 1463 648 qui
1488 595 1554 634 ex
1587 595 1644 634 se
1671 579 1884 648 genitus
1911 589 2016 640 est,

445 688 563 724 cum
602 689 774 742 neque
799 674 910 742 ipse
945 675 1114 742 possit
1143 689 1264 728 esse
1303 673 1456 736 Abel,
1495 686 1670 742 neque
1733 670 1864 724 Abel
1922 686 2020 723 un-

445 777 605 831 quam
637 763 848 818 futurus
880 763 1179 818 sitAdam?
1206 765 1366 834 Atqui
1401 764 1679 818 nominum
1713 763 2017 818 dili‘erentia

447 856 765 909 substantiae
791 857 1123 909 identitatem
1149 872 1253 910 non
1281 856 1436 910 tollit.
1469 858 1647 924 Atque
1670 857 1772 911 hoc
1799 856 2016 924 quidem

447 942 500 995 in
526 943 659 998 facta
700 954 754 1000 et
782 957 961 1000 creata
989 955 1200 1000 natura.
1234 946 1515 1012 Quomodo
1563 947 1724 1015 igitur
1774 962 1878 1000 non
1917 947 2023 1001 fue-

445 1034 519 1087 rit
543 1035 761 1104 impium
798 1037 849 1090 in
882 1048 1071 1090 natura
1095 1039 1356 1100 increata,
1389 1053 1507 1107 qua:
1537 1039 1792 1093 omnibus
1816 1041 2017 1093 creatis

445 1125 602 1196 longe
626 1127 1062 1194 antecellit,illud
1093 1129 1369 1183 statuere?
1421 1129 1882 1196 Quemadmodum
1919 1130 2018 1198 igi-

445 1224 533 1269 tur
560 1217 604 1271 si
631 1226 776 1272 esset
804 1218 1030 1274 diversaa
1051 1221 1320 1284 essentia,
1355 1235 1460 1274 non
1495 1231 1638 1274 esset
1663 1235 1847 1274 verum
1879 1222 2014 1275 Ver-

445 1306 683 1371 bum,ita
718 1324 839 1365 cum
870 1310 940 1365 sit
962 1311 1661 1378 consubstantialis,verum
1695 1313 1858 1366 etiam
1887 1312 2020 1366 Ver-

443 1398 570 1453 itum
591 1408 696 1458 est.

1110 1493 1342 1548 ALIUD.

515 1581 744 1639 Nomina
770 1599 890 1655 quae
920 1586 1279 1643 substantiam
1313 1603 1494 1644 rerum
1513 1589 1790 1645 declarant
1843 1590 2019 1660 prima

448 1675 790 1744 maximeque
815 1678 1030 1747 prepria
1057 1691 1185 1734 sunt
1220 1698 1234 1735 :
1265 1681 1491 1736 multam
1526 1689 1708 1736 tamen
1739 1682 1791 1736 in
1823 1682 1888 1737 iis
1912 1680 2018 1737 dif—

446 1765 728 1822 ferentiam
767 1769 948 1825 videre
975 1771 1123 1826 licet.
1146 1772 1263 1828 Alia
1299 1774 1442 1828 enim
1505 1774 1868 1830 universalius
1932 1789 2019 1830 res

449 1859 592 1924 ipsas
618 1861 950 1927 significant,
977 1872 1030 1917 et
1057 1865 1384 1934 generaliter
1413 1865 1712 1934 explicant;
1761 1867 1865 1920 alia
1893 1882 2020 1922 vero

447 1949 769 2004 universalia
812 1952 862 2005 in
883 1953 1180 2022 singularia
1218 1964 1427 2019 secant,
1459 1957 1761 2025 multasque
1799 1972 1887 2012 res
1932 1974 2022 2028 ap-

444 2053 634 2104 parere
653 2039 878 2100 faciunt.
906 2043 1150 2114 Exempli
1182 2047 1373 2116 gratia,
1409 2047 1642 2102 hominis
1670 2064 1861 2102 nomen
1887 2049 2020 2103 sim-

445 2129 657 2196 pliciter
685 2141 847 2202 atque
871 2135 1117 2190 absolute
1143 2138 1365 2203 dictum,
1394 2141 1708 2197 universum
1731 2157 1901 2211 genus
1925 2143 2020 2195 bo-

447 2218 650 2274 tninutn
681 2221 968 2291 signiﬁcat,
1017 2235 1107 2277 aut
1155 2213 1508 2282 substantiam
1564 2230 1733 2299 ipsam
1770 2249 1782 2284 :
1821 2231 2016 2284 Paulus

444 2325 572 2365 vero
603 2312 923 2378 autPetrus,
963 2317 1120 2386 187
1150 2329 1241 2371 aut
1270 2317 1522 2385 Jacobus,
1563 2333 1656 2376 aut
1679 2323 1896 2389 Cephas
1924 2325 2018 2378 Int-

442 2403 756 2458 manitatem
789 2406 841 2460 in
873 2407 1161 2476 singularia
1199 2413 1451 2478 partitur,
1487 2414 1790 2484 multosque
1847 2417 2018 2470 homi-

443 2509 538 2547 nes
565 2497 862 2551 constituit.
893 2497 1178 2554 Nomiuutn
1208 2501 1390 2572 itaque
1413 2504 1713 2560 diii‘erentia
1747 2508 2017 2575 accipitur

442 2584 658 2648 quidem
688 2585 739 2638 in
779 2586 843 2641 iis
875 2587 1226 2657 quiejusdcm
1273 2595 1596 2648 substantiae
1652 2605 1800 2658 sunt,
1842 2612 2018 2666 neque

444 2673 579 2727 tollit
627 2690 812 2728 eorum
847 2692 966 2745 quae
1000 2679 1237 2748 ejusdem
1288 2683 1483 2750 speciei
1531 2694 1674 2743 sunt.
1709 2686 2014 2741 naturalem

443 2764 580 2818 inter
608 2781 664 2820 se
688 2767 1119 2823 similitudinem.
1156 2771 1286 2825 Cum
1361 2774 1522 2843 igitur
1611 2775 1772 2830 Pater
1809 2778 2018 2832 dicatur

443 2856 622 2921 Pater,
650 2857 822 2915 Filius
845 2877 972 2916 vero
1008 2863 1260 2928 Verbum,
1289 2881 1394 2921 non
1424 2869 1529 2922 erit
1569 2869 1652 2923 vel
1682 2870 1771 2925 hic
1812 2871 1906 2937 illi,
1935 2873 2017 2927 vel

443 2950 529 3001 itte
556 2949 679 3004 huic
710 2953 985 3009 dissimilis
1023 2969 1233 3022 natura,
1266 2975 1387 3012 cum
1413 2961 1541 3014 solis
1569 2963 1877 3020 nominibus
1904 2967 2015 3018 dis-

442 3042 775 3108 tinguantur.
829 3045 1118 3100 Ostensnm
1176 3060 1354 3104 autem
1400 3063 1505 3116 est,
1555 3054 1833 3109 nominum
1870 3056 2016 3110 diﬂ'c-

444 3134 666 3186 ιϊιιιὶοιη
687 3138 988 3191 naturalem
1014 3139 1153 3194 inter
1175 3157 1232 3195 se
1259 3142 1662 3198 similitudinem
1685 3161 1872 3200 eorum
1896 3164 2014 3216 qua:
2044 3181 2085 3238 ο

440 3226 919 3283 rorisubstantialia
951 3242 1079 3285 sunt
1120 3247 1460 3302 nequaquam
1488 3237 1823 3292 subvertere.
1868 3239 2014 3294 Nihil

442 3315 622 3385 itaque
646 3319 822 3372 obstat
852 3323 1142 3389 quominus
1181 3325 1348 3380 Filius
1415 3330 1896 3386 consubstantialis
1944 3333 2015 3386 sit

440 3405 606 3472 Patri,
634 3411 844 3466 tametsi
869 3421 1088 3467 vocetur
1117 3414 1308 3481 Filius,
1336 3427 1389 3471 et
1413 3434 1516 3472 non
1579 3420 1648 3474 sit
1702 3421 1863 3475 Pater
1894 3425 2010 3491 ipse

437 3512 624 3551 verum
660 3501 827 3568 ipsius
868 3503 1126 3560 Verbum.
1149 3508 1281 3561 Cum
1317 3510 1460 3561 enim
1485 3510 1554 3564 sit
1577 3511 1804 3579 simplex
1837 3512 2014 3568 Patris

437 3593 690 3667 essentia,
719 3595 920 3648 nullum
943 3597 1086 3652 aliud
1112 3599 1492 3655 intermedium
1525 3604 1757 3674 excipiet
1792 3621 2012 3675 genera-

439 3684 636 3736 tionem
675 3685 831 3740 Verbi
867 3691 1183 3746 naturaliter
1207 3709 1272 3746 ex
1306 3695 1419 3764 ipso
1448 3698 1809 3765 procedentis.
1832 3699 2014 3765 Quod-

437 3792 543 3842 que
583 3794 744 3832 utntm
776 3795 963 3836 revera
1005 3799 1126 3838 cum
1153 3785 1268 3853 ipso
1295 3797 1396 3852 est,
1437 3800 1704 3858 qttatenns
1751 3793 2012 3847 naturali-

440 3878 522 3922 ter
550 3873 709 3926 etiam
738 3874 853 3943 ipse
885 3886 968 3930 est
1005 3876 1167 3944 Deus,
1210 3891 1263 3934 et
1296 3882 1483 3938 vivens
1511 3899 1541 3938 e
1577 3885 1696 3940 vivo
1737 3885 1893 3941 Patre
1936 3887 2014 3941 ef-

438 3959 607 4018 fulsit.

849 4079 934 4136 Ex
977 4083 1269 4154 objectione
1303 4087 1584 4146 Eunomii.

509 4169 567 4222 In
616 4168 944 4241 Evangeliis,
985 4177 1082 4238 ait,
1116 4175 1288 4233 Filius
1332 4182 1399 4235 ad
1445 4181 1662 4240 Patrem
1710 4186 1782 4241 ita
1831 4187 2010 4244 dicit:

440 4279 460 4310 ι
491 4259 670 4328 Pater,
707 4263 948 4333 gloriﬁca
975 4267 1168 4322 Filium
1204 4279 1388 4339 tuum;
1422 4291 1441 4326 ι
1485 4275 1655 4331 Filius
1685 4288 1875 4333 contra
1913 4296 2012 4334 au-

437 4355 556 4410 dit:
601 4374 619 4407 ι
671 4358 736 4411 Ει
782 4359 1101 4428 gloriﬁcavi,
1151 4372 1206 4417 et
1270 4381 1460 4423 rursus
1507 4369 1824 4438 gloriﬁcabo
1864 4373 1932 4428 ³ο.
1987 4394 2007 4427 ι

433 4448 498 4500 At
529 4463 633 4514 quo
658 4460 814 4517 pacto
842 4451 1013 4521 possit
1041 4453 1211 4509 Filius
1234 4471 1361 4512 vere
1391 4473 1512 4514 esse
1540 4459 1774 4517 Verbum
1804 4464 2004 4532 Patris,

2120 575 2148 626 6
2177 577 2475 646 προπάτωρ
2515 576 2686 646 Ἀδὰμ
2715 575 3000 646 ὀμοούσιος
3029 575 3181 626 ἔσται
3215 575 3352 645 πρὸς
3383 575 3472 627 τὸν
3497 573 3554 640 ἐξ
3583 575 3674 626 αὐ-

2121 666 2214 719 τοῦ
2238 668 2516 735 γεγονότα,
2551 666 2674 720 οὕτε
2702 668 2865 730 αὐτὸς
2887 667 3050 719 ’Ἅϐελ
3081 663 3215 718 εἷναι
3236 665 3546 735 δυνάμενος,
3564 662 3673 718 οὔτε

2125 763 2231 827 μὴν
2254 757 2346 810 τοῦ
2387 758 2550 809 Ἅϐελ
2588 758 2844 828 ἐσομένου
2873 759 3004 810 ποτὲ
3045 758 3234 827 Ἀδάμ.
3297 757 3434 810 Ἀλλ’
3463 758 3561 810 οὐκ
3593 757 3676 810 ἐκ·

2123 849 2307 903 ϐάλλει
2355 851 2451 920 τῆς
2503 850 2691 914 οὐσίας
2718 851 2818 921 τὴν
2847 852 3168 921 ταυτότητα,
3201 853 3235 921 ἡ
3276 849 3384 903 τῶν
3411 851 3674 920 ὀνομάτων

2120 943 2369 1013 διαφορά.
2405 943 2515 996 Καὶ
2541 941 2700 996 τοῦτο
2728 943 2819 997 ἐπὶ
2841 943 3076 1013 γενητῆς
3099 944 3192 996 καὶ
3223 943 3448 1013 κτιστῆς
3479 943 3673 1006 οὐσίας.

2121 1035 2243 1098 Πῶς
2263 1030 2354 1087 οὖν
2377 1035 2476 1086 οὐκ
2504 1033 2696 1098 ἀσεϐὲς
2715 1034 2808 1086 ἐπὶ
2837 1034 2936 1104 τῆς
2975 1035 3240 1104 ἀγενήτου
3275 1031 3488 1101 φύσεως
3518 1033 3677 1084 ἐκεῖνο

2119 1127 2383 1192 δοξάζειν,
2416 1126 2595 1179 πάντα
2639 1125 3040 1196 ὑπερκειμένης
3064 1125 3142 1194 ,τὰ
3181 1125 3418 1194 γενητά;
3480 1126 3566 1187 Ὧς
3594 1120 3678 1178 οὖν

2120 1219 2277 1288 εἴπερ
2298 1213 2364 1288 ἦν
2389 1217 2744 1288 έτεροούσιος,
2779 1217 2878 1270 οὐκ
2907 1217 2972 1271 ἂν
3002 1214 3068 1288 ἦν
3097 1217 3270 1285 Λόγος
3299 1216 3571 1286 ἀληθινὸς,
3594 1215 3680 1269 οὔ·

2117 1327 2227 1374 τως
2260 1311 2556 1382 ἐπειδήπερ
2587 1310 2890 1382 ὀμοούσιος,
2921 1309 3170 1379 ἀληθινὸς
3207 1309 3274 1363 ἂν
3305 1308 3392 1378 εἴη
3425 1308 3612 1376 Λόγος.

2807 1488 3012 1542 ΑΛΛΟ.

2192 1578 2510 1650 Σημαντικὰ
2561 1579 2660 1650 μὲν
2702 1579 2770 1633 τὰ
2797 1579 3038 1650 ὀνόματα
3085 1579 3196 1634 τῶν
3230 1581 3428 1634 οὐσιῶν
3459 1582 3595 1645 ἐστι,
3621 1583 3680 1634 τὰ

2120 1674 2308 1743 πρῶτα
2346 1673 2406 1743 δὴ
2449 1674 2684 1742 μάλιστα
2727 1675 2822 1727 καὶ
2851 1674 2920 1727 τὰ
2949 1673 3260 1746 κυριώτατα
3285 1693 3298 1706 ο
3329 1675 3467 1729 ἀλλὰ
3497 1674 3680 1745 πολλὴν

2123 1763 2187 1818 ἄν
2213 1782 2294 1827 τις
2321 1765 2378 1817 ἐν
2409 1767 2621 1830 τούτοις
2644 1765 2740 1818 ἴδοι
2763 1765 2860 1836 τὴν
2890 1767 3175 1840 διαφοράν.
3207 1768 3286 1819 Τὰ
3328 1768 3424 1836 μὲν
3456 1767 3564 1838 γὰρ
3593 1783 3682 1819 κα-

2112 1853 2481 1930 Ὁολικὼτερον
2503 1859 2570 1910 τὰ
2593 1859 2719 1911 ὄντα
2765 1859 3040 1928 σημαίνει,
3075 1859 3170 1913 καὶ
3213 1860 3435 1928 γενικὴν
3464 1861 3681 1912 ποιεῖται

2122 1949 2220 2020 τὴν
2249 1950 2479 2020 δήλωσιν
2501 1967 2513 1980 ·
2541 1951 2608 2003 τὰ
2635 1950 2690 2004 δὲ
2715 1953 2794 2013 εἰς
2822 1951 2884 2002 τὸ
2913 1950 3035 2003 καθ’
3059 1950 3115 2002 ἓν
3145 1951 3213 2004 τὰ
3243 1950 3471 2004 καθόλου
3501 1968 3683 2021 σημαι-

2123 2043 2322 2112 νόμενα
2349 2043 2724 2112 διατέμνοντα,
2755 2042 2925 2094 πολλὰ
2961 2043 3030 2096 τὰ
3061 2043 3188 2095 ὄντα
3216 2043 3502 2111 φαίνεσθαι
3531 2046 3681 2096 ποιεῖ.

2123 2129 2246 2186 Οἷον
2284 2137 2414 2202 φέρε
2446 2137 2637 2197 εἰπεῖν,
2674 2134 2733 2185 τὸ
2773 2134 3058 2200 ἄνθρωπος
3097 2133 3268 2203 ὄνομα
3304 2134 3492 2196 ἁπλῶς
3521 2152 3575 2185 τε
3599 2133 3682 2186 καὶ

2122 2223 2352 2276 ἀπολελυ
2363 2224 2538 2292 μένως
2560 2223 2867 2294 λεγόμενον,
2892 2224 3111 2294 σύμπαν
3135 2225 3390 2294 σημαίνει
3412 2225 3473 2278 τὸ
3490 2225 3680 2295 ἀνθρὼι

2121 2332 2272 2367 πειον
2305 2315 2480 2382 γένος,
2533 2316 2565 2386 ἢ
2594 2315 2689 2385 τὴν
2733 2316 2919 2369 οὐσίαν
2948 2317 3117 2387 αὑτήν
3137 2332 3149 2344 ·
3185 2317 3245 2370 τὸ
3283 2317 3338 2370 δὲ
3369 2317 3581 2380 Παῦλος
3603 2334 3683 2368 τυ·

2119 2410 2272 2480 χὸνῆ
2323 2411 2556 2480 Πέτρος,
2606 2409 2859 2472 Ἰάκωὸος
2890 2410 2922 2479 ἢ
2965 2411 3162 2480 Κηφᾶς
3185 2450 3200 2473 ,
3240 2411 3320 2473 εἰς
3352 2409 3416 2462 τὸ
3453 2409 3572 2462 καθ’
3599 2409 3682 2461 ἕνα

2123 2502 2304 2574 σχίςον
2327 2502 2424 2573 τὴν
2455 2502 2872 2574 ἀνθρωπότητα,
2903 2502 3129 2566 πολλοὺς
3158 2499 3294 2556 εἶναι
3324 2504 3454 2566 τοὺς
3482 2502 3678 2572 ἀνθρὼ-

2121 2612 2256 2657 πους
2283 2597 2442 2647 ποιεῖ.
2469 2594 2675 2647 υὺκοῦν
2701 2595 2734 2664 ἡ
2759 2593 2866 2645 τῶν
2903 2593 3183 2664 ὀνομάτων
3213 2593 3459 2663 διαφορὰξ
3488 2592 3679 2662 λαμὸά-

2122 2702 2270 2739 νεται
2303 2687 2398 2753 μὲν
2424 2686 2517 2738 ἐπὶ
2548 2685 2658 2739 τῶν
2702 2686 3002 2755 ὀμοουσξων
3021 2725 3035 2746 ,
3065 2685 3126 2736 οὐ
3173 2684 3278 2754 μὴν
3319 2683 3571 2737 ἐκϐάλλει
3595 2683 3680 2753 τῆς

2123 2781 2258 2850 πρὸς
2281 2779 2484 2849 ἄλληλα
2511 2779 2746 2848 φυσικῆς
2769 2779 3064 2849 ἐμφερεὶας
3102 2778 3172 2830 τὰ
3196 2779 3307 2839 τοῖς
3348 2778 3536 2838 αὐτοῖς
3561 2776 3678 2828 εῖδε-

2123 2889 2207 2925 σιν
2236 2872 2630 2925 ὑποπίπτοντα.
2683 2873 2852 2924 Ὅταν
2882 2865 2976 2924 οὖν
3020 2872 3048 2923 6
3097 2869 3196 2940 μὲν
3236 2869 3428 2939 Πατὴρ
3469 2867 3680 2935 λέγηται

2123 2966 2330 3036 Πατὴρ,
2367 2967 2394 3017 ὀ
2418 2966 2472 3017 δὲ
2494 2965 2621 3027 Υἱὸς
2649 2965 2840 3030 Λόγος,
2873 2964 2972 3016 οὐκ
2997 2962 3148 3015 ἔσται
3168 2962 3266 3033 τὴν
3292 2961 3458 3031 φύσιν
3489 2960 3523 3031 ἢ
3545 2955 3679 3019 οὗτος

2123 3055 2258 3125 πρὸς
2284 3057 2507 3117 ἐκεῖνον,
2540 3055 2571 3125 ἢ
2604 3058 2812 3118 ἐκεῖνος
2831 3054 2906 3118 ὡς
2937 3056 3072 3125 πρὸς
3099 3054 3288 3108 τοῦτον
3331 3055 3600 3124 ἀνόμοιος,
3628 3053 3678 3104 ὲν

2123 3147 2303 3215 μόνοις
2319 3147 2573 3216 ὀνόμασιν
2598 3146 2814 3216 ἔχοντες
2836 3147 2933 3218 τὴν
2955 3147 3256 3216 διαστολὴν.
3280 3147 3561 3200 Δέδεικται
3583 3145 3678 3215 γὰρ

2120 3240 2195 3302 ὡς
2239 3241 2335 3293 οὐκ
2381 3240 2673 3310 ἀνατρέψει
2717 3239 2824 3292 τῶν
2873 3239 3126 3310 ὁμοφυῶν
3173 3241 3272 3310 τὴν
3305 3239 3446 3310 πρὸς
3493 3238 3678 3309 ᾶλληλα

2122 3332 2355 3402 φυσικὴν
2394 3334 2686 3400 ὁμοιότητα
2713 3330 2819 3384 τῶν
2848 3333 3126 3402 ὀνομάτων
3169 3333 3201 3402 ἡ
3231 3331 3484 3401 διαφορά.
3531 3330 3678 3385 Οὐδὲν

2118 3426 2226 3494 ἄρα
2256 3425 2453 3476 κωλύει
2481 3425 2572 3477 τὸν
2604 3425 2734 3478 Υἱόν
2768 3424 3051 3494 ὀμοούσιον
3086 3421 3224 3477 εἶναι
3251 3423 3329 3494 τῷ
3360 3426 3558 3494 Πατρὶ,
3587 3425 3678 3476 κᾶν

2117 3515 2245 3579 Υἱὸς
2273 3516 2516 3569 καλεῖται
2544 3517 2638 3568 καὶ
2671 3515 2744 3587 μὴ
2773 3517 2961 3588 Πατὴρ
2993 3515 3152 3578 αὐτός
3199 3517 3347 3568 ἐστιν
3385 3515 3415 3567 ὀ
3446 3513 3679 3584 ἀληθινὸς

2118 3608 2280 3662 αὑτοῦ
2315 3609 2506 3675 Λόγος.
2544 3608 2717 3678 Ἀπλῆ
2745 3608 2853 3679 γὰρ
2882 3605 3068 3676 οὖσαή
3121 3606 3214 3659 τοῦ
3252 3606 3470 3676 Πατρὸς
3515 3604 3676 3666 οὐσία,

2117 3701 2268 3753 οὐδὲν
2295 3700 2479 3770 ἕτερον
2508 3701 2812 3766 ἐπιδέξεται
2841 3698 3175 3770 μεσολαὸοὖν
3197 3697 3295 3770 τὴν
3316 3699 3570 3768 γέννησιν
3595 3694 3676 3747 τοῦ

2119 3793 2177 3857 ἐξ
2205 3793 2369 3846 αὐτοῦ
2400 3793 2646 3863 φυσικῶς
2672 3793 3029 3863 προελθόντος
3060 3792 3255 3858 Λόγου,
3288 3792 3381 3844 καὶ
3414 3790 3492 3853 ὡς
3519 3791 3573 3842 ἓν
3600 3789 3676 3840 ὀν-

2117 3902 2224 3946 τως
2256 3884 2390 3954 πρὸς
2415 3884 2597 3950 αὑτὸν,
2629 3883 2764 3936 καθό
2797 3883 2953 3952 φύσει
2978 3884 3073 3937 καὶ
3107 3883 3270 3946 αὐτὸς
3299 3882 3431 3942 Θεὸς
3463 3882 3556 3935 καὶ
3583 3879 3676 3944 ζῶν

2118 3975 2181 4027 ὲκ
2201 3975 2401 4039 ζῶντος
2435 3975 2746 4047 ὲξελάμφθη
2772 3977 3007 4043 Πατρός.

2397 4089 2729 4156 Ἀντίθεσις
2751 4089 2832 4155 ὡς
2857 4089 2924 4142 ἐκ
2955 4087 3073 4141 τῶν
3093 4088 3416 4157 Εὑνομίου.

2200 4184 2289 4236 Ἑν
2316 4185 2426 4245 τοῖς
2455 4182 2828 4250 Εὐαγγελίοις,
2861 4183 3050 4251 φησὶν,
3097 4181 3428 4251 εὑρίσκομεν
3463 4181 3674 4248 λέγοντα

2115 4275 2206 4327 τὸν
2236 4274 2360 4326 Υῐὸν
2385 4275 2460 4338 ὡς
2486 4274 2620 4346 πρὸς
2642 4273 2731 4326 τὸν
2763 4274 2982 4344 Πατέρα
3004 4290 3016 4302 ·
3053 4293 3070 4324 ι
3111 4274 3313 4344 Πάτερ,
3339 4273 3560 4336 δόξασόν
3589 4286 3674 4324 σου

2113 4366 2204 4418 τὸν
2234 4366 2380 4427 Υἱὸν,
2416 4386 2433 4416 ι
2474 4365 2842 4418 ἀντακούοντα
2870 4365 2926 4417 δὲ
2967 4367 3098 4436 παρ’
3129 4365 3294 4418 αὐτοῦ
3317 4382 3330 4394 ·
3366 4385 3383 4415 ‹
3428 4366 3536 4418 Καὶ
3567 4363 3671 4416 ἐδό-

2118 4458 2277 4522 ξασα,
2313 4459 2406 4510 καὶ
2432 4458 2590 4511 πάλιν
2611 4457 2839 4523 δοξάσω.
2888 4474 2904 4506 ι
2939 4457 3051 4508 Καὶ
3075 4457 3191 4520 πῶς
3215 4457 3279 4508 ἂν
3301 4453 3441 4509 εἶναι
3471 4456 3672 4508 δύναιτο

434 4554 554 4591 cum
598 4539 754 4596 Pater
793 4543 966 4612 ipsum
1003 4547 1356 4618 alloquatur?
1388 4552 1642 4609 allocutio
1673 4564 1854 4611 autem
1881 4527 2006 4613 abs;

2122 4552 2286 4619 Λόγος
2317 4551 2409 4604 τοῦ
2442 4552 2652 4622 Πατρὸς
2677 4549 2818 4602 κατὰ
2851 4548 3105 4619 ἀλήθειαν
3138 4551 3165 4602 ὀ
3199 4549 3347 4612 Υἱὸς,
3374 4550 3509 4601 ὅπου
3554 4546 3671 4615 φαί-

433 4643 538 4697 que
574 4633 738 4686 verbo
794 4634 907 4690 fieri
945 4653 1049 4690 nun
1084 4650 1282 4704 potest.
1314 4642 1420 4694 Aut
1462 4644 1625 4712 igitur
1659 4648 1886 4716 ipsemet
1917 4665 2005 4703 se-

433 4737 554 4776 cutn
590 4725 846 4794 loquitur,
881 4743 973 4784 aut
1007 4735 1048 4785 si
1079 4732 1240 4787 Pater
1299 4753 1486 4791 revera
1531 4739 1725 4791 Filium
1773 4741 2005 4811 alloqui-

435 4824 540 4872 tur,
575 4814 711 4870 alius
737 4819 978 4886 profecto
1009 4825 1113 4877 erit
1144 4840 1173 4878 a
1206 4826 1381 4882 Verbo
1399 4831 1538 4898 quod
1576 4831 1798 4884 insitum
1837 4843 2000 4901 atque

432 4905 758 4964 inexsisteus
797 4911 901 4965 Deo
925 4917 1217 4970 secundum
1251 4929 1498 4974 naturam
1523 4933 1624 4990 est,
1653 4927 1797 4994 quod
1828 4927 1999 4995 ipsum

431 4996 744 5067 alloquitur,
769 5003 921 5070 juxta
953 5008 1279 5064 voluntatem
1318 5012 1517 5070 Patris.

923 5185 1136 5241 Salutio
1167 5191 1503 5260 objectiom’s.

500 5269 616 5326 Non
649 5273 860 5330 desinet
894 5277 994 5333 iste
1044 5281 1419 5351 incorpoream
1455 5290 1752 5345 essentiam
1793 5295 2000 5350 calum-
2091 5270 2093 5272 π

429 5364 592 5425 niari,
625 5368 958 5432 persuadens
985 5370 1086 5424 sibi
1119 5389 1424 5430 sermonem
1465 5395 1529 5432 ex
1564 5396 1625 5435 ea
1659 5383 1890 5450 proferri
1920 5396 2000 5440 ta-

428 5455 554 5518 lem,
586 5458 761 5524 qualis
800 5470 886 5514 est
937 5462 1223 5532 humanus,
1254 5469 1345 5538 qui
1394 5469 1658 5527 labiorum
1705 5485 1761 5530 et
1804 5477 2000 5548 linguae

429 5547 758 5603 adminiculo
785 5557 1186 5624 pronuntietur,
1219 5569 1383 5630 atque
1416 5561 1505 5617 illa
1537 5566 1871 5623 adstantium
1892 5547 2000 5625 fau-

429 5637 601 5693 ditqu
629 5637 806 5708 feriat,
843 5651 903 5697 ut
937 5645 1010 5701 ita
1046 5648 1316 5720 loquentis
1350 5653 1594 5712 voluntas
1620 5656 1847 5730 intelligi
1879 5675 2000 5730 pos-

503 5793 545 5823 ”
575 5792 726 5850 Joan.
760 5812 857 5866 xu,
896 5799 986 5857 28.

2110 4663 2260 4698 νεται
2290 4645 2424 4715 πρὸς
2453 4644 2613 4696 αὑτὸν
2633 4641 3014 4710 διαλεγόμενος
3043 4643 3070 4693 ὀ
3111 4642 3334 4710 Πατήρ;
3367 4640 3600 4707 διάλεξις
3621 4638 3671 4692 δὲ

2109 4739 2267 4805 λόγου
2292 4737 2460 4807 χωρὶς
2489 4737 2589 4788 οὐκ
2620 4735 2685 4788 ἂν
2735 4734 2942 4802 γένοιτό
2989 4750 3140 4788 ποτε.
3195 4735 3264 4785 ΊΙ
3299 4733 3481 4785 τοίνυν
3524 4733 3671 4792 αὐτὸς

2110 4829 2289 4900 ἑαυτῷ
2345 4829 2493 4881 ἔσται
2546 4827 2948 4894 διαλεγόμενος,
2979 4826 3011 4896 ἢ
3042 4826 3199 4894 εἴπερ
3231 4823 3400 4885 ὅντως
3439 4823 3586 4888 λέγει
3625 4838 3668 4871 τι

2110 4924 2246 4994 πρὸς
2286 4923 2445 4975 αὐτὸν
2472 4924 2498 4973 ὀ
2534 4920 2740 4990 Πατὴρ,
2773 4920 2959 4990 ἕτερός
2993 4921 3106 4970 ἐστι
3138 4916 3288 4988 παρὰ
3326 4916 3415 4969 τὸν
3444 4914 3669 4968 ἐνδιάθε-

2108 5031 2198 5066 τον
2231 5013 2323 5064 κα“ι
2366 5013 2736 5080 ἐνυπάρχοντα
2774 5010 2851 5080 τῷ
2889 5008 3006 5076 Θεῴ
3041 5008 3179 5060 κατᾶ
3215 5007 3376 5076 φύσιν
3397 5007 3586 5074 Λόγον,
3617 5005 3668 5067 ὃς

2107 5105 2260 5158 λαλεῖ
2296 5104 2431 5174 πρὸς
2460 5103 2640 5163 αὐτὸν,
2674 5100 2816 5154 κατὰ
2846 5100 3096 5171 βούλησιν
3112 5099 3203 5152 τοῦ
3235 5099 3468 5170 Πατρός.

2592 5196 2747 5263 Πρὸς
2777 5194 2962 5247 ταῦτα
2987 5193 3187 5258 λύσις.

2179 5292 2253 5345 Οὐ
2277 5289 2461 5362 παύσῃ
2489 5287 2837 5357 συκοφαντῶν
2856 5285 2949 5358 τὴν
2972 5286 3263 5356 ἀσώματον
3288 5283 3498 5348 οὐσίαν,
3523 5282 3666 5348 λόγον

2109 5385 2167 5452 eg
2191 5383 2361 5453 αὐτῆς
2396 5379 2774 5435 ἀποτελεῖσθαι
2801 5377 3072 5431 πιστεύων
3117 5375 3377 5441 τοιοῦτον,
3407 5377 3587 5436 ὁποῖος
3606 5371 3665 5426 ἂν

2108 5478 2191 5546 εἴη
2220 5477 2312 5529 καὶ
2337 5478 2365 5528 ὀ
2394 5473 2750 5544 ἀνθρώπινος,
2775 5470 2863 5523 διὰ
2888 5469 3112 5540 χειλέων
3142 5469 3235 5520 καὶ
3264 5465 3510 5536 γλώττης
3540 5467 3664 5517 ἁπο-

2108 5566 2316 5620 κτυπού
2325 5582 2485 5634 μενος
2505 5581 2520 5598 ·
2539 5563 2631 5616 καὶ
2651 5563 2747 5631 τὴν
2767 5562 2859 5614 τοῦ
2880 5561 3051 5624 πέλας
3071 5558 3466 5630 προσαράσσων
3483 5554 3660 5624 ἀκοὴν,

2109 5661 2196 5714 ἵνα
2221 5658 2283 5729 δὴ
2309 5659 2401 5712 καὶ
2429 5658 2638 5725 γένοιτο
2663 5655 2841 5725 σαφὴς
2882 5653 2977 5708 τοῦ
3016 5651 3302 5716 λαλοῦντος
3331 5652 3363 5721 ἡ
3397 5647 3658 5719 βούλησις.

3827 3761 3830 3972 ι

3827 4023 3830 4171 ι

3827 5523 3829 5578 l
