3882 6210
170 368 280 428 3|?

1551 362 1988 420 THESAURUS.

3323 378 3427 432 313

174 491 238 543 Εί
278 489 386 561 γὰρ
413 487 702 561 ἐθελήσαις
728 488 1033 553 ἀποσώζειν
1073 490 1135 559 τῇ
1173 486 1447 557 ἀσωμάτῳ
1486 485 1756 554 φύσειτδν

1893 488 1950 540 it.
1989 487 2122 542 Nam
2165 490 2210 544 si
2242 489 2378 545 velis
2419 505 2643 546 servare
2676 491 3007 562 incorporea;
3043 503 3248 547 natura:
3295 511 3428 549 con-

174 581 311 650 αὐτῇ
348 579 684 650 κατάλληλον
707 579 864 646 λόγον
887 580 985 648 (l),
1013 579 1076 632 ού
1099 576 1354 648 τοιαύτην
1381 573 1522 629 εἶναι
1547 577 1753 645 νομιεῖς

173 669 269 723 τοῦ
295 671 514 740 Πατρός
536 671 636 740 τὴν
661 671 864 742 φωνὴν,
889 670 964 733 ὡς
992 673 1072 732 εἰς
1093 668 1262 739 ἀκοὴν
1287 668 1546 738 φέρεσθαι
1572 684 1757 736 σωμα-

174 761 367 825 τικῶς.
386 762 463 815 Οὐ
492 761 600 832 γὰρ
625 763 782 832 μόνος
807 763 836 814 6
859 761 1059 832 Κύριος
1084 762 1393 832 ἠκροάσατο
1423 760 1516 813 τοῦ
1543 757 1756 830 Πατρὸς

175 852 461 920 λέγοντος’
501 873 519 904 ι
550 854 658 906 Καὶ
696 853 943 917 ἐδόξασα,
975 852 1070 906 καὶ
1105 851 1266 905 πάλιν
1289 851 1498 917 δοξάσω
1521 867 1536 880 ·
1566 868 1583 900 ι
1624 847 1759 901 ἀλλὰ

177 944 289 1012 γὰρ
319 944 413 996 καὶ
441 943 492 997 οἱ
517 943 762 1007 συνόντες
777 942 946 1012 αύτῷ.
975 943 1256 997 Διδάσκων
1281 941 1339 995 δὲ
1374 942 1561 1008 σαφῶς
1579 943 1607 993 ὁ
1624 941 1759 1012 Χρι-

179 1035 329 1098 στὸς,
360 1036 442 1088 ὅτι
463 1035 670 1106 κυρίως
701 1035 792 1088 καὶ
818 1034 1062 1104 φυσικῶς
1093 1035 1193 1086 οὐκ
1221 1033 1401 1102 εκείνη
1425 1032 1518 1084 τοῦ
1547 1032 1758 1103 Πατρὸς

177 1123 249 1198 ἦν
287 1129 320 1198 ὴ
351 1127 522 1198 φωνὴ,
557 1127 694 1180 ἀλλά
717 1145 799 1190 τις
832 1125 1036 1189 κτύπος
1065 1128 1211 1196 φωνῇ
1236 1123 1570 1195 προσεοικὼς
1602 1125 1760 1194 ἐξήγ-

177 1219 342 1288 γελλε
375 1219 472 1272 τοῦ
498 1219 708 1289 Πατρδς
727 1219 825 1288 τὴν
856 1220 942 1287 ἐφ’
974 1218 1088 1288 Υἰῷ
1131 1217 1404 1288 βούλησιν.
1432 1217 1541 1269 Καὶ
1567 1218 1758 1288 ὅτιπερ

179 1312 270 1383 εἴη
310 1313 492 1382 τίμιος
523 1312 652 1383 παρ’
670 1311 838 1382 αὐτῷ,
867 1311 1017 1379 λέγει
1045 1309 1182 1381 πρὸς
1207 1311 1332 1371 τοὺς
1354 1309 1757 1380 ἀκροωμένουςο

188 1423 208 1453 ι
235 1404 313 1455 Οὐ
344 1403 410 1456 δι’
435 1403 534 1474 ἐμὲ
563 1404 595 1472 ἡ
631 1403 780 1473 φωνὴ
805 1400 943 1472 αὕτη
979 1401 1226 1470 γέγονεν,
1271 1400 1406 1453 ἀλλὰ
1432 1401 1498 1453 δι’
1535 1401 1698 1470 ὑμᾶς.
1734 1419 1754 1454 ι

181 1495 429 1566 Πρόσχες
455 1497 562 1566 γὰρ
584 1494 825 1567 ἀκριϐῶς
842 1495 916 1558 ὡς
938 1495 1036 1547 οὐκ
1060 1493 1280 1563 ἔφησεν,
1298 1495 1372 1546 Ού
1395 1493 1462 1546 δι’
1485 1493 1584 1562 ἐμὲ
1605 1492 1762 1545 λελά-

180 1589 352 1658 ληκεν
392 1591 420 1642 6
458 1590 666 1659 Πατὴρ,
725 1587 759 1658 ἢ
813 1587 1124 1659 ἐόόησεν,ἢ
1178 1587 1365 1659 ἕτερόν
1408 1603 1462 1639 τι
1497 1585 1756 1651 τοιοῦτον,

182 1682 302 1734 ἀλλ’
330 1682 412 1735 ᾶτι
440 1701 458 1734 ε
482 1682 556 1734 Οὐ
583 1682 650 1734 δι’
686 1683 710 1732 ὲ
719 1680 785 1752 μὲ
803 1681 1076 1750 γέγονενὴ
1104 1679 1276 1749 φωνὴ,
1301 1678 1437 1732 ἀλλὰ
1456 1677 1522 1731 δι’
1548 1679 1712 1748 ὑμᾶς.
1736 1697 1754 1727 ι

184 1774 250 1826 Εἰ
283 1774 458 1826 τοίνυν
489 1773 579 1826 διά
606 1790 751 1836 τινος
780 1772 930 1836 θείας
953 1771 1236 1842 ἐνεργείας
1260 1770 1482 1839 γέγονεν
1515 1771 1549 1839 ἡ
1587 1769 1758 1840 φωνὴ,

1858 577 2167 631 venientem
2211 579 2259 632 ei
2313 580 2606 644 rationem,
2661 596 2763 634 non
2803 583 2960 635 talem
3010 598 3131 636 esse
3180 586 3429 639 censebis

1857 665 2036 721 Patris
2101 685 2306 734 vocem,
2360 681 2416 724 ut
2462 672 2514 724 in
2577 672 2814 725 auditum
2871 675 3239 742 corporaliter
3281 676 3427 729 fera-

1859 770 1965 815 tur.
2048 759 2234 830 Neque
2291 763 2435 816 enim
2506 763 2649 816 solus
2721 764 2974 818 Dominus
3046 766 3252 819 audivit
3324 767 3428 819 Pa-

1860 863 1996 906 trem
2057 854 2326 908 dicentem
2361 871 2374 906 :
2423 873 2441 905 ‹
2486 855 2549 907 Et
2584 855 2900 924 glorificavi,
2936 867 2987 910 et
3032 860 3230 911 iterum
3264 853 3430 926 glori-

1864 945 2057 1008 ficabo,
2097 965 2116 997 ι
2153 947 2245 1000 sed
2279 946 2443 1000 etiam
2476 947 2566 1015 qui
2620 948 2847 1002 Domino
2892 950 3138 1004 aderant.
3176 949 3432 1003 Christus

1865 1048 2047 1092 autem
2091 1039 2376 1092 manifeste
2420 1040 2618 1093 docens
2664 1041 2806 1104 quod
2839 1043 3056 1109 proprie
3093 1055 3157 1094 ac
3207 1049 3430 1093 natura-

1869 1130 1996 1184 liter
2039 1146 2146 1183 non
2179 1140 2294 1184 erat
2348 1131 2524 1185 Patris
2576 1132 2661 1184 illa
2703 1147 2828 1196 vox,
2872 1133 2963 1184 sed
3012 1147 3176 1186 sonus
3213 1133 3430 1199 quidam

1868 1222 1983 1274 voci
2019 1220 2216 1274 similis
2261 1222 2563 1275 enuntiavit
2601 1221 2777 1276 Patris
2821 1223 2887 1276 de
2919 1221 3052 1274 Filio
3082 1223 3432 1278 voluntatem.

1877 1313 2043 1382 188
2075 1311 2225 1378 Quod
2255 1323 2433 1366 autem
2479 1328 2582 1365 non
2625 1313 2689 1366 ad
2733 1328 2792 1369 se
2833 1312 2971 1366 facta
3016 1313 3197 1379 fuerit,
3234 1314 3298 1368 ad
3342 1331 3436 1370 eos

1863 1407 1956 1474 qui
2007 1421 2128 1458 eum
2171 1420 2362 1458 sonum
2405 1404 2711 1469 audierant,
2746 1409 2817 1459 ita
2866 1407 2982 1460 ait:
3017 1424 3035 1456 ι
3072 1405 3185 1460 Non
3218 1413 3438 1476 prepter
3523 1407 3534 1413 ’

1863 1512 1949 1551 me
1989 1513 2087 1551 vox
2138 1497 2239 1552 ista
2276 1498 2417 1551 facta
2459 1509 2560 1561 est,
2597 1499 2689 1551 sed
2718 1509 2938 1567 propter
2966 1513 3062 1551 vos
3089 1499 3152 1551 ³¹.
3191 1517 3209 1549 ι
3247 1499 3438 1551 Anim-

1865 1591 2085 1644 adverte
2141 1591 2286 1644 enim
2338 1590 2643 1660 diligenter,
2695 1606 2803 1660 quo
2853 1598 3007 1660 pacto
3053 1606 3156 1644 non
3196 1591 3436 1644 dixerit:

1865 1682 1983 1738 Non
2022 1693 2244 1752 propter
2276 1698 2362 1738 me
2407 1683 2619 1738 locutus
2659 1695 2743 1738 est
2789 1681 2972 1746 Pater,
3020 1694 3111 1736 aut
3159 1682 3437 1747 clamavit,

1865 1776 2180 1844 autaliquid
2199 1776 2550 1844 ejuscemodi,
2581 1775 2698 1839 sed,
2731 1794 2749 1826 ‹
2775 1775 2887 1829 Non
2925 1786 3145 1844 propter
3178 1790 3263 1828 me
3298 1774 3440 1828 facta

189 1867 255 1919 οὐ
283 1865 370 1918 διὰ
404 1864 655 1936 Χριστὸν,
687 1865 761 1928 ὡς
783 1863 945 1926 αὑτός
980 1879 1164 1933 φησιν,
1202 1862 1338 1916 ἀλλὰ
1365 1861 1453 1916 διὰ
1477 1862 1603 1925 τοὺς
1637 1879 1762 1914 συν-

1884 1876 1950 1920 εει
1981 1867 2096 1920 ιιιεο
2124 1881 2250 1932 vox,
2275 1867 2368 1920 sed
2399 1877 2620 1934 prepter
2649 1882 2764 1921 vos.
2798 1886 2815 1918 ι
2855 1866 2911 1920 Si
2943 1882 3074 1934 ergo
3104 1866 3284 1919 divina
3305 1881 3443 1933 qua—

189 1958 352 2020 όντας
396 1955 563 2026 αὐτῷ,
593 1956 877 2026 ἀμήχανον
906 1955 964 2008 δὲ
995 1950 1062 2025 ἦν
1103 1953 1424 2025 ἀνθρώπους
1455 1953 1614 2016 δντας
1645 1951 1764 2004 ἐτέ-

191 2068 304 2122 ρως
324 2049 583 2102 δύνασθαι
617 2047 808 2118 μαθεῖν
836 2047 928 2100 τοῦ
951 2047 1162 2118 Πατρὸς
1181 2047 1282 2117 τὴν
1307 2045 1584 2116 βούλησιν,
1618 2047 1666 2098 εί
1692 2045 1766 2115 μὴ

183 2139 508 2210 ἀνθρωπεία
539 2140 674 2210 πρὸς
707 2139 903 2202 αὐτοὺς
933 2139 1154 2206 ἐγένετο
1184 2139 1373 2208 φωνή·
1404 2138 1458 2190 τί
1492 2137 1670 2208 μάτην
1700 2137 1769 2189 τὰ

183 2235 548 2304 οἰκονομικῶς
576 2233 834 2304 γεγονότα
869 2233 963 2285 καὶ
1015 2231 1370 2302 ἀνθρωπίνως
1419 2229 1770 2300 διοικούμενα

182 2325 254 2380 δι’
278 2327 422 2396 ἡμᾶς
454 2325 615 2379 πάλιν
639 2324 930 2396 ἀναφέρεις
969 2324 1062 2377 ἐπὶ
1099 2324 1203 2395 τὴν
1237 2322 1528 2394 ἀσώματον
1557 2321 1766 2386 οὐσίαν,

186 2417 586 2487 ῥιψοκινδύνως
610 2415 678 2469 τὰ
705 2418 771 2486 τῇ
799 2417 1002 2486 γενητῇ
1037 2415 1319 2485 πρέποντα
1363 2413 1524 2483 φύσει
1551 2414 1644 2466 καὶ
1678 2411 1772 2465 ἐπὶ

183 2513 289 2584 τὴν
312 2513 576 2584 αγένητον
601 2509 906 2576 ἁνατιθείς;

875 2794 1080 2848 ΑΛΛΟ.

491 2888 807 2953 Ἀντίθεσις
829 2887 910 2952 ὡς
937 2887 1005 2940 ἐκ
1031 2883 1150 2938 τῶν
1171 2883 1488 2953 Εὐνομίου.

261 2984 518 3039 Φαίνεταί
566 2999 668 3036 που
715 2981 912 3048 λέγων,
970 2979 1158 3048 φασὶν,
1210 2979 1237 3031 ὁ
1270 2977 1458 3046 Πατὴρ
1505 2973 1642 3044 πρὸς
1684 2972 1776 3027 τὸν

189 3079 356 3131 Υίόνο
389 3094 407 3126 ι
445 3075 766 3143 Ποιήσωμεν
795 3070 1100 3139 ἄνθρωπον.
1135 3089 1154 3120 ι
1187 3067 1296 3120 Καὶ
1327 3066 1488 3129 αὐτὸς
1518 3064 1582 3136 δὴ
1613 3063 1778 3118 πάλιν

1869 1959 1990 2011 dam
2026 1956 2263 2010 efﬁcacia
2293 1971 2397 2010 vox
2434 1955 2520 2009 illa
2563 1955 2703 2009 facta
2751 1971 2854 2008 non
2893 1966 3110 2026 propter
3138 1955 3438 2018 Christum,

1871 2058 1932 2104 ut
1982 2048 2211 2117 ipsemet
2260 2057 2524 2112 testatur,
2568 2049 2660 2103 sed
2709 2058 2928 2117 propter
2985 2063 3080 2101 eos
3121 2047 3210 2116 qui
3254 2047 3300 2100 ei
3345 2047 3443 2099 ad-

1868 2151 2043 2204 erant,
2092 2140 2425 2210 impossibile
2466 2155 2594 2194 vero
2621 2151 2768 2204 erat,
2800 2156 2919 2193 cum
2957 2139 3204 2192 homines
3239 2149 3444 2202 essent,

1873 2243 1931 2288 ut
1970 2233 2307 2286 voluntatem
2359 2231 2539 2285 Patris
2590 2230 2697 2284 alia
2736 2231 2946 2283 ratione
2997 2229 3289 2290 discerent,
3341 2227 3443 2278 nisi

1872 2327 2110 2380 humana
2140 2339 2272 2380 voce
2297 2325 2622 2378 ducerentur
2649 2340 2662 2374 :
2693 2323 2820 2391 quid
2854 2321 3057 2374 frustra
3113 2334 3232 2389 qua:
3280 2319 3450 2372 ratio—

1872 2434 1942 2473 ne
1995 2417 2389 2472 incarnationis
2441 2426 2498 2469 et
2552 2417 2788 2469 humano
2873 2429 3022 2468 more
3067 2412 3449 2465 administrata

1874 2517 2005 2564 sunt
2031 2509 2203 2564 nostri
2225 2523 2412 2572 causa,
2447 2507 2514 2560 ad
2538 2509 2915 2574 incorpoream
2939 2509 3230 2560 essentiam
3254 2503 3448 2566 refers,

1878 2601 2165 2658 temerarie
2194 2602 2483 2655 admodum
2503 2616 2620 2668 quae
2640 2606 2836 2654 creata:
2860 2606 3067 2653 natura:
3098 2596 3449 2662 conveniunt,

1878 2695 2134 2749 increatae
2173 2693 2456 2748 tribuens?

2542 2784 2771 2841 ALIUD.

2378 2876 2617 2947 Objectio
2660 2876 2931 2931 Eunomii.

1952 2973 2232 3029 Invenitur
2267 2971 2491 3037 alicubi,
2526 2972 2800 3040 inquiunt,
2838 2970 3001 3024 Pater
3037 2970 3101 3022 ad
3135 2968 3332 3022 Filium
3367 2969 3455 3022 di-

1882 3078 2058 3118 cens:
2113 3083 2132 3114 ι
2179 3064 2468 3118 Faciamus
2523 3062 2795 3116 hominem
2823 3060 2891 3114 ³³.
2927 3078 2946 3112 ι
2993 3060 3057 3114 Ει
3088 3061 3202 3129 ipse
3244 3075 3457 3112 rursum

187 3173 219 3223 6
250 3169 448 3239 Σωτὴρ
485 3166 622 3237 πρὸς
665 3164 948 3225 Ἰουδαίους
972 3162 1353 3231 διαλεγόμενος
1386 3159 1537 3226 λέγει
1563 3173 1577 3188 ο
1609 3177 1626 3208 t
1649 3153 1775 3210 Ἀπ’

1888 3155 2144 3210 Servator
2173 3155 2391 3211 Judaeos
2419 3155 2724 3224 alloquens,
2749 3155 2881 3208 dicit
2915 3172 2927 3206 :
2962 3172 2982 3205 ι
3023 3151 3137 3222 Ego
3167 3169 3196 3205 a
3233 3168 3317 3205 me
3345 3154 3461 3220 ipso

191 3261 442 3335 ἐμαυτοῦ
473 3260 534 3313 οὐ
557 3257 724 3322 λαλῶ,
747 3256 864 3311 ἀλλ’
885 3258 985 3310 ὅσα
1010 3256 1216 3325 ἥκουσα
1247 3249 1398 3322 παρὰ
1424 3250 1515 3304 τοῦ
1544 3247 1778 3319 Πατρὺς,

191 3355 374 3409 ταῦτα
404 3350 732 3420 ἀπαγγέλλω
762 3351 912 3418 ὑμῖν.
942 3366 959 3397 ι
992 3342 1118 3415 Ἀρ⁹
1137 3339 1231 3397 οὖν
1256 3343 1408 3404 εἴτις
1437 3342 1580 3412 ὑμᾶς
1601 3340 1781 3411 ἔροιτο

189 3448 330 3509 τώς
353 3447 445 3498 ὲπὶ
477 3443 764 3514 δογμάτων
803 3439 1056 3511 ὀρθότητι
1082 3433 1652 3506 μεγαλαυχουμένους,
1681 3431 1782 3484 πό-

191 3539 360 3610 τερόν
393 3554 522 3590 ποτε
555 3535 632 3598 ῶς
664 3534 799 3605 πρὸς
833 3531 1012 3584 εἰδότα
1058 3529 1148 3581 τὸν
1183 3527 1309 3582 Υίδν
1355 3529 1383 3579 ὀ
1429 3523 1620 3595 Πατὴρ
1646 3525 1782 3593 ὅπερ

194 3631 426 3702 ἔμελλεν
455 3631 600 3700 ἐρεῖν
637 3626 977 3694 διαλέγεται,
1022 3622 1053 3692 ἢ
1089 3623 1164 3685 ὡς
1189 3621 1328 3693 πρὸς
1375 3618 1451 3690 μὴ
1490 3617 1690 3679 εἰδότα,
1728 3616 1782 3669 τί

193 3726 268 3780 ἂν
293 3719 680 3792 ἀποκρίνοισθε
707 3736 722 3785 ;
772 3718 834 3770 Εἰ
869 3716 968 3786 μὲν
994 3710 1086 3769 οὖν
1109 3715 1210 3767 οὐκ
1241 3710 1370 3777 οἶδε,
1431 3709 1694 3780 μανθάνει
1725 3708 1784 3762 δὲ

193 3818 322 3871 τότε
357 3810 644 3868 ὃτανότοῦ
681 3809 894 3881 Πατρὸς
943 3808 1102 3877 λόγος
1159 3806 1296 3876 πρὸς
1342 3804 1502 3857 αὑτὸν
1555 3804 1782 3872 γένηται

195 3908 334 3980 περί
368 3923 536 3972 τινος,
558 3903 741 3975 ἕτερός
765 3903 880 3955 ἐστι
912 3900 1063 3972 παρὰ
1099 3899 1188 3952 τὸν
1220 3896 1348 3950 ὄντα
1391 3897 1552 3964 φύσει
1576 3911 1590 3925 ·
1644 3895 1692 3946 εί
1729 3893 1786 3945 δὲ

195 3996 334 4061 οἶδε,
364 3994 479 4057 πῶς
510 3995 610 4046 οὐκ
649 3990 865 4062 ἀμαθὲς
898 3991 994 4042 καὶ
1048 3987 1271 4056 ἀνόητον
1313 3983 1375 4036 τὸ
1422 3983 1558 4051 πρὸς
1607 3979 1784 4032 εἰδότα

196 4093 386 4158 λέγειν
423 4088 612 4156 ῶσπερ
656 4086 755 4138 οὐκ
796 4083 1014 4146 εἰδότα;
1065 4079 1176 4133 Καὶ
1211 4077 1296 4130 ἐπ’
1344 4074 1646 4146 ἀνθρώπων
1677 4072 1787 4142 γὰρ

196 4186 305 4238 οὐκ
355 4182 458 4246 ἔξω
501 4180 660 4248 λόγου
692 4177 758 4230 τὸ
802 4175 1043 4229 τοιοῦτον
1074 4173 1333 4227 κείσεται.
1391 4170 1454 4221 Εἰ
1495 4167 1552 4221 δὲ
1585 4167 1787 4221 ἄτοπον

199 4273 437 4344 τοιούτῳ
467 4274 574 4324 τινί⁴
609 4268 962 4340 περιπίπτειν
1003 4267 1170 4336 φάναι
1204 4264 1294 4316 τὸν
1325 4262 1478 4324 Θεὸν,
1516 4259 1672 4330 δῆλον
1705 4260 1787 4312 ὅτι

200 4370 283 4431 ὡς
311 4367 450 4438 πρὸς
491 4366 592 4418 οὐκ
625 4362 800 4415 εἰδότα
841 4361 1010 4429 λέγει.
1060 4356 1198 4411 Οὔτε
1241 4350 1331 4408 οὖν
1373 4353 1534 4415 αὐτός
1568 4353 1716 4404 ἐστιν
1761 4351 1789 4402 6

201 4453 513 4517 ἐνδιάθετος
571 4453 763 4520 Λόγος,
799 4449 923 4504 οὔτε
974 4448 1080 4519 μὴν
1119 4443 1258 4500 οἶδεν
1311 4443 1454 4513 ἅπερ
1489 4441 1735 4512 βούλεται
1761 4439 1789 4490 6

1887 3258 1992 3296 non
2044 3243 2256 3311 loquor,
2294 3244 2387 3296 sed
2419 3257 2538 3310 qua:
2577 3242 2758 3296 audivi
2806 3258 2836 3296 a
2879 3241 3061 3308 Patre,
3113 3242 3227 3295 huic
3270 3246 3462 3295 nuntio

1886 3336 2036 3391 vobis
2057 3335 2122 3390 ³³.
2146 3353 2166 3387 ι
2208 3335 2263 3389 Si
2296 3334 2419 3404 quis
2450 3335 2612 3403 igitur
2644 3338 2940 3402 interroget
2975 3349 3092 3400 vos,
3114 3335 3204 3400 qui
3235 3335 3462 3401 dogma-

1887 3441 1998 3484 tutn
2028 3429 2356 3484 rectitudine
2385 3427 2714 3496 gloriamini,
2757 3435 2937 3479 utrum
2973 3427 3038 3479 ad
3077 3427 3336 3480 scientem
3371 3425 3464 3478 Fi-

1886 3522 2014 3575 lium
2043 3519 2204 3573 Pater
2232 3519 2374 3587 quod
2401 3518 2650 3572 dicturus
2677 3526 2820 3577 erat,
2855 3531 2921 3567 an
2951 3529 3081 3568 vero
3110 3515 3177 3566 ad
3210 3515 3462 3568 nescien-

1891 3623 1996 3666 tem
2045 3613 2259 3665 locutus
2299 3611 2392 3672 sit,
2449 3609 2706 3678 quidnam
2761 3606 3174 3675 respondeatis?
3225 3605 3354 3659 Nam
3419 3606 3466 3660 si

1888 3703 2146 3767 nescivit,
2188 3717 2251 3756 ac
2312 3711 2423 3754 tum
2468 3699 2704 3769 primum
2750 3697 2956 3759 didicit,
3009 3697 3225 3766 quando
3286 3696 3467 3750 Patris

1887 3809 2067 3849 sermo
2097 3793 2372 3862 quapiam
2411 3793 2477 3847 de
2511 3807 2570 3846 re
2599 3793 2665 3845 ad
2701 3790 2847 3844 illum
2881 3788 3098 3842 habitus
3125 3798 3229 3852 est,
3290 3788 3468 3840 diver-

1889 3903 1981 3942 sus
2026 3887 2131 3942 erit
2187 3887 2254 3939 ab
2287 3900 2351 3940 eo
2393 3885 2483 3954 qui
2529 3892 2720 3938 natura
2752 3881 3009 3938 exsistit:
3038 3882 3082 3934 si
3120 3896 3250 3935 vero
3289 3881 3466 3944 scivit,

1898 3981 2169 4054 quomodo
2203 3996 2308 4034 non
2346 3978 2510 4032 fuerit
2552 3977 2842 4033 absurdum
2883 3977 2949 4030 ad
2992 3976 3253 4030 scientem
3295 3974 3466 4041 loqui,

1899 4085 2157 4145 tanquam
2190 4089 2297 4128 non
2330 4071 2629 4127 scientem?
2655 4071 2815 4139 Atqui
2848 4070 3010 4124 etiam
3041 4069 3184 4122 inter
3211 4066 3468 4120 horuines

1889 4167 1993 4222 hoc
2031 4167 2315 4221 ridiculum
2346 4163 2532 4217 fuerit.
2557 4161 2690 4216 Cum
2722 4154 2888 4231 igitur
2927 4159 3219 4214 absurdum
3246 4158 3316 4211 sit
3349 4157 3452 4210 hoc

1892 4260 2001 4314 Deo
2051 4259 2311 4323 tribuere,
2382 4256 2723 4310 manifestum
2767 4263 2870 4319 est,
2910 4253 2976 4304 ad
3032 4265 3134 4304 non
3184 4250 3447 4302 scientem

1913 4352 2155 4406 locutum
2203 4349 2392 4404 fuisse.
2437 4347 2550 4401 Non
2584 4355 2667 4400 est
2701 4346 2863 4414 igitur
2904 4345 3019 4413 ipse
3057 4341 3283 4396 Verbum
3323 4339 3466 4393 Patri

1916 4443 2162 4505 insitum,
2206 4455 2381 4510 neque
2423 4438 2671 4492 scivisset
2701 4452 2819 4505 qua:
2852 4435 2964 4488 vult
3003 4433 3145 4487 Deus
3191 4447 3253 4486 ac
3287 4431 3467 4496 Pater,

204 4549 344 4612 Θεὸς
380 4548 472 4600 καὶ
500 4545 712 4617 Πατὴρ,
759 4545 807 4596 εί
857 4541 934 4614 μὴ
964 4542 1177 4609 γένοιτο
1222 4536 1359 4608 πρὸς
1406 4533 1571 4587 αὑτὸν
1600 4532 1629 4584 ὁ
1660 4547 1772 4600 παρ

1902 4535 2006 4589 nisi
2056 4548 2236 4589 sermo
2265 4531 2446 4586 Patris
2486 4531 2550 4584 ad
2583 4526 3000 4599 ipsumjtabitus
3031 4524 3242 4580 fuisset.

206 4641 380 4698 αὑτοῦ
408 4639 585 4706 λόγος.

707 4751 861 4823 Πρὸς
884 4749 1060 4804 τοῦτο
1096 4747 1296 4811 λύσις.

286 4871 456 4926 Οὐδὲν
478 4865 570 4924 οὖν
591 4868 776 4922 διοίσει
806 4863 1101 4936 προφητῶν
1128 4864 1156 4915 6
1183 4862 1241 4913 ἐν
1281 4858 1590 4931 προφήταις
1619 4854 1794 4908 λαλῶν

212 4960 311 5017 τοῦ
342 4959 476 5013 Θεοῦ
507 4961 696 5028 Λόγος,
726 4957 820 5010 καὶ
848 4955 916 5007 τὰ
949 4953 1182 5022 ἐσόμενα
1209 4947 1541 5019 προμηνύων
1572 4947 1755 5008 αὐτοῖς
1776 4960 1793 4975 ·

214 5054 281 5106 οὐ
313 5050 424 5121 γὰρ
455 5045 598 5119 εἶχον
631 5048 689 5114 ἐξ
729 5043 938 5100 ἑαυτῶν
971 5043 1032 5096 τὸ
1061 5041 1261 5094 εἰδέναι
1299 5039 1502 5092 ταῦτα·
1554 5036 1700 5107 μόνῳ
1739 5035 1796 5088 δὲ

219 5145 454 5217 ἁρμόζει
481 5141 602 5210 Θεῷ
637 5138 964 5210 ἐσομένωνή
998 5135 1320 5207 πρόγνωσις.
1353 5131 1462 5184 Kal.
1481 5131 1532 5183 τί
1563 5130 1800 5200 ποιήσω-

221 5255 349 5309 μεν,
384 5235 477 5289 τοῦ
519 5234 725 5305 Κυρίου
764 5231 954 5301 σαφῶς
992 5227 1185 5283 ἑαυτὸν
1232 5225 1330 5296 τῆς
1381 5223 1518 5296 πρὸς
1560 5222 1800 5285 ἐκείνους

225 5330 475 5400 ἰσότητος
507 5325 980 5396 ἀποδιορίζοντος;
1029 5321 1095 5374 δι’
1125 5311 1200 5373 ὧν
1251 5316 1394 5370 οὕτω
1445 5315 1646 5386 φησίν·
1686 5333 1705 5366 ‹
1735 5316 1799 5368 Εἰ

223 5421 468 5484 ἐκείνους
497 5415 619 5472 εἷπε
652 5417 829 5482 θεοὺς,
858 5415 993 5486 πρὸς
1021 5412 1115 5476 οὓς
1149 5413 1178 5465 6
1206 5409 1362 5478 λόγος
1391 5408 1482 5461 τοῦ
1513 5406 1648 5462 Θεοῦ
1679 5408 1799 5477 ὲγὲ-

297 5575 344 5607 ³³
370 5573 528 5629 Joan.
560 5587 662 5637 xu,
685 5570 776 5626 30.
849 5570 894 5601 ³²
918 5567 1054 5624 Geo.
1092 5583 1132 5632 ι,
1160 5565 1250 5620 26.
1327 5564 1374 5596 ³³
1397 5561 1551 5618 Joan.
1590 5579 1686 5628 xu,
1715 5564 1802 5620 49.

2397 4734 2605 4791 Salutio
2651 4733 2974 4803 objectionis.

1966 4852 2108 4908 Nihil
2152 4853 2318 4922 igitur
2366 4849 2582 4905 differet
2624 4864 2653 4902 a
2698 4847 2975 4918 prophetis
3017 4844 3253 4899 Verbum
3289 4845 3382 4901 Dei
3421 4844 3472 4896 in

1906 4948 2184 5020 prophetis
2224 4946 2450 5015 loquens
2495 4953 2550 4997 et
2591 4941 2771 4995 futura
2819 4941 2896 4993 eis
2929 4938 3226 5008 przediceus
3257 4955 3269 4989 :
3304 4951 3477 5003 neque

1901 5043 2045 5096 enim
2095 5055 2163 5093 ex
2213 5038 2412 5107 seipsis
2451 5038 2645 5090 horum
2705 5033 2953 5088 notitiam
3005 5029 3320 5085 habebant:
3373 5030 3474 5082 soli

1907 5147 2141 5200 namque
2195 5131 2304 5184 Deo
2355 5127 2607 5184 convenit
2662 5125 2963 5178 futurorum
3018 5121 3298 5190 praenotio.
3339 5118 3476 5185 Quid

1900 5241 2029 5281 vero
2062 5223 2342 5286 faciemus,
2367 5236 2488 5276 cum
2517 5219 2774 5274 Dominus
2827 5215 3113 5270 manifeste
3159 5229 3218 5267 se
3261 5215 3330 5265 ab
3364 5213 3478 5264 illo-

1900 5334 2018 5373 rum
2066 5316 2417 5372 similitudine
2465 5313 2703 5368 eximat?
2757 5312 2848 5364 ita
2899 5310 3126 5362 dicens:
3173 5324 3191 5356 ‹
3251 5303 3306 5359 Si
3361 5305 3480 5358 illos

1905 5411 2040 5466 dixit
2071 5410 2201 5465 deos
2228 5408 2294 5462 ad
2325 5422 2458 5476 quos
2484 5421 2664 5462 sermo
2694 5404 2786 5458 Dei
2814 5402 2987 5458 factus
3013 5410 3119 5463 est,
3152 5407 3206 5453 et
3241 5412 3347 5452 non
3380 5411 3481 5466 po-

303 5755 379 5822 (l)
413 5753 504 5807 Sic
533 5751 764 5822 Coleler,
797 5751 847 5804 in
871 5745 1194 5822 Mortunt._E.
1227 5744 1291 5799 G.
1316 5743 1524 5806 ".591.
1731 5741 1773 5794 A

1884 5787 1892 5812 ,
1922 5744 2010 5796 τὸν
2043 5741 2203 5795 αὑτὸν
2245 5742 2364 5794 κατ’
2398 5737 2621 5808 ἄλληλον
2648 5735 2821 5804 λόγον.
2856 5731 2991 5788 Nam
3018 5731 3059 5785 si
3087 5730 3140 5784 in
3177 5737 3364 5784 natura
3395 5725 3482 5779 in-

233 5815 484 5894 corporea
525 5823 639 5890 fieri
672 5820 792 5876 velis
826 5829 1063 5874 mutuum
1102 5818 1236 5871 lumc
1272 5829 1577 5871 sermonem.
1617 5815 1772 5867 lion.
