3882 6210
443 363 549 421 329

1475 362 1532 418 s.
1576 359 1843 418 CYRILLI
1883 357 2350 416 ALEXANnmNI
2391 364 2712 420 ARCIIIEP.

3607 369 3721 426 3‘30

447 492 552 538 test
589 481 724 539 solvi
771 481 1093 549 Scriptura;
1140 498 1303 555 quem
1353 482 1496 541 Deus
1544 484 1930 548 sanctiﬁcavit,
1966 501 1991 536 e

2121 498 2241 538 νετο
2264 524 2279 549 ,
2332 487 2425 540 καὶ
2456 488 2517 540 ού
2547 486 2774 541 δύναται
2816 488 3042 558 λυθῆναι
3080 490 3113 559 ή
3154 488 3374 560 Γραφὴ,
3420 489 3478 543 ὃν
3507 491 3536 542 6
3579 491 3720 555 Θεὸς

444 574 594 630 misit
639 575 693 630 in
741 577 1021 642 mundum,
1075 591 1174 633 vos
1218 577 1401 633 dicitis
1465 578 1593 647 quia
1648 577 2021 647 Blaspbemas,

442 665 570 734 quia
613 665 723 719 dixi
753 687 766 720 :
805 665 974 723 Filius
1007 668 1101 722 Dei
1134 682 1254 723 sum
1283 669 1350 723 “.
1387 687 1407 721 ι
1443 667 1499 723 Si
1534 669 1682 724 enim
1715 670 2019 724 naturalem

442 766 564 806 cum
610 756 890 824 prophetis
922 756 1333 813 similitudinem
1360 757 1659 824 habuisset,
1678 761 1804 825 {non
1834 760 2023 828 utique

440 844 605 897 veluti
643 860 673 899 a
710 845 870 916 189
896 847 1197 902 minoribus
1240 862 1300 903 se
1343 849 1804 916 comparationem
1854 848 2021 904 fecis-

441 944 546 990 set.
587 935 720 990 Nam
757 952 876 991 cum
908 939 1067 1005 dixit,
1101 958 1121 992 ι
1156 937 1213 997 Si
1246 940 1367 997 illos
1396 941 1538 996 dixit
1571 941 1725 1009 deos,
1766 943 1834 997 ad
1882 958 2021 1012 quos

441 1041 622 1082 sermo
659 1027 753 1083 Dei
804 1027 982 1084 factus
1012 1039 1117 1099 est,
1145 1031 1437 1089 manifeste
1469 1034 1707 1089 ostendit
1754 1035 1850 1090 Dei
1900 1050 2020 1090 ser-

440 1131 653 1170 monem
688 1118 754 1172 ad
788 1134 848 1174 se
894 1119 1097 1175 factum
1132 1134 1238 1174 nou
1265 1134 1411 1187 esse,
1447 1122 1594 1178 sicut
1630 1124 1698 1177 ad
1731 1122 1886 1178 illos:
1922 1123 2018 1179 sed

438 1208 581 1273 quod
627 1206 744 1277 ipse
784 1211 859 1265 sit
909 1225 1091 1267 sermo
1139 1211 1317 1270 Patris
1369 1216 1436 1271 ad
1484 1217 1779 1286 prophetas
1813 1217 2011 1272 dictus.

440 1293 723 1361 Quomodo
773 1299 938 1367 igitur
976 1303 1045 1366 is,
1074 1304 1165 1374 qui
1206 1312 1358 1359 tanto
1408 1306 1693 1361 intervallo
1723 1308 2017 1379 prophetas

436 1399 678 1457 Superat,
710 1392 842 1445 nihil
870 1393 1032 1449 habet
1055 1397 1287 1465 amplius
1319 1412 1481 1466 quam
1512 1400 1811 1470 prophetat,
1846 1410 1901 1455 ut
1935 1409 2013 1469 tu,

433 1476 766 1551 blaspheme,
797 1484 1263 1555 impudentissime
1288 1489 1523 1545 asseris?

1098 1771 1330 1829 ALIUD.

501 1878 557 1933 Si
588 1881 812 1935 nescivit
849 1881 1021 1937 Filius
1064 1885 1393 1941 voluntatem
1435 1886 1636 1957 Patris,
1665 1890 1782 1955 sed,
1811 1905 2007 1961 quem-

426 1973 717 2030 admodum
776 1976 960 2031 hostes
1018 1977 1222 2033 Christi
1278 1989 1556 2046 asserunt,
1588 1996 1894 2038 sermonem
1936 1984 2006 2040 ab

427 2062 545 2132 ipso
567 2066 816 2137 suscipit,
841 2078 899 2123 ut
917 2069 988 2123 ita
1008 2068 1200 2135 discat,
1221 2080 1276 2126 et
1295 2072 1517 2140 perinde
1533 2087 1597 2127 ac
1620 2075 2001 2143 prophetarum

425 2155 661 2226 aliquem
689 2158 852 2214 Pater
872 2160 1044 2229 ipsum
1079 2161 1374 2232 alloquitur
1404 2180 1419 2217 :
1460 2164 1690 2233 aequalis
1725 2166 1890 2235 igitur
1919 2177 2004 2222 est

422 2247 721 2317 prophetis.
758 2248 899 2315 Quid
936 2250 1105 2322 igitur
1136 2267 1352 2307 rursum
1385 2260 1623 2309 statuent
1662 2258 1728 2310 de
1766 2256 1999 2311 Psalmi-

420 2347 529 2400 sta,
563 2338 613 2391 in
652 2338 860 2409 Spiritu
887 2342 1102 2396 dicente
1132 2361 1146 2397 :
1184 2361 1203 2394 ι
1237 2341 1369 2410 Quis
1400 2345 1453 2399 in
1487 2346 1721 2401 nubibus
1751 2362 2001 2417 exaequa-

418 2426 569 2481 bitur
603 2429 874 2486 Domino?
916 2443 970 2488 ct
1002 2435 1125 2504 quis
1156 2437 1351 2491 similis
1389 2437 1494 2492 erit
1526 2438 1753 2496 Domino
1784 2442 1835 2494 in
1874 2441 1998 2497 ﬁliis

418 2518 696 2573 hominum
721 2522 849 2575 ³⁵2»
888 2524 1076 2579 Viden’
1121 2541 1229 2595 quo
1263 2537 1423 2596 pacto
1482 2539 1669 2597 aperte
1725 2532 1996 2587 neminem

419 2610 594 2676 inquit
614 2613 667 2667 in
688 2615 992 2684 prophetis,
1014 2632 1150 2684 quos
1177 2618 1404 2689 ﬁgurate
1427 2621 1598 2675 nubes
1622 2630 1799 2688 vocat,
1824 2639 1997 2693 neque

415 2701 469 2755 in
508 2703 596 2770 iis,
626 2707 718 2775 qui
761 2723 859 2777 per
901 2711 1133 2779 gratiam
1187 2712 1239 2765 in
1272 2711 1412 2767 ﬁlios
1442 2712 1535 2767 Dei
1572 2714 1813 2783 adoptati
1846 2724 1993 2781 sunt,

413 2794 677 2861 aequalem
724 2797 840 2853 fore
876 2799 1012 2854 Filio
1041 2802 1315 2856 naturali?
1342 2804 1619 2870 Quomodo
1657 2807 1821 2876 igitur
1853 2824 1995 2863 ceu—

413 2886 617 2942 sendus
642 2896 724 2942 est
753 2904 881 2945 vere
908 2890 1052 2961 loqui
1081 2891 1275 2959 David,
1310 2896 1401 2964 qui
1437 2896 1563 2950 talia
1591 2898 1643 2951 in
1672 2899 1880 2969 Spiritu
1908 2901 1991 2956 di-

413 2977 507 3043 cit,
540 2979 588 3033 si
632 2993 814 3036 sermo
846 2980 1022 3039 Patris
1063 2986 1229 3041 etiam
1276 2989 1346 3042 ad
1390 2988 1566 3058 ipsum
1614 2991 1692 3056 lit,
1739 2992 1882 3049 sicut
1925 2995 1992 3050 ad

411 3077 653 3136 sanctos,
680 3080 734 3127 et
757 3088 863 3129 non
902 3076 1052 3130 novit
1077 3077 1408 3134 voluntatem
1435 3080 1614 3137 Patris
1654 3084 1876 3153 perinde
1905 3096 1989 3141 at-

410 3176 520 3231 que
546 3162 642 3225 illi,
662 3174 717 3219 et
742 3180 837 3235 per
859 3168 1104 3248 auditum
1132 3171 1524 3228 revelationem
1556 3174 1702 3230 illius
1719 3178 1988 3248 suscipit?
2016 3195 2063 3259 ο

410 3253 483 3305 At
517 3253 562 3307 si
601 3253 978 3326 blasphemum
1009 3266 1093 3315 est
1116 3262 1318 3329 dicere,
1348 3262 1617 3333 Spiritum
1651 3269 1896 3335 mentiri,
1932 3280 1989 3325 ut

407 3342 633 3398 omnino
659 3355 742 3401 est
762 3346 1157 3417 blasphemum,
1183 3367 1357 3422 neque
1387 3352 1550 3410 aliter
1578 3369 1636 3411 se
1668 3372 1757 3413 res
1790 3357 1987 3415 habet:

412 3442 563 3489 certe
602 3433 746 3491 Deus
779 3437 1188 3509 incomparabili
1221 3444 1543 3501 excellentia
1579 3449 1861 3518 prophetis
1893 3466 1983 3506 su-

412 3521 596 3588 perior
617 3524 743 3590 erit,
770 3527 970 3597 quippe
994 3529 1090 3598 qui
1119 3545 1283 3588 verus
1314 3547 1520 3602 sermo,
1556 3545 1613 3592 et
1646 3538 1897 3595 voluntas
1924 3553 1989 3595 ac

407 3612 675 3681 sapientia
699 3614 898 3673 Patris.

1077 3819 1332 3877 ALIUD'

477 3922 533 3979 Si
560 3922 798 3982 Verbum
820 3927 968 3985 Patri
993 3934 1311 3992 naturaliter
1363 3938 1693 3999 inexsistens
1719 3945 1869 4003 aliud
1897 3959 1985 4004 est

402 4012 473 4068 at.
505 4028 569 4068 eo
596 4017 739 4084 quod
777 4033 946 4074 sacras
987 4020 1287 4092 Scripturce
1328 4029 1487 4084 nobis
1529 4045 1861 4103 proponunt,
1926 4048 1984 4092 ut

404 4106 476 4161 sit
501 4109 769 4176 quoddam
800 4112 1075 4168 occultum
1102 4125 1158 4171 et
1189 4115 1362 4175 latens
1386 4121 1438 4175 in
1467 4122 1653 4193 Patre,
1709 4126 1855 4183 aliud
1890 4144 1984 4183 ve-

403 4211 466 4250 ro
518 4201 660 4267 quod
717 4203 965 4258 enuntiat
995 4206 1132 4275 fquae
1183 4208 1346 4266 Pater
1395 4212 1661 4284 loquitur,
1717 4234 1880 4289 quem
1926 4232 1981 4276 et

401 4287 638 4347 Joannes
672 4291 839 4348 Deum
879 4309 1002 4352 esse
1028 4298 1195 4356 dicit:
1234 4306 1506 4367 quomodo
1546 4287 1981 4380 igitur—simplex

404 4390 459 4434 et
494 4385 902 4453 compositionis
936 4403 1135 4458 expers
1163 4407 1283 4448 esse
1312 4397 1663 4454 censebitur?
1698 4399 1977 4472 Siquidem

408 4476 719 4530 necessario
749 4478 841 4546 qui
892 4477 1097 4549 aliquid
1135 4484 1409 4539 occultum
1444 4497 1500 4543 et
1543 4489 1751 4559 aliquid
1806 4508 1971 4560 appa-

409 4576 534 4616 rens
563 4562 742 4628 habet,
768 4581 875 4621 non
908 4568 1155 4638 simplex,
1196 4573 1290 4640 sed
1325 4574 1503 4643 potius
1527 4580 1861 4649 compositus
1890 4594 1975 4637 est

401 4661 458 4705 et
486 4667 551 4706 ex
582 4654 791 4710 duobus
834 4671 1111 4717 constans.
1143 4664 1303 4735 Atqui
1345 4667 1487 4724 Deus
1521 4679 1605 4725 est
1641 4682 1835 4727 natura
1874 4690 1973 4729 sua

399 4744 651 4814 simplex,
686 4748 929 4821 nihilque
974 4753 1028 4808 in
1071 4770 1132 4811 se
1181 4757 1345 4813 habet
1391 4763 1776 4831 compositum.
1822 4766 1976 4824 Unus

399 4835 582 4907 itaque
610 4838 664 4894 in
688 4840 804 4910 ipso
833 4852 916 4900 est
942 4848 1208 4906 naturalis
1231 4858 1286 4906 et
1310 4850 1509 4910 insitus
1532 4854 1722 4913 Filius.

1076 5049 1233 5107 ALIU
1245 5051 1306 5107 D.

470 5155 551 5221 Si,
578 5157 1031 5224 quemadmodum
1076 5163 1260 5222 hostes
1298 5168 1498 5225 Christi
1553 5172 1714 5244 190
1769 5178 1973 5233 audent

394 5247 598 5311 dicere,
626 5248 863 5307 Verbum
899 5254 1044 5323 quod
1101 5256 1156 5312 in
1194 5258 1487 5331 Evangelio
1516 5265 1670 5321 nobis
1703 5269 1939 5337 prredica

396 5349 506 5407 tur,
536 5341 810 5399 diversum
853 5354 937 5401 est
978 5347 1047 5402 ab
1086 5363 1155 5404 eo
1185 5352 1327 5419 quod
1353 5351 1501 5409 Patri
1545 5366 1738 5413 natura
1769 5359 1943 5417 inexsi

393 5432 512 5495 stit,
547 5447 720 5502 neque
756 5436 905 5490 novit
944 5453 1142 5495 arcana
1176 5440 1375 5509 Patris,
1411 5445 1508 5500 sed
1547 5446 1709 5502 discit
1748 5456 1967 5519 quando

394 5536 517 5574 eum
552 5521 843 5593 alloquitur
882 5545 896 5581 :
938 5542 1070 5599 ergo
1098 5544 1165 5584 ex
1208 5531 1516 5602 ignorantia
1564 5537 1633 5591 ad
1684 5541 1965 5598 scientiam

399 5610 725 5669 traducitur.
768 5616 931 5687 Atqui
975 5634 1080 5689 quo
1118 5632 1279 5692 pacto
1318 5639 1447 5683 vere
1495 5628 1661 5684 dicit:
1697 5649 1716 5683 ‹
1758 5631 1870 5703 Ego
1911 5647 1966 5691 et

471 5762 517 5794 “
548 5762 702 5821 Juan.
733 5784 787 5836 x,
819 5770 909 5839 55,
940 5773 1027 5831 '56.
1106 5776 1150 5809 ³⁸
1179 5776 1323 5834 Psal.
1359 5796 1620 5853 Lxxxvm,
1653 5785 1704 5839 7.

2127 574 2319 642 ήγίασε
2354 576 2448 629 καὶ
2476 577 2795 631 ἀπέστειλεν
2829 580 2910 641 είς
2933 578 3026 631 τὸν
3055 580 3260 647 κόσμον
3281 620 3296 644 ,
3340 581 3496 650 ὑμεῖς
3518 580 3718 649 λέγετε

2124 664 2205 717 ὅτι
2236 664 2606 736 Βλασφημεῖς,
2639 670 2722 722 ὃτι
2748 665 2901 722 εἷπον
2921 685 2935 700 ⁸
2967 669 3094 733 Υἱὸς
3115 670 3207 723 τοῦ
3239 670 3373 723 Θεοῦ
3397 673 3567 741 εἰμι.»
3592 672 3716 725 Καὶ

2123 758 2229 829 γὰρ
2262 761 2310 812 εί
2338 759 2436 831 τὴν
2470 760 2608 830 πρὸς
2636 763 2762 826 τοὺς
2792 764 3080 833 προφήτας
3115 758 3261 833 εἶχεν
3298 763 3520 833 ἰσότητα
3542 781 3713 832 φυσι-

2123 848 2247 919 κὴν,
2289 850 2390 902 οὐκ
2438 850 2505 904 ἂν
2560 852 2637 915 ὡς
2686 854 2752 905 ὲκ
2774 852 2870 905 τοῦ
2897 852 3181 916 ἐλάττονος
3223 853 3329 906 τῶν
3356 854 3479 907 καθ’
3514 854 3713 907 ἑαυτὸν

2120 940 2358 994 ἐποιεῖτο
2404 942 2507 1010 τὴν
2560 942 2870 1013 σύγκρισιν,
2907 941 2979 995 τὰ
3023 942 3250 996 ἐκείνων
3291 942 3582 1012 λαμϐάνων
3626 945 3714 1006 εἰς

2120 1032 2559 1103 παραδείγματος
2594 1032 2846 1104 δύναμιν.
2893 1035 3087 1103 Λέγων
3132 1034 3263 1107 γὰρ,
3305 1056 3323 1087 ι
3361 1037 3422 1088 Ei
3458 1037 3711 1100 ἐκείνους

2119 1118 2241 1175 εἷπε
2266 1123 2444 1187 θεοὺς,
2468 1124 2605 1194 πρὸς
2629 1123 2724 1188 οὒς
2754 1125 2783 1176 6
2803 1125 2958 1193 λόγος
2979 1125 3075 1179 τοῦ
3106 1126 3241 1179 Θεοῦ
3281 1129 3520 1195 ἐγένετο,
3552 1147 3569 1178 ι
3602 1146 3708 1182 σα-

2119 1213 2235 1279 φῶς
2263 1212 2644 1266 ἀποδείκνυσιν
2666 1213 2727 1266 ού
2753 1213 2910 1282 λόγον
2933 1214 3266 1284 γεγενῆσθαι
3286 1215 3419 1267 Θεοῦ
3447 1216 3584 1287 πρὸς
3602 1216 3711 1269 αὐ-

2116 1305 2227 1371 τὸν,
2254 1304 2445 1377 ὥσπερ
2476 1306 2731 1377 καὶπρὸς
2763 1306 3029 1371 ἐκείνους,
3065 1306 3182 1360 ἀλλ’
3199 1307 3391 1379 ὅτιπερ
3425 1307 3586 1371 αὐτὸς
3611 1309 3705 1379 εἴη

2116 1394 2208 1448 τοῦ
2236 1396 2446 1467 Πατρὸς
2464 1398 2493 1449 6
2516 1397 2674 1466 λόγος
2705 1398 2733 1449 6
2762 1398 2899 1467 πρὸς
2927 1398 3054 1461 τοὺς
3078 1399 3362 1468 προφήτας
3390 1398 3705 1468 λεγόμενος.

2118 1480 2240 1545 Πῶς
2266 1478 2358 1535 οῦν
2389 1485 2417 1535 6
2446 1483 2703 1536 τοσοῦτον
2735 1484 2844 1536 τῶν
2889 1487 3185 1555 προφητῶν
3210 1488 3704 1558 ἀπεσχοινισμένος

2116 1572 2211 1623 καὶ
2240 1570 2351 1624 ἅνω
2384 1590 2485 1625 που
2518 1574 2791 1644 κείμενος,
2838 1575 2992 1627 οὐδὲν
3021 1576 3131 1643 τέξει
3158 1577 3319 1631 πλέον
3346 1578 3525 1633 αὐτῶν
3557 1579 3706 1633 κατά

2113 1660 2211 1732 τὴν
2235 1664 2353 1734 σὴν,
2379 1658 2424 1717 ὦ
2460 1664 2772 1737 βλάσφημε,
2798 1667 3043 1737 τόλμαν;

2798 1779 3004 1834 ΔΛΛΟ.

2183 1888 2247 1940 Εἰ
2275 1888 2376 1944 οὐκ
2393 1886 2535 1944 οἶδεν
2558 1891 2586 1943 6
2615 1891 2741 1955 Υἱὸς
2757 1891 2855 1964 τὴν
2874 1894 2967 1947 τοῦ
2995 1896 3211 1967 Πατρὸς
3241 1897 3514 1970 βούλησιν,
3543 1901 3703 1954 ἐκδέ-

2111 1996 2264 2048 χεται
2292 1980 2368 2046 δὲ,
2390 1982 2642 2051 καθάπερ
2659 1984 2708 2035 οἱ
2732 1985 3093 2056 χριστομάχοι
3118 1988 3419 2057 νομίζουσι,
3446 1992 3536 2044 τὸν
3560 1995 3698 2062 παρ’

2110 2069 2278 2124 αὐτοῦ
2298 2070 2475 2141 λόγον,
2512 2073 2598 2126 ἵνα
2628 2073 2691 2145 δή
2714 2091 2846 2127 ποτε
2879 2075 2975 2129 καὶ
3007 2075 3189 2146 μάθοι,
3223 2080 3318 2132 καὶ
3337 2080 3525 2151 ὥσπερ
3556 2081 3700 2151 πρός

2106 2179 2230 2216 τινα
2261 2162 2370 2216 τῶν
2405 2165 2704 2237 προφητῶν
2729 2168 2758 2219 6
2788 2168 2978 2238 Πατὴρ
3007 2168 3314 2239 διαλέγεται
3337 2172 3473 2242 πρὸς
3504 2173 3694 2239 αὑτὸν,

2111 2252 2223 2317 ῐσος
2255 2254 2364 2326 ἄρα
2393 2256 2698 2327 προφήταις
2727 2257 2865 2311 ἐστί.
2903 2259 3005 2312 Ποῖ
3052 2259 3116 2332 δὴ
3161 2256 3254 2314 οὖν
3287 2262 3395 2332 ἄρα
3447 2264 3697 2333 χωρήσει

2107 2344 2273 2398 πάλιν
2318 2346 2452 2416 ήμϊν
2495 2348 2523 2399 6
2575 2347 2730 2415 ἅγιος
2758 2348 3063 2420 Ψαλμῳδὸς
3092 2353 3151 2404 ὲν
3180 2353 3460 2423 Πνεύματι
3492 2354 3692 2422 λέγων,

2106 2435 2190 2488 ὅτι
2227 2455 2246 2487 ι
2286 2436 2382 2500 Τίς
2435 2438 2493 2490 ὲν
2524 2438 2776 2507 νεφέλαις
2818 2441 3145 2513 ίσωθήσεται
3186 2444 3264 2515 τῷ
3310 2446 3542 2516 Κυρίῳ;
3593 2447 3695 2499 καὶ

2106 2527 2189 2591 τίς
2235 2529 2636 2599 ὁμοιωθήσεται
2674 2531 2753 2602 τῷ
2792 2533 2983 2606 Κυρίῳ
3016 2535 3073 2588 έν
3104 2537 3240 2599 υἱοῖς
3272 2536 3439 2599 Θεοῦς
3482 2556 3500 2589 ι
3557 2538 3692 2592 Ἰδοὺ

2105 2620 2212 2691 γὰρ
2237 2620 2425 2675 ἐνθάδε
2451 2623 2639 2691 σαφῶς
2670 2624 2861 2679 οὐδένα
2896 2627 3060 2697 φησὶν
3087 2626 3211 2680 οὔτε
3255 2629 3314 2681 ὲν
3350 2630 3687 2701 προφήταις,

2102 2711 2197 2777 οὒς
2228 2712 2322 2765 καὶ
2350 2713 2582 2782 νεφέλας
2607 2715 3017 2789 τροπικώτερον
3051 2718 3235 2787 λέγει,
3286 2718 3411 2773 οὔτε
3441 2721 3546 2790 μὴν
3572 2722 3687 2784 τοῖς

2100 2804 2180 2866 εἰς
2215 2804 2436 2874 υίότητα
2467 2805 2602 2859 Θεοῦ
2648 2810 3147 2878 καταταττομένοις
3174 2810 3264 2864 διὰ
3295 2811 3394 2882 τῆς
3438 2812 3685 2883 χάριτος,

2101 2894 2215 2947 ἴσον
2235 2895 2452 2950 ἔσεσθαι
2483 2899 2560 2969 τῷ
2588 2902 2732 2955 κατὰ
2759 2902 2921 2973 φύσιν
2943 2904 3076 2974 Υἱῷ.
3122 2906 3248 2968 Πῶς
3272 2901 3365 2960 οῦν
3391 2906 3687 2976 ἀληθεύσει

2098 2986 2222 3039 Δαϐ
2217 2986 2261 3039 ιδ
2278 2989 2307 3039 6
2328 2989 2386 3041 ὲν
2402 2988 2680 3061 Πνεύματι
2696 2992 2767 3045 τὰ
2788 2994 3012 3048 τοιαῦτα
3032 2994 3224 3064 λέγων,
3239 2997 3397 3066 εἴπερ
3414 2998 3509 3051 καὶ
3524 2996 3685 3063 λόγος

2097 3078 2190 3131 τοῦ
2224 3078 2434 3153 Πατρὸς
2463 3082 2599 3153 πρὸς
2630 3083 2795 3138 αὐτὸν
2824 3085 3063 3153 γίνεται,
3097 3088 3349 3160 καθάπερ
3388 3088 3527 3159 πρὸς
3553 3091 3685 3152 τοὺς

2097 3170 2307 3238 ἁγίους,
2340 3173 2435 3224 καὶ
2462 3174 2563 3227 οὐκ
2590 3169 2698 3228 οἶδε
2733 3176 2834 3247 τὴν
2862 3178 2955 3230 τοῦ
2980 3178 3194 3248 Πατρὸς
3219 3177 3477 3249 βούλησιν
3505 3177 3682 3231 καθά-

2093 3276 2200 3331 περ
2234 3262 2453 3326 ἐκεῖνοι,
2510 3262 2626 3316 ἀλλ’
2666 3264 2952 3336 ἐκδέχεται
2999 3266 3098 3339 τὴν
3130 3267 3473 3338 ἀποκάλυψιν
3509 3269 3683 3340 αὐτῆς

2088 3350 2178 3403 διὰ
2206 3351 2307 3423 τῆς
2356 3354 2714 3424 άκροάσεως;
2752 3358 2815 3410 Εἰ
2847 3359 2904 3412 δὲ
2952 3359 3236 3431 δύσφημον
3277 3360 3339 3413 τὸ
3385 3360 3680 3430 ψεύδεσθαι

2087 3442 2150 3496 τὸ
2180 3444 2406 3515 Πνεῦμα
2453 3446 2634 3516 λέγειν
2659 3487 2673 3512 ,
2711 3449 2996 3523 δύσφημον
3029 3453 3086 3505 δὲ
3121 3451 3341 3514 πάντως
3364 3494 3379 3518 ,
3436 3452 3529 3505 καὶ
3575 3452 3680 3523 οὐχ

2088 3533 2293 3604 ἑτέρως
2321 3534 2463 3605 ἔχον,
2490 3537 2745 3608 ὑπερέξει
2778 3541 3071 3612 προφητῶν
3095 3544 3124 3596 6
3161 3543 3364 3613 Κύριος
3404 3543 3677 3613 άσυγκρί-

2086 3642 2202 3689 τοις
2228 3627 2547 3697 ὑπεροχαῖς,
2579 3630 2739 3694 αὐτὸς
2764 3631 2840 3684 ῶν
2873 3634 2902 3685 6
2932 3634 3183 3704 ἀληθινὸς
3219 3635 3375 3705 λόγος
3404 3637 3496 3690 καὶ
3523 3636 3677 3705 ἡτοῦ

2088 3715 2302 3787 Πατρὸς
2327 3717 2584 3789 βούλησις
2618 3720 2715 3771 καὶ
2742 3721 2925 3788 σοφία.

2774 3836 2978 3887 AAAO.

2154 3945 2219 3998 Ei
2240 3945 2426 4018 ἕτερός
2452 3948 2600 4002 ἐστιν
2628 3949 2657 4001 6
2683 3948 3006 4023 ἐνυπάρχων
3034 3946 3113 4019 τῷ
3144 3948 3320 4020 Πατρὶ
3343 3949 3483 4003 κατὰ
3506 3949 3673 4019 φύσιν

2084 4035 2219 4100 Θεὸς
2253 4037 2426 4106 Λόγος
2456 4038 2610 4111 παρὰ
2631 4040 2723 4094 τὸν
2750 4042 2809 4095 ὲν
2850 4044 2971 4105 ταῖς
2997 4039 3168 4104 θείαις
3200 4040 3444 4113 Γραφαῖς
3474 4059 3675 4114 σημαι-

2082 4129 2324 4198 νόμενον,
2344 4132 2436 4184 καὶ
2450 4137 2625 4187 κεῖται
2653 4134 2753 4201 μέν
2773 4151 2859 4197 τις
2884 4135 2942 4187 ὲν
2967 4135 3142 4204 Πατρὶ
3171 4136 3554 4207 κεκρυμμένος
3572 4137 3673 4189 καὶ

2082 4222 2403 4288 ἐνδιάθετος·
2431 4226 2617 4299 ἕτερος
2633 4227 2691 4280 δέ
2715 4226 2799 4291 τίς
2819 4228 2966 4280 ἐστιν
3001 4228 3383 4297 ὲξαγγελτικὸς
3403 4229 3511 4281 τῶν
3534 4229 3671 4299 παρ’

2082 4316 2247 4370 αὐτοῦ
2271 4316 2638 4387 λαλουμένων,
2671 4318 2729 4371 ὃν
2761 4319 2855 4372 καὶ
2895 4318 3144 4389 Ἰωάννης
3168 4319 3302 4374 Θεὸν
3323 4320 3494 4388 Λόγον
3526 4316 3671 4374 εἷναί

2081 4424 2248 4476 φησι,
2307 4406 2435 4472 πῶς’
2466 4408 2545 4462 ἔτι
2589 4409 2669 4481 τῷ
2709 4409 2826 4481 Θεῷ
2865 4411 2961 4465 καὶ
3003 4412 3179 4484 Πατρὶ
3212 4412 3274 4465 τὸ
3314 4413 3518 4466 ἁπλοῦν
3566 4416 3670 4467 xui.

2083 4496 2377 4550 ἀσύνθετον
2407 4498 2740 4568 σωθήσεται;
2779 4498 2951 4571 Εἴπερ
2999 4500 3310 4569 ἀναγκαίως
3356 4502 3385 4553 6
3418 4520 3670 4573 κεκρυμ-

2086 4587 2244 4656 μένον
2275 4605 2329 4640 τι
2356 4589 2449 4641 καὶ
2479 4589 2721 4658 ἐμφανὲς
2743 4588 2901 4659 ἔχων,
2936 4589 3142 4653 ἁπλοῦς
3169 4592 3271 4645 οὐκ
3304 4590 3370 4645 ἂν
3399 4595 3506 4663 εἴη,
3537 4592 3667 4645 σύν-

2079 4677 2233 4738 θετος
2261 4676 2319 4729 δὲ
2374 4678 2576 4746 μᾶλλον
2607 4678 2702 4731 καὶ
2747 4679 2810 4731 ἐγ
2862 4678 2952 4731 δύο
2987 4680 3362 4749 συγκείμενος.
3404 4682 3558 4733 Ἐστι
3604 4683 3667 4736 δὲ

2079 4768 2283 4830 ἁπλοῦς
2313 4769 2453 4821 κατά
2486 4769 2647 4838 φύσιν
2675 4773 2702 4822 6
2734 4769 2866 4832 Θεὸς
2891 4811 2906 4835 ,
2958 4771 3053 4823 xal.
3085 4770 3234 4824 οὐδὲν
3262 4772 3321 4824 ὲν
3345 4771 3492 4841 αὐτῷ
3532 4772 3664 4825 σύν-

2078 4859 2253 4913 θετον.
2285 4854 2383 4922 Εἷς
2412 4860 2519 4931 ἄρα
2551 4860 2724 4930 Λόγος
2759 4862 2818 4914 ἐν
2847 4861 2997 4932 αύτῷ
3020 4862 3249 4931 φυσικός
3273 4880 3333 4915 τε
3360 4864 3454 4918 καὶ
3483 4864 3664 4919 ἐνδιά-

2078 4949 2231 5015 θετος
2263 4953 2292 5004 6
2320 4951 2466 5014 Υἱός.

2763 5066 2971 5123 ΑΛΛΟ.

2149 5175 2496 5247 Εί,καθάπερ
2520 5176 2570 5229 οἱ
2593 5179 2949 5248 χριστομάχοι
2969 5178 3210 5249 τολμῶσι
3235 5180 3437 5249 λέγειν,
3468 5184 3660 5257 ἕτερος

2075 5267 2151 5321 ὢν
2182 5268 2330 5339 παρὰ
2368 5268 2458 5322 τὸν
2490 5270 2868 5340 ἐνυπάρχοντα
2916 5268 3077 5337 φύσει
3117 5271 3251 5326 Θεὸν
3304 5274 3476 5342 Λόγος
3506 5279 3534 5329 6
3564 5278 3657 5334 διὰ

2072 5360 2183 5414 τῶν
2213 5361 2565 5429 Εύαγγελίων
2592 5362 2724 5431 ἡμῖν
2755 5363 3180 5433 κηρυττόμενος,
3211 5365 3311 5418 οὐκ
3331 5362 3439 5419 οἶδε
3467 5369 3535 5420 τά
3562 5387 3657 5421 κε·-

2074 5452 2365 5523 κρυμμένα
2396 5451 2489 5505 τοῦ
2531 5454 2763 5525 Πατρὸς,
2804 5454 3063 5524 μανθάνει
3102 5456 3159 5509 δὲ
3186 5456 3275 5510 ὅτε
3308 5458 3444 5528 πρὸς
3489 5460 3656 5515 αύτὸδ

2070 5547 2413 5615 διαλέγεται·
2451 5547 2510 5613 ἐξ
2558 5545 2832 5615 ἀγνωσίας
2869 5548 2977 5619 ἄρα
3020 5550 3101 5611 εἰς
3150 5548 3352 5616 γνῶσιν
3404 5549 3650 5620 ἔρχεται,

2073 5638 2167 5690 καὶ
2196 5636 2254 5705 ἐξ
2285 5638 2469 5702 ἀνοίας
2495 5638 2573 5701 εἰς
2599 5638 2804 5709 νόησιν.
2838 5639 2947 5692 Καὶ
2986 5639 3100 5703 πῶς
3138 5639 3427 5712 ἀληθεύσει
3447 5642 3648 5712 λέγων’
