3882 6210
148 280 244 339 521

1517 268 1960 326 THESAURUS.

3285 261 3390 318 522

155 418 175 451 ι
213 396 355 464 Ἐγὼ
376 396 468 447 καὶ
500 395 529 447 6
563 394 753 463 Πατὴρ
782 391 841 445 ἓν
871 392 1057 463 ἐσμεν.
1090 408 1110 443 ι
1143 389 1265 453 Πῶς
1307 389 1363 443 δὲ
1406 387 1723 459 ἀπαράλλα-

1844 389 1988 443 Pater
2021 402 2185 443 unum
2229 400 2417 443 sumus
2447 384 2530 438 ³⁸2
2576 384 2685 438 Aut
2724 396 2832 453 quo
2867 388 3026 453 pacto
3060 379 3164 435 erit
3210 383 3388 436 omni-

149 506 281 552 κτος
312 485 476 539 ρίκὼν
502 483 656 537 ἔσται
683 482 779 536 τοῦ
814 482 1224 553 γεγεννηκότος,
1255 482 1304 533 εί
1345 480 1597 550 καθάπερ
1623 479 1717 532 ἄνα

151 580 367 649 θρωπος
386 575 582 646 ἀγνοίᾳ
608 576 889 646 κρατεῖται
910 590 924 639 ;
943 575 1064 645 Χρὴ
1092 573 1200 643 γὰρ
1221 573 1436 633 πάντως
1459 571 1492 641 ἢ
1516 570 1721 625 καὶτὸν

153 668 371 739 Πατέρα
400 668 579 735 λέγειν
601 684 655 719 τι
690 665 801 720 τῶν
843 666 1117 734 ἐσομένων
1148 664 1438 734 ἀγνοεῖν,ἢ
1468 666 1516 716 εί
1544 663 1721 716 πάντα

152 760 432 829 γινώσκει,
451 761 547 813 καὶ
570 759 754 814 είκόνα
781 758 881 828 τῆς
908 758 1044 821 ίδίας
1068 757 1366 827 ἀῖδιότητος
1384 758 1459 826 (l)
1496 755 1607 826 ἔχει
1630 756 1720 807 τὸν

153 856 301 919 Υίὺν,
331 852 594 908 ἀδύνατον
629 853 703 923 μὴ
726 850 981 922 τοιαύτην
1009 851 1153 921 ἔχειν
1180 850 1343 905 αὐτὸν
1376 850 1475 920 τὴν
1500 848 1718 918 γνῶσιν,

153 946 345 998 ὁποίαν
366 945 464 998 καὶ
488 946 517 996 ὁ
542 944 751 1015 Πατὴρ,
786 936 849 997 οὗ
879 944 973 997 καὶ
996 943 1112 997 ἐστι
1136 942 1418 1017 χαρακτὴρ
1442 942 1535 996 καὶ⁵
1559 940 1723 994 εἰκὼν

154 1035 587 1107 ἀπαράλλακτος.

454 1147 764 1212 Αντίθεσις
792 1146 873 1213 ὡς
902 1148 969 1200 ἐκ
995 1148 1101 1201 τοῦ
1121 1150 1440 1219 Εὐνομίου.

224 1257 332 1310 Καὶ
357 1257 443 1320 τίς
470 1256 633 1322 οὕτω,
668 1258 855 1328 φησὶν,
884 1258 1101 1330 ἀμαθὴς
1142 1260 1216 1324 ὡς
1254 1261 1522 1332 τολμῆσαι
1548 1264 1727 1333 λέγειν

154 1347 224 1400 τὸ.
270 1347 509 1417 ὀνόματα
547 1348 685 1400 κατὰ
733 1349 1076 1419 πραγμάτων
1134 1350 1386 1422 κείμενα,
1448 1354 1522 1425 μὴ
1561 1355 1724 1427 ’ἐτερα

156 1436 294 1493 εἶναι
336 1441 465 1512 παρ’
503 1442 670 1505 αὑτάς
713 1442 843 1494 Ἰδοὺ
886 1442 995 1513 γὰρ
1020 1484 1033 1506 ,
1068 1444 1096 1495 ό
1129 1443 1228 1513 μὲν
1282 1444 1528 1516 οὐρανὸς,
1565 1446 1724 1518 ἔργον

154 1532 297 1586 οὕτω
328 1533 471 1601 μέγα
496 1534 590 1586 καὶ
623 1533 900 1605 ἐξαίρετον
926 1533 1065 1586 Θεοῦ
1090 1551 1103 1564 ·
1136 1534 1199 1587 τὸ
1243 1535 1299 1589 δὲ
1330 1536 1499 1607 ὄνομα
1521 1578 1536 1603 ,
1565 1538 1633 1590 δι’
1666 1532 1727 1593 οὗ

160 1622 505 1692 σημαίνεται,
531 1624 716 1692 ἔτερόν
756 1625 873 1677 ἐστι
902 1625 1035 1695 παρ’
1060 1623 1252 1677 αὐτόν’
1286 1626 1381 1679 καὶ
1408 1627 1730 1699 γνωσόμεθα

1828 480 1986 532 moda
2020 476 2317 532 similitudo
2332 473 2531 541 Patris,
2559 472 2602 529 si
2625 472 2848 544 perinde
2863 481 3022 541 atque
3045 470 3211 526 homo
3238 472 3392 540 igno—

1828 570 2000 624 rantia
2032 568 2282 623 laborat?
2310 566 2685 623 Necessarium
2729 564 2874 621 enim
2915 572 3018 628 est,
3064 570 3126 617 ut
3154 572 3246 616 aut
3286 561 3393 615 Pa-

1829 673 1963 718 trem
2012 663 2214 732 aliquid
2264 661 2562 715 futurorum
2609 659 2860 727 ignorare
2892 656 3175 711 dicamus:
3209 663 3302 708 aut
3343 653 3387 707 si

1825 758 2007 810 omnia
2060 754 2229 819 novit,
2273 760 2329 807 et
2381 750 2668 821 imaginem
2703 746 3025 803 aternitatis
3073 760 3182 799 suae
3228 744 3393 799 habet

1825 848 2047 912 Filium,
2105 845 2219 900 ﬁeri
2264 859 2370 897 non
2402 852 2602 912 potest,
2633 840 2762 910 quin
2801 839 2989 893 eadem
3028 836 3285 907 praeditus
3320 837 3391 888 sit

1829 939 2016 993 notitia
2047 952 2155 1007 qua
2180 935 2364 1000 Pater,
2403 933 2557 1003 cujus
2588 934 2873 988 character
2903 938 3009 996 est,
3043 936 3098 985 et
3124 929 3391 986 omnimo-

1826 1033 1892 1087 da
1925 1029 2221 1087 similitudo
2245 1030 2311 1084 ³⁷.

2333 1138 2573 1208 Objectio
2606 1137 2879 1193 Eunomii.

1899 1255 2065 1325 Atqui
2100 1256 2348 1326 quisnam
2384 1254 2519 1309 adeo
2548 1252 2829 1322 imperitus
2861 1251 3046 1317 fuerit,
3072 1252 3171 1315 ait,
3201 1259 3258 1304 ut
3294 1266 3393 1303 an.

1830 1348 1956 1403 deat
1988 1349 2193 1415 dicere,
2231 1348 2445 1403 nomina
2475 1361 2594 1416 qua:
2627 1345 2791 1399 rebus
2822 1344 3066 1412 imposita
3097 1354 3240 1409 sunt,
3286 1359 3392 1396 non

1830 1456 1948 1495 esse
1984 1442 2197 1496 diversa
2232 1454 2263 1494 a
2297 1441 2454 1495 rebus
2486 1439 2653 1509 ipsis?
2697 1437 2831 1492 Nam
2879 1438 3098 1501 coelum,
3143 1450 3394 1505 magnum

1831 1533 1960 1587 illud
1991 1545 2151 1602 atque
2181 1534 2436 1588 eximium
2470 1533 2563 1587 Dei
2594 1548 2755 1601 opus,
2786 1531 2931 1585 aliud
2978 1540 3061 1585 est
3102 1544 3133 1582 a
3182 1528 3397 1582 nomine

1830 1637 1936 1692 quo
1970 1614 2325 1691 signiﬁcatur,
2363 1624 2505 1692 quod
2547 1622 2764 1692 quidem
2817 1622 2942 1675 inde
2983 1632 3393 1689 cognoscemus.

157 1714 313 1768 τοῦτο
343 1713 612 1770 ἐντεῦθεν.
649 1714 706 1768 '0
750 1716 848 1786 μὲν
878 1714 989 1788 γὰρ
1022 1714 1250 1786 οὐρανὸς
1304 1716 1537 1787 πρᾶγμά
1583 1719 1730 1772 ἐστιν

1844 1712 1965 1766 Nam
2012 1711 2207 1766 coelum
2256 1727 2341 1766 res
2370 1722 2454 1767 est
2484 1712 2735 1776 visibilis,
2767 1726 2961 1765 nomen
2997 1723 3125 1763 vero
3156 1707 3230 1761 illi
3263 1706 3400 1759 indi-

157 1805 373 1876 ὁρατὸν,
397 1805 459 1858 τὸ
478 1804 534 1859 δὲ
564 1808 650 1859 ἐπ’
679 1806 828 1876 αὐτῷ
850 1806 1101 1877 κείμενον
1131 1805 1301 1876 ὄνομα
1319 1808 1380 1859 οὐ
1403 1810 1525 1870 ταῖς
1544 1807 1732 1878 δψεσιν

1844 1813 1945 1856 tum
1980 1802 2033 1857 in
2062 1810 2343 1872 aspectum
2376 1816 2482 1856 non
2511 1801 2674 1865 cadit,
2696 1801 2788 1854 sed
2824 1807 3029 1853 tantum
3060 1796 3244 1851 auditu
3276 1811 3399 1865 per-

159 1898 477 1964 ὐποπίπτει,
503 1898 621 1951 ἀλλ’
658 1897 774 1951 ἔστι
801 1898 959 1969 μόνον
988 1898 1274 1953 ἀκουστόν.
1310 1900 1424 1952 Οὐκ
1449 1895 1541 1952 οὖν
1563 1900 1648 1953 διὰ
1673 1901 1733 1953 τὸ

158 1989 412 2060 λέγεσθαι
448 1990 617 2058 Λόγος
643 1992 671 2042 6
696 1989 849 2055 Υίὸς,
887 1990 1104 2054 πάντως
1144 1991 1264 2043 ἐστὶ
1310 1989 1470 2043 τοῦτο
1504 1990 1733 2044 ὂνοοῦσί

157 2097 337 2148 τινες,
372 2080 507 2134 ἀλλὰ
538 2080 783 2135 καλεῖται
831 2080 930 2153 μὲν
959 2082 1156 2150 Λόγος.
1190 2081 1308 2135 ἔστι
1355 2082 1411 2135 δὲ
1465 2082 1650 2152 ἕτερόν
1680 2101 1734 2137 τι

160 2172 305 2227 κατὰ
323 2172 503 2243 φύσιν.

637 2282 791 2353 Πρὸς
830 2281 1019 2336 ταῦτα
1046 2283 1251 2349 λύσις.

231 2400 453 2470 Σιωπᾷν
486 2398 613 2461 ἔδει,
658 2398 753 2451 καὶ
809 2396 975 2468 μηδὲν
1021 2395 1414 2467 ἀποκρίνεσθαι
1456 2396 1592 2467 πρὸς
1636 2394 1735 2467 τὴν

161 2493 335 2554 οὕτως
359 2491 583 2560 ἀνόητον
609 2488 703 2542 τοῦ
732 2488 893 2557 λόγου
924 2490 1291 2559 κατασκευήν.
1331 2489 1519 2559 Ὅμως
1550 2488 1595 2541 δ’
1642 2484 1735 2540 οὖν

160 2580 464 2654 ὲρωτητέον
492 2582 619 2644 τοὺς
646 2580 759 2633 ὅσοι
783 2579 853 2632 τὰ
874 2578 1100 2633 τοιαῦτά
1130 2597 1316 2648 φασιν,
1345 2580 1392 2632 εί
1424 2579 1499 2651 μὴ
1526 2579 1594 2632 τὰ
1622 2580 1737 2633 ὀνό-

166 2687 315 2741 ματα
342 2668 546 2740 κυρίως
573 2668 715 2722 κατὰ
750 2668 1092 2739 πραγμάτων
1134 2669 1393 2741 κείμενα,
1424 2670 1521 2733 τὰς
1549 2671 1737 2735 οὐσίας

161 2761 346 2815 αὐτῶν
378 2762 656 2830 σημαίνει,
674 2760 777 2813 κᾶν
798 2759 962 2833 ἕτερα
986 2760 1138 2832 παρὰ
1158 2762 1331 2814 ταῦτα
1345 2763 1608 2833 τυγχάνῃ.
1628 2764 1737 2816 Καὶ

161 2854 296 2924 γοῦν
318 2853 380 2907 τὸ
407 2852 689 2921 ἄνθρωπος
711 2852 899 2922 ὄνομα,
922 2853 1177 2924 σημαίνει
1208 2853 1307 2923 μὲν
1332 2853 1427 2906 τοῦ
1451 2854 1736 2925 ἀνθρώπου

162 2945 264 3015 τὴν
290 2942 471 3013 φύσιν,
502 2942 690 3012 ἕτερον
714 2940 772 2994 δέ
796 2941 848 2994 τί
875 2942 992 2994 ἐστι
1020 2941 1150 3013 παρ’
1185 2942 1373 2995 αὐτόν.
1424 2943 1483 2995 '0
1507 2943 1606 3013 μὲν
1631 2944 1738 3015 γὰρ

164 3034 450 3107 ἄνθρωπος
476 3034 710 3105 πρᾶγμα
734 3032 951 3104 ὁρατὸν,
974 3032 1035 3085 τὸ
1064 3033 1122 3086 δὲ
1151 3032 1238 3085 ἐπ’
1265 3032 1414 3103 αὑτῷ
1441 3032 1611 3105 ὄνομα
1641 3034 1738 3105 μό-

165 3146 257 3183 νον
300 3127 581 3180 ἀκουστόν.
636 3123 847 3179 Οὐκοῦν
902 3124 1067 3187 εἴτις
1117 3123 1406 3195 ἄνθρωπον
1440 3125 1735 3196 ὀνομάσαι,

166 3217 357 3289 ἐπειδὴ
408 3218 483 3289 μὴ
524 3218 682 3271 τοῦτό
734 3218 850 3270 ἐστι
881 3216 1098 3280 πάντως
1137 3216 1165 3268 ὃ
1200 3216 1452 3287 σημαίνει
1481 3215 1736 3288 τοῦνομα,

165 3311 311 3365 κατὰ
329 3310 422 3363 τὸν
454 3310 675 3363 ἐκείνων
708 3307 1089 3377 συλλογισμὸν,
1120 3307 1307 3378 ἔτερόν
1326 3326 1378 3361 τι
1404 3309 1613 3375 νοείτω,
1647 3311 1740 3363 καὶ

171 3402 249 3472 μὴ
270 3403 487 3465 πάντως
518 3400 678 3455 τοῦτο
714 3400 742 3453 ὃ
775 3400 1029 3471 σημαίνει
1050 3397 1308 3470 τοῦνομα.
1352 3400 1414 3452 Ei
1455 3399 1513 3453 δὲ
1544 3400 1742 3470 μανίας

168 3491 474 3563 ἀνάμεστον
499 3491 655 3545 τοῦτό
679 3508 764 3561 γε,
794 3490 894 3544 οὐκ
918 3489 1252 3561 ἀποϐλητέον
1288 3490 1387 3554 τὰς
1414 3491 1522 3544 τῶν
1545 3493 1741 3563 ὀνομά-

167 3598 278 3636 των
305 3583 669 3654 κυριολογίας,
689 3581 812 3635 οὐδὲ
833 3580 1022 3653 ἕτερόν
1053 3598 1107 3635 τι
1133 3581 1284 3656 παρὰ
1312 3581 1373 3635 τὸ
1408 3584 1743 3654 σημαινόμε-

170 3691 260 3728 νον
297 3674 365 3727 δι⁹
394 3674 573 3727 αὐτῶν
592 3673 839 3745 νοητέον·
873 3672 1105 3743 ἀργήσει
1132 3673 1241 3745 γάρ
1270 3671 1411 3726 οὕτω
1449 3673 1556 3727 τῶν
1593 3675 1743 3745 αίρε-

166 3764 339 3819 -σικῶν
361 3766 396 3836 ἡ
424 3763 610 3835 μανία.
648 3763 920 3818 Δεικνύτω
961 3762 1017 3817 δὲ
1046 3766 1178 3834 ἡμῖν
1208 3765 1237 3816 6
1282 3763 1452 3827 δεινὸς
1486 3766 1566 3829 είς
1599 3764 1744 3833 λογι-

172 3857 344 3927 σμοὺς
366 3856 447 3908 ὅτι
479 3856 553 3925 μὴ
577 3853 767 3926 κύριον
793 3854 967 3927 ὄνομα
994 3854 1072 3925 τῷ
1100 3853 1215 3925 Υἱῷ
1246 3854 1339 3907 τοῦ
1388 3852 1521 3908 Θεοῦ
1554 3854 1613 3907 τὸ
1642 3854 1746 3907 Λό-

170 3966 287 4018 γος,
317 3949 412 4001 καὶ
440 3947 840 4001 άντιταττέσθω
877 3949 996 4010 ταῖς
1029 3946 1203 4009 θείαις
1236 3947 1479 4016 Γραφαϊς
1498 3988 1511 4011 ,
1544 3963 1639 4000 και
1665 3944 1745 4016 τῷ

175 4041 429 4113 μακαρίῳ
462 4040 819 4112 εὐαγγελιστῇ
858 4039 1081 4110 Ἰωάννῃ
1101 4079 1115 4101 ,
1156 4039 1621 4110 πρεπωδεστάτην
1649 4039 1745 4091 καὶ¹

171 4132 532 4203 κυριαιτάτην
577 4131 738 4185 εἰδότι
791 4128 883 4184 τοῦ
910 4129 1040 4183 Υίοῦ
1092 4130 1191 4201 τὴν
1244 4128 1613 4200 προσηγορίαν
1656 4128 1745 4183 διὰ

171 4222 268 4277 τοῦ
296 4221 579 4277 καλεῖσθαι
602 4221 772 4291 Λόγον
793 4238 807 4252 ·
852 4241 870 4270 σ
925 4222 1013 4274 Ἐν
1043 4222 1185 4292 ἀρχῇ
1217 4221 1325 4293 γὰρ
1351 4260 1365 4285 ,
1398 4220 1581 4292 φησιν,
1612 4216 1680 4292 ἦν
1716 4222 1746 4275 6

174 4316 370 4385 Λόγος.
408 4335 429 4368 ι

452 4447 779 4511 Ἀντίθεσις
806 4445 886 4512 ὡς
912 4445 980 4499 ἐκ
1007 4443 1125 4498 τῶν
1148 4443 1472 4513 Εὑνομίου.

249 4562 360 4613 Καὶ
385 4559 503 4624 πῶς
530 4560 597 4613 ἂν
628 4560 863 4619 δύναιτο,
890 4559 1045 4628 φησὶ,
1069 4558 1224 4626 λόγος
1249 4553 1387 4610 εἶναι
1417 4556 1509 4609 τοῦ
1537 4556 1749 4630 Πατρός

176 4655 275 4707 καὶ
299 4654 460 4721 σοφία
485 4656 513 4707 ὁ
540 4654 685 4717 Υἱὸς,
715 4653 873 4725 εἴπερ
905 4654 936 4722 ἡ
970 4653 1071 4722 μὲν
1098 4651 1258 4720 σοφία
1276 4651 1470 4720 ὲπιστή
1480 4668 1553 4721 μη
1578 4651 1748 4715 ἐστὶν,

176 4742 207 4794 ὁ
250 4742 309 4794 δὲ
343 4742 498 4808 λόγος
550 4744 791 4812 ῥήματος
820 4740 964 4811 ἀργὴ
1011 4741 1299 4812 προφορά;
1338 4740 1644 4810 Ἐπιστήμη
1691 4740 1750 4791 δὲ

177 4834 281 4886 οὐκ
304 4833 664 4885 ὲνυπόστατόν
690 4833 744 4885 τί
774 4835 943 4897 ἐστιν,
974 4832 1089 4885 ἀλλ’
1120 4832 1242 4885 οὐδὲ
1270 4830 1407 4894 ζῶον
1466 4831 1562 4883 καὶ
1594 4830 1751 4899 λόγος

178 4921 401 4992 ὁμοίως.
444 4923 501 4975 Ὀ
527 4922 584 4974 δὲ
618 4923 743 4985 Υἱὸς
770 4921 908 4986 ζῶόν
939 4925 1119 4975 ὲστινο
1154 4922 1255 4975 οὐκ
1296 4920 1406 4991 ἄρα
1447 4922 1746 4994 ἐπιστήμη,

177 5013 304 5066 οὐδὲ
343 5013 504 5080 σοφία
529 5054 544 5075 ,
573 5012 695 5066 οὐδὲ
739 5012 915 5081 λόγος.
948 5008 1080 5065 Εἶτα
1123 5012 1258 5083 πρὸς
1289 5011 1465 5083 τούτῳ
1491 5052 1506 5076 ,
1544 5013 1660 5076 πῶς
1688 5012 1754 5067 ἂν

178 5105 393 5175 γένοιτο
421 5104 575 5172 λόγος
610 5105 668 5158 ὲν
708 5105 876 5175 λόγῳ,
909 5106 1166 5159 ἀδυνάτου
1214 5104 1569 5160 παντάπασιν
1601 5106 1754 5170 ὄντος

177 5195 277 5254 τοῦ
307 5196 367 5249 τὸ
396 5197 580 5266 ὅμοιον
600 5196 659 5249 ὲν
684 5197 852 5266 ὁμοίῳ
873 5196 1140 5265 γίνεσθαι;
1166 5198 1285 5251 οὐδὲ
1312 5198 1420 5271 γὰρ
1449 5198 1514 5251 ἂν
1547 5199 1756 5266 γένοιτο

177 5288 382 5362 χρῶμα
408 5291 467 5343 ἐν
502 5288 771 5360 χρώματι.
799 5289 969 5361 Εῐπερ
1000 5284 1092 5343 οὖν
1136 5284 1204 5359 ἦν
1251 5291 1281 5343 6
1326 5289 1483 5358 λόγος
1525 5290 1695 5355 ὄντως
1727 5294 1755 5345 6

250 5447 299 5483 ³³
334 5444 489 5503 Joan.
518 5466 575 5519 ι,
605 5449 693 5506 50.
769 5448 812 5482 ³⁷
840 5447 1002 5503 Hebr.
1030 5464 1067 5515 ι,
1097 5449 1151 5504 5.
1223 5447 1267 5479 ³⁸
1298 5446 1451 5503 Joan.
1479 5464 1518 5516 ι,
1559 5449 1609 5506 1.

282 5626 333 5695 I)
364 5622 504 5695 Lege
523 5625 811 5698 ίδιότητος,
842 5634 897 5680 ει
914 5633 1103 5698 _yerte,
1126 5626 1401 5698 imaginem
1438 5641 1548 5680 sum
1571 5641 1734 5698 pecu-

1772 4431 1818 4487 Ι)

1831 1894 1935 1960 cipi
1967 1902 2160 1962 potest.
2193 1893 2363 1947 Filius
2389 1893 2590 1962 itaque,
2630 1907 2735 1947 non
2775 1892 2977 1946 idcirco
3003 1892 3131 1959 quia
3165 1897 3396 1943 vocatur

1837 1986 2090 2050 Verbum,
2118 1996 2202 2041 est
2237 1986 2289 2040 in
2323 1987 2634 2040 universum
2682 1985 2734 2037 id
2767 1984 2910 2052 quod
2956 1984 3177 2053 quidam
3208 1980 3399 2034 existi-

1834 2086 2003 2141 mant,
2046 2080 2139 2132 sed
2168 2086 2389 2131 vocatur
2426 2078 2646 2147 quidem
2677 2074 2935 2145 Verbum,
2971 2084 3055 2132 est
3096 2089 3227 2129 vero
3253 2073 3400 2129 aliud

1833 2166 1963 2236 quid
1989 2168 2281 2223 secundum
2310 2176 2583 2221 naturam.

2326 2279 2529 2335 Salutio
2568 2281 2894 2351 objectionis.

1908 2389 2216 2447 Tacendum
2274 2401 2378 2457 est,
2422 2392 2665 2462 nihilque
2713 2392 2779 2445 ad
2827 2391 3128 2460 huiusmodi
3172 2392 3402 2463 ineptias

1836 2484 2291 2553 respondendum.
2327 2483 2569 2554 Rogandi
2611 2493 2790 2539 tamen
2836 2492 2983 2547 sunt,
3017 2486 3107 2552 qui
3135 2483 3401 2551 ejusmodi

1835 2575 2105 2643 eﬁ‘utiunt,
2140 2590 2318 2631 annon
2354 2577 2567 2630 nomina
2588 2590 2707 2645 qua:
2730 2576 2945 2646 proprie
2969 2576 3128 2630 rebus
3156 2576 3403 2645 imposita

1836 2676 1983 2731 sunt,
2003 2668 2366 2722 substantiam
2392 2682 2581 2722 earum
2599 2668 2926 2736 signiﬁcent,
2951 2668 3161 2722 tametsi
3190 2669 3402 2723 diversa

1836 2762 1904 2816 ab
1931 2762 1999 2816 iis
2044 2762 2175 2816 sint.
2218 2759 2422 2816 Nomen
2465 2761 2630 2827 enim,
2659 2761 2840 2825 homo,
2874 2760 3145 2830 signiﬁcat
3171 2759 3404 2815 hominis

1839 2863 2082 2908 naturam
2114 2872 2128 2908 :
2164 2861 2249 2909 est
2289 2860 2468 2907 tamen
2506 2853 2776 2908 diversum
2821 2853 2946 2923 quid
2992 2854 3060 2908 ab
3104 2855 3239 2922 ipso.
3269 2853 3403 2907 Nam

1839 2945 1999 3000 homo
2027 2954 2111 3000 est
2145 2960 2231 2999 res
2278 2946 2533 3011 visibilis,
2589 2960 2784 2999 nomen
2826 2960 2957 3000 vero
2996 2945 3044 2999 ei
3094 2945 3405 3016 impositum

1841 3040 2025 3094 auditu
2058 3047 2262 3094 tantum
2304 3040 2504 3109 percipi
2539 3049 2736 3108 potest.
2778 3040 3047 3107 Quocirca
3079 3042 3124 3096 si
3156 3042 3279 3110 quis
3306 3042 3406 3095 ho-

1844 3132 2043 3185 minem
2076 3132 2337 3195 nominet,
2367 3131 2802 3199 quandoquidem
2844 3148 2951 3187 non
2994 3131 3226 3202 idipsum
3262 3133 3405 3203 quod

1841 3232 1923 3277 est
1957 3238 2150 3277 nomen
2177 3223 2411 3277 hominis
2434 3222 2719 3292 signiﬁcat,
2746 3231 2805 3277 ut
2835 3223 2909 3277 illi
2936 3233 3404 3294 argumentantur.

1843 3313 1984 3367 aliud
2020 3312 2186 3382 igitur
2207 3311 2407 3381 aliquid
2441 3327 2564 3367 esse
2591 3323 2903 3377 censeatur,
2940 3320 2996 3366 et
3026 3328 3132 3366 non
3166 3313 3322 3382 plane
3356 3313 3410 3367 id

1841 3404 1981 3471 quod
2020 3417 2217 3457 nomen
2250 3402 2539 3471 signiﬁcat.
2581 3401 2652 3455 At
2690 3402 2732 3457 si
2779 3403 2882 3457 hoc
2927 3402 3150 3457 insaniae
3189 3402 3407 3471 plenum

1840 3503 2093 3548 est:uon
2125 3503 2252 3549 sunt
2278 3494 2442 3565 igitur
2482 3493 2796 3564 rejicienda:
2846 3494 3077 3563 propria:
3129 3495 3408 3548 nominum

1842 3584 2291 3655 signiﬁcationes,
2356 3599 2533 3653 neque
2578 3583 2720 3638 aliud
2773 3584 3061 3653 quidquam
3110 3593 3306 3653 praeter
3358 3584 3410 3637 id

1843 3677 1983 3745 quod
2008 3676 2344 3747 signiﬁcatur
2383 3691 2481 3745 per
2510 3676 2621 3744 ipsa
2652 3674 3059 3744 intelligendum
3088 3685 3206 3739 est;
3248 3684 3414 3744 atque

1845 3766 1918 3820 ita
1948 3766 2329 3820 haereticorum
2371 3765 2581 3819 insania
2609 3764 2956 3834 reprimetur.
2988 3762 3250 3818 Ostendat
3286 3779 3415 3817 vero

1846 3857 2002 3912 nobis
2028 3857 2207 3927 gravis
2234 3857 2336 3912 iste
2360 3857 2684 3927 disputator,
2718 3854 2952 3910 Verbum
2997 3870 3100 3909 non
3133 3871 3253 3911 esse
3286 3871 3414 3925 pro-

1845 3950 2021 4017 prium
2065 3948 2189 4003 Filii
2220 3948 2316 4004 Dei
2366 3963 2599 4003 nomen:
2653 3957 3022 4018 repugnetque
3059 3949 3233 4002 sacris
3266 3946 3415 4002 Scri-

1846 4039 2019 4109 pturis
2036 4053 2100 4095 ac
2121 4040 2279 4095 beato
2300 4037 2494 4094 Joanni
2513 4039 2873 4108 evangelistae,
2893 4039 2984 4108 qui
3017 4037 3417 4093 convenientis-

1846 4134 2039 4185 simam
2106 4132 2454 4198 maximeque
2503 4129 2777 4198 propriam
2830 4127 2953 4183 Filii
3002 4128 3415 4199 appellationem

1848 4224 2018 4288 novit,
2043 4237 2166 4278 cum
2195 4231 2350 4277 vocet
2384 4221 2658 4276 Verbum:
2698 4239 2718 4273 ι
2757 4220 2812 4275 In
2853 4220 3119 4291 principio
3139 4223 3305 4287 enim,
3335 4221 3418 4276 iu-

1846 4318 1982 4385 quit,
2014 4324 2131 4369 erat
2160 4311 2393 4369 Verbum
2418 4313 2485 4366 ⁸⁸.
2526 4330 2546 4363 ι

2186 4447 2340 4517 19],
2380 4445 2502 4500 Alia
2548 4444 2767 4515 objectio
2824 4442 3085 4497 Eunomit’.

1920 4562 1989 4616 At
2021 4576 2127 4630 quo
2158 4570 2337 4630 pacto,
2374 4560 2569 4627 inquit,
2607 4561 2781 4626 possit
2808 4559 2979 4613 Filius
3007 4573 3128 4612 esse
3159 4571 3340 4612 sermo
3367 4566 3420 4613 et

1851 4654 2117 4724 sapientia
2147 4652 2347 4719 Patris,
2377 4668 2498 4707 cum
2534 4652 2801 4722 sapientia
2835 4652 2905 4704 sit
2955 4650 3201 4715 scientia,
3241 4664 3421 4703 sermo

1852 4756 2031 4802 autem
2082 4744 2224 4800 nuda
2272 4744 2421 4799 verbi
2458 4743 2731 4814 prolatio?
2758 4740 2997 4797 Scientia
3030 4756 3159 4795 vero
3192 4755 3297 4795 non
3338 4750 3417 4795 est

1854 4837 2053 4908 aliquid
2089 4838 2428 4908 hypostatice
2461 4837 2809 4903 inexsisteus,
2839 4836 2932 4890 sed
2966 4849 3033 4889 ne
3061 4833 3262 4887 animal
3295 4835 3421 4904 qui-

1858 4932 2019 4997 dem;
2048 4932 2236 4986 eadem
2271 4946 2397 4987 vero
2432 4932 2569 4986 ratio
2592 4941 2677 4985 est
2711 4941 2767 4985 et
2797 4930 3085 4985 sermonis.
3123 4929 3289 4983 Filius
3327 4944 3424 4982 au-

1854 5029 1961 5075 tem
1993 5030 2077 5076 est
2107 5022 2307 5075 animal
2336 5041 2348 5077 :
2384 5038 2486 5076 non
2520 5022 2687 5093 igitur
2714 5022 2966 5084 scientia,
2994 5036 3170 5088 neque
3201 5021 3423 5089 sapien-

1854 5113 1948 5176 tia,
1992 5126 2165 5181 neque
2210 5128 2412 5167 sermo.
2462 5114 2663 5167 Deinde
2727 5113 2996 5183 quomodo
3044 5114 3114 5166 sit
3154 5127 3333 5165 sermo
3371 5111 3422 5163 in

1852 5215 2124 5268 sermone,
2163 5215 2288 5255 cum
2324 5202 2656 5269 impossibile
2687 5218 2911 5271 prorsus
2940 5203 3012 5257 sit
3050 5212 3108 5255 ut
3146 5201 3323 5256 simile
3354 5203 3425 5256 sit

1852 5292 1905 5347 in
1932 5292 2135 5350 simili?
2167 5308 2343 5365 neque
2368 5293 2515 5349 enim
2556 5293 2722 5349 fuerit
2743 5294 2895 5349 color
2924 5295 2977 5347 in
3013 5292 3215 5349 colore.
3243 5290 3301 5348 Si
3331 5304 3423 5346 er—

1840 5626 1906 5695 τῇ
1939 5625 2044 5697 ἰδίᾳ
2067 5625 2399 5697 ίδιότητι,-ει
2425 5624 2647 5697 dialogo
2666 5642 2741 5682 vn
2768 5629 2833 5683 de
2876 5626 3160 5687 Trinitate.
3193 5641 3246 5695 p.
3290 5626 3419 5694 6U,

176 5680 331 5753 tiaris
352 5680 696 5766 proprietatis.
718 5680 865 5752 Ιιᾶὁει
902 5680 1125 5754 Filium.
1160 5680 1257 5753 su!
1273 5696 1433 5762 inira,
1474 5712 1524 5766 ρ.
1559 5680 1648 5762 ﬁt),
1676 5698 1734 5750 ὲν

1844 5680 1977 5761 ἰδίας
2009 5680 2601 5767 ἰόιότητὸςίϐοτειειιῗ
2630 5680 2904 5755 statim.
2927 5680 3173 5755 Μὸίιὶιὶηζ
3194 5680 3253 5763 Ἰ,
3290 5680 3416 5756 556:
