3882 6210
434 303 538 358 525

1422 299 1478 351 8.
1526 295 1798 352 CYRlLLl
1837 292 2302 350 ALEXANDRINI
2342 292 2656 348 ARCHIEP.

3574 296 3691 348 5‘21-

435 439 503 493 go
537 420 630 490 qui
665 418 832 474 Filius
887 417 980 472 Dei
1035 427 1226 472 natura
1273 427 1374 482 est,
1415 430 1528 472 erat
1571 434 1754 473 revera
1805 433 2005 481 sermo,

2125 419 2271 487 ρύσει
2300 417 2393 471 τοῦ
2430 417 2640 490 Πατρὸς
2674 417 2820 482 Υἱὸς,
2860 415 2974 481 πῶς
3007 417 3072 471 ἂν
3105 416 3242 488 πρὸς
3276 416 3437 470 αὐτὸν
3467 418 3692 485 ἐγένετο

437 514 701 580 quoinodo
748 510 922 564 factus
966 517 1049 564 est
1101 511 1166 561 ad
1221 508 1369 561 illum
1415 525 1631 564 sermo.
1678 525 1799 563 cum
1871 511 2005 563 dixit

438 606 598 670 Deus,
632 619 653 652 ‹
683 602 970 656 Faciamus
1000 599 1274 653 hominem
1305 600 1388 652 ”?
1418 620 1436 652 ι

930 733 1138 788 Salutio
1192 734 1519 805 objectionis.

511 849 721 904 Rursus
764 848 1015 917 impingis
1041 889 1057 912 ,
1110 864 1213 902 non
1249 849 1499 902 attollens
1536 856 1588 902 te
1626 847 1768 901 ultra
1821 847 2014 899 huma-

441 958 540 996 nas
573 941 959 1010 cogitationes,
1003 957 1066 993 ac
1099 941 1264 993 veluti
1307 940 1508 993 oblitus
1550 940 1689 1007 quod
1733 935 1800 991 de
1833 939 2010 991 divina

439 1034 672 1087 essentia
723 1046 1032 1085 sermonem
1079 1031 1298 1096 habeas,
1339 1046 1403 1083 ex
1454 1030 1520 1083 iis
1551 1045 1669 1096 quae
1709 1029 1862 1082 nobis
1893 1044 2014 1096 pro-

441 1127 555 1194 pria
610 1133 772 1188 sunt,
821 1124 969 1177 illam
1016 1124 1246 1176 metiris.
1286 1124 1365 1175 An
1407 1123 1623 1190 ignoras
1667 1122 2011 1174 Divinitatein

442 1219 755 1272 nominibus
818 1218 973 1271 nobis
1033 1217 1247 1270 usitatis
1310 1216 1603 1285 appellari,
1659 1216 1837 1268 omnia
1887 1229 2014 1268 vero

442 1308 596 1374 longe
622 1308 779 1360 aliter
800 1322 960 1375 quam
989 1315 1168 1359 nostra
1201 1321 1257 1360 se
1298 1307 1534 1360 habere?
1567 1304 1681 1357 Non
1719 1306 1859 1358 enim
1890 1305 2012 1372 quia

441 1401 664 1451 verbum
696 1398 811 1450 sive
855 1412 1035 1450 sermo
1071 1397 1305 1451 hominis
1339 1398 1671 1467 liypostatice
1698 1412 1798 1448 non
1841 1397 2015 1448 subsi-

441 1492 559 1556 stit,
587 1501 641 1542 et
682 1491 893 1542 sonitus
915 1489 1131 1558 quidam
1180 1489 1372 1558 linguae
1417 1499 1500 1542 est
1536 1489 1586 1540 in
1634 1503 1810 1541 aerem
1853 1487 2017 1539 emis-

441 1597 567 1634 sus:
611 1581 730 1634 ideo
767 1581 980 1633 divinus
1016 1581 1179 1632 etiam
1223 1595 1401 1631 sermo
1448 1580 1517 1631 ita
1580 1593 1638 1632 se
1684 1579 1878 1643 habet;
1924 1577 2016 1631 sed

441 1672 626 1723 vivens
659 1687 721 1725 ex
751 1671 895 1734 vivo,
933 1680 1092 1738 atque
1125 1670 1461 1739 hypostalice
1510 1670 1775 1722 exsistens
1823 1683 1889 1722 ex
1921 1666 2018 1736 hy-

2107 511 2296 578 λόγος,
2347 509 2477 582 φέρε
2529 511 2732 572 εἰπεῖν,
2785 512 2842 562 ἐν
2881 507 2995 578 τῷ,
3048 527 3066 559 ι
3111 510 3434 579 Ποιήσωμεν
3471 509 3691 580 ἄνθρω-

2110 618 2246 666 πον;
2296 621 2315 653 ι

2599 735 2755 804 Πρὸς
2785 735 2961 789 τοῦτο
2991 737 3197 800 λύσις.

2182 848 2518 922 Σκανδαλίξῃ
2549 850 2710 902 πάλιν
2743 850 2842 902 οὐκ
2870 848 3176 903 ἀναϐαίνων
3206 849 3277 902 τὰ
3323 849 3644 920 ἀνθρώπινα
3667 862 3688 880 °

2113 941 2226 994 ἀλλ’
2259 941 2448 1012 ὥσπερ
2476 942 2897 1012 ἐπιλελησμένος
2917 943 2997 995 ὅτι
3026 959 3107 995 σοι
3131 942 3258 1012 περὶ
3285 942 3386 1011 τῆς
3415 942 3564 1005 θείας
3585 944 3691 994 οὐ-

2116 1032 2236 1095 σίας
2266 1035 2293 1084 6
2323 1033 2479 1100 λόγος
2506 1033 2674 1097 ἐστὶν,
2693 1035 2756 1086 ἐκ
2781 1032 2888 1085 τῶν
2918 1031 3039 1085 καθ’
3063 1035 3207 1103 ἡμᾶς
3227 1033 3382 1104 ὁρίζῃ
3412 1033 3481 1087 τὰ
3501 1035 3690 1104 ἐκείνῃ

2115 1124 2403 1195 προσόντα.
2443 1126 2511 1176 Ἦ
2548 1125 2647 1177 οὐκ
2678 1120 2833 1176 οἶσθα
2861 1124 2942 1176 ὅτι
2974 1126 3084 1187 τοῖς
3119 1126 3239 1177 καθ’
3279 1126 3425 1194 ἡμᾶς
3452 1125 3691 1193 ὀνόμασι

2114 1217 2174 1268 τὸ
2195 1216 2347 1268 Θεῖον
2375 1217 2751 1279 ἀποκαλεῖται,
2779 1217 2955 1270 πάντα
2977 1216 3034 1268 δὲ
3061 1216 3262 1286 ἑτέρως
3287 1217 3432 1269 ἐστὶν
3461 1217 3492 1286 ῆ
3521 1217 3694 1270 καθά·

2117 1324 2221 1376 περ
2255 1309 2446 1377 ὴμεῖς;
2475 1307 2549 1358 Οὐ
2574 1308 2682 1377 γὰρ
2713 1308 3010 1378 ἐπειδήπερ
3037 1309 3065 1360 6
3091 1307 3189 1378 μὲν
3211 1307 3495 1378 ἀνθρώπου
3529 1309 3693 1376 λόγος

2117 1399 2484 1462 ἀνυπόστατος
2501 1398 2596 1451 καὶ
2613 1397 2858 1470 γλώττης
2886 1399 3050 1469 ἐξήχη
3063 1416 3139 1469 μα
3160 1398 3295 1469 πρὸς
3318 1400 3456 1469 ἀέρα
3473 1418 3539 1452 πε
3548 1400 3694 1470 μπό-

2121 1509 2300 1562 μενον,
2345 1489 2436 1543 διὰ
2482 1490 2640 1543 τοῦτο
2673 1493 2767 1543 καὶ
2799 1494 2826 1544 6
2857 1491 2996 1548 θεῖος
3047 1492 3306 1554 ὡσαύτως
3349 1493 3458 1558 ’ἐξει
3505 1491 3689 1560 λόγος,

2119 1582 2252 1634 ἀλλὰ
2280 1580 2388 1644 ζῶν
2413 1582 2476 1634 ἐκ
2502 1580 2722 1644 ζῶντος,
2754 1581 2848 1634 καὶ
2875 1581 3196 1651 ὑφεστηκὼς
3227 1581 3285 1644 ἐξ
3318 1581 3693 1651 ὑφεστηκότος

2119 1673 2254 1724 ἐστί.
2294 1674 2402 1725 Καὶ¹
2427 1673 2608 1736 πάλιν,
2644 1674 2742 1726 οὐκ
2769 1673 3067 1744 ἐπειδήπερ
3093 1675 3125 1743 ή
3153 1675 3209 1725 ἐν
3239 1675 3368 1743 ἡμῖν
3399 1677 3556 1743 σοφία
3593 1674 3695 1726 καὶ

447 1766 717 1832 postatice
748 1765 1045 1818 exsistente
1071 1764 1328 1833 procedit.
1369 1761 1597 1825 Rursus,
1631 1777 1734 1814 non
1779 1761 1900 1828 quia
1933 1776 2017 1812 sa-

2125 1766 2397 1835 ἐπιστήμη
2435 1766 2534 1817 οὐκ
2573 1767 2630 1816 ἐν
2658 1765 2952 1818 ὑποστάσει
2984 1767 3158 1817 κεῖται
3201 1763 3319 1817 καθ’
3347 1765 3564 1833 ἑαυτὴν,
3602 1763 3696 1816 διά

440 1855 640 1923 pientia
671 1862 723 1907 et
766 1856 996 1907 scientia
1030 1870 1151 1921 quze
1199 1854 1250 1905 in
1297 1853 1448 1906 nobis
1479 1861 1582 1914 est,
1625 1852 2014 1923 hypostaticam

443 1961 539 2012 per
574 1961 633 1999 se
679 1946 1054 1998 exsistentiam
1116 1961 1220 1998 non
1260 1945 1465 1997 habet:
1509 1945 1708 1996 idcirco
1752 1943 2016 2012 sapientia

441 2053 562 2106 quae
597 2039 648 2090 in
684 2037 795 2091 Deo
822 2047 906 2090 est
941 2053 1043 2090 non
1076 2038 1182 2090 erit
1212 2036 1562 2104 byposlatica.
1598 2035 1663 2087 At
1697 2051 1826 2087 vero
1859 2035 1902 2086 si
1940 2034 2020 2086 fa-

445 2129 576 2182 teris
606 2129 772 2181 Deum
809 2143 914 2180 non
948 2141 1069 2181 esse
1109 2126 1263 2179 nobis
1289 2125 1545 2185 similem,
1579 2124 1832 2176 fateberis
1857 2125 2014 2176 etiam

445 2218 633 2272 omnia
673 2218 841 2284 ipsius
867 2233 970 2271 non
996 2232 1118 2272 esse
1145 2226 1350 2279 nostra,
1391 2218 1481 2268 sed
1512 2225 1662 2268 tanto
1692 2231 1809 2268 esse
1842 2215 2020 2269 excel-

443 2309 673 2363 lentiora
707 2309 930 2372 nostris,
961 2318 1165 2379 quanto
1201 2309 1313 2375 ipse
1339 2308 1502 2360 etiam
1529 2310 1777 2362 essentia:
1807 2310 2017 2363 ratione

441 2409 525 2456 est
556 2403 917 2472 praestantior.

973 2509 1200 2574 ALIUD,
1240 2510 1294 2564 in
1331 2511 1491 2563 idem.

512 2647 626 2701 Non
653 2645 1032 2699 animadvertit
1056 2641 1349 2712 praeclarus
1374 2643 1472 2696 iste
1497 2651 1930 2710 argumentatur,
1957 2641 2013 2695 in

440 2755 602 2808 quam
633 2738 912 2806 ingentem
945 2734 1337 2803 blasphemiam
1367 2743 1526 2788 ruat:
1556 2734 1841 2786 Dominum
1875 2734 2016 2787 enim

442 2827 675 2898 appellat
719 2824 939 2889 animal,
982 2840 1089 2876 non
1135 2823 1438 2891 intelligens
1472 2824 1616 2875 aliud
1661 2837 1780 2875 esse
1819 2823 2019 2876 animal

443 2936 603 2987 quam
639 2918 822 2981 vitam,
847 2914 1298 2985 quemadmodum
1327 2913 1554 2966 scientia
1586 2913 1726 2964 aliud
1752 2923 2017 2982 estquam

443 3011 644 3064 sciens.
667 3006 799 3061 Nam
829 3009 871 3061 si
897 3005 1019 3076 quis
1049 3006 1192 3059 dicat
1217 3006 1404 3069 vitam,
1434 3007 1706 3073 signiﬁcat
1733 3020 1842 3058 rem
1873 3005 2016 3058 illam

2119 1854 2275 1908 τοῦτο
2315 1855 2407 1908 καὶ
2452 1858 2486 1924 ἡ
2516 1857 2899 1926 ἐνυπάρχουσα
2940 1855 3016 1927 τῷ
3059 1855 3177 1926 Θεῷ
3207 1855 3368 1924 σοφία
3397 1855 3457 1906 τὸ
3496 1855 3697 1908 ἐνυπό-

2120 1963 2312 2008 στατος
2341 1943 2477 1999 εἷναι
2506 1945 2628 1998 καθ’
2654 1947 2852 2016 ἑαυτὴν
2886 1945 3316 2016 ζημιωθήσεται.
3359 1945 3500 1998 Ἀλλ’
3529 1945 3696 2016 εἴπερ

2117 2039 2397 2109 ὁμολογεῖς
2428 2040 2504 2110 μὴ
2531 2039 2651 2092 καθ’
2695 2040 2843 2110 ἡμᾶς
2888 2035 3024 2092 εἶναι
3076 2039 3165 2091 τὸν
3209 2038 3360 2101 Θεὸν,
3408 2038 3698 2107 ὁμολογεῖς

2117 2132 2356 2202 δηλονότι
2393 2132 2484 2184 καί
2518 2149 2633 2195 πως
2665 2132 2733 2182 τὰ
2759 2131 2926 2184 αὐτοῦ
2956 2130 3030 2201 μὴ
3063 2125 3199 2183 εἶναι
3226 2129 3334 2181 τῶν
3362 2128 3483 2183 καθ’
3516 2129 3691 2198 ἡμᾶς,

2117 2225 2234 2279 ἀλλ’
2270 2213 2410 2295 ὑπὲρ
2440 2227 2588 2295 ἡμᾶς
2615 2225 2888 2290 τοσοῦτον,
2913 2225 3035 2278 ὅσον
3065 2225 3157 2278 καὶ
3186 2223 3327 2277 κατὰ
3353 2222 3443 2276 τὸν
3472 2221 3569 2291 τῆς
3599 2220 3696 2273 ού-

2121 2315 2241 2378 σίας
2271 2316 2424 2385 λόγον
2453 2317 2754 2386 διέστηκεν.

2573 2513 2774 2575 ΑΛΛΟ,
2802 2513 2950 2580 πρὸς
2982 2513 3047 2566 τὸ
3081 2513 3247 2566 αὐτό.

2202 2642 2496 2712 Ἠγνόησεν
2515 2643 2543 2693 6
2567 2643 2747 2709 σοφὸς,
2774 2644 2848 2706 ὡς
2877 2643 3067 2709 οἴεται,
3092 2645 3186 2697 καὶ
3218 2643 3341 2708 ὀξὺς
3370 2646 3450 2708 εἰς
3471 2645 3530 2698 τὺ
3547 2647 3694 2698 νοεῖν

2119 2730 2344 2801 ἀμέτρῳ
2378 2730 2690 2800 περιπεσὼν
2737 2733 3048 2804 δυσφημίᾳ·
3101 2733 3238 2796 ζῶον
3283 2736 3388 2803 γὰρ
3433 2736 3694 2805 ὀνομάζει

2118 2823 2209 2876 τὸν
2236 2821 2459 2893 Κύριον,
2487 2823 2586 2876 οὐκ
2619 2821 2770 2886 εἰδὼς
2801 2825 2883 2876 ὅτι
2912 2824 2973 2877 τὸ
3001 2824 3137 2889 ζῶον
3167 2825 3352 2894 ἕτερόν
3389 2829 3504 2878 ἐστι
3537 2827 3694 2898 παρὰ

2119 2913 2218 2984 τὴν
2249 2913 2414 2984 ζωὴν,
2445 2910 2633 2982 ὥσπερ
2661 2913 2694 2982 ἡ
2725 2913 2996 2984 ἐπιστήμη
3030 2913 3179 2983 παρὰ
3212 2914 3301 2966 τὸν
3329 2915 3688 2983 ἐπιστήμονα.

2122 3005 2277 3075 Ζωὴν
2307 3008 2405 3075 μὲν
2435 3003 2544 3074 γὰρ
2566 3003 2618 3055 εἴ
2646 3021 2727 3066 τις
2748 3003 2915 3072 λέγοι,
2935 3004 3066 3057 αὐτὸ
3096 3005 3350 3074 σημαίνει
3375 3006 3437 3056 τὸ
3459 3006 3692 3076 πρᾶγμα

445 3116 562 3167 qua:
596 3101 638 3154 si
671 3099 830 3154 alicui
868 3099 1014 3163 insit,
1047 3098 1224 3150 vivum
1260 3105 1315 3148 ut
1338 3096 1626 3149 sitellicit:
1659 3096 1857 3148 animal
1883 3109 2014 3148 vero

2125 3096 2181 3148 τὸ
2216 3096 2271 3148 ἐν
2298 3114 2408 3148 τισι
2449 3099 2730 3166 γινόμενον
2776 3115 2869 3150 και
2913 3096 3209 3160 ζωοποιοῦν
3240 3098 3407 3151 αὐτά·
3455 3097 3590 3162 ζῶον
3635 3098 3691 3150 δὲ

444 3203 524 3246 est
573 3190 624 3245 id
671 3191 812 3258 quod
843 3191 960 3258 ejus
1003 3189 1079 3243 rei
1125 3203 1244 3257 quae
1290 3189 1550 3250 viviﬁcat,
1595 3187 1865 3256 particeps
1913 3198 2013 3240 est.

445 3284 608 3351 Atqui
649 3281 909 3337 Dominus
951 3296 1056 3333 nun
1103 3280 1175 3333 ita
1222 3278 1458 3348 seipsnm
1492 3289 1665 3342 vocat,
1697 3281 1790 3332 sed
1839 3279 2020 3346 potius

445 3377 629 3430 vitam.
653 3375 708 3429 Si
733 3389 884 3439 vero,
907 3389 1027 3426 cum
1061 3371 1132 3425 sit
1159 3371 1290 3434 vita,
1323 3381 1404 3423 est
1434 3371 1598 3423 etiam
1630 3369 2018 3436 animal,juxta

445 3469 586 3521 illius
631 3467 894 3520 insaniam
921 3505 935 3530 ,
979 3465 1190 3518 dicatur
1227 3463 1392 3516 etiam
1441 3461 1598 3516 Pater
1636 3476 1754 3516 esse
1801 3462 2018 3525 animal,

444 3573 565 3612 cum
594 3557 707 3625 ipse
736 3558 802 3610 de
827 3573 884 3610 se
905 3556 1088 3610 dicat:
1123 3573 1139 3606 ι
1174 3555 1309 3608 Vivo
1331 3569 1448 3624 ego,
1481 3555 1607 3608 dicit
1635 3553 1968 3608 Dominus”.
1995 3573 2014 3604 ι

446 3650 552 3703 Sed
587 3648 766 3702 valere
792 3648 958 3716 jussis
992 3647 1188 3714 perditi
1218 3646 1459 3699 hominis
1499 3645 1674 3714 nugis,
1713 3655 1765 3697 et
1805 3655 2021 3712 :IpOSlO-

446 3741 608 3795 licum
658 3739 791 3794 illud
822 3741 868 3792 ei
900 3740 1142 3793 dicentes
1172 3757 1185 3792 :
1226 3757 1244 3788 ‹
1282 3737 1649 3804 Cogitationes
1682 3737 1786 3789 sint
1837 3737 1932 3789 tibi
1966 3739 2018 3789 in

446 3833 804 3901 perditionem
838 3831 904 3895 5’,
943 3850 961 3882 ι
1005 3831 1070 3884 ad
1109 3829 1267 3899 192
1305 3829 1584 3882 veritatem
1627 3829 1884 3883 doctrinm
1924 3843 2022 3882 nos

446 3923 815 3983 conferamus.
855 3930 907 3974 et
941 3921 1228 3974 Dominum
1283 3936 1388 3974 non
1424 3919 1647 3986 animal,
1692 3930 1748 3972 nt
1792 3921 1888 3984 illi,
1926 3919 2020 3972 sed

446 4014 613 4066 vitam
646 4013 815 4080 ipsam
861 4027 981 4065 esse
1013 4013 1277 4072 dicamus.
1315 4027 1434 4079 quae
1475 4015 1651 4066 omnia
1690 4013 1924 4066 vivilicat
1949 4013 2016 4078 δ’,

446 4105 643 4173 quippe
667 4118 784 4172 qua:
818 4103 870 4155 in
899 4103 1034 4171 ipso,
1062 4087 1212 4169 juxta
1243 4101 1396 4156 Pauli
1426 4105 1768 4168 sententiam,
1818 4112 1871 4158 et
1903 4118 2018 4158 mo-

446 4205 698 4262 veantur,
727 4205 781 4250 et
822 4196 929 4249 sint
967 4196 1036 4249 η.

760 4328 990 4396 ALIUD,
1025 4330 1081 4382 in
1105 4331 1340 4385 eamdem
1370 4333 1704 4386 sententiam.

2126 3186 2318 3254 λέγων,
2348 3187 2407 3238 τὸ
2433 3189 2655 3258 μετέχον
2676 3189 2768 3241 τοῦ
2799 3189 3185 3252 ζωοποιοῦντός
3214 3207 3396 3260 φησιν.
3436 3191 3572 3242 Ἀλλ’
3592 3192 3693 3260 οὐχ

2125 3276 2295 3338 οὕτως
2325 3279 2511 3330 ἑαυτὸν
2539 3281 2566 3331 6
2601 3278 2799 3349 Κύριος
2833 3280 3114 3349 ὀνομάζων
3142 3280 3410 3350 φαίνεται,
3458 3281 3600 3353 ζωὴν
3635 3281 3691 3333 δὲ

2130 3367 2329 3436 μᾶλλον
2362 3368 2646 3423 ἀποκαλεῖ.
2685 3371 2746 3421 Εἰ
2783 3369 2837 3421 δέ
2869 3368 2981 3439 ζωὴ
3011 3371 3267 3440 ὑπάρχων
3292 3373 3384 3424 καὶ
3417 3371 3552 3434 ζῶόν
3574 3375 3692 3423 ἐστι

2126 3458 2268 3511 κατά
2301 3460 2398 3530 τὴν
2429 3460 2635 3513 ἐκείνου
2670 3461 3112 3529 φρενοϐλάϐειαν,
3136 3461 3380 3529 λεγέσθω
3406 3466 3499 3515 καὶ
3525 3465 3553 3516 6
3577 3464 3695 3516 Πα-

2125 3550 2228 3620 τὴρ
2260 3549 2418 3616 ζῶον,
2450 3552 2749 3622 ἐπειδήπερ
2780 3552 3029 3620 φαίνεται
3057 3553 3250 3621 λέγων·
3288 3573 3304 3604 ι
3332 3555 3416 3607 Ζῶ
3441 3554 3568 3622 ἐγὼ,
3601 3555 3693 3607 λέ-

2126 3658 2210 3708 γει
2237 3641 2458 3712 Κύριος.
2486 3662 2504 3693 ι
2527 3643 2690 3695 Ἀλλὰ
2718 3645 2837 3706 ταῖς
2867 3643 3072 3696 ἐκείνου
3109 3644 3398 3715 φλυαρίαις
3421 3646 3696 3714 ἐρρῶσθαι

2127 3733 2434 3804 φράσαντες
2458 3772 2471 3795 ,
2503 3734 2598 3786 καὶ
2634 3733 2694 3786 τὸ
2729 3735 3082 3787 άποστολικόν
3115 3735 3291 3788 ἐκεῖνο
3332 3737 3692 3808 προσθέντεςο

2134 3844 2151 3876 ι
2187 3825 2265 3876 Τὰ
2296 3825 2542 3895 νοήματά
2576 3843 2666 3878 σου
2701 3827 2798 3878 σὺν
2844 3828 2924 3879 σοὶ
2969 3828 3055 3898 εἴη
3090 3829 3169 3890 εἰς
3202 3828 3504 3895 ἀπώλειαν,
3541 3849 3559 3882 ι
3599 3830 3697 3882 ἐπὶ

2125 3917 2220 3987 τὴν
2237 3918 2500 3989 ὀρθότητα
2527 3919 2634 3972 τῶν
2659 3919 2942 3990 δογμάτων
2957 3921 3333 3991 δραμούμεθα,
3355 3922 3446 3974 καὶ
3469 3922 3527 3974 οὐ
3551 3921 3696 3984 ζῶον

2126 4011 2244 4062 κατ’
2281 4010 2545 4073 ἐκείνους,
2572 4011 2706 4063 ἀλλὰ
2741 4011 2888 4083 ζωὴν
2921 4012 3152 4082 ἐροῦμεν
3181 4014 3270 4065 τὸν
3302 4014 3524 4083 Κύριον,
3557 4011 3697 4077 ζωο-

2124 4097 2387 4167 γονοῦσαν
2415 4101 2481 4151 τὰ
2517 4101 2694 4153 πάντα
2737 4101 2812 4164 ὡς
2849 4102 2905 4153 ἐν
2938 4101 3084 4172 αύτῷ
3114 4103 3376 4157 κινεῖσθαι
3405 4104 3495 4157 καὶ
3524 4100 3696 4171 εἶναι,

2128 4192 2269 4245 κατὰ
2291 4192 2389 4263 τήν
2415 4190 2629 4244 Παύλου
2658 4195 2859 4264 φωνήν.

2621 4327 2826 4394 ΑΛΛυ,
2850 4330 2936 4394 εὶς
2957 4329 3023 4382 τὸ
3045 4330 3212 4384 αὐτό.

516 4461 738 4516 Sacram
796 4463 1132 4532 Seripturam
1179 4464 1374 4518 Filium
1424 4481 1616 4520 vocare
1667 4465 1902 4519 Verbum
1943 4465 2017 4539 “,

2201 4459 2370 4527 Λόγον
2399 4460 2431 4530 ἡ
2469 4459 2588 4512 θεία
2608 4461 2796 4530 Γραφὴ
2826 4461 2918 4514 τὸν
2952 4463 3079 4516 Υίὸν
3112 4463 3418 4533 ὀνομάζειν,
3442 4466 3532 4519 καὶ
3565 4483 3698 4538 προ-

445 4551 547 4607 hoc
593 4564 699 4620 est,
756 4555 1116 4623 prolationem
1181 4558 1448 4625 ejusmodi
1514 4559 1798 4610 verborum
1847 4557 2025 4625 qualia

448 4655 578 4698 sunt
603 4646 855 4708 humana,
901 4651 1227 4702 temerarius
1271 4650 1372 4702 iSte
1407 4663 1468 4701 ac
1497 4649 1786 4717 praeclarus
1819 4649 2029 4703 scilicet

447 4751 765 4790 arcanorum
817 4737 910 4791 Dei
957 4740 1231 4809 interpres
1280 4741 1640 4810 imaginatur:
1686 4756 1790 4794 non
1831 4740 2029 4794 intelli-

448 4843 578 4894 gens
619 4830 759 4895 quod
794 4844 960 4883 sacra:
983 4829 1206 4884 Littera:
1231 4831 1380 4885 illuni
1426 4833 1494 4885 ita
1543 4847 1610 4886 ex
1654 4841 1836 4886 nostro
1873 4845 2026 4885 more

448 4919 737 4985 appellent.
775 4919 1036 4987 Loquitur
1064 4924 1208 4976 enim
1243 4923 1405 4977 Pater
1436 4939 1634 4978 arcane
1679 4934 1840 4992 atque
1885 4922 2020 4976 inef-

448 5009 678 5062 fabiliter
706 5011 771 5063 ad
819 5010 1040 5077 Filium,
1088 5015 1171 5066 cui
1224 5016 1542 5068 naturaliter
1570 5015 1824 5068 voluntas
1853 5013 2028 5067 l’atris

446 5102 656 5167 cognita
687 5109 790 5162 est,
821 5115 995 5167 neque
1022 5112 1300 5169 exspectat
1348 5118 1678 5166 sermonem,
1709 5103 1798 5170 qui
1848 5101 2025 5155 occul-

444 5198 554 5241 tam
610 5190 751 5244 illius
803 5191 1127 5246 voluntatem
1176 5193 1429 5262 explicet.
1465 5194 1690 5260 Quando
1736 5195 1902 5260 igitur
1950 5195 2019 5246 de

445 5281 556 5334 Deo
581 5282 780 5337 dicitur
805 5285 921 5338 sive
960 5287 1283 5353 praedicatur
1311 5286 1510 5353 aliquid
1543 5301 1729 5340 eorum
1765 5301 1884 5355 qua:
1925 5287 2021 5338 ho-

444 5366 680 5421 minibus
709 5370 888 5436 potius
923 5373 1274 5435 conveniunt,
1313 5374 1526 5427 auditor
1549 5375 1687 5426 ultra
1722 5376 2015 5427 humanum

443 5469 650 5509 morem
695 5461 1072 5527 cogitationem
1119 5479 1273 5518 suam
1318 5466 1514 5533 erigat,
1555 5477 1608 5520 et
1657 5467 1722 5521 ad
1763 5469 2018 5536 Spiritua-

515 5630 558 5661 ³⁹
583 5629 717 5685 Gen.
748 5650 787 5698 ι,
811 5636 898 5692 26.

977 5640 1021 5672 ⁸ο
1057 5639 1252 5697 Ezech.
1290 5658 1488 5710 xxxm,
1527 5645 1612 5700 Η.

464 5715 505 5766 1,
545 5702 561 5753 l
595 5719 746 5773 seqq.

1691 5646 1733 5677 ”
1769 5647 1885 5702 Act.
1928 5661 2042 5713 vni,
2073 5645 2162 5702 20.

2128 4551 2298 4622 φορὰν
2334 4553 2593 4621 ῥημάτων
2629 4552 2882 4606 τοιούτων
2920 4555 3079 4608 ὁποῖά
3108 4557 3222 4608 ἐστι
3251 4556 3317 4609 τά
3354 4555 3693 4628 ἀνθρώπινα,

2127 4639 2458 4708 φαντάζεται
2485 4642 2646 4695 πάλιν
2669 4645 2697 4694 ὁ
2719 4643 2917 4712 γοργὸς
2943 4646 3022 4706 εἰς
3044 4644 3300 4698 ἀϐουλίαν
3330 4648 3420 4699 καὶ
3446 4650 3695 4713 νεανικὸς

2125 4735 2206 4795 είς
2237 4733 2297 4785 τὸ
2339 4734 2415 4804 μὴ
2444 4737 2581 4786 νοεῖν
2625 4735 2798 4804 ὀρθῶς
2825 4737 2894 4788 τὰ
2924 4735 3041 4788 θεῖα
3073 4738 3345 4808 μυστήρια
3364 4756 3375 4768 ·
3411 4741 3509 4791 οὐκ
3533 4740 3694 4806 εἰδὼς

2127 4825 2209 4877 ὅτι
2244 4825 2383 4878 κατὰ
2416 4825 2516 4894 μὲν
2545 4827 2642 4896 τὴν
2672 4828 2950 4897 ἡμετέραν
2995 4828 3281 4899 συνήθειαν
3323 4829 3494 4893 οὕτως
3527 4833 3694 4887 αὐτὸν

2125 4917 2181 4968 αί
2221 4915 2361 4970 θεῖαι
2397 4917 2723 4987 κηρύττουσι
2753 4918 2982 4988 Γραφαί.
3015 4919 3325 4988 Διαλέγεται
3354 4922 3408 4974 δὲ
3436 4924 3696 4994 ἀρρήτως

2127 5007 2316 5078 Πατὴρ
2344 5008 2478 5079 πρὸς
2503 5009 2648 5073 Υἱόν,
2678 5009 2892 5080 ἔχοντος
2915 5011 3076 5063 αὑτοῦ
3103 5013 3346 5080 φυσικῶς
3371 5016 3465 5066 τοῦ
3492 5017 3696 5069 εἰδέναι

2124 5100 2218 5153 τοῦ
2248 5101 2499 5164 τεκόντος
2526 5101 2625 5170 τὴν
2655 5101 2930 5171 βούλησιν,
2961 5102 3020 5154 οὐ
3051 5101 3206 5170 λόγον
3227 5104 3501 5172 ἐκφαίνειν
3527 5107 3663 5160 δυνά
3682 5140 3695 5148 -

2130 5208 2290 5262 μενον
2321 5192 2390 5246 τὰ
2429 5193 2788 5263 κεκρυμμένα
2813 5195 3196 5265 περιμένοντος
3219 5238 3233 5262 ,
3265 5197 3385 5248 ἐπεὶ
3414 5199 3504 5249 καὶ
3529 5200 3695 5264 αὑτός

2127 5288 2274 5339 ἐστιν
2307 5289 2334 5340 6
2367 5286 2558 5354 Λόγος.
2587 5287 2715 5340 Ὅτε
2748 5289 2923 5342 τοίνυν
2967 5290 3061 5342 ἐπὶ
3096 5290 3231 5344 Θεοῦ
3259 5309 3310 5343 τι
3336 5291 3551 5360 λέγεται
3581 5295 3697 5347 τῶν

2122 5379 2223 5432 ὅσα
2271 5379 2474 5448 μᾶλλον
2502 5377 2809 5448 ἀνθρώποις
2839 5380 2956 5432 ἐστὶ
2993 5381 3434 5451 πρεπωδέστερα,
3464 5381 3695 5435 ἀναϐαι-

2122 5470 2258 5522 νέτω
2310 5470 2376 5523 τὰ
2421 5469 2542 5523 καθ’
2601 5471 2748 5540 ἡμᾶς
2792 5473 2820 5524 6
2869 5473 3252 5544 ἀκροώμενος,
3308 5475 3398 5527 καὶ
3456 5475 3548 5526 ἐπὶ
3589 5475 3694 5544 τὴν

2277 5648 2320 5679 ⁸³
2355 5647 2369 5700 l
2403 5647 2541 5701 Tim.
2573 5663 2645 5713 vr,
2689 5648 2771 5702 15.

2850 5651 2893 5682 ⁵³
2935 5656 3052 5709 Art.
3079 5668 3210 5720 xvn,
3250 5653 3339 5708 28.
3418 5654 3463 5687 ⁸⁸
3492 5652 3650 5710 Juan.
