3882 6210
216 299 320 353 325

1593 294 2030 350 TIIESAURUS.

3366 309 3469 363 326

216 414 596 486 πνευματικὴν
648 414 742 467 καὶ
786 414 885 487 τὴν
928 414 987 468 ἐν
1038 416 1220 487 νοήσει
1266 417 1333 486 τῇ
1384 414 1506 485 θείᾳ
1553 414 1789 486 τρεχέτω

1901 418 2027 482 lem,
2060 418 2259 488 quique
2302 419 2353 473 in
2394 420 2578 475 divino
2616 422 2891 478 intellectu
2932 424 3203 495 consistit,
3249 443 3468 484 sensum

214 506 543 577 κατάληψιν.

494 619 814 684 Ἆντίθεσις
840 617 920 686 ὠς
956 619 1024 673 ὲκ
1058 618 1175 674 τῶν
1198 623 1519 690 Εὑνομιου.

301 753 439 807 Ἀλλ’
484 755 585 807 οὐκ
631 755 871 826 ἐξαρκεῖ,
920 756 1104 825 φησιν,
1152 758 1232 819 εἰς
1281 758 1411 811 Υίοῦ
1454 760 1683 830 δήλωσιν
1733 763 1794 814 τὸ

213 846 387 914 Λόγος
416 846 605 915 ὄνομα,
652 846 762 899 οὐδ’
795 846 861 899 ἂν
892 845 1102 915 γένοιτο
1153 848 1328 919 σαφὴς
1364 851 1396 920 ἡ
1426 852 1581 904 οὐσία
1626 853 1792 905 αὐτοῦ

213 939 301 990 διά
353 939 453 1008 τῆς
496 939 711 991 τοιᾶσδε
768 939 1175 1009 προσηγορίας·
1235 940 1460 1011 φέρεται
1526 944 1632 1014 γὰρ
1697 946 1793 998 καὶ

213 1032 360 1083 κατὰ
393 1029 603 1083 πολλῶν
627 1030 830 1100 ἐτέρων
860 1031 1123 1102 ῥημάτων
1161 1032 1346 1102 ἀργῶν
1372 1051 1431 1085 τε
1462 1037 1556 1089 καὶ
1591 1037 1793 1090 ἀνυπο-

216 1139 277 1175 στ
284 1139 448 1176 ατων.

695 1234 853 1305 Πρὸς
878 1234 1063 1290 ταῦτα
1089 1236 1294 1303 λύσις.

284 1369 496 1423 Οὐκοῦν
540 1370 793 1441 ἁτονήσει
849 1369 987 1442 πρὸς
1023 1371 1083 1424 τὸ
1128 1372 1481 1443 παραστῆσαι
1525 1373 1619 1426 τοῦ
1655 1374 1791 1430 Θεοῦ

211 1462 314 1533 τὴν
345 1462 531 1515 οὐσίαν
579 1462 639 1514 τὸ
685 1461 816 1524 Θεὸς
844 1461 1033 1531 ὄνομα.
1086 1462 1464 1535 Φέρεται,γὰρ
1510 1466 1603 1517 καὶ
1651 1465 1794 1519 κατὰ

212 1555 325 1606 τῶν
356 1555 433 1624 μὴ
458 1554 613 1623 φύσει
636 1553 793 1615 θεῶν,
818 1556 958 1607 κατὰ
982 1554 1063 1617 τὸ,
1086 1574 1103 1604 ‹
1128 1554 1269 1622 Ἐγὼ
1296 1550 1441 1608 εἶπαο
1460 1556 1584 1608 Θεοί
1609 1558 1787 1611 ἐστε.»

216 1647 282 1697 Τί
318 1646 374 1698 δὲ
406 1644 637 1697 κωλύσει
669 1647 889 1699 κάκεῖνο
917 1645 1118 1713 λέγειν,
1142 1646 1215 1709 ὡς
1243 1646 1474 1718 ἐπείπερ
1499 1647 1562 1699 τὸ
1586 1647 1793 1712 δίκαιος

212 1738 406 1807 ὄνομα,
445 1737 538 1790 καὶ
568 1737 628 1790 τὸ
659 1738 882 1805 ἀγαθὸς,
914 1739 1009 1791 καὶ
1035 1737 1095 1790 τὸ
1129 1737 1301 1806 ἅγιος,
1332 1738 1426 1790 καὶ
1466 1740 1552 1791 ἐπ’
1585 1738 1795 1810 ἀνθρὼ-

1901 511 2252 567 conscendat.

2318 624 2403 677 Ea:
2442 625 2732 695 objectione
2774 624 3044 683 Eunomii.

1966 757 2129 827 Atqui
2166 774 2273 813 non
2310 759 2527 826 sufficit,
2555 764 2752 833 inquit,
2784 765 2943 821 Verbi
2978 782 3171 824 nomen
3204 769 3269 824 ad
3301 770 3469 838 signi-

1900 850 2211 907 ﬁcationem
2270 854 2413 921 Filii,
2459 870 2631 923 neque
2662 872 2729 911 ex
2759 858 3061 926 ltujusmodi
3116 862 3470 931 appellatione

1894 945 2131 999 essentia
2188 944 2307 1012 ejus
2353 946 2695 1016 explicatur:
2733 949 2967 1005 refertur
2996 953 3142 1007 enim
3192 955 3355 1008 etiam
3401 956 3468 1009 ad

1894 1035 1999 1090 alia
2029 1036 2195 1091 multa
2225 1038 2387 1093 verba
2414 1054 2533 1109 quae
2569 1040 2911 1111 hypostatice
2934 1058 3039 1099 non
3071 1045 3362 1101 exsistunt.

2381 1237 2589 1293 Salutio
2624 1238 2957 1309 objectionis.

1964 1368 2106 1439 Ergo
2140 1385 2207 1425 ne
2229 1370 2323 1426 Dei
2349 1373 2565 1441 quidem
2616 1388 2811 1428 nomen
2850 1374 3045 1429 suilicit
3080 1375 3146 1429 ad
3175 1377 3468 1430 essentiam

1904 1456 1999 1511 Dei
2050 1460 2451 1529 explicandam.
2486 1462 2743 1519 Refertur
2776 1467 2920 1519 enim
2959 1467 3121 1520 etiam
3161 1465 3227 1519 ad
3255 1482 3347 1520 eos
3378 1468 3469 1535 qui

1896 1562 2089 1604 natura
2123 1550 2197 1604 dii
2251 1566 2355 1605 non
2392 1562 2538 1619 sunt,
2570 1552 2727 1620 juxta
2764 1555 2895 1609 illud
2929 1574 2942 1609 :
2986 1576 3004 1607 ι
3052 1557 3163 1625 Ego
3199 1558 3351 1611 dixi:
3387 1558 3470 1611 Dii

1895 1641 2028 1695 estis
2061 1639 2127 1693 “.
2164 1658 2183 1691 ι
2217 1641 2355 1706 Quid
2392 1657 2521 1696 vero
2558 1643 2833 1697 obstiterit
2862 1646 3151 1713 quominus
3194 1648 3357 1700 etiam
3407 1646 3473 1700 il-

1895 1731 1986 1785 lud
2023 1732 2303 1787 dicamus:
2340 1748 2462 1787 cum
2492 1749 2687 1788 nomen
2712 1734 2917 1802 justus,
2953 1745 3007 1790 et
3034 1739 3225 1802 bonus,
3262 1746 3315 1791 et
3345 1752 3473 1791 san-

214 1848 334 1881 πων
379 1828 631 1882 τάττεται
680 1828 906 1900 (πολλοὶ
952 1828 1060 1898 γὰρ
1094 1829 1322 1881 τοιοῦτοι
1372 1829 1511 1882 κατὰ
1558 1832 1789 1902 μετοχὴν

1901 1836 2019 1878 ctus
2053 1825 2216 1879 etiam
2262 1826 2329 1880 de
2367 1825 2679 1881 hominibus
2708 1827 2920 1881 dicatur
2947 1828 3119 1899 (multi
3165 1829 3306 1883 enim
3342 1840 3473 1883 sunt

211 1923 308 1975 τοῦ
354 1922 476 1976 κατ’
508 1921 767 1993 ἀλήθειαν
812 1923 906 1975 καὶ
946 1922 1113 1984 ὅντως
1162 1920 1367 1989 ἀγαθοῦ
1438 1922 1535 1975 καὶ
1578 1923 1789 1976 δικαίου

209 2014 631 2085 τυγχάνοντος),
682 2015 743 2067 οὐ
785 2014 988 2084 κυρίως
1029 2014 1121 2066 ἐπὶ
1172 2013 1307 2065 Θεοῦ
1350 2011 1633 2077 τετάξεται
1682 2013 1791 2066 τῶν

212 2106 522 2184 εἰρημένων
551 2107 804 2171 ἓκαστον;
837 2106 899 2157 EE
920 2104 977 2157 δὲ
1010 2104 1164 2158 κοινὰ
1194 2105 1291 2175 μὲν
1317 2106 1448 2175 ἡμῖν
1476 2106 1611 2177 πρὸς
1631 2104 1790 2157 αὐτὸν

209 2198 277 2250 τά
305 2199 568 2267 ὀνόματα,
604 2197 752 2267 αὑτῷ
792 2197 849 2249 δὲ
892 2197 1038 2267 μόνῳ
1082 2197 1222 2250 κατὰ
1257 2196 1416 2265 φύσιν
1462 2198 1523 2250 τὸ
1557 2200 1791 2267 πρᾶγμα

210 2289 630 2359 ἐπαληθεύεται,
670 2289 820 2341 οὐδὲν
850 2288 1084 2341 κωλύσει
1118 2289 1213 2342 καὶ
1242 2290 1413 2358 Λόγον
1450 2289 1655 2360 κυρίως
1694 2307 1787 2341 κε-

208 2378 447 2446 κλῆσθαι
474 2377 563 2431 τὸν
588 2378 734 2443 Υίὸν,
766 2378 1181 2449 παραστατικήν
1201 2395 1259 2430 τε
1286 2378 1387 2447 τῆς
1413 2378 1597 2440 οὐσίας
1624 2376 1787 2431 αὑτοῦ

206 2470 415 2539 ταύτην
444 2471 589 2540 ἔχειν
627 2470 729 2540 τὴν
771 2469 1124 2540 ἐπωνυμίαν,
1179 2471 1228 2521 εί
1280 2469 1373 2521 καὶ
1417 2469 1594 2540 ἕτεροι
1640 2469 1788 2537 λόγοι

208 2562 395 2615 πολλοί
439 2579 583 2625 τινες
613 2557 723 2615 εἷεν
752 2561 1207 2632 καταχρηστικῶς
1239 2562 1334 2613 καὶ
1372 2560 1508 2633 πρὸς
1554 2560 1787 2632 μίμησιν

208 2655 305 2706 τοῦ
337 2655 457 2707 κατ’
504 2653 763 2724 ἀλήθειαν
797 2654 1159 2724 κεκλημένου.
1192 2652 1292 2705 Διὰ
1320 2653 1428 2724 γὰρ
1456 2654 1657 2723 ταύτην
1689 2655 1787 2721 τὴν

208 2747 391 2798 αἰτίαν
418 2746 544 2816 περὶ
565 2746 759 2800 ἐαυτοῦ
791 2763 956 2815 φησιν
980 2748 1008 2798 ὁ
1049 2745 1177 2808 Υἱός
1196 2761 1208 2774 ·
1236 2764 1254 2797 ι
1280 2745 1424 2813 Ἑγὼ
1454 2747 1569 2815 ειμι
1598 2749 1629 2817 ἡ
1658 2746 1787 2817 ἁλή-

210 2836 350 2889 θεια.
380 2836 573 2888 »Ὥστε
603 2837 739 2907 ὅπερ
761 2836 824 2889 ἄν
846 2853 929 2898 τις
956 2834 1100 2887 εἴποι
1128 2835 1255 2907 περὶ
1280 2834 1445 2887 αὑτοῦ
1479 2834 1787 2905 θεοπρεπὲς

207 2947 268 2982 τε
303 2930 399 2982 καὶ
423 2929 570 2992 ἄξιον
593 2929 690 2998 τῆς
721 2927 870 2991 θείας
895 2927 1221 2997 γεννήσεως,
1243 2927 1358 2997 ἐρεῖ
1390 2926 1486 2995 μὲν
1513 2926 1598 2977 ἐπ’
1620 2924 1784 2977 αὑτοῦ

208 3019 435 3090 κυρίως,
460 3018 551 3069 ἐπὶ
572 3016 627 3069 δὲ
654 3015 762 3069 τῶν
793 3014 996 3086 ἐτέρων
1016 3015 1220 3075 οὐκέτι,
1247 3013 1706 3086 καταγρηστικῶς
1729 3014 1784 3067 δὲ

211 3109 435 3183 μᾶλλον,
473 3107 725 3178 καθάπερ
751 3108 986 3178 εἴρηται.

492 3244 811 3309 Ἀντίθεσις
834 3243 915 3310 ὡς
943 3243 1013 3297 ἐκ
1046 3242 1166 3297 τῶν
1190 3244 1510 3313 Εηὺνομίου.

280 3381 453 3449 Λόγος
484 3381 735 3452 εἴρηται,
774 3380 908 3451 φησὶ
928 3419 941 3443 ,
974 3378 1125 3449 παρὰ
1156 3382 1276 3442 ταῖς
1310 3379 1482 3441 θείαις
1512 3378 1785 3449 Γραφαῖς,

206 3476 308 3545 οὐχ
335 3476 411 3538 ὡς
437 3476 501 3526 ἐκ
536 3476 752 3545 Πατρὸς
785 3474 929 3527 κατὰ
958 3474 1120 3542 φύσιν
1150 3476 1431 3543 ὑπάρχων.
1466 3473 1496 3542 ἢ
1524 3473 1683 3533 αὐτὸς
1713 3472 1789 3523 ὢν

205 3572 235 3623 ὁ
285 3568 591 3631 ἐνδιάθετος
638 3569 795 3636 λόγος
820 3607 836 3631 ,
894 3567 1008 3621 ἀλλ’
1083 3568 1165 3619 ὅτι
1223 3567 1314 3620 τὸν
1368 3566 1581 3635 Πατρὸς
1636 3565 1789 3633 λόγον

204 3659 450 3723 ἀκούσας
508 3661 604 3712 καὶ
669 3661 800 3729 ἡμῖν
876 3658 1226 3727 ἐξαγγέλλειο
1290 3656 1477 3727 ὥσπερ
1538 3651 1631 3709 οὖν
1698 3656 1790 3709 καὶ

207 3752 481 3823 ἁγιασμὸς
511 3753 728 3824 είοηται
751 3792 768 3817 ,
797 3752 879 3805 ὅτι
904 3751 1158 3820 ἁγιάζει,
1194 3751 1289 3803 καὶ
1320 3747 1635 3818 δικαιοσύνη
1654 3788 1668 3812 ,
1709 3748 1790 3801 ὅτι

204 3844 429 3899 δικαιοῖ.

720 3954 880 4024 Πρὸς
908 3955 1086 4009 τοῦτο
1110 3955 1313 4020 λύσις.

280 4096 344 4148 Εί
376 4093 549 4163 Λόγος
576 4092 776 4164 ἐκλήθη
805 4131 819 4156 ,
848 4091 992 4145 κατὰ
1024 4092 1121 4161 τὴν
1151 4090 1267 4161 σὴν,
1295 4084 1340 4142 ὦ
1367 4088 1632 4159 βέλτιστε,
1664 4087 1788 4140 δυσ-

207 4185 443 4256 φημίαν,
475 4184 573 4253 οὐχ
599 4183 681 4235 ὅτι
727 4183 870 4235 κατὰ
908 4180 1067 4248 φύσιν
1103 4179 1261 4232 τοῦτό
1302 4182 1449 4231 ἐστιν
1482 4181 1545 4231 ἐκ
1577 4178 1791 4247 Πατρός

207 4276 492 4349 προελθὼν
516 4314 530 4337 ,
559 4276 654 4327 καὶ
685 4273 783 4342 τῆς
811 4271 905 4325 τοῦ
945 4272 1196 4335 τεκόντος
1228 4270 1413 4333 οὐσίας
1444 4269 1813 4337 ἐκφαντικὸς,

206 4365 323 4419 ἀλλ’
350 4365 431 4416 ὅτι
460 4362 551 4416 τὸν
573 4362 721 4433 παρὰ
750 4360 962 4431 Πατρὸς
987 4360 1224 4424 ἀκούσας
1270 4360 1447 4429 λόγον,
1477 4359 1789 4428 ἐξαγγέλλει

206 4455 401 4507 τοῦτον
435 4454 515 4516 είς
554 4454 697 4522 ἡμᾶς
721 4467 732 4479 '
768 4452 927 4521 τήρει
968 4451 1061 4503 καὶ
1094 4452 1152 4502 ἐν
1182 4453 1294 4514 τοῖς
1333 4451 1512 4513 ἄλλοις
1540 4451 1638 4520 τὴν
1667 4451 1789 4519 ἴσην

1902 1916 2038 1971 tales
2084 1932 2182 1987 per
2234 1918 2706 1987 participationem
2751 1918 2865 1987 ejus
2891 1921 2985 1989 qui
3020 1935 3145 1975 vere
3180 1930 3342 1989 atque
3377 1935 3471 1975 re-

1899 2007 2013 2078 ipsa
2038 2008 2212 2064 bonus
2250 2008 2500 2077 etjustus
2527 2012 2651 2079 est),
2691 2026 2796 2065 non
2838 2013 3056 2082 proprie
3100 2014 3310 2083 singula
3356 2014 3472 2069 haec

1897 2115 2017 2169 quae
2064 2100 2298 2156 diximus
2344 2102 2410 2156 de
2460 2101 2571 2157 Deo
2614 2104 2937 2172 prmdicari?
2964 2106 3034 2159 At
3076 2107 3123 2159 si
3166 2109 3468 2161 communia

1897 2187 2115 2255 quidem
2167 2187 2325 2242 nobis
2370 2198 2497 2243 sunt
2527 2205 2647 2247 cum
2697 2191 2790 2246 illo
2818 2193 3057 2258 nomina,
3105 2196 3198 2250 sed
3242 2198 3308 2251 de
3354 2197 3473 2266 ipso

1902 2287 2107 2333 tantum
2142 2293 2270 2333 vere
2297 2283 2592 2335 secundum
2620 2291 2871 2337 naturam
2905 2285 3177 2351 dicuntur,
3209 2288 3342 2341 nihil
3371 2290 3471 2342 im-

1898 2368 2046 2435 pedit
2075 2368 2368 2437 quominus
2403 2369 2571 2425 Filius
2604 2373 2821 2440 proprie
2850 2373 3062 2428 dicatur
3093 2375 3350 2441 Verbum,
3379 2392 3471 2431 ea-

1899 2473 2003 2526 que
2028 2460 2315 2529 appellatio
2346 2464 2641 2517 essentiam
2682 2464 2801 2534 ejus
2833 2466 3085 2535 explicet,
3118 2469 3337 2523 tametsi
3365 2471 3470 2522 alia

1895 2566 2110 2620 quoque
2138 2553 2305 2607 multa
2328 2555 2436 2609 sint
2465 2554 2627 2611 verba
2656 2558 2881 2613 abusive
2935 2569 2988 2615 et
3018 2561 3084 2633 ad
3112 2562 3470 2618 imitationem

1897 2644 2040 2698 illius
2075 2647 2219 2714 quod
2255 2661 2381 2701 vere
2418 2647 2490 2701 ita
2527 2659 2774 2704 vocatur.
2802 2650 2934 2705 Eam
2963 2654 3106 2707 enim
3149 2655 3218 2709 ob
3247 2671 3468 2711 causam

1893 2734 2065 2792 Filius
2083 2737 2148 2791 de
2165 2738 2347 2808 seipso
2379 2739 2555 2807 inquit
2580 2759 2593 2794 :
2620 2759 2639 2792 ι
2667 2741 2775 2811 Ego
2804 2758 2923 2797 sum
2950 2746 3152 2800 veritas
3182 2747 3252 2801 “.
3289 2768 3307 2801 ι
3329 2752 3473 2814 Quo-

1893 2829 2037 2883 circa
2074 2830 2335 2900 quidquid
2382 2834 2449 2887 de
2505 2850 2571 2889 eo
2604 2834 2809 2889 dixeris
2855 2836 3121 2892 divinitati
3167 2840 3471 2911 divinaeque

1893 2919 2011 2988 ejus
2043 2921 2379 2989 generationi
2416 2924 2746 2979 conveniens
2772 2934 2827 2979 et
2851 2941 2971 2995 par,
3000 2928 3217 2997 proprie
3250 2931 3467 3000 quidem

1893 3011 1959 3066 de
1991 3013 2109 3082 ipso
2141 3014 2323 3079 dices;
2362 3016 2426 3070 de
2467 3017 2588 3071 aliis
2617 3031 2747 3072 vero
2804 3033 2913 3073 non
2952 3019 3106 3090 item,
3152 3022 3248 3078 sed
3293 3025 3471 3093 potius

1894 3103 2138 3171 abusive,
2176 3115 2237 3162 ut
2260 3110 2465 3162 dictum
2496 3118 2600 3164 est.

2287 3240 2443 3312 193
2480 3242 2720 3311 Objectt'o
2774 3242 3048 3304 Eunomii.

1964 3375 2229 3435 Verbum,
2248 3374 2442 3444 inquit,
2463 3376 2666 3430 dictum
2684 3386 2765 3431 est
2789 3378 2841 3430 in
2864 3394 3015 3434 saera
3041 3377 3342 3450 Scriptura,
3364 3398 3471 3438 non

1894 3468 2019 3536 quia
2056 3482 2119 3521 ex
2155 3467 2315 3520 Patre
2346 3470 2640 3521 secundum
2666 3480 2911 3523 naturam
2934 3473 3181 3535 exsistat,
3213 3485 3304 3525 aut
3333 3477 3472 3542 quod

1892 3562 1962 3615 sit
1994 3562 2346 3615 intrinsecum
2379 3562 2493 3616 sive
2526 3562 2744 3615 insitum
2771 3562 2916 3617 Patri
2950 3566 3194 3632 verbum,
3222 3568 3312 3621 sed
3344 3568 3475 3635 quia

1891 3653 2067 3707 Patris
2095 3654 2319 3707 verbum
2360 3654 2606 3717 audiens,
2638 3654 2687 3706 id
2719 3654 2874 3709 nobis
2906 3659 3185 3711 annuntiat
3214 3676 3227 3711 :
3254 3660 3392 3712 sicut
3419 3670 3476 3713 et

1892 3744 2253 3799 sanctiﬁcatio
2283 3745 2459 3799 dictus
2493 3753 2597 3810 est,
2623 3745 2750 3814 quia
2796 3746 3123 3813 sanctiﬁcat,
3159 3756 3213 3801 et
3238 3746 3472 3816 ju5titia,

1892 3837 2015 3890 ouia
2034 3837 2322 3903 justiticat.

2408 3950 2613 4005 Salutio
2644 3952 2970 4022 objectionis.

1964 4083 2043 4150 Si,
2063 4086 2217 4156 juxta
2256 4095 2401 4140 tuam
2432 4087 2848 4157 blasphemiam,
2870 4088 3104 4142 Verbum
3138 4088 3338 4143 dictum
3365 4097 3471 4152 est,

1893 4192 1997 4231 non
2031 4178 2173 4247 quod
2206 4179 2528 4233 naturaliter
2558 4181 2662 4234 hoc
2686 4181 2756 4234 sit
2783 4195 2848 4235 ex
2884 4180 3045 4234 Patre
3074 4181 3390 4249 procedens,
3417 4190 3470 4235 ct

1894 4269 2158 4337 genitoris
2187 4272 2266 4323 sui
2306 4272 2599 4325 essentiam
2627 4272 2935 4336 declarans,
2974 4273 3067 4327 sed
3099 4274 3243 4342 quod
3289 4273 3469 4327 Patris

1892 4361 2115 4414 verbum
2148 4363 2396 4427 audiens,
2432 4363 2589 4417 nobis
2622 4364 2671 4417 id
2705 4364 3009 4429 annuntiet,
3041 4366 3266 4419 observa
3308 4366 3469 4420 etiam

1896 4452 1948 4507 in
1980 4453 2101 4508 aliis
2135 4454 2378 4508 eamdem
2414 4456 2675 4509 rationem
2700 4464 2753 4510 et
2771 4458 3233 4526 consequentiam,
3261 4468 3319 4510 ut
3348 4474 3471 4526 gra-

208 4544 556 4605 ἁκολουθίαν,
600 4542 686 4594 ἵνα
712 4542 805 4594 καλ⁷
842 4541 1103 4610 μειζόνως
1138 4540 1542 4611 ἀσχημονήσῃς.
1579 4542 1641 4592 El
1679 4541 1787 4611 γὰρ

1901 4543 2014 4597 vius
2076 4548 2420 4614 apertiusque
2464 4547 2767 4615 delinquas.
2814 4544 2950 4599 Nam
3005 4548 3050 4601 si
3104 4548 3335 4601 Verbum
3386 4558 3471 4602 est

206 4638 387 4705 Λόγος
418 4636 604 4699 ἐστὶν,
651 4635 732 4687 ὅτι
778 4633 936 4701 λόγον
987 4634 1241 4702 ἀκήκοεν,
1293 4635 1584 4701 ἀναγκαῖον
1624 4634 1796 4685 εἰπεῖν

208 4728 293 4781 ὃτι
327 4729 421 4780 καὶ¹
449 4725 762 4794 δικαιοσύνη
809 4726 904 4777 καλ⁸
941 4724 1213 4795 ἁγιασμός
1256 4726 1425 4789 ἐστιν,
1475 4725 1549 4788 ὡς
1584 4725 1791 4778 δικαιο-

211 4820 383 4890 σύνης
430 4819 524 4871 καὶ
574 4816 847 4886 άγιασμοῦ
899 4817 1147 4886 μέτοχος,
1198 4817 1290 4870 καὶ
1333 4818 1393 4868 οὐ
1444 4817 1585 4869 κατὰ
1632 4817 1793 4886 φύσιν

208 4909 383 4963 ταῦτα
411 4908 688 4978 ὑπάρχων.
721 4907 817 4969 Τὰ,
844 4907 900 4960 δὲ
930 4908 1005 4977 μὴ
1040 4907 1180 4959 κατὰ
1220 4907 1381 4976 φύσιν
1416 4907 1689 4979 προσόντα
1719 4926 1791 4960 τι·

211 5006 320 5069 σὶν,
353 5004 467 5057 ἀλλ’
500 5003 697 5070 ἔξωθεν
736 5003 1089 5071 ἐπιγεγονότα
1110 5043 1123 5065 ,
1178 5002 1373 5073 ῥαδίως
1406 5003 1791 5072 ἀποσυμϐήσε-

207 5115 321 5151 ται.
367 5097 474 5150 Καί
522 5113 651 5148 ποτε
698 5094 1045 5164 δικαιοσύνης
1086 5095 1179 5147 καὶ
1238 5094 1512 5163 ἁγιασμοῦ
1556 5096 1789 5166 ἕρημος,

1899 4638 2024 4708 quia
2056 4638 2280 4692 verbum
2323 4637 2548 4701 audivit,
2590 4639 2954 4691 necessarium
2990 4647 3072 4693 est
3095 4640 3256 4693 etiam
3297 4641 3469 4709 ipsum

1896 4746 2019 4787 esse
2056 4731 2321 4799 justitiam
2365 4740 2418 4785 et
2474 4731 2960 4785 sanctiﬁcationem
2997 4730 3121 4800 quia
3154 4732 3377 4801 justitiae
3416 4744 3473 4786 et

1895 4822 2343 4878 sanctiﬁcationis
2368 4830 2452 4876 est
2482 4823 2777 4890 particeps,
2806 4837 2911 4875 non
2940 4832 3118 4875 autem
3155 4823 3472 4875 naturaliter

1893 4914 1944 4968 id
1973 4930 2115 4969 esse.
2152 4914 2282 4980 Qua:
2309 4929 2436 4968 vero
2469 4928 2572 4967 non
2608 4914 2923 4967 naturaliter
2948 4912 3108 4967 alicui
3145 4913 3347 4976 insunt,
3377 4914 3469 4966 sed

1890 5005 2225 5058 extrinsecus
2250 5005 2528 5068 accidunt,
2555 5003 2715 5057 facile
2739 5006 2902 5058 etiam
2930 5014 3153 5072 possunt
3187 5020 3293 5057 non
3327 5006 3470 5057 acci-

1887 5095 2035 5149 dere.
2061 5097 2235 5165 Atque
2253 5096 2323 5148 ita
2360 5095 2669 5163 aliquando,
2693 5094 2849 5163 juxta
2875 5105 3109 5149 vestram
3134 5097 3467 5163 opinionem,

207 5187 333 5241 καθ¹
369 5189 536 5256 ὑμᾶς,
561 5189 590 5239 ὁ
620 5184 715 5238 τοῦ
742 5184 878 5236 Θεοῦ
912 5184 1084 5251 Λόγος
1121 5187 1389 5252 φανεῖται,
1421 5188 1448 5237 ὁ
1477 5184 1669 5251 λέγων’
1690 5204 1706 5235 ι
1732 5186 1788 5237 ὐ

1901 5187 2095 5250 iustitia
2116 5196 2172 5241 et
2196 5185 2622 5240 sanctificatione
2672 5202 2905 5241 vacuum
2939 5188 3046 5240 erit
3072 5187 3165 5240 Dei
3198 5184 3461 5249 Verbum,

207 5276 473 5349 ἑωρακὼς
519 5277 658 5347 ἐμὲ,
705 5275 919 5346 ἑώρακε
979 5276 1071 5328 τὸν
1124 5276 1364 5347 Πατέρα.
1404 5295 1420 5326 ι
1474 5276 1785 5342 Φθανούσης

206 5368 502 5440 τοιγαροῦν
565 5370 664 5422 καὶ
718 5370 798 5432 εἰς
856 5367 1018 5420 αὐτὸν
1080 5367 1178 5438 ’ήδη
1237 5368 1329 5420 τὸν
1401 5368 1621 5437 Πατέρα
1687 5372 1785 5437 τῆς

206 5461 559 5532 δυσφημίας,
597 5460 962 5531 παραιτητέον
998 5457 1107 5512 τῶν
1150 5460 1535 5531 χριστομάχων
1564 5460 1663 5529 τὴν
1689 5478 1784 5514 κα-

209 5553 450 5609 κόνοιαν.

1892 5278 2033 5346 quod
2059 5277 2124 5333 de
2148 5293 2206 5333 se
2227 5278 2388 5333 dicit:
2416 5296 2435 5328 ί
2464 5277 2564 5343 Qui
2591 5278 2722 5331 vidit
2749 5292 2855 5342 me,
2880 5278 3082 5333 viditet
3110 5276 3325 5331 Patrem
3351 5276 3414 5331 ".
3446 5298 3464 5329 ›

1890 5368 2025 5421 Cum
2062 5368 2224 5437 igitur
2248 5368 2314 5421 ad
2345 5367 2565 5423 Patrem
2595 5369 2769 5439 ipsum
2796 5369 2911 5425 haac
2938 5369 3269 5438 blasphemia
3288 5369 3474 5439 perti-

1891 5471 2037 5523 neat,
2071 5460 2384 5513 detestanda
2426 5461 2619 5517 merito
2649 5469 2734 5517 est
2776 5461 2894 5518 haec
2947 5460 3199 5517 immanis
3233 5461 3471 5517 hostium

1888 5551 2087 5606 Christi
2109 5554 2457 5622 perversitas.

248 5731 294 5763 ⁸⁸
326 5730 467 5788 Psal.
508 5746 693 5799 Lxxxt,
728 5730 792 5797 ῦς
824 5728 977 5785 Joan.
1014 5746 1064 5797 ι,
1098 5730 1184 5783 54.
1265 5729 1491 5817 “:Joan.
1526 5746 1631 5797 XIV,
1665 5731 1717 5787 6.

1901 5746 2023 5785 oan.
2056 5746 2163 5797 xw,
2194 5733 2247 5787 9.

1294 5942 1328 6011 ‘l
