3882 6210
460 310 560 368 527

1135 424 1363 480 ALIUD.

529 545 606 599 Ne
635 545 810 599 sacris
848 540 1147 611 Scripturis
1200 540 1369 609 legem
1422 538 1689 605 imponas,
1727 534 1980 590 haeretice
2022 552 2035 587 :

1491 304 1547 358 S.
1592 300 1870 359 CYRILLI
1904 295 2373 353 ALEXANDRINI
2413 296 2731 353 ARCHIEP.

2069 424 2116 480 Δ

3606 303 3717 360 528

2818 418 3020 471 ΛΛΛΟ.

2210 533 2323 587 Οὐκ
2350 532 2849 603 ἐπινομοθετήσεις,
2899 524 2944 585 ὦ
2990 530 3348 603 χριστομάχε,
3384 534 3498 596 ταῖς
3537 531 3715 598 θείαις

458 652 615 690 nemo
650 652 779 690 vero
813 637 881 689 ita
930 642 1123 687 emotae
1158 632 1353 684 mentis
1393 630 1518 692 erit,
1555 638 1613 681 ιιι
1652 643 1771 682 cum
1810 624 2026 695 Spiritu:

2142 626 2422 698 Γραφαῖςο
2471 624 2579 678 οὐδ’
2610 625 2676 679 ἂν
2701 623 2912 693 γένοιτό
2949 641 3035 688 τις
3066 623 3284 695 ἔκφρων
3323 624 3598 689 τοσοῦτον,
3636 626 3716 688 ὡς

457 736 681 783 sanctus
732 725 834 778 alia
885 723 1139 793 praadicet
1185 719 1250 774 de
1301 718 1471 784 Filio,
1529 717 1637 770 tuis
1692 715 2026 771 cavillatoriit

2140 718 2304 791 ἔτερα
2336 718 2589 786 λέγοντος
2615 716 2708 771 τοῦ
2740 717 2886 771 θείου
2922 717 3237 788 Πνεύματος
3268 717 3397 788 περὶ
3428 716 3522 771 τοῦ
3556 717 3713 781 Υίοῦ,

455 815 889 886 expositionibus
910 812 1088 882 potius
1119 825 1278 880 quam
1312 808 1384 863 illi
1420 808 1576 861 [idem
1605 806 1874 860 adhibeat.
1912 804 2037 872 Spi-

457 910 597 963 ritus
646 907 812 976 igitur
855 912 1075 959 sanctus
1114 900 1345 971 appellat
1392 900 1590 954 Filium
1642 897 1871 951 Verbum
1921 914 1933 949 :
1983 906 2035 949 tu

454 1014 588 1054 vero
622 1015 726 1052 non
771 996 1026 1062 Verbum,
1059 995 1151 1048 sed
1181 991 1340 1045 Verbi
1373 989 1691 1059 participem
1723 1003 1845 1043 eum
1879 987 2035 1041 facis.

453 1090 589 1145 Nam
637 1091 682 1145 si
728 1090 930 1144 idcirco
959 1088 1132 1160 ipsum
1166 1083 1302 1138 dicis
1334 1090 1585 1137 vocatum
1622 1078 1879 1145 Verbum,
1909 1078 2035 1146 quia

453 1185 506 1238 id
539 1183 682 1254 quod
736 1183 885 1236 audit
926 1195 955 1233 a
1002 1178 1184 1244 Patre,
1228 1175 1384 1230 nobis
1430 1173 1736 1235 annuntiat,
1769 1170 2036 1240 quomodo

452 1291 559 1330 non
583 1276 819 1329 delirare
847 1268 1162 1328 censearis?
1187 1267 1285 1334 Qui
1320 1265 1464 1320 enim
1495 1265 1616 1318 talis
1648 1272 1749 1327 est,
1785 1277 1888 1317 non
1916 1276 2035 1314 am-

450 1368 590 1437 plius
624 1365 882 1429 Verbum,
913 1364 1007 1418 sed
1044 1360 1201 1416 Verbi
1227 1359 1497 1429 particeps
1532 1366 1653 1411 est:
1694 1369 1867 1423 neque
1888 1355 2033 1407 enim

454 1459 596 1512 idem
626 1472 721 1527 per
750 1471 810 1510 se
834 1454 997 1509 fuerit
1023 1454 1293 1523 particeps
1321 1458 1373 1504 et
1404 1448 1806 1517 participatum.
1842 1446 2036 1500 Exem-

449 1551 521 1619 pli
574 1550 771 1619 gratia,
828 1547 974 1601 aliud
1026 1557 1109 1601 est
1152 1543 1439 1611 sapientia,
1492 1541 1637 1595 aliud
1679 1539 1896 1607 sapiens
1943 1537 2035 1605 qui

449 1641 729 1711 sapientia:
776 1640 1049 1710 particeps
1097 1647 1209 1701 est;
1267 1636 1414 1690 aliud
1470 1633 1849 1703 grammatica,
1889 1630 2032 1684 aliud

2137 813 2251 874 τοῖς
2284 812 2393 875 σοῖς
2436 808 2719 863 πείθεσθαι
2747 808 2919 873 νόθοις
2943 810 3243 880 σοφίσμασι
3268 808 3489 879 μᾶλλον,
3508 810 3605 862 καὶ
3634 808 3715 880 μὴ

2138 902 2331 973 ἐκείνῳ
2378 900 2692 972 προσέχειν.
2754 901 2927 969 Λόγον
2971 900 3262 971 τοιγαροῦν
3315 900 3569 971 ὀνομάζει
3616 902 3713 955 τὸν

2138 991 2268 1045 Υἱὸν
2300 990 2360 1044 τὸ
2390 992 2615 1061 Πνεῦμα
2638 990 2701 1044 τὸ
2724 990 2912 1060 ἅγιον⁹
2955 990 3116 1055 αὐτὸς
3147 992 3203 1044 δὲ
3236 992 3296 1044 οὐ
3322 993 3491 1060 Λόγον
3522 992 3711 1062 εἰσφέ-

2139 1082 2441 1153 ρεις,,άλλὰ
2478 1083 2655 1151 Λόγου
2688 1082 2935 1153 μέτοχον.
2964 1083 3029 1135 Εἰ
3058 1082 3167 1153 γὰρ
3197 1082 3287 1138 διὰ
3311 1082 3470 1136 τοῦτο
3512 1083 3717 1154 κεκλῆ-

2138 1173 2262 1227 σθαι
2311 1173 2415 1243 φὴς
2463 1174 2626 1227 αὐτὸν
2673 1174 2869 1243 Λόγον,
2922 1174 3222 1247 ἐπειδήπερ
3269 1175 3429 1242 λόγον
3470 1175 3712 1239 ἀκούσας

2135 1261 2289 1332 παρὰ
2318 1260 2412 1315 τοῦ
2443 1263 2677 1335 Πατρὸς,
2712 1265 2899 1318 τοῦτον
2941 1266 3022 1328 εἰς
3050 1267 3199 1336 ἡμᾶς
3239 1265 3544 1337 ἐξήγγειλε,
3590 1266 3712 1329 πῶς

2134 1355 2235 1424 οὐχ
2262 1353 2536 1426 εὑρεθήσῃ
2566 1354 2861 1426 ληρῶν;⁹υ
2881 1355 2991 1427 γὰρ
3021 1357 3262 1420 τοιοῦτος
3311 1357 3495 1411 οὐκέτι
3533 1357 3711 1424 Λόγος

2134 1448 2307 1509 ἐστὶν,
2354 1448 2493 1501 ἀλλὰ
2533 1447 2709 1516 Λόγου
2759 1448 3012 1519 μέτοχος·
3054 1448 3114 1501 οὐ
3156 1447 3264 1518 γὰρ
3296 1448 3362 1502 ἂν
3395 1449 3481 1518 εἴη
3511 1446 3713 1501 ταυτδν

2134 1538 2212 1602 ὡς
2242 1539 2378 1610 πρὸς
2411 1540 2569 1594 ἑαυτὸ
2600 1540 2663 1593 τὸ
2715 1540 2939 1612 μέτοχόν
2983 1557 3129 1603 τινος
3179 1541 3275 1596 καὶ
3328 1541 3708 1612 μετεχόμενον.

2136 1630 2262 1687 Οἷον
2309 1634 2441 1706 φέρε
2472 1635 2669 1700 εἰπεῖν,
2717 1635 2750 1705 ή
2786 1632 2950 1704 σοφία
2984 1634 3121 1705 πρὸς
3149 1634 3240 1687 τὸν
3270 1634 3432 1702 σοφὸν
3458 1634 3549 1686 τὸν
3579 1649 3712 1703 μετ-

449 1733 839 1800 grammaticus
871 1746 886 1784 :
936 1731 1167 1784 alterum
1202 1730 1347 1783 enim
1381 1736 1465 1780 est
1500 1742 1582 1779 res
1621 1726 1757 1791 ipsa,
1803 1724 2026 1777 alterum

2138 1724 2328 1795 έχοντα
2370 1724 2539 1795 αὐτῆς
2564 1765 2578 1788 ,
2613 1724 2733 1777 οὐδὲ
2761 1726 2794 1794 ἡ
2832 1724 3194 1795 γραμματικὴ
3230 1723 3367 1793 πρὸς
3403 1722 3494 1778 τὸν
3521 1739 3710 1793 γραμ-

447 1824 538 1892 qui
580 1824 656 1878 rei
699 1823 839 1875 illius
874 1822 1151 1892 particeps
1188 1828 1291 1873 est.
1324 1816 1702 1871 Necessarium
1739 1815 1900 1884 igitur
1929 1823 2031 1879 est,

445 1925 540 1967 aut
568 1913 802 1968 Verbum
850 1928 979 1967 esse
1025 1912 1209 1975 fateri,
1241 1920 1296 1965 et
1343 1925 1445 1963 non
1487 1907 1643 1962 Verbi
1673 1908 1986 1976 participem
2019 1925 2032 1961 :

448 2014 542 2058 aut
570 2006 615 2060 si
645 2005 916 2073 particeps
942 2014 1025 2059 est
1059 2004 1246 2068 Verbi,
1276 2018 1384 2056 non
1416 2001 1520 2069 iam
1556 1999 1789 2054 Verbum
1819 2012 2032 2054 vocare.

445 2095 580 2149 Nam
612 2106 901 2163 utrumque
947 2094 1107 2149 simul
1152 2102 1395 2164 reSpectu
1442 2092 1524 2146 sui
1571 2091 1744 2159 ipsius
1771 2104 1892 2144 esse
1928 2104 2032 2143 non

446 2197 644 2258 potest.
704 2187 974 2255 Planeque
1031 2200 1250 2240 necesse
1311 2195 1415 2248 est,
1475 2195 1531 2237 ut
1577 2182 1745 2237 Filius
1804 2182 2031 2235 alterum

446 2282 638 2335 horum
672 2279 744 2334 sit
790 2296 805 2332 :
835 2288 1127 2347 utrumque
1160 2292 1288 2331 vero
1329 2289 1689 2344 nequaquam.
1738 2272 1872 2328 Cum
1906 2286 2033 2326 vero

446 2372 628 2425 divina
673 2370 953 2437 Scriptura
994 2370 1163 2438 ipsum
1218 2367 1449 2439 appellet
1500 2365 1769 2431 Verbum,
1817 2364 2031 2419 valeant

451 2462 530 2516 illi
572 2462 662 2531 qui
701 2462 874 2531 ipsum
921 2475 1026 2514 non
1068 2458 1331 2520 Verbum,
1366 2459 1457 2512 sed
1509 2456 1667 2512 Verbi
1714 2458 2029 2526 participem

445 2568 569 2609 esse
603 2554 812 2608 volunt.

800 2678 1383 2771 ASSERTIO
1456 2679 1671 2765 XX.

448 2829 606 2901 195.
650 2828 897 2901 Iniillud
927 2844 951 2901 :7
986 2846 1004 2877 ι
1034 2825 1295 2901 Sustinuit
1328 2840 1536 2901 cru_cem_
1567 2824 1859 2901 ignominia
1905 2840 2029 2901 con-

513 2895 701 2968 ἷεῆιρια
732 2899 801 2960 ⁸⁸,
849 2900 1044 2951 idcirco
1070 2909 1116 2950 et
1146 2896 1286 2948 Deus
1312 2895 1557 2948 exultavit
1592 2895 1764 2968 illum,
1805 2906 1851 2947 et
1881 2895 2026 2947 dedit

512 2972 560 3024 ei
594 2962 803 3030 ιὶοηιεη,
834 2969 972 3038 quod
1001 2978 1074 3019 est
1100 2982 1255 3033 super
1284 2982 1433 3019 omne
1456 2979 1641 3016 nomen
1669 2962 1736 3018 ⁸⁸.
1770 2983 1789 3016 ι

901 3078 1134 3149 Objectio
1180 3077 1563 3130 haereticorum.

513 3192 790 3261 Scriptum
824 3201 926 3258 est,
964 3190 1220 3259 inquiunt
1250 3206 1263 3242 :
1304 3207 1322 3239 ι
1351 3187 1596 3257 Cogitate
1623 3189 1726 3243 hoc
1754 3189 1943 3258 singuli
1972 3191 2022 3243 in

441 3282 615 3346 vobis,
647 3280 862 3345 fratres,
882 3281 1021 3348 quod
1039 3288 1094 3333 et
1123 3279 1176 3333 in
1208 3276 1429 3332 Christo
1448 3276 1593 3342 Jesu,
1616 3278 1706 3347 qui
1732 3294 1849 3331 cum
1882 3288 2025 3332 esset

443 3372 498 3427 in
535 3371 706 3426 forma
744 3370 858 3433 Dei,
898 3384 1002 3423 non
1046 3371 1288 3439 rapinam
1336 3369 1637 3423 arbitratus
1681 3380 1766 3423 est
1802 3385 1859 3423 se
1902 3385 2024 3424 esse

442 3463 701 3533 aequalem
732 3461 877 3526 Deo;
915 3479 933 3512 ι
966 3474 1139 3528 usque
1167 3476 1232 3514 eo
1260 3474 1274 3512 :
1310 3478 1329 3511 ι
1359 3457 1483 3514 ldeo
1510 3470 1566 3515 et
1600 3461 1740 3515 Deus
1768 3461 2026 3514 exaltavit

441 3554 616 3617 illum,
645 3564 699 3607 et
728 3553 874 3607 dedit
914 3554 962 3607 ei
1009 3567 1206 3607 nomen
1247 3551 1391 3620 quod
1422 3561 1507 3605 est
1541 3566 1701 3621 super
1737 3566 1896 3606 omne
1927 3566 2025 3604 nuo

443 3665 566 3704 men
584 3648 652 3701 ⁵⁸.
677 3665 694 3698 ι
720 3647 777 3701 Si
805 3660 935 3717 ergo
957 3646 1226 3701 exaltatus
1249 3653 1336 3699 est
1363 3660 1393 3697 a
1427 3643 1559 3709 Deo,
1588 3653 1640 3699 et
1668 3643 2021 3714 gloriﬁcatus,

442 3752 508 3791 ac
536 3737 696 3791 veluti
752 3752 847 3806 per
889 3738 1118 3806 gratiam
1168 3736 1374 3803 accepit
1408 3748 1600 3789 nomen
1650 3748 1815 3803 snper
1856 3747 2021 3789 omne

442 3843 665 3892 nomen,
697 3827 821 3896 quia
866 3827 1169 3881 humiliavit
1194 3827 1430 3894 seipsum
1455 3839 1623 3894 usque
1659 3826 1722 3879 ad
1760 3835 2019 3879 mortem:

441 3933 572 3989 ergo
604 3920 862 3972 honorem
888 3917 1030 3971 hunc
1049 3927 1104 3972 et
1127 3932 1319 3971 nomen
1338 3931 1499 3986 super
1515 3915 1694 3969 omnia
1719 3915 2020 3969 mercedem

443 4021 556 4065 suae
586 4009 911 4064 lmmilitatis
938 4009 1166 4078 accepit,
1202 4023 1308 4063 non
1344 4018 1540 4062 natura
1582 4008 1853 4062 exsistens
1883 4007 2023 4063 Deus

440 4111 536 4154 aut
566 4098 755 4166 Filius,
801 4100 895 4154 sed
942 4099 1256 4153 accessione
1284 4098 1520 4168 quadam
1569 4098 1620 4153 id
1665 4096 1909 4153 eﬂ‘ectus.
1965 4099 2020 4153 ιιι

440 4207 574 4248 vero
600 4192 743 4261 quod
771 4190 1073 4259 adiectione
1105 4190 1283 4260 aliqua
1316 4200 1457 4259 eget,
1501 4188 1874 4260 imperfectum
1916 4199 2019 4257 est,

443 4296 620 4352 neque
651 4282 703 4334 in
738 4296 834 4335 sua
866 4291 1056 4335 natura
1091 4283 1392 4337 absolutum
1424 4292 1589 4353 atque
1627 4283 1935 4352 integrum;
1967 4294 2022 4338 et

443 4374 586 4444 quod
615 4373 912 4426 exaltatum
949 4374 1239 4441 aliquando
1274 4372 1392 4440 fuit,
1424 4388 1644 4429 necesse
1670 4385 1845 4429 estex
1878 4375 2017 4428 infe-

2141 1815 2369 1886 ματικδν
2400 1816 2491 1869 τὸν
2515 1816 2813 1887 μετέχοντα
2836 1815 3261 1886 αὑτῆς.“Ετερον
3278 1815 3384 1885 γάρ
3408 1832 3460 1868 τι
3480 1817 3712 1884 πρᾶγμα

2138 1908 2231 1961 καὶ
2258 1907 2446 1979 ἕτερόν
2478 1909 2644 1961 ἐστιν.
2686 1907 2923 1977 Ἀνάγκη
2950 1907 3129 1960 τοίνυν
3157 1906 3190 1977 ἢ
3222 1907 3394 1974 Λόγον
3426 1905 3711 1976 ὁμολογεῖν

2136 2000 2231 2052 καὶ
2260 1999 2319 2051 οὐ
2347 1998 2521 2066 Λόγου
2564 1999 2820 2069 μέτοχον*
2854 1999 2888 2070 ἢ
2923 2000 2971 2053 εἰ
3010 1998 3227 2070 μετέχει
3260 1999 3469 2067 Λόγου,
3508 1997 3711 2068 μηκέτι

2135 2091 2307 2159 Λόγον
2350 2090 2659 2160 ὀνομάζειν.
2716 2090 2953 2161 ’Λναιρεῖ
2993 2088 3102 2161 γὰρ
3146 2089 3304 2142 τοῦτο
3348 2092 3542 2142 έκεῖνο.
3596 2088 3713 2142 Καὶ

2132 2181 2325 2250 ἐκείνῳ
2353 2180 2513 2234 τοῦτο
2548 2181 2801 2253 μάχεται,
2854 2181 2945 2234 καὶ
2971 2179 3050 2233 δεί
3079 2180 3295 2243 πάντως
3327 2180 3385 2232 ἓν
3409 2196 3462 2232 τι
3490 2178 3601 2231 τῶν
3630 2179 3711 2230 εί-

2139 2273 2389 2345 ρημένων
2433 2273 2700 2344 ὑπάρχειν
2726 2272 2819 2326 τὸν
2846 2272 2976 2324 Υίόν
2997 2288 3011 2302 ’
3039 2270 3324 2341 ἀμφότερα
3351 2270 3408 2323 δὲ
3432 2270 3707 2340 οὐδαμῶς.

2133 2365 2307 2433 Λόγον
2336 2365 2391 2417 δὲ
2424 2364 2587 2416 αὑτὸν
2614 2362 2989 2435 όνομαζούσης
3018 2364 3116 2432 τῆς
3150 2362 3299 2426 Θείας
3333 2362 3579 2434 Γραφῆς,
3610 2364 3708 2432 sp-

2132 2454 2339 2525 ρῶσθαι
2364 2454 2663 2525 φράσωμεν
2688 2455 2912 2518 εἰκότως
2939 2456 3051 2518 τοῖς
3080 2455 3425 2526 εἰσφέρουσιν
3457 2453 3620 2508 αὑτὸν
3642 2453 3708 2506 οὐ

2129 2549 2325 2618 Λόγον,
2358 2548 2495 2602 ἀλλὰ
2520 2549 2693 2617 Λόγου
2722 2548 2969 2619 μέτοχον.

2638 2672 3005 2759 ΛΟΓΟΣ
3077 2670 3203 2758 K'.

2126 2826 2233 2889 Εἰς
2261 2827 2352 2901 τὸ,
2384 2845 2401 2879 ι
2446 2828 2742 2901 ’Υπέμεινε
2771 2832 3037 2901 σταυρὸν
3071 2833 3373 2900 αἰσχύνης
3411 2845 3706 2901 καταφροέ

2196 2896 2429 2969 νήσας,
2471 2896 2703 2953 διδκαὶ
2737 2905 2769 2955 ό
2801 2896 2944 2968 Θεὸξι
2971 2904 3158 2958 αὑτὸν
3181 2896 3571 2969 ὖπερύψωσε,
3605 2900 3703 2951 καὶ

2196 2965 2517 3036 ἐχαρίσατο
2539 2971 2700 3036 αὐτῷ
2724 2971 2791 3024 τὸ
2819 2965 3006 3041 ὄνομα
3034 2974 3099 3026 τὸ
3127 2972 3279 3040 ὑπὲρ
3299 2965 3436 3025 ’πᾶν
3458 2971 3663 3039 ὄνομα.
3681 2990 3699 3021 ι

2368 3081 2688 3149 Ἀντίθεσις
2715 3084 2796 3151 ὡς
2814 3086 2882 3138 ἐκ
2913 3084 3033 3139 τῶν
3055 3086 3130 3140 δι’
3165 3086 3465 3151 ἐναντίας.

2202 3190 2535 3262 Γέγραπται,
2590 3194 2782 3261 φασίν·
2821 3195 3121 3250 «Ἔκαστοι
3153 3194 3312 3248 τοῦτο
3360 3196 3603 3265 φρονεῖτε
3642 3192 3705 3244 ὲν

2132 3282 2279 3350 ὑμῖν,
2321 3282 2349 3335 ὃ
2385 3285 2477 3337 καὶ
2519 3288 2577 3338 ὲν
2610 3287 2831 3360 Χριστῷ
2889 3287 3095 3357 Ἰησοῦ,
3141 3288 3198 3352 ὃς
3238 3288 3298 3339 ὲν
3351 3287 3532 3356 μορφῇ
3567 3282 3702 3337 Θεοῦ

2130 3374 2412 3444 ὑπάρχων,
2440 3377 2536 3447 οὐχ
2566 3380 2861 3451 ἁρπαγμὸν
2892 3381 3136 3451 ήγήσατο
3155 3379 3216 3431 τὸ
3243 3375 3382 3431 εἶναι
3410 3379 3500 3430 ῐσα
3522 3374 3696 3445 Θεῷοι

2128 3464 2233 3528 ἕως
2285 3464 2402 3531 τοῦ,
2458 3485 2478 3520 ι
2507 3470 2598 3522 Διὸ
2631 3472 2725 3524 καί¹
2770 3473 2798 3524 ό
2839 3470 2969 3534 Θεὸς
3002 3471 3163 3525 αὑτὸν
3197 3468 3561 3541 ὑπερύψωσε,
3604 3467 3704 3519 καὶ

2127 3554 2420 3628 ἐχαρίσατο
2474 3559 2622 3632 αὐτῷ
2672 3562 2844 3633 ὄνομα
2894 3562 2957 3616 τὸ
3000 3563 3143 3634 ὑπὲρ
3191 3564 3301 3615 πᾶν
3343 3561 3533 3631 ὄνομα.
3570 3578 3589 3610 ι
3636 3559 3702 3611 Εἰ

2127 3650 2306 3705 τοίνυν
2334 3651 2521 3724 ὑψώθη
2554 3653 2705 3726 παρὰ
2726 3655 2821 3708 τοῦ
2848 3654 3006 3717 Θεοῦ,
3039 3656 3133 3709 καὶ
3164 3648 3423 3723 ἐδοξάσθη
3447 3694 3461 3719 ,
3496 3652 3589 3705 καὶ
3625 3651 3704 3714 ὡς

2129 3743 2188 3795 ὲν
2238 3743 2578 3814 χαρίσματος
2617 3747 2773 3817 μέρει
2818 3746 2944 3817 ἔσχε
2993 3746 3055 3799 τὸ
3099 3746 3267 3816 ὄνομα
3304 3743 3365 3797 τὸ
3405 3743 3546 3815 ὑπὲρ
3589 3744 3703 3795 πᾶν

2128 3833 2317 3904 ὄνομα,
2365 3836 2447 3888 ὅτι
2491 3836 2855 3891 ἐταπείνωσεν
2887 3838 3080 3892 ἑαυτὸν
3116 3837 3275 3909 μέχρι
3305 3835 3573 3895 θανάτου,
3611 3852 3702 3904 μι-

2128 3925 2253 3978 σθὸν
2279 3924 2391 3995 ἔχει
2424 3925 2524 3997 τῆς
2550 3927 2930 3991 ταπεινώσεως
2970 3928 3069 3997 τὴν
3106 3926 3270 3999 τιμήν
3307 3926 3400 3979 καὶ
3437 3926 3498 3979 τὸ
3526 3924 3699 3994 ὄνομα

2124 4016 2185 4068 τὸ
2231 4017 2372 4086 ὑπὲρ
2413 4018 2625 4071 πάντα·
2666 4018 2726 4072 οὺ
2756 4018 2916 4086 φύσει
2963 4018 3096 4083 Θεὸς
3123 4018 3198 4072 ὢν
3235 4019 3268 4089 ἢ
3313 4018 3457 4081 Υἱὸς,
3486 4016 3602 4071 ἀλλ’
3632 4017 3699 4068 ὲκ

2125 4105 2445 4177 προσθήκης
2473 4107 2645 4161 ταῦτα
2678 4110 2991 4181 γενόμενος.
3038 4110 3111 4163 Τὸ
3144 4110 3200 4163 δὲ
3235 4109 3551 4182 προσθήκης
3578 4108 3696 4161 δεό-

2128 4213 2307 4265 μενον,
2342 4198 2529 4261 ἀτελὲς
2560 4198 2626 4251 ἂν
2659 4199 2745 4270 εἴη
2794 4202 2887 4254 καὶ
2931 4199 3145 4264 ἐλλιπὲς
3192 4201 3314 4253 ὅσον
3354 4202 3433 4263 είς
3482 4201 3585 4269 τὴν
3613 4202 3699 4252 ol-

2122 4289 2278 4343 κείαν
2302 4289 2480 4359 φύσιν.
2504 4292 2616 4344 Καὶ
2637 4293 2696 4346 τὸ
2728 4293 3029 4364 ὑψούμενόν
3060 4311 3183 4358 που,
3205 4292 3450 4347 κάτωθεν
3476 4294 3697 4363 ἀνάγκη

2123 4379 2261 4449 πρὸς
2294 4380 2450 4432 τοῦτο
2485 4381 2808 4451 ἐπαίρεσθαι
2829 4399 2841 4411 ’
2877 4383 2970 4435 καὶ
2991 4382 3053 4435 τὸ
3083 4384 3239 4454 χάριν
3269 4383 3555 4454 δεχόμενον
3586 4384 3699 4437 δεῖ·

442 4467 587 4519 riore
615 4473 756 4517 statu
787 4478 852 4517 eo
878 4463 1149 4518 sublatum
1177 4479 1296 4518 esse
1328 4481 1341 4517 :
1375 4473 1430 4519 et
1455 4465 1595 4534 quod
1620 4466 1847 4534 gratiam
1876 4468 2021 4520 acci-

2138 4468 2251 4521 σθαι
2278 4469 2384 4540 χρὴ
2416 4470 2633 4536 πάντως
2665 4465 2724 4525 οῦ
2765 4474 3009 4544 δέχεται·
3062 4476 3156 4528 καὶ
3205 4474 3265 4526 τὸ
3306 4473 3569 4544 τιμᾶσθαι
3598 4475 3699 4545 ζη-

442 4559 544 4627 pit,
588 4570 650 4610 ea
705 4556 925 4607 omnino
974 4555 1213 4624 indigeat
1261 4571 1277 4609 :
1322 4565 1377 4609 et
1410 4557 1499 4625 qui
1551 4556 1805 4611 honorari
1854 4560 2022 4627 cupit,

429 4634 655 4717 oportet
691 4655 752 4700 ut
796 4647 920 4699 talis
967 4660 1073 4699 non
1109 4646 1290 4711 luerit,
1337 4647 1510 4714 qualis
1538 4662 1656 4702 esse
1680 4650 1919 4719 optabat.
1965 4648 2022 4703 Si

419 4745 575 4807 :ergo
605 4738 786 4791 datum
822 4747 905 4791 est
934 4736 1008 4792 illi
1040 4752 1233 4790 nomen
1264 4752 1426 4806 super
1447 4753 1607 4792 omne
1635 4755 1847 4804 nomen,
1875 4750 2022 4795 certe

442 4844 507 4882 ex
542 4838 731 4881 natura
759 4844 852 4880 sua
887 4830 986 4882 hoc
1022 4846 1125 4882 non
1152 4838 1291 4894 erat,
1338 4830 1430 4883 sed
1463 4831 1743 4897 postmodo
1769 4846 1866 4899 per
1896 4845 2021 4898 gra-

444 4922 573 4975 tiam
605 4920 707 4973 hoc
742 4910 915 4973 fa'ctus
948 4930 1048 4974 est.
1094 4922 1247 4986 Quod
1289 4936 1417 4976 vero
1453 4922 1523 4974 ita
1567 4935 1625 4976 se
1662 4920 1840 4985 habet,
1877 4920 2016 4976 Deus

441 5026 563 5067 esse
596 5026 702 5066 non
741 5020 955 5080 potest:
991 5028 1182 5067 recens
1208 5013 1351 5066 enim
1384 5020 1489 5067 est.

748 5120 928 5176 Brevis
959 5122 1113 5191 hujus
1152 5123 1461 5192 objectionis
1494 5122 1705 5178 solutio.

510 5232 826 5300 Qualisnam
869 5249 994 5288 vero
1027 5236 1268 5290 accessio
1308 5236 1531 5291 honoris
1569 5236 1623 5291 in
1652 5250 1719 5292 eo
1758 5236 1899 5292 facta
1933 5246 2018 5294 est

441 5325 534 5394 qui
564 5340 683 5379 cum
707 5335 852 5380 esset
885 5327 937 5379 in
972 5326 1142 5379 forma
1187 5328 1298 5391 Dei,
1343 5329 1483 5382 servi
1523 5328 1748 5383 formam
1800 5329 2015 5384 induit?

442 5419 512 5471 At
539 5419 811 5486 quomodo
841 5432 945 5472 non
966 5420 1146 5487 potius
1167 5419 1471 5474 imminutio
1499 5420 1721 5474 dicenda
1750 5432 1853 5485 est,
1890 5438 2012 5476 cum

444 5505 630 5561 relicto
682 5507 905 5577 majore,
962 5507 1013 5561 id
1067 5509 1210 5577 quod
1257 5509 1437 5563 minus
1491 5520 1575 5565 est
1622 5513 2014 5582 assumpserit?

512 5677 558 5709 ⁸⁸
589 5677 751 5734 Hebr.
786 5694 882 5746 xu,
909 5681 962 5736 2.
1038 5681 1082 5714 δ’
1116 5682 1345 5754 Philipp.
1379 5699 1437 5748 ll,
1478 5683 1531 5738 9.
1608 5684 1652 5714 ⁸⁰
1678 5684 1808 5741 Ibid.
1842 5686 1954 5741 5—9.

2124 4560 2269 4627 τοῦν,
2294 4562 2393 4615 οὐκ
2419 4559 2559 4618 εῖναι
2598 4564 2837 4620 τοιοῦτον
2865 4568 3078 4638 ἀνάγκη
3107 4566 3304 4635 λέγειν,
3330 4568 3465 4638 ὅπερ
3494 4565 3557 4637 δὴ
3598 4565 3697 4618 καὶ

2123 4652 2375 4719 γενέσθαι
2423 4653 2688 4723 βούλεται.
2726 4656 2789 4708 Εἰ
2816 4651 2908 4708 οὖν
2943 4656 3206 4728 ἐχαρίσθη
3236 4655 3384 4726 αὐτῷ
3426 4658 3485 4708 τὸ
3524 4655 3696 4724 ὄνομα

2125 4743 2186 4795 τὸ
2214 4744 2352 4814 ὑπὲρ
2382 4746 2491 4797 πᾶν
2518 4744 2711 4815 ὄνομα,
2752 4746 2911 4816 φύσει
2941 4748 3041 4817 μὲν
3068 4747 3227 4801 τοῦτο
3251 4748 3351 4799 οὐκ
3378 4742 3465 4817 ἦν,
3498 4747 3695 4814 γέγονε

2123 4834 2181 4886 δὲ
2216 4835 2442 4907 ὕστερον
2473 4837 2613 4890 κατὰ
2663 4837 2822 4908 χάριν
2848 4855 2862 4869 ·
2897 4837 2959 4891 τὸ
3000 4838 3057 4891 δὲ
3094 4838 3266 4902 οὕτως
3298 4838 3441 4908 ἔχον,
3482 4838 3581 4891 οὐκ
3626 4837 3696 4891 ἂν

2122 4924 2208 4997 εἴη
2237 4926 2366 4990 Θεὸς
2385 4965 2399 4990 ,
2427 4926 2739 4997 πρόσφατον
2772 4929 2900 5000 γάρ.

2231 5127 2385 5196 Πρὸς
2426 5129 2610 5183 ταῦτα
2639 5131 2820 5197 λύσις
2857 5129 3079 5200 ἐφεξῆς
3108 5130 3189 5196 ὡς
3215 5130 3284 5184 ἐν
3315 5127 3586 5199 ἐπιτομῇ.

2191 5241 2303 5293 Καὶ
2334 5242 2461 5294 ποία
2487 5242 2676 5311 γέγονε
2702 5243 2989 5314 προσθήκη
3016 5243 3178 5312 τιμῆς
3211 5241 3289 5312 τῷ
3310 5243 3368 5294 ὲν
3388 5243 3570 5313 μορφῇ
3594 5242 3698 5312 μὲν

2122 5329 2420 5401 ὑπάρχοντι
2447 5331 2603 5395 Θεοῦ,
2632 5332 2978 5403 ὲνδυσαμένῳ
3002 5332 3059 5385 δὲ
3091 5333 3191 5402 τὴν
3218 5331 3312 5384 τοῦ
3344 5330 3533 5385 δούλου
3562 5347 3699 5400 μορ-

2120 5421 2259 5490 φήν;
2292 5421 2413 5485 Πῶς
2441 5423 2499 5476 δὲ
2524 5423 2725 5493 μᾶλλον
2753 5423 2852 5477 οὐκ
2873 5423 3215 5492 ἠλαττῶσθαι
3243 5422 3443 5488 δόξειεν
3466 5421 3554 5484 ἂν,
3574 5422 3603 5473 ὁ
3633 5420 3700 5473 τὸ

2122 5511 2305 5580 μεῖζον
2355 5514 2515 5583 ἀφεὶς
2550 5514 2645 5568 καὶ
2691 5514 2753 5568 τὸ
2803 5514 3023 5570 ἔλαττον
3057 5512 3369 5581 ἁναλαὸών;
3409 5511 3541 5578 Θεὸς
3589 5512 3699 5566 ὐπ-
