3882 6210
158 369 277 435 329

1540 364 1978 433 ΤΗΕΞΛῸΒΗΒ.

3305 370 3410 428 350

168 498 356 571 ἅρχων
382 492 606 563 γέγονεν
627 490 937 563 ἅνθρωπος,
965 489 1054 544 ἵνα
1076 491 1225 543 ποῖον
1252 489 1392 564 εὕρῃ
1418 491 1643 562 μισθόν;
1669 493 1740 545 Ἢ

1857 493 1985 547 Deus
2004 491 2269 547 exsistens
2294 491 2472 547 factus
2485 492 2574 546 est
2596 490 2779 557 homo,
2798 489 3081 560 qualemne
3108 491 3411 548 mercedem

167 586 286 651 πῶς
308 582 570 654 ἔδοξάσθη
593 584 622 637 ό
650 582 758 637 ἀπὸ
772 581 932 653 δόξης
956 582 1036 645 είς
1060 582 1288 653 ἀτιμίαν
1310 582 1736 653 καταϐεϐηκώςς

166 677 295 741 Πῶς
325 676 385 730 δὲ
414 677 637 745 γέγονεν
679 672 884 744 ὑψηλὸς
933 674 963 726 ὁ
1004 672 1105 743 τῆς
1146 670 1400 743 θεότητος
1429 672 1491 726 τὸ
1523 671 1741 743 ἀξίωμα

165 766 471 840 ὑπεριδὼν,
503 766 599 819 καὶ
633 765 714 828 είς
745 762 1144 835 ἁνθρωπότητα
1183 765 1493 830 uatele;
1541 766 1666 830 Πῶς
1709 768 1742 820 ό

167 858 468 923 κατελθὼν,
497 857 722 926 γέγονεν
764 854 911 921 avre;
957 855 1127 909 Ποίαν
1156 857 1267 927 ἔχει
1310 856 1590 927 βελτίωσιν
1622 858 1652 910 ό
1683 858 1741 909 ὲν

165 951 419 1005 ἐλάττοσι
451 947 691 1018 γεγονὼς
716 946 775 1012 ἐξ
801 946 1135 1018 ἀμεινόνων;
1168 948 1231 1000 Ei
1256 947 1389 1011 Θεὸς
1413 948 1489 1001 ῶν
1519 948 1739 1018 ὕψιστος

167 1042 263 1096 καὶ
290 1043 351 1095 ἐν
386 1039 612 1111 ὑψηλοῖς
657 1038 931 1093 κατοικῶν
980 1036 1244 1107 ὑψοῦσθαι
1285 1039 1523 1108 λέγεται,
1558 1041 1653 1092 ποῖ
1685 1039 1742 1093 δὲ

168 1134 250 1189 ἔτι
282 1132 423 1204 μετὰ
450 1130 547 1203 τὴν
577 1129 670 1184 τοῦ
696 1128 831 1185 Θεοῦ
857 1127 1020 1198 φύσιν
1055 1128 1386 1200 ἀναϐήσεται
1412 1129 1473 1183 τὸ
1504 1128 1743 1199 ὑψούμε-

169 1243 293 1290 νονς
332 1224 457 1288 Πῶς
482 1224 541 1277 δὲ
567 1219 635 1295 ἦν
663 1223 921 1287 ταπεινὸς
946 1223 975 1275 ό
997 1223 1056 1277 ὲν
1084 1221 1305 1287 κόλποις
1323 1222 1399 1277 ῶν
1421 1221 1517 1276 τοῦ
1546 1222 1743 1295 ὑψηλο-

166 1319 331 1373 τάτου
365 1316 613 1387 Πατρός;
639 1313 807 1379 Ποίας
832 1314 1153 1386 προσθήκης
1174 1315 1341 1368 ἐδεῖτο
1364 1315 1531 1380 Θεός;
1565 1316 1629 1370 Εί
1654 1314 1741 1368 διὰ

167 1407 330 1462 τοῦτο
354 1405 752 1478 καταϐέϐηκεν,
771 1406 861 1460 ἵνα
878 1405 975 1459 καὶ
991 1406 1199 1478 ὑψωθῇ,
1218 1407 1301 1470 τίς
1324 1403 1390 1478 ἦν
1415 1408 1449 1477 ἡ
1470 1406 1627 1478 χρεία
1641 1406 1741 1477 τῆς

169 1498 560 1565 καταϐάσεωςς
595 1498 659 1551 El
688 1496 779 1550 διὰ
812 1496 975 1551 τοῦτο
1002 1497 1369 1551 ἐταπείνωσεν
1399 1496 1612 1558 ἑαυτὸν,
1656 1499 1741 1550 ἵνα

169 1593 268 1647 καὶ
295 1589 552 1662 δοξασθῇ,
586 1589 668 1651 τίς
695 1585 766 1662 ἦν
789 1592 824 1661 ἠ
855 1590 1015 1661 χρεία
1040 1589 1141 1660 τῆς
1171 1589 1583 1657 ταπεινώσεως;
1618 1590 1743 1653 Πῶς

159 1685 227 1739 ﬁt
254 1686 356 1740 οὐκ
380 1684 583 1754 ἄσοφος
608 1685 637 1738 ό
668 1682 807 1754 μετὰ
832 1683 999 1737 πόνου
1023 1682 1221 1754 ζητῶν,
1251 1682 1280 1736 ὃ
1305 1683 1536 1753 καὶδίχα
1565 1683 1741 1736 πόνων

164 1776 317 1847 ἔχειν
348 1773 606 1839 ἐδύνατος
647 1771 773 1836 Πῶς
816 1771 978 1826 ἔλασε
1026 1771 1089 1827 τὸ
1126 1772 1305 1844 ὄνομα
1346 1774 1410 1826 τὸ
1452 1773 1591 1846 ὑπὲρ
1628 1774 1742 1826 πᾶν

160 1868 342 1938 ὄνομα
368 1867 403 1919 6
428 1864 718 1929 διαπαντὸς
748 1866 805 1918 ἐν
829 1864 980 1936 αὐτῷ
1007 1864 1481 1937 προσκυνούμενος
1496 1882 1515 1931 ;

1849 583 2206 652 accepturus?
2254 583 2360 636 Aut
2410 582 2679 653 quomodo
2724 581 3054 652 gloriﬁcatns
3095 590 3182 637 est
3240 584 3334 653 qui
3383 600 3417 638 ο

1847 675 2017 743 gloria
2059 674 2127 728 ad
2178 674 2638 743 contemptibilem
2690 682 2887 729 statum
2945 674 3265 729 descendit?
3308 674 3417 730 Ant

1844 764 2118 834 quomodo
2154 763 2450 829 exaltatus,
2502 764 2593 835 qui
2652 778 2683 818 e
2747 764 3043 820 divinitatis
3090 764 3304 836 fastigio
3350 768 3416 820 ad

1849 856 2239 910 humanitatem
2284 871 2344 911 se
2386 856 2637 911 demisit?
2666 856 2943 923 Quomodo
2971 867 3149 912 autem
3177 856 3269 928 qui
3317 856 3418 914 de-

1846 948 2074 1012 scendit,
2123 959 2340 1002 evectus
2386 948 2508 1002 est?
2554 950 2663 1003 Aut
2704 964 2811 1018 quo
2842 960 3003 1020 pacto
3054 950 3243 1005 melior
3274 939 3421 1005 illius

1847 1038 2083 1094 conditio
2111 1047 2197 1093 est
2217 1037 2428 1103 effecta,
2462 1038 2555 1108 qui
2589 1038 2756 1094 veluti
2789 1052 2820 1093 e
2853 1037 3148 1106 majoribus
3178 1048 3236 1094 et
3283 1054 3422 1108 ρηο-

1848 1128 2203 1185 stantloribus
2245 1131 2312 1183 ad
2346 1130 2554 1184 minora
2593 1129 2855 1185 devenit?
2887 1127 2943 1183 Si
2994 1129 3139 1184 Deus
3170 1145 3293 1184 cum
3349 1131 3418 1185 sit

1847 1218 2163 1287 altissimus,
2194 1219 2327 1275 etin
2374 1217 2604 1275 excelsis
2631 1217 2901 1284 habitans,
2943 1218 3171 1273 exaltari
3199 1218 3417 1279 dicitur,

1846 1323 2079 1377 quonam
2117 1311 2252 1363 ultra
2290 1308 2382 1363 Dei
2427 1318 2671 1363 naturam
2719 1308 2773 1363 id
2805 1310 2946 1378 quod
2984 1310 3252 1363 exaltatur
3284 1323 3417 1363 con-

1847 1404 2110 1458 scendet?
2134 1404 2241 1457 Aut
2267 1404 2534 1473 quomodo
2565 1402 2781 1458 humilis
2810 1412 2950 1465 erat,
2993 1402 3048 1456 in
3076 1402 3202 1458 sinu
3242 1400 3417 1457 excel-

1847 1496 2047 1552 sissimi
2081 1494 2260 1550 Patris
2303 1497 2613 1551 exsistens?
2642 1497 2750 1549 Aut
2794 1511 2901 1565 qua
2948 1494 3260 1549 accessione
3304 1494 3419 1548 sive

1850 1588 2185 1643 incremento
2218 1588 2494 1657 indigebat
2521 1587 2702 1643 Deus?
2735 1586 2792 1641 Si
2820 1587 3027 1642 idcirco
3054 1585 3336 1641 descendit
3360 1595 3421 1639 ut

1847 1680 2200 1745 exaltaretur,
2236 1681 2365 1751 quid
2388 1690 2509 1736 erat
2552 1695 2687 1749 opus
2724 1678 3028 1735 descensu?
3080 1676 3137 1732 Si
3174 1678 3293 1733 ideo
3330 1692 3419 1732 sc-

1848 1772 2026 1841 ipsum
2072 1771 2393 1836 humiliavit,
2428 1781 2489 1825 ut
2520 1770 2934 1841 gloriﬁcaretur,
2961 1768 3123 1840 195
3143 1769 3271 1839 quid
3301 1777 3422 1824 erat

1766 1860 1809 1918 Β
1836 1879 1971 1934 opus
2000 1864 2414 1919 humiliatione?
2438 1872 2531 1919 aut
2561 1864 2833 1934 quomodo
2868 1878 2973 1918 non
3020 1863 3093 1917 sit
3119 1860 3421 1916 censendus

163 1963 437 2035 insipiens
462 1964 553 2033 qui
588 1963 648 2017 id
676 1976 870 2031 magno
902 1976 1028 2018 cum
1068 1960 1261 2017 labore
1287 1963 1501 2031 quaerit,
1539 1961 1680 2031 quod
1719 1962 1852 2015 citra
1891 1959 2129 2015 laborem
2168 1960 2393 2025 habere.
2425 1960 2643 2031 potest?
2676 1959 2745 2013 At
2774 1960 3042 2030 quoinodo
3080 1957 3288 2027 accepit
3319 1970 3419 2010 no-

170 2072 299 2114 men
334 2059 480 2129 quod
509 2067 595 2114 est
624 2069 787 2127 super
820 2062 984 2111 omne
1004 2070 1224 2122 nomen,
1258 2056 1350 2125 qui
1380 2070 1593 2127 semper
1618 2056 1674 2110 in
1696 2056 1812 2125 ipso
1835 2063 1920 2109 est
1956 2054 2250 2110 adoratus?

584 2171 786 2242 Ῥηεὰ,
816 2172 908 2226 ὅτι
938 2172 1080 2239 Θεὸς
1105 2173 1144 2227 ὁ
1186 2173 1343 2239 Υἱός.

248 2304 271 2339 ι
304 2284 367 2340 '0
393 2283 528 2349 Θεὺς
550 2285 610 2338 ὲν
628 2282 708 2354 τῷ
727 2280 953 2353 ὀνόματί
977 2299 1073 2335 σου
1105 2280 1183 2336 σῶ
1213 2296 1304 2352 με’
1328 2300 1349 2335 ι
1382 2279 1501 2348 καὶ,
1534 2301 1554 2334 ι
1575 2281 1746 2352 Προσ-

170 2378 571 2450 κυνησάτωσαν
606 2374 687 2447 τῷ
715 2375 941 2448 ὀνόματί
972 2390 1088 2441 σου,
1125 2375 1331 2447 Κύριε,
1377 2374 1456 2445 τῷ
1501 2375 1741 2446 μεγαλῳ.

170 2468 289 2540 Πρὸ
317 2466 412 2521 τοῦ
442 2466 597 2538 ήλίου
626 2464 871 2535 διαμένει
907 2463 971 2518 τὸ
997 2464 1171 2536 ὄνομα
1206 2462 1396 2517 αὐτοῦ.
1426 2463 1556 2517 Δότε
1586 2463 1745 2530 δόξαν

166 2560 403 2631 ὀνόματι
432 2557 620 2612 αὐτοῦ.
642 2551 801 2611 Οὗτοι
827 2557 888 2609 ὲν
919 2556 1129 2628 ἅρμασι
1158 2556 1252 2609 καὶ
1272 2548 1419 2610 οὗτοι
1448 2556 1509 2609 ἐν
1534 2556 1741 2620 ἵπποις,

173 2654 338 2723 ἡμεῖς
390 2651 449 2705 δὲ
500 2652 562 2704 ὲν
623 2648 850 2720 ὀνόματι
904 2647 1114 2719 Κυρίου
1173 2645 1310 2701 Θεοῦ
1363 2648 1522 2720 ήμῶν
1572 2664 1745 2719 μεγα-

2119 2172 2475 2227 Auctarium
2508 2175 2645 2242 quod
2683 2169 2859 2225 Filius
2894 2172 2963 2225 sit
2999 2170 3161 2227 Deus.

1926 2300 1947 2333 ι
1972 2280 2133 2348 Deus,
2153 2282 2207 2336 in
2230 2283 2446 2338 nomine
2466 2293 2559 2337 tuo
2573 2282 2779 2337 salvum
2799 2297 2884 2337 me
2897 2283 3041 2338 fac“
3059 2302 3075 2351 ;
3095 2302 3117 2336 ο
3137 2292 3214 2349 et,
3236 2302 3256 2335 ‹
3275 2284 3418 2339 Ado-

1850 2382 1975 2427 rent
2013 2382 2209 2428 nomen
2228 2382 2399 2438 tuum,
2426 2374 2674 2438 Domine,
2707 2376 2961 2444 magnum
2986 2376 3056 2431 ⁸¹.
3076 2376 3221 2430 Ante
3249 2374 3417 2430 solem

1851 2474 2128 2533 permanet
2146 2479 2339 2520 nomen
2358 2466 2478 2535 ejus
2499 2458 2567 2519 ".
2596 2464 2726 2520 Date
2741 2465 2963 2536 gloriam
2982 2468 3186 2522 nomini
3209 2466 3330 2536 ejus
3351 2465 3417 2521 “.

1850 2555 1916 2611 lli
1950 2557 2004 2611 in
2031 2558 2283 2612 curribus
2312 2568 2370 2612 et
2398 2558 2451 2612 hi
2483 2560 2536 2612 in
2560 2560 2737 2628 equis,
2777 2572 2879 2613 nos
2908 2567 3087 2613 autem
3124 2559 3178 2614 in
3206 2560 3423 2616 nomine

1852 2646 2063 2703 Domini
2098 2648 2190 2703 Dei
2242 2650 2411 2705 nostri
2464 2650 2928 2718 magniﬁcabimnr
2957 2651 3026 2705 ".
3071 2672 3090 2702 ι
3136 2650 3420 2718 Quomodo

174 2741 577 2815 λυνθησόμεθα.
611 2760 631 2793 ι
695 2740 822 2805 Πῶς
874 2735 968 2793 οὖν
1007 2737 1237 2804 ελαόεν,
1284 2740 1422 2809 ὅπερ
1468 2737 1607 2811 ἔχων
1657 2740 1745 2793 ἀεὶ

1857 2740 2015 2809 igitur
2042 2741 2251 2811 accepit
2282 2741 2427 2811 quod
2458 2756 2675 2811 semper
2715 2742 2967 2798 habuisse
3000 2745 3283 2800 cernitur?

174 2837 431 2908 φαίνεται
446 2852 469 2904 ;

750 2949 941 3015 Λύσις
974 2947 1167 3017 ἑτέρα.

249 3086 314 3146 El
344 3108 363 3142 ι
392 3080 451 3144 ὲν
481 3078 624 3160 ἀρχῇ
649 3078 719 3158 ἦν
744 3085 775 3138 ὁ
795 3084 988 3153 Λόγος,
1021 3085 1117 3138 καὶ
1137 3082 1271 3146 Θεὸς
1294 3074 1363 3154 ἦν
1386 3082 1416 3136 ὁ
1442 3082 1635 3150 Λόγος,
1653 3081 1749 3135 καὶ

172 3177 247 3255 ἧν
290 3182 352 3235 ἐν
397 3172 540 3252 ἀρχῇ
576 3176 712 3247 πρὸς
749 3175 840 3229 τὸν
873 3174 1029 3239 Θεὸν,
1062 3191 1083 3226 ι
1138 3168 1366 3243 ὕστερον
1412 3170 1469 3223 δὲ
1510 3170 1598 3224 διὰ
1647 3170 1749 3241 τὴν

177 3271 455 3346 ἡμετέραν
476 3268 750 3341 σωτηρίαν
768 3266 1133 3320 ἐταπείνωσεν
1160 3262 1373 3326 ἑαυτὸν,
1396 3261 1485 3315 διά
1511 3279 1570 3315 τε
1590 3262 1749 3314 τοῦτο

180 3359 452 3433 ὑψοῦσθαι
480 3358 739 3428 λέγεται,
772 3356 888 3420 πῶς
930 3356 1029 3410 οὐκ
1059 3350 1214 3409 ἔσται
1244 3352 1407 3407 παντί
1435 3370 1512 3423 τῳ
1554 3352 1744 3419 σαφὲς,

179 3456 377 3524 ὅτιπερ
410 3446 473 3505 οὗ
509 3449 640 3521 περὶ
670 3448 768 3520 τὴν
798 3447 891 3501 τοῦ
917 3446 1092 3515 Λόγου
1122 3444 1283 3515 φύσιν
1312 3441 1471 3496 τοῦτο
1502 3441 1745 3510 γίνεσθαι
1769 3436 1814 3493 C

184 3546 497 3619 συμδαίνει,
521 3544 639 3600 ἀλλ’
672 3545 751 3607 εἰς
778 3542 841 3596 τὸ
869 3542 968 3614 τῆς
987 3534 1402 3613 ἁνθρωπότητος
1433 3537 1749 3608 μυστήριον;

182 3635 257 3713 ’ᾨ
276 3639 387 3711 γὰρ
406 3637 638 3709 ἁρμόσει
666 3634 729 3688 τὸ
763 3634 1042 3699 ταπεινὸν,
1075 3632 1250 3703 τούτῳ
1282 3630 1378 3685 καὶ
1397 3628 1456 3683 τὸ
1490 3626 1753 3698 ὑψοῦσθαι

183 3731 416 3805 πρέπειν
454 3725 757 3782 ἀκολουθεῖ.
794 3722 1060 3778 Ταπεινὸν
1086 3721 1143 3777 δὲ
1168 3723 1357 3793 χρῆμα
1401 3723 1437 3790 ἡ
1474 3717 1753 3788 ἀνθρωπό-

183 3840 319 3895 της,
351 3819 482 3892 περὶ
509 3818 682 3889 αὐτὴν
730 3816 837 3887 ἄρα
870 3815 966 3869 καὶ
1009 3815 1070 3869 τὸ
1101 3812 1366 3885 ὑψοῦσθαι
1410 3810 1750 3880 νοηθήσεται.

180 3915 264 3969 Οὐ
293 3906 646 3982 πρότερονίᾶ
676 3909 805 3980 περὶ
834 3907 929 3961 τοῦ
953 3905 1089 3961 Θεοῦ
1117 3906 1291 3974 Λόγου
1319 3902 1560 3957 τοιοῦτόν
1586 3918 1640 3954 τι
1668 3900 1755 3953 λέ-

182 4021 388 4076 γουσαν
404 4002 709 4075 εὑρήσομεν
725 4002 825 4073 τὴν
852 4000 1099 4071 Γραφὴν,
1118 4002 1168 4052 εί
1200 3998 1297 4068 μὴ,
1326 4016 1345 4047 ί
1367 3995 1511 4068 Σὰρξ
1538 3993 1753 4063 γέγονε,

186 4100 285 4154 καὶ
319 4099 634 4169 ἐσκήνωσεν
668 4098 727 4149 ὲν
760 4095 911 4165 ἡμῖν.
957 4112 976 4143 ι
1005 4093 1068 4145 El.
1095 4092 1277 4145 τοίνυν
1308 4090 1435 4161 περὶ
1458 4088 1556 4160 τὴν
1581 4088 1752 4159 πρόσ-

184 4189 349 4260 ληψιν
370 4186 475 4257 τῆς
502 4184 701 4257 σαρκὸς
725 4185 760 4254 ὴ
795 4182 1122 4244 ταπείνωσις
1148 4178 1474 4249 γεγενῆσθαι
1500 4178 1715 4247 λέγεται
1736 4214 1753 4242 ,

182 4279 252 4332 δι’
278 4277 450 4347 αὐτὴν
486 4274 640 4327 ἔσται
674 4273 769 4327 καὶ
803 4272 933 4343 περὶ
954 4271 1124 4342 αὐτὴν
1144 4273 1178 4342 ἡ
1211 4269 1435 4340 ὖψωσις.

680 4404 888 4467 ΑΛΛΟ,
919 4406 1011 4470 εις
1039 4404 1108 4457 τὸ
1133 4405 1299 4458 αὐτό.

272 4541 559 4605 ὍΠαῦλος
584 4540 911 4595 ἑπιστέλλων
926 4541 1113 4612 φησὶν,
1134 4541 1216 4593 ὅτι
1236 4554 1256 4589 ‹
1278 4528 1326 4591 Π
1334 4538 1592 4610 ρόδρομος
1618 4536 1757 4607 ὑπὲρ

188 4634 349 4709 ἡμῶν
374 4632 625 4705 είσῇλθεν
661 4631 889 4704 Ἰησοῦς,
914 4633 1013 4687 οὐκ
1037 4633 1117 4694 εἱς
1139 4630 1407 4683 ἀντίτυπα
1437 4629 1547 4681 τῶν
1571 4626 1758 4697 ἀληθι-

2449 2940 2571 2994 Atia
2613 2942 2828 2997 solutio.

1924 3077 1982 3133 Si
2002 3094 2024 3129 ι
2046 3070 2281 3133 Verbum
2299 3082 2417 3133 erat
2432 3080 2486 3133 in
2505 3078 2793 3150 principio,
2808 3078 3016 3137 elDeu's
3033 3094 3153 3137 erat
3169 3082 3423 3152 Verbum,

1853 3178 1908 3225 et
1932 3174 2048 3225 erat
2099 3169 2154 3225 in
2202 3171 2468 3242 prinéipio
2513 3164 2657 3242 apud
2672 3174 2858 3228 ‘Deum
2885 3164 2992 3239 ",n‘
3047 3177 3251 3233 ultimis
3298 3182 3426 3236 vero

1857 3261 2186 3333 temporibus
2212 3273 2433 3333 propter
2462 3266 2701 3318 nostram
2733 3265 2959 3320 salutem
2990 3266 3295 3323 humiliavit
3335 3286 3425 3326 se-

1858 3355 2031 3424 ipsum
2055 3342 2129 3419 ‘7,
2152 3364 2314 3422 atque
2333 3353 2540 3409 idcirco
2560 3355 2879 3412 humiliatus
2906 3368 3025 3413 esse
3044 3358 3241 3415 dicitur
3274 3382 3285 3416 :
3319 3364 3427 3431 quo

1854 3455 2009 3518 pacto
2041 3460 2148 3501 non
2176 3444 2531 3503 fueritcuivis‘
2562 3446 2928 3514 manifestum,
2960 3454 3067 3505 non
3089 3453 3232 3507 circa
3264 3452 3426 3510 Verbi

1855 3549 2125 3607 naturam,
2150 3540 2244 3596 sed
2277 3542 2422 3595 circa
2446 3539 2801 3597 humanitatis
2838 3545 3151 3613 mysterium
3199 3545 3301 3599 hoc
3331 3561 3425 3600 ac-

1853 3633 2087 3688 cidisse?
2152 3631 2287 3687 Nam
2349 3634 2433 3688 cui
2501 3633 2776 3689 humilitas
2826 3635 3095 3705 Congruit,
3150 3636 3200 3691 ei
3261 3639 3425 3692 etiam

1852 3723 2079 3780 exuitari
2125 3724 2411 3780 conveniet
2458 3745 2473 3780 :
2520 3729 2669 3796 atqui
2721 3727 3029 3782 humanitas
3074 3728 3292 3783 humilis
3339 3746 3425 3785 res

1852 3825 1938 3870 est
1960 3835 1973 3871 :
1994 3816 2119 3871 huic
2142 3817 2305 3886 igitur
2330 3818 2588 3873 exultatio
2616 3818 2902 3873 tribuenda
2929 3827 3031 3874 est.
3064 3817 3249 3890 Neque
3281 3821 3425 3875 enim

1854 3918 2066 3960 sacram
2106 3904 2445 3976 Seripluram
2490 3908 2640 3978 prius
2688 3909 2796 3963 tale
2826 3909 3101 3978 quidpiam
3145 3914 3213 3966 de
3254 3910 3428 3967 Verbo

1854 3997 2056 4052 dixisse
2071 3997 2561 4068 comperies,quam
2577 4003 2906 4069 quatenus,'c
2928 4001 3068 4056 Caro
3090 4000 3293 4057 factum
3317 4013 3424 4066 est,

1850 4098 1907 4143 et
1936 4088 2202 4143 habitavit
2234 4090 2287 4143 in
2316 4090 2471 4145 nobis
2492 4090 2559 4144 ⁸⁸.
2591 4109 2609 4140 ι
2632 4090 2689 4145 Si
2725 4106 2852 4161 ergo
2883 4094 3177 4147 secundum
3211 4108 3426 4149 assum-

1855 4184 2093 4253 ptionem
2105 4182 2290 4238 carnis
2314 4182 2619 4238 bumiliatio
2642 4182 2786 4238 facta
2809 4199 2929 4239 esse
2954 4186 3175 4249 dicitur,
3204 4198 3427 4256 propter

1856 4278 1995 4334 hanc
2017 4288 2074 4333 et
2092 4278 2236 4333 circa
2270 4279 2413 4333 hanc
2440 4280 2606 4333 etiam
2635 4278 2893 4333 exaltatio
2916 4278 3057 4333 facta
3090 4280 3271 4334 fuerit.

2380 4410 2616 4478 ALIUD,
2655 4414 2710 4467 in
2743 4414 2901 4470 idem.

1925 4547 2122 4603 Paulus
2150 4544 2223 4603 ad
2244 4546 2502 4604 Hebraeos
2526 4547 2791 4613 scribens,
2816 4549 2891 4603 ita
2922 4548 3040 4604 ait:
3075 4567 3095 4600 ι
3120 4548 3431 4608 Praecursor

1856 4654 1953 4711 pro
1974 4641 2136 4697 nobis
2160 4640 2404 4696 introivit
2457 4637 2636 4707 Iesus,
2670 4653 2777 4694 non
2822 4639 2874 4694 in
2916 4639 3244 4711 exemplaria
3275 4650 3432 4698 vero-

188 4728 334 4794 νῶν,
374 4724 491 4780 ἀλλ’
522 4725 601 4788 εἰς
639 4723 802 4778 αὑτὸν
826 4723 917 4777 τὸν
943 4721 1202 4793 οὐρανὸν,
1233 4720 1328 4774 νῦν
1360 4718 1748 4805 ἐμφανισθῆναι

1862 4749 2005 4799 rum,
2030 4733 2125 4789 sed
2153 4733 2208 4788 in
2238 4733 2411 4805 ipsum
2448 4732 2669 4797 calum,
2703 4740 2763 4786 ut
2794 4734 3053 4803 appareat
3082 4747 3225 4790 nunc
3258 4734 3430 4792 vultui

192 4819 270 4891 τῷ
298 4816 576 4891 προσώπῳ
607 4814 703 4868 τοῦ
731 4811 867 4867 Θεοῦ
898 4812 1038 4884 ὑπὲρ
1068 4810 1246 4884 ἡμῶν.
1280 4828 1301 4861 ι
1328 4810 1539 4881 Ὥσπερ
1579 4804 1672 4861 οὖν
1699 4810 1748 4863 ὲν

1866 4820 1957 4877 Dei
1985 4793 2083 4892 pro
2115 4793 2271 4878 nobis
2299 4820 2367 4876 ".
2406 4830 2429 4875 ι·
2459 4793 2916 4889 Quemadmodum
2941 4822 3102 4893 igitur
3130 4836 3345 4896 semper
3376 4827 3430 4882 in

190 4913 303 4973 τοίς
334 4910 590 4982 οὐρανοῖς
616 4906 712 4961 καὶ
747 4908 807 4959 ὲν
833 4902 1112 4975 προσώπῳ
1134 4902 1231 4958 τοῦ
1258 4902 1472 4975 Πατρὸς
1497 4901 1758 4971 ὑπάρχων

191 5003 299 5068 ut,
320 4999 423 5056 νῦν
454 5000 596 5070 ὑπὲρ
624 4996 786 5069 ἡμῶν
813 4996 1119 5068 είσὲρχεται
1150 4994 1251 5066 μὲν
1282 4996 1361 5058 είς
1388 4993 1480 5047 τὸν
1504 4990 1757 5064 οὐρανὸν,

192 5090 552 5164 ἐμφανίζεται
580 5089 638 5143 δὲ
660 5088 739 5161 τῷ
767 5087 961 5161 Πατρί·
989 5088 1131 5142 οὕτω
1164 5087 1325 5141 πάλιν
1364 5086 1458 5140 καὶ
1484 5085 1579 5139 νῦν
1618 5084 1760 5157 ὑπὲρ

188 5176 352 5256 ἡμῶν
367 5170 599 5252 ὑςωῧταί
620 5180 717 5235 καὶ
731 5179 1034 5247 δοξάζεται,
1058 5180 1151 5233 ιια¹ί⁵
1164 5178 1431 5251 λαμϐάνει
1457 5197 1476 5230 ι
1504 5176 1567 5231 τὸ
1585 5176 1758 5248 ὃνομα

188 5272 255 5325 τὸ
280 5271 423 5342 ὑπὲρ
458 5272 567 5325 πᾶν
605 5271 795 5343 όνομα·
821 5290 842 5323 ι
877 5270 943 5324 ἵν’
971 5270 1245 5341 ῶσπεριὲν
1271 5268 1419 5341 αὐτῷ
1442 5270 1536 5324 καὶ
1558 5270 1641 5333 είς
1666 5268 1760 5324 τὸν

191 5362 424 5434 οὐρανὸν
469 5362 828 5433 εἰσερχόμεθα
874 5363 969 5416 καὶ
1004 5362 1413 5434 ὲμςρανιζόμεθα
1442 5362 1519 5434 τῷ
1560 5362 1758 5435 Πατρὶ,

190 5454 337 5511 οὕτω
362 5454 601 5524 πάλινρν
629 5455 779 5525 αὑτῷ
798 5454 1165 5527 δοξαζόμενα,
1197 5458 1292 5509 καὶ
1322 5454 1637 5527 ὑψούμενοι,
1664 5458 1759 5510 καὶ

191 5547 311 5602 uicit
340 5543 474 5601 Θεοῦ
501 5544 949 5619 χρημτίᾷομεν.
1577 5549 1600 5567 ⁴

1860 4916 2034 4982 οωιὶε,
2078 4927 2134 4973 et
2174 4932 2356 4973 coram
2399 4916 2538 4973 facie
2582 4908 2761 4973 Patris
2803 4920 3095 4987 exsistens',
3142 4936 3287 4977 nunc
3332 4936 3432 4991 pro

1860 5008 2016 5065 nobis
2051 5007 2367 5080 ingreditur,
2417 5018 2474 5064 et
2522 5012 2743 5080 apparet
2775 5024 2958 5064 coram
2997 5008 3160 5065 Patre
3198 5027 3214 5064 :
3244 5011 3318 5066 ita
3351 5011 3433 5064 vi-

1861 5100 2043 5156 dissim
2076 5115 2216 5156 nunc
2239 5099 2508 5155 exaltatur
2532 5115 2629 5170 pro
2654 5098 2809 5155 nobis
2830 5107 2884 5155 et
2904 5099 3257 5172 gloriﬁcatur,
3285 5099 3430 5155 accl-

1864 5192 2047 5262 pitque
2080 5202 2103 5245 (
2125 5198 2317 5247 nomen
2345 5191 2487 5261 quod
2516 5201 2599 5247 est
2619 5192 2959 5261 superom'ne
2989 5194 3181 5248 nomen
3205 5182 3289 5246 ’νε
3320 5208 3340 5243 ι
3373 5194 3429 5245 ιη

1860 5285 2312 5355 quemadmodum
2342 5285 2398 5339 in
2427 5286 2545 5355 ipso
2566 5287 2728 5340 etiam
2761 5286 2814 5341 in
2848 5285 3041 5340 malum
3079 5285 3427 5355 ingredimur,

1862 5385 1917 5431 et
1938 5391 2257 5445 apparemus
2279 5390 2457 5430 coram
2482 5374 2665 5439 Patre,-
2702 5376 2773 5430 ita
2804 5377 2966 5431 etiam
2998 5377 3050 5429 in
3081 5376 3195 5445 ipso
3223 5375 3426 5444 gloriﬁ-

1862 5469 1967 5524 cati
1995 5479 2049 5523 et
2076 5469 2315 5532 exnltnti,
2349 5469 2441 5522 lilii
2474 5470 2565 5524 Dei
2604 5485 2820 5538 quoque
2850 5484 3106 5525 vocemur
3128 5470 3171 5501 "

265 5730 323 5799 It
348 5729 489 5791 Ρωι,
517 5750 637 5797 ιιι,⁹
669 5736 725 5790 3,
798 5734 845 5768 ιι
879 5730 1019 5786 Psal.
1062 5744 1255 5799 LXXIII,
1282 5728 1373 5783 21.
1448 5728 1494 5760 ⁵³
1524 5726 1665 5799 Psal.
1698 5746 1748 5785 ω

1857 5728 1909 5799 2.
1986 5728 2032 5761 “
2071 5727 2211 5799 Psal.
2249 5744 2396 5796 ωτι,
2426 5729 2514 5782 l7.
2590 5731 2637 5762 "
2671 5730 2812 5785 Psal.
2840 5746 2953 5795 xix,
2987 5732 3041 5785 8.
3119 5732 3165 5763 "
3198 5730 3352 5787 Joan.
3382 5748 3423 5799 ι,

223 5802 279 5867 t,
304 5798 360 5861 ε,
400 5836 403 5839 -
438 5803 484 5836 ι’
514 5804 748 5876 Philipp.
770 5820 835 5869 η,
865 5802 916 5857 7.
995 5801 1040 5833 ι·
1078 5798 1232 5853 toan.
1268 5816 1306 5865 ι,
1340 5800 1425 5854 is.
1502 5800 1546 5831 ιο
1586 5798 1748 5855 Hebr.

1857 5798 1977 5857 .24.
2053 5800 2100 5830 “
2130 5797 2358 5869 Philipp.
2394 5814 2453 5869 Il,
2483 5803 2537 5853 9.
2614 5802 2655 5831 “
2700 5800 2719 5854 l
2752 5798 2906 5857 Joan.
2944 5819 3022 5865 Ill,
3054 5803 3107 5857 L

475 5897 745 5960 ΡΑτιοι.
778 5896 893 5959 Gs.
928 5890 1175 5957 LXXV.

3004 5893 3068 5958 11
