3882 6210
438 344 538 402 351

1115 445 1344 503 ALIUD.

511 568 825 629 Servatoris
865 563 1035 622 nostri
1072 562 1126 617 in
1161 561 1359 617 caelum
1408 554 1830 623 assumptionem
1876 547 2027 604 Psal-

442 665 601 729 mista
632 660 917 717 declarans
935 669 1031 725 per
1055 652 1340 723 Spiritum,
1378 648 1449 702 ita
1478 648 1553 701 ait
1581 663 1651 702 ενι
1679 641 1877 697 ιΓοΙΙίιο
1912 653 2029 709 μοι-ο

444 752 548 821 tas,
564 752 857 825 principes,
874 754 1107 809 vestras,
1128 750 1183 797 et
1201 738 1508 802 elevamini,
1534 732 2024 806 portte‘mternales,

442 858 498 904 et
523 822 771 902 introibit
795 856 893 896 rex
934 836 1121 909 gloria:
1146 835 1212 887 θ’.
1248 851 1267 884 ι
1311 830 1412 885 Hic
1442 831 1588 884 enim
1624 826 1826 882 sanctis
1858 822 2026 878 coelo-

445 952 566 994 rum
617 933 909 989 virtutibus
963 927 1199 999 Spiritus
1261 924 1531 991 imperat,
1585 928 1645 973 ut
1703 913 2027 986 ingredienti

443 1029 659 1085 Christo
692 1033 877 1095 portas
911 1020 1177 1092 aperiant.
1224 1014 1387 1084 Atqui
1414 1022 1533 1067 erat
1561 1011 1723 1066 etiam
1768 1018 1893 1062 ante
1938 1020 2027 1061 as-

445 1118 813 1188 sumptionem
874 1114 1019 1169 intra
1073 1121 1282 1183 portas,
1338 1115 1393 1163 et
1436 1105 1491 1160 in
1524 1103 1729 1167 uelis,
1776 1110 1834 1155 ut
1863 1099 2027 1154 Deus.

452 1214 615 1284 196
646 1210 785 1278 Qnid
816 1208 1140 1279 igitur‘opus
1172 1203 1271 1257 fuit
1300 1197 1567 1270 ejusmodi
1614 1194 1868 1284 mandato
1906 1190 2029 1262 Spi-

450 1280 629 1360 r—ittts'?
656 1303 765 1358 Aut
786 1298 1056 1371 quomodo
1087 1295 1179 1367 qui
1219 1295 1363 1349 intus
1398 1299 1512 1354 est,
1548 1284 1770 1342 introire
1794 1280 2032 1337 dicitur?

450 1391 918 1462 Quemadmodum
973 1388 1141 1459 igitur
1182 1399 1285 1439 non
1320 1390 1586 1452 quatenus
1612 1385 1695 1431 est
1726 1375 1897 1438 Deus,
1935 1372 2030 1427 sed

448 1494 717 1554 quatenus
752 1482 935 1544 homo,
988 1485 1210 1547 propter
1251 1488 1349 1528 nos
1396 1480 1453 1526 et
1500 1483 1599 1538 pro
1628 1467 1800 1522 nobis
1840 1474 2033 1533 portas

448 1573 709 1630 caelorum
743 1569 1064 1641 ingreditur,
1098 1580 1195 1621 nos
1232 1564 1284 1618 in
1313 1577 1407 1617 eas
1441 1575 1536 1630 per
1564 1575 1622 1614 se
1660 1556 2030 1619 iutroducens,

448 1678 678 1734 eamque
720 1671 941 1734 propter
987 1674 1085 1715 nos
1130 1659 1271 1712 viam
1319 1652 1645 1709 instauravit
1694 1671 1706 1705 :
1745 1650 1816 1704 ita
1866 1648 2031 1703 etiam

1427 327 1485 382 S.
1526 320 1804 380 CYRILLI
1845 314 2314 374 ALEXANDRINI
2351 313 2674 371 ARCHIEP.

3589 304 3706 359 53$

2785 430 3006 483 ΛΑΜ).

2188 544 2304 599 ίΤοῦ
2342 544 2591 615 Σωτῆρος
2637 541 2795 614 ἡμῶν
2825 540 2923 611 τὴν
2962 541 3042 604 εἰς
3079 538 3347 610 οὐρανοὺς
3373 536 3641 608 ἀνάληψιν
3674 537 3707 589 ὁ

2127 637 2432 709 Ψαλμῳδὸς
2477 636 2840 707 ἐξηγούμενος
2883 632 2971 687 διὰ
3012 630 3109 685 τοῦ
3155 630 3472 700 Πνεύματος
3518 630 3705 699 λέγει·

2135 754 2153 785 ι
2181 735 2385 804 Ἀρατε
2418 732 2614 796 πύλας,
2649 733 2696 783 oi
2728 731 3019 801 ἄρχοντες,
3052 725 3239 797 ὑμῶν,
3261 725 3358 779 καὶ
3396 721 3705 792 ὲπάρθητε,

2130 827 2296 880 πύλαι
2314 825 2519 879 αἱώνιοι
2529 866 2542 888 ,
2558 824 2650 877 καὶ
2673 822 3079 876 εἰσελεύσεταιὸ
3097 816 3359 879 Βασιλεὺς
3372 814 3473 884 τῆς
3486 812 3663 881 δόξης.
3682 832 3703 863 ›

2142 918 2408 973 Ἐνταῦθα
2436 917 2545 987 γὰρ
2573 918 2692 978 ταῖς
2718 917 2775 967 ἐν
2804 915 2916 975 τοῖς
2938 912 3185 982 οὐρανοῖς
3210 906 3392 975 ἁγίαις
3411 903 3711 972 δυνάμεσιν

2129 1010 2407 1064 ἐπιτάττει
2430 1008 2492 1060 τὸ
2506 1007 2728 1077 Πνεῦμα
2756 1005 2853 1067 τὰς
2870 1003 3042 1066 πύλας
3071 1000 3309 1068 ἀνοίγειν
3337 995 3710 1067 είσερχομὲνῳ

2130 1103 2371 1176 Χριστῷ.
2389 1102 2528 1156 Ἀλλ’
2544 1097 2611 1173 ἦν
2634 1100 2728 1154 καὶ
2755 1099 2862 1171 πρὸ
2880 1098 2978 1168 τῆς
3006 1094 3327 1164 ἀναλήψεως
3354 1092 3487 1144 εἵσω
3506 1107 3567 1142 τε
3597 1088 3712 1141 τῶν

2131 1198 2313 1252 πυλῶν
2340 1197 2435 1251 καὶ
2455 1197 2512 1248 ὲν
2545 1196 2657 1257 τοῖς
2685 1192 2935 1264 οὐρανοῖς
2962 1190 3037 1253 ὡς
3061 1187 3213 1250 Θεός.
3244 1185 3309 1239 Τί
3335 1179 3427 1238 οὖν
3459 1184 3567 1236 ἔδει
3594 1182 3711 1234 τῶν

2129 1290 2385 1344 τοιούτων
2414 1285 2508 1341 τοῦ
2558 1284 2877 1355 Πνεύματος
2924 1279 3393 1353 προσταγμάτων;
3424 1277 3494 1329 Ἦ
3524 1275 3642 1338 πῶς
3674 1276 3712 1326 ὁ

2133 1382 2278 1435 ἔνδον
2307 1379 2381 1434 ὣν
2429 1376 2773 1448 είσέρχεσθαι
2816 1376 3063 1443 λέγεται;
3101 1373 3309 1440 Ὠσπερ
3342 1364 3434 1422 οὖν
3471 1368 3531 1420 οὐ
3572 1366 3713 1420 καθὸ

2132 1474 2263 1537 Θεός
2294 1474 2460 1537 ἐστιν,
2498 1469 2634 1524 ἀλλὰ
2667 1467 2804 1522 καθὸ
2832 1467 3135 1537 ἄνθρωπος,
3172 1462 3238 1516 δι’
3271 1463 3418 1532 ἡμᾶς
3447 1460 3544 1514 καὶ
3568 1460 3714 1528 ὑπὲρ

2132 1563 2289 1634 ἡμῶν
2326 1562 2424 1623 τὰς
2462 1560 2572 1613 τῶν
2601 1556 2845 1629 οὐρανῶν
2878 1554 3186 1624 εἰσέρχεται
3217 1548 3389 1612 πύλας
3411 1590 3427 1614 ,
3466 1547 3616 1616 ἡμᾶς
3653 1546 3712 1595 ἐν

2134 1657 2326 1719 αὐταῖς
2372 1652 2610 1720 εἰσάγων
2660 1648 2729 1701 δι’
2775 1645 2989 1710 ἑαυτοῦ,
3050 1643 3143 1696 καὶ
3182 1640 3397 1709 ταύτην
3449 1638 3513 1691 δι’
3563 1638 3714 1706 ἡμᾶς

450 1773 570 1812 cum
602 1756 677 1810 sit
709 1755 1027 1817 altissimus,
1062 1751 1333 1806 exaltatur
1356 1755 1578 1817 propter
1607 1758 1727 1807 nos,
1760 1750 1818 1795 ut
1848 1741 2031 1803 homo,

2151 1745 2440 1801 ὲνεκαίνισε
2478 1743 2577 1814 τὴν
2612 1740 2764 1794 όδόν’
2798 1738 2940 1791 οὕτω
2987 1734 3081 1789 καὶ
3136 1731 3361 1801 ὕψιστος
3403 1728 3713 1797 τυγχάνων,

2403 1829 2873 1839 η,μ,-,
3118 1819 3712 1839 __,_HAA_WM

453 1859 512 1904 ut
559 1863 657 1903 nos
702 1846 1003 1903 exaltemur
1055 1844 1109 1898 in
1157 1842 1273 1912 ipso
1329 1847 1574 1911 gestante
1621 1833 2034 1890 similitudinem

2151 1839 2369 1910 ὂψοῦται
2397 1837 2465 1890 δι’
2490 1835 2659 1906 ἡμᾶς,
2678 1833 2754 1897 ὡς
2780 1829 3089 1902 ἄνθρωπος,
3118 1826 3186 1879 ἶν’
3217 1826 3380 1894 ἡμεῖς
3406 1819 3717 1891 ὑψωθῶμεν

452 1942 653 2008 nostri,
689 1949 855 2009 utque
908 1939 981 1993 ita
1043 1935 1363 1992 relormaret
1421 1945 1521 1985 nos
1568 1929 1622 1984 in
1671 1927 1911 1997 seipsum
1967 1923 2034 1978 ad

452 2034 743 2106 imaginem
760 2030 1059 2100 Creatoris,
1080 2030 1387 2084 instaurans
1403 2031 1676 2089 naturam,
1696 2020 2038 2091 pristinoque

452 2128 615 2182 statui
647 2125 964 2182 restituens.

454 2328 834 2384 Annotationes
869 2333 1068 2395 aaquot
1115 2324 1180 2395 d_e
1224 2321 1602 2395 incarnatione
1648 2312 2038 2395 eodemnperti-

526 2382 723 2454 nantes.
767 2396 834 2450 In
876 2382 1032 2461 illu'd,
1067 2412 1086 2445 ‹
1120 2393 1275 2446 Dedit
1315 2392 1418 2457 illi,
1455 2409 1476 2443 ι
1513 2399 1643 2461 etc..
1685 2396 1733 2440 et
1766 2403 1808 2461 Δι
1837 2382 2039 2461 Super-

521 2453 769 2524 einltavit
793 2468 986 2529 ipsum,
1018 2453 1041 2517 ι
1077 2463 1284 2532 aliaque
1313 2453 1572 2531 ejusmodi
1598 2474 1713 2529 qua:
1742 2456 1810 2510 de'
1824 2453 2038 2508 Christo

526 2542 773 2594 dicuntur
804 2538 870 2591 ⁸⁸.

540 2652 777 2707 Verbum
807 2649 898 2705 Dei
916 2647 1233 2719 semperfest
1256 2643 1579 2700 altissimum
1606 2650 1666 2697 ut
1699 2639 1861 2707 Deus;
1888 2637 2041 2694 exal—

457 2754 603 2799 tatur
640 2753 817 2797 autem
849 2749 910 2795 ut
939 2740 1100 2795 homo
1134 2756 1148 2793 :
1185 2750 1417 2806 cumque
1450 2734 1521 2790 sit
1568 2730 1767 2786 nullius
1803 2728 2039 2798 indigus,

457 2849 518 2891 ut
561 2836 723 2902 Deus,
779 2833 980 2889 dicitur
1029 2829 1301 2899 accipere,
1351 2836 1415 2881 ut
1465 2828 1662 2891 homo;
1715 2821 2041 2877 adorabatur

456 2941 693 2997 semper,
727 2935 785 2979 ut
829 2924 970 2979 Deus
1022 2942 1035 2977 :
1084 2934 1229 2975 nunc
1279 2918 1651 2974 adorationem
1700 2913 1943 2983 suscipit,
1981 2919 2041 2964 ut

461 3023 642 3075 homo.
687 3017 744 3072 Si
785 3026 845 3070 ut
887 3016 1048 3069 homo
1081 3020 1328 3067 mortuus
1365 3017 1471 3074 est,
1531 3006 1635 3060 hoc
1686 3015 1865 3059 tamen
1907 2999 2040 3056 nihil

457 3112 707 3182 dignitati
754 3109 849 3164 Dei
883 3107 1047 3162 Verbi
1100 3104 1377 3169 detrahit;
1422 3102 1495 3156 ita
1544 3099 1709 3192 etiam
1765 3095 1910 3151 nulla
1956 3105 2039 3149 est
2066 3131 2112 3192 Ο

457 3201 808 3267 contumelia,
842 3202 887 3255 si
921 3198 1135 3253 dicatur
1163 3194 1439 3265 accepisse
1481 3191 1682 3261 aliquid
1726 3209 1738 3245 :
1779 3188 2039 3259 quemad-

458 3294 677 3348 modum
727 3292 870 3347 enim
917 3289 1049 3344 illud
1100 3285 1422 3343 humanitati
1476 3283 1694 3345 accidit,
1752 3280 1824 3334 ita
1876 3280 2039 3334 etiam

458 3388 594 3440 haec.
635 3383 691 3439 Si
727 3397 849 3437 cum
879 3379 1198 3435 immortalis
1224 3377 1318 3443 sit,
1352 3385 1415 3430 ut
1446 3374 1609 3437 Deus,
1652 3378 1897 3425 mortuus
1919 3381 2040 3422 esse

464 3477 662 3532 dicitur
691 3484 748 3529 ut
779 3475 971 3539 homo,
1002 3472 1296 3527 altissimus
1321 3484 1444 3525 cum
1471 3468 1573 3531 sit,
1601 3474 1661 3521 ut
1687 3463 1829 3517 Deus
1850 3501 1866 3528 ,
1892 3458 2039 3515 exal-

470 3579 616 3627 tatus
640 3568 860 3634 dicitur,
891 3575 949 3621 ut
979 3568 1156 3629 homo.

578 3681 855 3749 Quomodo
880 3680 1040 3735 Jews
1072 3679 1315 3735 Christus
1340 3676 1406 3729 sit
1440 3676 1495 3728 in
1525 3668 1932 3743 gloriaPatris.
1969 3710 1982 3720 .

535 3790 670 3866 Quia
700 3812 797 3866 per
824 3793 1182 3851 humanitatis
1225 3789 1650 3860 assumptionem
1682 3785 1824 3854 quod
1862 3779 2043 3854 perdi-

466 3900 580 3946 tum
611 3898 728 3943 erat
773 3895 1148 3955 recuperatum
1178 3892 1293 3950 est,
1324 3883 1467 3953 quod
1507 3878 1799 3935 contritum
1836 3875 2043 3929 instau-

467 3990 645 4037 ratum
672 3989 776 4044 est,
801 3977 949 4049 quod
990 3977 1210 4032 errabat
1250 3986 1572 4029 conversum
1603 3984 1667 4025 ac
1706 3968 1985 4023 reductum
2024 3983 2039 4018 :

466 4086 587 4143 quae
606 4071 790 4128 omnia
823 4076 1071 4140 spectant
1097 4070 1174 4122 adv
1191 4065 1416 4137 gloriam
1456 4062 1551 4118 Dei
1578 4075 1642 4117 ac
1663 4059 1862 4115 Patris.

1136 4178 1367 4234 ALIUD.

541 4296 622 4365 Si,
648 4298 791 4353 Deus
816 4310 938 4351 cum
969 4305 1138 4358 esset,
1164 4294 1325 4348 homo
1349 4291 1524 4346 lactus
1550 4301 1655 4355 est,
1678 4298 1839 4359 atque
1868 4289 1969 4344 hoc
1988 4302 2045 4343 re

468 4391 587 4463 ipsa
621 4390 807 4446 subire
834 4387 1023 4452 voluit,
1046 4402 1210 4441 nemo
1246 4385 1550 4440 otl’endatur
1583 4383 1627 4437 si
1657 4398 1775 4452 qua:
1797 4380 2045 4436 humani-

2136 1934 2195 1985 ὲν
2245 1930 2396 2001 αὐτῷ
2444 1926 2697 2000 φοροῦντι
2753 1924 2852 1995 τὴν
2902 1921 3038 1993 πρὸς
3082 1920 3230 1990 ἡμᾶς
3260 1916 3551 1986 -όμοίωσιν,
3618 1913 3717 1964 καὶ

2135 2021 2307 2084 οῦτως
2337 2014 2711 2089 άναμορφώσῃ
2757 2013 2894 2085 πρὸς
2942 2009 3248 2071 ἑαυτὸνεείς
3278 2007 3340 2059 τὸ
3379 2005 3497 2058 κατ’
3528 2003 3717 2057 εἰκόνα

2136 2114 2232 2170 τοῦ
2274 2113 2595 2175 κτίσαντος,
2633 2105 2999 2171 ἀνακαινίξων
3023 2104 3122 2175 τὴν
3155 2101 3315 2172 φύσιν
3344 2098 3534 2169 ὥσπερ
3554 2092 3622 2167 ἧν
3655 2096 3717 2160 ἐξ

2138 2210 2335 2281 ἀρχῆς.

2138 2324 2185 2376 Σ
2186 2318 2539 2392 χόλια,ᾼπερί
2567 2313 2928 2392 σέιρκῴσεως
2955 2311 3057 2392 an;
3077 2308 3264 2388 αὐτὸν
3290 2306 3519 2392 ἔχοντα
3532 2301 3714 2392 ζοῦν.

2209 2374 2312 2456 Ὲίς
2339 2374 2405 2443 τὸ
2433 2428 2448 2453 ,
2477 2374 2523 2439 ἰ
2576 2388 2629 2437 Ἐ
2637 2374 2939 2456 ᾆαρίσατὸ-
2975 2380 3213 2456 apum.
3267 2374 3387 2456 καὶ,
3441 2392 3459 2424 ι
3497 2374 3718 2456 Σγπερ-

2208 2443 2457 2530 rigabas}
2512 2443 2731 2530 αὺζῶθζ
2777 2473 2795 2506 ι
2848 2452 2945 2506 καὶ
3007 2443 3123 2505 ὅσα
3170 2443 3428 2503 ’τοιαῦτα
3478 2443 3718 2513 λέγεται

2211 2527 2343 2599 περὶ
2374 2527 2655 2600 Χριστοῦ.

2211 2646 2474 2716 ’Ὑψιστος
2501 2645 2530 2696 ό
2558 2641 2651 2695 τοῦ
2679 2639 2814 2694 Θεοῦ
2844 2639 3016 2707 Λόγος
3041 2636 3149 2699 ἀεὶ,
3185 2633 3321 2689 καθὸ
3349 2632 3511 2695 Θεόςο
3552 2628 3719 2698 ὐψοῦ·

2140 2759 2230 2796 ται
2260 2741 2317 2794 δὲ
2361 2739 2435 2802 ὡς
2462 2738 2745 2808 ἄνθρωπος
2764 2750 2777 2763 ·
2809 2732 3064 2803 ἀνενδεὴς
3095 2728 3274 2792 om;
3301 2726 3451 2791 Θεὸς,
3501 2723 3712 2794 λαμϐά-

2140 2849 2251 2885 νειν
2287 2829 2362 2893 ὡς
2397 2827 2680 2899 ἄνθρωπος
2701 2824 2949 2892 λέγεται·
2982 2821 3372 2893 προσεκυνεῖτο
3400 2816 3551 2888 παρὰ
3581 2816 3719 2867 πάν-

2140 2939 2248 2976 των
2297 2921 2374 2982 ὡς
2415 2918 2547 2981 Θεὸς
2569 2957 2582 2981 ,
2616 2906 2835 2988 δέχεται
2858 2913 3077 2984 νῦνντὴν
3108 2910 3479 2983 προσκύνησιν
3524 2907 3601 2970 ὡς
3627 2907 3721 2960 ἄν·

2142 3016 2379 3088 θρωπος.
2412 3010 2473 3064 Εί
2507 3010 2585 3074 ὡς
2606 3009 2891 3081 ἄνθρωπος
2914 3006 3176 3073 ἀπέθανε,
3210 3004 3304 3058 καὶ
3325 3003 3493 3073 ψόγον
3528 3001 3721 3054 οὐδένα

2141 3107 2219 3179 τῷ
2264 3104 2384 3176 Θεῷ
2414 3103 2571 3173 Λόγῳ
2602 3101 2761 3155 τοῦτο
2805 3098 3215 3171 προστρίϐεται,
3270 3096 3420 3150 οὐδὲν
3466 3094 3718 3164 ἀδικήσει

2143 3200 2237 3254 καὶ
2262 3197 2323 3251 τὸ
2355 3195 2612 3264 λέγεσθαι
2635 3192 2850 3245 λαϐεῖν·
2887 3190 3078 3261 ὥσπερ
3107 3188 3217 3259 γὰρ
3248 3188 3426 3240 ὲκεῖνο
3456 3184 3585 3255 περὶ
3619 3185 3719 3250 τὴν

2142 3289 2539 3362 ἀνθριυπότητα
2601 3285 2843 3354 γέγονεν,
2890 3281 3033 3337 οὕτω
3061 3281 3156 3335 καὶ
3194 3277 3365 3332 ταῦτα
3395 3277 3616 3347 ὁμοίως.
3654 3276 3718 3327 Ei

2140 3382 2409 3444 ἀθάνατος
2451 3378 2527 3433 ὣν
2575 3375 2729 3442 Θεὸς,
2762 3375 2977 3444 λέγεται
3018 3371 3270 3426 τεθνάναι
3299 3370 3376 3432 ὼς
3407 3366 3715 3437 ἄνθρωπος.

2144 3473 2405 3543 ’Υψιστος
2453 3468 2529 3524 ὢν
2581 3468 2656 3533 ὡς
2705 3466 2857 3531 Θεὸς,
2900 3461 3163 3533 ὐψοῦσθαι
3209 3458 3448 3529 λέγεται,
3498 3456 3576 3519 ὡς
3626 3454 3718 3508 ἄν·

2143 3565 2171 3621 θ
2178 3582 2378 3637 ρωπος.

2180 3680 2314 3747 Πῶς
2347 3676 2590 3746 Ἰησοῦς
2618 3673 2873 3744 Χριστὸς
2904 3672 2991 3737 εἰς
3022 3669 3211 3734 δόξαν
3246 3666 3395 3722 Θεοῦ
3428 3663 3681 3732 Πατρός.

2216 3796 2336 3847 Ὅτι
2378 3791 2468 3845 διὰ
2518 3790 2619 3860 τῆς
2663 3786 3125 3857 ὲνανθρωπήσεως
3162 3782 3236 3835 ·τὸ
3295 3778 3571 3842 ἀπολωλὸς
3618 3780 3714 3831 ἀν-

2143 3888 2320 3958 εσώθη
2343 3903 2356 3916 ·
2387 3884 2449 3937 τὸ
2480 3879 2936 3952 συντετριμμένον
2958 3874 3382 3945 κατεδεσμεύθη,
3413 3873 3475 3924 τὸ
3502 3871 3716 3924 πλανώ-

2146 3995 2306 4051 μενον
2356 3975 2705 4047 ὲπεστράφηο
2748 3971 3013 4026 συντείνει
3048 3969 3103 4021 δὲ
3128 3967 3298 4022 ταῦτα
3331 3967 3410 4028 είς
3436 3963 3594 4028 δόξαν
3621 3962 3712 4016 τοῦ

2142 4071 2277 4125 Θεοῦ
2314 4071 2405 4123 καὶ
2429 4065 2660 4137 Πατρός.

2818 4178 3023 4231 ΔΑΛΛΟ.

2212 4298 2274 4352 Εἰ
2305 4296 2437 4360 Θεὸς
2459 4294 2536 4348 ὢν
2563 4294 2783 4363 γέγονεν
2805 4292 3110 4362 ἄνθρωπος,
3137 4289 3231 4343 καὶ
3254 4288 3399 4360 ἔργῳ
3427 4288 3585 4341 τοῦτο
3614 4307 3711 4340 πα-

2144 4389 2258 4442 θεῖν
2290 4387 2553 4457 ύπὲμεινε
2576 4427 2592 4452 ,
2612 4382 3061 4447 νσκανδαλιζέσθω
3093 4381 3281 4453 μηδεὶς
3301 4421 3317 4445 ,
3348 4383 3395 4433 εί
3440 4381 3508 4433 τά
3530 4382 3596 4450 τῇ
3628 4383 3693 4432 ἀν

468 4485 569 4541 tati
614 4492 669 4539 et
705 4481 887 4539 servili
938 4477 1237 4536 conditioni
1278 4478 1623 4544 conveniunt,
1673 4476 1836 4532 etiam
1890 4475 2036 4529 inse

2151 4480 2461 4554 θρωπότητι
2502 4477 2782 4548 πρέποντα
2833 4475 2928 4530 καὶ
2967 4473 3044 4544 τῷ
3084 4473 3321 4544 σχήματι
3360 4469 3436 4542 τῷ
3464 4470 3715 4539 alite-uxr?-

467 4577 738 4649 gestavit;
780 4591 925 4641 nam,
958 4585 1019 4628 ut
1054 4574 1239 4636 homo,
1269 4582 1323 4625 et
1349 4569 1596 4640 accipere
1623 4576 1678 4624 et
1707 4568 1933 4622 exaltari
1959 4566 2041 4621 di-

467 4672 628 4723 citur.
662 4668 763 4735 Qui
811 4681 939 4721 vero
981 4664 1372 4721 humanitatem
1423 4663 1592 4729 ipsam
1654 4659 1838 4723 subiit,
1895 4667 2042 4713 certe

470 4759 793 4829 reprehendi
821 4774 927 4814 non
958 4758 1154 4825 possit,
1191 4756 1236 4811 si
1277 4755 1440 4810 etiam
1472 4767 1535 4809 ea
1568 4768 1689 4821 quae
1716 4751 2038 4806 humanitati

467 4851 685 4921 propria
724 4858 851 4905 sunt
883 4851 1067 4904 subire
1097 4863 1201 4903 non
1240 4854 1451 4901 recuset
1486 4863 1501 4900 :
1547 4844 1821 4915 proprium
1862 4852 2038 4897 autem

471 4946 718 5000 humanae
758 4950 965 4998 naturae
1003 4951 1085 4996 est
1122 4956 1151 4995 a
1179 4940 1291 4995 Deo
1317 4940 1581 5008 accipere,
1610 4937 1762 5008 juxta
1802 4934 1928 4989 illud
1960 4934 2041 4987 di-

469 5048 615 5093 ctum
648 5054 663 5093 :
707 5054 727 5089 ι
755 5034 896 5104 Quid
935 5036 1077 5089 enim
1114 5034 1279 5088 habes
1305 5032 1447 5102 quod
1480 5045 1585 5084 non
1624 5029 1876 5099 accepisti
1913 5026 2038 5095 ιιι)

473 5130 693 5201 accepit
729 5129 895 5199 igitur
925 5136 985 5181 ut
1022 5127 1182 5181 homo
1228 5140 1323 5194 per
1356 5123 1607 5192 gratiam,
1644 5138 1761 5192 qua:
1805 5130 1862 5177 ut
1905 5120 2043 5174 Deus

471 5223 661 5280 habuit
681 5220 1022 5279 naturaliter.

1148 5330 1374 5387 ALIUD.

544 5449 600 5505 Si
630 5446 791 5504 Pater
820 5449 999 5503 omnia
1025 5457 1282 5515 operatur
1299 5459 1395 5515 per
1428 5442 1622 5498 Filium
1639 5441 1730 5508 ⁸⁸⁸,
1760 5448 1815 5496 et
1841 5439 2042 5508 absque

476 5549 592 5619 ipso
623 5546 821 5599 factum
868 5554 951 5599 est
989 5542 1123 5597 nihil
1167 5541 1238 5605 ⁸⁸,
1275 5538 1581 5593 necessario
1628 5533 1912 5591 dicendum
1958 5540 2042 5588 est

477 5643 650 5711 ipsum
674 5639 775 5695 sibi
807 5636 909 5707 ipsi
933 5635 1317 5691 exaltationem
1352 5631 1586 5695 dedisse,
1621 5629 1961 5700 gratiamque
2011 5641 2041 5680 a

2149 4575 2373 4645 φέρεται
2407 4573 2501 4625 καὶ
2531 4571 2617 4623 ἐπ’
2645 4568 2807 4623 αὐτοῦ
2830 4587 2842 4597 ·
2879 4568 2953 4631 ὼς
2987 4566 3097 4637 γάρ
3128 4565 3413 4636 ἄνθρωπος
3456 4564 3552 4617 καὶ
3580 4563 3710 4632 λαμ.

2149 4665 2334 4719 δάνειν
2363 4662 2457 4717 καὶ
2481 4660 2748 4731 ὐψοῦσθαι
2774 4660 3011 4728 λέγεται.
3029 4659 3085 4711 ’0
3114 4658 3169 4710 δὲ
3195 4657 3295 4727 τὴν
3328 4655 3715 4726 άνθρωπότητα

2149 4757 2319 4826 αὐτὴν
2353 4754 2651 4824 ὑπομείνας
2676 4791 2691 4817 ,
2722 4752 2821 4805 οὐκ
2864 4752 2931 4804 ἂν
2971 4750 3209 4818 εὐλόγως
3234 4748 3474 4817 ψέγοιτο,
3521 4748 3616 4801 καὶ
3654 4748 3716 4799 τὰ

2149 4843 2248 4914 τῆς
2273 4843 2691 4913 ἁνθρωπότητος
2729 4840 2837 4894 ἴδια
2884 4840 3112 4912 φορέσαι
3158 4838 3233 4910 μὴ
3262 4838 3668 4909 παραιτούμενο
3684 4860 3716 4901 ;.

2155 4937 2313 4991 Ἵδιον
2339 4935 2397 4989 δὲ
2423 4932 2711 5006 ἀνθρώπου
2744 4932 2962 5003 φύσεως
2982 4933 3044 4985 τὸ
3066 4931 3364 5002 λαμϐάνειν
3390 4929 3540 5001 παρὰ
3562 4930 3718 4992 Θεοῦ,

2146 5026 2289 5082 κατὰ
2322 5027 2382 5080 τὸ
2411 5025 2572 5097 ῥητὸν
2600 5025 2661 5078 τὸ
2690 5023 2863 5091 λέγον⁶
2898 5042 2918 5074 ι
2956 5022 3021 5075 Τί
3062 5021 3169 5092 γὰρ
3210 5021 3356 5093 ἔχεις
3397 5020 3426 5073 ὃ
3456 5020 3558 5074 οὐκ
3602 5020 3705 5073 ελα-

2146 5122 2272 5186 6ες;
2310 5140 2329 5173 ι
2367 5118 2604 5189 Εῖληςρεν
2644 5118 2752 5188 ἄρα
2778 5118 2854 5181 ὼς
2878 5115 3163 5185 ἄνθρωπος
3188 5113 3331 5169 κατὰ
3352 5115 3515 5185 χάριν
3534 5155 3551 5181 ,
3580 5113 3681 5168 ﬁxa
3692 5131 3719 5181 ρ

2146 5210 2292 5284 εἶχεν
2315 5214 2390 5277 ὡς
2416 5211 2548 5274 Θεὸς
2573 5209 2840 5279 φυσικῶς.

2826 5323 3032 5377 AAAO.

2216 5440 2281 5492 Εἰ
2327 5440 2504 5493 πάντα
2551 5436 2616 5489 δι’
2648 5434 2778 5487 Υίοῦ
2819 5435 2847 5487 ό
2887 5432 3076 5503 Πατὴρ
3106 5431 3400 5503 ἐργάζεται
3424 5473 3440 5500 ,
3469 5432 3635 5504 χωρίς
3660 5450 3717 5486 τε

2149 5530 2315 5585 αὐτοῦ
2347 5530 2573 5599 γέγονεν
2597 5526 2770 5589 οὐδὲν,
2797 5526 3093 5593 ἀναγκαῖον
3127 5526 3319 5592 εἰπεῖν,
3349 5526 3539 5597 ὅτιπερ
3561 5524 3718 5587 αὐτὸς

2148 5620 2217 5695 ἦν
2264 5622 2442 5692 ἑαυτῷ
2489 5620 2580 5675 καὶ
2620 5619 2681 5672 τὸ
2726 5616 2991 5687 ὐψοῦσθαι
3038 5615 3234 5685 διδοὺς,
3290 5616 3385 5671 καὶ
3426 5616 3525 5688 τὴν
3574 5615 3723 5688 παρὰ

548 5798 591 5829 ⁶¹
618 5793 762 5851 Psal.
789 5808 945 5856 ut",
974 5792 1022 5843 7.
1102 5789 1147 5822 ⁸⁸
1172 5786 1403 5859 Philipp.
1441 5800 1499 5852 tt,
1531 5784 1584 5839 9.
1661 5783 1717 5854 “4
1745 5781 1763 5836 l
1802 5781 1929 5839 Cor.
1972 5796 2036 5849 tv,

2198 5778 2264 5813 ’θ’
2306 5778 2465 5836 Joan.
2502 5793 2554 5841 v,
2590 5777 2675 5832 l7.
2756 5775 2801 5808 ⁸⁸
2837 5773 2996 5831 Joan.
3027 5789 3067 5840 ι,
3107 5775 3162 5830 ’5.
