3882 6210
249 386 363 445 333

1625 395 2072 453 THESAURUS.

3402 418 3507 473 554

252 509 471 581 Ηατρδς
498 510 659 583 χάριν
685 510 1119 585 διακονούμενος.
1166 516 1410 587 Ἐδέχετο
1444 520 1543 589 μὲν
1578 519 1683 592 γὰρ
1715 521 1808 572 θεο

1931 519 2094 574 Patre
2121 520 2517 591 suppeditasse.
2546 520 2802 591 Suscepit
2834 498 2980 578 enim
3022 525 3272 585 deiﬁcato
3310 534 3507 600 templo

254 602 582 674 ποιουμένου
622 602 719 657 τοῦ
770 606 1173 677 ἀναληφθέντος
1215 610 1364 675 ναοῦ,
1418 613 1509 664 καὶ
1555 606 1621 681 ἦν
1668 611 1827 681 φύσει

250 691 387 757 Θεδς
427 696 603 763 Λόγος
633 695 709 754 ὢν
750 698 846 751 τοῦ
892 701 1135 772 Πατρός·
1187 703 1386 772 ὑψοῦτο
1415 704 1471 757 δὲ
1501 706 1660 759 πάλιν
1693 706 1827 758 καθὸ

250 786 349 839 καὶ
374 785 663 858 ἄνθρωπος
687 790 949 858 γεγονὼς,
978 793 1073 846 καὶ
1105 795 1162 847 έν
1190 798 1257 866 τῇ
1296 796 1389 848 τοῦ
1418 796 1604 849 δούλου
1642 801 1823 868 μορφῇ

249 878 580 948 φαινόμενος
633 886 1048 953 προσεκυνεῖτο,
1095 888 1190 941 καὶ
1242 888 1409 942 πάλαι
1466 890 1625 943 τοῦτο
1685 890 1826 960 ἔχων

248 969 392 1037 μετὰ
416 971 648 1044 Πατρός.
684 976 880 1029 Ἔσται
916 979 1095 1031 τοίνυν
1137 982 1266 1050 περὶ
1302 981 1403 1051 τὴν
1430 980 1823 1053 ἁνθρωπότητα

244 1062 280 1131 ἠ
308 1060 472 1130 χάρις
511 1064 607 1116 καὶ
641 1067 674 1135 ἡ
707 1066 935 1136 ὕψωσις,
970 1071 1050 1133 είς
1093 1071 1285 1125 ἑαυτὸν
1314 1074 1688 1143 οἰκειουμένου
1724 1072 1819 1125 τοῦ

244 1150 384 1203 Θεοῦ
428 1154 607 1221 Λόγου
650 1154 719 1209 τὰ
752 1159 882 1230 περὶ
923 1161 1017 1213 τὸν
1049 1160 1179 1215 ἴδιον
1222 1162 1387 1215 αὐτοῦ
1434 1164 1558 1217 ναὸν
1588 1163 1823 1233 συμϐαί-

246 1244 524 1297 νοντα.οὑ
556 1245 665 1317 γάρ
691 1248 880 1319 ἐτέρου
908 1251 1073 1316 τινὸς,
1108 1252 1226 1307 ἀλλ’
1252 1254 1420 1309 αὐτοῦ
1445 1254 1505 1308 τὸ
1534 1254 1710 1324 σῶμα,
1740 1254 1821 1308 διὸ

242 1333 342 1386 καὶ
374 1334 453 1398 ὡς
486 1336 649 1400 αὐτὸς
682 1338 1010 1409 λελόγισται.
1046 1341 1141 1409 Εἷς
1167 1345 1275 1417 γὰρ
1310 1348 1338 1399 6
1384 1349 1619 1420 Χριστὸς
1665 1354 1729 1407 ἐκ
1759 1372 1818 1406 τε

243 1424 666 1498 ἁνθρωπότητος
712 1434 808 1486 καὶ
852 1433 987 1487 Θεοῦ
1031 1436 1207 1506 Λόγου
1238 1442 1671 1513 κεκερασμένος,
1718 1447 1819 1501 οὐκ

241 1518 313 1571 ἐκ
352 1518 447 1573 τοῦ
494 1523 795 1594 τετράφθαι
837 1528 975 1599 πρὸς
1018 1528 1156 1601 ὅπερ
1199 1533 1300 1586 οὑκ
1337 1529 1426 1605 ἦν,
1474 1535 1589 1590 ἁλλ’
1619 1540 1685 1591 ὲκ
1723 1539 1815 1594 τοῦ

240 1610 575 1681 προσλαϐεῖν
600 1615 691 1671 τὸν
718 1618 783 1671 ὲκ
810 1619 1092 1692 Παρθένου
1126 1625 1278 1679 ναόν.

924 1758 1128 1815 AAAO.

312 1883 517 1938 Ψάλλει
552 1904 654 1939 που
677 1888 861 1943 Δαϐίδ·
885 1909 903 1941 ι
926 1892 983 1945 'O
1013 1892 1201 1964 θρόνος
1228 1911 1344 1959 σου,
1377 1898 1407 1950 6
1437 1896 1589 1961 Θεὸς,
1618 1901 1697 1963 εἰς
1725 1900 1815 1954 τὸν

238 1977 413 2030 αἰῶνα
436 1977 530 2032 τοῦ
570 1966 832 2045 αἰῶνος.)
868 1980 1004 2038 Εἶτά
1051 2003 1184 2057 φησι
1215 2005 1230 2019 ’
1264 2007 1283 2040 ‹
1312 1989 1413 2042 Διὰ
1442 1989 1601 2045 τοῦτο
1630 1993 1813 2064 ἔχρισέ

238 2086 301 2122 σε
332 2071 361 2122 6
386 2069 537 2135 Θεὸς,
564 2074 591 2125 6
629 2072 761 2137 Θεός
817 2092 930 2142 σου,
974 2075 1155 2131 ἔλαιον
1204 2079 1595 2148 ἀγαλλιάσεως.
1634 2104 1651 2134 ι
1705 2086 1815 2138 Καὶ

232 2154 307 2230 ἦν
330 2162 359 2213 6
392 2161 566 2230 Λόγος
606 2164 702 2217 καὶ
748 2166 854 2236 πρὸ
914 2167 1014 2237 τῆς
1072 2169 1308 2239 χρίσεως
1346 2171 1647 2242 βασιλεύων
1677 2176 1814 2245 μετά

232 2249 469 2323 Πατρός.
494 2252 621 2317 Πῶς
658 2250 748 2308 οὖν
773 2258 853 2320 είς
877 2256 1100 2326 βασιλέα
1126 2260 1336 2331 χρίεται
1365 2264 1458 2315 καὶ
1480 2265 1762 2332 ἁγιάζεται
1785 2269 1813 2319 6

233 2342 327 2395 ἀεὶ
391 2342 688 2413 βασιλεύων
737 2348 831 2400 καὶ
882 2348 1036 2417 ἅγιος
1068 2349 1178 2419 (Iw;
1236 2354 1448 2426 Ὥσπερ
1503 2358 1683 2410 τοίνυν
1726 2360 1812 2412 ἀεὶ

229 2432 394 2487 τοῦτο
412 2434 507 2501 ῶν,
531 2439 589 2490 ὲν
611 2438 860 2509 ἐσχάτοις
881 2444 1090 2511 καιροῖς
1113 2442 1551 2513 βεϐασιλευκέναι
1573 2450 1807 2518 λέγεται’

230 2521 378 2577 οὕτω
437 2526 530 2579 καὶ
559 2525 783 2597 ὕψιστος
844 2529 941 2592 ὣν,
999 2531 1267 2599 ὑψοῦσθαι
1323 2535 1539 2604 λέγεται
1586 2539 1673 2593 διὰ
1714 2540 1811 2611 τὴν

230 2616 499 2687 ἕνσαρκον
536 2621 867 2691 οἰκονομίαν.
933 2623 1191 2694 ’Υψοῦται
1236 2627 1294 2680 δὲ
1335 2629 1429 2681 καὶ
1480 2630 1689 2701 χρίεται
1715 2634 1811 2687 καὶ

231 2708 518 2775 ἁγιάζεται
568 2713 637 2765 δι’
660 2714 832 2784 ἡμᾶς,
874 2716 961 2769 ἵνα
1009 2717 1076 2771 δι’
1111 2718 1279 2773 αὐτοῦ
1316 2722 1481 2793 τρέχῃ
1520 2724 1702 2779 λοιπὸν
1730 2730 1811 2792 εἰς

228 2797 491 2870 πάνταςὴ
520 2801 699 2873 χάρις,
724 2804 799 2868 ὡς
817 2806 918 2876 ἤδη
948 2806 1163 2861 δοθεῖσα
1195 2813 1261 2881 τῇ
1293 2811 1475 2880 φύσει,
1501 2816 1594 2868 καὶ
1623 2815 1809 2869 λοιπὸν

226 2888 339 2960 ὅλῳ
366 2890 649 2964 σωζομένη
682 2894 762 2965 τῷ
794 2896 962 2964 γένει.
999 2898 1153 2952 Οὕτω
1179 2902 1273 2954 καὶ
1310 2902 1339 2953 6
1392 2904 1585 2976 Σωτὴρ
1623 2906 1807 2975 ἔλεγεν

224 2980 289 3033 ἐν
319 2981 399 3052 τῷ
422 2984 563 3038 κατὰ
603 2986 854 3058 Ἰωάννην
879 2989 1219 3063 Εὐαγγελίῳ·
1256 3011 1274 3044 ι
1296 2994 1470 3067 ’Υπὲρ
1496 2997 1676 3051 αὐτῶν
1696 2998 1806 3067 ἐγὼ

224 3072 442 3139 ἁγιάζω
476 3077 729 3145 ἐμαυτὸν,
773 3079 858 3131 ἵνα
895 3074 997 3133 ὦσι
1042 3083 1137 3135 καὶ
1188 3084 1341 3138 αὐτοὶ
1400 3088 1741 3159 ἡγιασμένοι.
1780 3110 1798 3141 ι

226 3164 375 3218 Ὅσα
395 3167 505 3237 γὰρ
532 3169 589 3221 έν
607 3170 851 3242 Χριστῷ,
871 3174 1043 3226 ταῦτα
1073 3176 1166 3228 καὶ
1195 3180 1274 3240 εἰς
1302 3180 1470 3249 ἡμᾶς.
1490 3181 1602 3250 Οὐχ
1628 3181 1804 3252 ἐαυτῷ

1931 612 2075 682 quod
2100 612 2414 682 assumpsit,
2444 624 2670 683 eratque
2700 623 2894 670 natura
2923 616 3069 673 Deus
3099 619 3335 676 Verbum
3362 626 3507 679 exsi-

1931 712 2080 759 stens
2105 703 2281 759 Patris
2312 722 2327 759 :
2364 705 2632 761 exaltatus
2675 717 2855 761 autem
2902 717 3007 773 est,
3039 719 3305 779 quatenus
3329 712 3507 769 factus

1928 795 2112 862 homo,
2157 805 2213 852 et
2255 797 2308 851 in
2348 796 2522 852 forma
2570 799 2712 853 servi
2761 798 2920 870 197
2946 815 3210 871 apparens
3246 806 3503 862 adoratus

1926 895 2033 950 est,
2058 887 2125 941 ab
2157 898 2361 943 aeterno
2387 888 2490 942 hoc
2516 888 2720 945 habens
2744 905 2866 945 cum
2892 889 3074 949 Patre.
3107 890 3295 949 Gratia
3324 897 3505 965 itaque

1926 986 1982 1031 et
2008 978 2265 1033 exaltatio
2295 980 2439 1035 circa
2475 980 2747 1036 hominem
2782 982 2923 1037 facta
2967 994 3071 1051 est,
3102 986 3395 1054 adoptante
3432 989 3500 1041 ad

1926 1071 2164 1140 seipsum
2202 1071 2343 1127 Filio
2373 1070 2555 1127 Verbo
2592 1086 2657 1127 ea
2700 1088 2821 1143 qua:
2855 1077 3054 1145 templo
3087 1092 3205 1144 suo,
3237 1079 3379 1149 quod
3410 1095 3502 1135 as-

1924 1174 2247 1234 sumpserat,
2287 1165 2657 1220 accedebant:
2690 1181 2865 1236 neque
2904 1170 3047 1222 enim
3072 1168 3291 1226 alterius
3319 1172 3502 1242 cujus-

1921 1255 2101 1324 piam,
2152 1256 2245 1310 sed
2306 1271 2464 1310 suum
2530 1270 2727 1326 corpus
2778 1268 2927 1324 erat;
2982 1260 3213 1330 ideoque
3264 1273 3327 1316 ut
3386 1264 3503 1333 ipse

1919 1357 2193 1402 censetur.
2225 1346 2375 1403 Unus
2403 1349 2549 1404 enim
2583 1347 2837 1406 Christus
2853 1365 2923 1406 ex
2946 1351 3282 1408 humanitate
3308 1363 3363 1409 et
3382 1354 3495 1409 Deo

1921 1436 2096 1493 Verbo
2124 1438 2316 1495 mistus
2352 1449 2457 1506 est,
2499 1454 2609 1497 non
2652 1456 2750 1511 per
2782 1443 3135 1500 mutationem
3170 1445 3226 1500 in
3262 1445 3320 1501 id
3358 1449 3502 1515 quod

1918 1547 2025 1587 non
2051 1542 2196 1600 erat,
2226 1534 2321 1590 sed
2351 1548 2447 1605 per
2473 1535 2898 1606 assumptionem
2929 1537 3113 1608 templi
3145 1552 3211 1594 ex
3256 1537 3498 1609 Virgine.

2601 1758 2828 1816 ALIUD.

1846 1880 1888 1935 Β
1988 1892 2155 1948 David
2199 1891 2397 1946 alicubi
2448 1893 2525 1948 ita
2577 1894 2727 1949 canit
2770 1913 2785 1949 :
2837 1894 3052 1951 «Sedes
3086 1904 3207 1963 tua,
3246 1897 3410 1966 Deus,
3444 1900 3497 1953 in

1919 1985 2173 2041 smculum
2218 1984 2419 2039 saeculi.
2453 2003 2472 2037 ι
2498 1984 2705 2042 Deinde
2735 1988 2811 2042 ait
2838 2006 2851 2042 :
2887 2006 2906 2039 ι
2934 1988 3227 2059 Propterea
3258 1992 3411 2045 unxit
3444 2002 3495 2044 te

1915 2076 2079 2139 Deus,
2107 2072 2249 2130 Deus
2278 2084 2422 2140 tuus,
2448 2074 2568 2129 oleo
2593 2076 2974 2133 exsultationis
2999 2093 3109 2147 pra:
3136 2080 3495 2150 participibus

1917 2170 2023 2222 tuis
2046 2167 2113 2222 “.
2147 2186 2167 2219 ι
2194 2168 2359 2237 Atqui
2399 2178 2521 2222 erat
2556 2168 2791 2224 Verbum
2820 2172 2984 2225 etiam
3018 2182 3143 2226 ante
3181 2173 3493 2229 unctionem

1912 2276 2149 2332 regnans
2173 2276 2297 2315 cum
2326 2260 2508 2316 Patre.
2534 2261 2813 2327 Quomodo
2843 2262 3011 2333 igitur
3036 2263 3092 2318 in
3114 2278 3302 2336 regem
3338 2268 3495 2336 ungi.

1912 2361 2001 2407 tur
2034 2362 2089 2407 et
2114 2352 2505 2416 sanctiﬁcatur,
2554 2353 2647 2423 qui
2688 2368 2903 2423 semper
2940 2363 3135 2426 regnat
3163 2366 3493 2428 sanctusque

1911 2445 2171 2499 exsistit?
2198 2443 2663 2511 Quemadmodum
2697 2445 2859 2515 igitur
2895 2462 3019 2501 cum
3059 2461 3273 2518 semper
3310 2449 3360 2503 id
3398 2451 3491 2517 Sil,

1911 2532 2116 2589 ultimis
2169 2545 2346 2588 tamen
2390 2535 2728 2604 temporibus
2782 2550 3038 2606 regnasse
3091 2538 3290 2594 dicitur
3340 2557 3356 2595 :
3410 2540 3483 2595 ita

1910 2640 2032 2679 cum
2070 2625 2141 2680 sit
2172 2624 2490 2690 altissimus,
2521 2626 2791 2681 exaltatus
2833 2642 2954 2683 esse
2996 2630 3214 2696 dicitur,
3262 2641 3486 2702 propter

1908 2718 2360 2774 incarnationem.
2391 2718 2675 2774 Exaltatur
2691 2731 2895 2785 autem,
2919 2730 2973 2775 et
3000 2712 3242 2791 u'ngitur,
3273 2733 3328 2777 et
3354 2739 3483 2777 san-

1909 2809 2178 2864 c‘tillcatur
2204 2821 2428 2881 propter
2456 2827 2578 2875 nos,
2602 2820 2661 2866 ut
2689 2826 2788 2881 per
2815 2812 2988 2881 ipsum
3011 2814 3183 2884 gratia
3215 2816 3269 2868 in
3301 2830 3489 2870 omnes

1907 2902 2209 2967 derivetur,
2273 2913 2331 2958 ut
2375 2905 2488 2975 jam
2543 2912 2748 2958 natura:
2803 2904 2998 2959 collata
3034 2906 3257 2976 .totique
3302 2911 3485 2977 generi

1906 2994 2117 3064 largita.
2148 2995 2241 3050 Sic
2271 2996 2414 3049 enim
2437 2993 2691 3049 Servator
2711 2995 2827 3065 ipse
2859 2995 2914 3050 in
2945 2996 3236 3069 Evangelia
3264 2998 3489 3054 Joannis

1905 3085 1982 3138 ait
2012 3102 2026 3138 :
2064 3104 2081 3134 ι
2116 3084 2221 3138 Pro
2250 3085 2381 3155 ipsis
2424 3100 2524 3154 ego
2556 3086 2843 3141 sanctilico
2872 3090 3161 3158 meipsum,
3194 3099 3251 3145 ut
3284 3093 3395 3147 sint
3435 3104 3486 3147 et

1905 3176 2004 3245 ipsi
2030 3174 2347 3230 sanctiﬁth
2377 3176 2442 3229 ⁸⁷.
2463 3195 2482 3226 ι
2509 3175 2854 3249 Quaecunque
2882 3181 3025 3235 enim
3046 3179 3259 3237 Christo
3281 3183 3486 3249 insunt,

221 3260 513 3333 δεχομένου
542 3266 633 3320 τδν
670 3269 980 3342 ἁγιασμὸν(
1011 3273 1172 3339 αὐτὸς
1198 3242 1403 3347 γὰρ’ἦν
1434 3242 1727 3345 δάγίὲιξων
1745 3242 1798 3345 )’,

1914 3242 2092 3323 eadem
2116 3269 2167 3322 in
2188 3284 2287 3323 nos
2304 3268 2639 3325 derivantur.
2660 3269 2867 3341 Quippe
2886 3272 2978 3341 qui
3002 3274 3485 3331 sanctiﬁcationem

221 3354 343 3409 ἁλλ’
376 3358 463 3411 ἵνα
482 3358 667 3414 τοῦτον
708 3364 773 3432 τῇ
830 3363 988 3432 φύσει
1026 3365 1094 3417 δι’
1117 3368 1313 3422 ἑαυτοῦ
1345 3370 1653 3444 προξενίσῃ,
1686 3372 1801 3436 ὁδὸς

220 3446 416 3518 ὥσπερ
436 3449 532 3501 καὶ
552 3451 693 3523 ἁρχὴ
720 3453 828 3506 τῶν
845 3455 925 3518 είς
943 3458 1092 3527 ἡμᾶς
1129 3460 1349 3527 ἀγαθῶν
1379 3462 1683 3533 γινόμενος.
1710 3464 1801 3516 Διὸ

220 3538 288 3609 δὴ
315 3540 407 3592 καί
446 3558 660 3610 φησινῚ
685 3545 825 3613 Ἐγώ
848 3549 961 3617 ειμι
991 3550 1023 3619 ἡ
1049 3550 1186 3614 ὁδός·
1218 3571 1237 3602 ι
1262 3552 1329 3605 δι’
1357 3548 1425 3624 ἦς
1450 3553 1639 3624 ὥσπερ
1663 3556 1800 3626 πρὸς

218 3629 374 3697 ἡμᾶς
426 3631 461 3699 ἡ
493 3630 612 3686 θεία
643 3635 988 3706 καταϐέϐηκε
1050 3639 1208 3711 χάρις
1227 3682 1241 3705 ,
1285 3642 1494 3712 ὑψοῦσα
1522 3644 1618 3698 καὶ
1644 3645 1801 3714 ἁγιά-

220 3719 394 3785 Coum
423 3725 515 3776 καὶ
542 3725 859 3795 δοξάζονσα,
910 3732 1003 3785 καὶ
1056 3733 1378 3789 θεοποιοῦσα
1418 3737 1517 3808 τὴν
1549 3738 1711 3807 φύσιν
1742 3740 1799 3791 ὲν

222 3813 428 3884 πρώτῳ
458 3817 694 3890 Χριστῷ.

898 4040 1100 4095 ΑΛΛΟ.

292 4148 357 4201 Εἰ
394 4148 529 4213 Θεὸς
561 4148 637 4205 ῶν
671 4151 957 4223 ἄνθρωπος
983 4155 1199 4224 γέγονε,
1234 4161 1326 4214 καὶ
1362 4161 1464 4215 οὐκ
1513 4163 1801 4236 ἄνθρωπος

217 4238 297 4293 ῶν
348 4239 539 4308 γέγονε
593 4240 759 4310 Θεὸς,
822 4245 1033 4316 χρίεται
1088 4249 1145 4303 δὲ
1199 4252 1275 4315 ὡς
1330 4253 1616 4326 ἄνθρωπος
1638 4294 1655 4322 ,
1710 4258 1800 4313 ἵνα

212 4333 451 4405 δοξασθῇ
475 4374 491 4399 ,
559 4335 716 4406 δῆλον
781 4338 863 4391 ὅτι
924 4340 1052 4410 περὶ
1128 4340 1228 4413 τὴν
1296 4344 1694 4419 ἁνθρωπότητα
1764 4352 1798 4422 ἡ

212 4427 399 4497 χάρις.

909 4545 1112 4600 AAAO.

289 4646 353 4705 Εἰ
384 4653 545 4717 αὐτὸς
571 4652 647 4708 ὢν
663 4652 759 4708 τοῦ
785 4656 1102 4726 Πνεῦματος
1129 4660 1381 4731 χορηγὸς,
1410 4662 1550 4717 κατὰ
1585 4664 1647 4717 τὸ
1671 4668 1799 4736 περὶ

215 4743 384 4796 αὐτοῦ
413 4744 723 4816 λεγόμενον·
767 4768 785 4799 ‹
808 4748 1013 4802 Λάϐετε
1041 4750 1265 4822 Πνεῦμα
1298 4752 1505 4821 anew.
1542 4756 1603 4809 τὸ
1623 4758 1797 4811 Πνεῦ-

218 4852 298 4905 μα
322 4835 616 4906 λαμϐάνειν
636 4838 853 4907 λέγεται
882 4842 1009 4913 περὶ
1048 4843 1148 4914 τὴν
1177 4844 1592 4918 ἁνθρωπότητα,
1633 4851 1729 4904 καὶ
1762 4853 1795 4922 ἡ

217 4925 364 4991 δόσις
396 4930 491 4982 καὶ
520 4929 582 4982 τὸ
600 4929 899 5002 λαμϐάνειν
923 4933 1147 5002 ὁμοίως.

902 5062 1103 5120 ΑΛΛΟ.

285 5191 423 5263 Φησί
475 5210 581 5247 που
608 5194 841 5267 Χριστὸς
871 5196 947 5259 ὡς
998 5196 1137 5267 πρὸς
1170 5198 1259 5251 τὸν
1302 5200 1521 5273 Πατέρα
1553 5204 1797 5273 διαλεγό-

214 5302 400 5357 μενοςο
436 5305 456 5339 ‹
497 5287 671 5360 Ὑπὲρ
702 5287 881 5344 αὐτῶν
912 5287 1024 5357 ἐγὼ
1050 5289 1264 5358 ἁγιάζω
1293 5293 1547 5362 ἐμαυτόν.
1586 5314 1606 5347 ι
1651 5298 1709 5350 ’0
1739 5297 1797 5350 δὲ

210 5378 407 5432 ἑαυτὸν
431 5380 656 5449 ἁγιάσαι
686 5381 1002 5452 δυνάμενος,
1029 5383 1124 5436 καὶ⁵
1149 5384 1225 5453 μὴ
1264 5387 1396 5457 παρ’
1422 5387 1610 5458 ἑτέρου
1640 5389 1798 5444 τοῦτο

212 5471 416 5543 ζητῶν,
459 5472 648 5545 κύριος
672 5473 764 5526 τοῦ
798 5473 1044 5541 ἁγιάζειν
1072 5475 1241 5529 ἐστίν.
1289 5476 1354 5529 El
1384 5477 1441 5530 δὲ
1497 5480 1598 5532 οὐκ
1646 5480 1794 5535 ἐστιν

212 5565 274 5617 ἒν
296 5564 481 5636 χρείᾳ,
522 5567 653 5636 περὶ
709 5566 771 5620 τὸ
802 5567 1002 5638 χρῇζον
1047 5567 1077 5619 6
1124 5568 1393 5639 ἁγιασμὸς
1426 5571 1788 5627 ἀποτελεῖται.

194 5656 537 5726 "Anici-nat.
562 5658 621 5712 δὲ
648 5660 683 5730 ὴ
714 5658 1001 5730 ἀνθρώπου
1030 5660 1210 5731 φύσις.
1257 5664 1367 5717 Καὶ
1397 5663 1555 5718 τοῦτο
1584 5662 1653 5739 ἦν
1686 5668 1793 5738 ἄρα

1824 4593 1877 4654 D

1902 3374 2009 3412 non
2069 3356 2279 3425 sibiipsi
2313 3358 2529 3427 accepit
2556 3359 2700 3428 (ipse
2740 3361 2884 3414 enim
2920 3371 3038 3416 erat
3073 3362 3483 3436 sanctiﬁcans),

1901 3447 1995 3501 sed
2023 3456 2082 3500 ut
2108 3462 2206 3517 per
2231 3461 2292 3502 se
2320 3461 2441 3502 eam
2470 3447 2720 3504 humanae
2752 3461 2958 3505 naturae
2980 3454 3303 3509 conciliaret
3340 3473 3354 3509 :
3398 3458 3482 3511 via

1900 3538 2298 3606 quodammodo
2330 3547 2386 3594 et
2432 3538 2760 3610 principium
2804 3543 3068 3597 bonorum
3111 3560 3235 3615 qua:
3271 3547 3327 3600 in
3380 3562 3480 3601 nos

1899 3629 2425 3688 ﬂuxerunteﬂ'ectus.
2440 3631 2649 3688 Idcirco
2670 3635 2837 3689 etiam
2853 3636 2956 3690 ait:
2974 3655 2996 3688 ι
3019 3638 3130 3706 Ego
3143 3653 3262 3692 sum
3278 3640 3362 3693 via
3377 3641 3441 3706 ⁸⁸,
3457 3662 3475 3693 ι

1899 3736 1995 3790 per
2022 3737 2186 3792 quam
2216 3722 2397 3777 divina
2424 3724 2599 3793 gratia
2627 3726 3027 3794 quodammodo
3047 3728 3101 3781 in
3128 3742 3225 3783 nos
3249 3729 3476 3785 descen-

1899 3815 2001 3878 dit,
2046 3815 2293 3871 exaltans
2330 3824 2385 3871 et
2434 3817 2782 3873 sanctiﬁcans
2831 3830 2888 3874 et
2932 3819 3262 3890 gloriﬁcans,
3316 3833 3480 3892 atque

1900 3906 2035 3961 adeo
2065 3906 2326 3964 deiﬁcans
2352 3917 2603 3964 naturam
2635 3910 2928 3966 humanam
2955 3913 3009 3967 in
3040 3913 3215 3981 primo
3237 3913 3477 3970 Christo.

2581 4049 2809 4106 ALIUD.

1977 4159 2057 4226 Si,
2093 4160 2237 4217 Deus
2264 4176 2388 4217 cum
2417 4171 2584 4231 esset,
2617 4162 2793 4220 factus
2823 4175 2908 4220 est
2938 4167 3121 4235 homo,
3153 4185 3259 4225 non
3298 4181 3476 4227 autem

1900 4250 2060 4307 homo
2074 4254 2346 4310 exsistens
2365 4253 2542 4311 factus
2580 4264 2664 4310 est
2688 4255 2864 4322 Deus;
2892 4260 3111 4330 ungitur
3134 4271 3314 4317 autem
3339 4264 3481 4319 sicut

1899 4346 2082 4414 homo,
2112 4356 2173 4401 ut
2204 4347 2531 4416 gloriﬁcetur
2560 4366 2575 4403 :
2607 4349 2952 4418 perspicuum
2987 4362 3071 4407 est
3103 4353 3159 4407 in
3204 4353 3478 4411 hominem

1899 4438 2125 4506 gratiam
2152 4439 2410 4495 conferri.

2579 4556 2810 4617 ALIUD.

1977 4664 2056 4730 Si,
2103 4682 2225 4721 cum
2291 4668 2405 4736 ipse
2442 4669 2514 4722 sit
2569 4669 2794 4741 largitor
2846 4673 3102 4742 Spiritus,
3140 4675 3293 4746 juxta
3346 4678 3478 4736 illud

1904 4757 1969 4813 de
2002 4759 2119 4827 ipso
2145 4758 2348 4813 dictum
2379 4775 2395 4814 :
2431 4778 2449 4811 ι
2478 4762 2720 4833 Accipite
2752 4760 3010 4836 Spiritum
3044 4779 3288 4826 sanctum
3323 4772 3369 4803 ⁸⁸
3396 4792 3410 4828 :
3453 4793 3471 4825 ι

1901 4860 2049 4904 certe
2075 4851 2143 4905 de
2173 4850 2507 4908 humanitate
2527 4856 2724 4911 dicitur
2747 4866 2802 4912 et
2826 4858 2955 4913 dare
2986 4868 3041 4915 et
3076 4863 3325 4932 accipere
3355 4864 3478 4935 Spi-

1904 4940 2083 4995 ritum.

2572 5084 2803 5140 ALIUD.

1972 5211 2224 5269 Christus
2247 5214 2442 5271 alicubi
2470 5218 2535 5272 ad
2558 5217 2773 5273 Patrem
2800 5221 3046 5291 loquens,
3069 5224 3141 5278 ita
3173 5226 3248 5279 ait
3280 5248 3296 5281 :
3323 5245 3343 5279 ‹
3371 5225 3478 5282 Pro

1903 5303 2039 5374 ipsis
2073 5319 2174 5376 ego
2225 5309 2506 5365 sanctilico
2547 5314 2829 5383 meipsum.
2867 5334 2887 5366 ι
2921 5315 3024 5382 Qui
3058 5332 3187 5373 vero
3233 5320 3474 5390 seipsum

1902 5397 2244 5454 sanctiﬁcare
2296 5411 2492 5470 potest,
2524 5419 2700 5473 neque
2755 5407 2808 5462 id
2857 5407 3073 5464 aliunde
3121 5411 3278 5480 petit,
3330 5427 3477 5469 certe

1902 5489 2352 5546 sanctiﬁcationis
2382 5492 2553 5562 ipsius
2575 5496 2826 5553 dominus
2853 5510 2953 5554 est.
2994 5500 3064 5554 At
3091 5501 3138 5556 si
3168 5504 3331 5576 198
3360 5508 3477 5577 ipse

1901 5580 2333 5637 sanctiﬁcatione
2363 5599 2466 5637 non
2503 5596 2644 5656 eget,
2677 5589 2934 5661 indigenti
2966 5591 3149 5662 itaque
3178 5596 3475 5652 confertur.

1902 5666 2285 5726 Sanctiﬁcatur
2312 5683 2491 5729 autem
2524 5679 2757 5735 humana
2783 5690 2999 5742 natura.
3029 5684 3207 5757 Atque
3234 5688 3337 5744 hoc
3363 5700 3479 5745 erat

288 5836 335 5867 “
368 5834 509 5891 Psal.
542 5850 690 5905 κων,
719 5836 772 5904 7,
816 5837 869 5892 8.
949 5837 993 5871 ⁸⁷
1029 5836 1351 5913 Joan.fxvu,
1390 5840 1477 5898 l9.
1556 5842 1600 5877 ⁸⁸
1639 5841 1795 5900 Joan.
1824 5860 1937 5913 xw,
1964 5846 2019 5902 6.
2098 5849 2141 5882 ⁶⁹
2164 5847 2321 5908 Joan.
2364 5866 2456 5919 xx,
2484 5853 2575 5909 22.
