3882 6210
395 382 504 439 535

1390 370 1450 424 S.
1490 366 1765 422 (ῑιιιιιιι
1801 359 2276 420 ALEXANDRINI
2315 358 2633 417 ARCIIIEP.

3552 356 3665 412 335

392 501 537 577 quod
559 505 780 571 propter
811 507 910 551 nos
943 490 999 549 in
1025 488 1241 547 Christo
1272 486 1548 558 impletur,
1574 495 1632 541 ut
1661 500 1760 541 nos
1785 485 1839 540 in
1864 484 1980 555 ipso

2091 482 2147 537 5ι’
2180 483 2331 555 ἡμᾶς
2353 483 2411 537 ἐν
2429 478 2653 553 Χριστῷ
2676 478 3075 553 πληρούμενον,
3096 477 3185 533 ἵνα
3204 476 3365 551 ἡμεῐς
3385 474 3666 545 ἀγιασθὼ-

393 596 818 655 sanctificetuur.

1064 698 1294 758 ALIUD.

776 840 860 899 Ea:
886 839 1172 910 objections
1202 834 1587 890 haereticorum.

468 980 742 1051 Scriptum
774 985 881 1045 est,
910 974 1166 1046 inquiunt
1205 990 1221 1028 :
1253 990 1275 1024 ι
1307 967 1553 1025 Dilexisti
1573 965 1980 1035 ‘jttSliliam,'CI

401 1073 562 1131 odisti
609 1071 988 1142 iniquitatem,
1035 1065 1241 1123 ideirco
1283 1059 1443 1117 unxit
1498 1068 1550 1114 te
1604 1058 1786 1123 Deus,
1822 1055 1979 1112 Deus

399 1178 523 1225 tuus
551 1166 621 1221 ⁷⁸.
647 1184 667 1216 ι
700 1163 819 1219 Non
846 1162 1011 1233 igitur
1043 1160 1098 1215 in
1121 1157 1438 1212 universum
1463 1160 1689 1208 unctum
1712 1165 1836 1206 esse
1865 1148 1978 1203 Do-

398 1260 605 1315 minum
628 1256 900 1318 dabimus,
932 1252 1037 1309 nisi
1067 1248 1345 1307 dilexisset
1387 1244 1654 1317 justitiam
1678 1251 1751 1298 et
1777 1242 1980 1297 odisset

396 1349 761 1421 iniquitatem.
797 1345 917 1403 Vox
948 1346 1097 1402 enim
1151 1339 1534 1407 bec,idcirco.
1568 1350 1713 1406 «qua:
1756 1348 1979 1390 causam

394 1444 684 1514 signiﬁcat,
734 1442 969 1511 adjecta,
1011 1436 1321 1497 unctionem
1365 1442 1621 1501 tanquam
1677 1428 1977 1484 mercedem

393 1534 611 1591 virtutis
640 1548 763 1591 esse
786 1532 1048 1590 ostendit.
1078 1529 1135 1586 Si
1164 1542 1296 1584 vero
1323 1524 1532 1583 idcirco
1568 1521 1806 1593 ungitur,
1850 1520 1977 1591 quia

390 1627 658 1697 justitiam
690 1623 879 1681 dilexit
906 1630 963 1677 et
1002 1620 1120 1677 odit
1160 1616 1527 1688 iniquitatem,
1566 1626 1697 1679 ergo
1735 1610 1979 1665 sanctiﬁ-

395 1718 665 1775 cationem
698 1716 841 1771 dono
882 1712 1103 1784 accipit.
1133 1710 1237 1781 Qui
1274 1722 1405 1763 vero
1454 1704 1763 1776 adject—ioue
1799 1699 1978 1771 aliqua

2080 592 2181 646 μεν
2213 578 2270 628 ἐν
2300 574 2467 645 αυτῷ.

2778 689 2983 743 ΑΛΛΟ.

2400 823 2503 890 Ὧς
2522 822 2593 888 ἐξ
2626 822 2988 890 ἀντιθέσεως
3017 820 3348 890 αἱρετικῶν.

2134 956 2486 1030 Γέγραπται,
2513 957 2707 1026 τφασίν·
2743 974 2765 1007 ι
2818 955 3139 1026 Ἠγάπησας
3177 953 3549 1024 δικαιοσύνην,
3572 952 3671 1006 καὶ

2080 1050 2349 1122 ἐμίσησας
2376 1048 2631 1120 ἀνομίαν,
2654 1048 2744 1102 διὰ
2762 1048 2921 1102 τοῦτο
2944 1046 3129 1120 ἐχρισέ
3161 1064 3220 1101 σε
3247 1050 3275 1102 6
3304 1047 3460 1111 Θεὸς,
3485 1048 3515 1099 6
3533 1044 3669 1105 Θεὸς

2083 1158 2198 1196 σου.
2234 1159 2252 1193 ι
2286 1140 2399 1194 Οὐκ
2420 1140 2489 1194 ἂν
2515 1135 2608 1194 οὖν
2636 1141 2773 1204 ὅλως
2798 1138 3084 1211 κεχρίσθαι
3124 1139 3218 1193 τὸν
3269 1138 3472 1211 Κύρων
3494 1136 3667 1190 δώσυο

2084 1252 2204 1306 μεν,
2231 1232 2282 1285 εἰ
2310 1230 2386 1305 μὴ
2414 1230 2758 1303 δικαιοσύνην
2787 1233 3068 1302 ἠγάπησε,
3106 1231 3205 1284 καὶ
3242 1232 3505 1302 ἐμίσησεν
3549 1229 3665 1284 66t-

2082 1322 2225 1379 κίαν.
2245 1323 2302 1377 ὐ
2331 1322 2440 1395 γὰρ
2468 1322 2763 1392 σύνδεσμος
2793 1325 2821 1376 ὁ
2848 1321 3233 1391 αἱτιολογικὸς,
3267 1322 3539 1385 τουτέστι,
3562 1322 3668 1375 διὰ

2083 1415 2279 1481 τοῦτο,
2304 1413 2510 1487 μεταξὺ
2570 1414 2842 1485 κείμενος,
2887 1413 3080 1484 μισθὸν
3132 1412 3325 1485 ὥσπερ
3372 1412 3576 1483 ἀρετῆς
3603 1412 3670 1466 τὸ

2081 1507 2292 1584 χρίσμα
2337 1502 2594 1561 δεικνύει,
2649 1507 2711 1558 Εἰ
2741 1506 2799 1560 δὲ
2849 1506 2941 1561 διὰ
2981 1504 3146 1559 τοῦτο
3183 1506 3420 1579 χρίεται,
3465 1506 3550 1560 ὅτι
3585 1505 3667 1559 8t-

2084 1598 2377 1671 καιοσύνην
2400 1599 2611 1669 ἀγαπᾷ,
2648 1598 2745 1652 καὶ
2776 1598 2989 1652 ἀδικίαν
3027 1600 3195 1669 μισεῖ,
3232 1598 3405 1670 δῶρον
3432 1597 3546 1669 ἔχει

2067 1690 2374 1760 ἁγιασμόν.
2414 1690 2473 1743 'O
2500 1690 2557 1743 δὲ
2593 1689 2913 1763 προσθήκης
2936 1689 3080 1753 τινὸς
3103 1689 3340 1761 δεηθεὶς,
3374 1689 3569 1762 ἀτελὴς
3592 1689 3668 1744 ἂν

394 1820 538 1881 eget,
575 1806 925 1878 imperfectus
959 1780 1031 1860 sit
1056 1780 1295 1871 oportet,
1335 1814 1508 1868 neque
1538 1796 1698 1851 rl’atri
1736 1793 1980 1865 perfecto

2091 1783 2192 1852 εἴη,
2226 1782 2320 1836 καὶ¹
2347 1782 2445 1851 ούχ
2478 1783 2663 1851 ὅμοιος
2700 1780 2778 1853 τῷ
2817 1781 3006 1853 τελείῳ
3041 1782 3237 1853 ιῙατρί.

394 1905 611 1959 similis.

907 2029 1115 2088 Salutio
1142 2026 1470 2099 objectionis.

472 2173 667 2245 Surge,
692 2168 786 2240 qui
809 2166 1040 2233 dormis,
1059 2173 1112 2221 et
1137 2162 1406 2220 suscitare
1433 2175 1469 2217 e
1488 2158 1716 2215 mortuis
1737 2158 1985 2228 ",atque

395 2270 522 2327 audi
561 2265 828 2330 vicissim,
862 2259 1137 2318 baretice.
1172 2257 1308 2325 Quia
1352 2255 1559 2326 inquit,
1614 2271 1639 2306 ι
1663 2250 1840 2309 Odisti
1880 2252 1985 2309 ini—

395 2364 680 2436 quitatem,
734 2367 791 2414 et
840 2353 1079 2411 dilexisti
1123 2351 1418 2422 justitiam,
1468 2349 1674 2404 idcirco
1724 2347 1878 2403 unxit
1930 2356 1985 2403 te

395 2458 535 2513 Deus
561 2471 576 2510 :
613 2471 633 2506 ι
667 2465 777 2508 non
806 2458 865 2503 ut
885 2446 1153 2518 quispiam
1197 2442 1342 2499 illam
1373 2442 1684 2497 unctionem
1711 2440 1981 2495 mercedis

394 2549 513 2604 loco
547 2541 823 2614 accepisse
847 2539 1173 2610 suspicetur,
1210 2534 1306 2591 sed
1351 2542 1413 2589 ut
1451 2533 1556 2588 hoc
1593 2541 1754 2603 pacto
1777 2531 1981 2586 dictum

395 2635 780 2706 intelligamus.
808 2629 1026 2686 Primus
1047 2634 1234 2681 noster
1263 2637 1464 2695 parens
1491 2621 1661 2677 Adam
1686 2619 1982 2676 mutabilis

396 2730 498 2787 fuit
524 2737 754 2790 naturae,
774 2723 976 2794 quique
998 2718 1271 2777 interdum
1295 2715 1802 2787 quidemejustitiam
1836 2726 1984 2767 ama-

397 2831 500 2886 ret,
543 2830 600 2876 et
630 2815 972 2887 iniquitatem
1006 2813 1215 2867 odisset
1244 2827 1259 2865 :
1298 2808 1579 2865 interdum
1602 2822 1733 2862 vero
1767 2807 1818 2861 in
1848 2819 1981 2861 con-

396 2912 624 2971 trarium
650 2908 894 2965 habitum
920 2903 1237 2959 transiliret.
1256 2898 1688 2958 Cumenim-hoc
1704 2898 1981 2969 proprium

398 3006 469 3061 sit
501 3010 710 3057 natura
742 2996 1022 3061 mutabili,
1064 2993 1321 3049 seductus
1358 2990 1466 3046 Iuit
1501 3006 1531 3046 a
1573 2988 1803 3046 diabolo.
1847 2987 1981 3043 Cum

397 3108 531 3151 vero
550 3092 618 3148 ad
645 3088 945 3146 curandum
976 3087 1121 3142 hunc
1150 3084 1417 3140 morbum'
1436 3082 1801 3139 necessarium
1839 3089 1985 3135 esset

400 3199 461 3244 ut
503 3183 843 3243 immutabile
890 3181 984 3238 Dei
1014 3179 1254 3237 Verbum
1280 3178 1520 3247 seipsum
1556 3189 1657 3245 pro
1686 3172 1842 3229 nobis
1868 3170 1985 3226 dia-

399 3277 524 3334 bolo
550 3282 869 3346 opponeret,
900 3280 979 3337 ut,
1008 3269 1466 3342 quemadmodum
1496 3281 1592 3338 per
1620 3266 1763 3323 illius
1802 3275 1980 3320 muta-

400 3371 661 3426 bilitatem
714 3365 840 3421 victi
893 3378 1143 3430 eramus,
1209 3363 1284 3417 ita
1332 3376 1432 3431 per
1494 3357 1983 3414 immutabilitatem

399 3457 565 3515 Verbi
601 3458 907 3513 vincamus.
945 3455 1154 3510 Idcirco
1187 3451 1428 3522 ungitur,
1463 3460 1649 3522 utpote
1692 3465 1905 3521 seraper
1932 3459 1988 3505 et

403 3549 812 3606 immutabiliter
877 3546 1146 3618 justitiam
1210 3544 1475 3614 diligens,
1535 3552 1593 3600 et
1645 3542 1985 3613 iniquitatem

402 3657 619 3701 exesam
652 3640 878 3706 habens,
923 3639 1127 3709 quique
1153 3636 1350 3692 mutari
1380 3643 1633 3705 nequeat.
1662 3633 1796 3688 Cum
1825 3634 1988 3703 igitur

403 3737 535 3792 dicit
578 3751 593 3789 :
641 3752 661 3786 ι
697 3731 940 3788 Dilexisti
991 3729 1261 3801 justitiam
1305 3734 1360 3783 et
1406 3727 1566 3782 odisti
1619 3723 1986 3797 iniquitatem,

405 3828 608 3885 idcirco
638 3826 796 3881 unxit
820 3835 870 3880 te
904 3824 1063 3890 Deus,
1103 3840 1124 3872 ι
1159 3822 1235 3877 ita
1273 3819 1512 3890 inteiiige
1536 3833 1559 3872 .-
1590 3817 1733 3874 Cum
1766 3833 1833 3873 ex
1871 3832 1988 3872 om-

407 3919 567 3976 nibus
607 3917 809 3975 creatis
843 3915 1158 3971 mutabilem
1204 3922 1457 3967 naturam
1494 3909 1822 3966 habentibus
1856 3908 1993 3964 nihil-

407 4012 622 4068 diabolo
672 4010 939 4066 obsistere
996 4014 1211 4075 posset;
1264 4013 1320 4058 tu
1368 4016 1500 4058 vero
1544 4016 1611 4057 ex
1662 4000 1988 4056 immutabili

408 4104 568 4159 Patre
598 4098 949 4159 immutabilis
977 4096 1271 4160 exsistens,
1304 4092 1444 4150 Deus
1482 4092 1738 4160 Verbum,
1772 4106 1990 4164 semper

404 4196 669 4267 justitiam
712 4192 914 4263 diligis,
963 4200 1018 4245 et
1063 4187 1407 4258 iniquitatem
1472 4184 1681 4253 odisti,
1735 4184 1890 4240 unxit
1937 4193 1992 4242 te

412 4289 577 4352 Deus,
605 4285 740 4342 utin
765 4293 837 4350 te,
866 4291 920 4339 et
939 4281 1155 4353 quidem
1180 4279 1377 4350 primo,
1409 4276 1645 4334 hominis
1677 4284 1867 4333 natura
1894 4274 1991 4331 ad-

408 4394 600 4437 versus
620 4394 742 4435 eum
770 4374 957 4432 victrix
984 4373 1259 4430 evaderet.

623 4591 853 4661 ALIUD,
900 4606 967 4646 ea.
993 4589 1173 4645 eodem
1209 4586 1513 4658 syllogismo
1541 4586 1770 4641 illatum.

483 4724 655 4785 Multa
672 4720 1041 4799 hujuscemodi
1058 4719 1111 4775 in
1127 4734 1279 4775 sacra
1296 4718 1578 4787 Scriptura
1598 4716 1665 4773 de
1686 4716 1797 4774 Deo
1813 4730 1876 4771 ac
1888 4715 1991 4771 Pa-

424 4811 953 4885 tredicuntur,{quod
980 4811 1141 4885 199
1162 4829 1181 4865 ι
1199 4811 1384 4868 Justus
1408 4811 1664 4868 Dominus
1681 4819 1735 4866 et
1750 4809 1992 4879 justitias

421 4909 615 4967 dilexit
654 4909 719 4962 τ’.
753 4925 772 4961 ι
806 4906 871 4961 Ει
913 4921 1106 4961 rursus
1148 4922 1163 4960 :
1210 4924 1228 4957 ι
1260 4903 1433 4961 Odisti
1471 4918 1662 4959 omnes
1706 4910 1994 4974 operantes

418 4999 753 5071 iniquitatem
780 4998 847 5053 ⁷³.
873 5014 893 5049 ι
926 4994 1057 5051 Item
1085 5013 1098 5049 :
1133 5014 1151 5047 ι
1180 4994 1290 5064 Ego
1312 4994 1571 5049 Dominus
1590 4994 1681 5064 qui
1712 4992 1878 5062 diligo
1902 4992 1992 5063 ju-

413 5092 642 5155 stitiam,
672 5095 727 5142 et
770 5086 860 5142 odi
906 5085 1127 5155 rapinas
1151 5098 1219 5139 ex
1261 5082 1548 5154 iniquitate
1579 5082 1647 5136 ⁷⁸.
1680 5102 1700 5136 ι
1734 5085 1898 5154 Atqui
1943 5083 1990 5139 si

414 5184 539 5252 quis
570 5182 716 5237 dicat
748 5197 762 5234 :
793 5178 1016 5250 Magnus
1044 5176 1303 5232 Dominus
1339 5183 1541 5240 noster,
1569 5176 1697 5246 quia
1723 5174 1991 5247 justitiam

426 5277 604 5348 diligit
644 5283 701 5332 et
723 5273 837 5330 odit
862 5269 1199 5340 iniquitatem
1226 5288 1241 5325 :
1272 5285 1342 5324 an
1384 5269 1572 5326 titulus
1602 5270 1711 5335 bic,
1740 5286 1987 5342 magnus,

423 5370 533 5427 erit
558 5367 671 5423 Deo
696 5381 762 5421 ac
787 5365 932 5421 Patri
964 5376 1174 5419 merces
1199 5361 1437 5431 virtutis,
1467 5362 1612 5433 quod
1636 5364 1752 5421 haec
1775 5362 1994 5436 quidem

417 5459 691 5525 antet,_illa
713 5472 841 5513 vero
854 5455 1030 5515 oderit
1046 5454 1242 5527 ?,Certe
1262 5457 1677 5525 nemoﬁunquam
1692 5454 1828 5512 adeo
1845 5454 1993 5513 insa-

421 5553 601 5608 nierit.
651 5548 1113 5619 Quemadmodum
1155 5548 1319 5617 igitur
1371 5547 1678 5618 bujusmodi
1733 5557 1881 5604 recte
1927 5561 1992 5602 ac

420 5644 508 5714 pie
531 5644 599 5701 de
628 5641 787 5698 Patre
816 5641 1069 5698 dicuntur
1106 5656 1121 5691 :
1160 5639 1232 5694 ita
1268 5642 1433 5695 etiam
1464 5649 1610 5695 recte
1632 5638 1700 5694 de
1740 5640 1877 5695 Filio
1910 5640 1993 5694 in-

2573 2002 2735 2072 Πρὸς
2756 2001 2935 2057 τοῦτο
2970 2002 3171 2070 λύσις.

2170 2141 2406 2213 Ἑγειραι
2438 2142 2467 2195 ό
2499 2136 2808 2203 καθεύδων,
2835 2138 2931 2191 καὶ
2964 2137 3172 2192 ἀνάστα
3196 2137 3262 2192 ὲκ
3289 2136 3402 2190 -τῶν
3431 2137 3670 2210 νεκρῶτιι,

2080 2237 2176 2292 καὶ
2212 2235 2420 2307 ἀκούσῃ
2443 2233 2625 2297 πάλιν,
2660 2229 2925 2303 αἱρετικὲ.
2971 2229 3211 2301 Ἐπειδὴ,
3264 2230 3453 2303 φησὶν,
3474 2249 3507 2283 νο
3545 2230 3671 2301 ipi-

2083 2325 2519 2401 σησας-ἀδικίαν,
2547 2324 2646 2378 καὶ
2661 2323 2957 2395 ἠγάπησας
2977 2322 3349 2393 δικαιοσύνην,
3384 2325 3475 2378 διὰ
3502 2323 3669 2378 τοῦτο

2081 2421 2270 2495 ἐχρισέ
2298 2436 2361 2473 σε
2381 2421 2408 2473 ὁ
2433 2418 2566 2482 Θεὸς
2583 2457 2600 2479 ,
2640 2436 2659 2468 ι
2687 2418 2790 2488 οὐχ
2812 2418 2898 2471 ἵνα
2923 2414 3116 2487 μισθὸν
3138 2416 3339 2488 ἀρετῆς
3369 2417 3433 2469 τὸ
3454 2416 3669 2490 χρίσμα

2075 2511 2327 2569 δεδόσθαι
2347 2527 2428 2575 τις
2446 2508 2712 2580 ύπολάὁῃ,
2742 2507 2858 2562 ἀλλ’
2901 2507 2988 2561 ἶνα
3017 2507 3247 2560 τοιῶσδε
3284 2509 3573 2578 νοήσωμεν
3606 2508 3677 2563 τὸ

2081 2608 2391 2678 λεγόμενον.
2442 2605 2697 2675 Τρεπτῆς
2746 2603 3007 2673 ὑπάρχων
3040 2602 3257 2673 φύσεως
3301 2604 3336 2656 6
3360 2602 3672 2674 προπάτωρ

2093 2700 2283 2772 Ἀδὰμ,
2315 2699 2408 2752 καὶ
2435 2696 2696 2767 πεφυκὼς
2718 2695 2831 2750 ἐσθ’
2846 2697 2937 2751 ὅτε
2967 2695 3098 2749 ποτὲ
3129 2695 3231 2767 μὲν
3262 2694 3363 2766 τὴν
3388 2693 3672 2749 δικαιοσύ-

2081 2810 2180 2863 νην
2213 2792 2434 2864 ἀγαπᾷν
2468 2793 2563 2845 καὶ
2596 2793 2777 2862 μισεῖν
2822 2790 2923 2861 τὴν
2978 2789 3217 2855 ἀδικίαν,
3264 2788 3396 2843 ποτὲ
3422 2788 3482 2843 δὲ
3503 2788 3675 2844 πάλιν

2082 2889 2161 2950 εἰς
2181 2886 2286 2958 τὴν
2306 2886 2551 2939 ἐναντίαν
2578 2884 2691 2952 ἕξιν
2714 2882 3048 2955 μεταπηδᾷν,
3082 2883 3177 2937 καὶ
3204 2883 3426 2954 ἀγαπᾷν
3450 2881 3549 2954 μὲν
3571 2881 3679 2954 τὴν

2083 2979 2319 3041 ἀδικίαν,
2374 2980 2554 3048 μισεῖν
2586 2978 2647 3030 δὲ
2671 2978 2772 3048 τὴν
2803 2974 3155 3047 δικαιοσύνην
3197 2974 3391 3047 (τοῦτο
3421 2975 3533 3046 γάρ
3561 2974 3674 3030 τῶν

2083 3068 2430 3142 τρεπομένην
2492 3067 2725 3138 ἐχόντων
2764 3069 2867 3140 τὴν
2916 3067 3079 3136 φύσιν
3122 3066 3311 3137 ἴδιον),
3343 3064 3677 3140 παρηνέχθη

2086 3160 2237 3234 παρά
2264 3160 2357 3216 τοῦ
2379 3160 2651 3215 διαϐόλου.
2696 3158 2912 3230 Ἐπειδὴ
2938 3159 2995 3213 δὲ
3023 3158 3160 3231 πρὸς
3181 3159 3283 3230 τὴν
3309 3157 3404 3213 τοῦ
3420 3158 3673 3212 «τοιούτου

2082 3256 2388 3325 νοσήματος
2422 3254 2575 3307 λύσιν
2599 3253 2707 3307 ἔδει
2743 3253 2835 3307 τὸν
2879 3253 3147 3325 ἄτρεπτον
3196 3249 3454 3306 τοῦιΘεοῦ
3499 3252 3676 3321 Λόγον

2082 3348 2277 3402 ἑαυτὸν
2318 3347 2459 3420 ὑπὲρ
2478 3347 2637 3417 ἡμῶν
2668 3346 2967 3401 ἀντιθεῖναι
2996 3346 3075 3417 τῷ
3106 3345 3351 3418 πονηρῷ,
3392 3345 3679 3419 ἶν’ὦσπερ

2084 3440 2173 3495 διὰ
2190 3442 2290 3512 τῆς
2319 3440 2530 3494 ἐκείνου
2585 3440 2802 3511 -τροπῆς
2834 3438 3205 3510 ὲνικήθημεν,
3263 3437 3409 3493 οὕτω
3452 3438 3545 3494 διὰ
3572 3440 3677 3510 τῆς

2086 3532 2346 3604 ἀτρεψίας
2384 3530 2481 3584 τοῦ
2512 3530 3117 3602 Λόγουκρατησωμεν·
3151 3530 3241 3584 διὰ
3270 3529 3433 3585 τοῦτο
3458 3530 3679 3603 χρίεται

2088 3623 2163 3687 ὡς
2190 3621 2279 3676 ἀεὶ
2304 3622 2399 3675 καί.
2416 3620 2903 3694 [ἀ]παραλλάκτως
2943 3620 3291 3694 δικαιοσύνην
3310 3621 3562 3690 ἀγαπῶν,
3579 3624 3679 3676 καὶ

2091 3714 2263 3784 μισῶν
2296 3714 2532 3778 ἀδικίαν,
2581 3714 2675 3767 καὶ
2723 3712 3000 3785 τραπῆναι
3042 3713 3117 3784 μὴ
3155 3713 3475 3785 δυνάμενος.
3504 3714 3677 3767 Ὅταν

2088 3804 2180 3861 οὖν
2212 3806 2368 3879 λέγῃ,
2408 3807 2775 3876 «Ἠγάπησας
2822 3806 3203 3878 δικαιοσύνην,
3256 3807 3354 3861 καὶ
3405 3807 3679 3878 ἐμίσησας

2088 3898 2322 3963 ἀδικίαν,
2344 3898 2432 3952 διὰ
2458 3898 2616 3951 τοῦτο
2646 3897 2831 3969 ἔχρισέ
2861 3915 2920 3951 σε
2944 3900 2973 3952 6
3012 3897 3175 3961 Θεὸς,
3214 3917 3233 3951 ι
3264 3897 3519 3971 τοιαύτην
3550 3900 3674 3955 τινὰ

2088 3992 2246 4063 δέχου
2278 3990 2515 4044 διάνοιαν
2532 4009 2545 4021 ·
2580 3988 2804 4062 Ἐπειδὴ
2824 3990 3044 4045 πάντων
3068 3990 3178 4045 τῶν
3205 3990 3450 4062 γενητῶν
3472 4008 3675 4063 τρεπο-

2091 4085 2261 4157 μένην
2287 4085 2520 4155 ἐχόντων
2544 4084 2644 4155 τὴν
2670 4082 2832 4154 φύσιν
2862 4082 3015 4136 οὐδὲν
3043 4081 3273 4153 ἠδύνατο
3300 4084 3569 4155 μάχεσθαι
3595 4084 3677 4155 τῷ

2088 4175 2339 4247 διαϐόλῳ,
2388 4176 2456 4229 σὺ
2478 4175 2539 4228 δὲ
2595 4174 2656 4241 ἐξ
2685 4174 2958 4247 ἀτρέπτου
3009 4173 3227 4245 Πατρὺς
3273 4175 3544 4247 ἄτρεπτος
3573 4174 3671 4240 ὢν,

2088 4268 2221 4334 Θεὸς
2245 4268 2435 4338 Λόγος,
2466 4268 2557 4321 ἀεὶ
2581 4266 2929 4339 δικαιοσύνην
2957 4267 3203 4340 ἀγαπᾷς,
3238 4269 3337 4340 τήν
3380 4286 3438 4322 τε
3458 4269 3676 4325 ἀδικίαν

2094 4363 2290 4432 μισεῖς,
2315 4359 2503 4431 ἐχρισέ
2524 4377 2584 4413 σε
2613 4362 2643 4414 6
2670 4359 2824 4425 Θεὸς,
2875 4359 2963 4414 ἵνα
2992 4360 3050 4414 ὲν
3079 4362 3163 4416 σοὶ
3213 4362 3305 4415 καὶ
3341 4360 3544 4435 πρώτῳ
3573 4363 3677 4437 τὴν

2090 4452 2379 4525 ἀνθρώπου
2417 4451 2581 4523 φύσιν
2608 4453 2739 4525 παρ’
2769 4452 2909 4508 αὐτὰ
2942 4453 3181 4509 νικῶσαν
3212 4454 3494 4528 θεάσηται.

2023 4592 2075 4649 υ
2166 4590 2373 4650 ΑΛΛΟ.
2390 4588 2459 4643 ἐκ
2485 4587 2591 4642 τοῦ
2611 4589 2799 4645 αὐτοῦ
2825 4590 3136 4661 συναχθὲν
3157 4592 3605 4664 συλλογισμοῦ.

2163 4724 2494 4798 Εύρίσκεται
2515 4723 2669 4797 παρὰ
2692 4726 2758 4795 τῇ
2784 4725 2908 4796 θείᾳ
2925 4724 3118 4798 Γραφῇ
3148 4725 3392 4798 περὶτοῦ
3423 4726 3560 4781 Θεοῦ
3582 4729 3687 4783 καὶ

2062 4815 2309 4893 1Πατρὸς
2345 4814 2573 4885 κείμενα
2616 4813 2847 4870 τοιαῦτα
2885 4813 3080 4881 πολλὰ,
3112 4816 3196 4870 ὅτι
3229 4834 3248 4868 ι
3299 4816 3520 4881 Δίκαιος
3565 4817 3682 4871 Κύ-

2097 4925 2211 4980 ριος
2244 4907 2339 4962 καὶ
2365 4905 2714 4971 δικαιοσύνας
2730 4906 3008 4979 ἠγάπησε.
3038 4924 3059 4959 a
3093 4906 3206 4962 Καὶ
3229 4906 3412 4962 πάλιν
3451 4925 3473 4959 ι
3520 4908 3676 4978 Ἐμί-

2097 5016 2271 5072 σησας
2302 4999 2510 5063 πάντας
2533 4999 2661 5063 τοὺς
2696 4999 3099 5073 ἐργαζομένους
3127 5000 3227 5072 τὴν
3251 5000 3500 5072 ἀνομίαν.
3530 5021 3549 5054 ι
3571 5004 3681 5069 Καὶ

2099 5092 2282 5147 πάλιν·
2319 5110 2338 5143 ι
2376 5093 2517 5162 Ἐγώ
2535 5094 2653 5163 ειμι
2700 5092 2906 5166 Κύριος
2957 5094 2987 5146 ὁ
3033 5093 3265 5164 ἀγαπῶν
3296 5094 3679 5166 δικαιοσύνην,

2102 5188 2198 5238 καὶ
2222 5183 2394 5255 μισῶν
2425 5186 2766 5257 ἁρπάγματα
2811 5186 2870 5253 ἐξ
2911 5185 3149 5251 ἀδικίας.
3192 5205 3216 5239 a
3254 5180 3367 5259 Ἀρ
3398 5181 3493 5241 οὖν
3513 5187 3567 5240 εἴ
3598 5203 3681 5251 τις

2102 5277 2199 5329 καὶ
2219 5275 2319 5330 διὰ.
2332 5274 2506 5331 ταῦτα
2532 5276 2700 5348 λέγοιτ
2728 5277 2920 5347 Μέγας
2948 5278 2981 5330 ὁ
3028 5277 3234 5350 Κύριος
3272 5277 3453 5350 ἡμῶν,
3483 5279 3687 5347 ὃτιτὴν

2102 5366 2457 5440 δικαιοσύνην
2491 5370 2702 5442 ἀγαπᾷ,
2754 5373 2903 5442 μισεῖ
2955 5370 3015 5425 δὲ
3063 5371 3171 5443 τὴν
3209 5370 3453 5438 ἀδικίαν,
3494 5371 3684 5443 μισθὸς

2099 5458 2253 5515 ἔσται
2272 5460 2359 5531 τῷ
2380 5460 2501 5532 Θεῷ
2539 5462 2633 5517 καὶ
2658 5464 2837 5533 Πατρὶ
2862 5463 2925 5518 τὸ
2950 5462 3142 5534 μέγας
3166 5465 3263 5518 καὶ
3316 5464 3525 5535 ἀρετῆς
3555 5466 3680 5518 ἀντ-

2101 5550 2392 5617 απόδοσις,
2441 5553 2523 5607 ὅτι
2579 5554 2707 5609 τάδε
2768 5556 2869 5627 μὲν
2900 5557 3123 5628 ἀγαπᾷ,
3156 5560 3309 5628 μισεῖ
3352 5557 3408 5611 δὲ
3458 5559 3687 5621 lasciva;

2116 5640 2255 5694 Ἀλλ’
2282 5642 2384 5696 οὐκ
2421 5643 2487 5697 ἀν
2515 5660 2600 5708 τις
2629 5645 2773 5699 οὕτω
2816 5646 3011 5717 μανείη
3040 5647 3193 5702 ποτέ.
3226 5648 3447 5708 ’Ὠσπερ
3467 5643 3565 5703 οὖν
3586 5649 3683 5709 ἐπὶ

491 5817 542 5855 ’⁸
572 5816 713 5875 Psal.
737 5831 881 5887 xm,
909 5818 962 5873 8.
1042 5818 1080 5850 ”
1118 5817 1316 5889 Ephes.
1340 5834 1394 5886 ν,
1426 5819 1512 5874 ii.
1590 5820 1635 5852 "
1664 5817 1805 5875 Psal.
1847 5833 1897 5884 κ,
1932 5818 1985 5873 8.

2091 5820 2109 5853 ⁸
2135 5819 2277 5876 Paul.
2310 5837 2363 5888 ν,
2400 5822 2448 5876 7.
2532 5822 2577 5853 ⁷⁵
2605 5821 2864 5893 lsa.'i.xl,
2896 5824 2949 5880 8.
