3882 6210
283 309 396 366 337

1682 328 1727 379 ἰ’
1733 328 1955 386 ΗΕΒΔύ
1965 328 2010 386 Β
2017 330 2059 390 Β
2068 331 2128 388 δι

3448 350 3553 408 538

286 419 381 474 τοῦ
413 418 627 527 Πατρός
652 422 892 490 εὐσεϐῶς
935 429 1139 485 νοεῖται
1171 427 1243 485 τά
1297 432 1519 488 τοιῶσδε
1569 435 1837 511 λεγόμενα

1980 443 2147 516 telligi
2186 458 2434 518 possunt;
2469 450 2830 526 Namimago
2846 458 3234 531 archetypum,
3265 466 3322 515 et
3358 461 3549 517 arche-

284 510 461 605 οῦτως
484 510 551 605 ᾂν
570 512 809 583 εὐλόγως
832 518 1134 594 ὲκληφθείη
1164 525 1260 578 καὶ
1300 525 1386 595 ἐφ’
1415 527 1566 583 Υἱοῦ.
1594 530 1737 602 Πρὸς
1766 532 1876 605 γὰρ

283 603 347 659 τὸ
371 603 681 673 ἀρχέτυπον
706 610 742 681 ἠ
782 610 970 679 εἰκὼν,
992 613 1089 667 καὶ
1114 615 1250 686 πρὸς
1278 617 1378 689 τὴν
1410 620 1599 675 εἰκόνα
1629 622 1691 676 τὸ
1718 603 1877 696 ἀρχέο

281 713 348 749 τυ
352 715 452 752 πον
458 740 472 753 ο

284 814 395 880 Elg-
430 816 498 869 τὸ
517 819 843 897 ῥητόν-τρῦ
878 823 1245 897 ξᾼποστὸλου
1275 826 1343 880 τὸ
1369 827 1553 897 λέγον
1571 846 1585 861 ·
1629 849 1647 882 ι
1670 832 1879 889 Ἐκάθ-

356 901 492 971 ισεν
622 889 792 971 δεξιᾷ
830 889 941 958 τῆς
993 889 1544 971 μεγαιλωσύνῃςίέν
1572 902 1871 971 ὑψηλοῖς,

358 957 628 1025 τοσούτῳ
653 957 936 1029 κρείττων
960 957 1278 1033 γενόμενος
1300 957 1423 1021 τώἶ
1447 957 1735 1041 ἀγγέλωᾶ.
1778 992 1797 1025 ι

356 1068 421 1121 Ui
452 1071 553 1142 τῆς
570 1073 759 1138 οὐσίας
782 1075 877 1130 τοῦ
900 1076 1037 1131 Θεοῦ
1064 1078 1237 1148 Λόγου
1288 1081 1597 1153 τολμῶντες
1639 1104 1875 1157 κατηγο-

282 1160 422 1229 ρεῖν.
454 1162 549 1214 καὶ
580 1162 673 1218 τὸν
706 1165 837 1221 Υιὸν
870 1170 983 1233 τοῖς
1015 1174 1264 1242 γενητοῖς
1296 1176 1608 1231 συντάττειν
1643 1180 1873 1235 σπουδά-

284 1250 473 1318 ζοντες
498 1272 652 1324 φασι,
694 1260 1042 1331 σοφιζόμενοι
1065 1262 1164 1334 τὴν
1198 1264 1475 1337 ἀλήθειαν·
1514 1269 1579 1322 Εἰ
1606 1270 1872 1342 κρείττων

282 1344 477 1434 γέγονε
507 1347 616 1401 τῶν
641 1349 888 1419 ἀγγέλων
935 1354 965 1407 6
1017 1354 1166 1419 Υῖὶὸς,
1198 1356 1309 1411 ἀπὸ
1365 1360 1575 1431 τροπῆς
1623 1361 1731 1432 ἄρα
1757 1362 1871 1434 ἔχει

280 1432 442 1487 τοῦτο
469 1438 569 1509 τῆς
601 1438 693 1493 ἐπὶ
726 1440 788 1494 τὸ
813 1440 1057 1513 ἄμεινον·
1087 1443 1115 1495 ὃ
1155 1444 1271 1517 γὰρ.
1300 1447 1401 1502 οὐκ
1432 1444 1500 1519 ἦν
1525 1449 1761 1519 ἐγένετο.
1785 1432 1871 1505 7T6

278 1524 422 1590 ὅλως
453 1532 871 1596 μεταποιεῖσθαι
904 1532 1220 1606 δυνάμενον,
1285 1539 1380 1593 καὶ
1434 1542 1542 1596 ἀπό
1592 1561 1737 1609 τινος
1788 1547 1869 1611 εἰς

277 1615 469 1688 ἕτερόν
517 1637 573 1674 τι
622 1624 1062 1698 παραφέρεσθαι,
1107 1631 1351 1703 τρεπτῆς
1390 1633 1475 1693 ἂν
1508 1635 1593 1707 εἴη
1630 1637 1864 1707 φύσεως.

278 1708 347 1761 Ei
373 1710 718 1808 Casperiam,
745 1717 917 1790 δῆλον
959 1721 1044 1776 ὃτι
1092 1723 1189 1776 καὶ
1214 1726 1451 1798 γενητῆς
1475 1770 1490 1795 ,
1545 1724 1616 1808 ἧς
1658 1730 1864 1806 totcui)

277 1804 479 1875 τροπή.

762 1924 918 1991 Πρὸς
963 1927 1142 1982 τοῦτο
1178 1929 1385 1998 λύσις.

352 2029 576 2101 Πρῶτον
609 2034 706 2104 μὲν
734 2029 830 2089 οῦν
854 2038 1121 2110 προσήκει
1176 2042 1270 2097 τὸν
1323 2046 1405 2109 εἰς
1460 2046 1691 2119 ἔρευναν
1752 2050 1880 2107 τῶν

277 2122 448 2216 θείων
487 2125 829 2181 εἰσϐαίνοντα
879 2129 1134 2202 Γραφῶν,
1183 2135 1276 2189 τὸν
1332 2139 1524 2210 καιρὸν
1577 2142 1861 2216 ἐπιτηρεῖν

274 2214 401 2309 καθ’
425 2215 485 2269 ὃν
513 2216 730 2309 λέγεται
774 2220 1217 2309 τδέδηλούμενον,
1280 2230 1376 2284 καὶ
1409 2231 1702 2302 πρόσωπον
1727 2214 1861 2309 παρ’

273 2301 359 2369 οὗ,
390 2307 422 2377 ἢ
456 2307 522 2361 δι’
559 2302 643 2372 οὗ,
677 2310 869 2381 ἢ“περὶ
888 2308 969 2369 ιοῦ
1010 2315 1248 2382 λέγεται*
1277 2320 1419 2375 οὕτω
1450 2301 1561 2396 γάρ
1589 2324 1656 2379 ἂν
1683 2301 1860 2383 ἀπλα-

273 2398 374 2470 νὴς
406 2402 439 2468 ἡ
471 2399 678 2455 διάνοια
703 2402 1001 2477 φυλαχθείη
1035 2411 1149 2473 τοῖς
1178 2411 1356 2482 ὀρθῶς
1393 2414 1639 2471 ἐθέλουσι
1691 2422 1856 2476 νοεῖν.

273 2488 604 2582 ῐὲνωσόμεθα
635 2493 734 2563 μὲν
766 2490 860 2548 οὖν
901 2496 962 2551 τὸ
1000 2498 1107 2554 ἀπὸ
1151 2501 1248 2555 τοῦ
1300 2505 1494 2576 καιροῦ
1541 2510 1815 2582 χρήσιμον
1838 2551 1855 2579 ,

272 2580 384 2636 τῶν
410 2583 579 2652 ἁγίων
598 2586 917 2643 ἀποστόλων
963 2590 1253 2658 ἀκούοντες
1297 2595 1565 2666 λεγόντων
1595 2580 1821 2676 Χριστῷ
1839 2623 1855 2638 °

278 2691 300 2724 ι
337 2675 473 2728 Πότε
494 2676 667 2731 ταῦτα
695 2678 869 2744 ἔσται,
900 2682 1078 2736 καὶ’τί
1102 2685 1412 2759 τὸσημεῖον
1450 2693 1549 2761 τῆς
1572 2693 1673 2763 σῆς
1709 2675 1857 2768 παρ-

271 2766 490 2832 ουσίας
531 2787 552 2820 ι
596 2769 690 2823 Ἐκ
712 2770 770 2825 δὲ
799 2771 989 2846 τοῦμὴ
1012 2774 1442 2851 εἰδέναι-καιρὸν,
1468 2766 1857 2858 ἐζημιώθησαν

270 2858 325 2910 al
356 2861 489 2930 περὶ
518 2861 809 2933 Ὑμέναιον
838 2866 935 2921 καὶ
985 2868 1349 2943 Ἀλέξανδρον,
1374 2874 1692 2944 νομίσαντες
1721 2878 1855 2940 ἀνάγ

274 2962 465 3004 στασιν
493 2949 593 3023 ήδη
632 2953 938 3022 γεγονέναι.
986 2960 1079 3014 καὶ
1124 2961 1281 3016 τοῦτο
1324 2963 1595 3032 λέγοντες.
1649 2969 1769 3022 Ὀτι
1797 2970 1874 3024 δὲ·

272 3039 384 3093 τῶν
405 3040 713 3112 προσώπων
765 3047 1042 3118 ἀναγκαία
1083 3053 1176 3106 καὶ
1226 3055 1575 3128 ὲπωφελὴςὴ
1615 3059 1853 3127 γνῶσις,

1978 549 2136 612 typus
2166 541 2456 616 imaginem
2498 548 2713 612 refert..

1976 826 2047 882 ιιι
2081 829 2281 908 dictum
2315 832 2450 908 illud
2492 832 2695 908 Pauli:
2724 836 2926 895 taSedet
2959 838 3014 894 in
3043 840 3257 894 dextera
3288 842 3547 908 magnitu-

2064 900 2204 955 dinis
2228 902 2549 973 innocuis,
2577 916 2725 963 tanta
2747 909 2933 964 metior
2951 910 3125 979 [actus
3143 911 3360 983 angelis
3377 900 3452 970 θ’.
3485 934 3503 965 ι

2044 1074 2147 1144 Qui
2175 1081 2468 1138 essentiam
2502 1082 2663 1140 Verbi
2714 1086 2812 1143 Dei
2861 1087 3188 1145 calumniari
3237 1090 3464 1155 audent,
3493 1102 3548 1144 et

1972 1164 2168 1223 Filiqu
2200 1170 2342 1226 inter
2364 1182 2647 1231 creaturas
2669 1177 2914 1247 redigere
2938 1189 3230 1248 conantur,
3261 1182 3546 1236 veritatem

1972 1257 2341 1319 adulterantes
2372 1265 2445 1320 ita
2480 1267 2673 1324 aiunt:
2705 1269 2762 1325 Si
2796 1270 2967 1327 Filius
3009 1272 3189 1329 factus
3230 1282 3318 1329 est
3358 1275 3549 1329 melior

1971 1350 2181 1423 angelis
2203 1369 2220 1421 ;
2246 1369 2378 1427 ergo
2410 1370 2483 1413 ex.
2514 1360 2815 1419 mutatione
2847 1364 2900 1419 in
2931 1364 3125 1421 melius
3180 1365 3230 1421 id
3279 1380 3545 1421 consecu-

1973 1450 2060 1499 tus
2086 1452 2171 1499 est
2201 1461 2215 1500 :
2248 1445 2422 1504 factus
2445 1450 2590 1505 enim
2622 1461 2728 1521 est,
2758 1454 2901 1523 quod
2931 1471 3036 1511 non
3065 1465 3206 1512 erat.
3238 1456 3392 1522 Quod
3418 1470 3546 1511 vero

1971 1531 2025 1587 in
2070 1535 2385 1593 universum
2430 1541 2626 1597 mutari
2678 1553 2858 1612 potest
2909 1554 2966 1600 et
3021 1560 3087 1601 ex
3137 1561 3245 1600 uno
3301 1545 3355 1600 in
3399 1545 3547 1599 aliud

1969 1625 2277 1693 transferri,
2310 1631 2585 1689 mutabilis
2608 1643 2812 1689 natura
2838 1634 2932 1702 sit,
2966 1650 3190 1692 necesse
3216 1648 3325 1692 est.
3359 1634 3417 1692 Si
3451 1651 3544 1692 ve-

1969 1731 2031 1773 ro
2081 1719 2355 1778 mutabilis
2397 1734 2604 1782 natura;
2658 1734 2764 1793 est,
2811 1728 2918 1784 erit
2973 1732 3140 1785 etiam
3181 1738 3402 1799 creatae,
3455 1731 3545 1787 cui

1894 1820 1943 1877 Β
1956 1810 2183 1881 propria
2216 1820 2304 1870 est
2329 1817 2581 1873 mutatio.

2480 1924 2688 1984 Salutio
2712 1930 3042 1999 objectionis.

2034 2044 2275 2101 Brimum
2301 2043 2519 2115 quidem
2557 2051 2773 2114 oportet
2823 2061 2947 2102 eum
2998 2047 3089 2117 qui
3141 2047 3208 2102 ad
3248 2047 3542 2120 investiga-

1965 2137 2164 2195 tionem
2194 2120 2471 2193 sacrarum
2523 2135 2932 2207 Scripturarum
2976 2138 3211 2204 accedit,
3244 2140 3541 2196 observare

1965 2238 2177 2301 tempus
2226 2243 2332 2299 quo
2359 2228 2565 2300 aliquid
2618 2229 2842 2297 dicitur,
2896 2238 2953 2286 et
3001 2246 3290 2303 personam
3319 2249 3349 2287 a
3384 2250 3491 2306 qua
3521 2276 3538 2301 ,

1959 2336 2182 2398 propter
2211 2325 2361 2397 quid,
2396 2332 2451 2381 et
2482 2325 2550 2381 de
2579 2339 2693 2397 quo
2723 2325 2963 2382 dicitur:
2988 2326 3061 2383 ita
3094 2328 3239 2382 enim
3269 2327 3363 2398 qui
3390 2338 3540 2382 recte

1960 2417 2169 2473 sentire
2216 2416 2419 2485 velint,
2462 2418 2602 2473 citra
2654 2417 2820 2474 ullum
2876 2434 3118 2476 errorem
3165 2435 3286 2491 qua:
3335 2420 3537 2489 scripta

1958 2518 2088 2564 sunt
2120 2508 2443 2581 intelligent.
2482 2510 2768 2583 Temporis
2798 2512 2984 2583 itaque
3016 2512 3305 2568 utilitatem
3338 2526 3538 2584 cogno-

1958 2615 2197 2666 scemus.
2225 2616 2349 2658 cum
2392 2604 2675 2661 audiemus
2718 2614 2942 2661 sanctos
2987 2605 3259 2677 apostolos
3284 2606 3352 2660 ad
3378 2603 3541 2660 Chri-

1957 2698 2100 2744 stum
2148 2689 2389 2747 dicentes
2431 2708 2445 2745 :
2481 2710 2501 2744 ι
2549 2692 2778 2759 Quando
2807 2693 2924 2750 haec
2975 2704 3155 2761 erunt,
3201 2702 3258 2749 et
3287 2695 3430 2766 quod
3464 2695 3540 2749 si-

1958 2792 2235 2851 gnumest
2281 2784 2359 2839 tui
2399 2785 2666 2843 adventus
2706 2786 2799 2841 7‘?
2838 2806 2856 2840 ι
2915 2784 3237 2859 Hymenmus
3286 2788 3448 2842 etiam
3484 2799 3539 2840 et

1956 2874 2263 2931 Alexander
2295 2887 2515 2948 propter
2557 2878 2927 2949 ignorantiam
2965 2879 3224 2950 temporis
3260 2889 3537 2939 errarunt.

1956 2978 2265 3026 asserentes
2288 2973 2747 3029 resurrectionem
2773 2973 2885 3043 jam
2916 2974 3117 3032 factam
3154 2991 3279 3031 esse
3297 2976 3364 3032 ⁷⁷.
3384 2975 3536 3044 Quod

1954 3079 2089 3119 vero
2148 3079 2505 3134 personarum
2542 3068 2731 3125 notitia
2773 3070 3085 3125 necessaria
3135 3070 3398 3140 utilisque
3441 3071 3534 3130 sit.

270 3132 533 3201 εἰσόμεθα
550 3135 735 3202 πάλιν,
753 3138 881 3194 ὅταν
901 3141 930 3193 6
943 3142 1208 3214 Εὑνοῦχος
1232 3146 1365 3218 λέγῃ
1383 3148 1521 3220 πρὸς
1548 3150 1813 3206 Φίλιππον
1833 3172 1853 3183 ’ί

1961 3170 2016 3211 ex
2067 3170 2135 3211 eo
2178 3156 2566 3228 intelligemus,
2625 3175 2747 3215 cum
2782 3163 3067 3218 eunuchus
3110 3163 3177 3218 ad
3225 3163 3534 3232 Philippum

278 3240 298 3274 ι
315 3224 534 3295 ,Δέομαί
563 3245 685 3293 σου,
704 3232 835 3303 περὶ
852 3232 996 3299 τινος
1017 3237 1045 3288 6
1067 3239 1347 3310 προφήτης
1378 3241 1547 3311 λέγει,
1571 3245 1699 3315 περὶ
1722 3247 1850 3299 ἐαυ-

270 3316 445 3410 τοῦῆ⁴
478 3321 606 3392 περὶ
642 3322 829 3396 ἑτέρου
877 3327 1059 3395 τινός;
1101 3330 1294 3401 iriiri);
1346 3334 1476 3388 ὅταν
1519 3336 1548 3388 6
1582 3339 1852 3410 μακάριος

271 3408 505 3502 Παῦλος,
530 3412 625 3466 τοῦ
653 3415 903 3489 Σωτῆρος
927 3418 1307 3492 τὺπρόσωπον
1345 3426 1711 3499 εἰσφέρεσθαι
1727 3408 1851 3502 βου·

269 3500 514 3595 λόμενος,
549 3503 761 3579 λέγῃιι
807 3508 924 3580 Ἐφ’
951 3511 1013 3565 ὃν
1037 3512 1142 3587 γάρ
1192 3514 1408 3585 λέγεται
1451 3520 1643 3585 ταῦτα,
1679 3500 1851 3595 φυλῆς

271 3592 468 3665 ἑτέρας
491 3598 815 3670 μετέσχηκε.
857 3602 1131 3677 Πρόδηλον
1152 3606 1288 3679 γὰρ,
1316 3609 1398 3662 ὄτι
1422 3610 1482 3675 ἐξ
1523 3612 1692 3668 Ἰούδα
1715 3592 1851 3669 ἁνα-

269 3684 533 3739 τέταλκεν
564 3689 592 3740 6
623 3689 845 3762 Κύριος.
880 3712 899 3744 ι
959 3695 1082 3749 Ὀτι
1126 3697 1184 3751 δὲ
1226 3700 1319 3753 καὶ
1374 3700 1436 3754 τὸ
1481 3705 1721 3774 πρᾶγμα
1774 3705 1848 3776 μὴ

268 3779 486 3845 ἀγνοεῖν
522 3782 839 3851 ἀναγκαῖον,
860 3786 1111 3843 ἐντεῦθεν
1137 3789 1291 3847 ἔσται
1321 3795 1653 3863 καταφανές.
1680 3797 1850 3853 Ὅταν

269 3868 380 3940 γὰρ
413 3870 765 3944 οἱεπροφῆται
783 3874 854 3930 τὰ
867 3878 999 3950 περὶ
1015 3877 1108 3932 τοῦ
1130 3881 1383 3954 Σωτῆρος
1408 3880 1846 3959 προκηρύττωσι,

397 3963 427 4015 ό
458 3963 556 4033 μὲν
582 3964 737 4037 λέγτγ
763 3985 783 4019 ι
827 3968 960 4024 Ἰδοὺ
992 3970 1029 4042 ή
1069 3974 1342 4044 παρθένος
1367 3979 1427 4031 ὲν
1450 3980 1651 4053 γαστρὶ
1674 3979 1842 4046 ἕξει-ι

269 4052 498 4123 ἑτέρωθι
519 4054 575 4108 δὲ
613 4057 795 4123 πάλιν,
831 4060 961 4124 ιιὨς
986 4063 1255 4134 πρόϐατον
1277 4066 1374 4120 ἐπὶ
1402 4052 1616 4142 σφαγὴν
1647 4071 1841 4144 ἢχθη»

397 4144 475 4217 μή
499 4148 704 4217 κυρίως
724 4150 797 4205 τά
823 4152 1049 4209 τοιαῦτα
1074 4157 1262 4228 νοῆται
1288 4160 1418 4232 περὶ
1446 4162 1686 4233 Χριστοῦ
1702 4206 1718 4232 ,
1750 4183 1849 4237 μα-

268 4234 411 4306 κράν
447 4253 551 4290 που
604 4240 706 4311 τῆς
740 4241 998 4315 ἀληθείας
1032 4246 1062 4299 6
1111 4247 1236 4314 νοῦς
1263 4251 1567 4323 οἰχήσεται,
1607 4258 1703 4310 καὶ

266 4325 509 4381 εὐσεϐῶν
533 4331 1319 4409 ὲκπετασθὴσεταινοημάτων.
1352 4340 1651 4412 Ἀναγκαία
1671 4347 1848 4402 τοίνυν

264 4414 376 4470 τῶν
402 4417 705 4489 εἰρημένων
730 4422 764 4493 ἠ
793 4423 1137 4497 ὲπιτήρησις.
1178 4427 1649 4503 Ἐπιτηρηθὲντων
1669 4436 1846 4491 τοίνυν

1957 3246 2071 3301 ait:
2107 3264 2127 3298 ι
2152 3245 2263 3302 Oro
2295 3255 2369 3314 te,
2402 3247 2471 3303 de
2494 3264 2604 3320 quo
2634 3250 2877 3322 loquitur
2905 3255 3172 3323 propheta
3202 3254 3226 3308 ἲ
3257 3256 3323 3308 de
3356 3256 3536 3326 seipsn

1957 3347 2052 3393 aut
2083 3338 2149 3394 de
2169 3338 2277 3396 alio
2302 3340 2484 3413 aliquo
2511 3340 2601 3397 "‘i
2639 3361 2659 3395 ι
2689 3345 2796 3398 Aut
2825 3346 3046 3415 quando
3089 3346 3289 3402 Paulus
3334 3348 3535 3403 Serva-

1959 3428 2092 3486 toris
2107 3444 2393 3501 personam
2419 3433 2642 3505 intelligi
2675 3435 2881 3501 volens,
2900 3436 3071 3493 dicit:
3104 3456 3123 3490 ι
3158 3436 3235 3493 De
3257 3454 3365 3509 quo
3386 3441 3531 3494 enim

1958 3521 2074 3576 haec
2116 3521 2398 3588 dicuntur,
2446 3523 2493 3578 is
2526 3523 2594 3581 de
2634 3525 2739 3580 alia
2783 3525 2923 3581 tribu
2957 3535 3059 3584 est.
3088 3526 3429 3585 Manifestum
3450 3543 3535 3586 est

1956 3613 2098 3684 quod
2136 3631 2203 3671 ex
2234 3614 2368 3671 Juda
2398 3624 2555 3673 ortus
2588 3627 2671 3675 est
2710 3618 2969 3676 Dominus
2999 3622 3069 3677 ".
3107 3639 3127 3674 ι
3161 3619 3314 3690 Quod
3351 3632 3533 3679 autem

1956 3720 2177 3762 necesse
2214 3708 2287 3763 sit
2320 3725 2433 3763 rem
2467 3708 2638 3781 ipsam
2664 3726 2769 3768 non
2804 3712 3079 3784 ignorare,
3130 3714 3254 3769 inde
3295 3724 3531 3771 constat.

1955 3797 2183 3864 Quando
2217 3801 2363 3855 enim
2416 3804 2695 3874 prophetae
2722 3842 2739 3869 ,
2774 3818 2895 3873 qua}
2929 3804 2995 3859 ad
3032 3805 3310 3860 Christum
3364 3807 3532 3876 perti-

1956 3898 2108 3954 nent,
2168 3893 2493 3961 praedicunt,
2532 3904 2698 3967 atque
2736 3897 2824 3951 hic
2862 3896 3079 3967 quidem
3122 3897 3256 3952 dicit
3293 3914 3307 3951 :
3342 3916 3361 3950 ι
3393 3898 3534 3953 Ecce

1958 3980 2122 4054 2m
2167 3983 2321 4053 virgo
2368 3984 2421 4039 in
2468 3995 2626 4040 utero
2677 3986 2951 4056 concipiet
2992 3987 3073 4053 ⁸⁰;
3127 4005 3146 4040 ι
3174 3987 3302 4043 alibi
3341 4003 3470 4044 vero
3515 4007 3530 4044 :

1961 4091 1981 4124 ι
2011 4072 2164 4127 Sicut
2188 4073 2307 4129 ovis
2356 4073 2549 4129 ductus
2587 4074 2654 4130 ad
2680 4076 3008 4132 occisionem
3044 4076 3114 4143 ⁸¹,
3138 4095 3157 4129 ι
3189 4076 3290 4132 nisi
3317 4079 3534 4148 proprie

1954 4163 2071 4220 haec
2106 4164 2174 4219 de
2199 4164 2421 4220 Christo
2454 4164 2851 4236 intelligantur,
2904 4182 3103 4223 sensus
3159 4168 3316 4239 longe
3362 4183 3392 4223 a
3434 4184 3529 4223 vc-

1955 4255 2119 4310 ritate
2136 4257 2439 4323 aberrabit,
2487 4268 2542 4311 et
2579 4272 2610 4311 a
2644 4258 2747 4327 piis
2791 4258 3226 4330 cogitationibus
3258 4258 3528 4315 deﬂectet.

1954 4348 2271 4406 Necessaria
2299 4349 2466 4419 igitur
2493 4357 2786 4405 esteorum
2827 4365 2948 4421 qua:
2988 4349 3245 4406 dicuntur
3282 4351 3531 4408 conside-

1954 4443 2114 4498 ratio.
2148 4440 2205 4498 Si
2229 4444 2353 4512 quis
2385 4457 2516 4513 ergo
2551 4451 2803 4499 accurate
2845 4443 3245 4499 animadvertat
3290 4455 3524 4516 tempus,

264 4509 513 4603 ἀκριβῶς
542 4512 760 4586 καιροῦ,
820 4516 915 4570 καὶ
955 4519 1290 4591 προσώπου,
1342 4526 1438 4581 καὶ
1488 4527 1845 4598 πράγματος,

1961 4509 2265 4602 personam,
2291 4543 2348 4589 et
2378 4549 2517 4601 rem,
2571 4534 2673 4590 hoc
2700 4550 2731 4589 a
2766 4535 2935 4591 Paulo
2979 4536 3186 4592 dictum
3222 4551 3348 4592 esse
3374 4553 3525 4594 com-

263 4601 629 4675 εὑρεθήσεται
666 4606 836 4660 ταῦτα
877 4608 1053 4679 λέγων
1097 4613 1126 4665 6
1176 4613 1406 4682 Παῦλος,
1451 4617 1532 4671 ὄτι
1592 4618 1659 4672 δι’
1698 4622 1846 4693 ἡμᾶς
1882 4599 1921 4638 θ

263 4695 687 4786 ενηνθρώπησεν
706 4699 740 4751 6
764 4699 867 4754 τοῦ
887 4701 1023 4757 Θεοῦ
1067 4705 1258 4775 Λόγος,
1290 4708 1379 4763 ὅτε
1418 4710 1533 4764 τῶν
1560 4713 1846 4786 ἁμαρτιῶν

264 4783 424 4855 ἡμῶν
453 4784 791 4859 καθαρισμὸν
812 4792 1174 4863 ποιησάμενος
1205 4797 1460 4853 ἐκάθισεν
1483 4802 1541 4854 ὲν
1568 4783 1716 4876 δεξιᾷ
1743 4807 1844 4877 τῆς

266 4877 659 4952 μεγαλωσύνης
684 4883 753 4935 ἑν-
800 4882 1043 4955 ὑψηλοῖς.
1074 4889 1193 4942 τότε
1218 4890 1480 4961 κρείττων
1507 4895 1699 4964 γέγονε
1733 4898 1842 4952 τῶν

261 4970 532 5038 ἀγγέλων·
559 4972 621 5025 οὐ
647 4974 745 5043 τὴν
772 4974 933 5044 φύσιν
967 4978 1046 5041 εἰς
1097 4979 1283 5053 ἕτερόν
1321 5001 1373 5037 τι
1425 4989 1769 5059 μεταϐαλὼν,
1805 4992 1840 5063 ἢ

260 5062 401 5132 ὅπερ
425 5063 525 5116 οὐκ
544 5064 619 5118 ὢν
644 5067 893 5135 φαίνεται
924 5072 1211 5144 πρότερον,
1240 5074 1466 5149 ὕστερον
1499 5081 1760 5149 γεγονώςο
1779 5062 1841 5138 οὗ

261 5152 649 5249 ’γάρπερὶΔ
678 5157 894 5227 φύσεως
912 5161 1008 5216 τοῦ
1043 5164 1174 5218 Υξοῦ
1208 5166 1303 5221 νῦν
1328 5171 1357 5223 6
1397 5170 1555 5241 λόγος
1594 5175 1712 5229 ἐστὶ
1762 5176 1843 5249 τῷ

264 5244 484 5343 Παύλῳ,
514 5247 649 5343 άλλὰ
684 5252 812 5323 περὶ
855 5255 1181 5327 πράγματος
1214 5264 1507 5334 γενομένου
1558 5268 1618 5321 ὲν
1662 5244 1843 5343 καιρῷ

394 5338 878 5432 ἐνανθρωπήσεως.
920 5348 1135 5403 Οὐκοῦν
1168 5352 1230 5405 οὐ
1286 5358 1353 5427 τῇ
1396 5357 1558 5426 φύσει.
1607 5361 1719 5415 τῶν
1744 5337 1843 5432 άγξ.

263 5427 440 5493 γέλων
463 5430 564 5526 τὴν
578 5433 673 5526 τοῦ
699 5434 831 5526 Ϊνὶοῦ
863 5437 1023 5507 φύσιν
1042 5443 1427 5514 συγκρίνεσθαι
1450 5449 1640 5519 θέλων,
1661 5427 1843 5526 κρείτ-

262 5534 392 5572 τονα
436 5519 547 5574 τῶν
598 5522 851 5594 ἀγγέλων
903 5530 1069 5587 αὐτὸν
1099 5535 1426 5606 γεγενῆσθαί
1457 5559 1646 5613 φησιν,
1702 5519 1845 5600 αλλὰ

351 5678 588 5770 :IIebr.
617 5698 669 5770 li,-
690 5684 744 5746 5.
858 5753 877 5770 '
915 5688 961 5718 ⁷⁸
991 5687 1177 5770 Matth;
1208 5710 1353 5770 xxiv,
1385 5699 1437 5758 5.

264 5748 314 5780 ⁸⁹
340 5745 450 5804 lsa.
486 5765 578 5817 vn,
614 5752 699 5807 Η.
736 5745 739 5746 ⁷
778 5756 819 5787 ⁸¹
856 5753 959 5814 lsu.
991 5775 1109 5827 nm,
1144 5762 1194 5817 7.

1527 5704 1570 5733 ⁷⁷
1596 5702 1643 5759 ll
1672 5704 1810 5763 Tim.
1845 5722 1908 5776 ιι,
1952 5708 2039 5775 i7,
2078 5709 2160 5766 i8.

1950 4626 2144 4698 periet,
2171 4626 2408 4683 Verbum
2462 4627 2557 4683 Dei
2591 4636 2812 4699 propter
2863 4644 2964 4686 nos
3000 4630 3343 4685 incarnatum
3380 4646 3525 4696 esse.

1953 4718 2171 4787 quando
2214 4720 2457 4789 purgatis
2494 4720 2735 4790 peccatis
2777 4721 2982 4778 nostris
3028 4722 3171 4777 sedit
3209 4723 3263 4777 in
3303 4724 3528 4779 dextera

1950 4808 2254 4880 maiestatis
2283 4811 2337 4866 in
2362 4813 2635 4879 excelsis;
2686 4822 2815 4869 tunc
2856 4812 3048 4870 melior
3095 4815 3302 4887 angelis
3343 4816 3521 4872 factus

1947 4910 2035 4959 est
2064 4920 2081 4957 ε
2116 4918 2229 4958 non
2266 4914 2459 4960 natura
2502 4906 2672 4975 ipsius
2699 4906 2754 4961 in
2792 4906 2938 4963 aliud
2962 4906 3244 4978 quidpiam
3292 4919 3496 4964 mutata
3522 4955 3535 4976 ,

1948 5003 2047 5049 aut
2070 4996 2216 5064 quod
2254 5006 2416 5052 antea
2453 5013 2559 5053 non
2589 5007 2748 5065 erat,
2792 5009 2980 5068 postea
3023 5001 3292 5067 eil‘ectus;
3340 5016 3518 5072 neque

1947 5088 2091 5144 enim
2116 5088 2317 5146 Paulus
2351 5106 2494 5145 nunc
2526 5092 2592 5146 de
2616 5101 2807 5146 natura
2846 5090 2969 5147 Filii
3015 5092 3279 5163 loquitur,
3332 5094 3430 5150 sed
3466 5097 3532 5150 de

1949 5195 2010 5237 re
2037 5195 2157 5251 qua:
2184 5181 2323 5237 facta
2352 5192 2438 5237 est
2470 5192 2716 5253 tempore
2760 5184 3174 5240 incarnationis.
3201 5184 3319 5241 Non
3355 5185 3522 5257 igitur

1947 5281 2200 5327 naturam
2230 5272 2353 5328 Filii
2412 5288 2532 5329 cum
2591 5283 2783 5329 natura
2830 5275 3145 5346 angelorum
3202 5290 3525 5346 comparare

1949 5362 2161 5429 volens,
2182 5366 2618 5436 praestantiorem
2658 5367 2832 5438 ipsum
2853 5367 3063 5439 angelis
3108 5366 3362 5424 enectum
3406 5382 3526 5426 esse

1950 5455 2049 5523 ait,
2080 5458 2177 5514 sed
2207 5471 2294 5514 res
2324 5468 2485 5529 atque
2535 5459 2780 5515 actiones
2830 5460 2971 5515 inter
3000 5474 3061 5516 se
3091 5469 3393 5531 comparat,
3435 5471 3522 5517 at-

1947 5563 2054 5619 que
2077 5550 2183 5606 hac
2215 5551 2421 5607 ratione
2450 5551 2885 5626 praestantiorem
2923 5550 3123 5607 factum
3154 5565 3276 5609 esse
3326 5551 3521 5610 Filium

2261 5711 2306 5742 ⁷⁸
2333 5712 2450 5767 Act.
2490 5726 2605 5778 vm,
2638 5711 2727 5767 3i.
2814 5711 2859 5742 "
2898 5709 3060 5770 Hebr.
3109 5729 3205 5784 vn,
3253 5715 3359 5791 i5,
3438 5714 3525 5777 id.
