3878 6208
227 313 331 369 διι

1639 319 2080 378 THESAU‘RUS.’

3370 317 3475 371 342

232 428 435 497 μένοις·
461 446 483 478 ι
523 425 641 482 Τίνι
671 429 795 500 γὰρ·
822 427 945 484 εἶπέ
986 449 1115 486 ποτε
1140 434 1248 485 τῶν
1297 436 1561 503 ἀγγέλων·
1616 437 1799 491 Κάθου

1919 454 1924 483 ι
1966 433 2064 487 Cui
2102 432 2245 486 enim
2291 446 2525 499 unquam
2551 432 2862 503 angelorum
2897 431 3032 486 dixit
3068 449 3081 485 :
3113 429 3253 485 Sede
3280 444 3309 484 a
3342 431 3477 486 dex-

230 521 296 573 ὲκ
324 519 517 583 δεξιῶν
545 538 684 591 μους
723 541 745 576 ι
780 528 876 577 καὶ
906 525 988 579 ὅτι
1034 526 1275 597 περὶτοῦ
1310 527 1440 580 Tim}
1464 528 1800 600 γέγραπται·

232 632 252 660 ι
282 612 391 664 Καὶ
416 613 952 685 προσκυνησάτωσαν
978 616 1126 688 αὐτῷ
1149 618 1347 682 πάντες
1366 618 1585 688 ἄγγελοι
1608 621 1766 676 Θεοῦ.
1782 641 1801 672 ι

229 702 289 755 Εἰ
332 702 389 755 δὲ
414 705 443 757 ὁ
464 703 568 773 τῆς
604 706 947 777 συγκρίσεως
975 707 1166 776 λόγος,
1206 709 1267 763 τὸ
1321 711 1419 781 μὲν
1455 713 1531 776 ώς
1574 714 1807 781 συγκαθ-

227 794 489 863 εζόμενον
507 795 586 866 τῷ
597 797 772 868 Πατρὶ
794 800 887 851 καὶ
905 801 1375 871 προσκυνούμενον
1395 804 1660 875 εἰσφέρει,
1678 807 1808 869 τοὺς

222 885 280 937 δὲ
312 885 389 949 ὡς
419 888 839 959 παρεστηκότας
880 907 939 943 τε
972 892 1063 944 καὶ
1097 898 1415 963 προσκυνεῖν
1444 896 1805 968 ἐπιτεταγμέ-

224 995 376 1044 νους,
398 978 501 1038 οὐκ
525 979 618 1033 ἐπὶ
643 981 740 1050 τῆς
766 980 955 1045 οὐσίας
1002 982 1153 1038 ἔσται
1194 987 1423 1050 πάντως.
1450 988 1532 1051 τὸ,
1571 1007 1590 1039 ι
1625 989 1809 1060 κρείτ-

227 1086 357 1120 των·
400 1089 419 1120 ι
462 1070 579 1122 ἀλλ’
620 1072 818 1135 ἐντοῖς
855 1074 984 1144 περὶ
1019 1074 1118 1146 τὴν
1157 1078 1345 1130 οὐσίαν
1386 1077 1663 1149 ἀξιώμασι
1711 1081 1806 1137 καὶ

228 1161 353 1222 ταῖς
378 1160 577 1225 ἔξωθεν
625 1162 727 1232 τῆς
762 1163 978 1235 φύσεως
1010 1169 1216 1238 τιμαῖς.
1268 1167 1477 1222 Οὐκοῦν
1518 1170 1617 1239 οὐχ
1663 1169 1722 1222 ἓν
1752 1187 1805 1223 τι

229 1252 342 1304 τῶν
361 1254 605 1323 γενητῶν
628 1256 657 1308 ὁ
690 1256 840 1321 Υἱὸς,
872 1258 987 1311 ἀλλ’
1016 1259 1202 1331 ἕτερόν
1224 1279 1275 1315 τι
1302 1262 1450 1332 παρὰ
1469 1262 1662 1326 ταῦτα,
1683 1281 1807 1318 του-

231 1341 405 1411 τέστι,
436 1344 605 1413 Λόγος
642 1345 770 1409 ἴδιος
799 1346 905 1400 τοῦ.
923 1349 1155 1421 Πατρός.

726 1459 1039 1527 ΑΛΛΟ,εὶς
1064 1461 1127 1515 τὸ
1150 1464 1333 1517 αὐτό..

308 1568 438 1624 Τὸ·ι
477 1574 720 1643 γέγονεν,
741 1593 761 1626 ι
805 1577 895 1629 ὅτε
921 1578 1080 1648 μόνον
1105 1580 1198 1632 καὶ
1227 1580 1348 1633 καθ’
1382 1582 1542 1635 ἑαυτὸ
1567 1582 1805 1650 λέγεται,

234 1661 491 1735 σημαίνει
519 1666 704 1722 πολλά·
734 1668 829 1722 καὶ
859 1671 921 1723 οὐ
951 1672 1170 1734 πάντως
1198 1672 1551 1737 ύποστάσεώς
1573 1676 1689 1727 ἐστι
1716 1674 1809 1745 δη-

232 1757 480 1823 λωτικὸν,
537 1759 653 1813 ἀλλ’
678 1761 806 1814 ὅταν
834 1761 982 1832 αύτῷ
1024 1779 1079 1815 τι
1111 1762 1468 1834 συνάπτηται,
1512 1765 1634 1818 τότε
1670 1783 1809 1835 γνω-

237 1849 347 1917 ριεῖ
373 1849 471 1920 τὴν
496 1850 616 1904 καθ’
635 1845 696 1905 οὗ
720 1856 1104 1924 κατηγορεῖται
1132 1854 1382 1925 δύναμιν·
1411 1850 1545 1922 οἷον,
1565 1856 1699 1927 φέρε
1722 1857 1804 1910 εί-

233 1940 383 2004 πεῖν,
416 1939 609 2009 γέγονέ
642 1958 724 2006 τις
750 1942 956 2008 τέκτων
989 1944 1021 2015 ἢ
1063 1945 1318 2009 λιθοξόος,
1363 1945 1423 1999 ού
1468 1948 1686 2013 πάντως
1714 1949 1808 2004 ἄν·

233 2031 461 2103 θρώπος
495 2033 581 2090 ἵνα
620 2034 713 2087 καὶ
748 2035 973 2089 τέκτων·
1011 2036 1126 2090 ἀλλ’
1160 2036 1458 2110 ἐπειδήπερ
1496 2038 1802 2111 ἄνθρωπος,

232 2122 431 2191 γέγονε
459 2124 691 2189 τέκτων,
744 2130 844 2199 τῆς
886 2129 1080 2200 τέχνης
1099 2128 1174 2183 ὣν
1203 2130 1471 2196 δεκτικὸς,
1522 2136 1616 2187 καὶ
1664 2135 1808 2189 κατὰ

237 2213 407 2285 μόνης
427 2215 617 2269 ἐνθάδε
637 2218 738 2289 τῆς
765 2220 1075 2291 ἐπιστήμης
1106 2224 1344 2293 χωρήσει
1372 2224 1433 2276 τὸ
1470 2242 1489 2275 ι
1526 2224 1801 2294 γέγονεν,›

232 2306 299 2357 οὐ
332 2306 551 2371 πάντως
575 2308 717 2363 κατὰ
742 2310 843 2379 τῆς
870 2309 1217 2376 ὑποστάσεως
1250 2312 1284 2383 ἦ
1338 2314 1438 2384 τῆς
1462 2316 1539 2379 είς
1572 2316 1633 2369 τὸ
1671 2313 1807 2370 εῖναι

234 2400 599 2470 παραγωγῆς.
646 2401 858 2456 Οὐκοῦν
903 2405 953 2457 εί
986 2403 1197 2472 λέγοιτο
1255 2406 1490 2476 Χριστὸς
1548 2408 1809 2480 κρείττων

232 2489 564 2559 γεγενῆσθαι
613 2491 721 2545 τῶν
760 2493 1027 2561 ἀγγέλων,
1069 2494 1131 2548 οὐ
1184 2497 1312 2566 περὶ
1339 2497 1431 2549 τὸν
1467 2498 1564 2569 τῆς
1595 2498 1808 2568 φύσεως

232 2577 394 2646 λόγον
452 2579 567 2651 ἔχει
612 2581 711 2653 τὴν
763 2582 1085 2657 σύγκρισιν,
1132 2585 1269 2640 ἀλλὰ
1320 2590 1449 2660 περὶ
1517 2589 1683 2661 τιμὴν
1714 2591 1811 2645 καὶ

231 2669 474 2742 ἀξίωμα.

693 2766 904 2833 ΑΛΛΟ,
946 2770 1033 2837 είς
1074 2772 1143 2824 τὸ
1187 2773 1353 2828 αὐτό.

312 2895 331 2927 ι
346 2876 616 2948 Τοσούτῳ
635 2879 899 2951 κρείττων
919 2882 1209 2953 γενόμενος
1230 2884 1340 2937 τῶν
1366 2885 1633 2953 ἀγγέλων.
1674 2904 1692 2938 ι
1739 2887 1814 2939 Τὸ

239 2986 267 3020 σ
295 2969 517 3038 γέγονεν
553 2990 572 3023 ι
619 2974 667 3025 εἰ
710 2974 805 3026 καὶ
851 2975 993 3029 κατὰ
1050 2975 1150 3046 τῆς
1206 2977 1391 3041 οὐσίας
1433 2978 1676 3032 τάττοιτο
1717 2978 1812 3031 τοῦ

234 3060 389 3125 Υἱοῦ,
421 3062 577 3116 οὐδὲν
603 3063 771 3135 αὐτὴν
794 3064 1042 3136 ἀδικήσει
1079 3066 1179 3137 τῆς
1231 3067 1429 3132 λέξεως
1466 3070 1500 3139 ή
1546 3069 1774 3139 δύναμις
1796 3111 1813 3137 ,

1914 527 2014 580 tris
2049 527 2182 579 meis
2206 526 2293 579 “-?
2325 544 2342 576 ι
2376 535 2431 579 et
2459 526 2602 593 quod
2634 526 2699 579 de
2742 524 2880 578 Filio
2919 523 3297 593 scriptum-est
3326 539 3341 576 :
3371 523 3479 576 «Et

1912 620 2138 673 adorent
2164 633 2286 673 eum
2318 632 2508 672 omnes
2536 615 2713 685 angeli
2745 617 2838 672 Dei
2860 617 2930 669 ⁹¹.
2981 634 3000 668 1
3050 615 3112 671 Si
3150 629 3280 670 vero
3324 627 3477 669 com-

1908 711 2211 781 parationis
2238 712 2381 765 ratio
2417 712 2535 764 haec
2556 718 2661 775 est,
2685 719 2744 764 ut
2774 710 2929 763 hunc
2968 708 3186 777 quidem
3232 706 3479 761 assiden-

1913 814 2019 859 tem
2050 804 2196 858 Patri
2219 812 2275 859 et
2308 804 2593 859 adoratum
2619 804 2863 868 inducat,
2900 802 3022 856 illos
3066 815 3195 855 vero
3240 800 3477 855 circum—

1911 908 2116 952 stantes
2140 906 2194 953 et
2221 898 2452 951 adorare
2480 895 2667 964 jussos
2694 913 2708 950 :
2734 904 2882 951 certe
2910 894 3064 957 illud,
3120 910 3139 944 ι
3177 892 3368 947 melior
3391 931 3407 955 ,
3454 908 3473 942 ι

1912 1003 2020 1042 non
2062 989 2127 1041 de
2152 987 2392 1042 essentia
2422 987 2635 1040 dicetur
2662 1025 2678 1050 ,
2728 984 2930 1041 sed.de
2975 982 3325 1050 dignitatibus
3359 995 3480 1049 qua:

1910 1080 2227 1136 substantiae
2261 1079 2535 1144 accidunt,
2560 1080 2756 1149 deque
2790 1077 3114 1132 extrinsecis
3145 1085 3353 1129 natura:
3377 1074 3477 1129 Ιιο-

1913 1172 2156 1228 noribus.
2189 1170 2416 1225 Non.cst
2444 1171 2609 1240 igitur
2656 1184 2804 1223 unus-
2831 1183 2901 1223 ex
2925 1168 3127 1222 creatis
3152 1165 3345 1231 Filius,
3385 1166 3478 1219 sed

1912 1262 2185 1316 diversum
2207 1262 2487 1332 quidpiam
2505 1262 2572 1316 ab
2594 1260 2681 1324 iis,
2711 1260 2813 1315 hoc
2833 1258 3217 1327 est,proprium
3245 1254 3477 1311 Verbum

1912 1353 2120 1408 Patris.

2438 1465 2670 1531 ALIUD,
2700 1468 2757 1519 in
2783 1466 2946 1520 idem.

1988 1598 2007 1631 ι
2031 1578 2229 1633 Factus
2263 1587 2348 1633 est
2373 1620 2386 1645 ,
2435 1596 2454 1629 ι
2484 1580 2697 1646 quando
2720 1578 2915 1643 solum,
2940 1591 3005 1631 ac
3039 1590 3133 1645 per
3164 1589 3224 1629 se
3253 1572 3477 1636 dicitur,

1914 1676 2081 1729 multa
2126 1674 2434 1743 signiﬁcat;
2481 1689 2657 1744 neque
2696 1673 2748 1726 in
2796 1673 3113 1727 universum
3148 1666 3479 1739 hypostasim

1838 1799 1882 1854 Β
1916 1768 2137 1823 denotat
2190 1766 2330 1821 :sed
2378 1782 2500 1820 cum
2546 1766 2621 1820 illi
2671 1764 2874 1834 aliquid
2918 1761 3310 1834 conjungitur,
3366 1767 3482 1812 tum

1906 1861 2024 1931 ejus
2047 1863 2113 1915 de
2142 1876 2249 1930 quo
2287 1861 2615 1929 przedicatur
2642 1861 2748 1914 vim
2781 1869 2947 1928 atque
2998 1858 3257 1911 virtutem
3299 1853 3481 1909 decla-

1906 1965 1990 2009 rat
2020 1972 2034 2008 :
2066 1963 2144 2019 ut,
2172 1952 2402 2022 exempli
2439 1953 2635 2022 gratia,
2657 1951 2830 2006 factus
2862 1959 2945 2005 est
2970 1948 3163 2016 aliquis
3191 1947 3359 2010 faber,
3396 1942 3481 1997 vel

1905 2048 2232 2101 statuarius:
2263 2059 2368 2097 non
2405 2044 2456 2098 in
2483 2043 2789 2099 universum
2818 2042 2977 2097 homo
3014 2049 3069 2094 ut
3095 2047 3149 2093 et
3178 2038 3361 2103 faber;
3385 2039 3480 2093 sed

1905 2137 2120 2208 quando
2140 2140 2301 2192 homo
2329 2136 2501 2191 factus
2525 2142 2608 2190 est
2631 2134 2802 2200 faber,
2825 2136 2957 2188 artis
2983 2147 3150 2201 capax
3182 2132 3476 2195 exsislens,

1907 2232 1976 2286 de
2018 2230 2130 2285 sola
2168 2229 2394 2285 scientia
2435 2228 2635 2282 dicitur
2675 2227 2826 2290 illud,
2858 2226 3017 2295 202
3056 2244 3075 2275 ι
3102 2224 3273 2278 factus
3312 2232 3417 2287 est,
3455 2240 3476 2274 ι

1908 2336 2014 2376 non
2059 2330 2237 2376 autem
2275 2320 2341 2374 dc
2385 2320 2549 2389 ipsius
2598 2318 2899 2389 bypostasi,
2924 2327 3015 2371 aut
3049 2318 3113 2371 de
3145 2315 3481 2370 traductione

1908 2413 1975 2465 ad
2016 2427 2157 2467 esse.
2203 2410 2463 2478 Quocirca
2503 2409 2547 2463 si
2598 2410 2806 2463 dicatur
2851 2407 3099 2462 Christus
3142 2405 3317 2459 factus
3363 2417 3481 2458 esse

1910 2502 2099 2556 melior
2127 2500 2349 2571 angelis,
2372 2499 2703 2567 comparatio
2734 2497 2847 2551 haec
2884 2496 2950 2549 ad
2982 2495 3242 2549 rationem
3277 2503 3481 2546 natura:

1911 2593 2191 2649 referenda
2216 2608 2321 2648 non
2345 2599 2452 2659 est,
2479 2592 2571 2647 sed
2601 2592 2668 2645 ad
2704 2590 2965 2645 honorem
2992 2599 3046 2643 et
3072 2587 3405 2658 dignitatem.

2437 2748 2669 2813 ALIUD,
2688 2750 2745 2803 in
2768 2748 2928 2802 idem.

1988 2866 2214 2923 c-Tanto
2243 2865 2418 2922 factus
2449 2875 2531 2921 est
2567 2865 2759 2920 melior
2787 2862 3015 2933 angelis.
3062 2882 3081 2913 ι
3110 2860 3165 2914 ln
3200 2861 3303 2914 hoc
3330 2859 3481 2913 dicto

1912 2960 1961 3016 si
1992 2975 2098 3015 vox
2134 2960 2251 3015 haec
2282 2979 2302 3012 ι
2340 2958 2515 3013 factus
2549 2966 2673 3023 est,
2735 2974 2755 3007 ι
2796 2955 2862 3009 ad
2908 2953 3197 3009 essentiam
3232 2952 3352 3007 Filii
3396 2965 3484 3005 re-

1916 3050 2128 3107 feratur
2149 3091 2164 3117 ,
2198 3050 2334 3105 nihil
2365 3050 2441 3104 illi
2474 3047 2673 3103 oﬂlciet
2708 3046 2870 3117 hujus
2909 3046 3060 3101 vocis
3086 3046 3190 3110 vis,
3247 3058 3367 3113 qua:
3403 3042 3487 3096 in-

234 3152 547 3223 αδιαφόρως
572 3154 831 3225 κειμένης
866 3136 1292 3221 πολλάκιςίκατὰ
1312 3159 1418 3212 τῶν
1438 3136 1811 3231 γεννωμένων.

1919 3145 2234 3201 ἁίίῐοιοεηιοι·
2272 3158 2661 3211 smpenumero-
2680 3143 2745 3196 de
2796 3140 2995 3211 genitis
3037 3139 3273 3209 ponitur.
3322 3136 3485 3204 Atqui

249 3244 376 3299 Ἐπὶ
394 3246 492 3315 μὲν
520 3242 612 3300 οὖν
639 3247 748 3300 τῶν
775 3247 954 3312 ὅντως.
971 3250 1271 3319 γινομένων
1317 3253 1410 3305 καὶ
1441 3253 1779 3323 ποιουμένων
1798 3296 1813 3320 ,

234 3340 432 3396 οὐκᾶν
455 3357 539 3403 τις
565 3340 831 3411 ἐπιδείξαι
873 3342 934 3394 τὸ
991 3342 1283 3410 γεννᾶσθαι
1310 3345 1577 3416 ,κείμενον
1610 3345 1817 3417 κυρίως

236 3433 333 3485 καὶ
370 3431 713 3501 κατὰφύσιν·
740 3433 829 3486 ὅτι
850 3433 959 3491 κᾶν
1002 3434 1337 3505 γεννώμενον
1375 3438 1651 3508 φαίνηται,
1701 3439 1818 3509 ἔχει

237 3524 347 3592 πρὸ
381 3524 573 3578 ἑαυτοῦ
596 3525 655 3577 τὸ
681 3526 1013 3597 πεποιῆσθαι
1057 3527 1209 3597 παρὰ
1235 3526 1328 3579 τοῦ
1356 3530 1664 3594 κτίσαντος.
1691 3526 1817 3585 Οἷον

236 3615 525 3685 ἄνθρωπος
560 3618 815 3685 γεννᾶται
856 3618 988 3686 μὲν,
1046 3619 1337 3689 πεποίηται
1380 3620 1460 3685 δὲ,
1501 3622 1596 3674 καὶ
1628 3620 1818 3694 κύριον

239 3708 406 3765 αὑτοῦ
436 3708 591 3762 τοῦτο
624 3708 821 3778 μᾶλλον
849 3709 882 3778 ἢ
906 3709 967 3761 τὺ
988 3708 1256 3780 δεύτερον.
1288 3711 1351 3763 Εἰ
1381 3711 1438 3764 δὲ
1466 3712 1558 3764 καὶ
1578 3712 1819 3780 λέγοιντό

237 3818 385 3865 τινες
415 3800 504 3854 διὰ
531 3800 622 3854 τοῦ
648 3800 964 3872 Πνεύματος
991 3801 1366 3871 γεγεννῆσθαι,
1397 3802 1535 3855 ἀλλὰ
1557 3805 1651 3856 κα.)⁸
1672 3797 1818 3860 οὗτοι

242 3892 381 3963 πρὸς
418 3891 650 3962 μίμησιν
698 3891 789 3944 τοῦ
832 3891 1047 3962 άληθῶς
1099 3892 1449 3963 γεννηθέντος
1495 3896 1560 3946 ὲκ
1604 3896 1818 3967 Πατρὸς

237 3983 378 4038 Θεοῦ
409 3984 604 4053 Λόγου,
634 3984 729 4035 καὶ
754 3983 852 4036 οὐκ
885 3982 992 4048 ἔξω
1040 3982 1132 4036 τοῦ
1161 3982 1488 4053 πεποιῆσθαι
1518 3987 1817 4055 τυγχάνου-

241 4094 346 4130 σιν·
372 4076 513 4130 ὥστε
553 4076 615 4128 τὸ
663 4076 762 4145 τῆς
813 4075 1116 4145 γεννήσεως
1161 4074 1331 4145 ὄνομα
1366 4078 1819 4147 καταχρηστικῶς

238 4170 306 4222 ἂν
337 4170 424 4238 εἴη
481 4167 742 4239 μᾶλλονῆ
778 4167 1022 4235 φυσικῶς
1074 4169 1131 4219 ὲν
1177 4170 1289 4230 τοῖς
1340 4170 1611 4237 γενητοῖς.
1661 4168 1734 4221 Τὸ
1760 4169 1817 4222 δὲ

241 4260 525 4332 γεννηθὲν,
563 4261 668 4313 κᾶν
697 4260 949 4326 γενέσθαι
990 4259 1236 4331 λέγηται,
1277 4260 1430 4312 οὐδὲν
1472 4260 1731 4330 ὑπομένει
1758 4261 1818 4313 τὸ

244 4356 462 4427 βλάϐος,
496 4355 896 4426 ἀδιαφορούσης
935 4357 1061 4425 περὶ
1088 4352 1243 4406 τοῦτο
1271 4353 1368 4423 τῆς
1406 4352 1552 4417 θείας
1576 4355 1615 4405 Γ
1619 4354 1815 4425 ραφῆς.

1918 3238 1984 3294 de
2014 3237 2082 3291 iis
2104 3251 2225 3305 quae
2252 3251 2312 3290 re
2340 3250 2466 3289 vera
2509 3233 2648 3288 facta
2697 3242 2845 3294 sunt,
2882 3246 3042 3286 nemo
3085 3239 3231 3284 certe
3272 3227 3488 3297 proprie

1916 3347 1984 3387 ae
2031 3329 2349 3386 naturaliter
2389 3327 2491 3382 dici
2543 3327 2791 3380 ostendet
2829 3323 3115 3394 generari;
3172 3322 3295 3391 quia
3329 3324 3490 3381 Itam-

1915 3424 2015 3479 etsi
2049 3431 2362 3494 generatum
2385 3427 2663 3487 appareat,
2696 3417 2857 3470 habet
2889 3425 3064 3469 tamen
3098 3423 3222 3466 ante
3249 3425 3308 3466 se
3340 3410 3484 3479 quod

1916 3514 2117 3570 factum
2154 3515 2223 3567 sit
2256 3528 2283 3565 a
2316 3512 2595 3566 Creatore.
2629 3505 3099 3575 Quemadmodum
3134 3505 3296 3558 homo
3320 3516 3487 3572 gene-

1916 3617 2069 3662 ratur
2096 3606 2332 3675 quidem,
2371 3604 2543 3657 factus
2573 3610 2749 3655 tamen
2778 3606 2863 3652 est
2894 3614 2908 3648 :
2942 3606 3104 3663 atque
3136 3595 3241 3649 hoc
3267 3593 3485 3663 quidem

1918 3697 1996 3751 illi
2036 3695 2206 3763 magis
2257 3691 2535 3763 proprium
2567 3699 2693 3753 est,
2748 3701 2910 3756 quam
2969 3684 3118 3737 illud.
3168 3682 3224 3736 Si
3247 3697 3376 3736 vero
3408 3681 3489 3735 di-

1917 3797 2112 3841 cantur
2162 3782 2403 3838 nonnulli
2449 3796 2548 3850 per
2597 3779 2859 3849 Spiritum
2913 3776 3080 3847 geniti
3107 3790 3227 3829 esse
3265 3774 3403 3827 :sed
3434 3783 3491 3829 et

1918 3878 1973 3933 lti
2007 3878 2072 3931 ad
2106 3875 2460 3930 imitationem
2498 3872 2684 3937 Verbi,
2725 3869 2866 3939 quod
2917 3882 3042 3923 vere
3083 3883 3149 3921 ex
3194 3866 3354 3921 Patre
3398 3879 3490 3934 ge-

1918 3971 2091 4026 nitum
2119 3975 2226 4032 est,
2269 3968 2343 4021 ita
2375 3974 2641 4020 vocantur
2675 3982 2687 4018 :
2722 3961 2846 4017 faeti
2886 3970 3064 4015 tamen
3104 3973 3225 4013 esse
3252 3973 3357 4011 non
3398 3958 3490 4012 de-

1918 4062 2143 4125 sinunt;
2185 4059 2436 4128 quocirca
2479 4054 2842 4127 generationis
2878 4066 3071 4107 nomen
3121 4051 3344 4104 abusive
3389 4064 3489 4114 po-

1920 4156 2028 4208 tius
2055 4168 2215 4222 quam
2244 4151 2460 4220 preprie
2488 4151 2554 4203 de
2584 4150 2648 4202 iis
2675 4164 2793 4217 qute
2814 4146 2954 4199 facta
2995 4152 3144 4206 sunt,
3171 4149 3486 4211 usurpatur.

1918 4246 2167 4301 Genitum
2199 4258 2355 4306 vero,
2396 4242 2611 4297 tametsi
2664 4242 2874 4295 dicatur
2910 4238 3110 4291 factum
3154 4250 3309 4300 esse,
3358 4233 3491 4289 nihil

1922 4339 2105 4393 damni
2145 4338 2269 4390 inde
2320 4335 2573 4406 percipit,
2607 4348 2730 4388 cum
2785 4347 2939 4385 sacra
2995 4330 3278 4398 Scriptura
3326 4325 3490 4380 indif-

240 4417 545 4516 λέγειήγὰρ
569 4417 651 4499 ὄτί
680 4417 929 4513 ἐγένοντο
965 4417 1043 4514 τίῖ)
1085 4442 1205 4495 Ἰὼϐ
1229 4417 1343 4495 υἱοί
1357 4442 1496 4495 ἑπτά
1534 4417 1631 4496 καί

1920 4430 2160 4487 ferentcr
2199 4445 2264 4483 eo
2311 4437 2516 4482 utatur.
2555 4425 2694 4479 Dicit
2738 4423 2881 4494 quod
2934 4422 3059 4476 facti
3092 4420 3200 4475 sint
3240 4418 3342 4474 Job
3394 4417 3488 4471 lilii

240 4512 400 4608 τέρες
427 4512 596 4609 τρεῖς.
622 4512 733 4590 Καὶ.
753 4536 932 4591 πάλων
975 4555 993 4586 ι
1016 4512 1123 4588 θἨν
1166 4534 1418 4605 Ἀϐραὰμ
1458 4535 1651 4588 ἑκατὸν
1678 4535 1811 4588 ὲτῶν

1923 4533 2150 4592 septem,
2184 4530 2238 4575 et
2266 4521 2391 4574 ﬁliae
2422 4528 2531 4574 tres
2568 4517 2633 4569 9’.
2660 4516 2791 4569 Item
2826 4530 2839 4568 :
2878 4533 2896 4566 ι
2935 4512 3355 4567 EratAbraham
3402 4525 3493 4564 an-

239 4630 331 4683 ὅτε
359 4628 576 4696 ἐγένετο
621 4626 770 4696 αὐτῷ
829 4624 1013 4679 Ἰσαὰκ
1058 4626 1086 4677 ὁ
1124 4624 1239 4685 υἱὸς
1284 4623 1469 4679 αὑτοῦ.
1511 4643 1531 4677 ι
1569 4626 1632 4677 Εί
1656 4624 1712 4678 δὲ
1754 4625 1815 4679 τὸ

240 4717 581 4789 γεννώμενον
640 4715 893 4784 γενέσθαι
955 4715 1310 4783 λέγεταικαὶ
1357 4716 1443 4768 ἐπ’
1488 4714 1812 4786 ἀνθρώπων,

242 4810 604 4879 ἁδιαφορείτω
632 4826 714 4872 τις
741 4807 899 4861 τοῦτο
951 4806 1164 4861 ἁκούων
1215 4807 1310 4859 καὶ
1347 4808 1478 4878 περὶ
1514 4807 1609 4860 τοῦ
1656 4808 1813 4861 Υἱοῦ.

258 4904 382 4957 Ἐπὶ
405 4902 462 4955 δὲ
495 4902 605 4955 τῶν
628 4900 872 4970 γενητῶν
897 4900 997 4953 οὐκ
1055 4899 1405 4970 άδιαφορήσει
1442 4898 1530 4953 διὰ
1557 4900 1647 4953 τὸν
1676 4917 1812 4970 προ-

243 4993 467 5050 αποδεδο
472 4992 629 5063 μένον
642 4990 820 5061 λόγον.

924 5193 1128 5249 AAAO.

449 5314 551 5378 Εἰς
576 5312 643 5365 τὸ
663 5310 845 5380 Ῑαὺτύ,
869 5310 949 5376 ὡς
971 5309 1041 5363 ἐκ
1078 5305 1198 5363 τῶν
1219 5306 1294 5362 δι’
1317 5307 1611 5363 ἐναντίας.

315 5424 647 5495 Γέγραπται,
675 5425 828 5494 φησι,
849 5424 975 5494 περὶ
998 5422 1153 5486 Υἱοῦ,
1190 5424 1273 5476 ὅτι
1315 5441 1333 5473 ι
1369 5422 1618 5491 Τοσούτῳ
1642 5420 1821 5492 κρείτ-

1925 4628 2117 4667 norum
2167 4621 2383 4666 centum
2425 4608 2643 4678 quando
2696 4605 2871 4659 factus
2923 4612 3007 4658 est
3048 4604 3094 4657 ei
3160 4602 3308 4656 Isaac
3352 4600 3493 4654 ﬁlius

1924 4706 2042 4775 ejus
2071 4706 2139 4759 ".
2184 4723 2202 4755 ι
2242 4705 2296 4759 Si
2330 4718 2455 4757 vero
2485 4703 2625 4771 quod
2662 4709 2975 4770 generatum
3012 4707 3115 4759 est,
3144 4694 3345 4748 factum
3373 4707 3492 4746 cssc

1921 4799 2119 4855 dicitur
2140 4798 2302 4851 etiam
2339 4796 2393 4850 in
2424 4794 2755 4856 hominibus,
2792 4790 3163 4845 indiﬂ‘erentcr
3198 4790 3297 4841 hoc
3322 4786 3486 4839 etiam

1921 4892 2175 4961 accipiat,
2219 4891 2264 4944 si
2303 4890 2424 4958 quis
2470 4892 2538 4943 de
2584 4887 2721 4940 Filio
2772 4885 2821 4939 id
2855 4883 2959 4938 dici
3005 4882 3262 4935 audierit.
3313 4881 3386 4933 De
3431 4881 3494 4934 iis

1929 4990 2105 5037 autem
2139 4998 2259 5052 qua:
2297 4981 2437 5035 facta
2490 4989 2636 5044 sunt,
2674 4993 2778 5031 non
2821 4976 2948 5029 item
2989 4972 3359 5030 indiﬂ‘erentet‘
3405 4987 3496 5027 ac-

1925 5077 2109 5147 cipiet,
2149 5076 2219 5131 ob
2248 5076 2511 5129 rationem
2538 5072 2650 5143 jam
2683 5071 2906 5125 dictam.

2589 5183 2820 5240 ALIUD.

2117 5303 2181 5357 In
2211 5304 2385 5367 idem,
2440 5316 2502 5354 ea:
2560 5299 2851 5369 objectione
2901 5292 3287 5348 hwreticorum.

1994 5418 2263 5485 Scriptum
2289 5423 2394 5478 est,
2444 5412 2716 5482 inquiunt,
2755 5410 2823 5463 de
2855 5406 3012 5469 Filio,
3060 5404 3225 5472 quod,
3273 5419 3289 5451 ι
3342 5407 3490 5453 tanto

244 5537 354 5572 των
382 5491 668 5588 γενόμενος
824 5491 1093 5585 ἀγγέλων.
1137 5535 1154 5567 ι
1201 5516 1422 5587 Ἐπειδὴ
1468 5516 1527 5569 δὲ
1572 5514 1811 5583 φιλοῦσιν

1924 5510 2116 5563 melior
2144 5508 2319 5562 factus
2356 5507 2423 5559 sit
2456 5504 2681 5574 angelis.
2718 5521 2735 5553 ι
2782 5500 2916 5555 Cum
2967 5511 3097 5553 vero
3128 5491 3494 5563 comparatio-

246 5608 302 5663 αἱ
336 5585 650 5680 συγκρίσεις
684 5609 770 5663 ἀεὶ
791 5608 1035 5677 γίνεσθαι
1067 5607 1194 5675 περὶ
1224 5607 1291 5659 τὰ
1316 5585 1534 5677 ὁμοειδῆ
1556 5604 1695 5675 (οὐδὲ
1717 5605 1811 5675 γὰρ

1935 5620 2028 5657 nes
2079 5616 2290 5670 semper
2359 5599 2471 5654 licri
2526 5596 2735 5654 soleant
2796 5596 2934 5649 inter
2982 5606 3043 5646 ea
3093 5603 3210 5659 quae
3253 5585 3491 5657 ejusdem

311 5770 353 5800 "
384 5767 547 5825 Henr.
581 5785 617 5834 ι,
657 5769 708 5821 5.
793 5767 836 5796 ’³
866 5767 992 5822 ιὺίιΙ.
1040 5768 1087 5819 6.
1172 5767 1214 5798 ’³
1254 5766 1352 5821 Job
1384 5783 1420 5833 ι,
1458 5765 1509 5817 2.
1588 5766 1630 5795 ολ
1671 5764 1802 5821 Gen.
1842 5779 1952 5831 χλι,
1989 5767 2039 5817 ti.
