3878 6208
443 302 550 365 363

1443 306 1509 362 S.
1543 306 1815 363 CYRILLI
1854 304 2317 367 ΑιειΑΝοιιιΝι
2358 305 2676 361 ARCHIEP.

3591 306 3713 363 ω

446 435 572 489 sunt
604 426 801 497 speciei
835 427 1031 495 (neque
1061 423 1208 478 enim
1237 422 1507 493 quispiam
1558 434 1708 480 recte
1738 423 2011 479 hominem

2124 422 2183 477 Ξν
2211 441 2296 487 τις
2319 424 2555 491 εὐλόγως
2583 425 2738 495 ἵππῳ
2762 422 3056 492 συγκρίναι
3085 422 3179 485 τδν
3199 422 3487 494 ἄνθρωπον
3508 421 3544 493 ἢ
3575 422 3706 475 κυνὶ

447 534 589 591 equo
616 518 930 585 contulerit.
967 526 1060 571 aut
1087 530 1243 570 ovem
1268 517 1414 584 cani,
1469 516 1571 572 sed
1597 516 1872 572 hominem
1908 514 2007 570 ho-

448 612 687 671 minibus
715 649 730 674 ,
767 619 824 677 et
872 623 1024 663 ovem
1058 608 1147 663 ovi
1173 605 1217 678 ),
1268 610 1643 665 necessarium
1674 606 1907 663 omnino
1930 615 2015 665 eat

449 717 509 761 ut
539 705 742 769 factum
769 718 888 758 esse
924 701 1124 756 Filium
1164 699 1459 767 fateamur,
1503 716 1630 757 cum
1656 707 2011 770 compa-retur

447 794 682 865 angelis,
700 806 928 863 quorum
961 802 1154 857 natura
1188 790 1330 861 facta
1356 801 1469 849 est.

942 902 1153 958 Salutio
1185 903 1510 971 objectionis.

518 1021 708 1075 Solent
763 1021 980 1089 quidem
1032 1018 1471 1087 comparationes
1514 1017 1656 1071 inter
1707 1031 1793 1071 res
1834 1015 2017 1086 specie

445 1110 829 1166 convenientes
856 1109 993 1163 fieri.
1027 1106 1133 1161 Sed
1163 1122 1285 1161 cum
1315 1105 1579 1174 ejusmoin
1610 1106 1753 1159 inter
1779 1120 1838 1159 se
1868 1120 2014 1159 com-

446 1214 748 1273 parantur,
810 1215 996 1255 vocem
1045 1198 1211 1261 illam,
1255 1216 1274 1248 ι
1329 1196 1521 1251 melior
1567 1216 1594 1248 ι
1632 1211 1739 1250 non
1784 1193 2020 1249 libenter

449 1309 622 1363 neque
658 1293 877 1362 proprie
904 1290 1234 1353 admittunt;
1269 1288 1361 1342 sed
1392 1289 1565 1357 magis
1611 1297 1666 1341 et
1707 1288 1885 1340 minus
1918 1302 2016 1356 po-

448 1388 555 1443 tius
587 1387 671 1442 eis
699 1384 975 1450 convenit,
1009 1392 1102 1438 aut
1129 1398 1240 1452 prae
1274 1381 1547 1436 interdum
1574 1380 1740 1434 etiam
1775 1380 1899 1449 plus
1949 1379 2017 1433 de

445 1482 527 1537 eis
568 1478 673 1535 dici
710 1494 724 1531 :
781 1477 980 1547 quippe
1013 1490 1133 1546 quae
1185 1475 1359 1543 magis
1402 1472 1677 1543 propriam
1728 1486 2018 1542 compara-

449 1575 646 1633 tionem
696 1572 934 1628 ostendit
977 1587 990 1622 :
1040 1572 1110 1625 ita
1142 1568 1351 1638 'J'oseph
1398 1568 1670 1623 formosus
1702 1566 1821 1637 plus
1854 1582 2017 1636 quam

448 1668 645 1725 iratres
677 1668 757 1727 sui
790 1664 986 1719 dicitur
1012 1663 1079 1714 ”.
1111 1659 1279 1715 Stella
1309 1675 1437 1715 vero
1482 1675 1592 1714 non
1629 1658 1793 1730 203
1822 1659 2021 1714 dicitur

2115 516 2176 570 τὸ
2201 516 2499 589 πρὸδατον,
2553 517 2668 573 ἀλλ’
2718 515 3004 589 ἄνθρωπον
3050 513 3153 585 μὶν
3195 512 3525 585 ἀνθρώποις,
3542 512 3611 567 τδ
3641 513 3705 567 δὲ

2116 604 2494 679 πρόϐατοντῷ
2532 605 2836 677 προϐάτῳ).
2865 604 3081 675 ἀνάγκη
3101 604 3257 663 πᾶσι
3292 603 3520 674 γενητὸν
3554 597 3702 657 εἶναι

2117 696 2494 768 συνομολογεῖν
2515 696 2609 751 τδν
2636 696 2785 763 Υίδν,
2824 696 2884 759 ὃς
2919 694 3173 765 ἀγγέλοις
3216 693 3565 764 συγκρίνεται
3584 694 3703 755 τοῖς

2116 789 2349 863 γενητὴν
2369 787 2551 859 ἔχουσι
2576 786 2675 860 τὴν
2703 788 2887 857 φύσιν.

2612 903 2769 973 Πρὸς
2797 902 2977 958 τοῦτο
2994 902 3197 968 λύσις.

2185 1017 2402 1073 Φιλοῦσι
2424 1018 2521 1090 μὲν
2541 1014 2992 1088 ὁμολογουμένως
3040 1014 3100 1068 ὲν
3145 1012 3260 1075 τοῖς
3308 1005 3613 1085 ὁμοειδέσιν
3640 1004 3705 1060 αἱ

2120 1112 2437 1184 συγκρίσεις
2490 1107 2755 1179 γίνεσθαι.
2804 1107 2943 1162 Ἀλλ’
2978 1106 3111 1165 ὅταν
3162 1104 3233 1163 τὰ
3282 1100 3510 1159 τοιαῦτα
3558 1098 3704 1170 πρὸς

2117 1206 2323 1277 ἄλληλα
2355 1205 2628 1277 κρίνηται.
2660 1202 2721 1256 τὸ
2770 1220 2790 1253 ι
2828 1199 3098 1273 κρείττων
3135 1215 3154 1257 ι
3210 1194 3469 1267 λέγεσθαι
3509 1193 3701 1263 μισεῖ,

2120 1302 2215 1355 καὶ
2242 1301 2341 1353 ούκ
2372 1298 2589 1360 οἰκείως
2647 1294 2950 1359 ὲπιδέξεται
3005 1292 3105 1364 τὴν
3132 1290 3338 1361 φωνήν·
3382 1284 3618 1360 ἁρμόσει
3642 1283 3705 1337 δὲ

2119 1394 2206 1449 ἐπ’
2234 1391 2415 1446 αὐτῶν
2450 1391 2511 1443 τδ
2546 1389 2746 1460 μᾶλλον
2768 1388 2864 1441 καὶ
2892 1385 2953 1439 τὸ
2979 1378 3163 1458 ἦττον,
3194 1382 3290 1437 καὶ
3324 1380 3386 1434 τὸ
3412 1377 3702 1449 διαφερόν-

2118 1500 2226 1547 τως
2255 1481 2532 1550 λέγεσθαι,
2560 1480 2654 1533 καὶ
2706 1478 2768 1531 τὸ
2812 1476 2975 1530 πλέον
3027 1474 3138 1529 ἔσθ’
3166 1475 3274 1527 ὂτε’
3302 1471 3338 1525 ἃ
3362 1468 3427 1542 δὴ
3477 1470 3571 1523 καὶ
3601 1485 3703 1521 κυ-

2122 1575 2385 1649 ριωτέραν
2444 1572 2678 1628 δεικνύει
2739 1571 2837 1643 τὴν
2886 1569 3206 1641 σύγκρισινο
3258 1567 3435 1630 οὕτως
3496 1565 3713 1634 Ἰωσὴφ

2119 1669 2319 1740 ὡραῖος
2351 1665 2503 1738 παρά
2529 1665 2654 1728 τοὺς
2683 1662 2964 1733 ἀδελφούς.
3031 1660 3230 1732 ⁹Δστὴρ
3255 1658 3313 1712 δὲ
3350 1656 3512 1711 πάλιν
3540 1654 3703 1708 ἀστέ-

444 1759 638 1814 melior
671 1772 831 1826 quam
864 1755 971 1809 alia
1006 1754 1185 1823 stella,
1214 1754 1307 1809 sed
1365 1751 1648 1808 excellere
1696 1752 1895 1822 gloria.
1936 1750 2016 1809 Ita

2124 1773 2214 1824 ρος
2252 1756 2313 1809 οὐ
2347 1753 2633 1824 κρείττων,
2666 1751 2803 1806 ἀλλά
2855 1750 3103 1821 διαφέρει
3134 1751 3193 1803 ὲν
3242 1748 3369 1819 δόξῃ
3395 1761 3413 1778 ο
3454 1743 3631 1808 οὕτως
3673 1745 3705 1797 ὁ

446 1850 706 1908 Servatur
732 1850 947 1918 quando
986 1848 1296 1907 hominibus
1344 1855 1402 1900 ut
1448 1847 1610 1902 homo
1640 1855 2012 1913 comparatur,

445 1957 552 2003 non
587 1940 787 1995 dicitur
840 1939 1034 1994 melior
1083 1937 1526 2007 pulchritudine,
1581 1936 1679 1991 sed
1744 1935 2018 1991 formosus

443 2049 555 2103 pra:
584 2033 709 2087 llliis
738 2031 1016 2087 hominum
1042 2030 1110 2082 ".
1164 2029 1299 2091 Cum
1327 2044 1454 2083 vero
1484 2044 1605 2098 qua:
1634 2029 1863 2083 diversa:
1893 2043 2018 2098 sne.

443 2126 548 2181 eiei
579 2135 705 2180 sunt
748 2126 889 2177 inter
913 2138 972 2178 se
1004 2130 1416 2193 comparantur,
1451 2128 1562 2174 tum
1599 2121 1769 2191 magis
1796 2121 2018 2191 proprie

443 2217 667 2279 dicitur,
704 2216 917 2273 melius.
977 2219 1150 2284 Atque
1178 2217 1249 2270 ita
1288 2215 1556 2284 scriptum
1606 2223 1691 2267 est
1734 2229 1747 2266 :
1780 2232 1798 2266 ι
1829 2213 2019 2267 Melior

444 2320 526 2366 est
556 2309 699 2363 enim
732 2308 1000 2375 sapientia
1027 2322 1188 2377 quam
1218 2307 1426 2377 lapides
1441 2307 1668 2377 pretiosi
1690 2307 1758 2363 ⁸⁸.
1794 2325 1813 2360 ι
1850 2308 2013 2374 Quaa—

446 2417 570 2459 nam
599 2400 744 2457 enim
776 2410 861 2455 est
894 2400 1125 2453 societas
1164 2407 1373 2451 natura;
1403 2397 1682 2466 sapientia-
1706 2414 1828 2453 cum
1876 2400 2011 2466 lapi-

447 2496 607 2549 dibus
626 2494 656 2546 ?‘
683 2492 740 2546 Si
786 2506 927 2560 ergo
969 2490 1309 2560 comparatio
1367 2504 1553 2544 rerum
1606 2491 1787 2559 specie
1820 2506 2027 2551 conve—

448 2585 715 2640 nientium
751 2584 912 2638 aliam
946 2584 1214 2636 rationem
1264 2580 1448 2643 habet,
1502 2580 1569 2636 de
1611 2581 1679 2639 iis
1727 2598 1856 2638 vero
1899 2600 2019 2654 qua:

445 2677 738 2732 secundum
801 2684 1047 2728 naturam
1108 2689 1260 2728 suam
1314 2672 1547 2729 diversa:
1596 2684 1722 2729 sunt
1776 2676 2018 2744 speciei,

445 2770 639 2824 melius
660 2768 860 2823 dicitur
886 2783 901 2821 :
936 2778 1085 2822 certe
1126 2766 1295 2821 Filius
1317 2768 1525 2836 angelis
1539 2767 1737 2823 similis
1760 2784 1867 2822 non
1890 2770 2018 2832 erit,

448 2875 624 2931 neque
660 2860 833 2915 factus
861 2868 920 2913 ut
952 2859 1050 2924 illi,
1084 2859 1178 2917 sed
1212 2857 1563 2930 hyperbolica
1607 2862 2018 2929 comparatione

449 2955 552 3009 hoc
604 2953 712 3006 ﬁet.
748 2954 926 3022 Atque
944 2967 1005 3006 ea
1052 2952 1169 3022 ipsa
1203 2953 1414 3013 ratione
1434 2969 1542 3023 qua
1576 2954 1776 3011 dicitur
1803 2954 2015 3020 melior,

445 3045 674 3105 diversae
703 3043 879 3112 potius
908 3058 1068 3112 quam
1097 3041 1339 3111 ejusdem
1374 3046 1575 3115 speciei
1603 3060 1728 3103 eum
1779 3047 1862 3102 eis
1887 3048 2012 3106 erit.

972 3154 1208 3221 Αιιω),
1244 3157 1299 3209 in
1333 3158 1490 3212 idem.

517 3267 609 3334 Si,
628 3266 752 3334 quia
779 3280 938 3321 sacra
966 3265 1257 3336 Scriptura-
1282 3267 1413 3323 dicit
1442 3287 1457 3324 :
1484 3286 1503 3320 ι
1527 3267 1702 3326 Tanto
1729 3271 1918 3326 melior
1942 3271 2023 3325 fa-

446 3368 568 3413 ctus
599 3358 836 3429 angelis,
866 3377 892 3411 ›
926 3358 1166 3427 ejusdem
1197 3360 1395 3428 speciei
1431 3376 1553 3415 cum
1588 3362 1793 3435 angelis
1820 3373 1905 3419 est
1928 3363 2021 3417 Fi-

449 3451 573 3515 lius,
611 3460 798 3520 utpote
834 3452 917 3507 eis
962 3461 1337 3521 comparatus,
1365 3452 1589 3508 videant
1612 3469 1775 3524 quam
1811 3454 2027 3525 pericu-

449 3544 560 3600 losa
594 3545 717 3599 inde
748 3554 1004 3614 sequatur
1049 3545 1461 3614 consequentia.
1490 3546 1639 3616 anid
1671 3548 1816 3602 enim
1845 3548 2026 3604 oberit

448 3636 736 3707 quominus
792 3636 902 3690 Deo
949 3636 1192 3691 assidere
1237 3636 1485 3706 angelos,
1530 3653 1745 3707 unaque
1789 3653 1912 3693 cum
1958 3656 2024 3693 eo

447 3743 678 3801 regnare
730 3727 1012 3792 dicamus,
1068 3727 1315 3795 nihilque
1373 3727 1723 3785 excellentius
1775 3730 1828 3784 in
1884 3729 2023 3785 Filio

445 3836 608 3891 quam
642 3820 694 3874 in
746 3818 1167 3890 angells'esse?
1193 3817 1328 3874 Nam
1369 3835 1491 3890 qua:
1532 3821 1773 3889 ejusdem
1824 3824 2020 3893 speciei

448 3921 596 3975 sum,
629 3908 847 3966 tametsi
887 3910 1179 3980 quamdam
1233 3909 1373 3965 inter
1417 3926 1476 3967 se
1516 3910 1878 3968 diﬂ'erenliam
1925 3916 2021 3969 ha-

448 4004 639 4068 beant,
669 4002 911 4071 ejusdem
947 4010 1126 4057 tamen
1160 4012 1287 4058 sunt
1338 4014 1565 4059 natura.
1606 4004 1715 4059 Hac
1748 4004 1891 4059 enim
1938 4021 2025 4058 ra-

452 4096 601 4149 tione
639 4096 803 4148 etiam
832 4092 1073 4165 ejusdem
1105 4094 1301 4164 speciei
1332 4095 1459 4151 sint.
1492 4096 1758 4162 Quocirca
1796 4112 1917 4151 cum
1958 4098 2025 4153 de

449 4183 658 4253 angelis
681 4183 929 4238 dicatur:
953 4201 972 4234 ι
1002 4180 1230 4238 Faciens
1253 4184 1474 4255 angelos
1495 4200 1621 4240 suos
1650 4186 1873 4256 spiritus
1889 4186 1973 4255 ’κζ
2000 4206 2028 4239 ν

448 4278 516 4331 de
544 4274 679 4330 Filio
705 4284 885 4330 autem
918 4293 932 4328 :
967 4292 985 4326 ι
1013 4272 1183 4330 Sedes
1212 4285 1323 4341 tua,
1356 4273 1519 4340 Deus,
1554 4279 1606 4332 in
1631 4277 1887 4333 saeculum
1919 4295 2022 4335 sae-

447 4367 554 4425 culi
578 4369 657 4435 ";
690 4385 709 4420 ›
747 4376 803 4422 et
827 4365 1029 4437 angeli,
1053 4365 1210 4437 juxta
1242 4366 1455 4422 illorum
1501 4369 1833 4435 opinionem,
1874 4371 2022 4440 ejus-

2120 1848 2332 1918 Σωτὴρ,
2370 1848 2460 1901 ὅτε
2481 1848 2593 1909 τοίς
2612 1842 2919 1915 ἀνθρώποις
2972 1842 3047 1906 ὡς
3073 1841 3357 1913 ἄνθρωπος
3406 1839 3699 1909 συγκρίνεο

2118 1956 2230 2004 ται,
2265 1937 2326 1992 ού
2358 1936 2624 2009 κρείττων
2662 1935 2848 1991 κάλλει
2879 1934 3121 2003 λέγεται.
3145 1932 3261 1991 ἀλλ’
3292 1930 3493 1999 ὡραῖος
3544 1928 3703 1998 παρά

2117 2032 2244 2095 τοὺς
2279 2031 2429 2094 υἱοὺς
2450 2029 2567 2083 τῶν
2585 2026 2906 2100 ἀνθρώπων.
2934 2027 3065 2079 Ὅτε
3086 2024 3143 2078 δὲ
3170 2024 3236 2078 τὰ
3259 2021 3531 2092 ἐτεροειδῆ
3559 2020 3702 2091 πρὸς

2118 2122 2326 2192 ἄλληλα
2370 2121 2471 2193 τὴν
2509 2120 2795 2191 σύγκρισιν
2824 2118 2957 2189 ἔχει,
3014 2117 3137 2171 τότε
3174 2116 3395 2184 λέγεται
3419 2113 3481 2166 τδ
3518 2114 3703 2184 κρεῖτ-

2118 2231 2211 2279 τον
2237 2209 2761 2284 οίκειότερον.ζοὓτω
2782 2209 2878 2265 καὶ
2892 2209 3225 2279 γέγραπται*
3249 2205 3568 2276 ιΚρείσσων
3591 2201 3717 2271 γὰρ

2122 2308 2283 2379 σοφία
2311 2306 2478 2362 λίθων
2507 2303 2835 2358 πολυτελῶν.
2872 2322 2890 2354 ι
2931 2301 3068 2355 Ποία
3096 2299 3157 2353 δὲ
3194 2297 3461 2361 κοινωνίας
3486 2295 3713 2365 φύσεως

2121 2401 2285 2472 σοφίᾳ
2325 2401 2419 2454 καὶ
2468 2398 2681 2463 λίθοις;
2706 2398 2770 2451 Ei
2826 2395 3005 2451 τοίνυν
3034 2394 3227 2463 ἕτερον
3256 2391 3358 2462 μὲν
3398 2389 3511 2459 ἔχει
3530 2386 3707 2449 τύπον

2120 2496 2179 2547 ἓν
2207 2495 2321 2556 τοῖς
2347 2490 2649 2563 ὁμοειδέσιν
2674 2491 2711 2559 ή
2737 2487 3050 2559 σύγκρισις,
3076 2486 3170 2547 ἐπὶ
3202 2484 3260 2537 δὲ
3289 2483 3400 2536 τῶν
3433 2480 3705 2552 ἀνομοίων

2121 2584 2264 2641 κατά
2282 2586 2383 2656 τὴν
2402 2582 2566 2654 φύσιν
2592 2581 2655 2634 τὸ
2675 2582 2923 2653 κρεῖττον
2946 2576 3224 2639 τάττεται,
3263 2575 3365 2628 οὐκ
3387 2573 3543 2629 ἔσται
3593 2574 3706 2633 τοῖς

2119 2677 2372 2747 ἀγγέλοις
2397 2677 2585 2747 ὅμοιος
2612 2674 2644 2726 ὁ
2671 2671 2821 2737 Υίδς,
2852 2670 2975 2724 οὐδὲ
3010 2669 3237 2741 γενητὸς
3259 2666 3451 2738 ὥσπερ
3479 2667 3705 2727 tussiunt,

2120 2770 2235 2825 ἀλλ’
2263 2768 2628 2841 ύπερϐολικὴν
2682 2766 2797 2837 εχει
2842 2764 2943 2837 τὴν
2985 2763 3297 2833 σύγκρισιν.
3348 2760 3455 2813 Καὶ
3490 2758 3579 2812 διὰ
3610 2756 3704 2810 τοῦ

2120 2861 2374 2931 λέγεσθαι
2441 2860 2705 2934 κρείττων
2745 2899 2762 2924 ,
2826 2854 3128 2928 ἑτεροειδὴς
3181 2854 3333 2913 ἔσται
3405 2850 3605 2923 μᾶλλον
3668 2849 3713 2918 ἦ

2118 2956 2389 3028 ὁμοειδής.

2595 3150 2803 3216 ΛΑΜ),
2839 3151 2926 3215 εἰς
2964 3147 3031 3201 τὸ
3067 3147 3237 3209 αὐτό.

2196 3270 2259 3325 ΕΞ
2291 3267 2379 3323 διὰ
2403 3268 2466 3321 τὸ
2488 3266 2669 3334 λέγειν
2692 3265 2793 3337 τὴν
2822 3262 3048 3335 Γραφὴν
3068 3302 3082 3326 ,
3116 3280 3134 3313 ι
3159 3260 3412 3331 Τοσούτῳ
3443 3257 3709 3330 κρείττων

2123 3362 2415 3431 γενόμενος
2443 3359 2553 3413 τῶν
2587 3358 2852 3428 ἀγγέλων,
2886 3375 2907 3409 ι
2940 3355 3192 3427 ὁμοειδὴς
3220 3354 3373 3408 ἔσται
3395 3357 3509 3417 τοῖς
3540 3354 3706 3423 ἀγγέ-

2122 3454 2236 3517 λοις
2282 3456 2312 3507 ὁ
2360 3453 2486 3516 Υἱὸς
2524 3452 2598 3516 ὡς
2634 3450 2769 3521 πρὸς
2810 3449 3007 3512 αὐτοὺς
3053 3447 3192 3518 ἔχων
3242 3446 3344 3519 τὴν
3393 3447 3705 3516 σύγκρισιν,

2122 3546 2408 3618 ὁράτωσαν
2442 3547 2534 3597 ποῖ
2564 3561 2694 3597 ποτε
2729 3545 2758 3595 ὁ
2787 3541 2944 3611 λόγος
2975 3542 3161 3605 αὐτοῖς
3200 3538 3715 3608 κινδυνεύσειῖΩρα

2122 3639 2233 3710 γὰρ
2265 3638 2544 3709 ὁμολογεῖν
2576 3638 2670 3690 καὶ
2701 3634 3140 3707 συγκαθεσθῆναι
3189 3631 3446 3686 δύνασθαι
3476 3631 3555 3702 τῷ
3585 3631 3706 3700 Θεῷ

2120 3732 2248 3793 τοὺς
2274 3729 2539 3798 ἀγγέλους
2579 3729 2674 3782 καὶ
2721 3724 3140 3797 ωμὸασιλεύειν
3176 3723 3321 3795 αύτῷ
3345 3742 3359 3754 ’
3391 3723 3486 3778 καὶ
3512 3722 3575 3776 τδ
3604 3740 3703 3775 πε-

2127 3823 2304 3895 ριττὸν
2332 3821 2484 3875 οὐδὲν
2521 3821 2581 3873 ὲν
2618 3819 2734 3890 Υίῷ
2759 3821 2889 3891 παρ’
2925 3817 3189 3882 ἐκείνους.
3209 3817 3290 3872 Τά
3318 3816 3431 3888 γὰρ
3451 3816 3703 3887 ἀλλήλοις

2122 3912 2368 3983 ὁμοειδῆ,
2407 3911 2508 3966 κᾶν
2546 3912 2646 3982 ἔχῃ
2690 3910 2817 3963 τινὰ
2862 3910 3000 3981 πρὸς
3048 3909 3253 3981 ἄλληλα
3290 3909 3388 3979 τὴν
3416 3908 3701 3979 διαφορὰν,

2124 4004 2261 4058 ἀλλὰ
2282 4005 2383 4075 τῆς
2414 4005 2585 4075 αὐτῆς
2612 4004 2795 4075 ἔχεται
2822 4004 3057 4073 φύσεως.
3074 4002 3231 4056 οὕτω
3260 4001 3368 4071 γὰρ
3396 4000 3462 4054 ἂν
3496 4001 3582 4071 εἴη
3609 4000 3713 4054 καὶ

2121 4099 2362 4170 ὁμοειδῆ.
2393 4096 2598 4152 Ούκούν
2639 4098 2941 4168 ἐπειδήπερ
2971 4096 3101 4166 περὶ
3139 4095 3240 4165 μὲν
3272 4093 3518 4163 ἀγγέλων
3552 4092 3705 4161 λέγε-

2121 4206 2245 4245 ται⁸
2305 4190 2403 4243 «Ὀ
2446 4190 2617 4243 ποιῶν
2660 4189 2786 4252 τοὺς
2835 4188 3101 4257 ἀγγέλους
3139 4184 3304 4240 αὐτοῦ
3339 4183 3646 4256 πνεύματα,
3679 4203 3697 4234 ι

2122 4279 2253 4350 περὶ
2300 4278 2363 4331 δὲ
2387 4277 2490 4331 τοῦ
2514 4277 2676 4331 Υἱοῦ·
2711 4296 2730 4329 ι
2753 4277 2813 4331 '0
2849 4277 3037 4350 θρόνος
3079 4295 3197 4343 σου,
3234 4279 3263 4330 ὁ
3307 4276 3466 4340 Θεὸς,
3500 4277 3581 4338 εἰς
3614 4275 3705 4328 τὸν

2122 4370 2299 4425 αἰῶνα
2322 4370 2416 4423 τοῦ
2450 4368 2668 4436 αἰῶνος,
2701 4389 2725 4422 »ι
2764 4370 3030 4440 ὁμοειδεῖς
3052 4370 3111 4423 δὲ
3134 4368 3353 4439 ἄγγελοι
3383 4368 3479 4421 καὶ
3516 4370 3544 4421 ὁ
3576 4367 3701 4430 Yth;

445 4460 569 4511 dem
597 4458 711 4513 sint
730 4458 928 4527 speciei
956 4472 1078 4512 cum
1107 4457 1265 4523 Filio,
1294 4459 1418 4531 quia
1452 4459 1702 4514 nimirum
1732 4461 1852 4516 ideo
1876 4463 2019 4533 quod

2127 4464 2247 4516 κατ’
2280 4463 2540 4527 ἐκείνους,
2570 4462 2659 4516 διὰ
2704 4462 2767 4515 τὸ
2813 4462 2951 4532 πρὸς
2994 4463 3194 4527 αὐτοὺς
3238 4464 3296 4515 ἐν
3338 4460 3417 4534 τῷ
3446 4460 3701 4528 λέγεσθαι

447 4550 647 4606 dicitur
678 4551 893 4619 melior,
928 4566 1052 4605 cum
1085 4550 1170 4607 eis
1210 4564 1599 4621 comparatur:
1633 4554 1768 4608 nihil
1797 4555 2024 4611 ohstite~

449 4642 523 4695 rit
567 4642 862 4710 quominus
904 4643 1069 4697 etiam
1118 4642 1296 4713 angeli
1339 4643 1550 4712 possint
1601 4645 1843 4701 assidere
1880 4647 2022 4711 Deo;

447 4734 669 4787 tametsi
715 4748 874 4788 nemo
899 4747 1090 4790 eorum
1139 4749 1259 4790 eam
1295 4734 1610 4807 dignitatem
1649 4736 1719 4790 sit
1762 4738 2022 4807 adeptus;

449 4825 786 4895 trustraque,
829 4836 888 4881 ut
927 4827 1220 4882 verisimile
1264 4836 1371 4890 est,
1418 4826 1618 4883 Paulus
1654 4828 1789 4883 dicit
1820 4848 1833 4883 :
1871 4850 1891 4881 ι
1922 4830 2021 4887 Cui

448 4916 594 4972 enim
658 4931 893 4986 unquam
942 4918 1258 4989 angelorum
1314 4919 1501 4975 dixit:
1546 4919 1685 4977 Sede
1731 4938 1763 4977 a
1820 4924 2025 4980 dextris

446 5010 735 5066 meis‘?r
766 5011 875 5064 Aut
937 5012 1206 5081 quomodo
1272 5012 1403 5067 illud
1457 5022 1708 5083 tanquam
1761 5016 2021 5073 eximium

450 5101 678 5171 largitur
707 5099 873 5168 Filio,
905 5102 950 5155 si
992 5102 1307 5172 angelorum
1351 5119 1566 5174 quoque
1610 5117 1805 5162 natura
1836 5108 1889 5163 id
1919 5109 2021 5165 sibi

449 5193 711 5260 vindicat,
756 5193 1024 5263 siquidem
1058 5192 1298 5262 ejusdem
1339 5204 1466 5249 sunt
1508 5212 1631 5252 eum
1668 5212 1733 5253 eo
1780 5199 2027 5268 speciei?

448 5284 642 5342 Omnia
682 5286 825 5341 enim
863 5284 1023 5341 unius
1052 5295 1253 5342 natura
1283 5288 1566 5354 attributa,
1614 5304 1736 5345 cum
1767 5290 2019 5348 omnibus

446 5374 684 5444 ejusdem
711 5377 909 5447 speciei
937 5386 1064 5433 sunt
1085 5381 1414 5433 communia.
1438 5378 1816 5450 Praerogativaz
1837 5393 2018 5437 autem

449 5482 569 5537 qua:
614 5466 918 5550 adjectione
964 5469 1142 5540 aliqua
1172 5470 1404 5539 cuipiam
1458 5473 1730 5537 accidunt,
1782 5475 1850 5528 ad
1886 5475 2017 5529 suh-

446 5560 697 5614 stantiam
740 5576 846 5616 non
890 5561 1179 5632 pertinent.
1232 5560 1476 5633 Exempli
1504 5565 1698 5636 gratia,
1749 5581 1854 5621 una
1896 5568 2018 5638 qui-

2126 4551 2392 4623 κρείττων
2426 4551 2570 4624 ἔχειν
2616 4551 2718 4623 τὴν
2764 4550 3075 4623 σύγκρισινο
3111 4551 3265 4605 οὐδὲν
3316 4551 3423 4623 ἄρα
3466 4549 3700 4603 κωλύσει

2126 4644 2220 4697 καὶ
2263 4643 2533 4714 ἀγγέλους
2573 4643 2833 4698 δύνασθαι
2887 4643 3319 4713 συγκαθεσθῆναι
3365 4642 3442 4713 τῷ
3483 4641 3621 4712 Θεῷ,
3652 4644 3703 4695 εί

2126 4736 2222 4790 καὶ
2244 4738 2318 4808 μή
2347 4755 2431 4801 τις
2451 4738 2630 4791 αὑτῶν
2653 4735 2858 4809 ἠξιώθη
2884 4736 2979 4790 τοῦ
3004 4737 3348 4808 πράγματος.
3367 4736 3478 4789 Καὶ
3502 4736 3699 4806 μάτην,

2127 4828 2204 4892 ὡς
2229 4830 2399 4893 εἰκὸς,
2427 4831 2456 4882 ὁ
2484 4830 2694 4893 Παῦλος
2723 4829 2873 4898 λέγει
2897 4847 2910 4859 ο
2946 4848 2965 4881 ι
2992 4827 3108 4881 Τίνι
3145 4829 3254 4899 γὰρ
3283 4824 3401 4881 εἶπέ
3434 4844 3562 4881 ποτε
3597 4828 3711 4881 τῶν·

2127 4921 2376 4990 ἀγγέλων
2391 4938 2406 4951 °
2430 4921 2617 4976 Κάθου
2637 4926 2701 4975 ὲκ
2722 4921 2912 4986 δεξιῶν
2943 4938 3075 4991 μου;
3103 4922 3202 4973 »Ἥ
3232 4921 3349 4984 πῶς
3371 4920 3528 4973 τοῦτο
3551 4921 3701 4973 δίδω-

2133 5030 2217 5068 σιν
2241 5013 2319 5078 ὡς
2339 5014 2616 5087 ἐξαίρετον
2637 5014 2715 5085 τῷ
2738 5014 2873 5086 Υἱῷ,
2902 5013 3165 5085 ἑλκούσης
3190 5013 3321 5067 αὐτὸ
3350 5012 3485 5083 πρὸς
3506 5013 3701 5084 ἑαυτὴν

2131 5106 2225 5159 καὶ
2256 5106 2357 5178 τῆς
2388 5107 2495 5159 τῶν
2534 5108 2784 5176 ἀγγέλων
2816 5107 3053 5177 φύσεως,
3086 5107 3244 5178 εἴπερ
3277 5105 3414 5158 εἰσὶν
3442 5106 3701 5176 ὁμοειδεῖς

2125 5198 2262 5270 πρὸς
2294 5199 2490 5265 adadv;
2522 5200 2693 5253 Κοινά
2732 5200 2842 5271 γὰρ
2884 5200 3055 5254 ἅπασι
3102 5201 3216 5263 τοῖς
3256 5199 3529 5272 ὁμοειδέσι
3552 5199 3619 5253 τὰ
3647 5200 3702 5251 ἐν

2125 5294 2191 5361 τῇ
2227 5290 2369 5363 αὐτῇ
2398 5290 2570 5361 φύσει
2592 5292 2927 5363 κείμενα.Τᾶ
2948 5293 3005 5347 δὲ
3030 5294 3095 5348 ὲκ
3123 5294 3443 5365 προσθήκης
3471 5294 3699 5361 ἐπισυμ-

2126 5382 2382 5437 6αίνοντά
2400 5401 2512 5437 τισι
2538 5384 3009 5456 πλεονεκτήματα,
3035 5385 3136 5455 τῆς
3163 5385 3350 5449 οὐσίας
3396 5385 3494 5455 οὐχ
3534 5383 3696 5436 ἄπτε-

2125 5493 2235 5529 ται.
2268 5470 2394 5529 Οἷον
2428 5476 2527 5547 μία
2563 5476 2661 5547 μὲν
2686 5476 2995 5547 ἀνθρώποις
3030 5479 3065 5547 ἡ
3094 5476 3278 5547 φύσις,
3310 5475 3599 5530 πλουτοῦσι
3645 5474 3698 5527 δὲ

2124 5569 2185 5620 ού
2218 5567 2439 5633 πάντες,
2466 5566 2593 5622 οὔτε
2637 5568 2745 5641 μὴν
2771 5568 3148 5640 βασιλεύουσιο
3180 5568 3419 5623 δεκτικοὶ
3460 5566 3517 5620 δὲ
3553 5568 3697 5637 ὅμως

522 5740 716 5795 "Gen.
744 5756 931 5808 sunt,
968 5741 1021 5796 6.
1100 5743 1145 5776 ”
1170 5739 1311 5799 Psal.
1348 5759 1491 5807 κων,
1516 5743 1568 5799 5.
1647 5745 1691 5778 ³⁷
1732 5744 1893 5804 Prov.
1931 5763 2050 5815 rm,
2082 5749 2162 5805 19.
2243 5750 2288 5781 ’~‘
2320 5748 2479 5806 llehr.
2520 5767 2558 5816 ι,
2588 5751 2657 5823 7..
2720 5754 2762 5785 ”
2805 5749 2947 5807 Psal.
2977 5766 3122 5819 nu,
3162 5750 3217 5804 7.
3298 5753 3311 5783 ⁸
3343 5749 3506 5809 Hebr.
3538 5767 3577 5819 ι,
3617 5751 3700 5809 l3.
