3878 6208
221 333 336 389 διε

1619 323 2051 383 ιιιεειυιιιιε.

3375 326 3480 389 δίε

227 448 330 501 καὶ
355 444 563 499 τούτων
582 443 741 499 τισιν.
757 438 899 497 ’ω’
916 440 1091 506 οὐδεὶς
1110 440 1397 511 inrupisset
1419 442 1529 505 τοις
1555 441 1810 512 ἀγγέλοις

1922 440 2036 501 dem
2061 450 2147 499 est
2179 440 2457 501 hominum
2498 452 2712 510 natura,
2751 451 2808 498 at
2836 458 2942 501 non
2971 457 3163 499 omnes
3191 450 3317 501 sunt
3343 458 3480 516 opu-

227 538 333 609 τὴν
364 536 495 591 Υἱοΰ
528 536 686 602 δόξαν
712 535 901 607 φορεῖν
920 551 934 565 ·
983 535 1017 589 6
1060 533 1160 602 μὲν
1198 533 1310 606 γὰρ
1336 532 1633 605 Δεσπότης,
1659 533 1726 587 τὰ
1751 533 1809 587 δὲ

226 630 396 684 δοῦλα
437 628 716 699 τυγχάνει.
762 626 876 697 οὐχ
921 626 1187 699 ὁμογενὴς
1233 625 1343 699 ἄρα
1394 629 1509 691 τοῖς
1557 626 1811 696 ἀγγέλοις

229 724 407 788 ἐστὶν,
430 724 462 776 6
500 720 585 792 τῷ
619 720 800 791 Harp!
849 716 1265 792 συμϐασιλεύειν
1311 718 1407 774 καὶ
1458 718 1812 789 συγκαθήμε-

229 832 343 880 νος.

228 1017 437 1071 AAAO.
472 1016 602 1069 Ὀτι
636 1014 751 1083 οὐκ
788 1013 1060 1083 ὁμοφυὴς
1109 1011 1234 1079 τοῖς
1267 1010 1543 1082 ἀγγέλοις
1583 1011 1620 1064 d
1653 1009 1807 1076 Υἱός.

302 1196 526 1268 Ποίημα
567 1194 662 1251 καὶ
708 1194 937 1267 ποιητὴς
963 1195 1064 1249 οὐκ
1094 1194 1161 1250 ἄν
1194 1211 1326 1248 ποτε
1350 1193 1454 1265 τῆς
1484 1192 1657 1266 αὐτῆς
1698 1186 1811 1246 εἷεν

230 1285 469 1356 φύσεως.
494 1285 727 1357 Ἕτερον
769 1282 880 1359 γάρ
929 1300 984 1337 τι
1027 1283 1091 1343 τὸ
1131 1283 1342 1348 ποιοῦν,
1377 1284 1472 1337 καὶ
1517 1281 1705 1353 ἕτερον
1754 1279 1813 1334 τὸ

233 1377 562 1451 ποιούμενόν
588 1379 755 1432 ἐστιν.
803 1377 868 1431 Ei
896 1376 1005 1449 γὰρ
1042 1376 1118 1448 μὴ
1145 1375 1317 1442 οὕτως
1345 1374 1482 1446 ἔχει,
1510 1374 1565 1428 τί
1588 1373 1650 1427 τὸ
1677 1373 1815 1427 διαι-

230 1468 366 1541 ροῦν
390 1469 536 1524 κατὰ
554 1467 715 1536 φύσιν
743 1466 853 1525 τῶν
887 1465 1131 1537 γενητῶν
1159 1464 1250 1519 τὸν
1272 1463 1435 1532 Θεόν;
1469 1463 1602 1518 Ὅτε
1630 1460 1812 1515 τοίνυν

232 1562 413 1621 πάντα
450 1561 519 1616 δι’
549 1561 679 1616 Υἱοῠ
709 1564 737 1616 6
755 1560 888 1631 Θεὸς
919 1560 1016 1615 καὶ
1045 1557 1235 1629 Πατὴρ
1254 1556 1568 1631 ἐργάζεται,
1595 1553 1654 1608 ἒν
1680 1553 1738 1607 δέ
1758 1571 1813 1609 τι

231 1652 345 1715 τῶν
374 1652 593 1711 πάντων
625 1652 744 1706 ἐστὶ
770 1651 866 1706 καί
891 1652 925 1722 ἡ
958 1649 1065 1705 τῶν
1093 1647 1342 1719 ἀγγέλων
1375 1647 1558 1718 φύσις,
1591 1646 1815 1716 γέγονεν

232 1745 346 1818 ἄρα
375 1745 440 1800 δι’
472 1744 600 1799 Υἱοῦ
631 1745 728 1800 καὶ
761 1744 1077 1817 πεποίηται.
1111 1745 1225 1815 Ούχ
1260 1740 1529 1813 ὁμογενὴς
1572 1736 1666 1795 οὖν
1700 1739 1814 1802 τοῖς

231 1838 303 1891 δι’
336 1837 503 1892 αὐτοῦ
530 1838 842 1909 γενομένοις
868 1838 963 1892 καὶ⁷
988 1836 1076 1889 διὰ
1100 1835 1292 1890 τούτου
1325 1836 1574 1905 φανεῖται
1591 1850 1604 1864 ·
1651 1831 1766 1887 ἀλλ’
1787 1831 1816 1885 6

236 1928 342 2001 μὲν
381 1929 603 2003 φορέσει
650 1928 746 1983 τοῦ
781 1927 1130 2001 Δημιουργοῦ
1160 1927 1258 1999 τὴν
1288 1926 1469 1992 ἀξίαν,
1510 1924 1579 1978 τὰ
1625 1923 1683 1978 δὲ
1716 1922 1815 1996 τὴν

232 2020 381 2097 κατὰ
423 2020 487 2078 τὸ
522 2020 855 2091 πεποιῆσθαι
904 2019 1169 2074 δουλείαν.
1204 2037 1223 2071 ι
1253 2018 1335 2072 Τὰ
1359 2017 1467 2091 γὰρ
1498 2015 1813 2089 σύμπαντα,

231 2114 392 2187 φησὶ,
418 2112 581 2168 δοῦλά
608 2130 728 2180 σου,
755 2132 775 2164 ι
806 2115 840 2184 ἡ
870 2112 993 2167 θεία
1015 2111 1228 2182 nam.

269 2314 480 2369 ΔΔΛυ.
502 2316 632 2369 ὀτι
655 2315 769 2382 οὐχ
801 2315 1098 2384 (Spemne
1126 2312 1252 2378 τοῖς
1271 2312 1614 2384 ρτγέλοιρό
1638 2310 1773 2378 Υἱὸς

306 2385 407 2440 διὰ
439 2385 507 2441 τὸ
535 2381 820 2456 λέγεσθαι
833 2381 1123 2454 ’κρείττων
1141 2381 1343 2441 αὐτῶν
1360 2381 1739 2454 γεγενῆσθαι.

306 2497 423 2552 Πᾶν
442 2497 581 2568 ὅπερ
607 2496 676 2550 ἂν
703 2496 962 2567 φαίνηται
993 2495 1216 2565 γεγονὸς
1248 2494 1369 2550 κατ’
1390 2494 1599 2560 οὐσίαν,
1624 2493 1718 2549 καὶ
1737 2495 1817 2559 εἰς

228 2590 298 2645 τὸ
332 2591 409 2663 μὴ
437 2584 577 2646 εἶναι
603 2588 895 2659 καταλήξει
928 2587 1060 2645 ποτὲ
1078 2587 1405 2659 θελήσαντος
1436 2583 1532 2640 τοῦ
1549 2588 1817 2658 Δημιουρ-

231 2682 372 2753 γοῦο
417 2684 513 2737 καὶ
559 2683 699 2753 ὅπερ
728 2681 796 2736 ἂν
833 2680 945 2752 ἔχοι
972 2679 1136 2749 φύσιν
1176 2679 1271 2735 τοῦ
1318 2677 1512 2739 παθεῖν
1541 2676 1814 2748 δεκτικὴν,

231 2774 421 2843 πάθοι,
444 2775 512 2828 ἂν
544 2774 593 2827 εἰ
627 2774 723 2828 καὶ
753 2773 829 2845 μή
877 2792 964 2828 πω
1005 2772 1264 2828 πέπονθε.
1297 2770 1372 2829 Τὸ
1402 2771 1460 2825 δὲ
1492 2770 1722 2841 πάσχειν
1752 2771 1816 2824 ού

231 2869 499 2939 πεφυκὸς,
532 2869 632 2923 οὐκ
662 2866 730 2921 άν
752 2885 807 2920 τι
843 2866 1007 2921 πάθοι
1041 2864 1196 2927 ωτι.
1228 2865 1324 2917 καὶ
1364 2863 1553 2934 ἕτερόν
1594 2880 1650 2916 τι
1675 2862 1818 2933 παρ’

232 2963 416 3024 tum
447 2965 584 3018 ἐστι·
614 2962 709 3018 καὶ
751 2960 815 3015 τὸ
854 2959 943 3014 ἀεὶ
983 2958 1244 3022 ὡσαύτως
1285 2957 1367 3023 ὃν,
1400 2956 1522 3011 οὔτε
1551 2955 1647 3010 τοῦ
1679 2950 1816 3010 εἶναι

232 3052 463 3125 ἤρξατο,
488 3050 613 3105 οὔτε
644 3051 752 3122 μὴν
791 3044 901 3103 οἶδε
945 3050 1039 3103 τὸν
1068 3050 1161 3105 ἐπὶ
1202 3048 1347 3103 τέλει
1378 3048 1598 3119 δρόμον,
1626 3046 1815 3118 ὥσπερ

232 3146 307 3200 τὰ
335 3144 431 3200 τοῦ
474 3141 613 3198 εἶναι
645 3140 1108 3215 άρξάμενα.⁹Δλλ’
1140 3139 1241 3194 ούκ
1287 3138 1354 3194 ἄν
1397 3155 1483 3203 τις
1523 3138 1667 3192 εἴποι
1694 3135 1819 3190 νοῦν
1846 3139 1890 3199 c

234 3238 400 3308 ἔχων,
430 3237 500 3290 τὰ
522 3234 792 3306 τοσαύτην
820 3233 1014 3303 ἔχοντα
1042 3232 1180 3303 πρὸς
1210 3229 1415 3301 ἄλληλα
1455 3228 1556 3301 τὴν
1586 3226 1818 3283 ἐναντιό-

232 3348 397 3403 τητα,
437 3330 531 3384 καὶ
573 3327 719 3383 οὕτω
761 3325 904 3381 κατὰ
933 3324 1095 3395 φύσιν
1134 3321 1478 3394 διεστηκότα,
1504 3319 1719 3391 ὁμοφυῆ
1755 3334 1817 3375 τε

232 3423 376 3482 εῖναι
415 3424 512 3479 καὶ
537 3422 639 3492 τῆς
664 3419 833 3491 αὐτῆς
866 3419 1134 3489 ὑπάρχειν
1178 3414 1385 3478 οὐσίας.
1420 3412 1484 3466 Εἰ
1514 3411 1694 3466 τοίνυν
1724 3411 1819 3464 ἐπὶ

240 3516 343 3588 μὲν
373 3513 483 3568 τῶν
510 3512 831 3583 ποιημάτων
855 3508 931 3573 ὡς
954 3505 1331 3576 ὑποκειμένων
1358 3504 1453 3558 καὶ
1468 3503 1643 3573 φθορᾷ
1665 3501 1819 3569 λέγε-

233 3628 363 3675 ται,
408 3626 429 3660 ι
461 3606 625 3660 Αὐτοὶ
670 3602 1021 3659 ἀπολοῦνταιο
1054 3620 1073 3655 ι
1125 3599 1220 3653 ἐπὶ
1246 3598 1305 3653 δὲ
1330 3595 1426 3652 τοῦ
1459 3594 1627 3662 Υῑοῦ,
1659 3595 1732 3649 Σὺ
1760 3593 1817 3646 δὲ

233 3702 530 3775 διαμένειςο
561 3698 791 3753 κάκεῖνα
830 3695 929 3767 μὲν
974 3690 1443 3760 παλαιωθήσεται,
1471 3687 1547 3752 ὡς
1582 3686 1820 3758 γενητὴν

238 3797 433 3867 ἔχοντα
477 3792 577 3862 τὴν
623 3789 814 3859 φύσινο
847 3786 941 3843 τοῦ
975 3785 1034 3842 δὲ
1059 3782 1190 3841 Υἱοῦ
1226 3802 1245 3841 ι
1274 3780 1345 3836 τὰ
1388 3780 1481 3851 ἐτη
1515 3779 1616 3833 οὐκ
1639 3776 1817 3832 ἐκλεί-

234 3892 418 3961 ψουσιο
450 3908 469 3940 ι
513 3884 631 3948 πῶς
676 3881 921 3955 ὁμοφυὴς
966 3878 1121 3935 ἕσται
1171 3878 1284 3941 τοῖς
1328 3874 1583 3945 ἀγγέλοις
1611 3873 1642 3926 6
1666 3872 1815 3938 Υἱὸς,

236 3984 353 4045 τοῖς
396 3975 783 4049 πεποιημένοις
825 3974 854 4027 6
906 3970 1157 4041 ποιητὴς,
1190 3970 1308 4032 τοῖς
1353 3963 1742 4035 γεγενημένοις
1788 3964 1819 4019 6

236 4074 523 4144 ἀγένητος,
567 4071 681 4132 τοῖς
724 4063 1017 4137 παρελθεῖν
1062 4059 1383 4131 δυναμένοις
1409 4060 1438 4113 6
1466 4055 1723 4121 αἱὼνιος;
1752 4053 1818 4108 El

236 4168 350 4239 γὰρ
380 4163 476 4218 καὶ
508 4159 775 4217 ἀθάνατόν
800 4174 854 4210 τι
895 4155 1082 4226 χρῆμα
1109 4155 1139 4207 6
1164 4150 1397 4220 ἄγγελός
1444 4151 1561 4205 ἐστι
1604 4148 1693 4202 διὰ
1717 4146 1818 4216 τὴν

238 4257 383 4313 οὕτω
416 4253 676 4325 κειμένην
703 4251 788 4302 ἐπ’
810 4246 960 4318 αὐτῷ
990 4244 1084 4298 τού
1120 4244 1446 4313 ποιήσαντος
1473 4239 1727 4312 βούλησίν
1755 4255 1817 4291 τε

236 4349 337 4407 καὶ
365 4348 546 4419 χάριν,
570 4342 684 4398 ἀλλ’
710 4339 942 4410 ἐπείπερ
960 4336 1133 4409 ἀρχὴν
1158 4334 1252 4389 τοῦ
1282 4330 1421 4389 εἶναι
1451 4333 1584 4404 ἔχει,
1605 4330 1818 4385 δύναιτ’

240 4443 309 4497 ἂν
340 4440 437 4495 καὶ
492 4437 572 4501 εἰς
611 4434 765 4496 τέλος
813 4430 1008 4484 ἐλθεῖν.
1032 4427 1250 4491 Φύσεως
1283 4426 1342 4481 δὲ
1372 4425 1817 4496 πλεονεκτήματα

237 4536 354 4597 τοῖς
396 4526 611 4602 ἔχουσιν
649 4527 797 4580 ἐστιν
832 4520 1167 4593 ἱσχυρὰ,καὶ
1196 4520 1319 4591 οὐχὶ
1365 4518 1444 4589 τῷ
1488 4515 1815 4586 πεποιηκότι

239 4623 600 4695 Θεῷ.“Ὠσπερ
636 4614 729 4673 οὖν
758 4618 853 4671 καὶ
892 4615 955 4669 τὸ
1002 4613 1115 4686 πῦρ
1161 4611 1452 4667 καυστικὸν
1498 4610 1597 4681 μέν
1646 4610 1817 4672 ἐστιν,

240 4716 358 4771 ἀλλ’
390 4716 452 4781 ού
485 4712 564 4785 τῷ
593 4711 742 4782 Θεῷ’
776 4710 919 4763 οὕτω
965 4706 1061 4761 καί⁸
1099 4704 1330 4775 ἄγγελος
1378 4704 1643 4765 ἀθάνατος
1694 4701 1817 4771 μὲν,

240 4806 358 4860 ἀλλ’
384 4805 445 4858 οὐ
473 4802 552 4875 τῷ
574 4801 713 4872 θεῷ.
745 4799 921 4862 Μόνος
945 4797 1054 4869 γὰρ
1080 4795 1242 4859 αὐτὸς
1286 4794 1492 4863 κυρίως
1527 4792 1816 4854 ἀθάνατος,

241 4896 491 4971 φυσικῶς
540 4895 700 4965 ἔχων,
751 4892 854 4946 ούκ
894 4889 1004 4946 ἀπὺ
1046 4888 1291 4961 χάριτος,
1337 4886 1437 4958 τὴν
1473 4883 1817 4956 ιάσφάλειαν,

240 4991 432 5060 ὥσπερ
458 4987 527 5043 τὰ
552 4984 757 5057 γενητὰ

239 5278 448 5341 ΔΛΛΟ,
475 5272 626 5344 μετὰ
645 5270 1029 5344 ἀποδείξεως,
1046 5268 1149 5344 du
1164 5266 1413 5344 6'me
1432 5280 1552 5334 μεν
1578 5262 1810 5329 δοῦλοι,

685 5341 999 5409 Δεσπότης
1034 5337 1104 5392 δὲ
1143 5340 1177 5393 ό
1219 5339 1262 5391 Υ
1264 5337 1375 5403 ἰός.

316 5461 377 5514 Εἰ
402 5459 575 5523 οὐδεὶς
608 5457 831 5511 δύναται
856 5455 1073 5523 ἀφεῖναι
1101 5449 1395 5523 ἁμαρτίας,
1416 5451 1465 5504 εἰ
1495 5451 1570 5521 μὴ
1602 5450 1759 5521 μόνος
1785 5449 1815 5500 6

237 5550 395 5613 Θεὸς,
426 5549 620 5620 ἀφίησι
647 5549 705 5600 δὲ
730 5550 758 5599 6
782 5546 928 5609 Υἱὸς,
958 5544 1091 5607 Θεὸς
1117 5543 1246 5612 ἄρα,
1277 5540 1370 5594 καὶ
1397 5542 1458 5594 ού
1497 5544 1608 5603 τοῖς
1659 5540 1813 5611 ποιή-

240 5658 408 5714 μασιν
454 5639 790 5713 ἐναρίθμιος.
814 5637 1067 5708 ’Δγγελοι
1121 5635 1220 5706 μὲν
1265 5635 1374 5705 γάρ
1425 5634 1809 5706 προσεύχονται

314 5784 336 5815 ³
369 5781 515 5839 Psal.
537 5795 726 5849 csvru,
762 5779 849 5836 9|.
929 5779 994 5810 ³’δ
1027 5777 1169 5834 l‘sal.
1205 5793 1279 5849 cl,
1303 5776 1394 5845 27,
1424 5778 1516 5833 ‘28.

1911 529 2066 596 lenti,
2112 540 2210 586 aut
2239 547 2418 603 reges,
2448 532 2699 602 quamvis
2749 540 2930 591 tamen
2961 532 3127 589 etiam
3167 533 3479 593 earumdem

1911 636 2096 684 rerum
2143 623 2252 686 sint
2273 639 2525 695 capaces.
2557 624 2626 681 At
2661 638 2822 685 nemo
2853 622 3065 695 angelis
3093 622 3215 680 Filii
3250 622 3482 698 gloriam

1910 715 2120 777 deleret
2145 733 2161 771 :
2186 733 2313 777 nam
2336 718 2427 779 hic
2455 716 2743 784 Dominus,
2769 716 2844 771 illi
2871 731 3000 775 vero
3022 717 3160 777 servi
3190 727 3337 775 sunt.
3368 714 3484 773 Non

1910 816 1997 869 est
2023 805 2187 877 igitur
2224 808 2466 879 ejusdem
2498 808 2713 881 generis
2745 822 2873 866 cum
2913 807 3121 881 angelis
3165 807 3361 876 Filius,
3390 807 3484 880 qui

1912 912 2017 954 uua
2043 913 2167 954 cum
2192 897 2358 956 Patre
2391 907 2584 969 regnat
2615 899 2774 969 eique
2812 900 3045 956 assidet.

1911 1012 2080 1086 2M
2105 1013 2337 1070 ALIUD.
2370 1012 2527 1080 Quod
2567 1030 2670 1086 non
2716 1013 3061 1086 s_i_thcjusdent
3113 1023 3322 1068 natura:
3367 1029 3489 1069 cum

2485 1083 2687 1154 angelis
2722 1082 2920 1137 Filius.

1980 1199 2206 1256 Creotor
2254 1206 2311 1254 et
2354 1208 2607 1257 creatura
2654 1212 2928 1267 nunquam
2986 1196 3231 1269 ejusdem
3282 1203 3491 1252 natura:

1912 1292 2135 1349 fuerint.
2169 1290 2336 1348 Aliud
2381 1291 2525 1347 enim
2554 1300 2642 1347 est
2673 1290 2726 1346 id
2770 1289 2914 1361 quod
2946 1298 3118 1357 creat,
3160 1289 3309 1349 aliud
3345 1291 3493 1359 quod

1909 1394 2151 1442 creatur.
2191 1382 2329 1439 Nam
2362 1382 2410 1439 si
2458 1397 2547 1440 res
2595 1383 2668 1437 ita
2706 1396 2768 1438 se
2796 1396 2902 1436 non
2947 1379 3199 1447 haberet,
3230 1377 3489 1449 quidnam

1916 1477 2274 1547 distingueret
2322 1474 2491 1530 Deum
2539 1475 2836 1529 secundum
2884 1481 3135 1528 naturam
3183 1486 3214 1524 a
3258 1468 3495 1525 creatis?

1914 1567 2048 1624 Cum
2084 1569 2251 1636 igitur
2270 1568 2411 1622 Deus
2433 1580 2498 1621 ac
2525 1564 2688 1620 Pater
2722 1563 2906 1620 omnia
2945 1578 3043 1635 per
3072 1561 3267 1618 Filium
3296 1573 3489 1631 Opere—

1915 1670 2006 1716 tur
2035 1680 2049 1715 :
2081 1677 2246 1716 unum
2280 1675 2410 1715 vero
2455 1674 2524 1714 ex
2568 1658 2822 1715 omnibus
2851 1664 2937 1712 est
2982 1655 3147 1711 etiam
3179 1652 3491 1724 angelorum

1917 1763 2112 1809 natura
2141 1772 2155 1807 :
2182 1754 2324 1808 facta
2361 1752 2545 1822 itaque
2590 1760 2675 1806 est
2704 1760 2759 1809 et
2784 1759 2968 1806 creata
2999 1763 3097 1818 per
3130 1746 3348 1802 Filium.
3379 1743 3496 1799 Hac

1916 1844 2032 1916 ipsa
2059 1844 2222 1917 igitur
2249 1842 2458 1899 ratione
2493 1856 2598 1897 non
2623 1850 2709 1896 est
2746 1838 2992 1910 ejusdem
3028 1835 3244 1907 generis
3269 1848 3393 1889 cum
3426 1830 3495 1888 iis

1917 1951 2038 2006 quae
2065 1951 2160 2006 per
2186 1935 2357 2006 ipsum
2390 1933 2532 1988 facta
2559 1941 2709 1998 sunt;
2731 1930 2828 1986 sed
2856 1929 2947 1985 hic
2973 1926 3193 1999 quidem
3215 1921 3494 1980 Creatoris

1917 2028 2230 2100 dignitatem
2271 2025 2557 2089 obtinebit,
2582 2025 2664 2079 lue
2689 2038 2818 2078 vero
2854 2037 2918 2076 ea
2967 2019 3179 2075 ratione
3214 2030 3324 2086 qua
3354 2013 3494 2069 facta

1916 2128 2064 2184 sunt,
2094 2118 2346 2174 servilem
2394 2117 2783 2173 conditionem.
2822 2132 2841 2165 ι
2873 2112 3141 2168 Universa
3182 2108 3328 2164 enim
3373 2120 3495 2161 ser-

1915 2216 2070 2269 viunt
2109 2213 2225 2285 tibi,
2264 2232 2283 2265 ›
2320 2213 2497 2282 inquit
2528 2226 2683 2267 sacra
2728 2207 3008 2279 Scriptura
3032 2208 3077 2258 ¹.

1915 2326 2149 2385 ALIUD.
2198 2326 2353 2395 Quod
2387 2343 2490 2381 non
2524 2326 2591 2381 sit
2633 2323 2871 2395 ejusdem
2892 2319 3098 2395 generis
3140 2312 3495 2395 curn_ongelis

1981 2338 2149 2385 blUt).
2198 2338 2352 2395 Quod
2387 2343 2490 2381 non
2524 2338 2591 2381 su
2633 2338 2871 2394 ejusdem
2929 2338 3098 2375 enem
3140 2338 3258 2372 cum
3291 2338 3450 2385 auget

1981 2397 2158 2451 Filius
2200 2399 2319 2452 ideo
2346 2398 2473 2467 quia
2506 2394 2690 2449 melior
2715 2393 2848 2459 ipsis
2876 2338 3053 2452 {actus
3088 2404 3198 2443 esse
3228 2386 3450 2440 dicitur.

1988 2510 2262 2580 Quidquid
2321 2508 2616 2565 secundum
2673 2504 3030 2563 substantiam
3084 2515 3238 2555 suam
3290 2497 3496 2553 factum

1915 2613 2018 2668 est,
2038 2612 2212 2672 potest
2236 2602 2400 2657 etiam
2428 2598 2640 2654 volente
2661 2597 2923 2654 Creatore
2949 2596 3002 2649 in
3027 2592 3255 2649 nihilum
3287 2587 3454 2659 redigi
3475 2605 3493 2651 ;

1917 2704 1973 2757 et
1998 2695 2263 2767 quidquid
2290 2695 2455 2752 habet
2484 2700 2735 2748 naturam
2765 2688 3035 2762 passionis
3067 2698 3348 2757 capacem,
3378 2681 3497 2737 ﬁeri

1917 2798 2095 2861 potest
2149 2796 2208 2845 ιιι
2255 2788 2518 2858 patiatur,
2570 2784 2787 2839 tametsi
2844 2781 3081 2836 nondum
3139 2790 3356 2849 passum
3401 2772 3494 2829 sit.

1917 2880 2191 2953 Qnidquid
2234 2889 2430 2939 natura
2470 2879 2549 2934 ita
2588 2884 2965 2946 comparatum
2996 2878 3105 2936 est,
3139 2879 3199 2924 ut
3228 2867 3341 2940 pati
3392 2879 3498 2919 non

1916 2973 2110 3049 possit,
2141 2979 2293 3031 certe
2316 2983 2594 3040 nunquam
2620 2967 2881 3039 patietur,
2912 2972 2969 3021 et
3004 2963 3283 3018 diversum
3309 2966 3394 3013 est
3429 2954 3502 3009 ab

1920 3063 2012 3119 illo
2039 3081 2054 3119 :
2081 3073 2138 3120 et
2175 3062 2319 3134 quod
2364 3075 2579 3131 semper
2606 3061 2798 3117 eodem
2850 3059 3008 3111 modo
3047 3052 3282 3116 exsistit,
3323 3060 3503 3117 neque

1922 3153 2218 3210 assistendi
2268 3152 2482 3213 initium
2514 3150 2725 3217 habuit,
2756 3163 2932 3219 neque
2978 3147 3045 3201 ad
3098 3143 3375 3201 interitum
3408 3146 3505 3195 aut

1920 3243 2083 3299 linem
2120 3256 2345 3317 vergere
2370 3250 2567 3312 potest,
2600 3237 3057 3315 quemadmodum
3093 3235 3183 3289 illa
3208 3248 3330 3306 qua:
3357 3231 3502 3287 exsi-

1920 3334 2095 3394 sreudi
2123 3333 2334 3393 initium
2366 3334 2691 3391 habuerunt.
2741 3332 2904 3400 Atqui
2937 3344 3096 3389 nemo
3123 3343 3271 3382 sanae
3299 3324 3506 3381 mentis

1918 3425 2118 3481 dixerit
2155 3437 2217 3478 ea
2249 3439 2369 3493 quae
2420 3422 2555 3478 adeo
2580 3421 2853 3477 contraria
2880 3420 3022 3475 inter
3047 3434 3108 3473 se
3137 3428 3285 3481 sunt,
3309 3425 3365 3471 et
3388 3425 3504 3471 tan-

1920 3526 2104 3588 topere
2134 3526 2331 3575 natura
2357 3515 2643 3581 dissident,
2673 3513 2917 3585 ejusdem
2954 3520 3163 3566 naturae
3184 3518 3350 3583 atque
3374 3506 3503 3564 sub-

1918 3610 2134 3665 stantia:
2162 3623 2307 3667 esse.
2358 3608 2416 3664 Si
2463 3623 2594 3678 ergo
2641 3607 2709 3662 de
2747 3604 3036 3669 creaturis,
3081 3611 3268 3673 utpote
3305 3616 3513 3655 corru-

1918 3701 2092 3774 ptioni
2114 3700 2387 3770 obnoxiis,
2413 3700 2615 3757 dicitur
2645 3718 2659 3754 :
2700 3719 2718 3752 ‹
2745 3698 2865 3772 Ipsa
2889 3697 3181 3767 peribunt;
3214 3714 3233 3747 ι
3265 3694 3331 3750 de
3361 3692 3511 3749 Filio

1919 3805 2101 3857 autem
2146 3812 2161 3855 :
2210 3812 2230 3847 ι
2282 3792 2365 3851 Tu
2392 3809 2528 3849 vero
2562 3806 2854 3865 permanes
2877 3830 2893 3855 ,
2933 3810 2952 3843 ι
2997 3800 3055 3847 ει
3088 3808 3107 3841 ι
3133 3787 3256 3864 lpsa
3288 3796 3505 3843 vetera-

1919 3896 2115 3955 scent,
2149 3906 2169 3940 ι
2228 3895 2421 3958 utpote
2463 3896 2705 3943 creatam
2748 3884 3002 3943 habentia
3050 3889 3342 3949 naturam;
3377 3876 3507 3932 Filii

1918 3994 2049 4043 vero
2073 3996 2093 4031 ι
2124 3978 2255 4039 anni
2291 3992 2401 4037 non
2434 3976 2687 4039 deﬁcient
2709 3976 2820 4032 ὀδε
2852 3996 2871 4029 ι
2910 3973 3178 4047 quomodo
3211 3971 3318 4028 erit
3362 3969 3511 4036 ejus--

1918 4069 2040 4126 dem
2078 4077 2288 4125 natura:
2327 4083 2451 4125 cum
2488 4067 2697 4140 angelis
2734 4066 2925 4132 Filius,
2950 4081 3071 4122 cum
3108 4060 3342 4118 conditis
3372 4073 3502 4113 con-

1918 4157 2081 4223 ditor,
2119 4172 2244 4215 cum
2290 4155 2494 4213 creatis
2529 4166 2768 4222 creator,
2821 4170 2946 4211 cum
2977 4150 3309 4209 transitoriis
3343 4156 3504 4204 aeter-

1918 4251 2058 4306 nus?
2084 4249 2217 4307 Nam
2244 4250 2351 4306 etsi
2392 4249 2615 4321 angelus
2661 4248 2971 4304 immortale
2996 4244 3252 4317 quiddam
3286 4240 3378 4304 sit,
3421 4237 3513 4294 id-

1918 4357 2025 4413 que
2056 4356 2123 4395 ex
2156 4341 2434 4398 voluntate
2460 4349 2517 4396 et
2544 4339 2809 4396 beneﬁcio
2839 4337 3137 4401 Creatoris,
3165 4348 3290 4390 cum
3318 4343 3505 4388 tamen

1921 4434 2215 4491 exsistendi
2256 4433 2583 4506 principium
2630 4433 2848 4498 habeat,
2895 4439 3076 4503 potest
3122 4427 3287 4483 etiam
3338 4422 3514 4478 linem

1918 4525 2126 4584 sortiri.
2152 4524 2442 4581 Naturales
2469 4524 2617 4581 enim
2648 4521 3044 4595 praerogativae,
3072 4532 3193 4585 quae
3224 4508 3514 4573 nonnullis‘

1919 4618 2187 4673 creaturis
2217 4617 2423 4682 insunt,
2455 4615 2648 4671 validae
2678 4622 2805 4669 sunt
2834 4630 2849 4668 :
2878 4610 3020 4683 apud
3050 4608 3219 4663 Deum
3245 4618 3380 4661 vero
3409 4604 3505 4673 qui

1904 4728 2013 4767 -eas
2044 4711 2269 4779 creavit,
2310 4711 2447 4765 nihil
2477 4719 2625 4767 sunt.
2651 4704 3129 4778 [Quemadmodum
3165 4700 3330 4772 igitur
3358 4697 3504 4768 ignis

1921 4801 2110 4856 urendi
2144 4802 2254 4856 vim
2284 4801 2468 4865 habet,
2504 4800 2601 4854 sed
2631 4814 2737 4853 non
2778 4798 2927 4863 Deo;
2965 4796 3040 4851 ita
3072 4802 3128 4851 et
3152 4790 3374 4863 angelus
3402 4788 3511 4842 im-

1922 4893 2169 4949 mortalis
2198 4894 2415 4963 quidem
2455 4901 2566 4958 est,
2598 4892 2692 4948 sed
2734 4904 2837 4945 non
2874 4889 3005 4942 Deo.
3037 4884 3157 4956 Ipse
3181 4883 3326 4938 enim
3355 4880 3505 4937 solus

1923 4983 2141 5053 proprie
2180 4992 2265 5037 est
2311 4982 2655 5047 immortalis,
2705 4978 3043 5045 naturaliter,
3098 4991 3204 5032 non
3233 4988 3332 5045 per
3375 4985 3502 5042 gra-

1928 5075 2056 5128 tiam
2089 5085 2147 5129 ut
2168 5084 2445 5140 creatura,
2471 5075 2780 5129 ﬁrmitatem
2818 5072 2963 5131 illam
2996 5079 3050 5127 et
3083 5065 3507 5141 perpetuitatem

1923 5163 1977 5218 iu
2014 5179 2073 5219 se
2111 5166 2335 5224 habens.

1924 5274 2159 5347 ALIUD,
2183 5293 2324 5347 cum“
2336 5277 2803 5347 demonstratione,
2832 5275 2970 5346 quod
3000 5270 3173 5346 angeli
3201 5270 3305 5327 sint
3335 5266 3503 5333 servi,

2276 5344 2326 5401 F
2328 5349 2450 5403 ilius
2480 5364 2622 5413 vero,
2653 5344 2938 5400 Dominus.

1993 5457 2050 5512 Si
2086 5473 2245 5513 nemo
2273 5467 2451 5529 potest
2486 5459 2767 5516 remittere
2800 5465 3047 5528 peccata,
3082 5451 3244 5529 205
3272 5450 3374 5507 nisi
3402 5463 3494 5504 so-

1920 5544 2005 5600 lus
2047 5547 2206 5613 Deus,
2260 5549 2488 5604 remittit
2536 5565 2666 5605 vero
2717 5549 2887 5607 Filius
2920 5566 2933 5601 :
2968 5546 3111 5601 Deus
3156 5546 3337 5614 itaque
3388 5550 3503 5606 est,

1920 5655 2095 5710 neque
2124 5641 2392 5698 creaturis
2426 5643 2885 5698 annumerandus.
2921 5641 3109 5711 Augeli
3138 5639 3280 5696 enim
3312 5645 3504 5705 orant,
