3878 6208
389 333 493 389 διτ

1404 329 1464 384 S.
1506 325 1784 384 CYRILIJ
1825 320 2295 378 ALEXANDRINI
2328 322 2647 380 ARCHIEP.

391 452 634 504 dicentes
676 465 691 502 :
733 468 751 499 ι
800 448 1027 504 Domine
1081 447 1460 516 omnipotens,
1520 460 1802 516 usquequo
1848 458 1957 499 non

2080 441 2347 508 .éyovzsv
2405 461 2424 493 ι
2458 440 2633 513 Κύριε
2668 439 3085 511 παντοκράτωρ,
3115 437 3222 503 ἓως
3273 436 3414 500 τίνος
3452 434 3515 488 οὐ
3565 434 3670 505 μὴ,

391 540 667 596 misereris
706 538 1032 604 Jerusalem,
1088 547 1143 592 et
1195 539 1407 593 urbium
1461 536 1686 593 Juda'?
1716 557 1735 590 ι
1792 537 1966 594 Filius

391 649 524 687 vero
555 647 675 686 cum
710 641 977 701 potestate
1008 631 1138 686 dicit
1166 650 1179 686 :
1217 649 1236 682 ι
1270 630 1460 697 Homo,
1494 630 1836 685 dimittuntur
1867 629 1962 684 tibi

390 735 611 792 peccata
646 734 733 778 tua
756 723 799 780 ⁸.
830 743 849 776 ι
887 722 1003 778 Non
1032 733 1114 778 est
1145 722 1306 794 igitur
1335 721 1574 790 ejusdem
1600 722 1814 793 generis
1839 736 1961 777 cum

391 816 609 870 domino
632 829 841 881 servus,
886 828 1061 886 neque
1086 816 1133 871 ei
1160 814 1252 885 qui
1290 813 1515 884 largitur
1545 813 1590 870 is
1635 814 1725 884 qui
1748 814 1881 884 petit
1906 820 1964 869 ut

391 908 644 977 accipiat.

390 999 602 1056 ALIUD
628 1001 748 1054 huic
782 1000 972 1066 simile,
1004 998 1343 1123 (iiuod‘Filius
1369 1016 1473 1054 non
1501 999 1569 1054 sit
1597 1013 1960 1054 annumeran-

1059 1086 1120 1123 us
1148 1087 1328 1123 εει-ινιτ.

1059 1086 1120 1123 as
1148 1087 1328 1125 εει-ωε.

463 1180 607 1235 Deus
648 1182 940 1251 prophetas
985 1179 1170 1245 mittit,
1202 1180 1292 1249 qui
1331 1179 1551 1251 exigant
1599 1177 1836 1233 fructum
1881 1178 1962 1232 vi-

386 1288 528 1339 nea",
570 1273 686 1342 qui,
722 1285 1091 1344 praeterquam
1116 1273 1259 1343 quod
1300 1271 1434 1327 nihil
1483 1281 1827 1342 acceperunt,
1881 1272 1964 1326 in-

388 1365 603 1420 terfecti
644 1376 789 1421 sunt.
842 1366 1122 1433 Servator,
1149 1377 1207 1420 ut
1238 1366 1521 1431 Dominus,
1550 1363 1729 1419 debita
1770 1363 1961 1419 remit-

389 1455 475 1519 tit,
510 1465 565 1510 et
596 1456 649 1510 in
680 1457 816 1511 alios
850 1457 1355 1514 colonostransl'ert
1387 1457 1600 1511 vineam
1625 1457 1667 1522 ⁷,
1702 1466 1762 1511 ut
1799 1456 1965 1511 herus

388 1554 444 1598 et
476 1546 773 1615 Dominus;
835 1549 928 1603 sed
988 1557 1043 1604 et
1092 1549 1270 1620 angeli
1322 1548 1777 1608 administrationi
1831 1546 1965 1616 legis

395 1637 713 1694 inserviisse
745 1642 1172 1711 cemperiuntur,
1205 1651 1259 1697 et
1294 1640 1426 1696 nihil
1458 1655 1644 1695 eorum
1687 1656 1807 1710 quae
1840 1640 1966 1695 fecit

393 1729 583 1796 Filius,
614 1730 831 1787 fecisse.
870 1732 984 1787 Non
1022 1733 1297 1805 estigitur
1323 1733 1565 1804 ejusdem
1596 1734 1809 1804 generis
1836 1749 1979 1788 cum,

393 1822 599 1892 angelis
643 1822 848 1890 Filius,
892 1824 987 1880 sed
1023 1825 1281 1895 Magister
1308 1836 1365 1881 et
1398 1826 1680 1881 Dominus.

390 1996 622 2070 ALIUD,
664 1998 999 2068 explicatius,
1025 2002 1164 2070 quod
1199 2001 1356 2065 illud,
1398 2021 1418 2054 ι
1452 2002 1644 2057 Melior
1681 2005 1852 2067 factus
1887 2017 1977 2060 est.

461 2069 662 2206 (flagelli:
683 2070 728 2133 ⁸,
768 2088 787 2121 ›
808 2071 892 2151 .ad
923 2069 1279 2139 (ii/ferentium
1318 2074 1849 2130 administrationum
1882 2093 1968 2131 re-

490 2156 609 2192 eren
653 2156 740 2192 um
774 2149 867 2195 stt.

490 2149 740 2192 erendum
774 2149 867 2195 sit.

466 2248 667 2305 Paulus
687 2250 753 2305 de
790 2250 928 2305 Filio
960 2253 1131 2321 inquit
1160 2269 1175 2307 :
1214 2273 1232 2305 ι
1263 2254 1437 2309 Tanto
1463 2256 1649 2310 melior
1676 2256 1849 2313 factus
1881 2273 1971 2313 an-

397 2342 529 2411 gelis
560 2356 574 2395 :
611 2361 630 2393 »
669 2358 774 2397 non
829 2344 971 2413 quod
1022 2344 1114 2398 Dei
1152 2344 1315 2401 Verbi
1357 2356 1606 2402 naturam
1653 2349 1969 2421 angelorum

400 2445 612 2490 naturae
640 2450 957 2507 comparare
996 2438 1142 2503 velit,
1180 2453 1354 2509 neque
1398 2441 1684 2497 dissimiles
1716 2445 1970 2499 substano

395 2525 499 2580 tias
538 2527 727 2581 eodem
773 2528 933 2582 modo
980 2543 1045 2582 ac
1095 2531 1307 2584 ratione
1350 2532 1622 2588 examinet
1652 2534 1786 2602 (Deo
1827 2536 1970 2590 enim

395 2607 531 2673 nihil
571 2620 897 2689 comparari,
936 2631 1028 2674 aut
1056 2620 1294 2676 conferri
1334 2623 1558 2695 potest),
1601 2626 1695 2680 sed
1738 2626 1971 2681 admini-

396 2713 721 2768 strationum
747 2712 1086 2768 differentias
1116 2716 1388 2785 proponit,
1432 2726 1491 2770 ut
1520 2731 1587 2771 ex
1619 2717 1971 2773 administra-

398 2804 695 2873 tione‘qua:
740 2802 936 2873 cuique
974 2807 1263 2859 commissa
1317 2817 1422 2871 est,
1463 2808 1593 2876 quid
1636 2808 1866 2879 quisque
1903 2810 1975 2864 sit

396 2903 774 2963 cognoscatur.
811 2882 962 2962 Quod
1009 2911 1139 2951 vero
1171 2916 1188 2947 ‹
1224 2896 1416 2952 melior
1446 2917 1465 2950 ι
1517 2899 1582 2953 ad
1614 2900 1975 2968 comparatio-

399 2999 522 3037 nem
568 2985 1053 3041 administrationis
1119 2988 1443 3055 angelorum
1497 2989 1815 3046 referendus
1862 2993 1971 3056 sit,

398 3074 522 3128 inde
578 3074 865 3129 manifeste
916 3086 1172 3131 constat:
1214 3078 1554 3147 propositum
1604 3090 1720 3135 erat
1768 3081 1969 3147 Paulo,

397 3168 684 3221 ostendere
713 3182 832 3236 qua:
871 3183 967 3238 per
999 3168 1278 3224 Christum
1322 3171 1758 3239 praedicabantur
1789 3173 1972 3244 lega.i-

400 3260 503 3314 bus
528 3260 810 3330 praeceptis
838 3261 993 3331 longe
1026 3264 1405 3331 prazstantiora
1445 3279 1586 3320 esse.
1622 3264 1777 3321 Unde
1811 3267 1975 3337 igitur

400 3351 506 3405 hoc
533 3352 913 3407 demonstrat?
944 3354 1025 3407 Ad
1053 3354 1523 3410 administratores
1565 3372 1623 3412 se
1662 3359 1930 3412 convertit
1958 3378 1971 3414 :

397 3452 455 3497 et
500 3457 565 3497 ex
607 3457 795 3497 eorum
827 3442 1129 3499 diﬂ'erentia
1174 3460 1236 3500 ea
1276 3461 1397 3516 quae
1428 3462 1525 3518 per
1574 3449 1719 3518 ipsos
1748 3450 1977 3504 admini-

397 3542 567 3589 strata
617 3543 744 3589 sunt
793 3535 1047 3593 aestimat.
1084 3537 1278 3608 Angeli
1328 3554 1459 3609 ergo
1489 3540 1871 3596 administrant
1904 3543 1977 3596 Ie-

398 3640 541 3697 gem,
575 3633 631 3681 et
665 3640 763 3695 per
787 3641 880 3681 eos
912 3629 1260 3697 pronuntiata
1287 3638 1408 3696 est;
1441 3630 1610 3686 Filius
1660 3647 1791 3686 vero
1823 3634 1971 3688 noti-

398 3718 530 3771 tiam
561 3730 753 3772 eorum
784 3732 904 3787 quae
928 3733 1024 3787 per
1043 3718 1392 3790 Evangelium
1423 3722 1815 3777 annuntiantur
1836 3739 1980 3795 prm-

399 3814 565 3867 dicat.
598 3812 768 3884 Atqui
805 3811 1013 3878 melior,
1045 3812 1240 3883 inquit,
1274 3825 1357 3869 est
1377 3814 1547 3871 Filius
1576 3830 1739 3886 quam
1768 3819 1972 3890 angeli;

399 3916 668 3976 quatenus
712 3906 1062 3961 excellentior
1111 3907 1513 3964 administratio
1566 3909 1642 3965 illi
1688 3914 1978 3969 commissa

401 4008 508 4066 est,
535 4014 599 4054 ea
633 3998 845 4054 ratione
870 3998 1065 4054 melior
1094 4010 1199 4056 est.
1225 4000 1690 4057 Administrantur
1718 4006 1861 4060 enim
1892 4021 1980 4062 res

403 4107 617 4164 magna:
655 4107 683 4146 a
722 4091 953 4162 magnis,
1000 4102 1054 4146 et
1086 4107 1267 4161 parva:
1306 4109 1335 4145 a
1370 4095 1571 4162 parvis.
1617 4097 1847 4165 Magnus
1884 4114 1981 4153 au-

404 4194 511 4239 tem
560 4192 643 4240 est
676 4184 865 4250 Filius,
911 4192 1177 4254 quatenus
1229 4170 1312 4239 est
1376 4185 1630 4255 Splendor
1681 4198 1736 4243 et
1783 4190 1980 4244 chara-

404 4279 596 4344 cter“,
642 4287 697 4331 et
746 4287 1016 4346 quatenus
1058 4278 1109 4331 ei
1154 4277 1352 4331 dicitur
1395 4296 1408 4331 :
1456 4297 1474 4331 ι
1507 4278 1648 4335 Sede
1694 4296 1724 4335 ιι
1773 4282 1983 4339 dextris

405 4371 539 4425 meis
564 4370 639 4436 ‘°;
680 4388 699 4422 ι
744 4378 1013 4438 quatenus
1047 4370 1456 4440 primogenitus,
1497 4382 1553 4426 et
1590 4373 1656 4428 ab
1703 4374 1834 4442 ipsis
1879 4391 1977 4429 an-

402 4462 537 4532 gelis
570 4462 853 4516 adoratur.
882 4460 1073 4529 Angeli
1100 4476 1229 4514 vero
1253 4462 1384 4514 nihil
1413 4477 1603 4518 eorum
1636 4465 1852 4530 habent,
1885 4467 1977 4521 sed
2008 4473 2059 4532 ι)

406 4564 466 4607 ut
520 4553 753 4608 ministri
805 4552 1195 4618 circumstant,
1227 4562 1286 4608 ut
1330 4554 1471 4608 servi
1522 4555 1686 4627 206
1728 4558 1979 4624 adorant,

406 4645 880 4715 ministeriumque
920 4660 1075 4700 suum
1104 4654 1363 4713 praestant
1403 4656 1622 4713 propter
1655 4664 1749 4703 eos
1778 4652 1868 4719 qui
1897 4666 1984 4705 sa-

404 4737 573 4791 lutem
609 4745 735 4790 sunt
775 4738 1115 4792 consecuturi
1162 4738 1223 4791 “.
1267 4736 1444 4792 Tanto
1489 4738 1671 4807 itaque
1721 4746 1985 4808 praestan-

406 4828 514 4882 tior
541 4836 624 4881 est
655 4826 1051 4882 administratio
1091 4827 1400 4891 Servaloris
1452 4844 1613 4898 quam
1649 4831 1981 4901 angelorum,

405 4925 608 4988 quanto
642 4931 780 4970 unus
817 4917 1033 4985 quidem
1073 4918 1126 4972 in
1183 4918 1309 4983 illis,
1363 4919 1515 4975 alteri
1562 4930 1738 4975 autem
1792 4923 1844 4976 in
1896 4924 1980 4979 his

404 5017 715 5065 versantur.
763 5006 913 5063 Hanc
966 5009 1129 5078 igitur
1168 5012 1237 5065 ob
1287 5027 1504 5065 causam
1548 5012 1745 5069 Paulus
1799 5015 1982 5072 volens

405 5114 726 5170 comparare
759 5099 902 5154 inter
931 5115 991 5155 se
1024 5100 1187 5156 hasce
1216 5102 1734 5170 administrationes,
1764 5106 1937 5176 inquit
1966 5127 1979 5162 :

412 5211 431 5243 ι
469 5192 659 5249 Melior
682 5191 858 5246 factus
890 5191 1114 5260 angelis.
1146 5210 1164 5242 ι
1209 5192 1344 5247 Cum
1378 5207 1505 5248 vero
1541 5195 1607 5248 ad
1649 5197 1985 5251 substantia-

407 5301 527 5339 runt
564 5284 1028 5353 comparationem
1067 5287 1233 5351 venit,
1284 5285 1502 5356 inquit:
1540 5306 1559 5338 ι
1591 5288 1803 5354 Quanto
1832 5289 1986 5346 diﬂ‘e-

411 5378 624 5431 rentius
651 5376 900 5432 Christus
933 5377 1041 5431 illis
1088 5393 1286 5432 nomen
1324 5378 1547 5433 sortitus
1578 5381 1743 5433 est".
1785 5401 1804 5432 ι
1856 5382 1971 5438 Νοη

408 5471 518 5539 jam
550 5470 626 5522 ait
665 5470 871 5537 melius,
905 5471 999 5525 sed
1033 5470 1402 5540 (ii/Terentius:
1433 5474 1576 5543 quod
1611 5475 1824 5543 quidem
1868 5496 1984 5532 ma-

388 5574 389 5577 ‘
416 5578 575 5632 gnam
607 5562 975 5618 diversitatem
1006 5563 1293 5634 signiﬁcat.

515 5702 701 5777 'Zach.
724 5721 762 5766 I,
792 5705 881 5777 i2.
961 5706 1182 5762 “Matth.
1210 5709 1356 5775 tx,2.
1437 5709 1455 5739 ⁷
1484 5706 1667 5764 Matth.
1693 5725 1807 5777 xxr,
1829 5710 2017 5772 εει-ιι.

430 5773 513 5828 ιι.
596 5774 635 5802 ¹¹
664 5776 788 5830 ibid.
816 5775 868 5829 4.

2063 531 2292 603 ἐλεήσῃς
2324 532 2423 602 τὴν
2460 531 2817 603 Ἰερουσαλὴμ
2861 532 2957 583 καὶ
2997 531 3096 593 τάς
3148 529 3337 591 πόλεις
3378 526 3581 590 Ἰούδας
3616 544 3635 576 ι

2074 620 2134 672 '0
2180 620 2235 672 δὲ
2268 621 2395 683 Υἱὸς
2441 618 2898 684 ὲξουσιαστικῶςθ
2958 638 2978 671 ι
3009 618 3321 690 Ἀνθρωπε,
3366 614 3643 684 ἀφέωνταί

2065 729 2149 764 σοι
2178 712 2236 764 αἱ
2259 712 2547 784 ἁμαρτίαι.
2574 730 2594 763 ι
2629 712 2742 782 Οὐχ
2766 710 3026 782 ὁμογενὲς
3051 705 3145 765 οὖν
3176 710 3286 781 ἄρα
3306 708 3385 777 τῷ
3404 707 3644 777 δεσπότῃ

2062 797 2122 851 τὸ
2153 797 2372 863 δοῦλον,
2400 798 2522 852 οὔτε
2551 798 2633 870 τῷ
2662 798 3009 871 χαριζομένῳ
3036 800 3099 853 τὸ
3146 798 3333 853 αἰτοῦν
3359 798 3446 851 ἵνα
3477 796 3641 866 λάϐῃ.

2138 980 2321 1037 ΑΛΛΟ
2351 978 2539 1043 τούτῳ
2565 978 2788 1103 ὅμοιος
2934 980 3046 1033 οὐκ
3171 978 3296 1044 τοῖς
3323 977 3571 1043 δούλοις

2658 1072 2671 1087 κ
2917 1070 2968 1104 c.

2658 1072 2671 1087 κ
2739 1070 2771 1103 ο
2821 1070 2968 1115 ιιος.

2146 1142 2489 1197 ’Λποστέλλει
2508 1143 2644 1208 τοὺς
2678 1145 2963 1215 προφήτας
2990 1145 3019 1196 6
3044 1141 3178 1205 Θεὸς
3210 1141 3514 1210 ἀπαιτῆσαι
3542 1138 3639 1192 τοῦ

2061 1235 2383 1307 ἀμπελῶνος
2408 1237 2532 1299 τοὺς
2565 1238 2831 1309 καρποὺς,
2864 1237 2915 1289 οἳ
2945 1236 3082 1305 πρὸς
3112 1234 3189 1304 τῷ
3218 1233 3353 1305 μηδὲ
3378 1232 3641 1287 δύνασθαι

2061 1326 2265 1392 λαϐεῖν,
2303 1326 2397 1380 καὶ
2418 1327 2785 1382 ἀπέθανον.’0
2808 1326 2999 1398 Σωτὴρ
3030 1325 3407 1394 ὡς’Δεσπότης
3428 1323 3643 1387 καὶτὰς

2061 1417 2281 1488 ὀφειλάς
2306 1418 2519 1488 ἀφίησι,
2536 1420 2632 1473 καὶ
2659 1421 2739 1483 εἰς
2766 1418 2985 1491 ἑτέρους
3010 1418 3288 1489 γεωργοὺς
3315 1416 3641 1487 μετατίθησι

2061 1506 2153 1561 τὸν
2177 1506 2477 1578 ἀμπελῶνα
2506 1507 2581 1572 ὡς
2627 1509 2909 1578 δεσπότης¹
2940 1509 3034 1562 καὶ
3078 1508 3317 1580 Κύριος]
3357 1508 3646 1577 φαίνονται

2062 1599 2120 1655 δὲ
2160 1602 2256 1654 καὶ
2288 1603 2355 1672 τῇ
2388 1600 2482 1653 τοῦ
2521 1601 2684 1671 νόμου
2719 1602 2965 1673 διακονίᾳ
3007 1603 3450 1673 ὑπηρετήσαντες
3481 1601 3653 1669 ἄγγε-

2062 1694 2165 1759 λοι,
2201 1694 2296 1747 καὶ
2327 1695 2654 1765 ποιήσαντες
2690 1695 2845 1751 οὐδὲν
2868 1689 2943 1750 ὧν
2978 1697 3235 1767 ἐποίησεν
3260 1696 3288 1748 ὁ
3324 1695 3471 1759 Υἱός.
3505 1695 3653 1748 Οὐκ-

1996 1792 2037 1847 Β
2066 1785 2161 1839 οῦν
2188 1786 2287 1856 οὐχ
2317 1786 2585 1858 ὁμογενὴς
2610 1787 2865 1857 ἀγγέλοις
2890 1789 3058 1855 ἐστὶν,
3084 1787 3221 1843 ἀλλὰ
3247 1788 3524 1856 Δεσπότης
3552 1785 3654 1839 καὶ

2067 1879 2290 1950 Κύριος.

2067 1974 2249 2028 ΑΛΛΟ
2270 2012 2285 2034 ,
2318 1972 2755 2043 διηγηματικῶς
2784 1973 2871 2027 ὅτι
2916 1972 2984 2027 τὸ
3021 1991 3040 2024 ι
3069 1973 3362 2041 Κρείττων
3408 1971 3659 2043 γενόμε-

2136 2060 2245 2110 νος
2266 2042 2385 2097 τῶν
2422 2042 2715 2113 ἀγγέλων,
2745 2064 2762 2096 ι
2807 2046 2920 2097 οὐκ
2961 2043 3186 2097 οὐσιῶώ⁸
3208 2043 3471 2113 εἰσφέρει
3502 2042 3657 2111 σύτο

2139 2129 2362 2183 κρισιν,
2395 2115 2559 2170 ἀλλὰ
2585 2114 2829 2184 μᾶλλον
2861 2114 3198 2171 διακονιῶν.

2146 2247 2165 2280 ι
2195 2228 2447 2299 Τοσούτῳ
2493 2228 2760 2299 κρείττων
2806 2227 3096 2298 γενόμενος
3142 2227 3252 2283 τῶν
3308 2228 3554 2295 ἀγγέλων
3577 2266 3594 2289 ,
3628 2246 3649 2279 ι

2070 2321 2164 2375 ἐπὶ
2192 2320 2287 2374 τοῦ
2320 2319 2451 2373 Υἱοῦ
2487 2338 2650 2390 φησιν
2689 2323 2719 2374 6
2756 2319 2991 2383 Παῦλος,
3026 2321 3088 2374 οὐ
3119 2324 3186 2392 τῇ
3219 2320 3379 2389 φύσει
3409 2320 3517 2372 τῶν
3546 2321 3655 2386 ἀγ-

2069 2411 2244 2480 γέλων
2276 2410 2375 2482 τὴν
2404 2410 2499 2464 τοῦ
2530 2410 2665 2464 Θεοῦ
2683 2411 2858 2478 Λόγου
2891 2409 3276 2481 συγκρίνεσθαι
3313 2409 3502 2473 θέλων,
3525 2409 3657 2463 οὐδὲ

2071 2504 2177 2559 τῶν
2201 2505 2470 2576 ἀνομοίων
2499 2504 2699 2558 οὐσιῶν
2725 2502 2902 2569 ὲξίσου
2935 2503 3258 2575 ποιούμενος
3282 2503 3379 2574 τὴν
3405 2502 3657 2567 ἐξέτασιν

2072 2597 2421 2669 (ἀσύγκριτον
2439 2596 2546 2668 γάρ
2572 2598 2804 2668 πρᾶγμα
2831 2596 3081 2667 θεότητος
3104 2596 3199 2648 καὶ
3215 2595 3655 2665 ἀπαράδλητον),

2071 2689 2208 2743 ἀλλά
2238 2690 2337 2760 τὴν
2378 2690 2470 2742 ἐπὶ
2496 2691 2613 2753 ταῖς
2640 2688 2937 2751 διακονίαις
2967 2687 3233 2759 εἰσφέρων
3259 2688 3541 2757 διαφορὰν,
3577 2687 3656 2740 ἴνε

2073 2781 2165 2849 ἀφ’
2200 2772 2274 2833 ὧν
2306 2781 2532 2843 ἕκαστος
2563 2777 2855 2845 ἐπιστεύθη
2882 2778 2978 2831 καὶ
3020 2778 3390 2849 ᾠκονόμησεν,
3425 2780 3490 2831 ὲκ
3526 2778 3657 2831 τού-

2071 2890 2180 2926 των
2204 2874 2352 2935 ὅστις
2384 2872 2469 2942 εἴη
2513 2870 3000 2941 γινώσκηται.”οτι
3027 2870 3086 2923 δὲ
3106 2870 3166 2922 τὸ
3197 2889 3221 2922 ιν
3245 2871 3506 2942 κρείττων
3530 2891 3547 2921 ι
3573 2871 3656 2935 ὡς

2074 2966 2211 3037 πρὸς
2245 2966 2342 3037 τὴν
2364 2964 2472 3017 τῶν
2500 2963 2748 3032 ἀγγέλων
2772 2962 3048 3015 διακονίαν
3076 2962 3189 3031 ἔχει
3216 2961 3323 3032 τὴν
3339 2961 3657 3031 σύγκρισιν,

2074 3057 2272 3126 γένοιτ’
2306 3058 2372 3110 ἂν
2416 3056 2626 3110 ἐνθένδε
2657 3056 2981 3125 καταφανέςο
3022 3054 3226 3117 Σκοπὸς
3253 3050 3323 3125 ἦν
3346 3056 3423 3124 τῷ
3453 3054 3659 3125 Παύλῳ

2077 3151 2364 3222 κρείττονα
2391 3148 2497 3201 τῶν
2522 3146 2759 3216 νομικῶν
2788 3146 3136 3216 ενταλμάτων
3166 3146 3427 3212 ἐπιδεῖξαι
3467 3145 3537 3197 τά
3562 3145 3661 3197 διὰ

2076 3240 2313 3311 Χριστοῦ
2362 3240 2762 3311 κηρυττόμενα.
2793 3237 2967 3291 Πόθεν
2996 3235 3090 3290 οὖν
3118 3240 3351 3291 ποιεῖται
3385 3238 3484 3302 τὰς
3514 3239 3659 3291 ἀπος

2076 3335 2302 3400 δείξεις;
2345 3335 2468 3387 Ἐπὶ
2494 3332 2619 3396 τοὺς
2646 3331 3028 3393 διακονοῦντας
3056 3334 3243 3401 χωρεῖ,
3259 3332 3353 3385 καὶ
3384 3334 3503 3394 ταῖς
3524 3332 3658 3383 τού-

2076 3441 2183 3477 των
2210 3424 2495 3494 διαφοραῖς
2521 3421 2799 3490 ἀναλόγως
2830 3420 3000 3491 ὁρίζει
3029 3421 3098 3473 τά
3132 3422 3221 3474 ὐπ’
3244 3421 3421 3473 αὐτῶν
3466 3420 3656 3477 διακοαξ

2079 3516 2335 3587 νούμενα.
2356 3514 2612 3583 ΙΙἌγγελοι
2648 3515 2744 3585 μὲν
2772 3508 2866 3567 οῦν
2889 3511 3196 3565 διακονοῦσι
3223 3512 3316 3563 τὸν
3344 3511 3528 3581 νόμον,
3557 3511 3661 3565 καὶ

2079 3609 2321 3663 λαλεῖται
2371 3608 2437 3661 δι’
2473 3608 2655 3661 αὐτῶν
2676 3624 2689 3637 ·
2713 3609 2742 3660 6
2773 3608 2830 3661 δὲ
2852 3608 2999 3673 Υἱὸς,
3029 3608 3127 3679 τὴν
3154 3606 3242 3660 διὰ
3268 3606 3377 3659 τῶν
3414 3605 3663 3675 Εὐαγγε-

2078 3702 2210 3756 λίων
2241 3699 2500 3772 κηρύττει
2530 3700 2751 3769 γνῶσιν.
2770 3699 2932 3753 Ἀλλά
2959 3700 3244 3770 κρείττων,
3275 3700 3457 3768 φησιν,
3481 3699 3512 3751 6
3531 3698 3662 3763 Υἱὸς

2080 3794 2188 3848 τῶν
2235 3793 2504 3862 ἀγγέλων’
2554 3792 2691 3848 καθὸ
2731 3792 2840 3847 τῶν
2885 3793 3184 3863 ἀμεινόνων
3217 3793 3454 3861 κατέστη
3475 3793 3665 3847 διάκο-

2079 3902 2192 3948 νος,
2220 3884 2363 3938 κατά
2389 3882 2548 3937 τοῦτο
2574 3884 2862 3955 κρείττων.
2896 3886 3231 3938 Διακονεῖται
3269 3884 3325 3936 δὲ
3349 3884 3418 3936 τὰ
3449 3883 3666 3953 μεγάλα

2079 3978 2170 4033 διὰ
2200 3978 2469 4048 μεγάλων,
2497 3979 2592 4030 καὶ
2622 3976 2693 4030 τά
2724 3977 2897 4048 μικρά
2928 3976 3017 4031 διὰ
3056 3976 3165 4029 τῶν
3198 3976 3429 4046 μικρῶν.
3470 3975 3663 4043 Μέγας

2081 4068 2139 4121 δὲ
2190 4070 2218 4121 6
2265 4067 2422 4132 Υἱὸς,
2448 4067 2583 4120 καθὸ
2633 4067 2975 4137 ἀπαύγασμα
3023 4068 3116 4120 καὶ
3165 4066 3473 4136 χαρακτὴρ.
3524 4065 3668 4119 καθὸ

2084 4160 2304 4215 ἀκούει·
2338 4179 2356 4211 ι
2389 4159 2575 4213 Κάθου
2607 4161 2671 4214 ὲκ
2700 4159 2887 4224 δεξιῶν
2928 4176 3051 4228 μου·
3087 4179 3104 4210 ι
3150 4159 3283 4213 καθὸ
3319 4159 3666 4230 πρωτότοκος

2084 4258 2181 4308 καὶ
2226 4253 2316 4306 ὐπ’
2347 4253 2528 4305 αὐτῶν
2560 4252 2808 4320 ἀγγέλων
2838 4251 3330 4322 προσκυνούμενος.
3369 4253 3431 4304 Οἱ
3471 4251 3526 4304 δὲ
3563 4252 3667 4320 ἄγ-

2085 4347 2259 4415 γελοι,
2282 4346 2486 4399 τούτων
2515 4345 2688 4405 οὐδὲν,
2725 4344 2840 4396 ἀλλ’
2868 4343 2917 4396 οἱ
2953 4344 3048 4413 μὲν
3078 4343 3153 4405 ὡς
3184 4342 3486 4413 λειτουργοὶ
3522 4360 3668 4411 παρ-

2086 4439 2405 4510 εστήκασιν,
2454 4436 2530 4499 ὡς
2575 4434 2750 4487 δοῦλοι
2800 4434 3218 4503 προσκυνοῦσιν,
3268 4433 3343 4497 ὡς
3392 4434 3668 4504 ὑπηρέται

2085 4532 2338 4601 τρέχουσι
2370 4528 2459 4582 διὰ
2482 4529 2607 4591 τοὺς
2641 4527 2932 4598 μέλλοντας
2975 4525 3331 4596 κληρονομεῖν
3365 4526 3665 4595 σωτηρίαν.

2087 4622 2368 4694 Κρείττων
2398 4621 2506 4693 ἄρα
2532 4619 2625 4672 τοῦ
2661 4619 2909 4688 Σωτῆρος
2935 4620 2967 4687 ἡ
2992 4616 3234 4669 διακονία
3261 4617 3362 4687 τῆς
3399 4616 3464 4669 δι’
3496 4618 3670 4686 ἀγγέ-

2087 4715 2215 4781 λων,
2246 4715 2464 4784 ὅσῳπερ
2495 4715 2523 4764 6
2553 4712 2651 4782 μὲν
2680 4713 2736 4763 ἐν
2763 4710 2994 4773 τούτοις,
3020 4710 3069 4761 οἱ
3100 4709 3157 4761 δὲ
3192 4710 3250 4761 ἐν
3292 4708 3534 4770 ἐκείνοις.
3562 4710 3668 4763 Διά

2087 4807 2292 4877 ταύτην
2325 4803 2612 4874 τοιγαροῦν
2645 4803 2739 4872 τὴν
2769 4802 2946 4855 αἰτίαν
2974 4805 3002 4853 6
3032 4799 3241 4863 Παῦλος
3268 4802 3365 4863 τὰς
3389 4799 3667 4865 διακονίας

2092 4901 2373 4969 συγκρῖναι
2397 4897 2641 4966 θελήσας,
2674 4895 2850 4962 λέγει·
2887 4913 2905 4945 ι
2938 4893 3216 4963 Κρείττων
3244 4893 3530 4962 γενόμενος
3552 4893 3668 4946 τῶν

2090 4992 2351 5060 ἀγγέλων.
2385 4991 2543 5043 »Ὅτε
2571 4988 2626 5040 δὲ
2662 4988 2756 5040 ἐπὶ
2795 4986 2892 5057 τὴν
2918 4986 3025 5037 τῶν
3053 4983 3250 5037 οὐσιῶν
3279 4983 3503 5055 ἔρχεται
3530 4984 3667 5053 σύγ-

2090 5104 2291 5157 κρισιν,
2325 5086 2507 5153 λέγει·
2545 5084 2726 5152 (Ὄσῳ
2758 5079 3155 5150 διαφορώτερον
3184 5077 3315 5146 παρ’
3345 5076 3544 5140 αὐτοὺς
3569 5096 3667 5130 κει

2093 5180 2503 5252 κληρονόμηκεν
2533 5176 2722 5246 ὄνομα.
2749 5193 2767 5225 ι
2790 5172 3006 5237 Οὐκέτι,
3030 5171 3303 5239 κρεῖττον
3319 5214 3334 5237 ,
3359 5172 3515 5231 ἀλλά,
3535 5170 3665 5223 δια-

2093 5272 2447 5343 φορώτερον,
2478 5268 2508 5322 ὃ
2551 5269 2615 5324 δὴ
2664 5266 2758 5321 καὶ
2797 5264 2995 5335 πολλὴν
3028 5264 3270 5337 εἰσφέρει
3303 5266 3401 5337 τὴν
3436 5263 3669 5330 ἐξαλλα-

2094 5368 2217 5438 νήν⁴

2098 5717 2115 5747 ³
2142 5713 2301 5771 Hebr.
2331 5704 2443 5775 t,l.
2531 5700 2549 5729 ⁹
2578 5696 2707 5752 ibid.
2737 5694 2787 5749 5.
2872 5693 2913 5724 ¹⁰
2937 5690 3075 5746 Psal.
3100 5703 3212 5756 etx,
3236 5687 3283 5740 Ι.
3367 5685 3403 5716 ¹¹
3426 5684 3587 5741 Hebr.
3621 5701 3673 5753 ι,
