3878 6208
144 306 263 364 349

220 486 321 555 aiat
359 486 544 563 λύάιξ
582 486 807 618 diedic
851 486 937 557 εἰς
975 486 1122 555 16,}
1151 487 1422 551 Τοσούτῳ
1451 486 1736 553 κρείττων

220 570 547 618 «meomeo
582 582 701 618 των
779 561 1026 618 γγέλων.
1057 578 1075 610 ι

220 561 547 661 γενόμενος
582 561 701 619 τῶν
736 561 1026 633 ἀγγέλων.
1057 578 1075 610 ι

224 684 349 737 Ὅτι
379 681 441 735 τὸ
475 699 492 731 ι
519 678 784 750 κρείττων
815 694 833 726 ι
884 672 1072 727 ὲνθάδε
1121 669 1425 739 τιθέμενον,
1460 666 1570 719 τῶν
1620 665 1739 719 δια-

149 774 391 828 κονικῶν
420 770 665 841 εἰσφέρει
695 768 796 839 τὴν
814 763 1123 834 σύγκρισιν,
1154 759 1499 829 γνωσόμεθα,
1519 754 1755 809 Παύλου

150 868 443 936 λέγοντοςο
481 881 499 914 ι
530 862 592 915 Et
645 859 754 930 γὰρ
804 857 833 910 ὁ
876 855 943 909 δι’
977 852 1223 922 ἀγγέλων
1268 849 1515 920 λαληθεὶς
1560 847 1736 915 λόγος,

154 960 379 1027 ἐγένετο
411 953 648 1025 βέϐαιος,
684 952 779 1004 καὶ
823 950 976 1003 πᾶσα
1014 944 1328 1016 παράϐασις
1360 940 1456 995 καὶ
1483 936 1739 1010 παρακοὴ

153 1050 351 1107 ἐλαϐεν
372 1049 576 1101 ἔνδικον
596 1041 1038 1117 μισθαποδοσίαν,
1057 1037 1174 1099 πῶς
1192 1038 1352 1107 ἡμεῖς
1367 1030 1741 1102 ἐκφευξόμεθα

153 1143 413 1213 τοιαύτης
439 1139 813 1211 ἀμελήσαντες
835 1131 1108 1203 σωτηρίας
1124 1170 1140 1197 ,
1166 1130 1289 1199 ἥτις
1308 1126 1483 1197 ἀρχὴν
1503 1123 1742 1177 λαϐοῦσα

153 1234 437 1290 λαλεῖσθαι
487 1232 577 1284 διὰ
614 1227 711 1282 τοῦ
744 1226 974 1298 Κυρίου,
1000 1224 1106 1276 ὑπὸ
1132 1222 1242 1274 τῶν
1272 1218 1622 1273 ἀκουσάντων
1661 1217 1742 1279 είς

156 1330 306 1397 ἡμᾶς
334 1321 659 1390 ὲϐεϐαιώθη;
693 1340 712 1371 ι
750 1318 861 1372 Καὶ
883 1316 1045 1370 πάλιν
1063 1331 1079 1345 ·
1116 1334 1133 1367 ι
1156 1312 1451 1380 Ἀθετήσας
1470 1327 1556 1372 τις
1578 1309 1742 1379 νόμον

156 1419 424 1482 Μωσέως,
441 1415 610 1487 χωρὶς
635 1409 930 1483 οἰκτιρμῶν
952 1408 1043 1461 ἐπὶ
1068 1407 1219 1460 δυσὶν
1248 1404 1278 1475 ἢ
1303 1403 1447 1473 τρισὶ
1476 1402 1742 1473 μάρτυσιν

159 1516 524 1587 ἀποθνήσκει.
554 1511 715 1581 Πόσῳ
754 1509 959 1561 δοκεῖτε
989 1504 1232 1575 χείρονος
1264 1500 1626 1571 ἀξιωθήσεται
1656 1515 1741 1549 τι-

165 1609 378 1680 μωρίας
407 1610 435 1659 6
462 1605 553 1658 τὸν
582 1603 709 1656 Υἰὸν
736 1599 830 1654 τοῦ
863 1598 997 1652 Θεοῦ
1030 1594 1421 1663 καταπατήσας
1446 1608 1460 1656 ;
1493 1610 1511 1643 ι
1548 1590 1744 1644 Καίτοι

163 1703 214 1753 εἰ
264 1699 351 1753 διὰ
401 1697 462 1749 τὸ
510 1694 798 1766 κρείττονα
827 1687 1079 1758 λέγεσθαι
1122 1684 1230 1739 τῶν
1267 1683 1513 1752 ἀγγέλων
1557 1680 1740 1743 αὑτὸν,

1482 308 1483 311 ‘
1562 287 2016 347 THESAURUS.

143 429 489 499 Παρᾶθεσις
525 422 768 499 ῥητῶοςζ
786 419 920 499 περὶ
959 416 1417 499 ἀηθρωέότητος
1452 412 1735 499 Χριστοῦ.

1874 409 2120 499 inpendiat
2165 398 2429 499 dictorum
2485 405 2935 499 dg'ltttman'itate
2986 403 3225 499 Christi;

3318 288 3427 344 550

1915 421 2120 477 mentita:
2165 421 2429 463 dictorum
2485 421 2552 460 ae
2606 421 2935 459 numamrate
2986 421 3225 467 mima;
3284 421 3425 473 pra:-

1915 489 2057 534 terea
2111 479 2300 534 solutio
2353 479 2467 547 ejus
2526 476 2706 529 dicti:
2743 493 2762 527 ι
2798 474 2967 529 Tanto
3013 470 3201 529 metior
3250 475 3427 543 factus

1915 550 2136 619 angelis.
2170 568 2191 603 ι

1915 659 2070 728 Quod
2113 675 2219 715 vox
2261 678 2279 711 ι
2318 658 2533 721 melior,
2573 675 2592 709 ι
2618 670 2684 710 eo
2714 655 2833 711 loco
2859 656 3055 725 posita,
3086 656 3432 711 administra-

1847 756 2053 810 tionum
2106 751 2565 821 comparationem
2614 749 2901 818 signiticet,
2944 747 3309 817 intelligemus
3363 762 3428 801 ex

1845 846 2015 902 Paulo
2053 845 2308 900 dicente:
2351 860 2370 895 ε
2409 840 2465 896 Si
2500 843 2645 897 enim
2694 843 2785 911 qui
2837 857 2931 909 per
2978 838 3200 909 angelos
3249 838 3431 893 dictus

1846 945 1934 992 est
1960 949 2166 999 sermo,
2210 933 2388 988 factus
2426 940 2515 987 est
2545 930 2755 996 ﬁrmus,
2785 941 2840 987 et
2884 931 2930 987 si
2958 930 3136 984 omnis
3166 930 3430 998 pracvari-

1848 1030 1992 1084 catio
2017 1039 2073 1083 et
2111 1026 2479 1082 inobedientia
2523 1026 2734 1094 accepit
2764 1026 2970 1094 justam
3008 1022 3426 1077 retributionem

1848 1120 2138 1185 mercedis,
2173 1119 2449 1188 quomodo
2488 1132 2588 1174 nos
2629 1114 2971 1187 ell‘ugiemus,
3007 1114 3051 1169 si
3087 1120 3295 1169 tantam
3333 1127 3432 1167 ne-

1849 1213 2175 1283 glexerimus
2221 1210 2450 1265 salutem
2518 1225 2658 1279 quae,
2702 1224 2824 1263 cum
2878 1208 3091 1261 initium
3139 1204 3438 1274 accepisset

1848 1302 2093 1359 enarrari
2138 1317 2233 1371 per
2285 1301 2595 1366 Dominum,
2650 1301 2717 1354 ab
2763 1300 2843 1354 eis
2883 1298 2975 1368 qui
3025 1297 3336 1361 audierunt,
3380 1294 3436 1348 in

1850 1409 1950 1449 nos
1994 1392 2314 1448 conﬁrmata
2346 1399 2431 1446 est
2455 1390 2541 1444 "il
2574 1409 2591 1440 ι
2638 1390 2704 1443 Et
2739 1404 2969 1443 rursus:
3005 1405 3028 1438 ι
3058 1386 3268 1439 lrritam
3314 1383 3439 1451 quis

1852 1484 2059 1539 faciens
2097 1484 2268 1550 legem
2306 1480 2472 1547 Mosi,
2520 1481 2638 1534 sine
2689 1480 2792 1532 ulla
2831 1477 3182 1532 miseratione
3217 1476 3267 1529 in
3300 1475 3437 1527 duo-

1851 1579 1952 1633 bus
1999 1585 2092 1631 aut
2123 1577 2294 1631 tribus
2335 1575 2564 1630 testibus
2598 1572 2850 1627 moritur.
2880 1570 3094 1636 Quanto
3136 1566 3308 1636 magis
3341 1579 3440 1633 pu-

1855 1671 1984 1725 tatis
2028 1684 2151 1724 eum
2203 1667 2452 1738 graviora
2506 1666 2703 1720 mereri
2754 1662 3055 1731 supplicia,
3102 1658 3195 1728 qui
3240 1655 3438 1711 Filium

163 1746 655 1848 εἷναίδεῖ-πάντως
699 1782 880 1844 αὐτοῖς
901 1746 1003 1834 ’καὶ
1030 1776 1246 1848 ὁμοφυῆ
1279 1746 1489 1844 (αἰήγάρ
1519 1771 1747 1843 συγκρί-

1874 1763 1946 1818 )ei
1982 1756 2487 1815 conculcaverit"?
2519 1775 2538 1809 ι
2595 1755 2755 1823 Atqui
2806 1754 2881 1817 si,
2909 1752 3036 1821 quia
3081 1749 3199 1818 ipse
3244 1746 3443 1800 dicitur

166 1902 283 1946 σεις
299 1879 513 1934 ἐπὶτῶν
541 1876 789 1948 ἀλλήλοις
807 1870 1205 1946 προσεοικότων
1222 1866 1436 1936 φιλοῦσι
1452 1864 1751 1935 γίνεσθαι),

161 1976 217 2029 τί
247 1972 451 2044 μᾶλλον
483 1969 590 2022 ἔδει
624 1966 868 2039 χείρονος
906 1959 1188 2026 ἀξιοῦσθαι
1223 1957 1494 2028 τιμωρίας
1526 1955 1617 2009 τὸν
1652 1972 1753 2007 κα-

162 2064 512 2120 ταπατοῦντα
562 2062 655 2114 τὸν
699 2059 846 2119 Υἱὸν,
880 2057 939 2109 οὐ
989 2052 1246 2121 τοιαύτης
1299 2051 1618 2121 μετέχοντος
1658 2046 1753 2099 τοῦ

164 2155 611 2217 καταπατοῦντος
656 2152 783 2213 τοὺς
828 2146 1095 2216 ἀγγέλους
1133 2144 1222 2198 διά
1261 2143 1360 2212 τῆς
1389 2140 1755 2212 παραϐάσεως

160 2249 260 2303 τοῦ
288 2246 611 2316 λαληθέντος
636 2240 888 2312 νόμουζδι⁹
908 2236 1086 2290 αὐτῶν
1107 2254 1121 2302 ;
1150 2234 1208 2287 '0
1228 2232 1335 2303 γὰρ
1357 2232 1436 2294 εἰς
1456 2232 1578 2293 τοὺς
1604 2230 1756 2291 ἴσους

164 2343 263 2396 καὶ
298 2338 563 2410 ὁμοειδεῖς
597 2331 916 2403 ἐξυϐρίζων,
944 2331 1043 2400 τῆς
1080 2328 1250 2398 αὐτῆς
1284 2326 1350 2379 ἂν
1376 2324 1603 2385 εἰκότως
1630 2338 1758 2391 μετ-

167 2435 287 2502 έχοι
315 2427 608 2500 τιμωρίας,
640 2425 735 2478 καὶ
765 2417 825 2476 οὗ
854 2421 964 2474 τῶν
994 2416 1364 2488 ἀδικουμένων
1389 2415 1488 2467 οὐκ
1513 2413 1628 2466 ἐστι
1649 2413 1758 2465 δια-

167 2521 443 2593 φορά,καὶ
470 2519 576 2571 τῶν
607 2516 883 2571 κολάσεων
910 2510 1164 2582 ὁμοιότης
1181 2508 1413 2576 εὐλόγως
1432 2505 1497 2559 ἂν
1519 2505 1755 2573 γένοιτο.

166 2615 308 2669 Νυνὶ
350 2611 407 2663 δὲ
450 2611 478 2662 ὁ
514 2609 612 2680 μὲν
652 2608 732 2671 είς
780 2604 869 2658 τὸν
903 2603 1029 2654 Υίὸν
1071 2599 1483 2670 ἐξαμαρτάνων,
1516 2595 1761 2665 χείρονος

170 2705 539 2774 ἀξιωθήσεται
568 2697 841 2771 τιμωρίας
862 2712 873 2723 ·
905 2696 934 2747 6
960 2694 1016 2747 δὲ
1044 2694 1124 2755 εἰς
1146 2690 1236 2744 τὸν
1267 2690 1358 2743 ὑπ’
1384 2689 1633 2757 ἀγγέλων
1663 2686 1762 2739 λα-

170 2795 411 2866 ληθέντα
470 2793 649 2861 νόμον,
681 2788 980 2846 ἐλάττονος.
1013 2782 1127 2851 Οὐχ
1176 2778 1441 2851 ὁμογενὴς
1494 2776 1602 2849 ἄρα
1650 2778 1764 2837 τοῖς

172 2887 429 2955 ἀγγέλοις
461 2886 689 2947 ἐκεῖνος,
714 2882 794 2944 εἰς
831 2879 889 2932 ὃν
922 2876 1017 2930 καὶ
1053 2869 1236 2946 μεῖζόν
1266 2874 1381 2924 ἐστι
1422 2871 1484 2923 τὸ
1515 2868 1766 2940 ἁμαρτά-

170 2998 285 3033 νειν
305 2995 318 3008 ·
348 2978 441 3031 καὶ
469 2976 531 3029 τὸ
563 2972 833 3045 τιμωρίας
870 2968 1089 3039 μέτρον,
1124 2962 1401 3032 ἀναλόγως
1430 2964 1497 3033 τῇ
1523 2960 1764 3031 ὑπεροχῇ

172 3071 267 3125 τοῦ
307 3068 643 3140 πατηθέντος
667 3064 963 3119 ἑκτίνεται.

867 3352 1076 3408 ΑΛΛΟ.

465 3473 563 3537 Ὠς
598 3469 669 3535 ἐξ
704 3466 1066 3532 ἀντιθέσεως
1101 3466 1191 3529 είς
1226 3461 1296 3516 τὸ
1333 3458 1501 3515 αὐτό.

252 3588 532 3657 Χείρονος,
563 3584 748 3652 φασὶν.
783 3578 1030 3644 ἀξιοῦται
1079 3586 1352 3646 τιμωρίας
1394 3575 1424 3623 6
1469 3566 1772 3638 ζιξαμαρτά-

180 3698 291 3735 νων
320 3656 402 3740 είς
428 3676 520 3729 τὸν
546 3673 695 3736 Υἱὸν,
722 3672 797 3735 ὡς
827 3672 906 3733 εἰς
945 3668 1167 3739 μείζονα
1187 3666 1296 3718 τῶν
1323 3656 1773 3731 ἀγγέλων.Τοῦτο

181 3771 240 3824 δὲ
265 3768 426 3823 αὐτὸν
446 3766 507 3820 οὐ
530 3766 747 3825 πάντως
769 3762 873 3825 ἔξω
891 3761 992 3830 τῆς
1015 3761 1151 3831 πρὸς
1172 3757 1438 3826 ἀγγέλους
1459 3750 1775 3823 ὁμογενείας

184 3860 443 3931 γενέσθαι
470 3859 635 3911 ποιεῖ.
654 3854 959 3921 ’Δναλόγως
996 3852 1108 3922 γάρ
1132 3853 1200 3921 τῇ
1232 3848 1447 3915 έκάστῳ
1470 3860 1776 3916 χρεωστου-

192 3954 333 4024 μένῃ
363 3951 496 4020 τιμῇ
518 3947 613 4001 καὶ
639 3948 671 4017 ἡ
696 3946 776 4008 εἰς
796 3944 957 3998 αὐτὸν
982 3941 1139 4012 ὕϐρις
1164 3940 1533 4009 έκμετρεῖται.
1552 3932 1775 4004 Ἐπειδὴ

186 4046 369 4099 τοίνυν
418 4042 689 4112 κρείττων
734 4037 927 4107 γέγονε
979 4034 1091 4088 τῶν
1139 4032 1388 4101 ἀγγέλων
1415 4032 1444 4084 ὁ
1480 4028 1629 4092 Υἱὸς,
1664 4027 1777 4096 ἔχει

188 4137 507 4210 βαρυτέρως
530 4134 637 4204 τὴν
659 4129 932 4201 τιμωρίαν
959 4130 987 4181 ὁ
1015 4129 1096 4189 είς
1128 4125 1292 4178 αὐτὸν
1324 4120 1742 4192 ἐξαμαρτάνων.

431 4249 588 4315 Πρὸς
628 4244 817 4299 ταῦτα
853 4242 1037 4306 λύσις
1073 4240 1142 4292 ἐκ
1180 4238 1287 4292 τοῦ
1329 4235 1539 4291 αὑτοῦ.

275 4363 474 4433 Ἐχρῆν
504 4355 597 4414 οὖν
626 4357 720 4411 ἐπὶ
757 4358 823 4425 τῇ
874 4352 1185 4424 παραϐάσει
1229 4351 1337 4403 τῶν
1360 4347 1597 4420 νομικῶν
1632 4345 1779 4398 ἐντο-

191 4454 323 4515 λῶν,
365 4452 438 4524 μὴ
464 4450 742 4517 ἀναλόγως
771 4448 885 4507 τοῖς
915 4442 1349 4513 πλημμελήμασι
1376 4440 1474 4502 τάς
1509 4436 1781 4508 τιμωρίας

192 4544 492 4618 ὁρίζεσθαι,
527 4541 662 4611 μηδὲ
697 4538 915 4600 πάντως
958 4534 1035 4603 τῷ
1091 4532 1311 4604 μεγέθει
1363 4530 1464 4600 τῆς
1509 4530 1784 4600 ἁμαρτίας

197 4634 630 4710 συμμετρεῖσθαι
670 4632 770 4703 τὴν
816 4629 1060 4687 κόλασιν,
1092 4625 1226 4678 ἀλλά
1270 4622 1471 4694 μᾶλλον
1509 4620 1786 4692 ὁρίζεσθαι

197 4732 337 4804 πρὸς
360 4731 458 4800 τὴν
488 4727 644 4793 ἀξίαν
666 4722 761 4777 τοῦ
789 4720 1211 4791 διακονήσαντος
1247 4715 1416 4786 αὐτὴν
1439 4714 1694 4782 ἀγγέλου.
1721 4713 1783 4765 Εἰ

193 4802 257 4879 δέ
276 4823 434 4877 τοῦτο
470 4820 568 4891 μὲν
601 4819 700 4887 οὐχ
736 4814 956 4885 ὁρῶμεν
983 4811 1296 4879 γενόμενον,
1334 4802 1414 4869 εἷς
1454 4806 1509 4859 δὲ
1543 4808 1569 4859 ὁ
1598 4806 1784 4875 νόμος,

196 4916 410 4972 πολλῶν
443 4915 611 4967 ὄντων
635 4910 907 4978 ἀγγέλων,
935 4905 1031 4958 καὶ
1055 4903 1143 4955 διὰ
1169 4901 1279 4953 τῶν
1306 4898 1486 4953 αὐτῶν
1508 4895 1787 4967 τιμωριῶν

196 5009 381 5079 τρέχει
407 5006 473 5059 τὰ
497 5004 871 5075 ἁμαρτήματα
886 5016 899 5028 ·
923 4998 1023 5051 οὐκ
1045 4996 1153 5068 ἄρα
1174 4993 1373 5063 ἀληθὲς
1393 4992 1452 5044 τὸ
1474 4991 1785 5061 λεγόμενον,

198 5103 281 5155 ὅτι
326 5098 569 5170 χείρονος
617 5093 979 5164 ἀξιωθήσεται
1031 5088 1304 5161 τιμωρίας
1352 5089 1381 5140 ὁ
1425 5086 1505 5149 εἰς
1537 5085 1627 5138 τὸν
1663 5082 1789 5136 Υῐδν

200 5192 614 5263 ἐξαμαρτάνων,
647 5189 722 5251 ὡς
770 5189 850 5249 εἰς
896 5183 1186 5254 κρείττονα
1214 5179 1323 5233 τῶν
1351 5176 1621 5247 ἀγγέλων,
1661 5174 1790 5228 ἀλλ’

198 5285 279 5346 ὡς
324 5285 404 5346 εἰς
451 5281 721 5352 ἑτεροφυᾶ
766 5278 860 5331 καὶ
902 5276 1036 5329 πολὺ
1074 5270 1545 5345 παρηλλαγμένον.
1578 5269 1641 5321 Oi
1691 5268 1788 5337 μὲν

202 5376 314 5447 γὰρ
336 5374 571 5445 γενητοὶ,
593 5374 621 5425 ὁ
648 5373 703 5425 δὲ
732 5370 865 5434 Θεὸς
893 5367 1169 5438 ἀληθινὸς,
1202 5365 1262 5418 οὐ
1290 5363 1398 5417 τῶν
1423 5360 1665 5431 γενητῶν
1687 5353 1786 5421 εἷς,

200 5468 327 5522 οὐδὲ
351 5467 489 5538 πρὸς
521 5466 659 5520 αὐτά
686 5464 783 5534 τὴν
819 5463 1107 5532 σύγκρισιν
1139 5460 1305 5529 ἔχων⁹
1338 5455 1451 5509 ἀλλ’
1478 5457 1697 5524 ὁσῳπερ
1725 5452 1790 5505 ἂν

208 5561 372 5625 αὐτὸς
406 5559 827 5629 ἀξιολογώτερος
859 5556 1126 5626 φαίνεται,
1162 5551 1401 5621 τοσούτῳ
1448 5548 1655 5619 μείζονι
1700 5548 1792 5600 καὶ

283 5739 325 5771 ⁸³
355 5738 515 5795 llcbr.
553 5756 612 5801 tt.
644 5742 699 5801 2.
738 5740 792 5794 ὖ.
875 5739 913 5768 “
948 5736 1090 5793 llcbr
1152 5751 1202 5793 κ.
1230 5734 1320 5796 28.
1348 5730 1435 5787 29.

1854 1854 2047 1909 melior
2087 1850 2313 1921 angelis,
2360 1848 2731 1904 necessarium
2778 1845 2935 1913 plane
2966 1851 3055 1897 est
3086 1842 3251 1895 etiam
3295 1838 3443 1906 ejus-

1852 1946 1974 2000 dem
2024 1958 2147 1998 cum
2197 1941 2331 2011 ipsis
2376 1950 2584 1995 natura:
2640 1953 2764 1993 esse
2794 1933 3253 2007 (comparationes
3296 1929 3453 2005 enim,

1854 2038 1997 2092 inter
2028 2051 2113 2090 res
2152 2033 2392 2101 sibiipsis
2435 2032 2642 2087 similes
2671 2031 2783 2084 ﬁeri
2814 2028 3037 2097 solent),
3075 2041 3173 2080 cur
3195 2023 3445 2093 graviore

1854 2130 2123 2200 supplicio
2152 2126 2290 2181 allici
2339 2126 2583 2197 oportuit
2628 2139 2750 2177 eum
2786 2124 2875 2191 qui
2911 2120 3107 2174 Filium
3154 2116 3443 2172 conculca—

1857 2223 2016 2287 verit,
2048 2239 2174 2277 cum
2199 2221 2373 2275 levius
2404 2216 2726 2288 supplicium
2762 2222 3076 2269 mereantur
3098 2210 3187 2279 qni
3221 2206 3447 2278 angelos

1857 2314 2329 2377 conculcaverint,
2372 2308 2810 2380 transgressione
2842 2305 2975 2371 legis
3006 2319 3104 2373 per
3138 2304 3286 2371 ipsos
3317 2316 3445 2370 prn-

1860 2405 2166 2461 nuntiatae?
2188 2404 2321 2457 Nam
2347 2402 2437 2471 qui
2460 2399 2698 2468 aequales
2713 2399 3069 2468 ejusdemque
3092 2393 3294 2463 speciei
3320 2406 3449 2445 cou-

1863 2497 2084 2552 tumelia
2132 2494 2321 2557 allicit,
2369 2493 2567 2548 merito
2598 2491 2847 2547 eamdem
2883 2503 3099 2559 poenam
3135 2492 3447 2540 mereatur:

1860 2602 2097 2655 cumque
2148 2600 2338 2640 eorum
2403 2584 2495 2653 qui
2542 2583 2738 2653 injuria
2781 2580 2958 2635 allecti
2996 2588 3128 2635 sunt
3180 2576 3323 2630 nulla
3383 2573 3454 2628 sit

1863 2679 2195 2744 diﬂerentia,
2235 2677 2503 2745 supplicia
2535 2689 2754 2745 quoque
2782 2672 3010 2743 aequalia
3055 2684 3176 2725 esse
3209 2675 3451 2738 oportet.

1863 2771 2130 2827 Cmterum
2168 2770 2257 2839 qui
2290 2770 2343 2823 in
2385 2768 2584 2823 Filium
2634 2766 2923 2835 delinquit,
2958 2762 3212 2835 graviore
3241 2757 3454 2828 suppli-

1864 2864 1949 2918 cio
1975 2862 2243 2927 adicitur;
2275 2860 2365 2929 qui
2412 2873 2543 2913 vero
2579 2858 2630 2911 in
2668 2856 2840 2927 legem
2879 2855 2947 2908 ab
2976 2851 3184 2922 angelis
3216 2864 3456 2921 pronun-

1868 2955 2075 3017 tiatam,
2124 2954 2346 3008 leviore.
2391 2949 2507 3005 Non
2554 2958 2638 3004 est
2677 2949 2837 3017 igitur
2869 2946 3039 3000 Filius
3085 2943 3326 3013 ejusdem
3360 2956 3457 3011 ge-

1870 3047 2019 3100 neris
2060 3061 2183 3098 cum
2219 3042 2445 3114 angelis,
2492 3057 2613 3095 cum
2645 3040 2865 3110 gravius
2901 3039 2971 3092 sit
3015 3036 3273 3091 delictum
3314 3032 3457 3102 quod

1786 3138 1832 3198 C
1865 3134 1918 3188 in
1954 3134 2101 3187 illum
2151 3132 2513 3187 committitur
2542 3145 2703 3199 quam
2737 3130 2880 3198 quod
2921 3128 2973 3181 in
3007 3127 3132 3191 hos,
3160 3134 3215 3179 et
3251 3121 3457 3193 suppli—

1870 3228 2015 3283 cium
2052 3224 2521 3296 proliortionatum
2557 3220 2810 3291 gravitati
2847 3219 3028 3273 delicti
3060 3219 3353 3286 irrogetur.

2542 3350 2780 3406 ALIUD.

2110 3466 2196 3522 E1:
2225 3465 2517 3535 objectione
2548 3465 2919 3519 haereticorum
2960 3462 3017 3516 in
3046 3462 3208 3515 idem.

1940 3582 2192 3643 Gravius,
2243 3580 2521 3650 inquiunt,
2571 3578 2795 3650 punitur
2832 3577 2925 3644 qui
2970 3575 3240 3645 delinquit
3274 3573 3327 3627 in
3370 3570 3463 3626 Fi-

1875 3675 2029 3740 lium,
2059 3674 2437 3735 nt,maximum
2468 3673 2808 3742 angelorum.
2833 3672 3101 3725 Ceterum
3126 3684 3231 3722 non
3262 3667 3468 3721 idcirco

1875 3767 2075 3821 desinit
2106 3781 2231 3821 esse
2274 3766 2518 3835 ejusdem
2551 3766 2768 3834 generis
2802 3780 2923 3819 cum
2958 3761 3187 3830 angelis.
3220 3759 3354 3814 Nam
3398 3774 3466 3813 ex

1877 3857 2086 3911 honore
2141 3856 2233 3924 qui
2271 3855 2501 3923 singulis
2544 3855 2793 3919 debetur;
2840 3852 3169 3907 contumelia
3206 3851 3368 3903 etiam
3412 3850 3461 3901 ei

1878 3948 2039 4002 allata
2069 3950 2393 4002 aestimatur.
2421 3948 2555 4003 Cum
2586 3948 2753 4016 igitur
2785 3947 2962 4001 factus
2989 3948 3058 4000 sit
3081 3945 3249 3998 Filius
3274 3942 3467 3996 melior

1878 4041 2104 4109 angelis,
2137 4041 2299 4111 207
2329 4042 2548 4109 gravius
2591 4055 2807 4110 quoque
2859 4038 3184 4110 supplicium
3230 4038 3467 4091 sumitur

1881 4133 1948 4187 de
1971 4148 2036 4187 eo
2068 4135 2158 4201 qui
2188 4134 2240 4186 in
2273 4133 2448 4201 ipsum
2478 4142 2690 4201 peccat.

2226 4242 2437 4296 Salutio
2480 4242 2788 4312 objectiom's
2815 4258 2879 4297 ea:
2912 4242 3117 4296 eodem.

1952 4355 2202 4425 Oportuit
2247 4353 2431 4423 itaque
2467 4354 2518 4407 in
2572 4354 3006 4423 transgressione
3035 4351 3289 4420 legalium
3327 4365 3468 4418 pra:-

1885 4457 2165 4517 ceptornm
2219 4462 2322 4500 non
2362 4446 2594 4514 irrogari
2636 4460 2828 4514 poenas
2875 4445 3088 4500 delictis
3121 4442 3473 4514 praportinne

1888 4541 2320 4611 reSpondentes;
2370 4552 2547 4608 neque
2596 4537 2820 4591 omnino
2869 4536 3192 4606 supplicium
3248 4542 3473 4604 peccato

1887 4631 2347 4694 commensurari,
2382 4630 2476 4683 sed
2517 4629 2696 4699 potius
2742 4642 2842 4697 pro
2870 4628 3131 4695 dignitate
3175 4624 3347 4696 angeli
3400 4623 3476 4676 Ie—

1889 4741 2006 4795 gem
2041 4722 2472 4777 administrantis
2512 4722 2613 4775 hoc
2639 4720 2890 4774 delinire.
2925 4720 2993 4772 At
3019 4733 3149 4772 vero
3180 4717 3224 4770 si
3258 4731 3362 4770 non
3404 4713 3474 4767 ita

1887 4818 2091 4872 factum
2119 4831 2239 4871 esse
2267 4816 2543 4869 cernimus
2572 4831 2585 4867 :
2620 4828 2724 4866 una
2758 4820 2938 4866 autem
2971 4819 3055 4867 est
3085 4810 3195 4873 lex,
3225 4824 3347 4863 cum
3378 4823 3477 4861 an-

1888 4911 1990 4981 geli
2023 4910 2130 4965 sint
2165 4909 2343 4971 multi,
2374 4918 2536 4975 atque
2562 4904 2752 4960 iisdem
2778 4906 2956 4974 poenis
2987 4912 3209 4973 peccata
3244 4900 3479 4971 puniun-

1896 5014 2025 5057 tur:
2063 5018 2167 5057 non
2222 5011 2303 5056 est
2356 5001 2523 5071 igitur
2554 5016 2740 5055 verum
2789 4998 2919 5052 illud
2966 4999 3193 5059 dictum,
3230 4994 3480 5063 graviore

1895 5095 2158 5166 supplicio
2188 5094 2413 5163 dignum
2460 5108 2581 5148 esse
2624 5093 2711 5161 qui
2744 5092 2798 5144 in
2832 5090 3031 5144 Filium
3070 5088 3384 5157 deliquerit,
3422 5093 3480 5139 ut

1897 5186 1949 5239 in
1996 5184 2291 5238 maximum
2325 5183 2663 5253 angelorum,
2701 5182 2794 5235 sed
2828 5191 2886 5233 ut
2919 5180 2973 5234 in
3022 5194 3087 5234 eo
3118 5179 3208 5247 qui
3255 5176 3480 5232 alterius

1896 5283 2101 5329 natura:
2150 5275 2221 5329 sit
2252 5289 2414 5343 quam
2462 5273 2663 5343 angeli,
2722 5272 3059 5339 multumque
3104 5269 3171 5322 ab
3198 5267 3277 5322 eis
3323 5265 3478 5321 dill‘ec

1898 5377 2003 5422 rat.
2060 5366 2193 5421 Nam
2241 5367 2420 5436 angeli
2474 5366 2643 5421 creati
2693 5375 2857 5427 sunt,
2890 5362 3061 5417 Filius
3090 5369 3271 5414 autem
3316 5372 3480 5412 verus

1902 5459 2061 5523 Dens,
2094 5476 2200 5511 non
2233 5476 2371 5513 unus
2406 5474 2471 5513 ex
2501 5458 2722 5523 creatis,
2764 5470 2939 5526 neque
2972 5453 3263 5524 quidquam
3300 5448 3477 5505 simile

1900 5565 2021 5602 ('llltl
2055 5549 2133 5604 eis
2163 5549 2367 5603 habens
2394 5567 2406 5615 ;
2440 5547 2532 5603 sed
2570 5557 2775 5617 quanto
2805 5546 2918 5615 ipse
2951 5552 3032 5600 est
3059 5541 3272 5613 dignior
3310 5549 3478 5610 atque
