3878 6208
451 304 553 365 361

1451 311 1512 367 S.
1552 310 1835 371 CYRILLI
1876 314 2353 374 ALEXANDRINI
2392 318 2715 380 ARCIIIEP.

3611 324 3745 385 τεο»-

452 423 844 494 excellentior,
897 435 1053 485 tanto
1109 427 1299 500 majori
1358 430 1712 503 graviorique
1758 433 2033 505 supplicio

2154 436 2493 511 (αλιπωτιρᾳ
2511 440 2756 515 τιμωρίᾳ
2779 440 3084 499 ὑπεύθυνον
3098 442 3236 502 ὄντα
3256 442 3520 501 δεικνύων
3539 444 3634 501 τὸν
3650 446 3744 500 τὰκ-

451 518 749 576 obnoxium
774 536 896 577 esse
917 522 1200 581 declarans
1220 540 1343 581 eum
1374 526 1467 595 qui
1494 526 1750 583 mandata
1783 542 1887 585 sua
1912 527 2034 585 fue-

453 612 525 667 rit
566 622 958 684 transgressus.

450 747 685 827 ALIUD,
725 751 1039 827 e.1:_iisdem,
1072 753 1212 823 quod
1244 754 1384 827 bona
1416 756 1485 810 sit
1521 756 1911 827 utilissimaque
1936 762 2037 817 atl-

523 822 976 893 ministrationum
1015 822 1365 891 comparatio,
1400 827 1709 893 angelorum
1754 822 1957 884 scilicet
1984 841 2035 886 et

524 888 680 968 Filii,
728 894 831 968 vim
876 893 1014 947 vocis
1051 888 1288 968 emetiar
1314 888 1683 965 perplurium.
1724 898 1843 965 Quo
1880 910 2033 968 pacto

519 964 659 1085 eos:
701 962 887 1016 melior
921 965 1123 1036 angelis
1162 964 1254 1030 ait,
1281 975 1332 1021 et
1364 962 1586 1038 quanto,
1621 984 1688 1024 ea:
1729 962 1801 1026 iis
1834 962 2034 1027 intelli-

523 1048 584 1085 σε
642 1048 724 1085 us.

522 1048 724 1101 gemui.

520 1164 707 1232 Angeli
728 1165 899 1238 legem
918 1168 1240 1237 eduxerunt;
1268 1173 1363 1229 sed
1398 1172 1481 1230 lex
1533 1173 1670 1230 nihil
1704 1173 2029 1246 perfecit".

446 1257 622 1315 Filius
664 1271 844 1315 autem
893 1263 1119 1333 perfecit
1161 1279 1299 1335 opus
1332 1265 1534 1323 Patris.
1568 1267 1849 1326 Perfectus
1887 1269 2032 1327 enim

446 1362 533 1405 est
568 1351 620 1404 in
663 1350 861 1419 pietate
883 1353 975 1422 qui
1008 1353 1180 1424 ipsius
1220 1355 1430 1427 legibus
1465 1358 1765 1415 instructus
1795 1369 1900 1416 est.
1924 1358 2034 1417 Re-

447 1443 636 1512 gnavit
652 1458 797 1500 mors
814 1445 977 1502 etiam
998 1447 1131 1518 legis
1152 1457 1424 1521 tempore:
1447 1451 1703 1509 nimirum
1723 1453 1821 1509 «ab
1838 1454 2031 1521 Adam,

450 1534 659 1604 inquit,
691 1552 864 1608 usque
894 1538 961 1594 ad
982 1538 1169 1596 Mosen
1201 1540 1268 1596 ¹⁶.
1298 1560 1319 1594 ι
1340 1542 1556 1600 Abolita
1579 1554 1761 1601 autem
1780 1556 1865 1601 est
1886 1561 2034 1601 mors

452 1642 542 1697 per
619 1628 939 1697 Christum;
1008 1648 1185 1704 neque
1231 1635 1379 1690 enim
1434 1637 1671 1707 amplius
1742 1638 1796 1693 in
1858 1638 2031 1694 Adam

452 1724 722 1779 morimur
755 1765 771 1789 ,
823 1728 917 1782 sed
968 1727 1019 1782 in
1068 1729 1291 1785 Christo
1342 1730 1785 1787 viviﬁcamur".
1825 1733 1871 1787 A
1917 1734 2032 1788 Dan

2136 528 2304 585 αὐτοῦ
2338 532 2769 603 παραϐαίνοντα.

2134 755 2343 836 ΑΛᾼ-Ο,
2363 756 2435 843 ἐκ
2456 755 2575 811 τῶν
2600 756 2949 843 ᾳὺτῷνζοὸτι
2983 759 3143 827 καλὴ
3169 759 3268 840 argi
3300 758 3722 843 χρησιμωτάτῃ

3443 828 3466 839 η

2208 826 2327 880 τῶν
2358 826 2678 882 διακονιῶν
2710 829 2749 895 ἡ
2780 826 3263 898 σύγκρισις-,τῆς
3289 826 3353 885 τὲ
3396 826 3515 884 τ’ῶᾶ
3547 828 3695 899 ἁγγέ

2204 898 2459 981 λωννκαὶ
2489 898 2595 981 τοᾷ
2634 899 2790 962 Υίοῦ,
2822 901 2928 981 Ξοῄῦ
2972 918 2991 952 ι
3018 901 3315 981 ’κρείττων
3340 921 3358 952 ι
3397 900 3511 981 τὴν
3543 898 3725 981 δύνα-

2198 984 2310 1051 ιέιν
2335 969 2770 1051 lippos-£69009.
2812 969 3078 1051 Πῶς-..γὰρ
3102 971 3384 1051 κρείττων
3408 969 3530 1051 τῶνε
3547 970 3725 1041 ἀγγέ-

2203 1042 2331 1094 λων
2360 1039 2495 1094 ἐστὶ
2521 1040 2621 1095 καί
2646 1041 2864 1105 πόσον,
2896 1040 2967 1106 ἐξ
2978 1039 3200 1096 αὐτῶν
3221 1042 3594 1112 γνωσόμεθα.

2208 1174 2467 1245 Ἄγγελοι
2497 1173 2590 1229 τὸν
2623 1174 2786 1246 νόμον
2823 1176 3115 1249 ἐλάλησαν,
3142 1176 3258 1231 ἀλλ’
3290 1176 3443 1232 οὐδὲν
3481 1176 3729 1231 ἐτελείωο

2136 1282 2227 1321 σεν
2242 1265 2468 1338 ὁνόμος.
2483 1265 2542 1321 '0
2564 1266 2760 1331 δὲΥίὸς
2785 1267 3069 1322 ἐτελείωσε
3092 1268 3153 1322 τὸ
3174 1268 3337 1337 ἔργον
3363 1268 3459 1322 τοῦ
3483 1269 3721 1341 Πατρός.

2134 1356 2353 1423 Τέλειος
2384 1359 2493 1432 γάρ
2525 1359 2605 1423 είς
2633 1358 2914 1414 εὐσέϐειαν
2948 1360 2978 1413 6
3003 1362 3115 1423 τοῖς
3142 1359 3306 1415 αὐτοῦ
3331 1360 3518 1431 νόμοις
3555 1361 3739 1415 παιδο-

2134 1450 2542 1523 αγωγούμενος.
2559 1452 2938 1507 Ἐϐασίλευσεν
2979 1455 3009 1507 6
3042 1452 3273 1517 θάνατος
3318 1452 3415 1507 καὶ
3461 1454 3602 1507 κατὰ
3631 1456 3727 1505 τὸν

2133 1542 2421 1618 τοῦδνόμου
2443 1545 2653 1617 καιρόν’
2679 1563 2699 1599 ι
2722 1546 2857 1600 Ἀπὸ
2872 1545 2983 1619 γὰρ
3024 1544 3218 1617 Ἀδὰμ,
3251 1545 3409 1618 φησὶ,
3439 1547 3536 1600 καὶ
3557 1545 3730 1618 μέχρι

2134 1638 2398 1704 Μωσέως.
2427 1656 2446 1690 ›
2481 1638 2715 1693 Δέλυται
2741 1639 2799 1694 δὲ
2839 1639 3066 1705 θάνατος
3098 1639 3189 1693 διὰ
3228 1638 3468 1711 Χριστοῦ
3490 1656 3505 1671 ·
3538 1637 3729 1692 οὐκέτι

2134 1730 2245 1802 γὰρ
2294 1732 2353 1784 ὲν
2395 1730 2564 1802 Ἀδὰμ
2601 1731 3042 1805 ἀποθνήσκομεν,
3079 1730 3195 1786 ἀλλ’
3220 1731 3281 1786 ὲν
3312 1730 3536 1802 Χριστῷ
3582 1729 3729 1794 ζωο-

451 1817 521 1870 ad
563 1815 830 1874 Bersabee
879 1820 1071 1887 legali:
1140 1831 1409 1894 praecepta
1464 1823 1783 1879 denuntiata
1855 1835 2029 1891 sunt,

2154 1819 2609 1894 τοιούμεθα.Ἀπὺ
2649 1822 2757 1876 Δάν
2808 1822 2903 1876 καὶ
2946 1822 3051 1886 ἕως
3090 1822 3377 1894 Βηρσαϐεέ
3409 1822 3479 1877 τὰ
3522 1821 3733 1892 νομικὴ

450 1917 677 1977 eratque
701 1909 753 1963 in
780 1910 895 1965 sola
922 1910 1105 1968 Judtea
1133 1922 1293 1969 notus
1338 1914 1478 1969 Deus
1506 1913 1570 1945 ‘7'
1596 1932 1610 1968 :
1642 1930 1787 1970 nunc
1814 1929 1941 1971 vero
1973 1916 2033 1970 in

450 2015 667 2057 omnem
699 2012 901 2059 terram
939 2005 1110 2060 exivit
1137 2021 1304 2062 sonus
1332 2006 1450 2077 ejus
1475 2006 1541 2074 η,
1573 2022 1873 2080 omnesque
1903 2009 2032 2065 edo-

450 2096 527 2149 cti
554 2104 682 2150 ειιιιι
726 2110 757 2149 a
786 2094 920 2161 Deo,
954 2113 1059 2153 non
1105 2098 1174 2153 ab
1213 2098 1443 2169 angelis,
1477 2099 1573 2155 sed
1607 2115 1636 2155 a
1664 2100 1776 2156 Deo
1810 2099 1900 2154 η’.
1936 2102 2031 2158 Dei

451 2185 598 2242 enim
626 2187 792 2241 etiam
812 2185 895 2242 lex
909 2197 1011 2251 est.
1034 2191 1131 2246 sed
1158 2205 1255 2261 per
1268 2190 1492 2261 angelos
1520 2192 1732 2262 prolata
1760 2194 1803 2225 η
1825 2208 1841 2260 ;
1864 2191 2035 2250 Filius

453 2286 634 2331 autem
668 2277 842 2348 inquit
867 2294 882 2333 :
920 2281 957 2349 «ε
984 2280 1095 2351 Ego
1116 2281 1232 2352 ipse
1262 2280 1489 2353 loquens
1512 2282 1703 2339 adsum
1730 2284 1815 2339 "‘.
1846 2285 2035 2356 »ἶρυο-

449 2367 620 2432 circa,
647 2366 802 2437 juxta
828 2366 978 2423 Pauli
1006 2372 1358 2439 sententiam,
1386 2383 1588 2443 quanto
1611 2372 2033 2432 diﬂ‘erentiorem

451 2470 646 2515 nactus
672 2470 755 2515 est
777 2462 1327 2530 administrationem,
1359 2474 1416 2521 et
1448 2477 1654 2534 quanto
1684 2468 1925 2526 melioris
1952 2478 2040 2525 te-

451 2554 706 2608 stamenti
750 2570 980 2624 sponsor
1019 2555 1197 2612 lactus
1225 2566 1311 2613 est
1334 2558 1404 2627 ",
1443 2568 1593 2616 tanto
1632 2560 1797 2616 etiam
1846 2563 2032 2618 excel-

452 2645 654 2702 lentior
676 2648 781 2703 erit
805 2649 1015 2719 angelis
1045 2666 1058 2704 :
1091 2666 1200 2705 non
1234 2650 1445 2707 ratione
1463 2662 1673 2708 naturae
1700 2655 1781 2710 eis
1810 2670 2032 2725 compa-

450 2749 628 2806 ratus,
657 2742 752 2796 sed
787 2749 937 2796 tanto
970 2745 1219 2812 superior
1249 2756 1453 2814 quanto
1477 2745 1622 2802 Deus
1648 2749 1899 2804 essentize
1940 2765 2031 2805 ra-

454 2834 601 2889 tione
619 2844 799 2888 creata
828 2835 1123 2890 antecellit.
1152 2834 1330 2893 Dictio
1358 2837 1543 2908 itaque
1564 2839 1700 2905 haec,
1722 2859 1740 2891 ι
1766 2841 1983 2909 melior,
2008 2860 2028 2895 ι

452 2929 523 2984 ad
572 2928 1099 2986 administrationem
1152 2928 1343 2996 relata,
1399 2941 1602 3003 quanto
1649 2946 1770 2987 eam
1818 2934 2033 2990 illorum

453 3021 925 3078 administratione
976 3024 1409 3093 praestantiorem
1461 3025 1869 3097 dignioremque
1913 3043 2037 3085 esse

451 3114 723 3179 ostendit,
761 3123 912 3170 tanto
943 3116 1113 3187 magis
1150 3114 1345 3171 Filium
1384 3132 1546 3187 supra
1589 3128 1828 3173 creatam
1876 3129 2037 3174 natu-

2137 1915 2540 1988 προστάγματα
2566 1914 2934 1988 διηγγέλλετο,
2965 1916 3062 1970 καὶ
3100 1910 3171 1988 ἦν
3219 1916 3278 1970 ὲν
3326 1915 3461 1988 μόνῃ
3486 1917 3555 1987 τῇ
3593 1915 3733 1969 Ἰου-

2136 2010 2266 2082 δαίᾳ.
2290 2010 2530 2079 γνωστὸς
2551 2012 2580 2065 6
2613 2010 2747 2074 Θεός
2769 2025 2783 2039 ·
2813 2010 2933 2064 νυν).
2960 2009 3019 2063 δὲ
3048 2009 3129 2075 είς
3158 2010 3340 2064 πᾶσαν
3374 2008 3474 2081 τὴν
3510 2010 3615 2079 γῆν
3650 2007 3735 2075 ἐξ·

2136 2103 2303 2174 ἦλθεν
2324 2104 2353 2156 ὁ
2382 2102 2621 2173 φθόγγος
2653 2102 2841 2169 αὐτοῦ,
2860 2103 2956 2158 κα).
2984 2103 3243 2173 γεγόνασι
3270 2102 3471 2166 πάντες
3487 2102 3733 2155 διδακτοὶ

2137 2195 2295 2262 Θεοῦ,
2334 2197 2435 2250 οὐκ
2466 2195 2734 2266 ἀγγέλων,
2761 2196 2897 2251 ἀλλὰ
2926 2195 3084 2251 Θεοῦ.
3116 2192 3251 2249 Θεοῦ
3300 2193 3401 2266 μὲν
3442 2194 3550 2267 γὰρ
3577 2197 3681 2248 καὶ
3705 2195 3735 2248 6

2140 2287 2323 2360 νόμος,
2360 2288 2496 2344 ἀλλὰ
2528 2290 2596 2343 δι’
2626 2290 2876 2361 ἀγγέλων
2895 2309 2911 2323 ·
2945 2292 2976 2345 6
3001 2292 3059 2346 δὲ
3090 2291 3220 2356 Υἱός
3269 2308 3437 2363 φησιν
3457 2308 3471 2321 ο
3505 2309 3524 2343 ι
3556 2290 3735 2353 Αὐτὸς

2137 2379 2371 2435 όλαλῶν
2401 2380 2651 2453 πάρειμι.
2686 2401 2706 2434 ι
2764 2381 2975 2438 Οὐκοῦν
3026 2382 3170 2437 κατά
3214 2381 3314 2454 τὴν
3367 2382 3462 2436 τοῦ
3512 2382 3757 2436 Παύλου

2140 2471 2349 2542 φωνὴν,
2381 2471 2491 2542 ὅσῳ
2515 2471 2927 2543 διαφορωτέρας
2946 2470 3215 2543 τετύχηκε
3234 2471 3596 2544 λειτουργίας,
3640 2471 3738 2523 καὶ

2139 2561 2249 2632 ὅσῳ
2293 2561 2601 2633 κρείττονος
2644 2562 2911 2633 διαθήκης
2950 2561 3175 2631 γέγονεν
3224 2561 3442 2630 ἔγγυος,
3476 2560 3737 2614 τοσοῦτον

2141 2654 2396 2726 ὑπερέξει
2425 2656 2549 2718 τοὺς
2579 2655 2864 2725 ἀγγέλους,
2892 2655 2993 2726 οὐχ
3016 2655 3093 2719 ὡς
3122 2654 3259 2727 πρὸς
3285 2657 3483 2719 αὐτοὺς
3506 2671 3738 2726 συγκρι-

2141 2747 2362 2817 νόμενος
2381 2746 2523 2801 κατᾶ
2535 2746 2632 2818 τὴν
2654 2746 2835 2817 φύσιν,
2854 2747 2992 2801 ἀλλά
3006 2747 3259 2801 τοσοῦτον
3274 2746 3734 2819 ὑπεραιρόμενος,

2140 2839 2263 2894 ὅσον
2295 2838 2603 2910 ἀπῴκισται
2653 2840 2762 2894 τῶν
2808 2841 3053 2910 γενητῶν
3085 2842 3114 2893 ὁ
3146 2839 3277 2905 Θεὸς
3305 2841 3449 2895 κατά
3495 2839 3587 2893 τὸν
3635 2839 3737 2909 τῆς

2140 2934 2331 2998 ούσίας
2363 2934 2538 3003 λόγον.
2570 2934 2643 2989 Τὸ
2671 2934 2780 3006 ἄρα
2820 2954 2841 2986 ι
2868 2935 3132 3005 κρείττων
3158 2953 3176 2985 ι
3203 2934 3297 2988 ἐπὶ
3324 2934 3423 3005 τῆς
3455 2932 3739 2995 διακονίας

2143 3026 2465 3098 φερόμενον,
2493 3028 2617 3081 ὅσον
2658 3026 2827 3099 αὐτὴν
2858 3027 2959 3097 τῆς
2987 3026 3212 3080 ἐκείνων
3240 3024 3477 3079 δεικνύει
3508 3024 3740 3096 μείζονα

2142 3121 2239 3174 καὶ
2286 3119 2644 3191 ὑψηλοτέραν,
2673 3120 2929 3173 τοσοῦτον
2972 3118 3182 3190 ἐξαίρει
3213 3119 3312 3188 τῆς
3349 3117 3458 3172 τῶν
3486 3116 3759 3188 γενητῶν»

451 3221 570 3262 ram
606 3207 839 3262 extollit.
874 3206 942 3262 Et
984 3185 1192 3277 angelis
1221 3185 1634 3281 quidemﬁaos
1660 3221 1719 3264 ut
1752 3213 1928 3268 servis
1959 3214 2038 3268 in-

2154 3185 2361 3281 φύσεως
2381 3185 2499 3264 ⁷τὸν
2525 3185 2670 3264 Ῠὶόν.
2698 3210 2809 3265 Καὶ
2853 3212 2967 3273 τοῖς
3004 3185 3112 3280 μὲν.
3143 3185 3397 3278 ἀγγέλοις
3422 3185 3507 3273 ὡς
3526 3185 3739 3271 δούλοις

455 3298 711 3353 feriorem
783 3299 1313 3356 administrationem
1378 3301 1614 3367 tribuit,
1655 3302 1794 3358 Filio
1859 3314 2041 3360 autem

453 3408 577 3448 eam
612 3408 733 3463 qua:
758 3392 900 3449 Filio
928 3402 984 3447 et
1013 3394 1243 3449 Domino
1274 3404 1561 3466 congruat.
1591 3395 1728 3452 Nam
1766 3397 1819 3452 in
1853 3398 2043 3454 melio-

454 3486 628 3551 ribus,
671 3495 731 3540 ut
762 3484 938 3557 inquit
965 3484 1273 3558 Scriptura,
1304 3489 1820 3559 repromissionibus
1863 3491 2043 3547 sanci—

458 3587 547 3635 tus
580 3589 667 3635 est
690 3579 757 3634 ".

456 3713 707 3780 ALIUD,
751 3716 892 3797 quod
941 3715 1130 3770 melior
1158 3716 1237 3797 sit
1293 3714 2044 3797 Deinl’erbi“administratio

526 3802 685 3868 qui!!!
732 3786 1458 3868 angelorumqietiompaliis
1500 3787 1721 3868 modis}
1744 3798 1797 3868 et
1842 3800 2043 3857 querno

527 3856 716 3912 melior
741 3867 816 3911 est
845 3857 1263 3924 administratio,
1292 3866 1435 3912 tanto
1469 3867 1517 3912 et
1551 3856 2044 3916 administratorem

533 3928 805 3983 meliorem
834 3943 967 3982 esse.

532 4062 733 4119 Paulus
780 4063 859 4119 ait
904 4082 921 4120 :
972 4061 1289 4131 «Quoniam
1331 4061 1479 4133 quod
1531 4061 1869 4134 impossibile
1926 4076 2045 4122 erat

462 4156 591 4229 legi,
620 4156 675 4212 in
709 4170 819 4227 quo
851 4156 1232 4212 inllrmabatur
1272 4171 1370 4227 per
1392 4157 1646 4222 fcarnem,
1684 4156 1824 4213 Deus
1848 4155 2043 4213 Filium

462 4264 623 4304 suum
651 4250 873 4306 mittens
901 4248 954 4304 in
979 4247 1393 4306 similitudinem
1416 4248 1601 4305 carnis
1630 4249 1859 4320 peccati,
1894 4259 1952 4305 et
1977 4250 2047 4305 de

463 4352 690 4414 peccato
716 4341 997 4397 damnavit
1027 4349 1308 4413 peccatum
1344 4341 1399 4397 in
1438 4356 1628 4407 carne,
1661 4350 1722 4395 ut
1765 4340 2043 4412 signiﬁca-

466 4437 544 4493 tio
580 4435 717 4509 legis
768 4434 1089 4505 impleretur
1122 4435 1177 4491 in
1226 4435 1406 4501 nobis,
1455 4435 1546 4504 qui
1594 4449 1699 4489 non
1747 4435 2045 4490 secundum

2140 3305 2405 3375 ἀπονέμει
2454 3304 2735 3358 διακονίαν
2782 3302 2883 3374 τὴν
2925 3302 3219 3356 ἐλάττονα*
3262 3299 3345 3372 τῷ
3385 3300 3443 3354 δὲ
3469 3298 3602 3370 Υίῷ,
3638 3300 3759 3369 τὴν.

2142 3396 2257 3467 Υίῷ
2306 3396 2626 3466 πρέπουσαν
2673 3396 2770 3451 καὶ
2818 3392 3230 3465 Δεσπότῃ.Ὲπὶ
3273 3393 3383 3465 γὰρ
3434 3392 3736 3464 κρείττοσι,

2143 3488 2331 3560 φησὶν,
2368 3488 2724 3557 ἐπαγγελίαις
2757 3486 3204 3558 νενομοθέτηται.

2143 3713 2347 3777 ΑΛΛΟ,
2377 3712 2466 3765 ὅτι
2507 3713 2788 3781 κρείττων
2816 3712 2853 3782 ἡ
2901 3712 3006 3768 τοῦ
3045 3712 3193 3765 Θεοῦ
3225 3712 3419 3779 Λόγου
3457 3708 3749 3762 διακονία-

2217 3782 2327 3853 τῆς
2373 3782 2491 3837 τῶν
2539 3782 2833 3853 ἀγγέλων,
2866 3785 2965 3837 καὶ
2995 3784 3123 3837 καθ’
3151 3782 3402 3853 ἐτέρους
3434 3784 3700 3853 τρόπους
3720 3795 3736 3809 ο

2214 3850 2353 3924 ὅσῳι
2372 3853 2441 3907 δὲ
2471 3850 2756 3922 κρείττων
2782 3854 2959 3924 αὕτη,
3003 3852 3274 3919 τοσούτῳ
3309 3851 3410 3906 καί
3457 3854 3490 3905 d
3535 3850 3745 3903 διακο-

2214 3923 2418 3991 νήσας
2443 3925 2659 3979 αὐτόν.

2226 4059 2290 4116 Ὀ
2320 4059 2533 4124 Παῦλός
2563 4076 2764 4131 φησιν’
2804 4060 2962 4114 ι”Οτι
2984 4060 3046 4114 τὸ
3072 4060 3338 4115 ἀδύνατον
3365 4056 3462 4112 τοῦ
3491 4056 3661 4127 νόμου
3682 4057 3745 4110 ὲν

2143 4145 2190 4222 ᾧ
2217 4152 2436 4224 ἠσθένει
2480 4152 2571 4207 διὰ
2610 4153 2713 4224 τῆς
2748 4154 2972 4226 σαρκὸς,
3016 4156 3046 4209 ὁ
3094 4153 3228 4217 θεδς
3268 4153 3360 4206 τδν
3391 4151 3585 4206 ἑαυτοῦ
3610 4151 3753 4205 γαν

2146 4246 2373 4316 πέμψας
2415 4248 2476 4300 ὲν
2518 4245 2824 4319 ὁμοιώματι
2875 4245 3077 4319 σαρκὸς
3126 4245 3420 4318 ἁμαρτίας,
3462 4246 3559 4300 καὶ
3611 4246 3746 4317 περὶ

2147 4338 2426 4410 ἁμαρτίας
2456 4338 2750 4410 κατέκρινε
2784 4338 2888 4409 τὴν
2914 4338 3195 4410 ἁμαρτίαν
3225 4340 3281 4391 ὲν
3310 4340 3377 4408 τῇ
3405 4337 3589 4405 σαρκί.
3623 4355 3645 4389 ι
3679 4338 3745 4392 El

2146 4429 2203 4484 δὲ
2224 4428 2525 4501 ἠσθένησεν
2548 4431 2578 4484 6
2601 4430 2766 4501 νόμος
2797 4434 3128 4503 κατακρῖναι
3155 4431 3254 4503 τὴν
3280 4431 3557 4503 ἁμαρτίαν
3582 4431 3644 4482 ὲν
3672 4432 3749 4501 τῇ

462 4545 685 4585 carnem
731 4528 1093 4594 ambulamus,
1150 4526 1248 4583 sed
1292 4529 1589 4582 secundum
1627 4526 1893 4597 Spiritum
1921 4528 1988 4581 ²².
2020 4545 2038 4579 ι

2154 4521 2339 4592 σαρκὶ,
2376 4522 2669 4592 κατέκρινε
2696 4522 2755 4577 δὲ
2782 4524 2812 4577 6
2844 4524 3100 4595 Χριστὸς,
3121 4524 3383 4595 δεκτικὴν
3408 4524 3579 4593 αὐτὴν
3607 4524 3746 4576 ἀπο-

462 4624 619 4692 Quod
648 4624 693 4680 si
726 4623 813 4679 lex
851 4638 955 4679 non
985 4622 1163 4693 potuit
1185 4630 1468 4693 peccatum
1497 4621 1551 4675 in
1582 4635 1749 4677 carne
1779 4620 2045 4677 condem-

464 4729 618 4781 nare,
668 4714 1056 4770 condemnavit
1121 4723 1306 4768 autem
1369 4710 1657 4778 Christus;
1710 4714 1910 4781 quippe
1952 4711 2045 4781 qui

463 4824 686 4865 carnem
728 4806 964 4879 Spiritus
1001 4807 1177 4863 sancti
1202 4820 1460 4877 capacem
1487 4801 1689 4869 elfeclt,
1730 4803 1804 4857 ita
1834 4812 1893 4857 ut
1922 4816 2046 4870 pos-

464 4904 637 4959 simus
677 4900 860 4955 dicere
888 4917 904 4954 :
932 4898 1052 4953 lam
1103 4914 1211 4954 non
1255 4912 1449 4954 sumus
1494 4897 1547 4950 in
1596 4909 1796 4957 carne,
1849 4894 1944 4949 sed
1990 4892 2043 4947 in

464 4995 673 5066 Spiritu
695 4993 741 5025 ”
768 5011 783 5049 ;
817 4992 993 5047 factus
1027 4990 1192 5061 igitur
1224 4996 1309 5044 est
1338 4987 1504 5043 etiam
1543 4987 1646 5043 hac
1685 4987 1898 5043 ratione
1928 5001 2045 5041 me-

463 5089 565 5143 lior
591 5084 800 5156 angelis
826 5098 924 5154 per
946 5096 1083 5153 quos
1111 5081 1196 5137 lex
1225 5080 1373 5136 edita
1403 5087 1489 5135 est
1516 5096 1530 5133 :
1557 5088 1613 5135 et
1639 5093 1853 5134 rursum
1881 5093 2044 5131 mun-

461 5182 567 5235 dus
608 5177 710 5235 sub
736 5175 853 5249 lege
899 5174 1299 5231 condemnatus
1347 5180 1432 5228 est
1476 5180 1697 5243 propter
1733 5179 2044 5242 peccatum.

463 5267 704 5323 Advenit
752 5274 935 5319 autem
973 5262 1145 5319 Filius
1182 5278 1292 5318 non
1339 5272 1397 5316 ut
1444 5262 1733 5317 damnaret
1764 5262 2048 5325 mundum,

466 5360 566 5416 sed
593 5368 652 5414 ut
678 5357 917 5413 salvaret
944 5355 1203 5411 mundum
1224 5354 1298 5422 ",
1324 5367 1499 5423 neque
1521 5351 1841 5423 supplicium
1871 5360 2050 5406 sumat

467 5454 536 5509 de
568 5462 815 5524 peccato,
862 5450 957 5506 sed
992 5460 1050 5504 ut
1082 5456 1430 5518 peccatorum
1465 5446 1840 5500 remissionem
1870 5445 2050 5498 omni-

470 5547 576 5604 bus
603 5546 888 5617 largiatur.
926 5542 1115 5597 Melior
1146 5541 1313 5612 igitur
1342 5548 1428 5593 est
1454 5538 1545 5609 qui
1570 5537 1853 5607 jnstilicat,
1888 5553 2049 5606 quam

547 5663 592 5695 "
617 5660 782 5719 Hebr.
815 5676 912 5722 vn,
954 5658 1037 5712 l9.
1108 5658 1151 5687 ‘°
1183 5655 1339 5709 Rom.
1379 5670 1431 5717 ν,
1464 5656 1548 5708 14.

480 5806 537 5871 '5,
564 5804 619 5861 ι.
692 5802 739 5836 ’³
764 5801 892 5858 ibid.
921 5798 975 5854 9.
1053 5798 1095 5829 "
1132 5795 1283 5854 Joan.
1317 5811 1398 5849 ἐι,
1428 5796 1509 5844 l7.

2151 4614 2331 4681 δείξας
2383 4614 2478 4668 τοῦ
2527 4615 2685 4685 ἁγίου
2740 4617 3080 4688 Πνεύματος,
3127 4618 3205 4683 ὼς
3254 4618 3512 4672 δύνασθαι
3563 4617 3751 4685 λέγειν

2152 4709 2186 4777 ὴ
2195 4709 2303 4777 μᾶς
2320 4725 2334 4738 ·
2354 4708 2469 4762 Οὐκ
2491 4709 2658 4780 ἐσμὲν
2685 4710 2743 4763 ὲν
2770 4712 2959 4782 σαρκὶ,
2979 4711 3095 4765 ἀλλ’
3115 4713 3174 4764 ὲν
3201 4711 3501 4781 Πνεύματιο
3520 4711 3750 4779 γέγονεν

2152 4799 2262 4870 ἀρα
2288 4802 2382 4853 καὶ
2406 4800 2548 4855 κατὰ
2575 4799 2736 4855 τοῦτο
2764 4802 3032 4873 κρείττων
3054 4802 3326 4871 ἀγγέλων,
3351 4802 3417 4855 δι’
3434 4795 3509 4856 ὧν
3534 4802 3564 4854 6
3584 4802 3749 4870 νόμος

2152 4889 2467 4962 λελάληταιι
2494 4893 2589 4946 καὶ
2626 4893 2789 4948 πάλιν
2825 4895 2856 4946 6
2886 4893 3089 4964 κόσμος
3136 4894 3243 4948 ὑπὸ
3292 4893 3391 4964 μὲν
3437 4892 3531 4946 τοῦ
3578 4892 3749 4959 νόμου

2152 4984 2506 5056 κατεκρίνετο
2536 4984 2624 5039 διὰ
2648 4986 2749 5059 τὴν
2768 4984 3065 5056 ἁμαρτίαν.
3086 4984 3431 5056 Ἐπεδήμησε
3463 4984 3520 5036 δὲ
3541 4985 3572 5036 6
3596 4982 3749 5045 Υἱὸς,

2150 5075 2250 5146 οὐχ
2280 5075 2368 5129 ἵνα
2399 5076 2561 5149 κρίνῃ
2591 5078 2686 5131 τὸν
2716 5077 2941 5149 κόσμον,
2964 5077 3078 5132 ἀλλ’
3105 5079 3192 5131 ἵνα
3223 5076 3379 5148 σώσῃ
3400 5075 3490 5129 τὸν
3516 5075 3748 5143 κόσμον,

2148 5166 2272 5220 οὐδὲ
2317 5168 2639 5240 ἀπαιτήσων
2677 5169 2801 5225 τινὰ
2827 5169 3125 5242 τιμωρίαν,
3157 5168 3272 5223 ἀλλ’
3304 5168 3391 5222 ἵνα
3419 5169 3555 5221 πᾶσι
3586 5167 3748 5236 χαρί-

2154 5276 2337 5331 σηται.
2372 5262 2653 5333 Κρείττων
2686 5259 2780 5317 οὖν
2829 5265 2858 5317 6
2898 5262 3127 5317 δικαιῶν
3169 5260 3265 5317 τοῦ
3299 5259 3745 5331 κατακρίνοντος,

2154 5354 2421 5425 κρείττων
2456 5354 2552 5409 τοῦ
2584 5355 2940 5421 ἀπαιτοῦντος
2985 5358 3014 5411 ὀ
3059 5354 3440 5429 χαριζόμενος,
3479 5354 3748 5425 κρείττων

2151 5446 2247 5499 τοῦ
2285 5447 2361 5518 μὴ
2400 5446 2719 5518 ἰσχύσαντος
2746 5451 3075 5520 κατακρίναι
3122 5447 3224 5519 τὴν
3271 5447 3545 5520 ἁμαρτίαν
3584 5446 3644 5498 ὲν
3678 5448 3745 5514 τῇ

2158 5538 2342 5608 σαρκὶ,
2387 5540 2417 5591 ὁ
2462 5539 2556 5592 καὶ
2601 5538 2762 5593 τοῦτο
2806 5538 3100 5611 πληρώσας
3131 5538 3276 5603 Υἱός.
3306 5539 3585 5610 Κρείττων
3631 5536 3745 5605 ἀρα

1620 5653 1661 5684 ’τ
1695 5654 1714 5708 1
1755 5654 1880 5707 Cor.
1925 5651 2007 5713 l5,
2041 5652 2128 5705 2‘2.
2209 5653 2277 5684 "'
2315 5652 2457 5706 l’sal.
2493 5669 2657 5712 LxxV.
2687 5653 2745 5709 2.
2827 5656 2869 5686 "
2904 5654 3047 5710 Psal.
3076 5669 3235 5714 xvm.
3267 5653 3338 5711 5:
3370 5653 3525 5707 Rom.
3568 5652 3741 5715 x,18.

480 5733 549 5769 ιιι
576 5732 711 5788 ³ο³η
762 5732 855 5793 ηε,
896 5721 983 5784 45,
1067 5727 1110 5759 ι’
1150 5725 1269 5781 Gal.
1298 5741 1391 5788 Ill,
1441 5726 1527 5779 19.
1608 5725 1671 5755 ³⁵³⁸
1713 5726 1815 5781 lsa.
1863 5737 1956 5791 LII,
1997 5723 2029 5775 6

2154 5722 2171 5752 °
2206 5721 2367 5778 ilcbr.
2411 5739 2483 5779 vn
2510 5766 2523 5790 ,
2566 5724 2655 5780 22.

2734 5726 2775 5757 ²¹
2812 5723 2976 5782 llebr.
3027 5740 3159 5797 vui.
3199 5725 3253 5780 6.
3324 5726 3369 5756 η
3413 5722 3568 5780 Rom.
3602 5739 3744 5791 nu,
