3878 6208
164 322 295 381 ’355

1624 322 2067 381 THESAURUS.

3328 328 3438 387 356

181 432 329 490 κατὰ
359 431 520 487 τοῦτο
547 430 657 485 τῶν
687 430 937 501 ἀγγέλων
966 431 1077 485 τῶν
1112 431 1208 485 τὸν
1241 430 1443 503 ἀσθενῆ
1475 432 1567 485 καὶ
1598 449 1765 489 κατα-

1877 436 1957 503 qui
1990 435 2336 501 condemnat,
2390 436 2584 493 melior
2615 436 2707 508 qui
2738 436 2955 492 veniam
3006 437 3235 507 largitur
3271 451 3435 507 quam

179 525 439 597 κρίνοντα
466 523 818 594 λαλησάντων
846 523 1032 594 νόμον.

1864 524 1957 594 qui
1993 538 2205 594 partem
2246 525 2455 596 exigit;
2490 526 2681 581 melior
2708 537 2793 601 est
2837 542 2903 580 eo
2945 527 3036 597 qui
3073 535 3351 595 peceatum
3382 525 3439 579 in

178 633 348 675 carne
392 620 757 675 condemnare
787 632 892 673 non
924 618 1119 689 potuit,
1149 618 1197 673 is
1230 618 1323 689 qui
1372 619 1477 673 ltoc
1535 616 1787 688 praestitit
1825 616 2013 672 Filius.
2045 617 2231 673 Melior
2274 619 2451 689 itaque
2491 620 2592 675 hac
2663 620 2870 675 ratione
2914 629 2996 675 est
3030 635 3191 689 quam
3236 616 3440 689 angeli,

179 718 271 787 qui
313 715 640 772 imbecillam
670 724 726 771 et
755 714 1205 771 condemnantem
1243 713 1411 786 legem
1456 716 1763 772 ediderunt.

214 831 424 894 AAAO,
448 829 538 885 ὅτι
564 831 703 898 τοῖςι
722 829 1056 902 ποιήμασιν
1086 831 1126 899 ἢ
1155 830 1279 897 τοῖς
1308 831 1586 902 ἀγγέλοις
1612 832 1726 900 οὐχ

713 901 988 971 ὀμοφυὴς
1023 904 1056 956 ό
1075 902 1227 968 Υἱός.

251 1017 319 1071 Εἰ
345 1015 560 1090 ποίημά
586 1020 734 1074 ἐστιν
761 1022 791 1073 6
812 1018 958 1085 Υἱὸς,
980 1019 1075 1072 καὶ
1094 1020 1339 1090 ὁμοφυης
1356 1020 1466 1082 τοῖς
1487 1018 1761 1087 ἀγγέλοις,

179 1110 559 1167 καλείσθωσαν
583 1113 676 1166 καὶ
699 1112 854 1166 αὐτοὶ
875 1111 1025 1183 παρὰ
1048 1106 1141 1166 τοῦ
1164 1112 1376 1183 Πατρδς
1403 1110 1593 1181 ὥσπερ
1615 1112 1761 1163 ἐκεῖ·

179 1222 270 1267 νος
300 1204 441 1270 υἱοὶ,
476 1204 694 1275 ἢαύτδς
724 1203 913 1276 ὥσπερ
938 1206 1134 1258 ἐκεῖνοι
1164 1204 1413 1274 ἄγγελος.
1432 1202 1573 1256 Ἀλλ’
1588 1202 1764 1257 οὐδενὶ

178 1294 292 1348 τῶν
334 1296 584 1365 ἀγγέλων
636 1292 757 1351 εἶπέ
802 1314 931 1351 ποτε
958 1315 971 1327 ·
1011 1316 1029 1348 ι
1060 1297 1186 1361 Υἱός
1221 1315 1321 1368 μου
1353 1292 1401 1350 εἶ
1433 1299 1519 1362 σὺ,
1547 1316 1567 1349 ι
1621 1296 1763 1351 κατὰ

178 1392 281 1463 τὴν
306 1390 405 1444 τοῦ
440 1388 655 1444 Παύλου
692 1391 902 1461 φωνήν·
938 1385 1061 1444 οὔτε
1096 1391 1202 1461 μὴν
1232 1390 1394 1454 αὐτὸς
1422 1389 1650 1458 ἄγγελος
1673 1404 1737 1441 κε

181 1481 453 1551 κλημὲνος
481 1480 729 1551 φαίνεται
759 1481 900 1534 κατὰ
922 1480 1201 1549 ἀλήθειαν.
1247 1480 1674 1545 Καθεζέσθωσαν
1704 1482 1748 1533 ὲκ

181 1572 334 1644 δεξιᾷ
362 1571 456 1625 τοῦ
481 1573 694 1644 Πατρὸς
724 1572 913 1644 ὥσπερ
943 1572 1068 1636 Υἱός
1087 1589 1099 1601 ·
1131 1572 1246 1627 ἀλλ’
1262 1572 1437 1636 οὐδεὶς
1462 1572 1571 1625 τῶν
1599 1573 1763 1641 ἀγγέ-

1865 819 2111 889 ALIUD,
2158 825 2297 893 quod
2342 821 2517 877 Filius
2564 836 2669 877 non
2704 823 2769 876 sit
2810 822 3042 892 ejusdem
3077 834 3282 879 natura:
3319 838 3440 879 cum

2340 895 2599 947 creaturis
2626 893 2700 946 vel
2730 894 2955 962 angelis.

1939 1006 1997 1061 Si
2035 1004 2204 1062 Filius
2242 1016 2327 1062 est
2374 1016 2648 1072 creatura,
2700 1017 2755 1061 et
2788 1007 3025 1076 ejusdem
3066 1018 3272 1063 natura:
3316 1023 3440 1064 eum

1863 1097 2089 1167 angelis,
2118 1107 2380 1155 vocentur
2403 1098 2566 1151 etiam
2607 1097 2705 1167 ipsi
2740 1114 2767 1149 a
2788 1097 2947 1151 Patre
2978 1098 3093 1163 lilii,
3130 1101 3269 1154 sicut
3313 1100 3440 1168 ille;

1867 1198 1961 1241 aut
1991 1195 2213 1243 vocetur
2240 1188 2376 1258 ipse,
2412 1188 2869 1257 quemadmodum
2910 1188 3010 1252 illi,
3049 1189 3289 1259 angelus.
3324 1191 3444 1247 (1a:-

1870 1288 2042 1332 terum
2098 1278 2297 1333 nemini
2350 1278 2664 1348 angelorum
2719 1294 2959 1348 unquam
3006 1280 3143 1335 dixit
3176 1299 3189 1335 :
3225 1299 3243 1333 ι
3274 1281 3445 1337 Filius

1868 1385 2019 1425 meus
2043 1384 2101 1425 es
2142 1381 2220 1438 tu,
2251 1390 2271 1422 ι
2308 1379 2366 1426 ut
2387 1373 2465 1425 ait
2501 1372 2701 1428 Paulus
2723 1374 2804 1437 ";
2843 1388 3017 1443 neque
3053 1375 3167 1444 ipse
3203 1388 3441 1444 unquam

1868 1461 2091 1531 angelus
2140 1477 2327 1517 revera
2378 1464 2553 1518 dictus
2598 1473 2704 1520 est.
2756 1464 2993 1519 Sedeant
3036 1465 3198 1519 etiam
3250 1465 3324 1519 illi
3373 1467 3442 1521 ad

1867 1552 2139 1607 dexteram
2179 1550 2378 1619 Patris,
2420 1555 2560 1608 sicut
2588 1552 2778 1609 Filius.
2811 1554 2973 1624 Atqui
3013 1570 3171 1610 nemo
3204 1571 3442 1625 unquam

181 1622 764 1735 regamus};
777 1622 974 1737 ὲιαῖριζ
991 1622 1764 1735 ait.seiungagaetg.

1877 1644 2175 1713 angelorum
2218 1646 2422 1700 assedit
2454 1644 2637 1713 Patri;
2670 1647 2764 1702 sed
2803 1622 2985 1715 potius
3023 1622 3313 1702 astiterunl
3343 1648 3444 1702 mi-

182 1756 626 1828 λειτουργοῦντες
656 1756 823 1829 αὐτῷ.
857 1758 1185 1826 Λεγέτωσαν
1212 1756 1434 1825 ἄγγελοι
1455 1755 1765 1810 διατάττον-

182 1866 277 1912 τις
322 1848 512 1920 ὥσπερ
545 1849 575 1901 6
601 1848 753 1912 Υἱός*
810 1866 827 1900 ι
851 1847 993 1917 Ἐγὼ
1036 1849 1093 1902 δὲ
1137 1848 1282 1917 λέγω
1307 1847 1436 1919 ὑμῖν
1460 1864 1473 1877 ·
1507 1867 1524 1899 ι
1561 1845 1675 1900 ἀλλ’
1704 1846 1765 1900 οὐ

183 1941 341 1995 τοῦτό
384 1959 572 2010 φασιν,
627 1941 763 1995 ἀλλὰ
815 1942 1046 2013 μᾶλλον·
1094 1962 1111 1992 ι
1154 1941 1491 2011 Ἀπεστάλην
1537 1936 1768 2009 λαλῆσαι

184 2033 321 2105 πρὸς
345 2034 425 2086 σέ.
462 2052 480 2083 ι
519 2033 629 2086 Καὶ
654 2034 703 2086 οί
739 2033 839 2103 μὲν
865 2032 1225 2097 διακονοῦσιν,
1256 2036 1286 2087 6
1317 2032 1373 2086 δὲ
1405 2032 1764 2086 διακονεῖταιο

190 2127 365 2181 «Ἰδοὺ
411 2127 542 2199 γὰρ,
571 2129 756 2198 φησιν,
789 2127 1011 2197 ἄγγελοι
1054 2127 1444 2201 προσελθόντες
1489 2126 1770 2198 διηκόνουν

184 2217 354 2287 αὐτῷ.
390 2237 409 2269 ι
466 2218 574 2272 Kal
607 2219 636 2270 6
672 2219 771 2289 μὲν
800 2218 916 2272 ἔστι
942 2217 1293 2289 δημιουργὸς,
1318 2218 1369 2271 οἱ
1415 2217 1473 2271 δὲ
1512 2216 1768 2286 γεγόνασι

183 2310 252 2365 δι’
283 2310 471 2364 αὐτοῦ·
506 2310 598 2364 καὶ
627 2312 677 2364 οἱ
713 2310 811 2381 μὲν
853 2309 1271 2381 προσκυνοῦσιν,
1305 2309 1333 2360 6
1362 2307 1418 2362 δὲ
1446 2310 1768 2380 προσκυνεῖ-

184 2417 275 2454 ται
294 2416 309 2430 ’
351 2401 445 2454 καὶ
476 2400 525 2453 oi
561 2400 658 2471 μὲν
691 2398 916 2469 ἄγγελοι
942 2399 1044 2464 τὰς
1074 2399 1182 2453 τῶν
1210 2400 1458 2471 οὐρανῶν
1482 2398 1661 2463 πύλας
1686 2398 1771 2454 al-

190 2508 308 2564 ρειν
352 2492 777 2564 προστάττονται
797 2508 811 2522 ·
838 2494 868 2546 6
904 2491 961 2546 δὲ
992 2491 1299 2563 εἰσέρχεται
1324 2491 1401 2556 ὼς
1425 2491 1630 2564 Κύριος
1658 2490 1770 2545 τῶν

184 2583 488 2655 δυνάμεων,
511 2583 588 2649 ὡς
617 2584 869 2655 βασιλεὺς
896 2585 1000 2655 τῆς
1027 2584 1215 2656 δόξης’
1248 2582 1345 2638 καὶ
1396 2585 1444 2637 el
1490 2584 1588 2655 μὲν
1623 2583 1772 2654 ζωῆς

192 2678 483 2750 μετέχουσι
525 2678 627 2747 τῆς
660 2677 811 2748 παρὰ
840 2676 997 2729 Θεοῦ·
1028 2679 1058 2732 6
1085 2676 1144 2731 δὲ
1185 2679 1286 2748 τῆς
1316 2676 1459 2747 ζωῆς
1494 2678 1610 2731 ἐστι
1646 2693 1772 2748 χορ-

188 2767 344 2839 ηγδς.
377 2767 540 2830 αὐτὸς
563 2764 678 2839 ζωὴ
700 2770 816 2830 τοῖς
841 2768 1008 2820 πᾶσιν
1032 2768 1312 2838 ὑπάρχων.
1344 2767 1457 2820 Kal
1481 2769 1509 2821 6
1537 2766 1637 2838 μέν
1662 2785 1770 2839 φη-

192 2872 277 2910 σιν
295 2874 309 2888 ο
347 2875 366 2909 ι
388 2854 530 2925 Ἐγὼ
575 2857 669 2910 καὶ
694 2856 723 2909 6
752 2855 944 2928 Πατὴρ
973 2855 1032 2909 ἓν
1061 2846 1248 2927 ἔσμεν,
1283 2875 1301 2907 ι
1335 2856 1430 2909 καὶ
1467 2876 1486 2908 ι
1508 2856 1567 2910 Ὀ
1593 2857 1765 2928 ὲωρατ

190 2947 303 3011 κὼς
350 2949 471 3019 ἐμὲ.
506 2945 718 3018 ἑώρακε
764 2946 858 2999 τὸν
906 2946 1145 3018 Πατέρα,
1176 2965 1194 2997 ι
1246 2947 1360 3011 καὶ,
1400 2965 1417 2997 ι
1447 2946 1632 3000 Πάντα
1669 2947 1771 3001 ὅσα
1795 2967 1839 3026 C

192 3037 307 3108 εχει
356 3040 386 3091 6
420 3038 633 3108 Πατὴρ,
669 3036 780 3107 ἐμά
825 3037 960 3101 ἐστι,
995 3054 1014 3087 ι
1055 3037 1152 3090 καὶ
1188 3054 1206 3087 ι
1238 3034 1380 3103 Ἐγώ
1408 3037 1523 3106 εἰμι
1569 3036 1630 3088 τὸ
1654 3034 1771 3104 φῶς

187 3126 284 3181 τοῦ
317 3127 545 3197 κόσμου,
576 3145 596 3178 ι
646 3126 740 3179 καὶ
779 3126 962 3195 «Ἐγώ
1013 3127 1129 3197 ειμι
1182 3127 1215 3197 ἡ
1255 3124 1551 3189 ἀνάστασις
1601 3125 1696 3179 καὶ
1738 3126 1772 3196 ἡ

191 3221 328 3290 ζωηο
361 3239 381 3273 ι
414 3219 635 3289 ἄγγελοι
673 3218 730 3272 δὲ
752 3219 853 3282 τὰς
873 3217 1133 3282 τοιαύτας
1174 3219 1236 3271 ού
1269 3216 1509 3289 τολμῶσι
1540 3218 1773 3288 φθέγγε-

193 3313 319 3367 σθαι
346 3311 552 3382 φωνάς.
585 3310 706 3365 Κᾶν
732 3312 791 3365 ὲν
815 3310 895 3382 τῷ
918 3310 1145 3381 ὀνόματι
1173 3308 1268 3363 τοῦ
1298 3309 1430 3363 Υἱοῦ
1459 3308 1773 3381 προσευξώ-

195 3401 356 3474 μεθα,
382 3403 592 3473 ὅσαπερ
628 3401 697 3455 ἂν
733 3401 1069 3471 αίτήσωμεν,
1096 3398 1383 3469 ληψόμεθα
1405 3416 1418 3428 ·
1451 3399 1514 3451 ἐν
1549 3398 1774 3469 ὀνόματι

190 3495 250 3549 δὲ
275 3494 389 3548 τῶν
412 3494 661 3562 ἀγγέλων
688 3493 788 3547 οὐκ
812 3492 878 3547 άν
909 3509 995 3555 τις
1019 3490 1400 3562 προσεύξαιτο.
1431 3490 1541 3544 Kal
1565 3490 1644 3560 τῷ
1672 3489 1772 3561 μὲν

196 3588 311 3659 Υἱῷ
344 3588 440 3642 σὺν
464 3587 542 3658 τῷ
570 3588 747 3659 Πατρὶ
774 3585 871 3640 xal
903 3584 1039 3657 μετὰ
1063 3585 1277 3656 Πατρδς
1303 3586 1335 3655 ἡ
1361 3582 1519 3648 δόξαο
1550 3582 1773 3651 ἄγγελοι

192 3682 253 3736 δὲ
278 3683 341 3736 οὐ
372 3679 706 3745 δοξάζονται,
738 3678 874 3735 ἀλλὰ
925 3678 1123 3750 μᾶλλον
1168 3676 1450 3745 δοξάζουσι
1495 3676 1634 3747 μετὰ
1677 3675 1771 3730 τοῦ

199 3774 408 3847 Πατρὸς
434 3774 528 3828 τὸν
553 3773 703 3827 Υίὸν.
730 3772 855 3836 Πῶς
879 3768 973 3826 οὖν
1000 3771 1275 3842 τοσαύτης
1304 3770 1567 3841 κειμένης
1588 3770 1775 3839 διαφο-

196 3868 297 3940 ρᾶς
334 3865 537 3937 μεταξὺ
578 3864 687 3918 τῶν
731 3863 978 3933 ἀγγέλων
1014 3864 1109 3918 καὶ
1152 3862 1247 3917 τοῦ
1276 3862 1430 3925 Υίοῦ,
1460 3862 1560 3934 τῆς
1604 3862 1774 3933 αὐτῆς

191 3957 378 4021 οὐσίας
427 3951 567 4010 εἶναι
618 3953 1056 4027 νομισθήσονται,
1106 3954 1319 4018 οὐδενὸς
1365 3954 1775 4027 συγχωροῦντος

192 4052 388 4118 λόγου;
431 4048 741 4118 ’Δναλόγως
781 4048 891 4120 γὰρ
938 4050 1006 4119 τῇ
1061 4049 1170 4102 τῶν
1222 4047 1529 4120 προσώπων
1560 4047 1689 4119 ἀξίᾳ
1712 4047 1775 4101 τὸ

192 4142 294 4214 τῆς
326 4142 541 4212 φύσεως
573 4142 828 4214 διάφορον
853 4140 1225 4213 ὁρισθήσεται.

227 4256 431 4323 ΑΔΛΟ,
460 4256 551 4309 ὅτι
580 4256 679 4310 καὶ
708 4254 807 4309 ἐπὶ
836 4254 945 4308 τοῦ
991 4254 1219 4322 Πατρός
1261 4255 1603 4323 amplexetur
1633 4253 1734 4321 τὸ,

802 4343 822 4376 ι
856 4324 1111 4395 ἐγένετο.
1146 4345 1166 4377 ι

275 4439 337 4493 '0
365 4437 671 4509 Ψαλμῳδδς
721 4436 873 4506 λέγει
895 4453 913 4470 ο
955 4457 974 4490 ι
1015 4438 1185 4491 Γενοῦ
1223 4456 1315 4510 μοι
1333 4441 1417 4504 είς
1443 4438 1577 4495 Θεὸν
1599 4439 1771 4511 ὑπερ-

192 4532 487 4601 ασπιπήν·
526 4549 545 4583 ι
591 4530 687 4584 καὶ
733 4529 895 4585 πάλιν
916 4569 934 4595 ,
974 4547 994 4581 ι
1039 4530 1285 4599 Ἐγένετό
1332 4548 1423 4602 μοι
1469 4533 1551 4596 είς
1595 4548 1773 4603 σωτη-

196 4622 344 4694 ρίαν.
384 4641 403 4675 ι
436 4622 500 4675 El
527 4621 584 4675 δὲ
613 4622 706 4675 ἐπὶ
728 4621 831 4676 τοῦ
857 4620 990 4675 Υἱοῦ
1011 4622 1105 4676 καὶ
1137 4622 1311 4675 ταῦτα
1334 4623 1597 4694 φήσουσιν
1626 4623 1774 4696 εἰρῆ-

194 4714 345 4776 σθαι,
398 4715 493 4768 καὶ
542 4712 770 4778 ἄκοντες
826 4712 977 4783 αὐτῷ
1032 4714 1470 4785 μαρτυρήσουσιν
1524 4715 1615 4769 ὅτι
1658 4716 1773 4779 τοῖς

194 4804 494 4874 κτίσμασιν
532 4805 634 4858 οὐκ
657 4805 805 4859 εστιν
834 4806 1105 4877 ὀμοφυὴς,
1146 4809 1174 4860 6
1207 4807 1331 4870 τοὺς
1364 4806 1553 4875 ἁγίους
1577 4806 1776 4862 διασώ-

192 4894 326 4962 ζων,
353 4899 647 4969 καταφυγή
669 4915 730 4951 τε
753 4900 938 4963 αὐτοῖς
966 4901 1061 4954 καὶ
1091 4900 1267 4971 σκέπη
1297 4900 1640 4972 φαινόμενος.
1665 4901 1785 4955 Kal

190 4982 354 5042 τοῦτο
372 4986 484 5058 γάρ
515 4987 671 5044 ἔσται
702 4989 849 5063 μόνῳ
881 4988 1091 5062 πρέπον
1116 4990 1255 5061 Θεῷ.

190 5187 405 5261 ΑΔᾼΟ,
427 5189 514 5255 εις
544 5188 634 5254 τὸ,
653 5208 683 5261 _r
717 5188 993 5261 Τοσούτῳ
1010 5191 1291 5259 κρείττων
1314 5192 1631 5261 γενόμενος
1652 5191 1772 5245 τῶν

144 5305 154 5325 ,
260 5258 554 5332 ἀγγέλων,
589 5277 608 5311 ι
642 5257 731 5332 ὅτι
772 5259 841 5314 τὸ
871 5277 891 5311 ι
934 5257 1272 5332 τενόμενος,
1312 5257 1331 5314 ἰ
1360 5257 1629 5316 οιῗκατὰ
1657 5262 1770 5332 τῆς

262 5330 483 5393 οὐσίας
516 5329 797 5398 φυσητέον.

264 5441 331 5495 El
372 5441 436 5495 τὸ
466 5459 487 5494 r
519 5442 813 5514 γενόμενος
856 5462 877 5497 ι
913 5444 1132 5508 πάντως
1187 5446 1443 5517 σημαίνει
1477 5446 1625 5511 τινὸς
1670 5445 1775 5518 τὴν

187 5535 302 5589 ἀπὺ
328 5532 427 5588 τοῦ
455 5533 531 5605 μὴ
559 5534 713 5599 ὄντος
733 5538 815 5601 είς
842 5537 904 5589 τὸ
936 5532 1073 5591 εἶναι
1106 5537 1361 5609 πάροδον,
1401 5538 1495 5592 καὶ
1522 5538 1609 5593 ἀεὶ
1628 5539 1768 5594 κατὰ

263 5688 499 5743 ’⁵11ρ1π.
530 5704 568 5754 t,
610 5689 664 5747 5.
740 5692 788 5722 "
819 5690 1005 5747 Matth.
1047 5708 1119 5757 tv,
1162 5693 1249 5749 ll.

1327 5694 1394 5725 "‘
1424 5692 1565 5750 Psal.
1600 5711 1757 5761 nm,
1792 5696 1946 5751 7—10.

1868 1736 2165 1791 nistrantes
2192 1735 2263 1791 ei.
2302 1736 2561 1791 Dicentur
2587 1746 2718 1792 vero
2748 1738 2911 1793 etiam
2947 1738 3123 1806 angeli
3168 1739 3445 1808 imperau-

1868 1836 1971 1893 tes,
2012 1838 2072 1882 ut
2118 1824 2289 1884 Filius
2317 1845 2332 1882 :
2366 1847 2385 1882 ι
2417 1829 2528 1900 Ego
2577 1837 2758 1884 autem
2811 1829 2963 1885 Vobis
2991 1830 3113 1885 dico
3146 1849 3160 1885 :
3193 1850 3211 1884 ι
3241 1832 3335 1886 sed
3378 1846 3446 1886 ne

1868 1920 1973 1975 hoc
2021 1920 2241 1989 quidem
2298 1921 2482 1975 dicere
2533 1936 2629 1976 eos
2691 1922 2994 1990 comperias
3031 1938 3045 1974 :
3084 1921 3178 1976 sed
3227 1921 3443 1991 potius;

1871 2028 1891 2061 ι
1923 2008 2117 2065 Missus
2156 2026 2275 2065 sum
2309 2011 2452 2082 loqui
2486 2014 2553 2065 atl
2594 2021 2666 2066 te.
2708 2029 2727 2062 ι
2770 2011 2947 2080 Atque
2992 2012 3046 2065 lti
3075 2011 3292 2081 quidem
3340 2013 3445 2065 tui-

1867 2103 2126 2169 nistrant,
2169 2104 2295 2159 huic
2320 2118 2452 2158 vero
2507 2102 2887 2157 ministratur:
2919 2120 2938 2153 ι
2976 2101 3113 2157 Ecce
3161 2103 3331 2167 enim,
3362 2103 3445 2158 in-

1867 2196 2005 2265 quit,
2052 2196 2227 2267 angeli
2274 2195 2545 2268 progressi
2602 2194 2983 2249 ministrabant
3027 2195 3170 2252 ci".
3201 2215 3220 2246 ο
3267 2196 3445 2266 Atque

1868 2288 1959 2343 hie
1990 2289 2205 2359 quidem
2238 2298 2321 2344 est
2365 2288 2614 2349 Greater,
2654 2287 2704 2341 bi
2750 2303 2879 2343 vero
2927 2302 3020 2357 per
3054 2287 3228 2356 ipsum
3271 2286 3443 2341 creati

1867 2389 2028 2443 sunt;
2067 2379 2123 2433 bi
2151 2380 2401 2445 adorant,
2432 2378 2521 2433 ille
2547 2379 2840 2444 adorator;
2870 2376 3044 2448 angeli
3074 2387 3259 2448 portas
3286 2378 3446 2431 caelo-

1869 2488 1990 2528 rum
2015 2471 2204 2528 tollere
2221 2471 2497 2543 iubentur,
2525 2472 2642 2542 ipse
2668 2486 2795 2527 vero
2826 2471 3127 2540 ingreditur
3165 2472 3233 2526 σι’
3260 2473 3445 2526 Denti-

1869 2581 1976 2627 nus
1999 2572 2350 2633 petestatum,
2382 2574 2442 2620 ut
2468 2581 2563 2620 rex
2585 2564 2771 2636 gloria:
2786 2564 2854 2596 “'
2876 2581 2893 2631 ;
2916 2565 3089 2635 angeli
3129 2564 3294 2636 209
3323 2565 3447 2622 vitae

1868 2659 2159 2730 participes
2194 2657 2330 2713 ﬁunt
2371 2674 2401 2711 a
2448 2657 2596 2713 Deo:
2626 2658 2714 2711 hic
2751 2672 2881 2713 vero
2905 2657 3034 2711 vitae
3073 2656 3301 2727 largitor
3337 2670 3446 2725 est,

1868 2752 2098 2820 ipsemet
2127 2750 2235 2805 vita
2265 2749 2521 2804 omnibus
2542 2749 2834 2805 exsistens.
2863 2746 2962 2803 llic
2988 2748 3121 2803 dicit
3150 2765 3166 2802 :
3206 2768 3225 2801 ι
3255 2749 3366 2821 Ego
3392 2760 3450 2805 et

1868 2843 2030 2900 Pater
2052 2860 2218 2899 unum
2238 2860 2429 2900 sumus
2448 2842 2525 2910 ";
2555 2862 2575 2895 ι
2610 2852 2665 2897 et
2692 2859 2708 2898 ι
2742 2861 2761 2894 ι
2786 2842 2888 2909 Qui
2923 2843 3055 2897 vidit
3084 2858 3192 2909 me,
3226 2845 3363 2899 vidit
3393 2852 3450 2899 et

1870 2938 2090 2994 Patrem
2117 2939 2198 3007 ²⁸;
2230 2956 2251 2991 ι
2304 2948 2360 2993 et
2395 2955 2409 2992 :
2459 2956 2479 2990 ι
2506 2937 2697 2993 Omnia
2739 2951 2861 3008 quae
2906 2937 3073 2992 habet
3118 2936 3281 2992 Pater
3329 2955 3448 2994 mea

1872 3042 2000 3086 sunt
2022 3032 2092 3085 ²⁹.
2125 3052 2144 3084 ι
2181 3040 2256 3099 et,
2290 3048 2309 3082 ι
2339 3030 2452 3100 Ego
2479 3046 2597 3084 sum
2631 3031 2722 3083 lux
2768 3030 2952 3085 mundi
2974 3030 3056 3095 '°;
3090 3048 3110 3083 ι
3144 3040 3199 3087 et
3233 3044 3249 3084 :
3284 3050 3303 3083 ι
3337 3031 3451 3103 Ego

1871 3138 1989 3180 sum
2016 3122 2343 3179 resurrectio
2370 3132 2427 3177 et
2475 3122 2585 3176 vita
2611 3123 2690 3190 ³¹;
2724 3142 2743 3175 t
2790 3122 2968 3192 angeli
2992 3133 3196 3189 autem,
3238 3124 3449 3194 ejusce-

1871 3216 2015 3272 modi
2064 3216 2245 3271 dicere
2292 3224 2398 3270 non
2445 3216 2664 3270 audent.
2705 3204 2975 3271 Praeterea
3029 3215 3075 3271 sl
3122 3215 3174 3271 in
3231 3216 3451 3273 nomine

1871 3309 1996 3365 Filii
2040 3309 2402 3375 oraverimus,
2437 3320 2775 3379 quaecunque
2825 3310 3165 3379 petierimus,
3214 3312 3450 3381 accipie-

1872 3400 2093 3469 mus”;
2129 3404 2180 3457 in
2214 3403 2435 3457 nomine
2463 3410 2645 3456 autem
2680 3401 3017 3473 angelorum,
3060 3417 3219 3457 nemo
3256 3417 3451 3458 orave-

1871 3496 1964 3551 rit.
1998 3495 2063 3551 Et
2088 3494 2228 3551 Filio
2250 3494 2469 3566 quidem
2500 3509 2606 3549 una
2641 3500 2763 3549 cum
2796 3492 2960 3549 Patre
2988 3495 3154 3564 gloria
3189 3496 3448 3563 debetur;

1875 3589 2082 3659 angelis
2109 3604 2243 3645 vero
2273 3588 2442 3658 gloria
2494 3603 2604 3643 non
2635 3586 2903 3653 defertur,
2941 3589 3033 3643 sed
3073 3588 3251 3657 potius
3290 3589 3449 3657 glori-

1878 3684 2043 3739 ﬁcant
2068 3681 2263 3737 Filium
2298 3697 2421 3736 eum
2460 3679 2642 3738 Patre.
2668 3677 2951 3746 Quomodo
2988 3680 3152 3751 igitur
3179 3696 3301 3735 eum
3331 3690 3451 3735 tan-

1877 3788 1995 3831 tum
2020 3776 2093 3831 sit
2128 3775 2419 3831 discrimen
2451 3774 2593 3828 imer
2618 3772 2837 3842 angelos
2868 3778 2925 3828 et‘
2960 3770 3179 3839 Filium,
3209 3772 3448 3843 ejusdem

1872 3868 2129 3923 essentia!
2169 3878 2293 3923 esse
2333 3866 2723 3931 censebuntur,
2774 3876 2897 3920 cum
2928 3865 2980 3920 id
3009 3864 3153 3919 nulla
3199 3865 3337 3919 ratio
3364 3862 3450 3919 fe-

1873 3960 1995 4016 rat?
2024 3959 2251 4014 Natura?
2276 3960 2421 4013 enim
2466 3957 2774 4013 dill'erentia
2814 3964 3166 4027 personarum
3203 3956 3449 4029 dignitati

1873 4053 2225 4122 proportione
2252 4052 2485 4123 quadam
2519 4050 2828 4121 respondet.

2086 4248 2317 4315 ALIUD,
2353 4252 2496 4321 quod
2526 4249 2687 4321 etiam
2710 4248 2775 4302 de
2812 4244 2976 4302 Patre
3003 4248 3232 4310 elidatur,

2468 4339 2487 4371 ι
2529 4319 2703 4389 factus
2728 4328 2826 4373 est.
2860 4336 2879 4370 ι

1949 4431 2234 4487 Psalmista
2255 4431 2431 4502 inquit
2461 4447 2476 4485 :
2510 4448 2530 4482 ι
2563 4429 2690 4484 Fias
2717 4429 2846 4484 milii
2877 4430 2929 4483 in
2978 4428 3148 4484 Deum
3177 4432 3452 4499 protectae

1878 4541 1993 4582 rem
2027 4526 2105 4592 ⁸³;
2136 4534 2241 4579 ret
2261 4539 2482 4579 rursum
2519 4538 2531 4570 :
2571 4539 2596 4574 r
2641 4522 2841 4578 Factus
2874 4530 2958 4576 est
3018 4521 3153 4576 mihi
3208 4523 3261 4577 in
3303 4523 3451 4577 salui-

1877 4625 1985 4671 tem
2010 4615 2078 4670 “.
2114 4638 2141 4669 ιν
2169 4614 2323 4682 Quod
2350 4614 2397 4669 si
2436 4614 2502 4669 de
2530 4611 2669 4669 Filio
2713 4614 2828 4667 hac
2874 4612 3027 4667 dictat
3050 4627 3170 4667 esse
3227 4622 3453 4669 conten-

1878 4708 2033 4772 dant,
2078 4707 2245 4763 etiam
2329 4706 2577 4761 nolentes
2651 4702 2994 4759 testabantur
3037 4704 3180 4774 quod
3264 4704 3312 4760 is
3356 4706 3449 4776 qui

1874 4810 2099 4857 sanctos
2143 4799 2380 4870 protegit
2432 4807 2502 4854 et
2528 4806 2835 4860 conservat,
2859 4812 2965 4852 non
2988 4798 3058 4853 sit
3079 4797 3320 4866 ejusdem
3352 4813 3451 4854 na-

1876 4903 2019 4950 tura
2043 4908 2165 4948 cum
2222 4893 2541 4958 creaturis;
2586 4906 2709 4946 cum
2756 4891 2889 4960 ipsis
2943 4890 3208 4960 refugium
3282 4900 3451 4959 atque

1876 4984 2123 5040 defensio
2150 4999 2269 5041 esse
2298 4994 2573 5041 cernatur.
2604 4982 2719 5040 Hoc
2740 4983 2892 5039 enim
2943 4985 3043 5039 soli
3113 4982 3225 5040 Deo
3250 4998 3450 5041 conve—

1875 5079 1977 5133 nit.

1874 5189 2106 5255 ALIUD,
2138 5192 2275 5260 quod
2305 5192 2357 5244 in
2383 5190 2477 5244 illo
2506 5190 2647 5244 dicto
2668 5207 2689 5256 ;
2749 5206 2771 5241 ι
2815 5188 2983 5245 Tanto
3045 5190 3233 5243 melior
3272 5188 3448 5258 factus

1943 5274 2020 5316 eu
2046 5262 2267 5330 angelis,
2307 5279 2326 5313 ι
2360 5263 2570 5315 verbum
2595 5278 2614 5312 ι
2655 5261 2828 5330 [actus
2860 5272 2938 5315 est
2980 5278 2998 5311 ι
3041 5276 3144 5315 non
3182 5261 3246 5315 de
3272 5275 3449 5315 essen-

1938 5335 2015 5387 tia
2053 5331 2447 5401 intelligendum
2466 5339 2563 5387 est.

1944 5445 2000 5501 Si
2038 5464 2055 5498 ι
2104 5445 2397 5514 ΐίιειιιεςεςι
2428 5462 2447 5495 ι
2493 5458 2708 5514 semper
2744 5444 2966 5501 omnino
3021 5445 3291 5516 signiﬁcat
3343 5445 3446 5502 ali-

1873 5539 2001 5609 quid
2029 5553 2058 5591 a
2089 5536 2258 5594 nihilo
2291 5536 2358 5591 ad
2392 5550 2513 5592 esse
2546 5537 2892 5603 translatum,
2923 5542 2977 5594 et
3006 5553 3222 5609 semper
3252 5554 3313 5595 ea
3342 5554 3446 5597 vox

2024 5696 2067 5725 "
2093 5694 2335 5765 δαίδων,
2367 5692 2457 5747 50.
2488 5764 2493 5765 γ
2534 5693 2577 5725 ⁸⁸
2602 5693 2756 5765 Joan.
2789 5710 2902 5765 xlv,
2927 5695 2979 5750 9.
3056 5697 3103 5727 ¹⁹
3136 5695 3293 5753 Joan.
3326 5710 3440 5765 ut,

192 5762 285 5816 15.
360 5760 406 5792 ³⁰
435 5758 592 5815 Joan.
630 5774 747 5827 rut,
777 5759 865 5819 ﬂ.
936 5762 977 5793 "
1016 5761 1173 5818 Joau.
1218 5780 1295 5825 xi,
1325 5763 1413 5819 25.
1492 5766 1535 5798 ³¹
1564 5758 1767 5821 διδωμι

1904 5768 1992 5822 15.
2069 5766 2113 5797 ³³
2154 5763 2296 5820 Psal.
2322 5758 2455 5829 ω,
2484 5764 2538 5819 5.
2614 5765 2658 5798 ”
2690 5764 2833 5824 Psal.
2865 5758 3034 5825 exvn.
3074 5767 3141 5821 14
