3878 6208
463 348 577 411 555

463 477 533 535 de
557 477 857 535 substantia
884 476 1233 549 intelligenda
1258 484 1375 543 est;
1412 475 1737 546 quibusnam
1770 473 1906 529 dixit
1936 471 2034 525 Pa-
2068 475 2110 530 Α

460 576 549 625 ter
582 584 594 620 :
629 587 647 620 ι
691 564 860 622 Fiatis
883 569 1258 622 misericordes
1278 568 1420 622 sicut
1443 566 1603 621 Pater
1641 574 1821 620 vester
1872 565 2035 618 caele—

465 661 563 718 stis
597 661 909 716 misericors
944 670 1027 714 est
1055 658 1140 712 "?
1173 676 1192 712 ι
1245 659 1305 713 Si
1363 658 1506 714 enim
1561 667 1720 713 erant
1747 656 1859 726 jam
1887 656 1924 710 ii
1971 654 2039 709 ad

461 768 601 823 quos
633 769 812 809 sermo
843 753 933 807 ille
981 752 1199 807 habitus
1257 751 1381 817 fuit,
1442 749 1714 821 quomodo
1770 749 1885 803 haec
1910 762 2036 812 vox,

461 847 862 917 ﬁeri,‘semper
900 846 1171 917 signiticet
1218 845 1614 899 traductionem
1635 843 1702 898 ad
1740 842 1897 897 esse?
1936 839 2044 895 Ne-

459 952 565 1007 que
597 937 741 993 enim
778 937 830 991 id
857 953 1001 1004 quoo
1040 937 1151 1008 jam
1198 947 1301 1001 est,
1338 935 1432 991 sed
1494 935 1638 1004 quod
1686 948 1792 987 non
1843 941 1946 995 est,
1972 932 2039 986 ad

459 1044 581 1083 esse
613 1029 936 1085 traducitur.
968 1029 1024 1084 Si
1094 1037 1275 1084 autem
1303 1029 1446 1097 ﬁeri,
1472 1042 1597 1083 cum
1626 1028 1693 1081 de
1741 1027 1905 1081 rebus
1929 1026 2038 1095 jam

459 1122 846 1178 exsistentibus
867 1123 1087 1185 dicitur,
1147 1138 1253 1177 non
1312 1122 1526 1175 initium
1592 1121 1860 1189 quoddam
1896 1118 2043 1172 exsi-

458 1213 641 1268 stendi
672 1215 727 1267 in
754 1213 890 1284 ipsis
918 1213 1208 1285 significat,
1244 1214 1338 1269 sed
1364 1214 1543 1282 potius
1562 1213 1913 1267 mutationem
1943 1211 2046 1264 ali-

463 1302 618 1371 cujus
647 1304 699 1359 in
730 1305 957 1373 aliquid,
996 1304 1141 1359 nulla
1181 1313 1330 1360 certe
1376 1305 1518 1360 ratio
1552 1314 1709 1375 coget
1732 1303 1868 1357 utin
1902 1301 2041 1356 Filio

460 1393 576 1460 Dei,
642 1413 663 1447 ι
723 1396 901 1452 factus
943 1404 1045 1461 est,
1121 1414 1140 1447 ι
1211 1395 1506 1451 essentiam
1593 1395 1764 1463 ipsius
1834 1392 2044 1464 signiﬁ-

458 1494 565 1540 εει.

661 1630 828 1701 210
896 1594 1477 1687 ASSERTIO
1552 1597 1819 1684 XXI.

459 1739 527 1794 In
560 1742 756 1813 dictum
782 1743 917 1796 illud
935 1743 1171 1811 Apostoli
1192 1760 1212 1798 :
1245 1764 1265 1798 ι
1294 1742 1634 1801 Considerate
1657 1744 1955 1813 apostolum
1989 1754 2039 1797 et

524 1811 831 1885 pontiﬁcatu
853 1814 1194 1885 confessionis
1246 1826 1440 1869 nostra:
1480 1811 1700 1885 Iesum,
1739 1815 1825 1885 qui
1868 1814 2038 1885 ﬁdeiis
2068 1819 2112 1875 Β

523 1892 595 1957 est
614 1883 662 1934 ei
682 1884 771 1951 qui
804 1882 922 1957 fecit
952 1886 1123 1951 ipsum
1152 1884 1234 1937 “z
1267 1904 1285 1937 ι
1312 1901 1378 1938 ea:
1403 1882 1907 1957 quoinfertur'quOd
1938 1882 2033 1937 Fi-

525 1951 627 2005 lius
661 1968 763 2005 non
791 1956 859 2006 sit
892 1969 1044 2022 aput,
1079 1965 1169 2008 aut
1187 1951 1453 2009 creatura.

528 2128 585 2184 Si
617 2128 787 2186 Filius
815 2138 900 2186 est
950 2138 1225 2196 creatura,
1275 2145 1501 2188 necesse
1542 2140 1628 2188 est
1671 2129 1833 2186 fateri
1863 2132 2036 2202 ipsum

455 2222 619 2277 etiam
653 2238 774 2279 esse
799 2239 962 2278 unum
988 2223 1189 2288 aliquid
1217 2223 1283 2279 ex
1310 2224 1564 2281 omnibus
1586 2264 1601 2290 ,
1631 2238 1809 2296 neque
1836 2224 2039 2279 habere

458 2314 675 2368 deitatis
705 2315 1142 2385 prterogativam,
1181 2315 1435 2370 nimirum
1470 2330 1684 2387 semper
1738 2317 2029 2372 exsistere.

455 2406 587 2461 Atsi
615 2407 718 2462 hoc
748 2421 937 2461 verum
964 2417 1069 2474 est,
1106 2408 1287 2463 omnia
1316 2416 1496 2463 autem
1566 2408 1712 2464 facta
1756 2420 1883 2465 sunt
1940 2422 2040 2479 per

454 2496 678 2565 Filium,
715 2507 771 2553 et
792 2498 911 2554 sine
942 2499 1058 2568 ipso
1087 2498 1292 2554 factum
1319 2510 1403 2556 est
1447 2500 1584 2555 nihil
1624 2501 1670 2533 ³⁷
1691 2519 1705 2568 ;
1730 2515 1861 2573 ergo
1893 2502 2034 2557 Ver-

456 2590 583 2644 bum
636 2591 874 2661 seipsum
907 2601 1076 2646 creat.
1102 2589 1211 2647 Sed
1267 2607 1377 2663 quo
1399 2602 1555 2664 pacto
1581 2594 1752 2664 possit
1788 2594 1842 2649 id
1894 2596 2036 2663 quod

454 2684 693 2740 nondum
722 2685 956 2751 exsistit,
986 2685 1224 2753 seipsum
1248 2685 1315 2741 ad
1341 2701 1464 2741 esse
1502 2685 1825 2742 traducere?
1856 2687 1927 2741 At
1987 2686 2035 2741 si

454 2778 560 2835 hoc
631 2778 966 2847 impossibile
1019 2790 1145 2844 est,
1182 2796 1289 2836 non
1347 2789 1431 2836 est
1493 2782 1661 2851 igitur
1688 2780 1861 2838 Filius
1891 2796 2033 2837 unus

453 2886 522 2925 ex
545 2871 823 2937 omnibus,
856 2885 943 2938 ne,
973 2872 1018 2927 si
1054 2871 1307 2928 omnibus
1330 2883 1743 2939 annumeretur,
1777 2888 1933 2929 suum
1957 2874 2037 2945 ip-

450 2963 566 3018 sius
596 2976 731 3032 opus
756 2976 877 3018 esse
919 2963 1182 3018 videatur.

1118 3075 1280 3133 ALlU
1294 3077 1358 3133 D.

525 3188 586 3246 Si
626 3189 802 3249 Filius
834 3200 920 3248 est
943 3201 1196 3248 creatura
1226 3212 1241 3249 ;
1272 3203 1498 3250 vocatur
1522 3207 1702 3251 autem
1732 3205 1788 3251 et
1831 3207 1917 3253 est
1945 3213 2030 3253 sa-
2057 3161 2102 3222 C

452 3283 657 3353 pientia
677 3283 855 3341 Patris
872 3286 939 3353 ³⁸,
962 3287 1054 3357 qui
1086 3287 1268 3343 omnia
1288 3287 1341 3342 in
1361 3289 1628 3359 sapientia
1651 3290 1782 3346 fecit
1799 3292 1842 3323 ³³
1865 3311 1879 3347 :
1902 3308 2033 3362 ergo

451 3376 715 3445 sapientia
741 3378 976 3447 seipsam
996 3378 1147 3437 fecit.
1170 3381 1243 3435 At
1267 3381 1313 3436 si
1343 3382 1448 3437 hoc
1476 3382 1767 3439 absurdum
1785 3395 1891 3452 est,
1923 3400 2028 3441 non

449 3475 535 3520 est
558 3480 686 3538 ergo
711 3478 960 3522 creatura
1000 3468 1194 3535 Filius,
1244 3471 1346 3527 hoc
1379 3480 1485 3541 est,
1521 3475 1785 3545 sapientia
1829 3475 2029 3542 Patris,

453 3572 521 3613 ne
542 3559 777 3629 seipsam
802 3574 1018 3616 creasse
1049 3562 1280 3617 dicatur.

1128 3676 1359 3736 ALIUD.

520 3762 577 3818 Si
605 3762 774 3820 Filius
798 3775 884 3821 est
910 3765 1120 3835 factus;
1146 3782 1370 3827 vocatur
1399 3782 1579 3828 autem
1607 3784 1662 3831 et
1681 3784 1765 3831 est
1788 3780 2026 3846 potentia

449 3865 505 3910 et
556 3857 819 3925 sapientia
857 3859 949 3913 Dei
974 3862 1069 3913 ⁸ος
1114 3861 1215 3916 fuit
1254 3879 1382 3933 ergo
1441 3874 1655 3936 tempus
1706 3867 1922 3940 aliquod
1947 3870 2024 3941 [in

448 3963 556 4017 quo
589 3949 729 4005 Deus
762 3953 999 4021 potentia
1026 3964 1081 4009 et
1108 3956 1369 4025 sapientia
1399 3960 1571 4013 caruit
1597 3978 1613 4028 ;
1638 3961 1890 4017 nimirum
1917 3980 2024 4018 non

449 4132 529 4188 fit.
555 4136 624 4186 At
660 4133 819 4189 Pater
854 4151 1067 4205 semper
1086 4150 1205 4195 erat
1264 4144 1480 4212 sapiens
1527 4154 1581 4199 et
1625 4156 1838 4216 potens.
1896 4148 2028 4203 Erat

447 4225 629 4295 itaque
650 4238 704 4282 et
740 4226 912 4285 Filius
951 4232 1042 4301 qui
1082 4233 1196 4288 haec
1221 4234 1320 4304 ipsi
1357 4242 1461 4289 est.

1119 4345 1353 4403 ALIUD.

518 4433 575 4488 Si
614 4434 785 4489 Filius
806 4445 889 4491 est
921 4446 1193 4505 creatura,
1227 4454 1353 4494 vere
1382 4450 1560 4497 autem
1618 4444 1790 4500 dicit:
1841 4465 1860 4499 ι
1920 4446 2021 4514 Qui

443 4527 578 4581 vidit
614 4544 721 4592 me,
750 4529 887 4583 vidit
913 4529 1129 4586 Patrem
1166 4546 1345 4587 meum
1378 4534 1478 4598 ’δίη
1514 4536 1567 4590 in
1592 4546 1840 4592 creatura
1866 4554 2023 4610 appa-

444 4632 528 4674 ret
560 4621 740 4690 imago
780 4621 980 4689 Patris,
1013 4624 1294 4695 archetypi
1321 4626 1437 4680 sivc
1488 4629 1816 4698 exemplaris
1838 4632 1918 4685 sui
1951 4633 2027 4686 si-

444 4712 802 4768 militudinem
826 4714 1090 4771 referens.
1126 4718 1277 4784 Quod
1310 4721 1355 4773 si
1409 4720 1482 4774 ita
1511 4731 1616 4787 est,
1650 4723 1796 4777 nulla
1827 4734 1911 4780 est
1937 4726 2024 4779 in-

444 4813 528 4856 ter
548 4812 855 4859 creaturam
881 4816 937 4861 et
970 4806 1139 4863 Deum
1161 4809 1502 4879 diﬂ‘erentia;
1535 4814 1642 4868 imo
1691 4831 1823 4871 vero
1854 4818 2022 4875 etiam

445 4895 560 4963 ipse
590 4896 697 4949 erit
725 4908 996 4954 creatura.
1024 4902 1191 4972 Atqui
1222 4905 1266 4958 si
1292 4914 1539 4959 creatura
1562 4922 1667 4963 non
1694 4920 1797 4975 est,
1856 4926 2025 4982 appa-

443 4997 718 5044 retautem
756 5000 899 5047 totus
920 4991 974 5047 in
1000 4993 1169 5061 Filio;
1206 5012 1314 5051 non
1344 5006 1427 5053 est
1462 5014 1592 5070 ergo
1617 5012 1866 5059 creatura
1924 5003 2020 5060 Fi-

440 5078 545 5136 lius
571 5082 661 5151 qui
688 5093 771 5138 est
789 5084 966 5155 imago
996 5086 1200 5143 Patris.

1100 5202 1331 5261 ALIUD.

511 5292 570 5361 Si
592 5308 760 5364 Filius
789 5320 873 5364 est
899 5324 1171 5381 creatura,
1209 5334 1331 5373 cum
1368 5320 1532 5378 Pater
1558 5325 1734 5383 factus
1762 5344 1864 5385 non
1899 5333 2013 5387 sit:

435 5396 568 5453 dicit
587 5416 713 5456 vero
742 5404 808 5458 de
834 5405 1045 5474 seipso:
1086 5427 1105 5459 ι
1147 5410 1245 5475 Qui
1278 5413 1410 5468 vidit
1440 5432 1547 5482 me,
1582 5419 1712 5472 vidit
1738 5420 2009 5490 Patrem,»

435 5493 706 5558 quomodo
735 5495 790 5549 in
819 5511 883 5551 eo
914 5501 1056 5567 quod
1096 5500 1254 5571 211
1328 5517 1567 5563 creatum
1633 5523 1736 5577 est,
1765 5514 1815 5568 id
1870 5519 2012 5584 quod

434 5594 679 5639 creatum
706 5603 809 5642 non
840 5600 923 5644 est
941 5594 1255 5651 omnimodc
1281 5600 1601 5667 apparebit?
1623 5605 1682 5660 Et
1710 5607 1757 5660 si
1792 5619 2008 5664 creatu-

1504 354 1562 409 S.
1602 349 1878 407 CYRILLI
1918 346 2387 406 ALEXANDRINI
2427 354 2747 411 ARCHIEP.

3620 368 3723 425 556

2138 497 2236 566 τῆς
2265 498 2451 562 οὐσίας
2491 501 2525 570 ἡ
2569 501 2709 567 λέξις
2746 502 3024 573 τάττεται,
3052 506 3193 560 τίσιν
3230 507 3414 576 ἔλεγεν
3441 510 3470 562 6
3502 510 3719 582 Σωτήρ”

2146 606 2164 639 ‹
2198 588 2417 643 Γίνεσθε
2462 594 2824 665 οἰκτίρμονες,
2867 598 3049 662 καθὼς
3092 600 3186 654 καὶ
3227 602 3256 652 6
3291 602 3480 673 Πατὴρ
3514 604 3665 673 ὑμῶν
3690 606 3710 636 ³

2139 681 2389 750 οὐράνιος
2421 684 2720 756 οἰκτίρμων
2748 687 2923 754 ὲστίν;
2962 707 2982 740 ι
3010 689 3075 741 Εἰ
3103 691 3202 761 μὲν
3226 686 3318 744 οὖν
3352 692 3593 762 ὑπῆρχον
3620 694 3718 762 ἤδη

2140 772 2277 842 πρὸς
2302 773 2396 837 οὓς
2417 770 2485 846 ἦν
2511 778 2542 829 ό
2572 776 2747 845 λόγος,
2783 779 2899 845 πῶς
2932 780 2998 834 ἂν
3029 783 3284 853 σημαίνοι
3314 784 3529 847 πάντως
3555 785 3615 837 τὸ
3638 786 3723 855 τί-

2139 870 2353 921 νεσθαι
2384 867 2482 939 τὴν
2514 872 2595 933 είς
2621 871 2682 922 τὸ
2723 867 2865 924 εἶναι
2897 874 3166 943 πάροδον;
3207 876 3280 928 Οὐ
3317 877 3424 948 γὰρ
3448 878 3513 930 ἂν
3548 878 3719 948 δήπου

2140 959 2201 1012 τὸ
2235 960 2334 1031 ἤδη
2370 960 2428 1014 ὃν
2452 963 2533 1025 είς
2569 962 2630 1016 τὸ
2657 958 2799 1017 εἶναι
2828 966 3065 1037 φέροιτο,
3103 968 3239 1022 ἀλλὰ
3268 968 3331 1021 τὸ
3365 971 3438 1040 μὴ
3470 970 3548 1022 ὅν.
3572 970 3646 1024 Et
3667 970 3721 1023 δὲ

2142 1054 2286 1107 κατὰ
2312 1054 2420 1106 τῶν
2465 1055 2635 1110 ὄντων
2666 1057 2727 1109 τὸ
2771 1060 3044 1126 γίνεσθαι
3089 1062 3365 1131 κείμενον,
3410 1063 3509 1115 οὐκ
3551 1062 3721 1133 ἀρχήν

2141 1161 2263 1198 τινα
2298 1146 2554 1216 σημαίνει
2584 1148 2685 1219 τῆς
2725 1150 3014 1222 ὑπάρξεως
3048 1153 3275 1217 τούτων,
3307 1154 3441 1208 ἀλλὰ
3475 1155 3574 1224 τὴν
3616 1154 3722 1206 ἀπό

2140 1252 2287 1298 τινος
2325 1237 2405 1300 είς
2449 1256 2501 1291 τι
2530 1240 2859 1314 μεταϐολὴν,
2884 1244 3060 1308 οὐδεὶς
3104 1247 3408 1317 ἀναγκάσει
3435 1246 3592 1315 λόγος
3631 1247 3721 1298 ἐπὶ

2141 1327 2236 1379 τοῦ
2266 1328 2395 1382 Υἱοῦ
2439 1331 2532 1384 τοῦ
2563 1332 2721 1402 Θεοῦ,
2747 1335 2809 1388 τὸ
2839 1355 2859 1388 ι
2908 1338 3201 1409 γενόμενος
3237 1358 3255 1391 ι
3288 1338 3388 1412 τῆς
3436 1338 3721 1408 ὑπάρξεως

2142 1413 2282 1472 εἶναι
2319 1425 2674 1492 σημαντικόν.

2612 1615 2977 1704 ΛΟΓΟΣ
3049 1622 3203 1705 ΚΑ
3225 1683 3247 1704 .

2137 1768 2242 1833 Εἰς
2261 1769 2354 1851 ’τὸ
2385 1841 2397 1851 _
2415 1771 2757 1851 Mithram?
2796 1775 3162 1851 'A_:zoo'tdlop
3182 1796 3196 1810 ο
3240 1797 3258 1829 ι
3295 1782 3725 1851 Κατανοήσατε

2365 1841 2714 1925 diciora/lor
2759 1846 2867 1925 καὶ.
2910 1848 3208 1925 ἀρχιερέαέ
3248 1849 3359 1918 τῆς
3380 1838 3724 1925 ,ὀμολόγῖιιξ

2208 1909 2378 1989 ἡμῶν
2419 1912 2671 1989 Ἰησοῦν,
2695 1917 2914 1989 πιστόν
2944 1909 3092 1970 όῖτᾰ
3128 1914 3218 1989 7τῷ
3252 1909 3574 1989 ποὶήσὶιντι
3600 1909 3724 1979 ὀὑξ

2207 1980 2315 2063 τόν
2333 1995 2348 2010 ο
2391 1999 2410 2031 ι
2448 1982 2616 2063 ἐξ)⁸
2642 1988 3082 2057 συναγόμενον,
3114 1980 3205 2042 ὅτι
3232 1993 3302 2044 οὺ
3328 1980 3556 2063 ποίημα
3582 1997 3724 2050 οὐδὲ

2208 2050 2428 2121 κτίσμα
2458 2055 2492 2106 ό
2520 2055 2667 2120 Υἱός.

2207 2168 2272 2220 Ei
2312 2168 2524 2239 ποίημά
2549 2171 2700 2225 ἐστιν
2729 2173 2757 2225 6
2786 2172 2939 2237 Υἱὸς,
2970 2173 3030 2228 ἓν
3053 2191 3107 2227 τι
3135 2177 3229 2229 καὶ
3256 2177 3420 2230 αὐτὸν
3446 2174 3588 2232 εἶναι
3617 2181 3723 2233 τῶν

2138 2260 2357 2314 πάντων
2389 2262 2603 2333 ἀνάγκη
2639 2266 3091 2336 προσομολογεῖν,
3127 2268 3227 2322 οὐκ
3251 2269 3441 2340 ἔχοντα
3472 2270 3578 2341 τῆς
3604 2272 3721 2324 θεό-

2137 2367 2297 2420 τητος
2320 2350 2381 2403 τὺ
2413 2352 2711 2423 ἐξαίρετον,
2752 2356 2812 2409 τὸ
2837 2357 2945 2428 ράεὶ
2978 2352 3141 2424 εἶναι,
3183 2360 3347 2430 φημί.
3384 2362 3448 2415 Ei
3481 2362 3539 2414 δὲ
3564 2364 3722 2417 τοῦτο

2137 2444 2353 2514 ἀληθὲς,
2396 2447 2571 2501 πάντα
2600 2448 2657 2501 δὲ
2688 2450 2881 2518 γέγονε
2916 2451 2985 2505 δι’
3024 2451 3177 2517 Υίοῦ,
3209 2456 3305 2507 καὶ
3336 2456 3507 2527 χωρὶς
3556 2458 3719 2511 αὑτοῦ

2136 2533 2354 2601 ἐγένετο
2372 2535 2492 2588 οὐδὲ
2518 2536 2596 2601 ἒν,
2631 2539 2826 2592 ἑαυτὸν
2850 2540 2878 2592 6
2900 2540 3072 2609 Λόγος
3096 2540 3435 2613 δημιουργεῖ.
3470 2544 3583 2596 Καὶ
3610 2544 3720 2608 πῶς

2139 2624 2205 2678 ἂν
2233 2625 2500 2696 ἐνδέχοιτο
2526 2629 2692 2699 μήπω
2722 2629 2800 2697 ὃν,
2844 2631 3004 2684 ἑαυτὸ
3037 2633 3308 2704 παράγειν
3342 2636 3421 2697 είς
3447 2634 3508 2686 τὸ
3540 2630 3677 2687 εἶναι
3703 2652 3716 2699 ;

2137 2719 2199 2771 Εἰ
2220 2719 2276 2771 δὲ
2308 2719 2464 2773 τοῦτο
2496 2721 2776 2789 ἀδύνατον,
2808 2725 2909 2777 οὐκ
2948 2724 3057 2796 ἄρα
3090 2726 3148 2778 ἓν
3186 2727 3293 2779 τῶν
3330 2728 3551 2781 πάντων
3574 2730 3719 2781 ἐστὶν

2136 2810 2164 2862 6
2192 2813 2341 2879 Υἱὸς,
2375 2814 2462 2868 ἵνα
2511 2815 2588 2887 μὴ
2630 2820 2742 2883 τοῖς
2786 2821 2920 2873 πᾶσι
2959 2821 3479 2895 συναριθμούμενος,
3524 2824 3716 2877 ἑαυτοῦ

2137 2905 2399 2976 φαίνηται
2430 2907 2663 2978 ποίημα,

2818 3116 3025 3172 ΑΛΛΟ.

2207 3220 2269 3271 Εἰ
2298 3220 2507 3292 ποίημά
2534 3225 2682 3277 ἐστιν
2710 3227 2738 3278 6
2760 3226 2907 3292 Υίὸς,
2941 3228 3183 3284 καλεῖται
3210 3232 3267 3286 δὲ
3292 3235 3387 3287 καὶ
3410 3234 3530 3289 ἔστι
3553 3239 3731 3309 σοφία

2132 3312 2225 3364 τοῦ
2256 3314 2487 3383 Πατρὸς,
2516 3316 2575 3380 ὃς
2615 3318 2796 3371 πάντα
2840 3322 2899 3372 ὲν
2933 3323 3095 3395 σοφίᾳ
3132 3327 3410 3398 ἐποίησεν,
3456 3331 3713 3403 ἐαυτὴνή

2134 3406 2295 3473 σοφία
2320 3410 2479 3460 ποιεῖ.
2514 3409 2575 3461 Ei
2607 3410 2662 3463 δὲ
2703 3412 2861 3467 τοῦτο
2893 3416 3115 3482 ἄτοπον,
3146 3420 3247 3473 οὐκ
3284 3421 3401 3474 ἔστι
3444 3424 3659 3495 ποίημα
3685 3428 3713 3477 6

2133 3498 2281 3562 Υἱὸς,
2310 3500 2606 3568 τουτέστιν,
2636 3505 2668 3575 ἠ
2702 3506 2865 3576 σοφία
2896 3508 2990 3561 τοῦ
3027 3511 3257 3583 Πατρὺς,
3292 3515 3378 3568 ἵνα
3413 3517 3490 3588 μὴ
3515 3519 3713 3589 ἑαυτὴν

2133 3590 2457 3662 ἐργάζηται.

2812 3713 3015 3768 ΑΛΛΟ.

2200 3798 2263 3850 Ei
2292 3799 2518 3867 γέγονεν
2540 3802 2581 3869 _6
2611 3802 2759 3869 Υδὸς,
2800 3805 3048 3860 καλεῖται
3093 3808 3150 3861 δὲ
3182 3810 3276 3863 καὶ
3315 3810 3428 3865 ἔστι
3460 3812 3599 3867 Θεοῦ
3622 3816 3712 3868 δύ-

2130 3906 2295 3959 ναμις
2322 3890 2413 3943 καὶ
2435 3890 2571 3945 Θεοῦ
2627 3896 2810 3963 σοφία,
2851 3893 2920 3970 ἦν
2964 3900 3074 3969 ἄρα
3118 3903 3332 3973 χρόνος,
3376 3906 3435 3958 ὲν
3463 3899 3618 3979 ᾧπερ
3642 3906 3711 3979 ἦν

2128 3978 2330 4047 ἄσοςρός
2359 3999 2421 4034 τε
2451 3985 2545 4066 καὶ
2582 3985 2844 4052 ἀδύνατος
2875 3991 2904 4041 6
2928 3990 3083 4057 Θεὸς,
3129 3995 3230 4047 οὐκ
3261 3994 3411 4059 ὄντος
3452 3978 3609 4052 Υἱοῦ,
3639 3978 3711 4053 Τὸ

2127 4073 2237 4162 γὰρ
2263 4072 2478 4145 ποίημα
2506 4076 2723 4143 πάντως
2759 4082 2822 4135 ὲκ
2850 4082 2943 4136 τοῦ
2990 4086 3065 4157 μὴ
3089 4086 3241 4152 ὄντος
3270 4090 3501 4155 γίνεται.
3539 4094 3710 4162 Σοφὺς

2125 4163 2182 4217 δὲ
2208 4161 2277 4236 ἧν
2294 4166 2383 4219 ἀεὶ
2412 4170 2507 4221 καὶ
2551 4170 2776 4236 δυνατὸς
2808 4174 2837 4226 6
2864 4176 3074 4248 Πατήρ.
3106 4173 3215 4233 ’Ἦν
3240 4180 3350 4252 ἄρα
3378 4184 3471 4237 καὶ
3496 4161 3633 4249 Υἱὸς
3652 4184 3709 4249 ὃς

2124 4258 2299 4312 ταῦτά
2325 4260 2472 4314 ἐστιν
2496 4262 2667 4334 αὐτῷ.

2817 4384 3024 4441 ΑΛΛΟ.

2196 4466 2260 4519 El
2297 4468 2511 4541 ποίημά
2549 4474 2694 4527 ἐστιν
2718 4475 2746 4527 6
2775 4476 2926 4541 Υἱὸς,
2953 4479 3102 4548 λέγει
3135 4481 3193 4535 δὲ
3228 4483 3508 4556 ἀληθεύων
3530 4501 3547 4517 ⁶
3588 4508 3609 4541 ι
3652 4491 3707 4544 '0

2128 4557 2390 4629 ἑωρακὼς
2424 4563 2546 4632 ἐμὲ,
2594 4564 2806 4636 ἑώρακε
2849 4568 2942 4622 τὸν
2989 4572 3231 4643 Πατέρα·
3265 4594 3285 4627 ι
3337 4577 3395 4631 ὲν
3426 4580 3491 4648 τῇ
3530 4579 3707 4634 κτίσει

2126 4650 2374 4718 φαίνεται
2407 4654 2498 4706 τοῦ
2528 4656 2739 4729 Πατρὸς
2772 4661 2804 4729 ἡ
2855 4661 3040 4727 εἰκὼν,
3078 4663 3279 4735 ἔχουσα
3306 4668 3404 4740 τὴν
3446 4672 3708 4742 ὁμοίωσιν

2125 4741 2263 4813 πρὸς
2292 4744 2354 4796 τὸ
2380 4745 2706 4816 ἀρχέτυπον.
2739 4749 2802 4803 Ei
2828 4750 2884 4804 δὲ
2922 4753 3102 4819 τοῦτο,
3142 4757 3295 4811 οὐδὲν
3334 4762 3391 4814 ὲν
3418 4741 3487 4833 τῇ
3527 4764 3705 4817 κτίσει

2123 4835 2220 4889 καὶ
2255 4836 2333 4906 τῷ
2360 4836 2481 4908 Θεῷ
2511 4839 2572 4892 τὸ
2591 4840 2875 4914 διάφορον·
2904 4844 3055 4901 ἔσται
3080 4848 3137 4902 δὲ
3162 4849 3373 4923 ποίημα
3402 4855 3495 4907 καὶ
3517 4857 3704 4919 αὑτός.

2123 4926 2187 4979 Et
2214 4926 2272 4980 δὲ
2300 4928 2401 4981 οὐκ
2425 4928 2541 4984 ἔστι
2580 4933 2809 5005 ποίημα,
2843 4937 3092 5005 φαίνεται
3116 4938 3172 4993 δὲ
3198 4940 3317 5005 ὅλος
3349 4945 3407 4997 ὲν
3439 4942 3577 5017 Υίῷ,
3607 4949 3707 5001 οὐκ

2122 5020 2232 5091 ἄρα
2261 5022 2475 5094 ποίημά
2494 5025 2641 5078 ἐστιν
2670 5028 2698 5080 6
2720 5027 2847 5093 Υἱὸς
2873 5032 2906 5101 ἡ
2932 5030 3097 5087 εἰκὼν
3116 5033 3209 5087 τοῦ
3237 5035 3471 5107 Πατρός.

2805 5233 3013 5288 ΑΛΛΟ.

2193 5341 2256 5393 El
2306 5342 2517 5414 ποίημά
2556 5343 2751 5397 ὲστινό
2784 5346 2931 5410 Υίὸς,
2978 5348 3072 5401 τοῦ
3110 5350 3325 5422 Πατρὸς
3352 5353 3413 5407 οὐ
3448 5353 3703 5422 ποιηθέν-

2122 5449 2233 5496 τος,
2263 5433 2410 5502 λέγει
2444 5436 2502 5487 δὲ
2540 5438 2670 5508 περὶ
2718 5438 2916 5491 ἑαυτοῦ
2938 5456 2951 5469 ·
2985 5458 3005 5491 ‹
3062 5441 3121 5493 ’0
3167 5443 3431 5515 ἑωρακὼς
3460 5446 3579 5515 ἐμὲ,
3606 5445 3699 5498 ἑώ-

2123 5542 2256 5597 ρακε
2285 5527 2376 5580 τὸν
2420 5527 2658 5598 Πατέρα·
2697 5548 2715 5579 ι
2762 5530 2881 5595 πῶς
2931 5533 2989 5585 ὲν
3030 5532 3108 5604 τῷ
3142 5538 3499 5609 πεποιημένῳ
3533 5538 3595 5590 τὸ
3627 5541 3701 5609 μὴ

2121 5616 2344 5686 ποιηθὲν
2376 5617 2812 5688 ἀπαραλλάκτως
2838 5624 3115 5691 φανεῖται;
3151 5627 3262 5679 Καὶ
3286 5628 3335 5679 εί
3364 5628 3574 5699 ποίημα
3604 5627 3699 5694 ὣν,

509 5737 969 5854 Ἰηςξῑῖῗθιῶκοδδ·
1048 5748 1093 5781 ³⁸
1136 5750 1297 5809 ¹¹θυτο
1335 5770 1418 5820 ιιι»
1454 5756 1506 5824 1.
1541 5758 1597 5813 ει
1672 5761 1715 5794 ’τ
1754 5761 1911 5820 Joan.
1955 5769 2034 5835 1,1

2159 5771 2204 5803 ³⁸
2236 5771 2255 5826 l
2283 5772 2408 5829 Cor.
2444 5788 2484 5841 t,
2507 5774 2599 5832 ‘24.
2677 5778 2722 5811 ³³
2750 5777 2894 5837 Psal.
2926 5795 3045 5851 cm,
3073 5780 3161 5838 24.
3238 5784 3285 5817 “
3313 5784 3485 5842 lCor.
3526 5798 3569 5854 ι,
3605 5782 3699 5841 Si.

438 5810 483 5841 “
518 5807 674 5866 Juau.
712 5807 832 5882 xw,
852 5816 907 5869 9.
