3878 6208
210 316 322 371 351

1616 309 1885 365 TIIESAU
1897 308 1989 364 RU
2000 307 2059 362 S.

3364 301 3487 383 55s

211 430 364 500 λέγει
388 447 403 462 ο
444 446 465 482 ι
509 429 569 483 Ὃ
600 428 859 501 ἑωρακὼς
889 429 1012 501 ἐμὲ,
1043 427 1255 501 ἑώρακε
1279 429 1371 484 τὸν
1404 428 1648 498 Πατέρα,
1687 446 1706 480 ι
1743 427 1795 478 τί

1930 440 1958 477 a
1999 438 2121 478 cum
2152 423 2241 487 sit,
2291 423 2421 479 dicit
2453 440 2467 477 :
2496 439 2515 475 t
2548 421 2650 490 Qui
2686 421 2817 477 vidit
2849 434 2955 485 me,
2998 420 3132 476 vidit
3172 417 3408 479 Patrem,
3447 437 3465 467 ι

212 522 449 576 κωλύσει
480 521 576 575 καὶ
598 523 745 592 ἡμᾶς
774 525 843 593 τῇ
879 522 1017 593 αὐτῇ
1058 521 1362 593 κεχρῆσθαι
1402 524 1576 592 φωνῇ,
1613 521 1660 573 εἰ
1696 538 1799 591 μη-

211 614 301 667 δὲν
330 615 518 683 ἕτερον
544 614 674 684 παρ’
701 614 849 683 ἡμᾶς
875 615 904 666 6
929 613 1079 677 Υἱός,
1117 613 1254 666 καθὸ
1287 612 1499 683 ποίημα
1516 611 1614 665 καὶ
1640 609 1800 672 αὐτὸς

214 703 409 773 ὥσπερ
439 704 632 773 ἡμεῖς;
668 702 829 755 Ἀλλὰ
858 702 1018 756 τοῦτο
1055 701 1253 756 ἄτοπον
1273 718 1285 730 ·
1324 702 1384 754 οὐ
1423 701 1531 773 γὰρ
1564 702 1621 754 έν
1645 700 1803 770 ποιή-

215 808 353 861 ματι
378 791 474 845 τοῦ
498 793 575 863 μὴ
606 792 924 861 ποιηθέντος
948 794 982 862 ἡ
1011 792 1290 864 ὁμοιότης.
1314 794 1428 846 Οὐκ
1460 792 1569 863 ἄρα
1590 791 1801 862 ποίημα

212 885 243 936 6
273 884 402 948 Υἱὸς
438 886 473 957 ἡ
508 883 604 939 τοῦ
625 885 847 957 Πατρὸς
879 884 1298 957 ἀπαράλλακτος
1333 883 1520 939 εξκὼν.

903 1171 1111 1227 ΔΛΛΟ.

290 1282 357 1335 Εἰ
392 1282 605 1354 ποίημά
652 1284 800 1337 ἐστιν
835 1287 863 1339 6
892 1285 1041 1351 Υἱὸς,
1088 1286 1237 1355 λέγει
1278 1287 1335 1342 δὲ
1380 1289 1684 1361 ἀληθεύων,
1722 1292 1805 1346 ὅτι

226 1395 246 1427 ι
285 1375 472 1429 Πάντα
504 1377 605 1429 ὅσα
633 1376 745 1447 ἔχει
776 1380 803 1431 ό
830 1379 1044 1450 Πατὴρ,
1088 1381 1199 1451 ἐμά
1240 1381 1411 1436 ἐστιν·
1448 1402 1467 1435 ι
1516 1384 1667 1437 οὐδὲν
1697 1386 1807 1455 ἄρα

222 1467 482 1536 περιττὸν
510 1466 712 1538 ὲνΘεῷ
741 1469 836 1522 καὶ
865 1471 1182 1540 κτίσμασιν,
1215 1472 1265 1524 εἰ
1294 1473 1473 1527 πάντα
1514 1475 1807 1545 πρόσεστιν

220 1559 408 1622 αὐτοῖς
428 1560 527 1612 ὅσα
568 1559 767 1630 καὶτῷ
807 1563 1001 1633 Πατρί.
1046 1563 1111 1615 El
1149 1563 1205 1616 δὲ
1240 1565 1397 1618 τοῦτο
1420 1568 1619 1621 ἄτοπον
1650 1567 1806 1636 (πολὺ

223 1653 334 1722 γὰρ
362 1653 423 1706 τὸ
456 1652 610 1706 Θεῖον
651 1654 761 1706 τῶν
787 1656 1109 1726 ποιημάτων
1155 1657 1511 1729 ἀπῴκισται),
1553 1661 1653 1713 οὐκ
1699 1661 1808 1731 ἄρα

1902 516 2029 585 quid
2050 515 2229 570 obstat
2260 517 2549 585 quominus
2580 515 2741 570 etiam
2794 528 2892 568 nos
2942 512 3131 568 eadem
3181 526 3311 565 voce
3350 521 3472 563 uta-

1904 622 2044 671 mur,
2069 608 2115 661 si
2153 609 2368 675 quidem
2410 608 2543 661 nihil
2570 608 2843 661 diversum
2870 615 2954 659 est
2998 622 3028 659 a
3079 604 3235 658 nobis
3281 613 3473 671 quate-

1902 714 2003 754 nus
2025 708 2078 755 et
2109 700 2222 769 ipse
2245 710 2489 755 creatura
2522 711 2603 754 est
2632 707 2689 752 ut
2720 698 2860 753 nos?
2896 695 3000 752 Sed
3040 697 3142 752 hoc
3178 694 3471 750 absurdum

1903 800 2025 847 est:
2065 806 2239 862 neque
2269 793 2414 846 enim
2439 790 2493 845 in
2526 806 2593 845 eo
2638 793 2779 859 quod
2811 799 3054 844 creatum
3112 798 3215 851 est,
3233 787 3351 856 ejus
3385 785 3479 853 qni

1902 891 2123 937 creatus
2176 898 2281 936 non
2343 890 2425 936 est
2480 880 2770 935 similitudo
2827 880 3093 936 consistit.
3124 877 3242 932 Non
3271 886 3355 931 est
3379 876 3479 945 igi-

1906 983 1993 1029 tur
2054 983 2305 1029 creatura
2369 972 2559 1040 Filius,
2629 973 2723 1042 qui
2783 982 2866 1028 est
2920 971 3232 1028 omnitnoda
3299 968 3480 1023 Patris

1904 1062 2106 1134 imago.

2570 1171 2803 1229 ALIUD.

1976 1284 2035 1339 Si
2054 1285 2235 1341 Filius
2262 1295 2344 1341 est
2370 1296 2708 1350 ereatura,et
2736 1299 2864 1340 vere
2885 1284 3015 1339 dicit
3040 1301 3101 1337 ιιι
3146 1281 3336 1337 Omnia
3362 1298 3487 1353 quae

1908 1377 2074 1432 habet
2104 1376 2265 1431 Pater
2307 1394 2423 1432 mea
2461 1389 2589 1432 sunt
2621 1379 2712 1430 ἀι
2764 1396 2782 1429 ι
2824 1376 2956 1430 nihil
3014 1376 3176 1445 igitur
3208 1388 3290 1429 est
3345 1390 3485 1444 prie-

1908 1469 2139 1523 Stantius
2171 1468 2223 1521 in
2245 1470 2351 1522 Deo
2376 1484 2535 1537 quam
2567 1470 2617 1523 in
2640 1468 2925 1531 creaturis,
2977 1466 3022 1520 si
3053 1467 3232 1520 omnia
3264 1466 3370 1520 illis
3403 1466 3489 1519 in—

1908 1570 2034 1617 sunt
2069 1576 2194 1630 quae
2227 1560 2394 1615 Patri.
2416 1560 2483 1614 At
2508 1561 2552 1616 si
2574 1562 2674 1615 hoc
2709 1561 3003 1615 absurdum
3027 1567 3112 1612 est
3141 1557 3307 1627 (Deus
3337 1558 3484 1611 enim

1911 1651 2174 1705 immensa
2206 1650 2508 1705 diﬂ’erentia
2543 1667 2571 1704 a
2602 1651 2865 1705 creaturis
2895 1648 3102 1718 distat),
3137 1664 3241 1702 non
3272 1657 3357 1702 est
3386 1648 3489 1715 igi-

224 1742 440 1812 ποίημά
467 1743 667 1797 ἐστινρό
694 1744 839 1809 Υἱὸς,
863 1738 908 1813 ᾧ
948 1747 1126 1800 πάντα
1157 1748 1416 1815 πρόσεστι
1455 1749 1703 1819 φυσικῶς
1738 1751 1809 1805 τὰ

1930 1758 2000 1797 .ur
2022 1754 2268 1798 creatura
2294 1742 2464 1797 Filius
2490 1744 2574 1797 cui
2614 1744 2792 1798 omnia
2825 1743 3010 1796 insunt
3028 1741 3346 1795 naturaliter
3369 1754 3490 1810 qum

224 1833 322 1887 τοῦ
355 1836 567 1906 Πατρὸς
600 1836 706 1890 ἴδια
741 1837 837 1890 καὶ
864 1837 1135 1910 ἐξαίρετα.

912 1954 1121 2008 ΔΛΛΟ.

298 2064 364 2117 Εἰ
389 2063 603 2136 ποίημᾶ
625 2066 774 2120 ἐστιν
798 2068 827 2120 ὁ
852 2067 1003 2133 Υἱὸς,
1034 2067 1110 2141 μὴ
1138 2069 1408 2125 καλείσθω
1434 2072 1622 2145 Πατὴρ
1642 2074 1808 2130 αὐτοῦ

223 2158 255 2210 6
284 2154 439 2223 Θεὸς,
488 2156 626 2211 ἀλλὰ
673 2159 872 2231 μᾶλλον
919 2162 1153 2233 ποιητὴς
1200 2162 1235 2233 ἦ
1285 2163 1638 2236 δημιουργός.
1681 2165 1811 2231 Υἱὸς

231 2245 346 2317 γὰρ
375 2247 611 2301 δεικνύει
643 2250 874 2321 πατέρα,
898 2252 994 2305 καὶ
1025 2252 1237 2324 ποίημα
1254 2252 1345 2307 τὸν
1370 2253 1721 2326 δημιουργόν.
1747 2256 1811 2308 Εἰ

224 2340 291 2393 δὲ
324 2340 513 2412 Πατὴρ
541 2340 786 2396 καλεῖται
809 2342 904 2396 καὶ⁹
926 2343 1043 2397 ἐστι
1076 2345 1230 2409 Θεὸς,
1272 2346 1373 2399 οὐκ
1397 2347 1505 2417 ἄρα
1536 2348 1749 2418 ποίημα
1783 2348 1814 2400 ό

230 2431 384 2496 Υἱὸς,
412 2431 552 2486 ἀλλὰ
590 2433 860 2505 γέννημα,
888 2433 987 2507 οὐχ
1031 2437 1106 2500 ὡς
1135 2438 1364 2510 ποιητὴν
1395 2439 1486 2491 τὸν
1513 2438 1666 2505 Θεὸν,
1697 2439 1813 2494 ἀλλ’

228 2523 313 2584 ὡς
340 2524 563 2595 Πατέρα
583 2523 802 2596 δηλοῦν.

917 2642 1131 2697 ΔΑΛΟ.

1908 1835 2054 1891 Patri
2079 1837 2297 1906 propria
2324 1836 2632 1907 eximiaque
2663 1837 2871 1891 insunt.

2566 1948 2802 2007 ALIUD.

1984 2059 2042 2116 Si
2064 2060 2234 2116 Filius
2255 2068 2338 2116 est
2366 2070 2637 2127 creatura,
2654 2074 2723 2115 ne
2742 2068 2961 2116 vocetur
2987 2060 3148 2117 Pater
3169 2060 3284 2128 ejus
3311 2060 3481 2126 Deus,

1912 2155 2006 2211 sed
2046 2154 2226 2225 potius
2250 2161 2468 2208 creator
2495 2152 2810 2222 autopil‘ex.
2843 2151 3013 2209 Filius
3068 2152 3210 2207 enim
3259 2153 3494 2207 ostendit

1914 2255 2147 2317 patrem,
2179 2253 2232 2299 et
2259 2254 2510 2299 creatura
2550 2252 2873 2299 creatorem.
2914 2242 3007 2298 Sin
3058 2253 3237 2297 autem
3270 2251 3495 2298 vocatur

1914 2346 1969 2392 et
1998 2348 2081 2391 est
2112 2336 2273 2401 Deus,
2304 2351 2410 2390 non
2439 2336 2625 2405 utique
2653 2346 2904 2391 creatura
2937 2345 3021 2391 est
3050 2335 3245 2401 Filius,
3276 2336 3367 2391 sed
3396 2351 3493 2407 ge—

1915 2428 2118 2493 nimen,
2146 2428 2313 2483 Deum
2350 2442 2458 2483 non
2480 2437 2541 2482 ut
2564 2427 2851 2493 factorem,
2881 2428 2976 2484 sed
3030 2438 3089 2484 ut
3137 2426 3354 2483 Patrem
3403 2426 3497 2484 de-

1917 2530 2245 2576 monstrans.

2603 2632 2835 2691 ALIUD.

1994 2751 2051 2807 Si
2086 2751 2254 2806 Filius
2274 2757 2362 2806 est
2386 2759 2660 2818 creatura,
2694 2767 2761 2806 ne
2790 2760 3011 2807 vocetur
3032 2749 3293 2814 Verbum,
3326 2762 3392 2804 ne
3411 2764 3501 2804 sa-

310 2755 376 2808 El
413 2755 624 2827 ποίημά
656 2756 805 2810 ἐστιν
836 2758 866 2811 6
896 2756 1045 2822 Υίὸς,
1089 2756 1166 2830 μὴ
1203 2758 1475 2813 καλείσθω
1515 2760 1712 2830 Λόγος,
1742 2761 1818 2833 μὴ

235 2846 429 2917 σοφία,
462 2845 538 2918 μὴ
570 2847 823 2919 δύναμις,
875 2850 952 2919 μὴ
982 2850 1347 2922 ἀπαύγασμα,
1379 2854 1413 2923 ἢ
1443 2852 1618 2907 ταῦτα
1665 2853 1810 2908 κοινά

1930 2845 2153 2918 pientia,
2185 2861 2253 2901 ne
2284 2846 2526 2916 potentia
2562 2845 2630 2913 ⁸³,
2656 2862 2726 2901 ne
2789 2846 3042 2915 splendor
3073 2846 3155 2899 διε
3209 2854 3306 2900 aut
3353 2856 3504 2900 certe

232 2936 335 2989 καὶ
360 2939 470 3001 τοῖς
499 2937 678 3001 ἄλλοις
705 2937 859 2992 ἔσται
884 2941 1205 3010 ποιήμασιν,
1230 2942 1388 3014 εἴπερ
1417 2942 1555 3005 ὅλως
1574 2944 1810 3017 κεχώρη-

1930 2937 2230 2994 communia
2258 2938 2373 2992 haec
2394 2944 2557 2993 erunt
2586 2939 2750 2993 etiam
2815 2953 2936 2993 cum
2969 2937 3090 2994 aliis
3135 2940 3432 3001 creaturis;
3459 2940 3505 2992 si

233 3048 336 3084 κεν
365 3030 505 3083 αὐτὰ
543 3034 728 3101 φορεῖν
771 3031 983 3101 ποίημα
1013 3030 1091 3083 ὣν
1129 3032 1250 3085 καθ’
1290 3033 1434 3103 ὑμᾶς
1466 3036 1494 3087 6
1523 3033 1669 3097 Υἱός.
1701 3035 1810 3089 Κᾶι

1930 3030 2144 3100 quidem
2176 3030 2367 3084 horum
2400 3030 2641 3083 omnium
2668 3044 2924 3100 capacem
2955 3044 3079 3084 esse
3096 3028 3274 3084 dicitis
3302 3028 3502 3083 Filium

233 3121 354 3193 γάρ
375 3138 427 3173 τι
452 3120 618 3175 πλέον
646 3119 755 3174 τῶν
784 3121 959 3175 ἄλλων
1000 3122 1162 3175 αὑτὸν
1187 3122 1329 3193 ἔχειν
1365 3125 1562 3197 λέγητε
1588 3143 1714 3197 ποιη
1724 3126 1810 3197 μά·

1930 3121 2020 3190 qui
2054 3129 2259 3184 tamen,
2289 3134 2357 3174 ex
2379 3128 2559 3174 vestra
2588 3121 2877 3187 sententia,
2914 3130 2998 3176 est
3056 3131 3326 3176 creatura.
3368 3120 3503 3176 Nam

231 3230 373 3277 των,
402 3211 517 3264 ἀλλ’
547 3210 700 3264 ἔσται
727 3210 892 3264 πάλιν
923 3212 1078 3265 οὐδὲν
1100 3208 1261 3284 ἦττον
1284 3215 1518 3287 ποίημα.
1556 3216 1621 3270 Εί
1650 3217 1707 3270 δὲ
1732 3217 1810 3270 ὲπτ

1930 3213 2143 3268 tametsi
2170 3228 2293 3266 eum
2315 3212 2518 3282 aliquid
2549 3214 2781 3283 amplius
2809 3229 2971 3284 quam
3027 3214 3265 3282 reliquas
3294 3223 3510 3269 creatu-

240 3304 346 3375 μὲν
380 3302 489 3356 τῶν
518 3302 695 3356 ἄλλων
724 3303 935 3367 οὐδενὸς
966 3304 1036 3357 τὰ
1062 3305 1291 3360 τοιαῦτα
1318 3307 1554 3377 λέγεται,
1587 3308 1735 3381 μόνῳ
1768 3309 1810 3362 δί

1930 3320 2019 3361 ras
2048 3306 2251 3360 habere
2315 3306 2605 3370 censeatis,
2652 3304 3005 3359 nihilominus
3076 3315 3258 3360 tamen
3345 3307 3507 3360 etiam

238 3397 479 3467 πρέπειν
520 3396 599 3467 τῷ
652 3396 766 3466 Υίῷ
820 3396 1239 3468 ἐπαληθεύεται,
1298 3401 1400 3455 οὐκ
1455 3402 1567 3474 ἄρα
1615 3402 1673 3457 ἒν
1716 3403 1810 3459 τῶι

1930 3404 2178 3451 creatura
2205 3404 2308 3453 est.
2334 3395 2400 3449 At
2435 3397 2479 3449 si
2515 3397 2581 3451 de
2612 3396 2761 3451 nulla
2802 3397 2908 3450 alia
2947 3406 3201 3451 creatura
3234 3396 3508 3465 ejusmodi

241 3490 568 3559 ποιημάτων
606 3490 780 3556 ἐστὶν,
813 3489 951 3545 ἀλλὰ
989 3492 1202 3563 καρπὸς
1230 3494 1330 3565 τῆς
1376 3495 1566 3560 οὐσίας
1589 3496 1684 3550 τοῦ
1711 3498 1810 3552 Πα⁴

1930 3486 2206 3554 dicuntur,
2237 3488 2331 3543 sed
2363 3488 2463 3543 soli
2500 3487 2638 3543 Filio
2678 3502 2806 3542 vere
2842 3488 3206 3543 conveniunt:
3263 3502 3369 3542 non
3426 3499 3511 3551 est

238 3580 396 3650 τρός.
1929 3578 2094 3648 igitur
2128 3578 2294 3636 Filius
2319 3595 2458 3636 unus
2486 3595 2552 3635 ex
2579 3580 2868 3647 creaturis,
2899 3580 2994 3634 sed
3030 3579 3234 3635 fructus
3262 3582 3511 3637 essentia:

1931 3670 2130 3727 Patris.

935 3792 1145 3845 AAAO.

320 3898 385 3954 Εί
407 3900 584 3955 πάντα
611 3900 678 3954 δι’
708 3900 837 3955 Υἱοῦ
866 3903 1194 3977 γεγενῆσθαί
1229 3922 1392 3975 φησιν
1415 3909 1448 3977 ἡ
1477 3907 1597 3964 θεία
1617 3911 1808 3985 Γραφὴ

2006 3898 2063 3954 Si
2094 3898 2372 3970 Scriptura
2397 3915 2548 3955 sacra
2585 3903 2767 3955 omnia
2822 3917 2918 3972 per
2958 3901 3153 3957 Filium
3204 3901 3345 3955 facta
3389 3914 3513 3954 esse

246 3992 463 4062 ποίημα
484 3992 543 4046 δέ
571 4010 656 4056 τις
677 3994 771 4046 καὶ
799 3994 897 4064 οὐχ
922 3995 1049 4048 Υίὸν
1079 3996 1333 4066 ὁμολογεῖ
1365 3998 1455 4052 τὸν
1484 4001 1676 4071 Λόγον,
1709 4005 1810 4058 Υἰὸ

1939 3990 2191 4055 alIirmat,
2235 4000 2292 4044 at
2318 4006 2412 4045 vos
2436 3990 2678 4045 Verbum
2712 4000 3016 4046 creaturam
3068 4006 3188 4046 esse
3227 3992 3507 4045 contendi-

245 4084 354 4137 οὐκ
378 4083 490 4154 ἔχει
519 4083 671 4148 Θεός.
708 4084 773 4138 El
808 4084 865 4138 δὲ
890 4085 1054 4140 τοῦτο
1080 4088 1298 4159 ἀληθὲς,
1338 4090 1455 4155 πῶς
1501 4092 1653 4148 ἔσται
1677 4113 1805 4168 ποιη

1939 4085 2025 4147 tis,
2049 4096 2153 4136 non
2192 4080 2389 4136 Filium
2414 4099 2429 4136 :
2459 4084 2599 4137 Deus
2628 4099 2757 4152 ergo
2779 4082 2972 4137 Filium
3006 4097 3112 4136 non
3147 4083 3329 4137 habet.
3358 4082 3512 4149 Quod

246 4175 374 4244 τὴς,
422 4174 524 4227 οὐκ
573 4174 713 4245 ἔχων
752 4176 821 4229 δι’
870 4169 932 4229 οὗ
977 4176 1047 4230 τὰ
1091 4180 1269 4233 πάντα
1313 4182 1643 4252 ἐργάζεται;
1699 4188 1810 4242 Ἀλλ

1937 4172 1983 4226 si
2001 4186 2186 4226 verum
2230 4183 2336 4240 est,
2381 4172 2652 4243 quomodo
2679 4173 2783 4228 erit
2816 4183 3050 4237 creator,
3094 4186 3219 4226 cum
3275 4186 3383 4225 non
3420 4171 3516 4225 ha-

250 4265 550 4336 ἐργάζεται
578 4266 673 4321 καὶ
700 4266 1026 4339 δημιουργεῖ
1055 4270 1124 4324 τὰ
1151 4271 1329 4325 πάντα
1354 4272 1487 4337 Θεός
1510 4292 1525 4305 ο
1558 4275 1705 4329 ἐστιν
1728 4279 1810 4349 dp:

1939 4265 2063 4317 beat
2116 4277 2212 4332 per
2237 4278 2397 4332 quem
2466 4266 2649 4320 omnia
2707 4263 2900 4319 creat?
2952 4263 3115 4332 Atqui
3169 4271 3427 4331 operatur
3461 4273 3516 4317 et

252 4358 349 4412 καὶ
384 4360 413 4412 6
447 4356 577 4423 Υἱὸς
606 4360 676 4414 δι’
698 4353 765 4413 οὗ
789 4360 1082 4434 τάοπάντα,
1115 4362 1175 4416 τὸ
1210 4360 1350 4418 εἶναι
1382 4365 1593 4439 ποίημα
1618 4368 1807 4440 διαφεύ

1939 4364 2089 4409 creat
2130 4354 2313 4409 omnia
2338 4355 2522 4410 Deus:
2585 4365 2831 4424 estergo
2880 4361 2933 4408 et
2973 4353 3159 4417 Filius,
3207 4367 3302 4422 per
3352 4367 3513 4422 quem

252 4466 370 4519 γων
388 4451 469 4515 ὡς
491 4450 647 4517 Θεός.
1862 4481 1913 4542 D
1939 4444 2145 4510 omnia,
2172 4442 2384 4500 alienus
2407 4444 2475 4500 ab
2497 4459 2562 4500 eo
2591 4453 2650 4499 ut
2669 4445 2741 4499 sit
2762 4452 3035 4507 creatura,
3059 4442 3514 4513 quemadmodum

1941 4536 2101 4591 Deus.

2604 3783 2837 3840 ALIUD.

940 4651 1146 4705 AAAO.

446 4763 544 4831 Ὠς
577 4763 646 4827 ἐξ
683 4764 1042 4830 ἀντιθέσεως
1096 4766 1215 4821 τῶν
1242 4767 1320 4821 δι’
1358 4771 1655 4837 ἐναντίας.

327 4899 609 4966 Βουλήσει,
657 4903 847 4970 φασὶν,
892 4903 921 4954 6
960 4901 1150 4974 Πατὴρ
1189 4903 1281 4959 τὸν
1330 4905 1455 4960 Υἱὸν
1503 4906 1836 4979 ὑποστήσας,

2607 4649 2840 4707 ALIUD.

2311 4762 2399 4817 Ea:
2428 4763 2717 4834 objectione
2744 4762 3130 4817 Iucreticorum.

2011 4900 2195 4966 Pater,
2232 4899 2510 4971 inquiunt,
2538 4898 2817 4955 voluntate
2844 4896 3044 4953 Filium
3077 4894 3518 4958 substituens,ita

252 4990 430 5055 οὕτως
479 4991 641 5045 αὐτὸν
684 4993 908 5063 ἐποίησε
940 4994 1034 5047 καὶ
1079 4994 1431 5066 δημιουργόν.
1480 4998 1616 5052 Ἀπὸ
1643 4999 1700 5052 δὲ
1731 5004 1810 5071 τῆ‹

1941 5007 2157 5062 quoque
2179 5000 2235 5047 et
2261 4992 2438 5062 ipsum
2465 5000 2768 5048 creatorem
2794 4988 2998 5046 effecit.
3026 4988 3105 5044 Ex
3126 4988 3361 5045 essentia
3388 5001 3519 5039 vero

250 5084 443 5145 ούσίας
465 5082 559 5136 τοῦ
588 5083 799 5153 Πατρὸς
826 5083 889 5136 ού
914 5102 1095 5156 φαμεν
1133 5086 1400 5158 ὑπάρχειν
1429 5089 1614 5154 αὐτὸν,
1647 5092 1734 5145 ἴνα
1754 5093 1810 5163 μί

1940 5084 2119 5140 Patris
2167 5099 2291 5140 eum
2345 5085 2611 5141 exsistere
2664 5098 2943 5155 negamus,
2983 5089 3089 5147 ,‘ne
3146 5079 3315 5135 sectio
3367 5094 3515 5148 qua:-

251 5177 394 5246 τομή
438 5193 523 5239 τις
552 5178 646 5231 καὶ
688 5178 957 5250 ἀπόρροια
1008 5179 1192 5253 νοῆται
1235 5182 1365 5253 περὶ
1406 5182 1505 5253 τὴν
1556 5182 1810 5255 ἄφραστοε

1942 5176 2066 5230 dam
2099 5184 2194 5232 aut
2242 5175 2439 5233 divisio
2496 5178 2551 5232 in
2599 5176 2689 5232 illa
2739 5173 3001 5232 ineﬂ'abili
3032 5172 3270 5229 essentia
3305 5179 3518 5226 statua-

257 5265 476 5337 ἐκείνην
507 5267 715 5323 οὐσίαν.

745 5383 900 5450 Πρὸς
936 5383 1113 5438 τοῦτο
1150 5385 1353 5450 λύσις.

346 5493 484 5547 Ἀλλ’
508 5493 623 5548 ἐστι
650 5495 821 5550 ταῦτα
843 5496 1007 5567 λῆρος
1036 5498 1129 5550 καὶ
1154 5497 1389 5569 φλυαρία
1419 5498 1607 5571 πολλή.
1645 5502 1842 5574 Ἀπόρ-

1942 5275 2048 5324 ιυι.

2341 5382 2505 5453 212
2550 5381 2758 5438 Salutio
2788 5381 3120 5452 objectionis.

2013 5495 2173 5552 Meraa
2195 5513 2369 5568 nugae,
2401 5514 2660 5570 meraque
2685 5499 3037 5555 deliramenta
3070 5498 3186 5553 hac
3212 5504 3357 5551 sunt.
3415 5493 3521 5549 Se-

263 5584 503 5657 ροιαΙμὲν
522 5584 632 5656 γὰρ
647 5584 742 5638 καί
760 5584 921 5657 τομὴ,
953 5586 1046 5639 καὶ
1058 5586 1157 5642 ὅσα
1176 5585 1400 5639 τοιαῦτα
1423 5586 1592 5658 πάθη,
1614 5588 1810 5643 νοείσθι

1943 5591 2052 5649 ctio
2078 5591 2223 5649 enim
2246 5600 2301 5650 et
2332 5592 2546 5661 divisio,
2598 5593 2825 5664 alimque
2878 5593 2931 5649 id
2971 5606 3141 5665 genus
3206 5587 3520 5645 affectiones

332 5762 379 5795 ⁸³
410 5759 568 5832 Joan,
595 5777 703 5834 xvt,
732 5764 818 5820 15.
896 5765 941 5797 ⁴³
975 5763 1139 5822 lCor.
1171 5781 1211 5833 ι,
1245 5764 1336 5822 24.
1414 5764 1459 5799 ⁵⁸
1484 5764 1647 5823 ilebr.
1683 5780 1724 5827 ι.
1748 5767 1801 5823 5.
