3878 6208
404 358 512 417 359
1424 353 1485 412 S.
1524 353 1805 410 CYRILLI
1846 352 2320 410 ALEXANDRINI
2358 354 2678 412 ARCHIEP.
3561 354 3671 411 360

405 466 727 545 corporibus
762 469 1091 535 tribuantur,
1122 466 1318 541 quibus
1343 477 1397 526 et
1424 470 1639 528 affectio
1668 473 1783 529 sive
1805 473 1988 545 passio

2096 473 2223 546 περὶ
2252 474 2322 528 τά
2349 472 2598 546 σώματα,
2630 465 2713 538 οίς
2736 472 2831 528 καί
2858 471 2921 527 τδ
2945 473 3177 545 πάσχειν
3206 464 3431 527 οἰκεῖον·
3463 471 3493 523 ό
3522 466 3580 525 δὲ
3604 471 3671 524 τὺ

406 566 620 634 propria
654 573 778 629 est;
831 565 924 634 qui
968 579 1098 621 vero
1155 577 1456 635 corporeus
1506 578 1613 620 non
1674 574 1777 632 est,
1811 564 1880 618 ab
1919 577 1986 620 eo

2096 560 2227 620 εἶναι
2257 564 2415 635 σῶμα
2452 562 2750 635 διαφυγὼν,
2793 564 2890 617 καὶ
2931 562 3001 617 τὰ
3030 563 3297 634 σωμάτων
3321 556 3669 630 διαφεύξεται

404 656 569 709 etiam
603 670 879 727 corporeae
928 651 1249 712 affectiones
1277 656 1469 712 aliena:
1509 666 1654 712 sunt.
1672 655 1856 728 Gignit
1884 654 1987 711 ita.

2096 654 2259 727 πάθη.
2308 656 2495 710 Τίκτει
2542 650 2831 727 τοιγαροῦν
2877 656 3190 727 άμερίστως
3237 654 3329 708 καὶ
3371 652 3598 716 ἀπαθῶς
3640 656 3671 705 ό

404 762 511 817 que
540 747 677 801 citra
703 746 862 802 ullam
886 747 1180 802 sectionem
1207 756 1301 802 aut
1338 748 1645 819 passionem
1674 749 1720 803 is
1766 748 1859 819 qui
1914 749 1988 803 in-

2096 747 2400 819 άσώματος.
2442 749 2600 801 Ποῖον
2640 746 2749 820 γάρ
2793 746 2965 812 πάθος
3012 748 3137 819 περὶ
3170 746 3260 800 τὸν
3295 745 3446 817 ἥλιον
3475 744 3668 816 ὁρᾶται

404 852 698 910 corporeus
724 849 825 893 est.
864 837 1123 906 Quaenam
1154 840 1303 895 enim
1344 841 1529 910 passio
1580 840 1683 896 soli
1737 842 1987 896 accidere

2096 840 2389 911 γινόμενον,
2416 834 2503 895 ὅτε
2537 839 2714 895 τίκτει
2743 838 2802 895 τὸ
2839 841 2983 911 φῶς;
3018 838 3176 901 Ποῖος
3219 835 3504 907 συμϐαίνει
3538 838 3665 907 περὶ

406 929 673 994 cernitur,
703 943 827 983 cum
860 944 927 983 ex
955 945 1013 985 se
1042 931 1218 1001 gignit
1239 929 1421 985 lumen
1445 931 1469 984 ι
1506 930 1765 999 Quanam
1793 926 1986 987 divisio

2096 931 2149 986 τὸ
2176 931 2288 1003 πῦρ
2320 932 2607 1004 μερισμὸς,
2638 926 2767 988 ὅταν
2805 933 3071 1006 ὲκπέμπῃ
3100 930 3188 987 τὸν
3228 933 3288 999 ἐξ
3316 929 3511 985 ἑαυτοῦ
3552 942 3659 999 φω-

407 1023 606 1077 nccidit
632 1023 1006 1093 igni,qunndo
1054 1024 1506 1081 illuminationem
1545 1040 1611 1080 ex
1646 1039 1706 1081 se
1745 1022 1989 1081 emittit?

2096 1026 2313 1094 τισμόν;
2345 1024 2409 1078 Εἰ
2440 1024 2497 1076 δὲ
2523 1022 2694 1078 ταῦτα
2718 1026 2881 1095 γεννᾷ
2908 1024 3006 1095 μὲν
3028 1026 3363 1095 ἁμερίστως,
3388 1024 3661 1091 ἐκπέμπει

406 1114 477 1166 At
505 1114 550 1168 si
586 1113 699 1168 haec
723 1115 945 1184 gignunt
975 1116 1109 1167 citra
1167 1115 1333 1169 ullam
1392 1116 1816 1185 separationem,
1856 1128 1985 1187 pro-

2096 1116 2143 1169 δὲ
2168 1117 2238 1170 τὰ
2281 1117 2341 1184 ἐξ
2389 1117 2597 1170 ἑαυτῶν
2641 1117 2888 1180 ἀπαθῶς,
2925 1117 3043 1179 πῶς
3080 1116 3140 1169 οὗ
3182 1116 3365 1188 πολλῷ
3407 1115 3608 1186 μᾶλλον
3634 1116 3665 1166 ό

406 1206 721 1274 ducuntque
744 1220 806 1259 ea
836 1221 956 1274 qua:
976 1206 1029 1259 in
1048 1206 1180 1276 ipsis
1201 1217 1328 1260 sunt
1352 1207 1556 1276 absque
1579 1206 1686 1261 ulla
1712 1208 1982 1278 passione,

2096 1207 2291 1262 τούτων
2348 1208 2578 1280 ποιητὴς
2626 1209 2725 1279 τῆς
2772 1209 2965 1262 ἑαυτοῦ
3022 1208 3235 1277 φύσεως
3292 1207 3561 1278 ἐκπέμψει
3602 1206 3666 1259 τὸ

407 1296 683 1366 quomodo
709 1308 815 1349 non
846 1295 1012 1350 multo
1038 1297 1208 1365 magis
1224 1298 1415 1351 horum
1438 1309 1652 1352 creator
1672 1313 1738 1354 ex
1762 1313 1859 1354 sua
1888 1308 1987 1353 tta-

2096 1299 2461 1371 ὶπαύγασμα;
2489 1301 2624 1355 Πότε
2648 1302 2933 1372 χαρακτὴρ
2959 1302 3166 1363 εἰκόνος
3189 1300 3519 1370 χωρίζεταις
3555 1298 3667 1350 ’Δεῖ

410 1398 534 1443 tura
570 1388 789 1443 emittet
808 1389 1197 1459 splendorem?
1227 1390 1332 1443 Aut
1381 1390 1651 1460 quomodo
1705 1390 1989 1445 character

2096 1391 2195 1462 γάρ
2228 1392 2362 1463 αὐτῇ
2410 1391 2735 1462 συμπέφυκε
2771 1408 2831 1444 τε
2866 1391 2958 1443 καὶ
2991 1390 3310 1461 ἐνυπάρχει.
3345 1390 3408 1442 El
3452 1387 3508 1441 δὲ
3543 1387 3666 1442 κατ’

409 1481 479 1534 ab
507 1479 741 1549 imagine
755 1480 1083 1549 separetur?
1119 1480 1347 1550 Semper
1374 1482 1519 1535 enim
1552 1481 1666 1536 liaee
1699 1480 1985 1550 conjuncta

2096 1483 2326 1547 ἐκείνους
2353 1482 2491 1555 ξηρὰ
2521 1485 2615 1537 καὶ
2652 1484 2898 1553 ἄκαρπός
2928 1486 3077 1537 ἑστιν
3102 1485 3135 1553 ἠ
3167 1481 3262 1536 τοῦ
3300 1480 3457 1551 Θεοῦι
3478 1480 3667 1549 φύσις.

409 1585 537 1629 sunt
562 1573 833 1643 simulque
877 1573 1162 1627 exsistunt.
1229 1572 1324 1626 Sin
1385 1588 1513 1626 vero
1565 1573 1721 1642 juxta
1767 1572 1985 1627 illorum

2096 1573 2221 1645 τίςή
2266 1572 2327 1638 ἐξ
2353 1573 2518 1627 αὑτοῦ
2556 1573 2894 1645 προελθοῦσα
2928 1573 3182 1645 βούλησις
3215 1572 3467 1644 ἐνεργὴς,
3503 1571 3540 1643 ἦ
3573 1572 3669 1625 καὶ

407 1665 745 1736 opinionem,
771 1663 922 1719 arida
955 1678 1022 1720 ac
1077 1664 1281 1719 sterilis
1303 1674 1388 1718 est
1417 1663 1510 1719 Dei
1539 1674 1731 1718 natura
1769 1681 1783 1717 :
1836 1679 1989 1734 que-

2096 1667 2175 1721 ιὸν
2206 1666 2333 1719 Υἰδν
2381 1667 2501 1719 κατ’
2533 1665 2773 1729 ἐκείνους
2824 1666 3124 1737 ὑπέστησε,
3161 1665 3529 1737 δημιουργική
3578 1679 3668 1726 τις

411 1773 537 1812 nam
563 1771 629 1812 ex
673 1758 791 1827 ipso
844 1758 1143 1827 procedens
1188 1757 1441 1812 voluntas
1488 1758 1673 1813 ellicax
1714 1768 1819 1824 est,
1864 1773 1989 1829 quas

2096 1754 2222 1812 οὖσα
2248 1760 2344 1813 καὶ
2379 1759 2487 1814 τῶν
2528 1760 2631 1813 οὐκ
2673 1760 2842 1813 ὄντων
2887 1759 3191 1830 Romani);
3225 1758 3528 1827 Φεύγοντες
3556 1756 3674 1829 γὰρ

410 1848 643 1917 Filium,
679 1857 738 1902 ut
781 1848 856 1903 illi
885 1848 1089 1913 volunt,
1121 1850 1419 1915 substituit,
1466 1850 1703 1903 creatrix
1746 1828 1990 1919 quaedam

2096 1852 2150 1906 τὸ
2181 1853 2245 1905 ὲκ
2276 1852 2377 1920 τῆς
2400 1852 2589 1915 οὐσίας
2608 1850 2703 1906 τοῦ
2728 1851 2942 1924 Πατρός
2979 1828 3339 1922 γεγεννῆσθαι
3368 1850 3550 1919 λέγειν

410 1941 702 2003 exsistens,
722 1948 777 1993 et
791 1954 977 1993 eorum
995 1955 1115 2009 quae
1130 1956 1239 1995 non
1259 1942 1528 1996 exsistunt
1548 1939 1829 1996 ell‘ectrix?
1854 1938 1990 1995 Cum

2096 1943 2422 2016 δημιουργὸν
2466 1944 2632 1998 αὑτοῦ
2670 1944 2865 2012 Λόγον,
2905 1945 2973 1996 ὲκ
3007 1944 3104 2014 τῆς
3133 1941 3393 2015 ἀληθείας
3424 1943 3504 2005 είς
3533 1940 3669 1996 αὐτὸ

412 2029 556 2084 enim
576 2030 879 2084 detrectant
908 2028 1085 2096 fateri,
1112 2046 1177 2084 ex
1221 2031 1458 2084 essentia
1522 2029 1702 2085 Patris
1746 2031 1990 2102 genitum

2096 2034 2525 2090 συνελαύνονται.
2558 2036 2714 2090 Ἔστι
2761 2036 2869 2107 γάρ
2899 2035 3026 2099 Υἱὸς
3053 2036 3093 2106 ἡ,
3121 2034 3273 2099 ζῶσα
3307 2036 3401 2088 καὶ
3428 2033 3669 2097 ὲνούσιος

411 2135 533 2177 esse
552 2136 745 2178 creans
776 2122 946 2193 ipsius
973 2120 1231 2184 Verbum,
1264 2136 1294 2176 a
1328 2122 1555 2178 veritate
1585 2123 1637 2176 in
1666 2120 1808 2177 hunc
1830 2137 1986 2177 erro-

2096 2127 2185 2181 τοῦ
2217 2124 2430 2201 [ἰατρὸς
2468 2124 2746 2200 βούλησις,
2788 2129 2883 2184 καὶ
2909 2129 2938 2184 ό
2974 2124 3144 2198 Λόγος
3184 2122 3375 2194 αὐτοῦ,
3410 2122 3478 2182 δι’
3501 2112 3566 2182 οὗ
3597 2126 3671 2183 τὰ

412 2229 530 2269 rem
563 2212 836 2269 labuntur.
876 2213 971 2269 Est
998 2213 1140 2268 enim
1173 2211 1342 2268 Filius
1372 2215 1491 2268 viva
1522 2224 1687 2284 atque
1734 2216 1990 2269 essentia-

2096 2221 2275 2276 πάντα
2303 2218 2623 2292 ἐργάζεται.

412 2305 536 2361 liter
564 2306 891 2363 inexsistens
916 2305 1094 2361 Patris
1124 2303 1392 2371 voluntas,
1427 2317 1484 2362 et
1532 2305 1771 2362 Verbum
1799 2306 1989 2377 ipsius,

412 2410 511 2470 per
538 2400 678 2470 quod
705 2397 885 2455 omnia
918 2407 1189 2470 operatur.

2103 2537 2486 2606 Ἐπιτήρησις
2516 2536 2634 2606 datr)
2666 2535 2777 2604 τῆς
2818 2535 2981 2606 θείας
3013 2532 3285 2606 Γραφῆς,
3311 2533 3400 2606 ὅτι
3440 2532 3543 2606 uel!
3566 2532 3670 2606 ἐξδ

2163 2602 2493 2675 tergum.
2529 2605 2693 2670 υἱῶν,
2720 2602 2786 2659 τὸ
2817 2624 2835 2657 ι
2862 2602 3187 2674 ἐγένοντό»
3220 2604 3259 2673 ἣ
3288 2603 3385 2657 καί
3414 2623 3436 2655 ‹
3472 2602 3671 2672 ἐποιή-

2163 2681 2366 2746 θησαν
2410 2695 2431 2729 a
2472 2676 2657 2731 κεῖται
2685 2675 3036 2744 ἀδιαφόρως.

412 2530 719 2605 Observatio
748 2548 814 2588 ea:
833 2548 987 2605 sacra
1025 2531 1325 2605 Scriptura,
1346 2534 1485 2603 quod
1512 2533 1671 2588 etiam
1693 2534 1761 2588 de
1800 2535 1868 2588 iis
1901 2535 1994 2605 qui

476 2602 793 2656 naturaliter
812 2603 918 2671 ﬁlii
945 2612 1088 2667 sunt,
1112 2621 1134 2674 ι
1159 2602 1389 2671 genituras
1430 2619 1559 2671 esse,
1593 2621 1614 2656 ι
1662 2613 1711 2657 et
1739 2623 1759 2656 ε
1789 2602 1991 2674 faction

467 2688 601 2739 esse,
637 2690 656 2722 ι
697 2673 1065 2742 indiﬂ‘erenter
1092 2672 1327 2727 dicatur.

484 2804 717 2861 Nomina
744 2802 881 2860 nihil
907 2802 1172 2868 oﬂiciunt,
1215 2818 1339 2860 cum
1393 2814 1483 2860 res
1534 2804 1666 2875 ipsae
1729 2805 1887 2861 aliter
1933 2822 1990 2862 se

2162 2808 2331 2865 Οὐδὲν
2376 2812 2432 2864 αἱ
2465 2806 2636 2875 λέξεις
2684 2808 2984 2873 ἀδικοῦσιν,
3033 2802 3164 2862 ὅταν
3207 2808 3407 2877 ἑτέρως
3457 2804 3557 2877 ἔχῃ
3598 2807 3670 2861 τὰ

414 2894 640 2953 habent.
676 2892 914 2952 Tametsi
949 2896 1093 2952 enim
1137 2897 1205 2951 iis
1248 2896 1340 2966 qui
1372 2905 1568 2952 natura
1591 2892 1687 2953 mn
1711 2906 1859 2965 sunt,
1886 2910 1990 2953 ser-

2096 2902 2414 2975 πράγματα.
2432 2901 2555 2954 Ἐπὶ
2582 2899 2693 2971 γὰρ
2713 2893 2822 2952 τῶν
2844 2897 3179 2969 φύσειῖυίῶν,
3209 2896 3312 2950 κᾶν
3332 2896 3392 2948 τὸ
3423 2894 3523 2965 τῆς
3543 2893 3669 2948 δου-

413 2990 604 3045 vitatis
638 3002 830 3045 nomen
877 2988 1313 3044 accommodetur
1337 3030 1353 3055 ,
1391 2990 1656 3045 naturalis
1700 2991 1990 3047 nobilitatis

2096 2996 2244 3059 λείας
2281 2994 2450 3065 ὄνομα
2490 2990 2773 3063 τάττηται,
2806 2982 2869 3044 οὗ
2917 2990 3264 3061 παραιτεῖται
3295 2989 3392 3058 τῆς
3431 2984 3670 3056 φυσικῆς

416 3082 665 3153 dignitati
691 3081 829 3136 nihil
862 3081 1110 3152 derogat.
1146 3081 1323 3151 Atque
1351 3078 1423 3136 ita
1467 3083 1630 3137 etiam
1659 3080 1708 3137 si
1730 3084 1817 3152 qui
1843 3076 1990 3154 geni-

2096 3084 2375 3154 εὐγενείας
2407 3083 2468 3135 τὸ
2514 3076 2753 3151 ἀξίωμα.
2793 3079 2913 3134 Κᾶν
2959 3080 2988 3133 ό
3031 3078 3310 3149 γεννηθεὶς
3339 3073 3669 3147 πεποιῆσθαι

415 3181 507 3228 tus"
526 3182 630 3239 est,
661 3170 836 3228 factus
866 3187 988 3228 esse
1035 3171 1269 3239 dicatur,
1307 3175 1546 3243 quandiu
1611 3183 1794 3229 veram
1835 3184 1986 3231 Suam

2096 3176 2337 3247 λέγηται,
2371 3173 2476 3238 ἕως
2511 3170 2578 3227 ἂν
2608 3172 2758 3243 αὑτῷ
2790 3169 3159 3243 περισώζηται
3190 3170 3249 3223 τὸ
3280 3167 3665 3239 ἀληθέστερον,

415 3264 677 3334 originem
712 3266 934 3332 retinet,
960 3280 1153 3321 nomen
1185 3266 1361 3336 ipsum
1386 3266 1456 3320 ei'
1485 3266 1685 3321 damno
1727 3282 1848 3322 esse
1888 3278 1992 3324 non

415 3365 615 3427 potest.
640 3354 900 3410 Naturam
930 3358 1074 3411 enim
1133 3373 1240 3413 non
1304 3358 1523 3413 nomina
1570 3359 1625 3413 in
1682 3361 1992 3416 universum

418 3447 768 3517 inquirimus.
794 3446 929 3503 Cum
956 3449 1119 3518 igitur
1146 3450 1212 3503 de
1237 3449 1418 3520 genito
1444 3447 1539 3505 Dei
1571 3449 1749 3506 Verbo
1774 3453 1988 3518 dicitur,

417 3539 560 3608 quod
582 3539 654 3594 sit
671 3538 845 3594 ﬁdelis
865 3540 915 3595 ei
938 3541 1029 3609 qui
1059 3539 1184 3595 fecit
1205 3538 1478 3610 ipsum‘“,
1508 3556 1574 3596 ne
1597 3544 1720 3611 quis
1745 3545 1993 3613 proprie-

416 3640 583 3687 tatem
609 3630 940 3686 exsistentiae
958 3632 1128 3701 ipsius
1150 3633 1531 3699 calumnietur,
1569 3637 1663 3689 sed
1681 3644 1775 3689 aut
1796 3636 1993 3690 intelli-

418 3733 505 3794 gat
529 3724 736 3779 ratione
774 3724 1174 3779 incarnationis
1199 3724 1428 3790 dictum,
1462 3735 1557 3779 aut
1606 3726 1745 3780 nihil
1792 3724 1987 3782 olliciat

416 3817 630 3871 veritati
666 3832 861 3871 nomen
905 3817 1049 3886 quod
1079 3814 1447 3872 indill‘erenter
1482 3817 1763 3886 accipitur.
1804 3818 1992 3874 Betsa-

416 3905 517 3961 hee
569 3906 913 3961 Salomonem
978 3922 1192 3962 servum
1250 3907 1416 3963 David
1463 3910 1697 3977 vocavit,
1760 3912 1987 3967 dicens:

421 4016 441 4048 ι
471 3994 698 4051 Servum
732 4006 881 4050 tuum
911 3996 1252 4052 Salomonem
1282 3998 1348 4052 ".
1394 4016 1415 4050 ι
1434 3996 1625 4053 Patres
1640 4014 1857 4070 quoque
1886 4014 1990 4054 sae-

414 4103 733 4161 penumero.
753 4104 850 4144 eos
868 4090 962 4159 qui
988 4105 1054 4143 ex
1083 4091 1215 4160 ipsis
1250 4091 1414 4159 geniti
1445 4102 1572 4147 sunt
1594 4104 1784 4147 servos
1798 4102 1991 4148 vocant

413 4191 471 4236 et
495 4195 705 4250 servos,
739 4182 898 4238 ﬁlios.
920 4181 1183 4238 Caeterum
1220 4186 1436 4238 nomina
1467 4194 1716 4240 naturam
1744 4203 1851 4241 non
1888 4187 1991 4242 im-

414 4281 647 4338 motam,
672 4275 765 4327 sed
791 4275 968 4342 potius
1001 4283 1329 4342 pmcstatem
1362 4275 1573 4330 illorum
1601 4277 1692 4345 qui
1746 4277 1823 4332 ita
1871 4278 1989 4334 illos

413 4364 695 4434 appellare
719 4365 1039 4432 voluerunt,
1078 4370 1403 4439 signiﬁcant.
1431 4369 1585 4436 Quod
1616 4380 1794 4426 autem
1822 4374 1986 4426 etiam

413 4453 453 4510 ii
479 4456 575 4525 qui
598 4458 775 4526 geniti
797 4467 944 4523 sunt,
982 4477 1002 4510 ι
1041 4459 1167 4514 facti
1207 4479 1229 4512 ι
1278 4460 1552 4527 dicantur,
1598 4462 1725 4517 inde
1758 4464 1987 4518 manife~

2092 3263 2246 3321 οὐδὲν
2271 3266 2379 3320 ἀπὸ
2397 3258 2497 3336 τῆς
2522 3258 2721 3330 λέξεως
2749 3263 3008 3333 ὑπομένει
3053 3263 3113 3316 τὸ
3150 3263 3411 3332 ἀδίκημα.
3454 3260 3521 3314 Ἥ
3557 3260 3667 3331 γὰρ

2094 3359 2277 3427 φύσις,
2306 3358 2368 3409 οὺ
2406 3357 2625 3419 πάντως
2660 3357 2692 3427 ἡ
2737 3353 2883 3421 λέξις
2912 3352 3245 3418 ἐξετάζεται.
3278 3352 3447 3405 Ὅταν
3486 3352 3667 3405 τοίνυν

2092 3442 2187 3504 ἐπὶ
2214 3444 2308 3504 τοῦ
2340 3444 2690 3521 γεννηθέντος
2720 3446 2855 3500 Θεοῦ
2885 3448 3059 3516 Λόγου
3090 3446 3324 3517 φέρηται
3352 3445 3431 3509 τὸ,
3468 3444 3668 3499 [Itath

2092 3543 2221 3597 ὄντα
2245 3534 2321 3613 τῷ
2355 3543 2643 3612 ποιήσαντι
2682 3540 2835 3605 αὐτὸ,
2863 3538 2937 3610 μὴ
2959 3537 3403 3608 συκοφαντείσθω
3431 3537 3492 3589 τὸ
3531 3536 3667 3606 γνή-

2095 3652 2208 3687 σιον
2229 3635 2327 3705 τῆς
2365 3632 2652 3704 ὑπάρξεως
2686 3629 2873 3693 αὑτοῦ,
2907 3629 3022 3683 ἀλλ’
3066 3629 3099 3700 ἦ
3147 3628 3371 3682 νοείσθω
3406 3630 3536 3700 περϊ
3573 3629 3667 3682 τὸν

2090 3726 2189 3795 τῆς
2245 3725 2708 3797 ὲνανθρωπήσεως
2749 3722 2926 3790 λόγον,
2973 3721 3007 3792 ἢ
3052 3721 3218 3791 μηδὲν
3271 3720 3524 3775 άδικείτω
3564 3720 3667 3791 τὴν

2091 3819 2354 3890 ἀλήθειαν
2375 3821 2435 3871 τὸ
2468 3817 2569 3887 τῆς
2595 3815 2797 3880 λέξεως
2822 3814 3135 3885 ἀδιάφορον.
3153 3813 3433 3884 Βηρσαόεὲ
3456 3813 3548 3866 τὸν
3569 3814 3665 3866 Σο-

2089 3911 2306 3983 λομῶνα
2333 3908 2517 3964 δοῦλον
2540 3907 2724 3961 ἐκάλει
2749 3906 2844 3961 τοῦ
2870 3907 3051 3970 eam.
3076 3906 3308 3973 λέγουσα
3328 3923 3342 3935 ·
3380 3925 3403 3958 ο
3430 3903 3666 3960 '1‘va-

2089 4001 2179 4054 λόν
2209 4018 2302 4054 σου
2337 3999 2647 4069 Σολομῶνα.
2691 4016 2711 4048 ι
2745 3997 2854 4049 Καὶ
2894 3998 3129 4067 πατέρες
3166 3996 3427 4059 πολλάκις,
3448 3997 3575 4059 τοὺς
3603 3991 3667 4059 ἑξ

2089 4092 2299 4147 ἑαυτῶν
2344 4089 2701 4160 γεννηθέντας
2745 4087 2963 4151 δούλους
3007 4085 3364 4150 ἀποκαλοῦσι,
3403 4088 3497 4141 καὶ
3536 4087 3666 4149 τοὺς

2088 4185 2304 4249 οἰκέτας
2337 4184 2508 4247 υἱούς.
2550 4182 2690 4237 Ἀλλ’
2725 4183 2824 4255 οὐχ
2850 4185 2907 4236 αί
2935 4181 3111 4248 λέξεις
3139 4180 3239 4250 τὴν
3278 4180 3665 4248 φύσινάλλάτ-

2088 4295 2265 4341 τουσι,
2295 4275 2495 4347 μᾶλλον
2514 4274 2571 4329 δὲ
2603 4274 2703 4345 τὴν
2725 4272 2974 4339 ἐξουσίαν
3012 4272 3121 4325 τῶν
3145 4271 3291 4325 οὕτω
3325 4269 3664 4341 βουλομένων

2089 4369 2385 4424 ἀποκαλεῖν
2401 4366 2549 4419 ὲπιδε
2558 4365 2850 4420 ικνύουσιν.
2876 4365 3005 4417 ’Ότι
3017 4364 3079 4417 δὲ’
3093 4363 3191 4418 καὶ
3206 4364 3305 4417 ἐπὶ
3326 4362 3443 4416 τῶν
3464 4376 3665 4430 γεννω·

2093 4461 2269 4533 μένων
2297 4461 2611 4530 εὑρίσκεται
2638 4457 2699 4511 τὺ
2731 4477 2749 4508 ι
2789 4457 3032 4528 ἐποίησε.
3064 4474 3083 4507 ι
3106 4456 3262 4527 δῆλον
3291 4454 3567 4510 tinem“.
3598 4454 3663 4508 '0

410 4556 555 4600 stum
577 4555 681 4601 est.
710 4546 872 4617 213
898 4546 1160 4603 Ezechias
1186 4550 1329 4602 enim
1362 4549 1433 4603 ita
1469 4550 1646 4619 inquit
1678 4569 1691 4606 :
1731 4570 1749 4602 ι
1782 4552 1863 4606 Ab
1896 4552 1985 4606 ho-

2096 4552 2189 4622 μὲν
2231 4552 2339 4620 γὰρ
2379 4548 2625 4619 Ἐζεκίας
2670 4547 2863 4617 φησίνο
2897 4564 2916 4597 ι
2964 4545 3095 4598 Ἀπὸ
3140 4544 3249 4615 γὰρ
3293 4543 3390 4613 τῆς
3422 4545 3663 4613 σήμερον

409 4637 600 4692 dierno
622 4637 711 4693 die
738 4638 879 4694 filios
906 4639 1100 4694 faciant
1132 4640 1207 4695 “..
1241 4660 1260 4693 ι
1322 4640 1389 4695 Ει
1442 4643 1509 4697 de
1555 4640 1657 4698 Job
1722 4645 1982 4713 scriptum

2096 4639 2279 4693 παιδία
2312 4637 2545 4707 ποιήσω.
2577 4656 2596 4689 ι
2634 4637 2770 4708 Περὶ
2802 4635 2863 4689 δὲ
2892 4634 2987 4689 τοῦ
3032 4633 3149 4688 ’1ὼὸ
3200 4635 3527 4704 γέγραπται,
3575 4633 3662 4685 ὅτι

407 4737 496 4785 est
530 4745 544 4781 :
609 4747 629 4782 ι
658 4728 809 4786 Facti
844 4741 973 4787 sunt
1000 4735 1050 4787 ei
1084 4732 1175 4787 filii
1204 4741 1430 4804 septem,
1455 4744 1510 4788 et
1536 4734 1657 4790 ﬁlia:
1714 4745 1823 4791 tres
1852 4736 1920 4790 ⁸⁷.
1961 4756 1980 4788 ι

2096 4750 2112 4781 ι
2153 4728 2432 4798 Ἐγένοντο
2453 4727 2601 4797 αὐτῷ
2641 4728 2747 4779 υἱοὶ
2773 4725 2913 4779 ἑπτὰ
2938 4726 3035 4779 καὶ
3077 4724 3375 4795 θυγατέρες
3418 4725 3589 4794 τρεῖς.
3634 4742 3656 4775 s

410 4820 469 4876 Si
496 4836 625 4892 ergo
667 4822 723 4877 in
748 4823 1078 4891 hominibus,
1134 4841 1241 4879 non
1298 4825 1540 4881 absolute
1592 4830 1831 4894 nomina,
1890 4831 1985 4883 sed

2096 4823 2150 4874 Ei
2178 4821 2358 4875 τοίνυν
2391 4820 2480 4872 ἐπ’
2509 4817 2815 4889 ἀνθρώπων
2845 4817 2906 4871 οὐ
2946 4819 3066 4881 ταῖς
3097 4815 3405 4888 ἀκριϐείαις
3427 4814 3536 4869 τῶν
3570 4814 3657 4867 u.

409 4928 500 4968 res
534 4913 681 4984 ipsa
715 4913 1007 4983 intuentes,
1056 4930 1181 4987 quas
1225 4918 1479 4973 dicuntur
1518 4918 1978 4989 interpretamur:

2096 4914 2241 4979 Ξεων,
2266 4909 2412 4965 ἀλλὰ,
2439 4912 2513 4981 τῇ·
2538 4908 2699 4978 φύσει
2727 4908 2837 4963 τῶν
2870 4908 3213 4980 πραγμάτων
3241 4907 3537 4978 ὶνορῶντις
3559 4909 3656 4960 ιχ-

405 5003 809 5073 οιιιοιιιῡόοιιῡιι
867 5005 1083 5061 utiliter
1124 5007 1277 5062 iam
1328 5008 1390 5063 its
1443 5008 1589 5065 sui.
1622 5007 1719 5065 Dei
1767 5019 1975 5065 εωωε-

2096 5004 2355 5075 ῑεχόμεθα
2398 5002 2460 5056 τό
2502 5001 2855 5072 λαλούμενον
2897 5000 3015 5063 πῶς
3064 5002 3165 5055 οὐκ
3210 4998 3529 5068 ἀναγκαίως.
3564 4998 3658 5051 τὸν

404 5097 555 5150 nius?

2096 5097 2257 5151 αὑτὸν
2298 5092 2687 5164 διακεισόμεθα
2736 5093 2939 5162 τρόπον
2983 5093 3078 5147 ιπι
3125 5090 3229 5145 τοῦ
3267 5090 3421 5145 hic»
3459 5091 3654 5160 γεννή-

2087 5199 2289 5254 ματοςὶ

1113 5298 1270 5356 ALIU
1281 5298 1343 5354 D.
2762 5297 2971 5353 AAAO.

468 5407 694 5476 Nomen,
722 5410 897 5479 filias,
921 5412 1328 5481 generationem
1352 5422 1423 5467 ex
1467 5421 1620 5483 patre
1688 5413 1979 5485 signiﬁcat,

2150 5413 2225 5467 Τὸ
2252 5414 2382 5480 υίὸς
2412 5413 2581 5484 ὖνομα
2610 5412 2717 5483 τὴν·
2738 5412 2803 5465 ὲκ
2836 5410 3042 5482 πατρὸς
3080 5409 3335 5482 σημαίνει
3360 5407 3645 5478 γέννησιν·

408 5511 658 5554 creatura
686 5516 843 5569 vero,
868 5504 1019 5573 quod
1075 5505 1321 5559 exterius
1382 5506 1734 5561 constitutum
1790 5518 1895 5562 est.
1922 5505 1978 5563 Si

2096 5507 2139 5561 τὸ
2168 5507 2226 5560 δὲ
2253 5507 2503 5577 ποίημα,
2535 5507 2597 5560 τδ
2644 5505 2845 5573 ἔξωθεν
2902 5504 3311 5572 συνιστάμενον.
3353 5500 3417 5555 Ei
3468 5498 3651 5553 τοίνυν

403 5603 533 5660 ergo
555 5590 729 5648 Filius
755 5602 873 5662 est,
896 5608 965 5649 ne
994 5605 1215 5651 vocetur
1258 5608 1510 5652 creatura
1544 5612 1567 5654 :
1618 5600 1666 5654 si
1728 5612 1980 5655 creatura

2096 5599 2207 5663 Γίός
2233 5600 2375 5664 ἐστι,
2397 5597 2474 5671 μὴ
2504 5596 2779 5654 καλείσθω
2799 5597 3009 5668 ποίημα
3029 5613 3043 5629 ·
3082 5596 3131 5648 sl
3162 5590 3377 5664 ποίημά
3399 5592 3545 5661 ἑστι,
3571 5590 3652 5662 μὴ

484 5768 550 5803 ιδ’
580 5768 743 5826 Hebr.
782 5785 867 5836 ιιι,
894 5770 948 5827 2.
1022 5774 1067 5805 ⁸⁸
1097 5772 1160 5829 Ill
1192 5774 1323 5843 Reg.
1355 5791 1394 5844 ι,
1426 5775 1515 5832 l9.
1594 5777 1641 5808 “
1669 5772 1734 5830 IV
1763 5772 1897 5843 Reg.
1926 5790 1990 5831 xr

2096 5806 2117 5832 ι.
2193 5776 2238 5809 ⁸⁷
2264 5774 2365 5835 Job
2396 5789 2438 5841 ι,
2468 5776 2523 5833 2.
