3878 6208
146 247 245 302 301

1561 243 2003 304 TIIESAURUS.

3300 261 3406 314 56?.

146 361 416 417 καλείσθω
450 362 795 432 ψευδώνυμος
829 363 975 427 Υἱός.
1025 365 1162 418 Ἀλλ’
1195 366 1319 428 Υἱὸς
1361 365 1604 421 καλεῖται
1635 368 1728 420 καὶ

1848 374 1936 428 est,
1996 381 2063 421 ne
2126 367 2260 423 falso
2320 376 2538 427 nomine
2604 383 2823 428 vocetur
2886 373 3071 429 Filius.
3135 373 3403 430 Caeterum

143 459 324 509 ἔστιν’
352 456 550 509 οὐκοῦν
581 457 639 508 οὑ
670 455 901 527 ποίημα.

143 570 354 637 ΔΛΛΟ,
403 573 586 640 λόγος
621 573 872 645 πιθανὸς
909 570 1220 645 δεικνύων,
1250 573 1338 627 ὅτι
1386 575 1458 628 οὺ
1503 575 1730 645 ποίημὰ

733 642 905 694 ἐστιν
943 647 975 695 o'
1021 644 1172 709 Υἱός.

218 753 421 823 Εἴρηκὲ
473 771 574 806 που
605 754 860 824 Σολομῶν
885 758 913 808 6
943 755 1257 825 σοφώτατος
1281 798 1296 820 ,
1329 759 1411 811 ὅτι
1448 777 1465 810 ι
1498 760 1728 830 Σύμπαν

143 846 207 898 τὸ
238 849 451 918 ποίημα
479 846 598 910 ἄξει
622 848 650 900 ὁ
683 847 816 911 Θεὸς
844 851 924 912 εἰς
954 849 1154 920 κρίσιν.
1187 871 1206 904 s
1250 853 1312 904 Ei
1335 852 1514 906 τοίνυν
1542 852 1599 904 ἓν
1622 853 1729 906 τῶν

147 942 471 1012 ποιημάτων
519 942 667 994 ἐστὶν
711 943 741 994 6
778 942 927 1005 Υἱὸς,
973 943 1274 1014 ἀχθήσεται
1310 945 1406 998 καὶ
1449 946 1611 1009 αὐτὸς
1651 949 1729 1010 εἰς

147 1035 350 1106 κρίσιν.
385 1035 494 1088 Καὶ
539 1034 657 1098 πῶς
683 1035 968 1106 ἀληθεύσει
1015 1036 1188 1105 λέγων
1227 1039 1356 1108 περὶ
1395 1039 1613 1103 ἑαυτοῦ,
1647 1040 1728 1092 ὅτι

151 1147 170 1178 s
220 1128 280 1182 Ὀ
311 1127 502 1199 Πατὴρ
550 1127 726 1199 κρίνει
775 1129 987 1195 οὐδένα,
1018 1130 1157 1182 ἀλλὰ
1201 1132 1380 1184 πᾶσαν
1418 1133 1513 1202 τὴν
1549 1132 1729 1204 κρίσιν

145 1219 346 1272 δέδωκε
380 1220 459 1290 τῷ
501 1219 647 1290 Υἱῷς
688 1239 706 1271 ι
741 1220 813 1272 Ἢ
849 1219 967 1282 πῶς
994 1221 1246 1292 δ’Δανιὴλ
1273 1223 1332 1274 ού
1359 1223 1621 1291 ψεύσεται
1643 1223 1730 1276 λέ-

146 1330 261 1380 γων
297 1314 380 1366 ὅτι
411 1313 563 1384 αὑτῷ
601 1313 756 1385 ἐδόθη
784 1313 818 1383 ἡ
857 1313 1074 1383 κρίσις;
1111 1315 1388 1385 Ἀληθεύει
1439 1317 1522 1369 δεῖ·
1570 1320 1731 1382 αὐτὸς

148 1408 257 1478 γάρ
283 1409 430 1460 ἐστιν
460 1407 488 1459 6
520 1407 809 1478 ἐρχόμενος
846 1411 1027 1478 κρῖναι
1083 1407 1292 1473 ζῶντας
1329 1411 1422 1463 καὶ
1477 1413 1726 1484 νεκρούς.

149 1500 359 1553 Οὐκοῦν
383 1500 442 1552 οὐ
468 1501 700 1570 ποίημα,
737 1501 856 1553 οὐδὲ
883 1501 988 1554 τῶν
1018 1501 1231 1554 πάντων
1265 1502 1343 1566 ἓν,
1373 1505 1460 1558 ἵνα
1493 1506 1567 1576 μὴ
1599 1507 1732 1575 ἄγη·

149 1610 243 1646 ται
275 1595 366 1645 καὶ
392 1592 553 1656 αὐτὸς
577 1593 655 1655 εἰς
690 1592 890 1663 κρίσιν.

1831 455 1999 513 Filius
2022 470 2074 514 et
2106 472 2348 530 vocatur,
2377 473 2432 519 et
2465 477 2550 520 est
2581 482 2595 519 :
2635 483 2737 520 non
2799 475 2883 521 est
2915 468 3076 536 igitur
3127 479 3402 521 creatura.

1829 570 2062 638 ALIUD,
2083 575 2376 629 verisimilis
2404 578 2738 655 ratiocinatio
2765 580 3039 633 ostendens
3065 577 3203 647 quod
3230 577 3410 634 Filius

2370 663 2471 700 non
2495 659 2560 702 att
2595 661 2855 707 creatura.

1901 753 2343 826 Sapientissimus
2369 760 2458 814 ille
2520 761 2774 819 Salomon
2831 765 3026 822 alicubi
3079 767 3151 822 ita
3182 768 3402 836 inquit:

1837 867 1855 898 ‹
1891 847 2115 903 Onmcm
2175 859 2474 906 creaturam
2507 855 2666 910 ducet
2696 855 2835 912 Deus
2895 858 2960 912 ad
3005 859 3266 926 judicium
3302 858 3400 909 ".s

1833 938 2040 1012 Siergo
2067 940 2237 996 Filius
2261 954 2344 998 est
2369 960 2531 998 unum
2567 946 2769 1016 aliquid
2806 963 2869 1002 ex
2929 949 3149 1014 creatis,
3178 951 3407 1004 ducetur

1831 1031 1994 1084 etiam
2025 1031 2140 1099 ipse
2171 1032 2222 1085 in
2247 1032 2532 1100 judicium.
2567 1037 2728 1105 Atqui
2754 1040 3020 1105 quomodo
3076 1055 3201 1093 vere
3264 1041 3408 1092 dicet

1832 1119 1899 1171 de
1931 1120 2142 1187 seipso:
2172 1139 2189 1170 ι
2223 1121 2382 1174 Pater
2402 1139 2508 1177 non
2545 1125 2749 1192 judicat
2783 1143 3138 1198 quemquam,
3167 1131 3262 1184 sed
3296 1146 3407 1184 om-

1834 1225 1901 1265 ne
1924 1211 2186 1281 judicium
2211 1213 2357 1268 dedit
2381 1214 2516 1271 Filio
2546 1218 2624 1271 ’θῖ
2655 1219 2798 1273 »Αυι
2822 1222 3092 1290 quomodo
3119 1238 3224 1276 non
3257 1239 3408 1276 men-

1835 1304 1999 1358 tietur
2051 1305 2242 1362 Daniel
2299 1310 2505 1377 dicens,
2557 1313 2701 1380 quod
2763 1313 2861 1382 ipsi
2899 1315 3084 1368 datum
3131 1323 3217 1368 est
3259 1314 3406 1382 judi-

1833 1396 1976 1449 cium
2004 1397 2096 1452 '°?
2129 1399 2234 1454 Sed
2269 1415 2393 1456 vere
2437 1403 2567 1457 dicit
2613 1421 2625 1456 :
2667 1405 2781 1473 ipse
2834 1404 2980 1460 enim
3033 1415 3289 1460 venturus
3327 1417 3411 1460 est

1835 1492 1899 1543 ad
1922 1489 2273 1558 judicandum
2303 1497 2452 1550 rivos
2478 1508 2532 1550 et
2571 1510 2810 1552 mortuos
2843 1498 2930 1552 '°'.
2957 1497 3074 1554 Non
3137 1509 3218 1554 est
3251 1501 3412 1570 igitur

1833 1593 2104 1651 creatura,
2126 1599 2298 1654 neque
2330 1604 2467 1641 unus
2497 1604 2562 1643 ex
2586 1591 2855 1656 omnibus,
2881 1607 2945 1646 nc
2971 1592 3223 1646 nimirum
3244 1593 3410 1647 etiam

1764 1717 1805 1771 Β
1837 1673 1950 1742 ipse
1977 1676 2030 1730 in
2059 1675 2318 1745 judicium
2353 1680 2605 1771 ducatur.

153 1800 358 1858 ΑΛΛΟ.
393 1799 830 1869 διηγηματικῶς
858 1804 944 1867 εἰς
982 1803 1067 1860 τὸ,
1118 1825 1134 1854 ι
1175 1803 1599 1869 Κατανοήσίιτε
1627 1805 1734 1856 τόν

1848 1789 2066 1857 ALIUD,
2088 1793 2397 1869 capticatius
2427 1797 2484 1869 in
2504 1763 2660 1862 illud,
2697 1816 2715 1848 ι
2753 1795 3090 1869 Considerate
3117 1801 3411 1869 apostolum

220 1871 573 1944 ἀπόστολον
606 1871 1007 1944 καὶ-ἀρχιερέα
1037 1871 1144 1940 τῆς
1183 1876 1505 1942 ὁμολογίας
1545 1873 1732 1944 ἡμῶν,

221 1942 445 2012 πιστόν
474 1942 616 1993 ὄντα
641 1941 742 2012 ,τῷ
771 1945 1092 2008 ποιήσαντι
1136 1945 1324 1996 αὐτόν
1343 1961 1355 1970 ·
1381 1941 1421 1995 ⁷»
1457 1945 1554 1998 καί
1584 1941 1735 2012 ἑξῆς

222 2013 261 2079 ἢ
291 2010 528 2065 διάνοια
555 2011 661 2066 τοῦ
679 2013 892 2079 ῥητοῦ.

223 2127 300 2181 Οὐ
318 2127 417 2199 τὴν
437 2127 531 2181 τοῦ
557 2129 733 2196 Λόγου
762 2127 923 2197 φύσιν
945 2127 1307 2200 ἐξηγούμενος
1329 2131 1356 2182 6
1392 2131 1733 2196 Ἀπόστολος,

152 2221 381 2276 τοιαῦτά
426 2239 612 2292 φησιν,
649 2222 786 2275 ἀλλὰ
832 2221 931 2292 τὴν
965 2223 1102 2292 μετά
1157 2223 1360 2294 σαρκὸς
1401 2225 1732 2295 οἰκονομίαν.

154 2313 289 2365 Πότε
325 2313 430 2382 γάρ
473 2311 698 2380 γέγονεν
735 2313 1028 2382 ἀρχιερεὺς
1074 2313 1173 2383 τῆς
1221 2314 1512 2384 ὁμολογίας
1544 2315 1735 2385 sum;

155 2405 290 2458 Πότε
337 2404 394 2456 δὲ
445 2403 771 2470 ἀπόστολος;
807 2406 942 2457 Πότε
989 2405 1047 2458 δὲ
1093 2407 1282 2470 πιστὸς
1325 2407 1404 2477 τῷ
1452 2409 1737 2477 ποιήσαντι

151 2497 350 2560 αὑτόν;
380 2492 457 2550 Ἦ
492 2497 580 2550 ὅτε
623 2496 690 2549 δι’
717 2499 867 2568 ἡμᾶς
895 2498 988 2551 καὶ
1021 2499 1159 2570 ὑπὲρ
1191 2499 1344 2569 ἡμῶν
1375 2499 1598 2568 γέγονεν
1641 2501 1734 2554 ἄν·

154 2588 396 2656 θρωπος,
441 2587 710 2640 καὶκατὰ
741 2587 839 2658 τὴν
886 2588 1132 2641 Ἰωάννου
1167 2590 1370 2660 φωνὴν,
1408 2610 1426 2641 ι
1474 2592 1531 2643 Ὀ
1569 2591 1739 2658 Λόγος

155 2684 290 2756 σὰρξ
338 2685 574 2753 ἐγένετο.
620 2703 638 2734 ι
679 2685 813 2738 Τότε
863 2683 943 2753 τῷ
983 2687 1267 2754 ποιήσαντι
1305 2683 1490 2747 αὑτὸν,
1539 2683 1613 2748 ὡς
1645 2685 1738 2738 ἄν·

153 2776 396 2846 θρωπος,
427 2778 524 2831 καὶ
551 2777 740 2840 πιστὸς
772 2777 990 2846 ἐγένετο
1013 2776 1237 2848 πληρῶν
1275 2776 1440 2830 αὐτοῦ
1469 2779 1529 2830 τὸ
1557 2776 1736 2847 ἔργον,

153 2867 408 2938 καθάπερ
432 2869 594 2930 αὐτὸς
621 2867 774 2937 ἔλεγε
796 2885 810 2898 ·
839 2868 960 2921 τότε
1007 2869 1231 2937 γέγονεν
1268 2868 1564 2931 ἀπόστολος
1597 2868 1740 2939 ὑπὲρ

151 2958 311 3029 ήμῶν
332 2961 428 3012 καὶ
443 2960 506 3013 δι’
523 2961 668 3030 ἡμᾶς
687 2961 1034 3026 ἀποσταλείς·
1055 2963 1178 3014 τότε
1206 2963 1397 3030 γέγονε
1423 2963 1521 3033 τῆς
1546 2962 1737 3032 ὁμολο-

1905 1873 1953 1913 el
1984 1865 2284 1938 pontiﬁcem
2311 1865 2654 1938 confessionis
2689 1878 2885 1921 nostra:
2905 1867 3088 1923 Iesum
3121 1865 3409 1938 Christum,

1904 1936 1992 1998 qui
2011 1933 2276 2010 ﬁdelisest
2315 1937 2361 1988 ei
2376 1938 2464 2010 qui
2488 1938 2606 2005 fecit
2640 1941 2807 2006 ipsum
2843 1955 2864 1993 :
2893 1957 2910 1989 ι
2951 1952 2997 1993 et
3024 1941 3265 2010 deinceps
3292 1933 3412 1997 vera

1897 2005 2151 2056 sententia
2178 2005 2336 2074 hujus
2362 2008 2512 2062 dicti.

1911 2115 2027 2169 Non
2055 2128 2301 2172 naturam
2342 2119 2496 2175 Verbi
2531 2123 2811 2178 declarans
2847 2123 3042 2180 Pau.us
3101 2127 3214 2181 haec
3251 2128 3409 2192 dixit,

1840 2209 1933 2262 sed
1958 2210 2098 2263 illius
2133 2214 2583 2268 incarnationem.
2647 2217 2872 2281 Quando
2899 2219 3043 2272 enim
3103 2219 3281 2274 factus
3328 2232 3414 2273 est

1841 2303 2082 2370 pontifex
2132 2306 2495 2361 confessionis
2539 2309 2776 2363 nostrze?
2828 2312 3045 2380 quando
3106 2312 3413 2381 apostolus?

1840 2395 2058 2463 quando
2093 2397 2266 2450 ﬁdelis
2305 2400 2352 2451 ci
2404 2401 2494 2468 qui
2549 2401 2723 2468 ipsmn
2768 2396 2933 2457 fecit?
2973 2402 3163 2459 Nonne
3198 2411 3414 2475 quando

1840 2499 2064 2554 propter
2124 2503 2224 2540 nos
2283 2499 2336 2541 et
2396 2504 2491 2558 pro
2542 2493 2694 2546 nobis
2744 2492 2918 2546 factus
2956 2505 3040 2549 est
3069 2497 3253 2562 homo,
3277 2506 3417 2549 etut

1839 2578 2076 2631 Joannes
2131 2581 2339 2645 scribit,
2380 2599 2400 2632 σ
2456 2583 2686 2636 Verbum
2739 2600 2867 2638 caro
2905 2585 3103 2640 factum
3157 2587 3349 2642 est"?
3392 2607 3409 2638 ι

1842 2670 1993 2724 Tunc
2022 2670 2211 2726 facturi
2239 2690 2357 2742 suo,
2394 2686 2452 2730 ut
2481 2679 2664 2743 homo,
2695 2678 2867 2733 ﬁdelis
2892 2679 3065 2733 factus
3094 2690 3198 2746 est,
3251 2683 3414 2750 perti-

1841 2764 1993 2818 ciens
2015 2780 2151 2833 opus
2177 2765 2339 2835 illius,
2380 2769 2521 2823 sicut
2551 2771 2664 2839 ipse
2706 2780 2934 2826 testatur
2955 2771 3020 2803 ""
3050 2789 3063 2824 :
3091 2781 3220 2827 tunc
3251 2773 3414 2826 etiam

1841 2859 2113 2925 apostolus
2136 2861 2428 2928 factusest,
2456 2879 2555 2932 pro
2578 2867 2734 2920 nobis
2758 2875 2813 2919 et
2831 2875 3052 2936 propter
3073 2882 3171 2922 nos
3189 2868 3411 2922 missus:

1844 2960 1968 3003 tunc
1991 2951 2165 3006 lactus
2197 2964 2279 3008 est
2304 2957 2542 3023 pontifex
2568 2957 2925 3014 confessionis
2945 2969 3166 3024 nostrai,
3182 2960 3414 3015 oﬁ‘ereus

151 3055 278 3123 γίας
299 3054 464 3125 ἡμῶν
488 3055 798 3126 ἀρχιερεὺς,
828 3057 1155 3128 προσφέρων
1186 3058 1287 3126 τῆς
1312 3056 1549 3120 πίστεως
1579 3057 1736 3126 ἡμῶν

1848 3046 2240 3102 cutilessionem
2281 3051 2400 3104 ﬁdei
2447 3061 2648 3105 nostra:
2681 3050 2850 3118 Patri,
2895 3062 2951 3107 et
2994 3069 3189 3124 corpus
3232 3071 3412 3119 suum,

150 3151 247 3222 τὴν
285 3149 583 3220 ὁμολογίαν
613 3149 690 3220 τῷ
733 3151 932 3221 Πατρὶ,
960 3152 1054 3202 καὶ
1082 3151 1142 3203 τὸ
1170 3150 1300 3203 [διον
1346 3150 1526 3221 σῶμα,
1564 3150 1736 3203 καθά-

151 3260 257 3313 περ
288 3259 346 3294 τι
375 3241 523 3312 θῦμα
571 3243 864 3312 προσάγων
916 3242 1169 3314 ἄμωμον,
1211 3245 1297 3296 ἵνα
1336 3243 1543 3308 πάντας
1592 3245 1740 3315 ἡμᾶς

149 3335 216 3388 δι’
265 3334 436 3387 αὑτοῦ
477 3333 768 3406 καθαρίσῃ.
801 3338 898 3388 Ἂν
945 3337 1127 3390 τοίνυν
1173 3337 1398 3408 λέγηται
1429 3340 1556 3408 περὶ
1613 3338 1738 3391 Υἱοῦ

150 3427 232 3479 ὅτι
268 3425 464 3494 γέγονε
515 3427 726 3490 πιστὸς,
764 3430 844 3481 ὅτι
875 3429 1098 3497 γέγονεν
1149 3431 1468 3494 ἀπόστολος,
1519 3431 1740 3500 γέγονεν

153 3519 472 3589 ἀρχιερεὺς,
513 3521 762 3590 μὴκατὰ
809 3522 909 3591 τῆς
954 3525 1140 3586 οὐσίας
1173 3525 1336 3578 αὑτοῦ
1388 3526 1636 3596 φερέσθω
1682 3526 1742 3578 τὸ

154 3613 331 3683 ῥῆμα.
380 3613 517 3666 ἀλλὰ
564 3615 704 3667 κατά
749 3618 848 3686 τῆς
891 3616 1001 3669 τῶν
1052 3618 1392 3689 πραγμάτων
1437 3621 1738 3691 ποιότητος.

167 3704 391 3774 Ἐπειδὴ
413 3705 749 3770 καὶΠαῦλος,
789 3708 1076 3778 ἄνθρωπος
1106 3711 1180 3762 ὢν
1203 3713 1296 3763 καὶ
1327 3711 1588 3782 ὑπάρχων
1615 3712 1738 3782 ἤδη,

155 3797 384 3864 γέγονεν
419 3798 734 3862 ἀπόστολος,
773 3800 868 3852 καὶ
909 3803 1113 3873 Μωσῆς
1140 3803 1397 3866 ὡσαύτως
1428 3807 1618 3872 γέγονε
1650 3823 1740 3856 πι-

157 3889 280 3952 στὸς
313 3890 372 3943 ἐν
422 3889 528 3959 ὅλῳ
566 3891 644 3960 τῷ
694 3893 828 3962 οἴκῳ
861 3893 1048 3956 αὑτοῦ,
1093 3896 1186 3948 καὶ
1226 3895 1436 3965 Ἀαρὼν
1479 3897 1741 3960 ὡσαύτως

153 3982 216 4048 γε
231 3998 381 4049 τονεν
415 3982 708 4052 ἀρχιερεὺς
753 3987 812 4036 ὲν
843 3986 1021 4056 ἑαυτῷ
1051 3989 1143 4040 καὶ
1185 3989 1350 4041 πάλαι
1379 3989 1468 4041 τὸν
1512 3990 1742 4062 Σωτῆρα

159 4073 406 4146 μορφῶν.
439 4074 648 4146 Ὅνπερ
683 4079 791 4148 γὰρ
818 4079 1018 4150 τρόπον
1048 4082 1076 4132 6
1111 4080 1319 4152 Ἀαρὼν
1348 4082 1447 4133 οὐκ
1477 4083 1739 4153 ἐγεννήθη

159 4163 260 4234 μὲν
287 4165 604 4236 ἀρχιερεὺς,
639 4168 854 4231 πολλοῖς
881 4169 936 4222 δὲ
973 4169 1199 4241 ὕστερον
1229 4173 1440 4243 χρόνοις
1462 4173 1621 4226 τοῦτο
1652 4173 1743 4242 γέ-

155 4272 304 4323 γονε,
335 4256 428 4308 τὸν
459 4258 667 4330 ποδήρη
719 4261 1165 4334 περιϐαλόμενος,
1207 4265 1300 4318 καὶ
1333 4265 1430 4337 τὴν
1470 4266 1739 4336 ἐπωμίδα,

157 4349 252 4400 καὶ
281 4347 354 4400 τὰ
381 4348 515 4402 ἄλλα
545 4350 648 4420 τῆς
696 4353 979 4424 ἱερατικῆς
1019 4354 1244 4426 ἐσθῆτος
1279 4357 1554 4428 σχήματα,
1597 4357 1741 4429 άπερ

155 4433 224 4509 ἦν
253 4440 395 4511 ἔργα
447 4445 756 4509 γυναικῶν·
811 4447 900 4499 τὸν
934 4448 1097 4501 αὑτὸν
1128 4451 1191 4518 δὴ
1248 4453 1449 4521 τρόπον
1496 4453 1590 4503 καὶ
1648 4452 1740 4503 ἐπὶ

157 4533 418 4604 Χριστοῦ.
453 4532 561 4588 Ἦν
606 4539 704 4606 μὲν
743 4540 850 4610 γάρ
877 4541 904 4590 ό
942 4542 1112 4608 Λόγος
1145 4545 1203 4596 ἐν
1251 4545 1415 4615 ἀρχῇ,
1458 4543 1637 4613 πολλῴ
1682 4543 1740 4596 δὲ

158 4623 388 4696 ὓστερον
419 4629 593 4699 χρόνῳ
626 4631 848 4698 γέγονεν
871 4635 1012 4702 ὑπὲρ
1039 4636 1194 4705 ἡμῶν
1221 4637 1530 4707 ἀρχιερεὺς,
1555 4637 1742 4710 ὥσπερ

158 4719 283 4770 τινὰ
335 4719 544 4790 ποδήρη
580 4723 670 4774 τὸν
714 4725 776 4775 ἐκ
819 4729 1076 4793 γυναικὸς
1123 4728 1405 4800 ἄνθρωπον
1454 4732 1571 4802 ἦτοι
1619 4731 1744 4785 ναὸν

162 4811 452 4865 ἀναλαϐών
477 4831 490 4842 ·
527 4815 614 4870 ἵνα
658 4815 734 4886 τῷ
770 4817 883 4888 ἰδίῳ
921 4821 1111 4890 αἵματι
1163 4823 1434 4896 καθαρίσῃ
1471 4824 1565 4876 τὸν
1594 4824 1740 4889 λαὸν,

160 4904 358 4956 ἑαυτὸν
405 4911 787 4976 προσενεγκὼν
839 4912 914 4974 ὡς
969 4914 1139 4982 ἀμνὸν
1191 4916 1420 4986 ἄμωμον
1466 4917 1541 4987 τῷ
1588 4918 1740 4990 Θεῷ·

168 5017 184 5046 ι
227 4997 303 5050 Οὐ
338 4999 446 5068 γὰρ
485 5002 738 5072 ἐποίησεν
773 5005 1066 5075 ἁμαρτίαν,
1107 5009 1226 5061 οὐδὲ
1271 5011 1466 5082 εὑρέθη
1504 5012 1651 5075 δόλος
1687 5015 1744 5066 ἐν

158 5088 239 5158 τῷ
283 5090 509 5160 στόματι
541 5094 728 5148 αὑτοῦ.
772 5117 790 5148 ι

163 5207 293 5259 ’Ότι
325 5207 508 5283 nuder
529 5207 734 5283 ἕτερον
765 5215 1087 5282 σημαίνειν
1119 5217 1407 5282 ,βούλεται
1428 5219 1494 5272 τὸ
1535 5221 1742 5283 πιστὸς,

441 5280 481 5348 ἢ
524 5280 611 5334 ὅτι
649 5280 902 5354 ἀληθινὸς
939 5288 1038 5340 καὶ
1081 5280 1458 5354 ἀναλλοίωτος.

237 5393 436 5458 Πιστὸς
465 5396 494 5448 ὀ
527 5397 716 5470 Σωτὴρ
749 5400 990 5455 καλεῖται
1014 5403 1255 5468 δικαίως,
1285 5405 1416 5475 μίαν
1443 5407 1582 5477 ὑπὲρ
1607 5408 1714 5460 πάν

160 5501 274 5538 των
324 5485 514 5541 θυσίαν
563 5491 962 5560 προσενεγκὼν,
1008 5495 1107 5564 τὴν
1162 5497 1331 5568 αὐτὴν
1382 5498 1469 5550 ἀεὶ
1507 5499 1601 5552 καὶ
1647 5499 1747 5553 οὐκ

240 5650 288 5680 ⁸⁸
315 5651 490 5706 Errle.
523 5669 619 5715 XII.
651 5657 736 5710 H.
816 5656 859 5689 "
895 5657 1047 5711 Joan.
1071 5676 1126 5721 ν,
1160 5661 1248 5714 22.

164 5723 218 5776 ὅ.
296 5723 340 5754 ⁸³
371 5726 529 5781 Num.
574 5744 670 5786 xit.
707 5729 762 5784 7.
839 5730 884 5760 ⁵³
914 5728 930 5780 I
963 5729 1085 5783 Pctr
1136 5747 1194 5793 ιι,
1225 5734 1319 5789 ‘22.

485 5822 761 5883 Pnnoc.
810 5824 930 5885 Gn.
985 5826 1234 5887 LXXV.

1330 5665 1375 5695 ⁸ο
1406 5664 1651 5725 Dan.vn.
1685 5667 1751 5720 15
1797 5664 1881 5721 Η.

1842 3139 2005 3192 veluti
2040 3142 2436 3197 innnaculatam
2485 3147 2774 3214 quamdam
2851 3149 3079 3202 hostiam
3123 3149 3415 3213 adducens,

1843 3242 1900 3282 ut
1931 3247 2121 3286 omnes
2155 3249 2254 3288 nos
2284 3250 2379 3302 per
2411 3236 2588 3304 ipsum
2625 3241 2924 3292 mundaret.
2953 3238 3010 3293 Si
3040 3254 3169 3306 ergo
3228 3241 3294 3294 de
3330 3239 3419 3294 Fi—

1843 3320 1914 3374 lio
1940 3323 2160 3387 dicitur,
2189 3327 2332 3393 quod
2371 3324 2545 3379 factus
2589 3326 2662 3379 sit
2709 3328 2906 3394 fidelis,
2934 3330 3074 3396 quod
3108 3329 3286 3384 iactus
3347 3333 3420 3384 sit

1842 3415 2138 3481 apostolus,
2170 3417 2344 3471 factus
2362 3418 2602 3488 pontifex
2627 3437 2642 3486 ;
2669 3435 2776 3475 non
2804 3422 2869 3474 ad
2911 3424 3203 3476 essentiam
3249 3424 3420 3491 ipsius

1843 3509 2042 3563 dictum
2072 3509 2411 3566 referendum
2437 3523 2539 3578 est,
2576 3515 2669 3570 sed
2698 3519 2763 3570 ad
2796 3517 3107 3584 qualitatem
3141 3521 3306 3595 214
3330 3536 3418 3575 re-

1845 3614 1986 3653 rum.
2061 3599 2343 3672 Siquidem
2377 3613 2432 3658 et
2453 3604 2650 3660 Paulus
2679 3607 2840 3662 homo
2865 3623 2986 3661 cum
3017 3623 3180 3676 esset,
3220 3622 3274 3664 et
3307 3612 3418 3677 jam

1842 3695 2149 3760 exsisteret,
2184 3696 2356 3750 factus
2383 3705 2465 3752 est
2485 3699 2758 3766 apostolus
2786 3720 2800 3754 :
2831 3710 2886 3754 ct
2907 3701 3083 3756 Moses
3107 3703 3292 3757 eadem
3328 3719 3418 3756 ru-

1845 3789 1990 3843 tione
2021 3789 2201 3844 factus
2230 3799 2312 3843 est
2344 3791 2536 3856 ﬁdelis,
2576 3793 2628 3846 in
2661 3803 2771 3848 tota
2811 3794 2972 3848 domo
2994 3797 3110 3864 ejus
3147 3796 3217 3848 ι’.
3244 3795 3420 3850 Simili

1845 3884 2005 3938 modo
2034 3885 2196 3938 etiam
2225 3886 2402 3939 Aaron
2451 3885 2625 3941 [actus
2677 3897 2760 3942 est
2813 3887 3075 3957 pontifex,
3121 3889 3419 3943 Salvator-is-

1845 3987 2028 4046 typum
2060 3976 2171 4046 jam
2222 3979 2350 4030 olim
2405 3977 2457 4031 in
2526 3993 2586 4034 se
2631 3979 2894 4034 referens.
2952 3982 3417 4047 Quemadmodum

1843 4069 1986 4120 enim
2023 4070 2202 4122 Aaron
2235 4083 2340 4123 non
2371 4079 2447 4123 est
2481 4081 2639 4125 natus
2668 4071 3030 4139 pontifex,sed
3070 4072 3252 4125 multis
3268 4083 3418 4142 post-

1844 4176 1906 4214 ea
1961 4162 2292 4229 temporibus
2338 4161 2391 4216 id
2423 4161 2594 4216 factus
2623 4175 2728 4230 εει,
2767 4163 2990 4217 talarem
3018 4176 3223 4219 vestem
3263 4166 3419 4219 indu-

1847 4265 1954 4321 tus,
1983 4265 2032 4310 ct
2060 4257 2524 4327 superhumerale,
2556 4257 2870 4326 reliquaque
2916 4258 3239 4326 pontiﬁcalis
3263 4259 3418 4313 habi-

1847 4357 1934 4402 tus
1964 4360 2282 4402 ornamenta
2315 4364 2343 4402 a
2369 4348 2682 4404 mulieribus
2706 4350 2950 4404 confecta
2982 4370 2997 4406 :
3059 4353 3200 4406 idem
3263 4354 3422 4422 plane

1845 4443 1912 4495 de
1933 4440 2150 4495 Christo
2180 4441 2342 4496 etiam
2371 4445 2697 4496 censendum
2721 4452 2822 4498 est.
2861 4443 2988 4498 Erat
3010 4447 3153 4499 enim
3187 4447 3418 4502 Verbum

1846 4538 1898 4592 in
1929 4539 2195 4608 principio
2232 4555 2248 4593 :
2301 4536 2482 4591 nmltis
2510 4552 2639 4590 vero
2665 4546 2849 4604 postea
2872 4538 3202 4605 temporibus
3248 4539 3421 4594 tactus

1845 4643 1926 4687 cst
1960 4647 2058 4699 pro
2081 4631 2236 4684 nobis
2265 4629 2525 4699 pontifex,
2551 4628 2821 4681 hominem
2852 4643 2919 4681 ex
2976 4630 3202 4686 muliere
3255 4632 3418 4687 veluti

1849 4729 2071 4782 talarem
2100 4735 2304 4778 vestem
2335 4725 2449 4779 sive
2487 4722 2741 4793 templum
2776 4737 3079 4789 assumens,
3116 4737 3172 4778 ut
3201 4729 3422 4795 proprio

1845 4836 1944 4876 suo
1973 4819 2234 4884 sanguine
2264 4817 2513 4886 populum
2547 4815 2856 4879 mandaret,
2883 4827 2941 4870 ut
2963 4817 3198 4884 seipsum
3255 4820 3417 4873 veluti

1845 4930 2040 4986 agnum
2089 4912 2492 4967 immaculatmn
2560 4909 2668 4964 Deo
2707 4907 2968 4966 olierret:
3008 4930 3026 4962 ‹
3065 4909 3252 4979 Neque
3275 4915 3418 4967 enim

1850 5009 1975 5062 fecit
2028 5017 2330 5075 peccatum,
2387 5019 2558 5072 neque
2606 5003 2856 5057 inventus
2916 5013 2996 5058 est
3023 5003 3176 5059 dolus
3213 5007 3264 5058 in
3329 5022 3431 5057 ore.

1846 5101 1959 5168 cjns
1989 5100 2052 5155 ⁵³.
2099 5119 2117 5151 ι

1848 5216 2000 5282 Quod
2034 5214 2204 5270 ﬁdelis
2235 5212 2366 5267 nihil
2391 5212 2537 5266 aliud
2566 5214 2816 5280 signiﬁcet
2847 5229 3004 5281 quant
3061 5227 3220 5267 verus
3273 5223 3430 5281 atque

2449 5285 2816 5338 imumtahilis.

1919 5403 2177 5458 Servator
2208 5411 2390 5456 noster
2426 5401 2621 5454 merito
2643 5410 2867 5455 vocatur
2887 5401 3090 5462 ﬁdelis.
3115 5400 3311 5470 quippe
3333 5399 3424 5468 qui

1849 5512 2009 5551 unam
2043 5510 2138 5564 pro
2160 5493 2414 5550 omnibus
2447 5493 2679 5547 hostiam
2703 5492 2916 5555 obtulit,
2943 5508 3063 5561 quze
3095 5507 3308 5560 semper
3333 5507 3427 5544 eu-

1962 5659 2091 5714 Wlll
2119 5659 2258 5714 Tim.
2292 5657 2432 5724 iv,l.
2510 5657 2551 5688 ⁸³
2587 5653 2742 5712 Joan.
2771 5670 2810 5723 ι,
2842 5654 2927 5708 14.

3003 5655 3071 5685 δι’
3097 5652 3256 5708 Joan.
3288 5665 3424 5717 XVII,

3037 5815 3102 5876 12
