3878 6208
483 267 588 322 563

1476 265 1535 320 S.
1576 262 1853 320 CYRILLI
1894 262 2363 319 ALEXANDRINI
2402 263 2721 323 ARCHIEP.

3644 264 3755 319 σοι

481 385 608 438 dem
640 391 745 449 est,
779 395 955 451 neque
985 395 1224 451 unquam
1261 389 1518 435 mutatur.
1549 399 1568 432 ι
1608 381 1785 435 Semel
1806 382 1949 436 enim
1974 398 2047 451 prt

2171 382 2590 457 ἀλλαττομένην.
2628 401 2649 434 ‹
2688 380 2872 443 ’Ἀπαξ
2904 382 3012 454 γὰρ
3047 383 3334 438 ἀποθανὼν
3373 383 3513 455 ὑπὲρ
3565 384 3751 455 ἡμῶν.

495 475 651 529 nobis
679 484 952 540 mortuus,
985 490 1090 528 non
1128 473 1331 528 videbit
1357 473 1585 543 amplius
1603 484 1827 527 mortem
1850 474 1917 527 ⁸⁸.
1950 492 1967 525 ›
2000 475 2065 527 Et

485 579 703 619 rursum
740 563 1033 633 Apostolus
1058 562 1127 616 ad
1154 563 1464 618 Corinthios
1491 564 1753 625 scribens,
1784 564 1893 617 ait:
1932 583 1949 614 ι
1976 563 2063 617 Fi-

482 656 616 709 delis
647 655 810 719 Deus,
843 670 939 723 per
961 670 1123 723 quem
1148 657 1321 710 vocati
1357 656 1490 711 estis
1520 656 1572 709 in
1604 657 1911 710 societatem
1942 655 2061 709 Filii

478 749 596 816 ejus
624 748 690 800 ”.
730 765 748 799 ι
795 745 1056 801 Similiter
1082 757 1137 801 et
1170 747 1363 802 Petrus
1396 764 1409 800 :
1449 767 1465 799 t
1501 748 1625 802 Ideo
1654 748 1689 801 ii
1721 748 1811 817 qui
1851 747 2063 817 patiun—

479 849 588 901 tur,
614 837 756 890 ﬁdeli
788 834 1033 891 Creatori
1080 838 1465 891 commendent
1518 838 1727 890 animas
1783 852 1907 890 suas
1932 836 1998 891 ⁸⁸.
2035 855 2054 889 ι

476 924 677 979 Paulus
718 927 884 980 etiam
949 928 1015 981 ad
1062 925 1631 983 Tltessalonicenses:
1672 946 1689 979 ι
1731 928 1932 982 Fidelis
1980 938 2062 981 est

476 1022 565 1087 qui
592 1034 689 1073 nos
716 1021 949 1086 vocavit,
973 1020 1061 1090 qui
1090 1029 1143 1074 et
1190 1020 1353 1075 faciet
1376 1022 1447 1075 ⁵⁷.
1489 1041 1507 1074 ι
1542 1022 1607 1075 Ει
1641 1023 1705 1075 ad
1738 1022 1907 1076 alios:
1952 1039 1969 1071 ι
2002 1020 2056 1075 Si

475 1111 738 1166 increduli
762 1112 1049 1178 fuerimus,
1071 1113 1158 1167 ille
1186 1114 1359 1168 ﬁdelis
1390 1113 1835 1184 permanet.Nam
1864 1124 2061 1167 semet-

474 1204 649 1273 ipsum
690 1205 960 1273 ahnegare
981 1220 1089 1260 non
1119 1215 1297 1277 potest
1354 1206 1419 1260 ⁸⁸.
1465 1225 1483 1258 ι
1514 1206 1714 1261 Fidelis
1764 1208 1929 1277 igitur
1978 1214 2060 1260 est

472 1297 737 1363 Christus,
826 1299 953 1367 quia
1023 1307 1078 1352 et
1147 1298 1309 1353 homo
1384 1297 1561 1353 factus
1653 1299 1855 1352 mansit
1918 1296 2056 1351 idem

472 1404 646 1458 usque
697 1407 861 1456 nunc,
931 1401 987 1445 et
1037 1391 1090 1445 itt
1132 1391 1328 1446 saecula
1362 1408 1376 1444 :
1412 1402 1573 1461 atque
1627 1392 1700 1445 ita
1747 1391 1963 1460 quidem
1994 1388 2058 1441 ﬁ-

471 1483 607 1537 delis
642 1490 748 1549 est,
776 1484 915 1538 sicut
935 1491 990 1539 et
1012 1481 1182 1539 Pater
1216 1483 1389 1539 ﬁdelis
1414 1483 1615 1538 dicitur
1649 1483 1703 1536 in
1724 1496 1883 1537 sacra
1910 1481 2056 1536 Scri-

468 1584 645 1643 ptura.

468 1705 538 1763 In
565 1708 725 1773 illud,
759 1727 777 1759 ι
818 1708 1076 1763 Firmiter
1098 1710 1264 1779 igitur
1286 1712 1415 1763 sciat
1444 1712 1614 1763 omnis
1634 1710 1820 1763 domus
1854 1707 2046 1777 Israel,

536 1780 663 1849 quia
699 1778 986 1833 Dominum
1016 1778 1185 1848 ipsum
1215 1791 1261 1833 et
1304 1780 1569 1834 Christum
1598 1781 1720 1849 fecit
1739 1781 1879 1835 Deus
1909 1782 2046 1834 hunc
2075 1791 2119 1846 Β

539 1847 747 1917 Iesum,
779 1866 931 1921 quem
959 1851 1299 1918 cruciﬁxistis
1325 1851 1392 1905 δ’.
1432 1854 1469 1919 ij

533 2046 767 2104 Necesse
794 2063 983 2103 rursus
1014 2057 1118 2115 est,
1148 2056 1207 2102 ut
1240 2050 1327 2103 hic
1363 2062 1609 2115 vernum,
1639 2066 1662 2100 ι
1704 2049 1861 2117 fecit,
1890 2070 1910 2102 ι
1939 2068 2047 2107 ιιοιι

465 2141 533 2195 ad
583 2142 875 2196 essentiam
905 2139 1068 2194 Verbi
1117 2139 1432 2195 referatur:
1495 2156 1670 2209 neque
1718 2143 2049 2198 exsistentite

465 2235 585 2289 Filii
620 2243 840 2304 propter
879 2234 983 2288 hoc
1023 2249 1221 2288 nomen
1262 2233 1543 2288 insultare.
1572 2233 1706 2288 Nam
1742 2237 1788 2290 si
1824 2237 2046 2291 verbum

472 2348 490 2378 ι
524 2327 675 2393 fecit,
715 2345 733 2378 ι
774 2326 1098 2380 naturaliter
1121 2326 1371 2395 accipere
1396 2327 1549 2391 velis,
1573 2337 1719 2382 recte
1758 2329 1823 2381 de
1851 2330 2049 2397 templo

463 2437 531 2475 ex
572 2419 739 2473 Maria
772 2419 914 2473 facto
947 2418 1296 2486 interpretari
1341 2419 1585 2485 poteris;
1636 2418 1681 2472 si
1735 2433 1864 2472 vero
1925 2431 2049 2489 apte

463 2525 625 2583 atque
660 2513 733 2567 ita
788 2522 848 2564 ut
903 2519 1142 2578 Oportet,
1206 2508 1339 2561 nihil
1383 2511 1449 2562 ad
1504 2510 1760 2564 Verbum.
1807 2511 2047 2581 Exempli

463 2606 635 2675 gratia
670 2622 690 2659 :
737 2603 836 2668 Qui
864 2602 998 2656 olim
1032 2616 1236 2671 pauper
1261 2611 1400 2665 erat,
1427 2600 1599 2654 factus
1638 2614 1719 2656 est
1742 2603 1919 2668 dives;
1959 2612 2050 2657 aut

462 2698 554 2768 qui
591 2696 659 2751 ab
690 2695 847 2749 initio
874 2694 1133 2763 propheta
1164 2708 1270 2747 non
1299 2702 1438 2758 erat,
1470 2693 1521 2745 in
1551 2694 1868 2762 prottltetam
1889 2712 1915 2747 a
1940 2695 2048 2750 Deo

462 2791 668 2846 electus
702 2798 809 2843 est.
834 2786 970 2840 Nam
997 2788 1048 2840 in
1082 2785 1385 2855 Itujttsmodi
1420 2785 1805 2851 locutionibus,
1827 2807 1845 2839 ι
1878 2789 2049 2844 factus

462 2893 547 2941 est
575 2903 593 2936 ι
630 2899 735 2938 non
766 2880 1090 2951 principium
1118 2878 1279 2948 215
1308 2878 1603 2932 exsistendi
1641 2879 1928 2948 signiﬁcat,
1955 2882 2046 2933 sed

465 2975 859 3030 traductionem
891 2972 942 3025 in
976 2971 1122 3025 aliud
1145 2985 1306 3039 quam
1358 2980 1497 3024 erat.
1550 2968 1833 3036 Quomodo
1887 2973 2049 3040 igitur

463 3068 603 3122 Deus
626 3064 809 3120 Jesunt
864 3062 1055 3117 fecerit
1106 3061 1389 3115 Dominum
1432 3062 1518 3130 pie
1548 3064 1890 3130 quterendum
1943 3073 2044 3119 est.

2166 474 2267 528 οὑκ
2298 475 2485 544 ὑψεται
2518 475 2747 529 θάνατον
2770 477 2833 530 ἐκ
2859 476 3135 549 δευτέρου.
3164 494 3184 528 ι
3216 476 3324 529 Καὶ
3348 477 3555 529 πάλινὸ
3593 477 3727 528 ’Δπό

2166 568 2353 631 στολος
2402 569 2729 622 ἐπιστέλλων
2760 572 2869 623 τισὶ
2909 570 3091 638 λέγει’
3132 588 3150 620 ι
3192 570 3388 632 Πιστὸς
3429 569 3457 621 6
3503 570 3658 632 Θεὸς,
3683 569 3735 620 δι

2164 650 2225 711 οὗ
2257 657 2524 726 ἐκλήθητε
2561 660 2641 721 είς
2673 658 2958 712 κοινωνίαν
2981 659 3073 711 τοῦ
3110 658 3242 711 Υἱοῦ
3272 659 3457 712 αὑτοῦ.
3495 679 3514 711 ›
3544 659 3752 729 Πέτρος

2164 746 2366 815 ὁμοίως
2388 761 2400 773 ⁸
2439 747 2634 798 «Ὥστε
2669 749 2761 799 καὶ
2791 750 2839 800 οἱ
2882 749 3187 817 πάσχοντες
3220 748 3395 818 πιστῷ
3415 748 3606 819 κτίστῃ
3642 766 3749 801 πα-

2168 837 2570 908 ρατιθέσθωσαν
2614 838 2712 903 τὰς
2759 840 2937 910 ψυχὰς
2988 840 3187 893 αὐτῶν.
3240 859 3258 892 ι
3309 841 3367 893 Ὀ
3428 841 3750 902 Ἀπόστολος

2162 930 2647 983 Θεσσαλονικεῦσι·
2704 950 2721 982 ι
2770 932 2968 996 Πιστὸς
3016 935 3043 985 6
3101 932 3282 986 καλῶν
3335 935 3503 1003 ἡμᾶς,
3555 933 3615 997 ὃς
3654 934 3749 987 καὶ

2161 1023 2400 1092 ποιήσει.
2444 1042 2461 1074 ι
2498 1023 2828 1094 Καὶὸμοίως
2856 1024 2991 1093 πρὸς
3010 1025 3265 1095 ἐτέρους·
3302 1044 3319 1075 ι
3357 1026 3421 1077 Εἰ
3451 1025 3748 1095 ἀπιστήσο-

2164 1131 2283 1183 μεν,
2316 1114 2522 1177 ἐκεῖνος
2568 1113 2759 1175 πιστὸς
2791 1114 2964 1182 μένει.
3000 1134 3018 1165 ι
3066 1113 3433 1185 Ἀρνήσασθαι
3477 1113 3585 1181 γὰρ
3617 1114 3747 1165 ἑαυ-

2160 1204 2252 1258 τὸν
2279 1205 2338 1256 οὑ
2366 1204 2609 1258 δύναται.
2644 1204 2840 1265 Πιστὸς
2865 1200 2956 1258 οὖν
2976 1207 3003 1258 6
3027 1205 3284 1276 Χριστὸς,
3312 1205 3394 1257 ὅτι
3420 1206 3512 1257 καὶ
3534 1204 3746 1276 ἄνθρω-

2159 1313 2261 1359 πος
2291 1295 2551 1365 γεγονὼς,
2572 1296 2783 1365 ἔμεινεν
2810 1296 2837 1348 6
2861 1295 3043 1360 αὐτὸς,
3070 1295 3215 1365 χθὲς,
3246 1295 3340 1348 καὶ
3362 1297 3627 1365 σήμερον,
3650 1295 3744 1347 καὶ

2158 1388 2238 1450 είς
2265 1389 2392 1451 τοὺς
2424 1389 2624 1453 αἰῶνας
2652 1406 2664 1418 ·
2700 1390 2793 1442 καὶ
2827 1390 3014 1451 πιστὸς
3038 1388 3232 1452 οὕτως,
3266 1392 3341 1451 ὡς
3369 1389 3465 1441 καὶ
3488 1390 3516 1441 6
3550 1388 3743 1458 Πατὴρ

2156 1477 2296 1534 εἷναι
2324 1481 2542 1549 λέγεται
2566 1483 2755 1546 πιστὸς
2797 1483 2947 1553 παρὰ
2969 1485 3087 1545 ταῖς
3118 1482 3290 1546 θείαις
3330 1482 3596 1553 Γραφαῖς.

2154 1703 2259 1767 Είς
2299 1700 2386 1767 τὸ,
2446 1720 2465 1753 ι
2510 1702 2817 1771 Ἂσφαλῶς
2866 1698 2978 1757 οὖν
3026 1705 3362 1771 γινωσκέτω
3402 1700 3521 1768 πᾶς
3575 1698 3743 1768 οἶκος

2233 1772 2494 1841 Ἰσραὴλ,
2547 1773 2636 1827 ὅτι
2686 1774 2784 1827 καὶ
2840 1776 3063 1840 Κύριον·
3109 1775 3295 1826 αὐτὸν
3345 1774 3441 1827 καὶ
3480 1775 3743 1841 Χριστὸν

2218 1843 2509 1911 ἐποίησεν
2564 1849 2595 1897 ό
2647 1845 2791 1910 Θεὸς
2842 1845 3056 1898 τοῦτον
3123 1844 3401 1911 Ἰησοῦν,
3454 1846 3527 1898 ὃν
3571 1844 3742 1913 ὑμεῖς

2218 1914 2659 1982 ἐσταυρώσατε.
2697 1937 2715 1966 ι

2218 2048 2339 2119 Χρὴ
2381 2049 2542 2103 πάλιν
2569 2050 2755 2103 ἐνθάδε
2774 2050 2857 2115 τὸ,
2898 2069 2915 2101 ι
2953 2052 3199 2123 ἐποίησε,
3249 2071 3266 2103 ι
3304 2052 3379 2123 μὴ
3407 2053 3487 2111 εἰς
3518 2053 3619 2122 τὴν
3651 2053 3741 2105 οῦ-

2150 2140 2273 2193 σίαν
2320 2141 2616 2211 ἀναφέρειν
2642 2143 2736 2193 τοῦ
2776 2142 2973 2208 Λόγου,
3016 2144 3148 2213 μηδὲ
3187 2142 3287 2213 τῆς
3330 2142 3620 2214 ὑπάρξεως
3645 2144 3738 2195 τοῦ

2149 2232 2279 2287 Υἱοῦ
2339 2234 2426 2287 διὰ
2481 2235 2581 2305 τήν
2636 2235 2779 2299 λέξιν
2845 2236 3375 2306 καταθρασύνεσθαι.
3452 2237 3610 2289 Ἀλλὰ
3655 2238 3737 2297 τὸ,

2154 2345 2172 2377 ι
2209 2326 2485 2397 ἐποίησεν,
2525 2346 2543 2379 ι
2570 2328 2618 2378 εἰ
2646 2327 2744 2397 μὲν
2782 2327 3026 2396 φυσικῶς
3056 2327 3281 2391 ἐθέλοις,
3316 2328 3526 2400 ἐπιλήψῃ
3558 2330 3738 2391 καλῶς

2149 2418 2240 2469 ἐπὶ
2272 2417 2364 2470 τοῦ
2397 2420 2460 2469 ὲκ
2488 2420 2705 2489 Μαρίας
2742 2420 3057 2489 ποιηθέντος
3101 2420 3233 2474 ναοῦ
3254 2437 3271 2453 ο
3306 2424 3353 2474 εί
3386 2422 3443 2474 δὲ
3475 2440 3739 2492 πραγμα-

2148 2510 2314 2573 τικῶς
2347 2510 2528 2571 πάλιν,
2551 2510 2703 2563 οὐδὲν
2726 2513 2860 2580 πρὸς
2890 2512 2982 2565 τὸν
3005 2513 3195 2581 Λόγον,
3226 2510 3336 2566 οἷον
3376 2515 3505 2585 φέρε
3535 2517 3734 2568 εἰπεῖν·

2150 2601 2326 2670 ΙΙὲνης
2356 2618 2438 2663 τις
2488 2602 2654 2655 πάλαι
2699 2604 3005 2673 τυγχάνων,
3054 2606 3354 2675 χρημάτων
3405 2608 3598 2675 γέγονε
3639 2608 3734 2660 κύω

2152 2709 2265 2763 ριος
2288 2710 2300 2723 ⁸
2334 2694 2364 2763 ἢ
2422 2696 2708 2767 προφήτης
2735 2698 2833 2749 οὐκ
2877 2698 2952 2751 ὢν
2990 2698 3049 2763 ἐξ
3077 2701 3275 2769 ἀρχῆς,
3327 2703 3408 2766 είς
3450 2704 3737 2773 προφήτην

2149 2785 2533 2857 προεχειρίσθη
2571 2789 2719 2858 παρὰ
2758 2788 2915 2843 Θεοῦ.
2964 2791 3105 2843 Ἀλλ’
3137 2794 3194 2844 ὲν
3235 2796 3347 2857 τοῖς
3382 2794 3651 2858 τοιούτοις
3678 2798 3734 2849 τὸ

2155 2896 2173 2928 ι
2216 2876 2452 2944 ἐγένετο,
2486 2897 2503 2927 ι
2531 2880 2591 2930 οὑ
2621 2879 2717 2949 τὴν
2750 2881 2924 2951 ἀρχὴν
2953 2882 3046 2934 τοῦ
3091 2877 3230 2936 εἶναι
3292 2886 3565 2955 σημαίνει,
3623 2886 3734 2940 ἀλλ’

2151 2970 2231 3032 είς
2259 2969 2413 3021 ποῖόν
2458 2986 2509 3022 τι
2540 2972 2771 3041 πρᾶγμα
2805 2974 2901 3025 καὶ
2935 2976 3045 3028 ἀπὸ
3087 2977 3235 3039 τίνος
3279 2979 3464 3049 ἑτέρου
3500 2981 3734 3051 μετέστη

2149 3063 2210 3116 τὸ
2237 3064 2658 3133 σημαινόμενον.
2693 3065 2818 3129 Πῶς
2865 3062 2957 3120 οὖν
2987 3067 3192 3139 Κύριον
3242 3071 3465 3141 ἐποίησε
3503 3073 3597 3125 τὸν
3638 3074 3738 3140 Ἰη-

462 3157 594 3213 Cum
634 3157 817 3218 itaque
846 3154 986 3207 Deus
1012 3151 1245 3206 Verbum
1280 3153 1552 3207 exsistens
1580 3161 1741 3221 atque
1802 3154 2043 3208 omnium

2153 3155 2277 3208 σοῦν
2310 3156 2339 3206 6
2369 3155 2522 3221 Θεὸς,
2551 3156 2668 3219 πῶς
2700 3156 2755 3209 δὲ
2792 3158 3047 3227 Χριστὸν,
3083 3161 3377 3230 ἀναγκαῖον
3422 3164 3608 3234 ζητεῖν
3646 3167 3735 3218 εύ-

469 3250 754 3310 υοιιιὶιιιιε,
795 3263 891 3317 per
949 3245 1375 3299 incarnationem
1406 3244 1586 3300 factus
1632 3255 1721 3299 est
1773 3246 1824 3298 in
1877 3245 2047 3301 forma

462 3342 606 3396 servi
638 3341 705 3402 6°,
744 3339 962 3406 ungitur
996 3337 1212 3405 quidem
1256 3348 1558 3406 unctusque
1588 3352 1708 3392 esse
1742 3338 1939 3392 dicitur
1978 3340 2047 3403 δι,

462 3442 683 3502 pI‘Oplel‘
708 3431 759 3484 id
790 3429 933 3499 quod
965 3428 1165 3482 homini
1193 3430 1468 3482 convenit.
1535 3427 1867 3484 Conscendit
1917 3445 2048 3485 vero

459 3539 652 3578 rursus
674 3524 726 3577 in
752 3520 1138 3576 dominationis
1157 3530 1506 3588 potestatem,
1537 3536 1596 3574 ut
1619 3521 1802 3587 homo,
1833 3525 2046 3577 tametsi

459 3612 825 3675 Dominussit,
863 3613 1119 3667 nimirum
1152 3620 1210 3665 ιιι
1276 3611 1434 3666 Deus.
1503 3610 1843 3666 lncarnatum
1899 3614 2045 3669 enim

459 3716 545 3761 est
565 3704 659 3759 Dei
695 3703 952 3770 Verbum,
986 3720 1095 3759 non
1127 3714 1185 3758 ut
1208 3704 1433 3757 liberant
1478 3702 1570 3757 Dei
1609 3713 1853 3757 naturam
1904 3707 2044 3759 servi

463 3796 637 3849 forma
665 3795 940 3858 obrueret,
972 3808 1147 3862 neque
1180 3802 1238 3845 ut
1260 3808 1355 3847 sua
1383 3803 1576 3846 natura
1634 3809 1697 3848 ac
1740 3796 2045 3863 proprieta-

464 3889 605 3941 tibus
630 3886 857 3955 abjectis
885 3884 952 3938 ab
988 3885 1238 3938 humanae
1280 3894 1489 3938 naturae
1515 3886 1934 3954 proprietatibus
1954 3902 2045 3941 su-

461 3992 763 4049 peraretur,
794 3978 886 4032 sed
924 3987 983 4030 ut
1013 3977 1271 4031 servilem
1296 3989 1536 4031 nostram
1570 3979 1935 4033 conditionem
1975 3981 2043 4034 ad

462 4072 676 4127 Domini
708 4071 934 4141 gloriam
959 4070 1266 4133 extolleret,
1290 4080 1342 4123 et
1374 4070 1830 4138 contemptibilem
1882 4083 2041 4125 uatu-

465 4181 576 4219 ram
628 4174 870 4218 nostram
909 4164 976 4216 ad
1013 4178 1165 4217 suam
1199 4162 1537 4215 nobilitatem
1573 4162 1900 4218 traduceret.
1924 4165 2043 4230 Quo

458 4265 618 4324 pacto
642 4255 788 4308 enim
817 4268 1079 4309 vocamur
1106 4252 1302 4307 fratres
1326 4253 1526 4309 Christi
1558 4254 1624 4319 θ’,
1652 4257 1919 4325 quomodo
1947 4272 2040 4325 ap-

460 4348 726 4416 petuntur
749 4344 846 4398 ﬁlii
869 4344 935 4409 ⁸⁸,
966 4344 1011 4399 si
1037 4342 1273 4398 Verbum
1300 4342 1391 4397 Dei
1441 4342 1643 4397 factum
1674 4344 1806 4397 nihil
1832 4360 1928 4399 nos
1949 4344 2039 4412 ju-

457 4441 574 4494 vit?
603 4439 739 4493 Cum
766 4453 893 4493 vero
920 4454 1131 4492 sacram
1163 4437 1507 4507 Scripturam
1534 4438 1803 4491 dicentent
1824 4438 2030 4503 audies,

458 4534 601 4603 quod
630 4533 771 4587 Deus
803 4534 973 4600 ipsum
1012 4531 1201 4585 fecerit
1230 4530 1516 4585 Dominum
1568 4539 1623 4585 et
1668 4542 1927 4596 unctum,
1981 4542 2035 4586 et

458 4626 552 4680 Dei
614 4625 1028 4693 appellationem
1054 4625 1119 4676 ad
1161 4623 1338 4677 Patris
1375 4639 1663 4692 personam
1718 4623 1924 4678 refers:
1962 4624 2035 4676 fu-

460 4718 590 4771 teris
628 4719 793 4771 etiam
842 4719 913 4771 ita
957 4717 1287 4771 voluntatem
1326 4715 1445 4770 Filii
1473 4718 1732 4771 accedere
1758 4718 1822 4771 ad
1867 4718 2035 4772 bene-

454 4812 709 4880 placitum
732 4811 929 4866 Patris.
961 4811 1023 4864 Et
1041 4811 1323 4865 Dominum
1352 4812 1524 4879 ipsum
1549 4826 1667 4864 esse
1682 4812 1839 4864 scivit
1872 4813 2032 4864 etiam

455 4920 578 4960 cum
616 4903 790 4957 factus
813 4911 895 4956 est
928 4903 981 4955 in
1017 4902 1191 4957 forma
1223 4903 1397 4966 servi;
1430 4917 1605 4971 neque
1651 4913 1828 4955 tamen
1879 4919 2032 4972 repe-

457 4998 565 5049 ries
589 4995 786 5049 Filium
817 4996 884 5050 ab
919 4997 1019 5049 hac
1044 4995 1361 5064 operatione
1394 4995 1698 5049 exclusum.
1731 4994 1863 5049 Nam
1919 5010 2037 5064 qua":

454 5086 615 5141 Pater
639 5097 893 5157 operatur
910 5096 1035 5139 sunt
1059 5086 1277 5141 omnino
1298 5100 1460 5154 opera
1492 5084 1640 5151 Filii;
1678 5095 1732 5139 et
1764 5101 1883 5155 qua:
1913 5102 2036 5155 per-

453 5182 564 5234 licit
593 5179 781 5242 Filius,
818 5180 1007 5233 eadem
1042 5189 1096 5232 et
1124 5179 1285 5233 Pater
1309 5186 1584 5247 operatur.
1626 5179 1829 5233 Idcirco
1862 5180 2036 5249 inquit

456 5272 712 5327 Servator
738 5290 751 5326 :
798 5291 817 5323 ι
860 5272 971 5341 Ego
995 5287 1023 5324 a
1055 5286 1139 5324 me
1162 5271 1292 5325 nihil
1327 5270 1502 5337 facio;
1532 5272 1625 5325 sed
1656 5271 1812 5325 Pater
1833 5273 1922 5341 qui
1980 5274 2032 5325 itt

453 5380 540 5418 me
565 5375 767 5428 manet,
796 5365 909 5432 ipse
923 5378 1086 5432 opera
1110 5361 1318 5417 facit“.
1343 5381 1361 5414 ι
1386 5363 1472 5416 Fit
1502 5364 1682 5432 itaque
1706 5364 1960 5417 Dominus
1982 5375 2035 5418 et

452 5467 665 5524 unctus,
689 5472 811 5510 cum
838 5457 998 5512 homo
1022 5454 1195 5510 factus
1224 5464 1328 5522 est,
1354 5464 1515 5524 atque
1564 5456 1633 5509 ob
1697 5455 1748 5508 id
1808 5468 2032 5511 vocatus

522 5634 567 5667 ’κ
594 5634 749 5689 Rom.
785 5652 861 5700 vt,
892 5637 977 5692 lt).
1053 5638 1098 5668 ⁵⁵
1139 5636 1312 5690 lCor.
1344 5652 1381 5700 ι,
1417 5636 1470 5690 9.
1548 5636 1806 5690 ⁸⁸1Ροιι.
1848 5652 1920 5699 tv,
1966 5636 2052 5691 l9.

454 5702 543 5758 56.
642 5706 687 5737 ⁶⁹
715 5705 944 5778 Philipp.
973 5724 1033 5773 ιι,
1058 5708 1109 5762 6.
1206 5709 1247 5739 ⁸³
1283 5708 1411 5762 Luc.
1445 5707 1631 5775 H.218;
1664 5708 1783 5763 Act.
1812 5723 1885 5771 tv,
1930 5706 2019 5759 Ἦ.

2101 5710 2144 5740 ⁶¹
2178 5708 2335 5766 Joan.
2376 5727 2465 5776 xx,
2498 5711 2585 5767 17.

2153 3248 2345 3312 σεϐὦς.
2419 3250 2637 3320 Ἐπειδὴ
2686 3252 2796 3322 γὰρ
2853 3254 2983 3318 Θεὸς
3034 3256 3207 3324 Λόγος
3256 3257 3332 3310 ὢν
3388 3263 3482 3313 καὶ
3517 3264 3733 3316 πάντων

2150 3342 2409 3412 ὑπάρχων
2432 3344 2732 3414 Δεσπότης,
2770 3346 3198 3419 ὲνανθρωπήσας
3222 3352 3445 3419 γέγονεν
3468 3357 3526 3406 ὲν
3547 3359 3615 3427 τῇ
3640 3356 3732 3409 τοῦ

2146 3434 2332 3487 δούλου
2370 3440 2574 3508 μορφῇ,
2611 3438 2820 3508 χρίεται
2868 3440 3041 3511 μὲν,ἢ
3081 3444 3368 3514 κεχρίσθαι
3409 3445 3628 3515 λέγεται
3650 3450 3735 3503 διὰ

2144 3526 2208 3578 τὸ
2234 3527 2509 3598 ἀνθρώπῳ
2547 3529 2775 3599 πρέπον.
2822 3531 3129 3587 Ἀναϐαίνει
3160 3535 3216 3588 δὲ
3258 3538 3341 3600 είς
3374 3537 3472 3609 τὴν
3503 3540 3603 3611 τῆς
3637 3558 3730 3595 κν-

2146 3619 2393 3689 ριότητος
2433 3620 2683 3684 ἐξουσίαν
2726 3623 2887 3676 πάλιν
2926 3626 3000 3689 ὼς
3040 3627 3344 3697 ἅνθρωπος,
3387 3631 3567 3685 καίτοι
3614 3634 3728 3687 Κύ-

2147 3722 2260 3775 ριος
2281 3704 2356 3759 ὣν
2381 3706 2455 3770 ὡς
2478 3707 2628 3772 Θεός,
2680 3711 2872 3781 Ἐπεδή
2884 3731 3021 3783 μησε
3052 3715 3161 3785 γὰρ
3186 3718 3214 3768 6
3235 3718 3327 3771 τοῦ
3363 3719 3497 3774 Θεοῦ
3528 3724 3724 3792 Λόγος,

2142 3798 2239 3867 οὐχ
2265 3799 2351 3853 ἵνα
2383 3800 2483 3870 τὴν
2506 3801 2798 3875 ἐλευθέραν
2824 3806 2915 3858 τοῦ
2946 3808 3079 3860 Θεοῦ
3124 3808 3285 3878 φύσιν
3316 3816 3380 3885 τῇ
3415 3815 3509 3867 τοῦ
3538 3816 3722 3870 δοῦλοι.

2142 3890 2436 3964 καταχώσῃ
2492 3897 2715 3965 μορφῇ,
2748 3897 2868 3950 οὐδὲ
2917 3899 3003 3952 ἵνα
3034 3901 3093 3981 τε)
3141 3905 3340 3957 οἰκεῖον
3387 3907 3569 3974 ἀφεὶς,
3615 3914 3730 3973 τοῖς

2140 3981 2239 4051 τῆς
2288 3983 2708 4056 ἁνθρωπότητος
2753 3988 3004 4059 ίδιώμασι
3052 3994 3335 4065 κρατηθῇ·
3377 3997 3493 4050 ἀλλ’
3530 4000 3617 4052 ἵνα
3668 4002 3729 4055 τὸ

2140 4073 2323 4126 δοῦλον
2350 4078 2427 4137 είς
2468 4076 2565 4149 τήν
2591 4082 2689 4149 τῆς
2723 4082 3047 4152 κυριότητος
3076 4086 3364 4159 ἁναρπάσῃ
3403 4090 3593 4162 τιμὴν,
3632 4098 3729 4148 καὶ

2140 4166 2220 4227 εἰς
2240 4165 2333 4237 τὴν
2358 4170 2562 4221 οἰκείαν
2595 4171 2872 4238 εὐγένειαν
2921 4179 3302 4250 μετασκευάσῃ
3346 4181 3407 4233 τὸ
3436 4184 3725 4255 ἠτιμωμέ-

2140 4273 2248 4309 νον.
2297 4259 2448 4313 Ἐπεὶ
2483 4261 2600 4324 πῶς
2631 4263 2851 4333 ἀδελφοὶ
2893 4266 3206 4337 καλούμεθα
3235 4271 3490 4341 Χριστοῦ,
3522 4275 3641 4339 πῶς
3668 4277 3725 4330 δὲ

2140 4351 2248 4403 υίοὶ
2270 4352 2705 4423 χρηματίξομεν,
2738 4357 2785 4407 εί
2813 4356 2979 4426 μηδὲν
3011 4359 3156 4429 ἡμᾶς
3195 4360 3476 4431 ὠφέλησεν
3508 4365 3724 4435 ἄνθρω-

2141 4458 2239 4504 πος
2283 4443 2521 4511 γεγονὼς
2564 4448 2592 4497 6
2640 4446 2733 4499 τοῦ
2768 4447 2901 4501 Θεοῦ
2941 4449 3142 4517 Λόγος;
3192 4453 3315 4505 Ἐὰν
3361 4454 3417 4507 δὲ
3456 4442 3724 4530 λεγούσης·

2139 4534 2381 4605 ἀκούσῃς
2406 4535 2507 4606 τῆς
2534 4535 2684 4601 θείας
2711 4539 2932 4610 Γραφῆς
2963 4542 3045 4594 ὅτι
3076 4544 3171 4596 καὶ
3197 4545 3400 4616 Κύριον
3437 4550 3601 4603 αὑτὸν
3629 4555 3723 4606 καὶ

2140 4626 2372 4697 Χριστὸν
2396 4628 2646 4698 ἐποίησεν
2674 4633 2702 4682 6
2723 4631 2875 4695 Θεὸς,
2909 4634 3000 4685 καὶ
3028 4635 3126 4705 τὴν
3150 4636 3245 4689 τοῦ
3277 4637 3409 4691 Θεοῦ
3445 4658 3721 4713 προσηγο-

2143 4717 2264 4787 ρίαν
2301 4721 2380 4781 εῐς
2412 4720 2472 4770 τὸ
2494 4719 2586 4772 τοῦ
2612 4721 2824 4792 Πατρὸς
2854 4724 3144 4793 πρόσωπον
3165 4728 3460 4801 ἀναφέρῃς,
3494 4748 3724 4802 συνομο-

2141 4808 2320 4876 λογεῖς
2373 4811 2470 4879 μὲν
2517 4815 2609 4863 καὶ
2660 4811 2832 4876 οὕτως
2866 4816 2946 4867 ὅτι
2992 4819 3104 4879 τοῖς
3137 4816 3400 4889 θελήμασι
3453 4823 3549 4875 τοῦ
3588 4824 3720 4878 Υίοῦ

2142 4902 2448 4955 συνευδοκεῖ
2479 4906 2571 4957 καὶ
2603 4908 2630 4957 6
2665 4907 2873 4977 Πατήρ.
2901 4909 3011 4961 Καὶ
3048 4910 3252 4981 Κύριον
3280 4908 3418 4964 οἶδεν
3443 4916 3604 4968 αὑτὸν
3628 4920 3721 4970 καὶ

2139 4996 2227 5047 ὅτε
2256 4997 2481 5063 γέγονεν
2524 4999 2582 5048 ἐν
2617 5002 2682 5069 τῇ
2732 5000 2827 5051 τοῦ
2868 4999 3054 5053 δούλου
3104 5006 3321 5074 μορφῆς·
3366 5005 3468 5058 οὑκ
3515 5006 3621 5072 ἔξω
3663 5009 3720 5061 δὲ

2138 5088 2287 5157 ὅμως
2322 5089 2442 5141 οὐδὲ
2480 5089 2575 5142 τοῦ
2615 5090 2787 5143 ταῦτα
2818 5096 2991 5145 ποιεῖν
3026 5093 3055 5145 6
3086 5094 3208 5157 Υἱὸς
3235 5096 3614 5168 εὑρεθήσεται.
3656 5104 3721 5154 Ἀ

2136 5179 2246 5249 γὰρ
2277 5178 2341 5231 ἂν
2363 5180 2662 5251 ἐργάζηται
2694 5185 2721 5235 6
2746 5184 2956 5253 Πατὴρ,
2984 5184 3155 5238 ταῦτα
3173 5186 3389 5251 πάντως
3409 5190 3557 5243 ἐστὶν
3581 5192 3718 5262 ἔργα

2136 5272 2228 5323 τοῦ
2261 5272 2415 5335 Υίοῦ,
2444 5274 2540 5327 κτιιί
2566 5275 2707 5346 ἅπερ
2736 5276 2801 5329 ἂν
2821 5280 2848 5331 6
2878 5278 3002 5341 Υἱὸς
3028 5280 3268 5350 ἐπιτελῇ,
3300 5281 3473 5336 ταῦτα
3501 5284 3719 5348 πάντως

2135 5363 2163 5415 6
2223 5365 2412 5438 Πατὴρ
2470 5368 2779 5437 ἐργάζεται.
2843 5372 2941 5423 Διὰ
2998 5370 3154 5425 τοῦτό
3212 5378 3435 5445 φησινό
3490 5376 3714 5447 Σωτήρ*

2142 5474 2161 5507 ι
2216 5457 2333 5508 Ἀπ’
2394 5458 2631 5527 ἐμαυτοῦ
2688 5460 2827 5513 ποιῶ
2878 5462 3062 5516 οὐδέν·
3100 5466 3127 5516 6
3165 5463 3219 5517 δὲ
3255 5466 3445 5538 Πατὴρ
3490 5469 3550 5520 ὲν
3596 5468 3717 5538 ἐμοὶ

2151 5639 2200 5713 "_
2228 5641 2245 5691 l
2274 5638 2468 5694 Thess.
2506 5656 2560 5713 ν,
2590 5641 2679 5695 ‘25.
2790 5642 2833 5713 {'3
2863 5641 2901 5694 Il
2935 5644 3074 5698 Tim.
3113 5662 3175 5713 tt,
3210 5647 3298 5701 l3.

2664 5714 2707 5745 ”
2738 5711 2932 5769 lJoan.
2966 5731 3046 5781 ιιι,
3074 5717 3123 5768 1.

3418 5649 3465 5679 ⁸⁹
3496 5648 3619 5705 Act.
3648 5664 3707 5714 ιι,

3203 5717 3248 5749 ⁸⁸
3276 5716 3435 5773 Joan.
3467 5734 3581 5786 xtv,
3624 5721 3707 5775 ιο.
