3878 6208
199 255 297 311 565

1564 242 2011 302 THESAURUS.

3324 240 3434 299 366

202 379 392 448 μένων,
446 374 590 427 ποιεῖ
626 372 695 428 τὰ
732 372 868 444 ἔργα
916 372 1097 435 αὐτός.
1142 390 1163 424 ο
1203 371 1417 426 Γίνεται
1446 370 1625 425 τοίνυν
1658 370 1768 423 Κύ-

1887 383 2078 433 ;ervus,
2107 367 2284 422 dictus
2312 367 2475 423 etiam
2506 374 2594 422 est
2628 364 2803 420 Jesus.
2829 362 3011 433 Neque
3046 362 3187 419 enim
3230 363 3434 433 absque

200 487 307 541 ριος
353 469 449 522 καὶ
495 467 752 539 Χριστὸς,
788 468 876 520 ὅτε
915 468 1011 521 καὶ
1048 466 1334 539 ἄνθρωπος
1361 466 1619 535 γεγονὼς,
1674 467 1768 521 καὶ

199 562 280 614 διά
316 560 477 613 τοῦτο
514 559 859 631 χρηματίσας
900 559 1108 622 δοῦλος,
1151 558 1355 630 ἐκλήθη
1396 558 1492 612 καὶ
1538 558 1767 629 Ἰησοῦς.

200 655 269 707 Ού
310 654 419 724 γὰρ
448 653 892 723 ἀπαρατηρήτως
919 653 947 703 6
986 651 1137 721 ἆγιος
1171 651 1277 722 ἔφη
1312 651 1557 723 μαθητής
1576 668 1589 681 ·
1615 671 1632 702 ι
1658 650 1771 705 Κύ-

1873 476 2065 531 magna
2090 460 2298 515 ratione
2331 468 2554 514 sanctus
2572 458 2866 528 discipulus
2892 455 3207 527 simpliciter
3235 458 3369 511 dixit
3415 473 3431 510 :

1877 570 1897 602 ί
1935 552 2216 606 Dominum
2272 553 2448 622 ipsum
2510 562 2563 606 et
2604 563 2822 606 unctum
2874 552 2999 607 fecit
3038 552 3206 617 Deus;
3272 569 3289 602 ι
3340 550 3434 607 sed

1870 646 2097 715 adjecit,
2137 666 2155 698 ι
2210 647 2353 700 hunc
2413 644 2619 707 Iesum,
2670 660 2827 713 quem
2868 659 2962 697 vos
3010 644 3375 700 crueiﬁxistis.
3409 662 3429 695 ι

201 764 309 817 ριον
368 746 529 799 αὐτὸν
556 745 649 798 καὶ
703 744 940 816 Χριστὸν
988 744 1243 816 ἐποίησεν
1291 746 1319 796 6
1368 742 1520 806 Θεός·
1570 762 1589 795 ι
1636 742 1771 796 ἀλλά

1887 733 2095 803 )portct
2119 744 2295 789 autem
2332 743 2389 787 ut
2413 750 2600 790 rursus
2632 749 2690 788 ea
2722 749 2837 803 quae
2878 734 3077 804 scripta
3113 745 3239 789 sunt
3272 750 3435 788 accu-

200 837 556 909 προσέθηκεν,
578 838 658 889 ὅτι
686 855 704 887 ι
736 835 934 889 Τοῦτον
962 835 1052 888 τὸν
1082 833 1285 906 Ἰησοῦν
1315 834 1374 887 ὃν
1395 834 1552 903 ὑμεῖς
1576 835 1765 886 ἐσταυο

204 930 427 1001 ρώσατε.
470 948 489 979 ι
534 927 653 999 Χρὴ
694 927 751 980 δὲ
786 926 948 980 πάλιν
986 929 1063 989 είς
1102 925 1199 996 τὴν
1236 924 1342 978 τῶν
1372 925 1770 995 γεγραμμένων

198 1021 479 1093 ἀκρίϐειαν
503 1021 723 1091 ὲφορᾷν.
752 1019 826 1072 Οὐ
856 1018 965 1090 γὰρ
992 1015 1143 1071 εἶπεν
1166 1019 1248 1071 ὅτι
1273 1018 1568 1089 πεποίηκεν
1595 1016 1771 1086 ἑαυτῷ

200 1111 363 1178 Λόγον
398 1111 430 1180 ἢ
474 1108 622 1172 Υίὸν,
665 1109 800 1161 ἀλλὰ
833 1108 1038 1178 Κύριον
1072 1109 1166 1162 καὶ
1215 1110 1470 1178 Χριστὸν,
1500 1110 1636 1177 ὅπερ
1672 1107 1774 1161 οὐκ

199 1203 366 1272 ἀρχὴν
419 1201 674 1272 σημαίνει
722 1199 818 1252 τοῦ
860 1196 1019 1261 εἶναι,
1067 1200 1203 1254 ἀλλὰ
1226 1201 1326 1271 τὴν
1368 1200 1475 1254 ἀπό
1510 1217 1653 1263 τινος
1691 1200 1769 1262 εἰς

199 1296 377 1364 ἕτερόν
424 1312 477 1347 τι
520 1295 872 1364 μετάστασιν.
910 1294 1097 1357 Ὅπως
1145 1293 1203 1347 δὲ
1254 1294 1443 1362 γέγονε
1501 1292 1769 1363 Κύριος-ἢ

199 1386 447 1457 Χριστὸς,
484 1387 540 1441 ὲν
570 1388 681 1450 τοῖς
717 1386 971 1457 ἀνωτέρω
1005 1386 1347 1457 προείρηται.

724 1499 951 1563 Ἄλλως
986 1496 1053 1549 τὸ
1085 1497 1255 1549 αὐτό.

261 1611 466 1682 Κύριον
510 1610 673 1664 αὑτὸν
714 1612 807 1662 καὶ
851 1610 1084 1681 Χριστὸν
1115 1608 1369 1680 ἐποίησεν
1409 1610 1438 1662 ὁ
1467 1608 1632 1675 Θεὸς,
1673 1609 1773 1663 οὐκ

1873 837 1988 881 rate
2026 828 2396 895 inspiciamus.
2440 826 2555 881 Non
2614 826 2755 879 enim
2810 827 2989 880 dixit:
3040 827 3187 881 Fecit
3226 826 3435 896 sibiipsi

1871 918 2195 983 Filium,aut
2223 917 2477 983 Verbum,
2502 918 2596 972 sed
2625 918 2905 971 Dominum
2931 929 2983 972 et
3005 930 3220 973 unctum
3245 937 3256 971 :
3291 918 3435 989 quod

1872 1012 2087 1081 quidem
2128 1026 2235 1067 non
2288 1011 2607 1080 principium
2661 1012 2955 1066 exsistendi
3017 1012 3304 1081 signiﬁcat,
3339 1013 3435 1067 sed

1875 1104 2263 1158 traductionem
2312 1118 2379 1157 ex
2414 1117 2521 1156 uno
2565 1104 2617 1155 in
2666 1103 2831 1158 aliud.
2899 1102 3183 1169 Quomodo
3255 1114 3435 1158 autem

1874 1193 2047 1250 factus
2096 1196 2169 1248 sit
2233 1194 2491 1249 Dominus
2558 1204 2613 1247 et
2665 1205 2878 1260 unctus,
2930 1196 3175 1265 superius
3236 1197 3435 1252 dictum

1868 1296 1974 1340 εει.

2474 1492 2623 1547 Idem
2661 1493 2834 1547 aliter.

1948 1608 2087 1664 Deus
2132 1609 2303 1679 ipsum
2348 1609 2476 1664 fecit
2515 1610 2796 1664 Dominum
2839 1621 2891 1665 et
2937 1623 3185 1675 unctum,
3229 1628 3331 1666 non
3374 1629 3440 1667 ex
3536 1652 3544 1661 .

198 1706 299 1758 ἀπὸ
332 1706 420 1757 τοῦ
459 1704 533 1775 μὴ
565 1705 719 1767 ὄντος
748 1706 827 1767 εἰς
854 1703 917 1755 τὸ
954 1699 1094 1756 εἶναι
1126 1703 1422 1773 παράγων·
1454 1698 1522 1774 ἦν
1551 1702 1659 1775 γὰρ
1684 1704 1774 1756 ἀεὶ

1887 1714 1979 1752 non
2016 1699 2308 1753 exsistente
2341 1701 2407 1753 ad
2443 1714 2564 1753 esse
2600 1701 2885 1754 traducens
2924 1719 2937 1754 :
2973 1713 3091 1754 erat
3125 1703 3267 1755 enim
3304 1719 3444 1756 sem-

199 1795 287 1846 καὶ
323 1795 428 1864 πρὸ
454 1797 552 1865 τῆς
580 1792 909 1863 σαρκώσεως
950 1794 978 1845 6
1017 1791 1109 1845 τοῦ
1140 1791 1274 1845 Θεοῦ
1320 1793 1512 1860 Λόγος,
1544 1794 1635 1845 καὶ
1673 1793 1772 1846 οὐκ

196 1887 256 1938 ἄν
288 1902 374 1948 τις
407 1880 464 1937 εὖ
508 1882 722 1953 φρονῶν
756 1883 818 1936 τὸ
868 1902 885 1933 ι
918 1882 1172 1951 ἐποίησεν
1203 1901 1221 1932 ι
1271 1880 1459 1935 ὲνθάδε
1500 1880 1642 1933 κατά
1676 1882 1773 1949 τῆς

196 1977 379 2039 οὐσίας
415 1976 666 2041 ὲκλὰϐοι,
711 1976 799 2027 ἵνα
840 1975 917 2045 μὴ
965 1973 1181 2026 ἀσεϐεῖν
1221 1972 1623 2041 ἀναγκάζηται’
1654 1972 1772 2024 τότε

198 2070 413 2141 πρῶτον
459 2069 634 2130 διδοὺς
680 2067 920 2137 ὑπάρξαι
967 2066 1057 2118 τὸν
1109 2064 1204 2117 τοῦ
1261 2065 1394 2118 Θεοῦ
1450 2066 1642 2133 Λόγον,
1686 2067 1773 2118 ὅτε

196 2162 417 2228 ⁴γέγονεν
465 2161 751 2230 ἄνθρωπος
772 2177 784 2189 ’
821 2159 957 2211 ἀλλά
988 2158 1049 2210 τὸ
1087 2178 1105 2209 ι
1135 2159 1408 2226 ἐποίησεν,
1441 2177 1459 2209 ι
1492 2158 1613 2210 ἀντὶ
1653 2157 1772 2221 τοῦ,

197 2252 465 2316 ἀπέδειξε,
490 2253 727 2322 νοητέον.
754 2250 908 2304 Οῦτω
923 2252 1017 2303 καὶ
1044 2250 1205 2312 αὐτὸς
1231 2252 1257 2301 6
1285 2251 1487 2321 Πέτρος
1510 2253 1622 2311 τοῖς
1654 2252 1777 2302 ’1ου-

194 2346 366 2407 δαίοις
398 2345 916 2416 προσδιαλεγόμενος
949 2343 1214 2412 ἔφασκεν·
1256 2362 1273 2392 ι
1315 2341 1520 2411 Ἰησοῦν
1548 2342 1637 2394 τὸν
1664 2342 1776 2394 Να-

194 2436 430 2507 ζωραῖον
478 2436 644 2508 ἄνδρα
706 2435 1157 2505 ἀποδεδειγμένον
1205 2435 1312 2488 ἀπὸ
1361 2434 1455 2487 τοῦ
1514 2434 1648 2486 Θεοῦ
1699 2438 1777 2497 εἰς

194 2531 339 2600 ὑμᾶς
365 2529 626 2600 δυνάμεσι
654 2530 749 2581 καὶ
772 2529 964 2599 τέρασι
990 2529 1086 2581 καὶ
1115 2528 1386 2599 σημείοις,
1419 2526 1599 2589 καθὼς
1623 2527 1778 2581 αὐτοὶ

192 2625 392 2676 οἴδατε.
421 2642 439 2672 ›
475 2622 685 2675 υύκοῦν
716 2621 803 2675 διὰ
831 2620 941 2673 τῶν
985 2620 1158 2692 ἔργων
1186 2618 1443 2673 δεικνύων
1475 2620 1778 2689 ἐνυπάρχον

193 2716 343 2786 αὐτῷ
381 2715 475 2768 τοῦ
520 2714 734 2785 Πατρὸς
780 2712 841 2765 τὸ
872 2712 1120 2781 ἀξίωμα,
1171 2710 1376 2781 Κύριος
1414 2710 1622 2777 γίνεται
1672 2707 1778 2759 τῶν

192 2808 601 2861 πιστευσάντων
652 2807 731 2868 εἰς
780 2805 977 2857 αὐτόν’
1028 2802 1411 2857 ἀναδείκνυται
1463 2802 1520 2855 δὲ
1564 2802 1645 2853 ὅτι
1684 2799 1780 2851 καὶ

191 2900 358 2962 αὑτός
390 2902 536 2951 ἐστιν
564 2901 592 2951 6
626 2899 876 2968 Χριστός.
903 2896 1002 2949 Διά
1034 2895 1142 2966 γὰρ
1177 2895 1334 2948 τοῦτο
1364 2897 1476 2957 τοῖς
1510 2894 1780 2955 Ἰουδαίοις

191 2989 514 3043 ἀπειθοῦσιν
567 2989 755 3057 ἔλεγε·
799 3008 815 3038 ι
848 2988 967 3041 Κᾶν
1002 2988 1126 3057 ἐμοὶ
1167 2987 1241 3056 μὴ
1293 2985 1625 3053 πιστεύητε,
1668 2988 1780 3045 τοῖς

192 3085 381 3157 ἔργοις
425 3099 525 3153 μου
560 3082 925 3143 πιστεύσατε,
969 3080 1056 3131 ἴνα
1100 3077 1273 3146 γνῶτε
1321 3078 1404 3130 ὅτι
1440 3076 1550 3143 ἐγὼ
1595 3078 1652 3128 ὲν
1699 3075 1776 3144 τῷ

192 3177 404 3247 Πατρὶ,
438 3176 531 3227 καὶ
569 3176 597 3227 6
634 3173 821 3243 Πατὴρ
866 3175 923 3223 ὲν
958 3171 1113 3239 ἐμοί·
1147 3188 1164 3220 ι
1201 3169 1295 3222 καὶ
1325 3169 1519 3223 πάλιψ
1559 3188 1577 3219 ‹
1612 3168 1673 3220 Εἰ
1715 3168 1776 3219 οὐ

192 3266 336 3319 ποιῶ
369 3265 435 3317 τὰ
474 3264 611 3333 ἔργα
647 3262 741 3315 τοῦ
777 3262 990 3331 Πατρός
1038 3276 1160 3330 μου,
1195 3260 1268 3329 μὴ
1300 3258 1583 3311 πιστεύετέ
1618 3275 1724 3325 μοι.
1755 3275 1771 3305 ι

190 3359 255 3412 Εἰ
288 3358 353 3411 δὲ
381 3356 468 3409 διὰ
512 3354 607 3408 τοῦ
645 3353 905 3407 δύνασθαι
940 3353 1112 3404 ποιεῖν
1152 3350 1221 3403 τὰ
1258 3349 1395 3419 ἔργα
1442 3348 1536 3401 τοῦ
1566 3348 1778 3419 Πατρὸς

192 3454 286 3506 καὶ
330 3450 476 3520 ἔχειν
522 3451 578 3501 ὲν
620 3446 798 3516 ἑαυτῴ
832 3446 921 3499 τὸν
955 3445 1197 3516 Πατέρα,
1229 3440 1368 3496 εἷναί
1397 3460 1456 3495 τε
1489 3441 1687 3512 ὁμοίως
1723 3442 1779 3492 ὲν

194 3543 400 3614 "arpi,
433 3541 565 3605 Θεὸς
591 3541 665 3593 ῶν
704 3538 955 3606 ἀληθινὸς
1002 3536 1409 3596 ἀναδείκνυται,
1449 3534 1589 3587 κατά
1624 3532 1781 3585 τοῦτο

194 3636 392 3704 γέγονε
424 3634 532 3685 τῶν
565 3634 642 3693 εἰς
688 3631 849 3684 αὑτὸν
887 3628 1296 3680 πιστευσάντων
1343 3625 1563 3694 Κύριος,
1608 3626 1779 3693 ἐφάνη

193 3729 254 3781 δὲ
300 3728 400 3781 καὶ
446 3726 608 3788 αὐτὸς
656 3724 729 3775 ὢν
762 3725 788 3774 6
820 3720 1083 3790 Χριστός·
1116 3721 1167 3772 εἰ
1210 3718 1267 3770 δὲ
1309 3716 1461 3787 παρά
1504 3715 1637 3767 Θεοῦ
1681 3732 1780 3765 πε-

196 3819 466 3888 ποιῆσθαι
516 3815 720 3886 Κύριος
778 3813 1028 3880 λέγεται,
1081 3809 1368 3863 καὶτοῦτο
1416 3809 1529 3878 ἔχει,
1580 3806 1778 3868 καλῶς.

208 3909 742 3978 Ἐπιγινωσκόμενος
775 3905 885 3975 γὰρ
911 3905 999 3959 διὰ
1020 3906 1128 3958 τῶν
1158 3902 1334 3972 ἔργων
1358 3900 1577 3971 γνήσιόν
1605 3917 1663 3952 τε
1691 3900 1784 3952 καὶ

196 4000 458 4071 ἀληθινὸν
504 3998 599 4050 τοῦ
654 3996 789 4049 Θεοῦ
840 3996 1121 4064 γέννημα,
1171 3992 1412 4063 κυριεύει
1467 3991 1576 4043 τῶν
1628 3992 1785 4043 ἀπει-

197 4092 444 4145 θούντων
492 4090 691 4152 παλαι,
740 4088 818 4158 τῷ
865 4104 923 4139 τε
955 4086 1137 4157 οἰκείῳ
1170 4084 1438 4156 ἀξιώματι
1488 4084 1579 4136 καὶ
1620 4085 1686 4153 τῇ
1720 4084 1786 4135 ἐκ

198 4182 421 4255 Ιῐατρὸς
461 4181 708 4251 εὐγενείᾳ.
756 4178 1197 4250 μαρτυρούμενος
1249 4175 1325 4239 ὡς
1375 4175 1525 4237 Θεός.
1568 4174 1783 4243 Ἐπειδὴ

198 4278 313 4347 γὰρ
362 4275 495 4337 ὅλως
530 4272 774 4342 ἐγνώσθη
813 4271 946 4325 Θεοῦ
996 4270 1253 4339 ὑπάρχων
1288 4266 1434 4330 Υἱὸς,
1471 4265 1659 4332 γέγονε
1692 4263 1786 4316 καὶ

1874 1806 1990 1860 per,
2023 1790 2186 1843 etiam
2220 1802 2347 1845 ante
2381 1791 2806 1845 incarnationem
2841 1792 2933 1845 Dei
2969 1790 3232 1853 Verbum,
3271 1808 3443 1862 neque

1875 1882 2157 1950 quisquam
2193 1894 2337 1937 recte
2365 1884 2611 1937 sentiens
2640 1883 2862 1937 verbum
2899 1884 3049 1945 illud,
3086 1902 3103 1934 ι
3142 1884 3288 1951 fecit,
3326 1905 3343 1936 ι
3377 1903 3442 1937 eo

1876 1972 1993 2027 loco
2027 1974 2091 2028 de
2126 1975 2357 2028 essentia
2393 1975 2556 2046 216
2587 1976 2996 2043 interpretetur,
3029 1991 3096 2030 ne
3129 1976 3350 2045 impium
3386 1994 3446 2032 se

1875 2065 2147 2131 declaret,
2173 2064 2264 2134 qui
2296 2076 2404 2119 tum
2435 2068 2665 2135 primum
2692 2067 2923 2122 Verbum
2951 2068 3045 2122 Dei
3073 2084 3191 2123 esse
3215 2070 3446 2140 cmpisse

1877 2157 2056 2221 dicat,
2087 2159 2304 2227 quando
2352 2157 2555 2211 factum
2586 2168 2668 2212 est
2715 2159 2873 2213 homo
2905 2179 2918 2214 :
2954 2161 3047 2214 sed
3085 2179 3103 2211 ι
3139 2160 3267 2214 fecit
3300 2179 3319 2211 ι
3353 2176 3446 2214 ac-

1876 2251 2181 2318 cipiendum
2223 2260 2309 2305 est
2356 2267 2451 2320 pro
2499 2251 2814 2319 declaravit,
2856 2252 2939 2305 vel
2979 2255 3232 2307 05tendit.
3274 2252 3348 2307 Ita
3394 2265 3448 2308 et

1877 2340 2069 2396 Petrus
2099 2358 2219 2396 cum
2250 2342 2450 2397 Judteis
2481 2343 2755 2397 disserens
2785 2345 2916 2397 dixit
2950 2363 2964 2397 :
3003 2363 3021 2396 ι
3058 2344 3239 2399 Jesmn
3271 2344 3446 2400 Naza-

1879 2450 2096 2500 rennm,
2129 2436 2219 2505 qui
2255 2436 2559 2490 declaratus
2593 2446 2675 2490 est
2705 2438 2785 2490 vir
2813 2453 2841 2490 a
2881 2437 2988 2491 Deo
3024 2438 3075 2491 in
3109 2454 3203 2493 vos
3233 2441 3449 2492 virtuti-

1880 2526 1998 2589 bus,
2032 2539 2086 2580 et
2119 2528 2396 2596 prodigiis,
2433 2530 2662 2595 etsignis
2696 2544 2815 2597 quae
2850 2529 2997 2597 fecit,
3032 2531 3171 2584 sicut
3206 2531 3304 2601 ipsi
3340 2533 3449 2587 sei-

1880 2620 2031 2672 tis“.
2067 2638 2085 2669 ›
2120 2619 2381 2684 Quocirca
2411 2636 2530 2673 cum
2563 2634 2655 2689 per
2681 2636 2838 2689 Opera
2869 2624 3102 2675 Ostendit
3131 2623 3446 2693 dignitatem

1881 2708 2056 2765 Patris
2095 2713 2195 2766 sibi
2236 2714 2645 2767 inexsistentem
2670 2754 2683 2777 ,
2723 2713 2981 2768 Dominus
3021 2715 3076 2766 tit
3117 2715 3448 2769 credentium

1883 2804 1935 2857 in
1969 2805 2139 2871 ipsum
2170 2823 2181 2857 :
2212 2806 2513 2859 ostenditur
2537 2820 2667 2859 vero
2696 2807 2834 2872 quod
2867 2808 2979 2873 ipse
3006 2807 3168 2859 etiam
3197 2807 3266 2860 sit
3290 2806 3450 2861 Chri-

1882 2906 2015 2949 stus.
2042 2893 2175 2948 Nam
2204 2896 2405 2951 idcirco
2430 2897 2629 2951 Iudaeis
2655 2899 2945 2952 incredulis
2970 2899 3143 2952 dixit:
3177 2918 3196 2949 ‹
3228 2898 3447 2953 Etiamsi

1885 2989 2012 3040 mihi
2047 3004 2148 3041 non
2181 2990 2437 3053 credatis,
2466 2992 2718 3058 operibus
2748 2990 2881 3045 meis
2911 2992 3136 3056 credite,
3167 3000 3224 3045 ut
3252 3006 3453 3064 cogno-

1884 3080 2049 3131 scatis
2078 3080 2200 3145 quia
2229 3095 2325 3148 ego
2356 3080 2408 3132 in
2440 3079 2615 3141 Patre,
2641 3091 2695 3135 et
2723 3082 2948 3136 Paterin
2971 3097 3055 3136 me
3084 3094 3166 3137 est
3187 3084 3333 3151 ‘°°"’;
3356 3104 3374 3136 ‹
3399 3096 3452 3140 et

1887 3187 2096 3224 rursum
2135 3193 2146 3225 :
2188 3192 2205 3221 ι
2247 3173 2303 3224 Si
2339 3186 2438 3238 ego
2472 3188 2575 3225 non
2610 3172 2750 3227 facio
2779 3190 2942 3243 opera
2980 3175 3152 3232 Patris
3186 3178 3311 3246 mei,
3345 3197 3448 3233 nun

1885 3262 2119 3314 credatis
2151 3263 2277 3314 mihi
2301 3262 2364 3316 ⁸⁸.
2403 3282 2421 3314 ι
2458 3262 2511 3315 Si
2546 3278 2693 3333 ergo,
2724 3265 2847 3331 quia
2880 3274 3055 3333 potest
3086 3265 3262 3321 facere
3287 3283 3448 3337 opera

1889 3352 2082 3415 Patris,
2112 3364 2164 3406 et
2193 3355 2315 3420 quia
2347 3354 2505 3406 habet
2534 3355 2583 3406 in
2616 3369 2673 3407 se
2705 3354 2936 3419 Patrem,
2968 3358 3186 3427 ipseque
3213 3360 3449 3415 vicissim

1886 3453 1970 3498 est
2004 3446 2054 3498 in
2092 3444 2280 3510 Patre,
2314 3461 2476 3498 verus
2514 3448 2650 3500 Deus
2684 3462 2804 3501 esse
2836 3448 3139 3503 declaratur
3176 3468 3190 3503 :
3230 3452 3329 3506 hac
3362 3468 3451 3507 ra-

1890 3536 2034 3589 tione
2065 3537 2238 3590 factns
2269 3545 2350 3591 est
2383 3538 2636 3591 Dominus
2669 3539 2999 3593 credentium
3037 3542 3086 3594 in
3124 3542 3325 3610 ipsum,
3358 3546 3450 3596 dc-

1888 3628 2230 3695 claratusque
2266 3638 2348 3682 est
2380 3629 2540 3683 etiam
2580 3630 2693 3697 ipse
2728 3646 2846 3684 esse
2877 3629 3153 3699 Christus;
3189 3636 3233 3689 si
3266 3648 3391 3689 vero
3426 3654 3453 3687 τι

1891 3718 1999 3772 Deo
2042 3719 2214 3773 factus
2256 3734 2375 3775 esse
2414 3707 2670 3774 Dominus
2710 3722 2927 3785 dicitur,
2968 3725 3128 3777 etiam
3170 3725 3272 3778 hoc
3309 3737 3457 3780 recte

1891 3811 2074 3867 habet.
2104 3811 2362 3881 Cognitus
2397 3814 2538 3865 enim
2577 3826 2672 3880 per
2698 3827 2860 3882 opera
2896 3828 3015 3868 esse
3049 3831 3207 3870 verus
3245 3816 3333 3871 Dei
3368 3816 3457 3870 Fi-

1891 3900 2016 3962 lius,
2056 3902 2362 3955 dominatur
2398 3901 2450 3955 in
2494 3916 2587 3955 eos
2628 3903 2719 3971 qui
2762 3902 2887 3955 olim
2936 3919 3039 3958 non
3085 3905 3453 3971 crediderunt,

1892 3994 2107 4062 prepria
2138 4007 2235 4048 sua
2265 3993 2554 4062 dignitate,
2583 4002 2636 4047 et
2667 3993 2841 4048 Patris
2869 3992 3146 4049 nobilitate
3176 3994 3273 4063 ipsi
3305 3998 3457 4048 testi-

1893 4085 2130 4139 monium
2168 4085 2482 4152 perhibente
2516 4095 2573 4138 ut
2608 4085 2733 4138 Deo.
2763 4084 2897 4139 Cum
2933 4087 3077 4139 enim
3113 4086 3332 4141 omnino
3365 4102 3457 4139 cn-

1892 4179 2070 4245 gnitns
2119 4178 2191 4233 sit
2236 4191 2357 4230 esse
2403 4176 2569 4230 Filius
2612 4177 2736 4242 Dei,
2802 4176 2976 4229 factus
3020 4177 3180 4231 etiam
3227 4188 3310 4231 est
3357 4178 3459 4231 Do-

1894 4272 2069 4323 minus
2106 4286 2118 4323 :
2156 4285 2259 4323 non
2296 4269 2438 4338 quod
2480 4278 2605 4322 tunc
2648 4269 2877 4337 primum
2912 4269 3207 4325 exsistendi
3245 4269 3456 4323 initium

199 4368 433 4438 Κύριος,
461 4368 521 4419 ού
555 4366 675 4418 τότε
709 4363 925 4434 πρῶτον
960 4362 1053 4414 τοῦ
1080 4357 1215 4413 εἷναι
1248 4358 1450 4428 Κύριος
1482 4356 1778 4425 ἀρξάμενος

1892 4362 2159 4430 acceperit
2194 4373 2431 4431 (semper
2459 4361 2601 4415 enim
2636 4371 2753 4413 erat
2786 4371 2835 4415 et
2873 4361 3033 4426 Deus,
3065 4370 3122 4415 et
3156 4363 3456 4429 Dominus),

202 4454 295 4531 (ἦν
326 4459 434 4529 γάρ
460 4460 544 4511 ἀεὶ
570 4458 664 4511 καὶ
692 4457 823 4518 Θεὸς
855 4457 948 4508 καὶ
971 4454 1217 4524 Κύριος),
1246 4451 1357 4503 ἀλλ’
1380 4452 1468 4502 ὅτε
1496 4448 1647 4517 παρὰ
1676 4448 1788 4509 τοῖς

200 4550 633 4605 πεπιστευκόσιν
662 4548 931 4618 ἐγνώσθη,
955 4547 1075 4599 τότε
1104 4544 1340 4612 γεγονὼς
1367 4542 1459 4595 καὶ
1486 4542 1569 4592 ἐπ’
1593 4540 1787 4601 αὐτοὺς

200 4644 440 4713 Κύριος.

214 4733 545 4798 Ἀπόδειξις
587 4732 704 4787 ἀπὸ
749 4733 860 4798 τῆς
898 4731 1060 4793 θείας
1094 4728 1360 4797 Γραφῆς,
1409 4729 1497 4782 ὅτι
1532 4733 1563 4783 ὁ
1602 4729 1788 4797 Λόγος

547 4803 625 4871 ἦν
653 4803 743 4857 ἀεὶ
778 4804 990 4871 Κύριος
1018 4802 1112 4853 καὶ
1140 4800 1474 4865 βασιλεύς.ξ

313 4921 356 4970 Ο
409 4917 662 4988 Ἀϐραὰμ
724 4916 885 4969 αὐτὸν
936 4915 1295 4988 προσεκύνει,
1336 4915 1539 4985 Κύριον
1583 4917 1790 4969 ἀποκα-

200 5010 343 5065 λῶν.
378 5009 441 5062 Ὀ
472 5010 676 5079 Μωσῆς
720 5007 919 5078 ὁμοίως
954 5006 1118 5076 φησί’
1157 5028 1172 5057 ι
1205 5009 1311 5060 Καὶ
1359 5007 1563 5078 Κύριος
1604 5008 1790 5079 ἔϐρεξε

204 5100 371 5172 παρά
416 5100 624 5170 Κυρίου
673 5100 784 5165 πῦρ
835 5099 927 5152 καὶ
974 5099 1115 5152 θεῖον
1160 5101 1252 5152 ἐπὶ
1298 5100 1508 5168 Σόδομα
1556 5101 1647 5152 καὶ
1692 5100 1788 5151 Γό-

203 5196 417 5266 μορῤα.
445 5212 463 5244 ι
510 5194 567 5247 Ὀ
596 5192 897 5262 ιΡαλμῳδὸς
943 5192 1131 5245 πάλιν*
1174 5211 1192 5244 ι
1226 5189 1391 5247 Εἶπεν
1420 5196 1448 5245 6
1483 5193 1683 5265 Κύριος
1713 5196 1790 5265 τῷ

202 5286 407 5356 Κυρίῳ
440 5300 571 5355 μουο
603 5284 786 5338 Κάθου
813 5285 877 5337 ἐκ
907 5284 1096 5350 δεξιῶν
1127 5301 1250 5354 μου.
1278 5303 1295 5334 ι
1330 5285 1441 5339 Καὶ
1465 5286 1623 5339 πάλιν
1644 5303 1657 5315 ·
1693 5305 1710 5336 ι
1735 5289 1790 5339 ’0

203 5374 406 5445 θρόνος
440 5390 556 5437 σου,
585 5373 613 5424 6
646 5373 796 5439 Θεὸς,
842 5374 923 5434 εἰς
962 5373 1053 5426 τὸν
1096 5372 1266 5425 αἰῶνα
1307 5374 1400 5426 τοῦ
1446 5374 1659 5437 αἰῶνος.
1692 5374 1791 5426 Διά

202 5464 377 5518 τοῦτο
423 5463 609 5533 ἔχρισέ
644 5480 703 5515 σε
728 5480 741 5493 ·
795 5462 987 5527 ὸάϐδος
1042 5463 1331 5534 εὐθύτητος
1370 5467 1403 5533 ή
1455 5464 1649 5535 ῥάϐδος
1690 5464 1787 5533 τῆς

293 5620 341 5650 ⁸⁸
376 5619 495 5673 Act.
542 5634 601 5683 ll,
629 5618 718 5672 22.

208 5696 260 5726 "
310 5690 454 5746 Psal.
492 5705 635 5755 κων,
663 5689 716 5754 7,
744 5690 794 5743 8.

796 5619 911 5652 "-‘7
954 5619 1108 5677 Joan.
1150 5638 1203 5676 ι.
1237 5622 1323 5676 38.
1406 5622 1450 5653 ⁸⁸
1478 5622 1602 5676 ἱι›ἷιΙ-
1649 5623 1735 5676 37-

1816 5623 1857 5651 ⁶²
1896 5620 2031 5675 Gen.
2068 5634 2173 5672 xm
2204 5616 2363 5687 2,;5.

1893 4458 1985 4509 sed
2023 4454 2240 4523 quando
2272 4469 2300 4506 a
2334 4453 2678 4508 credentibus
2712 4454 2959 4521 cognitus
2993 4462 3074 4507 est
3095 4494 3108 4516 ,
3141 4462 3251 4506 tum
3286 4452 3459 4509 factus

1893 4560 1973 4602 est
2007 4549 2085 4600 eis
2118 4548 2391 4600 Dominus.

1896 4724 2285 4779 Demonstratio
2316 4740 2380 4777 ex
2410 4741 2562 4777 sacra
2594 4723 2888 4789 Scriptura,
2923 4723 3059 4790 quod
3094 4722 3313 4778 Verbum
3347 4738 3459 4779 erat

2322 4810 2519 4863 semper
2549 4795 2802 4847 Dominus
2836 4807 2881 4846 et
2920 4809 3027 4847 rex.
3099 4802 3103 4809 '

1967 4912 2237 4965 Abraham
2271 4910 2445 4976 ipsmn
2481 4908 2760 4969 adorabat,
2784 4906 3067 4959 Dominum
3100 4906 3372 4975 appellans
3390 4910 3459 4959 “".

1899 5002 2073 5056 Moses
2105 5000 2353 5054 similiter
2387 5015 2399 5049 :
2426 5018 2442 5045 ι
2472 4998 2534 5050 Et
2556 4996 3000 5062 Dominuspluita
3020 4995 3460 5064 Dominoignem,

1897 5107 1949 5148 et
1974 5096 2197 5163 sulphur
2220 5107 2381 5158 super
2404 5091 2691 5143 Sodutnam
2714 5099 2767 5141 et
2789 5087 3145 5141 Gomorrham
3165 5088 3231 5141 '°.
3266 5107 3284 5139 ι
3315 5086 3462 5141 Psal-

1900 5188 2056 5239 mista
2092 5184 2253 5236 etiam
2292 5199 2304 5233 :
2344 5200 2361 5229 ι
2403 5179 2547 5232 Dixit
2580 5179 2832 5231 Dominus
2868 5178 3092 5230 Domino
3125 5190 3243 5230 meo
3274 5195 3287 5229 :
3323 5175 3463 5231 Sede

1899 5292 1927 5328 a
1972 5275 2178 5329 dextris
2222 5273 2441 5326 meis“.
2496 5289 2514 5320 ›
2562 5270 2625 5321 Et
2667 5284 2852 5322 rursus
2894 5286 2907 5321 :
2955 5286 2974 5318 ι
3025 5270 3228 5321 Solium
3275 5277 3459 5332 tuum,

1898 5368 2056 5425 Deus.
2087 5366 2138 5418 in
2171 5364 2425 5417 saeculum
2456 5361 2654 5416 surculi.
2682 5360 2969 5428 Propterea
3007 5361 3157 5413 unxit
3189 5369 3240 5413 te
3270 5382 3282 5413 :
3310 5357 3461 5427 virga

1898 5459 2254 5520 rectitudinis,
2275 5457 2418 5524 virga
2443 5456 2586 5523 regni
2607 5454 2681 5506 tui
2699 5455 2763 5505 ⁷³.
2796 5472 2813 5503 ›
2840 5452 2902 5506 Et
2924 5467 3147 5506 rursus:
3172 5471 3189 5503 ι
3214 5450 3459 5522 Regnum

2439 5614 2484 5643 το
2515 5612 2649 5667 Gen.
2684 5628 2795 5678 xix,
2821 5611 2913 5667 ‘24.
2994 5613 3034 5643 "
3070 5610 3215 5670 Psal.
3249 5624 3357 5676 cxx,
3401 5608 3455 5664 Ι.
