3878 6208
481 306 576 360 567

1461 313 1517 366 S.
1561 311 1833 366 CYllILLI
1875 310 2349 367 ALEXANDRINI
2387 311 2709 369 ARCIIIEP.

3627 329 3734 386 568

478 439 658 490 tuum,
707 440 930 498 regnum
975 425 1214 482 omnium
1263 427 1575 482 saeculorum
1607 429 1673 484 ⁷³.
1731 448 1750 482 ι
1801 431 1856 484 Si
1911 445 2037 501 ergo

2150 428 2421 499 βασιλείας
2454 449 2568 486 σου.
2599 451 2616 484 ι
2655 433 2764 486 Καὶ
2797 434 2987 487 πάλιν·
3028 454 3044 484 ι
3090 437 3150 488 ἸΙ
3189 438 3433 507 βασιλεία
3470 461 3586 511 σου,
3632 448 3732 516 βα-

479 517 636 570 :tiam
677 529 802 571 ante
842 517 1272 572 incarnationem
1305 517 1669 573 Verbum-Dei
1706 530 1826 576 erat
1861 537 1955 576 rex
1989 531 2046 576 et

477 604 768 671 Dominus,
805 606 1076 675 quomodo
1117 623 1222 662 non
1266 607 1311 662 is
1355 608 1703 678 blasphemus
1743 613 2046 668 censendus

475 697 543 750 sit
582 698 672 766 qui
708 697 907 752 factum
937 713 1061 755 esse
1100 699 1167 755 de
1223 701 1458 756 essentia
1493 703 1913 772 interpretetur?
1940 705 2040 759 Fa-

475 802 590 844 ctus
614 794 758 846 enim
789 802 872 846 est
898 797 1082 847 noster
1105 793 1393 860 Dominus,
1426 811 1550 849 cum
1581 795 1728 850 illum
1759 797 1922 851 talem
1949 812 2042 852 co-

473 883 779 952 gnovimus,
799 885 1040 953 quando,
1071 885 1324 940 omnibus
1353 888 1509 943 nobis
1537 890 1797 960 sanguine
1825 905 1925 944 suo
1953 904 2042 945 re-

473 975 725 1044 demptis,
754 976 1062 1032 declaratus
1088 987 1172 1034 est
1201 978 1450 1034 Christus
1477 989 1530 1034 et
1561 980 1840 1036 Dominus.

595 1173 758 1244 217
789 1174 940 1230 Idem
969 1176 1148 1244 aliter,
1177 1181 1411 1251 exemplo
1443 1200 1474 1235 α
1506 1185 1654 1238 nobis
1682 1197 1907 1255 suntpto.

541 1352 598 1408 Si
641 1353 709 1407 de
753 1353 968 1408 homine
1008 1353 1187 1424 aliquo
1228 1357 1496 1412 diceretur
1536 1359 1776 1414 :Factus
1816 1374 1900 1417 est
1941 1365 2042 1421 iste

473 1442 634 1510 hujus
654 1445 1012 1513 possessionis
1045 1447 1295 1502 dominus
1332 1466 1346 1502 :
1379 1450 1503 1517 quis
1532 1451 1667 1505 adeo
1689 1451 1891 1509 delirus
1919 1455 2040 1510 fue~

471 1535 562 1600 rit,
591 1543 647 1588 ut
675 1545 785 1588 tum
813 1535 1173 1590 substantiam
1205 1537 1346 1593 illius
1373 1540 1568 1595 factam
1596 1557 1718 1598 esse
1745 1545 2039 1611 existimet,

470 1627 686 1696 quando
716 1627 1023 1682 declaratus
1050 1638 1134 1683 est
1161 1629 1390 1700 alicujus
1422 1633 1495 1685 rei
1527 1634 1812 1689 dominus?
1841 1636 2041 1695 Factus

469 1720 611 1772 enim
649 1729 732 1774 est
772 1735 874 1774 non
914 1722 1055 1789 quod
1100 1730 1213 1776 tum
1259 1723 1553 1778 exsistendi
1595 1726 1808 1781 initium
1850 1739 2041 1785 nactus

469 1813 559 1878 sit,
589 1812 680 1866 sed
709 1811 854 1881 quod
885 1812 1086 1881 aliquid
1119 1813 1170 1866 in
1203 1827 1356 1868 suam
1389 1825 1711 1884 potestatem
1745 1820 2038 1876 reduxerit.
2073 1793 2116 1849 Β

469 1903 544 1956 lla
583 1904 745 1957 etiam
787 1905 853 1958 de
889 1904 1104 1959 Christo
1140 1907 1482 1976 cogitandum
1523 1919 1624 1964 est.
1664 1910 2041 1970 Servicbamus

466 1996 594 2049 olim
634 1993 782 2048 falsis
816 1995 941 2059 diis,
976 2006 1031 2052 et
1065 1997 1401 2066 corruptioni
1437 2000 1658 2054 obnoxii
1695 2017 1950 2070 eramus;
1987 2016 2042 2058 at

469 2085 560 2140 Dei
579 2082 814 2139 Verbum
842 2099 908 2140 ex
936 2085 1272 2156 beneplacito
1298 2087 1476 2144 Patris
1505 2089 1704 2145 factum
1736 2103 1819 2146 est
1847 2095 2038 2162 homo,

467 2186 524 2231 ut
564 2177 718 2230 nobis
751 2177 816 2230 ab
848 2189 1035 2231 errore
1070 2178 1317 2233 abductis
1355 2179 1449 2232 (int
1483 2182 1721 2236 omnium
1759 2183 2036 2240 Dominus.

469 2267 631 2323 Unxit
663 2282 788 2321 vero
821 2269 992 2337 ipsum
1025 2267 1207 2334 Pater,
1241 2279 1294 2324 ut
1330 2288 1425 2341 per
1453 2273 1628 2342 ipsum
1663 2275 1740 2329 vis
1775 2291 1838 2331 ac
1868 2281 2041 2332 virtus

467 2361 718 2440 ngpgentis
761 2361 923 2414 etiam
971 2361 1022 2413 in
1069 2376 1169 2416 nos
1212 2366 1540 2431 perveniret.
1587 2363 1719 2420 Nam
1767 2370 1821 2422 in
1867 2370 2042 2438 primo

463 2454 676 2507 Christo
709 2463 915 2506 natura:
948 2462 1147 2508 nostra:
1177 2454 1316 2508 bona
1350 2457 1648 2511 instaurata
1678 2469 1822 2527 sunt,
1856 2460 2039 2516 facta:-

463 2560 568 2613 que
593 2553 717 2599 sunt
743 2544 897 2599 nobis
926 2544 1178 2613 primitiae
1207 2547 1513 2601 divinorum
1546 2551 1809 2604 donorum
1844 2554 1895 2606 in
1927 2554 2040 2623 ipso

463 2651 516 2693 et
552 2654 647 2708 per
678 2639 884 2709 ipsum,
917 2649 976 2692 ut
1015 2640 1066 2693 in
1110 2641 1328 2695 homine
1357 2654 1412 2696 et
1447 2659 1476 2696 a
1517 2644 1627 2699 Deo
1659 2663 1673 2698 :
1710 2645 1850 2701 Deus
1896 2647 2040 2703 enim

463 2742 582 2787 erat
609 2733 662 2788 in
694 2746 755 2786 ca
765 2748 879 2786 rue.

1068 2843 1219 2898 Idem
1252 2845 1427 2900 aliter.

530 2960 728 3016 Beatus
763 2959 929 3014 David
966 2959 1160 3014 alicubi
1204 2962 1276 3014 ita
1319 2961 1496 3029 psallit
1538 2980 1551 3016 :
1594 2981 1613 3014 ι
1653 2963 1781 3018 Fias
1818 2967 1946 3022 mihi
1985 2968 2039 3022 in

465 3055 629 3109 Deum
664 3061 1020 3122 protectorem
1046 3053 1168 3116 ";»
1194 3065 1249 3106 et
1283 3069 1497 3108 rursum
1534 3073 1548 3109 :
1588 3074 1608 3107 ι
1647 3057 1715 3111 Ει
1753 3059 1931 3115 factus
1956 3071 2040 3116 est

2147 519 2321 573 σιλεία
2351 521 2568 574 πάντων
2596 523 2705 575 τών
2732 523 2962 578 αἰώνων.
2989 547 3007 577 ›
3051 528 3109 580 ΕΞ
3156 531 3333 584 τοίνυν
3372 535 3466 586 καὶ
3495 537 3602 606 πρὸ
3633 541 3733 609 τῆς

2147 612 2478 684 σαρκώσεως
2522 615 2775 684 βασιλεύς
2820 633 2879 668 τε
2924 618 3018 670 καὶ
3056 619 3259 691 Κύριος
3289 619 3356 693 ἦν
3391 625 3419 677 ὁ
3458 624 3556 681 τοῦ
3590 627 3732 682 Θεοῦ

2145 708 2347 776 Λόγος,
2387 707 2504 771 πῶς
2534 707 2634 761 οὐκ
2663 709 2728 762 ἀν
2769 727 2852 772 τις
2889 709 3072 782 ἔνοχος
3111 715 3194 785 εἴη
3235 719 3348 780 τοῖς
3385 721 3484 789 τῆς
3521 720 3732 793 δυσφη-

2147 800 2275 870 μίας
2304 801 2642 872 ἐγκλήμασι,
2680 803 2822 855 κατά
2859 803 2958 874 τῆς
3000 806 3189 870 οὐσίας
3230 808 3394 862 αὑτοῦ
3437 811 3617 882 φέρων
3666 815 3733 867 τὸ

2144 892 2512 962 πεποιῆσθαι;
2543 892 2737 959 Γέγονε
2772 893 2882 963 γὰρ
2925 897 2956 965 ὴ
2967 895 3083 964 μῶν
3111 896 3313 967 Κύριος
3349 901 3456 954 τῶν
3484 904 3730 972 ἐπεγνω-

2145 983 2319 1036 κότων
2361 984 2454 1037 τὸν
2488 983 2696 1036 ἑαυτῶν
2728 986 3027 1057 Δεσπότην,
3063 990 3151 1042 ὅτε
3196 989 3274 1061 τῷ
3312 993 3498 1064 οἰκείῳ
3533 995 3730 1066 αἵματι

2145 1077 2353 1138 πάντας
2383 1076 2680 1148 ἀγοράσας,
2705 1078 2984 1152 ἀνεδείχθη
3018 1082 3250 1152 Χριστὸς
3277 1086 3372 1138 καὶ
3407 1086 3629 1158 Κύριος.

2148 1185 2382 1250 ’Ἄλλως
2442 1186 2509 1238 τὸ
2555 1186 2730 1251 αὐτὸ,
2776 1189 3010 1268 exima-
3067 1195 3194 1247 καθ’
3251 1193 3409 1265 ἡμᾶς
3463 1200 3611 1268 ἕχον
3663 1203 3731 1255 τὸ

2761 1260 3110 1331 ὑπόδειγμα.

2227 1366 2290 1418 El
2340 1367 2426 1419 ἐπ’
2473 1368 2763 1440 ἀνθρώπου
2821 1370 3035 1440 λέγοιτο
3097 1378 3294 1448 τυχόν·
3346 1381 3575 1450 Γέγονεν
3637 1387 3724 1441 ὁδε

2142 1457 2299 1512 τοῦδε
2332 1459 2426 1512 τοῦ
2477 1463 2757 1533 κτήματος
2802 1465 3024 1535 κύριος,
3067 1468 3150 1531 τίς
3189 1471 3363 1537 οὕτως
3397 1475 3464 1529 ἂν
3502 1479 3589 1548 εἴη
3625 1479 3726 1551 λη-

2147 1549 2274 1618 ρῶν,
2305 1551 2379 1614 ώς
2404 1552 2526 1604 τότε
2557 1553 2654 1622 τὴν
2680 1555 2868 1608 οὐσίαν
2893 1557 3060 1610 αὑτοῦ
3095 1564 3426 1635 πεποιῆσθαι
3459 1549 3724 1639 νομίζειν,

2142 1641 2231 1694 ὅτε
2263 1644 2357 1696 καὶ
2384 1643 2572 1714 κύριος
2603 1646 2819 1719 ἐδείχθη
2849 1650 3029 1714 τινός;
3074 1652 3272 1721 Γέγονε
3301 1658 3409 1730 γὰρ
3437 1660 3536 1713 οὐκ
3565 1663 3728 1728 αὐτὸς

2142 1734 2222 1796 είς
2250 1733 2508 1790 σύστασιν
2532 1737 2625 1790 τοῦ
2652 1735 2792 1793 εἷναι
2818 1740 2938 1794 τότε
2968 1744 3266 1814 προελθὼν,
3299 1749 3412 1802 ἀλλ’
3437 1752 3526 1819 ὑφ’
3545 1755 3729 1827 ἐαυτῷ

2142 1841 2194 1877 τι
2238 1827 2625 1897 ποιησάμενος.
2676 1829 2835 1884 Οὕτω
2881 1849 2972 1903 μοι
3021 1834 3132 1888 νόει
3183 1839 3278 1891 καὶ
3321 1841 3415 1893 ἐπὶ
3461 1845 3725 1915 Χριστοῦ.

2155 1912 2536 1984 Ἐδουλεύομεν
2567 1916 2735 1972 πάλαι
2767 1923 2879 1984 τοῖς
2917 1924 2991 1993 μὴ
3020 1920 3141 1978 οὖσι
3181 1925 3353 1991 Θεοῖς·
3386 1912 3728 2006 ὑπεδίείμεθα

2141 2006 2207 2075 τῇ
2249 2007 2458 2076 φθορᾷ·
2490 2007 2629 2062 ἀλλά
2672 2011 2898 2080 γέγονεν
2939 2015 3226 2086 ἄνθρωπος
3254 2021 3282 2072 ὁ
3316 2023 3410 2074 τοῦ
3447 2023 3582 2079 Θεοῦ
3623 2030 3727 2081 Λό-

2142 2113 2236 2165 γος
2268 2098 2658 2170 εὐδοκήσαντος
2684 2103 2778 2157 τοῦ
2813 2106 3045 2178 Πατρὸς,
3083 2110 3171 2165 ἵνα
3205 2113 3304 2183 τῆς
3337 2115 3544 2187 πλάνης
3575 2122 3728 2192 ἡμᾶς

2142 2188 2460 2254 ἀπαλλάξας
2500 2193 2728 2264 γένηται
2769 2197 2987 2253 πάντων
3021 2200 3244 2272 Κύριος.
3273 2206 3494 2278 Ἔχρισε
3521 2188 3724 2267 δὲταῦ-

2141 2275 2232 2331 τὸν
2263 2281 2290 2333 ὁ
2322 2280 2536 2353 Πατὴρ,
2582 2284 2668 2337 ἵνα
2714 2285 2782 2338 δι’
2819 2288 2982 2341 αὑτοῦ
3024 2291 3206 2364 φθάσῃ
3247 2275 3468 2360 καὶμείς
3504 2300 3654 2370 ἡμᾶς
3691 2305 3726 2374 ἡ

2141 2369 2236 2423 τοῦ
2267 2371 2552 2441 χρίσαντος
2576 2375 2823 2446 δύναμις.
2846 2379 3043 2448 Γέγονε
3066 2383 3174 2455 γὰρ
3195 2387 3253 2438 ὲν
3277 2390 3478 2461 πρώτῳ
3502 2369 3729 2465 Χριστῷ

2140 2461 2211 2514 τὰ
2257 2463 2355 2534 τῆς
2401 2464 2614 2532 φύσεως
2639 2469 2794 2538 ἡμῶν
2825 2470 3026 2540 ἀγαθὰ,
3059 2475 3154 2528 καὶ
3178 2479 3404 2550 ἀπαρχὴ
3430 2481 3540 2536 τῶν
3561 2461 3728 2538 θείων

2142 2555 2274 2623 ἡμῖν
2297 2558 2652 2628 χαρισμάτων
2676 2561 2732 2613 ἐν
2761 2561 2909 2632 αὐτῷ
2943 2565 3035 2617 καὶ
3061 2565 3127 2618 δι’
3159 2569 3324 2622 αὐτοῦ
3349 2572 3427 2636 ὡς
3451 2573 3727 2650 ἀνθρώπῳ

2143 2647 2238 2699 καὶ
2275 2649 2424 2719 παρὰ
2456 2649 2592 2704 Θεοῦ
2611 2667 2625 2682 ⁸
2657 2651 2791 2717 Θεὸς
2822 2657 2930 2727 γὰρ
2959 2652 3025 2729 ἦν
3054 2660 3113 2712 ἐν
3148 2665 3334 2732 σαρκί.

2669 2854 2895 2921 Ἄλλως
2935 2861 2999 2910 τὸ
3037 2861 3205 2914 αὑτό.

2212 2960 2421 3014 Ψάλλει
2458 2978 2560 3015 που
2599 2965 2693 3016 καί
2733 2982 2900 3036 φησιν
2942 2969 2971 3022 ὁ
3025 2971 3297 3042 μακάριος
3340 2978 3538 3033 Δαϐίδ·
3579 3001 3598 3033 ι
3630 2983 3726 3036 1‘s-

2142 3053 2236 3107 νοῦ
2279 3071 2370 3125 μοι
2401 3056 2480 3118 είς
2507 3056 2640 3110 Θεὸν
2669 3057 3083 3132 ὑπερασπιστήν
3107 3080 3120 3093 ο
3151 3084 3170 3116 ι
3205 3068 3299 3120 καὶ
3335 3071 3496 3124 πάλιν
3516 3089 3532 3104 ο
3568 3095 3586 3124 ι
3621 3078 3730 3130 Καὶ

462 3149 723 3204 Dominus
769 3145 1029 3216 refugium
1075 3147 1390 3217 pauperi”.
1435 3167 1454 3199 ι
1505 3149 1771 3205 Craterum
1820 3153 1872 3206 in
1917 3153 2035 3221 his,

2150 3147 2358 3216 ἐγένετο
2386 3147 2590 3220 Κύριος
2619 3155 2906 3225 καταφυγὴ
2936 3157 3015 3226 τῷ
3049 3157 3258 3229 πένητι.
3289 3179 3309 3213 ι
3350 3164 3490 3217 Ἀλλ’
3523 3170 3582 3219 ἐν
3616 3171 3732 3223 τού⁴

463 3253 622 3294 nemo
635 3247 782 3294 certe
793 3238 990 3292 dixerit
1006 3238 1169 3294 Deum
1187 3249 1296 3293 tum
1312 3242 1541 3309 coepisse
1551 3244 1815 3299 exsistere
1827 3247 2040 3314 quando

463 3331 636 3386 factus
670 3341 754 3385 est
788 3331 1055 3400 refugium
1097 3333 1340 3401 pauperi.
1383 3333 1608 3404 Semper
1639 3337 1782 3391 enim
1823 3339 1926 3393 hoc
1960 3340 2043 3408 ip-

461 3439 580 3479 sum
608 3423 901 3489 exsistens,
927 3439 1249 3493 semperque
1275 3441 1505 3482 servans
1529 3442 1836 3496 oppressos,
1865 3430 2040 3484 factus

460 3525 548 3570 est
579 3515 768 3570 Davidi
803 3514 858 3570 in
899 3515 1066 3570 Deum
1105 3527 1506 3585 protectorem,
1543 3528 1598 3573 et
1635 3523 1854 3588 pauperi
1891 3522 2038 3576 refu-

461 3607 632 3678 gium.
667 3607 1129 3672 Quemadmodum
1167 3610 1333 3680 igitur
1366 3611 1419 3665 id
1456 3613 1601 3680 quod
1635 3627 1851 3682 semper
1884 3623 2036 3680 erat,

463 3700 566 3754 hoc
595 3699 769 3767 ipsum
799 3713 988 3755 rursus
1015 3699 1076 3755 ﬁt
1107 3703 1335 3770 petenti,
1363 3711 1418 3757 et
1444 3704 1625 3757 oranti
1657 3722 1670 3757 :
1703 3705 1774 3758 ita
1801 3714 1856 3759 et
1883 3704 2041 3760 Chri-

461 3803 580 3847 Stus
613 3807 734 3846 cum
770 3807 987 3861 semper
1018 3794 1092 3849 sit
1125 3795 1385 3848 Dominus
1416 3804 1471 3850 et
1507 3811 1626 3861 rex,
1660 3805 1843 3866 utpote
1879 3798 2034 3866 Deus,

462 3884 638 3938 factus
676 3893 760 3939 est
798 3885 961 3940 etiam
1005 3887 1057 3940 in
1103 3888 1260 3941 nobis
1307 3889 1590 3956 Dominus,
1627 3890 1842 3958 quando
1886 3895 2038 3947 dete-

463 3983 668 4030 stantes
695 3977 1032 4047 tyrannidem
1061 3979 1258 4034 diaboli
1286 3995 1392 4049 qua
1422 3996 1520 4037 nos
1543 3983 1902 4052 opprimebat,
1929 3987 2038 4039 cla-

463 4071 726 4124 mavimus
755 4071 820 4126 ad
849 4070 1066 4127 Patrem
1099 4090 1113 4125 :
1148 4091 1166 4124 ι
1201 4073 1402 4129 Emitte
1431 4074 1610 4131 lumen
1641 4088 1791 4131 tuum
1819 4089 1873 4134 et
1899 4081 2039 4133 veri-

462 4170 630 4216 tatem
672 4172 817 4217 tuam
842 4164 910 4217 ⁷⁸.
961 4183 980 4216 ι
1025 4164 1133 4219 Deo
1171 4174 1352 4220 autem
1389 4181 1546 4222 sacra
1587 4168 1868 4238 Scriptura
1902 4186 2038 4240 opus

461 4255 728 4307 attribuit.
764 4252 956 4310 Omnia
990 4256 1134 4309 enim
1171 4273 1291 4326 qua:
1326 4258 1618 4314 humanam
1653 4272 1899 4317 naturam
1939 4281 2036 4319 ex-

460 4345 683 4410 cedunt,
715 4360 876 4417 opera
910 4348 1004 4401 Dei
1037 4349 1230 4403 merito
1257 4358 1538 4404 vocantur.

753 4475 1328 4568 ASSERTIO
1398 4481 1726 4570 XXII.

463 4620 530 4675 In
559 4621 715 4706 illud,
745 4642 764 4673 ι
797 4622 874 4676 De
900 4624 986 4677 die
1013 4633 1062 4677 et
1080 4625 1224 4706 liora
1251 4626 1348 4705 illa.
1373 4644 1521 4706 nemo
1551 4634 1711 4706 novit,
1742 4649 1832 4706 nec
1862 4637 2036 4706 angeli

577 4695 846 4758 oculorum,
878 4711 1038 4762 neque
1068 4693 1270 4759 Filius,
1299 4699 1400 4749 nisi
1433 4698 1596 4753 l’ater
1617 4703 1762 4756 solus
1785 4705 1853 4757 ".
1891 4725 1910 4756 ι

920 4868 1155 4939 Objectio
1187 4873 1575 4929 hwreticorum.

528 4984 598 5039 At
639 4982 940 5053 quomodo,
977 4985 1265 5055 inquiunt,
1301 4989 1407 5043 erit
1448 4990 1641 5047 similis
1681 4992 1851 5050 Filius
1891 4995 2035 5052 Patri

457 5075 753 5130 secundum
799 5077 1118 5143 essentiam,
1156 5094 1280 5134 cum
1326 5082 1470 5136 dicat
1513 5084 1680 5154 218
1723 5101 1782 5140 se
1826 5091 2038 5144 nescire

456 5167 597 5220 diem
634 5168 1122 5222 consummationis
1160 5169 1342 5224 saeculi
1376 5184 1392 5224 :
1430 5187 1591 5240 quem
1635 5173 1836 5245 alioqui
1880 5177 2038 5234 Pater

456 5259 627 5322 novit,
655 5270 713 5312 ut
743 5259 858 5329 ipse
888 5260 1120 5316 (aletur?
1148 5261 1336 5332 Magna
1365 5265 1512 5320 enim
1543 5266 1598 5320 in
1628 5267 1729 5322 hoc
1759 5270 2037 5326 dissimili-

457 5353 586 5406 tudo
611 5352 875 5418 cernitur,
906 5363 962 5408 et
991 5355 1255 5410 naturalis
1285 5359 1531 5426 quamam
1560 5360 1948 5433 discrepantia.

951 5463 1159 5520 Salutio
1198 5467 1530 5537 objectiom's.

527 5573 584 5628 Si
616 5575 729 5644 ipse
755 5585 838 5633 est
864 5580 1114 5635 conditor
1137 5582 1481 5651 saeculorum,
1509 5595 1563 5640 et
1592 5596 1918 5657 tempormn,
1948 5602 2032 5645 at-

527 5734 573 5764 "
610 5732 747 5787 Psal.
779 5750 956 5805 cxuv,
998 5739 1083 5794 15.
1160 5743 1207 5774 ⁷⁸
1237 5741 1380 5799 Psal.
1421 5759 1550 5810 xvu,
1591 5745 1674 5798 19.

1756 5749 1801 5780 ⁷⁸
1839 5747 1978 5804 Psal.
2015 5767 2088 5820 ix,
2121 5753 2203 5806 lt).
2284 5757 2330 5787 ⁷⁸
2365 5757 2511 5812 Psal.
2549 5772 2680 5825 xui,
2720 5762 2772 5816 5.

2141 3255 2274 3302 τοις,
2316 3240 2414 3293 οὐκ
2457 3241 2521 3294 ἄν
2558 3259 2644 3305 τις
2692 3243 2837 3297 εἴποι
2878 3247 3001 3300 τότε
3050 3251 3186 3320 πρὸς
3215 3254 3402 3308 οὐσίαν
3431 3259 3730 3329 κεκλῆσθαι

2140 3330 2231 3382 τὸν
2269 3331 2422 3396 Θεὸν,
2453 3332 2540 3384 ὅτε
2573 3333 2650 3403 τῷ
2681 3335 2872 3407 πένητι
2904 3339 3094 3408 γέγονε
3127 3349 3438 3418 καταφυγή.
3475 3349 3589 3403 Ἀεὶ
3624 3354 3730 3423 γὰρ

2141 3422 2216 3475 ὢν
2251 3422 2410 3476 τοῦτο
2444 3425 2539 3478 καὶ
2571 3425 2759 3490 σώζων
2806 3431 2933 3493 τοὺς
2967 3432 3377 3504 ἀδικουμένους,
3422 3442 3616 3509 γέγονε
3652 3448 3729 3513 τῷ

2144 3513 2245 3583 μὲν
2272 3514 2436 3568 Δαὸὶδ
2468 3521 2548 3579 είς
2583 3515 2717 3569 Θεὸν
2752 3519 3189 3595 ὑπερασπιστὴν,
3214 3526 3294 3596 τῷ
3324 3529 3379 3581 δὲ
3415 3531 3605 3602 πένητι
3641 3553 3729 3589 και

2138 3608 2380 3676 ταφυγή.
2407 3607 2622 3679 ’Ὠσπερ
2646 3605 2738 3663 οὖν
2765 3612 2902 3683 ὅπερ
2927 3609 2995 3684 ἦν
3018 3616 3126 3680 ἀεὶ,
3151 3618 3310 3673 τοῦτο
3335 3621 3540 3690 γίνεται
3569 3630 3727 3682 πάλιν

2139 3697 2217 3768 τῷ
2260 3699 2500 3752 αἰτοῦντι
2549 3703 2644 3754 καὶ
2697 3708 3157 3778 προσευχομένῳο
3200 3710 3342 3766 οὕτω
3383 3716 3474 3767 καὶ
3513 3720 3540 3771 ὁ
3587 3720 3728 3790 Χρι-

2143 3790 2296 3855 στὸς,
2343 3791 2546 3860 Κύριος
2586 3792 2660 3846 ὣν
2690 3795 2776 3848 ἀεὶ
2819 3799 2913 3849 καὶ
2946 3797 3200 3866 βασιλεὺς
3240 3803 3316 3866 ὡς
3348 3805 3500 3869 Θεὸς,
3536 3812 3727 3878 γέγονε

2140 3886 2234 3937 καὶ
2277 3887 2334 3938 ἐν
2369 3888 2500 3956 ἡμῖν
2548 3888 2782 3958 Κύριος,
2824 3892 2912 3944 ὅτε
2952 3894 3044 3946 τοῦ
3082 3898 3396 3967 συνέχοντος
3434 3904 3578 3973 ἡμᾶς
3611 3908 3728 3959 δια-

2139 3977 2304 4045 ϐόλου,
2342 3979 2440 4047 τὴν
2481 3981 2772 4049 τυραννίδα
2823 3986 3187 4056 μισήσαντες,
3228 3990 3537 4064 ἐϐοήσαμεν
3589 4000 3728 4068 πρὸς

2137 4069 2230 4122 τὸν
2277 4071 2534 4140 Πατέρα⁶
2573 4091 2592 4122 ι
2639 4073 3052 4138 Ἐξαπόστειλον
3102 4080 3165 4133 τὸ
3197 4081 3314 4150 φῶς
3360 4101 3456 4138 σου
3501 4091 3595 4141 καὶ
3628 4093 3727 4161 τὴν

2138 4160 2397 4231 ἀλήθειάν
2432 4179 2546 4216 σου.
2581 4183 2599 4213 ι
2635 4165 2753 4236 Θεῷ
2781 4166 2836 4221 δὲ
2867 4168 2928 4220 τὸ
2973 4170 3133 4240 ἔργον
3180 4175 3499 4248 ἀνατίθησιν
3532 4183 3562 4251 ἡ
3608 4160 3728 4236 θεία

2139 4253 2350 4324 Γραφή.
2399 4255 2584 4309 Πάντα
2617 4258 2727 4329 γάρ
2765 4262 2865 4314 ὅσα
2897 4263 2998 4332 τὴν
3033 4263 3320 4334 ἀνθρώπου
3367 4271 3528 4337 φύσιν
3567 4274 3724 4338 ἐξά).-

2137 4345 2308 4410 λεται,
2335 4347 2507 4400 ταῦτα
2537 4349 2763 4415 δικαίως
2795 4352 2930 4423 ἔργα
2962 4355 3206 4410 καλεῖται
3239 4360 3398 4412 Θεοῦ-

2622 4477 2990 4562 ΛΟΓΟΣ
3065 4478 3254 4563 KB'.

2146 4632 2368 4711 Εἰς-ξύ,
2411 4653 2429 4683 ι
2471 4634 2610 4711 gap!
2665 4634 3060 4711 τῆς-’ἠμέρας
3114 4639 3350 4711 ἐκείνης
3398 4642 3493 4696 καί
3537 4641 3726 4711 ὧρας,

2208 4702 2408 4781 crvdele
2450 4700 2633 4781 οἶδεν,
2675 4700 2824 4781 ὀὐδὲ
2847 4700 2921 4781 ibi
2945 4700 3198 4781 ’ἄγγελοι
3254 4700 3370 4762 τών
3429 4700 3724 4781 ρι’·ραὲὠ-ίί

2207 4771 2349 4825 οὐδὲ
2376 4777 2408 4827 ὀ
2455 4775 2608 4841 Υἱὸς,
2636 4777 2688 4828 εί
2711 4775 2798 4845 μὴ
2823 4779 2856 4830 ὀ
2890 4771 3093 4845 Παέῆρ
3119 4782 3324 4847 μόνος.
3348 4801 3364 4830 ι

2413 4885 2734 4953 Ἀντίθεσις
2759 4891 2828 4942 ἐκ
2859 4887 2978 4943 τῶν
3009 4893 3455 4961 Χριστομιὶχων.

2209 4999 2318 5051 Καὶ
2352 4999 2490 5063 πῶς,
2529 5002 2716 5068 φασιν,
2757 5002 2907 5056 ἔσται
2956 5007 3075 5058 κατ’
3104 5007 3290 5059 οὐσίαν
3322 5009 3506 5078 ὅμοιος
3538 5014 3567 5064 ὁ
3602 5012 3730 5076 Υἱὸς

2135 5087 2213 5160 τῷ
2247 5090 2444 5161 Πατρὶ,
2473 5091 2648 5160 λέγων
2679 5095 2754 5164 μὴ
2784 5094 2982 5148 εἰδέναι
3018 5096 3114 5166 τὴν
3150 5099 3366 5170 ἡμέραν
3400 5100 3500 5169 τῆς
3542 5119 3730 5156 συντε-

2135 5181 2284 5244 λείας
2329 5182 2424 5235 τοῦ
2473 5183 2702 5249 αἰῶνος·
2745 5187 2924 5240 καίτοι
2967 5187 3060 5240 τοῦ
3110 5189 3319 5259 Πατρὸς
3370 5191 3604 5257 εἰδότος,
3652 5192 3728 5256 ὦς

2137 5290 2302 5344 φησιν
2345 5275 2540 5342 αὑτός;
2574 5276 2717 5331 Πολὺ
2754 5279 2863 5350 γὰρ
2902 5281 2960 5333 έν
3003 5279 3178 5351 τούτῳ
3217 5281 3278 5335 τὸ
3319 5283 3572 5356 ἀνόμοιον
3603 5286 3728 5355 φαί-

2137 5382 2309 5430 νεται,
2337 5368 2431 5419 καὶ
2463 5373 2667 5440 φυσική
2700 5387 2783 5433 τις
2817 5371 3120 5434 διάστασις.

2630 5485 2789 5552 Πρὸς
2818 5485 2992 5540 τοῦτο
3026 5487 3225 5552 λύσις.

2215 5594 2274 5646 Εἰ
2304 5594 2461 5657 αὐτός
2484 5596 2599 5650 ἐστι
2621 5600 2849 5670 ποιητὴς
2869 5599 3099 5664 αἰώνων,
3120 5601 3211 5652 καὶ
3238 5621 3269 5670 χ
3277 5602 3461 5672 ρὸνων,
3492 5605 3584 5658 καὶ
3611 5622 3727 5660 και·

2853 5764 2896 5794 ⁷⁷
2933 5760 3123 5819 Matth.
3153 5783 3301 5833 xxiv,
3334 5770 3420 5827 56.
