3878 6208
177 373 296 435 δῦθι
1221 435 1229 444 .
1598 390 2036 448 THESAURUS.
3354 390 3463 448 370

181 493 462 607 ρῶν,ρέστι
493 495 552 550 δὲ
588 495 790 607 ορτως,
815 499 932 565 πῶς
969 502 1046 566 ὡς
1075 503 1206 574 μίαν
1239 505 1452 578 ἡμέραν
1489 509 1585 563 καὶ
1623 509 1772 582 ὥραν

1895 527 1981 581 lue
2017 514 2122 568 hoc
2155 525 2283 567 vcre
2321 510 2392 565 ita
2433 518 2520 566 est
2555 528 2570 563 :
2606 507 2876 579 quomodo
2918 520 3081 561 unum
3121 505 3261 561 diem
3300 513 3462 574 atque

179 588 458 658 ἀγνοήσας
497 588 628 660 παρ’
661 589 789 660 ὑμῖν
825 592 1104 665 κρίνεται;
1150 595 1275 660 Πῶς
1317 597 1376 652 δὲ
1413 596 1558 670 ἅπερ
1602 600 1766 665 αὐτὸς

1895 619 2063 660 noram
2110 604 2364 674 ignorare
2395 601 2550 658 vobis
2588 600 2877 656 censetur?
2915 599 3195 667 Quomodo
3235 597 3359 652 item
3399 609 3463 652 ea

180 680 428 786 ἐποίησε,
472 681 546 786 μὴ
585 681 785 737 εἰδέναι
825 683 1086 755 δύναται;
1118 687 1274 740 Ἐστι
1302 687 1480 743 τοίνυν
1515 690 1772 756 ἐξετάσαι

1895 710 1994 766 luat
2029 695 2192 760 fecit,
2227 695 2443 750 nescire
2477 692 2691 763 potest?
2723 690 3100 762 lnvestiganda
3137 688 3300 759 igitur
3333 697 3462 742 sunt

178 770 253 824 τὰ
297 773 756 876 εἰρημένωπαρῗ.
781 776 951 830 αὐτοῦ
1004 777 1141 849 πρὸς
1186 779 1312 843 τοὺς
1346 780 1612 852 μαθητάς.
1659 783 1769 837 Καὶ

1895 803 1991 858 [uae
2028 789 2098 843 ab
2134 787 2250 857 ipso
2288 783 2573 854 discipulis
2613 784 2757 840 dicta
2796 788 2942 837 sunt.
2983 780 3025 834 E
3064 779 3261 849 quibus
3305 777 3465 832 facile

186 862 372 933 σαφῶς
401 862 545 916 ἐστιν
574 865 822 920 ἐντεῦθεν
853 867 1000 933 ἰδεῖν,
1021 869 1212 940 ὅτιπερ
1236 865 1373 924 οἶδεν
1402 873 1496 925 καὶ
1514 871 1611 942 τὴν
1639 875 1672 944 ή
1682 871 1772 944 μέ-

1895 879 2146 937 :onstabit
2169 880 2342 949 ipsum
2367 885 2423 932 et
2444 877 2586 932 diem
2611 885 2666 930 et
2695 875 2884 930 horam
2910 872 3149 938 novisse,
3172 879 3230 925 ut
3256 870 3458 937 Deum;

1598 390 2036 453 THESAURUS.

187 972 287 1025 ραν
332 955 428 1008 καὶ
473 955 572 1044 την
617 955 767 1028 ὥραν
807 958 886 1023 ὡς
921 959 1090 1024 Θεὸς,
1138 961 1243 1016 κᾶν
1289 963 1668 1018 ἀποδεικνύων
1713 967 1771 1019 ἐν

185 1045 367 1117 ἑαυτῷ
403 1047 465 1100 τὸ
505 1048 867 1120 ἀνθρώπινον,
915 1053 990 1124 μὴ
1033 1053 1230 1108 εἰδέναι
1274 1054 1429 1128 λέγῃ.
1469 1057 1531 1109 Εἰ
1561 1058 1671 1129 γάρ
1704 1057 1774 1111 τὰ

186 1138 421 1209 ἐσόμενα
452 1139 627 1193 πάντα
657 1142 764 1213 πρὸ
790 1143 889 1214 τῆς
919 1145 1132 1215 ἡμέρας
1177 1146 1273 1200 καὶ
1303 1148 1405 1218 τῆς
1440 1147 1590 1219 ὥρας
1633 1151 1774 1206 ἑκεί-

187 1247 286 1302 νης
323 1231 591 1302 διηγεῖται
636 1234 844 1304 σαφῶς,
884 1237 976 1290 καί
1015 1255 1216 1308 φησιν·
1255 1240 1450 1294 Ἔσται
1489 1241 1587 1306 μὲν
1619 1242 1773 1308 τόδε,

189 1327 529 1398 συμϐήσεται
566 1329 622 1382 δὲ
661 1331 862 1394 ἐκεῖνο,
899 1326 1020 1384 εἶτα
1061 1331 1123 1384 τὸ
1160 1332 1312 1394 τέλος
1337 1349 1352 1364 ·
1395 1332 1554 1402 δῆλον
1583 1333 1665 1388 ὅτι
1707 1334 1777 1388 τά

188 1418 294 1489 πρὸ
322 1419 491 1489 αὐτῆς
522 1419 712 1486 εἰδὼς,
761 1422 855 1474 καὶ
901 1421 1073 1493 αὐτὴν
1122 1423 1436 1476 ἐπίσταται.
1471 1425 1628 1479 Μετὰ
1667 1424 1779 1495 γὰρ

187 1512 256 1564 τὰ
278 1511 542 1582 εἰρημένα
570 1516 700 1584 παρ’
722 1513 908 1578 αὑτοῦ,
937 1514 1175 1584 τίθησιν,
1194 1516 1275 1568 ὅτι
1297 1515 1403 1569 (Τὸ
1422 1516 1571 1580 τέλος
1597 1518 1729 1572 ἐστι.
1753 1538 1771 1569 ›

189 1600 354 1663 Τέλος
382 1601 438 1654 δὲ
469 1601 522 1654 τί
558 1600 624 1655 ἂν
653 1603 840 1674 ἕτερον
867 1604 951 1674 εἴη
979 1603 1012 1673 ἢ
1046 1603 1260 1666 πάντως
1287 1605 1321 1674 ἡ
1341 1605 1544 1674 ἐσχάτη
1571 1604 1775 1676 ἡμέρα,

189 1693 255 1763 ἢν
284 1694 500 1761 ἀγνοεῖν
530 1695 739 1765 ἔφησεν
773 1697 1156 1768 οἰκονομικῶς,
1187 1696 1489 1761 ἀποσώζων
1520 1698 1683 1752 πάλιν
1711 1702 1776 1771 τῇ

188 1787 576 1860 ἀνθρωπότητι
605 1790 705 1861 τὴν
731 1791 869 1862 αὐτῇ
901 1791 1219 1862 πρέπουσαν
1241 1811 1259 1859 ;,
1287 1790 1439 1858 τάξιν
1471 1791 1782 1864 Ἄνθρωπό-

187 1897 350 1951 τητος
376 1881 486 1954 γὰρ
517 1882 646 1937 ἴδιον
674 1884 735 1937 τὸ
772 1883 848 1955 μὴ
881 1883 1085 1938 εἰδέναι
1112 1883 1182 1937 τά
1213 1883 1495 1955 μέλλοντα.

636 2105 845 2172 ΔΛΛΟ,
876 2103 1331 2176 διηγηματικῶς.

273 2215 363 2268 Ἐν
389 2218 508 2281 ταῖς
535 2215 631 2270 τοῦ
665 2217 924 2290 Σωτῆρος
964 2220 1172 2287 φωναῖς
1205 2218 1418 2290 ἀνάγκη
1453 2218 1544 2272 τὸν
1592 2218 1782 2289 χρόνον

186 2306 562 2373 ἐξετάζεσθαι,
594 2308 716 2362 καθ’
755 2309 815 2362 ὃν
844 2311 1059 2381 εἴρηται
1098 2312 1229 2379 παρ’
1260 2309 1425 2362 αὑτοῦ
1449 2328 1469 2341 ’ί
1501 2310 1642 2363 οὕτω
1675 2310 1783 2381 γὰρ

186 2397 251 2448 τὸ
278 2397 584 2452 πλανᾶσθαι
610 2399 1030 2470 διαφευξόμεθα.
1074 2398 1136 2453 Ei
1169 2401 1268 2471 μὲν
1308 2398 1402 2455 οὖν
1435 2403 1541 2474 πρὸ
1569 2404 1667 2473 τῆς
1695 2406 1782 2456 ὲν-

186 2489 600 2562 ανθρωπήσεως
627 2492 656 2544 ὁ
682 2491 789 2544 τοῦ
808 2491 946 2544 Θεοῦ
976 2493 1149 2561 Λόγος
1193 2494 1506 2565 εὑρίσκεταί
1543 2512 1648 2548 που
1686 2513 1782 2548 τα-

186 2583 375 2639 πεινόν
396 2602 447 2637 τι
474 2587 602 2657 περὶ
625 2586 819 2640 ἑαυτοῦ
841 2588 1103 2658 λαλήσας,
1131 2589 1386 2645 ἁπτέσθω
1410 2592 1506 2660 τῆς
1531 2591 1782 2662 θεότητος

185 2673 380 2739 αὐτοῦ,
409 2676 502 2730 καὶ
532 2677 785 2748 φερέσθω
825 2679 948 2733 κατ’
977 2679 1194 2750 ἐκείνης
1226 2679 1296 2732 τὰ
1337 2682 1574 2751 ῥήματα.
1623 2681 1687 2735 Εἰ
1726 2683 1783 2736 δὲ

183 2766 279 2819 ὅτε
312 2764 504 2834 γέγονε
539 2767 698 2838 σὰρξ,
733 2769 1102 2841 ἀνθρωπίναις
1136 2773 1412 2843 ἐχρήσατο
1451 2777 1680 2842 φωναῖς,
1713 2774 1781 2826 ἵν’

185 2858 359 2923 ὅντως
403 2861 596 2914 ἑαυτὸν
641 2863 733 2915 καὶ
782 2862 1069 2934 ἄνθρωπον
1116 2864 1248 2918 ὅντα
1294 2866 1474 2937 δείξῃ,
1521 2867 1638 2930 πῶς
1683 2868 1784 2921 οὐκ

187 2949 488 3004 ἀκόλουθον
517 2953 599 3015 είς
640 2954 738 3022 τὴν
770 2953 1169 3026 ἀνθρωπότητα
1201 2955 1389 3028 φέρειν
1420 2957 1488 3011 τὰ
1515 2957 1785 3030 ἀνθρωπί-

185 3059 299 3106 νως
330 3045 596 3115 εἰρημένα
623 3063 638 3110 ;
668 3045 839 3099 Τοῦτο
864 3047 972 3120 γάρ
1015 3049 1164 3102 ἐστιν
1190 3050 1548 3119 ἀποδέχεσθαι
1578 3052 1676 3120 τῆς
1703 3053 1782 3104 ol-

188 3136 454 3205 κονομίας
477 3138 568 3191 τὸν
597 3139 820 3207 τρόπον.
855 3138 916 3192 El
949 3139 1048 3209 μὲν
1077 3140 1188 3211 γὰρ
1227 3142 1290 3195 οὑ
1319 3142 1547 3210 γέγονεν
1575 3141 1784 3213 ἀνθρωο

1874 972 2118 1037 tametsi,
2158 969 2549 1026 humanitatem
2583 982 2738 1024 suam
2771 966 3084 1030 ostendens,
3117 964 3368 1033 ignorare
3404 976 3464 1029 se

1875 1066 2042 1121 dicat.
2115 1063 2173 1120 Si
2214 1064 2360 1120 enim
2423 1061 2604 1117 omnia
2669 1073 2791 1130 quae
2855 1067 2983 1112 ante
3019 1057 3164 1113 diem
3202 1053 3352 1110 illum
3408 1062 3462 1109 et

1877 1159 2066 1212 horam
2093 1164 2353 1212 eventura
2379 1164 2586 1221 essent,
2611 1151 2898 1208 manifeste
2926 1149 3183 1222 explicat,
3211 1155 3264 1204 et
3287 1146 3421 1202 dicit
3445 1163 3461 1199 :

1879 1251 1994 1306 Hoc
2027 1251 2243 1320 quidem
2273 1249 2397 1314 erit,
2431 1246 2560 1302 illud
2588 1260 2726 1301 vero
2750 1242 2990 1307 accidet,
3029 1249 3086 1296 et
3122 1249 3233 1293 tum
3265 1238 3370 1294 erit
3399 1236 3464 1290 ti-

1880 1341 1994 1406 nis,
2026 1339 2371 1394 manifestum
2403 1346 2487 1394 est
2520 1339 2684 1408 quod,
2722 1337 2768 1390 si
2801 1350 2920 1405 qua:
2954 1333 3093 1388 diem
3129 1330 3278 1384 illum
3309 1336 3464 1382 ante-

1881 1446 2096 1488 cessura
2137 1441 2322 1496 erant,
2364 1437 2580 1492 nosset,
2620 1428 2792 1497 ipsum
2838 1426 3002 1480 etiam
3045 1423 3186 1478 diem
3226 1418 3460 1475 noverit.

1882 1520 2014 1574 Nam
2047 1529 2166 1590 post
2196 1520 2284 1574 illa
2315 1534 2434 1588 quae
2462 1519 2532 1573 ab
2557 1518 2675 1586 ipso
2705 1515 2958 1586 praedicta
2985 1521 3138 1578 sunt,
3159 1507 3461 1577 subiungit,

1889 1631 1907 1662 ι
1949 1611 2100 1666 Tune
2133 1611 2237 1666 erit
2273 1609 2462 1665 ﬁnis"8
2501 1627 2514 1663 :
2560 1627 2578 1659 ι
2617 1608 2743 1662 linis
2778 1614 2996 1674 autem,
3026 1603 3280 1674 quidnam
3317 1600 3461 1653 aliud

1883 1705 1956 1759 sit
1991 1718 2151 1774 quam
2195 1703 2308 1772 ipse
2347 1701 2567 1756 ultimus
2603 1700 2752 1764 dies,
2791 1712 2952 1767 quem
2993 1697 3248 1766 ignorare
3283 1706 3342 1746 se
3380 1705 3464 1744 re-

1887 1806 2072 1866 spectu
2101 1795 2494 1851 incarnationis
2518 1793 2690 1857 dixit,
2720 1792 2964 1846 ordinem
2995 1798 3052 1843 et
3079 1786 3334 1842 decorum
3365 1782 3463 1835 hu-

1811 1882 1855 1938 B
1885 1888 2129 1943 manitati
2179 1887 2506 1942 conveniens
2566 1882 2828 1940 servans?
2896 1877 3271 1935 lltunanitatis
3317 1874 3462 1929 enim

1883 1979 2162 2051 proprium
2189 1989 2270 2034 est
2297 1978 2478 2034 futura
2508 1977 2784 2037 ianorare.

2399 2109 2628 2176 ALIUD,
2669 2109 2967 2163 narrative.

1954 2227 2016 2280 In
2042 2226 2110 2281 iis
2140 2239 2256 2294 qum
2289 2240 2319 2279 a
2351 2225 2643 2279 Servatore
2677 2231 2868 2277 nostro
2899 2218 3040 2271 dicta
3072 2221 3221 2281 sunt,
3252 2218 3472 2282 oportet

1885 2318 2173 2387 diligenter
2195 2318 2623 2372 animadvertere
2647 2329 2753 2384 quo
2783 2310 3020 2382 quidque
3046 2319 3288 2378 tempore
3312 2303 3465 2359 dixe-

1888 2413 1987 2476 rit;
2012 2411 2082 2464 ita
2109 2410 2254 2464 enim
2282 2407 2442 2463 facile
2463 2420 2706 2462 errorem
2731 2401 3075 2458 evitabimus.
3101 2397 3159 2452 Si
3184 2409 3314 2464 ergo
3340 2401 3468 2449 ante

1886 2500 2310 2556 incarnationem
2359 2495 2591 2553 Verbum
2640 2494 2734 2550 Dei
2784 2491 2988 2548 humile
3037 2486 3238 2557 aliquid
3288 2486 3356 2540 de
3406 2497 3467 2538 se

1885 2594 2089 2648 dixisse
2141 2593 2433 2660 reperitur,
2485 2587 2822 2644 divinitatem
2871 2583 2991 2653 ejus
3041 2579 3358 2649 objurgent,
3409 2583 3469 2631 et

1885 2695 2073 2741 contra
2103 2699 2221 2738 eam
2275 2683 2478 2737 dictum
2534 2680 2990 2747 interpretentur.
3039 2671 3139 2731 Sin
3163 2685 3295 2726 vero
3340 2681 3468 2724 cum

1887 2777 2060 2832 factus
2083 2785 2168 2830 est
2193 2788 2341 2836 caro,
2370 2773 2605 2826 humano
2632 2782 2782 2823 more
2809 2765 3021 2820 locutus
3046 2771 3152 2827 est,
3177 2768 3237 2814 ut
3256 2771 3383 2813 vere
3407 2771 3468 2814 se

1889 2866 2158 2921 hominem
2197 2879 2319 2918 esse
2356 2862 2640 2923 ostendat,
2671 2871 2781 2927 quo
2814 2864 2971 2926 pacto
3000 2867 3110 2909 non
3139 2851 3210 2907 sit
3237 2861 3468 2905 consen-

1887 2969 2104 3014 taneum
2131 2957 2201 3010 ad
2232 2954 2622 3010 humanitatem
2678 2949 2886 3005 referre
2909 2961 3028 3016 qua:
3054 2946 3293 3000 humano
3317 2954 3468 2996 more

1887 3049 2040 3104 dixit.
2077 3048 2190 3103 Hoc
2219 3047 2365 3102 enim
2396 3055 2483 3100 est
2512 3058 2634 3100 sese
2663 3036 3120 3097 administrationi
3153 3048 3316 3105 quam
3348 3047 3468 3088 sus-

1887 3140 2069 3210 cepit,
2119 3140 2235 3193 sive
2295 3133 2696 3198 incarnationi,
2746 3127 3176 3186 accommodare.
3229 3123 3364 3178 Nam
3420 3122 3466 3176 si

191 3245 317 3294 πος,
357 3228 586 3282 λαλείτω
615 3230 796 3284 πάντα
832 3231 908 3294 ὡς
939 3231 1102 3295 Θεός’
1140 3233 1274 3286 εἰδὲ
1313 3234 1538 3302 γέγονεν
1575 3211 1784 3304 ἄνθρω-

1895 3240 2057 3292 homo
2092 3233 2269 3288 factus
2303 3246 2408 3286 non
2449 3238 2564 3293 est,
2604 3227 2854 3296 loquatur
2889 3220 3070 3278 omnia
3108 3225 3169 3273 ut
3207 3216 3384 3280 Deus;
3421 3211 3472 3268 si-

190 3337 317 3383 πος,
344 3322 738 3392 συγχωρεῖσθω
768 3322 950 3375 λαλεῖν
977 3321 1160 3387 καθὼς
1183 3323 1281 3377 ἄνθ
1291 3342 1490 3392 ρωπος,
1513 3325 1668 3379 οὐδὲν
1690 3325 1787 3378 αι’)⁴

191 3411 287 3464 τὸν
326 3409 617 3480 ἀδικούσης
658 3414 736 3475 είς
769 3411 863 3465 τὸν
909 3413 1010 3483 τῆς
1039 3410 1294 3483 θεότητος
1324 3415 1481 3484 λόγον
1517 3415 1618 3487 τῆς
1665 3413 1788 3469 καθ’

195 3501 345 3570 ἡμᾶς
373 3503 702 3572 οἰκονομίας.
729 3503 900 3556 Τοῦτο
928 3504 1219 3575 γάριέσται
1248 3505 1312 3559 τὸ
1340 3506 1492 3578 παρὰ
1516 3506 1611 3560 τοῦ
1641 3506 1790 3560 Παύ-

195 3593 292 3647 λου
323 3593 641 3665 εἰρημένον·
674 3613 691 3646 ι
724 3595 1231 3666 Αἰχμαλωτίςοντες
1255 3598 1369 3652 πᾶν.
1391 3598 1571 3668 νόημα
1593 3598 1674 3661 εἰς
1691 3597 1788 3668 τὴν

197 3685 448 3755 ὑπακοὴν
492 3685 586 3739 τοῦ
637 3687 894 3758 Χριστοῦ.
921 3705 944 3740 ι
979 3688 1140 3742 Ἶδιον
1177 3689 1278 3758 μὲν
1323 3683 1418 3742 οὖν
1448 3689 1544 3742 τοῦ
1588 3690 1788 3759 Λόγου,

200 3777 338 3831 καθὸ
377 3777 549 3846 Λόγος
573 3767 710 3844 ἐστὶζ
741 3778 804 3832 τὺ
830 3779 1032 3832 εἰδέναι
1059 3779 1170 3833 τῶν
1203 3782 1332 3851 παρ’
1359 3780 1525 3834 αὐτοῦ
1555 3798 1788 3852 πεποιη-

203 3870 384 3941 μένων
411 3871 512 3942 τὴν
539 3871 714 3943 ἀρχὴν
744 3873 838 3930 καὶ
868 3873 936 3927 τὰ
966 3872 1126 3943 τέλη·
1157 3871 1216 3926 ἓν
1248 3873 1306 3926 δὲ
1333 3873 1442 3928 τῶν
1470 3875 1792 3945 ποιημάτων

197 3964 230 4014 ὁ
258 3961 470 4032 χρόνος,
500 3964 596 4016 καὶ
622 3966 651 4016 ὁ
682 3965 914 4034 ποιήσας
946 3963 1111 4017 αὐτὸν
1158 3957 1266 4018 οἵδέ
1304 3982 1406 4018 που
1445 3966 1661 4030 πάντως
1697 3966 1793 4020 καὶ

205 4055 368 4126 μέχρι
396 4056 541 4120 τίνος
568 4055 715 4127 αὐτῷ
743 4055 806 4110 τὸ
833 4056 1155 4112 συνεστάναι
1182 4057 1504 4130 δεδώρηται.

910 4191 1119 4246 ΑΛΛΟμ

272 4307 436 4375 Λέγει
473 4322 579 4359 που
610 4305 746 4376 πρὸς
773 4305 864 4360 τὸν
889 4303 1086 4358 ἑαυτοῦ
1120 4305 1338 4376 Πατέρα
1376 4303 1755 4375 διαλεγόμενος
1774 4322 1790 4335 ο

210 4419 230 4453 ι
262 4401 467 4472 Πάτερ,
507 4398 762 4469 ἐλήλυθεν
795 4400 830 4469 ἡ
861 4398 1014 4469 ὥρα,
1058 4397 1279 4463 δόξασόν
1323 4413 1418 4450 σου
1469 4396 1560 4450 τὸν
1593 4396 1741 4450 Υίόν.
1769 4416 1788 4448 ι

205 4494 268 4547 Εἰ
311 4493 492 4546 τοίνυν
534 4488 674 4545 οἶδεν
719 4488 964 4561 ἀκριϐῶς
1009 4489 1110 4560 τὴν
1147 4488 1320 4561 ὥραν,
1363 4488 1431 4560 ἣν
1474 4487 1794 4560 ἐληλυθέναι

1894 3343 2024 3384 vero
2054 3327 2229 3382 factus
2255 3334 2338 3380 est
2368 3325 2567 3388 homo,
2590 3313 2934 3377 concedatur!
2958 3313 3122 3368 etiam
3149 3309 3198 3364 ei
3242 3317 3301 3362 ut
3329 3306 3471 3362 sicut

1895 3423 2059 3478 homo
2085 3420 2356 3489 loquatur,
2381 3432 2504 3471 cum
2532 3409 2829 3468 incarnatio
2857 3422 2962 3476 qua
2990 3404 3143 3458 nohi
3170 3400 3363 3457 similis
3388 3397 3471 3452 fa-

1895 3522 2016 3571 ctus
2045 3522 2157 3576 est,
2196 3510 2326 3564 nihil
2361 3507 2478 3577 ejus
2512 3501 2778 3560 divinitati
2811 3498 3031 3553 otliciat.
3066 3494 3178 3549 lloc
3211 3491 3356 3547 enim
3386 3497 3470 3544 est

1896 3609 2040 3677 quod
2071 3621 2101 3660 a
2133 3604 2299 3660 Paulo
2325 3603 2526 3656 dictum
2555 3605 2640 3652 cst
2668 3614 2681 3649 :
2719 3611 2749 3644 ι.
2775 3590 3121 3659 Captivantes
3144 3582 3474 3641 omnemin-

1898 3673 2166 3756 tellectum
2199 3699 2254 3750 in
2282 3691 2644 3749 obedientiam
2673 3682 2957 3742 Christi".
2997 3700 3018 3732 ι
3053 3676 3337 3747 Proprium
3369 3673 3469 3727 ita-

1897 3807 2004 3863 que
2035 3799 2117 3846 est
2143 3789 2342 3853 Verbo,
2380 3791 2646 3854 quatenus
2670 3777 2904 3834 Verbum
2942 3781 3052 3838 est,
3087 3783 3250 3825 nosse
3283 3780 3481 3820 eorum.

1898 3899 2018 3954 quae
2052 3883 2121 3937 ab
2155 3881 2271 3951 ipso
2302 3876 2518 3934 condita
2553 3880 2680 3929 sunt
2714 3867 2977 3940 principia
3012 3873 3069 3920 et
3107 3863 3272 3927 lines;
3304 3871 3481 3912 unum

1898 3947 2031 4031 vero
2068 3947 2255 4030 eorum
2296 3986 2416 4040 quae
2457 3966 2678 4022 condita.
2709 3970 2837 4017 sunt
2875 3969 2959 4016 est
3006 3966 3247 4025 tempus,
3287 3959 3342 4006 et
3378 3947 3482 4019 qui

1899 4073 2112 4134 tempus
2139 4062 2378 4118 condidit
2396 4100 2412 4126 ,
2437 4056 2588 4115 novit
2615 4053 2854 4127 quandiu
2882 4049 3012 4107 illud
3037 4049 3109 4105 sit
3130 4047 3478 4102 duraturum.

2571 4187 2800 4245 ALIUD.

1974 4310 2230 4366 Servator
2259 4305 2456 4363 alicubi
2489 4305 2556 4360 ad
2590 4303 2806 4358 Patrem
2843 4314 2998 4356 suum
3032 4297 3109 4351 ita
3142 4294 3218 4348 ait
3255 4289 3487 4361 :‘219—

1907 4422 1926 4454 ι
1957 4403 2140 4469 Pater,
2165 4401 2311 4456 venit
2335 4399 2488 4464 hora,
2511 4396 2750 4467 gloriﬁca
2777 4393 2970 4449 Filium
2998 4385 3316 4444 tuum”.rSi
3342 4400 3472 4456 ergo

1901 4505 2090 4552 exacte
2116 4493 2263 4549 novit
2290 4492 2513 4556 horam,
2530 4503 2690 4559 quam
2717 4484 2929 4542 venisse
2955 4481 3110 4548 dicit,
3134 4480 3260 4550 quid
3289 4478 3474 4533 obstat

204 4588 376 4655 λέγει,
402 4584 454 4639 τί
484 4584 547 4638 τὸ
574 4582 782 4638 κωλῦον
803 4582 999 4636 εἰδέναι
1027 4581 1306 4652 κάκείνην,
1331 4580 1400 4652 ἢν
1415 4580 1490 4644 ὼς
1506 4579 1784 4652 ἄνθρωπος

1895 4587 2185 4659 quominus
2204 4592 2262 4640 et
2285 4583 2428 4638 illaut
2456 4582 2624 4647 norit,
2647 4585 2906 4650 quam,.ut
2929 4576 3111 4637 homo,
3136 4574 3385 4642 ignorare
3409 4583 3486 4624 se

204 4680 420 4747 ἀγνοεῖν
465 4677 567 4748 μέν
600 4693 734 4746 φησι
781 4674 870 4729 διὰ
916 4673 976 4727 τὺ
1015 4677 1083 4746 τῇ
1129 4672 1509 4744 ἀνθρωπότητι
1557 4671 1794 4742 πρέπον,

203 4766 316 4825 οἶδε
345 4769 403 4823 δὲ
435 4769 654 4833 πάντως
687 4769 763 4832 ὡς
795 4767 966 4832 Θεός;
999 4766 1120 4837 Χρὴ
1165 4765 1220 4818 δὲ
1246 4765 1308 4818 οὐ
1343 4763 1431 4819 διὰ
1462 4763 1562 4836 τὴν
1604 4763 1790 4818 τοιαύ-

206 4880 310 4933 την
343 4861 528 4934 φωνὴν
558 4861 884 4932 κατηγορεῖν
913 4858 1007 4912 τοῦ
1035 4856 1170 4911 Θεοῦ
1199 4857 1397 4925 Λόγου,
1430 4856 1524 4910 καὶ
1555 4856 1792 4926 ῥιψοκινο

206 4957 384 5035 δύνως
425 4955 648 5023 ἄγνοιαν
675 4951 825 5022 αὐτῷ
858 4949 1195 5022 προσάπτειν
1239 4949 1393 5001 τινά*
1419 4946 1555 5002 ἀλλά
1591 4946 1792 5018 μᾶλλον

207 5047 513 5118 θαυμάζειν
550 5044 715 5100 αὐτοῦ
743 5043 842 5115 τὴν
884 5041 1314 5114 φιλανθρωπίαν,
1343 5041 1403 5094 οὐ
1447 5056 1792 5112 παραιτησα-
1843 5091 1848 5095 .

211 5141 393 5212 μένου-
408 5138 497 5193 διά
537 5138 637 5210 τὴν
664 5139 742 5201 εἰς
773 5137 920 5206 ἡμᾶς
953 5135 1231 5205 ἀγάπησιν
1263 5133 1342 5195 είς
1368 5131 1636 5201 τοσαύτην
1667 5133 1792 5184 ὲαυ-

206 5233 302 5288 τὸν
340 5230 669 5285 ταπείνωσιν
714 5227 1064 5296 καταγαγεῖν,
1104 5226 1180 5289 ὡς
1226 5225 1403 5278 πάντα
1453 5223 1678 5296 φορέσαι
1724 5222 1793 5278 τὰ

207 5324 391 5396 ἡμῶν,
420 5316 496 5378 ὧν
523 5322 581 5377 ’ἐν
614 5319 850 5392 ὑπάρχει
877 5319 973 5372 καὶ
999 5319 1032 5389 η
1061 5317 1272 5384 ἄγνοια.

905 5435 1105 5488 ᾹΛΛο.

298 5553 629 5626 Ἐρωτητέον
662 5554 788 5616 τοὺς
827 5547 1224 5622 χριστομάχους
1246 5587 1259 5609 ,
1306 5547 1427 5599 ὅτου
1462 5544 1526 5616 δὴ
1576 5543 1735 5612 χάριν
1764 5545 1792 5595 ὁ

213 5649 410 5722 Σωτὴρ
447 5647 711 5718 ἀγγέλους
757 5645 852 5699 καὶ
895 5642 1024 5696 Υἱὺν
1072 5639 1372 5710 ὀνομάσας,
1423 5634 1659 5707 οὐδαμοῦ
1695 5633 1788 5688 τοῦ

291 5827 335 5857 ’⁸
366 5827 551 5884 Matth.
581 5843 727 5892 xum,
760 5825 844 5880 Η.
923 5824 966 5854 τ’
1000 5821 1038 5876 ll
1069 5821 1191 5878 Cor.
1228 5836 1286 5887 Χ,
1327 5818 1376 5873 5.

1897 4679 2096 4748 inquit,
2124 4676 2274 4747 ζῳιοά
2314 4675 2365 4731 id
2401 4671 2721 4729 humanitati
2759 4666 3070 4733 conveniat,
3111 4663 3252 4718 norit
3290 4671 3486 4717 autem-.-

1897 4769 2119 4827 omnino
2160 4778 2220 4822 ut
2265 4766 2450 4823 Deus?
2476 4767 2545 4821 At
2586 4779 2693 4820 non
2737 4768 2951 4832 oportet
2988 4757 3240 4813 ob-hanc
3279 4768 3477 4808 vocem

1899 4862 2135 4916 Verbum
2162 4859 2256 4915 Dei
2283 4859 2558 4922 incusare,
2584 4864 2639 4912 et
2662 4851 3026 4926 ignorantiam.
3047 4858 3249 4904 temere
3275 4845 3348 4901 illi
3373 4845 3472 4900 ob.

1890 4951 2097 5022 jicere;
2131 4952 2225 5006 sed
2264 4953 2448 5020 potius
2478 4948 2672 5003 mirari
2707 4959 2948 5001 amorem
2979 4959 3087 5014 quo
3117 4955 3245 5012 erga
3280 4941 3477 4993 Imma-

1899 5060 2026 5098 num
2057 5057 2224 5114 genus
2252 5040 2522 5112 ﬂagravit,
2549 5054 2656 5108 quo
2683 5036 2945 5107 impulsus
2972 5049 3077 5089 non
3109 5029 3379 5090 recusavit
3403 5029 3468 5082 ad

1901 5145 2103 5190 tantam
2132 5133 2486 5189 humilitatem
2514 5145 2634 5185 sese
2663 5127 2966 5192 demittere,
2993 5133 3051 5180 ut
3076 5124 3254 5180 omnia
3285 5130 3468 5177 nostra

1898 5228 2215 5295 susciperet,
2247 5239 2478 5295 quorum
2510 5222 2673 5278 etiam
2704 5235 2872 5276 unum
2902 5227 2987 5274 est
3015 5214 3338 5287 ignorantia.

2567 5425 2794 5483 ALIUD.

1970 5539 2335 5612 Interrogandi
2388 5548 2513 5595 sunt
2569 5539 2752 5595 hostes
2806 5535 3050 5600 Christi,
3109 5521 3462 5604 quamobrem

1901 5634 2155 5691 Servator
2185 5647 2307 5690 cum
2338 5632 2554 5706 angelos
2584 5639 2637 5688 et
2668 5631 2860 5688 Filium
2890 5626 3205 5696 nominarit,
3231 5623 3468 5705 Spiritus

1453 5819 1496 5848 ³ο
1530 5815 1684 5871 Joan.
1720 5829 1854 5878 xvu,
1889 5815 1935 5868 i.
