3878 6208
407 413 507 470 571
1402 360 1470 455 ὲ.
1514 401 1779 453 υιιιιμιι
1819 396 1986 454 sum

2107 395 2284 453 DRINI
2323 395 2641 453 AllClllEP.
3540 396 3662 451 37?.

403 529 730 583 mentionem
777 538 1043 595 nusquam
1111 519 1344 576 fecerit?
1403 518 1517 574 Non
1585 520 1728 573 enim
1780 518 1959 573 dixit:

2107 516 2383 588 [νεύματος
2410 518 2701 587 ἐποιήσατο
2733 513 2986 585 μνήμηνς
3016 512 3090 567 Ού
3120 511 3226 584 γάρ
3250 513 3467 585 εἴρηκεν
3488 530 3500 543 ·
3530 516 3664 567 Οὐκ

403 618 518 673 Non
584 618 734 672 novit
788 616 1045 685 Spiritus,
1066 614 1183 682 sed,
1214 632 1232 664 ι
1270 612 1387 668 Non
1415 621 1613 667 norunt
1639 610 1836 683 angeli,
1870 625 1966 666 ne-

2107 605 2173 661 ἴδε
2202 608 2263 661 τὸ
2298 607 2544 678 Πνεῦμα,
2586 606 2700 660 ἀλλ’
2734 626 2752 658 ι
2780 607 2894 659 Οὐκ
2942 606 3119 659 ἴσασιν
3149 606 3199 659 οἱ
3243 605 3495 674 ἄγγελοι.
3535 606 3662 659 οὐδ’

404 725 509 779 que
555 711 705 764 novit
738 708 937 775 Filius;
976 716 1179 776 ratque
1220 707 1322 760 hoc
1362 705 1575 774 quidem
1612 703 1963 773 simpliciter:

2107 696 2204 753 ἴδεν
2250 701 2278 751 6
2329 699 2486 762 Υἱός·
2522 718 2539 749 ι
2596 698 2690 751 καῖ
2735 696 2891 751 τοῦτο
2936 696 3351 768 ἀπολελυμένως
3377 715 3390 729 ·
3430 697 3490 750 οὐ
3539 699 3665 768 γὰρ

404 817 511 854 non
544 802 685 855 enim
711 800 925 869 adjecit,
962 800 1076 853 Dei.
1113 798 1454 853 Manifestum
1497 800 1661 869 igitur
1688 806 1772 851 est
1823 793 1968 865 quod

2107 790 2443 861 τροστέθεικε,
2473 789 2565 843 τοῦ
2598 789 2754 843 Θεοῦ.
2787 789 2955 858 Δῆλον
2984 786 3077 842 οὖν
3110 790 3191 841 ὅτι
3226 789 3494 858 ἀγγέλους
3541 789 3657 859 μὲν

403 888 622 958 angelos
654 889 932 958 ignorasse
960 888 1177 953 dixerit,
1217 896 1273 941 ut
1317 897 1617 941 creaturas.
1650 886 1785 941 Cum
1838 898 1967 939 vero

2107 900 2267 952 pqaev
2310 885 2523 951 ἀγνοεῖν
2552 882 2627 945 ὡς
2656 881 2947 951 κτίσματα.
2995 882 3183 934 Εἰπεῖν
3217 881 3274 934 δὲ
3319 885 3431 945 τοῖς
3467 882 3658 952 μαθη-

405 981 685 1050 discipulis
716 981 768 1035 id
792 980 972 1034 dicere
1014 980 1201 1046 nollet,
1229 979 1298 1032 ob
1324 978 1647 1034 ineffabilem
1680 978 1963 1045 quamdam

2107 978 2186 1038 αἷς
2211 976 2271 1028 ού
2302 974 2553 1045 θελήσας,
2580 974 2670 1028 διά
2699 990 2823 1028 τινα
2864 974 3023 1042 λόγον
3049 975 3363 1043 οἰκονομίας
3403 975 3665 1045 ἀπόρρη-

407 1071 600 1125 divime
621 1071 1105 1126 administrationis
1131 1080 1184 1125 et
1215 1069 1428 1124 consilii
1458 1068 1721 1122 rationem
1746 1081 1761 1120 :
1786 1084 1804 1118 ι
1834 1064 1969 1132 Quis

2107 1084 2179 1119 ον’
2219 1086 2236 1119 ‹
2267 1066 2362 1129 Τίς
2381 1067 2489 1137 γὰρ
2527 1066 2666 1135 ἔγνω
2698 1064 2822 1119 νοῦν
2866 1064 3094 1136 Κυρίου,
3137 1066 3171 1136 ἢ
3216 1066 3301 1129 τίς
3346 1064 3667 1136 σύμϐουλος

406 1165 547 1216 enim
593 1162 744 1217 novit
789 1172 1023 1217 mentem
1069 1159 1303 1226 Domini,
1338 1169 1429 1215 aut
1461 1161 1583 1231 quis
1628 1157 1969 1214 consiliarius

2108 1156 2232 1211 ύτοῦ
2277 1158 2524 1225 ὲγένετο;
2558 1177 2576 1211 ›
2610 1158 2697 1211 ἵνα
2733 1159 2808 1229 μὴ
2844 1159 3104 1230 φαίνηται
3134 1156 3391 1227 κρύπτων
3419 1157 3665 1222 αὐτοὺς,

405 1254 521 1320 ejus
565 1253 666 1309 fuit
692 1253 783 1307 ⁸¹Ἰ
820 1272 838 1305 ι
887 1268 955 1309 ne
1002 1255 1273 1309 videretur
1316 1252 1436 1308 illos
1469 1252 1571 1306 hoc
1598 1251 1795 1321 {celare
1830 1248 1967 1303 velle

2107 1251 2163 1304 αὶ
2192 1250 2279 1304 διὰ
2308 1250 2465 1303 τοῦτο
2493 1250 2733 1321 λυπήσῃ,
2775 1250 2871 1305 καὶ
2910 1250 3002 1304 τὸν
3039 1250 3167 1303 Υἱὸν
3222 1250 3391 1320 ἔφησε
3452 1251 3527 1321 μὴ
3579 1253 3664 1304 εἰ·

404 1360 576 1413 eoque
602 1346 817 1400 nomine
844 1343 962 1401 illos
980 1360 1213 1401 mmore
1236 1344 1469 1411 allicere,
1503 1343 1660 1407 dixit,
1683 1357 1751 1397 ne
1771 1341 1965 1395 Filium

2107 1342 2232 1404 έναι,
2252 1342 2732 1413 ἀνθρωπινώτερον
2758 1343 2853 1411 μὲν
2878 1342 3005 1411 περὶ
3026 1341 3221 1395 ἑαυτοῦ
3246 1342 3442 1410 λέγων,
3463 1342 3664 1413 ὥσπερ

405 1436 622 1507 quidem
656 1437 757 1490 hoc
789 1451 950 1491 nosse
974 1454 989 1503 ;
1017 1436 1254 1490 humano
1289 1449 1437 1489 more
1465 1435 1535 1489 de
1558 1449 1617 1488 se
1642 1434 1885 1502 loquens,
1911 1437 1968 1485 ut

2107 1433 2198 1504 τερ).
2224 1432 2509 1502 ἀνθρώπου
2530 1450 2544 1464 ο
2578 1434 2860 1502 φυλάττων
2885 1433 2941 1486 δὲ
2966 1432 3146 1504 ἑαυτῷ
3170 1434 3231 1487 τὸ
3257 1435 3457 1489 εἰδέναι
3489 1435 3663 1490 πάλιν

407 1529 566 1582 homo
592 1545 605 1582 :
632 1536 688 1581 et
710 1527 950 1581 omnium
981 1526 1197 1580 interim
1228 1525 1475 1579 notitiam
1504 1523 1607 1577 sibi
1637 1536 1881 1586 servans,
1911 1529 1971 1575 ut

2107 1526 2248 1579 εάντα
2269 1525 2343 1588 ὼς
2368 1525 2521 1587 Θεός.
2546 1524 2644 1579 Διά
2670 1525 2778 1596 γὰρ
2803 1523 2958 1579 τοῦτο
2987 1525 3106 1580 οὐδὲ
3131 1526 3193 1579 τὸ
3212 1527 3437 1598 Πνεῦμα
3452 1527 3670 1599 ἔφησεν

410 1617 567 1673 Deus.
598 1617 805 1672 idcirco
851 1617 995 1671 enim
1039 1633 1145 1672 non
1191 1617 1357 1681 dixit,
1397 1615 1658 1684 Spiritum
1692 1614 1963 1685 ignorare.

2111 1620 2308 1686 γνοεῖν.
2344 1619 2407 1670 El
2442 1618 2550 1689 γὰρ
2579 1617 2642 1671 τδ
2692 1616 2919 1687 Πνεῦμα
2961 1618 3139 1672 πάντα
3176 1619 3401 1690 ἐρευνᾷ,
3446 1620 3539 1674 καὶ
3590 1620 3671 1673 τὰ.

405 1708 538 1763 Nam
566 1710 612 1764 si
639 1710 860 1779 spiritus
891 1710 1071 1764 omnia
1097 1719 1390 1772 scrutatur,
1413 1710 1576 1761 etiam
1609 1707 1820 1762 occulta
1850 1706 1969 1774 Dei,

2108 1709 2209 1781 άθη
2242 1711 2336 1764 τοῦ
2364 1709 2521 1774 Θεοῦ,
2550 1709 2694 1764 καθά
2730 1710 3057 1780 γέγραπται,
3079 1706 3186 1764 οἶδε
3213 1711 3451 1780 δηλονότι
3475 1711 3664 1766 πάντα

405 1812 465 1856 ut
493 1801 749 1871 scriptum
781 1811 866 1857 est
889 1802 979 1866 εν,
1010 1802 1158 1857 novit
1187 1799 1427 1871 profecto
1445 1799 1624 1853 omnia
1640 1814 1761 1868 quea
1779 1799 1830 1852 in
1854 1800 1971 1869 ipso

2107 1801 2139 1856 ἀ
2182 1803 2241 1854 ὲν
2267 1801 2433 1870 αὐτῷ.
2476 1802 2588 1857 Καὶ
2616 1802 2750 1856 εἰτὸ
2776 1802 3001 1872 Πνεῦμα
3036 1802 3098 1855 τὸ
3141 1803 3317 1857 πάντα
3348 1802 3513 1867 είδὸς,
3561 1805 3664 1858 καὶ

404 1904 547 1949 sunt.
591 1893 741 1961 Quod
786 1893 832 1949 si
870 1892 1104 1963 Spiritus
1138 1894 1227 1963 qui
1285 1892 1466 1948 omnia
1510 1891 1635 1956 scit,
1681 1890 1970 1960 omniaque

2107 1893 2140 1948 ἀ
2170 1894 2348 1948 πάντα
2376 1892 2838 1964 περιεργάζεσθαι
2869 1892 3186 1963 δυνάμενον,
3216 1893 3371 1961 παρά
3401 1892 3495 1945 τοῦ
3524 1892 3662 1946 Υἰοῦ

405 1984 681 2055 inquirere
725 1993 927 2055 potest,
958 1999 989 2039 a
1024 1983 1161 2039 Filio
1192 1984 1389 2055 accipit
1424 1999 1437 2035 :
1483 2001 1501 2034 ι
1540 1982 1635 2036 Ille
1676 1982 1845 2047 enim,
1883 1982 1970 2036 in-

2107 1982 2365 2055 αμὸάνει·“
2401 2002 2423 2036 ι
2457 1984 2665 2037 Ἐκεῖνο
2705 1982 2835 2055 γὰρ,
2876 1983 3059 2054 φησὶν,
3090 1982 3148 2048 ἐξ
3178 1983 3312 2052 ἐμοῦ
3343 1982 3571 2053 λήψεται
3593 2000 3608 2012 ·
3636 2002 3656 2034 ι

405 2074 624 2142 quit,de
651 2089 771 2129 meo
793 2073 1098 2144 accipiet”,
1129 2095 1147 2128 ι
1169 2075 1437 2144 quomodo
1466 2072 1636 2128 Filius
1662 2072 1971 2128 censebitur

2107 2075 2193 2140 πῶς
2227 2076 2255 2128 ὁ
2287 2074 2459 2145 Λόγος
2483 2075 2688 2144 ἀγνοεῖ,
2713 2076 2743 2127 ὀ
2770 2074 2863 2129 τοῦ
2893 2075 3073 2129 πάντα
3101 2073 3300 2139 εἰδότος
3338 2074 3662 2146 Πνεύματος

407 2166 677 2236 ignorare,
701 2167 793 2238 qui
822 2166 1046 2238 Spiritui
1081 2170 1261 2224 omnia
1294 2167 1486 2224 scienti
1514 2166 1867 2237 suppeditat?
2077 2167 2347 2239 χορηγός;

1070 2280 1298 2337 ALIUD.
2765 2284 2970 2337 AAAO.

479 2395 535 2451 Si
588 2394 749 2452 Pater
789 2395 969 2449 omnia
1012 2404 1269 2464 operatur
1308 2409 1404 2463 per
1442 2392 1661 2460 Filium,
1690 2402 1749 2447 ut
1804 2393 1978 2462 inquit

2148 2397 2210 2450 Εἰ
2244 2397 2419 2452 πάντα
2450 2396 2515 2450 δι’
2543 2395 2672 2451 Υἱοῦ
2703 2397 2731 2449 6
2762 2396 2952 2467 Πατὴρ
2979 2395 3290 2465 ἐργάζεται,
3322 2393 3465 2448 καθά
3494 2410 3662 2463 φησιν

409 2489 714 2557 Scriptura,
746 2497 802 2543 et
834 2488 950 2542 sine
978 2487 1097 2556 ipso
1127 2485 1325 2540 factum
1354 2495 1439 2539 est
1464 2485 1632 2551 nihil;
1656 2500 1817 2538 unum
1847 2500 1976 2538 vero

2107 2513 2110 2557 ι
2142 2488 2180 2539 Γ
2187 2489 2355 2561 ραφήο
2382 2490 2550 2559 χωρὶς
2580 2488 2687 2561 γὰρ
2713 2487 2879 2543 αὐτοῦ
2907 2487 3124 2559 ἐγένετο
3146 2484 3264 2543 οὐδὲ
3287 2483 3365 2541 ’ἐν’
3391 2485 3447 2541 ἓν
3470 2485 3527 2542 δε
3549 2488 3665 2540 τῶν

409 2581 647 2636 omnium
675 2579 837 2634 etiam
868 2592 951 2634 est
981 2577 1265 2649 praetinitio
1292 2578 1397 2632 diei
1426 2588 1481 2631 et
1511 2577 1660 2631 horae
1688 2591 1795 2647 quo
1822 2592 1976 2631 mun-

2107 2584 2295 2636 πάντων
2321 2582 2437 2636 ἐστὶ
2485 2581 2582 2635 καὶ
2622 2582 2682 2635 τὸ
2714 2582 3001 2653 ὁρισθῆναι
3034 2584 3133 2654 τὴν
3178 2582 3389 2653 ἡμέραν
3420 2582 3515 2635 καὶ
3558 2581 3665 2647 τὴν

408 2675 511 2729 dus
542 2673 763 2727 ﬁniatur
792 2691 807 2727 :
839 2682 989 2728 certe
1020 2672 1180 2726 etiam
1212 2672 1313 2725 hoc
1344 2670 1663 2739 praeﬁnitum
1686 2678 1772 2724 est
1794 2677 1849 2722 et
1869 2684 1964 2722 ex-

2107 2690 2214 2743 ιραν
2239 2671 2359 2726 καθ’
2380 2672 2490 2745 ἢνό
2514 2672 2716 2741 κόσμος
2738 2672 2849 2738 ἕξει
2884 2671 2946 2724 τὸ
2982 2673 3154 2735 τέλος’
3189 2671 3418 2744 ὥρισται
3453 2671 3663 2741 δηλον-

411 2780 656 2835 pressum
705 2779 801 2831 per
828 2764 1044 2819 Filium.
1079 2764 1229 2829 Quod
1260 2778 1387 2817 vero
1418 2760 1741 2830 pradinitum
1771 2768 1857 2815 est
1881 2774 1978 2827 per

2110 2786 2160 2821 τι
2208 2770 2300 2821 καὶ
2338 2766 2646 2820 τετύπωται
2671 2764 2948 2819 καὶτοῦτο
2978 2764 3044 2817 δι’
3072 2762 3225 2818 Υἰοῦ.
3257 2764 3330 2816 Τὸ
3356 2762 3411 2816 δὲ
3442 2761 3667 2833 ὁρισθὲν

412 2858 583 2919 illum,
619 2856 884 2925 quomodo
914 2856 1161 2926 ignorare
1190 2855 1389 2925 queat?
1421 2854 1581 2908 Novit
1635 2854 1819 2923 itaque
1860 2852 1969 2906 hoc

2112 2862 2144 2915 ι’
2191 2859 2378 2922 αὑτοῦ,
2427 2859 2545 2923 πῶς
2580 2860 2792 2927 ἀγνοεῖν
2838 2856 3095 2923 δύναται·;
3142 2855 3350 2910 οὐκοῦν
3399 2850 3538 2908 οἶδεν
3584 2853 3666 2916 ὡς

412 2956 469 3000 ιιι
500 2944 660 3008 Deus,
695 2946 906 3000 tametsi
952 2948 1161 3001 nescire
1197 2962 1256 3001 se
1296 2947 1440 3001 dicat
1476 2956 1747 3015 quatenus
1796 2944 1978 2999 factus

2107 2953 2241 3015 δεὺς,
2282 2952 2385 3005 κᾶν
2413 2953 2625 3019 ἀγνοεῖν
2652 2951 2789 3022 λέγῃ
2808 2992 2822 3015 ,
2868 2950 3003 3004 καθὸ
3048 2948 3239 3019 γέγονε
3269 2948 3424 3020 σὰρξ,
3453 2946 3549 3001 καὶ
3592 2945 3664 2999 τά

411 3047 495 3092 est
525 3051 686 3101 caro,
714 3044 768 3090 et
794 3052 915 3105 quas
943 3037 1150 3091 homini
1183 3037 1513 3091 conveniunt
1541 3036 1764 3092 sentiat.

2107 3046 2179 3098 ινθ
2189 3045 2353 3114 ρώπῳ
2380 3044 2657 3115 πρέποντα
2688 3046 2879 3115 φρονῇ.

1079 3171 1308 3229 ALIUD.
2005 3148 2047 3205 C
2758 3178 2962 3232 AAAO.

486 3285 544 3341 Si
583 3300 761 3341 omnia
805 3302 928 3357 quae
968 3286 1133 3342 habet
1181 3286 1360 3351 Pater,
1401 3297 1527 3341 sunt
1581 3287 1722 3350 Filii,
1759 3296 1816 3342 ut
1867 3287 1981 3357 ipse

2152 3294 2214 3347 Εἰ
2245 3293 2421 3347 πάντα
2448 3292 2547 3345 ὅσα
2580 3290 2691 3361 ἔχει
2735 3293 2763 3344 6
2798 3291 2988 3362 Πατὴρ
3029 3290 3121 3344 τοῦ
3155 3286 3297 3342 Υἰοῦ·
3325 3289 3474 3349 ἐστι,
3521 3283 3669 3337 καθά

415 3387 697 3433 testatur:
744 3388 799 3433 at
827 3379 986 3434 Pater
1028 3379 1271 3432 ultimum
1309 3379 1455 3431 illum
1503 3380 1641 3433 diem
1687 3378 1742 3433 et
1789 3380 1978 3433 horam

2107 3403 2243 3454 anew
2270 3386 2451 3449 αὐτὸς,
2480 3385 2593 3455 ἔχει
2622 3385 2677 3438 δὲ
2701 3387 2729 3439 6
2759 3384 2949 3455 Πατὴρ
2975 3384 3072 3453 τὴν
3101 3380 3304 3451 γνῶσιν
3327 3380 3424 3449 τῆς
3450 3377 3664 3447 ἡμέρας

414 3472 563 3529 novit
587 3485 601 3526 :
623 3482 770 3528 certe
803 3470 964 3527 etiam
989 3470 1170 3540 .Filius
1199 3471 1359 3527 norit.
1390 3472 1466 3526 lla
1498 3472 1639 3526 enim
1670 3486 1795 3526 vere
1825 3472 1979 3527 dixe-

2107 3480 2175 3534 :a‘t
2216 3480 2312 3549 τῆς
2358 3478 2508 3549 ὥρας
2548 3480 2794 3549 ἐκείνης,
2836 3476 2949 3547 ἔχει
2988 3475 3229 3545 δηλονότι
3261 3473 3467 3540 ταύτην
3514 3470 3607 3522 καὶ
3634 3470 3664 3520 ὁ

416 3565 525 3621 rit:
560 3582 579 3618 ι
614 3564 804 3621 Omnia
833 3580 953 3635 quas
993 3565 1154 3619 habet
1179 3563 1362 3629 Pater,
1400 3581 1517 3619 mea
1548 3573 1676 3619 sunt
1714 3565 1781 3620 ⁸³.
1818 3582 1836 3616 ι

2107 3574 2230 3636 ι’ίός.
2271 3573 2425 3627 Οὕτω
2466 3574 2575 3644 γὰρ
2604 3570 2890 3642 ἀληθεύσει
2923 3569 3125 3637 λέγων·
3162 3586 3178 3618 ι
3206 3566 3389 3620 Πάντα
3422 3566 3523 3617 ὅσα
3550 3564 3661 3631 ἕχει

2083 3666 2110 3718 6
2140 3662 2349 3735 Πατὴρ,
2384 3664 2493 3734 ἐμά
2519 3665 2683 3716 ἐστιν.
2710 3681 2729 3712 ›

2784 3774 2989 3827 ΑΛΛΟ.

2155 3890 2216 3944 Εἰ
2250 3889 2505 3961 ἀληθεύει
2547 3888 2742 3955 λέγων·
2782 3906 2801 3939 ί
2843 3888 2986 3956 Ἐγὼ
3034 3887 3092 3939 ὲν
3132 3884 3209 3956 τῷ
3255 3885 3462 3954 Πατρὶ,
3509 3882 3602 3935 καί
3634 3883 3667 3934 6'

2085 3982 2273 4054 Πατὴρ
2296 3984 2354 4035 ὲν
2382 3983 2527 4053 ἐμοὶ,
2562 4001 2579 4034 ι
2612 3978 2718 4035 οἶδε
2751 3980 2807 4033 δὲ
2834 3981 2932 4051 τὴν
2962 3978 3176 4051 ἡμέραν
3206 3977 3421 4046 ἐκείνην
3446 3976 3536 4028 καὶ
3565 3975 3661 4043 τὴν

2085 4077 2235 4145 ὥραν
2263 4076 2292 4127 6
2330 4074 2540 4145 Πατὴρ,
2572 4068 2680 4126 οἶδε
2718 4071 2957 4142 δηλονότι
2999 4070 3093 4123 καὶ
3135 4072 3163 4122 6
3196 4069 3353 4132 Υἱὸς,
3391 4068 3448 4119 ἐν
3490 4066 3669 4136 Πατρί

2084 4184 2144 4220 τε
2175 4165 2250 4219 ὢν
2279 4165 2375 4218 καὶ
2409 4166 2586 4219 πάντα
2619 4163 2902 4232 γινώσκων
2927 4161 2994 4214 τὰ
3019 4163 3075 4214 ὲν
3103 4160 3271 4230 αὐτῷ,
3301 4158 3396 4211 καὶ
3433 4159 3570 4227 ἔχων
3604 4158 3662 4208 ἐν

2089 4257 2265 4312 ἑαυτῶ
2292 4258 2383 4312 τὸν
2415 4257 2593 4311 εἰδότα
2626 4257 2868 4325 Πατέρα.

1067 4367 1226 4425 ALIU
1239 4368 1299 4423 D.
1689 4370 1699 4379 ”
2775 4373 2974 4427 ΑᾹΛΟ.

488 4482 658 4552 Filius
688 4482 885 4537 dicitur
920 4490 976 4537 et
1008 4490 1093 4539 est
1131 4482 1441 4538 omnimoda
1489 4483 1663 4538 Patris
1704 4484 1881 4556 imago
1916 4485 1982 4541 ⁸⁵.

2162 4489 2336 4543 Είκὼν
2383 4490 2801 4561 ἀπαράλλακτος
2836 4487 2931 4540 τοῦ
2975 4484 3187 4556 Πατρὺς
3228 4486 3257 4537 ὁ
3286 4481 3410 4545 Υἱὸς
3450 4479 3659 4547 λέγεται

423 4577 481 4632 Si
512 4592 641 4633 vero
674 4576 832 4631 Pater
864 4577 1013 4631 novit
1045 4576 1184 4630 diem
1230 4576 1378 4630 illum
1422 4583 1477 4632 et
1516 4577 1701 4631 horam
1730 4592 1744 4639 ;
1774 4578 1986 4645 ignorat

2107 4584 2187 4636 cal.
2215 4583 2380 4639 ἔστιν.
2420 4584 2481 4635 Εἰ
2507 4582 2564 4635 δὲ
2595 4578 2734 4635 οἶδεν
2768 4582 2796 4633 6
2836 4579 3025 4651 Πατὴρ
3052 4577 3149 4647 τὴν
3187 4575 3398 4646 ἡμέραν
3436 4573 3529 4625 καὶ
3563 4571 3660 4641 τὴν

420 4677 600 4722 autem
656 4667 827 4722 Filius
868 4684 883 4721 :
929 4667 1200 4736 quomodo
1250 4666 1302 4719 id
1342 4666 1484 4735 quod
1532 4666 1745 4736 ignorat
1791 4665 1986 4721 referet

2107 4675 2262 4746 Lpav,
2301 4676 2485 4743 ἀγνοεῖ
2510 4674 2565 4727 δὲ
2592 4675 2620 4726 6
2651 4673 2801 4738 Υἱὸς,
2839 4672 2955 4736 πῶς
2978 4671 3038 4725 τὸ
3065 4667 3294 4739 ἀγνοοῦν
3334 4666 3533 4727 εἰδότος
3564 4680 3661 4731 φο⁴

419 4762 782 4816 ‹·1ιονοοῑοτθιη
810 4759 925 4828 elus
943 4760 1033 4828 qui
1064 4758 1259 4815 novit?
1294 4759 1453 4829 Atqui
1486 4767 1570 4814 est
1601 4759 1825 4813 omnino
1849 4758 1986 4811 ima-

2107 4768 2241 4837 οέσει
2277 4767 2371 4821 τὸν
2417 4767 2778 4838 χαρακτῆρας
2832 4766 2971 4819 Ἀλλ’
3017 4764 3164 4817 ἔστιν
3212 4760 3377 4814 εἰκὼν
3414 4757 3507 4811 τοῦ
3553 4758 3663 4809 lla.-

418 4867 486 4921 go
518 4850 717 4917 Patris,
766 4850 893 4905 licet
926 4852 1162 4906 maxime
1205 4852 1387 4906 hostes
1418 4850 1618 4905 Christi
1674 4849 1862 4905 nolint.
1896 4848 1985 4903 Si-

2107 4858 2241 4930 τρὸς,
2267 4857 2371 4911 κᾶν
2394 4860 2443 4912 οἱ
2473 4859 2826 4930 χριστομάχοι
2860 4857 2933 4927 μὴ
2966 4856 3280 4926 βούλωνται.
3313 4852 3527 4905 Ἔοικεν
3556 4850 3659 4918 ἄρα

419 4942 565 4995 milis
597 4941 779 5010 itaque
801 4950 882 4995 est
905 4944 1070 4995 etiam
1109 4942 1207 4995 hac
1249 4941 1299 4994 in
1334 4951 1489 5009 parte
1532 4939 1717 5005 Patri;
1745 4948 1801 4992 et
1845 4939 1986 4993 sicut

2107 4953 2187 5006 (αὶ
2218 4952 2356 5005 κατά
2384 4952 2541 5006 τοῦτο
2573 4952 2652 5024 τῷ
2684 4951 2877 5022 Πατρὶ,
2909 4950 3002 5003 καὶ
3033 4948 3221 5002 ὦσπεο
3262 4941 3400 4999 οἶδεν
3430 4944 3665 5005 ἐκεῖνος,

982 3769 1144 3839 220
1168 3766 1406 3824 ALIUD.

485 3880 543 3937 Si
567 3896 694 3937 vere
723 3880 853 3936 dicit
878 3899 892 3935 :
922 3898 941 3932 ι
971 3880 1083 3949 Ego
1112 3881 1164 3934 in
1200 3881 1383 3947 Patre,
1408 3893 1463 3935 et
1484 3880 1641 3937 Pater
1664 3882 1716 3935 in
1750 3897 1835 3936 me
1856 3884 1935 3947 3‘;
1960 3901 1978 3934 ο

417 3986 471 4029 et
495 3974 654 4029 Pater
680 3973 929 4027 ultimum
965 3972 1113 4027 illum
1148 3973 1289 4028 diem
1315 3984 1369 4029 et
1388 3974 1574 4029 horam
1612 3975 1799 4029 novit:
1837 3976 1986 4032 novit

418 4065 664 4133 profecto
695 4073 750 4120 et
772 4064 965 4128 Filius,
1006 4065 1097 4133 qui
1128 4066 1184 4118 in
1228 4066 1388 4121 Patre
1424 4066 1657 4130 exsistit,
1694 4067 1986 4139 omniaque

420 4161 473 4213 in
527 4159 643 4227 ipso
688 4158 857 4222 novit,
890 4167 945 4213 et
992 4157 1206 4213 Patrem
1255 4158 1347 4229 qui
1387 4160 1567 4214 omnia
1622 4161 1771 4215 novit
1815 4162 1868 4215 in
1929 4176 1986 4218 se

418 4249 600 4305 habet.

418 5032 572 5087 novit
606 5031 718 5096 ille,
747 5031 896 5086 novit
928 5041 983 5087 et
1005 5032 1140 5102 ipse.

1077 5167 1233 5225 ALIU
1244 5170 1303 5224 Ι).

492 5284 593 5353 Qui
618 5284 748 5341 dicit
777 5284 999 5349 Filium,
1035 5293 1302 5354 quatenus
1330 5292 1413 5341 est
1446 5282 1704 5349 Verbum,
1740 5283 1989 5354 ignorare

419 5379 564 5434 diem
589 5377 740 5433 illum
771 5390 826 5434 et
855 5378 1066 5441 horam,
1099 5375 1489 5445 blasphemiam
1517 5376 1721 5429 evitare
1756 5391 1862 5431 non
1895 5390 1992 5445 po-

422 5479 551 5527 test.
578 5470 634 5526 Si
662 5471 803 5527 enim
835 5470 987 5527 novit
1016 5469 1256 5536 Patrem,
1290 5469 1430 5525 sicut
1465 5468 1694 5538 ipsemet
1717 5477 1984 5523 testatur:

421 5563 550 5634 quid
575 5565 752 5620 obstat
784 5563 1074 5634 quominus
1097 5562 1259 5619 etiam
1289 5565 1449 5619 linem
1487 5561 1778 5618 creationis
1806 5561 1991 5616 norit?

425 5654 483 5713 Si
522 5670 655 5713 vero
692 5656 927 5713 dixerint
979 5656 1211 5728 amplius
1243 5670 1369 5711 esse
1403 5653 1563 5710 tinem
1610 5661 1987 5709 creaturarum

2092 5044 2235 5100 οὕτω
2268 5045 2361 5098 καὶ
2395 5046 2575 5109 αὑτός.

2778 5181 2978 5236 ΑΛΛΟ.

2175 5296 2235 5348 '0
2273 5296 2347 5367 μὴ
2387 5295 2583 5349 εἰδέναι
2625 5296 2797 5365 λέγων
2827 5296 2920 5351 τὸν
2963 5294 3109 5357 Υἱδν,
3149 5292 3284 5347 καθὸ
3314 5290 3483 5356 Λόγος
3516 5285 3667 5345 ἐστὶν

2097 5388 2194 5459 τὴν
2223 5389 2435 5461 ἡμέραν
2476 5389 2569 5443 καὶ
2599 5370 2697 5459 την
2728 5389 2878 5461 ὤραν
2909 5388 3145 5458 ἐκείνην,
3169 5387 3270 5440 οὐκ
3297 5385 3403 5450 ἔξω
3427 5381 3535 5434 τῶν
3560 5379 3661 5432 ἀπὸ

2096 5480 2194 5547 τῆς
2237 5481 2586 5552 βλασφημίας
2636 5481 2998 5553 ἐγκλημάτων
3043 5480 3417 5552 εὑρεθήσεται.
3451 5475 3512 5529 Εἰ
3558 5472 3661 5541 γὰρ

2095 5568 2202 5625 οἶδε
2241 5573 2331 5626 τὸν
2362 5575 2601 5647 Πατέρα,
2638 5575 2781 5629 καθά
2824 5591 2990 5645 φησιν
3033 5573 3216 5636 αὐτὸς,
3261 5569 3312 5624 τί
3347 5567 3545 5622 κωλύει
3571 5563 3659 5617 καὶ

2093 5664 2154 5717 τὸ
2202 5666 2352 5730 τέλος
2400 5668 2595 5722 εἰδέναι
2641 5669 2743 5740 τῆς
2799 5669 3061 5733 κτίσεως;
3108 5669 3170 5723 El
3212 5666 3312 5737 μὲν
3354 5658 3448 5716 οὖν
3485 5658 3661 5730 μεῖζον

501 5770 546 5846 '_'
574 5769 677 5846 lea.
706 5783 796 5834 ιι,
817 5769 896 5846 _l_5
917 5785 932 5835 ;
956 5767 1113 5828 Rom.
1144 5783 1225 5836 ιι,
1251 5767 1342 5825 δι.
1418 5768 1483 5801 ⁸¹⁴
1514 5767 1534 5823 l
1572 5770 1699 5826 Cor.
1737 5783 1798 5835 η,
1847 5769 1932 5825 l0.

2107 5774 2254 5834 Ioan.
2282 5792 2396 5846 xvi,
2446 5779 2533 5835 id.
2610 5777 2837 5836 ".loan.
2882 5795 2969 5834 xv;
3024 5778 3107 5834 l5.
3154 5777 3199 5809 ⁸⁸
3236 5776 3392 5833 Joan.
3425 5792 3536 5841 im,
3571 5772 3655 5827 Η.

426 5838 472 5873 ⁸⁸
499 5838 708 5895 Coloss.
742 5854 783 5896 ι.
811 5838 899 5894 15.
