3878 6208
186 380 312 437 573»

1610 396 2047 456 THESAUBUS.

3334 408 3440 462 37a
3481 382 3490 407 ’

188 500 374 571 ἐροῦσι
409 499 501 554 τοῦ
548 507 837 570 γινώσκειν
872 506 963 559 τὸν
996 508 1217 580 Πατέρα
1245 510 1305 562 τὸ
1344 512 1540 565 εἰδέναι
1571 514 1632 566 τὺ
1672 516 1770 585 τῆς

1879 534 2055 585 nosse,
2101 534 2259 591 quam
2311 519 2546 583 Patrem,
2579 517 2945 574 'removebunt
2997 533 3027 572 a
3074 532 3135 575 se
3184 518 3438 590 blasphe-

188 590 420 655 κτίσεως
452 593 621 660 τέλος,
664 597 980 653 ἁποίσονται
1024 600 1124 670 τῆς
1159 602 1514 673 βλασφημίας
1541 605 1642 674 τὴν
1675 609 1769 661 κό-

186 685 361 739 λασιν.
405 686 468 738 ΕΞ
505 686 560 738 δὲ
590 689 765 759 πάσης
814 690 1067 759 γνώσεως
1103 694 1551 767 ὑπεραναὸέϐηκε
1594 699 1655 751 τὸ
1683 715 1769 767 γι-

186 774 417 828 νώσκειν
442 777 533 830 τὸν
565 779 798 852 Πατέρα,
830 782 949 846 πῶς
974 786 1003 836 ὁ
1026 784 1085 837 τὸ
1113 785 1294 845 μεῖζον
1320 787 1475 853 εἰδὼς
1514 791 1772 862 ἀγνοήσει

184 868 249 920 τὸ
276 869 494 923 ἔλαττον
516 888 539 936 ;ν

626 987 833 1052 ΑΛΛΟ,
868 988 1323 1060 διηγηματικῶς.

259 1093 374 1146 Οὐκ
410 1093 621 1162 ἀγνοῶν
646 1098 675 1149 6
711 1098 903 1167 Λόγος,
1000 1102 1173 1170 Λόγος
1202 1104 1321 1155 ἐστὶ
1354 1107 1447 1157 καὶ
1480 1107 1645 1175 σοφία
1674 1107 1771 1160 τοῦ

188 1186 425 1256 Πατρός,
450 1187 532 1251 τὸ,
561 1192 677 1242 Οὐκ
698 1184 835 1256 οῖδα,
861 1194 1045 1262 φησὶν,
1075 1196 1212 1250 ἀλλά
1240 1197 1500 1251 δεικνύων
1518 1200 1575 1253 έν
1593 1201 1771 1271 ἑαυτῷ

186 1279 283 1330 καὶ
325 1279 387 1331 τὸ
417 1280 772 1351 ἀνθρώπινον,
813 1277 857 1351 ᾧ
893 1285 1129 1355 μάλιστα
1174 1288 1373 1359 πρέπει
1416 1289 1477 1341 τὸ
1521 1292 1766 1359 ἀγνοεῖνο

188 1369 320 1421 ῖδιον
350 1370 457 1441 γὰρ
492 1372 913 1445 ἀνθρωπότητος
949 1376 1109 1431 τοῦτό
1147 1396 1230 1447 γε.
1274 1380 1491 1451 Ἐπειδὴ
1525 1382 1634 1451 γὰρ
1671 1382 1773 1453 τὴν

186 1460 349 1531 ήμῶν
393 1464 747 1534 περιεϐάλετο
791 1467 989 1539 σάρκα,
1034 1468 1121 1523 διὰ
1152 1471 1312 1525 τοῦτο
1345 1473 1439 1525 καὶ
1485 1477 1581 1543 τὴν
1617 1476 1773 1544 ήμῶν

187 1551 411 1619 ἄγνοιαν
450 1553 594 1624 ἔχειν
628 1556 1042 1627 ὲσχηματίζετο.
1076 1560 1196 1613 Ὂτι
1238 1560 1347 1631 γὰρ
1379 1564 1443 1632 τῇ
1484 1561 1767 1633 ἀνθρωπό-

186 1660 316 1715 τητι
352 1645 446 1699 καὶ
474 1647 533 1699 οὐ
564 1649 628 1718 τῇ
664 1650 840 1720 οἰκείᾳ
872 1649 1031 1720 φύσει
1059 1651 1121 1704 τὸ
1152 1654 1369 1720 ἀγνοεῖν
1405 1656 1769 1726 περιτίθησιν,

188 1736 440 1791 ἐντεῦθεν
482 1737 658 1803 ἔξεστι
704 1740 919 1811 μαθεῖν.
964 1744 1312 1815 Παραγαγὼν
1350 1747 1458 1818 γὰρ
1490 1749 1569 1810 εἰς
1608 1748 1771 1818 μέσον

186 1827 288 1899 τὴν
318 1828 561 1901 ἱστορίαν
587 1830 697 1883 τῶν
729 1832 871 1885 κατά
907 1834 1032 1895 τοὺς
1061 1833 1285 1904 χρόνους
1314 1835 1409 1887 τοῦ
1448 1836 1572 1888 Νῶε
1612 1853 1773 1905 γεγο-
1803 1870 1846 1925 Β

186 1922 358 1976 νότων
396 1921 723 1992 ἀνθρώπων,
772 1925 868 1977 καὶ
910 1925 1182 1995 εἰρηκώς·
1228 1945 1246 1976 ε
1282 1928 1527 1994 Ἤσθιον,
1565 1928 1770 1993 ἔπινον,

184 2012 450 2084 ἐγάμουν,
478 2014 821 2086 ἐγαμίζοντο,
850 2016 955 2081 ἕως
983 2013 1149 2088 ἦλθεν
1178 2021 1206 2073 6
1238 2020 1643 2091 κατακλυσμὸς,
1678 2022 1775 2074 καὶ

182 2100 325 2177 ἦρεν
365 2105 633 2171 ἅπαντας,
660 2127 678 2159 ι
715 2110 993 2181 ἐπήγαγεν
1022 2111 1184 2176 εὐθύς
1204 2129 1220 2145 ο
1272 2130 1292 2164 t
1320 2114 1649 2185 Γρηγορεῖτε
1680 2110 1773 2168 οὖν

184 2199 282 2252 καὶ
324 2200 505 2270 ὑμεῖς,
544 2202 625 2254 ὅτι
654 2202 755 2255 οὐκ
793 2204 969 2258 οἴδατε
1006 2206 1135 2277 ποίᾳ
1167 2206 1287 2278 ὥρᾳ
1317 2209 1345 2260 ὁ
1374 2208 1580 2279 Κύριος
1622 2207 1775 2278 ὑμῶν

182 2286 442 2358 ἔρχεται·
474 2310 492 2341 ι
544 2290 637 2343 καὶ
684 2291 880 2345 πάλιν·
919 2313 938 2347 ι
969 2287 1046 2367 ’ῌ
1078 2296 1139 2348 οὐ
1178 2295 1382 2349 δοκεῖτε
1424 2296 1563 2367 ὥρᾳ,
1589 2298 1617 2349 6
1648 2296 1775 2360 Υἱὸς

183 2381 282 2435 ’τοῦ
312 2382 599 2455 ἀνθρώπου
630 2384 866 2455 ἔρχεται.
893 2406 913 2440 ι
953 2389 1169 2459 Ἐχρῆν,
1200 2389 1257 2442 δὲ
1285 2389 1443 2461 εἴπερ
1461 2390 1625 2452 αὐτὸς
1650 2386 1716 2459 ἦν
1746 2391 1775 2443 ὁ

183 2474 421 2541 ἀγνοῶν,
484 2476 618 2529 καθὸ
670 2478 842 2545 Λόγος
888 2480 1055 2546 ἐστὶν,
1100 2482 1277 2534 έκεῖνο
1310 2480 1511 2548 μᾶλλον
1562 2483 1772 2534 εἰπεῖν·

183 2564 303 2617 Οὐκ
332 2560 453 2618 οἰδα
486 2566 617 2637 ποίᾳ
653 2568 836 2639 ἡμέρᾳ
869 2568 1121 2640 ἔρχομαι,
1173 2573 1267 2624 καὶ
1378 2573 1439 2624 οὐ
1472 2571 1613 2625 δοκῶ
1655 2572 1775 2644 ῶρᾳ

181 2654 607 2727 πεμφθήσομαι.
662 2659 881 2730 Ἐπειδὴ
926 2661 982 2714 δὲ
1016 2665 1127 2725 τοῖς
1174 2662 1572 2733 ἀκροωμένοις,
1604 2663 1664 2717 τὸ
1697 2662 1774 2733 μὴ

183 2747 387 2801 εἰδέναι
408 2749 500 2801 τὸν
536 2752 728 2821 καιρὸν
757 2752 789 2822 ἦ
822 2751 918 2821 τὴν
952 2754 1167 2826 ἡμέραν
1194 2755 1294 2825 τῆς
1337 2756 1643 2825 παρουσίας
1676 2757 1775 2809 αὐ-

183 2837 282 2891 τοῦ
326 2841 697 2910 περιτέθεικε,
742 2843 903 2912 δῆλός
954 2847 1101 2899 ἐστιν
1146 2847 1308 2909 αὐτὸς
1360 2846 1460 2917 μὲν
1499 2847 1655 2911 εἰδὼς
1698 2847 1775 2911 ὡς

183 2927 379 2995 Λόγος.
420 2929 657 2997 Ἀγνοείν
696 2932 753 2985 δὲ
784 2933 980 3001 λέγων,
1012 2934 1148 2989 καθὸ
1179 2935 1287 2989 τῶν
1332 2936 1551 3003 ἀγνοεῖν
1600 2953 1775 3005 πεφυ-

186 3018 392 3084 κότων,
451 3020 692 3091 δηλονότι
758 3023 1084 3096 ἀνθρώπων,
1136 3026 1239 3097 τὴν
1288 3027 1546 3097 ὁμοίωσιν
1592 3028 1773 3081 ἐνεδύ-

188 3129 359 3166 cato-

877 3229 1079 3283 ΑΛΛΟ.

261 3337 415 3390 Εἰὲκ
442 3339 541 3409 τῆς
578 3339 784 3404 εἰκόνος
836 3342 934 3412 τῆς
982 3342 1125 3397 κατά
1172 3345 1263 3398 τὸν
1316 3348 1439 3400 Νῶε
1488 3350 1775 3422 σημαίνειν

188 3427 441 3499 βούλεται
465 3431 564 3500 τῆς
593 3431 849 3503 δευτέρας
901 3434 1064 3487 αὐτοῦ
1113 3438 1409 3508 παρουσίας
1430 3440 1519 3493 τὸν
1547 3442 1736 3513 καιρὸν
1756 3482 1771 3506 ,

183 3521 281 3573 ὅτε
306 3520 504 3593 κρίνων
538 3520 816 3575 ἐλεύσεται
864 3524 963 3595 τὴν
1008 3526 1355 3597 οἰκουμένην,
1418 3530 1668 3597 φαίνεται
1716 3532 1773 3585 δὲ

183 3613 285 3666 τοῦ
315 3613 694 3685 κατακλυσμοῦ
746 3617 844 3687 τὴν
889 3618 1104 3689 ἡμέραν
1162 3621 1262 3673 οὐκ
1293 3622 1566 3692 ἀγνοήσας
1613 3624 1774 3695 (οὓτω

184 3705 298 3777 γὰρ
326 3705 492 3775 ἔφησε
520 3706 596 3777 τῷ
618 3708 763 3760 Νῶεο
795 3727 814 3760 ‹
842 3709 1084 3775 Εἴσελθε,
1123 3712 1185 3764 σὺ
1217 3713 1310 3766 καὶ
1339 3715 1387 3766 οἰ
1418 3716 1520 3768 υἱοί
1543 3733 1658 3781 σου,
1692 3718 1773 3781 εἰς

184 3798 287 3869 τὴν
334 3798 597 3852 κιϐωτόνο
651 3799 733 3852 ἔτι
784 3801 892 3871 γὰρ
942 3802 1164 3872 ἡμερῶν
1202 3805 1373 3869 ἑπτὰ,
1424 3806 1535 3874 ἐγὼ
1582 3808 1774 3877 ἐπάγω

185 3888 344 3941 ὑετὸν
364 3889 455 3941 ἐπὶ
482 3889 581 3959 τὴν
611 3889 757 3959 γῆν)’
786 3909 803 3941 ι
837 3887 973 3943 οἰδεν
1001 3891 1108 3961 ἄρα
1138 3893 1237 3963 τῆς
1256 3893 1448 3947 ἑαυτοῦ
1472 3897 1772 3965 παρουσίας

184 3982 289 4051 τήν
311 3998 372 4034 τε
400 3981 549 4053 ὥραν
573 3982 668 4035 καὶ
688 3983 786 4053 τὴν
810 3983 1047 4054 ἡμέραν,
1076 3984 1161 4037 ἵνα
1183 3984 1420 4056 σώζηται
1448 3986 1557 4039 τῶν
1592 4004 1771 4057 πραγ-

186 4074 379 4144 μάτων
411 4075 458 4144 ὴέ
483 4074 757 4146 ὁμοιότης,
789 4075 882 4127 καὶ
927 4076 961 4145 ἡ
986 4076 1043 4129 ὲν
1077 4076 1306 4141 ἐκείνοις
1349 4076 1534 4145 εἰκὼν,
1565 4078 1775 4151 ταύτην

186 4182 456 4238 σημαινῃ.

182 4278 394 4351 ΛΛΛΟ,
423 4276 511 4351 ἔτι
539 4279 627 4351 εἰς
658 4277 724 4330 τὸ
764 4279 933 4351 uino"
958 4280 1153 4351 (Αῌερί
1187 4279 1256 4333 δὲ
1280 4280 1389 4349 τῆς
1426 4281 1652 4351 ἡμέρας
1672 4283 1769 4337 καὶ

264 4346 419 4425 ὥρας
440 4348 931 4425 ἐκείνηςηοὸδείς
957 4345 1136 4425 older,
1155 4351 1299 4425 _01'J't§‘
1318 4345 1374 4405 ὀί
1387 4345 1774 4425 ἅγῆθεξῖοιίτῶν

256 4418 553 4486 οὐρανῶν,
582 4418 726 4472 οὐδὲ
752 4422 785 4472 ὀ
819 4419 973 4485 Υἱὸς,
1027 4423 1080 4473 εὶ
1094 4420 1181 4491 μὴ
1199 4422 1389 4490 μόνος
1427 4418 1713 4492 δ’Πατήρ.
1745 4442 1767 4476 ›

1872 612 2055 666 miam.
2102 612 2171 667 At
2197 612 2241 667 si
2274 613 2419 665 omni
2457 611 2647 666 notitia
2690 612 2941 679 superius
2986 612 3473 681 praestantiusque

1870 713 1958 760 est
1990 718 2152 758 nosse
2188 702 2402 758 Patrem
2434 721 2447 757 :
2479 702 2824 773 quomodo‘is
2853 703 2944 771 qui
2986 706 3129 772 quod
3158 704 3331 774 majus
3358 712 3442 758 est

1874 796 2049 863 novit,
2077 796 2344 864 ignorabit
2367 794 2419 849 id
2447 794 2590 864 quod
2618 794 2796 849 minus
2820 794 2946 850 est?

2357 991 2582 1059 ALIUD,
2622 992 2952 1061 explicatius.

1942 1106 2058 1161 Non
2090 1104 2233 1177 quod
2262 1107 2473 1175 ignoret
2496 1104 2753 1169 Verbum,
2791 1115 3059 1174 quatenus
3096 1104 3330 1159 Verbum
3358 1112 3441 1159 est

1872 1205 1926 1251 et
1956 1197 2217 1265 sapientia
2251 1196 2428 1249 Patris
2469 1196 2538 1259 “,
2571 1196 2695 1249 dicit
2739 1211 2797 1249 se
2825 1195 3057 1258 nescire,
3105 1196 3198 1249 sed
3249 1196 3439 1249 huma-

1873 1304 1996 1343 nam
2022 1303 2268 1343 naturam
2298 1289 2351 1343 in
2377 1302 2434 1343 se
2457 1288 2769 1349 ostendens,
2794 1287 2878 1341 cui
2901 1288 3166 1357 praecipue
3188 1286 3443 1341 convenit

1873 1381 2159 1450 ignorare:
2187 1380 2537 1433 humanitatis
2566 1379 2708 1433 enim
2741 1379 2843 1432 hoc
2875 1378 3147 1447 proprium
3177 1388 3278 1432 est.
3305 1378 3437 1432 Cum

1873 1474 2015 1527 enim
2046 1487 2267 1527 carnem
2315 1484 2555 1526 nostram
2601 1472 2916 1539 assumpsit,
2952 1470 3154 1524 ideirco
3193 1470 3357 1523 etiam
3388 1470 3441 1523 in

1873 1580 1995 1619 eum
2046 1572 2096 1617 ul
2151 1564 2204 1617 in
2249 1579 2345 1617 nos
2393 1563 2693 1628 ignorantia
2730 1564 2925 1616 cadere
2966 1562 3082 1616 visa
3129 1568 3260 1616 est:
3300 1561 3449 1629 quod.

1874 1665 2051 1709 autem
2085 1670 2190 1709 non
2241 1655 2473 1725 propria:
2523 1664 2733 1707 natura:
2786 1669 2917 1716 suae,
2973 1654 3065 1707 sed
3119 1652 3453 1707 humanitati-

1875 1748 2232 1817 ignorantiam
2282 1748 2535 1809 ascribat,
2588 1746 2715 1800 inde
2759 1746 3012 1813 cognosci
3063 1754 3260 1813 potest.
3306 1742 3465 1797 Cum

1875 1839 2018 1893 enim
2064 1838 2118 1891 in
2169 1837 2403 1891 medium
2455 1838 2767 1891 adduxisset
2799 1837 3079 1890 historiam
3130 1850 3316 1890 eorum
3350 1836 3441 1903 qui

1876 1930 2207 1998 temporibus
2253 1926 2365 1982 Noe
2411 1928 2683 1992 vixerunt,
2721 1937 2775 1981 et
2810 1928 3037 1981 dixisset
3072 1944 3086 1980 :
3121 1943 3139 1977 ι
3178 1925 3461 1980 (Ζοιηεόει

1875 2022 2007 2074 bant
2036 2029 2090 2074 et
2119 2019 2414 2086 bibebant,
2448 2020 2721 2073 nubebant
2751 2020 2903 2085 viris,
2932 2026 2986 2072 et
3013 2017 3277 2071 ducebant
3304 2031 3443 2070 uxo-

1877 2127 1996 2174 res,
2045 2112 2215 2166 donec
2258 2112 2406 2164 venit
2449 2110 2731 2174 diluvium,
2780 2119 2832 2163 et
2874 2108 3096 2164 abstulit
3139 2122 3366 2173 omnes;
3417 2126 3440 2158 ι

1876 2202 2102 2270 subjecit
2138 2204 2355 2257 statim:
2399 2221 2417 2253 ι
2454 2202 2682 2273 Vigilate
2719 2203 2884 2272 igitur
2915 2211 2987 2255 et.
3011 2216 3131 2266 vos,
3180 2204 3305 2269 quia
3353 2214 3447 2255 ne-

1877 2295 2030 2349 scitis
2060 2310 2165 2364 qua
2186 2295 2314 2348 hora
2341 2293 2512 2349 Filius
2544 2295 2776 2348 hominis
2804 2294 3017 2357 veniet;
3052 2313 3069 2345 )
3105 2300 3159 2347 et
3185 2308 3398 2347 rursum
3425 2308 3441 2345 :

1883 2404 1901 2437 ι
1934 2386 2045 2451 Qua
2094 2402 2197 2440 non
2248 2388 2451 2456 putatis
2503 2386 2634 2440 hora
2682 2385 2850 2439 Filius
2895 2384 3130 2439 hominis
3177 2385 3378 2437 veniet.
3417 2400 3451 2435 ι

1876 2476 2173 2547 Oportebat
2231 2488 2434 2543 autem,
2498 2478 2543 2532 si
2592 2478 2704 2546 ipse
2753 2487 3018 2545 quatenus
3068 2484 3152 2529 est
3212 2475 3441 2529 Verbum

1876 2570 2179 2639 ignorabat,
2218 2570 2397 2625 dicere
2446 2570 2623 2639 potius
2653 2587 2675 2623 ε»
2701 2567 2895 2623 Nescio
2927 2583 3031 2636 qua
3066 2566 3155 2621 die
3186 2576 3444 2620 venturus

1874 2660 1975 2715 sim
2004 2677 2017 2713 :
2054 2669 2109 2715 et
2137 2676 2242 2729 qua
2285 2661 2507 2715 minime
2533 2659 2894 2727 exspectarim
2927 2658 3056 2711 hora
3083 2656 3287 2710 mittar.
3307 2654 3442 2710 Cum

1874 2766 2003 2805 vero
2028 2752 2364 2806 auditoribus
2398 2750 2756 2820 ignorantiam
2784 2748 3045 2817 temporis
3065 2748 3181 2802 sive
3205 2747 3307 2801 diei
3339 2760 3442 2814 qua

1873 2859 2135 2904 venturus
2156 2854 2323 2910 esset,
2344 2844 2604 2909 ascribat,
2633 2840 2974 2896 manifestum
3011 2849 3097 2894 est
3132 2839 3306 2909 ipsum
3325 2836 3445 2906 qui-

1875 2942 1995 2996 dem
2029 2939 2080 2993 id
2109 2939 2271 3004 scire,
2298 2946 2359 2991 ut
2391 2935 2650 2990 Verbum.
2688 2932 2941 3003 lgnorare
2975 2942 3154 2986 autem
3202 2946 3261 2987 se
3290 2930 3443 2995 dicit,

1874 3043 2141 3103 quatenus
2172 3029 2504 3094 hominibus,
2531 3027 2584 3081 in
2631 3041 2767 3093 quos
2814 3024 3119 3096 ignorantia
3172 3023 3343 3082 cadit.
3367 3021 3445 3077 si:

1876 3123 2022 3178 milis
2051 3122 2228 3177 factus
2255 3129 2355 3175 est.

2446 3230 2605 3299 εει
2635 3227 2866 3283 ALIUD.

1948 3349 2005 3404 Si
2036 3364 2102 3402 ex
2133 3346 2367 3416 imagine
2395 3343 2530 3409 Noe,
2562 3343 2787 3397 secundi
2824 3341 3083 3395 adventus
3116 3340 3199 3394 sui
3234 3348 3450 3408 tempus

1874 3442 2184 3513 signiﬁcare
2235 3439 2370 3503 vult,
2417 3438 2633 3506 quando
2675 3445 2938 3489 venturus
2981 3445 3063 3487 est
3103 3434 3169 3486 ad
3199 3431 3446 3501 judican-

1874 3536 1998 3590 dum
2029 3533 2213 3588 orbem
2250 3540 2536 3594 terrarum,
2564 3535 2884 3596 constatque
2918 3541 3038 3580 eum
3083 3524 3270 3578 diluvii
3302 3522 3443 3577 diem

1874 3638 1982 3676 non
2011 3622 2287 3690 ignorasse
2311 3637 2324 3673 :
2350 3618 2422 3673 ita
2451 3619 2595 3672 enim
2626 3618 2692 3671 ad
2716 3616 2826 3671 Noe
2854 3615 3059 3684 inquit:
3086 3632 3104 3664 ι
3137 3612 3443 3682 Ingredere,

1874 3720 1929 3766 tu
1955 3721 2008 3765 et
2042 3710 2132 3764 ﬁlii
2167 3709 2262 3774 tui,
2298 3710 2351 3763 in
2382 3723 2560 3762 arcam
2592 3725 2606 3763 :
2639 3722 2737 3778 ego
2764 3706 2909 3760 enim
2940 3715 3058 3773 post
3094 3704 3209 3758 dies
3238 3712 3453 3772 septem.

1874 3806 2123 3860 inducam
2150 3803 2382 3874 pluviam
2413 3803 2467 3856 in
2488 3812 2689 3857 terram
2706 3801 2785 3855 ⁸⁸ε
2813 3819 2832 3853 ι
2868 3798 3017 3854 novit
3047 3798 3229 3867 itaque
3254 3796 3443 3850 horam

1873 3907 1929 3953 et
1960 3897 2101 3951 diem
2134 3897 2215 3952 sui
2243 3898 2526 3961 adventus,
2575 3905 2636 3949 ut
2666 3909 2848 3949 rerum
2888 3892 3188 3948 similitudo
3222 3902 3443 3944 conser-

1872 4001 2052 4055 vetur,
2096 3998 2151 4044 et
2187 3998 2346 4058 typus
2390 3988 2508 4043 sive
2551 3988 2729 4057 imago
2762 4000 2884 4057 quae
2926 3986 2980 4041 in
3016 3984 3124 4041 illis
3151 3990 3253 4049 est,
3306 3981 3463 4036 hanc;

1872 4080 2159 4141 signiﬁcet.

1869 4279 2084 4337 ALIUD
2113 4279 2167 4333 in
2208 4279 2348 4332 iaem
2372 4290 2392 4330 :
2431 4296 2449 4329 ι
2484 4277 2559 4331 De
2589 4277 2674 4331 die
2718 4275 2812 4329 illa
2858 4283 2907 4329 et
2948 4275 3258 4330 horarnemo
3283 4276 3453 4339 novit,-

1940 4366 2106 4475 ἴρηκι
2152 4350 2323 4419 angeli
2376 4348 2649 4411 caelorum,
2697 4362 2860 4417 neque
2912 4344 3113 4412 Filius,
3164 4348 3249 4401 sed
3300 4345 3442 4400 solus

1990 4438 2021 4475 a
2045 4437 2121 4475 er.
2153 4438 2172 4471 ι

1990 4431 2071 4475 ate
2078 4437 2121 4476 1³.
2153 4438 2172 4471 Ι

259 4526 431 4579 Ὅταν
457 4527 490 4596 ἡ
514 4524 635 4578 θεία
656 4527 789 4598 λέγῃ
818 4527 1011 4599 Γραφὴ
1043 4530 1170 4600 περὶ
1204 4526 1298 4581 τοῦ
1328 4529 1580 4600 Σωτῆρος
1612 4529 1769 4601 ἡμῶν

1946 4533 2079 4588 Cum
2114 4546 2268 4586 sacra
2315 4529 2593 4599 Scriptura
2640 4529 2785 4584 dicat
2810 4528 3159 4584 Servatorem
3197 4536 3444 4582 nostrum

186 4619 449 4690 Χριστοῦ,
467 4620 547 4672 ὅτι
570 4620 663 4673 καὶ
684 4621 957 4691 έπείνησε,
985 4622 1079 4674 καὶ
1103 4621 1341 4691 ἐδίψησε,
1368 4624 1461 4676 καὶ
1487 4624 1773 4679 ἐκοπίασεν

188 4713 254 4765 ἐκ
278 4711 382 4781 τῆς
431 4710 758 4782 ὁδοιπορίας,
796 4712 893 4765 καὶ
943 4713 1237 4767 ἐκάθευδεν
1283 4714 1538 4769 εἰσελθὼν
1588 4717 1667 4780 εἰς
1708 4717 1771 4770 τὸ

191 4801 422 4871 σκάφος,
458 4801 509 4854 τί
541 4801 649 4873 ἄρα
681 4804 1000 4872 ποιήσουσιν
1052 4806 1099 4857 οἱ
1133 4807 1486 4877 χριστομάχοι
1511 4824 1525 4874 ;
1554 4808 1772 4879 Τολμή-

191 4909 378 4946 σουσιν
415 4892 523 4963 ἄρα
551 4893 727 4963 λέγειν
757 4896 851 4948 καὶ
880 4894 1058 4949 ταῦτα
1094 4897 1382 4966 ὑπομεῖναι
1410 4898 1500 4951 τὸν
1528 4898 1621 4952 τοῦ
1637 4899 1771 4953 Θεοῦ

188 4985 441 5056 Λόγον,ῆ
468 4985 639 5041 ταῦτα
667 4988 766 5058 μὲν
801 4988 875 5051 ὡς
897 4989 995 5059 τῆς
1024 4988 1440 5061 ἀνθρωπότητος
1469 4989 1577 5044 ἴδια
1609 5008 1777 5061 προσ-

188 5077 392 5147 ἁψουσι
425 5081 491 5149 τῇ
527 5081 711 5150 σαρκὶ,
771 5079 875 5145 ἔξω
897 5080 953 5133 δὲ
980 5080 1159 5133 αὐτῶν
1183 5081 1613 5152 ὁμολογήσουσιν
1634 5077 1772 5136 εἶναι

185 5170 282 5223 τὸν
308 5168 401 5223 τοῦ
433 5170 569 5225 Θεοῦ
600 5167 850 5245 Λόγον,
873 5173 1044 5242 Λόγος
1075 5174 1256 5239 ὲστίν;
1287 5175 1498 5248 Ὠσπερ
1519 5171 1611 5230 οὖν
1640 5194 1771 5245 συγ-

188 5260 505 5333 κεχώρηκεν
532 5265 718 5318 ὲαυτὸν
743 5266 817 5329 ὡς
843 5265 1129 5336 ἄνθρωπον
1172 5266 1463 5337 γενόμενον
1516 5267 1651 5337 μετά
1676 5269 1773 5321 ἀν-

188 5351 425 5423 θρώπων
462 5354 556 5407 καὶ
589 5356 779 5426 πεινῇν
801 5356 894 5408 καὶ
918 5355 1099 5427 διψῆν,
1134 5357 1228 5409 καὶ
1257 5356 1325 5410 τὰ
1355 5356 1489 5411 ἄλλα
1518 5357 1768 5427 πάσχειν,

188 5444 333 5515 ᾇπερ
359 5444 572 5516 εἴρηται
596 5448 726 5517 περί¹
755 5446 941 5513 αὐτοῦ,
993 5449 1088 5501 τὸν
1119 5447 1281 5501 αὑτὸν
1313 5448 1376 5519 δὴ
1405 5448 1604 5520 τρόπον
1634 5449 1769 5501 ἀκό-

187 5534 380 5589 λουθον
420 5537 495 5609 μὴ
550 5538 1020 5607 σκανδαλίζεσθαι,
1048 5538 1153 5593 κᾶν
1196 5538 1272 5603 ὡς
1300 5539 1588 5609 ἄνθρωπος
1632 5538 1767 5611 λέγῃ

1878 4622 2156 4679 Christum
2214 4622 2493 4687 esuriisse,
2550 4621 2771 4687 sitiisse,
2802 4618 3145 4689 defatigatum
3182 4618 3348 4673 fuisse
3376 4634 3445 4672 ex

1877 4717 2092 4781 itinere,
2112 4726 2365 4785 etnavem
2384 4715 2683 4784 ingressum
2697 4713 3055 4767 obdormiisse
3076 4710 3164 4774 '3‘,
3180 4712 3307 4781 quid
3328 4720 3443 4765 sta-

1876 4816 2029 4860 tuent
2080 4807 2263 4861 hostes
2291 4803 2543 4859 Christi?
2574 4803 2932 4857 Audebuntne
2982 4802 3162 4856 dicere
3209 4800 3443 4855 Verbum

1874 4898 1967 4955 Dei
2002 4900 2115 4954 bare
2161 4911 2472 4968 perpessum
2518 4894 2702 4960 fuisse,
2752 4905 2845 4950 aut
2881 4896 2993 4949 haec
3033 4906 3091 4949 ut
3125 4895 3445 4949 humanitati

1876 4992 2091 5062 propria
2121 4989 2273 5044 carni
2314 4989 2613 5052 ascribent,
2646 4985 2882 5043 Verbum
2916 4996 3095 5042 autem
3138 4987 3229 5040 Dei
3257 4995 3445 5055 quate-

1876 5100 1980 5139 nus
2035 5081 2273 5137 Verbum
2320 5091 2405 5137 est
2451 5081 2517 5136 iis
2572 5080 2737 5136 rebus
2783 5080 3076 5135 obnoxium
3131 5094 3239 5134 non
3289 5081 3447 5135 esse?

1875 5174 2338 5242 Quemadmodum
2390 5172 2553 5244 igitur
2590 5172 2691 5227 hoc
2730 5171 2784 5226 in
2823 5186 2881 5226 se
2912 5171 3143 5241 recepit,
3192 5179 3251 5225 ut
3283 5172 3445 5226 homo

1874 5266 2048 5320 factus
2089 5280 2193 5319 una
2235 5278 2358 5319 cum
2397 5261 2707 5317 hominibus
2750 5261 3009 5327 esuriret,
3044 5272 3205 5330 atque
3239 5260 3442 5327 sitiret,

1874 5359 2191 5427 reliquaque
2234 5362 2531 5424 pateretur,
2555 5368 2675 5423 quae
2703 5353 2770 5408 de
2814 5353 2934 5423 ipso
2965 5352 3109 5408 dicta
3153 5362 3319 5407 sunt:
3354 5366 3445 5407 ea-

1875 5449 1995 5503 dem
2027 5447 2195 5516 plane-
2219 5446 2433 5500 ratione
2463 5458 2572 5498 non
2602 5451 2686 5498 est
2719 5445 2862 5513 quod
2892 5457 3052 5513 quem
3086 5440 3342 5507 oﬂ‘endat,
3375 5442 3441 5507 si,

1874 5549 1935 5594 ut
1964 5539 2149 5605 homo,
2182 5552 2289 5592 una
2328 5551 2451 5593 cum
2505 5535 2814 5591 hominibus
2863 5536 3145 5606 ignorasse
3198 5534 3457 5591 dicaturz.

264 5715 359 5789 "il
385 5716 509 5789 Cor.
543 5734 580 5783 ι,
610 5718 702 5773 υ.
778 5719 823 5751 ⁸⁷
850 5718 1039 5777 Matth.
1085 5734 1236 5789 ntv,
1265 5719 1367 5787 58,
1388 5718 1479 5784 42,
1509 5717 1603 5775 44.
1676 5719 1722 5751 ⁸⁸
1758 5723 1772 5769 t

1879 5758 1894 5774 .
1931 5734 2027 5788 vn,
2073 5720 2179 5776 1-6.
2250 5718 2315 5751 ⁸⁸·
2357 5717 2543 5775 Matth.
2590 5732 2662 5786 IV,
2692 5717 2749 5789 2;
2787 5714 2942 5774 Joan.
2988 5731 3099 5783 xix,
3133 5715 3235 5784 28;
3283 5711 3449 5773 Joan.

191 5800 268 5853 Iv.
297 5788 353 5856 6;
384 5786 573 5847 Matth.
596 5804 693 5857 vn,
725 5788 819 5858 23,
840 5790 930 5853 24.
