3878 6208
451 411 559 468 575

1470 408 1527 462 S.
1569 405 1840 462 CYRILLI
1877 401 2346 459 ALEXANDRINI
2387 405 2708 462 ARCIIIEP.

3589 405 3714 462 576

451 521 698 578 eamdem
760 521 926 576 enim.
957 520 1231 576 nobiscum
1279 531 1498 575 carnem
1559 519 1810 590 gestavit.
1856 517 2018 572 Novit

2130 519 2240 588 μετ’
2269 519 2572 589 ἀνθρώπων
2605 520 2840 588 ἀγνοεῖν,
2885 519 2965 572 ὅτι
2989 517 3088 588 τὴν
3118 518 3284 589 αὐτὴν
3315 518 3442 588 ἡμῖν
3465 518 3708 588 ἐφόρεσε

451 614 596 668 enim
635 620 694 667 ut
741 611 1007 682 sapientia
1052 620 1106 666 et
1137 608 1372 665 Verbum
1405 609 1458 664 in
1504 608 1668 664 Pat're
1709 608 2012 672 exsistens;

454 704 705 772 ignorare
736 719 865 758 vero
911 717 970 758 se
999 702 1129 757 dicit
1160 709 1380 772 propter
1413 715 1511 756 nos
1534 711 1590 756 et
1633 699 1935 765 nobiscum,
1959 705 2020 754 ut

453 796 632 850 homo.

450 907 680 971 ALIUD,
729 923 830 975 quo
877 907 1172 960 ostenditur
1216 905 1491 973 manifeste
1552 905 1884 961 Servatorem
1918 922 2016 960 no-

521 978 653 1029 visse
697 977 958 1047 quaedam,
1003 977 1091 1030 sed
1133 977 1338 1030 ratione
1381 975 1770 1030 incarnationis
1800 978 2016 1046 ignora-

521 1047 715 1100 tionem
741 1063 850 1115 prae
875 1063 928 1099 se
957 1047 1157 1100 tulisse.

519 1156 774 1210 Servatur
805 1157 1002 1211 alicubi
1046 1157 1112 1211 ad
1143 1156 1436 1221 discipulos
1482 1173 1608 1211 suos
1635 1158 1708 1211 ait
1743 1177 1755 1212 :
1789 1177 1806 1210 ι
1844 1159 2016 1213 Laza-

450 1263 543 1300 rus
573 1248 779 1302 amieus
815 1261 998 1302 neSter
1041 1248 1332 1303 obdortniit
1359 1250 1428 1313 ⁸ο,
1473 1269 1494 1301 ι
1531 1265 1650 1304 cum
1683 1251 1885 1320 alioqui
1925 1266 2016 1304 ne-

452 1335 540 1393 n’to
569 1341 668 1394 hoc
701 1341 750 1395 ei
787 1341 1114 1406 nuntiasset,
1154 1341 1248 1396 sed
1294 1349 1350 1394 ut
1389 1340 1528 1395 Deus
1577 1343 1666 1410 qui
1709 1343 1890 1396 omnia
1921 1357 2014 1397 εον

451 1433 598 1500 gnita
643 1430 822 1484 habet.
865 1432 1068 1487 Deinde
1112 1431 1276 1502 longo
1319 1432 1511 1487 itinere
1565 1449 1684 1485 cum
1738 1433 2016 1502 discipulis

450 1523 745 1592 profectus,
780 1526 927 1580 venit
959 1526 1024 1581 ad
1075 1539 1294 1581 sorores
1324 1525 1512 1580 Lazari
1566 1526 1672 1595 iam
1716 1528 1930 1596 sepulti,
1961 1537 2017 1582 et

452 1614 660 1681 rogavit
692 1631 705 1667 :
741 1632 758 1664 ι
797 1614 900 1669 Ubi
927 1614 1182 1684 posuistis
1209 1629 1333 1669 eum
1361 1615 1450 1667 ὀἳ
1485 1635 1502 1666 ι
1533 1615 1701 1682 Quem
1744 1624 2015 1669 mortuum

452 1720 572 1760 esse
594 1707 820 1769 sciebat,
851 1709 1121 1776 quomodo
1152 1707 1435 1778 ignorabat
1465 1707 1636 1761 locum
1668 1707 1720 1760 in
1747 1723 1852 1776 quo
1882 1722 2012 1761 con-

455 1797 601 1850 ditus
630 1796 786 1850 erat?
810 1798 900 1851 sed
925 1807 1080 1852 norat
1112 1800 1376 1866 proiecto.
1407 1798 1713 1854 Verisimile
1741 1799 1882 1852 enim
1909 1814 2012 1853 non

2121 609 2319 683 σάρκα.
2343 609 2464 664 Οἵδε
2497 612 2596 682 μὲν
2633 611 2739 682 γὰρ
2764 610 2840 673 ὡς
2863 609 3025 678 σοφία
3054 610 3146 662 καὶ
3179 609 3350 677 Λόγος
3386 608 3460 662 ὢν
3492 610 3551 661 ἐν
3582 610 3706 661 Πα-

2117 702 2228 772 τρίο
2267 702 2342 772 μὴ
2365 702 2560 756 εἰδέναι
2583 702 2642 756 δέ
2694 718 2827 772 φησι
2860 701 2927 753 δι’
2961 700 3110 771 ἡμᾶς
3149 699 3245 753 καὶ
3275 698 3392 770 μεθ’
3413 698 3571 769 ἡμῶν
3625 698 3708 761 ὼς

2120 789 2425 862 ἄνθρωπος.

2121 910 2324 973 ΑΛΛΟ,
2371 908 2444 961 δι’
2491 904 2563 963 οὗ
2607 906 2909 960 δείκνυται
2969 905 3179 975 σαφῶς
3211 908 3244 959 ὁ
3291 904 3492 975 Σωτὴρ
3521 901 3704 975 εἰδὼς

2185 980 2303 1047 μέν
2347 997 2497 1034 τινα.
2542 978 2879 1046 οἰκονομίας
2937 976 3005 1030 δὲ
3047 973 3223 1045 χάριν
3268 973 3510 1044 ἀγνοεῖν
3538 974 3704 1028 αὑτά

2192 1047 2720 1118 σχηματιζόμενος.

2187 1158 2350 1227 Λέγει
2396 1175 2498 1211 που
2531 1159 2667 1230 πρὸς
2725 1158 2848 1220 τοὺς
2906 1156 3101 1210 ἑαυτοῦ
3138 1143 3385 1227 μαθητὰς
3413 1157 3441 1210 6
3477 1155 3702 1226 Σωτήρ’

2122 1269 2141 1301 ι
2172 1250 2417 1320 Λάζαρος
2439 1252 2466 1302 6
2508 1249 2657 1319 φίλος
2685 1249 2843 1319 ἡμῶν
2877 1248 3218 1319 κεκοίμηται,
3260 1266 3277 1299 ι
3322 1248 3499 1300 καίτοι
3531 1247 3704 1317 μηδε-

2118 1340 2204 1400 νὸς
2231 1337 2655 1405 ἀπαγγείλαντος
2683 1337 2829 1406 αὐτῷ
2882 1339 3010 1408 περὶ
3055 1336 3271 1398 τούτου,
3321 1336 3434 1390 ἀλλ’
3456 1335 3531 1398 ὡς
3560 1335 3703 1398 Θεὸς

2116 1429 2186 1481 τά
2221 1429 2396 1482 πάντα
2430 1428 2729 1496 γινώσκων.
2766 1423 2896 1481 Εἶτα
2951 1426 3173 1497 μακράν
3201 1426 3397 1490 ἐλάσας
3431 1425 3546 1479 666v
3579 1425 3703 1495 ἅμα

2116 1519 2229 1580 τοῖς
2262 1517 2550 1588 μαθηταῖς,
2580 1516 2798 1586 ἔρχεται
2827 1515 2962 1588 πρὸς
2986 1514 3083 1578 τάς
3108 1513 3202 1567 τοῦ
3236 1511 3706 1582 μνημονευθέντος

2119 1609 2368 1678 ἀδελφάς,
2401 1609 2495 1662 καὶ
2528 1607 2750 1679 ἠρώτα·
2807 1627 2824 1658 ι
2861 1607 2969 1660 Ποῦ
3023 1605 3306 1659 τεθείκατε
3358 1603 3539 1657 αὐτόν.
3575 1621 3595 1652 ›
3637 1602 3704 1654 Ὁ

2117 1701 2272 1766 εἰδὼς
2306 1703 2387 1754 ὅτι
2409 1701 2754 1771 κεκοίμηται,
2788 1699 2904 1763 πῶς
2932 1700 3032 1752 οὐκ
3062 1694 3174 1750 οἶδε
3223 1696 3313 1749 τὸν
3360 1695 3524 1746 τόπον
3558 1694 3703 1745 ὅπου

2119 1795 2294 1847 ἔκειτο
2323 1793 2383 1846 τὸ
2410 1793 2566 1864 σῶμα
2590 1809 2604 1856 ;
2638 1792 2750 1844 ἀλλ’
2783 1788 2945 1845 οἶδεν.
2989 1789 3277 1842 Ἀπίθανον
3307 1786 3415 1857 γάρ
3434 1785 3494 1838 τὸ
3519 1786 3704 1837 ἐκεῖνο

451 1897 556 1951 est,
594 1887 765 1956 ipsum
797 1888 926 1941 illud
973 1889 1217 1953 scivisse,
1249 1889 1350 1944 hoc
1394 1891 1712 1945 nescivisse.
1745 1890 2016 1956 Quemad-

2130 1885 2220 1955 μὲν
2249 1883 2466 1945 εἰδέναι,
2490 1882 2650 1936 τοῦτο
2677 1882 2734 1936 δέ
2767 1883 3000 1950 ἀγνοεῖν.
3034 1880 3242 1951 ’Ὠσπερ
3273 1873 3363 1930 οὖν
3384 1873 3708 1944 οἰκονομίας

454 1978 670 2031 modum
716 1979 878 2049 igitur
924 1979 1182 2048 singulari
1229 1980 1461 2048 quodam
1508 1982 1735 2035 consilio
1773 1982 1910 2035 dixit
1955 1997 2014 2036 se

455 2069 664 2122 nescire
692 2068 781 2122 ubi
801 2069 1008 2138 jaceret
1035 2068 1271 2124 Lazarus
1297 2088 1310 2134 ;
1347 2070 1419 2124 ita
1451 2072 1612 2125 etiam
1635 2072 1700 2126 de
1724 2071 1810 2126 die
1839 2083 1893 2125 et
1922 2072 2018 2126 ho-

453 2175 534 2218 ra.
573 2160 786 2213 tametsi
821 2160 966 2214 dicat
1007 2176 1064 2214 se
1097 2162 1364 2228 ignorare,
1397 2164 1647 2219 utilitatis
1678 2175 1732 2218 et
1763 2165 1885 2219 boni
1915 2165 2015 2218 ali—

451 2251 604 2320 cujus
627 2266 787 2304 causa
820 2251 869 2305 id
899 2251 1028 2308 facit
1057 2271 1070 2306 :
1105 2254 1267 2323 222
1304 2256 1450 2307 novit
1479 2257 1620 2308 enim
1655 2267 1712 2309 ut
1749 2254 1907 2312 Deus.

619 2360 852 2426 ALIUD,
888 2363 956 2416 ad
987 2363 1224 2417 eamdem
1254 2367 1562 2418 sententiam
1587 2369 1872 2436 pertinens.

523 2475 658 2530 Cum
689 2477 740 2530 in
773 2477 1014 2544 partibus
1035 2475 1294 2531 Caesareae
1316 2477 1542 2548 Philippi
1567 2491 1710 2534 esset
1737 2480 2012 2542 Servatur,

452 2569 804 2638 interrogavit
839 2568 1168 2636 discipulos:
1207 2587 1228 2622 ι
1267 2571 1437 2634 Quem
1490 2572 1674 2625 dicunt
1726 2587 1810 2627 me
1844 2573 2018 2626 homi-

454 2674 548 2712 nes
574 2673 696 2713 esse
738 2658 933 2712 Filium
983 2659 1216 2713 hominis
1244 2660 1376 2712 “‘h
1417 2659 1658 2730 Cumque
1698 2661 1892 2716 Petrus
1936 2679 2018 2715 re-

453 2749 759 2815 spondisset
783 2757 834 2800 et
858 2749 1125 2802 dixisset:
1159 2767 1176 2798 ι
1213 2748 1291 2802 'l‘u
1319 2763 1376 2802 es
1409 2747 1678 2812 Christus,
1719 2749 1887 2804 Filius
1923 2750 2015 2806 Dei

454 2839 720 2902 viventis;
755 2858 774 2890 ι
809 2837 991 2892 statim
1029 2839 1141 2907 ipse
1185 2839 1382 2904 intulit,
1422 2857 1439 2888 ι
1481 2838 1685 2894 Beatus
1725 2853 1804 2904 es,
1830 2840 2017 2893 Simon

456 2929 717 2998 Barjona,
760 2929 886 2997 quia
933 2928 1094 2983 Pater
1150 2929 1407 2984 revelat-it
1461 2929 1581 2990 tibi,
1623 2931 1712 2998 qui
1761 2931 1812 2982 in
1866 2930 2019 2984 ccelis

455 3031 539 3075 est
567 3022 632 3074 ".
665 3040 685 3072 ι
719 3019 887 3075 Nemo
914 3021 1056 3074 enim
1098 3021 1251 3074 novit
1282 3020 1474 3073 Filium
1513 3021 1612 3075 nisi
1659 3021 1840 3082 Pater,
1865 3021 2016 3090 juxta

457 3113 627 3181 ipsius
659 3111 963 3166 Servatoris
988 3126 1171 3166 vocem
1203 3112 1267 3164 "‘.
1299 3113 1369 3165 At
1415 3113 1456 3165 si
1487 3111 1647 3167 Pater
1693 3130 1786 3180 per
1821 3113 2015 3169 Filium

2115 1977 2258 2040 τινὸς
2282 1976 2465 2028 ἕνεκεν
2491 1976 2550 2028 τὸ
2581 1975 2654 2046 μὴ
2683 1975 2879 2028 εἰδέναι
2901 1972 3002 2026 ποῦ
3037 1974 3213 2024 κεῖται
3262 1967 3509 2038 Λάζαρος
3559 1965 3703 2034 ἑφα-

2119 2086 2266 2131 σκεν,
2295 2066 2436 2120 οὕτω
2473 2068 2566 2121 καὶ
2595 2069 2724 2139 περὶ
2759 2067 2858 2136 τῆς
2879 2065 3091 2137 ἡμέρας
3116 2064 3209 2118 καὶ
3249 2063 3347 2132 τῆς
3375 2060 3522 2130 ὥρας
3541 2099 3556 2123 ,
3593 2057 3710 2111 κᾶν

2116 2162 2250 2235 λέγῃ
2283 2160 2358 2232 μὴ
2381 2159 2598 2224 εἰδέναι,
2637 2157 2906 2230 χρήσιμόν
2928 2175 2986 2209 τι
3006 2157 3098 2210 καὶ
3124 2154 3326 2224 ἀγαθὸν
3357 2151 3658 2221 οἰκονομῶν
3681 2189 3701 2215 ,

2115 2251 2273 2306 τοῦτο
2296 2253 2458 2304 ποιεῖ·
2482 2245 2590 2303 οἶδε
2621 2250 2728 2320 γὰρ
2761 2249 2836 2312 ὡς
2862 2247 3015 2311 Θεὸς.

2369 2367 2573 2431 ΑΛΛΟ,
2604 2365 2718 2433 τὴν
2736 2363 2933 2432 αὐτὴν
2979 2365 3123 2433 ἒχω-
3149 2360 3438 2415 διάνοιαν.

2187 2478 2322 2546 Περὶ
2349 2474 2419 2528 τὰ
2454 2474 2594 2545 μέρη
2628 2473 2964 2542 Καισαρείας
3022 2472 3122 2542 τῆς
3149 2470 3414 2524 Φιλίππου
3455 2465 3706 2536 γεγονὼς

2117 2570 2145 2621 6
2175 2566 2386 2638 Σωτὴρ,
2420 2565 2606 2636 ἠρώτα
2655 2565 2782 2627 τοὺς
2831 2563 3027 2618 ἑαυτοῦ
3087 2562 3354 2633 μαθητάς·
3415 2581 3434 2611 ι
3463 2561 3599 2613 Τίνα
3629 2575 3702 2629 με

2118 2660 2364 2728 λέγουσιν
2412 2660 2462 2712 οἱ
2515 2657 2792 2728 ἄνθρωποι
2855 2656 2946 2709 τὸν
2979 2656 3106 2708 Υἱὸν
3156 2654 3248 2708 τοῦ
3297 2652 3627 2724 ἀνθρώπους
3671 2670 3701 2701 »-

2131 2753 2593 2822 Ἀποκριναμένου
2642 2751 2698 2802 δέ
2728 2750 2934 2819 Πέτρου
2967 2751 3060 2802 καὶ
3087 2748 3391 2820 εἰρηκότος,
3433 2765 3450 2796 ι
3484 2748 3554 2800 Σὺ
3591 2741 3642 2800 εἷ
3672 2747 3702 2799 ‘i

2119 2843 2351 2915 Χριστὸς
2379 2846 2406 2898 6
2441 2843 2566 2906 Υἱὸς
2591 2842 2684 2896 τοῦ
2709 2841 2847 2896 Θεοῦ
2874 2841 2967 2894 τοῦ
2998 2842 3220 2906 ζῶντος,
3256 2860 3274 2892 ι
3300 2841 3579 2910 ἐπήγαγεν
3609 2839 3697 2891 εύ-

2120 2938 2238 3001 θὺς,
2257 2937 2337 2988 ὅτι
2380 2955 2398 2985 ι
2429 2934 2714 3004 Μακάριος
2747 2929 2818 2998 εἴ,
2854 2934 3037 3003 Σίμων
3064 2934 3179 3005 Βάρ
3219 2933 3392 2993 Ἰωνᾶ,
3425 2931 3506 2984 ὅτι
3532 2931 3560 2982 6
3587 2929 3691 2982 Πα-

2119 3028 2222 3098 τὴρ
2254 3027 2572 3096 ἀπεκάλυψὲ
2607 3043 2689 3079 σοι
2715 3028 2742 3080 6
2767 3029 2824 3078 ἐν
2853 3028 2964 3089 τοῖς
2986 3027 3253 3097 οὐρανοῖς.
3295 3044 3312 3075 ι
3357 3024 3546 3085 Οὐδεὶς
3586 3021 3698 3091 γὰρ

2120 3115 2227 3171 οἶδε
2251 3117 2342 3170 τὸν
2366 3118 2492 3170 Υίὸν
2515 3119 2562 3169 εί
2589 3116 2663 3187 μὴ
2691 3119 2719 3169 6
2747 3117 2957 3186 Πατὴρ,
2990 3116 3129 3169 κατά
3143 3117 3242 3186 τὴν
3267 3115 3431 3169 αὐτοῦ
3467 3112 3560 3167 τοῦ
3586 3114 3697 3166 Σω-

457 3204 635 3257 omnia
671 3212 946 3272 operatur,
989 3218 1151 3255 unum
1189 3217 1316 3256 vero
1347 3219 1410 3256 ex
1456 3203 1710 3270 operibus
1753 3215 1836 3258 est
1865 3221 2018 3260 reve-

2130 3208 2287 3278 τῆρος
2315 3207 2520 3276 φωνήν.
2559 3207 2622 3259 Εἰ
2652 3207 2709 3260 δὲ
2735 3207 2804 3260 δι’
2843 3206 2974 3259 Υίοῦ
3021 3208 3198 3261 πάντα
3246 3207 3434 3276 Πατὴρ
3464 3205 3690 3277 ἐργάζε-

461 3297 608 3361 latio,
635 3295 811 3364 ipsum
838 3293 1069 3349 Verbum
1095 3293 1254 3349 Petro
1289 3295 1490 3348 revelat
1512 3311 1629 3364 qum
1653 3294 1831 3351 Patri-5
1861 3306 2020 3363 sunt;

458 3390 726 3457 quomodo
759 3398 937 3442 autem
972 3388 1015 3442 is
1059 3389 1147 3456 qui
1193 3389 1417 3451 revelat,
1471 3399 1726 3457 tanquam
1770 3390 2027 3459 ignorans-

461 3483 778 3550 interrogat,
802 3495 1092 3550 quemnam
1136 3481 1311 3549 ipsum
1343 3482 1591 3536 homines
1640 3497 1764 3536 esse
1792 3483 2026 3537 dicant?

459 3571 620 3625 Certo
647 3572 810 3640 igitur
834 3587 898 3625 ac
937 3571 1197 3640 singulari
1235 3572 1461 3626 consilio
1493 3573 1764 3627 interdum
1806 3575 2024 3643 ignora-

463 3662 656 3717 tionem
693 3663 931 3718 simulat.
963 3662 1152 3718 Scieus
1185 3665 1329 3718 enim
1358 3665 1485 3734 quid
1517 3665 1767 3733 discipuli
1799 3683 2022 3736 respon-

460 3751 572 3806 suri
603 3762 805 3816 essent,
837 3755 1132 3824 interrogat
1161 3773 1175 3808 :
1211 3765 1268 3809 ut
1305 3767 1527 3826 accepta
1571 3772 1757 3812 eorum
1801 3774 2024 3829 respon-

461 3843 612 3898 sione
643 3843 801 3896 iidctn
830 3845 1084 3900 stabiliat.

950 4019 1161 4077 ALIUD
1176 4062 1190 4086 ,
1217 4025 1530 4078 enarrative.

533 4134 719 4198 Filius,
749 4144 1015 4204 quatenus
1067 4143 1151 4188 est
1201 4133 1432 4188 Verbum
1475 4148 1531 4192 et
1582 4139 1867 4208 sapientia.
1922 4159 2023 4196 non

463 4225 674 4294 ignorat
707 4225 846 4278 diem
875 4233 928 4277 et
967 4225 1154 4278 horam
1188 4227 1271 4280 sui
1305 4231 1566 4283 adventus
1597 4247 1610 4283 :
1650 4233 1742 4285 sed
1779 4249 1844 4287 ne
1893 4249 2027 4290 Inte-

464 4331 640 4370 rorem
680 4315 957 4384 discipulis
991 4317 1236 4381 incutiat,
1278 4319 1463 4374 uolens
1493 4335 1679 4373 eorum
1730 4321 2027 4394 interroga-

467 4410 595 4462 tioni
627 4411 972 4478 respondere,
1001 4411 1137 4464 dixit
1168 4427 1226 4465 se
1254 4414 1484 4478 nescire,
1517 4424 1576 4468 ut
1604 4415 1799 4480 homo;
1831 4417 2026 4486 quippe

464 4501 553 4568 qui
598 4501 648 4554 id
702 4501 882 4555 dicere
928 4501 1106 4568 potuit
1141 4514 1409 4572 quatenus
1448 4519 1574 4559 caro
1614 4506 1784 4561 factus
1821 4517 1920 4571 est,
1968 4517 2025 4560 ut

464 4582 722 4660 scriptum
756 4603 838 4646 est
867 4594 936 4657 ",
966 4593 1256 4661 carnisque
1284 4595 1627 4651 inﬁrmitates
1658 4600 1901 4666 proprias
1923 4599 2026 4654 sibi

469 4682 610 4736 fecit.
638 4683 790 4748 Quod
811 4684 954 4737 enim
989 4685 1091 4740 hac
1127 4685 1195 4740 de
1219 4700 1378 4741 causa
1417 4702 1476 4742 se
1512 4690 1722 4745 nescire
1758 4690 1914 4757 dixit,
1944 4692 2027 4745 in-

465 4775 532 4827 de
558 4775 807 4842 cognosci
841 4785 1033 4844 potest.
1066 4775 1197 4831 Nam
1226 4788 1507 4850 postquam
1536 4795 1565 4836 e
1591 4782 1818 4837 mortuis
1845 4797 2026 4838 resur-

469 4866 627 4940 rexit,
653 4883 775 4920 cum
809 4866 918 4935 jam
950 4869 1000 4922 in
1041 4869 1206 4925 caelos
1233 4886 1560 4927 ascensurus
1588 4883 1754 4936 esset,
1799 4875 2030 4930 interro-

468 4959 718 5030 gantibus
746 4976 869 5014 eum
900 4963 1196 5030 discipulis,
1231 4963 1446 5031 quando
1477 4965 1599 5018 linis
1622 4962 1855 5024 futurus,
1882 4966 2028 5035 ipse-

466 5068 570 5121 que
600 5051 794 5110 iterum
828 5063 1084 5108 venturus
1121 5064 1284 5121 esset,
1315 5054 1563 5110 acerbius
1612 5055 1690 5110 eis
1730 5059 2028 5126 respondit,

467 5145 692 5199 dicens:
728 5162 745 5195 ι
776 5144 889 5198 Non
916 5155 998 5200 est
1031 5155 1270 5200 vestrum
1307 5161 1531 5201 noscere
1563 5157 1802 5216 tempora
1831 5158 1886 5203 et
1914 5167 2032 5204 mo-

469 5246 672 5300 menta,
699 5251 818 5303 qua:
847 5235 1010 5289 Pater
1050 5237 1229 5305 posuit
1269 5237 1322 5290 in
1364 5251 1459 5292 sua
1496 5247 1761 5306 potestate
1787 5238 1855 5292 ν’.
1901 5257 1917 5290 ι
1959 5240 2031 5294 At

469 5325 512 5378 si
547 5325 675 5380 illud
724 5327 938 5394 penitus
975 5327 1301 5397 ignorasset,
1333 5329 1617 5396 oportebat
1659 5329 1837 5384 dicere
1867 5347 1879 5384 :
1915 5330 2029 5384 Dixi

469 5417 621 5470 vobis
652 5431 738 5471 me
767 5419 1001 5482 nescire,
1034 5428 1089 5473 et
1113 5419 1314 5473 nescio.
1347 5419 1416 5472 At
1444 5434 1568 5474 vero
1607 5421 1760 5490 quasi
1791 5437 1892 5474 non
1944 5438 2031 5475 re-

470 5517 556 5563 cte
593 5509 993 5580 interrogantes
1029 5513 1394 5582 reprehendit,
1441 5522 1494 5567 et
1526 5523 1778 5582 tanquam
1827 5514 2030 5583 majora

469 5616 630 5671 quam
659 5617 756 5671 par
781 5604 850 5658 sit
878 5604 1220 5674 inquirentes
1253 5605 1446 5675 rejicit.
1475 5605 1817 5662 ManifeStum
1850 5607 2031 5676 itaque

539 5760 584 5794 "
611 5759 767 5815 Joan.
800 5779 877 5828 ut,
913 5765 996 5818 Η.

465 5829 522 5910 ξ’
559 5831 678 5887 Act.
717 5847 756 5897 t,
793 5831 844 5885 7.

1077 5767 1119 5797 ⁹⁰
1162 5766 1290 5821 ibid.
1314 5765 1402 5820 3i.
1481 5767 1520 5797 θ’
1558 5765 1746 5821 Matth.
1788 5781 1897 5828 XVI,
1932 5765 2014 5820 15.

2125 3319 2234 3363 ται,
2259 3301 2316 3354 ἓν
2349 3301 2404 3354 δέ
2425 3300 2530 3352 τῶν
2561 3301 2739 3372 ἔργων
2761 3301 2853 3353 καὶ
2889 3302 2921 3371 ἡ
2958 3302 3321 3371 ἀποκάλυψις,
3346 3301 3505 3364 αὐτὸς
3536 3301 3564 3353 6
3589 3300 3691 3353 Λό-

2125 3406 2220 3456 γος
2249 3388 2598 3458 ἀποκαλύψας
2659 3387 2737 3458 τῷ
2785 3389 2978 3461 Πέτρῳ
3005 3391 3254 3458 φαίνεται
3285 3390 3352 3442 τά
3398 3388 3550 3459 παρά
3601 3386 3698 3440 τοῦ

2126 3480 2359 3551 Πατρός·
2389 3479 2505 3543 πῶς
2561 3476 2652 3534 οὖν
2681 3483 2708 3534 6
2745 3481 3101 3551 ἀποκαλύψας
3130 3481 3204 3544 ὡς
3238 3482 3446 3550 ἀγνοῶν
3488 3481 3694 3550 ἐρωτᾷ,

2123 3571 2244 3624 τίνα
2273 3572 2522 3640 λέγουσιν
2551 3575 2605 3625 οἱ·
2626 3572 2934 3644 ἀνθρώποις
2955 3572 3164 3627 Οὐκοῦν
3188 3575 3460 3642 οἰκονομεῖ
3482 3591 3536 3625 τι
3571 3572 3693 3625 πολ-

2125 3664 2283 3727 λάκις
2325 3664 2425 3733 τῆς
2449 3664 2672 3733 ἀγνοίας
2708 3665 2768 3717 τὸ
2806 3667 3009 3736 σχῆμα.
3043 3664 3211 3729 Εἰδὼς
3239 3665 3346 3736 γάρ
3373 3667 3509 3735 ὅπερ
3541 3663 3697 3734 ἔμελ-

2125 3758 2216 3809 λον
2247 3759 2392 3828 ἐρεῖν
2422 3757 2472 3809 οί
2504 3756 2762 3826 μαθηταὶ,
2789 3758 3055 3827 προσάγει
3091 3757 3190 3826 τὴν
3227 3755 3438 3818 πεῦσιν,
3471 3756 3538 3808 ἵν’
3561 3755 3695 3808 ἀπο-

2125 3846 2416 3916 δεξάμενος
2474 3845 2652 3898 αύτῶν
2705 3846 2801 3915 τὴν
2870 3845 3198 3914 ἀπόκρισιν,
3272 3843 3544 3916 ϐεϐαιώσῃ
3600 3843 3705 3914 ripa

2127 3936 2329 3989 πίστιν.

2545 4024 2763 4084 ΑΛΛΟ,
2815 4023 3268 4093 διηγηματικῶς.

2196 4141 2310 4194 Οὐκ
2332 4140 2516 4206 ἀγνοεῖ
2544 4138 2641 4209 τὴν
2675 4139 2890 4208 ἡμέραν
2922 4139 3016 4191 καὶ
3048 4139 3145 4209 τὴν
3183 4138 3333 4210 ὥραν
3378 4140 3474 4211 τῆς
3505 4139 3707 4193 ἑαυτοῦ

2128 4233 2428 4304 παρουσίας
2465 4233 2493 4283 ὁ
2518 4231 2665 4297 Υἱὸς,
2764 4230 2936 4299 Λόγος
2971 4232 3088 4284 ἐστὶ
3118 4233 3210 4285 καὶ
3245 4230 3404 4301 σοφία
3429 4271 3445 4291 ,
3471 4230 3586 4283 ἀλλ’
3613 4231 3698 4284 ἵνα

2130 4327 2205 4396 μὴ
2259 4325 2438 4394 λύπην
2473 4323 2671 4396 ἐντέκῃ
2730 4325 2845 4385 τοῖς
2877 4321 3166 4392 μαθηταῖς,
3234 4323 3308 4385 ὡς
3359 4323 3420 4375 οὐ
3467 4321 3695 4392 θελήσας

2127 4415 2517 4487 ἀποκρίνεσθαι
2548 4418 2614 4486 τῇ
2652 4417 2780 4485 παρ’
2806 4414 2985 4468 αὐτῶν
3026 4413 3450 4485 προσενεχθείσῃ
3487 4415 3696 4478 πεύσει,

2129 4509 2218 4573 τὸ,
2246 4509 2360 4560 Ούκ
2387 4503 2524 4571 οῖδα,
2551 4506 2715 4578 φησὶν
2747 4507 2822 4569 ώς
2837 4505 3139 4574 ἄνθρωπος,
3157 4505 3405 4572 ἐξουσίαν
3437 4505 3576 4576 ἔχων
3607 4507 3704 4560 καὶ·

2132 4598 2252 4661 τοῦ,
2290 4600 2464 4651 εἰπεῖν
2493 4597 2600 4663 διά,
2633 4598 2693 4651 τὸ
2718 4596 2968 4666 γενέσθαι
3009 4595 3165 4668 σὰρξ.
3197 4598 3331 4651 καθὸ
3369 4600 3694 4668 γέγραπται,

2134 4689 2343 4751 καὶτὰς
2373 4687 2471 4757 τῆς
2517 4687 2714 4758 σαρκὸς
2763 4686 3046 4750 ἀσθενείας
3095 4686 3545 4757 ὶδιοποιήσασθαι.
3580 4688 3702 4741 Ὅτι

2137 4781 2244 4856 γριρ
2272 4779 2473 4849 ταύτης
2493 4779 2652 4831 ἓνεκα
2678 4777 2777 4846 τῆς
2803 4777 2980 4840 αἰτίας
3007 4776 3066 4829 τὸ
3091 4777 3164 4848 μὴ
3193 4777 3388 4831 εἰδέναι
3414 4778 3597 4848 φησὶν,
3618 4779 3698 4830 ἐνο

2135 4871 2324 4925 τεῦθεν
2349 4869 2626 4940 εἰσόμεθα.
2655 4869 2808 4923 Μετά
2836 4869 2944 4939 γὰρ
2976 4869 3036 4921 τὸ
3072 4870 3135 4921 ἐκ
3155 4869 3361 4939 νεκρῶν
3386 4869 3696 4939 ἀναστῆναι,

2128 4961 2349 5032 ,μέλλων
2381 4977 2439 5012 τε
2478 4960 2576 5030 ἤδη
2612 4958 2798 5012 λοιπὸν
2820 4958 3129 5014 ἀναϐαίνειν
3152 4959 3231 5021 είς
3268 4958 3550 5028 οὐρανοὺς,
3576 4959 3698 5028 ἐρω-

2138 5053 2416 5123 τησάντων
2439 5051 2602 5106 αὑτὸν
2628 5050 2734 5104 τῶν
2778 5050 3056 5121 μαθητῶν,
3102 5051 3230 5103 πότε
3256 5051 3318 5103 τδ
3343 5051 3496 5113 τέλος
3520 5050 3697 5116 ἔσται,

2137 5147 2231 5198 καὶ
2261 5145 2392 5199 πότε
2433 5143 2593 5197 πάλιν
2621 5146 3079 5214 παραγενήσεται,
3119 5141 3446 5212 δριμύτερον
3476 5141 3698 5213 ἀπεκρί-

2134 5255 2262 5290 νατο
2286 5237 2480 5304 λέγων’
2517 5253 2536 5285 ι
2569 5235 2680 5304 Οὐχ
2709 5233 2861 5303 ὑμῶν
2890 5235 3005 5287 ἐστι
3026 5234 3227 5302 γνῶναι
3270 5233 3496 5306 χρόνους
3524 5233 3556 5302 ἦ
3587 5250 3700 5285 και-

2137 5331 2287 5401 ροὺς,
2314 5328 2404 5391 οὒς
2425 5331 2453 5382 6
2485 5329 2672 5399 Πατὴρ
2700 5326 2852 5379 ἔθετο
2880 5327 2938 5378 ἐν
2969 5329 3035 5398 τῇ
3073 5326 3179 5398 ἰδίᾳ
3227 5325 3468 5397 ἐξουσίᾳ.
3501 5345 3519 5377 ι
3565 5325 3698 5378 Ἀλλ’

2133 5422 2289 5492 εἴπερ
2312 5421 2517 5490 ἠγνόει,
2551 5419 2734 5488 σαφῶς
2753 5418 2912 5473 αὑτὸν
2938 5420 3106 5490 ἐχρῆν
3135 5419 3332 5488 λέγειν’
3359 5413 3525 5472 Εἶπον
3550 5420 3692 5488 ὑμῖν,

2133 5516 2232 5568 οὐκ
2253 5510 2391 5568 οἶδα.
2427 5514 2562 5566 Νυνὶ
2584 5513 2639 5566 δὲ
2671 5513 2744 5576 ὡς
2778 5515 2878 5567 οὐκ
2914 5513 3150 5581 εὐλόγως
3196 5513 3514 5583 ἐρωτῶντας
3563 5512 3696 5580 ἐλέγ-

2134 5624 2249 5677 χει,
2307 5606 2401 5658 καὶ
2443 5606 2516 5667 ὡς
2553 5606 2772 5674 μείζονα
2824 5605 2856 5673 ἢ
2912 5605 3033 5657 καθ’
3082 5604 3304 5667 ἑαυτοὺς
3353 5603 3692 5670 ἐξετάζοντας

2130 5766 2173 5798 θ’
2202 5765 2328 5820 ibid.
2371 5763 2564 5830 16,17.

2680 5765 2727 5797 ⁹³
2759 5763 2945 5818 Matth.
2985 5780 3057 5831 χι,
3083 5763 3174 5818 27.
3256 5762 3318 5833 _"
3345 5761 3503 5818 Joau.
3545 5778 3580 5823 t,
3617 5760 3691 5815 li.
