3878 6208
311 388 415 443 577

1719 377 2165 436 TIIESAURUS.

3475 386 3581 445 δ’ἷὸ

309 506 631 579 ἀποτρέπει.
652 505 820 576 Δῆλον
847 500 940 559 οὖν
969 508 1115 558 ἐστιν
1132 504 1213 557 ὅτι
1238 502 1332 556 καὶ
1352 504 1497 567 τότε,
1518 502 1696 556 καίτοι
1717 503 1893 556 πάντα

2006 512 2080 559 est
2126 503 2290 560 etiam
2345 511 2474 559 tunc
2525 504 2727 575 ipsum,
2790 505 3005 562 tametsi
3061 506 3245 562 omnia
3285 520 3470 564 nosset
3520 521 3581 565 ut

308 598 465 661 εἰδὼς
500 598 575 660 ὡς
605 596 757 662 Θεὸς,
783 597 871 650 διὰ
917 596 981 648 τὸ
1030 589 1170 649 εἶναι
1218 596 1317 666 τὴν
1350 595 1552 662 γνῶσιν
1596 595 1736 667 ὑπὲρ
1763 596 1889 657 τοὺς

274 749 279 755 ,
312 690 583 759 μαθητὰς,
607 688 963 759 ἀνθρωπίνως
987 687 1191 756 ἔφασκε
1224 686 1299 758 μὴ
1318 686 1515 740 εἰδέναι
1545 687 1642 757 τὴν
1669 687 1888 758 ἡμέραν

266 764 291 843 ,³
312 780 448 852 μηδὲ
476 782 575 850 τὴν
603 778 748 832 ῶοαν
781 779 1018 850 ἐκείνην.

993 894 1199 948 AAAO.

385 1004 556 1058 Ὅταν
586 1002 907 1075 εὑρίσκηται
938 1004 967 1055 6
1018 1002 1151 1066 Θεὸς
1207 1005 1266 1057 ὲν
1310 1004 1409 1075 μὲν
1453 1003 1531 1075 τῷ
1578 1004 1891 1076 παραδείσῳ

313 1094 487 1162 λέγων
513 1094 647 1165 πρὸς
662 1094 751 1147 τὸν
790 1093 980 1164 Ἀδάμ·
1010 1113 1029 1145 ι
1056 1094 1166 1148 Ποῦ
1188 1090 1268 1160 si;
1309 1114 1326 1146 ι
1364 1096 1499 1166 πρὸς
1521 1096 1578 1149 δὲ
1607 1095 1698 1147 τὸν
1728 1096 1887 1148 Κάῖν⁶

320 1206 338 1235 ι
374 1186 484 1238 Ποῦ
512 1185 725 1247 Ἀϐελὸ
750 1185 978 1254 ἀδελφός
1022 1203 1152 1251 σου;
1190 1205 1209 1238 ι
1248 1186 1301 1239 τί
1348 1188 1456 1258 ἄρα
1486 1188 1579 1240 καὶ
1611 1186 1740 1256 περὶ
1766 1188 1891 1239 τού-

312 1296 407 1329 του
441 1278 609 1346 (pars;
640 1279 736 1330 Ἂν
764 1277 862 1347 μὲν
884 1278 991 1349 γὰρ
1022 1279 1321 1347 ἀγνοοῦντα
1344 1279 1615 1331 ποιεῖσθαι
1639 1281 1737 1349 τὴν
1766 1277 1893 1349 ὲρώ·

312 1386 469 1436 τησιν
524 1368 742 1439 λέγητε,
784 1370 1037 1440 φανερῶς
1087 1370 1498 1442 δυσφημοῦντες
1549 1370 1891 1441 εὑρίσκεσθε.

316 1459 376 1508 Εἰ
406 1459 462 1511 δὲ
488 1458 690 1529 τρόπον
719 1460 1033 1529 οἰκονομίας
1074 1460 1392 1528 είσάγεσθαί
1435 1478 1556 1513 τινα
1597 1460 1684 1513 διὰ
1736 1460 1893 1513 τοῦτο

312 1549 534 1614 δώσετε,
572 1551 647 1619 μὴ
676 1550 973 1617 ξενίζεσθε,
1021 1552 1123 1606 κᾶν
1168 1555 1196 1606 6
1227 1552 1321 1606 τοῦ
1352 1552 1489 1605 Θεοῦ
1512 1553 1704 1621 Λόγος,
1740 1553 1807 1607 δι’
1830 1547 1893 1607 οὗ

315 1640 409 1691 καὶ
428 1638 548 1690 τότε
588 1638 685 1710 τὴν
712 1638 980 1710 ἐρώτησιν
1033 1641 1169 1710 πρός
1200 1659 1259 1695 τε
1303 1642 1475 1712 Ἀδὰμ
1498 1644 1590 1695 καὶ
1638 1644 1733 1697 τὸν
1753 1644 1893 1697 Κάῐν

313 1732 547 1783 ἐποιεῖτο
591 1732 742 1797 Θεὸς,
796 1731 1095 1801 οἰκονομῶν
1139 1750 1193 1785 τι
1248 1735 1519 1805 χρήσιμον
1584 1733 1660 1805 μὴ
1692 1734 1890 1788 εἰδέναι

1992 595 2157 660 Dens,
2201 598 2435 650 humano
2468 605 2645 650 tamen
2677 612 2828 653 more
2857 598 3059 653 dixisse
3085 601 3227 669 quod
3251 598 3395 653 diem
3429 599 3575 654 illum

1990 698 2046 742 et
2073 689 2262 741 horam
2284 688 2586 758 ignoraret,
2623 690 2750 759 quia
2794 690 3185 759 discipulorum
3221 702 3439 761 captum
3464 691 3581 762 ejus

1992 779 2068 832 rei
2101 779 2293 832 notitia
2329 779 2641 848 superabat.

2666 891 2895 947 ALIUD.

2058 1003 2193 1059 Cum
2248 1005 2557 1060 inveniatur
2623 1005 2765 1060 Deus
2843 1006 2895 1059 in
2966 1005 3219 1075 paradiso
3264 1006 3454 1062 dicens
3503 1007 3572 1062 ad

1992 1095 2260 1149 Adamum
2287 1113 2301 1149 :
2339 1114 2357 1147 ι
2394 1097 2496 1153 Ubi
2525 1112 2585 1152 es
2611 1099 2692 1152 "3
2727 1117 2744 1149 ι
2775 1107 2830 1152 et
2856 1099 2923 1151 ad
2956 1098 3089 1152 Cain
3118 1115 3131 1151 :
3172 1117 3189 1149 ι
3236 1097 3460 1153 Ubinam
3491 1108 3575 1153 est

1992 1188 2127 1243 Abel
2156 1188 2320 1243 frater
2348 1190 2573 1245 tuus"?
2607 1210 2625 1240 ι
2654 1190 2783 1257 quid
2822 1190 2923 1243 hac
2954 1188 3021 1243 de
3053 1204 3108 1243 re
3134 1192 3371 1244 statuitis
3394 1190 3417 1243 ?
3440 1190 3571 1245 Nam

1994 1279 2038 1331 si
2078 1280 2239 1332 Deum
2268 1280 2608 1349 ignorantem
2632 1282 2733 1335 hoc
2757 1281 3127 1348 interrogasse
3154 1282 3368 1345 dicatis,
3402 1282 3575 1337 mani-

1995 1372 2187 1423 festam
2220 1371 2609 1440 blasphemiam
2636 1373 2806 1443 223
2830 1373 3136 1427 incurretis.
3184 1372 3237 1428 Si
3260 1385 3437 1430 autem
3462 1376 3575 1430 sin-

1993 1464 2163 1533 gulari
2200 1466 2429 1520 consilio
2469 1466 2569 1523 hoc
2618 1470 2688 1521 ita
2721 1467 3166 1521 mlminislratum
3199 1468 3439 1523 fatemini
3469 1488 3481 1524 :
3508 1485 3576 1524 ne

1996 1556 2146 1609 vobis
2189 1556 2431 1610 insolens
2454 1573 2518 1612 ac
2560 1558 2755 1610 mirum
2793 1558 3079 1622 videatur,
3106 1559 3148 1613 si
3193 1558 3428 1613 Verbum
3455 1559 3572 1623 Dei,

1996 1661 2091 1713 per
2115 1662 2273 1716 quem
2317 1648 2480 1702 etiam
2512 1659 2645 1701 tunc
2685 1648 3044 1715 interrogatio
3078 1651 3167 1703 Dei
3214 1650 3279 1704 ad
3309 1651 3573 1706 Adamum

1996 1746 2046 1791 et
2076 1736 2206 1791 Cain
2244 1736 2388 1791 facta
2423 1749 2531 1801 cst,
2566 1741 2707 1793 bono
2746 1739 2973 1807 ulilique
3021 1740 3251 1795 consilio
3282 1741 3483 1796 dixerit
3516 1758 3576 1796 se

311 1823 443 1893 λέγῃ
472 1824 572 1894 τὴν
606 1824 820 1896 ἡμέραν
843 1826 919 1887 ὡς
958 1824 1264 1897 ἄνθρωπος,
1317 1827 1492 1880 καίτοι
1527 1828 1704 1881 πάντα
1739 1827 1893 1892 εἰδὼς

2006 1829 2212 1883 nescire
2274 1830 2423 1882 illum
2482 1831 2623 1883 diem
2669 1843 2725 1884 ut
2761 1831 2946 1897 homo,
2971 1833 3182 1887 tametsi
3219 1834 3401 1887 omnia
3434 1834 3577 1889 norit

310 1915 386 1979 ῶς
416 1917 578 1985 σοφία
602 1917 695 1969 τοῦ
725 1918 957 1987 Πατρός.

310 2030 515 2103 ΑιΧᾼΟ,
546 2028 619 2103 δι’
656 2026 727 2103 οὗ
755 2030 1062 2085 δείκνυται
1108 2032 1318 2100 σαφῶς
1356 2032 1741 2103 οἰκονομικῶς
1769 2033 1899 2089 ἔσθ’

399 2099 497 2153 ὅτε
519 2100 631 2169 τὴν
654 2100 903 2169 ἄγνοιαν
947 2099 1453 2172 σχηματιζόμενος
1503 2108 1535 2159 ό
1553 2099 1566 2103 ⁷
1582 2104 1804 2173 Σωτήρ.

382 2213 512 2266 Ὅτε
540 2216 682 2267 κατά
705 2215 805 2285 τὴν
834 2215 1039 2286 ἔρημον
1067 2219 1095 2269 6
1145 2218 1333 2287 Σωτὴρ
1384 2218 1718 2288 ἀποτρέψειν
1746 2217 1899 2272 €606-

309 2306 430 2359 λετο
452 2307 579 2370 τοὺς
605 2307 1075 2379 ἀκολουθήσαντας
1100 2310 1268 2381 αὐτῷ,
1285 2310 1433 2378 λέγει
1454 2310 1590 2381 πρὸς
1610 2311 1893 2363 Φίλιππον·

315 2417 334 2449 ι
349 2398 554 2461 Πόσους
568 2397 768 2468 ἄρτους
786 2400 939 2471 ἔχετε
963 2418 1011 2467 ;ι
1040 2404 1134 2455 καὶ
1155 2402 1271 2456 ἔστι
1303 2403 1403 2473 μὲν
1420 2402 1495 2465 ὡς
1516 2402 1837 2470 ἀγνοοῦντος
1859 2404 1891 2472 ἠ

308 2489 604 2560 ἐρώτησις.
661 2491 1115 2563 Διαμαρτύρεται
1162 2492 1220 2545 δὲ
1271 2494 1619 2564 παραχρῆμα
1672 2493 1896 2562 λέγωνό

307 2584 700 2654 εὐαγγελιστής
724 2601 739 2615 ·
770 2604 789 2636 ι
824 2585 993 2638 Τοῦτο
1012 2584 1068 2638 δὲ
1090 2585 1246 2653 ἔλεγε
1277 2584 1557 2654 πειράζων
1589 2586 1680 2640 τὸν
1708 2585 1894 2639 Φίλιπ-

310 2689 430 2727 πον·
463 2674 627 2737 αὐτὸς
656 2675 764 2746 γάρ
806 2675 924 2747 ᾔδει
971 2676 1025 2729 τί
1076 2676 1272 2747 ἔμελλε
1317 2679 1511 2730 ποιεῖν.
1556 2696 1575 2727 ι
1622 2678 1685 2730 Ei
1713 2678 1893 2732 τοίνυν

307 2768 445 2837 ὅπερ
473 2767 665 2837 ἔμελλε
701 2771 876 2821 ποιεῖν
900 2771 1281 2838 ἐπιστάμενος,
1330 2769 1406 2833 ὼς
1450 2768 1662 2837 ἀγνοῶν
1682 2771 1890 2841 ἐρωτᾷ,

306 2858 361 2914 τί
388 2859 586 2914 κωλύει
614 2862 708 2914 καὶ
731 2860 827 2914 νῦν
845 2861 1116 2933 χρησίμου
1176 2862 1319 2925 τινὸς
1374 2861 1539 2915 ἕνεκα
1586 2865 1893 2933 συγχωρεῖν

307 2953 474 3024 αὐτῷ,
505 2952 580 3023 μὴ
618 2954 814 3007 εἰδέναι
844 2953 1023 3022 λέγειν
1054 2954 1153 3025 τὴν
1176 2954 1389 3025 ἡμέραν
1442 2957 1538 3008 καὶ
1574 2956 1673 3026 τὴν
1700 2955 1889 3026 ὦραν;

308 3044 419 3097 Καὶ
449 3046 509 3097 οὐ
540 3044 866 3114 ψευδόμενος
903 3045 1059 3099 τοῦτό
1109 3063 1293 3117 φησιν·
1342 3047 1497 3110 εἰδὼς
1523 3047 1631 3118 γὰρ
1658 3046 1732 3110 ὡς
1758 3046 1890 3109 Θεὸς

307 3137 504 3205 Λόγος,
558 3137 799 3192 δυναται
831 3139 907 3201 ὡς
963 3138 1250 3209 ἄνθρωπος
1304 3141 1556 3209 ἀγνοεῖν,
1613 3140 1699 3193 ἵνα
1750 3139 1891 3193 κατά

307 3231 486 3285 πάντα
511 3234 621 3295 τοῖς
650 3232 896 3301 ἀδελφοῖς
925 3232 1188 3305 ὀμοιωθῇ,
1240 3234 1382 3288 κατὰ
1422 3235 1520 3305 τὴν
1551 3233 1646 3288 τοῦ
1676 3234 1892 3288 Παύλου

308 3324 514 3392 φωνήν.

312 3435 441 3508 Ἔτι
463 3435 550 3508 είς
578 3434 665 3497 τὸ,
703 3434 898 3508 ι-Περί
1035 3434 1141 3504 τῆς
1191 3435 1416 3505 ἡμέρας
1453 3440 1548 3492 καὶ
1592 3440 1704 3508 τῆς
1740 3438 1897 3507 ὥρας

382 3504 620 3577 ἐκείξλης
653 3503 853 3577 οὐδεὶς
906 3503 1098 3569 οἶδεν,
1142 3503 1281 3577 οὔτε
1303 3503 1359 3561 ὀἱ
1386 3503 1627 3577 ἄγγελοι
1653 3503 1894 3563 τῶνοὺὲ

370 3573 597 3642 partim,
625 3575 761 3628 οὔτε
790 3578 822 3628 ὀ
848 3577 997 3643 Υἱὸς,
1023 3579 1074 3630 εί
1094 3576 1180 3645 μὴ
1213 3579 1245 3630 ὁ
1272 3573 1481 3648 Πατὴρ⁷
1506 3582 1715 3649 μόνος.
1763 3599 1778 3631 ι

591 3692 887 3759 Πρότασις
912 3691 992 3757 ὡς
1016 3692 1084 3744 ἐκ
1126 3691 1246 3745 τῶν
1278 3694 1610 3762 αἰρετικῶν.

380 3802 586 3867 Πάντα,
617 3804 801 3870 φασιν,
833 3800 973 3858 οἶδεν
1004 3806 1032 3858 6
1056 3806 1271 3877 Πατὴρ,
1296 3807 1357 3859 οὐ
1392 3808 1567 3861 πάντα
1587 3807 1644 3860 δὲ
1664 3808 1693 3859 6
1728 3809 1856 3872 Υἱὸς
1880 3852 1895 3877 ,

315 3897 454 3947 κατὰ
486 3894 583 3964 τὴν
616 3896 781 3948 αὐτοῦ
838 3898 1047 3966 φωνήν·
1109 3898 1281 3971 ταύτῃ
1324 3896 1433 3968 γὰρ
1493 3899 1731 3969 μάλιστα
1761 3901 1895 3971 πρὸς

312 3986 587 4050 ἀπόδειξιν
608 3987 843 4058 χρῆσθαι
875 3987 1057 4041 καλόν.
1113 3990 1175 4042 Εἰ
1209 3990 1387 4042 τοίνυν
1440 3985 1547 4043 οἶδε
1585 3990 1683 4059 μὲν
1723 3991 1751 4041 ὁ
1786 3992 1895 4043 [Ια-

313 4076 418 4146 τὴρ
442 4075 542 4145 τὴν
604 4076 750 4146 ὥραν
798 4076 1032 4148 ἐκείνην,
1064 4078 1250 4146 ἀγνοεῖ
1275 4078 1330 4131 δὲ
1372 4080 1400 4131 6
1435 4080 1580 4143 Υίὸς,
1635 4079 1753 4143 πῶς
1797 4080 1897 4149 τῆς

314 4170 485 4239 αὐτῆς
542 4170 693 4223 ἔσται
736 4170 949 4240 φύσεως
1000 4170 1077 4242 τῷ
1140 4172 1315 4226 πάντα
1371 4173 1533 4226 εἰδότι
1565 4175 1595 4227 6
1643 4173 1718 4243 μὴ
1775 4191 1894 4225 τοι-

313 4278 497 4325 ουτος;

803 4375 959 4442 Πρὸς
993 4376 1169 4430 τοῦτο
1213 4378 1413 4445 λύσις.

389 4490 452 4543 Ei
481 4491 555 4562 μὴ
592 4491 769 4544 πάντα
793 4486 933 4544 οἶδεν
971 4493 1000 4547 ὁ
1039 4492 1187 4558 Υἱὸς,
1239 4493 1361 4546 καθ’
1400 4495 1566 4564 ὑμᾶς,
1597 4489 1644 4548 ὧ
1677 4513 1894 4565 χριστο-

2005 1931 2061 1974 ιιι
2085 1922 2345 1991 sapientia
2381 1922 2585 1976 Patris.

2004 2033 2230 2098 ALIUD,
2256 2053 2358 2109 quo
2412 2038 2704 2090 ostenditur
2757 2038 3007 2093 Sen-ator
3039 2041 3301 2109 singulari
3353 2042 3575 2096 consilio

2247 2108 2511 2160 interdum
2535 2109 2889 2175 ignorantiam
2916 2127 3022 2176 prie
3044 2128 3096 2164 se
3124 2108 3326 2164 tulisse.

2072 2214 2208 2271 Cum
2260 2214 2517 2271 Servatur
2571 2219 2620 2271 in
2656 2219 2873 2273 deserto
2909 2220 3094 2274 turbas
3131 2221 3304 2289 ipsum
3359 2233 3576 2275 set-ntus

1999 2322 2221 2378 pascere
2237 2308 2420 2371 vellet,
2445 2320 2597 2379 rogat
2624 2310 2932 2380 Philippum
2968 2330 2979 2364 :
3010 2331 3028 2363 ι
3052 2312 3194 2378 Quot
3221 2328 3388 2381 panes
3411 2314 3577 2368 habe-

2001 2396 2113 2452 tis?
2148 2417 2166 2449 ι
2192 2413 2311 2468 qua:
2350 2399 2572 2467 quidem
2613 2411 2696 2456 est
2742 2401 3102 2469 interrogatio
3153 2404 3473 2471 ignorantis.
3512 2406 3578 2458 At

1994 2489 2327 2559 evangelista
2393 2492 2575 2545 statim
2625 2493 2859 2560 adjicit:
2917 2512 2934 2545 ι
2985 2494 3098 2549 lloc
3140 2494 3315 2561 dixit,
3366 2505 3577 2550 tentans

1999 2578 2336 2649 Philippum;
2359 2581 2569 2635 sciebat
2590 2584 2732 2637 enim
2759 2584 2873 2652 ipse
2889 2585 3015 2653 quid
3043 2584 3286 2641 facturus
3310 2594 3453 2640 esset
3471 2587 3571 2641 ".i

1998 2668 2058 2725 Si
2105 2685 2233 2741 ergo
2273 2673 2454 2729 sciens
2500 2675 2630 2743 quid
2678 2674 2919 2730 facturus
2964 2688 3130 2742 esset,
3176 2677 3477 2745 interrogat
3521 2690 3578 2733 ut

1996 2764 2295 2833 ignorans:
2322 2767 2448 2834 quid
2487 2767 2713 2835 impedit
2748 2769 3041 2836 quominus
3082 2770 3248 2824 etiam
3291 2787 3433 2826 nunc
3468 2773 3576 2826 uti-

1996 2854 2165 2911 litatis
2194 2856 2422 2925 alicujus
2453 2875 2615 2913 cansa
2650 2876 2761 2929 pra:
2792 2875 2849 2914 se
2880 2862 3017 2916 ferat
3037 2876 3093 2916 se
3123 2864 3332 2917 nescire
3357 2864 3497 2919 diem
3524 2874 3579 2918 et

1997 2949 2207 3003 horam.
2258 2949 2444 3020 Neque
2504 2953 2647 3007 enim
2698 2952 2831 3009 false
2859 2953 2961 3008 hoc
2998 2954 3171 3008 dicit:
3210 2955 3389 3009 sciens
3409 2957 3575 3019 enim,

1995 3048 2054 3093 ut
2098 3039 2241 3096 Deus
2270 3040 2531 3107 Verbum,
2567 3054 2744 3113 potest
2786 3056 2845 3099 ιιι
2886 3045 3049 3101 homo
3081 3047 3362 3115 ignorare,
3391 3058 3449 3101 ut
3481 3063 3578 3113 per

1996 3134 2178 3187 omnia
2216 3133 2477 3191 fratribus
2511 3136 2604 3191 fiat
2634 3138 2849 3202 similis,
2884 3147 2941 3193 ut
2972 3139 3173 3195 Paulus
3204 3139 3441 3210 loquitur
3470 3140 3536 3193 °’.

1997 3435 2179 3489 Adhuc
2217 3435 2269 3487 in
2302 3436 2479 3489 idem:
2516 3458 2534 3487 ι
2572 3436 2647 3489 De
2677 3438 2761 3491 die
2806 3438 2900 3490 illa
2952 3448 3000 3492 et
3035 3438 3166 3490 liora
3214 3453 3362 3490 nemo
3396 3437 3577 3499 novit;

2069 3522 2228 3626 nlfque
2293 3507 2464 3575 angeli
2515 3512 2783 3571 cwlorum,
2833 3525 2995 3576 neque
3047 3507 3247 3575 Filius,
3296 3509 3385 3561 scd
3435 3508 3578 3562 solus

2122 3586 2255 3626 ater.
2294 3594 2311 3624 ι

2122 3586 2255 3629 ater.
2294 3594 2311 3624 ι

2456 3689 2691 3758 Objectio
2722 3690 3112 3744 Itwreticorum.

2069 3801 2285 3866 Omnia,
2340 3803 2611 3872 inquiunt,
2668 3805 2817 3858 novit
2858 3803 3042 3871 Pater,
3096 3804 3191 3860 sed
3245 3819 3349 3858 non
3392 3804 3576 3859 omnia

2000 3892 2186 3955 Filius,
2244 3904 2302 3949 ut
2360 3896 2591 3965 ipsemet
2638 3899 2749 3951 ait:
2811 3912 2934 3951 nam
2986 3898 3157 3967 ipsius
3209 3896 3581 3951 testimonium

1997 3986 2259 4054 optimum
2291 3987 2470 4040 estad
2518 3988 2620 4041 hoc
2664 3988 3165 4042 demonstrandum.
3200 3987 3256 4040 Si
3293 4002 3421 4056 ergo
3474 3984 3576 4039 Pa-

1999 4088 2083 4130 ter
2110 4079 2262 4133 novit
2309 4078 2454 4132 illam
2484 4082 2697 4145 horam,
2732 4080 2947 4149 ignorat
2982 4089 3162 4134 autem
3207 4078 3395 4143 Filius,
3430 4093 3569 4147 quo-

2006 4169 2166 4221 modo
2192 4171 2297 4222 erit
2331 4170 2571 4239 ejusdem
2608 4182 2819 4225 naturae
2849 4186 2970 4226 cum
3008 4185 3075 4226 eo
3106 4171 3201 4241 qui
3246 4170 3428 4225 omnia
3476 4184 3574 4224 no-

1998 4260 2093 4321 vit,
2127 4261 2171 4315 is
2202 4262 2289 4329 qui
2322 4263 2526 4333 aliquid
2557 4262 2807 4331 ignorat?

2498 4372 2705 4428 Salutio
2749 4372 3078 4441 objectionis.

2075 4487 2154 4551 Si,
2202 4488 2353 4557 juxta
2412 4497 2671 4551 vestram,
2732 4488 2915 4542 hostes
2962 4486 3189 4553 Christi,
3239 4487 3583 4558 Opinionem,

320 4584 508 4655 μάχοι,
534 4583 826 4652 ψεύδεσθαι
855 4584 1033 4648 λέγειν
1092 4584 1307 4657 ἀνάγκη
1353 4587 1452 4650 τὰς
1478 4586 1629 4651 θείας
1652 4588 1893 4659 Γραφάς,

2006 4580 2171 4633 Filius
2215 4595 2321 4632 non
2372 4578 2553 4632 omnia
2605 4578 2794 4646 novit,
2836 4593 3060 4633 necesse
3117 4588 3198 4633 est
3254 4588 3313 4634 ιιι
3364 4595 3583 4635 sacram

317 4675 536 4731 καὶτῶν
560 4676 729 4745 ἁγίων
787 4676 1293 4747 καταθρασύνεσθαι
1352 4680 1617 4747 λεγόντων
1647 4682 1775 4753 περὶ
1805 4683 1900 4735 αὐ-

317 4766 432 4819 τοῦ’
471 4765 593 4818 ι.’0
637 4765 794 4831 εἰδὼς
815 4767 882 4821 τὰ
907 4767 1088 4822 πάντα
1140 4769 1270 4839 πρὶν
1324 4772 1587 4837 γενέσεως
1640 4773 1838 4826 αὐτῶν.
1870 4792 1890 4825 2

318 4858 429 4913 Καὶ
455 4858 563 4930 γὰρ
590 4860 647 4911 ἐν
697 4862 811 4923 τοῖς
867 4859 1058 4915 πᾶσιν
1080 4862 1197 4913 ἐστὶ
1229 4863 1318 4915 καὶ
1349 4864 1381 4933 ἡ
1440 4864 1537 4934 τῆς
1586 4864 1895 4928 συντελείας

316 4951 519 5023 ἡμέρα’
552 4951 701 5006 οὐδὲν
726 4952 834 5024 γὰρ
872 4952 977 5019 ἔξω
1018 4954 1233 5007 κεῖσθαι.
1266 4953 1328 5007 τὸ
1354 4956 1552 5008 πάντα
1597 4960 1893 5027 συγχωρεῖ.

318 5044 381 5096 Εἰ
402 5042 458 5095 δὲ
483 5042 686 5115 ταύτην
716 5044 901 5111 ἀγνοεῖ
922 5047 949 5099 6
970 5045 1120 5108 Υἱὸς,
1140 5045 1254 5109 πῶς
1275 5042 1381 5099 οἶδε
1403 5048 1472 5100 τά
1494 5046 1668 5100 πάντα
1691 5065 1705 5113 ;
1738 5048 1895 5101 Ἀλλὰ

317 5134 400 5186 δεῖ
421 5134 634 5199 πάντως
652 5135 751 5199 τὰς
783 5137 893 5189 τῶν
924 5138 1095 5206 ἁγίων
1134 5138 1354 5207 ἀληθεῖς
1385 5133 1523 5191 εἶναι
1548 5138 1749 5207 φωνάς.
1788 5142 1899 5193 Καὶ

317 5219 426 5277 οἶδε
457 5224 527 5278 τὰ
552 5226 729 5279 πάντα
755 5228 784 5279 6
816 5228 961 5291 Υἱός.
997 5229 1059 5281 Εἰ
1080 5228 1124 5282 δ’
1152 5230 1209 5281 ὲν
1233 5232 1345 5292 τοῖς
1369 5231 1533 5283 πᾶσιν
1562 5230 1773 5300 ἀνάγκη
1801 5234 1899 5286 καὶ

319 5316 381 5368 τὸ
424 5316 575 5381 τέλος
613 5322 775 5382 νοεῖν,
819 5319 1046 5388 μάταιον
1094 5321 1250 5391 ἡμῶν
1295 5322 1666 5392 ἀναπέφανται
1718 5325 1780 5377 τὸ
1810 5326 1897 5378 σό-

321 5424 519 5478 φισμα.
559 5412 844 5480 Οἰκονομεῖ
863 5412 969 5483 γάρ
1001 5430 1080 5465 τοι
1114 5414 1369 5483 Χριστὸς,
1400 5415 1474 5486 μὴ
1504 5416 1703 5470 εἰδέναι
1725 5417 1899 5485 λέγων

320 5497 420 5569 τὴν
450 5497 598 5571 ῶραν
628 5503 861 5573 ἐκείνην,
891 5503 982 5555 καὶ
1013 5504 1113 5557 οὐκ
1140 5504 1355 5577 ἀληθῶς
1379 5509 1579 5575 ἀγνοεῖ.

404 5825 445 5853 ⁹ί
486 5824 621 5882 Gen.
655 5842 731 5893 ιιι,
760 5828 807 5881 ﬂ.
889 5829 1085 5883 “Gen.
1131 5845 1200 5893 tv,
1244 5833 1293 5884 9.

1376 5832 1415 5864 ’3
1452 5832 1618 5889 Marc.
1658 5853 1726 5901 ιἰ,
1763 5839 2021 5899 38;.lnan
2068 5856 2138 5903 Vt,
2175 5840 2227 5902 ῗίι
2261 5838 2307 5889 δ’

2005 4672 2342 4740 Scripturam
2382 4670 2598 4725 mentiri
2640 4670 2884 4725 dicamus
2911 4710 2927 4736 ,
2984 4673 3297 4743 sanctisque
3337 4672 3579 4744 refrage-

2004 4780 2126 4818 nmr
2163 4763 2506 4818 dicentibus:
2545 4782 2563 4815 ι
2603 4764 2703 4830 Qui
2752 4764 2901 4817 novit
2949 4765 3132 4818 omnia
3186 4774 3313 4820 ante
3346 4780 3580 4835 genera-

2000 4858 2200 4910 tionem
2250 4856 2491 4925 ipsorum
2534 4856 2572 4907 ‘.
2614 4874 2631 4906 ›
2670 4854 2899 4910 Nomine
2946 4856 3089 4909 enim
3124 4858 3382 4921 omnium,
3408 4858 3583 4911 etiam

2000 4948 2115 5001 dies
2147 4946 2630 5003 consummationis
2676 4947 3027 5001 continetur:
3079 4962 3206 5001 nam
3255 4963 3377 5002 cum
3431 4948 3572 5001 dici-

2005 5055 2120 5092 mus
2155 5041 2367 5101 omnia,
2404 5038 2535 5091 nihil
2576 5039 2935 5093 excludimus.
2988 5038 3043 5093 Si
3083 5054 3214 5095 vero
3252 5040 3395 5094 diem
3437 5041 3579 5095 hanc

2002 5132 2215 5199 ignorat
2274 5131 2465 5195 Filius,
2516 5132 2785 5201 quoutodo
2834 5132 2985 5187 novit
3033 5132 3265 5186 omnia?
3303 5132 3575 5187 Cancrum

2004 5237 2223 5278 necesse
2245 5224 2464 5279 omnino
2499 5235 2557 5278 ut
2586 5224 2762 5278 sancti
2810 5240 2938 5279 vera
2975 5224 3448 5294 prazdicarintuEt
3483 5224 3575 5279 Fi-

2002 5315 2103 5369 lius
2134 5316 2315 5369 omnia
2367 5316 2535 5369 novit.
2587 5315 2642 5369 Si
2677 5331 2806 5370 vero
2838 5315 2891 5368 in
2929 5316 3184 5370 omnibus
3226 5331 3447 5371 necesse
3493 5325 3578 5371 est

2001 5407 2163 5460 ctiam
2192 5408 2350 5460 tinem
2383 5408 2765 5475 comprehendi
2790 5424 2803 5460 :
2833 5423 3028 5462 vanum
3059 5417 3205 5462 certe
3226 5417 3311 5463 est
3334 5417 3579 5464 vestrum

2002 5508 2383 5552 commentum.
2438 5499 2689 5554 Christus
2718 5500 2861 5553 enim
2897 5499 3158 5568 singulari
3212 5500 3441 5556 consilio
3475 5498 3576 5554 hoc

2001 5590 2149 5655 facit,
2180 5591 2322 5657 quod
2352 5605 2410 5644 se
2454 5591 2641 5645 horam
2677 5592 2822 5646 illaut
2870 5594 3077 5647 nescire
3112 5593 3264 5659 dicit,
3332 5606 3459 5647 vere
3496 5602 3575 5645 ta-

1999 5698 2118 5736 ntcn
2154 5697 2254 5737 non
2292 5682 2523 5752 ignorat.

2393 5839 2433 5869 '-'“
2467 5836 2623 5892 llchr.
2665 5853 2723 5901 ιι,
2761 5838 2838 5891 Π.
2925 5841 2937 5871 ¹
2972 5838 3107 5895 Dan.
3149 5854 3266 5905 χιιι,
3301 5838 3388 5893 4‘3.
