  <div class='ocr_page' id='page_1' title='image "/cluster/home/n/w/nwhite01/storage/ocr_20150623/75/nnc1.0046980121/212.png"; bbox 0 0 3878 6208; ppageno 0'>
   <div class='ocr_carea' id='block_1_1' title="bbox 276 243 385 300">
    <p class='ocr_par' dir='ltr' id='par_1_1' title="bbox 276 243 385 300">
     <span class='ocr_line' id='line_1_1' title="bbox 276 243 385 300; baseline -0.028 0"><span class='ocrx_word' id='word_1_1' title='bbox 276 243 385 300; x_wconf 80' lang='grc'><strong>585</strong></span> 
     </span>
    </p>
   </div>
   <div class='ocr_carea' id='block_1_2' title="bbox 1715 234 2162 292">
    <p class='ocr_par' dir='ltr' id='par_1_2' title="bbox 1715 234 2162 292">
     <span class='ocr_line' id='line_1_2' title="bbox 1715 234 2162 292; baseline 0.002 -1"><span class='ocrx_word' id='word_1_2' title='bbox 1715 234 2162 292; x_wconf 78' lang='lat' dir='ltr'><strong>THESAUBUS.</strong></span> 
     </span>
    </p>
   </div>
   <div class='ocr_carea' id='block_1_3' title="bbox 3430 235 3538 293">
    <p class='ocr_par' dir='ltr' id='par_1_3' title="bbox 3430 235 3538 293">
     <span class='ocr_line' id='line_1_3' title="bbox 3430 235 3538 293; baseline -0.019 0"><span class='ocrx_word' id='word_1_3' title='bbox 3430 235 3538 293; x_wconf 75' lang='lat'><strong>380</strong></span> 
     </span>
    </p>
   </div>
   <div class='ocr_carea' id='block_1_4' title="bbox 278 352 1863 428">
    <p class='ocr_par' dir='ltr' id='par_1_4' title="bbox 278 356 1858 428">
     <span class='ocr_line' id='line_1_4' title="bbox 278 356 1858 428; baseline -0.002 -14"><span class='ocrx_word' id='word_1_4' title='bbox 278 362 358 424; x_wconf 79' lang='grc' dir='ltr'><strong>εἰς</strong></span> <span class='ocrx_word' id='word_1_5' title='bbox 389 356 660 428; x_wconf 75' lang='grc' dir='ltr'>τοσαύτην</span> <span class='ocrx_word' id='word_1_6' title='bbox 685 356 876 409; x_wconf 75' lang='grc' dir='ltr'>ἑαυτὸν</span> <span class='ocrx_word' id='word_1_7' title='bbox 910 357 1238 410; x_wconf 77' lang='grc' dir='ltr'>ταπείνωσιν</span> <span class='ocrx_word' id='word_1_8' title='bbox 1273 374 1625 427; x_wconf 76' lang='grc' dir='ltr'>καταγαγων,</span> <span class='ocrx_word' id='word_1_9' title='bbox 1662 359 1760 411; x_wconf 80' lang='grc' dir='ltr'><strong>οὐκ</strong></span> <span class='ocrx_word' id='word_1_10' title='bbox 1792 357 1858 411; x_wconf 86' lang='grc' dir='ltr'>ἂν</span> 
     </span>
    </p>
   </div>
   <div class='ocr_carea' id='block_1_5' title="bbox 1971 352 3539 428">
    <p class='ocr_par' dir='ltr' id='par_1_5' title="bbox 1971 352 3539 423">
     <span class='ocr_line' id='line_1_5' title="bbox 1971 352 3539 423; baseline 0.003 -14"><span class='ocrx_word' id='word_1_11' title='bbox 1971 355 2275 419; x_wconf 81' lang='lat' dir='ltr'><strong>recusavit,</strong></span> <span class='ocrx_word' id='word_1_12' title='bbox 2305 354 2400 409; x_wconf 86' lang='lat' dir='ltr'><strong>sed</strong></span> <span class='ocrx_word' id='word_1_13' title='bbox 2451 353 2503 408; x_wconf 93' lang='lat' dir='ltr'><strong>in</strong></span> <span class='ocrx_word' id='word_1_14' title='bbox 2530 362 2733 408; x_wconf 88' lang='lat' dir='ltr'><strong>tantam</strong></span> <span class='ocrx_word' id='word_1_15' title='bbox 2764 352 3124 409; x_wconf 74' lang='lat' dir='ltr'><strong>humilitatem</strong></span> <span class='ocrx_word' id='word_1_16' title='bbox 3163 367 3224 409; x_wconf 90' lang='lat' dir='ltr'><strong>se</strong></span> <span class='ocrx_word' id='word_1_17' title='bbox 3272 354 3539 423; x_wconf 84' lang='lat' dir='ltr'><strong>demisit,</strong></span> 
     </span>
    </p>
   </div>
   <div class='ocr_carea' id='block_1_6' title="bbox 277 448 1854 522">
    <p class='ocr_par' dir='ltr' id='par_1_6' title="bbox 277 448 1854 522">
     <span class='ocr_line' id='line_1_6' title="bbox 277 448 1854 522; baseline -0.001 -18"><span class='ocrx_word' id='word_1_18' title='bbox 277 453 450 520; x_wconf 72' lang='grc' dir='ltr'>ἔφυγε</span> <span class='ocrx_word' id='word_1_19' title='bbox 493 449 555 503; x_wconf 82' lang='grc' dir='ltr'>τὸ</span> <span class='ocrx_word' id='word_1_20' title='bbox 596 452 657 503; x_wconf 81' lang='grc' dir='ltr'><strong>ἐν</strong></span> <span class='ocrx_word' id='word_1_21' title='bbox 693 449 873 517; x_wconf 86' lang='grc' dir='ltr'>λόγοις</span> <span class='ocrx_word' id='word_1_22' title='bbox 917 448 1113 501; x_wconf 82' lang='grc' dir='ltr'>ἑαυτοῦ</span> <span class='ocrx_word' id='word_1_23' title='bbox 1144 450 1429 518; x_wconf 78' lang='grc' dir='ltr'>φαίνεσθαι</span> <span class='ocrx_word' id='word_1_24' title='bbox 1471 448 1854 522; x_wconf 84' lang='grc' dir='ltr'>μετριώτερος.</span> 
     </span>
    </p>
   </div>
   <div class='ocr_carea' id='block_1_7' title="bbox 274 528 1858 614">
    <p class='ocr_par' dir='ltr' id='par_1_7' title="bbox 274 528 1858 614">
     <span class='ocr_line' id='line_1_7' title="bbox 274 528 1858 614; baseline 0 -19"><span class='ocrx_word' id='word_1_25' title='bbox 274 528 342 596; x_wconf 56' lang='grc' dir='ltr'><strong>Ἐἰ</strong></span> <span class='ocrx_word' id='word_1_26' title='bbox 396 543 494 613; x_wconf 87' lang='grc' dir='ltr'>μὲν</span> <span class='ocrx_word' id='word_1_27' title='bbox 542 537 635 595; x_wconf 76' lang='grc' dir='ltr'>οὖν</span> <span class='ocrx_word' id='word_1_28' title='bbox 684 541 745 593; x_wconf 80' lang='grc' dir='ltr'><strong>οὐ</strong></span> <span class='ocrx_word' id='word_1_29' title='bbox 799 540 1022 609; x_wconf 86' lang='grc' dir='ltr'>γέγονεν</span> <span class='ocrx_word' id='word_1_30' title='bbox 1055 540 1361 611; x_wconf 85' lang='grc' dir='ltr'>ἄνθρωπος,</span> <span class='ocrx_word' id='word_1_31' title='bbox 1406 542 1858 614; x_wconf 82' lang='grc' dir='ltr'>περιαπτέτωσάν</span> 
     </span>
    </p>
   </div>
   <div class='ocr_carea' id='block_1_8' title="bbox 277 630 1857 702">
    <p class='ocr_par' dir='ltr' id='par_1_8' title="bbox 277 630 1857 702">
     <span class='ocr_line' id='line_1_8' title="bbox 277 630 1857 702; baseline -0.002 -17"><span class='ocrx_word' id='word_1_32' title='bbox 277 651 424 697; x_wconf 84' lang='grc' dir='ltr'>τινες</span> <span class='ocrx_word' id='word_1_33' title='bbox 461 632 540 702; x_wconf 80' lang='grc' dir='ltr'>τῷ</span> <span class='ocrx_word' id='word_1_34' title='bbox 585 632 744 700; x_wconf 85' lang='grc' dir='ltr'><strong>Λόγῳ</strong></span> <span class='ocrx_word' id='word_1_35' title='bbox 771 631 842 684; x_wconf 83' lang='grc' dir='ltr'>τὰ</span> <span class='ocrx_word' id='word_1_36' title='bbox 881 630 1113 684; x_wconf 84' lang='grc' dir='ltr'>ταπεινὰ</span> <span class='ocrx_word' id='word_1_37' title='bbox 1142 634 1384 702; x_wconf 75' lang='grc' dir='ltr'>ῥήματα,</span> <span class='ocrx_word' id='word_1_38' title='bbox 1420 633 1514 685; x_wconf 79' lang='grc' dir='ltr'><strong>καὶ</strong></span> <span class='ocrx_word' id='word_1_39' title='bbox 1550 632 1857 699; x_wconf 79' lang='grc' dir='ltr'>λεγέτωσαν</span> 
     </span>
    </p>
   </div>
   <div class='ocr_carea' id='block_1_9' title="bbox 279 722 1857 795">
    <p class='ocr_par' dir='ltr' id='par_1_9' title="bbox 279 722 1857 795">
     <span class='ocr_line' id='line_1_9' title="bbox 279 722 1857 795; baseline -0.003 -16"><span class='ocrx_word' id='word_1_40' title='bbox 279 726 443 780; x_wconf 71' lang='grc' dir='ltr'>αὐτὸν</span> <span class='ocrx_word' id='word_1_41' title='bbox 475 725 571 777; x_wconf 69' lang='grc' dir='ltr'><strong>καὶ</strong></span> <span class='ocrx_word' id='word_1_42' title='bbox 598 725 814 791; x_wconf 84' lang='grc' dir='ltr'><strong>ἀγνοεῖν</strong></span> <span class='ocrx_word' id='word_1_43' title='bbox 844 725 939 777; x_wconf 77' lang='grc' dir='ltr'><strong>καὶ</strong></span> <span class='ocrx_word' id='word_1_44' title='bbox 977 722 1137 794; x_wconf 80' lang='grc' dir='ltr'><strong>δόξης</strong></span> <span class='ocrx_word' id='word_1_45' title='bbox 1184 724 1426 795; x_wconf 68' lang='grc' dir='ltr'>χρῄζειν,</span> <span class='ocrx_word' id='word_1_46' title='bbox 1472 725 1567 776; x_wconf 72' lang='grc' dir='ltr'><strong>καὶ</strong></span> <span class='ocrx_word' id='word_1_47' title='bbox 1607 722 1857 794; x_wconf 83' lang='grc' dir='ltr'>δέχεσθαί</span> 
     </span>
    </p>
   </div>
   <div class='ocr_carea' id='block_1_10' title="bbox 279 814 1855 887">
    <p class='ocr_par' dir='ltr' id='par_1_10' title="bbox 279 814 1855 887">
     <span class='ocr_line' id='line_1_10' title="bbox 279 814 1855 887; baseline -0.003 -18"><span class='ocrx_word' id='word_1_48' title='bbox 279 835 331 869; x_wconf 87' lang='grc' dir='ltr'><strong>τι</strong></span> <span class='ocrx_word' id='word_1_49' title='bbox 382 815 533 887; x_wconf 83' lang='grc' dir='ltr'><strong>παρά</strong></span> <span class='ocrx_word' id='word_1_50' title='bbox 578 815 670 867; x_wconf 84' lang='grc' dir='ltr'><strong>τοῦ</strong></span> <span class='ocrx_word' id='word_1_51' title='bbox 712 815 941 885; x_wconf 80' lang='grc' dir='ltr'><strong>Πατρός.</strong></span> <span class='ocrx_word' id='word_1_52' title='bbox 1002 816 1063 868; x_wconf 80' lang='lat' dir='ltr'><strong>Ei</strong></span> <span class='ocrx_word' id='word_1_53' title='bbox 1120 814 1177 866; x_wconf 82' lang='grc' dir='ltr'>δὲ</span> <span class='ocrx_word' id='word_1_54' title='bbox 1267 815 1491 883; x_wconf 79' lang='grc' dir='ltr'>γέγονεν</span> <span class='ocrx_word' id='word_1_55' title='bbox 1545 814 1855 885; x_wconf 81' lang='grc' dir='ltr'>ἄνθρωπος,</span> 
     </span>
    </p>
   </div>
   <div class='ocr_carea' id='block_1_11' title="bbox 280 905 1856 976">
    <p class='ocr_par' dir='ltr' id='par_1_11' title="bbox 280 905 1856 976">
     <span class='ocr_line' id='line_1_11' title="bbox 280 905 1856 976; baseline -0.001 -17"><span class='ocrx_word' id='word_1_56' title='bbox 280 907 523 959; x_wconf 77' lang='grc' dir='ltr'>ἔστωσαν</span> <span class='ocrx_word' id='word_1_57' title='bbox 577 907 675 968; x_wconf 84' lang='grc' dir='ltr'><strong>τῆς</strong></span> <span class='ocrx_word' id='word_1_58' title='bbox 710 905 1131 974; x_wconf 82' lang='grc' dir='ltr'>ἀνθρωπότητος</span> <span class='ocrx_word' id='word_1_59' title='bbox 1165 906 1222 957; x_wconf 76' lang='grc' dir='ltr'>αἱ</span> <span class='ocrx_word' id='word_1_60' title='bbox 1271 906 1471 975; x_wconf 69' lang='grc' dir='ltr'>φωναὶ,</span> <span class='ocrx_word' id='word_1_61' title='bbox 1520 906 1617 959; x_wconf 73' lang='grc' dir='ltr'>καὶ</span> <span class='ocrx_word' id='word_1_62' title='bbox 1668 905 1856 976; x_wconf 77' lang='grc' dir='ltr'>μηδεὶς</span> 
     </span>
    </p>
   </div>
   <div class='ocr_carea' id='block_1_12' title="bbox 283 996 1856 1069">
    <p class='ocr_par' dir='ltr' id='par_1_12' title="bbox 283 996 1856 1069">
     <span class='ocr_line' id='line_1_12' title="bbox 283 996 1856 1069; baseline -0.003 -17"><span class='ocrx_word' id='word_1_63' title='bbox 283 998 682 1069; x_wconf 76' lang='grc' dir='ltr'><strong>συκοφαντείτω</strong></span> <span class='ocrx_word' id='word_1_64' title='bbox 709 997 801 1050; x_wconf 78' lang='grc' dir='ltr'><strong>τὸν</strong></span> <span class='ocrx_word' id='word_1_65' title='bbox 828 997 922 1050; x_wconf 84' lang='grc' dir='ltr'><strong>τοῦ</strong></span> <span class='ocrx_word' id='word_1_66' title='bbox 959 996 1094 1049; x_wconf 84' lang='grc' dir='ltr'>Θεοῦ</span> <span class='ocrx_word' id='word_1_67' title='bbox 1116 996 1308 1066; x_wconf 75' lang='grc' dir='ltr'>Λόγον,</span> <span class='ocrx_word' id='word_1_68' title='bbox 1336 996 1411 1060; x_wconf 86' lang='grc' dir='ltr'><strong>ὡς</strong></span> <span class='ocrx_word' id='word_1_69' title='bbox 1442 998 1541 1050; x_wconf 76' lang='grc' dir='ltr'>οὐκ</span> <span class='ocrx_word' id='word_1_70' title='bbox 1578 997 1769 1067; x_wconf 79' lang='grc' dir='ltr'>ἔχοντα</span> <span class='ocrx_word' id='word_1_71' title='bbox 1795 996 1856 1049; x_wconf 84' lang='grc' dir='ltr'><strong>τὸ</strong></span> 
     </span>
    </p>
   </div>
   <div class='ocr_carea' id='block_1_13' title="bbox 280 1088 1857 1160">
    <p class='ocr_par' dir='ltr' id='par_1_13' title="bbox 280 1088 1857 1160">
     <span class='ocr_line' id='line_1_13' title="bbox 280 1088 1857 1160; baseline -0.002 -16"><span class='ocrx_word' id='word_1_72' title='bbox 280 1092 506 1158; x_wconf 81' lang='grc' dir='ltr'>τέλειον,</span> <span class='ocrx_word' id='word_1_73' title='bbox 546 1090 737 1160; x_wconf 80' lang='grc' dir='ltr'>ὥσπερ</span> <span class='ocrx_word' id='word_1_74' title='bbox 789 1090 814 1142; x_wconf 90' lang='lat'><strong>6</strong></span> <span class='ocrx_word' id='word_1_75' title='bbox 861 1090 1089 1159; x_wconf 81' lang='grc' dir='ltr'>Πατήρ·</span> <span class='ocrx_word' id='word_1_76' title='bbox 1145 1089 1278 1159; x_wconf 85' lang='grc' dir='ltr'>μηδὲ</span> <span class='ocrx_word' id='word_1_77' title='bbox 1329 1088 1598 1160; x_wconf 77' lang='grc' dir='ltr'>ὑϐριζέτω</span> <span class='ocrx_word' id='word_1_78' title='bbox 1652 1089 1714 1141; x_wconf 87' lang='grc' dir='ltr'><strong>τὸ</strong></span> <span class='ocrx_word' id='word_1_79' title='bbox 1761 1088 1857 1141; x_wconf 91' lang='grc' dir='ltr'><strong>τοῦ</strong></span> 
     </span>
    </p>
   </div>
   <div class='ocr_carea' id='block_1_14' title="bbox 280 1180 969 1254">
    <p class='ocr_par' dir='ltr' id='par_1_14' title="bbox 280 1180 969 1254">
     <span class='ocr_line' id='line_1_14' title="bbox 280 1180 969 1254; baseline -0.001 -19"><span class='ocrx_word' id='word_1_80' title='bbox 280 1182 416 1237; x_wconf 81' lang='grc' dir='ltr'>Θεοῦ</span> <span class='ocrx_word' id='word_1_81' title='bbox 448 1184 671 1254; x_wconf 90' lang='grc' dir='ltr'>γνήσιον</span> <span class='ocrx_word' id='word_1_82' title='bbox 702 1180 969 1251; x_wconf 83' lang='grc' dir='ltr'>γέννημα.</span> 
     </span>
    </p>
   </div>
   <div class='ocr_carea' id='block_1_15' title="bbox 961 1295 1162 1347">
    <p class='ocr_par' dir='ltr' id='par_1_15' title="bbox 961 1295 1162 1347">
     <span class='ocr_line' id='line_1_15' title="bbox 961 1295 1162 1347; baseline 0 0"><span class='ocrx_word' id='word_1_83' title='bbox 961 1295 1162 1347; x_wconf 83' lang='grc' dir='ltr'><strong>ΛΛΛΟ.</strong></span> 
     </span>
    </p>
   </div>
   <div class='ocr_carea' id='block_1_16' title="bbox 348 1382 1858 1459">
    <p class='ocr_par' dir='ltr' id='par_1_16' title="bbox 348 1382 1858 1459">
     <span class='ocr_line' id='line_1_16' title="bbox 348 1382 1858 1459; baseline -0.001 -18"><span class='ocrx_word' id='word_1_84' title='bbox 348 1388 462 1458; x_wconf 80' lang='grc' dir='ltr'><strong>Οὐχ</strong></span> <span class='ocrx_word' id='word_1_85' title='bbox 487 1389 515 1440; x_wconf 89' lang='lat'><strong>6</strong></span> <span class='ocrx_word' id='word_1_86' title='bbox 534 1385 627 1440; x_wconf 88' lang='grc' dir='ltr'><strong>τοῦ</strong></span> <span class='ocrx_word' id='word_1_87' title='bbox 654 1386 789 1440; x_wconf 85' lang='grc' dir='ltr'>Θεοῦ</span> <span class='ocrx_word' id='word_1_88' title='bbox 817 1387 1007 1455; x_wconf 84' lang='grc' dir='ltr'>Λόγος,</span> <span class='ocrx_word' id='word_1_89' title='bbox 1095 1387 1266 1455; x_wconf 85' lang='grc' dir='ltr'><strong>Λόγος</strong></span> <span class='ocrx_word' id='word_1_90' title='bbox 1289 1388 1423 1452; x_wconf 68' lang='grc' dir='ltr'>ἐστὶ,</span> <span class='ocrx_word' id='word_1_91' title='bbox 1458 1386 1736 1451; x_wconf 78' lang='grc' dir='ltr'>δοξάζεται</span> <span class='ocrx_word' id='word_1_92' title='bbox 1765 1388 1858 1440; x_wconf 74' lang='grc' dir='ltr'>καὶ</span> 
     </span>
    </p>
   </div>
   <div class='ocr_carea' id='block_1_17' title="bbox 278 1476 1856 1548">
    <p class='ocr_par' dir='ltr' id='par_1_17' title="bbox 278 1476 1856 1548">
     <span class='ocr_line' id='line_1_17' title="bbox 278 1476 1856 1548; baseline 0 -17"><span class='ocrx_word' id='word_1_93' title='bbox 278 1478 493 1548; x_wconf 83' lang='grc' dir='ltr'>δέχεταί</span> <span class='ocrx_word' id='word_1_94' title='bbox 531 1495 584 1530; x_wconf 84' lang='grc' dir='ltr'><strong>τι</strong></span> <span class='ocrx_word' id='word_1_95' title='bbox 615 1477 767 1547; x_wconf 81' lang='grc' dir='ltr'>παρᾶ</span> <span class='ocrx_word' id='word_1_96' title='bbox 792 1476 886 1529; x_wconf 88' lang='grc' dir='ltr'><strong>τοῦ</strong></span> <span class='ocrx_word' id='word_1_97' title='bbox 921 1476 1152 1547; x_wconf 77' lang='grc' dir='ltr'>Πατρὸς,</span> <span class='ocrx_word' id='word_1_98' title='bbox 1192 1478 1226 1547; x_wconf 78' lang='grc' dir='ltr'>ἢ</span> <span class='ocrx_word' id='word_1_99' title='bbox 1256 1480 1349 1531; x_wconf 79' lang='grc' dir='ltr'><strong>καὶ</strong></span> <span class='ocrx_word' id='word_1_100' title='bbox 1388 1479 1669 1545; x_wconf 76' lang='grc' dir='ltr'>ἁγιάζεται</span> <span class='ocrx_word' id='word_1_101' title='bbox 1692 1520 1705 1542; x_wconf 91' lang='grc'><strong>,</strong></span> <span class='ocrx_word' id='word_1_102' title='bbox 1742 1479 1856 1531; x_wconf 83' lang='grc' dir='ltr'>ἀλλ’</span> 
     </span>
    </p>
   </div>
   <div class='ocr_carea' id='block_1_18' title="bbox 286 1569 1857 1639">
    <p class='ocr_par' dir='ltr' id='par_1_18' title="bbox 286 1569 1857 1639">
     <span class='ocr_line' id='line_1_18' title="bbox 286 1569 1857 1639; baseline 0.001 -18"><span class='ocrx_word' id='word_1_103' title='bbox 286 1571 440 1639; x_wconf 73' lang='grc' dir='ltr'>ἡμεῖς</span> <span class='ocrx_word' id='word_1_104' title='bbox 465 1572 523 1623; x_wconf 78' lang='grc' dir='ltr'>ὲν</span> <span class='ocrx_word' id='word_1_105' title='bbox 555 1570 721 1639; x_wconf 83' lang='grc' dir='ltr'>αὐτῷ·</span> <span class='ocrx_word' id='word_1_106' title='bbox 759 1569 855 1622; x_wconf 75' lang='grc' dir='ltr'><strong>καὶ</strong></span> <span class='ocrx_word' id='word_1_107' title='bbox 875 1569 943 1623; x_wconf 83' lang='grc' dir='ltr'>δι’</span> <span class='ocrx_word' id='word_1_108' title='bbox 974 1570 1120 1639; x_wconf 77' lang='grc' dir='ltr'>ἡμᾶς</span> <span class='ocrx_word' id='word_1_109' title='bbox 1149 1572 1269 1633; x_wconf 88' lang='grc' dir='ltr'>ταῖς</span> <span class='ocrx_word' id='word_1_110' title='bbox 1293 1569 1568 1633; x_wconf 83' lang='grc' dir='ltr'>τοιαύταις</span> <span class='ocrx_word' id='word_1_111' title='bbox 1606 1572 1767 1635; x_wconf 83' lang='grc' dir='ltr'>αὐτός</span> <span class='ocrx_word' id='word_1_112' title='bbox 1798 1588 1857 1623; x_wconf 87' lang='grc' dir='ltr'><strong>τε</strong></span> 
     </span>
    </p>
   </div>
   <div class='ocr_carea' id='block_1_19' title="bbox 281 1661 1935 1760">
    <p class='ocr_par' dir='ltr' id='par_1_19' title="bbox 281 1661 1935 1760">
     <span class='ocr_line' id='line_1_19' title="bbox 281 1661 1935 1760; baseline 0.002 -47"><span class='ocrx_word' id='word_1_113' title='bbox 281 1663 554 1733; x_wconf 85' lang='grc' dir='ltr'>ἐχρήσατο</span> <span class='ocrx_word' id='word_1_114' title='bbox 580 1664 804 1730; x_wconf 79' lang='grc' dir='ltr'>φωναῖς,</span> <span class='ocrx_word' id='word_1_115' title='bbox 832 1661 927 1713; x_wconf 76' lang='grc' dir='ltr'><strong>καὶ</strong></span> <span class='ocrx_word' id='word_1_116' title='bbox 978 1663 1011 1731; x_wconf 80' lang='grc' dir='ltr'>ἡ</span> <span class='ocrx_word' id='word_1_117' title='bbox 1064 1661 1181 1713; x_wconf 89' lang='grc' dir='ltr'>θεία</span> <span class='ocrx_word' id='word_1_118' title='bbox 1232 1662 1422 1733; x_wconf 80' lang='grc' dir='ltr'>Γραφὴ</span> <span class='ocrx_word' id='word_1_119' title='bbox 1466 1662 1691 1715; x_wconf 87' lang='grc' dir='ltr'>τοιαῦτὰ</span> <span class='ocrx_word' id='word_1_120' title='bbox 1738 1682 1857 1716; x_wconf 86' lang='grc' dir='ltr'>τινα</span> <span class='ocrx_word' id='word_1_121' title='bbox 1890 1700 1935 1760; x_wconf 76' lang='grc' dir='ltr'><strong><em>Β</em></strong></span> 
     </span>
    </p>
   </div>
   <div class='ocr_carea' id='block_1_20' title="bbox 281 1753 1857 1825">
    <p class='ocr_par' dir='ltr' id='par_1_20' title="bbox 281 1753 1857 1825">
     <span class='ocr_line' id='line_1_20' title="bbox 281 1753 1857 1825; baseline 0.001 -19"><span class='ocrx_word' id='word_1_122' title='bbox 281 1754 580 1825; x_wconf 74' lang='grc' dir='ltr'>λέγειπερὶ</span> <span class='ocrx_word' id='word_1_123' title='bbox 614 1753 801 1809; x_wconf 80' lang='grc' dir='ltr'>αὐτοῦ.</span> <span class='ocrx_word' id='word_1_124' title='bbox 844 1754 907 1806; x_wconf 75' lang='lat' dir='ltr'><strong>Ei</strong></span> <span class='ocrx_word' id='word_1_125' title='bbox 950 1754 1079 1824; x_wconf 81' lang='grc' dir='ltr'>γὰρ,</span> <span class='ocrx_word' id='word_1_126' title='bbox 1120 1753 1303 1818; x_wconf 87' lang='grc' dir='ltr'>καθὼς</span> <span class='ocrx_word' id='word_1_127' title='bbox 1340 1755 1542 1807; x_wconf 85' lang='grc' dir='ltr'>οἴονταί</span> <span class='ocrx_word' id='word_1_128' title='bbox 1573 1773 1736 1820; x_wconf 82' lang='grc' dir='ltr'>τινες,</span> <span class='ocrx_word' id='word_1_129' title='bbox 1777 1758 1857 1818; x_wconf 87' lang='grc' dir='ltr'><strong>είς</strong></span> 
     </span>
    </p>
   </div>
   <div class='ocr_carea' id='block_1_21' title="bbox 287 1845 1857 1917">
    <p class='ocr_par' dir='ltr' id='par_1_21' title="bbox 287 1845 1857 1917">
     <span class='ocr_line' id='line_1_21' title="bbox 287 1845 1857 1917; baseline 0.001 -18"><span class='ocrx_word' id='word_1_130' title='bbox 287 1848 368 1899; x_wconf 81' lang='grc' dir='ltr'><strong>τὸν</strong></span> <span class='ocrx_word' id='word_1_131' title='bbox 398 1847 492 1901; x_wconf 82' lang='grc' dir='ltr'><strong>τοῦ</strong></span> <span class='ocrx_word' id='word_1_132' title='bbox 522 1845 657 1900; x_wconf 84' lang='grc' dir='ltr'>Θεοῦ</span> <span class='ocrx_word' id='word_1_133' title='bbox 680 1846 852 1914; x_wconf 86' lang='grc' dir='ltr'>Λόγον</span> <span class='ocrx_word' id='word_1_134' title='bbox 889 1845 1182 1917; x_wconf 80' lang='grc' dir='ltr'>ἀναφέρειν</span> <span class='ocrx_word' id='word_1_135' title='bbox 1218 1846 1323 1917; x_wconf 78' lang='grc' dir='ltr'><strong>χρὴ</strong></span> <span class='ocrx_word' id='word_1_136' title='bbox 1360 1848 1429 1898; x_wconf 82' lang='grc' dir='ltr'>τὰ</span> <span class='ocrx_word' id='word_1_137' title='bbox 1458 1847 1700 1911; x_wconf 82' lang='grc' dir='ltr'>τοιαῦτα,</span> <span class='ocrx_word' id='word_1_138' title='bbox 1730 1849 1857 1916; x_wconf 84' lang='grc' dir='ltr'>ὁρά-</span> 
     </span>
    </p>
   </div>
   <div class='ocr_carea' id='block_1_22' title="bbox 278 1938 1856 2010">
    <p class='ocr_par' dir='ltr' id='par_1_22' title="bbox 278 1938 1856 2010">
     <span class='ocr_line' id='line_1_22' title="bbox 278 1938 1856 2010; baseline 0.002 -20"><span class='ocrx_word' id='word_1_139' title='bbox 278 1954 461 1991; x_wconf 86' lang='grc' dir='ltr'>τωσαν</span> <span class='ocrx_word' id='word_1_140' title='bbox 499 1939 572 2008; x_wconf 84' lang='grc' dir='ltr'>μὴ</span> <span class='ocrx_word' id='word_1_141' title='bbox 631 1939 726 1991; x_wconf 79' lang='grc' dir='ltr'>καὶ</span> <span class='ocrx_word' id='word_1_142' title='bbox 766 1938 857 1991; x_wconf 77' lang='grc' dir='ltr'><strong>τὸν</strong></span> <span class='ocrx_word' id='word_1_143' title='bbox 902 1938 998 2008; x_wconf 80' lang='grc' dir='ltr'>τῆς</span> <span class='ocrx_word' id='word_1_144' title='bbox 1042 1938 1336 2009; x_wconf 78' lang='grc' dir='ltr'>ἐπιδημίας</span> <span class='ocrx_word' id='word_1_145' title='bbox 1373 1941 1572 2010; x_wconf 82' lang='grc' dir='ltr'>τρόπον</span> <span class='ocrx_word' id='word_1_146' title='bbox 1614 1940 1856 1993; x_wconf 85' lang='grc' dir='ltr'>ποιοῦσιν</span> 
     </span>
    </p>
   </div>
   <div class='ocr_carea' id='block_1_23' title="bbox 278 2024 1858 2101">
    <p class='ocr_par' dir='ltr' id='par_1_23' title="bbox 278 2024 1858 2101">
     <span class='ocr_line' id='line_1_23' title="bbox 278 2024 1858 2101; baseline 0.003 -23"><span class='ocrx_word' id='word_1_147' title='bbox 278 2024 469 2095; x_wconf 74' lang='grc' dir='ltr'>ἀργὸν,</span> <span class='ocrx_word' id='word_1_148' title='bbox 500 2026 595 2079; x_wconf 77' lang='grc' dir='ltr'>καὶ</span> <span class='ocrx_word' id='word_1_149' title='bbox 625 2027 723 2096; x_wconf 82' lang='grc' dir='ltr'>τῆς</span> <span class='ocrx_word' id='word_1_150' title='bbox 754 2026 905 2097; x_wconf 87' lang='grc' dir='ltr'><strong>παρά</strong></span> <span class='ocrx_word' id='word_1_151' title='bbox 934 2026 1069 2079; x_wconf 84' lang='grc' dir='ltr'>Θεοῦ</span> <span class='ocrx_word' id='word_1_152' title='bbox 1098 2028 1317 2099; x_wconf 82' lang='grc' dir='ltr'>χάριτος</span> <span class='ocrx_word' id='word_1_153' title='bbox 1344 2028 1547 2100; x_wconf 79' lang='grc' dir='ltr'>ἔρημον</span> <span class='ocrx_word' id='word_1_154' title='bbox 1576 2031 1731 2100; x_wconf 80' lang='grc' dir='ltr'>ἡμῶν</span> <span class='ocrx_word' id='word_1_155' title='bbox 1761 2030 1858 2101; x_wconf 79' lang='grc' dir='ltr'><strong>τὴν</strong></span> 
     </span>
    </p>
   </div>
   <div class='ocr_carea' id='block_1_24' title="bbox 280 2116 1857 2188">
    <p class='ocr_par' dir='ltr' id='par_1_24' title="bbox 280 2116 1857 2188">
     <span class='ocr_line' id='line_1_24' title="bbox 280 2116 1857 2188; baseline 0.004 -21"><span class='ocrx_word' id='word_1_156' title='bbox 280 2116 445 2183; x_wconf 76' lang='grc' dir='ltr'>φύσιν</span> <span class='ocrx_word' id='word_1_157' title='bbox 478 2116 941 2170; x_wconf 86' lang='grc' dir='ltr'>ἀποδεικνύουσιν.</span> <span class='ocrx_word' id='word_1_158' title='bbox 997 2118 1057 2170; x_wconf 79' lang='grc' dir='ltr'><strong>Εἰ</strong></span> <span class='ocrx_word' id='word_1_159' title='bbox 1087 2118 1193 2188; x_wconf 78' lang='grc' dir='ltr'><strong>γὰρ</strong></span> <span class='ocrx_word' id='word_1_160' title='bbox 1221 2120 1249 2171; x_wconf 88' lang='lat'><strong>6</strong></span> <span class='ocrx_word' id='word_1_161' title='bbox 1281 2118 1452 2186; x_wconf 87' lang='grc' dir='ltr'>Λόγος</span> <span class='ocrx_word' id='word_1_162' title='bbox 1482 2120 1629 2172; x_wconf 76' lang='grc' dir='ltr'>ἐστὶν</span> <span class='ocrx_word' id='word_1_163' title='bbox 1652 2124 1679 2173; x_wconf 89' lang='lat'><strong>6</strong></span> <span class='ocrx_word' id='word_1_164' title='bbox 1704 2119 1857 2185; x_wconf 82' lang='grc' dir='ltr'>δοξα-</span> 
     </span>
    </p>
   </div>
   <div class='ocr_carea' id='block_1_25' title="bbox 282 2206 1857 2279">
    <p class='ocr_par' dir='ltr' id='par_1_25' title="bbox 282 2206 1857 2279">
     <span class='ocr_line' id='line_1_25' title="bbox 282 2206 1857 2279; baseline 0.003 -21"><span class='ocrx_word' id='word_1_165' title='bbox 282 2206 433 2270; x_wconf 81' lang='grc' dir='ltr'>σθεὶς</span> <span class='ocrx_word' id='word_1_166' title='bbox 473 2206 565 2259; x_wconf 74' lang='grc' dir='ltr'><strong>καὶ</strong></span> <span class='ocrx_word' id='word_1_167' title='bbox 598 2207 877 2274; x_wconf 80' lang='grc' dir='ltr'>ἀγιασθεὶς</span> <span class='ocrx_word' id='word_1_168' title='bbox 903 2207 1044 2260; x_wconf 80' lang='grc' dir='ltr'>κατὰ</span> <span class='ocrx_word' id='word_1_169' title='bbox 1072 2209 1170 2278; x_wconf 84' lang='grc' dir='ltr'>τὴν</span> <span class='ocrx_word' id='word_1_170' title='bbox 1209 2207 1458 2278; x_wconf 87' lang='grc' dir='ltr'>θεότητα,</span> <span class='ocrx_word' id='word_1_171' title='bbox 1498 2210 1628 2264; x_wconf 90' lang='grc' dir='ltr'>ποία</span> <span class='ocrx_word' id='word_1_172' title='bbox 1666 2211 1857 2279; x_wconf 84' lang='grc' dir='ltr'>γέγονε</span> 
     </span>
    </p>
   </div>
   <div class='ocr_carea' id='block_1_26' title="bbox 278 2295 1859 2368">
    <p class='ocr_par' dir='ltr' id='par_1_26' title="bbox 278 2295 1859 2368">
     <span class='ocr_line' id='line_1_26' title="bbox 278 2295 1859 2368; baseline 0.002 -19"><span class='ocrx_word' id='word_1_173' title='bbox 278 2298 394 2359; x_wconf 80' lang='grc' dir='ltr'>τοῖς</span> <span class='ocrx_word' id='word_1_174' title='bbox 441 2296 749 2368; x_wconf 84' lang='grc' dir='ltr'>ἀνθρώποις</span> <span class='ocrx_word' id='word_1_175' title='bbox 800 2298 833 2366; x_wconf 81' lang='grc' dir='ltr'><strong>ἡ</strong></span> <span class='ocrx_word' id='word_1_176' title='bbox 882 2298 1086 2366; x_wconf 74' lang='grc' dir='ltr'>δνησις,</span> <span class='ocrx_word' id='word_1_177' title='bbox 1141 2298 1204 2349; x_wconf 83' lang='grc' dir='ltr'><strong>ἐκ</strong></span> <span class='ocrx_word' id='word_1_178' title='bbox 1251 2295 1347 2349; x_wconf 86' lang='grc' dir='ltr'><strong>τοῦ</strong></span> <span class='ocrx_word' id='word_1_179' title='bbox 1400 2296 1650 2365; x_wconf 84' lang='grc' dir='ltr'>γενέσθαι</span> <span class='ocrx_word' id='word_1_180' title='bbox 1697 2300 1859 2352; x_wconf 83' lang='grc' dir='ltr'>αὐτὸν</span> 
     </span>
    </p>
   </div>
   <div class='ocr_carea' id='block_1_27' title="bbox 280 2386 1855 2458">
    <p class='ocr_par' dir='ltr' id='par_1_27' title="bbox 280 2386 1855 2458">
     <span class='ocr_line' id='line_1_27' title="bbox 280 2386 1855 2458; baseline 0 -18"><span class='ocrx_word' id='word_1_181' title='bbox 280 2386 606 2458; x_wconf 84' lang='grc' dir='ltr'>ἆνθρωπον;</span> <span class='ocrx_word' id='word_1_182' title='bbox 648 2388 899 2440; x_wconf 81' lang='grc' dir='ltr'>Φαίνεται</span> <span class='ocrx_word' id='word_1_183' title='bbox 924 2387 1032 2457; x_wconf 82' lang='grc' dir='ltr'>γὰρ</span> <span class='ocrx_word' id='word_1_184' title='bbox 1070 2386 1233 2448; x_wconf 69' lang='grc' dir='ltr'>αὐτὸς</span> <span class='ocrx_word' id='word_1_185' title='bbox 1270 2387 1509 2450; x_wconf 81' lang='grc' dir='ltr'>ἀναστὰς</span> <span class='ocrx_word' id='word_1_186' title='bbox 1537 2390 1601 2440; x_wconf 82' lang='grc' dir='ltr'>ὲκ</span> <span class='ocrx_word' id='word_1_187' title='bbox 1630 2388 1855 2457; x_wconf 84' lang='grc' dir='ltr'>νεκρῶν,</span> 
     </span>
    </p>
   </div>
   <div class='ocr_carea' id='block_1_28' title="bbox 279 2479 1854 2551">
    <p class='ocr_par' dir='ltr' id='par_1_28' title="bbox 279 2479 1854 2551">
     <span class='ocr_line' id='line_1_28' title="bbox 279 2479 1854 2551; baseline 0.002 -20"><span class='ocrx_word' id='word_1_188' title='bbox 279 2480 379 2549; x_wconf 81' lang='grc' dir='ltr'><strong>οὐχ</strong></span> <span class='ocrx_word' id='word_1_189' title='bbox 400 2481 582 2549; x_wconf 81' lang='grc' dir='ltr'>ἡμεῖς.</span> <span class='ocrx_word' id='word_1_190' title='bbox 614 2480 678 2531; x_wconf 92' lang='grc' dir='ltr'>Τί</span> <span class='ocrx_word' id='word_1_191' title='bbox 717 2480 772 2532; x_wconf 89' lang='grc' dir='ltr'><strong>δέ</strong></span> <span class='ocrx_word' id='word_1_192' title='bbox 804 2480 966 2533; x_wconf 83' lang='grc' dir='ltr'>αὐτὸν</span> <span class='ocrx_word' id='word_1_193' title='bbox 1008 2479 1193 2532; x_wconf 72' lang='grc' dir='ltr'>ἔπεισε</span> <span class='ocrx_word' id='word_1_194' title='bbox 1230 2480 1483 2549; x_wconf 84' lang='grc' dir='ltr'>γενέσθαι</span> <span class='ocrx_word' id='word_1_195' title='bbox 1512 2482 1604 2533; x_wconf 73' lang='grc' dir='ltr'>καὶ</span> <span class='ocrx_word' id='word_1_196' title='bbox 1641 2482 1854 2551; x_wconf 75' lang='grc' dir='ltr'>σάρκας</span> 
     </span>
    </p>
   </div>
   <div class='ocr_carea' id='block_1_29' title="bbox 281 2571 1856 2645">
    <p class='ocr_par' dir='ltr' id='par_1_29' title="bbox 281 2571 1856 2645">
     <span class='ocr_line' id='line_1_29' title="bbox 281 2571 1856 2645; baseline 0.001 -22"><span class='ocrx_word' id='word_1_197' title='bbox 281 2572 345 2623; x_wconf 78' lang='grc' dir='ltr'><strong>Εἰ</strong></span> <span class='ocrx_word' id='word_1_198' title='bbox 403 2572 500 2641; x_wconf 86' lang='grc' dir='ltr'><strong>μὲν</strong></span> <span class='ocrx_word' id='word_1_199' title='bbox 554 2572 684 2642; x_wconf 79' lang='grc' dir='ltr'>γάρ,</span> <span class='ocrx_word' id='word_1_200' title='bbox 730 2572 816 2625; x_wconf 81' lang='grc' dir='ltr'><strong>ἵνα</strong></span> <span class='ocrx_word' id='word_1_201' title='bbox 864 2571 963 2642; x_wconf 80' lang='grc' dir='ltr'><strong>τὴν</strong></span> <span class='ocrx_word' id='word_1_202' title='bbox 1010 2571 1299 2643; x_wconf 84' lang='grc' dir='ltr'>ἀνθρώπου</span> <span class='ocrx_word' id='word_1_203' title='bbox 1355 2572 1517 2642; x_wconf 85' lang='grc' dir='ltr'>φύσιν</span> <span class='ocrx_word' id='word_1_204' title='bbox 1577 2573 1856 2645; x_wconf 73' lang='grc' dir='ltr'>ὠφελήσῃ,</span> 
     </span>
    </p>
   </div>
   <div class='ocr_carea' id='block_1_30' title="bbox 280 2663 1858 2736">
    <p class='ocr_par' dir='ltr' id='par_1_30' title="bbox 280 2663 1858 2736">
     <span class='ocr_line' id='line_1_30' title="bbox 280 2663 1858 2736; baseline 0.001 -20"><span class='ocrx_word' id='word_1_205' title='bbox 280 2663 452 2734; x_wconf 85' lang='grc' dir='ltr'>ἀργὸν</span> <span class='ocrx_word' id='word_1_206' title='bbox 502 2665 623 2715; x_wconf 88' lang='grc' dir='ltr'>κατ’</span> <span class='ocrx_word' id='word_1_207' title='bbox 676 2663 917 2726; x_wconf 81' lang='grc' dir='ltr'>ἐκείνους</span> <span class='ocrx_word' id='word_1_208' title='bbox 962 2664 1023 2715; x_wconf 75' lang='grc' dir='ltr'>τὸ</span> <span class='ocrx_word' id='word_1_209' title='bbox 1068 2664 1439 2734; x_wconf 85' lang='grc' dir='ltr'>ἐπιχείρημα·</span> <span class='ocrx_word' id='word_1_210' title='bbox 1489 2663 1640 2717; x_wconf 70' lang='grc' dir='ltr'>οὐδὲν</span> <span class='ocrx_word' id='word_1_211' title='bbox 1679 2665 1787 2736; x_wconf 75' lang='grc' dir='ltr'><strong>γάρ</strong></span> <span class='ocrx_word' id='word_1_212' title='bbox 1825 2667 1858 2735; x_wconf 88' lang='grc' dir='ltr'>ἡ</span> 
     </span>
    </p>
   </div>
   <div class='ocr_carea' id='block_1_31' title="bbox 282 2754 1861 2826">
    <p class='ocr_par' dir='ltr' id='par_1_31' title="bbox 282 2754 1861 2826">
     <span class='ocr_line' id='line_1_31' title="bbox 282 2754 1861 2826; baseline 0.001 -18"><span class='ocrx_word' id='word_1_213' title='bbox 282 2754 422 2826; x_wconf 75' lang='grc' dir='ltr'>σὰρξ</span> <span class='ocrx_word' id='word_1_214' title='bbox 448 2754 789 2825; x_wconf 76' lang='grc' dir='ltr'>ὠφεληθεῖσα</span> <span class='ocrx_word' id='word_1_215' title='bbox 817 2756 1087 2825; x_wconf 72' lang='grc' dir='ltr'>φαίνεται,</span> <span class='ocrx_word' id='word_1_216' title='bbox 1126 2754 1265 2809; x_wconf 87' lang='grc' dir='ltr'><strong>ἁλλά</strong></span> <span class='ocrx_word' id='word_1_217' title='bbox 1299 2756 1499 2826; x_wconf 83' lang='grc' dir='ltr'>μᾶλλον</span> <span class='ocrx_word' id='word_1_218' title='bbox 1538 2758 1723 2820; x_wconf 82' lang='grc' dir='ltr'>αὑτός.</span> <span class='ocrx_word' id='word_1_219' title='bbox 1752 2759 1861 2810; x_wconf 74' lang='grc' dir='ltr'>Καὶ</span> 
     </span>
    </p>
   </div>
   <div class='ocr_carea' id='block_1_32' title="bbox 282 2844 1859 2915">
    <p class='ocr_par' dir='ltr' id='par_1_32' title="bbox 282 2844 1859 2915">
     <span class='ocr_line' id='line_1_32' title="bbox 282 2844 1859 2915; baseline 0 -17"><span class='ocrx_word' id='word_1_220' title='bbox 282 2848 332 2898; x_wconf 85' lang='grc' dir='ltr'>εἰ</span> <span class='ocrx_word' id='word_1_221' title='bbox 377 2846 464 2899; x_wconf 86' lang='grc' dir='ltr'>ὅτε</span> <span class='ocrx_word' id='word_1_222' title='bbox 498 2845 721 2913; x_wconf 87' lang='grc' dir='ltr'>γέγονεν</span> <span class='ocrx_word' id='word_1_223' title='bbox 775 2844 1081 2915; x_wconf 84' lang='grc' dir='ltr'>ἄνθρωπος,</span> <span class='ocrx_word' id='word_1_224' title='bbox 1116 2845 1237 2897; x_wconf 83' lang='grc' dir='ltr'>τότε</span> <span class='ocrx_word' id='word_1_225' title='bbox 1270 2844 1519 2913; x_wconf 84' lang='grc' dir='ltr'>φαίνεται</span> <span class='ocrx_word' id='word_1_226' title='bbox 1565 2846 1660 2898; x_wconf 77' lang='grc' dir='ltr'>καὶ</span> <span class='ocrx_word' id='word_1_227' title='bbox 1702 2845 1859 2909; x_wconf 87' lang='grc' dir='ltr'>δόξαν</span> 
     </span>
    </p>
   </div>
   <div class='ocr_carea' id='block_1_33' title="bbox 280 2936 1861 3006">
    <p class='ocr_par' dir='ltr' id='par_1_33' title="bbox 280 2936 1861 3006">
     <span class='ocr_line' id='line_1_33' title="bbox 280 2936 1861 3006; baseline -0.001 -15"><span class='ocrx_word' id='word_1_228' title='bbox 280 2937 487 3001; x_wconf 81' lang='grc' dir='ltr'>λαϐὼν,</span> <span class='ocrx_word' id='word_1_229' title='bbox 518 2937 614 2990; x_wconf 82' lang='grc' dir='ltr'><strong>καὶ</strong></span> <span class='ocrx_word' id='word_1_230' title='bbox 648 2936 939 3006; x_wconf 85' lang='grc' dir='ltr'>ἀγιασμὸν,</span> <span class='ocrx_word' id='word_1_231' title='bbox 974 2937 1067 2989; x_wconf 75' lang='grc' dir='ltr'><strong>καὶ</strong></span> <span class='ocrx_word' id='word_1_232' title='bbox 1094 2937 1361 3002; x_wconf 79' lang='grc' dir='ltr'>ἐξουσίαν,</span> <span class='ocrx_word' id='word_1_233' title='bbox 1388 2938 1483 2989; x_wconf 76' lang='grc' dir='ltr'>καὶ</span> <span class='ocrx_word' id='word_1_234' title='bbox 1509 2937 1605 2990; x_wconf 84' lang='grc' dir='ltr'><strong>ὅσα</strong></span> <span class='ocrx_word' id='word_1_235' title='bbox 1636 2938 1861 2990; x_wconf 89' lang='grc' dir='ltr'>τοιαῦτα</span> 
     </span>
    </p>
   </div>
   <div class='ocr_carea' id='block_1_34' title="bbox 283 3027 1936 3123">
    <p class='ocr_par' dir='ltr' id='par_1_34' title="bbox 283 3027 1936 3123">
     <span class='ocr_line' id='line_1_34' title="bbox 283 3027 1936 3123; baseline 0 -41"><span class='ocrx_word' id='word_1_236' title='bbox 283 3030 509 3100; x_wconf 82' lang='grc' dir='ltr'>φέρεται</span> <span class='ocrx_word' id='word_1_237' title='bbox 562 3029 691 3100; x_wconf 71' lang='grc' dir='ltr'>περὶ</span> <span class='ocrx_word' id='word_1_238' title='bbox 737 3027 926 3090; x_wconf 80' lang='grc' dir='ltr'>αὑτοῦ,</span> <span class='ocrx_word' id='word_1_239' title='bbox 979 3028 1243 3099; x_wconf 85' lang='grc' dir='ltr'>πρόδηλόν</span> <span class='ocrx_word' id='word_1_240' title='bbox 1289 3030 1436 3082; x_wconf 80' lang='grc' dir='ltr'>ἐστιν</span> <span class='ocrx_word' id='word_1_241' title='bbox 1482 3030 1563 3082; x_wconf 84' lang='grc' dir='ltr'>ὅτι</span> <span class='ocrx_word' id='word_1_242' title='bbox 1613 3029 1719 3101; x_wconf 82' lang='grc' dir='ltr'><strong>πρὸ</strong></span> <span class='ocrx_word' id='word_1_243' title='bbox 1764 3030 1863 3099; x_wconf 85' lang='grc' dir='ltr'>τῆς</span> <span class='ocrx_word' id='word_1_244' title='bbox 1891 3062 1936 3123; x_wconf 79' lang='lat' dir='ltr'><strong><em>C</em></strong></span> 
     </span>
    </p>
   </div>
   <div class='ocr_carea' id='block_1_35' title="bbox 282 3117 1862 3190">
    <p class='ocr_par' dir='ltr' id='par_1_35' title="bbox 282 3117 1862 3190">
     <span class='ocr_line' id='line_1_35' title="bbox 282 3117 1862 3190; baseline -0.001 -17"><span class='ocrx_word' id='word_1_245' title='bbox 282 3120 576 3189; x_wconf 79' lang='grc' dir='ltr'>ἐπιδημίας</span> <span class='ocrx_word' id='word_1_246' title='bbox 589 3118 795 3171; x_wconf 88' lang='grc' dir='ltr'>τούτων</span> <span class='ocrx_word' id='word_1_247' title='bbox 821 3118 1026 3189; x_wconf 78' lang='grc' dir='ltr'>ἕρημος</span> <span class='ocrx_word' id='word_1_248' title='bbox 1056 3117 1152 3183; x_wconf 84' lang='grc' dir='ltr'>ὢν,</span> <span class='ocrx_word' id='word_1_249' title='bbox 1173 3119 1294 3172; x_wconf 86' lang='grc' dir='ltr'>κατ’</span> <span class='ocrx_word' id='word_1_250' title='bbox 1311 3119 1572 3185; x_wconf 81' lang='grc' dir='ltr'>ἐκείνους,</span> <span class='ocrx_word' id='word_1_251' title='bbox 1600 3119 1862 3190; x_wconf 89' lang='grc' dir='ltr'>λαμϐάνει</span> 
     </span>
    </p>
   </div>
   <div class='ocr_carea' id='block_1_36' title="bbox 281 3207 1863 3282">
    <p class='ocr_par' dir='ltr' id='par_1_36' title="bbox 281 3207 1863 3282">
     <span class='ocr_line' id='line_1_36' title="bbox 281 3207 1863 3282; baseline -0.002 -16"><span class='ocrx_word' id='word_1_252' title='bbox 281 3212 458 3266; x_wconf 87' lang='grc' dir='ltr'>ταῦτα</span> <span class='ocrx_word' id='word_1_253' title='bbox 498 3211 639 3265; x_wconf 80' lang='grc' dir='ltr'>κατὰ</span> <span class='ocrx_word' id='word_1_254' title='bbox 667 3210 756 3263; x_wconf 80' lang='grc' dir='ltr'><strong>τὸν</strong></span> <span class='ocrx_word' id='word_1_255' title='bbox 792 3211 891 3282; x_wconf 83' lang='grc' dir='ltr'>τῆς</span> <span class='ocrx_word' id='word_1_256' title='bbox 944 3210 1237 3281; x_wconf 75' lang='grc' dir='ltr'>ἐπιδημίας</span> <span class='ocrx_word' id='word_1_257' title='bbox 1286 3212 1495 3282; x_wconf 83' lang='grc' dir='ltr'>καιρόν.</span> <span class='ocrx_word' id='word_1_258' title='bbox 1551 3212 1723 3281; x_wconf 80' lang='grc' dir='ltr'>Χάριν</span> <span class='ocrx_word' id='word_1_259' title='bbox 1772 3207 1863 3264; x_wconf 79' lang='grc' dir='ltr'><strong>οὖν</strong></span> 
     </span>
    </p>
   </div>
   <div class='ocr_carea' id='block_1_37' title="bbox 283 3302 1862 3374">
    <p class='ocr_par' dir='ltr' id='par_1_37' title="bbox 283 3302 1862 3374">
     <span class='ocr_line' id='line_1_37' title="bbox 283 3302 1862 3374; baseline -0.002 -17"><span class='ocrx_word' id='word_1_260' title='bbox 283 3304 613 3374; x_wconf 81' lang='grc' dir='ltr'>ὁμολογείτω</span> <span class='ocrx_word' id='word_1_261' title='bbox 668 3305 721 3374; x_wconf 66' lang='grc' dir='ltr'><strong>τῇ</strong></span> <span class='ocrx_word' id='word_1_262' title='bbox 763 3303 946 3370; x_wconf 78' lang='grc' dir='ltr'>σαρκὶ,</span> <span class='ocrx_word' id='word_1_263' title='bbox 991 3302 1213 3373; x_wconf 80' lang='grc' dir='ltr'>βελτίων</span> <span class='ocrx_word' id='word_1_264' title='bbox 1253 3302 1606 3373; x_wconf 75' lang='grc' dir='ltr'>ἀναδειχθεὶς,</span> <span class='ocrx_word' id='word_1_265' title='bbox 1638 3306 1727 3357; x_wconf 85' lang='grc' dir='ltr'>ὅτε</span> <span class='ocrx_word' id='word_1_266' title='bbox 1761 3320 1862 3355; x_wconf 88' lang='grc' dir='ltr'>πε-</span> 
     </span>
    </p>
   </div>
   <div class='ocr_carea' id='block_1_38' title="bbox 285 3392 1864 3468">
    <p class='ocr_par' dir='ltr' id='par_1_38' title="bbox 285 3392 1864 3468">
     <span class='ocr_line' id='line_1_38' title="bbox 285 3392 1864 3468; baseline -0.001 -19"><span class='ocrx_word' id='word_1_267' title='bbox 285 3396 515 3468; x_wconf 78' lang='grc' dir='ltr'>φόρεκεν</span> <span class='ocrx_word' id='word_1_268' title='bbox 540 3396 727 3467; x_wconf 79' lang='grc' dir='ltr'>αὐτὴν,</span> <span class='ocrx_word' id='word_1_269' title='bbox 757 3394 818 3447; x_wconf 72' lang='grc' dir='ltr'><strong>οὐ</strong></span> <span class='ocrx_word' id='word_1_270' title='bbox 850 3392 1143 3464; x_wconf 84' lang='grc' dir='ltr'>βελτιώσας</span> <span class='ocrx_word' id='word_1_271' title='bbox 1165 3394 1353 3463; x_wconf 84' lang='grc' dir='ltr'>αὐτήν.</span> <span class='ocrx_word' id='word_1_272' title='bbox 1389 3394 1526 3447; x_wconf 83' lang='grc' dir='ltr'>Ἀλλ’</span> <span class='ocrx_word' id='word_1_273' title='bbox 1563 3393 1680 3448; x_wconf 76' lang='grc' dir='ltr'>ἔστι</span> <span class='ocrx_word' id='word_1_274' title='bbox 1707 3395 1864 3448; x_wconf 89' lang='grc' dir='ltr'>τοῦτο</span> 
     </span>
    </p>
   </div>
   <div class='ocr_carea' id='block_1_39' title="bbox 285 3485 1865 3558">
    <p class='ocr_par' dir='ltr' id='par_1_39' title="bbox 285 3485 1865 3558">
     <span class='ocr_line' id='line_1_39' title="bbox 285 3485 1865 3558; baseline -0.002 -16"><span class='ocrx_word' id='word_1_275' title='bbox 285 3488 381 3542; x_wconf 69' lang='grc' dir='ltr'>καὶ</span> <span class='ocrx_word' id='word_1_276' title='bbox 426 3488 645 3558; x_wconf 84' lang='grc' dir='ltr'>φρονεῖν</span> <span class='ocrx_word' id='word_1_277' title='bbox 690 3486 786 3539; x_wconf 77' lang='grc' dir='ltr'>καὶ</span> <span class='ocrx_word' id='word_1_278' title='bbox 818 3486 997 3554; x_wconf 82' lang='grc' dir='ltr'>λέγειν</span> <span class='ocrx_word' id='word_1_279' title='bbox 1033 3485 1478 3539; x_wconf 85' lang='grc' dir='ltr'>δυσσεϐέστατον.</span> <span class='ocrx_word' id='word_1_280' title='bbox 1523 3487 1865 3558; x_wconf 81' lang='grc' dir='ltr'>Ἐπεδήμησε</span> 
     </span>
    </p>
   </div>
   <div class='ocr_carea' id='block_1_40' title="bbox 285 3578 1866 3651">
    <p class='ocr_par' dir='ltr' id='par_1_40' title="bbox 285 3578 1866 3651">
     <span class='ocr_line' id='line_1_40' title="bbox 285 3578 1866 3651; baseline -0.001 -18"><span class='ocrx_word' id='word_1_281' title='bbox 285 3580 396 3651; x_wconf 81' lang='grc' dir='ltr'>γὰρ</span> <span class='ocrx_word' id='word_1_282' title='bbox 443 3580 531 3632; x_wconf 78' lang='grc' dir='ltr'>ἵνα</span> <span class='ocrx_word' id='word_1_283' title='bbox 575 3578 775 3651; x_wconf 82' lang='grc' dir='ltr'>δοξάσῃ</span> <span class='ocrx_word' id='word_1_284' title='bbox 801 3578 893 3630; x_wconf 82' lang='grc' dir='ltr'><strong>τὸν</strong></span> <span class='ocrx_word' id='word_1_285' title='bbox 944 3578 1230 3648; x_wconf 80' lang='grc' dir='ltr'>ἄνθρωπον</span> <span class='ocrx_word' id='word_1_286' title='bbox 1264 3578 1359 3630; x_wconf 76' lang='grc' dir='ltr'><strong>καὶ</strong></span> <span class='ocrx_word' id='word_1_287' title='bbox 1412 3578 1633 3651; x_wconf 83' lang='grc' dir='ltr'>ἁγιάσῃ.</span> <span class='ocrx_word' id='word_1_288' title='bbox 1688 3580 1800 3649; x_wconf 76' lang='grc' dir='ltr'><strong>Οὐχ</strong></span> <span class='ocrx_word' id='word_1_289' title='bbox 1837 3580 1866 3631; x_wconf 97' lang='lat'><strong>6</strong></span> 
     </span>
    </p>
   </div>
   <div class='ocr_carea' id='block_1_41' title="bbox 286 3669 1867 3742">
    <p class='ocr_par' dir='ltr' id='par_1_41' title="bbox 286 3669 1867 3742">
     <span class='ocr_line' id='line_1_41' title="bbox 286 3669 1867 3742; baseline -0.003 -17"><span class='ocrx_word' id='word_1_290' title='bbox 286 3672 458 3740; x_wconf 83' lang='grc' dir='ltr'><strong>Λόγος</strong></span> <span class='ocrx_word' id='word_1_291' title='bbox 484 3670 591 3742; x_wconf 83' lang='grc' dir='ltr'>ἄρα</span> <span class='ocrx_word' id='word_1_292' title='bbox 620 3671 767 3723; x_wconf 79' lang='grc' dir='ltr'>ἐστὶν</span> <span class='ocrx_word' id='word_1_293' title='bbox 795 3672 823 3723; x_wconf 93' lang='lat'><strong>6</strong></span> <span class='ocrx_word' id='word_1_294' title='bbox 850 3669 1137 3739; x_wconf 83' lang='grc' dir='ltr'>δεχόμενός</span> <span class='ocrx_word' id='word_1_295' title='bbox 1165 3687 1217 3722; x_wconf 87' lang='grc' dir='ltr'><strong>τι</strong></span> <span class='ocrx_word' id='word_1_296' title='bbox 1238 3684 1252 3699; x_wconf 78' lang='grc'><strong><em>⁸</em></strong></span> <span class='ocrx_word' id='word_1_297' title='bbox 1285 3669 1487 3733; x_wconf 86' lang='grc' dir='ltr'>τέλειος</span> <span class='ocrx_word' id='word_1_298' title='bbox 1517 3670 1647 3740; x_wconf 84' lang='grc' dir='ltr'>γάρ,</span> <span class='ocrx_word' id='word_1_299' title='bbox 1678 3670 1867 3741; x_wconf 78' lang='grc' dir='ltr'>ὥσπερ</span> 
     </span>
    </p>
   </div>
   <div class='ocr_carea' id='block_1_42' title="bbox 286 3760 1864 3835">
    <p class='ocr_par' dir='ltr' id='par_1_42' title="bbox 286 3760 1864 3835">
     <span class='ocr_line' id='line_1_42' title="bbox 286 3760 1864 3835; baseline 0.001 -19"><span class='ocrx_word' id='word_1_300' title='bbox 286 3764 381 3816; x_wconf 71' lang='grc' dir='ltr'>καὶ</span> <span class='ocrx_word' id='word_1_301' title='bbox 411 3766 439 3817; x_wconf 92' lang='lat'><strong>6</strong></span> <span class='ocrx_word' id='word_1_302' title='bbox 478 3764 748 3833; x_wconf 84' lang='grc' dir='ltr'>γεννήσας</span> <span class='ocrx_word' id='word_1_303' title='bbox 776 3762 956 3815; x_wconf 82' lang='grc' dir='ltr'>αὐτόν.</span> <span class='ocrx_word' id='word_1_304' title='bbox 1006 3760 1146 3815; x_wconf 85' lang='grc' dir='ltr'>Ἀλλ’</span> <span class='ocrx_word' id='word_1_305' title='bbox 1184 3764 1347 3833; x_wconf 83' lang='grc' dir='ltr'>ἡμεῖς</span> <span class='ocrx_word' id='word_1_306' title='bbox 1377 3765 1434 3816; x_wconf 80' lang='grc' dir='ltr'><strong>ἐν</strong></span> <span class='ocrx_word' id='word_1_307' title='bbox 1476 3764 1623 3835; x_wconf 81' lang='grc' dir='ltr'>αύτῴ</span> <span class='ocrx_word' id='word_1_308' title='bbox 1651 3764 1864 3834; x_wconf 83' lang='grc' dir='ltr'>λαμϐά-</span> 
     </span>
    </p>
   </div>
   <div class='ocr_carea' id='block_1_43' title="bbox 285 3852 1873 3928">
    <p class='ocr_par' dir='ltr' id='par_1_43' title="bbox 285 3852 1873 3928">
     <span class='ocr_line' id='line_1_43' title="bbox 285 3852 1873 3928; baseline 0.003 -23"><span class='ocrx_word' id='word_1_309' title='bbox 285 3870 471 3923; x_wconf 87' lang='grc' dir='ltr'>νομεν,</span> <span class='ocrx_word' id='word_1_310' title='bbox 504 3853 590 3905; x_wconf 74' lang='grc' dir='ltr'><strong>ὅτε</strong></span> <span class='ocrx_word' id='word_1_311' title='bbox 641 3852 738 3923; x_wconf 83' lang='grc' dir='ltr'>τὴν</span> <span class='ocrx_word' id='word_1_312' title='bbox 776 3854 1051 3924; x_wconf 78' lang='grc' dir='ltr'>ἡμετέραν</span> <span class='ocrx_word' id='word_1_313' title='bbox 1108 3853 1333 3923; x_wconf 84' lang='grc' dir='ltr'>ἐφόρεσε</span> <span class='ocrx_word' id='word_1_314' title='bbox 1384 3855 1566 3923; x_wconf 85' lang='grc' dir='ltr'>σάρκα</span> <span class='ocrx_word' id='word_1_315' title='bbox 1595 3871 1607 3883; x_wconf 87' lang='grc'><strong>·</strong></span> <span class='ocrx_word' id='word_1_316' title='bbox 1649 3856 1724 3918; x_wconf 83' lang='grc' dir='ltr'><strong>ὠς</strong></span> <span class='ocrx_word' id='word_1_317' title='bbox 1764 3857 1873 3928; x_wconf 83' lang='grc' dir='ltr'>γὰρ</span> 
     </span>
    </p>
   </div>
   <div class='ocr_carea' id='block_1_44' title="bbox 284 3944 1874 4018">
    <p class='ocr_par' dir='ltr' id='par_1_44' title="bbox 284 3944 1874 4018">
     <span class='ocr_line' id='line_1_44' title="bbox 284 3944 1874 4018; baseline 0 -18"><span class='ocrx_word' id='word_1_318' title='bbox 284 3946 615 4008; x_wconf 84' lang='grc' dir='ltr'>ἀναστάντος</span> <span class='ocrx_word' id='word_1_319' title='bbox 632 3945 819 4011; x_wconf 84' lang='grc' dir='ltr'>αὑτοῦ,</span> <span class='ocrx_word' id='word_1_320' title='bbox 842 3948 1000 4017; x_wconf 80' lang='grc' dir='ltr'>ἡμεῖς</span> <span class='ocrx_word' id='word_1_321' title='bbox 1019 3944 1216 4016; x_wconf 83' lang='grc' dir='ltr'>ἀνέστη</span> <span class='ocrx_word' id='word_1_322' title='bbox 1226 3964 1343 4017; x_wconf 90' lang='grc' dir='ltr'>μεν,</span> <span class='ocrx_word' id='word_1_323' title='bbox 1365 3948 1453 4000; x_wconf 61' lang='grc' dir='ltr'><strong>καῖ</strong></span> <span class='ocrx_word' id='word_1_324' title='bbox 1472 3948 1874 4018; x_wconf 83' lang='grc' dir='ltr'>ἀναϐεϐηκότος</span> 
     </span>
    </p>
   </div>
   <div class='ocr_carea' id='block_1_45' title="bbox 286 4038 1875 4111">
    <p class='ocr_par' dir='ltr' id='par_1_45' title="bbox 286 4038 1875 4111">
     <span class='ocr_line' id='line_1_45' title="bbox 286 4038 1875 4111; baseline 0.001 -19"><span class='ocrx_word' id='word_1_325' title='bbox 286 4038 454 4093; x_wconf 77' lang='grc' dir='ltr'>αὑτοῦ</span> <span class='ocrx_word' id='word_1_326' title='bbox 487 4038 671 4102; x_wconf 83' lang='grc' dir='ltr'>πάλιν,</span> <span class='ocrx_word' id='word_1_327' title='bbox 722 4041 803 4102; x_wconf 80' lang='grc' dir='ltr'><strong>εἰς</strong></span> <span class='ocrx_word' id='word_1_328' title='bbox 842 4039 1103 4109; x_wconf 78' lang='grc' dir='ltr'>οὐρανοὺς</span> <span class='ocrx_word' id='word_1_329' title='bbox 1138 4041 1267 4111; x_wconf 79' lang='grc' dir='ltr'>ἡμῖν</span> <span class='ocrx_word' id='word_1_330' title='bbox 1316 4042 1349 4110; x_wconf 84' lang='grc' dir='ltr'>ἡ</span> <span class='ocrx_word' id='word_1_331' title='bbox 1379 4040 1563 4103; x_wconf 82' lang='grc' dir='ltr'>ἄνοδος</span> <span class='ocrx_word' id='word_1_332' title='bbox 1600 4040 1875 4095; x_wconf 86' lang='grc' dir='ltr'>ἀνεκαινί-</span> 
     </span>
    </p>
   </div>
   <div class='ocr_carea' id='block_1_46' title="bbox 288 4128 1875 4203">
    <p class='ocr_par' dir='ltr' id='par_1_46' title="bbox 288 4128 1875 4203">
     <span class='ocr_line' id='line_1_46' title="bbox 288 4128 1875 4203; baseline 0.001 -20"><span class='ocrx_word' id='word_1_333' title='bbox 288 4130 391 4201; x_wconf 90' lang='grc' dir='ltr'><strong>σθη</strong></span> <span class='ocrx_word' id='word_1_334' title='bbox 418 4147 431 4159; x_wconf 94' lang='grc'><strong>·</strong></span> <span class='ocrx_word' id='word_1_335' title='bbox 475 4129 646 4195; x_wconf 69' lang='grc' dir='ltr'>οὕτως</span> <span class='ocrx_word' id='word_1_336' title='bbox 681 4131 776 4183; x_wconf 82' lang='grc' dir='ltr'><strong>καὶ</strong></span> <span class='ocrx_word' id='word_1_337' title='bbox 813 4128 1128 4195; x_wconf 78' lang='grc' dir='ltr'>δοξάζεσθαι</span> <span class='ocrx_word' id='word_1_338' title='bbox 1173 4131 1267 4185; x_wconf 76' lang='grc' dir='ltr'><strong>καὶ</strong></span> <span class='ocrx_word' id='word_1_339' title='bbox 1296 4131 1619 4200; x_wconf 75' lang='grc' dir='ltr'>ἀγιάξεσθαι</span> <span class='ocrx_word' id='word_1_340' title='bbox 1648 4132 1875 4203; x_wconf 87' lang='grc' dir='ltr'>λεγομέ-</span> 
     </span>
    </p>
   </div>
   <div class='ocr_carea' id='block_1_47' title="bbox 289 4220 1537 4292">
    <p class='ocr_par' dir='ltr' id='par_1_47' title="bbox 289 4220 1537 4292">
     <span class='ocr_line' id='line_1_47' title="bbox 289 4220 1537 4292; baseline 0.002 -19"><span class='ocrx_word' id='word_1_341' title='bbox 289 4238 407 4287; x_wconf 90' lang='grc' dir='ltr'>νου,</span> <span class='ocrx_word' id='word_1_342' title='bbox 448 4223 608 4292; x_wconf 79' lang='grc' dir='ltr'><strong>ἡμεῖς</strong></span> <span class='ocrx_word' id='word_1_343' title='bbox 639 4222 803 4291; x_wconf 84' lang='grc' dir='ltr'>ἐσμεν</span> <span class='ocrx_word' id='word_1_344' title='bbox 832 4221 881 4274; x_wconf 80' lang='grc' dir='ltr'><strong>οἱ</strong></span> <span class='ocrx_word' id='word_1_345' title='bbox 914 4220 1119 4274; x_wconf 86' lang='grc' dir='ltr'>τούτων</span> <span class='ocrx_word' id='word_1_346' title='bbox 1151 4221 1537 4286; x_wconf 83' lang='grc' dir='ltr'>ἀπολαύοντες.</span> 
     </span>
    </p>
   </div>
   <div class='ocr_carea' id='block_1_48' title="bbox 1961 443 3541 515">
    <p class='ocr_par' dir='ltr' id='par_1_48' title="bbox 1961 443 3541 515">
     <span class='ocr_line' id='line_1_48' title="bbox 1961 443 3541 515; baseline 0.001 -16"><span class='ocrx_word' id='word_1_347' title='bbox 1961 461 2063 499; x_wconf 88' lang='lat' dir='ltr'><strong>non</strong></span> <span class='ocrx_word' id='word_1_348' title='bbox 2096 445 2378 499; x_wconf 73' lang='lat' dir='ltr'><strong>abhorruit</strong></span> <span class='ocrx_word' id='word_1_349' title='bbox 2412 444 2480 498; x_wconf 88' lang='lat' dir='ltr'><strong>ab</strong></span> <span class='ocrx_word' id='word_1_350' title='bbox 2516 443 2821 512; x_wconf 86' lang='lat' dir='ltr'><strong>hujusmodi</strong></span> <span class='ocrx_word' id='word_1_351' title='bbox 2857 444 3138 501; x_wconf 85' lang='lat' dir='ltr'><strong>moderato</strong></span> <span class='ocrx_word' id='word_1_352' title='bbox 3170 456 3332 515; x_wconf 91' lang='lat' dir='ltr'><strong>atque</strong></span> <span class='ocrx_word' id='word_1_353' title='bbox 3359 446 3541 501; x_wconf 86' lang='lat' dir='ltr'><strong>humi-</strong></span> 
     </span>
    </p>
   </div>
   <div class='ocr_carea' id='block_1_49' title="bbox 1961 536 3540 606">
    <p class='ocr_par' dir='ltr' id='par_1_49' title="bbox 1961 536 3540 606">
     <span class='ocr_line' id='line_1_49' title="bbox 1961 536 3540 606; baseline 0.001 -17"><span class='ocrx_word' id='word_1_354' title='bbox 1961 536 2096 592; x_wconf 90' lang='lat' dir='ltr'><strong>liore</strong></span> <span class='ocrx_word' id='word_1_355' title='bbox 2126 536 2382 606; x_wconf 85' lang='lat' dir='ltr'><strong>loquendi</strong></span> <span class='ocrx_word' id='word_1_356' title='bbox 2417 551 2631 606; x_wconf 81' lang='lat' dir='ltr'><strong>genere.</strong></span> <span class='ocrx_word' id='word_1_357' title='bbox 2683 539 2751 591; x_wconf 88' lang='lat' dir='ltr'><strong>At</strong></span> <span class='ocrx_word' id='word_1_358' title='bbox 2786 551 2917 591; x_wconf 86' lang='lat' dir='ltr'><strong>vero</strong></span> <span class='ocrx_word' id='word_1_359' title='bbox 2951 537 2995 591; x_wconf 92' lang='lat' dir='ltr'><strong>si</strong></span> <span class='ocrx_word' id='word_1_360' title='bbox 3028 536 3190 591; x_wconf 91' lang='lat' dir='ltr'><strong>homo</strong></span> <span class='ocrx_word' id='word_1_361' title='bbox 3222 538 3395 592; x_wconf 80' lang='lat' dir='ltr'><strong>factus</strong></span> <span class='ocrx_word' id='word_1_362' title='bbox 3435 554 3540 593; x_wconf 89' lang='lat' dir='ltr'><strong>non</strong></span> 
     </span>
    </p>
   </div>
   <div class='ocr_carea' id='block_1_50' title="bbox 1959 627 3541 693">
    <p class='ocr_par' dir='ltr' id='par_1_50' title="bbox 1959 627 3541 693">
     <span class='ocr_line' id='line_1_50' title="bbox 1959 627 3541 693; baseline -0.001 -10"><span class='ocrx_word' id='word_1_363' title='bbox 1959 637 2084 693; x_wconf 80' lang='lat' dir='ltr'><strong>est,</strong></span> <span class='ocrx_word' id='word_1_364' title='bbox 2134 630 2371 682; x_wconf 87' lang='lat' dir='ltr'><strong>tribuant</strong></span> <span class='ocrx_word' id='word_1_365' title='bbox 2410 628 2650 682; x_wconf 84' lang='lat' dir='ltr'><strong>nonnulli</strong></span> <span class='ocrx_word' id='word_1_366' title='bbox 2688 627 2867 681; x_wconf 84' lang='lat' dir='ltr'><strong>Verbo</strong></span> <span class='ocrx_word' id='word_1_367' title='bbox 2916 629 3148 682; x_wconf 86' lang='lat' dir='ltr'><strong>humiles</strong></span> <span class='ocrx_word' id='word_1_368' title='bbox 3207 630 3340 683; x_wconf 88' lang='lat' dir='ltr'><strong>istas</strong></span> <span class='ocrx_word' id='word_1_369' title='bbox 3383 629 3541 683; x_wconf 73' lang='lat' dir='ltr'><strong>locu—</strong></span> 
     </span>
    </p>
   </div>
   <div class='ocr_carea' id='block_1_51' title="bbox 1962 719 3544 789">
    <p class='ocr_par' dir='ltr' id='par_1_51' title="bbox 1962 719 3544 789">
     <span class='ocr_line' id='line_1_51' title="bbox 1962 719 3544 789; baseline 0.001 -18"><span class='ocrx_word' id='word_1_370' title='bbox 1962 723 2156 782; x_wconf 93' lang='lat' dir='ltr'><strong>tiones,</strong></span> <span class='ocrx_word' id='word_1_371' title='bbox 2193 720 2486 787; x_wconf 78' lang='lat' dir='ltr'><strong>dicuntque</strong></span> <span class='ocrx_word' id='word_1_372' title='bbox 2514 719 2687 788; x_wconf 90' lang='lat' dir='ltr'><strong>ipsum</strong></span> <span class='ocrx_word' id='word_1_373' title='bbox 2722 729 2776 771; x_wconf 90' lang='lat' dir='ltr'><strong>et</strong></span> <span class='ocrx_word' id='word_1_374' title='bbox 2831 721 3082 789; x_wconf 85' lang='lat' dir='ltr'><strong>ignorare</strong></span> <span class='ocrx_word' id='word_1_375' title='bbox 3105 761 3121 784; x_wconf 95' lang='lat'><strong>,</strong></span> <span class='ocrx_word' id='word_1_376' title='bbox 3158 730 3211 774; x_wconf 89' lang='lat' dir='ltr'><strong>ct</strong></span> <span class='ocrx_word' id='word_1_377' title='bbox 3259 720 3430 789; x_wconf 78' lang='lat' dir='ltr'><strong>gloria</strong></span> <span class='ocrx_word' id='word_1_378' title='bbox 3462 721 3544 772; x_wconf 88' lang='lat' dir='ltr'><strong>in-</strong></span> 
     </span>
    </p>
   </div>
   <div class='ocr_carea' id='block_1_52' title="bbox 1960 810 3542 880">
    <p class='ocr_par' dir='ltr' id='par_1_52' title="bbox 1960 810 3542 880">
     <span class='ocr_line' id='line_1_52' title="bbox 1960 810 3542 880; baseline 0.001 -19"><span class='ocrx_word' id='word_1_379' title='bbox 1960 811 2165 878; x_wconf 80' lang='lat' dir='ltr'><strong>digere,</strong></span> <span class='ocrx_word' id='word_1_380' title='bbox 2207 818 2371 878; x_wconf 86' lang='lat' dir='ltr'><strong>atque</strong></span> <span class='ocrx_word' id='word_1_381' title='bbox 2396 810 2598 879; x_wconf 88' lang='lat' dir='ltr'><strong>aliquid</strong></span> <span class='ocrx_word' id='word_1_382' title='bbox 2632 826 2660 863; x_wconf 89' lang='lat' dir='ltr'><strong>a</strong></span> <span class='ocrx_word' id='word_1_383' title='bbox 2697 811 2858 865; x_wconf 86' lang='lat' dir='ltr'><strong>Patre</strong></span> <span class='ocrx_word' id='word_1_384' title='bbox 2886 813 3152 880; x_wconf 85' lang='lat' dir='ltr'><strong>accipere.</strong></span> <span class='ocrx_word' id='word_1_385' title='bbox 3200 812 3307 866; x_wconf 85' lang='lat' dir='ltr'><strong>Sed</strong></span> <span class='ocrx_word' id='word_1_386' title='bbox 3356 813 3400 865; x_wconf 90' lang='lat' dir='ltr'><strong>si</strong></span> <span class='ocrx_word' id='word_1_387' title='bbox 3455 811 3542 863; x_wconf 83' lang='lat' dir='ltr'><strong>l&#39;a-</strong></span> 
     </span>
    </p>
   </div>
   <div class='ocr_carea' id='block_1_53' title="bbox 1962 902 3539 962">
    <p class='ocr_par' dir='ltr' id='par_1_53' title="bbox 1962 902 3539 962">
     <span class='ocr_line' id='line_1_53' title="bbox 1962 902 3539 962; baseline 0.001 -10"><span class='ocrx_word' id='word_1_388' title='bbox 1962 910 2106 952; x_wconf 88' lang='lat' dir='ltr'><strong>ctum</strong></span> <span class='ocrx_word' id='word_1_389' title='bbox 2133 912 2213 953; x_wconf 88' lang='lat' dir='ltr'><strong>est</strong></span> <span class='ocrx_word' id='word_1_390' title='bbox 2240 903 2421 962; x_wconf 88' lang='lat' dir='ltr'><strong>homo,</strong></span> <span class='ocrx_word' id='word_1_391' title='bbox 2447 902 2553 953; x_wconf 86' lang='lat' dir='ltr'><strong>sint</strong></span> <span class='ocrx_word' id='word_1_392' title='bbox 2578 902 2690 955; x_wconf 69' lang='lat' dir='ltr'><strong>haec</strong></span> <span class='ocrx_word' id='word_1_393' title='bbox 2716 904 2876 955; x_wconf 77' lang='lat' dir='ltr'><strong>verba</strong></span> <span class='ocrx_word' id='word_1_394' title='bbox 2902 903 3153 955; x_wconf 67' lang='lat' dir='ltr'><strong>humanae</strong></span> <span class='ocrx_word' id='word_1_395' title='bbox 3174 912 3381 955; x_wconf 67' lang='lat' dir='ltr'><strong>natura:</strong></span> <span class='ocrx_word' id='word_1_396' title='bbox 3406 917 3539 954; x_wconf 89' lang='lat' dir='ltr'><strong>con-</strong></span> 
     </span>
    </p>
   </div>
   <div class='ocr_carea' id='block_1_54' title="bbox 1960 990 3530 1054">
    <p class='ocr_par' dir='ltr' id='par_1_54' title="bbox 1960 990 3530 1054">
     <span class='ocr_line' id='line_1_54' title="bbox 1960 990 3530 1054; baseline 0.001 -14"><span class='ocrx_word' id='word_1_397' title='bbox 1960 990 2228 1043; x_wconf 78' lang='lat' dir='ltr'><strong>venientia</strong></span> <span class='ocrx_word' id='word_1_398' title='bbox 2265 1007 2277 1042; x_wconf 90' lang='lat'><strong><em>:</em></strong></span> <span class='ocrx_word' id='word_1_399' title='bbox 2310 999 2364 1043; x_wconf 86' lang='lat' dir='ltr'><strong>et</strong></span> <span class='ocrx_word' id='word_1_400' title='bbox 2388 1006 2548 1043; x_wconf 88' lang='lat' dir='ltr'><strong>nemo</strong></span> <span class='ocrx_word' id='word_1_401' title='bbox 2583 991 2948 1045; x_wconf 76' lang='lat' dir='ltr'><strong>calumnietur</strong></span> <span class='ocrx_word' id='word_1_402' title='bbox 2991 990 3228 1043; x_wconf 86' lang='lat' dir='ltr'><strong>Verbum</strong></span> <span class='ocrx_word' id='word_1_403' title='bbox 3266 991 3379 1054; x_wconf 85' lang='lat' dir='ltr'><strong>Dei,</strong></span> <span class='ocrx_word' id='word_1_404' title='bbox 3407 1002 3530 1042; x_wconf 84' lang='lat' dir='ltr'><strong>tan—</strong></span> 
     </span>
    </p>
   </div>
   <div class='ocr_carea' id='block_1_55' title="bbox 1959 1079 3539 1149">
    <p class='ocr_par' dir='ltr' id='par_1_55' title="bbox 1959 1079 3539 1149">
     <span class='ocr_line' id='line_1_55' title="bbox 1959 1079 3539 1149; baseline 0.002 -19"><span class='ocrx_word' id='word_1_405' title='bbox 1959 1093 2119 1147; x_wconf 87' lang='lat' dir='ltr'><strong>quam</strong></span> <span class='ocrx_word' id='word_1_406' title='bbox 2153 1094 2257 1132; x_wconf 93' lang='lat' dir='ltr'><strong>non</strong></span> <span class='ocrx_word' id='word_1_407' title='bbox 2288 1079 2574 1133; x_wconf 89' lang='lat' dir='ltr'><strong>habentem</strong></span> <span class='ocrx_word' id='word_1_408' title='bbox 2599 1094 2719 1132; x_wconf 88' lang='lat' dir='ltr'><strong>eam</strong></span> <span class='ocrx_word' id='word_1_409' title='bbox 2744 1080 3154 1148; x_wconf 74' lang='lat' dir='ltr'><strong>perfectionem,</strong></span> <span class='ocrx_word' id='word_1_410' title='bbox 3182 1096 3344 1149; x_wconf 86' lang='lat' dir='ltr'><strong>quam</strong></span> <span class='ocrx_word' id='word_1_411' title='bbox 3373 1080 3539 1134; x_wconf 83' lang='lat' dir='ltr'><strong>habet</strong></span> 
     </span>
    </p>
   </div>
   <div class='ocr_carea' id='block_1_56' title="bbox 1960 1169 3534 1241">
    <p class='ocr_par' dir='ltr' id='par_1_56' title="bbox 1960 1169 3534 1241">
     <span class='ocr_line' id='line_1_56' title="bbox 1960 1169 3534 1241; baseline 0.003 -18"><span class='ocrx_word' id='word_1_412' title='bbox 1960 1169 2119 1225; x_wconf 83' lang='lat' dir='ltr'><strong>Pater</strong></span> <span class='ocrx_word' id='word_1_413' title='bbox 2148 1184 2162 1223; x_wconf 90' lang='lat'><strong>:</strong></span> <span class='ocrx_word' id='word_1_414' title='bbox 2199 1187 2374 1241; x_wconf 88' lang='lat' dir='ltr'><strong>neque</strong></span> <span class='ocrx_word' id='word_1_415' title='bbox 2400 1186 2529 1226; x_wconf 86' lang='lat' dir='ltr'><strong>vero</strong></span> <span class='ocrx_word' id='word_1_416' title='bbox 2564 1172 2657 1226; x_wconf 89' lang='lat' dir='ltr'><strong>Dei</strong></span> <span class='ocrx_word' id='word_1_417' title='bbox 2686 1171 2821 1225; x_wconf 79' lang='lat' dir='ltr'><strong>Filio</strong></span> <span class='ocrx_word' id='word_1_418' title='bbox 2838 1172 3231 1227; x_wconf 84' lang='lat' dir='ltr'><strong>contumeliose</strong></span> <span class='ocrx_word' id='word_1_419' title='bbox 3258 1173 3534 1227; x_wconf 85' lang='lat' dir='ltr'><strong>insultent.</strong></span> 
     </span>
    </p>
   </div>
   <div class='ocr_carea' id='block_1_57' title="bbox 2627 1282 2858 1339">
    <p class='ocr_par' dir='ltr' id='par_1_57' title="bbox 2627 1282 2858 1339">
     <span class='ocr_line' id='line_1_57' title="bbox 2627 1282 2858 1339; baseline 0.009 -3"><span class='ocrx_word' id='word_1_420' title='bbox 2627 1282 2858 1339; x_wconf 84' lang='lat' dir='ltr'><strong>ALIUD.</strong></span> 
     </span>
    </p>
   </div>
   <div class='ocr_carea' id='block_1_58' title="bbox 2014 1373 3539 1452">
    <p class='ocr_par' dir='ltr' id='par_1_58' title="bbox 2014 1373 3539 1452">
     <span class='ocr_line' id='line_1_58' title="bbox 2014 1373 3539 1452; baseline 0.005 -24"><span class='ocrx_word' id='word_1_421' title='bbox 2014 1373 2251 1429; x_wconf 83' lang='lat' dir='ltr'><strong>Verbum</strong></span> <span class='ocrx_word' id='word_1_422' title='bbox 2289 1376 2404 1439; x_wconf 89' lang='lat' dir='ltr'><strong>Dei,</strong></span> <span class='ocrx_word' id='word_1_423' title='bbox 2463 1386 2734 1445; x_wconf 84' lang='lat' dir='ltr'><strong>quatenus</strong></span> <span class='ocrx_word' id='word_1_424' title='bbox 2775 1378 3007 1432; x_wconf 79' lang='lat' dir='ltr'><strong>Verbum</strong></span> <span class='ocrx_word' id='word_1_425' title='bbox 3053 1390 3156 1443; x_wconf 88' lang='lat' dir='ltr'><strong>est,</strong></span> <span class='ocrx_word' id='word_1_426' title='bbox 3215 1395 3385 1450; x_wconf 88' lang='lat' dir='ltr'><strong>neque</strong></span> <span class='ocrx_word' id='word_1_427' title='bbox 3425 1382 3539 1452; x_wconf 82' lang='lat' dir='ltr'><strong>glo-</strong></span> 
     </span>
    </p>
   </div>
   <div class='ocr_carea' id='block_1_59' title="bbox 1960 1468 3615 1542">
    <p class='ocr_par' dir='ltr' id='par_1_59' title="bbox 1960 1468 3615 1542">
     <span class='ocr_line' id='line_1_59' title="bbox 1960 1468 3615 1542; baseline 0.003 -21"><span class='ocrx_word' id='word_1_428' title='bbox 1960 1472 2117 1529; x_wconf 85' lang='lat' dir='ltr'><strong>riam,</strong></span> <span class='ocrx_word' id='word_1_429' title='bbox 2144 1482 2316 1537; x_wconf 89' lang='lat' dir='ltr'><strong>neque</strong></span> <span class='ocrx_word' id='word_1_430' title='bbox 2345 1468 2486 1520; x_wconf 88' lang='lat' dir='ltr'><strong>aliud</strong></span> <span class='ocrx_word' id='word_1_431' title='bbox 2518 1469 2811 1537; x_wconf 82' lang='lat' dir='ltr'><strong>quidquam</strong></span> <span class='ocrx_word' id='word_1_432' title='bbox 2846 1485 2874 1522; x_wconf 90' lang='lat' dir='ltr'><strong>a</strong></span> <span class='ocrx_word' id='word_1_433' title='bbox 2908 1468 3069 1524; x_wconf 86' lang='lat' dir='ltr'><strong>Patre</strong></span> <span class='ocrx_word' id='word_1_434' title='bbox 3100 1471 3319 1540; x_wconf 87' lang='lat' dir='ltr'><strong>accipit,</strong></span> <span class='ocrx_word' id='word_1_435' title='bbox 3366 1487 3539 1542; x_wconf 90' lang='lat' dir='ltr'><strong>neque</strong></span> <span class='ocrx_word' id='word_1_436' title='bbox 3614 1534 3615 1537; x_wconf 25' lang='grc' dir='ltr'><strong>η</strong></span> 
     </span>
    </p>
   </div>
   <div class='ocr_carea' id='block_1_60' title="bbox 1960 1560 3541 1632">
    <p class='ocr_par' dir='ltr' id='par_1_60' title="bbox 1960 1560 3541 1632">
     <span class='ocr_line' id='line_1_60' title="bbox 1960 1560 3541 1632; baseline 0.003 -18"><span class='ocrx_word' id='word_1_437' title='bbox 1960 1560 2370 1624; x_wconf 82' lang='lat' dir='ltr'><strong>sanctiﬁcatur;</strong></span> <span class='ocrx_word' id='word_1_438' title='bbox 2414 1562 2507 1613; x_wconf 90' lang='lat' dir='ltr'><strong>sed</strong></span> <span class='ocrx_word' id='word_1_439' title='bbox 2542 1576 2639 1615; x_wconf 92' lang='lat' dir='ltr'><strong>nos</strong></span> <span class='ocrx_word' id='word_1_440' title='bbox 2672 1563 2721 1614; x_wconf 91' lang='lat' dir='ltr'><strong>in</strong></span> <span class='ocrx_word' id='word_1_441' title='bbox 2753 1562 2871 1632; x_wconf 82' lang='lat' dir='ltr'><strong>ipso</strong></span> <span class='ocrx_word' id='word_1_442' title='bbox 2911 1579 2927 1617; x_wconf 90' lang='lat'><strong>:</strong></span> <span class='ocrx_word' id='word_1_443' title='bbox 2968 1574 3020 1616; x_wconf 88' lang='lat' dir='ltr'><strong>et</strong></span> <span class='ocrx_word' id='word_1_444' title='bbox 3048 1573 3268 1631; x_wconf 85' lang='lat' dir='ltr'><strong>propter</strong></span> <span class='ocrx_word' id='word_1_445' title='bbox 3312 1580 3434 1629; x_wconf 88' lang='lat' dir='ltr'><strong>nos,</strong></span> <span class='ocrx_word' id='word_1_446' title='bbox 3484 1576 3541 1619; x_wconf 89' lang='lat' dir='ltr'><strong>et</strong></span> 
     </span>
    </p>
   </div>
   <div class='ocr_carea' id='block_1_61' title="bbox 1962 1650 3537 1725">
    <p class='ocr_par' dir='ltr' id='par_1_61' title="bbox 1962 1650 3537 1725">
     <span class='ocr_line' id='line_1_61' title="bbox 1962 1650 3537 1725; baseline 0.003 -21"><span class='ocrx_word' id='word_1_447' title='bbox 1962 1652 2076 1721; x_wconf 86' lang='lat' dir='ltr'><strong>ipse</strong></span> <span class='ocrx_word' id='word_1_448' title='bbox 2102 1650 2432 1719; x_wconf 90' lang='lat' dir='ltr'><strong>ejuscemodi</strong></span> <span class='ocrx_word' id='word_1_449' title='bbox 2462 1652 2642 1705; x_wconf 84' lang='lat' dir='ltr'><strong>verbis</strong></span> <span class='ocrx_word' id='word_1_450' title='bbox 2692 1653 2863 1705; x_wconf 89' lang='lat' dir='ltr'><strong>utitur</strong></span> <span class='ocrx_word' id='word_1_451' title='bbox 2891 1696 2904 1719; x_wconf 93' lang='lat'><strong>,</strong></span> <span class='ocrx_word' id='word_1_452' title='bbox 2954 1663 3011 1708; x_wconf 92' lang='lat' dir='ltr'><strong>et</strong></span> <span class='ocrx_word' id='word_1_453' title='bbox 3055 1669 3210 1709; x_wconf 88' lang='lat' dir='ltr'><strong>sacra</strong></span> <span class='ocrx_word' id='word_1_454' title='bbox 3259 1655 3537 1725; x_wconf 89' lang='lat' dir='ltr'><strong>Scriptura</strong></span> 
     </span>
    </p>
   </div>
   <div class='ocr_carea' id='block_1_62' title="bbox 1968 1743 3538 1813">
    <p class='ocr_par' dir='ltr' id='par_1_62' title="bbox 1968 1743 3538 1813">
     <span class='ocr_line' id='line_1_62' title="bbox 1968 1743 3538 1813; baseline 0.003 -15"><span class='ocrx_word' id='word_1_455' title='bbox 1968 1743 2093 1798; x_wconf 87' lang='lat' dir='ltr'><strong>talia</strong></span> <span class='ocrx_word' id='word_1_456' title='bbox 2120 1746 2368 1813; x_wconf 88' lang='lat' dir='ltr'><strong>quaedam</strong></span> <span class='ocrx_word' id='word_1_457' title='bbox 2412 1743 2481 1797; x_wconf 90' lang='lat' dir='ltr'><strong>de</strong></span> <span class='ocrx_word' id='word_1_458' title='bbox 2519 1743 2637 1813; x_wconf 91' lang='lat' dir='ltr'><strong>ipso</strong></span> <span class='ocrx_word' id='word_1_459' title='bbox 2668 1745 2820 1800; x_wconf 88' lang='lat' dir='ltr'><strong>dicit.</strong></span> <span class='ocrx_word' id='word_1_460' title='bbox 2875 1745 2932 1799; x_wconf 85' lang='lat' dir='ltr'><strong>Si</strong></span> <span class='ocrx_word' id='word_1_461' title='bbox 2973 1747 3141 1809; x_wconf 88' lang='lat' dir='ltr'><strong>enim,</strong></span> <span class='ocrx_word' id='word_1_462' title='bbox 3198 1758 3257 1801; x_wconf 89' lang='lat' dir='ltr'><strong>ut</strong></span> <span class='ocrx_word' id='word_1_463' title='bbox 3299 1750 3538 1803; x_wconf 86' lang='lat' dir='ltr'><strong>nonnulli</strong></span> 
     </span>
    </p>
   </div>
   <div class='ocr_carea' id='block_1_63' title="bbox 1964 1833 3539 1905">
    <p class='ocr_par' dir='ltr' id='par_1_63' title="bbox 1964 1833 3539 1905">
     <span class='ocr_line' id='line_1_63' title="bbox 1964 1833 3539 1905; baseline 0.002 -15"><span class='ocrx_word' id='word_1_464' title='bbox 1964 1836 2277 1905; x_wconf 87' lang='lat' dir='ltr'><strong>opinantur,</strong></span> <span class='ocrx_word' id='word_1_465' title='bbox 2305 1834 2377 1886; x_wconf 87' lang='lat' dir='ltr'><strong>ad</strong></span> <span class='ocrx_word' id='word_1_466' title='bbox 2402 1833 2639 1887; x_wconf 86' lang='lat' dir='ltr'><strong>Verbum</strong></span> <span class='ocrx_word' id='word_1_467' title='bbox 2677 1835 2766 1889; x_wconf 92' lang='lat' dir='ltr'><strong>Dei</strong></span> <span class='ocrx_word' id='word_1_468' title='bbox 2797 1834 3128 1904; x_wconf 87' lang='lat' dir='ltr'><strong>ejuscemodi</strong></span> <span class='ocrx_word' id='word_1_469' title='bbox 3160 1838 3301 1890; x_wconf 89' lang='lat' dir='ltr'><strong>dicta</strong></span> <span class='ocrx_word' id='word_1_470' title='bbox 3344 1838 3539 1893; x_wconf 83' lang='lat' dir='ltr'><strong>referri</strong></span> 
     </span>
    </p>
   </div>
   <div class='ocr_carea' id='block_1_64' title="bbox 1965 1925 3539 1995">
    <p class='ocr_par' dir='ltr' id='par_1_64' title="bbox 1965 1925 3539 1995">
     <span class='ocr_line' id='line_1_64' title="bbox 1965 1925 3539 1995; baseline 0.002 -16"><span class='ocrx_word' id='word_1_471' title='bbox 1965 1926 2184 1987; x_wconf 86' lang='lat' dir='ltr'><strong>debent,</strong></span> <span class='ocrx_word' id='word_1_472' title='bbox 2210 1925 2513 1978; x_wconf 81' lang='lat' dir='ltr'><strong>videantne</strong></span> <span class='ocrx_word' id='word_1_473' title='bbox 2542 1926 2972 1979; x_wconf 84' lang='lat' dir='ltr'><strong>incarnationem</strong></span> <span class='ocrx_word' id='word_1_474' title='bbox 3006 1928 3178 1995; x_wconf 89' lang='lat' dir='ltr'><strong>ipsam</strong></span> <span class='ocrx_word' id='word_1_475' title='bbox 3199 1928 3426 1983; x_wconf 86' lang='lat' dir='ltr'><strong>otiosam</strong></span> <span class='ocrx_word' id='word_1_476' title='bbox 3456 1931 3539 1982; x_wconf 90' lang='lat' dir='ltr'><strong>iu-</strong></span> 
     </span>
    </p>
   </div>
   <div class='ocr_carea' id='block_1_65' title="bbox 1966 2015 3541 2087">
    <p class='ocr_par' dir='ltr' id='par_1_65' title="bbox 1966 2015 3541 2087">
     <span class='ocr_line' id='line_1_65' title="bbox 1966 2015 3541 2087; baseline 0.004 -20"><span class='ocrx_word' id='word_1_477' title='bbox 1966 2015 2393 2084; x_wconf 81' lang='lat' dir='ltr'><strong>frugiferamque</strong></span> <span class='ocrx_word' id='word_1_478' title='bbox 2434 2015 2655 2079; x_wconf 79' lang='lat' dir='ltr'><strong>faciant,</strong></span> <span class='ocrx_word' id='word_1_479' title='bbox 2709 2023 2764 2069; x_wconf 90' lang='lat' dir='ltr'><strong>et</strong></span> <span class='ocrx_word' id='word_1_480' title='bbox 2800 2026 3047 2068; x_wconf 85' lang='lat' dir='ltr'><strong>naturam</strong></span> <span class='ocrx_word' id='word_1_481' title='bbox 3085 2029 3324 2071; x_wconf 86' lang='lat' dir='ltr'><strong>nostram</strong></span> <span class='ocrx_word' id='word_1_482' title='bbox 3368 2021 3541 2087; x_wconf 81' lang='lat' dir='ltr'><strong>gratia</strong></span> 
     </span>
    </p>
   </div>
   <div class='ocr_carea' id='block_1_66' title="bbox 1966 2104 3540 2178">
    <p class='ocr_par' dir='ltr' id='par_1_66' title="bbox 1966 2104 3540 2178">
     <span class='ocr_line' id='line_1_66' title="bbox 1966 2104 3540 2178; baseline 0.003 -19"><span class='ocrx_word' id='word_1_483' title='bbox 1966 2106 2059 2160; x_wconf 87' lang='lat' dir='ltr'><strong>Dei</strong></span> <span class='ocrx_word' id='word_1_484' title='bbox 2088 2122 2311 2161; x_wconf 85' lang='lat' dir='ltr'><strong>vacuam</strong></span> <span class='ocrx_word' id='word_1_485' title='bbox 2346 2106 2640 2160; x_wconf 86' lang='lat' dir='ltr'><strong>declarent.</strong></span> <span class='ocrx_word' id='word_1_486' title='bbox 2690 2104 2826 2159; x_wconf 90' lang='lat' dir='ltr'><strong>Nam</strong></span> <span class='ocrx_word' id='word_1_487' title='bbox 2858 2108 2901 2161; x_wconf 91' lang='lat' dir='ltr'><strong>si</strong></span> <span class='ocrx_word' id='word_1_488' title='bbox 2956 2107 3190 2163; x_wconf 82' lang='lat' dir='ltr'><strong>Verbum</strong></span> <span class='ocrx_word' id='word_1_489' title='bbox 3233 2121 3341 2175; x_wconf 91' lang='lat' dir='ltr'><strong>est,</strong></span> <span class='ocrx_word' id='word_1_490' title='bbox 3397 2114 3540 2178; x_wconf 86' lang='lat' dir='ltr'><strong>quod</strong></span> 
     </span>
    </p>
   </div>
   <div class='ocr_carea' id='block_1_67' title="bbox 1966 2198 3543 2273">
    <p class='ocr_par' dir='ltr' id='par_1_67' title="bbox 1966 2198 3543 2273">
     <span class='ocr_line' id='line_1_67' title="bbox 1966 2198 3543 2273; baseline 0 -19"><span class='ocrx_word' id='word_1_491' title='bbox 1966 2201 2018 2255; x_wconf 89' lang='lat' dir='ltr'><strong>in</strong></span> <span class='ocrx_word' id='word_1_492' title='bbox 2049 2214 2146 2255; x_wconf 81' lang='lat' dir='ltr'><strong>sua</strong></span> <span class='ocrx_word' id='word_1_493' title='bbox 2182 2200 2381 2254; x_wconf 87' lang='lat' dir='ltr'><strong>deitate</strong></span> <span class='ocrx_word' id='word_1_494' title='bbox 2421 2198 2779 2269; x_wconf 81' lang='lat' dir='ltr'><strong>gloriﬁcatum</strong></span> <span class='ocrx_word' id='word_1_495' title='bbox 2810 2210 2888 2266; x_wconf 83' lang='lat' dir='ltr'><strong>_et</strong></span> <span class='ocrx_word' id='word_1_496' title='bbox 2933 2202 3331 2255; x_wconf 79' lang='lat' dir='ltr'><strong>sanctiﬁcatum</strong></span> <span class='ocrx_word' id='word_1_497' title='bbox 3376 2204 3543 2273; x_wconf 75' lang='lat'><strong>228</strong></span> 
     </span>
    </p>
   </div>
   <div class='ocr_carea' id='block_1_68' title="bbox 1965 2294 3545 2364">
    <p class='ocr_par' dir='ltr' id='par_1_68' title="bbox 1965 2294 3545 2364">
     <span class='ocr_line' id='line_1_68' title="bbox 1965 2294 3545 2364; baseline 0.001 -15"><span class='ocrx_word' id='word_1_498' title='bbox 1965 2304 2071 2358; x_wconf 84' lang='lat' dir='ltr'><strong>est,</strong></span> <span class='ocrx_word' id='word_1_499' title='bbox 2112 2295 2239 2364; x_wconf 91' lang='lat' dir='ltr'><strong>quid</strong></span> <span class='ocrx_word' id='word_1_500' title='bbox 2284 2294 2497 2348; x_wconf 80' lang='lat' dir='ltr'><strong>fructus</strong></span> <span class='ocrx_word' id='word_1_501' title='bbox 2529 2302 2634 2358; x_wconf 42' lang='lat' dir='ltr'><strong>.aut</strong></span> <span class='ocrx_word' id='word_1_502' title='bbox 2682 2294 3030 2348; x_wconf 87' lang='lat' dir='ltr'><strong>emolumenti</strong></span> <span class='ocrx_word' id='word_1_503' title='bbox 3077 2296 3386 2349; x_wconf 91' lang='lat' dir='ltr'><strong>hominibus</strong></span> <span class='ocrx_word' id='word_1_504' title='bbox 3421 2299 3545 2351; x_wconf 87' lang='lat' dir='ltr'><strong>inde</strong></span> 
     </span>
    </p>
   </div>
   <div class='ocr_carea' id='block_1_69' title="bbox 1965 2383 3543 2457">
    <p class='ocr_par' dir='ltr' id='par_1_69' title="bbox 1965 2383 3543 2457">
     <span class='ocr_line' id='line_1_69' title="bbox 1965 2383 3543 2457; baseline -0.002 -16"><span class='ocrx_word' id='word_1_505' title='bbox 1965 2389 2196 2443; x_wconf 88' lang='lat' dir='ltr'><strong>accessit</strong></span> <span class='ocrx_word' id='word_1_506' title='bbox 2224 2388 2370 2457; x_wconf 85' lang='lat' dir='ltr'><strong>quod</strong></span> <span class='ocrx_word' id='word_1_507' title='bbox 2398 2386 2574 2439; x_wconf 85' lang='lat' dir='ltr'><strong>lactus</strong></span> <span class='ocrx_word' id='word_1_508' title='bbox 2595 2385 2667 2438; x_wconf 94' lang='lat' dir='ltr'><strong>sit</strong></span> <span class='ocrx_word' id='word_1_509' title='bbox 2696 2385 2857 2437; x_wconf 90' lang='lat' dir='ltr'><strong>homo</strong></span> <span class='ocrx_word' id='word_1_510' title='bbox 2881 2384 2902 2437; x_wconf 86' lang='lat'><strong>?</strong></span> <span class='ocrx_word' id='word_1_511' title='bbox 2931 2383 3048 2451; x_wconf 88' lang='lat' dir='ltr'><strong>lpse</strong></span> <span class='ocrx_word' id='word_1_512' title='bbox 3078 2385 3220 2439; x_wconf 91' lang='lat' dir='ltr'><strong>enim</strong></span> <span class='ocrx_word' id='word_1_513' title='bbox 3246 2400 3276 2439; x_wconf 89' lang='lat' dir='ltr'><strong>e</strong></span> <span class='ocrx_word' id='word_1_514' title='bbox 3314 2387 3543 2440; x_wconf 81' lang='lat' dir='ltr'><strong>mortuis</strong></span> 
     </span>
    </p>
   </div>
   <div class='ocr_carea' id='block_1_70' title="bbox 1968 2478 3544 2543">
    <p class='ocr_par' dir='ltr' id='par_1_70' title="bbox 1968 2478 3544 2543">
     <span class='ocr_line' id='line_1_70' title="bbox 1968 2478 3544 2543; baseline -0.001 -9"><span class='ocrx_word' id='word_1_515' title='bbox 1968 2481 2333 2535; x_wconf 77' lang='lat' dir='ltr'><strong>resurrexisse</strong></span> <span class='ocrx_word' id='word_1_516' title='bbox 2376 2479 2611 2541; x_wconf 87' lang='lat' dir='ltr'><strong>videtur,</strong></span> <span class='ocrx_word' id='word_1_517' title='bbox 2662 2492 2770 2530; x_wconf 92' lang='lat' dir='ltr'><strong>non</strong></span> <span class='ocrx_word' id='word_1_518' title='bbox 2817 2486 2998 2529; x_wconf 86' lang='lat' dir='ltr'><strong>autem</strong></span> <span class='ocrx_word' id='word_1_519' title='bbox 3060 2492 3181 2531; x_wconf 91' lang='lat' dir='ltr'><strong>nos.</strong></span> <span class='ocrx_word' id='word_1_520' title='bbox 3228 2478 3367 2543; x_wconf 74' lang='lat' dir='ltr'><strong>Quid</strong></span> <span class='ocrx_word' id='word_1_521' title='bbox 3413 2494 3544 2533; x_wconf 82' lang='lat' dir='ltr'><strong>vero</strong></span> 
     </span>
    </p>
   </div>
   <div class='ocr_carea' id='block_1_71' title="bbox 1967 2567 3539 2639">
    <p class='ocr_par' dir='ltr' id='par_1_71' title="bbox 1967 2567 3539 2639">
     <span class='ocr_line' id='line_1_71' title="bbox 1967 2567 3539 2639; baseline -0.002 -13"><span class='ocrx_word' id='word_1_522' title='bbox 1967 2572 2142 2639; x_wconf 89' lang='lat' dir='ltr'><strong>ipsum</strong></span> <span class='ocrx_word' id='word_1_523' title='bbox 2174 2572 2343 2626; x_wconf 87' lang='lat' dir='ltr'><strong>movit</strong></span> <span class='ocrx_word' id='word_1_524' title='bbox 2369 2580 2427 2624; x_wconf 94' lang='lat' dir='ltr'><strong>ut</strong></span> <span class='ocrx_word' id='word_1_525' title='bbox 2460 2570 2612 2623; x_wconf 84' lang='lat' dir='ltr'><strong>ﬁeret</strong></span> <span class='ocrx_word' id='word_1_526' title='bbox 2640 2568 2843 2622; x_wconf 87' lang='lat' dir='ltr'><strong>homo?</strong></span> <span class='ocrx_word' id='word_1_527' title='bbox 2874 2567 3006 2621; x_wconf 89' lang='lat' dir='ltr'><strong>Nam</strong></span> <span class='ocrx_word' id='word_1_528' title='bbox 3041 2569 3111 2632; x_wconf 85' lang='lat' dir='ltr'><strong>si,</strong></span> <span class='ocrx_word' id='word_1_529' title='bbox 3156 2578 3213 2623; x_wconf 91' lang='lat' dir='ltr'><strong>ut</strong></span> <span class='ocrx_word' id='word_1_530' title='bbox 3244 2569 3539 2624; x_wconf 88' lang='lat' dir='ltr'><strong>humanam</strong></span> 
     </span>
    </p>
   </div>
   <div class='ocr_carea' id='block_1_72' title="bbox 1968 2660 3548 2732">
    <p class='ocr_par' dir='ltr' id='par_1_72' title="bbox 1968 2660 3548 2732">
     <span class='ocr_line' id='line_1_72' title="bbox 1968 2660 3548 2732; baseline 0 -16"><span class='ocrx_word' id='word_1_531' title='bbox 1968 2673 2213 2716; x_wconf 89' lang='lat' dir='ltr'><strong>naturam</strong></span> <span class='ocrx_word' id='word_1_532' title='bbox 2239 2662 2475 2732; x_wconf 73' lang='lat' dir='ltr'><strong>juvaret,</strong></span> <span class='ocrx_word' id='word_1_533' title='bbox 2537 2660 2713 2714; x_wconf 89' lang='lat' dir='ltr'><strong>inanis</strong></span> <span class='ocrx_word' id='word_1_534' title='bbox 2739 2668 2844 2725; x_wconf 87' lang='lat' dir='ltr'><strong>est,</strong></span> <span class='ocrx_word' id='word_1_535' title='bbox 2890 2660 3045 2727; x_wconf 80' lang='lat' dir='ltr'><strong>juxta</strong></span> <span class='ocrx_word' id='word_1_536' title='bbox 3078 2660 3218 2725; x_wconf 87' lang='lat' dir='ltr'><strong>illos,</strong></span> <span class='ocrx_word' id='word_1_537' title='bbox 3256 2660 3341 2715; x_wconf 90' lang='lat' dir='ltr'><strong>hic</strong></span> <span class='ocrx_word' id='word_1_538' title='bbox 3382 2678 3548 2716; x_wconf 78' lang='lat' dir='ltr'><strong>cona-</strong></span> 
     </span>
    </p>
   </div>
   <div class='ocr_carea' id='block_1_73' title="bbox 1970 2748 3545 2820">
    <p class='ocr_par' dir='ltr' id='par_1_73' title="bbox 1970 2748 3545 2820">
     <span class='ocr_line' id='line_1_73' title="bbox 1970 2748 3545 2820; baseline 0 -13"><span class='ocrx_word' id='word_1_539' title='bbox 1970 2764 2098 2807; x_wconf 92' lang='lat' dir='ltr'><strong>tus:</strong></span> <span class='ocrx_word' id='word_1_540' title='bbox 2142 2762 2333 2806; x_wconf 88' lang='lat' dir='ltr'><strong>natura</strong></span> <span class='ocrx_word' id='word_1_541' title='bbox 2362 2751 2507 2805; x_wconf 85' lang='lat' dir='ltr'><strong>enim</strong></span> <span class='ocrx_word' id='word_1_542' title='bbox 2540 2750 2723 2820; x_wconf 85' lang='lat' dir='ltr'><strong>adjuta</strong></span> <span class='ocrx_word' id='word_1_543' title='bbox 2751 2765 2858 2804; x_wconf 93' lang='lat' dir='ltr'><strong>non</strong></span> <span class='ocrx_word' id='word_1_544' title='bbox 2907 2748 3075 2804; x_wconf 83' lang='lat' dir='ltr'><strong>fuisse</strong></span> <span class='ocrx_word' id='word_1_545' title='bbox 3119 2754 3383 2817; x_wconf 85' lang='lat' dir='ltr'><strong>cernitur,</strong></span> <span class='ocrx_word' id='word_1_546' title='bbox 3449 2756 3545 2808; x_wconf 86' lang='lat' dir='ltr'><strong>sed</strong></span> 
     </span>
    </p>
   </div>
   <div class='ocr_carea' id='block_1_74' title="bbox 1969 2841 3545 2915">
    <p class='ocr_par' dir='ltr' id='par_1_74' title="bbox 1969 2841 3545 2915">
     <span class='ocr_line' id='line_1_74' title="bbox 1969 2841 3545 2915; baseline 0 -16"><span class='ocrx_word' id='word_1_547' title='bbox 1969 2847 2083 2913; x_wconf 88' lang='lat' dir='ltr'><strong>ipse</strong></span> <span class='ocrx_word' id='word_1_548' title='bbox 2122 2846 2334 2915; x_wconf 87' lang='lat' dir='ltr'><strong>potius;</strong></span> <span class='ocrx_word' id='word_1_549' title='bbox 2384 2852 2439 2897; x_wconf 89' lang='lat' dir='ltr'><strong>et</strong></span> <span class='ocrx_word' id='word_1_550' title='bbox 2485 2843 2553 2908; x_wconf 91' lang='lat' dir='ltr'><strong>si,</strong></span> <span class='ocrx_word' id='word_1_551' title='bbox 2606 2844 2825 2912; x_wconf 85' lang='lat' dir='ltr'><strong>quando</strong></span> <span class='ocrx_word' id='word_1_552' title='bbox 2861 2841 3035 2897; x_wconf 80' lang='lat' dir='ltr'><strong>factus</strong></span> <span class='ocrx_word' id='word_1_553' title='bbox 3079 2854 3161 2897; x_wconf 88' lang='lat' dir='ltr'><strong>est</strong></span> <span class='ocrx_word' id='word_1_554' title='bbox 3197 2844 3378 2909; x_wconf 90' lang='lat' dir='ltr'><strong>homo,</strong></span> <span class='ocrx_word' id='word_1_555' title='bbox 3432 2857 3545 2900; x_wconf 90' lang='lat' dir='ltr'><strong>tum</strong></span> 
     </span>
    </p>
   </div>
   <div class='ocr_carea' id='block_1_75' title="bbox 1967 2934 3541 3009">
    <p class='ocr_par' dir='ltr' id='par_1_75' title="bbox 1967 2934 3541 3009">
     <span class='ocr_line' id='line_1_75' title="bbox 1967 2934 3541 3009; baseline -0.001 -18"><span class='ocrx_word' id='word_1_556' title='bbox 1967 2937 2127 2991; x_wconf 89' lang='lat' dir='ltr'><strong>etiam</strong></span> <span class='ocrx_word' id='word_1_557' title='bbox 2159 2937 2386 3006; x_wconf 84' lang='lat' dir='ltr'><strong>gloriam</strong></span> <span class='ocrx_word' id='word_1_558' title='bbox 2403 2934 2699 3009; x_wconf 42' lang='lat' dir='ltr'><strong>.accepisse</strong></span> <span class='ocrx_word' id='word_1_559' title='bbox 2726 2943 2780 2988; x_wconf 91' lang='lat' dir='ltr'><strong>et</strong></span> <span class='ocrx_word' id='word_1_560' title='bbox 2809 2934 3319 3001; x_wconf 84' lang='lat' dir='ltr'><strong>sanctiticationem,</strong></span> <span class='ocrx_word' id='word_1_561' title='bbox 3351 2946 3406 2989; x_wconf 93' lang='lat' dir='ltr'><strong>et</strong></span> <span class='ocrx_word' id='word_1_562' title='bbox 3443 2952 3541 3006; x_wconf 87' lang='lat' dir='ltr'><strong>po-</strong></span> 
     </span>
    </p>
   </div>
   <div class='ocr_carea' id='block_1_76' title="bbox 1968 3026 3539 3095">
    <p class='ocr_par' dir='ltr' id='par_1_76' title="bbox 1968 3026 3539 3095">
     <span class='ocr_line' id='line_1_76' title="bbox 1968 3026 3539 3095; baseline -0.001 -14"><span class='ocrx_word' id='word_1_563' title='bbox 1968 3037 2241 3093; x_wconf 90' lang='lat' dir='ltr'><strong>testatem,</strong></span> <span class='ocrx_word' id='word_1_564' title='bbox 2293 3038 2347 3083; x_wconf 90' lang='lat' dir='ltr'><strong>et</strong></span> <span class='ocrx_word' id='word_1_565' title='bbox 2377 3027 2482 3080; x_wconf 84' lang='lat' dir='ltr'><strong>alia</strong></span> <span class='ocrx_word' id='word_1_566' title='bbox 2516 3040 2637 3095; x_wconf 65' lang='lat' dir='ltr'><strong>qua:</strong></span> <span class='ocrx_word' id='word_1_567' title='bbox 2687 3026 2788 3095; x_wconf 91' lang='lat' dir='ltr'><strong>ipsi</strong></span> <span class='ocrx_word' id='word_1_568' title='bbox 2836 3026 3192 3091; x_wconf 89' lang='lat' dir='ltr'><strong>tribuuntur,</strong></span> <span class='ocrx_word' id='word_1_569' title='bbox 3245 3030 3491 3083; x_wconf 89' lang='lat' dir='ltr'><strong>cernitur</strong></span> <span class='ocrx_word' id='word_1_570' title='bbox 3526 3046 3539 3080; x_wconf 90' lang='lat'>:</span> 
     </span>
    </p>
   </div>
   <div class='ocr_carea' id='block_1_77' title="bbox 1971 3118 3546 3190">
    <p class='ocr_par' dir='ltr' id='par_1_77' title="bbox 1971 3118 3546 3190">
     <span class='ocr_line' id='line_1_77' title="bbox 1971 3118 3546 3190; baseline 0.001 -17"><span class='ocrx_word' id='word_1_571' title='bbox 1971 3121 2318 3175; x_wconf 83' lang='lat' dir='ltr'><strong>manifestum</strong></span> <span class='ocrx_word' id='word_1_572' title='bbox 2376 3130 2464 3173; x_wconf 85' lang='lat' dir='ltr'><strong>est</strong></span> <span class='ocrx_word' id='word_1_573' title='bbox 2508 3119 2706 3187; x_wconf 90' lang='lat' dir='ltr'><strong>ipsum,</strong></span> <span class='ocrx_word' id='word_1_574' title='bbox 2737 3118 2896 3188; x_wconf 82' lang='lat' dir='ltr'><strong>juxta</strong></span> <span class='ocrx_word' id='word_1_575' title='bbox 2945 3118 3161 3172; x_wconf 90' lang='lat' dir='ltr'><strong>illorum</strong></span> <span class='ocrx_word' id='word_1_576' title='bbox 3212 3121 3546 3190; x_wconf 86' lang='lat' dir='ltr'><strong>opinionem,</strong></span> 
     </span>
    </p>
   </div>
   <div class='ocr_carea' id='block_1_78' title="bbox 1970 3210 3545 3283">
    <p class='ocr_par' dir='ltr' id='par_1_78' title="bbox 1970 3210 3545 3283">
     <span class='ocr_line' id='line_1_78' title="bbox 1970 3210 3545 3283; baseline 0.002 -18"><span class='ocrx_word' id='word_1_577' title='bbox 1970 3222 2094 3266; x_wconf 88' lang='lat' dir='ltr'><strong>ante</strong></span> <span class='ocrx_word' id='word_1_578' title='bbox 2122 3213 2551 3267; x_wconf 86' lang='lat' dir='ltr'><strong>incarnationem</strong></span> <span class='ocrx_word' id='word_1_579' title='bbox 2584 3210 2650 3264; x_wconf 90' lang='lat' dir='ltr'><strong>iis</strong></span> <span class='ocrx_word' id='word_1_580' title='bbox 2681 3225 2910 3265; x_wconf 86' lang='lat' dir='ltr'><strong>vacuum</strong></span> <span class='ocrx_word' id='word_1_581' title='bbox 2940 3210 3133 3279; x_wconf 81' lang='lat' dir='ltr'><strong>fuisse,</strong></span> <span class='ocrx_word' id='word_1_582' title='bbox 3181 3222 3237 3266; x_wconf 91' lang='lat' dir='ltr'><strong>et</strong></span> <span class='ocrx_word' id='word_1_583' title='bbox 3286 3225 3396 3269; x_wconf 90' lang='lat' dir='ltr'><strong>tum</strong></span> <span class='ocrx_word' id='word_1_584' title='bbox 3433 3216 3545 3283; x_wconf 91' lang='lat' dir='ltr'><strong>pri-</strong></span> 
     </span>
    </p>
   </div>
   <div class='ocr_carea' id='block_1_79' title="bbox 1972 3303 3545 3374">
    <p class='ocr_par' dir='ltr' id='par_1_79' title="bbox 1972 3303 3545 3374">
     <span class='ocr_line' id='line_1_79' title="bbox 1972 3303 3545 3374; baseline 0.003 -16"><span class='ocrx_word' id='word_1_585' title='bbox 1972 3320 2116 3358; x_wconf 90' lang='lat' dir='ltr'><strong>mum</strong></span> <span class='ocrx_word' id='word_1_586' title='bbox 2144 3319 2268 3359; x_wconf 92' lang='lat' dir='ltr'><strong>cum</strong></span> <span class='ocrx_word' id='word_1_587' title='bbox 2298 3318 2518 3357; x_wconf 88' lang='lat' dir='ltr'><strong>carnem</strong></span> <span class='ocrx_word' id='word_1_588' title='bbox 2572 3303 2888 3370; x_wconf 85' lang='lat' dir='ltr'><strong>assumpsit,</strong></span> <span class='ocrx_word' id='word_1_589' title='bbox 2944 3318 3006 3357; x_wconf 89' lang='lat' dir='ltr'><strong>ea</strong></span> <span class='ocrx_word' id='word_1_590' title='bbox 3037 3306 3331 3374; x_wconf 76' lang='lat' dir='ltr'><strong>accepisse.</strong></span> <span class='ocrx_word' id='word_1_591' title='bbox 3385 3308 3545 3362; x_wconf 66' lang='grc' dir='ltr'><strong>(ἔπι-ιιὶ</strong></span> 
     </span>
    </p>
   </div>
   <div class='ocr_carea' id='block_1_80' title="bbox 1972 3394 3547 3466">
    <p class='ocr_par' dir='ltr' id='par_1_80' title="bbox 1972 3394 3547 3466">
     <span class='ocr_line' id='line_1_80' title="bbox 1972 3394 3547 3466; baseline 0.003 -18"><span class='ocrx_word' id='word_1_592' title='bbox 1972 3395 2135 3465; x_wconf 86' lang='lat' dir='ltr'><strong>igitur</strong></span> <span class='ocrx_word' id='word_1_593' title='bbox 2156 3405 2437 3462; x_wconf 90' lang='lat' dir='ltr'><strong>acceptum</strong></span> <span class='ocrx_word' id='word_1_594' title='bbox 2470 3394 2633 3460; x_wconf 83' lang='lat' dir='ltr'><strong>ferat,</strong></span> <span class='ocrx_word' id='word_1_595' title='bbox 2661 3395 2802 3464; x_wconf 89' lang='lat' dir='ltr'><strong>quod</strong></span> <span class='ocrx_word' id='word_1_596' title='bbox 2842 3409 2937 3461; x_wconf 91' lang='lat' dir='ltr'><strong>per</strong></span> <span class='ocrx_word' id='word_1_597' title='bbox 2967 3395 3084 3465; x_wconf 87' lang='lat' dir='ltr'><strong>ejus</strong></span> <span class='ocrx_word' id='word_1_598' title='bbox 3118 3399 3547 3466; x_wconf 88' lang='lat' dir='ltr'><strong>assumptionem</strong></span> 
     </span>
    </p>
   </div>
   <div class='ocr_carea' id='block_1_81' title="bbox 1972 3484 3547 3555">
    <p class='ocr_par' dir='ltr' id='par_1_81' title="bbox 1972 3484 3547 3555">
     <span class='ocr_line' id='line_1_81' title="bbox 1972 3484 3547 3555; baseline 0.004 -17"><span class='ocrx_word' id='word_1_599' title='bbox 1972 3488 2164 3539; x_wconf 77' lang='lat' dir='ltr'><strong>melior</strong></span> <span class='ocrx_word' id='word_1_600' title='bbox 2190 3486 2260 3539; x_wconf 89' lang='lat' dir='ltr'><strong>sit</strong></span> <span class='ocrx_word' id='word_1_601' title='bbox 2281 3484 2526 3551; x_wconf 71' lang='lat' dir='ltr'><strong>elfectus,</strong></span> <span class='ocrx_word' id='word_1_602' title='bbox 2554 3501 2658 3539; x_wconf 89' lang='lat' dir='ltr'><strong>non</strong></span> <span class='ocrx_word' id='word_1_603' title='bbox 2693 3500 2821 3540; x_wconf 84' lang='lat' dir='ltr'><strong>vero</strong></span> <span class='ocrx_word' id='word_1_604' title='bbox 2852 3486 3021 3555; x_wconf 90' lang='lat' dir='ltr'><strong>ipsam</strong></span> <span class='ocrx_word' id='word_1_605' title='bbox 3045 3488 3323 3544; x_wconf 88' lang='lat' dir='ltr'><strong>meliorem</strong></span> <span class='ocrx_word' id='word_1_606' title='bbox 3347 3490 3547 3545; x_wconf 79' lang='lat' dir='ltr'><strong>cﬂece-</strong></span> 
     </span>
    </p>
   </div>
   <div class='ocr_carea' id='block_1_82' title="bbox 1973 3576 3551 3647">
    <p class='ocr_par' dir='ltr' id='par_1_82' title="bbox 1973 3576 3551 3647">
     <span class='ocr_line' id='line_1_82' title="bbox 1973 3576 3551 3647; baseline 0.004 -15"><span class='ocrx_word' id='word_1_607' title='bbox 1973 3581 2062 3632; x_wconf 83' lang='lat' dir='ltr'><strong>rit.</strong></span> <span class='ocrx_word' id='word_1_608' title='bbox 2092 3577 2253 3646; x_wconf 84' lang='lat' dir='ltr'><strong>Atqui</strong></span> <span class='ocrx_word' id='word_1_609' title='bbox 2288 3578 2391 3630; x_wconf 93' lang='lat' dir='ltr'><strong>hoc</strong></span> <span class='ocrx_word' id='word_1_610' title='bbox 2410 3588 2464 3629; x_wconf 88' lang='lat' dir='ltr'><strong>et</strong></span> <span class='ocrx_word' id='word_1_611' title='bbox 2488 3576 2725 3645; x_wconf 79' lang='lat' dir='ltr'><strong>cogitatu</strong></span> <span class='ocrx_word' id='word_1_612' title='bbox 2752 3587 2804 3629; x_wconf 91' lang='lat' dir='ltr'><strong>et</strong></span> <span class='ocrx_word' id='word_1_613' title='bbox 2827 3578 2970 3631; x_wconf 91' lang='lat' dir='ltr'><strong>dictu</strong></span> <span class='ocrx_word' id='word_1_614' title='bbox 2998 3579 3223 3647; x_wconf 87' lang='lat' dir='ltr'><strong>impium</strong></span> <span class='ocrx_word' id='word_1_615' title='bbox 3243 3592 3347 3635; x_wconf 88' lang='lat' dir='ltr'><strong>est.</strong></span> <span class='ocrx_word' id='word_1_616' title='bbox 3376 3582 3551 3638; x_wconf 86' lang='lat' dir='ltr'><strong>lucar-</strong></span> 
     </span>
    </p>
   </div>
   <div class='ocr_carea' id='block_1_83' title="bbox 1971 3667 3544 3730">
    <p class='ocr_par' dir='ltr' id='par_1_83' title="bbox 1971 3667 3544 3730">
     <span class='ocr_line' id='line_1_83' title="bbox 1971 3667 3544 3730; baseline 0.003 -7"><span class='ocrx_word' id='word_1_617' title='bbox 1971 3678 2129 3723; x_wconf 88' lang='lat' dir='ltr'><strong>natus</strong></span> <span class='ocrx_word' id='word_1_618' title='bbox 2151 3667 2293 3720; x_wconf 91' lang='lat' dir='ltr'><strong>enim</strong></span> <span class='ocrx_word' id='word_1_619' title='bbox 2314 3676 2395 3720; x_wconf 91' lang='lat' dir='ltr'><strong>est</strong></span> <span class='ocrx_word' id='word_1_620' title='bbox 2419 3675 2475 3719; x_wconf 92' lang='lat' dir='ltr'><strong>ut</strong></span> <span class='ocrx_word' id='word_1_621' title='bbox 2500 3667 2771 3721; x_wconf 90' lang='lat' dir='ltr'><strong>hominem</strong></span> <span class='ocrx_word' id='word_1_622' title='bbox 2793 3667 3125 3730; x_wconf 69' lang='lat' dir='ltr'><strong>gloriﬁcaret</strong></span> <span class='ocrx_word' id='word_1_623' title='bbox 3151 3682 3206 3723; x_wconf 91' lang='lat' dir='ltr'><strong>et</strong></span> <span class='ocrx_word' id='word_1_624' title='bbox 3231 3675 3544 3728; x_wconf 80' lang='lat' dir='ltr'><strong>sanctiﬁca-</strong></span> 
     </span>
    </p>
   </div>
   <div class='ocr_carea' id='block_1_84' title="bbox 1973 3758 3547 3831">
    <p class='ocr_par' dir='ltr' id='par_1_84' title="bbox 1973 3758 3547 3831">
     <span class='ocr_line' id='line_1_84' title="bbox 1973 3758 3547 3831; baseline 0.003 -18"><span class='ocrx_word' id='word_1_625' title='bbox 1973 3758 2322 3813; x_wconf 82' lang='lat' dir='ltr'><strong>ret.Verbum</strong></span> <span class='ocrx_word' id='word_1_626' title='bbox 2344 3760 2546 3827; x_wconf 89' lang='lat' dir='ltr'><strong>itaque,</strong></span> <span class='ocrx_word' id='word_1_627' title='bbox 2585 3770 2854 3826; x_wconf 88' lang='lat' dir='ltr'><strong>quatenus</strong></span> <span class='ocrx_word' id='word_1_628' title='bbox 2873 3759 3129 3827; x_wconf 87' lang='lat' dir='ltr'><strong>Verbum,</strong></span> <span class='ocrx_word' id='word_1_629' title='bbox 3150 3764 3281 3815; x_wconf 92' lang='lat' dir='ltr'><strong>nihil</strong></span> <span class='ocrx_word' id='word_1_630' title='bbox 3304 3767 3547 3831; x_wconf 84' lang='lat' dir='ltr'><strong>accepit:</strong></span> 
     </span>
    </p>
   </div>
   <div class='ocr_carea' id='block_1_85' title="bbox 1976 3851 3551 3922">
    <p class='ocr_par' dir='ltr' id='par_1_85' title="bbox 1976 3851 3551 3922">
     <span class='ocr_line' id='line_1_85' title="bbox 1976 3851 3551 3922; baseline 0.008 -20"><span class='ocrx_word' id='word_1_631' title='bbox 1976 3851 2277 3922; x_wconf 70' lang='lat' dir='ltr'><strong>perfectum</strong></span> <span class='ocrx_word' id='word_1_632' title='bbox 2328 3852 2470 3904; x_wconf 89' lang='lat' dir='ltr'><strong>enim</strong></span> <span class='ocrx_word' id='word_1_633' title='bbox 2501 3859 2603 3915; x_wconf 87' lang='lat' dir='ltr'><strong>est,</strong></span> <span class='ocrx_word' id='word_1_634' title='bbox 2651 3853 3108 3919; x_wconf 89' lang='lat' dir='ltr'><strong>quemadmodum</strong></span> <span class='ocrx_word' id='word_1_635' title='bbox 3134 3865 3187 3908; x_wconf 91' lang='lat' dir='ltr'><strong>et</strong></span> <span class='ocrx_word' id='word_1_636' title='bbox 3223 3855 3410 3911; x_wconf 86' lang='lat' dir='ltr'><strong>Pater.</strong></span> <span class='ocrx_word' id='word_1_637' title='bbox 3444 3857 3551 3914; x_wconf 69' lang='lat' dir='ltr'><strong>Sed</strong></span> 
     </span>
    </p>
   </div>
   <div class='ocr_carea' id='block_1_86' title="bbox 1975 3944 3549 4018">
    <p class='ocr_par' dir='ltr' id='par_1_86' title="bbox 1975 3944 3549 4018">
     <span class='ocr_line' id='line_1_86' title="bbox 1975 3944 3549 4018; baseline 0.002 -19"><span class='ocrx_word' id='word_1_638' title='bbox 1975 3962 2073 3999; x_wconf 79' lang='lat' dir='ltr'><strong>nos</strong></span> <span class='ocrx_word' id='word_1_639' title='bbox 2098 3946 2147 3997; x_wconf 93' lang='lat' dir='ltr'><strong>in</strong></span> <span class='ocrx_word' id='word_1_640' title='bbox 2185 3945 2303 4011; x_wconf 89' lang='lat' dir='ltr'><strong>ipso</strong></span> <span class='ocrx_word' id='word_1_641' title='bbox 2339 3944 2658 4011; x_wconf 85' lang='lat' dir='ltr'><strong>accipimus,</strong></span> <span class='ocrx_word' id='word_1_642' title='bbox 2683 3945 2899 4010; x_wconf 90' lang='lat' dir='ltr'><strong>quando</strong></span> <span class='ocrx_word' id='word_1_643' title='bbox 2931 3960 3151 3999; x_wconf 88' lang='lat' dir='ltr'><strong>carnem</strong></span> <span class='ocrx_word' id='word_1_644' title='bbox 3188 3960 3429 4002; x_wconf 86' lang='lat' dir='ltr'><strong>nostram</strong></span> <span class='ocrx_word' id='word_1_645' title='bbox 3453 3967 3549 4018; x_wconf 77' lang='lat' dir='ltr'><strong>ge-</strong></span> 
     </span>
    </p>
   </div>
   <div class='ocr_carea' id='block_1_87' title="bbox 1973 4033 3550 4104">
    <p class='ocr_par' dir='ltr' id='par_1_87' title="bbox 1973 4033 3550 4104">
     <span class='ocr_line' id='line_1_87' title="bbox 1973 4033 3550 4104; baseline 0.003 -15"><span class='ocrx_word' id='word_1_646' title='bbox 1973 4035 2179 4089; x_wconf 75' lang='lat' dir='ltr'><strong>stavit:</strong></span> <span class='ocrx_word' id='word_1_647' title='bbox 2215 4033 2358 4086; x_wconf 84' lang='lat' dir='ltr'><strong>sicut</strong></span> <span class='ocrx_word' id='word_1_648' title='bbox 2384 4036 2529 4087; x_wconf 90' lang='lat' dir='ltr'><strong>enim</strong></span> <span class='ocrx_word' id='word_1_649' title='bbox 2557 4049 2675 4087; x_wconf 91' lang='lat' dir='ltr'><strong>cum</strong></span> <span class='ocrx_word' id='word_1_650' title='bbox 2706 4033 2820 4104; x_wconf 88' lang='lat' dir='ltr'><strong>ipse</strong></span> <span class='ocrx_word' id='word_1_651' title='bbox 2870 4037 3189 4101; x_wconf 79' lang='lat' dir='ltr'><strong>resurrexit,</strong></span> <span class='ocrx_word' id='word_1_652' title='bbox 3240 4054 3339 4093; x_wconf 91' lang='lat' dir='ltr'><strong>nos</strong></span> <span class='ocrx_word' id='word_1_653' title='bbox 3385 4042 3550 4094; x_wconf 86' lang='lat' dir='ltr'><strong>etiam</strong></span> 
     </span>
    </p>
   </div>
   <div class='ocr_carea' id='block_1_88' title="bbox 1976 4126 3550 4195">
    <p class='ocr_par' dir='ltr' id='par_1_88' title="bbox 1976 4126 3550 4195">
     <span class='ocr_line' id='line_1_88' title="bbox 1976 4126 3550 4195; baseline 0.005 -16"><span class='ocrx_word' id='word_1_654' title='bbox 1976 4126 2414 4190; x_wconf 77' lang='lat' dir='ltr'><strong>resurreximus,</strong></span> <span class='ocrx_word' id='word_1_655' title='bbox 2476 4139 2709 4193; x_wconf 89' lang='lat' dir='ltr'><strong>cumque</strong></span> <span class='ocrx_word' id='word_1_656' title='bbox 2768 4127 2883 4195; x_wconf 87' lang='lat' dir='ltr'><strong>ipse</strong></span> <span class='ocrx_word' id='word_1_657' title='bbox 2937 4142 3150 4181; x_wconf 89' lang='lat' dir='ltr'><strong>rursum</strong></span> <span class='ocrx_word' id='word_1_658' title='bbox 3201 4133 3449 4185; x_wconf 82' lang='lat' dir='ltr'><strong>ascendit</strong></span> <span class='ocrx_word' id='word_1_659' title='bbox 3496 4134 3550 4187; x_wconf 94' lang='lat' dir='ltr'><strong>in</strong></span> 
     </span>
    </p>
   </div>
   <div class='ocr_carea' id='block_1_89' title="bbox 1976 4215 3550 4279">
    <p class='ocr_par' dir='ltr' id='par_1_89' title="bbox 1976 4215 3550 4279">
     <span class='ocr_line' id='line_1_89' title="bbox 1976 4215 3550 4279; baseline 0.004 -7"><span class='ocrx_word' id='word_1_660' title='bbox 1976 4217 2163 4279; x_wconf 72' lang='lat' dir='ltr'><strong>cmlos,</strong></span> <span class='ocrx_word' id='word_1_661' title='bbox 2207 4230 2465 4270; x_wconf 85' lang='lat' dir='ltr'><strong>ascensus</strong></span> <span class='ocrx_word' id='word_1_662' title='bbox 2505 4215 2659 4271; x_wconf 89' lang='lat' dir='ltr'><strong>nobis</strong></span> <span class='ocrx_word' id='word_1_663' title='bbox 2718 4227 2801 4271; x_wconf 91' lang='lat' dir='ltr'><strong>est</strong></span> <span class='ocrx_word' id='word_1_664' title='bbox 2827 4218 3193 4275; x_wconf 69' lang='lat' dir='ltr'><strong>sinstauratus</strong></span> <span class='ocrx_word' id='word_1_665' title='bbox 3237 4238 3249 4274; x_wconf 93' lang='lat'><strong>:</strong></span> <span class='ocrx_word' id='word_1_666' title='bbox 3301 4222 3370 4275; x_wconf 90' lang='lat' dir='ltr'><strong>ita</strong></span> <span class='ocrx_word' id='word_1_667' title='bbox 3429 4239 3550 4278; x_wconf 90' lang='lat' dir='ltr'><strong>cum</strong></span> 
     </span>
    </p>
   </div>
   <div class='ocr_carea' id='block_1_90' title="bbox 292 4311 2599 4388">
    <p class='ocr_par' dir='ltr' id='par_1_90' title="bbox 292 4311 2599 4388">
     <span class='ocr_line' id='line_1_90' title="bbox 292 4311 2599 4388; baseline -0.002 -19"><span class='ocrx_word' id='word_1_668' title='bbox 292 4316 408 4384; x_wconf 84' lang='lat' dir='ltr'><strong>ipse</strong></span> <span class='ocrx_word' id='word_1_669' title='bbox 447 4315 737 4387; x_wconf 83' lang='lat' dir='ltr'><strong>gloriﬁcari</strong></span> <span class='ocrx_word' id='word_1_670' title='bbox 795 4326 850 4369; x_wconf 92' lang='lat' dir='ltr'><strong>et</strong></span> <span class='ocrx_word' id='word_1_671' title='bbox 913 4315 1242 4371; x_wconf 81' lang='lat' dir='ltr'><strong>sanctiﬁcari</strong></span> <span class='ocrx_word' id='word_1_672' title='bbox 1298 4318 1519 4383; x_wconf 91' lang='lat' dir='ltr'><strong>dicitur,</strong></span> <span class='ocrx_word' id='word_1_673' title='bbox 1575 4334 1673 4374; x_wconf 92' lang='lat' dir='ltr'><strong>nos</strong></span> <span class='ocrx_word' id='word_1_674' title='bbox 1702 4317 2075 4388; x_wconf 82' lang='lat' dir='ltr'><strong>signiticamur</strong></span> <span class='ocrx_word' id='word_1_675' title='bbox 2105 4313 2257 4367; x_wconf 88' lang='lat' dir='ltr'><strong>hisce</strong></span> <span class='ocrx_word' id='word_1_676' title='bbox 2288 4312 2449 4366; x_wconf 88' lang='lat' dir='ltr'><strong>rebus</strong></span> <span class='ocrx_word' id='word_1_677' title='bbox 2471 4311 2599 4366; x_wconf 82' lang='lat' dir='ltr'><strong>frui.</strong></span> 
     </span>
    </p>
   </div>
   <div class='ocr_carea' id='block_1_91' title="bbox 288 4476 1863 4567">
    <p class='ocr_par' dir='ltr' id='par_1_91' title="bbox 288 4490 1863 4567">
     <span class='ocr_line' id='line_1_91' title="bbox 288 4490 1863 4567; baseline -0.003 -15"><span class='ocrx_word' id='word_1_678' title='bbox 288 4498 493 4563; x_wconf 80' lang='grc' dir='ltr'><strong>ΔΛΛΟ,</strong></span> <span class='ocrx_word' id='word_1_679' title='bbox 544 4496 618 4550; x_wconf 86' lang='grc' dir='ltr'>δι’</span> <span class='ocrx_word' id='word_1_680' title='bbox 644 4490 731 4567; x_wconf 33' lang='lat' dir='ltr'><strong>ob:</strong></span> <span class='ocrx_word' id='word_1_681' title='bbox 766 4495 1071 4567; x_wconf 67' lang='grc' dir='ltr'>δείκτςυται</span> <span class='ocrx_word' id='word_1_682' title='bbox 1118 4495 1365 4567; x_wconf 58' lang='grc' dir='ltr'>σαφῶς,</span> <span class='ocrx_word' id='word_1_683' title='bbox 1395 4497 1545 4565; x_wconf 80' lang='grc' dir='ltr'>ἅπερ</span> <span class='ocrx_word' id='word_1_684' title='bbox 1586 4494 1751 4567; x_wconf 78' lang='grc' dir='ltr'>εἶχεν</span> <span class='ocrx_word' id='word_1_685' title='bbox 1796 4498 1863 4561; x_wconf 79' lang='grc' dir='ltr'>ὡς</span> 
     </span>
    </p>
   </div>
   <div class='ocr_carea' id='block_1_92' title="bbox 1971 4476 3551 4567">
    <p class='ocr_par' dir='ltr' id='par_1_92' title="bbox 1981 4486 3551 4567">
     <span class='ocr_line' id='line_1_92' title="bbox 1981 4486 3551 4567; baseline 0.004 -26"><span class='ocrx_word' id='word_1_686' title='bbox 1981 4486 2364 4567; x_wconf 42' lang='grc' dir='ltr'><strong>ΑΕΙυΙ),λ(]ιιο</strong></span> <span class='ocrx_word' id='word_1_687' title='bbox 2424 4488 2700 4567; x_wconf 65' lang='lat' dir='ltr'><strong>manifeste</strong></span> <span class='ocrx_word' id='word_1_688' title='bbox 2744 4489 3042 4541; x_wconf 71' lang='lat' dir='ltr'><strong>ostenditur</strong></span> <span class='ocrx_word' id='word_1_689' title='bbox 3091 4506 3210 4567; x_wconf 58' lang='lat' dir='ltr'><strong>qut):</strong></span> <span class='ocrx_word' id='word_1_690' title='bbox 3263 4491 3442 4547; x_wconf 78' lang='lat' dir='ltr'><strong>habuit</strong></span> <span class='ocrx_word' id='word_1_691' title='bbox 3494 4504 3551 4547; x_wconf 85' lang='lat' dir='ltr'><strong>ut</strong></span> 
     </span>
    </p>
   </div>
   <div class='ocr_carea' id='block_1_93' title="bbox 505 4564 1660 4636">
    <p class='ocr_par' dir='ltr' id='par_1_93' title="bbox 505 4564 1660 4636">
     <span class='ocr_line' id='line_1_93' title="bbox 505 4564 1660 4636; baseline 0 -15"><span class='ocrx_word' id='word_1_692' title='bbox 505 4567 671 4633; x_wconf 85' lang='grc' dir='ltr'>Θεὸς,</span> <span class='ocrx_word' id='word_1_693' title='bbox 705 4566 781 4619; x_wconf 84' lang='grc' dir='ltr'>δι’</span> <span class='ocrx_word' id='word_1_694' title='bbox 816 4564 972 4634; x_wconf 78' lang='grc' dir='ltr'>ἡμᾶς</span> <span class='ocrx_word' id='word_1_695' title='bbox 1001 4566 1183 4620; x_wconf 81' lang='grc' dir='ltr'>αἰτῶν</span> <span class='ocrx_word' id='word_1_696' title='bbox 1210 4564 1298 4633; x_wconf 84' lang='grc' dir='ltr'>ὡς</span> <span class='ocrx_word' id='word_1_697' title='bbox 1328 4564 1660 4636; x_wconf 70' lang='grc' dir='ltr'>ἄνθρωπος.</span> 
     </span>
    </p>
   </div>
   <div class='ocr_carea' id='block_1_94' title="bbox 362 4724 1873 4797">
    <p class='ocr_par' dir='ltr' id='par_1_94' title="bbox 362 4724 1873 4797">
     <span class='ocr_line' id='line_1_94' title="bbox 362 4724 1873 4797; baseline 0 -17"><span class='ocrx_word' id='word_1_698' title='bbox 362 4726 526 4794; x_wconf 83' lang='grc' dir='ltr'>Λέγει</span> <span class='ocrx_word' id='word_1_699' title='bbox 581 4742 682 4779; x_wconf 89' lang='grc' dir='ltr'><strong>που</strong></span> <span class='ocrx_word' id='word_1_700' title='bbox 735 4724 1004 4795; x_wconf 86' lang='grc' dir='ltr'>Χριστός·</span> <span class='ocrx_word' id='word_1_701' title='bbox 1062 4746 1080 4775; x_wconf 79' lang='grc' dir='ltr'><strong>ι</strong></span> <span class='ocrx_word' id='word_1_702' title='bbox 1126 4725 1329 4797; x_wconf 86' lang='grc' dir='ltr'>Πάτερ,</span> <span class='ocrx_word' id='word_1_703' title='bbox 1374 4726 1599 4790; x_wconf 82' lang='grc' dir='ltr'>δόξασόν</span> <span class='ocrx_word' id='word_1_704' title='bbox 1640 4744 1735 4779; x_wconf 90' lang='grc' dir='ltr'><strong>σου</strong></span> <span class='ocrx_word' id='word_1_705' title='bbox 1781 4726 1873 4780; x_wconf 82' lang='grc' dir='ltr'><strong>τὸν</strong></span> 
     </span>
    </p>
   </div>
   <div class='ocr_carea' id='block_1_95' title="bbox 294 4816 1873 4889">
    <p class='ocr_par' dir='ltr' id='par_1_95' title="bbox 294 4816 1873 4889">
     <span class='ocr_line' id='line_1_95' title="bbox 294 4816 1873 4889; baseline 0 -17"><span class='ocrx_word' id='word_1_706' title='bbox 294 4818 444 4872; x_wconf 87' lang='grc' dir='ltr'>Υίόν.</span> <span class='ocrx_word' id='word_1_707' title='bbox 491 4838 510 4869; x_wconf 72' lang='grc' dir='ltr'><strong>ι</strong></span> <span class='ocrx_word' id='word_1_708' title='bbox 542 4818 650 4870; x_wconf 74' lang='grc' dir='ltr'>Καὶ</span> <span class='ocrx_word' id='word_1_709' title='bbox 677 4818 869 4871; x_wconf 86' lang='grc' dir='ltr'>πάλιν·</span> <span class='ocrx_word' id='word_1_710' title='bbox 915 4834 933 4867; x_wconf 84' lang='grc'><strong>‹</strong></span> <span class='ocrx_word' id='word_1_711' title='bbox 974 4816 1159 4869; x_wconf 86' lang='grc' dir='ltr'>Πάντα</span> <span class='ocrx_word' id='word_1_712' title='bbox 1198 4834 1290 4887; x_wconf 89' lang='grc' dir='ltr'><strong>μοι</strong></span> <span class='ocrx_word' id='word_1_713' title='bbox 1320 4818 1592 4889; x_wconf 86' lang='grc' dir='ltr'>παρεδόθη</span> <span class='ocrx_word' id='word_1_714' title='bbox 1634 4818 1740 4871; x_wconf 82' lang='grc' dir='ltr'>ὑπὸ</span> <span class='ocrx_word' id='word_1_715' title='bbox 1776 4819 1873 4872; x_wconf 87' lang='grc' dir='ltr'><strong>τοῦ</strong></span> 
     </span>
    </p>
   </div>
   <div class='ocr_carea' id='block_1_96' title="bbox 292 4908 1869 4981">
    <p class='ocr_par' dir='ltr' id='par_1_96' title="bbox 292 4908 1869 4981">
     <span class='ocr_line' id='line_1_96' title="bbox 292 4908 1869 4981; baseline -0.001 -17"><span class='ocrx_word' id='word_1_716' title='bbox 292 4909 525 4980; x_wconf 79' lang='grc' dir='ltr'>Πατρός.</span> <span class='ocrx_word' id='word_1_717' title='bbox 570 4930 588 4960; x_wconf 77' lang='grc' dir='ltr'><strong>ι</strong></span> <span class='ocrx_word' id='word_1_718' title='bbox 626 4909 735 4963; x_wconf 79' lang='grc' dir='ltr'>Καὶ</span> <span class='ocrx_word' id='word_1_719' title='bbox 771 4908 908 4979; x_wconf 85' lang='grc' dir='ltr'><strong>μετά</strong></span> <span class='ocrx_word' id='word_1_720' title='bbox 953 4908 1049 4979; x_wconf 81' lang='grc' dir='ltr'>τὴν</span> <span class='ocrx_word' id='word_1_721' title='bbox 1094 4908 1424 4964; x_wconf 70' lang='grc' dir='ltr'>ἀνάστασιν*</span> <span class='ocrx_word' id='word_1_722' title='bbox 1470 4928 1488 4961; x_wconf 76' lang='grc' dir='ltr'><strong>ι</strong></span> <span class='ocrx_word' id='word_1_723' title='bbox 1541 4908 1722 4981; x_wconf 85' lang='grc' dir='ltr'>Ἐδόθη</span> <span class='ocrx_word' id='word_1_724' title='bbox 1757 4928 1869 4980; x_wconf 90' lang='grc' dir='ltr'>μοι,</span> 
     </span>
    </p>
   </div>
   <div class='ocr_carea' id='block_1_97' title="bbox 294 4998 1876 5071">
    <p class='ocr_par' dir='ltr' id='par_1_97' title="bbox 294 4998 1876 5071">
     <span class='ocr_line' id='line_1_97' title="bbox 294 4998 1876 5071; baseline 0.001 -18"><span class='ocrx_word' id='word_1_725' title='bbox 294 5002 448 5071; x_wconf 77' lang='grc' dir='ltr'>φησὶ,</span> <span class='ocrx_word' id='word_1_726' title='bbox 479 5001 628 5054; x_wconf 82' lang='grc' dir='ltr'>πᾶσα</span> <span class='ocrx_word' id='word_1_727' title='bbox 650 4998 868 5064; x_wconf 80' lang='grc' dir='ltr'>ἐξουσία</span> <span class='ocrx_word' id='word_1_728' title='bbox 896 5001 952 5051; x_wconf 84' lang='grc' dir='ltr'><strong>ἐν</strong></span> <span class='ocrx_word' id='word_1_729' title='bbox 980 4998 1195 5070; x_wconf 82' lang='grc' dir='ltr'>οὐρανῷ</span> <span class='ocrx_word' id='word_1_730' title='bbox 1224 5000 1319 5054; x_wconf 77' lang='grc' dir='ltr'>καὶ</span> <span class='ocrx_word' id='word_1_731' title='bbox 1351 5001 1447 5053; x_wconf 76' lang='grc' dir='ltr'>ἐπὶ</span> <span class='ocrx_word' id='word_1_732' title='bbox 1491 5000 1615 5071; x_wconf 86' lang='grc' dir='ltr'>γῆς.</span> <span class='ocrx_word' id='word_1_733' title='bbox 1653 5020 1671 5052; x_wconf 71' lang='grc' dir='ltr'><strong>ι</strong></span> <span class='ocrx_word' id='word_1_734' title='bbox 1716 5000 1876 5055; x_wconf 82' lang='grc' dir='ltr'>Ἀλλά</span> 
     </span>
    </p>
   </div>
   <div class='ocr_carea' id='block_1_98' title="bbox 292 5092 1874 5165">
    <p class='ocr_par' dir='ltr' id='par_1_98' title="bbox 292 5092 1874 5165">
     <span class='ocr_line' id='line_1_98' title="bbox 292 5092 1874 5165; baseline 0.002 -20"><span class='ocrx_word' id='word_1_735' title='bbox 292 5093 564 5146; x_wconf 84' lang='grc' dir='ltr'>δείκνυται</span> <span class='ocrx_word' id='word_1_736' title='bbox 611 5092 705 5144; x_wconf 79' lang='grc' dir='ltr'><strong>καὶ</strong></span> <span class='ocrx_word' id='word_1_737' title='bbox 750 5093 881 5163; x_wconf 77' lang='grc' dir='ltr'>πρὶν</span> <span class='ocrx_word' id='word_1_738' title='bbox 936 5092 1085 5163; x_wconf 81' lang='grc' dir='ltr'>αὐτῷ</span> <span class='ocrx_word' id='word_1_739' title='bbox 1134 5092 1505 5165; x_wconf 80' lang='grc' dir='ltr'>παραδοθῆναι</span> <span class='ocrx_word' id='word_1_740' title='bbox 1552 5094 1622 5147; x_wconf 82' lang='grc' dir='ltr'>τὰ</span> <span class='ocrx_word' id='word_1_741' title='bbox 1674 5095 1874 5161; x_wconf 89' lang='grc' dir='ltr'>πάντα,</span> 
     </span>
    </p>
   </div>
   <div class='ocr_carea' id='block_1_99' title="bbox 295 5182 1871 5256">
    <p class='ocr_par' dir='ltr' id='par_1_99' title="bbox 295 5182 1871 5256">
     <span class='ocr_line' id='line_1_99' title="bbox 295 5182 1871 5256; baseline 0.001 -18"><span class='ocrx_word' id='word_1_742' title='bbox 295 5186 513 5239; x_wconf 85' lang='grc' dir='ltr'>πάντων</span> <span class='ocrx_word' id='word_1_743' title='bbox 546 5182 621 5237; x_wconf 80' lang='grc' dir='ltr'>ὢν</span> <span class='ocrx_word' id='word_1_744' title='bbox 655 5184 881 5255; x_wconf 81' lang='grc' dir='ltr'>Κύριος.</span> <span class='ocrx_word' id='word_1_745' title='bbox 918 5185 1113 5253; x_wconf 82' lang='grc' dir='ltr'>Γέγονε</span> <span class='ocrx_word' id='word_1_746' title='bbox 1147 5184 1255 5256; x_wconf 80' lang='grc' dir='ltr'>γὰρ</span> <span class='ocrx_word' id='word_1_747' title='bbox 1282 5186 1353 5238; x_wconf 89' lang='grc' dir='ltr'><strong>τά</strong></span> <span class='ocrx_word' id='word_1_748' title='bbox 1391 5187 1568 5241; x_wconf 86' lang='grc' dir='ltr'>πάντα</span> <span class='ocrx_word' id='word_1_749' title='bbox 1594 5187 1663 5241; x_wconf 84' lang='grc' dir='ltr'>δι’</span> <span class='ocrx_word' id='word_1_750' title='bbox 1684 5188 1871 5256; x_wconf 84' lang='grc' dir='ltr'>αὐτοῦ,</span> 
     </span>
    </p>
   </div>
   <div class='ocr_carea' id='block_1_100' title="bbox 294 5276 1876 5350">
    <p class='ocr_par' dir='ltr' id='par_1_100' title="bbox 294 5276 1876 5350">
     <span class='ocr_line' id='line_1_100' title="bbox 294 5276 1876 5350; baseline 0.003 -21"><span class='ocrx_word' id='word_1_751' title='bbox 294 5277 387 5330; x_wconf 80' lang='grc' dir='ltr'><strong>καὶ</strong></span> <span class='ocrx_word' id='word_1_752' title='bbox 426 5278 455 5329; x_wconf 89' lang='grc' dir='ltr'>ὁ</span> <span class='ocrx_word' id='word_1_753' title='bbox 506 5276 809 5347; x_wconf 81' lang='grc' dir='ltr'>Ψαλμῳδὸς</span> <span class='ocrx_word' id='word_1_754' title='bbox 861 5276 919 5329; x_wconf 82' lang='grc' dir='ltr'><strong>δὲ</strong></span> <span class='ocrx_word' id='word_1_755' title='bbox 963 5277 1124 5330; x_wconf 86' lang='grc' dir='ltr'>δοῦλα</span> <span class='ocrx_word' id='word_1_756' title='bbox 1172 5276 1268 5329; x_wconf 92' lang='grc' dir='ltr'><strong>τοῦ</strong></span> <span class='ocrx_word' id='word_1_757' title='bbox 1308 5279 1670 5350; x_wconf 84' lang='grc' dir='ltr'>πεποιηκότος</span> <span class='ocrx_word' id='word_1_758' title='bbox 1721 5279 1876 5341; x_wconf 81' lang='grc' dir='ltr'>εἰδὼς</span> 
     </span>
    </p>
   </div>
   <div class='ocr_carea' id='block_1_101' title="bbox 294 5366 1876 5437">
    <p class='ocr_par' dir='ltr' id='par_1_101' title="bbox 294 5366 1876 5437">
     <span class='ocr_line' id='line_1_101' title="bbox 294 5366 1876 5437; baseline 0.003 -18"><span class='ocrx_word' id='word_1_759' title='bbox 294 5366 435 5419; x_wconf 82' lang='grc' dir='ltr'><strong>αύτά</strong></span> <span class='ocrx_word' id='word_1_760' title='bbox 467 5366 637 5434; x_wconf 85' lang='grc' dir='ltr'>λέγει,</span> <span class='ocrx_word' id='word_1_761' title='bbox 678 5368 759 5419; x_wconf 80' lang='grc' dir='ltr'>ὅτι</span> <span class='ocrx_word' id='word_1_762' title='bbox 794 5385 811 5417; x_wconf 81' lang='grc' dir='ltr'><strong>ι</strong></span> <span class='ocrx_word' id='word_1_763' title='bbox 843 5367 923 5419; x_wconf 81' lang='grc' dir='ltr'><strong>Τὰ</strong></span> <span class='ocrx_word' id='word_1_764' title='bbox 966 5366 1254 5437; x_wconf 88' lang='grc' dir='ltr'>σύμπαντα</span> <span class='ocrx_word' id='word_1_765' title='bbox 1298 5367 1459 5421; x_wconf 83' lang='grc' dir='ltr'>δοῦλα</span> <span class='ocrx_word' id='word_1_766' title='bbox 1508 5370 1596 5423; x_wconf 90' lang='grc' dir='ltr'><strong>σά.</strong></span> <span class='ocrx_word' id='word_1_767' title='bbox 1640 5390 1660 5422; x_wconf 76' lang='grc' dir='ltr'><strong>ι</strong></span> <span class='ocrx_word' id='word_1_768' title='bbox 1698 5370 1876 5424; x_wconf 82' lang='grc' dir='ltr'>Αίτῶν</span> 
     </span>
    </p>
   </div>
   <div class='ocr_carea' id='block_1_102' title="bbox 292 5457 1874 5532">
    <p class='ocr_par' dir='ltr' id='par_1_102' title="bbox 292 5457 1874 5532">
     <span class='ocr_line' id='line_1_102' title="bbox 292 5457 1874 5532; baseline 0.004 -23"><span class='ocrx_word' id='word_1_769' title='bbox 292 5458 350 5510; x_wconf 86' lang='grc' dir='ltr'>δὲ</span> <span class='ocrx_word' id='word_1_770' title='bbox 370 5457 527 5522; x_wconf 82' lang='grc' dir='ltr'>δόξαν</span> <span class='ocrx_word' id='word_1_771' title='bbox 553 5460 822 5528; x_wconf 81' lang='grc' dir='ltr'>φαίνεται,</span> <span class='ocrx_word' id='word_1_772' title='bbox 855 5459 1032 5512; x_wconf 88' lang='grc' dir='ltr'>καίτοι</span> <span class='ocrx_word' id='word_1_773' title='bbox 1056 5459 1156 5527; x_wconf 84' lang='grc' dir='ltr'>τῆς</span> <span class='ocrx_word' id='word_1_774' title='bbox 1183 5459 1339 5531; x_wconf 89' lang='grc' dir='ltr'>δόξης</span> <span class='ocrx_word' id='word_1_775' title='bbox 1361 5459 1437 5513; x_wconf 82' lang='grc' dir='ltr'>ὢν</span> <span class='ocrx_word' id='word_1_776' title='bbox 1464 5462 1683 5532; x_wconf 84' lang='grc' dir='ltr'>Κύριος.</span> <span class='ocrx_word' id='word_1_777' title='bbox 1720 5461 1874 5515; x_wconf 79' lang='grc' dir='ltr'>Οὕτω</span> 
     </span>
    </p>
   </div>
   <div class='ocr_carea' id='block_1_103' title="bbox 293 5548 1874 5624">
    <p class='ocr_par' dir='ltr' id='par_1_103' title="bbox 293 5548 1874 5624">
     <span class='ocr_line' id='line_1_103' title="bbox 293 5548 1874 5624; baseline 0.006 -25"><span class='ocrx_word' id='word_1_778' title='bbox 293 5548 404 5619; x_wconf 69' lang='grc' dir='ltr'>γὰρ</span> <span class='ocrx_word' id='word_1_779' title='bbox 436 5550 465 5602; x_wconf 92' lang='lat'><strong>6</strong></span> <span class='ocrx_word' id='word_1_780' title='bbox 494 5549 705 5613; x_wconf 88' lang='grc' dir='ltr'>Παῦλος</span> <span class='ocrx_word' id='word_1_781' title='bbox 736 5550 889 5619; x_wconf 78' lang='grc' dir='ltr'>ἔλεγε</span> <span class='ocrx_word' id='word_1_782' title='bbox 935 5551 1059 5622; x_wconf 83' lang='grc' dir='ltr'>περί</span> <span class='ocrx_word' id='word_1_783' title='bbox 1110 5568 1296 5618; x_wconf 89' lang='grc' dir='ltr'>τινων,</span> <span class='ocrx_word' id='word_1_784' title='bbox 1322 5553 1515 5624; x_wconf 82' lang='grc' dir='ltr'>ὅτιπερ</span> <span class='ocrx_word' id='word_1_785' title='bbox 1547 5571 1566 5603; x_wconf 86' lang='grc'><em>‹</em></span> <span class='ocrx_word' id='word_1_786' title='bbox 1612 5554 1676 5608; x_wconf 83' lang='grc' dir='ltr'>Εἰ</span> <span class='ocrx_word' id='word_1_787' title='bbox 1709 5553 1874 5623; x_wconf 79' lang='grc' dir='ltr'>ἐγνω-</span> 
     </span>
    </p>
   </div>
   <div class='ocr_carea' id='block_1_104' title="bbox 369 5704 1419 5779">
    <p class='ocr_par' dir='ltr' id='par_1_104' title="bbox 369 5704 1419 5779">
     <span class='ocr_line' id='line_1_104' title="bbox 369 5704 1419 5779; baseline 0.005 -19"><span class='ocrx_word' id='word_1_788' title='bbox 369 5707 413 5737; x_wconf 82' lang='grc'>¹¹</span> <span class='ocrx_word' id='word_1_789' title='bbox 443 5704 598 5762; x_wconf 86' lang='lat' dir='ltr'><strong>Joan.</strong></span> <span class='ocrx_word' id='word_1_790' title='bbox 631 5724 768 5776; x_wconf 81' lang='lat' dir='ltr'><strong>xvn,</strong></span> <span class='ocrx_word' id='word_1_791' title='bbox 802 5709 851 5763; x_wconf 85' lang='lat' dir='ltr'><strong>l.</strong></span> <span class='ocrx_word' id='word_1_792' title='bbox 933 5710 974 5739; x_wconf 85' lang='grc'>¹²</span> <span class='ocrx_word' id='word_1_793' title='bbox 1006 5707 1193 5765; x_wconf 81' lang='lat' dir='ltr'><strong>Matth.</strong></span> <span class='ocrx_word' id='word_1_794' title='bbox 1228 5725 1299 5779; x_wconf 80' lang='lat' dir='ltr'><strong>xl,</strong></span> <span class='ocrx_word' id='word_1_795' title='bbox 1330 5709 1419 5765; x_wconf 76' lang='grc' dir='ltr'>ΞΠ.</span> 
     </span>
    </p>
   </div>
   <div class='ocr_carea' id='block_1_105' title="bbox 1501 5710 2109 5779">
    <p class='ocr_par' dir='ltr' id='par_1_105' title="bbox 1501 5710 2109 5779">
     <span class='ocr_line' id='line_1_105' title="bbox 1501 5710 2109 5779; baseline 0.005 -15"><span class='ocrx_word' id='word_1_796' title='bbox 1501 5712 1544 5742; x_wconf 77' lang='grc'>³³</span> <span class='ocrx_word' id='word_1_797' title='bbox 1572 5710 1764 5767; x_wconf 85' lang='lat' dir='ltr'><strong>Matth.</strong></span> <span class='ocrx_word' id='word_1_798' title='bbox 1795 5727 1986 5779; x_wconf 76' lang='lat' dir='ltr'><strong>xxun,</strong></span> <span class='ocrx_word' id='word_1_799' title='bbox 2024 5714 2109 5771; x_wconf 79' lang='grc'><strong>18.</strong></span> 
     </span>
    </p>
   </div>
   <div class='ocr_carea' id='block_1_106' title="bbox 2200 4558 3333 4628">
    <p class='ocr_par' dir='ltr' id='par_1_106' title="bbox 2200 4558 3333 4628">
     <span class='ocr_line' id='line_1_106' title="bbox 2200 4558 3333 4628; baseline 0.003 -16"><span class='ocrx_word' id='word_1_800' title='bbox 2200 4558 2365 4621; x_wconf 84' lang='lat' dir='ltr'><strong>Deus,</strong></span> <span class='ocrx_word' id='word_1_801' title='bbox 2423 4560 2638 4626; x_wconf 74' lang='lat' dir='ltr'><strong>petiisse</strong></span> <span class='ocrx_word' id='word_1_802' title='bbox 2666 4570 2881 4628; x_wconf 84' lang='lat' dir='ltr'><strong>propter</strong></span> <span class='ocrx_word' id='word_1_803' title='bbox 2910 4577 3003 4614; x_wconf 82' lang='lat' dir='ltr'><strong>nos</strong></span> <span class='ocrx_word' id='word_1_804' title='bbox 3054 4572 3109 4615; x_wconf 84' lang='lat' dir='ltr'><strong>ut</strong></span> <span class='ocrx_word' id='word_1_805' title='bbox 3150 4561 3333 4615; x_wconf 83' lang='lat' dir='ltr'><strong>Itoma-</strong></span> 
     </span>
    </p>
   </div>
   <div class='ocr_carea' id='block_1_107' title="bbox 2052 4734 3549 4805">
    <p class='ocr_par' dir='ltr' id='par_1_107' title="bbox 2052 4734 3549 4805">
     <span class='ocr_line' id='line_1_107' title="bbox 2052 4734 3549 4805; baseline 0.005 -14"><span class='ocrx_word' id='word_1_806' title='bbox 2052 4735 2305 4791; x_wconf 83' lang='lat' dir='ltr'><strong>Christus</strong></span> <span class='ocrx_word' id='word_1_807' title='bbox 2327 4734 2528 4790; x_wconf 89' lang='lat' dir='ltr'><strong>alicubi</strong></span> <span class='ocrx_word' id='word_1_808' title='bbox 2558 4734 2773 4805; x_wconf 91' lang='lat' dir='ltr'><strong>inquit:</strong></span> <span class='ocrx_word' id='word_1_809' title='bbox 2808 4755 2825 4787; x_wconf 78' lang='grc' dir='ltr'><strong>ι</strong></span> <span class='ocrx_word' id='word_1_810' title='bbox 2866 4735 3043 4805; x_wconf 89' lang='lat' dir='ltr'><strong>Pater,</strong></span> <span class='ocrx_word' id='word_1_811' title='bbox 3084 4739 3321 4805; x_wconf 74' lang='lat' dir='ltr'><strong>gloriﬁca</strong></span> <span class='ocrx_word' id='word_1_812' title='bbox 3358 4743 3549 4799; x_wconf 80' lang='lat' dir='ltr'><strong>Filium</strong></span> 
     </span>
    </p>
   </div>
   <div class='ocr_carea' id='block_1_108' title="bbox 1978 4824 3550 4889">
    <p class='ocr_par' dir='ltr' id='par_1_108' title="bbox 1978 4824 3550 4889">
     <span class='ocr_line' id='line_1_108' title="bbox 1978 4824 3550 4889; baseline 0.005 -9"><span class='ocrx_word' id='word_1_813' title='bbox 1978 4835 2128 4880; x_wconf 85' lang='lat' dir='ltr'><strong>tuum</strong></span> <span class='ocrx_word' id='word_1_814' title='bbox 2159 4825 2224 4878; x_wconf 79' lang='lat'><strong>“.</strong></span> <span class='ocrx_word' id='word_1_815' title='bbox 2263 4843 2282 4876; x_wconf 74' lang='grc' dir='ltr'><strong>ι</strong></span> <span class='ocrx_word' id='word_1_816' title='bbox 2315 4824 2382 4879; x_wconf 86' lang='lat' dir='ltr'><strong>Et</strong></span> <span class='ocrx_word' id='word_1_817' title='bbox 2412 4840 2641 4880; x_wconf 86' lang='lat' dir='ltr'><strong>rursus:</strong></span> <span class='ocrx_word' id='word_1_818' title='bbox 2678 4843 2696 4877; x_wconf 76' lang='grc' dir='ltr'><strong>ι</strong></span> <span class='ocrx_word' id='word_1_819' title='bbox 2734 4824 2927 4880; x_wconf 85' lang='lat' dir='ltr'><strong>Omnia</strong></span> <span class='ocrx_word' id='word_1_820' title='bbox 2977 4828 3106 4882; x_wconf 88' lang='lat' dir='ltr'><strong>tnihi</strong></span> <span class='ocrx_word' id='word_1_821' title='bbox 3137 4833 3331 4884; x_wconf 82' lang='lat' dir='ltr'><strong>tradita</strong></span> <span class='ocrx_word' id='word_1_822' title='bbox 3364 4844 3490 4887; x_wconf 89' lang='lat' dir='ltr'><strong>sunt</strong></span> <span class='ocrx_word' id='word_1_823' title='bbox 3521 4852 3550 4889; x_wconf 88' lang='lat' dir='ltr'><strong>a</strong></span> 
     </span>
    </p>
   </div>
   <div class='ocr_carea' id='block_1_109' title="bbox 1975 4916 3555 4983">
    <p class='ocr_par' dir='ltr' id='par_1_109' title="bbox 1975 4916 3555 4983">
     <span class='ocr_line' id='line_1_109' title="bbox 1975 4916 3555 4983; baseline 0.007 -13"><span class='ocrx_word' id='word_1_824' title='bbox 1975 4917 2139 4972; x_wconf 88' lang='lat' dir='ltr'><strong>Patre</strong></span> <span class='ocrx_word' id='word_1_825' title='bbox 2174 4918 2241 4969; x_wconf 83' lang='grc'><strong>¹².</strong></span> <span class='ocrx_word' id='word_1_826' title='bbox 2281 4935 2299 4968; x_wconf 76' lang='grc' dir='ltr'><strong>ι</strong></span> <span class='ocrx_word' id='word_1_827' title='bbox 2354 4916 2422 4970; x_wconf 88' lang='lat' dir='ltr'><strong>Et</strong></span> <span class='ocrx_word' id='word_1_828' title='bbox 2476 4926 2601 4983; x_wconf 87' lang='lat' dir='ltr'><strong>post</strong></span> <span class='ocrx_word' id='word_1_829' title='bbox 2649 4918 3102 4973; x_wconf 89' lang='lat' dir='ltr'><strong>resurrectionem</strong></span> <span class='ocrx_word' id='word_1_830' title='bbox 3147 4939 3158 4974; x_wconf 96' lang='lat'>:</span> <span class='ocrx_word' id='word_1_831' title='bbox 3218 4942 3236 4973; x_wconf 74' lang='grc' dir='ltr'><strong>ι</strong></span> <span class='ocrx_word' id='word_1_832' title='bbox 3292 4923 3423 4978; x_wconf 87' lang='lat' dir='ltr'><strong>Data</strong></span> <span class='ocrx_word' id='word_1_833' title='bbox 3471 4937 3555 4981; x_wconf 88' lang='lat' dir='ltr'><strong>est</strong></span> 
     </span>
    </p>
   </div>
   <div class='ocr_carea' id='block_1_110' title="bbox 1975 5008 3551 5085">
    <p class='ocr_par' dir='ltr' id='par_1_110' title="bbox 1975 5008 3551 5085">
     <span class='ocr_line' id='line_1_110' title="bbox 1975 5008 3551 5085; baseline 0.005 -22"><span class='ocrx_word' id='word_1_834' title='bbox 1975 5009 2107 5063; x_wconf 91' lang='lat' dir='ltr'><strong>mihi</strong></span> <span class='ocrx_word' id='word_1_835' title='bbox 2167 5017 2410 5079; x_wconf 88' lang='lat' dir='ltr'><strong>potestas</strong></span> <span class='ocrx_word' id='word_1_836' title='bbox 2457 5017 2512 5063; x_wconf 90' lang='lat' dir='ltr'><strong>et</strong></span> <span class='ocrx_word' id='word_1_837' title='bbox 2542 5008 2596 5062; x_wconf 90' lang='lat' dir='ltr'><strong>in</strong></span> <span class='ocrx_word' id='word_1_838' title='bbox 2649 5010 2790 5064; x_wconf 67' lang='lat' dir='ltr'><strong>crelo</strong></span> <span class='ocrx_word' id='word_1_839' title='bbox 2825 5011 2956 5064; x_wconf 91' lang='lat' dir='ltr'><strong>etin</strong></span> <span class='ocrx_word' id='word_1_840' title='bbox 3005 5019 3149 5065; x_wconf 89' lang='lat' dir='ltr'><strong>terra</strong></span> <span class='ocrx_word' id='word_1_841' title='bbox 3204 5014 3269 5067; x_wconf 89' lang='grc'>¹³.</span> <span class='ocrx_word' id='word_1_842' title='bbox 3331 5034 3349 5065; x_wconf 80' lang='grc' dir='ltr'><strong>ι</strong></span> <span class='ocrx_word' id='word_1_843' title='bbox 3391 5018 3551 5085; x_wconf 82' lang='lat' dir='ltr'><strong>Atqui</strong></span> 
     </span>
    </p>
   </div>
   <div class='ocr_carea' id='block_1_111' title="bbox 1974 5101 3551 5171">
    <p class='ocr_par' dir='ltr' id='par_1_111' title="bbox 1974 5101 3551 5171">
     <span class='ocr_line' id='line_1_111' title="bbox 1974 5101 3551 5171; baseline 0.005 -15"><span class='ocrx_word' id='word_1_844' title='bbox 1974 5101 2136 5156; x_wconf 89' lang='lat' dir='ltr'><strong>etiam</strong></span> <span class='ocrx_word' id='word_1_845' title='bbox 2181 5111 2468 5171; x_wconf 87' lang='lat' dir='ltr'><strong>antequam</strong></span> <span class='ocrx_word' id='word_1_846' title='bbox 2525 5102 2600 5157; x_wconf 90' lang='lat' dir='ltr'><strong>illi</strong></span> <span class='ocrx_word' id='word_1_847' title='bbox 2648 5106 2993 5157; x_wconf 86' lang='lat' dir='ltr'><strong>traderentur</strong></span> <span class='ocrx_word' id='word_1_848' title='bbox 3029 5106 3248 5168; x_wconf 89' lang='lat' dir='ltr'><strong>onmia,</strong></span> <span class='ocrx_word' id='word_1_849' title='bbox 3308 5111 3551 5164; x_wconf 86' lang='lat' dir='ltr'><strong>omnium</strong></span> 
     </span>
    </p>
   </div>
   <div class='ocr_carea' id='block_1_112' title="bbox 1978 5190 3551 5269">
    <p class='ocr_par' dir='ltr' id='par_1_112' title="bbox 1978 5190 3551 5269">
     <span class='ocr_line' id='line_1_112' title="bbox 1978 5190 3551 5269; baseline 0.006 -24"><span class='ocrx_word' id='word_1_850' title='bbox 1978 5192 2238 5248; x_wconf 89' lang='lat' dir='ltr'><strong>Dominus</strong></span> <span class='ocrx_word' id='word_1_851' title='bbox 2265 5202 2401 5247; x_wconf 88' lang='lat' dir='ltr'><strong>erat.</strong></span> <span class='ocrx_word' id='word_1_852' title='bbox 2435 5190 2626 5248; x_wconf 90' lang='lat' dir='ltr'><strong>Omnia</strong></span> <span class='ocrx_word' id='word_1_853' title='bbox 2653 5194 2797 5249; x_wconf 91' lang='lat' dir='ltr'><strong>enim</strong></span> <span class='ocrx_word' id='word_1_854' title='bbox 2823 5209 2919 5263; x_wconf 90' lang='lat' dir='ltr'><strong>per</strong></span> <span class='ocrx_word' id='word_1_855' title='bbox 2951 5196 3126 5265; x_wconf 93' lang='lat' dir='ltr'><strong>ipsum</strong></span> <span class='ocrx_word' id='word_1_856' title='bbox 3159 5195 3298 5250; x_wconf 83' lang='lat' dir='ltr'><strong>facta</strong></span> <span class='ocrx_word' id='word_1_857' title='bbox 3329 5212 3455 5253; x_wconf 90' lang='lat' dir='ltr'><strong>sunt</strong></span> <span class='ocrx_word' id='word_1_858' title='bbox 3485 5204 3551 5269; x_wconf 72' lang='lat'><strong>&quot;,</strong></span> 
     </span>
    </p>
   </div>
   <div class='ocr_carea' id='block_1_113' title="bbox 1974 5281 3546 5353">
    <p class='ocr_par' dir='ltr' id='par_1_113' title="bbox 1974 5281 3546 5353">
     <span class='ocr_line' id='line_1_113' title="bbox 1974 5281 3546 5353; baseline 0.005 -18"><span class='ocrx_word' id='word_1_859' title='bbox 1974 5291 2031 5336; x_wconf 89' lang='lat' dir='ltr'><strong>et</strong></span> <span class='ocrx_word' id='word_1_860' title='bbox 2057 5281 2345 5337; x_wconf 88' lang='lat' dir='ltr'><strong>Psalmista</strong></span> <span class='ocrx_word' id='word_1_861' title='bbox 2363 5283 2545 5338; x_wconf 89' lang='lat' dir='ltr'><strong>sciens</strong></span> <span class='ocrx_word' id='word_1_862' title='bbox 2565 5283 2747 5338; x_wconf 89' lang='lat' dir='ltr'><strong>omnia</strong></span> <span class='ocrx_word' id='word_1_863' title='bbox 2773 5298 2894 5337; x_wconf 91' lang='lat' dir='ltr'><strong>esse</strong></span> <span class='ocrx_word' id='word_1_864' title='bbox 2922 5299 3079 5339; x_wconf 86' lang='lat' dir='ltr'><strong>serva</strong></span> <span class='ocrx_word' id='word_1_865' title='bbox 3097 5284 3399 5353; x_wconf 85' lang='lat' dir='ltr'><strong>Creatoris,</strong></span> <span class='ocrx_word' id='word_1_866' title='bbox 3437 5289 3511 5341; x_wconf 86' lang='lat' dir='ltr'><strong>ait</strong></span> <span class='ocrx_word' id='word_1_867' title='bbox 3534 5306 3546 5343; x_wconf 92' lang='lat'><strong>:</strong></span> 
     </span>
    </p>
   </div>
   <div class='ocr_carea' id='block_1_114' title="bbox 1984 5372 3551 5448">
    <p class='ocr_par' dir='ltr' id='par_1_114' title="bbox 1984 5372 3551 5448">
     <span class='ocr_line' id='line_1_114' title="bbox 1984 5372 3551 5448; baseline 0.004 -23"><span class='ocrx_word' id='word_1_868' title='bbox 1984 5392 2003 5425; x_wconf 79' lang='grc' dir='ltr'><strong>ι</strong></span> <span class='ocrx_word' id='word_1_869' title='bbox 2040 5372 2236 5429; x_wconf 87' lang='lat' dir='ltr'><strong>Omnia</strong></span> <span class='ocrx_word' id='word_1_870' title='bbox 2268 5374 2514 5429; x_wconf 85' lang='lat' dir='ltr'><strong>serviunt</strong></span> <span class='ocrx_word' id='word_1_871' title='bbox 2538 5373 2633 5429; x_wconf 90' lang='lat' dir='ltr'><strong>tibi</strong></span> <span class='ocrx_word' id='word_1_872' title='bbox 2672 5373 2738 5427; x_wconf 82' lang='lat'><strong>“.</strong></span> <span class='ocrx_word' id='word_1_873' title='bbox 2773 5393 2791 5424; x_wconf 75' lang='grc' dir='ltr'><strong>ι</strong></span> <span class='ocrx_word' id='word_1_874' title='bbox 2828 5373 2963 5429; x_wconf 81' lang='lat' dir='ltr'><strong>Cum</strong></span> <span class='ocrx_word' id='word_1_875' title='bbox 2992 5389 3123 5429; x_wconf 77' lang='lat' dir='ltr'><strong>vero</strong></span> <span class='ocrx_word' id='word_1_876' title='bbox 3148 5376 3373 5446; x_wconf 76' lang='lat' dir='ltr'><strong>gloriam</strong></span> <span class='ocrx_word' id='word_1_877' title='bbox 3394 5381 3551 5448; x_wconf 89' lang='lat' dir='ltr'><strong>petit,</strong></span> 
     </span>
    </p>
   </div>
   <div class='ocr_carea' id='block_1_115' title="bbox 1975 5464 3553 5535">
    <p class='ocr_par' dir='ltr' id='par_1_115' title="bbox 1975 5464 3553 5535">
     <span class='ocr_line' id='line_1_115' title="bbox 1975 5464 3553 5535; baseline 0.004 -17"><span class='ocrx_word' id='word_1_878' title='bbox 1975 5464 2159 5535; x_wconf 74' lang='lat' dir='ltr'><strong>gloria:</strong></span> <span class='ocrx_word' id='word_1_879' title='bbox 2183 5466 2443 5520; x_wconf 92' lang='lat' dir='ltr'><strong>Dominus</strong></span> <span class='ocrx_word' id='word_1_880' title='bbox 2474 5480 2596 5522; x_wconf 77' lang='lat' dir='ltr'><strong>esse</strong></span> <span class='ocrx_word' id='word_1_881' title='bbox 2621 5466 2886 5520; x_wconf 92' lang='lat' dir='ltr'><strong>cernitur.</strong></span> <span class='ocrx_word' id='word_1_882' title='bbox 2942 5466 3017 5520; x_wconf 89' lang='lat' dir='ltr'><strong>Ita</strong></span> <span class='ocrx_word' id='word_1_883' title='bbox 3065 5468 3210 5521; x_wconf 89' lang='lat' dir='ltr'><strong>enim</strong></span> <span class='ocrx_word' id='word_1_884' title='bbox 3245 5467 3444 5525; x_wconf 81' lang='lat' dir='ltr'><strong>Paulus</strong></span> <span class='ocrx_word' id='word_1_885' title='bbox 3485 5472 3553 5524; x_wconf 88' lang='lat' dir='ltr'><strong>de</strong></span> 
     </span>
    </p>
   </div>
   <div class='ocr_carea' id='block_1_116' title="bbox 1977 5556 3549 5628">
    <p class='ocr_par' dir='ltr' id='par_1_116' title="bbox 1977 5556 3549 5628">
     <span class='ocr_line' id='line_1_116' title="bbox 1977 5556 3549 5628; baseline 0.002 -18"><span class='ocrx_word' id='word_1_886' title='bbox 1977 5556 2295 5627; x_wconf 85' lang='lat' dir='ltr'><strong>quibusdam</strong></span> <span class='ocrx_word' id='word_1_887' title='bbox 2342 5556 2501 5624; x_wconf 81' lang='lat' dir='ltr'><strong>dixit,</strong></span> <span class='ocrx_word' id='word_1_888' title='bbox 2586 5557 2730 5627; x_wconf 87' lang='lat' dir='ltr'><strong>quod</strong></span> <span class='ocrx_word' id='word_1_889' title='bbox 2789 5574 2809 5608; x_wconf 82' lang='grc'><strong>‹</strong></span> <span class='ocrx_word' id='word_1_890' title='bbox 2860 5559 2906 5612; x_wconf 91' lang='lat' dir='ltr'><strong>si</strong></span> <span class='ocrx_word' id='word_1_891' title='bbox 2962 5560 3364 5628; x_wconf 79' lang='lat' dir='ltr'><strong>cognovissent,</strong></span> <span class='ocrx_word' id='word_1_892' title='bbox 3444 5579 3549 5615; x_wconf 91' lang='lat' dir='ltr'><strong>non</strong></span> 
     </span>
    </p>
   </div>
   <div class='ocr_carea' id='block_1_117' title="bbox 2191 5712 3213 5782">
    <p class='ocr_par' dir='ltr' id='par_1_117' title="bbox 2191 5712 3213 5782">
     <span class='ocr_line' id='line_1_117' title="bbox 2191 5712 3213 5782; baseline 0 -13"><span class='ocrx_word' id='word_1_893' title='bbox 2191 5714 2232 5745; x_wconf 76' lang='lat'>“</span> <span class='ocrx_word' id='word_1_894' title='bbox 2272 5712 2427 5772; x_wconf 81' lang='lat' dir='ltr'><strong>Joan.</strong></span> <span class='ocrx_word' id='word_1_895' title='bbox 2459 5716 2568 5781; x_wconf 70' lang='lat'><strong>1,5.</strong></span> <span class='ocrx_word' id='word_1_896' title='bbox 2649 5714 2690 5748; x_wconf 84' lang='lat'>&quot;</span> <span class='ocrx_word' id='word_1_897' title='bbox 2717 5714 2861 5774; x_wconf 82' lang='lat' dir='ltr'><strong>Psal.</strong></span> <span class='ocrx_word' id='word_1_898' title='bbox 2896 5729 3085 5782; x_wconf 78' lang='lat' dir='ltr'><strong>cxvnt,</strong></span> <span class='ocrx_word' id='word_1_899' title='bbox 3126 5715 3213 5771; x_wconf 83' lang='lat' dir='ltr'><strong>9t.</strong></span> 
     </span>
    </p>
   </div>
  </div>
