3878 6208
297 217 407 277 587

1296 205 1355 259 S.
1397 200 2176 258 CYRILLl-ALEXANDRINI
2215 201 2536 258 ARCHIEP.
2618 234 2620 237 τ

3464 192 3578 249 383

297 336 486 405 utique
515 330 803 387 Dominum
832 325 1019 396 gloriae
1066 321 1473 379 cruciﬁxissent
1520 323 1591 375 ⁸⁸.
1647 340 1665 372 ο
1723 320 1913 390 Quod,

2020 338 2107 383 αν,
2129 319 2230 373 οὐκ
2293 319 2360 372 ἂν
2403 320 2494 371 τὸν
2539 315 2747 388 Κύριον
2784 313 2885 386 τῆς
2930 314 3090 386 δόξης
3128 314 3505 384 ἐσταύρωσαν.
3552 336 3572 369 >

298 436 482 482 autem
537 434 828 491 antequam
894 418 1121 490 gloriam
1171 430 1199 467 a
1249 414 1410 469 Patre
1464 422 1705 484 peteret,
1764 426 1883 467 eam

300 518 574 582 habuerit,
614 524 675 568 ut
707 512 899 575 Filius,
935 511 1050 579 ipse
1086 507 1376 561 manifeste
1422 508 1599 572 docet,
1648 506 1835 559 dicens
1868 521 1882 558 :

307 630 325 661 ι
362 610 546 673 Pater,
584 604 825 677 gloriﬁca
849 602 1044 657 Filium
1068 609 1214 652 tuum
1240 615 1303 653 ea
1333 598 1503 666 gloria
1526 612 1686 664 quam
1719 597 1888 650 habe-

304 706 424 756 bam
440 701 579 770 apud
602 708 651 753 te
664 704 789 750 ante
807 692 1245 749 constitutionem
1268 690 1477 742 mundi.
1494 687 1579 741 »δε
1607 703 1733 741 vero
1753 688 1890 739 fate-

307 802 394 844 tur
423 805 481 844 se
500 790 701 843 habere
725 786 955 856 gloriam
984 793 1111 836 ante
1133 782 1488 835 constitutum
1520 781 1777 833 mundum
1802 820 1816 843 ,
1837 786 1893 832 et

304 898 449 937 nunc
468 898 585 935 eam
606 882 736 950 petit
756 887 815 932 ut
846 893 952 931 non
983 878 1208 937 habens,
1234 883 1420 927 nostra
1450 888 1612 927 causa
1647 872 1697 925 id
1726 872 1888 935 facit;

307 986 575 1033 etnostra
616 974 668 1026 in
707 973 823 1040 ipso
884 969 1023 1022 facta
1046 975 1130 1021 est
1158 967 1371 1034 petitio,
1406 979 1638 1034 poscens
1662 964 1891 1033 gloriam

306 1066 557 1119 humana:
590 1069 797 1114 natura:
821 1056 1079 1111 conferri.
1138 1054 1275 1108 Cum
1327 1063 1505 1107 autem
1546 1063 1668 1123 post
1711 1067 1894 1107 resur-

305 1158 604 1213 rectionem
635 1152 768 1206 dicit
799 1168 813 1205 :
846 1169 864 1201 ‹
904 1150 1034 1203 Data
1066 1157 1150 1203 est
1187 1147 1319 1201 mihi
1354 1157 1595 1217 poteStas
1622 1164 1636 1209 ;
1679 1164 1698 1197 ι
1728 1147 1893 1200 etiam

309 1259 437 1303 ante
466 1245 924 1301 resurrectionem
956 1255 1077 1295 eam
1131 1240 1391 1294 habuisse
1445 1239 1713 1293 cernitur.
1760 1236 1895 1291 Nam

308 1342 353 1395 si
386 1357 491 1394 non
517 1340 729 1402 habuit,
754 1350 863 1405 quo
884 1343 1041 1403 pacto
1062 1333 1311 1402 increpat
1333 1330 1632 1395 diabolum,
1662 1331 1852 1385 dicens
1881 1346 1895 1383 :

318 1451 336 1483 ι
380 1430 527 1484 Vade
572 1438 746 1493 retro,
783 1426 985 1480 Satana
1020 1424 1102 1477 πῖ
1147 1441 1167 1475 ι
1212 1432 1308 1476 aut
1347 1422 1619 1491 quomodo
1670 1421 1898 1491 largitus

312 1535 396 1577 cst
423 1520 702 1590 discipulis
737 1527 1061 1586 potestatem
1092 1516 1145 1570 in
1174 1516 1449 1570 daemones
1476 1516 1521 1546 ⁸⁸
1539 1516 1561 1567 ?
1580 1514 1747 1583 229
1766 1530 1902 1583 quo-

316 1615 475 1670 modo
503 1616 667 1668 filiam
698 1613 963 1675 Abrahrc,
1012 1620 1070 1663 ut
1110 1609 1371 1678 scriptum
1425 1618 1543 1670 est,
1599 1609 1822 1678 ligatam
1868 1623 1899 1661 a

1990 410 2112 461 Ὅτι
2160 409 2216 462 δὲ
2252 410 2345 462 καὶ
2388 410 2515 479 πρὶν
2565 408 2786 477 αἰτῆσαι
2822 406 2973 477 παρὰ
3010 405 3222 476 Πατρὺς
3277 407 3376 479 τὴν
3414 408 3577 474 δόξαν

1990 495 2135 569 εἶχεν
2162 500 2237 562 ὡς
2276 500 2421 564 Υἱὸς,
2452 497 2614 559 αὐτὸς
2657 496 2895 549 διδάσκει
2934 496 3120 565 σαφῶς
3154 497 3365 565 λέγων’
3404 516 3423 548 ι
3464 499 3582 552 Πά-

1990 609 2109 663 τερ,
2151 592 2377 659 δόξασόν
2430 608 2524 643 σου
2581 590 2672 643 τὸν
2719 589 2846 645 Υἱὸν
2881 593 2945 660 τῇ
2990 589 3119 660 δόξῃ
3245 586 3411 660 εἶχον,
3472 590 3585 661 πρὸ

1990 688 2086 740 τοῦ
2120 686 2211 739 τὸν
2258 688 2460 757 κόσμον
2503 684 2661 749 εἶναι,
2698 685 2847 755 παρὰ
2896 684 2997 739 σοί.
3045 706 3063 738 ι
3111 687 3174 739 Εἰ
3224 686 3281 739 δὲ
3330 686 3589 758 ὁμολογεῖ

1997 780 2094 851 μὲν
2129 779 2272 849 ἔχειν
2302 780 2397 831 καὶ
2436 779 2543 849 πρὸ
2580 779 2672 832 τοῦ
2721 779 2929 848 κόσμου
2973 779 3073 848 τὴν
3122 778 3300 843 δόξαν.
3336 780 3480 832 αἰτεῖ
3522 779 3583 832 δὲ

1993 870 2089 925 νῦν
2121 871 2289 942 αὐτὴν
2322 872 2397 933 ὡς
2426 873 2526 924 οὐκ
2575 870 2734 940 ἔχων,
2767 871 2835 923 δι’
2883 872 3031 941 ἡμᾶς
3061 870 3171 942 ἄρα
3212 871 3369 924 τοῦτο
3401 874 3578 924 ποιεῖ’

1995 964 2091 1016 καὶ
2135 962 2291 1032 ἡμῶν
2335 964 2393 1014 ὲν
2423 962 2571 1031 αὐτῷ
2598 962 2821 1029 γέγονεν
2862 962 2895 1031 ἡ
2930 962 3168 1033 αἴτησις,
3199 960 3440 1015 καλοῦσα
3482 960 3585 1031 τὴν

1996 1053 2151 1117 δόξαν
2181 1057 2259 1116 εἰς
2288 1053 2385 1123 τὴν
2431 1052 2720 1123 ἀνθρώπου
2754 1052 2933 1121 φύσιν.
2966 1053 3158 1122 Λέγων
3203 1053 3259 1106 δὲ
3296 1055 3432 1124 μετὰ
3481 1054 3585 1122 τὴν

1997 1144 2317 1208 ἀνάστασιν,
2366 1162 2383 1193 ι
2436 1142 2622 1213 Ἐδόθη
2666 1160 2755 1213 μοι
2805 1145 2955 1196 πᾶσα
2985 1143 3238 1210 ἐξουσία,
3290 1164 3307 1195 ι
3344 1145 3438 1197 καὶ
3476 1144 3587 1214 πρὸ

1998 1241 2099 1309 τῆς
2131 1237 2484 1299 ἀναστάσεως
2531 1236 2733 1306 ταύτην
2765 1236 2902 1306 ἔχων
2954 1238 3222 1304 φαίνεται.
3260 1239 3320 1290 Εἰ
3350 1238 3459 1307 γὰρ
3508 1238 3588 1308 μὴ

1999 1327 2133 1401 εἶχε,
2176 1330 2292 1393 πῶς
2333 1330 2571 1399 ἐπετίμα
2619 1330 2696 1400 τῷ
2747 1329 2978 1399 διαϐόλῳ
3033 1329 3240 1397 λέγων·
3293 1348 3311 1379 ‹
3365 1329 3587 1396 ’Ύπαγε

2000 1426 2176 1480 ὀπίσω
2228 1444 2361 1497 μου,
2394 1427 2638 1492 Σατανᾶ;
2678 1445 2696 1478 ι
2730 1425 2850 1490 πῶς
2891 1425 2948 1478 δὲ
2977 1429 3087 1490 τοῖς
3128 1426 3399 1496 μαθηταῖς
3444 1428 3591 1481 κατά

2000 1520 2268 1589 δαιμόνων
2325 1518 2605 1589 ἐχαρίζετο
2669 1520 2768 1588 τὴν
2841 1517 3119 1583 ὲξουσίαν;
3189 1518 3306 1581 πῶς
3367 1519 3425 1571 δὲ
3488 1520 3591 1589 τὴν

2017 1610 2269 1682 Ἀϐραὰμ
2302 1610 2602 1679 θυγατέρα,
2637 1609 2781 1662 καθὰ
2807 1610 3138 1678 γέγραπται,
3169 1608 3456 1680 δεδεμένην
3483 1610 3592 1661 ὑπὸ

317 1704 534 1759 diabolo
582 1713 640 1755 ut
678 1709 953 1771 potestate
1002 1699 1263 1769 praeditus
1330 1698 1494 1753 solvit
1526 1698 1612 1752 *9?
1662 1708 1757 1753 aut
1797 1716 1904 1769 quo

2020 1703 2097 1756 τοῦ
2152 1702 2397 1755 διαϐόλου
2446 1701 2523 1764 ὡς
2576 1700 2827 1765 ἐξουσίαν
2888 1700 3027 1770 ἔχων
3082 1700 3271 1753 ἔλυσεν
3317 1700 3513 1765 αὐτός;
3557 1701 3591 1771 ἢ

317 1809 481 1866 pacto
527 1794 832 1866 paralytico
876 1792 1165 1847 sanitatem
1212 1791 1444 1846 contulit
1480 1791 1571 1844 ὀἳ
1627 1793 1905 1861 quomodo

321 1889 543 1943 mulieri
593 1884 887 1956 peccatrici
935 1893 1158 1952 peccata
1216 1884 1431 1938 remisit
1485 1883 1577 1935 “?
1635 1884 1906 1952 quomodo

318 1991 566 2036 mortuos
602 1976 1057 2033 resuscitavit“?
1104 1976 1266 2030 caecis
1321 1976 1496 2031 visum
1536 1976 1775 2029 res1ituit
1820 1975 1907 2028 ³³2

322 2073 673 2127 Manifestum
713 2071 896 2138 itaque
928 2078 1011 2122 est
1043 2067 1190 2121 illum
1225 2067 1405 2121 verbis
1431 2067 1507 2121 uti
1544 2076 1667 2135 quae
1698 2068 1907 2122 homini

320 2164 669 2224 conveniant,
703 2176 806 2214 non
831 2176 900 2230 qu
915 2160 1059 2212 ando
1084 2167 1201 2213 erat
1224 2158 1459 2213 Verbum
1480 2165 1634 2211 extra
1664 2174 1905 2225 carnem,

322 2262 415 2314 sed
444 2256 660 2328 quando
699 2256 872 2309 factus
898 2261 984 2308 est
1032 2254 1192 2306 homo
1226 2250 1405 2303 Patris
1444 2251 1585 2304 dona
1629 2250 1785 2303 nobis
1818 2264 1912 2318 pe-

329 2363 471 2405 tens.
511 2348 587 2402 lta
617 2347 764 2401 enim
805 2347 1040 2401 dicimur
1089 2343 1256 2398 etiam
1295 2342 1492 2396 divina
1537 2351 1744 2396 naturae
1785 2339 1910 2393 facti

333 2458 457 2497 esse
497 2440 793 2511 participes
825 2437 895 2499 “,
955 2452 1077 2490 cum
1132 2434 1366 2489 Verbum
1419 2443 1660 2486 nostram
1707 2432 1915 2486 humili-

329 2532 782 2601 tatemsuscepit,
828 2538 887 2583 ut
925 2544 1023 2583 nos
1061 2529 1127 2581 ad
1166 2541 1322 2580 suam
1365 2526 1739 2579 celsitudinem
1790 2539 1916 2578 eve—

329 2626 447 2690 hat,
487 2638 593 2677 non
619 2631 679 2675 ut
713 2622 827 2689 ipse
872 2618 1012 2672 infra
1065 2627 1303 2682 maneat,
1349 2616 1491 2670 sicut
1544 2631 1665 2670 nos.
1712 2614 1917 2669 Idcirco

331 2719 478 2773 enim
509 2731 633 2769 cum
667 2728 857 2768 sumus
888 2723 1080 2765 natura
1104 2711 1352 2764 homines
1380 2750 1395 2774 ,
1429 2710 1505 2764 dii
1562 2724 1823 2764 vocamur
1844 2708 1914 2772 ’⁵,

329 2818 527 2878 quippe
562 2808 651 2875 qui
695 2806 796 2859 hoc
848 2804 900 2858 in
952 2803 1173 2859 Christo
1214 2802 1430 2856 simus:
1475 2801 1730 2857 Christus
1775 2801 1918 2856 enim

333 2902 476 2956 Deus
510 2906 616 2955 est.

1009 3008 1240 3065 ALIUD.

2007 1794 2123 1855 πῶς
2169 1792 2525 1862 παραλυτικῷ
2575 1792 2674 1863 τὴν
2719 1793 2931 1861 ὑγίειαν
2980 1791 3313 1863 excipio-ato;
3366 1791 3481 1855 πῶς
3525 1794 3593 1862 τῇ

2007 1886 2229 1954 γυναικὶ
2256 1888 2321 1956 τῇ
2353 1884 2662 1956 ἁμαρτωλῷ
2689 1886 2789 1945 τὰς
2823 1884 3099 1955 ἁμαρτίας
3142 1885 3329 1955 ἡφίει;
3366 1886 3597 1955 νεκροὺς

2007 1978 2065 2030 δὲ
2096 1977 2213 2040 πῶς
2245 1979 2468 2048 incipe;
2499 1976 2715 2044 τυφλῶν
2749 1976 2806 2028 δὲ
2832 1976 2948 2039 πῶς
2984 1976 3220 2047 ἀνέῳξεν
3249 1976 3593 2047 ὀφθαλμούςς

2010 2069 2179 2138 Δῆλον
2228 2064 2323 2121 οὖν
2360 2067 2608 2121 ἐντεῦθέν
2655 2069 2825 2132 ἐστιν,
2872 2069 2953 2120 ὅτι
3001 2068 3101 2131 τάς
3145 2067 3418 2141 ἀνθρώπῳ
3463 2086 3599 2139 πρε-

2012 2158 2221 2221 πούσας
2266 2158 2415 2226 λέγει
2465 2160 2669 2227 φωνάς,
2727 2159 2824 2228 οὐχ
2874 2159 2961 2211 ὅτε
2999 2160 3172 2227 Λόγος
3220 2155 3288 2230 ἦν
3345 2160 3451 2230 πρὸ
3495 2159 3598 2228 τῆς

2012 2249 2307 2319 ἐπιδημίας
2340 2249 2445 2314 ἔξω
2482 2250 2681 2321 σαρκός
2709 2265 2723 2279 ·
2755 2251 2868 2303 ἀλλ’
2902 2252 2989 2304 ὅτε
3025 2253 3246 2320 γέγονεν
3289 2252 3598 2321 ἄνθρωπος,

2014 2342 2092 2403 εἰς
2127 2342 2275 2411 ἡμᾶς
2311 2340 2492 2394 καλῶν
2518 2342 2614 2404 τὰς
2645 2343 2795 2413 παρὰ
2823 2344 2916 2397 τοῦ
2945 2345 3155 2415 Πατρὸς
3183 2347 3410 2418 δωρεάς.
3444 2344 3603 2399 Οὕτω

2015 2434 2122 2503 γὰρ
2154 2432 2425 2502 λεγόμεθα
2475 2434 2571 2486 καὶ
2601 2435 2753 2498 θείας
2797 2436 3011 2504 φύσεως
3045 2438 3297 2505 γενέσθαι
3329 2439 3599 2499 κοινωνοὶ,

2016 2526 2304 2595 τοῦεΛόγου
2326 2527 2655 2597 φορέσαντος
2679 2530 2777 2599 τὴν
2804 2530 2959 2599 ήμῶν
2990 2531 3340 2596 ταπείνωσιν,
3367 2531 3433 2583 ἵν’
3455 2532 3602 2601 ἡμᾶς

2020 2618 2273 2689 ἀναγάγῃ
2294 2620 2425 2688 πρὸς
2449 2620 2510 2671 τὸ
2545 2618 2677 2689 ὕψος
2705 2620 2763 2673 τὸ
2793 2623 3008 2685 ἑαυτοῦ,
3033 2624 3129 2694 οὐχ
3155 2625 3239 2677 ἵνα
3269 2625 3426 2697 μείνῃ
3452 2624 3605 2676 κάτω

2026 2706 2284 2777 καθάπερ
2330 2711 2515 2777 ἡμεῖς.
2550 2712 2648 2763 Διὰ
2692 2711 2801 2783 γάρ
2847 2713 3003 2766 τοῦτο
3053 2719 3146 2767 καὶ
3186 2714 3463 2786 ἄνθρωποι
3502 2714 3605 2785 τὴν

2022 2800 2183 2868 φύσιν
2213 2801 2385 2865 ὄντες,
2418 2802 2533 2855 θεοὶ
2561 2805 3000 2876 χρηματίξομεν,
3026 2807 3100 2869 ὼς
3134 2808 3285 2860 ὄντες·
3326 2810 3420 2860 καὶ
3448 2806 3604 2861 τοῦτο

2022 2892 2080 2942 ἐν
2122 2892 2370 2962 Χριστῷ*
2401 2893 2533 2957 Θεὸς
2562 2897 2670 2966 γάρ
2697 2898 2723 2948 ὁ
2752 2898 3007 2967 Χριστός.

2716 3010 2917 3063 ΑΛΛΟ.

408 3104 468 3159 Si
504 3105 727 3159 humilia
757 3104 1006 3173 quaedam
1049 3104 1213 3158 verba
1242 3117 1362 3173 quae
1390 3100 1539 3155 carni
1572 3100 1913 3162 conveniunt,

2097 3097 2159 3149 Εἰ
2187 3096 2256 3149 τὰ
2282 3098 2381 3168 τῆς
2416 3098 2615 3168 σαρκὸς
2652 3102 2882 3152 ταπεινὰ
2924 3101 3146 3170 ῥήματα
3177 3105 3241 3173 τῇ
3270 3102 3483 3174 θεότητι
3511 3101 3605 3156 τοῦ

336 3196 578 3252 nonnulli
633 3197 903 3250 divinitati
944 3196 1104 3251 Verbi
1159 3196 1432 3251 ascribere
1465 3202 1769 3248 conantur:
1801 3209 1922 3247 cum

339 3290 575 3343 viderint
619 3289 899 3344 Christum
951 3302 1049 3358 per
1093 3302 1308 3342 carnem
1346 3287 1604 3341 miracula
1651 3287 1922 3350 edentem,

336 3381 465 3450 quid
505 3380 732 3435 dicent?
780 3380 913 3434 Cum
967 3379 1111 3434 enim
1161 3394 1227 3432 ex
1262 3378 1427 3432 saliva
1459 3388 1513 3432 et
1560 3389 1703 3431 terra
1751 3378 1921 3431 ltttum

339 3472 689 3536 confecisset,
726 3487 925 3525 caecum
973 3486 1039 3525 eo
1074 3472 1285 3524 curavit
1318 3489 1331 3524 :
1361 3484 1584 3525 emensa
1628 3486 1814 3535 manu,
1848 3470 1926 3524 fe-

340 3574 592 3633 retroque
622 3575 764 3618 tacto
796 3565 970 3619 vidua:
1007 3565 1174 3618 filium
1223 3564 1563 3633 unigenitum
1605 3564 1922 3629 suscitavit;

340 3668 473 3708 voce
504 3655 665 3707 etiam
693 3669 790 3722 per
820 3669 1019 3723 corpus
1050 3654 1192 3707 edita
1224 3652 1490 3707 Lazarum
1522 3668 1551 3707 e
1577 3664 1929 3709 monumento

340 3746 609 3800 evocavit.
650 3744 776 3799 Haec
809 3746 951 3799 enim
986 3746 1223 3813 praestita
1259 3758 1387 3798 sunt
1419 3761 1514 3814 per
1552 3760 1797 3812 carnem,
1834 3746 1927 3801 sed

344 3854 447 3891 non
501 3846 658 3891 erant
708 3852 871 3907 Opera
922 3840 1125 3892 carnis.
1158 3838 1621 3904 Quemadmodum
1675 3838 1841 3907 igitur
1884 3839 1929 3894 si

344 3940 592 3984 naturam
628 3930 704 3983 rei
739 3929 1087 3998 aspiciamus,
1124 3946 1190 3985 ex
1219 3930 1522 3985 divinitatis
1554 3934 1602 3985 vi
1634 3946 1698 3987 ac
1728 3932 1931 3986 virtute

343 4036 567 4089 operum
620 4021 950 4090 ejuscemodi
1006 4030 1258 4075 eventum
1311 4023 1667 4090 aestimamus,
1715 4023 1930 4079 tametsi

347 4129 444 4184 per
478 4128 700 4167 carnem
735 4112 876 4166 facta
907 4113 1057 4167 sint:
1094 4115 1167 4167 ita
1201 4115 1417 4183 quando
1457 4125 1677 4185 propter
1710 4130 1930 4171 carnem

347 4205 641 4259 humanum
672 4205 875 4273 aliquid
920 4205 1073 4271 dicit,
1107 4222 1211 4259 non
1250 4206 1358 4260 Deo
1388 4206 1569 4262 Verbo
1596 4208 1649 4261 id
1688 4208 1931 4262 ascriba-

347 4312 507 4363 mus;
551 4297 643 4351 scd
673 4313 793 4351 cum
826 4297 876 4349 id
912 4312 938 4349 a
975 4296 1261 4351 divinitate
1298 4299 1531 4353 alienum
1572 4315 1694 4354 esse
1729 4300 1933 4355 videri-

2027 3186 2202 3255 Λόγου
2230 3190 2567 3259 προσάπτειν
2598 3191 2934 3261 ἐπιχειροῦσί
2960 3209 3125 3256 τινες,
3151 3196 3278 3247 ὅταν
3307 3196 3457 3248 ίδωσι
3481 3196 3610 3249 θαυ-

2031 3280 2450 3350 ματουργοῦντα
2488 3283 2722 3354 Χριστὸν
2764 3285 2850 3337 διὰ
2897 3286 2999 3354 τῆς
3040 3287 3262 3356 σαρκὸς,
3311 3288 3361 3340 τί
3396 3289 3611 3360 ἐροῦσιν

2029 3371 2172 3442 ἄρα;
2202 3373 2420 3437 Πτύσας
2467 3375 2565 3444 μὲν
2611 3375 2719 3446 γὰρ
2767 3378 2860 3429 καὶ
2909 3379 3141 3449 ποιήσας
3189 3381 3379 3452 πηλὸν,
3423 3383 3612 3454 έθερά·

2030 3482 2197 3518 πευσε
2230 3466 2320 3519 τὸν
2345 3467 2545 3536 τυφλόν
2570 3485 2581 3496 ·
2621 3470 2867 3533 ἐκτείνας
2912 3470 2968 3522 δὲ
3011 3472 3113 3542 τὴν
3159 3475 3314 3545 χεῖρα
3341 3474 3435 3527 καὶ
3472 3476 3613 3543 ἀψά-

2034 3574 2192 3626 μενος
2228 3558 2329 3628 τῆς
2356 3559 2539 3630 σοροῦ,
2568 3561 2655 3613 τὸν
2688 3563 2952 3631 μονογενῆ
2982 3563 3082 3634 τῆς
3112 3566 3286 3638 χήρας
3315 3566 3612 3638 ἀνέστησεν

2031 3649 2177 3701 υἱόνο
2228 3650 2411 3721 φωνὴν
2455 3651 2512 3703 δὲ
2564 3653 2722 3721 ἀφεὶς
2777 3654 2862 3707 διὰ
2910 3655 3002 3708 τοῦ
3043 3656 3316 3726 σώματος,
3362 3659 3468 3725 ἔξω
3518 3659 3611 3711 τοῦ

2036 3742 2315 3813 μνήματος
2366 3744 2593 3797 ἐκάλεσε
2641 3746 2732 3797 τὸν
2778 3748 3049 3819 Λάζαρον.
3119 3749 3304 3802 Ταῦτα
3356 3752 3453 3820 μὲν
3502 3750 3613 3821 γάρ

2032 3832 2265 3886 ἐτελεῖτο
2297 3834 2384 3888 διὰ
2418 3836 2517 3906 τῆς
2551 3837 2773 3906 σαρκὸς,
2819 3839 2931 3891 ἀλλ’
2958 3840 3057 3891 οὐκ
3099 3835 3167 3910 ἦν
3212 3840 3349 3911 ἔργα
3386 3842 3609 3911 σαρκός.

2034 3923 2245 3995 Ὥσπερ
2271 3921 2364 3978 οὖν
2389 3927 2470 3989 είς
2495 3927 2594 3997 τὴν
2622 3927 2781 3997 φύσιν
2813 3929 2908 3981 τοῦ
2940 3931 3265 4001 πράγματος
3304 3930 3609 4000 βλέποντες,

2032 4018 2098 4087 τῇ
2114 4017 2340 4088 δυνάμει
2352 4018 2453 4089 τῆς
2471 4020 2723 4091 θεότητος
2747 4018 2845 4093 τὴν
2861 4022 2968 4077 τῶν
2982 4024 3438 4095 ἀποτελεσμάτων
3456 4025 3616 4079 ἔκϐα-

2038 4125 2121 4160 σιν
2147 4108 2495 4181 λογιζόμεθα,
2527 4114 2576 4165 εί
2601 4113 2697 4167 καὶ
2724 4113 2813 4166 διὰ
2841 4116 2940 4185 τῆς
2964 4116 3164 4187 σαρκὸς
3188 4117 3419 4186 ἐγένετο·
3444 4117 3615 4182 οὔτως

2034 4196 2164 4250 ὅταν
2180 4197 2266 4251 διὰ
2278 4198 2377 4270 τὴν
2397 4200 2574 4271 σάρκα
2600 4200 2735 4275 λέγῃ
2748 4220 2799 4255 τι
2826 4204 2921 4256 καὶ
2933 4204 3292 4275 ἀνθρώπινον,
3311 4208 3385 4278 μὴ
3401 4208 3478 4280 τῷ
3500 4208 3617 4279 Θεῷ

2035 4288 2193 4360 Λόγῳ
2229 4290 2388 4345 τοῦτο
2429 4294 2854 4365 προσάπτωμεν,
2882 4296 3018 4350 ἀλλά
3048 4298 3147 4368 τῆς
3176 4298 3429 4370 θεότητος
3462 4301 3617 4354 ἀλλό-

348 4402 490 4456 mus,
525 4386 591 4439 ad
628 4401 848 4440 carnem
888 4386 1208 4441 referamus.
1239 4388 1312 4442 Ita
1347 4390 1489 4442 enim
1524 4389 1735 4459 singula
1766 4390 1913 4459 ipsiu:

2038 4400 2188 4455 τριον
2216 4384 2451 4455 ὁρῶντες
2491 4388 2645 4453 αὐτὸ,
2688 4390 2944 4461 φέρωμεν
2974 4391 3066 4445 ἐπὶ
3092 4392 3192 4463 τὴν
3234 4393 3431 4465 σάρκα.
3466 4395 3617 4449 Οὕτω

348 4478 487 4531 facta
525 4477 609 4531 vel
659 4478 802 4530 dicta
854 4478 905 4531 in
959 4493 1113 4530 suum
1152 4478 1332 4531 locum
1376 4480 1694 4543 referentes,
1746 4495 1929 4535 veram

349 4569 679 4637 minimeque
712 4583 997 4623 erroneani
1029 4569 1339 4624 Servatoris
1367 4573 1533 4626 n05tri
1565 4572 1930 4642 cognitionem

347 4673 766 4729 consequemur.

865 4863 1094 4928 ALIUD,
1127 4868 1408 4921 nari-olive.

420 4954 585 5010 Sacra
670 4954 954 5025 Scriptura
1022 4974 1187 5011 unum
1267 4957 1541 5013 Christum
1620 4962 1929 5028 praedicat:

352 5067 371 5099 ‹
402 5046 554 5103 Unus
599 5050 743 5103 enim
799 5052 936 5104 Deus
980 5048 1162 5115 Pater,
1202 5061 1256 5104 et
1305 5068 1443 5106 unus
1480 5053 1739 5108 Dominus
1777 5053 1935 5109 Jesus

348 5140 603 5197 Christus
628 5143 696 5197 ⁸⁸.
741 5160 759 5194 ι
824 5142 955 5197 Nam
1025 5158 1089 5196 ex
1169 5144 1420 5211 operibus
1479 5161 1599 5213 qua:
1664 5148 1762 5199 soli
1823 5146 1933 5201 Deo

349 5236 705 5299 conveniunt,
745 5233 899 5305 gDeus
936 5235 1306 5304 cognoscitur.
1340 5234 1472 5289 Cum
1521 5236 1663 5290 enim
1697 5235 1936 5290 Verbum

348 5339 476 5379 caro
509 5324 734 5395 factum,
773 5338 829 5381 ut
854 5328 1117 5396 scriptum
1149 5337 1233 5381 est
1256 5327 1323 5391 ",
1355 5327 1517 5382 homo
1546 5343 1760 5398 quoque
1787 5330 1935 5384 cerni

422 5506 666 5579 “quor.
700 5521 762 5569 ιι,
802 5503 856 5579 8.
895 5502 1325 5579 __'A’_Marc.__vm,
1367 5504 1508 5579 55η
1538 5504 1810 5579 ‘f_Ma_tth.
1853 5522 1907 5567 χ,

2062 5507 2104 5539 ¹⁹
2140 5506 2328 5561 Matth.
2365 5525 2452 5573 xv,
2474 5509 2659 5564 22-28.
2737 5511 2780 5541 ὀ
2810 5509 2998 5563 Matth.
3028 5510 3158 5572 tx,‘2
3192 5524 3345 5579 seqq.

809 5578 854 5606 ²²
890 5574 1257 5647 ibid._ll-l7;
1304 5591 1416 5637 vni,
1452 5574 1652 5647 Ill-567;
1693 5575 1850 5630 Joan.
1885 5593 1959 5636 xi.
1992 5578 2015 5630 1
2053 5594 2205 5647 seqq.

356 5593 448 5639 vlt,
485 5577 549 5628 '57
580 5592 732 5646 seqq.

2039 4476 2149 4545 γὰρ
2193 4476 2423 4530 ἕκαστον
2468 4479 2577 4531 τῶν
2621 4481 2924 4551 γινομένων
2966 4483 3084 4554 ἤτοι
3138 4483 3445 4555 λεγομένων
3491 4488 3615 4556 παρ’

2041 4566 2226 4633 αὐτοῦ,
2277 4567 2466 4639 ὥσπερ
2513 4570 2572 4622 ὲν
2611 4570 2691 4642 τῷ
2739 4572 2854 4642 ίδίῳ
2907 4572 3057 4643 τόπῳ
3108 4573 3370 4641 τιθέντες,
3411 4574 3615 4646 ἀπλανῆ

2039 4657 2138 4729 τὴν
2188 4658 2317 4727 περὶ
2348 4659 2444 4712 τοῦ
2494 4654 2745 4733 Σωτῆρος
2792 4664 2948 4735 ἡμῶν
2977 4664 3179 4733 γνῶσιν
3219 4665 3437 4737 ἔχοντες
3476 4667 3617 4739 εὑρι-

2042 4750 2303 4821 σκόμεθα.

2475 4868 2659 4923 ΑΛΛΟ
2677 4910 2691 4934 ,
2736 4869 3193 4941 διηγηματικῶς.

2116 4958 2255 5012 Ἕνα
2284 4959 2519 5029 Χριστὸν
2545 4960 2907 5031 κηρύττουσιν
2934 4964 2987 5014 αἱ
3019 4961 3159 5015 θεῖαι
3198 4961 3411 5033 Γραφαί
3432 4977 3445 4991 ·
3474 4980 3492 5013 ι
3526 4957 3618 5024 Εἷς

2042 5050 2151 5122 γὰρ
2176 5053 2309 5115 Θεὸς
2331 5055 2359 5105 ό
2381 5053 2593 5125 Πατὴρ,
2627 5055 2721 5106 xal.
2743 5049 2822 5118 εἷς
2844 5054 3046 5125 Κύριος
3080 5053 3287 5125 Ἰησοῦς
3313 5054 3568 5126 Χριστός.
3593 5073 3610 5105 ι

2055 5145 2188 5198 Ἀπὸ
2216 5145 2315 5216 μὲν
2342 5145 2451 5217 γὰρ
2477 5146 2586 5199 τῶν
2622 5146 2799 5215 έργων
2828 5147 2956 5210 τῶν,
2993 5147 3093 5199 ὅσα
3120 5147 3319 5217 πρέπει
3366 5147 3513 5217 μόνῳ
3544 5145 3615 5215 τῷ

2041 5239 2180 5308 Θεῷ,
2217 5238 2544 5309 γνωρίζεται
2576 5240 2728 5303 Θεός.
2787 5240 3005 5311 Ἐπειδὴ
3053 5242 3109 5294 δὲ
3154 5242 3335 5312 σάρκα
3364 5238 3615 5309 γεγονότα

2041 5329 2134 5383 τὸν
2161 5331 2354 5399 Λόγον,
2384 5331 2527 5384 καθά
2567 5335 2899 5403 γέγραπται,
2936 5334 3015 5385 δεῖ
3050 5332 3145 5386 καὶ
3171 5332 3457 5404 ἄνθρωπον
3497 5331 3613 5400 φαίη

2318 5549 2328 5560 .
2365 5525 2452 5573 xv,
2474 5509 2659 5564 22-28.
2737 5511 2780 5541 ’⁰
2810 5509 2998 5563 Matth.
3028 5510 3158 5572 tx,‘2
3192 5524 3345 5579 seqq.
3427 5506 3611 5562 "Luc.

2316 5580 2361 5610 ’³
2398 5582 2587 5651 Matth.
2631 5598 2721 5648 xx,
2763 5584 2833 5638 δυ
2859 5596 3054 5647 seqq.;
3093 5580 3250 5637 Joan.
3296 5596 3373 5648 IS,
3412 5582 3613 5651 Iseqq.

352 5650 397 5682 ³⁵
437 5648 476 5703 ιι
514 5643 733 5715 Ρειιξι,
762 5646 817 5702 4.
894 5646 938 5677 ³⁵
979 5643 1186 5701 lJoan.
1230 5662 1309 5710 ιιι,
1352 5646 1400 5698 1.
1479 5647 1573 5699 ³⁸1
1612 5646 1739 5704 Cor.
1775 5662 1890 5713 vtn,

2056 5650 2097 5679 ’7
2126 5643 2284 5707 Junii.
2328 5666 2367 5718 ι,
2408 5650 2495 5705 14.
