3878 6208
239 241 347 297 399

1670 225 2119 282 THESAURUS.

3401 224 3512 281 590

240 353 453 418 νεσθαι,
508 353 606 404 οὐκ
645 346 711 421 ἦν
766 350 823 403 δὲ
861 348 1161 419 ἀλλαχόθεν
1206 346 1438 419 ὁρᾶσθαι
1466 346 1726 411 τοιοῦτον,
1781 349 1829 399 εἰ

1961 346 2162 410 Iebeat;
2209 351 2263 397 at
2294 341 2415 397 talis
2468 356 2573 395 non
2615 340 2830 394 aliunde
2856 339 3005 394 cerni
3036 346 3267 410 poterat,
3307 339 3410 397 nisi
3441 358 3512 397 ex

245 446 323 517 μὴ
361 446 425 497 ὲκ
451 445 559 496 τῶν
606 442 707 512 τῆς
764 440 965 511 σαρκὸς
1009 440 1366 510 ἀλοιδορήτων
1410 436 1597 490 παθῶν
1625 453 1686 488 τε
1731 436 1825 488 καὶ

240 539 439 608 λόγων,
475 536 788 603 ἀναγκαίως
818 536 913 588 καὶ
944 534 1014 586 τά
1040 532 1350 603 ἀνθρώποις
1381 530 1662 598 πρέποντα
1683 534 1827 584 ποιεῖ

241 648 303 684 τε
321 632 415 683 καὶ
439 629 619 691 λαλεῖ,
642 627 707 679 ἵν’
726 625 900 689 οὕτως
925 624 1234 695 δεικνύηται
1256 625 1350 678 καὶ
1368 624 1462 679 ἄνθ
1473 640 1649 695 ρωπος
1667 640 1827 691 γεγο-

245 721 375 784 νὼς.
421 721 575 773 Ἔστι
591 717 720 787 γοῦν
745 718 873 770 ἰδεῖν
894 717 1038 768 κατά
1061 716 1255 768 ταυτὸν
1275 716 1556 786 ἀμφότερα
1579 715 1635 765 ἐν
1656 711 1823 783 αὐτῷ.

257 811 621 867 Ἐπυνθάνετο
667 811 763 881 μὲν
794 809 903 878 γὰρ
934 808 1035 861 ποῦ
1062 812 1235 861 κεῖται
1264 807 1513 877 Λάζαρος
1542 806 1826 878 ἀνθρωπο-

246 904 476 975 πρεπῶς
500 920 513 932 ·
542 903 728 973 ἤγειρε
751 900 807 954 δὲ
840 898 1023 963 αὐτὸν,
1047 899 1122 960 ὡς
1144 898 1295 960 Θεός.
1338 899 1444 950 Καὶ
1457 900 1523 969 τῇ
1545 898 1641 968 μὲν
1661 895 1828 967 μητρὶ

254 996 511 1067 λεγούσῃ,
528 1015 550 1046 ί
564 993 718 1048 Οἶνον
738 995 839 1046 οὐκ
857 992 1091 1062 ἔχουσιν,
1119 1010 1136 1043 ι
1159 990 1494 1061 ἐπέπληττεν
1526 991 1601 1054 ὡς
1623 990 1829 1061 ἀνθρω-

245 1107 347 1153 πος
365 1104 380 1119 ο
398 1089 457 1141 τὸ
472 1090 524 1141 δὲ
548 1087 689 1158 ὕδωρ
713 1086 874 1148 εὐθὺς
897 1086 976 1148 είς
991 1081 1131 1138 οἶνον
1152 1085 1446 1155 μετεποίει.
1464 1084 1596 1147 Θεὸς
1626 1084 1734 1155 γὰρ
1761 1080 1828 1153 ἦν

245 1181 500 1252 ἀληθινὸς
535 1183 592 1233 ὲν
623 1180 805 1251 σαρκὶ,
838 1179 932 1231 καὶ
962 1177 1099 1250 σὰρξ
1124 1178 1338 1249 ἀληθῶς
1372 1179 1430 1229 ἐν
1463 1177 1598 1247 Θεῷ.
1632 1178 1708 1230 Δι’
1751 1171 1828 1231 ὦν

244 1270 338 1326 οὖν
386 1273 491 1325 ἔδει
540 1270 900 1343 γνωρίζεσθαι
936 1270 1089 1334 Θεὸν,
1138 1269 1311 1322 ταῦτα
1348 1269 1547 1332 θεϊκῶς
1580 1270 1825 1340 ἐνεργεῖ·

246 1366 343 1418 καὶ
375 1367 468 1434 ἀφ’
503 1358 577 1418 ὧν
618 1360 686 1435 ἦν
717 1362 1029 1432 ἀναγκαίως
1067 1360 1352 1431 ἄνθρωπον
1376 1361 1544 1424 ὅντως
1576 1361 1826 1432 ὁρᾶσθαι,

244 1458 417 1510 ταῦτα
452 1460 596 1510 ποιεῖ
633 1457 728 1509 καὶ
756 1456 924 1525 λέγει,
973 1454 1271 1524 οἰκονομῶν
1300 1452 1378 1522 τῷ
1413 1454 1694 1524 μυστηρίῳ
1730 1453 1829 1524 τὴν

246 1549 526 1618 ἀλήθειαν.
575 1548 932 1601 Ἀποδιδόσθω
950 1546 1130 1600 τοίνυν
1152 1544 1271 1616 Θεῷ
1291 1545 1357 1598 τά
1388 1544 1506 1616 Θεῷ
1529 1544 1830 1616 χρεωστού-

249 1658 408 1710 μενα,
446 1641 540 1692 καὶ
577 1642 643 1710 τῇ
697 1639 1079 1709 ἀνθρωπότητι
1125 1638 1193 1691 τὰ
1236 1638 1371 1709 αὑτῇ
1413 1638 1695 1708 πρέποντα
1736 1639 1830 1691 καὶ

1932 434 2278 505 passionibus
2320 444 2374 490 et
2410 435 2572 489 dictis
2599 434 2745 487 cerui
2795 432 3268 499 convenientibus,
3302 437 3513 503 peccati

1936 538 2114 581 tamen
2161 527 2479 594 expertibus
2512 540 2527 579 :
2560 526 2869 579 necessario
2914 525 3077 579 etiam
3106 540 3227 594 quae
3278 526 3510 581 homini-

1932 620 2032 674 bus
2064 620 2389 673 conveniunt
2425 626 2479 671 et
2530 616 2679 677 facit,
2728 627 2781 670 et
2831 617 3103 685 loquitur;
3142 624 3203 671 ut
3255 617 3512 671 nimirum

1933 710 2036 764 hac
2074 713 2281 763 ratione
2312 709 2551 763 declaret
2597 724 2656 762 se
2712 709 2985 762 hominem
3030 706 3255 763 factum.
3291 708 3516 765 Utrum-

1935 815 2037 868 que
2065 802 2230 871 igitur
2268 803 2318 854 in
2351 802 2466 869 ipso
2491 801 2678 875 eadem
2714 800 2765 853 iu
2802 816 2859 854 re
2887 801 3176 856 cernimus.
3212 801 3398 871 229‘
3429 798 3517 854 ln-

1938 894 2230 961 terrogavit
2252 892 2394 946 enim
2428 892 2517 946 ubi
2549 892 2755 960 positus
2783 902 2930 945 esset
2955 891 3220 956 Lazarus,
3252 894 3395 963 quod
3425 892 3514 945 ni-

1936 985 2130 1037 mirum
2175 998 2236 1037 ea
2267 984 2621 1053 interrogatio
2654 983 2857 1037 homini
2887 986 3202 1039 conveniret
3231 1003 3245 1038 :
3275 987 3514 1040 suscita-

1934 1078 2010 1129 vit
2048 1086 2227 1130 autem
2276 1077 2472 1144 ipsum,
2505 1086 2563 1128 ut
2598 1075 2757 1129 Deus.
2806 1076 2871 1129 Et
2922 1086 3148 1131 matrem
3177 1076 3393 1146 quidem
3431 1076 3515 1131 di-

1937 1179 2147 1225 centem
2191 1184 2253 1221 τι
2288 1167 2481 1221 Vinum
2530 1182 2639 1222 non
2691 1168 2979 1233 habent“,
3011 1186 3030 1220 ι
3086 1168 3401 1237 increpabat
3455 1176 3515 1221 ut

1938 1262 2100 1314 homo
2130 1276 2146 1316 :
2177 1272 2373 1327 aquam
2408 1273 2535 1312 vero
2565 1259 2749 1313 statim
2782 1259 2837 1313 in
2874 1260 3057 1314 vinum
3088 1261 3341 1313 mutavit.
3372 1260 3514 1315 Deus

1936 1348 2078 1402 enim
2111 1362 2273 1402 verus
2313 1358 2431 1401 erat
2462 1348 2514 1401 in
2553 1363 2738 1412 carne,
2768 1357 2823 1403 et
2849 1363 2975 1402 caro
3010 1364 3133 1403 vere
3167 1349 3217 1402 in
3246 1348 3374 1402 Deo.
3417 1348 3513 1403 IIIa

1938 1441 2132 1509 igitur,
2188 1455 2283 1509 per
2325 1454 2444 1508 qua:
2483 1440 2721 1509 oportuit
2772 1441 3022 1510 cognosci
3082 1441 3287 1506 Deum,
3334 1441 3515 1494 divino

1936 1547 2086 1585 more
2118 1530 2247 1584 fecit
2280 1549 2292 1583 :
2326 1546 2389 1585 ea
2422 1547 2551 1585 vero
2582 1547 2676 1600 per
2699 1547 2818 1600 quae
2840 1548 3062 1586 necesse
3091 1540 3209 1585 erat
3242 1532 3514 1586 hominem

1936 1636 2063 1676 vere
2099 1622 2271 1687 cerni,
2305 1621 2418 1675 hac
2452 1620 2583 1675 facit
2628 1630 2682 1675 et
2729 1622 2880 1687 dicit,
2915 1637 3113 1676 arcana
3160 1622 3391 1689 quadam
3437 1636 3518 1675 ra-

244 1728 595 1799 όφειλόμενα,
636 1728 730 1781 καὶ
778 1727 950 1790 οὓτως
994 1727 1099 1791 ἔξω
1145 1727 1345 1790 παντὸς
1396 1727 1694 1781 σκανδάλου
1736 1726 1830 1779 καὶ

1961 1713 2082 1766 ioue
2129 1714 2412 1767 veritatem
2461 1714 2868 1769 administrans.
2919 1714 3283 1770 Ascriltantur
3332 1714 3517 1783 itaque

248 1822 458 1892 πλάνης
485 1825 513 1874 6
542 1822 622 1883 εἰς
657 1819 819 1875 αὑτὸν
849 1819 1123 1873 πιστεύων
1162 1821 1476 1891 γενήσεται.

943 2089 1146 2142 ΑΛΛΟ.

740 2177 835 2244 Ὦς
871 2179 940 2243 ἐξ
969 2178 1350 2245 ἀντιθέσεως.

332 2294 349 2322 ι
397 2272 578 2325 Πάντα
619 2290 729 2342 μοι,
775 2273 931 2342 φασὶ,
984 2273 1255 2344 παρεδόθη
1311 2272 1417 2325 ὑπὸ
1475 2272 1570 2326 τοῦ
1618 2273 1834 2343 Πατρός

258 2383 382 2435 μου.
427 2386 443 2415 ι
498 2365 557 2417 '0
586 2364 643 2417 δὲ
676 2366 852 2418 πάντα
878 2365 1009 2437 παρ’
1045 2366 1230 2436 ἐτέρου
1264 2366 1464 2429 λαϐὼν,
1500 2366 1657 2433 δῆλός
1685 2368 1835 2419 ὲστιν

254 2458 406 2510 οὐδὲν
434 2456 571 2527 ἔχων
600 2457 661 2522 ἐξ
691 2457 886 2511 ἑαυτοῦ
910 2475 923 2488 ο
963 2458 992 2510 6
1020 2458 1076 2510 δὲ
1095 2457 1353 2522 τοιοῦτος,
1396 2457 1511 2520 πῶς
1536 2457 1685 2511 ἔσται
1714 2461 1833 2512 κατ’

254 2549 442 2603 οὐσίαν
471 2550 655 2619 ὅμοιος
682 2548 759 2618 τῷ
785 2549 963 2602 πάντα
1002 2548 1178 2619 ἔχοντι
1208 2548 1327 2620 Θεῷ
1355 2550 1447 2602 καὶ
1477 2550 1686 2620 Πατρί;

256 2727 415 2796 Πρὸς
448 2726 621 2780 τοῦτο
651 2727 854 2791 λύσις,
904 2727 984 2792 ὠς
1022 2728 1121 2780 διὰ
1168 2725 1278 2795 τῆς
1324 2729 1410 2793 εὶς
1443 2726 1674 2781 ἆτοπον
1721 2730 1839 2783 ἀπ-

920 2796 1173 2865 αγωγῆς.

331 2892 392 2943 Et
436 2890 614 2942 πάντα
659 2888 838 2942 λαϐὼν
884 2892 913 2943 6
954 2890 1102 2954 Υἱὸς,
1151 2890 1304 2944 οὐδὲν
1344 2891 1481 2960 ἔχων
1533 2891 1591 2954 ἐξ
1643 2892 1837 2945 ἑαυτοῦ

258 2981 530 3048 φαίνεται,
585 2979 760 3032 πάντα
813 2978 936 3042 δοὺς
975 2980 1002 3031 6
1040 2980 1248 3051 Πατὴρ,
1290 2983 1440 3035 οὐδὲν
1491 2983 1605 3052 ἕχει
1640 2982 1735 3035 νῦν
1782 2986 1840 3037 ἐν

1938 1806 2069 1870 Deo,
2100 1820 2219 1873 quae
2244 1806 2293 1859 ei
2320 1806 2587 1859 debentur
2617 1826 2631 1860 :
2665 1816 2717 1861 et
2748 1808 3072 1861 humanitati
3101 1822 3220 1875 quae
3250 1806 3349 1875 ipsi
3379 1820 3511 1858 con-

1936 1898 2159 1950 veniunt
2208 1906 2262 1951 et
2294 1896 2593 1964 debentur;
2626 1909 2788 1965 atque
2839 1899 2932 1963 ita,
2968 1899 3057 1967 qui
3096 1899 3147 1951 in
3183 1900 3356 1966 ipsum
3390 1909 3514 1950 cre-

1939 1988 2038 2058 dit,
2070 1991 2205 2045 Iiber
2227 1990 2330 2044 erit
2360 1991 2427 2044 ab
2462 1992 2606 2043 omni
2645 1989 2943 2045 oilensionc
2971 2000 3131 2059 atque
3165 2002 3373 2044 errore.

2611 2080 2841 2137 ALIUD.

2318 2176 2402 2228 Ea:
2440 2174 2721 2243 objections
2748 2175 3131 2228 hwrett'corum.

2016 2286 2034 2319 ι
2066 2266 2257 2323 Omnia
2311 2267 2463 2331 mihi,
2520 2264 2791 2334 inquiunt,
2850 2265 3049 2319 tradita
3106 2275 3234 2321 sunt
3284 2283 3313 2322 a
3358 2267 3520 2325 Patre

1943 2375 2062 2413 meo
2084 2360 2149 2412 ’⁸.
2186 2377 2206 2410 ι
2240 2357 2342 2423 Qui
2389 2373 2516 2411 vero
2546 2359 2726 2410 omnia
2761 2357 2825 2409 ab
2860 2356 2968 2410 alio
2995 2358 3210 2428 accipit,
3250 2370 3398 2417 certe
3438 2364 3522 2416 ni-

1943 2452 2018 2505 hil
2059 2468 2087 2503 a
2136 2453 2316 2519 seipso
2354 2450 2538 2502 habet.
2571 2451 2640 2501 At
2675 2448 2766 2516 qui
2813 2447 3077 2514 ejusinodi
3111 2462 3215 2515 est,
3249 2451 3523 2520 quomodo

1942 2542 2049 2596 erit
2075 2540 2367 2594 secundum
2394 2538 2686 2593 essentimn
2719 2536 2913 2591 similis
2939 2535 3048 2592 Deo
3077 2553 3141 2593 ae
3168 2538 3315 2595 Patri
3339 2544 3522 2598 omnia

1946 2632 2202 2686 habenti?

1946 2724 2149 2778 Salutio
2188 2722 2517 2792 objectiouis,
2569 2736 2661 2789 per
2703 2721 3059 2775 reductionem
3103 2727 3173 2777 ad
3210 2723 3521 2783 absurdum.

2019 2903 2075 2957 Si
2128 2901 2295 2957 Filius
2329 2914 2450 2953 cum
2501 2899 2679 2953 omnia
2724 2899 3018 2969 acceperit,
3068 2900 3200 2955 nihil
3243 2917 3311 2958 ex
3348 2905 3527 2975 seipse

1949 2996 2133 3057 habet,
2180 2993 2343 3047 Pater
2388 2994 2479 3061 qui
2520 2992 2701 3045 omnia
2739 2992 2852 3056 dat,
2900 2992 3031 3046 nihil
3069 3009 3212 3048 nunc
3250 2996 3301 3049 in
3345 3012 3404 3052 se
3438 2999 3526 3053 ba-

261 3072 461 3142 ἐαυτῷ.
505 3071 666 3126 ’Λλλά
693 3071 850 3124 τοῦτο
885 3072 1083 3126 ἄτοπον
1107 3091 1119 3104 ·
1168 3074 1284 3137 πῶς
1315 3076 1421 3145 γὰρ
1450 3075 1653 3147 ἔρημος
1692 3076 1838 3129 ἔσται

1961 3097 2055 3143 iet.
2099 3088 2167 3140 At
2212 3086 2315 3140 hoc
2362 3085 2655 3139 absurdum
2704 3094 2832 3138 est:
2872 3086 3142 3154 quomodo
3179 3089 3324 3142 enim
3367 3088 3530 3147 Pater

257 3163 368 3215 τῶν
413 3164 724 3233 προσόντων
771 3162 919 3233 αὐτῷ
959 3165 1204 3233 φυσικῶς
1248 3167 1276 3217 6
1309 3168 1531 3239 Πατήρ;
1586 3168 1738 3238 Ἔχει
1785 3168 1843 3221 δὲ

262 3256 463 3319 πάντα,
495 3257 587 3309 καὶ
616 3256 739 3319 δοὺς
777 3256 918 3309 αὑτά
954 3255 1025 3325 τῷ
1069 3258 1182 3326 Υἱῴ
1217 3257 1475 3328 δηλονότιο
1524 3262 1627 3313 κᾶν
1658 3262 1685 3312 ὁ
1719 3262 1845 3324 Υἱὸς

262 3347 546 3417 εἰληφέναι
579 3348 729 3421 λέγῃ,
768 3348 955 3419 χρόνος
984 3344 1052 3421 ἦν
1085 3351 1255 3415 οὐδεὶς
1288 3353 1374 3405 ὅτε
1412 3352 1618 3405 τούτων
1640 3354 1843 3424 ἕρημος

260 3434 354 3510 ἦν.
390 3438 669 3509 Λαμϐάνει
700 3440 796 3508 μὲν
834 3440 943 3512 γάρ
975 3442 1115 3495 κατά
1160 3444 1217 3495 τὸ
1258 3446 1441 3513 σχῆμα
1472 3444 1533 3496 τὸ
1565 3444 1844 3515 ἀνθρώπι-

265 3547 354 3582 νον
374 3548 386 3561 ·
421 3530 532 3600 ἔχει
570 3530 625 3582 δὲ
655 3530 793 3585 α’)τά
822 3534 1086 3602 φυσικῶς,
1128 3533 1315 3605 ὥσπερ
1354 3535 1448 3588 καὶ
1472 3537 1499 3587 ὁ
1531 3536 1738 3607 Πατήρ.

950 3626 1156 3681 AAAO.

339 3713 504 3781 Λέγει
530 3731 631 3767 που
660 3717 922 3787 Χριστός·
966 3738 983 3767 ι
1042 3719 1100 3771 Ὀ
1132 3720 1322 3791 Πατὴρ
1355 3722 1546 3792 ἀγαπᾷ
1569 3722 1662 3777 τὸν
1697 3723 1845 3790 Υίὸν,

267 3806 364 3859 καὶ
401 3806 649 3872 ἐξουσίαν
686 3808 886 3861 ἔδωκεν
932 3794 1082 3880 αὑτῷ
1134 3812 1314 3881 κρίσιν
1367 3814 1559 3876 ποιεῖν,
1592 3815 1671 3866 ὅτι
1722 3815 1848 3879 Υἱὸς

270 3897 558 3968 ἀνθρώπου
612 3900 779 3954 ἐστίν.
818 3919 837 3951 ι
889 3901 950 3953 Et
978 3903 1159 3955 τοίνυν
1210 3903 1459 3968 ἐξουσίαν
1504 3904 1597 3958 τοῦ
1646 3907 1850 3977 κρίνειν

270 3990 562 4060 λαμϐάνει,
615 3992 674 4044 οὐ
728 3992 817 4046 διά
865 4011 986 4047 τινα
1034 3997 1305 4065 πρόφασιν
1339 3999 1555 4067 ἑτέραν,
1606 3999 1719 4051 ἀλλ’
1771 4001 1850 4053 ὅτι

274 4083 435 4153 μόνον
478 4083 609 4146 Υἱὸς
654 4084 943 4156 ἀνθρώπου
972 4087 1141 4151 ἐστὶν,
1178 4088 1275 4159 οὐχ
1397 4089 1568 4156 Λόγος
1595 4089 1711 4141 ἐστὶ
1758 4091 1852 4144 καὶ

268 4175 405 4238 Θεὸς
430 4178 458 4230 6
487 4176 613 4239 Υἱὸς
646 4176 931 4248 λαμϐάνει,
966 4179 1099 4232 ἀλλά
1131 4180 1265 4232 καθὸ
1296 4181 1517 4248 γέγονεν
1545 4182 1850 4252 ἄνθρωπος.

270 4268 565 4335 Λογιστέον
592 4266 687 4321 οὖν
725 4272 791 4339 τῇ
840 4269 937 4340 μὲν
970 4271 1350 4342 ἀνθρωπότητι
1378 4273 1439 4325 τὸ
1465 4273 1669 4339 λαϐεῖν,
1698 4278 1763 4345 τῇ
1796 4274 1853 4327 δὲ

272 4358 493 4431 θεότητι
528 4360 621 4414 τοῦ
674 4361 827 4428 Υίοῦ,
863 4362 923 4415 τὸ
952 4362 1129 4415 πάντα
1162 4364 1461 4434 κεκτῆσθαι
1497 4366 1741 4433 φυσικῶς
1786 4367 1853 4419 τὰ

271 4450 368 4504 τοῦ
393 4453 755 4523 γεννήσαντος
787 4454 971 4507 αὐτόν.
1001 4454 1157 4507 Οὕτω
1188 4454 1296 4525 γὰρ
1343 4456 1410 4510 ἂν
1438 4458 1524 4529 ετη
1569 4458 1663 4511 καὶ
1688 4457 1854 4512 είκὼν

273 4542 691 4611 ἀπαράλλακτος
718 4542 810 4597 τοῦ
842 4545 1073 4615 Πατρός.

734 4665 1100 4751 ΛΟΓΟΣ
1174 4661 1367 4751 ΚΔ’.

1946 3195 2146 3234 vacuus
2174 3181 2278 3233 erit
2308 3179 2388 3233 eis
2430 3192 2548 3245 qua:
2594 3177 2913 3230 naturaliter
2959 3178 3059 3246 ipsi
3090 3179 3307 3235 insunt?
3336 3182 3527 3237 Omnia

1945 3288 2074 3327 vero
2124 3272 2308 3335 habet,
2362 3269 2573 3322 tametsi
2636 3284 2698 3322 ea
2752 3266 2889 3321 Filio
2931 3269 3184 3325 dederit:
3221 3281 3277 3326 et
3317 3277 3529 3329 tametsi

1947 3366 2115 3420 Filius
2161 3365 2375 3417 dicatur
2404 3360 2715 3429 accepisse,
2770 3360 2916 3415 nullo
2959 3370 3135 3415 tamen
3184 3370 3427 3432 tempore
3464 3368 3532 3421 iis

1947 3471 2148 3511 vacuus
2182 3456 2300 3508 fuit.
2326 3452 2540 3523 Accipit
2579 3453 2723 3505 enim
2771 3451 2983 3507 ratione
3013 3452 3200 3509 forma:
3232 3456 3478 3512 humana:
3512 3478 3527 3514 :

1949 3548 2274 3604 naturaliter
2306 3562 2435 3602 vero
2473 3562 2537 3601 ea
2563 3545 2746 3607 habet,
2779 3545 2919 3598 sicut
2950 3554 3004 3599 et
3034 3544 3214 3601 Pater.

2622 3636 2856 3692 ALIUD.

2022 3733 2268 3789 Christus
2303 3732 2500 3786 alicubi
2553 3732 2686 3786 dicit
2716 3748 2729 3785 :
2770 3750 2784 3781 ι
2817 3730 2979 3785 Pater
3009 3730 3182 3800 diligit
3224 3730 3445 3799 Filium,
3478 3744 3534 3788 et

1952 3836 2274 3895 potestatem
2303 3825 2450 3879 dedit
2478 3824 2524 3878 ei
2551 3824 2817 3893 judicium
2852 3821 3051 3885 facere,
3083 3824 3209 3891 quia
3237 3822 3405 3879 Filius
3437 3827 3536 3879 ho-

1953 3918 2116 3971 minis
2142 3928 2225 3970 est
2248 3917 2309 3971 ³ο.
2350 3934 2369 3968 ι
2409 3916 2464 3969 Si
2498 3929 2630 3983 ergo
2662 3921 2981 3984 potestatem
3004 3913 3283 3981 judicandi
3316 3916 3532 3985 accipit,

1955 4025 2059 4063 non
2107 4010 2266 4062 aliam
2304 4008 2373 4063 ob
2405 4022 2624 4062 causam
2665 4022 2827 4075 quam
2862 4006 3005 4074 quod
3051 4006 3122 4061 sit
3157 4005 3325 4060 Filius
3356 4007 3535 4062 homi-

1955 4098 2217 4151 nisznon
2273 4107 2538 4165 quatenus
2591 4095 2826 4150 Verbum
2880 4110 2964 4152 eSt
3012 4105 3066 4149 et
3120 4096 3279 4162 Deus,
3337 4097 3538 4152 dicitur

1955 4187 2202 4256 accipere
2232 4188 2422 4252 Filius,
2454 4188 2545 4241 sed
2588 4198 2858 4257 quatenus
2893 4186 3066 4240 factus
3098 4196 3181 4241 est
3215 4189 3397 4243 homo.
3431 4189 3538 4241 Ae-

1955 4282 2134 4351 cipere
2173 4281 2335 4351 igitur
2366 4282 2613 4334 humana:
2665 4289 2869 4333 natura:
2899 4279 3243 4333 tribuendum
3293 4292 3375 4335 est
3411 4300 3424 4335 :
3457 4285 3537 4335 di-

1956 4371 2172 4425 vinitati
2224 4380 2403 4425 autem
2460 4371 2580 4426 Filii
2635 4370 3014 4424 ascribendum
3075 4378 3157 4423 est
3215 4371 3537 4428 naturaliter

1958 4465 2137 4521 omnia
2181 4465 2454 4534 possidere
2485 4479 2607 4533 quae
2632 4463 2811 4517 Pater.
2862 4463 2936 4516 Ita
2982 4463 3125 4517 enim
3162 4461 3327 4517 fuerit
3361 4465 3538 4517 omni-

1960 4555 2118 4610 moda
2145 4555 2321 4624 imago
2347 4552 2545 4607 Patris.

2240 4680 2811 4771 ASSERTIO
2883 4684 3238 4771 XXIV.

276 4798 381 4861 Εἰς
419 4796 497 4879 τὰ.
525 4797 819 4879 λεγόμενα
846 4797 979 4879 περὶ
1024 4798 1131 4878 τοῦ
1170 4797 1838 4879 Σωτῆροςκᾴ-νθρωπίνωι

1961 4808 2162 4879 229“
2176 4810 2242 4879 In
2264 4827 2325 4863 ea
2348 4827 2464 4879 qua:
2482 4811 2708 4864 humano
2727 4827 2869 4864 more
2888 4810 3139 4863 dicuntur
3155 4809 3220 4879 ub
3242 4811 3535 4879 evangelis-

349 4866 510 4933 παρὰ
529 4867 654 4932 τοῖς
674 4868 1151 4936 εὺαγγελισταῖς,
1183 4871 1267 4933 εὶς
1292 4871 1379 4931 τὸ,
1406 4888 1423 4919 ι
1453 4866 1763 4924 Ἔκλαυσε
1782 4887 1797 4901 ο
1832 4866 1850 4922 ι

344 4938 447 4992 καὶ
486 4940 573 5002 εις
601 4937 689 5001 τὸ,
741 4956 759 4989 ε
799 4938 930 4991 Νῦν
970 4939 1008 5006 ἡ
1052 4937 1222 5007 ψυχή
1260 4940 1786 5007 μουιτετάρακται·
1830 4961 1848 4992 ι

345 5007 447 5080 aut!
484 5008 689 5080 elc‘zd,
733 5026 751 5058 ι
791 5010 859 5080 Et
887 5008 1169 5071 δυνατὸν,
1211 5009 1548 5080 παρελθέτω
1586 5012 1686 5064 ἀπ’
1708 5012 1855 5080 ἐμοῦ

348 5077 417 5129 τὸ
446 5076 734 5145 ποτήριον
765 5078 976 5131 τοῦτο’
1026 5100 1044 5129 ι
1083 5080 1180 5132 καὶ
1206 5082 1291 5143 είς
1335 5079 1423 5144 τὸ,
1462 5097 1480 5130 t
1515 5076 1854 5148 Περίλυπός

345 5149 519 5221 ἐστιν
566 5151 603 5215 ἡ
652 5148 823 5221 ψυχή
854 5165 1010 5221 μουτ
1050 5150 1204 5202 ικαὶ
1261 5151 1375 5202 ὅσα
1418 5151 1654 5216 τούτοις
1686 5151 1857 5221 ὅμοια

339 5217 535 5285 ῥητὰ,
575 5218 935 5290 παραᾷέσεις
980 5220 1382 5290 ἀποδεικτικαὶ
1431 5221 1528 5273 καὶ
1579 5217 1855 5290 ἁπάτῆς

348 5288 823 5360 θείας-Γραφῆς,
866 5288 985 5342 τῶν
1028 5289 1449 5359 χριστομάχων
1486 5288 1857 5360 ἀνατρέποὺιι

347 5373 455 5412 σαι
483 5358 598 5426 τὴν
630 5361 970 5413 κακόνοιαν.

349 5449 415 5502 EI
449 5450 601 5520 παρά
630 5466 773 5514 τινος
810 5450 918 5504 τῶν
947 5452 1215 5521 τυχόντων
1245 5452 1278 5523 ἦ
1318 5452 1412 5505 καὶ
1438 5450 1723 5523 ἀνθρώπου
1766 5454 1858 5524 ψι-

351 5596 397 5629 ¹⁸
430 5595 586 5667 Joan.
626 5613 683 5655 tl,
723 5598 775 5652 5.
850 5602 894 5635 ²⁹
929 5601 1114 5658 Matth.
1165 5618 1239 5667 XI,
1279 5601 1381 5655 ‘27.

276 5667 347 5723 53
443 5666 488 5697 ³⁸
516 5668 645 5723 ibid.
680 5668 766 5721 58.

1454 5602 1498 5634 ³ο
1531 5598 1684 5658 Joan.
1729 5619 1781 5668 γ,
1824 5602 1913 5658 9.2.
1992 5604 2030 5635 ³¹
2064 5603 2221 5657 Joan.
2254 5618 2327 5663 xl,

2035 4878 2098 4932 tis
2124 4882 2187 4933 de
2204 4878 2478 4934 Servatore
2502 4896 2519 4933 :
2542 4882 2810 4944 nimirum,
2840 4883 2895 4933 in
2920 4882 3074 4943 illud,
3099 4900 3117 4931 ε
3149 4878 3315 4933 Flevit
3346 4878 3412 4945 ³ί,
3445 4901 3463 4934 ι
3487 4894 3535 4934 et

2029 4950 2083 5002 in
2105 4951 2260 5012 illud,
2286 4967 2303 4999 ι
2326 4949 2484 5002 Nunc
2512 4957 2686 5005 anima
2716 4968 2829 5005 mea
2858 4953 3069 5003 turbata
3091 4960 3169 5004 est
3192 4950 3235 4981 "
3259 4967 3273 5015 ;
3300 4970 3316 4999 ι
3342 4962 3412 5013 et,
3437 4971 3453 5003 ι
3479 4952 3536 5005 Si

2028 5020 2274 5088 possibile
2322 5028 2417 5083 est,
2470 5030 2703 5074 transeat
2746 5040 2775 5072 a
2826 5037 2906 5073 me
2964 5022 3104 5073 calix
3154 5021 3251 5074 iste
3271 5020 3355 5083 ⁸³;
3387 5039 3405 5071 ι
3462 5036 3534 5083 et,

2037 5109 2055 5141 ι
2092 5089 2277 5143 Tristis
2305 5098 2378 5142 est
2410 5092 2591 5142 anima
2623 5107 2735 5143 mea
2760 5091 2827 5156 “,
2863 5108 2882 5141 ι
2913 5090 3122 5157 aliaque
3153 5091 3311 5158 hujus
3333 5094 3537 5158 generis

2030 5161 2196 5221 diem,
2252 5162 2596 5213 auctoritates
2636 5177 2804 5214 sacra:
2846 5159 3133 5229 Scriptum
3169 5159 3539 5214 hwrettcorum

2031 5231 2197 5299 falsus
2224 5231 2490 5299 Opiniones
2516 5229 2889 5286 subvertentes.

2036 5453 2093 5509 Si
2144 5468 2173 5506 a
2225 5451 2435 5523 vulgari
2482 5453 2732 5523 quopiam
2782 5450 3001 5506 homine
3052 5449 3167 5505 haec
3225 5447 3367 5503 dicta
3413 5462 3537 5504 esse

2537 5600 2578 5631 ³³
2611 5598 2766 5654 Joan.
2803 5612 2900 5665 xu,
2925 5596 3018 5652 27.
3094 5596 3138 5628 ³³
3162 5593 3350 5651 Matth.
3384 5607 3533 5661 χιι-ι,
