3878 6208
336 241 438 298 591

1367 237 1428 294 S.
1469 237 1744 294 CYRlL-IJ
1788 233 2258 293 ALEXANDRINI
2302 233 2613 291 ARClllEP.

3501 243 3614 297 592

335 354 739 419 existimamus,
779 350 905 404 ﬂeat
951 359 1005 404 ut
1057 350 1240 416 homo,
1276 350 1572 420 timeatque
1605 360 1660 405 et
1697 358 1925 404 mortem

2036 347 2120 400 λοῦ
2150 345 2248 409 τὰς
2271 343 2523 407 τοιαύτας
2556 345 2806 416 εἰρῆσθαι
2835 345 3164 417 πιστεύομεν
3195 347 3396 416 φωνὰς,
3431 350 3613 406 κλαιέ-

337 455 694 518 expavescat,
731 445 934 514 ﬁatque
969 444 1142 498 tristis
1181 453 1237 498 et
1271 443 1542 506 turbetur,
1570 443 1785 512 aliaque
1808 458 1926 496 om-

339 542 427 596 nia
461 540 724 610 patiatur,
757 552 878 605 quae
903 547 960 590 et
997 536 1110 605 ipsa
1143 536 1380 590 humana
1410 546 1602 588 natura
1627 536 1732 604 pati
1772 535 1925 588 solet.

343 632 401 688 Si
439 646 569 685 vero
598 632 736 684 Deus
769 631 820 683 in
847 642 1012 683 carne
1050 637 1191 694 erat,
1221 639 1275 680 et
1303 627 1522 696 quidem
1559 637 1699 692 erat,
1732 636 1786 680 et
1823 641 1926 680 non

343 726 521 787 aliter,
542 739 704 792 quem
737 723 924 775 timeat
955 719 1134 774 Deus?
1169 720 1229 774 Si
1263 736 1388 774 vere
1415 720 1547 774 dicit
1574 738 1586 773 :
1617 737 1636 770 i
1668 720 1776 790 Ego
1810 735 1927 773 sum

343 818 453 872 vita
479 817 547 882 ³⁵,
580 836 598 868 ι
635 816 911 886 quomodo
947 824 1176 868 mortem
1229 814 1382 866 timet
1423 813 1573 866 vita?
1620 813 1677 866 Si
1720 813 1854 866 alios
1897 826 1928 865 a

346 919 518 965 morte
554 908 922 970 conservavit,
974 907 1244 974 quomodo
1284 905 1404 974 ipse
1449 906 1625 957 timuit
1663 903 1930 958 mortem?

343 1001 627 1067 Quomodo
674 999 868 1053 timeat
909 1007 1164 1060 mortem,
1197 999 1290 1065 qui
1331 994 1623 1063 discipulos
1671 996 1736 1048 ad
1769 993 1927 1048 forti-

346 1093 609 1156 tudinem,
663 1091 968 1158 morlisque
1026 1099 1395 1155 contemptum
1448 1089 1786 1150 cohortatur,
1843 1087 1926 1139 ili-

343 1203 472 1242 cens
515 1206 526 1239 :
565 1205 584 1238 i
624 1185 804 1240 Nolite
853 1186 1048 1239 timere
1095 1198 1192 1238 eos
1247 1183 1338 1252 qui
1389 1184 1644 1238 occidunt
1690 1194 1925 1250 corpus,

343 1279 584 1332 animam
614 1288 796 1332 autem
827 1291 932 1331 non
958 1286 1182 1346 possunt
1213 1275 1466 1330 occidere
1487 1275 1568 1326 ³⁵2
1598 1293 1618 1325 ι
1647 1272 1929 1338 Quomodo

346 1373 462 1440 ipse
514 1371 616 1425 hoc
669 1370 899 1434 timeat,
952 1369 998 1424 si
1042 1369 1278 1422 Abralia:
1318 1369 1562 1422 animum
1613 1368 1797 1431 addit,
1846 1366 1928 1419 di-

344 1481 475 1521 cens
507 1483 520 1519 :
556 1484 574 1516 ι
611 1464 688 1517 Ne.
721 1465 935 1528 timeas,
979 1463 1110 1532 quia
1139 1472 1313 1516 tecum
1350 1461 1555 1515 sum".
1593 1479 1611 1512 ι
1646 1460 1702 1513 Si
1745 1458 1926 1513 Mosen

346 1558 609 1612 adversus
641 1555 986 1610 Pharaonem
1045 1553 1311 1618 incitavit,
1359 1561 1412 1608 et
1458 1552 1524 1605 ad
1570 1551 1734 1605 Josue
1783 1549 1931 1605 Nave

348 1650 517 1704 lilium
553 1649 685 1703 dicit
717 1668 730 1703 :
765 1668 782 1699 i
817 1647 1143 1702 Coufortare
1172 1657 1227 1700 et
1268 1645 1499 1700 viriliter
1529 1661 1627 1714 age
1650 1644 1716 1708 ³⁸,
1750 1662 1768 1694 ι
1802 1659 1931 1713 quo-

346 1745 506 1797 modo
536 1743 588 1796 in
623 1742 772 1795 illum
814 1749 994 1796 metus
1032 1741 1212 1803 cadat,
1250 1751 1472 1808 autquo
1497 1748 1652 1808 pacto
1682 1738 1930 1791 homines

347 1832 546 1896 timuit,
583 1832 673 1901 qui
727 1830 862 1886 alios
896 1831 962 1884 ad
1012 1829 1376 1899 abjicieiiilum
1414 1838 1616 1882 metum
1659 1828 1927 1892 hortatur,

345 1923 582 1990 facitque
636 1930 695 1975 ut
734 1921 1020 1975 clament:
1056 1937 1076 1970 ι
1109 1918 1370 1974 Dominus
1417 1918 1549 1972 mihi
1595 1919 1829 1986 adjutor,
1875 1927 1932 1972 et

344 2030 452 2069 non
501 2014 701 2068 timebo
731 2013 860 2082 quid
897 2011 1059 2065 faciat
1099 2011 1230 2064 mihi
1289 2012 1452 2064 homo
1478 2009 1562 2063 3"1‘
1593 2030 1610 2061 ι
1649 2011 1931 2076 Quomodo

346 2108 392 2161 is
431 2107 520 2175 qui
556 2108 620 2158 ail
656 2107 756 2160 hoc
797 2106 966 2168 venit,
999 2115 1054 2158 ut
1097 2115 1325 2158 mortem
1381 2106 1683 2169 interimat,
1716 2104 1830 2173 ipse
1867 2105 1933 2158 ti-

343 2207 492 2252 meat
557 2197 608 2251 id
660 2206 846 2249 cuiitra
899 2197 1040 2263 quod
1095 2193 1278 2246 venit?
1336 2195 1442 2247 Aut
1505 2196 1774 2263 quomodo
1824 2211 1928 2247 non

341 2302 600 2345 extremae
654 2289 950 2356 impietatis
998 2286 1164 2340 fuerit
1211 2290 1412 2352 dicere,
1469 2288 1639 2356 ipsum
1686 2289 1932 2343 timuisse

345 2382 642 2444 infernum,
710 2381 864 2449 i-iijus
916 2380 1171 2433 custodes
1229 2382 1294 2432 ad
1353 2380 1525 2448 ipsius
1580 2390 1928 2449 conspectum

342 2475 687 2544 expaverint,
747 2474 1116 2538 reseratisque
1165 2473 1357 2540 portis,
1419 2473 1643 2540 spiritus
1695 2473 1931 2528 inclusos

341 2569 688 2630 dimiserunt,
720 2566 884 2636 230
947 2566 1081 2620 adeo
1111 2577 1169 2618 ut
1216 2567 1366 2618 multi
1403 2578 1712 2619 sanetorum
1751 2582 1931 2618 resur-

345 2662 609 2722 rcveriul,
645 2663 945 2727 urbemque
994 2658 1246 2728 ingressi,
1293 2667 1347 2711 ut
1385 2659 1644 2726 scriptum
1694 2665 1777 2712 est
1801 2657 1867 2720 ⁸⁸,
1900 2673 1930 2710 a

348 2753 533 2806 inuitis
567 2753 665 2804 visi
693 2751 841 2804 sint?
875 2749 1156 2816 Quomodo
1193 2751 1370 2804 timuit
1396 2762 1648 2814 mortem,
1676 2751 1766 2818 qui
1805 2751 1929 2804 ilum

342 2853 700 2915 qniererctur,
748 2843 883 2896 dixit
929 2844 1009 2897 eis
1066 2843 1158 2912 qui
1217 2843 1282 2895 ad
1330 2843 1508 2912 ipsum
1573 2844 1930 2912 comprehen-

343 2937 575 2990 ilendiim
613 2946 956 2990 accesserant
992 2953 1004 2988 :
1044 2953 1061 2984 i
1097 2935 1205 3006 Ego
1237 2951 1354 2988 sum
1378 2935 1464 2987 “‘3
1499 2956 1515 2986 ι
1553 2935 1831 3002 ριιοιιιοάο
1866 2936 1932 2990 ti-

345 3029 479 3082 iuuit
533 3037 762 3080 mortem
813 3026 902 3096 qui
949 3026 1082 3080 dicit
1124 3044 1136 3078 :
1171 3045 1189 3077 i
1225 3026 1332 3096 Ego
1377 3034 1699 3096 potestatem
1757 3028 2002 3105 habeoc

343 3117 655 3170 dimittendi
682 3116 918 3170 animam
946 3132 1144 3181 meam,
1176 3127 1230 3172 ct
1262 3133 1450 3171 rursus
1481 3126 1804 3184 potestatem
1835 3120 1928 3174 ha-

344 3210 446 3263 bi-o
497 3207 798 3278 accipiendi
863 3222 1018 3274 eam;
1060 3227 1078 3259 ι
1129 3220 1185 3262 et
1256 3227 1272 3260 i
1333 3210 1515 3264 nullus
1561 3211 1757 3281 eripiet
1807 3227 1929 3266 eam

318 3301 505 3362 .mibi,
551 3301 645 3352 scil
694 3314 793 3367 ego
827 3299 1041 3368 depono
1083 3315 1200 3351 i-am
1235 3314 1262 3351 a
1299 3300 1506 3368 meipso
1529 3299 1606 3350 “i’
1637 3319 1654 3350 ι
1696 3298 1929 3353 Verbum

347 3391 530 3458 itaque
559 3388 648 3441 Dei
683 3387 735 3441 in
783 3403 840 3442 se
881 3398 1109 3442 mortem
1154 3404 1259 3442 ιιοιι
1301 3389 1515 3453 timuit;
1555 3388 1650 3442 sed
1683 3387 1930 3442 humani-

347 3492 429 3534 tas
458 3497 577 3552 qua:
612 3498 704 3535 sua
749 3490 943 3535 natura
983 3491 1208 3534 mortem
1238 3480 1578 3536 reformidat.

868 3764 1096 3831 ALIUD,
1126 3777 1409 3819 nai'ralire.

424 3855 802 3911 Necessarium
834 3857 996 3928 plane
1044 3867 1150 3921 est,
1199 3867 1258 3910 ut
1302 3857 1393 3925 qui
1446 3865 1591 3912 recte
1635 3857 1932 3929 intelligere

349 3948 477 4001 velit
499 3964 619 4018 qua:
651 3951 717 4001 de
742 3951 1034 4003 Servatore
1069 3958 1258 4003 nostro
1285 3949 1337 4002 iii
1366 3965 1516 4002 sacra
1543 3949 1817 4018 Scriptura
1849 3951 1932 4002 di-

346 4050 569 4104 cuntur,
615 4043 961 4096 occasionem
1008 4041 1184 4111 ipsam
1233 4049 1448 4112 spectet
1494 4052 1549 4096 et
1593 4053 1832 4112 tempora
1880 4042 1932 4094 in

345 4133 563 4201 quibus,
606 4142 703 4186 aut
733 4134 850 4203 ipse
879 4134 944 4188 de
980 4150 1058 4197 se,
1102 4143 1196 4188 aut
1230 4150 1385 4189 sacra
1419 4134 1696 4205 Scriptura
1732 4134 1931 4204 aliquid

350 4233 418 4281 ile
460 4243 530 4282 eo
566 4228 724 4282 dixit.
769 4227 824 4281 Si
862 4245 994 4298 ergo
1035 4227 1272 4283 Verbum
1311 4229 1404 4282 Dei
1452 4240 1740 4297 antequam
1785 4230 1936 4283 lict-et

349 4335 501 4383 Caro,
549 4335 787 4388 unquam
820 4321 906 4373 vel
958 4320 1226 4383 ﬂoruisse,
1262 4320 1346 4374 vel
1385 4329 1615 4375 mortem
1668 4319 1930 4384 timuisse,

2029 457 2107 491 τω
2157 439 2253 507 μὲν
2326 440 2403 501 ὡς
2453 438 2776 508 ἄνθρωπος,
2835 440 2928 492 καὶ
2979 440 3250 508 φοϐείσθω
3306 444 3468 498 πάλιν
3520 449 3615 500 καὶ

2027 529 2278 583 δειλιάτω
2321 530 2412 583 τὸν
2453 529 2707 594 θάνατον,
2752 532 2846 584 καὶ
2887 532 3121 600 γινέσθω
3158 535 3472 605 περίλυπος.
3520 541 3616 592 καὶ

2028 624 2402 694 ταραττέσθω,
2456 625 2551 676 καὶ
2596 626 2696 678 ὅσα
2749 625 2994 692 πέφυκεν
3039 627 3073 697 ἡ
3110 627 3398 697 ἀνθρώπου
3452 631 3615 698 φύσις

2031 713 2344 784 ὑπομένειν,
2372 714 2550 768 ταῦτα
2576 716 2670 768 καὶ
2700 717 2880 779 αὐτός.
2911 718 2973 769 Εἰ
2997 717 3055 772 δὲ
3087 718 3219 783 Θεὸς
3246 717 3312 791 ἦν
3343 723 3398 773 ὲν
3429 725 3612 795 σαρκὶ,

2029 803 2098 875 ἦν
2127 807 2183 859 δὲ
2209 807 2387 870 τοῦτο,
2423 809 2515 859 καὶ
2546 808 2642 877 οὐχ
2670 808 2892 879 ἑτέρως,
2923 809 3046 863 τίνα
3074 810 3320 880 φοϐεῖται
3349 813 3514 878 Θεός;
3553 814 3613 867 Et

2029 898 2234 970 ἀληθὴς
2264 896 2332 971 ἦν
2362 902 2564 969 λέγων,
2605 922 2621 953 i
2667 903 2809 972 Ἐγώ
2849 905 2963 974 εἰμι
3004 906 3037 976 ἡ
3070 903 3220 975 ζωὴ,
3255 924 3274 956 ›
3316 905 3458 959 κατὰ
3493 906 3612 959 τίνα

2029 994 2230 1062 τρόπον
2269 995 2516 1062 φοϐεῖται
2564 997 2656 1050 τὸν
2689 996 2919 1050 θάνατον
2959 999 2992 1068 ή
3030 999 3181 1068 ζωῆς
3231 1000 3293 1052 Εἰ
3327 999 3519 1063 ἄλλους
3550 1003 3613 1053 ἐκ

2031 1083 2262 1137 θανάτου
2292 1085 2535 1150 διέσωσε,
2561 1087 2675 1151 πῶς
2695 1089 2749 1140 δὲ
2777 1089 2940 1152 αὐτὸς
2971 1089 3217 1159 ἐφοϐεῖτο
3241 1090 3330 1142 τὸν
3359 1090 3609 1155 θάνατον,

2029 1178 2057 1230 6
2088 1179 2213 1239 τοὺς
2254 1179 2502 1248 μαθητὰς
2549 1180 2857 1250 ἐπαλείφων
2907 1183 2988 1245 είς
3041 1183 3297 1253 φρόνημα
3341 1187 3609 1247 νεανικὸν,

2030 1267 2125 1319 καὶ
2155 1267 2328 1335 λέγων
2350 1284 2362 1296 ·
2409 1288 2427 1318 ‹
2470 1271 2562 1338 Μὴ
2595 1270 2847 1338 φοϐεῖσθε
2876 1272 2987 1324 ἀπὸ
3030 1273 3139 1324 τῶν
3183 1274 3612 1327 ἀποκτεινόντων

2029 1355 2090 1408 τὸ
2116 1356 2297 1426 σῶμα,
2328 1356 2424 1428 τὴν
2453 1357 2510 1410 δὲ
2539 1358 2716 1429 ψυχὴν
2753 1359 2827 1430 μὴ
2856 1361 3170 1431 δυναμένων
3210 1366 3557 1428 ἀποκτεῖναι;
3588 1385 3606 1416 ι

2030 1448 2155 1510 Πῶς
2185 1449 2250 1502 ἂν
2281 1450 2438 1511 αὐτὸς
2462 1451 2710 1519 ἐφοϐεῖτο
2739 1453 2898 1506 τοῦτο
2923 1454 3133 1519 παθεῖν,
3158 1457 3316 1509 είτὺν
3358 1457 3612 1528 Ἀϐραὰμ

2031 1542 2465 1612 παραθαρσύνει,
2522 1544 2738 1612 λέγων’
2785 1563 2805 1596 ι
2853 1547 2944 1617 Μὴ
2976 1546 3163 1615 φοϐοῦ,
3205 1548 3283 1600 ὅτι
3325 1550 3461 1620 μετὰ
3513 1551 3609 1602 σοῦ

2031 1637 2184 1706 είμι;
2224 1656 2243 1688 ι
2293 1637 2354 1690 Εἰ
2385 1639 2589 1690 Μωσέα
2629 1639 2955 1710 γοργότερον
2986 1641 3159 1694 ἐποίει
3201 1642 3340 1695 κατὰ
3380 1642 3473 1696 τοῦ
3503 1646 3610 1696 Φα-

1961 1702 2005 1760 B
2037 1702 2171 1797 ραὼ,
2201 1727 2295 1780 καὶ
2323 1728 2458 1799 πρὸς
2499 1702 2816 1798 Ἰησοῦν-τδν
2842 1702 2936 1784 τοῦ
2971 1732 3120 1800 Ναυῆ
3148 1731 3329 1800 λέγει’
3369 1751 3387 1782 ι
3425 1734 3607 1804 Ἴσχυε

2034 1820 2126 1873 καὶ
2164 1819 2435 1890 ἀνδρίζου,
2481 1840 2499 1870 ι
2533 1822 2649 1884 πῶς
2687 1822 2848 1886 αὐτὸς
2867 1822 3068 1886 δειλίας
3096 1825 3247 1878 ἔσται
3278 1825 3542 1892 δεκτικὸς,
3574 1827 3608 1898 ῆ

2034 1909 2152 1971 πῶς
2182 1908 2504 1979 ἀνθρώπους
2538 1911 2802 1982 ἐφοϐήθη,
2831 1915 2858 1964 ὁ
2897 1913 3078 1978 ἄλλοις
3123 1916 3503 1986 συμϐουλεύων
3531 1922 3608 1984 είς

2033 2001 2093 2054 τὸ
2125 2000 2200 2071 μὴ
2237 2001 2543 2070 φοϐεῖσθαι,
2593 2004 2686 2055 καὶ
2728 2003 2929 2057 πείθων
2974 2005 3136 2077 βοᾷνο
3176 2028 3192 2059 ι
3240 2009 3442 2080 Κύριος
3485 2012 3611 2081 ἐμοὶ

2035 2093 2248 2165 βοηθὸς,
2281 2095 2341 2146 ού
2377 2094 2756 2165 φοϐηθήσομαι
2794 2096 2848 2148 τί
2879 2099 3096 2166 ποιήσει
3127 2116 3216 2169 μοι
3239 2101 3554 2172 ἇνθρωπος;
3585 2124 3602 2152 ι

2033 2186 2158 2250 Πῶς
2186 2187 2242 2240 δὲ
2271 2190 2298 2240 ὁ
2332 2190 2411 2251 είς
2439 2188 2598 2241 τοῦτο
2628 2189 2932 2261 παρελθὼν,
2967 2191 3055 2245 ἵνα
3095 2194 3189 2247 τὸν
3227 2195 3455 2250 θάνατον
3477 2197 3614 2250 ἀπο-

2033 2279 2241 2350 κτείνῃ,
2294 2279 2454 2344 αὐτὸς
2504 2281 2755 2350 ἐφοϐεῖτο
2786 2283 2877 2336 τὸν
2926 2285 3048 2338 καθ’
3088 2281 3148 2341 οὗ
3199 2290 3609 2359 παραγέγονεν;

2037 2371 2105 2422 Ἢ
2137 2371 2255 2434 πῶς
2279 2372 2339 2424 ού
2370 2373 2551 2442 πάσης
2576 2375 2832 2428 ἐπέκεινα
2857 2376 3179 2443 δυσσεϐείας
3212 2382 3327 2433 ἐστὶ
3348 2383 3407 2434 τὸ
3435 2381 3615 2451 λέγειν

2033 2463 2314 2530 φοϐεῖσθαι
2348 2464 2438 2517 τὸν
2469 2465 2622 2536 ᾅδην,
2655 2466 2713 2519 ὃν
2745 2468 2796 2519 οἱ
2835 2468 3028 2522 τούτου
3055 2471 3296 2543 πυλωροὶ
3331 2477 3422 2528 καὶ
3451 2476 3614 2545 μόνον

2037 2553 2234 2615 ἰδόντες
2268 2555 2635 2625 κατέπτηξαν,
2690 2557 2784 2609 καὶ
2820 2558 2918 2620 τὰς
2961 2559 3238 2626 ἀφύκτους
3280 2564 3616 2619 πετάσαντες

2034 2642 2230 2706 πύλας,
2282 2647 2500 2715 ἀφῆκαν
2547 2649 2614 2700 τὰ
2652 2651 3140 2706 ἐναποκλεισθέντα
3194 2655 3496 2727 πνεύματα,
3537 2659 3615 2721 ὡς

2032 2735 2330 2806 ἀναστῆναι
2360 2737 2470 2790 τῶν
2499 2739 2671 2807 ἁγίων
2707 2741 2952 2807 πολλοὺς,
2988 2745 3081 2796 καὶ
3121 2745 3381 2800 εἰσελθεῖν
3407 2751 3486 2812 είς
3514 2749 3616 2820 τὴν

2035 2827 2210 2890 πόλιν,
2238 2829 2382 2881 καθὰ
2412 2831 2743 2902 γέγραπται,
2773 2836 2864 2887 καὶ
2899 2835 3133 2905 ὀφθῆναί
3161 2856 3303 2905 τισι;
3334 2840 3458 2904 Πῶς
3485 2843 3611 2910 ἐφο-

2037 2919 2187 2972 ϐεῖτο
2228 2921 2317 2973 τὸν
2360 2921 2588 2976 θάνατον
2619 2926 2648 2977 ὁ
2698 2926 2755 2979 ἐν
2805 2927 2881 2996 τῷ
2928 2927 3205 3000 ζητεῖσθαι
3253 2931 3427 3001 λέγων
3476 2933 3615 3003 πρὸς

2035 3011 2161 3074 τοὺς
2219 3015 2661 3084 παραγεγονότας
2708 3018 2870 3072 αὐτὸν
2936 3021 3336 3078 συλλαϐέσθαι·
3385 3047 3404 3078 i
3473 3027 3617 3095 Ἐγώ

2035 3103 2188 3169 εἰμες
2247 3123 2264 3153 i
2340 3105 2463 3169 Πῶς
2523 3107 2770 3175 ἐφοϐεῖτο
2830 3111 2922 3162 τὸν
2978 3112 3204 3170 θάνατον
3281 3119 3309 3169 ὁ
3376 3118 3548 3186 λέγων
3599 3139 3613 3152 ·

2038 3214 2056 3246 i
2110 3197 2388 3264 Ἐξουο-ῖαν
2437 3201 2546 3270 ἔχω
2583 3201 2757 3257 θεῖναι
2795 3207 2895 3277 τὴν
2944 3209 3122 3281 ψυχήν
3165 3229 3266 3281 μου
3311 3215 3406 3268 καὶ
3451 3217 3618 3270 πάλιν

2032 3289 2280 3355 ἐξουσίαν
2329 3289 2436 3361 ἔχω
2489 3291 2674 3346 λαϐεῖν
2700 3296 2870 3367 αὐτην
2894 3315 2906 3327 ·
2955 3319 2972 3350 ι
3010 3301 3104 3353 καὶ
3139 3319 3152 3332 ⁸
3195 3322 3212 3354 i
3251 3305 3439 3369 Οὐδεὶς
3470 3309 3616 3379 αἴρει

2033 3380 2202 3452 αὐτὴν
2237 3382 2332 3434 ἀπ’
2379 3383 2534 3450 ἐμοῦ,
2577 3385 2693 3439 ἀλλ’
2734 3389 2845 3456 ἐγὼ
2889 3391 3080 3462 τίθημι
3109 3395 3279 3466 αὐτὴν
3315 3398 3407 3450 ἀπ’
3438 3401 3616 3470 ὲμαυ-

2032 3469 2161 3538 τοῦ;
2206 3493 2224 3524 ι
2263 3475 2376 3527 Οὐκ
2405 3472 2473 3546 ἦν
2499 3473 2592 3531 οὖν
2626 3478 2733 3550 ἄρα
2775 3481 2896 3535 καθ’
2929 3485 3122 3538 ἑαυτὸν
3150 3489 3177 3540 ὁ
3206 3488 3301 3542 τοῦ
3346 3469 3482 3544 Θεοῦ
3510 3494 3615 3546 Λό-

2032 3580 2128 3630 γος
2159 3566 2186 3616 6
2217 3564 2307 3616 τὸν
2338 3565 2566 3620 θάνατον
2611 3570 2926 3642 ὑποπτήξας
2947 3591 2960 3604 °
2991 3574 3109 3628 ἀλλ’
3153 3573 3223 3647 ἦν
3269 3582 3327 3632 ὲν
3372 3582 3518 3653 αὐτῷ
3556 3584 3618 3636 τὸ

2032 3650 2372 3724 ἀνθρώπινον
2407 3659 2647 3726 πεφυκὸς
2674 3660 2832 3714 τοῦτο
2859 3665 3088 3735 πάσχειν
3115 3669 3222 3723 ἀεί.

2473 3768 2682 3835 ΑΛΛο,
2716 3769 3172 3840 διηγηματικῶς.

2117 3854 2355 3925 Ἀνάγκη
2406 3859 2556 3912 πᾶσα
2606 3861 2731 3924 τοὺς
2784 3862 2958 3930 ὀρθῶς
3011 3865 3298 3932 ἐθέλοντας
3362 3874 3499 3924 νοεῖν
3545 3875 3617 3928 τὰ

2035 3947 2189 4016 παρὰ
2219 3949 2340 4010 ταῖς
2370 3948 2544 4014 θείαις
2574 3953 2842 4023 εἰρημένα
2863 3955 3108 4026 Γραφαῖς
3147 3961 3278 4032 περὶ
3305 3962 3399 4014 τοῦ
3431 3964 3613 4032 Σωτῆ-

2039 4054 2127 4107 PO;
2169 4039 2326 4109 ἡμῶν
2372 4041 2636 4111 Χριστοῦ,
2671 4045 2761 4098 τὸν
2811 4047 3000 4116 καιρὸν
3044 4050 3312 4116 ἐξετάζειν
3353 4053 3446 4105 καὶ
3487 4057 3617 4117 τοὺς

2034 4131 2260 4199 χρόνους
2309 4132 2428 4185 καθ’
2460 4132 2556 4197 οὓς
2603 4135 2637 4205 ἢ
2688 4137 2849 4200 αὐτὸς
2890 4139 3127 4209 εἰρηκώς
3175 4159 3227 4194 τι
3262 4144 3389 4214 περὶ
3418 4146 3614 4200 ἑαυτοῦ

2036 4221 2306 4292 φαίνεται,
2341 4223 2372 4294 ἢ
2403 4225 2460 4277 αἱ
2486 4225 2627 4280 θεῖαι
2655 4227 2694 4279 Γ
2700 4231 2871 4299 ραφαὶ
2905 4233 3032 4303 περὶ
3077 4233 3262 4290 αὑτοῦ.
3297 4237 3361 4289 El
3397 4237 3495 4307 μὲν
3520 4234 3619 4293 οὖν

2035 4314 2166 4388 πρὶν
2217 4316 2441 4387 γένηται
2489 4317 2629 4390 σὰρξ
2669 4322 2698 4373 ὁ
2736 4319 2830 4374 τοῦ
2871 4322 3007 4377 Θεοῦ
3055 4325 3249 4394 Λόγος,
3290 4328 3322 4398 ἢ
3373 4329 3618 4396 κλαύσας

350 4421 447 4466 aut
481 4412 623 4465 aliud
660 4412 940 4481 quidpiam
980 4411 1279 4466 humanum
1318 4427 1536 4481 passum
1579 4411 1744 4466 fuisse
1783 4426 1929 4481 repe-

2037 4407 2229 4476 ὁρᾶται
2252 4406 2491 4473 πώποτε,
2529 4410 2561 4482 ἢ
2591 4409 2821 4468 θάνατον
2845 4415 3121 4487 φοϐηθεὶς,
3155 4419 3186 4489 ἢ
3215 4419 3401 4492 ἕτερόν
3431 4440 3482 4475 τι
3503 4424 3615 4476 τῶν

351 4507 512 4567 ritur,
538 4504 702 4556 etiam
731 4518 877 4556 nunc
908 4502 996 4555 illa
1035 4502 1153 4571 ipsa
1184 4503 1364 4557 locum
1393 4505 1446 4555 in
1481 4517 1546 4555 eo
1572 4501 1826 4555 habeant.
1867 4501 1936 4554 At

347 4593 399 4647 si
439 4603 659 4662 quando
715 4593 891 4648 factus
951 4602 1037 4646 est
1086 4594 1268 4657 homo,
1324 4603 1433 4646 tum
1483 4593 1716 4661 primum
1765 4605 1936 4644 sacra:

349 4685 649 4752 Scriptura:
681 4682 947 4751 ejusmodi
975 4683 1042 4736 ile
1073 4698 1139 4736 co
1166 4685 1421 4737 dixerunt
1453 4697 1586 4736 :cur
1619 4695 1725 4735 non
1751 4679 1935 4749 potius

353 4774 592 4828 humano
631 4790 782 4829 more
836 4775 924 4827 illa
957 4773 1098 4828 dicta
1149 4791 1270 4828 esse
1304 4775 1669 4839 censebimus,
1705 4782 1762 4828 ut
1793 4772 1935 4828 blas-

361 4865 608 4936 phemia:
638 4867 848 4921 crimen
878 4865 1241 4936 eﬂ‘ugiamus?

1023 5067 1252 5124 ALIUD.

739 5157 820 5213 Ea:
857 5159 1146 5226 objectione
1177 5161 1563 5217 harrcticorum.

424 5250 528 5318 Qui
575 5251 746 5317 ﬂevit,
779 5253 1056 5321 inquiunt,
1097 5261 1153 5306 et
1201 5254 1451 5308 timorem
1501 5269 1565 5309 ac
1615 5252 1929 5308 maestitiam

352 5346 623 5416 concepit,
675 5345 947 5416 quomodo
996 5345 1102 5399 erit
1153 5355 1347 5401 natura
1394 5347 1571 5402 Deus?
1615 5345 1744 5401 llaec
1785 5345 1927 5400 enim

359 5438 635 5492 hominum
671 5447 798 5492 sunt
827 5440 1064 5509 propria.

987 5615 1030 5646 ³⁸
1068 5615 1253 5670 Matth.
1286 5634 1338 5673 κ.
1363 5617 1451 5671 ‘28.

665 5685 706 5716 “
741 5685 898 5741 Joan.
930 5702 1080 5752 xviii,
1124 5687 1175 5741 6.
1256 5690 1296 5719 δ’
1321 5688 1475 5743 .Inan.
1510 5705 1562 5758 κ,
1596 5689 1683 5757 17,
1713 5691 1799 5744 l8.

430 5613 475 5642 ³⁸
507 5611 664 5668 Joan.
708 5629 819 5680 χειν,
855 5615 907 5668 6.

385 5683 476 5750 52,
500 5685 587 5740 55.

1531 5619 1573 5649 ³⁷
1610 5619 1749 5672 Gen.
1787 5637 1870 5687 κν,
1906 5624 1954 5676 l.

2034 4499 2387 4570 ἀνθρωπίνων
2433 4502 2756 4573 ὑπομείνας,
2802 4509 3072 4577 κρατείτω
3102 4512 3194 4564 καὶ
3223 4513 3316 4566 νῦν
3360 4513 3429 4567 τὰ
3459 4517 3613 4587 εἰρη-

2038 4590 2174 4660 μένα
2203 4592 2331 4662 περὶ
2362 4592 2550 4647 αὐτοῦ.
2588 4595 2652 4646 Εἰ
2677 4595 2734 4648 δὲ
2760 4597 2849 4650 ὅτε
2889 4598 3114 4668 γέγονεν
3143 4601 3446 4674 ἅνθρωπος,
3491 4605 3613 4658 τότε

2035 4682 2129 4734 καὶ
2171 4682 2270 4745 τὰς
2320 4685 2576 4748 τοιαύτας
2614 4687 2799 4756 φωνὰς
2843 4692 2970 4762 περὶ
3021 4691 3184 4746 αὑτοῦ
3229 4695 3514 4766 εἰρήκασιν
3556 4700 3612 4750 αῖ

2037 4775 2174 4828 θεῖαι
2203 4775 2437 4846 Γραφαὶ,
2465 4778 2519 4830 τί
2548 4779 2623 4850 μὴ
2652 4781 2854 4851 μᾶλλον
2887 4783 3244 4855 ἀνθρωπίνως
3269 4787 3522 4858 εἰρῆσθαι
3546 4790 3615 4842 τά

2031 4867 2256 4919 τοιαῦτα
2289 4869 2554 4940 φήσομεν,
2583 4871 2671 4925 ἵνα
2702 4873 2768 4926 τὸ
2806 4876 2870 4928 ὲκ
2899 4874 2998 4946 τῆς
3037 4877 3384 4950 βλασφημίας
3418 4880 3611 4950 διαφύ-

2034 4977 2219 5030 γωμεν
2249 4961 2416 5014 κακόν
2438 4979 2451 5027 ;

2726 5083 2929 5136 ΑΛΛΟ.

2221 5169 2318 5234 Ὠς
2345 5170 2417 5236 ἐξ
2454 5172 2813 5242 ἀντιθέσεως
2851 5175 2970 5232 τῶν
3003 5179 3440 5250 χριστομὰχων.

2120 5261 2178 5314 ’0
2224 5262 2485 5328 κλαύσας,
2529 5267 2684 5336 φασὶ,
2733 5270 2828 5321 καὶ
2876 5269 3153 5341 φοϐηθεὶς,
3181 5273 3276 5325 καὶ
3319 5272 3616 5344 περίλυπος

2038 5354 2294 5423 γεγονὼς,
2344 5357 2461 5420 πῶς
2502 5359 2654 5414 ἔσται
2709 5362 2867 5430 φύσει
2906 5363 3072 5429 Θεόςς
3131 5364 3458 5434 Ἀνθρῶπων
3508 5365 3617 5433 γὰρ

2041 5447 2148 5500 ἴδια
2175 5447 2244 5500 τὰ
2270 5451 2513 5504 τοιαῦτα.

2036 5625 2077 5656 ³⁸
2107 5624 2269 5681 Josuc
2305 5644 2342 5693 i,
2377 5627 2430 5682 6.

2511 5630 2554 5662 ³³
2587 5630 2732 5686 Psal.
2765 5649 2933 5702 cxvii,
2976 5638 3028 5690 6.
3144 5639 3187 5670 ⁸ο
3231 5639 3422 5695 Matth.
3465 5650 3613 5702 xum,
