3878 6208
227 267 343 330 395

724 396 877 463 Πρὸς
905 393 1081 453 τοῦτο
1111 402 1150 455 .1
1158 401 1309 468 ὐσις.

314 504 375 553 ’0
411 502 504 556 τὸν
556 504 805 576 Λάζαρον
847 508 1157 580 ἀναστήσας
1204 513 1270 565 ὲκ
1316 512 1567 585 νεκρῶν,
1617 516 1710 571 καὶ
1755 518 1817 570 τὸ

232 594 378 665 ὕδωρ
414 596 496 658 είς
522 591 664 649 οἶνον
697 600 1092 668 μεταποιήσας,
1136 602 1318 657 καὶτὸ
1351 604 1569 675 βλέπειν
1594 610 1817 678 χαρισὰ-

233 703 394 755 μενος
432 686 510 757 τῷ
539 689 603 741 ὲκ
636 689 861 759 γενετῆς
900 691 1109 762 τυφλῷ,
1138 694 1383 765 εἰρηκώς
1408 712 1468 748 τε
1494 696 1576 750 ὅτι
1609 717 1629 749 ι
1675 696 1816 767 Ἐγὼ

229 778 325 829 καὶ
349 778 378 828 ὁ
415 778 602 850 Πατὴρ
632 781 690 833 ἓν
718 782 907 852 ἐσμεν,
940 802 958 835 ι
995 784 1113 848 πῶς
1147 786 1247 839 οὐκ
1281 786 1435 841 ἔσται
1464 787 1621 857 φύσει
1647 789 1810 856 Θεός;

228 868 493 940 Θεότητος
529 872 638 943 γάρ
672 872 807 944 ἔργα
848 875 1193 943 φαίνεταιτά
1225 879 1513 951 γενόμενα.
1550 882 1613 935 Εἰ
1656 884 1714 936 δὲ
1746 885 1812 937 ἐκ

226 962 336 1014 τῶν
364 963 719 1035 ἀνθρωπίνως
740 966 1044 1037 εἰρημένων
1070 969 1101 1038 ἢ
1124 971 1215 1023 καὶ
1240 973 1544 1043 γενομένων
1576 975 1811 1030 σκανδα-

226 1049 461 1115 λίζεσθε.
488 1054 575 1107 διὰ
611 1056 767 1108 ποίαν
793 1056 973 1110 αἰτίαν
1001 1059 1101 1111 ούκ
1129 1060 1425 1130 ὠφελεῖσθε
1455 1064 1525 1118 δι’
1554 1066 1802 1131 ἐκείνων,

224 1145 331 1199 ὅσα
373 1147 466 1199 καὶ
497 1149 728 1217 ποιήσας
776 1150 871 1202 καὶ⁸
913 1150 1153 1222 λαλήσας
1196 1153 1516 1224 θεοπρεπῶς
1556 1157 1810 1228 εὑρίσκε-

223 1253 352 1302 ται;
403 1240 514 1291 Καὶ
561 1240 743 1303 πάλιν,
788 1242 836 1293 εἰ
864 1242 931 1295 δι’
962 1243 1188 1297 ἐκείνων
1234 1247 1316 1309 εἰς
1345 1246 1407 1299 τὸ
1440 1250 1581 1301 νοεῖν
1626 1266 1680 1301 τι
1714 1267 1813 1303 τα-

226 1330 409 1383 πεινὸν
447 1332 576 1402 περὶ
622 1332 715 1385 τοῦ
745 1332 871 1386 Υίοῦ
920 1333 1016 1387 τοῦ
1046 1335 1180 1389 Θεοῦ
1214 1338 1588 1405 καταϐαίνετε,
1635 1341 1689 1394 τί
1735 1342 1811 1414 μὴ

223 1419 315 1474 διά
360 1420 567 1476 τούτων
604 1427 683 1487 εἰς
713 1426 774 1477 τὸ
805 1426 1019 1495 μεγάλα
1064 1430 1161 1482 καὶ
1192 1430 1374 1499 ὑψηλά
1412 1435 1550 1486 νοεῖν
1579 1434 1809 1488 ἀναϐαί-

224 1531 386 1578 νετε;
430 1516 487 1569 '0
526 1515 635 1587 γάρ
679 1518 863 1572 ἐκεῖνα
890 1522 1164 1585 ταπεινῶς
1204 1523 1441 1595 εἰρηκώς
1482 1542 1543 1578 τε
1575 1528 1671 1580 καὶ
1700 1546 1808 1582 πα-

226 1602 360 1671 θὼν,
392 1607 484 1661 καὶ
515 1608 683 1663 ταῦτα
719 1610 961 1680 ὑψηλῶς,
995 1614 1071 1676 ὡς
1102 1612 1261 1680 Θεὸς,
1296 1610 1419 1669 εἶπέ
1462 1634 1521 1670 τε
1569 1619 1664 1672 καὶ
1705 1621 1805 1673 πέ-

227 1712 460 1769 πραχεν.
494 1701 703 1755 Οὐκοῦν
732 1705 765 1772 ὴ
799 1703 899 1774 τῆς
941 1705 1409 1777 ὲνανθρωπήσεως
1436 1710 1605 1776 αἰτία,
1640 1712 1733 1765 καὶ
1768 1714 1802 1785 ἡ

226 1788 329 1858 τῆς
388 1790 654 1863 ὲνσάρκου
706 1794 1005 1863 παρουσίας
1055 1796 1371 1867 οἰκονομία,
1422 1800 1693 1871 πρόφασις
1734 1798 1804 1875 ἦν

225 1876 501 1944 ἀναγκαία
538 1879 631 1934 τοῦ
660 1881 915 1949 γενέσθαι
939 1882 1062 1937 τινὰ
1090 1884 1185 1938 κα)⁸
1214 1886 1556 1958 ἀνθρώπινα.

909 1998 1116 2053 AAAO.

304 2103 670 2169 Ἐξεταζέσθω
692 2107 794 2177 τῆς
822 2110 1089 2181 ὲνσάρκου
1114 2114 1416 2186 παρουσίας
1440 2115 1473 2186 ἡ
1499 2116 1801 2188 οἰκονομία,

219 2196 315 2247 καὶ
338 2196 440 2265 τῆς
468 2197 930 2272 ὲνανθρωπήσεως
957 2204 986 2255 ὁ
1015 2204 1233 2274 τρόπος,
1265 2206 1359 2260 καὶ
1388 2207 1576 2281 πόρρω
1605 2210 1803 2273 παντὸς

218 2286 490 2342 κείσονται
514 2291 811 2346 σκανδάλου
833 2294 979 2359 τινὲς
1003 2296 1113 2350 τῶν
1141 2296 1530 2369 ἀκροωμένων,
1553 2301 1653 2355 ὅσα
1672 2304 1801 2373 περὶ

215 2376 314 2429 τοῦ
371 2378 624 2452 Σωτῆρος
691 2383 1180 2459 ἀνθρωπινώτερον
1233 2388 1484 2458 λέγουσιν
1541 2393 1600 2446 αἱ
1661 2392 1801 2450 θεῖαι

218 2468 457 2538 Γραφαί.
492 2472 699 2538 Σκοπὸς
745 2475 932 2530 τοίνυν
981 2476 1059 2548 τῷ
1116 2478 1602 2552 ὲνανθρωπήσαντι
1640 2486 1800 2558 Λόγῳ

214 2560 383 2627 δεῖξαι
420 2564 626 2632 σαφῶς,
650 2567 840 2641 ὅτιπερ
866 2568 1037 2633 ὅντως
1064 2570 1247 2642 σάρκα
1271 2575 1683 2646 περιεϐάλλετο,
1703 2581 1798 2634 καὶ

213 2652 438 2722 γέγονεν
464 2655 771 2727 ἄνθρωπος.
802 2660 902 2714 οὐκ
948 2661 1240 2718 ἀποδαλὼν
1278 2666 1341 2719 τὸ
1370 2662 1509 2722 εἶναι
1539 2669 1670 2735 Θεὸς
1697 2672 1801 2725 Λό-

212 2762 313 2814 γος
355 2748 460 2813 (οὐ
492 2749 602 2821 γὰρ
644 2746 714 2823 ἦν
759 2753 963 2824 ἑτέρως
1006 2756 1343 2829 διασωθῆναι
1371 2760 1433 2815 τὸ
1458 2762 1797 2835 ἀνθρώπινον

214 2838 425 2909 γένος)·
462 2841 692 2898 ἀλλ’ἵνα
740 2845 814 2917 μή
860 2862 948 2911 τις
990 2848 1205 2903 ἀκούων
1255 2851 1339 2905 ὅτι
1396 2853 1587 2923 γέγονε
1636 2856 1795 2927 σὰρξ,

218 2935 688 3006 μεταπεπιῆσθαι
735 2936 827 2991 τὸν
870 2939 1142 3011 ἄτρεπτον
1177 2942 1273 2997 τοῦ
1302 2944 1437 2998 Θεοῦ
1466 2947 1636 3016 Λόγον
1664 2949 1798 3004 ὑπο-

213 3020 378 3093 λάϐῃ,
402 3024 498 3078 καὶ
528 3024 715 3096 ἔτερόν
736 3044 788 3081 τι
814 3028 1069 3098 γενέσθαι
1098 3033 1232 3105 παρ’
1252 3033 1388 3107 ὅπερ
1416 3032 1485 3107 ἦν
1515 3037 1574 3103 ἐξ
1596 3041 1791 3111 ἀρχῆς,

213 3116 527 3183 ἀναγκαίως
554 3120 684 3174 ποτὲ
716 3121 816 3192 μὲν
834 3122 934 3188 τὰς
962 3098 1236 3198 ἀνθρώπῳ
1256 3098 1574 3201 πρεπούσας
1594 3098 1790 3207 deinde
1817 3098 1861 3159 c

214 3210 398 3277 φωνάς
420 3228 435 3243 ·
486 3211 618 3265 ποτὲ
669 3213 727 3266 δὲ
779 3214 1015 3271 δεικνύει
1064 3219 1366 3291 πράγματα
1407 3222 1621 3295 θεότητι
1657 3226 1792 3299 μόνῃ

214 3302 653 3373 χρεωστούμενα,
681 3305 770 3360 ἴνα
822 3309 1007 3379 νοῆται
1058 3310 1120 3364 τὸ
1176 3318 1606 3387 συναμφότερον,
1632 3317 1793 3372 Ὅθεν

214 3387 307 3443 οὖν
353 3392 457 3446 ἔδει
505 3396 792 3464 φαίνεσθαι
845 3401 1054 3471 σαφῶς,
1089 3403 1282 3477 ὅτιπερ
1312 3407 1479 3471 δντως
1509 3409 1793 3481 ἄνθρωπος

211 3483 319 3550 εἴη,
349 3484 442 3537 καὶ
475 3486 535 3538 ού
571 3488 885 3562 φάντασμα,
918 3494 1128 3547 ἐκεῖθεν
1163 3497 1293 3549 αὐτὸ
1334 3497 1599 3553 δεικνύειν
1646 3501 1795 3553 ἐπεί-

210 3576 679 3650 γεται.⁹Αμαρτία
728 3582 827 3652 μὲν
875 3584 1004 3656 γὰρ,
1034 3586 1111 3650 ὡς
1142 3589 1545 3661 ἀναμάρτητος,
1572 3593 1665 3646 καὶ
1693 3594 1795 3647 οὐκ

211 3665 368 3729 εἰδὼς
394 3667 554 3721 τοῦτο
584 3670 798 3736 παθεῖν,
832 3678 1182 3744 παραιτεῖται
1211 3677 1437 3742 δικαίως
1458 3695 1472 3709 ο
1506 3680 1793 3752 ἐπιτρέπει

207 3757 266 3808 δὲ
296 3756 373 3827 τῷ
408 3755 618 3828 σώματι
649 3762 744 3814 καὶ
769 3764 837 3833 τῇ
866 3762 1249 3836 ἀνθρωπότητι
1272 3767 1340 3820 τὰ
1365 3770 1431 3839 τῇ
1466 3767 1627 3837 φύσει
1653 3770 1788 3839 αὐτῇ

208 3852 482 3918 προσόντα
514 3849 726 3917 παθεῖν,
763 3854 841 3918 εἰς
868 3855 1141 3920 ἀπόδειξιν
1174 3857 1268 3911 τοῦ
1296 3858 1466 3923 ὖντως
1507 3862 1603 3915 καὶ
1649 3864 1791 3918 κατά

208 3941 465 4010 ἀλήθειαν
513 3943 742 4013 φορέσαι
795 3946 996 4018 σάρκα,
1040 3949 1137 4001 καὶ
1186 3949 1469 4021 ἄνθρωπον
1514 3954 1786 4021 γενέσθαι,

207 4035 349 4086 κατά
376 4034 475 4099 τὰς
505 4035 749 4106 Γραφάς.
770 4038 985 4111 Ἐπειδὴ
1014 4040 1096 4107 δὲ,
1125 4042 1376 4115 καθάπερ
1400 4045 1501 4115 ἤδη
1534 4049 1790 4119 προειρή-

206 4143 407 4197 καμεν,
435 4128 604 4199 ἐχρῆν
628 4130 791 4184 αὑτὸν
817 4132 912 4185 καὶ
942 4133 1000 4184 ὲν
1026 4134 1189 4204 σαρκὶ
1220 4138 1481 4204 γεγονότα
1504 4140 1789 4208 φαίνεσθαι

204 4221 361 4283 Θεὸν,
400 4222 699 4291 ἐργάζεται
736 4224 835 4293 μὲν
865 4224 980 4279 ἔσθ’
1006 4225 1095 4279 ὅτε
1125 4227 1193 4280 τὰ
1218 4229 1497 4300 πρέποντα
1523 4232 1660 4304 Θεῷ,
1700 4233 1787 4287 λέ-

202 4328 291 4378 γει
332 4311 390 4364 δὲ
423 4312 558 4383 πρὸς
587 4314 712 4377 τοὺς
748 4314 1000 4386 ὁρῶντας
1026 4317 1220 4371 αὐτόν·
1263 4338 1281 4370 ι
1315 4320 1377 4374 Εἰ
1420 4323 1543 4393 ἐμοὶ
1584 4324 1646 4379 οὐ
1696 4343 1788 4379 πι-

205 4401 446 4467 στεύετε,
484 4424 501 4454 ι
536 4404 625 4458 διὰ
671 4406 732 4458 τὸ
778 4407 1067 4479 ἄνθρωπον
1102 4409 1319 4479 βλέπειν
1360 4412 1622 4484 δηλονότι,
1651 4416 1786 4471 ἀλλὰ
1820 4447 1862 4503 D

207 4510 225 4541 ‹
258 4494 371 4555 τοῖς
406 4492 591 4563 ἔργοις
636 4512 738 4566 μου
788 4498 1108 4552 πιστεύετε’
1142 4501 1227 4555 ἵνα
1259 4503 1432 4571 γνῶτε
1466 4506 1547 4559 ὅτι
1585 4506 1696 4575 ἐγὼ
1724 4510 1783 4562 ὲν

201 4582 280 4653 τῷ
309 4585 505 4655 [lat-pl,
538 4587 631 4639 καὶ
660 4589 688 4639 ὁ
716 4588 901 4660 Πατὴρ
932 4591 991 4643 ἐν
1017 4592 1039 4644 ὲ
1050 4594 1157 4663 μοί.
1190 4613 1208 4646 ι
1239 4596 1447 4651 Οὐκοῦν
1469 4598 1536 4651 τὰ
1560 4598 1783 4672 θεοπρε-

202 4675 322 4737 πῶς
355 4677 619 4747 εἰρημένα
652 4697 710 4732 τε
747 4681 841 4733 καὶ
878 4686 1245 4756 πεπραγμένα
1283 4688 1517 4743 δεικνύει
1554 4691 1644 4744 τὸν
1669 4694 1781 4745 Σω-

201 4768 345 4837 τῆρα
375 4768 523 4823 Θεόν.
557 4772 667 4823 Καὶ
709 4771 873 4825 πάλιν
915 4776 986 4829 τὰ
1014 4777 1374 4849 ἀνθρωπίνως
1420 4783 1687 4852 εἰρημένα
1719 4802 1778 4836 τε

201 4862 299 4913 καὶ
324 4863 588 4929 γεγονότα
615 4863 846 4919 δεικνύει
869 4867 1008 4921 κατά
1030 4869 1287 4941 ἀλήθειαν
1304 4870 1607 4944 ἄνθρωπον.
1627 4875 1775 4948 Αὕτη

199 4953 311 5024 γάρ
336 4954 481 5005 ἐστιν
518 4955 549 5025 ἡ
580 4955 673 5008 τοῦ
704 4958 1002 5030 μυστηρίου
1028 4959 1278 5031 δύναμις.

884 5073 1089 5128 ΑΛΛΟ.

272 5181 614 5253 Πανταχόθεν
645 5185 1129 5258 ἀναισχυντοῦντες
1181 5190 1229 5243 οἰ
1278 5193 1637 5264 χριστομάχοι
1672 5212 1775 5264 φα-

196 5269 440 5338 νοῦνται,
474 5276 569 5327 καὶ
595 5276 797 5330 σκοπὸν
820 5277 1034 5348 ἔχοντες
1064 5279 1159 5332 ἕνα
1204 5279 1267 5334 τὸ
1310 5283 1486 5354 μάτην
1518 5284 1776 5340 διαλοιδο-

197 5362 414 5433 ρεῖσθαι
438 5364 516 5435 τῷ
546 5365 660 5437 Υἱῷ
683 5365 779 5420 τοῦ
809 5367 967 5424 Θεοῦ.
986 5370 1301 5437 Ἀκούοντες
1334 5374 1433 5443 μὲν
1459 5374 1566 5446 γὰρ
1592 5375 1778 5446 λέγον.

194 5468 287 5516 τος
322 5453 517 5508 αὑτοῦ·
560 5475 578 5509 ι
602 5458 744 5528 Ἐγὼ
779 5461 874 5514 καὶ
899 5461 925 5514 ό
952 5462 1144 5535 Πατὴρ
1168 5463 1226 5517 ἒν
1254 5465 1443 5536 ἐσμεν,
1468 5486 1486 5520 ι
1521 5468 1778 5522 ἀπειθοῦ-

289 5626 344 5713 ξη
382 5626 652 5713 Joan._xl,
690 5631 917 5713 llse_qq._
970 5634 1065 5713 ﬂ“
1090 5634 1247 5692 Joau.
1298 5655 1359 5705 ιι,
1398 5642 1418 5695 l
1466 5658 1620 5713 seqq.

192 5698 243 5731 “
277 5685 434 5754 Joan.
466 5714 518 5761 ι,
558 5685 650 5756 58.
723 5704 767 5734 δ’
970 5704 1059 5759 30.

480 5791 751 5854 PATROL.
797 5797 911 5856 Gn.
953 5797 1178 5856 LXXV.

1710 5645 1755 5676 ⁸⁵
1802 5643 1960 5702 Joan.
2031 5662 2104 5714 ix,
2135 5645 2158 5700 Ι
2189 5661 2342 5717 seqq.

1549 234 1555 249 Ι
1649 281 1796 341 THE:

1903 287 2101 347 URUS.
3393 307 3495 362 595

1840 416 1887 473 Α

2410 416 2620 473 Solulio
2670 420 2996 489 objectionis.

1991 524 2092 593 Qui
2153 526 2415 584 Lazarum
2470 533 2758 588 suscitavit
2818 551 2849 590 e
2911 538 3138 592 mortuis
3162 539 3236 602 "',
3292 556 3493 611 quique

1918 632 2113 687 aquam
2149 619 2205 672 in
2236 620 2421 676 vinum
2447 625 2678 678 mutavit
2701 624 2767 688 “,
2800 642 3051 698 ett-coque
3078 632 3145 683 ah
3167 639 3287 685 ortu
3320 636 3493 688 visum

1918 708 2145 779 largitus
2180 720 2268 766 est
2290 711 2358 779 ",
2394 723 2450 768 et
2487 715 2579 783 qui
2622 717 2759 770 dixit
2791 736 2805 772 :
2846 736 2865 768 σ
2895 719 3007 789 Ego
3036 731 3089 774 et
3136 721 3295 778 Pater
3326 740 3490 778 unum

1916 815 2106 856 sumus
2126 801 2201 867 “;
2239 822 2260 856 ι
2295 806 2565 875 quomodo
2597 823 2708 862 non
2733 809 2838 863 erit
2864 822 3055 865 natura
3090 812 3267 868 Deus?
3304 816 3489 871 Div'na

1914 893 2062 946 enim
2097 893 2214 950 haec
2244 911 2413 966 opera
2470 908 2616 954 sunt.
2660 900 2716 955 Si
2749 916 2877 956 vero
2919 904 2981 956 iis
3009 922 3129 973 quae
3181 908 3491 964 humanitus

1914 982 2049 1036 dixit
2077 995 2170 1039 aut
2199 984 2351 1051 fecit,
2381 987 2738 1057 oﬂendimini,
2774 1009 2944 1062 quare
2982 1011 3091 1050 non
3122 999 3381 1066 jttVntttlni
3420 1015 3485 1054 ex

1914 1073 1984 1129 iis
2027 1092 2150 1147 quae
2176 1079 2440 1135 divinitus
2484 1092 2538 1136 et
2586 1083 2716 1139 fecit
2766 1094 2822 1140 et
2869 1086 3077 1143 locutus
3108 1092 3228 1144 est?
3264 1093 3328 1146 Et
3366 1102 3485 1146 rur-

1912 1185 2027 1235 sus,
2072 1173 2117 1228 si
2155 1173 2243 1228 illa
2276 1190 2372 1229 vos
2421 1180 2487 1231 ad
2518 1179 2868 1248 cogitandum
2911 1191 2967 1237 et
3004 1187 3350 1238 statuendum
3390 1187 3489 1240 ali-

1910 1264 2039 1332 quid
2084 1266 2286 1323 humile
2328 1270 2393 1324 de
2435 1270 2571 1326 Filio
2605 1273 2699 1328 Dei
2740 1274 3037 1343 abripiunt,
3090 1293 3188 1331 cur
3217 1294 3323 1331 non
3374 1279 3487 1335 hu-c

1914 1370 2009 1415 vos
2043 1359 2110 1410 ad
2144 1375 2335 1431 magna
2363 1373 2417 1415 et
2443 1364 2695 1419 sublimia
2735 1367 3018 1436 cogitanda
3061 1370 3316 1440 erigunt?
3351 1371 3484 1425 Nam

1907 1446 1998 1515 qui
2028 1447 2117 1501 illa
2150 1451 2430 1506 humiliter
2464 1463 2518 1507 et
2546 1455 2683 1510 dixit
2710 1466 2765 1511 et
2794 1460 3037 1526 pertulit,
3069 1461 3208 1515 idem
3241 1462 3358 1517 haec
3391 1480 3486 1517 su-

1911 1539 2059 1594 blimi
2092 1543 2274 1609 modo,
2308 1555 2367 1598 ut
2412 1546 2573 1613 Deus,
2622 1558 2676 1602 et
2706 1550 2843 1604 dixit
2880 1562 2936 1606 et
2980 1550 3128 1607 fecit.
3165 1552 3485 1607 llmnanitas

1910 1630 2092 1702 itaque
2152 1644 2207 1690 et
2244 1638 2479 1693 carnalis
2510 1640 2777 1697 adventus
2812 1643 3211 1700 administratio
3234 1645 3289 1699 in
3320 1662 3482 1701 caiisa

1911 1723 2033 1789 luit,
2086 1737 2144 1782 ut
2177 1733 2486 1787 necessario
2529 1734 2691 1789 etiam
2740 1736 3000 1792 nonnulla
3048 1740 3285 1795 humano
3336 1755 3485 1796 more

1907 1814 2117 1872 ﬂerent.

2485 2022 2643 2093 231
2677 2024 2905 2081 ALIUD.

1974 2107 2290 2179 lnquiratur
2327 2116 2562 2170 carnalis
2610 2117 2778 2186 ipsius
2813 2121 3076 2177 adventus
3125 2124 3481 2180 administra-

1906 2199 2003 2265 tio,
2037 2210 2093 2256 et
2119 2201 2515 2260 incarnationis
2548 2208 2707 2274 ratio,
2748 2208 3018 2280 longeque
3051 2213 3119 2267 ab
3146 2218 3291 2268 onmi
3318 2232 3480 2271 scan-

1905 2291 2031 2347 dalo
2066 2303 2232 2363 atque
2280 2294 2580 2354 offensione
2621 2302 2909 2356 nonnullos
2952 2304 3263 2361 auditorum
3305 2324 3478 2363 remo-

1902 2382 2126 2451 vehunt,
2165 2399 2503 2455 quaecunque
2549 2404 2720 2446 sacra:
2755 2390 3052 2463 Scriptura:
3082 2397 3148 2451 de
3186 2396 3480 2454 Servatore

1901 2473 2112 2531 dicunt.
2148 2476 2360 2548 Scopus
2383 2479 2570 2550 itaque
2604 2480 2763 2537 Verbi
2805 2485 3071 2541 incarnati
3103 2489 3222 2555 fuit,
3259 2493 3480 2548 mauile-

1900 2574 1984 2622 ste
2033 2568 2313 2625 declarare
2340 2574 2484 2641 quod
2519 2588 2708 2629 revera
2744 2590 2962 2632 carnem
3004 2585 3361 2653 assumpserit
3394 2585 3476 2639 fa-

1899 2668 2129 2729 ctusque
2160 2663 2233 2717 sit
2272 2663 2457 2730 homo,
2513 2679 2618 2721 non
2648 2666 2866 2736 quidem
2897 2669 3152 2727 desinens
3186 2688 3307 2729 esse
3342 2674 3476 2729 Ver-

1898 2752 2028 2807 bum
2060 2752 2200 2810 Deus
2228 2755 2428 2826 (ueque
2454 2757 2601 2812 enim
2639 2758 2800 2815 aliter
2828 2776 2998 2830 genus
3028 2765 3320 2820 humanum
3369 2768 3476 2821 sal-

1897 2844 2012 2899 vari
2042 2846 2277 2918 poterat)
2314 2865 2328 2903 :
2370 2848 2465 2904 sed
2496 2864 2563 2904 ne
2593 2852 2715 2918 quis
2756 2854 2984 2909 audiens
3014 2856 3156 2926 quod
3191 2858 3366 2913 lactus
3406 2861 3477 2915 sit

1897 2951 2046 3000 caro,
2092 2946 2513 2995 transtnutatum
2560 2956 2680 2997 esse
2713 2943 3053 3001 immutabile
3099 2947 3191 3003 Dei
3237 2949 3471 3007 Verbum

1897 3029 2225 3097 suspicetur,
2256 3041 2312 3087 et
2357 3033 2503 3088 aliud
2544 3036 2821 3107 quidpiam
2869 3038 3088 3103 factum,
3125 3056 3285 3111 quam
3319 3046 3475 3102 initio

1894 3131 2034 3187 erat,
2089 3123 2296 3179 utiliter
2324 3127 2614 3182 admodum
2655 3128 2815 3183 verba
2848 3130 3047 3185 homini
3088 3137 3471 3192 convenientia

1895 3215 2167 3272 interdum
2206 3219 2447 3289 profert;
2498 3221 2770 3277 interdum
2814 3225 2977 3279 etiam
3021 3227 3133 3282 edit
3182 3229 3321 3285 iacta
3352 3248 3472 3302 qua'

1896 3308 1995 3365 soli
2034 3309 2301 3365 divinitati
2336 3311 2626 3378 debentur,
2671 3323 2729 3368 ut
2756 3314 2875 3383 ipse
2905 3326 3194 3389 utrumque
3235 3337 3359 3377 esse
3388 3325 3470 3378 in-

1899 3400 2193 3470 telligatur.
2236 3401 2339 3458 Ubi
2371 3403 2535 3474 igitur
2568 3406 2850 3474 oportebat
2883 3411 3167 3466 manifeste
3207 3428 3471 3483 apparere

1894 3494 2041 3562 quod
2067 3509 2254 3549 revera
2287 3505 2431 3550 esset
2466 3496 2649 3561 homo,
2688 3498 2759 3551 ibi
2792 3498 2917 3553 illud
2948 3501 3222 3557 declarare
3251 3506 3467 3565 nititur.

1893 3584 2186 3640 Peccatum
2217 3585 2385 3651 enim,
2424 3595 2609 3656 utpOIe
2644 3588 2737 3658 qui
2776 3589 2893 3658 ejus
2935 3606 3131 3659 expers
3159 3602 3265 3659 est,
3295 3611 3471 3664 neque

1896 3678 2026 3733 illud
2052 3679 2394 3734 committere
2434 3689 2635 3748 potest,
2674 3684 2867 3737 merito
2907 3696 3223 3751 aversatur;
3266 3688 3323 3742 in
3356 3705 3470 3743 ror-

1893 3786 2024 3842 pore
2068 3785 2199 3841 vero
2246 3781 2407 3839 atque
2456 3772 2794 3827 humanitate
2834 3790 2894 3827 ea
2941 3790 3062 3843 quae
3115 3788 3319 3833 naturae
3368 3781 3467 3847 ipsi

1894 3865 2100 3930 insunt,
2157 3863 2264 3933 pati
2314 3879 2424 3918 non
2478 3876 2715 3931 recusat,
2773 3875 2833 3920 ut
2873 3868 3211 3924 demonstret
3248 3886 3308 3925 se
3346 3888 3469 3928 vere

1893 3971 1958 4011 ac
2005 3970 2065 4010 re
2119 3956 2233 4026 ipsa
2280 3970 2498 4010 carnem
2542 3967 2781 4026 gestare,
2832 3970 2885 4014 et
2942 3961 3212 4015 hominem
3266 3963 3465 4018 factmn

1891 4064 2034 4111 esse,
2070 4058 2127 4101 ut
2167 4048 2428 4117 scriptum
2477 4058 2557 4103 est
2585 4049 2651 4103 ".
2684 4050 2818 4103 Cum
2853 4066 3000 4116 vero,
3036 4062 3093 4105 ut
3144 4056 3303 4107 modo
3335 4056 3468 4110 dixi-

1892 4153 2034 4201 mus,
2068 4146 2345 4208 oporteret
2369 4155 2490 4193 eum
2522 4140 2626 4207 iam
2655 4156 2820 4196 carne
2849 4141 3093 4195 indutum
3131 4144 3294 4198 Deum
3330 4163 3467 4214 quo-

1891 4244 1996 4297 que
2029 4231 2201 4296 cerni,
2243 4240 2499 4301 operatur
2522 4231 2737 4300 quidem
2785 4248 3164 4303 nonnunquam
3198 4252 3317 4305 qu:e
3357 4240 3464 4291 Deo

1892 4323 2241 4388 conveniunt,
2276 4323 2514 4391 dicitque
2548 4324 2615 4378 ad
2648 4324 2888 4380 videntes
2927 4327 3098 4394 ipsum
3132 4345 3145 4380 :
3179 4348 3199 4379 ί
3237 4330 3291 4383 Si
3333 4332 3460 4385 mihi

1892 4431 2001 4471 non
2030 4416 2272 4481 creditis,
2306 4434 2325 4468 ι
2368 4415 2492 4485 quia
2518 4415 2767 4470 videlicet
2804 4418 3076 4473 hominem
3108 4420 3319 4485 videtis,
3352 4422 3462 4477 Sal-

1891 4517 1999 4563 tem
2036 4526 2055 4559 ι
2082 4507 2343 4577 operibus
2379 4508 2513 4561 meis
2545 4507 2774 4571 credite,
2804 4518 2863 4562 ut
2892 4508 3079 4564 seiatis
3107 4512 3250 4580 quod
3281 4529 3379 4579 rgo
3409 4512 3460 4566 in

1887 4599 2070 4664 Patre,
2106 4609 2161 4653 et
2188 4598 2348 4653 Pater
2382 4598 2433 4653 in
2475 4612 2560 4653 me
2586 4598 2654 4654 “.
2685 4617 2704 4651 ι
2748 4599 2881 4665 Quae
2913 4600 3076 4668 igitur
3102 4602 3282 4655 divino
3315 4619 3461 4658 more

1885 4693 2028 4746 dicta
2071 4700 2126 4745 et
2170 4690 2306 4745 facta
2353 4701 2498 4755 sunt,
2542 4688 2884 4744 Servatorem
2937 4691 3101 4746 Deum
3144 4694 3457 4749 ostendunt.

1885 4783 2016 4849 Quae
2043 4797 2170 4836 vero
2207 4781 2444 4837 humano
2486 4797 2635 4837 more
2662 4794 2754 4836 aut
2790 4783 2924 4838 dixit
2958 4793 3052 4838 aut
3099 4784 3250 4850 fecit,
3286 4786 3461 4841 homi-

1883 4891 2007 4928 nem
2050 4890 2235 4929 revera
2276 4888 2397 4929 esse
2441 4875 2734 4929 declarant.
2775 4875 2901 4931 llaec
2952 4879 3096 4932 enim
3138 4889 3222 4934 est
3261 4895 3459 4934 arcana

1885 4965 2045 5021 Verbi
2078 4968 2157 5023 vis
2186 4984 2250 5023 ac
2285 4968 2477 5023 virtus.

2552 5078 2781 5135 ALIUD.

1953 5186 2149 5244 Hostes
2178 5188 2377 5245 Christi
2420 5189 2805 5261 impudentiam
2841 5207 2990 5246 suam
3030 5193 3177 5248 omni
3210 5209 3274 5248 ex
3305 5205 3456 5263 parte

1880 5283 2132 5351 produnt,
2185 5285 2285 5338 hoc
2334 5300 2499 5338 unum
2542 5286 2644 5340 sibi
2688 5287 3023 5354 pr0positum
3067 5288 3351 5352 habentes,
3397 5299 3455 5343 ut

1879 5373 2019 5429 Filio
2047 5374 2138 5430 Dei
2174 5375 2454 5431 insultent.
2484 5376 2617 5431 Cum
2648 5377 2798 5432 enim
2845 5378 3020 5448 ipsum
3045 5378 3315 5433 dicentem
3354 5396 3454 5434 au-

1879 5468 2032 5523 diant
2058 5482 2074 5522 :
2105 5486 2125 5521 (
2151 5466 2264 5538 Εκο
2303 5478 2358 5525 et
2388 5469 2544 5525 Pater
2571 5485 2743 5525 unum
2791 5484 2980 5526 sumus
3001 5472 3067 5535 δ’,
3101 5489 3121 5524 ι
3168 5471 3452 5527 temerarie

3014 5651 3057 5679 "
3087 5647 3243 5706 Joan.
3288 5666 3326 5717 ι,
3360 5649 3448 5705 Η.

3014 5809 3083 5871 13

2465 5647 2505 5685 “
2536 5646 2691 5703 Joan.
2725 5664 2777 5712 ι,
2815 5651 2900 5703 50.
