3878 6208
437 256 553 317 ’395

1437 260 1497 316 S.
1537 259 1813 315 CYBILLI
1856 257 2334 316 ALEXANDRINI
2369 260 2691 318 ARCIIIEP.

3577 268 3661 321 596

444 386 767 449 repugnant,
798 376 1113 444 dictumque
1157 375 1208 429 in
1262 374 1419 428 aliam
1466 376 1789 429 sententiam
1835 376 2020 429 detor-

2128 397 2212 432 σιν
2238 378 2503 447 ἀϐούλως,
2536 382 2629 435 καὶ
2659 381 3045 453 πειρῶνταιδεὸ
3077 382 3367 453 εἰρημένον
3396 382 3470 444 είς
3502 383 3661 453 ἐτέρας

445 486 616 540 quere
675 481 976 532 conantur,
1030 482 1135 522 non
1195 467 1494 521 tribuentes
1551 466 1690 520 Filio
1749 468 1891 536 quod
1953 469 2022 521 sit

448 578 611 616 unum
646 576 767 616 cum
799 560 980 624 Patre,
1009 558 1106 614 sed
1144 559 1197 613 id
1221 559 1364 628 quod
1401 572 1547 613 recte
1577 560 1908 628 pulchreque
1937 560 2021 612 di-

446 665 592 707 ctum
626 660 713 707 est
756 649 1060 706 convellere
1086 658 1376 703 conantes.
1416 648 1649 701 Rursum
1684 648 2022 701 invenientes

451 747 502 799 in
543 743 869 814 Evangeliis,
904 752 1241 811 quaecunque
1289 751 1352 794 ut
1405 742 1564 793 homo
1608 750 1701 793 aut
1739 740 1894 800 dixit,
1931 748 2026 791 aut

453 838 600 901 fecit,
631 836 885 889 nimirum
913 835 1055 903 quod
1074 833 1242 896 ﬁerit,
1272 842 1629 885 autvmoerore
1661 830 1882 883 affectus
1907 829 2021 883 lue-

450 931 540 995 rit,
576 929 789 997 aliaque
834 927 919 979 bis
950 926 1169 990 similia,
1205 940 1309 979 non
1345 924 1582 977 referunt
1617 926 1682 977 ad
1713 925 2022 976 humanita-

450 1036 579 1087 tem,
636 1022 729 1076 sed
763 1021 924 1092 232
953 1021 1129 1075 Verbo
1161 1018 1252 1072 illa
1299 1018 1660 1078 aseribeutes,
1715 1031 1781 1069 ex
1832 1015 1898 1069 iis
1928 1015 2022 1066 de-

448 1123 753 1172 monstrare
799 1116 1046 1168 nituntur
1073 1128 1178 1167 non
1223 1126 1345 1167 esse
1374 1109 1538 1163 Deum
1568 1108 1660 1178 qui
1698 1108 1811 1160 inec
1837 1105 2025 1160 fecerit

446 1222 502 1263 et
528 1222 717 1277 passus
748 1205 930 1269 fuerit,
974 1205 1108 1259 adeo
1153 1212 1213 1257 ut
1245 1212 1302 1258 et
1328 1203 1502 1271 ipsum
1551 1199 1815 1254 creaturis
1851 1212 2024 1251 annu-

451 1310 681 1363 nterent,
736 1313 860 1353 cum
902 1312 1092 1351 earum
1134 1295 1208 1351 sit
1250 1303 1487 1350 creator.
1531 1292 1638 1344 Aut
1688 1305 1818 1358 ergo
1864 1290 2021 1343 attri-

442 1394 598 1448 buite
635 1391 774 1445 Filio
798 1390 940 1458 quod
971 1390 1046 1443 sit
1081 1402 1220 1442 unus
1249 1401 1370 1441 cum
1405 1385 1583 1448 Patre,
1619 1389 1713 1435 aut
1741 1389 1887 1435 certe
1918 1396 2023 1434 non

450 1486 737 1540 invenietis
778 1482 1017 1538 Verbum
1063 1481 1207 1551 quod
1261 1478 1401 1533 Patri
1452 1477 1657 1547 aequale
1692 1486 1777 1530 est
1810 1490 1907 1545 per
1941 1490 2022 1539 se,

447 1587 717 1645 quatenus
750 1574 986 1629 Verbum
1021 1580 1130 1636 est,
1178 1569 1327 1633 ﬂere,
1366 1578 1460 1622 aut
1494 1580 1728 1620 maerore
1755 1565 2023 1619 vel-metu

438 1669 607 1733 allici,
659 1674 776 1731 aut,
816 1667 861 1719 si
912 1680 1019 1718 non
1065 1662 1288 1717 creditis
1344 1658 1546 1714 dicenti
1598 1657 1696 1726 ipsi
1752 1658 1893 1725 quod
1955 1654 2026 1709 sit

2124 489 2192 525 πε
2201 472 2432 543 ριέλκειν
2450 474 2680 539 ἐννοίας,
2697 475 2796 526 οὐκ
2813 473 3154 536 ἀποδιδόντες
3177 473 3254 542 τῷ
3274 472 3387 543 Υἱῷ
3409 475 3467 525 τὸ
3486 474 3535 526 ἓν
3551 473 3667 529 εἶναι

2124 566 2337 636 Πατρὸς
2353 565 2534 635 (πρὸς)
2562 566 2653 617 τὸν
2684 567 2923 636 Πατέρα,
2955 565 3093 620 ἀλλά
3118 567 3176 619 τὸ
3205 567 3383 627 καλῶς
3412 583 3469 617 τε
3491 570 3571 619 καὶ
3591 570 3664 638 tip-

2125 656 2232 718 θῶς
2260 656 2548 726 εἰρημένον
2578 657 2983 728 ἐπιχειροῦντες
3007 656 3327 727 παραλύειν.
3348 658 3670 728 Εὐρεσκοντες

2123 746 2181 799 δὲ
2208 747 2369 801 πάλιν
2401 749 2458 800 ὲν
2480 751 2592 810 τοῖς
2624 749 2979 817 Εὐαγγελίοις
3004 748 3072 802 τὰ
3097 749 3306 818 ὅσαπερ
3328 749 3400 811 ὠς
3420 748 3667 819 ἄνθρωπος

2123 836 2156 906 ἢ
2187 836 2454 890 πέπονθεν
2488 837 2518 907 ἢ
2554 839 2647 890 καὶ
2675 837 2911 908 εἰρηκὼς
2935 839 3207 906 φαίνεται,
3234 833 3345 891 οἷον
3366 840 3425 891 τὸ
3444 838 3671 893 ἔκλαυσεν

2124 927 2157 997 ἦ
2212 929 2307 980 καὶ
2358 927 2626 997 ἐλυπήθη,
2664 929 2757 980 καὶ
2790 928 2859 981 τά
2890 927 3099 992 τούτοις
3138 930 3319 999 ὃμοια,
3348 931 3409 981 οὐ
3450 929 3669 1000 φέρουσιν

2126 1022 2218 1074 ἐπὶ
2268 1020 2365 1091 τὴν
2414 1020 2828 1092 ἀνθρωπότητα,
2861 1021 2977 1075 ἀλλ’
3006 1023 3168 1085 εὐθὺς
3208 1022 3286 1093 τῷ
3332 1023 3487 1091 Λόγῳ
3527 1024 3673 1075 ταῦτα

2126 1115 2551 1184 προσάπτοντες,
2584 1114 2859 1177 ἀπόδειξιν
2889 1114 3165 1168 ποιοῦνται
3185 1114 3277 1167 τοῦ
3310 1115 3382 1185 μὴ
3413 1110 3540 1168 εἶναι
3561 1116 3673 1169 Θεὸν

2124 1207 2215 1259 τὸν
2236 1206 2406 1260 ταῦτα
2427 1206 2732 1259 πεπονθότα
2748 1223 2759 1236 ⁸
2787 1206 2926 1259 ὥστε
2952 1208 3047 1259 καὶ
3064 1208 3234 1261 ἀὐτὸν
3257 1206 3674 1277 συναριθμεῖσθαι

2125 1301 2189 1368 τῇ
2220 1298 2415 1361 κτίσει,
2442 1297 2532 1350 τὸν
2558 1297 2760 1367 ταύτης
2788 1298 2915 1350 ὄντα
2946 1299 3276 1367 ποιητήν.Ἢ
3311 1297 3485 1348 τοίνυν
3504 1298 3674 1359 ἀπόδος

2123 1391 2201 1460 τῷ
2237 1390 2350 1460 Υίῷ
2386 1390 2446 1442 τὸ
2478 1389 2534 1443 ἒν
2561 1385 2698 1441 εἶναι
2728 1389 2869 1460 πρὸς
2898 1388 2987 1443 τὸν
3018 1389 3257 1460 Πατέρα,
3284 1390 3375 1441 καὶ
3407 1390 3501 1457 οὐχ
3530 1390 3675 1457 εὑρὴ-

2127 1499 2240 1546 σεις
2274 1482 2365 1535 τὸν
2399 1482 2456 1533 ἐν
2491 1481 2696 1551 ἰσότητι
2732 1479 2823 1532 τοῦ
2854 1480 3065 1551 Πατρὸς
3088 1480 3219 1532 ὅντα
3247 1480 3419 1547 Λόγον
3437 1479 3542 1531 καθ’
3567 1481 3676 1530 ἐαυ-

2125 1571 2234 1634 τὸν,
2350 1570 2522 1638 Λόγος
2571 1570 2708 1635 ἐστὶ,
2746 1569 3002 1621 κλαίοντα
3032 1568 3064 1639 ἢ
3101 1568 3456 1639 λυπούμενον,
3488 1569 3518 1639 ἢ
3548 1570 3678 1637 φόϐῳ

2128 1662 2486 1733 βαλλόμενον*
2520 1660 2636 1731 ἢνεί
2665 1661 2739 1730 μὴ
2774 1659 3048 1721 πιστεύεις
3070 1659 3279 1726 λέγοντι
3312 1659 3477 1728 αὐτῷ,
3503 1659 3671 1727 ὅτιπερ

447 1777 612 1815 unum
665 1774 786 1814 cum
832 1756 1013 1820 Patre,
1066 1769 1135 1809 ne
1184 1754 1287 1808 hoc
1325 1751 1542 1820 quidem
1594 1748 1852 1812 credatis,
1901 1763 2020 1801 cum

2128 1732 2183 1808 έν
2211 1756 2328 1806 ἐστι
2358 1753 2492 1824 πρὸς
2521 1752 2609 1805 τὸν
2630 1750 2825 1804 ἑαυτοῦ
2856 1750 3098 1820 Πατέρα,
3120 1749 3261 1820 μηδὲ
3292 1750 3372 1802 ὅτι
3407 1748 3680 1817 λελύπηται

446 1852 578 1907 dicit
609 1866 667 1905 se
700 1846 902 1901 tristari
939 1864 953 1900 :
988 1853 1151 1913 atque
1186 1844 1259 1897 ita
1302 1840 1597 1897 incredulis
1626 1837 1825 1892 Judaeis
1850 1837 2022 1892 ascri-

445 1944 672 2006 bemini,
705 1938 843 1995 nihil
872 1936 1095 1993 omnino
1121 1950 1312 1991 eorum
1337 1948 1457 2005 qua:
1485 1933 1550 1987 de
1583 1931 1872 1986 Servatore
1897 1929 2024 1984 scri-

446 2048 535 2107 pta
562 2043 707 2099 sunt,
744 2031 1087 2100 recipientes.

1115 2140 1345 2197 ALIUD.

522 2261 717 2316 Paulus
785 2256 980 2311 alicubi
1033 2253 1169 2308 dicit
1215 2253 1282 2307 de
1330 2249 1467 2304 Filio
1522 2251 1615 2306 Dei
1666 2268 1679 2305 ε
1728 2269 1746 2300 ι
1805 2249 1906 2315 Qui
1969 2247 2021 2301 in

434 2352 620 2408 "forma
640 2348 829 2405 ’Patris
859 2348 1155 2406 exsistens,
1184 2359 1291 2398 non
1320 2345 1563 2412 rapinam
1599 2343 1894 2397 arbitratus
1941 2350 2023 2393 est

448 2460 508 2499 se
565 2456 684 2497 esse
751 2438 1013 2508 aequalem
1076 2434 1223 2500 Deo,
1304 2435 1396 2486 sed
1467 2436 1706 2501 seipsum
1779 2432 2024 2486 exinani-

446 2538 546 2601 vit,
603 2534 775 2587 forma
824 2528 966 2584 servi
1015 2536 1259 2594 accepta,
1300 2532 1357 2578 et
1416 2524 1603 2579 habitu
1656 2525 1908 2578 inventus
1967 2532 2025 2578 ut

449 2632 611 2683 homo
632 2627 700 2679 ³ο.
732 2620 1029 2678 ιὛοιιιιιιιι
1062 2620 1251 2687 itaque
1296 2617 1392 2671 Dei
1446 2615 1643 2670 factum
1686 2626 1770 2670 est
1816 2616 2019 2671 homo:

449 2732 622 2787 neque
646 2716 791 2770 enim
825 2712 1052 2766 immisit
1086 2725 1145 2764 se
1182 2710 1233 2762 in
1261 2707 1557 2771 hominem,
1594 2716 1650 2761 ιιι
1690 2708 1741 2760 in
1785 2709 2022 2777 prophe-

454 2815 543 2874 tis,
580 2810 672 2863 sed
709 2821 895 2860 revera
916 2804 967 2858 id
999 2802 1176 2856 lactus
1208 2810 1293 2855 est
1317 2799 1460 2868 quod
1497 2814 1618 2860 nos,
1654 2810 1879 2867 excepto
1911 2803 2024 2852 solo

448 2911 696 2971 peccato.
732 2897 826 2951 Est
862 2894 1024 2964 igitur
1054 2894 1217 2953 Deus,
1256 2900 1521 2959 quatenus
1550 2900 1633 2944 est
1661 2889 1891 2943 Verbum
1925 2887 2024 2942 Pa-

434 2995 569 3056 ‘tris,
603 3001 655 3045 et
690 2988 991 3057 pr0prietas
1020 2983 1267 3037 essentiae
1308 2983 1459 3051 ejus;
1509 2983 1669 3035 homo
1708 2997 1858 3046 vero,
1892 2996 2025 3049 qua-

2124 1847 2333 1916 λέγοντι
2364 1846 2660 1915 πιστεύσῃς
2679 1860 2693 1874 ·
2726 1843 2821 1896 καὶ
2841 1841 3015 1905 οὕτως
3033 1841 3133 1914 ἔσῃ
3168 1841 3304 1910 μετὰ
3325 1839 3435 1893 τῶν
3457 1839 3680 1895 ἀπίστων

2137 1939 2424 2002 Ἰουδαίων,
2456 1937 2606 1989 οὐδὲν
2651 1936 2789 1999 ὅλως
2815 1933 2924 1987 τῶν
2957 1934 3109 2004 παρά
3135 1933 3229 1987 τοῦ
3268 1934 3515 2004 Σωτῆρος
3548 1935 3682 2004 εἰρη-

2129 2035 2311 2107 μένων
2342 2031 2654 2103 δεχόμενος.

2804 2146 3010 2200 ΑΛΛΗ.

2195 2266 2355 2334 Λέγει
2407 2282 2509 2317 που
2557 2261 2767 2339 Παῦλος
2798 2261 2926 2333 περὶ
2956 2259 3048 2313 τοῦ
3080 2258 3211 2311 Υίοῦ
3240 2257 3333 2311 τοῦ
3367 2257 3531 2311 Θεοῦ·
3568 2258 3688 2319 ι’ος

2124 2361 2181 2411 ὲν
2211 2360 2387 2429 μορφῇ
2417 2355 2551 2409 Θεοῦ
2582 2355 2864 2423 ὑπάρχων,
2896 2355 2995 2422 οὐχ
3035 2351 3328 2421 ἁρπαγμὸν
3369 2353 3612 2423 ἡγήσατο
3637 2350 3691 2402 τὸ

2125 2447 2262 2504 εἶναι
2307 2450 2397 2502 ίσα
2432 2446 2568 2517 Θεῷ.
2606 2444 2939 2499 ἀλλ’-ἑαυτὸν
2965 2444 3219 2508 ἐκένωσε,
3253 2444 3471 2515 μορφὴν
3515 2442 3691 2494 δούλου

2124 2542 2323 2602 λαϐὼν,
2356 2543 2451 2594 καὶ
2479 2541 2716 2610 σχήματι
2746 2536 2989 2609 εὑρεθεὶς
3013 2526 3087 2598 ὡς
3113 2536 3453 2604 ἄνθρωπος.»
3484 2536 3696 2603 Γέγονεν

2124 2631 2217 2687 οὖν
2241 2634 2522 2704 ἄνθρωπος
2556 2635 2583 2684 ὁ
2609 2630 2700 2683 τοῦ
2733 2629 2868 2682 Θεοῦ
2901 2630 3115 2696 Λύγοςκ
3155 2629 3252 2681 οὐκ
3304 2630 3387 2690 είς
3422 2628 3697 2697 ἄνθρωπον

2123 2718 2308 2793 ἦλθεν,
2342 2721 2530 2784 ὥσπερ
2562 2722 2618 2773 ἐν
2663 2722 2777 2783 τοῖς
2829 2719 3138 2790 προφήταις
3162 2734 3174 2746 °
3206 2716 3323 2770 ἀλλ’
3351 2718 3525 2780 ὅντως
3555 2714 3703 2769 τοῦτο

2125 2810 2346 2878 γέγονεν
2373 2811 2509 2879 ὅπερ
2542 2808 2633 2861 καὶ
2663 2809 2843 2878 ἡμεῖς,
2862 2806 2987 2877 δίχα
3016 2807 3185 2876 μόνης
3214 2807 3702 2877 ἀμαρτίας.Ἐστιν

2125 2898 2215 2955 οῦν
2252 2902 2383 2964 Θεὸς
2439 2901 2555 2970 μὲν,
2675 2900 2847 2966 Λόγος
2882 2899 3010 2951 ιὲστὶ
3056 2896 3151 2950 τοῦ
3204 2899 3443 2969 Πατρὸς,
3476 2898 3569 2951 καὶ
3615 2897 3705 2966 τῆς

2125 2994 2313 3057 οὐσίας
2368 2991 2530 3045 αὑτοῦ
2582 2991 2641 3045 τὸ
2692 2991 2853 3045 ἴδιον·
2886 2989 3172 3061 ἄνθρωπος
3214 2990 3292 3051 δὲ,
3327 2990 3471 3043 καθὸ
3523 2990 3705 3057 γέγονε

435 3092 607 3135 ‘teuus
648 3078 821 3131 factus
865 3084 951 3130 est
995 3087 1145 3132 caro,
1192 3072 1331 3124 sicut
1369 3070 1628 3137 scriptum
1666 3079 1768 3131 est,
1814 3079 1869 3120 et
1922 3084 2020 3120 tto-

2129 3084 2285 3155 σὰρξ,
2339 3083 2414 3146 ὼς
2464 3084 2812 3153 γέγραπται,
2861 3082 2957 3133 καὶ
3001 3080 3098 3151 τὴν
3150 3081 3309 3150 ἡμῶν
3358 3080 3711 3152 περιεϐάλετο

436 3168 618 3228 ἐιιίιιιι
660 3183 874 3224 carnem
907 3164 1220 3231 assumpsit.
1267 3161 1400 3216 Cum
1438 3163 1617 3230 itaque
1646 3160 1729 3215 bis
1773 3161 2019 3214 terminis

437 3266 581 3317 'lides
603 3263 668 3314 de
716 3258 1005 3312 Servatore
1041 3267 1224 3308 nostro
1274 3252 1493 3306 Christo
1531 3251 1841 3315 deﬁniatur,
1902 3251 2018 3304 dis-

442 3361 740 3407 cernantur
776 3349 915 3401 dicta
962 3361 1080 3414 quae
1104 3346 1167 3396 ad
1196 3358 1319 3397 eum
1344 3343 1615 3411 pertinent
1638 3343 2022 3395 convenienter

450 3443 665 3497 rationi.
718 3440 785 3494 Et
828 3453 951 3493 cum
989 3437 1187 3489 audis:
1226 3453 1244 3485 ι
1277 3435 1385 3504 Ego
1419 3444 1473 3489 et
1524 3433 1682 3487 Pater
1721 3449 1884 3486 unum
1930 3447 2021 3485 su-

449 3551 640 3598 mus,»
676 3536 742 3586 ad
772 3530 941 3586 solam
966 3528 1088 3583 Filii
1125 3539 1176 3582 et
1208 3526 1385 3580 Patris
1419 3526 1755 3579 divinitatem
1787 3525 2017 3594 respice,

445 3636 499 3680 et
543 3627 706 3679 Deum
737 3621 911 3689 cogita
942 3619 1138 3672 Filium
1181 3633 1246 3672 ex
1276 3617 1512 3671 essentia
1544 3614 1722 3669 Patris
1754 3616 2015 3683 genitum.

449 3716 549 3771 Ubi
578 3728 705 3766 vero
738 3711 975 3764 audieris
1005 3724 1127 3761 eum
1173 3706 1403 3769 ﬂevisse,
1442 3715 1495 3758 et
1524 3719 1763 3778 mterore.
1780 3720 1843 3758 ac
1873 3714 2019 3757 metu

446 3804 696 3859 affectum
723 3802 919 3864 fuisse,
971 3812 1169 3869 prwter
1198 3801 1247 3852 id
1276 3800 1423 3867 quod
1457 3796 1622 3850 fuerit
1654 3796 1816 3859 Deus,
1849 3797 2021 3851 homi-

447 3914 567 3950 nem
622 3910 840 3965 quoque
888 3893 1053 3946 fuisse
1099 3891 1391 3957 intelligas,
1442 3901 1496 3944 et
1548 3892 1726 3944 tribue
1772 3890 2021 3943 humanae

449 3996 818 4055 naturasquae
864 3984 941 4037 illi
990 3983 1276 4036 debentur.
1320 3980 1454 4035 Cum
1502 3983 1645 4034 enim
1694 3980 1919 4033 mortale
1967 3989 2023 4034 et

447 4080 797 4149 i-urruptibile
842 4091 1043 4145 corpus
1090 4076 1420 4144 assumpsit,
1474 4084 1527 4126 et
1581 4072 1843 4139 ejusmodi
1888 4072 2022 4127 all‘e-

443 4173 715 4227 t'littllibtls
768 4167 1101 4234 obnoxium,
1156 4167 1467 4222 necessario
1519 4166 1684 4220 etiam
1741 4181 1843 4219 una
1897 4181 2019 4219 cum

445 4278 608 4319 carne
657 4262 773 4329 eius
804 4263 1167 4330 proprietates
1200 4268 1255 4313 et
1282 4259 1567 4327 passiones
1596 4259 1651 4310 in
1689 4273 1747 4311 se
1780 4258 1975 4327 recipit
2002 4274 2015 4311 :

446 4372 579 4425 quas
626 4370 746 4408 cum
798 4369 927 4407 caro
976 4351 1277 4417 sustineat,
1321 4352 1438 4419 ipse
1500 4364 1591 4404 eas
1637 4350 1908 4405 sustinere
1956 4365 2021 4404 ac

2131 3176 2503 3244 σάρκα.”ορον
2538 3169 2630 3225 οὖν
2681 3172 2911 3241 ἐχούσης
2950 3171 3146 3224 τοῦτον
3186 3172 3286 3241 τῆς
3337 3170 3582 3232 πίστεως
3621 3170 3712 3238 τῆς

2128 3287 2193 3320 πε
2207 3269 2257 3339 pi.
2284 3267 2377 3320 τοῦ
2409 3268 2658 3337 Σωτῆρος
2684 3264 2837 3335 ἡμῶν
2870 3261 3125 3333 Χριστοῦ,
3155 3261 3629 3332 διακρινέσθωταν
3658 3260 3710 3313 αἱ

2128 3362 2256 3431 περὶ
2278 3359 2440 3412 αὐτοῦ
2468 3356 2644 3423 φωναὶ
2668 3355 2808 3409 κατά
2838 3355 2927 3407 τὸν
2959 3354 3113 3422 λόγον
3145 3354 3236 3406 τὸν
3265 3354 3573 3423 πρέποντα.
3601 3352 3714 3403 Κᾶν

2127 3447 2394 3517 ἀκούσης·
2448 3465 2464 3495 ι
2489 3442 2628 3510 Ἐγὼ
2662 3444 2755 3496 καὶ
2787 3445 2815 3495 ό
2860 3443 3049 3511 Πατὴρ
3076 3442 3132 3493 ἓν
3163 3444 3355 3510 ἐσμεν,
3391 3462 3409 3494 ι
3460 3441 3591 3511 μίαν
3620 3441 3715 3509 ὅρα

2126 3538 2223 3607 τὴν
2248 3536 2477 3605 θεότητα
2500 3534 2594 3587 τοῦ
2616 3533 2746 3587 Υἱοῦ
2773 3536 2864 3587 καὶ
2891 3533 2985 3586 τοῦ
3020 3532 3249 3603 Πατρὸς,
3269 3535 3367 3586 καὶ
3390 3533 3528 3586 Θεὸν
3552 3533 3714 3585 ἐννόει

2126 3629 2216 3681 τὸν
2244 3628 2372 3679 Υἰὸν
2400 3630 2461 3678 ἐκ
2489 3627 2586 3695 τῆς
2618 3625 2805 3687 οὐσίας
2831 3624 2960 3677 ὅντα
2988 3623 3081 3676 τοῦ
3112 3624 3342 3694 Πατρός.
3366 3625 3498 3677 Ἐάν
3524 3622 3581 3675 δὲ
3612 3623 3714 3674 πά-

2127 3717 2211 3771 λιν
2264 3717 2502 3787 ἀκούσῃς
2548 3716 2675 3785 περὶ
2722 3715 2910 3775 αὐτοῦ,
2939 3715 3020 3767 ὅτι
3056 3713 3285 3766 ἕκλαυσε
3317 3716 3419 3767 καὶ
3448 3712 3716 3781 ἐλυπήθη,

2127 3812 2222 3865 καὶ
2279 3810 2540 3879 ἐπτοήθη,
2576 3808 2669 3861 καὶ
2718 3808 3007 3878 ἀδημονεῖν
3056 3805 3276 3877 ἤρξατο,
3326 3807 3510 3859 ἐννόει
3560 3803 3717 3858 πάλιν

2123 3903 2412 3972 ἄνθρωπον
2437 3900 2565 3952 ὄντα
2602 3898 2741 3968 μετά
2770 3899 2831 3950 τὸ
2863 3894 3001 3950 εἶναι
3047 3896 3199 3960 Θεὸν,
3232 3896 3328 3949 καὶ
3370 3896 3623 3950 ἀνατίθει
3656 3896 3718 3964 τῇ

2126 3992 2502 4061 ἀνθρωπότητι
2557 3989 2625 4043 τά
2673 3990 2810 4058 αὐτῇ
2863 3986 3299 4058 χρεωστούμενα.
3336 3985 3566 4056 Ἐπειδὴ
3616 3984 3718 4054 γάρ

2128 4084 2321 4153 θνητὸν
2348 4083 2441 4136 καὶ
2468 4080 2705 4151 φθαρτὸν
2735 4078 2972 4132 ἀπέλαϐε
3003 4077 3183 4147 σῶμα,
3202 4077 3438 4139 καὶτοῖς
3461 4075 3723 4132 τοιούτοις

2129 4174 2357 4229 πάθεσιν
2402 4171 2777 4241 ὑποκείμενον,
2811 4170 3122 4236 ἀναγκαίως
3174 4167 3309 4236 μετά
3360 4167 3470 4236 τῆς
3524 4163 3721 4234 σαρκὸς

2128 4266 2222 4320 καὶ
2250 4265 2319 4317 τά
2347 4265 2515 4334 αὐτῆς
2549 4262 2883 4315 ἰδιοποιεῖται
2913 4260 3059 4329 πάθη
3091 4260 3183 4311 καὶ
3206 4258 3389 4327 αὐτῆς
3418 4254 3725 4327 ὑπομενού-

2129 4374 2231 4427 σης
2278 4355 2437 4419 αὐτὰ,
2466 4354 2539 4417 ὡς
2589 4352 2747 4414 αὐτὸς
2781 4352 3068 4421 ὑπομένων
3101 4349 3341 4418 λέγεται.
3378 4348 3575 4410 Οῦτως
3620 4345 3723 4415 γάρ

449 4452 588 4501 turre
623 4447 840 4501 dicitur.
888 4444 964 4498 Ita
1013 4445 1156 4499 enim
1210 4443 1360 4497 illum
1408 4442 1731 4497 crucifixum
1772 4452 1827 4497 ct
1879 4459 2020 4496 mor-

2130 4465 2309 4518 φαμεν
2329 4449 2410 4500 ὅτι
2443 4448 2534 4499 καὶ
2565 4443 2883 4515 ἐσταυρώθη
2911 4443 3006 4495 καὶ
3033 4442 3292 4505 ἀπέθανε,
3324 4442 3498 4493 τοῦτο
3525 4437 3726 4492 παθού·

449 4554 597 4592 ιιιιιιιι
641 4552 761 4592 esse
809 4537 1073 4599 dicimus,
1117 4551 1242 4590 cum
1298 4550 1426 4589 cato
1474 4536 1527 4589 id
1575 4550 1731 4603 passa
1783 4536 1872 4601 sit,
1914 4551 2019 4589 non

446 4638 618 4700 ipsum
652 4646 748 4699 per
786 4644 845 4684 se
893 4628 1160 4694 Verbum;
1214 4644 1337 4681 nam
1387 4629 1437 4681 id
1486 4629 1720 4696 passioui
1768 4638 1822 4682 ct
1860 4629 2017 4681 morti

445 4724 735 4777 obnoxium
767 4736 872 4774 non
905 4729 1007 4774 est.
1036 4718 1127 4775 Pie
1156 4720 1321 4789 igitur
1353 4730 1515 4788 atque
1545 4720 1847 4774 orthodoxe
1872 4720 2014 4775 dicta

450 4812 945 4883 interpretabimur,
990 4812 1261 4867 divinitati
1302 4813 1518 4880 quidem
1568 4811 1868 4866 tribuentes
1901 4826 2020 4877 quae

449 4908 630 4961 divino
660 4921 808 4960 more
842 4906 982 4960 dicta
1017 4914 1142 4959 sunt
1174 4922 1187 4958 :
1217 4904 1368 4958 carni
1399 4919 1526 4957 vero
1553 4919 1672 4971 quae
1702 4920 1797 4972 per
1826 4904 2019 4957 insitos

448 4984 609 5051 nobis
654 4995 927 5049 naturales
971 5003 1171 5059 mutus,
1218 5008 1446 5061 quorum
1487 5007 1646 5046 sensu
1698 5009 1820 5045 cum
1866 5009 2018 5046 tuens

444 5090 731 5151 adiciatur,
768 5086 963 5141 tacitus
996 5088 1353 5156 occultuSque
1405 5087 1599 5139 mentis
1639 5102 1893 5138 susurrus
1923 5102 2017 5154 per

444 5184 639 5251 lingua:
670 5178 1053 5247 scaturiginent
1088 5177 1346 5244 erumpit.

1060 5285 1216 5339 ALIU
1229 5288 1288 5348 ί),
1326 5288 1604 5339 uarralive.

512 5400 745 5456 Verbum
802 5400 895 5453 Dei
931 5414 1034 5451 non
1084 5398 1243 5449 aliain
1299 5397 1367 5450 οι)
1411 5412 1630 5451 causam
1684 5395 1886 5451 factum
1933 5408 2010 5452 est

445 5496 620 5555 homo,
648 5508 804 5560 quam
832 5500 889 5543 ut
912 5489 1089 5544 omnia
1120 5504 1235 5556 qua:
1264 5503 1357 5542 sua
1387 5497 1529 5553 sunt,
1555 5489 1751 5543 nostris
1788 5490 2015 5545 iulirmi-

517 5669 565 5701 ⁵⁸
593 5668 822 5737 Philipp.
863 5682 919 5731 tt,
948 5666 1001 5730 6,
1030 5666 1087 5719 7.

2130 4557 2230 4609 σης
2256 4540 2354 4610 τῆς
2384 4539 2608 4610 σαρκὸς,
2640 4541 2739 4592 οὐκ
2773 4539 2876 4608 ἰδίᾳ
2904 4538 2998 4589 καὶ
3026 4536 3146 4590 καθ’
3172 4534 3365 4588 ἑαυτὸν
3392 4533 3493 4586 τοῦ
3524 4533 3723 4600 Λόγου·

2126 4629 2341 4698 ἀπαθὴς
2390 4630 2496 4698 γάρ
2544 4631 2657 4680 ἐστι
2701 4628 2795 4680 καὶ
2833 4627 3117 4687 ἀθάνατος.
3157 4624 3372 4677 Οὐκοῦν
3424 4622 3726 4695 όρθοδόξως

2125 4720 2469 4789 ὲκληψόμεθα
2506 4717 2570 4770 τά
2619 4716 2906 4788 εἰρημένα,
2937 4718 3002 4785 τῇ
3056 4714 3154 4783 μὲν
3203 4712 3428 4783 θεότητι
3470 4712 3726 4782 νέμοντες

2124 4814 2192 4865 τά
2224 4810 2519 4880 θεοπρεπῆ,
2556 4810 2903 4871 ἀνατιθέντες
2933 4807 2990 4859 δὲ
3019 4810 3084 4877 τῇ
3116 4807 3280 4875 σαρκὶ
3324 4807 3402 4858 τὰ
3453 4804 3525 4858 δι’
3558 4802 3727 4870 αὐτὴν

2127 4906 2221 4957 καὶ
2252 4904 2327 4966 ὡς
2356 4901 2416 4967 ἐξ
2453 4903 2621 4970 αὐτῆς
2656 4903 2925 4972 εἰρημένα
2954 4899 3042 4951 διά
3074 4898 3179 4951 τῶν
3205 4899 3260 4951 ἐν
3289 4898 3432 4967 ἡμῖν
3477 4893 3726 4966 φυσικῶν

2126 4995 2443 5065 κινημάτων
2463 5009 2478 5025 ο
2512 4986 2586 5046 ὧν
2612 4995 2639 5046 ὁ
2670 4993 2793 5054 νοῦς
2823 4992 2960 5061 ἔχων
2990 4990 3088 5060 τὴν
3113 4988 3394 5057 αἴσθησιν,
3427 4984 3725 5049 ἀναϐλύζει

2122 5087 2212 5140 διὰ
2256 5086 2503 5156 γλώττης
2550 5086 2616 5138 τὰ
2665 5086 2722 5138 ὲν
2777 5084 2930 5155 βάθει
2978 5084 3116 5136 κατὰ
3148 5083 3209 5134 τὸ
3238 5082 3451 5149 ἀφανὲς
3492 5082 3724 5150 ἀφώνως

2121 5178 2538 5248 ψιθυριζόμενα.

2556 5293 2738 5345 ΔΛΛΟ
2760 5333 2773 5357 ,
2812 5288 3266 5365 διηγηματικῶς.

2194 5404 2419 5473 Γέγονεν
2451 5404 2733 5475 ἄνθρωπος
2777 5408 2805 5457 ό
2854 5405 2949 5457 τοῦ
3002 5404 3136 5457 Θεοῦ
3165 5404 3339 5470 Λόγος
3372 5402 3441 5455 οῦ
3472 5402 3563 5454 διά
3605 5415 3725 5451 τινα

2123 5493 2393 5565 πρόφασιν
2420 5495 2634 5565 ἑτέραν.
2655 5494 2769 5548 ἀλλ’
2792 5495 2876 5546 ἴνα
2905 5492 3079 5546 πάντα
3101 5492 3166 5545 τά
3190 5488 3393 5544 ἑαυτοῦ
3416 5492 3547 5551 ταῖς
3566 5486 3723 5557 ἡμῶν
