3878 6208
272 360 375 415 59?

1683 352 2121 408 'l'llESAURUS.

3417 362 3524 418 598

266 480 570 540 ἀσθενείαις
623 478 890 548 ἀναμίξας
936 479 1134 547 τρόπον
1178 479 1298 529 τινὰ
1346 476 1436 529 καὶ
1484 475 1840 543 συγκεράσας.

1957 468 2157 523 tatibus
2175 469 2553 532 commiscens,
2585 483 2648 522 ac
2674 469 2833 523 veluti
2865 480 3302 541 contemperans,
3338 479 3531 532 Imma-

268 569 485 640 εὖρώσῃ
529 569 629 638 τὴν
674 568 963 638 ἀνθρώπου
996 567 1176 636 φύσιν,
1203 566 1462 637 καὶπρὸς
1509 564 1607 632 τὴν
1653 562 1845 615 ἑαυτοῦ

272 658 611 726 μεταποιήσῃ
653 656 1185 727 στερῤότητα.”οταν
1214 653 1308 709 οὖν
1349 656 1605 725 φαίνηται
1637 651 1849 704 δειλιῶν

265 748 356 800 τὸν
382 749 610 801 θάνατον
632 750 725 801 καὶ
757 749 929 817 λέγων
948 764 962 779 ο
1000 768 1018 798 ι
1042 748 1105 801 Εἰ
1135 748 1382 809 δυνατὸν,
1405 744 1719 817 παρελθέτω
1744 744 1852 796 ἀπ’

267 838 402 908 ἐμοῦ
435 841 496 892 τὸ
539 841 795 910 ποτήριον
820 840 997 900 τοῦτο,
1033 859 1051 890 ι
1083 840 1252 892 ἐννόει
1282 838 1445 892 πάλιν
1475 839 1555 890 ὅτι
1598 834 1850 888 δειλιῶσα

228 924 237 941 ³
272 932 357 983 τὸν
388 932 617 985 θάνατον
645 934 677 1002 ἡ
705 932 861 1003 σὰρξ,
892 932 1198 985 ὲδιδάσκετο
1226 930 1535 1002 φορουμένη
1567 927 1717 998 παρὰ
1754 925 1848 979 τοῦ

268 1024 441 1090 Λόγου
500 1024 699 1095 μηκέτι
747 1023 906 1077 τοῦτο
956 1024 1410 1094 πάσχειν.Ἔλεγε
1438 1021 1547 1093 γὰρ
1581 1020 1714 1089 πρὸς
1759 1019 1849 1072 τὸν

261 1116 516 1187 Πατέρα·
545 1137 563 1167 ι
596 1117 707 1186 υὺχ
732 1117 807 1180 ὡς
835 1115 945 1185 ἐγὼ
977 1117 1134 1180 θέλω,
1176 1116 1289 1170 ἀλλ’
1317 1115 1394 1178 ὡς
1421 1114 1507 1167 σύ.
1538 1133 1556 1164 ι
1591 1115 1704 1167 Οὐκ
1725 1116 1850 1182 ἐφο-

263 1208 413 1261 ϐεῖτο
447 1207 545 1276 μὲν
573 1208 699 1277 γὰρ.
728 1207 861 1261 καθὸ
889 1208 1060 1275 Λόγος
1087 1208 1204 1259 ἐστὶ
1246 1207 1341 1259 καὶ
1383 1204 1537 1268 Θεὸς,
1566 1203 1657 1256 τὸν
1684 1203 1847 1256 θάνα-

262 1319 355 1355 τον
400 1302 582 1366 αὐτὸς,
612 1301 724 1354 ἀλλ’
756 1304 832 1364 εἰς
882 1302 1034 1365 τέλος
1082 1300 1342 1369 διεξάγειν
1388 1298 1488 1370 τὴν
1537 1294 1849 1365 οἰκονομίαν

264 1392 543 1460 ἠπείγετο.
563 1391 731 1444 Τοῦτο
756 1391 864 1463 γάρ
894 1387 963 1461 ἦν
1000 1392 1058 1444 τὸ
1091 1391 1300 1460 θέλημα
1329 1390 1423 1442 τοῦ
1458 1389 1849 1459 Πατρός.”Εχει

262 1483 319 1535 δὲ
370 1483 463 1536 καὶ
510 1482 571 1536 τὸ
605 1482 679 1553 μὴ
710 1483 884 1536 θέλειν
917 1483 1226 1545 ἀποθανεῖν,
1252 1483 1339 1535 διὰ
1379 1481 1441 1534 τὸ
1468 1480 1849 1553 παραιτεῖσθαι

262 1577 366 1647 τῆς
415 1577 614 1647 σαρκὸς
657 1578 748 1629 τὸν
788 1576 1015 1631 θάνατον
1052 1576 1318 1645 φυσικῶς.
1350 1576 1628 1628 Διδάσκων
1668 1573 1847 1626 τοίνυν

260 1668 361 1739 τὴν
394 1669 787 1739 ἁνθρωπότητα
823 1669 1020 1738 μηκέτι
1044 1669 1111 1719 τά
1139 1668 1276 1737 αὐτῇ
1312 1667 1585 1737 προσόντα
1606 1667 1845 1736 φρονεῖν,

262 1759 400 1811 ἀλλὰ
432 1759 618 1836 τὸρτοῦ
648 1759 783 1812 Θεοῦ
814 1758 1029 1829 θέλημα
1058 1759 1241 1830 ζητεῖν
1260 1759 1334 1822 ὡς
1359 1757 1642 1827 ἄνθρωπος
1666 1757 1841 1826 λέγει·

1953 574 2078 614 nam
2128 572 2376 615 naturam
2432 564 2801 628 conlirmaret,
2850 572 3010 632 atque
3054 566 3121 620 ad
3165 582 3320 620 suum
3360 571 3530 639 ipsius

1953 652 2118 704 robur
2143 652 2468 705 traduceret.
2493 652 2625 705 Cum
2659 653 2821 723 igitur
2844 655 3056 710 videtur
3078 669 3302 712 mortem
3339 663 3525 717 formi-

1951 743 2131 809 dasse,
2174 753 2228 796 et
2270 743 2473 797 dixisse
2514 761 2527 797 :
2580 763 2597 795 ι
2630 745 2685 799 Si
2719 746 2835 800 lieri
2869 759 3063 816 potest,
3103 760 3343 807 transeat
3373 772 3400 805 a
3447 772 3531 809 me

1949 835 2089 889 calix
2125 836 2229 890 iste
2262 836 2330 903 ",
2365 855 2383 887 ι
2442 838 2724 892 considera
2765 844 2909 908 quod
2958 857 3085 896 caro
3131 861 3250 913 quae
3291 862 3319 899 a
3358 848 3529 903 \‘erbo

1950 925 2283 994 gestabatur,
2313 942 2418 982 non
2450 929 2585 982 bene
2611 931 2676 983 ad
2717 932 2818 985 hoc
2852 930 3130 987 ferendum
3168 936 3358 990 aﬂ'ecta
3388 949 3525 993 erat.

1950 1020 2095 1073 Dixit
2121 1023 2265 1075 enim
2311 1022 2377 1075 ad
2418 1024 2633 1077 Patrem
2669 1042 2681 1077 :
2727 1044 2744 1075 ι
2778 1023 2892 1080 Νοιι
2940 1035 2997 1079 ιιι
3025 1042 3124 1096 ego
3157 1028 3297 1092 volo,
3334 1031 3425 1084 sed
3471 1042 3529 1084 ut

1950 1121 2003 1165 tu
2025 1112 2091 1168 ⁸¹.
2130 1131 2148 1166 ι
2175 1112 2308 1167 Nam
2339 1114 2453 1182 ipse.
2478 1131 2583 1168 non
2615 1116 2835 1171 timebat
2864 1129 3115 1182 mortem,
3148 1131 3413 1188 quatenus
3444 1134 3529 1177 est

1953 1204 2184 1259 Verbum
2202 1215 2257 1260 et
2278 1206 2436 1272 Deus,
2458 1206 2550 1261 sed
2569 1206 3089 1264 administrationem
3114 1228 3266 1265 suam
3282 1216 3348 1267 ad
3367 1216 3526 1269 tinem

1951 1299 2244 1364 perducere
2273 1300 2509 1367 optabat.
2544 1301 2669 1356 Hec
2714 1303 2855 1354 enim
2884 1312 3004 1355 erat
3051 1302 3297 1358 voluntas
3326 1304 3524 1362 Patris.

1950 1388 2299 1443 Exhorrescit
2325 1401 2505 1444 autem
2532 1402 2781 1458 mortem,
2808 1395 2935 1463 quia
2964 1410 3090 1449 caro
3116 1398 3435 1451 naturaliter
3460 1399 3527 1453 ab

1949 1494 2011 1533 ea
2039 1478 2315 1535 abhorret.
2349 1482 2555 1538 Docens
2585 1483 2768 1552 itaque
2794 1485 3087 1539 humanam
3133 1497 3379 1541 naturam
3419 1505 3525 1542 nou

1950 1588 2069 1643 quae
2098 1573 2200 1627 sibi
2234 1575 2389 1628 insita
2432 1585 2560 1630 sunt
2609 1577 2868 1646 cogitare,
2909 1580 3003 1632 sed
3054 1579 3145 1633 Dei
3192 1581 3524 1635 voluntatem

1949 1679 2214 1731 quaerere,
2246 1665 2418 1735 inquit
2448 1678 2504 1719 ut
2537 1669 2697 1720 homo
2722 1685 2734 1720 :
2776 1686 2794 1717 ι
2822 1665 2936 1723 Non
2966 1669 3107 1723 sicut
3136 1687 3235 1741 ego
3264 1673 3404 1734 VttiO,
3432 1674 3526 1727 sed

1949 1756 2088 1810 sicut
2114 1766 2190 1810 tu.
2226 1775 2246 1808 ι
2276 1756 2485 1813 Idcirco
2513 1758 2676 1813 etiam
2715 1760 2912 1828 adjecit
2943 1778 2955 1813 :
2996 1780 3013 1812 ι
3048 1760 3284 1831 Spiritus
3306 1764 3524 1833 quidem

269 1870 286 1901 ‹
314 1851 426 1921 Οὐχ
450 1830 525 1913 si;
551 1848 661 1919 ἐγὼ
684 1850 842 1915 θέλω,
876 1850 990 1903 ἀλλ’
1016 1849 1089 1913 ὡς
1118 1849 1203 1903 σύ.
1237 1869 1255 1901 ι
1283 1849 1383 1902 Διά
1404 1849 1561 1902 τοῦτο
1586 1849 1693 1919 γάρ
1714 1848 1840 1917 φαί-

1948 1859 2227 1920 promptus
2255 1859 2355 1917 est,
2385 1866 2513 1907 caro
2538 1861 2718 1907 autem
2746 1853 2956 1909 infirma
2982 1854 3049 1909 ⁸³.
3089 1874 3109 1907 ι

261 1959 412 1994 νεται
433 1944 529 1995 καὶ⁵
547 1941 801 2014 προσθείς
823 1959 835 1970 ·
864 1961 882 1992 ι
908 1942 979 1995 Τὸ
1005 1940 1226 2013 πνεῦμα
1253 1941 1600 2014 πρόθυμον,ή
1624 1941 1681 1994 δὲ
1706 1940 1842 2012 σὰρξ

260 2032 516 2103 ἀσθενής.
542 2053 561 2086 ι

947 2126 1155 2179 ΛΛΛΟ.

338 2236 397 2289 Εἰ
425 2236 654 2290 θανάτου
674 2236 1148 2305 καταφρονοῦντας
1172 2236 1347 2301 οὕτως
1373 2239 1698 2310 εὑρίσκομεν
1718 2242 1842 2304 τοὺς

261 2329 471 2398 ἁγίους,
507 2328 582 2393 ὡς
611 2328 817 2381 οἴεσθαι
850 2329 1050 2399 μᾶλλον
1092 2332 1172 2392 εἰς
1210 2329 1354 2399 ζωὴν
1390 2332 1761 2401 μεταϐαίνειν,
1794 2332 1846 2385 εἴ

260 2438 347 2483 τις
374 2421 573 2483 αὐτοὺς
595 2421 730 2491 πρὸς
755 2421 816 2473 τὸ
836 2421 930 2473 τοῦ
962 2420 1153 2474 παθεῖν
1170 2422 1363 2492 καλοίη
1382 2423 1591 2493 καιρὸς,
1610 2424 1841 2494 ἀνδρεῖοί

258 2532 321 2567 τε
355 2514 523 2574 ὅντως
557 2514 685 2579 εἰσὶ,
716 2514 805 2566 διὰ
851 2513 913 2566 τὸ
961 2514 1103 2583 ἔχειν
1137 2516 1195 2567 ὲν
1226 2516 1459 2579 ἑαυτοῖς,
1493 2517 1572 2579 εἰς
1616 2516 1707 2569 τὸν
1736 2518 1844 2570 ἐσω

258 2605 568 2675 ἄνθρωπον,
592 2606 732 2657 καθά
752 2605 1083 2675 γέγραπται,
1099 2605 1458 2659 κατοικοῦντα
1479 2605 1570 2658 τὸν
1587 2607 1840 2677 Χριστὸν,

260 2696 382 2759 πῶς
423 2697 597 2766 δειλιᾷ
624 2696 715 2748 τὸν
751 2696 982 2749 θάνατον
1025 2697 1054 2750 ό
1084 2698 1210 2760 τοὺς
1237 2696 1429 2761 ἄλλους
1452 2697 1716 2751 διδάσκων
1743 2699 1841 2751 θα-

259 2788 423 2843 νάτου
472 2790 865 2860 καταφρονεῖν;
917 2788 1042 2853 Πῶς
1085 2789 1142 2843 δὲ
1173 2789 1273 2843 οὐκ
1311 2789 1509 2843 ἄτοπον
1544 2791 1843 2862 θαυμάζειν

263 2883 367 2952 μὲν
405 2882 505 2953 τὴν
551 2882 771 2953 ἀνδρίαν
803 2881 913 2934 τῶν
940 2881 1172 2952 ἐχόντων
1200 2883 1258 2935 ὲν
1288 2884 1497 2947 ἑαυτοῖς
1524 2884 1614 2937 τὸν
1646 2885 1838 2953 Λόγον,

258 2976 423 3030 αὑτὸν
448 2978 505 3030 δὲ
539 2976 750 3030 οἴεσθαι
781 2976 872 3029 τὸν
904 2976 1076 3045 Λόγον
1104 2975 1305 3047 ἀσθενῆ
1338 2979 1433 3033 καὶ
1453 2978 1712 3051 ἄνανδρον
1743 2981 1841 3033 ὑπ-

258 3072 450 3141 άρχειν
494 3069 686 3133 οὕτως,
713 3070 788 3132 ὡς
837 3070 930 3123 καὶ
978 3070 1128 3142 φόϐῳ
1169 3071 1483 3142 κρατεῖσθαι
1514 3072 1608 3126 καὶ
1633 3073 1712 3144 τῷ
1739 3074 1838 3144 τῆς

253 3164 460 3227 δειλίας
489 3164 753 3233 νοσήματι
770 3178 784 3225 ;

955 3280 1158 3331 ΑΛΛΟ.

332 3390 423 3460 Τῷ
455 3392 640 3461 οἰκείῳ
671 3392 886 3461 θανάτῳ
923 3391 1012 3444 τὸν
1040 3391 1269 3445 θάνατον
1294 3392 1645 3461 κατήργησεν
1669 3392 1696 3443 ὁ
1723 3390 1837 3442 Σω-

255 3485 605 3556 τήρ.Ὥσπερ
650 3480 742 3538 οὖν
787 3487 887 3538 οὐκ
935 3484 1003 3537 ἂν
1054 3486 1082 3537 ὁ
1129 3483 1357 3546 θάνατος
1407 3483 1732 3554 κατηργὴθη
1764 3482 1839 3553 μὴ

256 3575 622 3639 ἀποθανόντος
641 3575 829 3641 αὑτοῦ,
848 3576 1022 3639 οὕτως
1045 3575 1129 3644 ἐφ’
1147 3564 1378 3627 έκάστου
1400 3573 1506 3626 τῶν
1519 3574 1618 3643 τῆς
1639 3574 1840 3644 σαρκὸς

259 3668 475 3723 παθῶν.
503 3669 564 3722 Εἰ
615 3668 689 3739 μὴ
733 3668 844 3739 γὰρ
889 3667 1196 3729 ἑδειλίασεν,
1231 3667 1329 3718 οὐκ
1359 3665 1423 3719 ἂν
1452 3664 1709 3735 ἐλευθέρα
1744 3663 1837 3717 τοῦ

258 3760 522 3830 δειλιᾷνὴ
560 3759 721 3827 φύσις
756 3759 992 3827 ἐγένετο,
1019 3760 1068 3811 εἰ
1101 3758 1176 3829 μὴ
1217 3757 1482 3828 ἐλυπήθη,
1507 3757 1604 3809 οὐκ
1640 3756 1705 3808 ἂν
1733 3757 1840 3809 άπ-

258 3851 507 3921 ηλλάχθη
557 3850 651 3903 τοῦ
702 3850 987 3903 λυπεῖσθαί
1030 3866 1183 3911 ποτε,
1220 3852 1268 3903 εἰ
1304 3851 1378 3920 μὴ
1407 3849 1705 3920 ἐταράχθη,
1742 3849 1839 3901 οὐκ

255 3949 329 3997 ἂν
376 3943 481 4007 ἔξω
534 3943 661 3995 ποτὲ
710 3943 916 3996 τούτων
946 3942 1183 4011 ἐγένετο.
1216 3943 1325 3997 Καὶ
1369 3941 1453 4011 ἐφ’
1483 3941 1695 4011 ἑκάστῳ
1730 3940 1839 3993 τῶν

256 4035 619 4107 ἀνθρωπίνως
646 4035 946 4103 γεγονότων
983 4035 1075 4087 τὸν
1116 4034 1278 4089 αὑτὸν
1308 4034 1632 4105 ὲφαρμόζων
1657 4033 1835 4101 λόγον,

255 4128 516 4199 εὑρήσεις
547 4130 604 4180 ὲν
624 4126 842 4198 Χριστῷ
868 4126 936 4179 τὰ
960 4126 1061 4196 τῆς
1082 4127 1282 4197 σαρκὸς
1306 4126 1450 4196 πάθη
1483 4124 1836 4195 κεκινημένα,

250 4220 356 4289 οὐχ
388 4219 473 4271 ἵνα
514 4218 759 4291 κρατήσῃ
802 4219 993 4287 ὥσπερ
1034 4218 1126 4270 καὶ
1159 4218 1216 4269 ὲν
1242 4219 1393 4289 ἡμῖν,
1424 4216 1538 4270 ἀλλ’
1566 4217 1653 4271 ἵνα
1683 4234 1838 4287 κινη-

253 4312 421 4364 θέντα
467 4310 787 4380 καταργηθῇ
827 4311 892 4379 τῇ
943 4308 1172 4378 δυνάμει
1214 4307 1307 4361 τοῦ
1356 4309 1737 4379 ὲνοικήσαντος
1768 4308 1835 4376 τῇ

254 4405 424 4474 σαρκὶ
467 4402 662 4470 Λόγου,
694 4402 829 4474 πρὸς
860 4401 920 4455 τὸ
953 4400 1177 4472 ἄμεινον
1225 4401 1694 4472 μεταποιουμένης
1736 4401 1836 4471 τῆς

252 4496 493 4561 φύσεως.

449 4611 653 4674 ΑΛΛΟ,
693 4611 778 4675 εἰς
817 4608 903 4673 τὸ,
950 4628 967 4660 ι
999 4607 1104 4663 Θεέ
1133 4626 1276 4678 μου,
1314 4607 1419 4662 Θεέ
1448 4626 1587 4677 μου.
1618 4628 1636 4660 ι

338 4724 461 4776 Ἐπὶ
491 4723 569 4792 τῷ
598 4723 817 4794 σταυρῷ
844 4723 939 4776 τοῦ
969 4723 1216 4794 Σωτῆρος
1247 4724 1404 4793 ἡμῶν
1428 4721 1664 4793 Χριστοῦ
1692 4740 1828 4776 καυ-

249 4816 497 4887 χώμεθα,
524 4816 616 4867 καὶ
656 4815 983 4884 πιστεύομεν
1009 4814 1097 4867 διὰ
1126 4813 1282 4866 τοῦτο
1313 4813 1603 4878 σεσῶσθαι,
1636 4815 1827 4885 ὅτιπερ

250 4912 281 4961 ὁ
316 4907 409 4960 τοῦ
456 4907 591 4959 Θεοῦ
642 4907 812 4975 Λόγος
844 4905 1128 4975 ἄνθρωπος
1170 4904 1409 4974 γεγονὼς
1453 4905 1519 4957 δι’
1545 4908 1695 4976 ἡμᾶς
1742 4910 1837 4962 καὶ

252 5000 401 5071 ὑπὲρ
434 4999 590 5070 ήμῶν
623 4997 963 5070 ἐσταυρώθη.
995 4999 1083 5051 ἵνα
1114 4998 1204 5051 τὸν
1248 4999 1306 5049 ὲν
1344 5000 1477 5068 ἡμῖν
1512 5002 1833 5072 καταργήσῃ

250 5092 511 5156 θάνατον,
542 5093 634 5144 καὶ
668 5091 828 5145 πάλιν
877 5092 1023 5161 ἡμᾶς
1068 5088 1246 5159 ἑαυτῴ
1288 5091 1687 5161 συναναστήσῃ,
1727 5093 1836 5144 ἀπὸ

248 5184 355 5253 τῆς
396 5184 599 5254 φθορᾶς
651 5185 729 5246 εἰς
783 5182 1090 5251 ἀφθαρσίαν
1126 5180 1627 5252 μεταδαλών.Ἕδει
1654 5184 1835 5238 τοίνυν

248 5279 350 5332 καὶ
378 5279 506 5348 παρ’
537 5278 697 5330 αὑτὸν
725 5278 817 5330 τὸν
847 5276 941 5330 τοῦ
975 5275 1177 5339 πάθους
1216 5276 1407 5347 καιρὸν
1434 5277 1718 5347 ἄνθρωπον
1747 5277 1834 5330 δν-

246 5385 363 5431 τως
392 5368 655 5436 γεγονότα
675 5367 984 5435 φαίνεσθαι,
1011 5368 1105 5421 καὶ
1132 5367 1192 5419 οὐ
1221 5368 1361 5421 κατά
1383 5384 1503 5420 τινα
1530 5368 1832 5436 φαντασίαν

250 5458 599 5516 ὑπονοεῖσθαι
622 5460 697 5523 ὡς
717 5460 1021 5532 ἄνθρωπον.
1043 5461 1151 5513 Καὶ
1177 5460 1265 5513 διὰ
1288 5464 1490 5529 ταύτην
1510 5459 1609 5531 τὴν
1646 5461 1828 5515 αἰτίαν

241 5550 434 5610 ἐλάλει
478 5550 577 5621 μὲν
618 5549 687 5602 τά
729 5549 1000 5621 ἀνθρώπῳ
1035 5551 1339 5621 πρέποντα”
1387 5571 1405 5602 ι
1437 5552 1538 5605 Θεέ
1572 5571 1696 5622 μου,
1732 5552 1833 5605 Θεέ

250 5660 381 5718 μου,
412 5642 498 5697 ῖνα
527 5644 580 5696 τί
608 5659 675 5713 με
699 5642 1086 5711 ὲγκατέλιπεςς
1123 5662 1142 5696 ι
1178 5645 1294 5706 καὶ,
1330 5663 1347 5695 ι
1374 5645 1695 5714 Παρελθὲτω
1728 5646 1834 5699 ἀπ’

326 5799 367 5830 ⁸⁸
406 5799 593 5855 Matth.
629 5814 775 5865 XXVI,
811 5799 898 5854 39.
995 5800 1040 5830 ³⁸
1070 5799 1195 5854 ibid.

1277 5800 1346 5870 ,⁵³
1381 5799 1509 5856 ibid.
1548 5800 1671 5855 41..
1740 5803 1785 5833 "‘
1814 5800 2007 5869 Ephcs.
2043 5815 2124 5863 ut,
2162 5800 2247 5854 lii.

2630 2116 2855 2173 ALIUD.

2016 2229 2072 2283 Si
2115 2239 2331 2284 sanctos
2374 2229 2446 2283 ita
2491 2241 2718 2285 mortem
2757 2240 3166 2288 contemnentes
3198 2236 3517 2304 reperimus.

1942 2333 2005 2377 It
2030 2321 2342 2377 existiment
2370 2337 2429 2377 se
2462 2324 2640 2392 potius
2670 2324 2721 2377 in
2750 2324 2912 2378 vitam
2935 2327 3236 2391 transferri,
3272 2328 3313 2381 si
3342 2327 3520 2398 aliqua

1945 2415 2241 2470 necessitas
2284 2417 2546 2471 moriendi
2580 2418 2662 2472 eis
2704 2416 2982 2484 offeratur,
3028 2429 3082 2473 et
3116 2421 3282 2475 fortes
3329 2438 3518 2477 revera

1943 2517 2091 2572 sunt,
2119 2511 2243 2577 quia
2277 2510 2476 2563 habent
2508 2511 2561 2564 in
2594 2524 2735 2575 sese,
2766 2512 2816 2564 iu
2848 2511 3107 2567 interiore
3136 2514 3388 2569 nimirum
3421 2518 3518 2570 ho-

1944 2602 2108 2663 mine,
2158 2610 2217 2655 ut
2261 2602 2522 2669 scriptum
2571 2602 2744 2666 est“,
2793 2603 3127 2659 habitantem
3178 2606 3451 2662 Christum
3503 2628 3515 2661 :

1944 2696 2214 2763 quomodo
2243 2706 2471 2750 mortem
2512 2696 2723 2760 timeat,
2762 2698 2853 2766 qui
2891 2709 2944 2751 ut
2976 2699 3065 2752 alii
3110 2710 3336 2755 mortem
3382 2717 3513 2756 con-

1946 2795 2186 2842 tenmant
2220 2788 2480 2855 praestat?
2517 2788 2624 2842 Aut
2652 2803 2759 2857 quo
2789 2802 2942 2856 pacto
2974 2805 3076 2843 non
3123 2792 3192 2846 sit
3225 2793 3514 2847 absurdum

1943 2880 2131 2934 mirari
2177 2880 2545 2935 fortitudinem
2575 2896 2764 2935 eorum
2812 2882 2902 2950 qtti
2946 2881 3182 2938 Verbum
3235 2885 3286 2938 in
3326 2888 3518 2954 scipsis

1944 2971 2196 3026 habitans
2222 2973 2476 3037 habeant,
2508 2974 2605 3041 ipsi
2634 2984 2813 3028 autem
2847 2974 3020 3029 Verbo
3045 2985 3245 3030 tantam
3278 2976 3489 3032 imhecil

1943 3063 2147 3119 litatem
2171 3075 2226 3119 et
2249 3066 2523 3120 mollitiem
2544 3069 2799 3133 tribuere,
2820 3078 2875 3123 ut
2900 3079 3042 3123 metu
3063 3084 3127 3123 ac
3151 3080 3357 3127 terrore
3376 3088 3517 3126 mor-

1868 3180 1915 3239 ο
1946 3156 2013 3211 tis
2036 3157 2253 3228 percelli
2280 3157 2665 3213 existimetur?

2609 3272 2836 3329 ALIUD.

2008 3380 2265 3436 Scrvator
2290 3391 2461 3436 morte
2487 3397 2584 3437 sua
2620 3395 2847 3439 mortem
2888 3385 3121 3441 abolevit
3143 3387 3214 3442 ⁸³.
3242 3387 3512 3454 Quemad-

1941 3474 2157 3528 modum
2209 3474 2371 3543 igitur
2418 3490 2563 3529 mors
2622 3476 2819 3531 abolita
2866 3493 2973 3533 non
3008 3478 3219 3544 fuisset,
3254 3481 3353 3534 nisi
3403 3483 3514 3549 ipse

1940 3576 2190 3621 mortuus
2235 3581 2399 3632 esset,
2437 3569 2510 3622 ita
2549 3570 2711 3624 etiam
2755 3570 2821 3624 de
2872 3570 3098 3641 singulis
3139 3573 3513 3628 atl‘ectionibus

1939 3659 2121 3714 carnis
2145 3661 2484 3715 sentiendum
2511 3672 2613 3715 est.
2652 3661 2763 3716 Nisi
2800 3663 2943 3717 enim
2978 3664 3067 3719 ille
3091 3665 3379 3729 timuisset,
3411 3684 3509 3719 ua-

1942 3760 2062 3806 tura
2111 3763 2254 3806 metu
2298 3753 2525 3808 liberata
2557 3770 2661 3808 non
2710 3755 2921 3823 ruisset,
2970 3758 3071 3811 nisi
3115 3757 3394 3819 doluisset.
3447 3775 3512 3812 ne

1939 3855 2124 3900 noster
2145 3846 2361 3916 quidem
2380 3848 2531 3903 dolor
2550 3850 2795 3905 sublatus
2818 3862 2964 3906 esset
2995 3854 3129 3907 :nisi
3163 3856 3507 3923 perturbatus

1940 3938 2149 4004 fuisset,
2181 3954 2281 3995 nos
2309 3951 2566 4011 perpetuo
2601 3942 2654 3995 in
2696 3943 3100 4011 perturbatione
3140 3960 3486 4002 versaremur

1938 4030 2246 4099 Eademque
2285 4032 2493 4086 ratione
2531 4039 2599 4086 de
2633 4034 2854 4103 reliquis
2887 4044 2942 4087 et
2983 4036 3208 4105 singulis
3255 4052 3374 4106 qua:
3414 4038 3511 4091 hu-

1939 4139 2099 4178 mano
2130 4139 2279 4178 more
2305 4124 2458 4189 tiunt,
2487 4125 2761 4194 judicans,
2794 4126 3037 4182 invenies
3068 4128 3119 4181 in
3150 4129 3365 4184 Christo
3390 4144 3509 4184 car-

1938 4216 2023 4269 nis
2045 4213 2359 4270 ati'ectiones
2390 4228 2561 4269 motas
2591 4234 2604 4269 :
2632 4234 2735 4271 non
2764 4229 2823 4271 ut
2851 4219 2902 4271 itt
2930 4233 2995 4272 eo
3024 4220 3245 4287 perinde
3268 4232 3428 4291 atque
3453 4224 3506 4276 in

1938 4310 2095 4364 nobis
2133 4310 2417 4378 imperium
2465 4310 2791 4375 obtinerent,
2830 4312 2922 4365 sed
2959 4322 3016 4365 ut
3055 4326 3321 4383 superata:
3362 4318 3508 4369 dele-

1940 4411 2127 4455 rentur
2159 4402 2208 4455 vi
2232 4417 2297 4455 ac
2332 4403 2527 4456 virtute
2554 4402 2906 4458 iuhabitantis
2933 4420 3156 4460 carnem
3187 4406 3369 4475 Verbi,
3400 4418 3480 4463 tra

1938 4496 2096 4549 ducta
2126 4495 2178 4547 itt
2212 4495 2485 4549 meliorem
2519 4504 2718 4548 statum
2751 4507 2960 4550 natura.

1938 4607 2101 4679 234
2137 4606 2366 4670 ALIUD,
2398 4609 2451 4660 in
2477 4607 2609 4660 illud
2633 4624 2651 4662 :
2679 4624 2697 4658 ι
2722 4608 2858 4661 Deus
2883 4625 3043 4673 meus,
3076 4611 3209 4665 Deus
3235 4631 3375 4668 meus
3392 4617 3456 4669 Is.
3482 4637 3501 4668 ν

2009 4722 2063 4774 In
2092 4735 2252 4774 cruce
2280 4721 2586 4774 Servatoris
2619 4720 2788 4775 nostri
2821 4721 3019 4775 Christi
3053 4723 3505 4794 gloriamur,cre-

1935 4813 2217 4879 (limusque
2247 4828 2343 4866 nos
2380 4827 2474 4880 per
2500 4814 2599 4866 hnc
2631 4813 2809 4868 salvos
2833 4816 3000 4869 factos
3024 4831 3168 4881 esse,
3201 4822 3342 4888 quod
3377 4821 3503 4877 Ver-

1937 4905 2063 4959 bum
2086 4904 2176 4957 Dei
2202 4904 2273 4957 sit
2305 4902 2502 4957 t'actum
2528 4903 2686 4959 homo
2716 4915 2932 4973 propter
2954 4923 3073 4971 nos,
3108 4918 3162 4963 et
3192 4915 3505 4969 cruciﬁxum

1939 5011 2036 5065 pro
2062 4997 2215 5049 nobis
2242 5037 2257 5061 ,
2296 5008 2353 5051 nt
2386 5010 2613 5054 mortem
2654 5001 2704 5053 in
2740 5001 2893 5055 nobis
2922 5002 3244 5068 destrueret,
3272 5022 3509 5060 rursum-

1938 5104 2043 5158 que
2067 5104 2167 5142 nos
2196 5090 2358 5144 simul
2385 5106 2507 5145 cum
2547 5092 2661 5161 ipso
2681 5094 2853 5162 erigat
2884 5110 2913 5149 e
2944 5097 3290 5167 corruptione
3323 5102 3387 5152 ad
3429 5100 3508 5153 iu-

1937 5185 2341 5254 corruptionem
2374 5184 2670 5239 traductos.
2697 5186 2992 5254 Oportebat
3028 5189 3207 5257 itaque
3246 5191 3410 5244 etiam
3451 5193 3503 5246 in

1936 5278 2053 5345 ipso
2093 5277 2358 5345 passionis
2388 5292 2499 5329 sua:
2545 5285 2786 5346 tempore
2835 5295 2959 5333 vere
3000 5280 3269 5336 hominem
3302 5283 3503 5339 factum

1934 5368 2127 5432 videri,
2183 5375 2363 5421 etnon
2398 5368 2767 5437 imaginariam
2802 5372 3087 5440 quamdam
3130 5373 3358 5428 hominis
3385 5376 3504 5445 opi-

1937 5463 2151 5515 nionem
2184 5462 2250 5513 de
2277 5474 2340 5513 eo
2374 5461 2605 5529 concipi.
2635 5460 2869 5530 Eamque
2894 5463 2962 5517 ob
2985 5480 3224 5529 causam,
3258 5481 3375 5535 quze
3405 5468 3507 5521 Ιιοο

1937 5553 2067 5606 mini
2105 5552 2432 5607 conveniunt
2454 5552 2663 5606 locutus
2695 5563 2799 5617 est,
2832 5553 3019 5608 dicens
3052 5573 3065 5610 :
3104 5574 3123 5607 ‹
3157 5556 3294 5611 Deus
3330 5571 3503 5621 meus,

1943 5646 2082 5698 Deus
2110 5659 2281 5707 meus,
2314 5659 2414 5699 cur
2470 5659 2556 5699 me
2588 5644 2969 5714 dereliquisti?
3002 5665 3021 5697 ι
3067 5657 3152 5701 et:
3194 5667 3212 5699 ι
3244 5646 3505 5704 Transeat

2354 5800 2398 5830 "
2426 5799 2465 5854 ll
2492 5799 2631 5853 Tim.
2676 5818 2713 5865 ι,
2758 5800 2841 5852 l0.
2919 5803 2965 5832 “
2998 5801 3185 5856 Matth.
3224 5820 3387 5871 nvu,
3415 5804 3502 5861 46.
