3878 6208
366 356 470 412 393
1362 348 1422 405 S.
1462 344 1737 402 CYRILLI
1776 341 2242 397 ALEXANDRINI
2284 342 2598 398 ARCIHEP.
3507 342 3595 397 Ἁθθ

368 495 399 530 a
430 494 516 529 mc
547 475 682 528 calix
743 473 861 526 iste.
900 490 917 521 ι
950 470 1016 523 Ει
1050 484 1109 522 re
1160 468 1274 537 ipsa
1322 467 1565 521 ostendit
1618 466 1760 534 quod
1808 464 1949 517 Dens

2082 463 2184 532 μοῦ
2214 464 2273 515 τὸ
2306 465 2584 535 ποτήριον.
2618 483 2637 514 ι
2673 459 2912 513 Ἑδείκνυ
2962 459 3016 512 δὲ
3056 458 3146 511 διὰ
3182 457 3289 509 τῶν
3336 455 3499 526 ἔργων
3527 459 3598 509 ὃτι

370 580 516 621 esset
545 567 635 635 qui
676 574 890 633 propter
921 577 1016 615 nos
1046 562 1359 613 incarnatus
1386 569 1525 621 erat,
1554 567 1716 626 atque
1752 558 1865 610 haec
1894 554 1943 608 iu

2079 556 2180 619 ἐός
2224 559 2394 618 ἐστιν,
2444 557 2472 607 ό
2521 555 2587 606 δι’
2617 558 2764 626 ἡμᾶς
2814 553 3263 619 ἑνανθρωπήσας,
3318 548 3408 600 καὶ
3451 548 3600 602 ταῦτα

372 674 533 713 cruce
570 658 843 711 sustinens
889 664 1105 723 propter
1134 652 1374 706 omnium
1417 660 1659 705 nostrum
1689 649 1943 703 salutem.

2085 649 2334 719 πομένων
2378 650 2438 699 ἐν
2492 647 2568 717 τῷ
2623 647 2863 718 σταυρῷ,
2892 644 2989 697 διὰ
3031 643 3129 710 τὴν
3177 640 3427 693 ἁπάντων
3464 640 3601 708 ἡμῶν

376 752 594 803 Solares
634 747 777 801 enim
827 746 1007 797 radios
1044 742 1337 806 cuulraxit,
1386 752 1438 795 et
1490 741 1726 795 tenebris
1754 738 1947 794 malum

376 842 615 896 involvit.
644 838 815 892 Scidit
854 846 1055 905 petras,
1090 844 1143 888 et
1184 843 1403 897 terrain,
1428 843 1491 887 et
1534 832 1707 884 velum
1746 829 1947 897 templi,

375 935 586 1001 aliaque
624 930 788 982 tuttlta
830 926 1087 980 miracula
1117 925 1283 978 edidit
1316 924 1383 985 ⁵⁷,
1420 931 1478 976 ut
1516 924 1654 976 Deus
1693 937 1834 981 esse,
1859 920 1950 990 qui

2051 742 2356 812 σωτηρίαν·
2391 740 2701 793 συνέστελλε
2734 742 2830 810 μὲν
2856 740 2966 807 γὰρ
2998 737 3097 806 τὴν
3140 734 3371 804 ἡλιακὴν
3408 735 3600 797 ἀκτῖνα,

2050 836 2144 889 καὶ
2177 834 2351 903 σκότῳ
2383 834 2705 905 περιέϐαλλε
2727 833 2817 885 τὸν
2849 829 3099 901 οὐρανὸν,
3126 828 3302 897 ἐσχιζε
3329 827 3382 878 δὲ
3412 826 3499 887 τὰς
3522 825 3604 876 πέ-

2050 945 2207 998 τρας,
2242 930 2334 980 καὶ
2377 928 2476 996 τὴν
2519 928 2621 996 γῆν
2655 926 2750 979 καὶ
2792 925 2854 977 τὸ
2898 924 3293 991 καταπέτασμα
3326 916 3419 972 τοῦ
3453 918 3565 971 ναοῦ
3589 936 3600 947 ·

376 1025 689 1077 incarnatus
727 1028 869 1078 erat.
914 1014 1204 1069 manifeste
1255 1016 1654 1066 ostenderetur.
1713 1011 1862 1066 Unde
1900 1018 1955 1062 et

378 1118 410 1169 ii
441 1116 531 1185 qui
574 1128 696 1168 eum
743 1112 1157 1169 crucilixerunt,
1193 1116 1458 1175 anteaqne
1510 1106 1833 1167 derit-erant,
1873 1105 1953 1153 vi.

374 1210 567 1261 dentes
588 1218 708 1273 quae
740 1201 998 1255 divinitus
1025 1198 1323 1250 edebantur
1353 1195 1631 1256 miracula,
1661 1194 1949 1247 dicebant:

380 1317 400 1351 ι
436 1297 573 1351 Vere
608 1296 776 1350 Filius
803 1293 892 1347 Dei
921 1301 1038 1345 erat
1074 1290 1173 1343 iste
1199 1290 1262 1341 ⁸⁸.
1294 1307 1312 1340 ι

455 1528 687 1581 Verbum
740 1522 829 1576 Dei
861 1520 1061 1575 factum
1106 1530 1193 1573 est
1229 1519 1409 1580 humo,
1444 1532 1549 1569 nou
1597 1524 1654 1568 ut
1700 1526 1957 1583 tanquam

375 1621 521 1674 Deus
552 1625 675 1671 ante
704 1613 1133 1669 incarnationem
1160 1610 1344 1663 omnia
1392 1608 1554 1662 faciat
1584 1620 1637 1660 et
1688 1607 1955 1675 loquatur,

366 1712 473 1764 sed
524 1718 581 1762 ut
639 1704 829 1766 multa,
880 1717 944 1757 ex
1000 1701 1324 1755 necessitate
1372 1698 1860 1752 administrationis
1909 1698 1958 1748 iu

2055 1024 2218 1093 ἕτερά
2270 1039 2323 1074 τε
2364 1021 2500 1091 πρὸς
2535 1019 2742 1081 τούτοις
2774 1018 2943 1071 ἐποίει
2996 1015 3223 1086 μεγάλα,
3254 1014 3340 1065 ἵνα
3362 1012 3496 1072 ’Θεὸς
3536 1013 3608 1062 ὲν-

2055 1114 2424 1183 ανθρωπήσας
2451 1111 2726 1179 φαίνηται.
2752 1111 2859 1161 Καὶ
2881 1108 3010 1176 γοῦν
3031 1108 3078 1159 οἱ
3105 1105 3508 1174 σταυρώσαντες
3528 1103 3609 1152 καὶ

2057 1204 2226 1256 ’πάλαι
2256 1202 2523 1270 γελῶντες
2554 1201 2740 1260 αὐτὸν,
2771 1200 2837 1251 τὰ
2870 1197 3137 1265 γενόμενα
3170 1192 3364 1254 θεῖκῶς
3401 1190 3612 1260 ὁρῶντες

2058 1297 2244 1364 ἔλεγον
2268 1313 2281 1325 ·
2317 1314 2334 1345 t
2382 1293 2619 1363 Ἀληθῶς
2647 1292 2780 1344 Θεοῦ
2812 1291 2939 1353 Υἱὸς
2964 1286 3030 1360 ἦν
3055 1285 3229 1350 οὗτος.
3261 1306 3279 1337 ι

2748 1406 2953 1458 ΛΛΛΟ.

2136 1524 2455 1594 ’Ἄνθρωπος
2486 1523 2703 1590 γέγονεν
2724 1522 2757 1574 ό
2785 1520 2878 1572 τοῦ
2914 1519 3047 1571 Θεοῦ
3084 1518 3273 1583 Λόγος,
3303 1518 3398 1583 οὐχ
3428 1516 3506 1567 ἵνα
3529 1514 3617 1565 πα-

2060 1617 2141 1669 λιν
2172 1617 2246 1677 ὡς
2273 1615 2405 1677 Θεὸς
2444 1614 2550 1685 πρὸ
2578 1617 2676 1683 τῆς
2706 1612 3173 1681 ὲνανθρωπήσεως
3205 1610 3380 1661 πάντα
3425 1609 3618 1674 πράττῃ

2062 1711 2156 1763 καὶ
2200 1710 2356 1779 λαλῇ,
2384 1708 2497 1760 ἀλλ’
2528 1708 2614 1760 ἵνα
2661 1705 2922 1766 πολλάκις
2960 1704 3053 1756 καὶ
3078 1704 3164 1756 διὰ
3199 1702 3294 1771 τὴν
3322 1699 3505 1769 χρείαν
3535 1699 3619 1765 τῆς

377 1818 566 1865 carne,
596 1798 761 1852 etiam
797 1804 855 1849 ut
881 1796 1041 1849 homo
1070 1792 1347 1862 loquatur.
1380 1791 1515 1845 Cum
1554 1790 1718 1855 igitur
1751 1791 1862 1842 lncc
1893 1789 1961 1840 sit

2079 1801 2203 1853 ,ιετὰ
2239 1800 2441 1871 σαρκὸς
2472 1798 2779 1868 οἰκονομίας
2806 1799 2896 1849 καὶ
2919 1796 2990 1857 ὡς
3019 1794 3305 1865 ἅνθρωπος
3336 1793 3466 1859 λέγῃ
3493 1789 3622 1841 τινα.

374 1894 541 1949 ‘Verbi
584 1893 854 1960 potentia,
895 1885 1163 1956 quomodo
1190 1899 1295 1938 non
1328 1883 1617 1937 absurdmn
1658 1884 1728 1936 sit
1766 1882 1963 1935 ollcndi

372 1984 690 2042 llOlllllliiOS,
718 1996 837 2034 cum
869 1980 1092 2032 audiunt
1118 1979 1293 2047 ipsum
1325 1976 1558 2028 humano
1587 1989 1734 2027 more
1766 1972 1965 2040 aliquid

367 2071 661 2128 locutum?
695 2071 955 2138 Loquitur
982 2068 1126 2122 cuitu
1154 2075 1211 2120 ut
1239 2064 1428 2127 homo;
1466 2063 1884 2130 loquitur-etiam
1912 2072 1969 2117 ιη

383 2169 525 2220 livens
559 2182 571 2217 :
610 2174 901 2231 utrumque
938 2161 1083 2213 enim
1127 2159 1179 2211 in
1218 2156 1390 2225 ipsius
1428 2164 1690 2223 potestate
1719 2164 1820 2207 est.
1854 2153 1969 2205 Hu-

386 2273 543 2312 mano
572 2264 720 2311 certe
751 2269 901 2308 more
940 2252 1115 2305 dixit:
1158 2268 1177 2300 α
1216 2247 1369 2302 Nunc
1412 2249 1592 2300 anima
1633 2262 1749 2299 mea
1772 2247 1969 2298 turba-

364 2361 471 2405 Itur
511 2350 648 2415 ⁵’;ε»
710 2347 892 2401 divino
927 2354 1107 2398 autem
1149 2357 1317 2405 more,
1375 2359 1393 2391 ι
1434 2338 1764 2393 PoteSIatem
1800 2339 1968 2391 habet)

388 2459 588 2514 ponere
644 2443 850 2510 ipsam,
916 2446 970 2490 et
1028 2449 1215 2489 rursus
1275 2442 1596 2501 potestatem
1660 2431 1829 2484 habeo
1872 2444 1970 2482 sn-

368 2551 533 2590 .mere
564 2534 736 2602 ipsam
768 2531 836 2582 σθ..
878 2549 897 2580 ι
944 2526 1175 2581 Turbari
1210 2524 1413 2592 itaque,
1446 2521 1659 2575 alTeetio
1712 2531 1791 2572 est
1820 2519 1967 2571 carni

368 2628 605 2698 prupria
658 2632 1059 2695 :‘potestatem
1118 2633 1248 2671 vero
1307 2615 1502 2671 habere
1558 2614 1878 2682 tlt'ptittetttli.
1920 2623 1970 2664 ct

371 2736 577 2775 "rursus
606 2715 913 2772 assmnendi
948 2714 1207 2773 animam,
1234 2710 1486 2779 potentia:
1517 2706 1675 2759 Verbi
1709 2720 1842 2768 opus
1869 2712 1970 2755 est.

375 2810 853 2878 Quemadmodum
910 2805 1098 2874 igitur,
1142 2817 1265 2857 cum
1317 2798 1521 2867 aliquid
1583 2798 1765 2850 divino
1827 2811 1973 2847 inure

383 2902 543 2963 dicit,
584 2895 798 2951 tametsi
839 2902 1102 2963 appareat
1136 2894 1317 2954 homo,
1368 2905 1471 2942 non
1508 2885 1853 2947 olleudimur,
1882 2882 1972 2935 sed

394 2992 753 3059 intelligimus
808 2984 1045 3039 Verbum
1090 2981 1248 3038 carui
1316 2980 1629 3034 inhabitans
1668 2998 1679 3031 :
1719 2979 1787 3028 ita
1852 2991 1972 3028 cum

393 3083 596 3153 aliquid
616 3091 673 3133 ut
696 3080 855 3132 homo
878 3074 1141 3143 loquitur,
1161 3089 1229 3126 ne
1245 3067 1974 3135 olfeiidauiui-,intelligentes

2069 1894 2285 1965 Ταύτην
2318 1893 2531 1963 ἔχοντος
2562 1891 2655 1944 τοῦ
2694 1890 2992 1960 μυστηρίου
3015 1890 3112 1955 τὴν
3141 1884 3519 1954 δύναμιν,πὼς
3538 1881 3627 1932 οὐκ

2067 1986 2267 2039 ἄτοπον
2306 1983 2754 2046 σκανδαλίζεσθαι
2793 1983 2919 2044 τοὺς
2953 1979 3340 2050 ἀκροωμένους
3372 1973 3631 2044 ἀνθρωπι-

2067 2080 2302 2151 νώτερον
2348 2078 2457 2131 ἔσθ’
2490 2080 2579 2131 ὅτε
2628 2076 2915 2138 λαλοῦντος
2964 2073 3163 2133 mimi};
3208 2070 3373 2124 Λαλεί
3417 2068 3520 2137 γὰρ
3564 2065 3632 2126 ὡς

2068 2173 2374 2243 ἄνθρωπος,
2394 2170 2543 2223 λαλεῖ
2571 2170 2626 2222 δὲ
2652 2171 2746 2222 καὶ
2776 2168 2852 2231 ὡς
2881 2167 3030 2229 Θεὸς,
3058 2166 3196 2234 ἔχων
3229 2166 3287 2215 ἐν
3314 2160 3635 2231 ἀμφοτέροις

2067 2265 2163 2335 τὴν
2194 2263 2459 2329 ἐξουσίαν.
2480 2260 2855 2331 Ἀνθρωπίνως
2901 2258 2998 2329 μὲν
3044 2257 3153 2327 γὰρ
3191 2254 3381 2321 ἔλεγε·
3423 2273 3441 2302 t
3473 2250 3580 2303 Νῦν
3604 2252 3636 2316 ἠ

2067 2360 2211 2429 ψυχή
2248 2376 2349 2427 μου
2378 2356 2731 2427 τετάρακται,
2759 2372 2777 2404 ›
2806 2350 3000 2412 θεῖκῶς
3025 2349 3079 2401 δὲ
3107 2348 3295 2401 πάλ-ιν·
3329 2365 3345 2395 t
3372 2344 3641 2408 Ἐξουσίαν

2069 2453 2179 2521 ἔχω
2213 2450 2387 2502 θεῖναι
2436 2447 2625 2518 αὐτὴν,
2654 2446 2755 2499 καὶ
2802 2445 2962 2496 πάλιν
3010 2440 3259 2507 ἐξουσίαν
3304 2437 3417 2507 ἔχω
3466 2434 3641 2488 λαϐεῖν

2070 2545 2257 2613 αὐτήν.
2294 2562 2310 2592 ι
2346 2540 2419 2593 Τὸ
2459 2540 2558 2610 μὲν
2592 2535 2684 2591 οὖν
2716 2533 3100 2607 ταράττεσθαι,
3141 2533 3238 2600 τῆς
3284 2530 3488 2599 σαρκὸς
3522 2526 3644 2579 ἴδιον

2072 2634 2270 2697 πάθος·
2307 2633 2369 2685 τὸ
2393 2632 2449 2684 δὲ
2479 2629 2726 2697 ἐξουσίαν
2752 2629 2895 2698 ἔχειν
2934 2626 3104 2678 θεῖναί
3137 2641 3197 2676 τε
3231 2626 3325 2676 καὶ
3356 2620 3522 2673 πάλιν
3553 2619 3645 2669 λα-

2071 2726 2208 2785 ϐεῖν,
2236 2724 2336 2792 τῆς
2377 2720 2471 2773 τοῦ
2524 2720 2695 2785 Λόγου
2743 2718 3023 2786 δυνάμεως
3060 2714 3219 2783 ἔργον
3265 2710 3650 2777 ὲστίν.“Ωσπερ

2073 2812 2166 2869 οὖν
2200 2816 2328 2868 ὅταν
2375 2813 2510 2885 λέγῃ
2541 2829 2593 2864 τι
2622 2809 2838 2872 θεῑκῶς,
2865 2807 3051 2859 καίτοι
3094 2804 3421 2873 φαινόμενος
3455 2800 3652 2868 ἄνθρω-

2076 2924 2194 2970 πος,
2237 2908 2297 2959 οὺ
2350 2900 2854 2970 σκανδαλιζόμεθα,
2900 2899 3016 2952 ἀλλ’
3046 2895 3334 2964 ἐννοοῦμεν
3382 2894 3475 2945 τὸν
3520 2892 3653 2943 ἐνοι-

2062 2998 2276 3051 -κοῦντα
2303 2999 2369 3067 τῇ
2402 2995 2569 3067 σαρκὶ
2601 2993 2770 3059 Λόγον
2790 3009 2801 3020 ·
2822 2989 3003 3050 οὕτως
3033 2989 3160 3040 ὅταν
3190 3004 3242 3037 τι
3284 2985 3425 3054 λαλῇ
3468 2981 3561 3035 καὶ
3584 2979 3655 3039 ὡς

2072 3090 2380 3161 ἄνθρωπος,
2430 3087 2503 3157 μὴ
2548 3081 3053 3151 σκανδαλιζὼμεθα,
3092 3076 3403 3140 ἐννοοῦντες
3452 3077 3534 3127 ὅτι
3585 3069 3659 3123 δι’

387 3177 534 3243 quod
566 3181 785 3242 propter
813 3182 909 3223 nos
943 3165 1117 3219 factus
1146 3174 1229 3218 est
1264 3164 1445 3227 homo,
1482 3169 1536 3214 et
1563 3174 1683 3228 qua:
1726 3158 1972 3211 humana:

2079 3157 2221 3256 ᾐμόίς
2276 3184 2498 3250 γέγονεν
2548 3179 2853 3248 ἅνθρωπος,
2897 3175 2994 3228 καὶ
3044 3175 3113 3226 τὰ
3155 3175 3221 3242 τῇ
3275 3165 3658 3240 ἀνθρωπότητι

396 3277 600 3320 patinae
626 3256 1264 3324 conveniunt,loquitur.

1069 3366 1298 3422 ALIUD.

465 3494 546 3548 Ob
584 3490 807 3544 multam
840 3496 1016 3554 atque
1044 3485 1178 3538 adeo
1216 3483 1531 3536 immensam
1567 3480 1973 3548 benignitatem,

398 3587 633 3644 Verbum
660 3584 809 3637 nobis
830 3574 1263 3647 seipsum,235
1289 3573 1630 3628 eonuuiscuit
1659 3582 1821 3640 atque
1850 3585 1978 3624 cun-

400 3677 734 3747 teuipcrarit,
765 3688 870 3726 non
907 3681 964 3724 ut
1000 3672 1050 3723 in
1089 3680 1328 3721 nostram
1358 3676 1602 3717 naturam
1649 3674 1973 3726 mutaretur,

401 3784 574 3836 neque
603 3768 747 3820 enim
779 3762 883 3817 ulla
922 3761 1147 3814 mutatio
1179 3760 1230 3812 in
1262 3758 1434 3827 ipsum
1466 3759 1641 3821 cadit,
1677 3759 1770 3811 sed
1800 3769 1855 3810 ut
1881 3773 1979 3810 nos

399 3863 501 3917 sibi
530 3860 888 3913 commiscens
911 3854 975 3906 ad
997 3850 1493 3906 suamtransl‘erat.
1515 3850 1975 3915 Quemadmodum

399 3954 542 4005 t-uim
574 3966 674 4003 nos
702 3948 789 4015 qui
824 3947 996 4013 ipsum
1025 3944 1362 4013 suscepimus
1392 3958 1488 4010 per
1514 3943 1683 4009 ipsius
1712 3942 1981 3995 inhabita-

398 4047 602 4098 taionetu
640 4043 691 4095 in
718 4054 907 4102 carne,
935 4038 1116 4091 omnia
1155 4050 1274 4103 quae
1306 4035 1476 4103 ipsius
1514 4044 1636 4086 sunt
1681 4036 1976 4088 habemus:

400 4146 526 4188 nam
571 4144 621 4186 et
672 4131 763 4183 lilii
796 4129 973 4183 vueati
1019 4141 1206 4179 sunms
1250 4126 1292 4155 “
1328 4134 1381 4178 et
1406 4126 1478 4178 dii
1502 4125 1580 4188 “1,
1610 4127 1655 4178 si
1684 4141 1795 4179 non
1827 4137 1985 4178 natu-

406 4228 610 4286 raliter,
642 4235 699 4277 ut
723 4225 864 4292 ipse,
888 4222 1082 4277 saltem
1129 4235 1224 4289 per
1246 4222 1527 4288 gratiam:
1560 4219 1637 4273 ita
1668 4221 1832 4272 etiam
1868 4221 1982 4289 ipse

404 4320 619 4388 quando
647 4317 800 4369 nobis
824 4316 1145 4368 commistus
1168 4322 1279 4377 est,
1313 4310 1485 4365 factus
1510 4313 1766 4365 nimirum
1798 4314 1979 4376 homo,

406 4426 595 4463 tttlllles
627 4406 970 4462 inﬁrmitates
994 4414 1209 4456 nostras
1243 4402 1473 4469 gestavit
1502 4420 1514 4455 :
1548 4411 1599 4455 et
1644 4402 1757 4470 ipse
1792 4416 1983 4470 passus

2079 3277 2356 3346 πρέποντα
2381 3273 2547 3325 λαλεῖ.

2755 3379 2943 3435 ΑΛΛΟ

2149 3502 2248 3554 Διὰ
2278 3498 2478 3568 πολλὴν
2508 3495 2600 3549 καὶ
2620 3496 2856 3565 ἄμετρον
2879 3486 3287 3561 φιλανθρωπίαν
3310 3483 3511 3537 ἑαυτὸν
3537 3481 3666 3551 ἡμῖν

2080 3597 2344 3664 ἐκέρασεν
2378 3593 2418 3643 ⁵-ό
2469 3589 2561 3643 τοῦ
2612 3586 2747 3640 Θεοῦ
2798 3586 3005 3651 Λόγος·
3054 3583 3153 3651 οὐχ
3186 3581 3271 3633 ἵνα
3318 3573 3664 3647 μεταποιηθῇ

2080 3690 2215 3760 πρὸς
2240 3687 2299 3740 τὸ
2324 3687 2589 3754 ἡμέτερον
2614 3680 2796 3739 αὐτὸς.
2845 3678 3110 3746 ἄτρεπτος
3145 3674 3254 3742 γάρ
3288 3672 3409 3723 ἐστι
3442 3667 3541 3721 καὶ
3578 3665 3671 3717 ἀλ-

2079 3780 2293 3833 λοίωσιν
2331 3779 2430 3829 οὐκ
2468 3772 2644 3837 εἰδὼς,
2696 3771 2808 3824 ἀλλ’
2845 3769 2910 3821 ἶν’
2939 3767 3084 3837 ἡμᾶς
3133 3762 3411 3832 ἀναμίξας
3471 3753 3666 3823 ἐαυτῷ,

2085 3872 2363 3945 μεταϐάλῃ
2412 3868 2545 3939 πρὸς
2588 3866 2648 3918 τὸ
2688 3863 3123 3928 οἱκεῗον.”Ωσπερ
3170 3858 3275 3926 γὰρ
3305 3858 3481 3926 ἡμεῖς
3513 3849 3672 3905 αὐτὸν

2080 3941 2361 4033 δεξάμενοι
2389 3961 2476 4012 διὰ
2503 3959 2563 4011 τὸ
2591 3956 2869 4025 ἐνοικῆσαι
2894 3953 3078 4022 σαρκὶ,
3111 3950 3287 4001 πάντα
3330 3945 3528 3998 λοιπὸν
3554 3941 3673 4008 ἔχο-

2076 4074 2183 4129 μεν
2213 4030 2279 4108 τὰ
2309 4052 2504 4107 αὑτοῦ·
2542 4050 2636 4102 καὶ
2667 4048 2775 4118 γὰρ
2805 4048 2897 4099 καὶ
2930 4044 3035 4095 υἱοὶ
3070 4038 3396 4110 κεκλήμεθα
3421 4036 3519 4088 καὶ
3542 4030 3675 4090 θεοὶ,

2084 4126 2131 4201 εἰ
2167 4148 2259 4200 καὶ
2294 4148 2368 4216 μὴ
2398 4142 2642 4214 φυσικῶς
2667 4140 2855 4209 ὥσπερ
2878 4135 3059 4198 αὐτὸς,
3078 4132 3217 4186 ἀλλὰ
3238 4148 3301 4198 γε
3326 4128 3479 4181 κατὰ
3497 4126 3674 4196 χάριν·

2083 4241 2225 4294 οὕτω
2254 4240 2347 4292 καὶ
2388 4237 2573 4299 αὐτὸς,
2615 4236 2702 4287 ὅτε
2736 4233 2872 4301 πρὸς
2904 4230 3047 4299 ἡμᾶς
3084 4223 3357 4295 ἀνεμίχθη
3386 4220 3680 4291 γενόμενος

2082 4334 2392 4403 ἄνθρωπος,
2446 4328 2673 4398 ὲφόρεσε
2719 4325 2818 4386 τὰς
2871 4319 3151 4381 ἀσθενείας
3198 4315 3399 4386 ἡμῶν·
3460 4311 3559 4364 καὶ
3607 4308 3681 4367 ὡς

2086 4423 2249 4485 αὐτὸς
2280 4418 2560 4479 πεπονθὼς
2596 4416 2908 4485 νενόμισται
2941 4409 3370 4477 ίδιοποιούμενος
3416 4404 3563 4474 μετὰ
3590 4397 3681 4451 τοῦ

408 4517 532 4557 esse
566 4508 838 4563 censetur,
864 4512 989 4550 cum
1032 4509 1224 4551 omnes
1260 4496 1440 4563 templi
1483 4495 1623 4563 quod
1662 4496 1972 4548 inhabitavit

2090 4512 2493 4584 ἀναληφθέντος
2525 4510 2651 4562 ναοῦ
2682 4509 2775 4562 καὶ
2801 4506 2871 4560 τὰ
2903 4506 2960 4558 ἐν
2992 4501 3159 4571 αὐτῷ,
3195 4500 3282 4551 ἵνα
3317 4499 3420 4550 καὶ
3457 4498 3517 4547 ἐν
3557 4493 3684 4561 ἡμῖν

410 4594 769 4663 proprietates
821 4588 921 4643 sibi
975 4587 1334 4651 vindicasset,
1394 4597 1451 4640 ut
1500 4589 1661 4639 etiam
1715 4587 1766 4639 in
1824 4588 1982 4641 nobis

412 4686 692 4755 passiones
724 4682 906 4736 carnis
934 4681 1429 4750 exstinguereutnr,
1467 4679 1775 4745 similesque
1803 4678 1983 4733 efﬁce-

414 4792 596 4861 re‘mur
625 4775 869 4836 Christo,
914 4774 1005 4841 qui
1049 4781 1234 4827 nostra
1262 4780 1497 4840 ,propter
1540 4786 1638 4824 nos
1687 4771 1741 4823 in
1795 4787 1854 4825 se
1900 4788 1985 4827 as-

409 4866 656 4935 sumpsit.

1092 4950 1317 5007 ALIUD.

488 5073 627 5127 Deus
671 5069 864 5123 alicubi
902 5084 996 5137 per
1048 5077 1266 5122 sanctus
1308 5067 1600 5135 pmpbetas
1647 5068 1714 5120 ait
1756 5107 1771 5132 ,
1820 5067 1990 5124 lsrae-

416 5163 538 5217 litas
566 5164 631 5216 de
665 5162 987 5231 quibusdam
1030 5160 1267 5229 peccatis
1292 5173 1548 5229 arguens,
1586 5163 1840 5227 quoniam
1880 5181 1897 5212 t
1930 5163 1983 5216 li-

416 5258 518 5310 bus
546 5271 731 5310 eurum
777 5255 1128 5306 traduxerunt
1161 5266 1256 5318 per
1300 5251 1499 5320 ignem,
1528 5266 1686 5319 quem
1719 5268 1823 5306 non
1854 5270 1994 5323 pne--

416 5349 533 5415 υιινὶ
556 5349 654 5413 eis,
685 5362 857 5414 neque
893 5345 1120 5413 cogitavi
1149 5344 1199 5397 in
1232 5348 1392 5397 corde
1422 5360 1539 5396 meo
1562 5344 1628 5397 ⁸³.
1667 5362 1685 5394 ι
1715 5344 1779 5398 Et
1810 5361 1996 5400 rursus

417 5442 486 5493 ad
524 5438 822 5492 Jerusalem
875 5454 889 5491 :
946 5434 1188 5490 «Dolore
1217 5435 1439 5489 aﬂecisli
1499 5452 1584 5490 me
1637 5437 1690 5489 iu
1742 5440 1996 5494 ouinibus

422 5533 508 5587 bis
536 5529 604 5585 ⁸⁷⁵.
644 5548 662 5580 ι
700 5532 826 5584 Item
876 5531 940 5583 de
990 5530 1109 5583 aliis
1159 5531 1398 5597 peccatis
1439 5547 1452 5583 :
1494 5550 1511 5581 t
1550 5528 1804 5600 Nunquid
1835 5549 1995 5602 super

494 5686 537 5718 ⁵⁷
564 5686 754 5739 Matth.
800 5700 966 5745 xxvii.
1005 5685 1206 5739 51-55.

426 5772 614 5819 LXXXI,
652 5759 683 5806 ii
710 5775 723 5820 -,
750 5754 904 5808 Juan.
949 5772 1001 5823 χ,
1025 5758 1111 5809 54.

1314 5686 1360 5716 ⁵⁸
1391 5686 1521 5739 ibid.
1555 5686 1643 5740 5i.

1189 5756 1233 5787 ⁸³
1269 5754 1469 5812 Jet‘ein.
1509 5759 1687 5820 xu,5.

1741 5686 1785 5718 ”
1812 5685 1969 5740 Jnau.
2009 5704 2109 5753 xu,
2140 5688 2230 5743 27.

1763 5757 1808 5789 ⁸*
1841 5759 1970 5813 ibid.
2008 5758 2093 5813 15.

2090 4582 2336 4676 νεκρωθῇ
2368 4602 2436 4655 τὰ
2464 4605 2561 4673 τῆς
2596 4600 2796 4670 σαρκὸς
2828 4597 2998 4666 πάθη,
3033 4593 3341 4665 τρεχόντων
3384 4590 3470 4650 εἰς
3514 4582 3689 4654 ὁμοιό-

2091 4715 2229 4768 τητα
2272 4696 2367 4749 τοῦ
2414 4694 2483 4748 τὰ
2526 4693 2681 4764 ἡμῶν
2707 4693 2773 4745 δι’
2807 4692 2951 4762 ἡμᾶς
2980 4691 3059 4752 είς
3090 4684 3281 4739 ἑαυτὸν
3312 4678 3687 4736 ἀναλαϐόντος

2094 4791 2138 4842 Χ
2150 4788 2354 4860 ριστοῦ.

2786 4958 2988 5011 ΑΛΛΟ.

2167 5079 2304 5151 Φησί
2334 5096 2437 5132 που
2465 5077 2598 5140 Θεὸς
2630 5075 2717 5129 διὰ
2740 5074 2847 5127 τῶν
2881 5071 3049 5140 ἁγίων
3072 5065 3405 5140 προφητῶν,
3434 5062 3532 5115 ἐπί
3554 5074 3692 5112 τισιν

2098 5146 2393 5241 ἁμαρτίαις
2434 5169 2560 5230 τοὺς
2604 5165 2665 5230 ἐξ
2700 5162 2913 5234 Ἰσραὴλ
2947 5158 3414 5227 καταιτιώμενος,
3447 5155 3534 5207 ὅτι
3570 5172 3587 5201 t
3618 5146 3695 5201 Τὰ

2097 5262 2263 5315 τέκνα
2309 5260 2488 5314 αὐτῶν
2539 5258 2723 5327 διῆγον
2770 5256 2860 5308 διὰ
2893 5254 3081 5324 πυρὸς,
3111 5253 3140 5304 ὃ
3183 5251 3282 5303 οὐκ
3324 5243 3695 5312 ἐνετειλάμην

2097 5355 2302 5417 αὐτοῖς,
2343 5354 2439 5405 xci.
2487 5351 2546 5404 οὑ
2596 5350 2878 5419 διενοήθην
2913 5349 2970 5399 ἐν
3003 5348 3069 5415 τῇ
3115 5342 3315 5412 καρδίᾳ
3370 5357 3507 5409 μου.
3535 5362 3555 5391 ι
3591 5334 3700 5389 Καὶ

2098 5445 2259 5497 πάλιν
2288 5446 2363 5506 ὡς
2390 5442 2527 5514 πρὸς
2555 5444 2655 5511 τὴν
2681 5438 3060 5509 Ἰερουσαλήμ·
3098 5456 3115 5487 t
3143 5434 3250 5487 Καὶ
3270 5432 3513 5494 ὲλύπεις
3548 5444 3617 5497 με
3644 5427 3701 5477 ἐν

2100 5536 2234 5589 πᾶσι
2261 5535 2490 5598 τούτοις.
2524 5552 2542 5584 ι
2592 5532 2703 5586 Καὶ
2729 5530 2890 5584 πάλιν
2920 5530 3005 5597 ἐφ’
3032 5527 3240 5598 ἑτέροις
3273 5523 3487 5586 κακοῖς
3510 5538 3525 5552 ·
3563 5539 3582 5571 ι
3614 5515 3705 5586 Μὴ

3480 5677 3530 5708 ⁸³
3553 5670 3704 5731 Psal.

2339 5688 2561 5745 “Joan.
2607 5704 2660 5755 χ,
2699 5687 2781 5742 l8.
2862 5686 2903 5717 ⁸³
2948 5682 3157 5741 lJoan.
3195 5695 3269 5747 nt,
3317 5678 3371 5733 ι.
