3878 6208
301 331 400 387 ιοι

1727 332 2174 389 THESAURUS.

3450 325 3560 383 ωε

294 448 390 500 ἐπὶ
434 449 642 511 τούτοις
690 448 789 501 οὔκ
838 449 1258 521 όργισθήσομαι,
1289 450 1435 520 λέγει
1472 451 1697 521 Κύριος,
1738 452 1770 520 ἢ
1822 452 1881 503 ὲν

2006 453 2070 505 ιὶε
2100 468 2203 506 non
2235 452 2468 510 irascar,
2487 448 2615 503 dicit
2649 445 2928 505 Demimts,
2969 452 3022 497 et
3052 442 3104 496 in
3141 452 3298 512 gente
3331 441 3421 494 tali
3452 457 3557 495 non

293 537 407 608 λαῷ
449 539 674 609 τοιούτῳ
716 541 816 592 οὔκ
863 541 1139 612 ἐκδικήσει
1193 544 1225 612 ή
1280 541 1425 614 ψυχή
1480 561 1610 614 μου;
1648 563 1665 595 ι
1702 544 1873 613 Δήλου

294 631 586 704 τοιγαροῦν
636 632 970 702 ὑπάρχοντος
1009 632 1211 686 ἅπασιν
1238 633 1313 697 ὡς
1352 636 1380 687 6
1415 634 1508 687 τοῦ
1541 634 1674 687 Θεοῦ
1705 635 1877 702 Λόγος

294 719 363 795 ἦν
397 725 426 777 6
458 726 513 776 ἐν
541 727 651 788 τοῖς
682 726 989 795 προφήταις
1032 726 1101 778 τά
1142 726 1365 779 τοιαῦτα
1411 726 1605 791 λαλῶν,
1637 726 1689 779 τί
1720 727 1877 796 ποιή-

298 833 484 869 σουσιν
517 816 565 869 οἱ
595 818 949 888 χριστομάχοι
973 835 987 882 ;
1018 819 1210 889 Ψυχὴν
1227 814 1336 889 ἆρα
1364 820 1456 872 καὶ
1482 819 1707 891 καρδίαν
1730 837 1878 890 περι-

298 909 556 980 θήσουσιν
582 910 746 978 αὐτῷ,
779 911 965 980 ἐροῦσι
1004 911 1059 964 δὲ
1108 912 1184 981 τῷ
1227 911 1327 979 τῆς
1359 911 1535 981 λύπης
1562 911 1875 982 κρατεῖσθαι

298 998 460 1051 πάθει
509 1000 602 1051 καὶ
633 1000 711 1068 τῷ
757 1000 857 1069 τῆς
903 1000 1091 1070 ὀργῆς,
1124 1001 1210 1053 ἵνα
1246 1000 1319 1072 μὴ
1348 1001 1507 1055 πλέον
1536 1019 1587 1055 τι
1617 1001 1755 1072 ἔχων
1781 1002 1876 1054 άν-

297 1090 515 1159 θρώπον
557 1093 834 1161 φαίνηταιι
871 1094 899 1145 6
927 1092 1067 1163 ὑπὲρ
1098 1096 1277 1147 πᾶσαν
1304 1094 1541 1163 γενητὴν
1575 1093 1734 1162 φύσιν
1776 1094 1878 1147 ὐπ-

296 1182 481 1249 άρχων
505 1181 596 1231 τοῦ
624 1180 975 1249 ΘεοῦιΛόγος,
1005 1184 1101 1235 καὶ
1133 1182 1388 1245 τοσοῦτος
1434 1183 1557 1247 ὅσος
1583 1183 1677 1237 καὶ
1709 1184 1738 1236 6
1770 1185 1880 1236 Πα-

295 1273 435 1342 τήρς
476 1272 613 1324 Ἀλλ’
647 1276 775 1337 ἴσως
806 1274 964 1327 τοῦτο
994 1275 1091 1344 μὲν
1120 1276 1574 1346 παραιτήσονται·
1611 1274 1797 1347 ἐροῦσι
1825 1276 1880 1328 δὲ

295 1363 551 1433 εἰρῆσθαι
599 1365 666 1417 τά
710 1365 931 1418 τοιαῦτα
981 1364 1134 1435 παρὰ
1179 1366 1273 1419 τοῦ
1304 1367 1479 1434 Λόγου
1512 1365 1788 1436 τροπικῶς
1820 1383 1878 1417 τε

298 1454 394 1506 καὶ
440 1455 947 1522 συγκαταϐατικιίς.
976 1458 1035 1509 Εἰ
1061 1459 1241 1510 τοίνυν
1286 1458 1394 1527 πρὸ
1441 1460 1540 1527 τῆς
1586 1458 1880 1528 ἐπιδημίας

296 1544 367 1597 τά
393 1545 625 1597 τοιαῦτα
640 1545 850 1613 λέγοντι
879 1546 956 1617 τῷ
984 1547 1096 1617 Υἱῷ
1123 1546 1215 1600 τοῦ
1244 1547 1400 1614 Θεοῦ,
1419 1548 1477 1601 τὸ
1500 1546 1649 1617 αὐτῷ
1671 1549 1881 1618 πρέπον

298 1637 519 1707 ἀξίωμα
546 1637 813 1707 σώζομεν,
831 1639 943 1693 ἀνω
960 1640 1054 1692 καὶ
1074 1639 1251 1708 λύπης
1269 1640 1362 1693 καὶ
1387 1642 1555 1711 ὀργῆς
1573 1639 1664 1692 καὶ
1684 1640 1880 1703 παντὸς

301 1727 507 1791 πάθους
556 1730 822 1802 ὑπάρχειν
852 1732 1015 1784 αὑτὸν
1054 1732 1547 1802 διαόεϐαιοὺμενοι,
1579 1732 1682 1785 κᾶν
1707 1731 1795 1785 διά
1818 1732 1880 1784 τὸ

300 1822 572 1891 χρήσιμον
600 1824 891 1893 ὑπομένειν
922 1824 1061 1877 αὐτά
1093 1825 1477 1894 προσποιῆται,
1500 1825 1615 1888 πῶς
1636 1825 1735 1877 οὐκ
1762 1825 1885 1878 ἆτο-
1915 1815 1957 1868 Β

306 1930 427 1975 πον,
449 1914 535 1964 ὅτε
567 1917 790 1981 γέγονεν
808 1914 1092 1986 ἅνθρωπος
1123 1916 1216 1969 καὶ
1233 1918 1289 1967 έν
1319 1919 1384 1986 τῇ
1404 1915 1578 1969 ταῦτα
1597 1915 1879 1986 πασχούσῃ

303 2006 469 2075 σαρκὶ
504 2006 867 2077 καταεέὸηκε,
904 2008 978 2079 μὴ
1024 2011 1329 2079 συγχωρεῖν
1355 2008 1502 2079 αὐτῷ
1554 2008 1623 2062 τά
1658 2009 1884 2062 τοιαῦτα

303 2092 523 2160 λέγοντι·
548 2094 730 2164 μένειν
781 2098 836 2147 ὲν
882 2097 1141 2169 ἀπαθείᾳ,
1170 2098 1399 2170 ἐχούσης
1445 2098 1585 2152 αὐτὰ
1639 2098 1884 2166 φυσικῶς

302 2185 404 2253 τῆς
452 2185 673 2256 σαρκὸς,
710 2188 777 2257 ῆν
825 2189 891 2241 δι’
922 2192 1069 2259 ἡμᾶς
1104 2191 1332 2245 ἀνέλαϐε
1370 2192 1508 2261 μετά
1535 2193 1752 2246 πάντων
1778 2192 1886 2245 τῶν

304 2280 443 2348 αὑτῇ
483 2281 794 2347 προσόντων
834 2285 1113 2351 φυσικῶςς
1160 2285 1604 2356 Ἀνθρωπότητος
1642 2286 1699 2339 δὲ
1730 2285 1885 2347 εδιον,

304 2369 365 2421 τὸ
420 2370 649 2435 κλαίειν,
708 2373 803 2425 καὶ
844 2376 1227 2444 ταράττεσθαι,
1286 2378 1380 2429 καὶ
1422 2377 1745 2446 ἀδημονεῖν,
1794 2376 1889 2428 καὶ

307 2464 699 2532 παραιτεῖσθαι
750 2466 840 2519 τὸν
885 2468 1151 2533 θάνατον,
1206 2470 1299 2521 καὶ
1352 2468 1422 2522 τά
1464 2467 1677 2533 τούτοις
1727 2469 1901 2538 ὅμοιαι

310 2556 560 2624 πάσχειν.

776 2702 1140 2790 ΛΟΓΟΣ
1215 2708 1415 2791 ΚΕ.

349 2878 451 2944 Εἰς
478 2878 566 2945 τὸ,
602 2899 620 2930 ι
646 2883 1026 2942 Ποωτότοκος
1068 2882 1275 2949 πάσης
1300 2886 1572 2952 κτίσεως,
1604 2884 1751 2938 »ιὸτι
1784 2887 1875 2938 (λὺΔ

870 2956 1088 3022 κτίσμα
1117 2955 1147 3006 ὁ
1183 2958 1332 3019 Υἱός.

573 3088 901 3141 Ἀντίθεσιρ
938 3090 1005 3142 ἐκ
1045 3088 1162 3142 τῶν
1202 3089 1645 3159 χριστομάχωνι.

387 3221 449 3273 Εἰ
494 3222 566 3291 μὴ
615 3218 818 3292 κτίσμα
844 3265 858 3285 ,
897 3224 1097 3291 φασὶν,
1140 3224 1375 3294 ὑπάρχει
1419 3227 1447 3277 ό
1482 3225 1627 3289 Υἱὸς,
1673 3227 1776 3280 οὐκ
1826 3228 1889 3281 ἂν

313 3312 518 3383 ἐκλήθη
546 3316 889 3384 πρωτότοκος
939 3315 1119 3383 πάσης
1165 3315 1424 3378 κτίσεως·
1456 3316 1531 3381 ὡς
1556 3318 1664 3388 γάρ
1694 3318 1896 3391 πολλὴν

315 3405 455 3473 ἔχων
483 3407 617 3475 πρὸς
646 3406 715 3458 τά
740 3407 1000 3473 γεγονότα
1026 3408 1125 3478 τὴν
1153 3407 1457 3474 εὐγένειαν,
1485 3410 1533 3461 εἰ
1558 3411 1650 3463 καὶ
1682 3410 1897 3481 πρῶτος

317 3496 498 3547 αὐτῶν
525 3497 609 3567 εἴη
645 3498 736 3549 καὶ
771 3499 875 3569 πρὸ
903 3499 1118 3553 πάντων
1144 3501 1284 3563 ἐστὶ,
1315 3500 1410 3552 καὶ
1443 3500 1616 3574 ταύτῃ
1639 3502 1919 3573 κέκληται.

317 3586 382 3651 τῇ
415 3585 698 3656 ἐπωνυμίᾳ
717 3618 728 3630 ι

811 3724 965 3791 Πρός
1002 3725 1179 3778 τοῦτο
1213 3767 1223 3777 .
1234 3728 1412 3791 τίνι-(ς.

395 3844 538 3912 Πρὸς
584 3841 683 3911 μὲν
705 3841 773 3893 τά
797 3841 1019 3894 τοιαῦτα
1048 3842 1156 3895 τῶν
1212 3842 1506 3913 αἱρετικῶν
1542 3843 1903 3915 προϐλήματα

322 3936 383 3987 οὗ
404 3933 636 4003 χαλεπὸν
670 3933 989 4000 ἀντιλέγειν.
1010 3935 1218 3986 Ἐκεῖνο
1243 3934 1299 3987 δὲ
1328 3934 1432 4005 χρὴ
1458 3935 1675 4006 πρῶτον
1703 3938 1897 3990 εἰπεῖν’

328 4026 390 4077 Ei
414 4025 473 4077 τὸ
511 4025 853 4096 πρωτότοκος
875 4025 1044 4094 ὄνομα
1076 4026 1509 4093 συγκατατάττει
1532 4029 1593 4096 τῇ
1616 4028 1789 4080 κτίσει
1812 4029 1902 4081 τὸν

324 4116 474 4180 Υἱὸν,
505 4114 848 4179 ὑπεξελεῖται
898 4116 1118 4177 πάντως
1150 4114 1313 4167 αὑτὸν
1350 4116 1383 4185 ἡ
1429 4114 1521 4167 τοῦ
1566 4115 1901 4181 Μονογενοῦς

326 4208 696 4279 προσηγορία’
725 4206 916 4277 ὥσπερ
964 4205 1072 4277 γάρ
1118 4207 1216 4258 οὑκ
1246 4207 1309 4260 ἄν
1334 4223 1419 4268 τις
1448 4206 1663 4259 καλοῖτο
1692 4207 1904 4277 πρωτόὲ

323 4318 505 4364 τόκος,
538 4302 585 4353 εἰ
643 4300 715 4371 μὴ
768 4299 994 4362 πολλοὺς
1040 4298 1153 4368 ἔχοι
1181 4300 1307 4360 τοὺς
1352 4298 1633 4367 ἀδελφοὺς,
1669 4289 1743 4351 ὧν
1788 4298 1901 4349 ἐστι

328 4393 423 4447 καὶ
462 4392 822 4462 πρωτότοκος,
862 4389 1034 4452 οὕτως
1062 4389 1161 4441 οὐκ
1195 4389 1261 4441 ἂν
1288 4388 1374 4459 εἴη
1410 4389 1724 4459 μονογενὴς,
1757 4390 1806 4441 εἰ
1831 4388 1909 4458 μὴ

1978 544 2272 598 ulciscetur
2322 543 2501 596 anima
2549 557 2665 593 mea
2709 538 2799 591 “‘2
2848 556 2864 588 ι
2918 535 3049 591 Cum
3101 534 3265 602 igitur
3310 534 3559 587 omnibus

1980 636 2326 689 manifestum
2355 634 2427 688 sit
2457 633 2547 687 Dei
2596 630 2830 684 Verhum
2858 630 2908 680 in
2931 627 3206 697 prophetis
3227 625 3557 693 ejuscetnodi

1978 730 2393 792 locutmnresse,
2451 728 2581 795 quid
2630 727 2831 780 facient
2893 726 3077 778 hostes
3135 720 3377 775 Christi?
3428 716 3559 771 Ani-

1978 837 2194 875 mamne
2240 830 2293 874 et
2336 836 2430 873 cor
2483 820 2720 872 trihuent
2770 816 2902 879 Deo,
2947 825 3003 870 et
3050 815 3220 869 dolori
3258 823 3422 880 atque
3469 810 3561 863 ira:

1978 913 2267 968 obnoxium
2329 910 2492 965 fuisse
2546 911 2761 972 dicent,
2814 918 2868 962 ut
2934 907 3065 961 nihil
3121 904 3353 975 amplius
3395 918 3557 971 quam

1978 1007 2138 1060 homo
2164 1005 2418 1060 habuisse
2435 1004 2681 1057 videatur
2702 1001 2934 1056 Verbum
2968 1001 3058 1054 Dei
3084 1012 3295 1052 omnem
3315 1006 3558 1049 creatam

1980 1108 2225 1152 naturam
2255 1110 2517 1164 superans
2539 1135 2561 1159 ,
2582 1096 2833 1163 quodque
2864 1103 3070 1146 tantum
3102 1099 3186 1143 est
3215 1095 3451 1156 quantus
3477 1095 3562 1136 est

1983 1189 2096 1257 ipse
2133 1186 2333 1241 Pater?
2379 1184 2495 1238 Non
2542 1183 2761 1248 facient,
2808 1182 3031 1250 opinor;
3083 1179 3175 1232 sed
3224 1174 3487 1242 ejusmodi
3532 1190 3561 1224 ιι

1983 1280 2159 1332 Verbo
2180 1279 2322 1331 dicta
2344 1291 2465 1331 esse
2487 1275 2831 1329 allirntabunt
2857 1271 3160 1339 ﬁgurative,
3185 1267 3265 1320 vel
3292 1265 3565 1320 humiliter

1981 1388 2102 1424 cum
2132 1370 2459 1423 detnissione
2502 1368 2607 1421 sui.
2653 1365 2712 1419 Si
2746 1380 2875 1433 ergo
2922 1362 3058 1416 Filio
3092 1361 3183 1415 Dei
3233 1357 3559 1429 ejuscemodi

1982 1463 2127 1516 dicta
2154 1469 2278 1513 ante
2310 1459 2734 1513 incarnationem
2765 1455 2990 1517 dicenti,
3018 1455 3261 1507 eamdem
3295 1464 3448 1504 suam
3484 1448 3565 1512 di-

1981 1553 2239 1621 gnitatem
2274 1566 2577 1615 servamus,
2636 1564 2809 1616 neque
2847 1546 2951 1599 ulla
3004 1545 3084 1598 vel
3122 1545 3226 1609 ira,
3262 1543 3343 1595 vel
3377 1540 3564 1594 dolore

1981 1645 2117 1699 allici
2152 1658 2465 1707 censemus,
2498 1642 2780 1710 omnisque
2828 1638 3099 1705 passionis
3140 1644 3417 1705 expertem
3445 1647 3566 1684 esse

1982 1735 2331 1799 alIirtnamus,
2353 1733 2566 1787 tametsi
2597 1730 2845 1786 utilitatis
2876 1727 3101 1795 alicujus
3117 1742 3277 1781 causa
3302 1726 3367 1778 iis
3394 1724 3566 1777 obuo-

1986 1830 2106 1883 xius
2138 1843 2258 1882 esse
2289 1831 2518 1894 lingatur
2548 1844 2563 1880 :
2602 1824 2868 1893 quomodo
2897 1836 3006 1875 non
3047 1820 3343 1875 absurdum
3379 1815 3564 1876 fuerit,

1987 1938 2105 1975 cum
2135 1920 2308 1975 factus
2340 1919 2411 1973 sit
2438 1919 2597 1974 homo
2635 1925 2689 1972 et
2728 1918 2781 1970 in
2812 1931 3035 1970 carnem
3066 1914 3132 1967 iis
3183 1909 3567 1966 affectionibus

1986 2013 2273 2068 obnoxiam
2306 2010 2669 2075 descenderit,
2701 2025 2809 2063 non
2845 1988 3248 2069 concetlere'ei,
3277 1999 3565 2057 utetiamsi

1985 2104 2247 2175 ejusmodi
2293 2104 2459 2166 dicat,
2512 2103 2777 2172 passionis
2823 2112 3005 2156 tamen
3057 2099 3130 2151 sit
3167 2111 3381 2164 expers,
3443 2108 3566 2148 cum

1987 2195 2305 2251 naturaliter
2329 2193 2416 2249 illa
2452 2194 2618 2248 insint
2648 2192 2821 2258 carni,
2852 2207 3016 2262 quam
3046 2206 3144 2262 pro
3176 2188 3330 2244 nobis
3357 2201 3568 2240 assum-

1987 2290 2114 2360 psit,
2151 2303 2273 2342 cum
2300 2286 2552 2342 omnibus
2584 2285 2702 2355 ejus
2735 2284 3073 2339 naturalibus
3114 2275 3572 2352 proltrietatibus?

1993 2378 2203 2433 llotnini
2274 2386 2453 2431 autem
2515 2376 2792 2446 pr0prium
2847 2384 2973 2439 est,
3037 2373 3167 2427 llere
3216 2378 3271 2423 et
3334 2365 3569 2425 turbari,

1991 2486 2330 2541 moeroreque
2356 2469 2601 2536 allici,et
2630 2478 2858 2525 mortem
2890 2466 3203 2529 lormidare,
3242 2461 3459 2529 aliaque
3488 2457 3573 2510 his

1990 2563 2184 2618 similia
2212 2563 2342 2631 pati.

2299 2710 2880 2804 ASSERTIO
2949 2713 3257 2801 XXV.

1995 2892 2159 2962 236
2197 2889 2265 2943 In
2314 2888 2467 2953 illud,
2500 2887 2948 2962 t__l_’ritttogem'tus
2972 2884 3138 2937 omnis
3169 2892 3426 2936 creatura
3448 2881 3516 2946 ⁸⁸,
3548 2899 3566 2932 ο

2347 2962 2484 3029 quod
2523 2958 2693 3012 Filius
2718 2975 2823 3010 non
2852 2959 2917 3010 sit
2956 2965 3218 3009 creatura.

2420 3096 2654 3164 Objectio
2686 3096 2909 3147 hostium
2943 3092 3160 3146 Christi.

2072 3235 2129 3289 Si
2175 3233 2366 3295 Filius,
2404 3232 2673 3299 inquiunt,
2711 3246 2817 3285 non
2865 3238 2949 3284 est
2979 3239 3252 3292 creatura,
3289 3246 3397 3283 non
3432 3238 3578 3282 esset

2000 3335 2221 3380 vocatus
2276 3325 2666 3393 primogenitus
2718 3321 2898 3375 omnis
2945 3330 3210 3374 creaturae
3270 3338 3285 3373 :
3343 3336 3465 3373 nam
3520 3329 3579 3373 ut

2000 3432 2247 3485 magnam
2285 3416 2447 3470 habet
2488 3430 2613 3467 cum
2661 3412 2930 3467 creaturis
2981 3411 3312 3475 alliuitatem,
3363 3412 3577 3463 tametsi

2001 3512 2205 3578 primus
2236 3509 2286 3560 in
2320 3508 2385 3561 iis
2408 3516 2581 3576 atque
2599 3515 2723 3559 ante
2745 3518 2933 3557 omnes
2962 3503 3053 3566 sit,
3093 3503 3293 3556 idcirco
3318 3503 3457 3555 hanc
3479 3518 3577 3570 ap-

2001 3600 2343 3670 pellationem
2380 3609 2569 3652 nactus
2606 3608 2711 3651 est.

2515 3732 2721 3787 Sblutio
2745 3732 3072 3803 objectionis.

2074 3847 2298 3902 Dimcile
2327 3862 2429 3900 non
2462 3856 2546 3901 est
2580 3842 3328 3912 ejuscemodiobjectionibus
3362 3842 3582 3896 haereti-

2004 3956 2189 3993 corum
2213 3940 2559 4005 respondere.
2584 3936 2713 3991 Illud
2742 3952 2872 3992 vero
2899 3936 3130 4007 primum
3153 3934 3437 3989 dicendum
3462 3942 3578 3987 est:

2004 4032 2059 4086 Si
2094 4046 2287 4085 nomen
2331 4030 2672 4100 primogeniti
2722 4029 2915 4083 Filium
2954 4028 3010 4081 in
3041 4026 3231 4082 eodem
3271 4040 3395 4080 cum
3427 4041 3585 4079 crea-

2007 4124 2145 4177 turis
2171 4123 2372 4177 ordine-
2396 4121 2650 4185 collocat,
2685 4119 2889 4175 eximet
2911 4128 3063 4173 certe
3102 4117 3253 4172 illum
3286 4118 3354 4170 ab
3393 4131 3582 4170 earum
3612 4148 3625 4162 ι

2006 4231 2233 4270 numero
2266 4214 2537 4283 Unigeniti
2566 4212 2875 4282 appellatio.
2905 4209 3368 4276 Quemadmodum
3421 4207 3586 4277 igitur

2010 4323 2168 4361 nemo
2198 4306 2607 4375 pritnogenitus,
2636 4302 2740 4357 nisi
2767 4303 2963 4355 multos
2988 4299 3183 4355 habeat
3204 4299 3415 4363 fratres,
3445 4298 3588 4351 inter

2007 4414 2145 4468 quos
2181 4399 2295 4467 ipse
2331 4398 2402 4452 sit
2433 4394 2824 4465 primogenitus
2861 4410 2876 4447 :
2910 4394 2981 4447 ita
3011 4390 3175 4447 etiam
3224 4404 3387 4445 nemo
3425 4388 3619 4443 fuerit.

331 4485 492 4554 μόνος
534 4482 797 4553 ὑπάρχοι,
838 4482 1046 4554 ἑτέροις
1085 4482 1225 4535 τισὶν
1276 4482 1335 4534 οὐ
1382 4479 1894 4551 συναριθμούμενος.

2012 4489 2339 4556 unigenitns,
2376 4486 2478 4541 nisi
2513 4486 2584 4540 sit
2608 4484 2774 4548 solus,
2804 4483 3031 4552 aliisque
3054 4496 3158 4535 non
3180 4492 3585 4535 annumeratur.

330 4579 455 4643 Πῶς
471 4575 563 4631 οὖν
592 4580 707 4631 ἐστι
728 4577 823 4629 καὶ
855 4577 1194 4647 πρωτότοκος
1220 4576 1312 4627 καὶ
1336 4575 1628 4644 μονογενής
1652 4590 1666 4636 ;
1688 4575 1781 4625 Δεῖ
1798 4573 1906 4640 γάρ

330 4673 563 4742 ἦὲκεῖνο
597 4672 818 4739 κρατεῖν
856 4668 888 4737 ἢ
926 4666 1103 4720 τοῦτο.
1139 4666 1375 4736 Ἐπειδὴ,
1399 4665 1455 4717 δὲ
1493 4667 1525 4736 ἡ
1562 4664 1907 4734 θείαΓραιρὴ

330 4763 659 4832 ἀμφοτέροις
688 4760 849 4814 αὐτὸν
866 4760 1131 4813 ἀποκαλεῖ
1142 4762 1253 4821 τοῖς
1277 4760 1521 4827 ὀνόμασι,
1541 4758 1723 4824 ζητεῖν
1739 4760 1908 4822 ἀναγ-

332 4860 486 4909 καῖον
526 4857 651 4918 τοὺς
686 4856 799 4907 ὅσοι
840 4857 961 4915 ταῖς
996 4853 1163 4916 θείαις
1190 4853 1433 4922 Γραφαῖς
1474 4850 1906 4920 προσϐάλλουσιν

333 4947 599 5019 ἀκριϐῶς,
636 4946 753 5009 πῶς
792 4946 890 5015 μὲν
921 4945 1081 4998 ἔσται
1118 4945 1480 5014 πρωτότοκος,
1517 4942 1658 4995 κατά
1694 4942 1818 4994 τίνα
1858 4942 1914 4994 δὲ

336 5045 535 5112 τρόπον
566 5043 661 5094 καὶ
695 5040 1009 5110 μονογενής.
1040 5037 1349 5107 Μονογενὴς
1380 5037 1479 5107 μὲν
1508 5032 1622 5101 οὖν,
1658 5035 1793 5087 καθὸ
1816 5036 1915 5087 Λό-

337 5156 431 5205 γος
466 5138 610 5188 ἐστὶν
636 5137 699 5188 ὲκ
718 5136 949 5204 Πατρός,
983 5132 1242 5200 ἀδελφοὺς
1271 5131 1411 5184 κατά
1440 5130 1602 5200 φύσιν
1628 5130 1728 5182 οὐκ
1752 5128 1913 5198 έχων,

338 5228 458 5281 οὐδὲ
493 5229 663 5297 ἑτέρῳ
708 5227 812 5278 τινὶ
846 5224 1310 5293 συνταττόμενος’
1338 5216 1417 5285 εἷς
1458 5222 1565 5290 γὰρ
1612 5222 1706 5274 καὶ
1759 5221 1923 5290 μόνος

339 5324 367 5373 6
408 5322 533 5384 Υἱὸς
576 5319 668 5372 τοῦ
726 5318 898 5372 Θεοῦ·
949 5318 1287 5389 πρωτότοκος
1315 5314 1371 5368 δὲ
1412 5316 1511 5385 οὐχ
1556 5313 1765 5377 ἁπλῶς,
1794 5314 1917 5366 οὐδὲ

339 5412 789 5482 ἀπολελυμένους,
827 5410 937 5462 ἀλλ’
970 5413 1026 5462 ἐν
1075 5407 1286 5470 πολλοῖς
1335 5406 1601 5474 ἀδελφοῖς,
1636 5405 1780 5459 καθά
1827 5404 1921 5471 γέ-

339 5523 604 5576 γραπται.
636 5504 771 5557 Πότε
814 5500 907 5557 οὖν
954 5503 1062 5572 ἄρα
1107 5501 1334 5569 γέγονεν
1380 5500 1536 5570 ήμῶν
1580 5498 1827 5566 ἀδελφὸς,
1865 5500 1914 5550 εἰ

346 5598 421 5667 μὴ
451 5598 541 5650 ὅτε
570 5596 668 5667 τὴν
700 5594 855 5665 ήμῶν
887 5593 1234 5661 περιεϐάλετο
1287 5591 1496 5662 σάρκας
1534 5590 1746 5645 Οὐκοῦν
1790 5590 1914 5642 τότε

424 5782 468 5810 ⁸⁵
501 5780 694 5833 Jt-rczn.
744 5794 814 5841 t\,
849 5779 901 5830 υ.
978 5778 1019 5805 ⁵⁵
1054 5776 1258 5831 Coloss.
1302 5792 1337 5841 ι,
1383 5776 1460 5828 lii.

2017 4581 2297 4647 Quomodo
2324 4595 2454 4649 ergo
2488 4578 2647 4633 simul
2683 4586 2765 4633 est
2807 4587 2861 4631 et
2890 4574 3283 4646 primogenitus
3312 4583 3367 4627 et
3396 4574 3587 4643 unige-

2018 4672 2163 4724 uitus
2183 4669 2470 4724 ?"Necessc
2511 4668 2655 4722 cnim
2692 4674 2751 4721 ut
2781 4673 2883 4727 Eant
2920 4666 3046 4729 hoc,
3088 4673 3183 4719 aut
3221 4664 3350 4719 illud
3385 4665 3587 4718 vincat.

2016 4763 2148 4817 Cum
2181 4778 2308 4815 vero
2340 4761 2617 4830 Scriptura
2662 4772 2889 4829 utroque
2925 4758 3140 4813 nomine
3182 4772 3303 4811 eum
3338 4757 3587 4826 appellet,
3623 4802 3627 4810 λ

2020 4852 2330 4905 necessario
2347 4851 2695 4918 quaerendum
2726 4859 2810 4902 est
2834 4849 2901 4903 ab
2920 4847 3171 4903 omnibus
3195 4846 3287 4917 qui
3310 4846 3591 4915 diligenter

2016 4945 2068 4997 in
2102 4945 2275 4999 sacris
2317 4943 2614 5011 Scripturis
2645 4950 2952 5006 versantur,
2995 4956 3228 5009 quanam
3279 4940 3487 4993 ratione
3522 4939 3593 4991 sit

2016 5033 2426 5103 primogenitus,
2478 5041 2533 5086 et
2568 5045 2802 5098 quanam
2845 5030 3055 5085 ratione
3089 5029 3422 5098 unigenitus.
3460 5027 3591 5082 Uni-

2018 5127 2232 5194 genitus
2262 5126 2443 5192 itaque
2476 5124 2695 5187 dicitur,
2723 5131 2993 5192 quatenus
3020 5131 3103 5177 est
3129 5119 3364 5174 Verbum
3394 5135 3459 5173 ea
3488 5118 3613 5172 l‘a-r

2019 5228 2123 5281 tre,
2160 5218 2357 5271 fratres
2389 5217 2685 5271 secundum
2732 5226 2979 5269 naturam
3016 5230 3120 5267 non
3158 5214 3383 5279 hahens,
3418 5227 3594 5278 neque

2019 5310 2173 5363 :dteri
2204 5308 2434 5378 cuipiam
2461 5317 2851 5362 annumeratus
2876 5324 2889 5360 :
2921 5320 3059 5357 unus
3085 5313 3170 5358 est
3199 5305 3342 5357 enim
3366 5315 3419 5356 et
3449 5303 3596 5357 solus

2020 5402 2188 5455 Filius
2220 5403 2309 5455 Dei
2342 5420 2355 5455 :
2397 5400 2787 5470 pritnogenitus
2819 5414 2944 5452 vero
2975 5413 3079 5451 nou
3110 5396 3450 5465 simpliciter,
3498 5396 3593 5449 sed

2025 5496 2078 5549 in
2110 5494 2289 5546 multis
2323 5492 2611 5555 fratribus,
2647 5504 2704 5543 ut
2730 5491 2990 5559 scriptum
3024 5499 3108 5543 est
3134 5489 3202 5542 "’.
3236 5488 3465 5554 Quando
3496 5486 3596 5555 igi-

2026 5597 2114 5641 tur
2164 5583 2342 5639 lactus
2387 5593 2468 5638 est
2506 5593 2686 5637 noster
2736 5582 2924 5644 frater,
2973 5581 3073 5635 nisi
3119 5580 3337 5648 quando
3377 5592 3622 5634 carnem».

1541 5775 1582 5805 ⁸⁷
1624 5772 1779 5829 Rom.
1816 5788 1931 5836 vm,
1967 5770 2054 5825 ‘29.
