3878 6208
358 317 465 380 ωδ
1347 322 1408 375 S.
1449 321 1721 380 CYRILLI
1763 322 2232 378 ALEXANDIIINI
2275 322 2591 379 ARCIIIEI‘.
3500 324 3595 378 ΔΝ

364 447 602 495 nostram
648 439 975 510 assumpsit?
1021 438 1226 495 Idcirco
1257 449 1387 497 tunc
1429 443 1627 497 dicitur
1659 445 1930 512 primoge-

2058 446 2400 514 πρωτότοκος,
2430 447 2518 498 ὅτε
2550 444 2780 507 πολλοὺς
2809 441 2949 497 κατὰ
2982 441 3140 512 χάριν
3184 441 3330 504 υἱοὺς
3362 441 3598 507 ἀπέδειξε

364 533 530 595 nitus,
560 532 775 602 quando
806 547 901 601 per
931 533 1158 601 gratiam
1193 532 1388 587 multos
1425 535 1517 588 Dei
1565 535 1702 588 lilios
1732 533 1930 590 etI'ecit.

1039 643 1266 700 ALIUD.

440 756 828 825 primogenitus
856 757 1030 810 tnnms
1057 769 1320 814 creaturae
1361 769 1605 824 Vocatur,
1655 776 1761 815 non
1794 761 1936 831 quod

366 854 570 914 prlnttts
591 858 963 900 creaturarum
980 848 1049 902 sit
1072 851 1279 904 ratione
1302 854 1579 921 temporis,
1606 869 1778 923 neque
1794 854 1938 923 ejus-

367 941 486 992 dem
520 955 641 994 cum
676 941 756 994 eis
785 942 1056 1007 essentim,
1090 945 1206 1007 sed,
1238 954 1296 997 ut
1327 947 1483 1000 modo
1505 947 1705 1000 dictum
1739 957 1842 1013 est,
1871 947 1940 1001 ob

369 1029 748 1085 demissionem
769 1033 850 1086 sui
869 1034 1246 1098 adcrealuras,
1269 1044 1322 1090 ct
1343 1039 1410 1088 ob
1425 1037 1828 1092 similitudinem
1850 1055 1940 1091 no-

371 1119 598 1174 biscum.
627 1118 756 1177 Illttd
793 1133 968 1178 tamen
996 1125 1158 1178 etiam
1181 1127 1556 1181 observatione
1591 1130 1807 1200 dignum
1835 1139 1940 1196 εει,

368 1210 703 1282 unigenitum
740 1216 920 1269 vocari
956 1227 1010 1272 et
1043 1218 1480 1287 primogenitum.
1512 1220 1743 1286 Quando
1777 1222 1940 1290 igitur

367 1303 676 1372 nnigenitus
700 1305 1071 1372 dicitur,nulla
1091 1313 1138 1365 ei
1157 1326 1318 1365 causa
1341 1311 1547 1380 adjecta
1573 1313 1734 1384 237
1751 1329 1938 1369 secun-

367 1395 499 1448 dum
524 1409 685 1464 quam
713 1399 1018 1468 unigenitus
1045 1410 1151 1467 est,
1178 1403 1270 1458 sed
1304 1403 1617 1472 simpliciter
1644 1409 1694 1460 id
1719 1417 1944 1463 vocatur

369 1487 677 1557 unigenitus
723 1490 864 1546 Deus
909 1495 1177 1551 exsistens
1223 1496 1276 1550 in
1321 1496 1440 1551 sinu
1480 1497 1689 1564 Patris;
1728 1503 1944 1570 quando

371 1593 503 1634 vero
533 1593 689 1635 sacra
723 1581 999 1653 Scriptura
1032 1601 1153 1641 eum
1181 1595 1336 1642 vocat
1359 1589 1798 1658 primogenitum,
1830 1603 1942 1646 sta-

376 1672 470 1724 tim
505 1674 670 1728 etiam
715 1675 993 1745 subiungit
1039 1694 1266 1746 quorum
1315 1682 1386 1734 sit
1434 1682 1842 1752 primogenitus,
1891 1695 1945 1737 et

2035 535 2192 590 Θεοῦ.

2724 649 2927 703 AAAO.

2110 768 2462 840 Πρωτότοκος
2493 765 2672 834 πάσης
2709 763 2956 816 καλεῖται
2991 761 3236 823 κτίσεως,
3259 761 3356 829 οὐχ
3377 759 3448 822 ὡς
3468 759 3597 830 πριτ.

2039 883 2130 930 τος
2151 865 2321 933 αὐτῆς
2352 860 2494 916 κατὰ
2517 858 2705 930 χρόνον
2739 855 3019 926 ὑπάρχων,
3049 850 3170 904 οὐδὲ
3192 851 3289 920 τῆς
3313 849 3478 918 αὐτῆς
3500 852 3602 912 τοῖς

2042 957 2336 1027 κτίσμασιν
2376 952 2636 1022 ὑπάρχων
2673 948 2883 1010 οὐσίας,
2912 943 3049 998 ἀλλά
3077 942 3326 1011 καθάπερ
3351 941 3452 1011 ἤδη
3482 957 3605 1010 προ-

2041 1048 2277 1120 είρηται,
2310 1045 2398 1098 διὰ
2435 1044 2536 1111 τὴν
2579 1040 2716 1111 πρὸς
2767 1038 2834 1091 τά
2879 1035 3152 1106 κτίσματα
3185 1031 3603 1100 συγκατάὸασιν,

2043 1137 2136 1192 καὶ
2167 1135 2264 1206 τὴν
2305 1131 2440 1203 πρὸς
2471 1133 2617 1202 ἡμᾶς
2649 1122 3311 1199 όμοίωσιν.Ἑπιτηρῆσαι
3359 1120 3416 1174 δὲ
3467 1120 3606 1190 ὅμως

2043 1229 2263 1282 κάκεῖνο
2300 1224 2485 1288 καλὸν,
2522 1220 2814 1293 μονογενὴς
2845 1218 3088 1270 καλεῖται
3121 1216 3216 1267 καὶ
3252 1213 3603 1284 πρωτότοκος.

2047 1322 2174 1373 Ὅτε
2207 1318 2306 1388 μὲν
2349 1311 2442 1370 οὖν
2491 1311 2780 1385 μονογενὴς
2816 1309 3160 1380 ὀνομάζεται,
3186 1305 3440 1375 οὐδεμιᾶς
3469 1302 3604 1372 αὕτῷ

2046 1408 2542 1480 συμπεπλεγμένης
2595 1405 2789 1466 αἰτίας,
2843 1402 2963 1456 καθ’
3009 1401 3077 1472 ἦν
3129 1400 3244 1452 ἐστι
3303 1395 3605 1468 μονογενὴς,

2043 1500 2201 1557 τοῦτο
2234 1502 2477 1556 καλεῖται
2498 1539 2512 1558 ,
2543 1498 2658 1552 ἀλλ’
2689 1494 3125 1565 ἀπολελυμένως,
3163 1489 3456 1562 μονογενὴς
3485 1489 3608 1550 Θεδς

2044 1597 2076 1648 ό
2104 1595 2180 1648 ὢν
2211 1596 2289 1656 είς
2321 1593 2413 1647 τὸν
2441 1591 2641 1645 κόλπον
2669 1586 2762 1642 τοῦ
2795 1587 3162 1659 Πάτρός.”υτε
3189 1583 3244 1637 δὲ
3275 1583 3610 1654 πρωτότοκον

2047 1686 2206 1741 αὐτὸν
2257 1687 2312 1739 αἱ
2361 1685 2500 1737 θεῖαι
2553 1682 2777 1737 καλοῦσι
2821 1680 3055 1751 Γραφαὶ,
3091 1677 3254 1740 εὐθὺς
3299 1675 3611 1744 ἐπιφέρουσι

370 1777 590 1817 causam
618 1765 768 1820 addit
829 1783 999 1836 quare
1029 1785 1088 1824 ea
1118 1771 1473 1840 appellatione
1498 1781 1740 1828 vocetur.
1770 1775 1947 1844 loquit

2058 1779 2144 1832 καὶ
2186 1769 2260 1830 ὧν
2305 1776 2422 1828 ἐστι
2475 1773 2840 1847 πρωτότοκος,
2876 1771 2969 1824 καὶ
3002 1771 3099 1840 τὴν
3127 1769 3305 1822 αἰτίαν
3334 1767 3403 1820 δι’
3437 1767 3500 1836 ἣν
3526 1762 3615 1818 καὶ

369 1857 540 1921 enim,
574 1875 592 1908 ι
627 1857 1133 1932 Ρτίηιοεεηὶιυείη
1185 1862 1368 1919 multis
1413 1863 1673 1920 fratribus
1701 1865 1768 1930 ",
1813 1885 1832 1918 ι
1895 1878 1947 1921 et

379 1947 805 2020 «Primogenilus
832 1965 898 2006 ex
931 1954 1272 2010 mortuis".t
1305 1955 1438 2011 Cum
1472 1957 1618 2011 enim
1646 1959 1950 2026 oportuerit

376 2039 570 2093 Filium
621 2040 714 2096 Dei
741 2042 832 2112 qui
869 2043 1198 2100 naturaliter
1241 2047 1530 2115 primatum
1569 2048 1796 2113 obtinet,
1824 2065 1946 2103 eum

372 2132 588 2199 quando
619 2133 781 2188 bomo
811 2131 986 2189 factus
1013 2142 1097 2190 est
1131 2150 1236 2189 non
1270 2137 1541 2203 amittere,
1568 2139 1763 2192 merito
1785 2139 1948 2193 etiam

377 2224 594 2290 quando
650 2235 887 2280 nostram
951 2225 1358 2284 similitudinem
1421 2229 1740 2296 assumpsit,
1802 2230 1949 2284 01111ιὶ

373 2323 638 2370 creatura
681 2317 1028 2386 praeponitur.
1075 2317 1261 2389 Neque
1298 2319 1442 2375 enim
1477 2331 1746 2390 quatenus
1775 2321 1951 2377 factus

377 2416 463 2460 cst
507 2410 690 2475 homo,
731 2410 992 2479 quidquid
1041 2411 1115 2465 illi
1150 2425 1336 2466 eorum
1371 2427 1491 2483 qua:
1522 2413 1718 2470 divina:
1748 2426 1953 2470 natura:

377 2498 626 2568 dignitati
678 2502 1031 2568 conveniunt,
1060 2503 1269 2573 deperit
1301 2521 1314 2558 :
1349 2505 1442 2559 sed
1465 2513 1518 2560 et
1554 2506 1626 2559 ita
1661 2508 1949 2576 primatum

376 2591 641 2645 obtinebit
660 2593 924 2646 universa:
939 2604 1224 2658 creaturae,
1249 2604 1308 2649 ut
1325 2597 1576 2651 nimirum
1607 2597 1723 2666 ejus
1739 2612 1952 2654 creator

379 2689 435 2734 ct
482 2681 763 2738 Dominus.
809 2685 987 2754 Atque
1032 2686 1104 2740 ita
1144 2687 1307 2742 etiam
1351 2690 1678 2758 evangelista
1732 2693 1947 2760 inquit:

382 2791 401 2823 ο
443 2774 688 2830 Vidimus
720 2777 944 2845 gloriam
979 2777 1118 2847 ejus,
1145 2780 1373 2850 gloriam
1413 2783 1562 2838 velut
1613 2781 1881 2853 Unigenili
1920 2802 1950 2840 a

378 2864 538 2922 Patre
565 2868 632 2923 ’⁸.
665 2889 683 2920 r

1058 3077 1290 3135 ALIUD.

454 3208 534 3272 Si,
556 3209 709 3276 juxta
743 3209 989 3280 Paulum,
1024 3215 1273 3271 universa
1305 3218 1358 3271 in
1387 3217 1503 3288 ipso
1535 3228 1715 3274 creata
1741 3230 1864 3273 sunt
1886 3223 1954 3287 7‘,

380 3311 529 3355 certe
568 3303 681 3373 ipse
705 3304 845 3359 alius
876 3306 982 3361 erit
1017 3307 1086 3362 ab
1127 3309 1398 3365 omnibus.
1446 3308 1582 3364 Nam
1628 3328 1750 3366 cum
1797 3314 1951 3378 dixit,

384 3391 661 3460 "universa,
689 3395 821 3449 nibil
853 3398 1068 3467 excepit
1094 3401 1236 3467 quod
1279 3415 1384 3454 non
1415 3416 1511 3472 per
1544 3403 1717 3472 ipsum
1758 3405 1954 3458 factum

381 3481 472 3536 sit.
498 3481 861 3557 Filiusitaque
880 3503 984 3543 non
1006 3489 1114 3544 erit
1131 3502 1405 3556 creatura,
1431 3494 1524 3546 sed
1550 3495 1957 3562 politlS('l'eal0|‘

381 3577 645 3641 omnium,
681 3579 824 3634 sicut
855 3581 1116 3650 scriptum
1149 3593 1260 3636 est.
1301 3583 1415 3638 Non
1454 3586 1596 3640 enim
1639 3586 1778 3640 dixit
1809 3587 1956 3639 Scri-

385 3676 539 3736 ptura
587 3671 730 3738 quod
764 3673 834 3727 sit
859 3673 1248 3746 primogenitus
1285 3676 1512 3731 aliarum
1559 3688 1952 3745 creaturarum,

386 3775 452 3814 ne
481 3760 732 3816 nimirum
781 3773 1034 3835 tanquam
1072 3781 1137 3821 ex
1179 3783 1364 3820 earum
1404 3785 1626 3824 ntnnero
1663 3787 1785 3826 esse
1830 3788 1956 3826 cen-

384 3864 587 3920 seatur,
643 3857 736 3910 sed
783 3859 1200 3928 primogenitum
1244 3862 1421 3916 omnis
1460 3874 1726 3920 creatura:
1781 3867 1954 3935 ipsum

385 3955 562 4013 vocat,
617 3956 676 4002 ut
714 3963 809 4017 per
851 3951 952 4004 hoc
1000 3953 1250 4006 universa
1295 3954 1476 4018 simul,
1527 3967 1584 4009 ut
1637 3957 1707 4010 ita
1754 3957 1955 4022 dicam,

384 4048 637 4090 creatura
667 4039 893 4092 seorsim
931 4043 1127 4109 posita,
1173 4043 1284 4112 ipse
1322 4043 1460 4098 alius
1494 4047 1562 4100 ab
1597 4063 1657 4100 ea
1689 4063 1809 4102 esse
1839 4064 1956 4103 cre-

385 4131 566 4184 datur.
619 4130 720 4197 Qui
773 4149 904 4186 vero
955 4145 1108 4188 extra
1133 4151 1346 4190 omnem
1384 4149 1685 4192 creaturam
1719 4139 1952 4205 exsistit,

385 4231 583 4276 creata:
615 4224 932 4278 substantia:
957 4239 1078 4279 esse
1112 4241 1216 4279 non
1246 4237 1441 4295 potest,
1471 4228 1563 4281 sed
1593 4231 1661 4281 ab
1687 4245 1749 4282 ea
1781 4231 1958 4284 diver-

384 4329 495 4368 sus.
525 4316 788 4382 Quocirca
819 4332 972 4370 sacra
1014 4317 1291 4388 Scriptura
1341 4319 1481 4373 hanc
1520 4319 1954 4375 observationem

381 4405 586 4472 optime
610 4405 912 4474 intelligens
942 4421 1046 4460 non
1083 4409 1292 4462 vocavit
1319 4407 1504 4462 Ruben
1538 4410 1954 4481 primogenitum

2049 1868 2252 1938 ταύτην
2280 1867 2392 1938 ἔχει
2414 1867 2514 1937 τὴν
2543 1865 2880 1936 ἐπωνυμίαν.
2903 1863 3040 1916 Φασὶ
3065 1863 3193 1932 γάρ,
3221 1879 3240 1910 ι
3271 1858 3616 1930 ΙΙρωτότοκος-

2049 1964 2108 2015 ὲν
2140 1961 2353 2023 πολλοῖς
2382 1959 2649 2028 ἀδελφοῖς,
2681 1977 2700 2010 ι
2737 1957 2828 2011 καὶ
2864 1976 2882 2006 ι
2911 1955 3259 2025 Πρωτότοκος
3287 1951 3352 2004 ὲκ
3383 1949 3493 2002 τῶν
3530 1964 3615 1999 νε-

2051 2054 2217 2126 κρῶν.
2252 2074 2270 2106 ι
2293 2051 2509 2124 Ἐπειδὴ
2535 2052 2644 2123 γὰρ
2669 2050 2774 2103 ἔδει
2804 2050 2894 2103 τὸν
2920 2048 3047 2100 Υίὸν
3075 2045 3169 2100 τοῦ
3191 2044 3324 2098 Θεοῦ
3357 2040 3499 2095 κατὰ
3522 2039 3616 2108 φύν

2053 2165 2136 2200 σιν
2165 2147 2356 2216 ἔχοντα
2393 2145 2453 2198 τὸ
2490 2144 2810 2214 πρωτεύειν,
2839 2142 2930 2196 καὶ
2961 2142 3048 2194 ὅτε
3081 2139 3303 2207 γέγονεν
3338 2135 3617 2204 ἄνθρωπος

2049 2238 2206 2292 τοῦτο
2233 2238 2308 2308 μὴ
2327 2237 2610 2297 ἀπολέσαι,
2629 2235 2854 2296 εἰκότως
2881 2231 2975 2287 καὶ
2998 2230 3097 2298 τῆς
3115 2227 3251 2300 πρὸς
3266 2228 3417 2297 ἡμᾶς
3430 2222 3619 2294 ὁμοιώ-

2053 2348 2190 2394 σεως
2218 2329 2629 2398 ἐπιλαϐόμενος,
2667 2327 2848 2394 πάσης
2877 2324 3236 2396 προτάττεται
3267 2320 3516 2380 κτίσεως.
3547 2316 3618 2368 Οὐ

2051 2423 2167 2492 γὰρ.
2208 2420 2340 2474 καθὸ
2385 2421 2605 2488 γέγονεν
2652 2419 2953 2488 ἄνθρωπος,
2997 2416 3231 2474 ἐλάττων
3283 2413 3435 2464 ἔσται
3483 2408 3618 2468 τινος

2051 2518 2173 2570 ὅσον
2212 2516 2292 2577 εἰς
2315 2515 2376 2566 τὸ
2405 2513 2614 2583 πρέπον
2649 2511 2864 2580 ἀξίωμα
2891 2513 2956 2580 τῇ
2985 2509 3104 2578 θεία
3133 2507 3292 2576 φύσει
3313 2524 3324 2535 ·
3360 2502 3499 2556 ἀλλὰ
3533 2500 3620 2552 καὶ

2051 2608 2195 2661 οὓτω
2224 2605 2530 2676 πρωτεύσει
2576 2604 2672 2656 καὶ
2713 2602 3085 2671 καθηγὴσεται
3120 2598 3300 2666 πάσης
3343 2594 3481 2663 όμοῦ
3514 2591 3634 2644 κτίσ-

2055 2718 2212 2764 σεως,
2241 2701 2334 2752 άτε
2397 2697 2460 2767 δὴ
2493 2696 2721 2766 ποιητὴς
2764 2695 3022 2764 ὑπάρχων
3055 2691 3226 2758 αὐτῆς
3257 2688 3352 2741 καὶ
3402 2687 3618 2754 Κύριος.

2053 2793 2210 2846 Οὓτω
2239 2792 2334 2845 καὶ
2372 2794 2399 2844 ό
2443 2789 2831 2856 εύαγγελιστὴς
2858 2802 3048 2855 φησιν·
3089 2804 3106 2834 ‹
3130 2778 3503 2849 Ἐθεασάμεοα
3531 2775 3628 2845 τὴν

2053 2886 2209 2939 δόξαν
2240 2883 2424 2945 αὐτοῦ,
2453 2882 2609 2947 δόξαν
2639 2881 2712 2943 ὡς
2743 2875 3076 2947 Μονογενοῦς
3102 2874 3252 2945 παρά
3286 2871 3519 2941 Πατρός.
3551 2889 3575 2918 ι.

2727 3075 2928 3128 ΛΑΜ).

2135 3217 2224 3280 Ei,
2251 3214 2391 3268 κατὰ
2421 3216 2519 3283 τὴν
2551 3212 2646 3265 τοῦ
2675 3213 2888 3265 Παύλου
2917 3211 3122 3278 φωνὴν,
3151 3211 3207 3261 ἐν
3231 3207 3380 3276 αὐτῷ
3407 3205 3624 3274 ἐκτίσθη

2060 3308 2130 3361 τὰ
2162 3308 2363 3366 πάντα,
2395 3305 2551 3367 ἄλλος
2584 3305 2741 3356 ἔσται
2765 3304 2873 3355 τῶν
2912 3303 3146 3354 πάντων.
3192 3301 3278 3352 Ἐν
3305 3299 3416 3368 γὰρ
3445 3297 3521 3367 τῷ
3551 3299 3622 3349 εί-

2063 3401 2184 3452 πεῖν
2219 3400 2417 3455 πάντα,
2443 3397 2595 3450 οὐδὲν
2624 3388 2833 3464 ἀφῆκεν
2861 3393 3014 3456 ἐκτὸς
3045 3393 3072 3443 ὃ
3100 3391 3170 3460 μὴ
3193 3393 3418 3459 γέγονεν
3447 3391 3512 3442 δι’
3533 3390 3627 3442 αύ-

2057 3490 2168 3544 τοῦ.
2203 3488 2411 3542 Οὐκοῦν
2446 3488 2649 3555 κτίσμα
2692 3486 2786 3555 μὲν
2817 3485 2854 3536 ό.
2881 3485 3004 3546 Yth;
3047 3485 3147 3536 οὐκ
3179 3483 3354 3541 ἔσται,
3409 3481 3623 3550 κτίστης

2056 3583 2111 3636 δὲ
2145 3582 2343 3652 μᾶλλον
2377 3581 2487 3633 τῶν
2522 3581 2759 3641 πάντων,
2789 3577 2928 3630 καθά
2957 3577 3284 3647 γέγραπται.
3318 3575 3395 3627 υῦ
3428 3576 3535 3643 γὰρ
3557 3573 3627 3624 εῖ-

2060 3677 2294 3745 ρηκενή
2339 3675 2458 3727 Θεία
2504 3674 2716 3743 Γραφὴ,
2749 3671 2938 3741 ὅτιπέρ
2981 3674 3096 3723 ἐστι
3141 3670 3487 3738 πρωτότοκος
3523 3666 3628 3719 τῶν

2058 3769 2234 3822 ἄλλων
2287 3767 2622 3836 κτισμάτων,
2651 3766 2738 3818 ἵνα
2779 3764 2852 3834 μὴ
2886 3764 3052 3825 ὅντως
3081 3763 3154 3825 ὡς
3181 3760 3238 3825 ἐξ
3271 3761 3455 3814 αὐτῶν
3493 3755 3628 3811 εἶναι

2057 3863 2248 3920 νοοῖτο.
2284 3859 2419 3913 ἀλλὰ
2443 3859 2622 3928 πάσης
2657 3858 2885 3919 κτίσεως
2919 3855 3261 3926 πρωτότοκον
3291 3854 3460 3907 αὑτὸν
3494 3849 3626 3906 εἷναί

2057 3969 2244 4022 φησιν,
2274 3952 2359 4004 ἶνα
2391 3950 2478 4003 διὰ
2513 3950 2691 4010 τοῦτο,
2719 3949 2794 4012 ὡς
2825 3950 3014 4006 εἰπεῖν,
3048 3948 3174 4016 ὅλης
3214 3945 3356 4016 ’ὁμοῦ
3385 3946 3484 4014 τῆς
3512 3943 3624 3996 κτί-

2059 4061 2200 4106 σεως
2244 4043 2302 4095 ὲν
2356 4042 2510 4112 μέρει
2545 4041 2838 4108 κειμένης,
2883 4040 3070 4105 ἔτερος
3115 4033 3251 4090 εἶναι
3290 4039 3424 4106 παρ’
3463 4034 3624 4101 αὐτὴν

2060 4136 2399 4207 πιστεύηται.
2445 4135 2503 4188 '0
2528 4134 2584 4186 δὲ
2625 4133 2729 4198 ἔξω
2760 4135 2941 4204 πάσης
2967 4133 3226 4203 ὑπάρχων
3253 4131 3505 4193 κτίσεως,
3533 4129 3625 4180 οὐκ

2057 4228 2123 4281 ἂν
2153 4228 2238 4296 είη
2268 4228 2490 4296 κτιστῆς
2511 4226 2718 4288 οὐσίας,
2745 4225 2863 4279 ἀλλ’
2891 4226 3075 4295 ἕτερος
3106 4222 3256 4292 παρὰ
3278 4222 3504 4291 ταύτην.
3523 4220 3625 4273 Καὶ

2058 4317 2190 4386 γοῦν
2221 4319 2254 4388 ἡ
2296 4315 2418 4370 θεία
2453 4315 2642 4387 Γραφὴ
2669 4317 2768 4384 τὴν
2797 4315 3049 4386 τοιαύτην
3105 4315 3262 4383 ὲπιτή
3275 4332 3432 4384 ρησιν
3461 4313 3624 4364 εἰδυῖα

2062 4410 2269 4482 σαφῶς,
2295 4411 2394 4462 οὐκ
2421 4409 2648 4462 ἐκάλεσε
2673 4407 2762 4461 τὸν
2787 4407 2978 4477 Ῥουῦὴ
2988 4425 3026 4476 μ
3052 4406 3396 4476 πρωτότοκον
3417 4406 3624 4456 πάντων

383 4496 624 4550 omnium
657 4497 888 4552 ﬁliorum
925 4497 1115 4564 Iacob,
1142 4515 1208 4554 ne
1228 4501 1473 4556 diversus
1502 4518 1625 4558 esse
1657 4503 1720 4556 ab
1748 4504 1812 4558 iis
1839 4505 1949 4558 evi-

2061 4505 2168 4558 τῶν
2201 4505 2399 4557 τέκνων
2449 4501 2543 4555 τοῦ
2585 4499 2798 4563 Ἰακὼϐ,
2832 4502 2919 4553 ἵνα
2955 4499 3029 4571 μὴ
3071 4500 3256 4568 ’ἑτερος
3304 4499 3446 4550 εἶναι
3482 4493 3623 4564 παρὰ

383 4590 656 4653 stimetur,
687 4593 780 4645 sed
814 4593 1203 4660 circumspecte
1229 4594 1514 4648 admodum
1541 4595 1954 4666 primogenitum

388 4683 561 4751 ipsum
590 4684 800 4737 vocavit
827 4681 994 4740 Jacob
1017 4693 1068 4739 et
1105 4685 1330 4739 fratrum
1372 4685 1542 4755 ipsius

1067 4885 1294 4942 ALIUD.

459 5021 516 5078 Si
552 5022 674 5077 ideo
705 5023 832 5092 quia
881 5021 1049 5077 Filius
1091 5032 1313 5078 vocatur
1351 5024 1738 5092 primogenitus
1777 5027 1956 5079 omnis

385 5125 672 5175 creaturae.
727 5114 966 5168 nonnulli
1010 5131 1134 5169 eum
1181 5116 1446 5170 creaturis
1489 5118 1952 5171 annumerandum

385 5209 752 5271 contendunt,
803 5207 909 5262 erit
961 5208 1201 5274 profecto
1244 5209 1407 5262 etiam
1461 5209 1575 5276 ipse
1617 5225 1681 5263 ex
1717 5210 1958 5264 omnium

387 5316 631 5355 munero.
664 5301 816 5366 Quod
853 5299 896 5354 si
925 5299 1046 5368 quis
1077 5301 1353 5364 concedat,
1385 5301 1464 5355 sui
1492 5301 1657 5369 ipsius
1690 5303 1954 5372 primoge-

391 5395 536 5447 nitns
578 5392 707 5456 erit,
751 5401 1017 5461 quatenus
1050 5393 1227 5446 (IIIIIIIS
1271 5402 1532 5446 creatura:
1563 5396 1954 5462 primogenilus

383 5489 672 5553 exsistens,
701 5490 861 5541 etiam
893 5486 1008 5555 ipse
1032 5486 1083 5539 in
1108 5485 1347 5539 omnium
1379 5502 1604 5542 numero
1627 5489 1950 5544 continetur.

385 5581 500 5636 Erit
525 5595 654 5649 ergo
684 5579 782 5633 sibi
827 5579 925 5648 ipsi
962 5590 1016 5632 ct
1057 5577 1262 5647 primus
1289 5586 1345 5632 et
1386 5581 1673 5634 secundus.
1728 5578 1858 5632 Nam
1906 5579 1950 5635 si

462 5760 508 5793 "
551 5760 699 5813 Rom.
739 5775 852 5819 vttt.
894 5758 980 5814 ‘29.
1061 5760 1103 5789 δ’
1132 5759 1314 5815 (Ioluss
1375 5775 1412 5823 ι,
1452 5758 1534 5813 18.

1618 5761 1662 5788 ⁷¹¹
1697 5759 1844 5813 .luan.
1897 5777 1933 5824 ι,
1970 5759 2049 5813 Η.

2062 4594 2286 4656 τούτους
2332 4591 2648 4662 νομίζηται·
2703 4591 2838 4644 ἀλλὰ
2890 4589 3029 4660 μετὰ
3092 4589 3293 4658 πολλῆς
3344 4586 3622 4658 ἀκριϐείας

2063 4686 2408 4754 πρωτότοκον
2460 4684 2622 4736 αὑτὸν
2664 4679 2804 4737 εἷναί
2854 4699 2985 4753 φησι
3023 4681 3117 4734 τοῦ
3169 4680 3363 4734 Ἰακὼϐ
3397 4681 3490 4734 καὶ
3523 4676 3621 4731 τῶν

2065 4778 2311 4849 ἀδελφῶν
2339 4777 2523 4832 αὐτοῦ.

2741 4889 2944 4940 ΛΛΛο.

2135 5030 2196 5082 Εἰ
2242 5028 2330 5082 διά
2364 5027 2426 5080 τὸ
2470 5025 2748 5080 καλεῖσθαι
2790 5026 3132 5097 πρωτότοκον
3167 5021 3346 5092 πάσης
3399 5019 3619 5080 κτίσεως

2059 5121 2151 5174 τὸν
2197 5120 2344 5185 Υἱὸν,
2393 5122 2459 5189 τῇ
2506 5119 2684 5171 κτίσει
2721 5117 3184 5187 συγκαταριθμεῖν
3221 5115 3382 5168 αὑτὸν
3420 5115 3617 5180 ἐπιχει-

2073 5215 2224 5286 ροῦσί
2253 5232 2414 5277 τινες,
2441 5213 2590 5267 ἔσται
2620 5213 2716 5266 καὶ
2738 5212 2898 5274 αὐτὸς
2920 5213 2978 5263 ἐν
3009 5214 3119 5273 τοῖς
3154 5211 3336 5262 πᾶσιν.
3370 5209 3434 5259 Εἰ
3459 5207 3516 5260 δέ
3540 5220 3618 5264 ἐι-ς

2061 5309 2179 5376 δοίη
2207 5307 2364 5359 τοῦτο
2401 5309 2642 5377 κρατεῖν,
2675 5304 2868 5358 ἑαυτοῦ
2907 5303 3248 5373 πρωτότοκος
3283 5300 3458 5357 ἔσται,
3494 5293 3618 5348 καθὸ

2063 5401 2244 5468 πάσης
2286 5398 2517 5460 κτίσεως
2566 5396 2909 5469 πρωτότοκος
2939 5393 3035 5455 ὢν,
3079 5392 3172 5444 καί
3214 5389 3370 5449 αὐτὸς
3410 5389 3468 5440 ἐν
3513 5388 3617 5446 τοῖς

2060 5492 2228 5545 πᾶσίν
2264 5493 2636 5544 ὲστιν.’⁹Εσται
2657 5486 2750 5542 οὖν
2786 5487 2977 5542 ἑαυτοῦ
3009 5487 3104 5539 καὶ
3141 5484 3355 5556 πρῶτος
3381 5482 3474 5534 καὶ
3501 5480 3614 5532 δεύ-

2058 5599 2236 5654 τερος.
2266 5583 2327 5634 Εἰ
2361 5581 2460 5651 μὲν
2489 5581 2598 5654 γὰρ
2629 5581 2718 5636 διὰ
2746 5582 2804 5635 τὸ
2831 5580 3008 5651 πάσης
3042 5579 3269 5641 κτίσεως
3302 5574 3438 5630 εἶναι
3474 5591 3617 5645 πρω-

2129 5763 2168 5795 ⁷¹
2197 5761 2322 5818 Colu
2355 5776 2400 5814 ε.
2430 5776 2468 5820 t.
2517 5760 2596 5811 Ili.

3807 3111 3822 3508 ι
