  <div class='ocr_page' id='page_1' title='image "/cluster/home/n/w/nwhite01/storage/ocr_20150623/75/nnc1.0046980121/222.png"; bbox 0 0 3878 6208; ppageno 0'>
   <div class='ocr_carea' id='block_1_1' title="bbox 198 363 312 420">
    <p class='ocr_par' dir='ltr' id='par_1_1' title="bbox 198 363 312 420">
     <span class='ocr_line' id='line_1_1' title="bbox 198 363 312 420; baseline 0.018 -2"><span class='ocrx_word' id='word_1_1' title='bbox 198 363 312 420; x_wconf 61' lang='grc' dir='ltr'><strong>ωε</strong></span> 
     </span>
    </p>
   </div>
   <div class='ocr_carea' id='block_1_2' title="bbox 1624 371 2068 434">
    <p class='ocr_par' dir='ltr' id='par_1_2' title="bbox 1624 371 2068 434">
     <span class='ocr_line' id='line_1_2' title="bbox 1624 371 2068 434; baseline 0.02 -9"><span class='ocrx_word' id='word_1_2' title='bbox 1624 371 2068 434; x_wconf 71' lang='grc' dir='ltr'>ΤτιιΕδΑυιιυδ.</span> 
     </span>
    </p>
   </div>
   <div class='ocr_carea' id='block_1_3' title="bbox 3360 392 3466 455">
    <p class='ocr_par' dir='ltr' id='par_1_3' title="bbox 3360 392 3466 455">
     <span class='ocr_line' id='line_1_3' title="bbox 3360 392 3466 455; baseline 0.019 -2"><span class='ocrx_word' id='word_1_3' title='bbox 3360 392 3466 455; x_wconf 58' lang='grc' dir='ltr'><strong>ξοδ</strong></span> 
     </span>
    </p>
   </div>
   <div class='ocr_carea' id='block_1_4' title="bbox 193 485 1772 578">
    <p class='ocr_par' dir='ltr' id='par_1_4' title="bbox 193 485 1770 567">
     <span class='ocr_line' id='line_1_4' title="bbox 193 485 1770 567; baseline 0.007 -29"><span class='ocrx_word' id='word_1_4' title='bbox 193 486 433 551; x_wconf 85' lang='grc' dir='ltr'>τότοκος,</span> <span class='ocrx_word' id='word_1_5' title='bbox 487 485 591 552; x_wconf 78' lang='grc' dir='ltr'>ἔξω</span> <span class='ocrx_word' id='word_1_6' title='bbox 635 487 742 541; x_wconf 83' lang='grc' dir='ltr'><strong>τῶν</strong></span> <span class='ocrx_word' id='word_1_7' title='bbox 776 488 994 544; x_wconf 88' lang='grc' dir='ltr'>πάντων</span> <span class='ocrx_word' id='word_1_8' title='bbox 1021 491 1184 545; x_wconf 78' lang='grc' dir='ltr'>αὐτὸν</span> <span class='ocrx_word' id='word_1_9' title='bbox 1213 494 1770 567; x_wconf 76' lang='grc' dir='ltr'>κεῖσθαι-νοήσαιμεν,</span> 
     </span>
    </p>
   </div>
   <div class='ocr_carea' id='block_1_5' title="bbox 1882 485 3465 578">
    <p class='ocr_par' dir='ltr' id='par_1_5' title="bbox 1882 498 3465 578">
     <span class='ocr_line' id='line_1_5' title="bbox 1882 498 3465 578; baseline 0.014 -27"><span class='ocrx_word' id='word_1_10' title='bbox 1882 498 2000 566; x_wconf 85' lang='lat' dir='ltr'><strong>quia</strong></span> <span class='ocrx_word' id='word_1_11' title='bbox 2031 501 2425 572; x_wconf 79' lang='lat' dir='ltr'><strong>primogenitus</strong></span> <span class='ocrx_word' id='word_1_12' title='bbox 2450 516 2531 561; x_wconf 87' lang='lat' dir='ltr'><strong>cst</strong></span> <span class='ocrx_word' id='word_1_13' title='bbox 2562 509 2738 562; x_wconf 82' lang='lat' dir='ltr'><strong>omnis</strong></span> <span class='ocrx_word' id='word_1_14' title='bbox 2774 520 3059 578; x_wconf 72' lang='lat' dir='ltr'><strong>creaturae,</strong></span> <span class='ocrx_word' id='word_1_15' title='bbox 3092 521 3245 568; x_wconf 77' lang='lat' dir='ltr'><strong>extra</strong></span> <span class='ocrx_word' id='word_1_16' title='bbox 3274 529 3465 573; x_wconf 77' lang='lat' dir='ltr'><strong>omnes</strong></span> 
     </span>
    </p>
   </div>
   <div class='ocr_carea' id='block_1_6' title="bbox 195 578 1776 655">
    <p class='ocr_par' dir='ltr' id='par_1_6' title="bbox 195 578 1776 655">
     <span class='ocr_line' id='line_1_6' title="bbox 195 578 1776 655; baseline 0.009 -26"><span class='ocrx_word' id='word_1_17' title='bbox 195 578 413 649; x_wconf 86' lang='grc' dir='ltr'>πρῶτος</span> <span class='ocrx_word' id='word_1_18' title='bbox 435 578 589 634; x_wconf 80' lang='grc' dir='ltr'>ἔσται</span> <span class='ocrx_word' id='word_1_19' title='bbox 609 581 720 639; x_wconf 82' lang='grc' dir='ltr'><strong>τῶν</strong></span> <span class='ocrx_word' id='word_1_20' title='bbox 740 583 981 641; x_wconf 75' lang='grc' dir='ltr'>πάντων.</span> <span class='ocrx_word' id='word_1_21' title='bbox 1003 585 1066 638; x_wconf 87' lang='grc' dir='ltr'><strong>Εἰ</strong></span> <span class='ocrx_word' id='word_1_22' title='bbox 1096 586 1154 638; x_wconf 81' lang='grc' dir='ltr'>δὲ</span> <span class='ocrx_word' id='word_1_23' title='bbox 1179 591 1290 651; x_wconf 87' lang='grc' dir='ltr'>τοῖς</span> <span class='ocrx_word' id='word_1_24' title='bbox 1320 591 1454 646; x_wconf 72' lang='grc' dir='ltr'>πᾶσι</span> <span class='ocrx_word' id='word_1_25' title='bbox 1484 591 1581 643; x_wconf 71' lang='grc' dir='ltr'><strong>καὶ</strong></span> <span class='ocrx_word' id='word_1_26' title='bbox 1614 590 1776 655; x_wconf 80' lang='grc' dir='ltr'>αὐτὸς</span> 
     </span>
    </p>
   </div>
   <div class='ocr_carea' id='block_1_7' title="bbox 195 671 1771 761">
    <p class='ocr_par' dir='ltr' id='par_1_7' title="bbox 195 671 1771 761">
     <span class='ocr_line' id='line_1_7' title="bbox 195 671 1771 761; baseline 0.01 -38"><span class='ocrx_word' id='word_1_27' title='bbox 195 671 652 744; x_wconf 79' lang='grc' dir='ltr'>συνταχθήσεται,</span> <span class='ocrx_word' id='word_1_28' title='bbox 682 676 878 728; x_wconf 76' lang='grc' dir='ltr'>ἑαυτοῦ</span> <span class='ocrx_word' id='word_1_29' title='bbox 909 677 1268 750; x_wconf 65' lang='grc' dir='ltr'>κατὰχρόνον</span> <span class='ocrx_word' id='word_1_30' title='bbox 1297 681 1737 761; x_wconf 67' lang='grc' dir='ltr'>ἐστιμδεύτερος</span> <span class='ocrx_word' id='word_1_31' title='bbox 1757 703 1771 716; x_wconf 87' lang='grc'><strong>·</strong></span> 
     </span>
    </p>
   </div>
   <div class='ocr_carea' id='block_1_8' title="bbox 195 762 1776 849">
    <p class='ocr_par' dir='ltr' id='par_1_8' title="bbox 195 762 1776 849">
     <span class='ocr_line' id='line_1_8' title="bbox 195 762 1776 849; baseline 0.011 -36"><span class='ocrx_word' id='word_1_32' title='bbox 195 762 410 832; x_wconf 83' lang='grc' dir='ltr'>πρῶτος</span> <span class='ocrx_word' id='word_1_33' title='bbox 458 766 558 835; x_wconf 85' lang='grc' dir='ltr'><strong>μὲν</strong></span> <span class='ocrx_word' id='word_1_34' title='bbox 605 767 725 825; x_wconf 69' lang='grc' dir='ltr'>κατῗ</span> <span class='ocrx_word' id='word_1_35' title='bbox 754 769 963 823; x_wconf 71' lang='grc' dir='ltr'>ἐκεῖνον</span> <span class='ocrx_word' id='word_1_36' title='bbox 1007 769 1097 822; x_wconf 81' lang='grc' dir='ltr'><strong>τὸν</strong></span> <span class='ocrx_word' id='word_1_37' title='bbox 1156 771 1379 844; x_wconf 86' lang='grc' dir='ltr'><strong>τρόπον,</strong></span> <span class='ocrx_word' id='word_1_38' title='bbox 1423 773 1677 849; x_wconf 85' lang='grc' dir='ltr'>δεύτερος</span> <span class='ocrx_word' id='word_1_39' title='bbox 1717 777 1776 830; x_wconf 86' lang='grc' dir='ltr'>δὲ</span> 
     </span>
    </p>
   </div>
   <div class='ocr_carea' id='block_1_9' title="bbox 198 851 578 909">
    <p class='ocr_par' dir='ltr' id='par_1_9' title="bbox 198 851 578 909">
     <span class='ocr_line' id='line_1_9' title="bbox 198 851 578 909; baseline 0.016 -6"><span class='ocrx_word' id='word_1_40' title='bbox 198 851 342 905; x_wconf 72' lang='grc' dir='ltr'>κατὰ</span> <span class='ocrx_word' id='word_1_41' title='bbox 369 853 578 909; x_wconf 82' lang='grc' dir='ltr'>τοῦτον.</span> 
     </span>
    </p>
   </div>
   <div class='ocr_carea' id='block_1_10' title="bbox 868 1068 1074 1125">
    <p class='ocr_par' dir='ltr' id='par_1_10' title="bbox 868 1068 1074 1125">
     <span class='ocr_line' id='line_1_10' title="bbox 868 1068 1074 1125; baseline 0.01 -5"><span class='ocrx_word' id='word_1_42' title='bbox 868 1068 1074 1125; x_wconf 81' lang='grc' dir='ltr'><strong>ΑΛΛΟ.</strong></span> 
     </span>
    </p>
   </div>
   <div class='ocr_carea' id='block_1_11' title="bbox 265 1175 1772 1258">
    <p class='ocr_par' dir='ltr' id='par_1_11' title="bbox 265 1175 1772 1258">
     <span class='ocr_line' id='line_1_11' title="bbox 265 1175 1772 1258; baseline 0.013 -31"><span class='ocrx_word' id='word_1_43' title='bbox 265 1176 327 1228; x_wconf 80' lang='lat' dir='ltr'><strong>El</strong></span> <span class='ocrx_word' id='word_1_44' title='bbox 360 1175 448 1229; x_wconf 65' lang='grc' dir='ltr'><em>ἃᾶ</em></span> <span class='ocrx_word' id='word_1_45' title='bbox 496 1177 570 1230; x_wconf 64' lang='grc' dir='ltr'><strong>τοι</strong></span> <span class='ocrx_word' id='word_1_46' title='bbox 601 1178 883 1233; x_wconf 78' lang='grc' dir='ltr'>καλεῖσθαι</span> <span class='ocrx_word' id='word_1_47' title='bbox 927 1183 1271 1251; x_wconf 86' lang='grc' dir='ltr'>πρωτότοκος</span> <span class='ocrx_word' id='word_1_48' title='bbox 1301 1187 1485 1256; x_wconf 81' lang='grc' dir='ltr'>πάσης</span> <span class='ocrx_word' id='word_1_49' title='bbox 1517 1189 1772 1258; x_wconf 80' lang='grc' dir='ltr'><strong>κτίσεως,</strong></span> 
     </span>
    </p>
   </div>
   <div class='ocr_carea' id='block_1_12' title="bbox 195 1264 1776 1349">
    <p class='ocr_par' dir='ltr' id='par_1_12' title="bbox 195 1264 1776 1349">
     <span class='ocr_line' id='line_1_12' title="bbox 195 1264 1776 1349; baseline 0.011 -28"><span class='ocrx_word' id='word_1_50' title='bbox 195 1264 275 1330; x_wconf 78' lang='grc' dir='ltr'><strong>εἷς</strong></span> <span class='ocrx_word' id='word_1_51' title='bbox 296 1269 448 1323; x_wconf 80' lang='grc' dir='ltr'>ἔσται</span> <span class='ocrx_word' id='word_1_52' title='bbox 479 1270 572 1324; x_wconf 79' lang='grc' dir='ltr'><strong>καὶ</strong></span> <span class='ocrx_word' id='word_1_53' title='bbox 599 1271 764 1335; x_wconf 78' lang='grc' dir='ltr'>αὐτὸς</span> <span class='ocrx_word' id='word_1_54' title='bbox 785 1272 894 1326; x_wconf 82' lang='grc' dir='ltr'><strong>τῶν</strong></span> <span class='ocrx_word' id='word_1_55' title='bbox 925 1277 1263 1347; x_wconf 84' lang='grc' dir='ltr'><strong>κτισμάτων,</strong></span> <span class='ocrx_word' id='word_1_56' title='bbox 1286 1279 1478 1349; x_wconf 82' lang='grc' dir='ltr'>γέγονε</span> <span class='ocrx_word' id='word_1_57' title='bbox 1511 1281 1568 1334; x_wconf 75' lang='grc' dir='ltr'>δὲ</span> <span class='ocrx_word' id='word_1_58' title='bbox 1597 1283 1776 1338; x_wconf 86' lang='grc' dir='ltr'>πάντα</span> 
     </span>
    </p>
   </div>
   <div class='ocr_carea' id='block_1_13' title="bbox 194 1363 1776 1445">
    <p class='ocr_par' dir='ltr' id='par_1_13' title="bbox 194 1363 1776 1445">
     <span class='ocr_line' id='line_1_13' title="bbox 194 1363 1776 1445; baseline 0.011 -31"><span class='ocrx_word' id='word_1_59' title='bbox 194 1363 260 1414; x_wconf 83' lang='grc' dir='ltr'>δι’</span> <span class='ocrx_word' id='word_1_60' title='bbox 291 1363 479 1429; x_wconf 82' lang='grc' dir='ltr'>αὑτοῦ,</span> <span class='ocrx_word' id='word_1_61' title='bbox 515 1364 708 1420; x_wconf 80' lang='grc' dir='ltr'>ἑαυτοῦ</span> <span class='ocrx_word' id='word_1_62' title='bbox 739 1367 968 1439; x_wconf 82' lang='grc' dir='ltr'>ποιητὴς</span> <span class='ocrx_word' id='word_1_63' title='bbox 1016 1369 1170 1425; x_wconf 78' lang='grc' dir='ltr'>ἔσται</span> <span class='ocrx_word' id='word_1_64' title='bbox 1191 1410 1206 1436; x_wconf 90' lang='grc'><strong>,</strong></span> <span class='ocrx_word' id='word_1_65' title='bbox 1252 1373 1374 1426; x_wconf 88' lang='grc' dir='ltr'>καθ’</span> <span class='ocrx_word' id='word_1_66' title='bbox 1422 1375 1589 1445; x_wconf 82' lang='grc' dir='ltr'>ὑμᾶς,</span> <span class='ocrx_word' id='word_1_67' title='bbox 1623 1379 1718 1431; x_wconf 76' lang='grc' dir='ltr'><strong>καὶ</strong></span> <span class='ocrx_word' id='word_1_68' title='bbox 1747 1381 1776 1433; x_wconf 98' lang='lat'><strong>6</strong></span> 
     </span>
    </p>
   </div>
   <div class='ocr_carea' id='block_1_14' title="bbox 196 1455 1776 1540">
    <p class='ocr_par' dir='ltr' id='par_1_14' title="bbox 196 1455 1776 1540">
     <span class='ocr_line' id='line_1_14' title="bbox 196 1455 1776 1540; baseline 0.011 -33"><span class='ocrx_word' id='word_1_69' title='bbox 196 1455 396 1520; x_wconf 75' lang='grc' dir='ltr'>κτίζων</span> <span class='ocrx_word' id='word_1_70' title='bbox 419 1457 686 1522; x_wconf 71' lang='grc' dir='ltr'>κτίζεται,</span> <span class='ocrx_word' id='word_1_71' title='bbox 713 1460 808 1512; x_wconf 78' lang='grc' dir='ltr'>καὶ</span> <span class='ocrx_word' id='word_1_72' title='bbox 833 1461 993 1514; x_wconf 82' lang='grc' dir='ltr'>τοῦτο</span> <span class='ocrx_word' id='word_1_73' title='bbox 1022 1463 1091 1516; x_wconf 85' lang='grc' dir='ltr'>δι’</span> <span class='ocrx_word' id='word_1_74' title='bbox 1122 1465 1339 1520; x_wconf 82' lang='grc' dir='ltr'>ἑαυτοῦ.</span> <span class='ocrx_word' id='word_1_75' title='bbox 1365 1468 1427 1522; x_wconf 87' lang='grc' dir='ltr'>Εἰ</span> <span class='ocrx_word' id='word_1_76' title='bbox 1451 1469 1560 1540; x_wconf 83' lang='grc' dir='ltr'><strong>γάρ</strong></span> <span class='ocrx_word' id='word_1_77' title='bbox 1578 1471 1636 1523; x_wconf 80' lang='grc' dir='ltr'>ὲν</span> <span class='ocrx_word' id='word_1_78' title='bbox 1665 1475 1776 1536; x_wconf 86' lang='grc' dir='ltr'>τοῖς</span> 
     </span>
    </p>
   </div>
   <div class='ocr_carea' id='block_1_15' title="bbox 195 1546 1777 1629">
    <p class='ocr_par' dir='ltr' id='par_1_15' title="bbox 195 1546 1777 1629">
     <span class='ocr_line' id='line_1_15' title="bbox 195 1546 1777 1629; baseline 0.013 -31"><span class='ocrx_word' id='word_1_79' title='bbox 195 1546 366 1600; x_wconf 76' lang='grc' dir='ltr'>πᾶσίν</span> <span class='ocrx_word' id='word_1_80' title='bbox 399 1549 516 1602; x_wconf 85' lang='grc' dir='ltr'>ἐστι</span> <span class='ocrx_word' id='word_1_81' title='bbox 549 1550 639 1603; x_wconf 65' lang='grc' dir='ltr'><strong>καὶ</strong></span> <span class='ocrx_word' id='word_1_82' title='bbox 675 1552 854 1604; x_wconf 86' lang='grc' dir='ltr'>πάντα</span> <span class='ocrx_word' id='word_1_83' title='bbox 880 1553 948 1605; x_wconf 76' lang='grc' dir='ltr'>δι’</span> <span class='ocrx_word' id='word_1_84' title='bbox 978 1555 1164 1622; x_wconf 81' lang='grc' dir='ltr'>αὐτοῦ,</span> <span class='ocrx_word' id='word_1_85' title='bbox 1199 1558 1402 1629; x_wconf 82' lang='grc' dir='ltr'>ἀληθὲς</span> <span class='ocrx_word' id='word_1_86' title='bbox 1436 1561 1586 1616; x_wconf 81' lang='grc' dir='ltr'>ἔσται</span> <span class='ocrx_word' id='word_1_87' title='bbox 1612 1563 1674 1616; x_wconf 88' lang='grc' dir='ltr'>τὺ</span> <span class='ocrx_word' id='word_1_88' title='bbox 1702 1567 1777 1618; x_wconf 90' lang='grc' dir='ltr'>εί-</span> 
     </span>
    </p>
   </div>
   <div class='ocr_carea' id='block_1_16' title="bbox 197 1640 1774 1728">
    <p class='ocr_par' dir='ltr' id='par_1_16' title="bbox 197 1640 1774 1728">
     <span class='ocr_line' id='line_1_16' title="bbox 197 1640 1774 1728; baseline 0.013 -38"><span class='ocrx_word' id='word_1_89' title='bbox 197 1640 461 1713; x_wconf 57' lang='grc' dir='ltr'>ρημένον.</span> <span class='ocrx_word' id='word_1_90' title='bbox 505 1644 617 1696; x_wconf 78' lang='grc' dir='ltr'>Καὶ</span> <span class='ocrx_word' id='word_1_91' title='bbox 642 1645 690 1696; x_wconf 81' lang='grc' dir='ltr'>εἰ</span> <span class='ocrx_word' id='word_1_92' title='bbox 721 1647 871 1697; x_wconf 83' lang='grc' dir='ltr'>πᾶσα</span> <span class='ocrx_word' id='word_1_93' title='bbox 903 1649 934 1717; x_wconf 88' lang='grc' dir='ltr'><strong>ή</strong></span> <span class='ocrx_word' id='word_1_94' title='bbox 971 1649 1149 1714; x_wconf 79' lang='grc' dir='ltr'>κτίσις</span> <span class='ocrx_word' id='word_1_95' title='bbox 1188 1653 1246 1704; x_wconf 81' lang='grc' dir='ltr'>ὲν</span> <span class='ocrx_word' id='word_1_96' title='bbox 1271 1654 1416 1724; x_wconf 76' lang='grc' dir='ltr'>αὐτῷ</span> <span class='ocrx_word' id='word_1_97' title='bbox 1453 1657 1774 1728; x_wconf 79' lang='grc' dir='ltr'><strong>συνέστηκε,</strong></span> 
     </span>
    </p>
   </div>
   <div class='ocr_carea' id='block_1_17' title="bbox 195 1727 1776 1811">
    <p class='ocr_par' dir='ltr' id='par_1_17' title="bbox 195 1727 1776 1811">
     <span class='ocr_line' id='line_1_17' title="bbox 195 1727 1776 1811; baseline 0.013 -28"><span class='ocrx_word' id='word_1_98' title='bbox 195 1734 325 1796; x_wconf 72' lang='grc' dir='ltr'>πῶς</span> <span class='ocrx_word' id='word_1_99' title='bbox 356 1727 574 1797; x_wconf 79' lang='grc' dir='ltr'>εἷςτῶν</span> <span class='ocrx_word' id='word_1_100' title='bbox 613 1735 833 1791; x_wconf 85' lang='grc' dir='ltr'>πάντων</span> <span class='ocrx_word' id='word_1_101' title='bbox 862 1734 1000 1792; x_wconf 83' lang='grc' dir='ltr'>εἶναι</span> <span class='ocrx_word' id='word_1_102' title='bbox 1039 1741 1288 1807; x_wconf 76' lang='grc' dir='ltr'>δύναται,</span> <span class='ocrx_word' id='word_1_103' title='bbox 1331 1748 1361 1799; x_wconf 91' lang='lat'><strong>6</strong></span> <span class='ocrx_word' id='word_1_104' title='bbox 1393 1751 1508 1811; x_wconf 86' lang='grc' dir='ltr'>τοῖς</span> <span class='ocrx_word' id='word_1_105' title='bbox 1548 1751 1682 1803; x_wconf 75' lang='grc' dir='ltr'>πᾶσι</span> <span class='ocrx_word' id='word_1_106' title='bbox 1714 1753 1776 1803; x_wconf 86' lang='grc' dir='ltr'><strong>τὸ</strong></span> 
     </span>
    </p>
   </div>
   <div class='ocr_carea' id='block_1_18' title="bbox 197 1828 739 1897">
    <p class='ocr_par' dir='ltr' id='par_1_18' title="bbox 197 1828 739 1897">
     <span class='ocr_line' id='line_1_18' title="bbox 197 1828 739 1897; baseline 0.015 -21"><span class='ocrx_word' id='word_1_107' title='bbox 197 1828 514 1882; x_wconf 77' lang='grc' dir='ltr'>συνεστάναι</span> <span class='ocrx_word' id='word_1_108' title='bbox 537 1830 579 1882; x_wconf 84' lang='grc' dir='ltr'><strong>δι</strong></span> <span class='ocrx_word' id='word_1_109' title='bbox 588 1829 739 1897; x_wconf 76' lang='grc' dir='ltr'>δούςς</span> 
     </span>
    </p>
   </div>
   <div class='ocr_carea' id='block_1_19' title="bbox 191 2023 1774 2112">
    <p class='ocr_par' dir='ltr' id='par_1_19' title="bbox 191 2023 1774 2112">
     <span class='ocr_line' id='line_1_19' title="bbox 191 2023 1774 2112; baseline 0.013 -33"><span class='ocrx_word' id='word_1_110' title='bbox 191 2023 880 2112; x_wconf 47' lang='grc' dir='ltr'>Ᾱοωὶορδιηγῃμειτικῶς,</span> <span class='ocrx_word' id='word_1_111' title='bbox 915 2034 1086 2112; x_wconf 39' lang='lat' dir='ltr'><strong>acati:</strong></span> <span class='ocrx_word' id='word_1_112' title='bbox 1113 2034 1488 2112; x_wconf 50' lang='lat' dir='ltr'><strong>rip/[£60361]</strong></span> <span class='ocrx_word' id='word_1_113' title='bbox 1533 2044 1774 2112; x_wconf 72' lang='grc' dir='ltr'>νόησιν,</span> 
     </span>
    </p>
   </div>
   <div class='ocr_carea' id='block_1_20' title="bbox 456 2098 1504 2176">
    <p class='ocr_par' dir='ltr' id='par_1_20' title="bbox 456 2098 1504 2176">
     <span class='ocr_line' id='line_1_20' title="bbox 456 2098 1504 2176; baseline 0.013 -26"><span class='ocrx_word' id='word_1_114' title='bbox 456 2099 587 2150; x_wconf 83' lang='grc' dir='ltr'>καθ’</span> <span class='ocrx_word' id='word_1_115' title='bbox 625 2098 704 2166; x_wconf 80' lang='grc' dir='ltr'><strong>ἡν</strong></span> <span class='ocrx_word' id='word_1_116' title='bbox 723 2101 945 2156; x_wconf 75' lang='grc' dir='ltr'>νοεῖται</span> <span class='ocrx_word' id='word_1_117' title='bbox 978 2126 993 2154; x_wconf 78' lang='grc' dir='ltr'><strong>ι</strong></span> <span class='ocrx_word' id='word_1_118' title='bbox 1034 2098 1444 2176; x_wconf 76' lang='grc' dir='ltr'>Πρωτότοκος.</span> <span class='ocrx_word' id='word_1_119' title='bbox 1474 2098 1504 2164; x_wconf 60' lang='grc' dir='ltr'><strong>ἰ</strong></span> 
     </span>
    </p>
   </div>
   <div class='ocr_carea' id='block_1_21' title="bbox 261 2208 1791 2296">
    <p class='ocr_par' dir='ltr' id='par_1_21' title="bbox 261 2208 1791 2296">
     <span class='ocr_line' id='line_1_21' title="bbox 261 2208 1791 2296; baseline 0.019 -35"><span class='ocrx_word' id='word_1_120' title='bbox 261 2208 614 2278; x_wconf 84' lang='grc' dir='ltr'>Πρωτότοκος</span> <span class='ocrx_word' id='word_1_121' title='bbox 657 2214 714 2266; x_wconf 81' lang='grc' dir='ltr'>ἐν</span> <span class='ocrx_word' id='word_1_122' title='bbox 761 2216 976 2280; x_wconf 77' lang='grc' dir='ltr'><strong>πολλοῖς</strong></span> <span class='ocrx_word' id='word_1_123' title='bbox 1025 2220 1311 2291; x_wconf 79' lang='grc' dir='ltr'><strong>ἀδελφοῖς,</strong></span> <span class='ocrx_word' id='word_1_124' title='bbox 1364 2225 1500 2280; x_wconf 85' lang='grc' dir='ltr'>καθὸ</span> <span class='ocrx_word' id='word_1_125' title='bbox 1551 2227 1791 2296; x_wconf 42' lang='grc' dir='ltr'>γέγονεν</span> 
     </span>
    </p>
   </div>
   <div class='ocr_carea' id='block_1_22' title="bbox 188 2300 1776 2387">
    <p class='ocr_par' dir='ltr' id='par_1_22' title="bbox 188 2300 1776 2387">
     <span class='ocr_line' id='line_1_22' title="bbox 188 2300 1776 2387; baseline 0.016 -35"><span class='ocrx_word' id='word_1_126' title='bbox 188 2300 378 2372; x_wconf 78' lang='grc' dir='ltr'>ὅμοιος</span> <span class='ocrx_word' id='word_1_127' title='bbox 415 2304 573 2374; x_wconf 76' lang='grc' dir='ltr'>ἡμῶν</span> <span class='ocrx_word' id='word_1_128' title='bbox 598 2307 736 2359; x_wconf 86' lang='grc' dir='ltr'><strong>κατά</strong></span> <span class='ocrx_word' id='word_1_129' title='bbox 770 2309 947 2363; x_wconf 84' lang='grc' dir='ltr'>πάντα</span> <span class='ocrx_word' id='word_1_130' title='bbox 980 2315 1152 2382; x_wconf 74' lang='grc' dir='ltr'>χωρὶς</span> <span class='ocrx_word' id='word_1_131' title='bbox 1182 2317 1481 2387; x_wconf 71' lang='grc' dir='ltr'>ἁμαρτίας,</span> <span class='ocrx_word' id='word_1_132' title='bbox 1519 2323 1610 2380; x_wconf 76' lang='grc' dir='ltr'><strong>καὶ</strong></span> <span class='ocrx_word' id='word_1_133' title='bbox 1640 2324 1776 2378; x_wconf 81' lang='grc' dir='ltr'>καθὸ</span> 
     </span>
    </p>
   </div>
   <div class='ocr_carea' id='block_1_23' title="bbox 189 2393 1774 2487">
    <p class='ocr_par' dir='ltr' id='par_1_23' title="bbox 189 2393 1774 2487">
     <span class='ocr_line' id='line_1_23' title="bbox 189 2393 1774 2487; baseline 0.016 -44"><span class='ocrx_word' id='word_1_134' title='bbox 189 2393 289 2461; x_wconf 82' lang='grc' dir='ltr'>τὴν</span> <span class='ocrx_word' id='word_1_135' title='bbox 327 2395 608 2467; x_wconf 75' lang='grc' dir='ltr'>ἡμετέραν</span> <span class='ocrx_word' id='word_1_136' title='bbox 644 2400 823 2469; x_wconf 81' lang='grc' dir='ltr'>σάρκα</span> <span class='ocrx_word' id='word_1_137' title='bbox 859 2404 1096 2473; x_wconf 83' lang='grc' dir='ltr'>φορέσας</span> <span class='ocrx_word' id='word_1_138' title='bbox 1120 2407 1345 2476; x_wconf 67' lang='grc' dir='ltr'>ἀδελφός</span> <span class='ocrx_word' id='word_1_139' title='bbox 1368 2428 1426 2463; x_wconf 89' lang='grc' dir='ltr'><strong>τε</strong></span> <span class='ocrx_word' id='word_1_140' title='bbox 1455 2413 1614 2483; x_wconf 72' lang='grc' dir='ltr'>ἡμῶν</span> <span class='ocrx_word' id='word_1_141' title='bbox 1637 2433 1774 2487; x_wconf 86' lang='grc' dir='ltr'>χρη--</span> 
     </span>
    </p>
   </div>
   <div class='ocr_carea' id='block_1_24' title="bbox 193 2486 1776 2572">
    <p class='ocr_par' dir='ltr' id='par_1_24' title="bbox 193 2486 1776 2572">
     <span class='ocr_line' id='line_1_24' title="bbox 193 2486 1776 2572; baseline 0.016 -36"><span class='ocrx_word' id='word_1_142' title='bbox 193 2486 452 2553; x_wconf 81' lang='grc' dir='ltr'>ματίσας,</span> <span class='ocrx_word' id='word_1_143' title='bbox 480 2488 643 2543; x_wconf 79' lang='grc' dir='ltr'>τοῦτο</span> <span class='ocrx_word' id='word_1_144' title='bbox 669 2491 914 2546; x_wconf 79' lang='grc' dir='ltr'>καλεῖται</span> <span class='ocrx_word' id='word_1_145' title='bbox 943 2495 1190 2562; x_wconf 83' lang='grc' dir='ltr'><strong>δικαίως.</strong></span> <span class='ocrx_word' id='word_1_146' title='bbox 1217 2503 1572 2572; x_wconf 86' lang='grc' dir='ltr'>Πρωτότοκος</span> <span class='ocrx_word' id='word_1_147' title='bbox 1601 2508 1657 2560; x_wconf 81' lang='grc' dir='ltr'>δὲ</span> <span class='ocrx_word' id='word_1_148' title='bbox 1683 2510 1776 2562; x_wconf 78' lang='grc' dir='ltr'><strong>καὶ</strong></span> 
     </span>
    </p>
   </div>
   <div class='ocr_carea' id='block_1_25' title="bbox 188 2570 1774 2667">
    <p class='ocr_par' dir='ltr' id='par_1_25' title="bbox 188 2570 1774 2667">
     <span class='ocr_line' id='line_1_25' title="bbox 188 2570 1774 2667; baseline 0.02 -47"><span class='ocrx_word' id='word_1_149' title='bbox 188 2570 254 2622; x_wconf 80' lang='grc' dir='ltr'>ὲκ</span> <span class='ocrx_word' id='word_1_150' title='bbox 282 2572 393 2623; x_wconf 84' lang='grc' dir='ltr'><strong>τῶν</strong></span> <span class='ocrx_word' id='word_1_151' title='bbox 438 2576 681 2645; x_wconf 81' lang='grc' dir='ltr'>νεκρῶν·</span> <span class='ocrx_word' id='word_1_152' title='bbox 723 2579 938 2648; x_wconf 83' lang='grc' dir='ltr'>πρῶτος</span> <span class='ocrx_word' id='word_1_153' title='bbox 981 2585 1090 2656; x_wconf 83' lang='grc' dir='ltr'><strong>γὰρ</strong></span> <span class='ocrx_word' id='word_1_154' title='bbox 1137 2588 1300 2654; x_wconf 80' lang='grc' dir='ltr'>αὐτὸς</span> <span class='ocrx_word' id='word_1_155' title='bbox 1350 2595 1430 2655; x_wconf 83' lang='grc' dir='ltr'>εἰς</span> <span class='ocrx_word' id='word_1_156' title='bbox 1464 2595 1774 2667; x_wconf 69' lang='grc' dir='ltr'>ἀφθαρσίαν</span> 
     </span>
    </p>
   </div>
   <div class='ocr_carea' id='block_1_26' title="bbox 188 2663 1775 2762">
    <p class='ocr_par' dir='ltr' id='par_1_26' title="bbox 188 2663 1775 2762">
     <span class='ocr_line' id='line_1_26' title="bbox 188 2663 1775 2762; baseline 0.021 -49"><span class='ocrx_word' id='word_1_157' title='bbox 188 2663 493 2735; x_wconf 78' lang='grc' dir='ltr'>ἀνέστησεν</span> <span class='ocrx_word' id='word_1_158' title='bbox 520 2669 619 2740; x_wconf 81' lang='grc' dir='ltr'>τὴν</span> <span class='ocrx_word' id='word_1_159' title='bbox 647 2671 840 2725; x_wconf 79' lang='grc' dir='ltr'>ἑαυτοῦ</span> <span class='ocrx_word' id='word_1_160' title='bbox 869 2675 1050 2746; x_wconf 87' lang='grc' dir='ltr'>σάρκα</span> <span class='ocrx_word' id='word_1_161' title='bbox 1070 2719 1085 2743; x_wconf 90' lang='grc'><strong>,</strong></span> <span class='ocrx_word' id='word_1_162' title='bbox 1113 2682 1209 2735; x_wconf 71' lang='grc' dir='ltr'>καὶ</span> <span class='ocrx_word' id='word_1_163' title='bbox 1253 2684 1468 2754; x_wconf 78' lang='grc' dir='ltr'>πρῶτος</span> <span class='ocrx_word' id='word_1_164' title='bbox 1498 2690 1668 2762; x_wconf 77' lang='grc' dir='ltr'>αὐτὴν</span> <span class='ocrx_word' id='word_1_165' title='bbox 1695 2696 1775 2758; x_wconf 83' lang='grc' dir='ltr'>εἰς</span> 
     </span>
    </p>
   </div>
   <div class='ocr_carea' id='block_1_27' title="bbox 189 2755 1773 2858">
    <p class='ocr_par' dir='ltr' id='par_1_27' title="bbox 189 2755 1773 2858">
     <span class='ocr_line' id='line_1_27' title="bbox 189 2755 1773 2858; baseline 0.021 -54"><span class='ocrx_word' id='word_1_166' title='bbox 189 2755 458 2824; x_wconf 74' lang='grc' dir='ltr'>οὐρανοὺς</span> <span class='ocrx_word' id='word_1_167' title='bbox 499 2760 764 2832; x_wconf 80' lang='grc' dir='ltr'>ἀνήγαγε.</span> <span class='ocrx_word' id='word_1_168' title='bbox 816 2768 907 2820; x_wconf 73' lang='grc' dir='ltr'><strong>Διὸ</strong></span> <span class='ocrx_word' id='word_1_169' title='bbox 953 2771 1046 2822; x_wconf 89' lang='grc' dir='ltr'><strong>καί</strong></span> <span class='ocrx_word' id='word_1_170' title='bbox 1089 2790 1288 2843; x_wconf 73' lang='grc' dir='ltr'>φησιν·</span> <span class='ocrx_word' id='word_1_171' title='bbox 1330 2795 1350 2828; x_wconf 76' lang='grc' dir='ltr'><strong>ι</strong></span> <span class='ocrx_word' id='word_1_172' title='bbox 1395 2778 1556 2846; x_wconf 64' lang='grc' dir='ltr'>Ἐγώ</span> <span class='ocrx_word' id='word_1_173' title='bbox 1584 2755 1701 2854; x_wconf 75' lang='grc' dir='ltr'>είμι</span> 
     </span>
    </p>
   </div>
   <div class='ocr_carea' id='block_1_28' title="bbox 189 2853 1776 2947">
    <p class='ocr_par' dir='ltr' id='par_1_28' title="bbox 189 2853 1776 2947">
     <span class='ocr_line' id='line_1_28' title="bbox 189 2853 1776 2947; baseline 0.02 -43"><span class='ocrx_word' id='word_1_174' title='bbox 189 2853 329 2916; x_wconf 69' lang='lat' dir='ltr'><em>666g.</em></span> <span class='ocrx_word' id='word_1_175' title='bbox 363 2856 456 2908; x_wconf 72' lang='lat' dir='ltr'><strong>mi.</strong></span> <span class='ocrx_word' id='word_1_176' title='bbox 481 2858 592 2926; x_wconf 83' lang='grc' dir='ltr'><strong>ἐγώ</strong></span> <span class='ocrx_word' id='word_1_177' title='bbox 616 2864 735 2931; x_wconf 83' lang='grc' dir='ltr'>είμι</span> <span class='ocrx_word' id='word_1_178' title='bbox 771 2865 803 2933; x_wconf 82' lang='grc' dir='ltr'><strong>η</strong></span> <span class='ocrx_word' id='word_1_179' title='bbox 832 2863 994 2936; x_wconf 80' lang='grc' dir='ltr'>θύρα.</span> <span class='ocrx_word' id='word_1_180' title='bbox 1037 2870 1162 2922; x_wconf 79' lang='grc' dir='ltr'><strong>»Δι’</strong></span> <span class='ocrx_word' id='word_1_181' title='bbox 1201 2871 1516 2946; x_wconf 75' lang='grc' dir='ltr'>αὐτοῦ’·γάρ</span> <span class='ocrx_word' id='word_1_182' title='bbox 1547 2853 1776 2947; x_wconf 13' lang='grc' dir='ltr'>η’φγύσις</span> 
     </span>
    </p>
   </div>
   <div class='ocr_carea' id='block_1_29' title="bbox 190 2947 1773 3042">
    <p class='ocr_par' dir='ltr' id='par_1_29' title="bbox 190 2947 1773 3042">
     <span class='ocr_line' id='line_1_29' title="bbox 190 2947 1773 3042; baseline 0.02 -45"><span class='ocrx_word' id='word_1_183' title='bbox 190 2947 236 3015; x_wconf 78' lang='grc' dir='ltr'><strong>ή-</strong></span> <span class='ocrx_word' id='word_1_184' title='bbox 255 2947 576 3018; x_wconf 83' lang='grc' dir='ltr'>ἀνθρωπεία</span> <span class='ocrx_word' id='word_1_185' title='bbox 619 2955 714 3008; x_wconf 78' lang='grc' dir='ltr'><strong>καὶ</strong></span> <span class='ocrx_word' id='word_1_186' title='bbox 743 2957 844 3027; x_wconf 79' lang='grc' dir='ltr'>τὴν</span> <span class='ocrx_word' id='word_1_187' title='bbox 875 2961 1069 3030; x_wconf 80' lang='grc' dir='ltr'>καινὴν</span> <span class='ocrx_word' id='word_1_188' title='bbox 1103 2963 1204 3030; x_wconf 79' lang='grc' dir='ltr'>τῆς</span> <span class='ocrx_word' id='word_1_189' title='bbox 1232 2966 1584 3034; x_wconf 83' lang='grc' dir='ltr'>ἀναστάσεως</span> <span class='ocrx_word' id='word_1_190' title='bbox 1619 2973 1773 3042; x_wconf 83' lang='grc' dir='ltr'>βαδί-</span> 
     </span>
    </p>
   </div>
   <div class='ocr_carea' id='block_1_30' title="bbox 188 3039 1774 3137">
    <p class='ocr_par' dir='ltr' id='par_1_30' title="bbox 188 3039 1774 3137">
     <span class='ocr_line' id='line_1_30' title="bbox 188 3039 1774 3137; baseline 0.019 -46"><span class='ocrx_word' id='word_1_191' title='bbox 188 3039 302 3101; x_wconf 61' lang='grc' dir='ltr'>ζειν</span> <span class='ocrx_word' id='word_1_192' title='bbox 328 3043 460 3095; x_wconf 69' lang='grc' dir='ltr'>ὁδὸν</span> <span class='ocrx_word' id='word_1_193' title='bbox 503 3045 898 3114; x_wconf 75' lang='grc' dir='ltr'>ἐκδιδάσκεται,</span> <span class='ocrx_word' id='word_1_194' title='bbox 949 3055 1041 3106; x_wconf 74' lang='grc' dir='ltr'><strong>καὶ</strong></span> <span class='ocrx_word' id='word_1_195' title='bbox 1086 3055 1276 3130; x_wconf 80' lang='grc' dir='ltr'>ὥσπερ</span> <span class='ocrx_word' id='word_1_196' title='bbox 1308 3059 1572 3127; x_wconf 78' lang='grc' dir='ltr'>διάτινος</span> <span class='ocrx_word' id='word_1_197' title='bbox 1603 3065 1774 3137; x_wconf 80' lang='grc' dir='ltr'>θύρας</span> 
     </span>
    </p>
   </div>
   <div class='ocr_carea' id='block_1_31' title="bbox 186 3133 1203 3219">
    <p class='ocr_par' dir='ltr' id='par_1_31' title="bbox 186 3133 1203 3219">
     <span class='ocr_line' id='line_1_31' title="bbox 186 3133 1203 3219; baseline 0.019 -36"><span class='ocrx_word' id='word_1_198' title='bbox 186 3133 266 3195; x_wconf 83' lang='grc' dir='ltr'>εἰς</span> <span class='ocrx_word' id='word_1_199' title='bbox 293 3134 461 3187; x_wconf 73' lang='grc' dir='ltr'>αὐτὸν</span> <span class='ocrx_word' id='word_1_200' title='bbox 493 3138 801 3219; x_wconf 81' lang='grc' dir='ltr'>εἰσέρχεται</span> <span class='ocrx_word' id='word_1_201' title='bbox 834 3143 924 3197; x_wconf 79' lang='grc' dir='ltr'><strong>τὸν</strong></span> <span class='ocrx_word' id='word_1_202' title='bbox 952 3146 1203 3216; x_wconf 83' lang='grc' dir='ltr'>οὐρανόν.</span> 
     </span>
    </p>
   </div>
   <div class='ocr_carea' id='block_1_32' title="bbox 188 3251 1772 3343">
    <p class='ocr_par' dir='ltr' id='par_1_32' title="bbox 188 3251 1772 3343">
     <span class='ocr_line' id='line_1_32' title="bbox 188 3251 1772 3343; baseline 0.019 -43"><span class='ocrx_word' id='word_1_203' title='bbox 188 3251 396 3312; x_wconf 77' lang='grc' dir='ltr'><strong>ΔΛΛΟ,</strong></span> <span class='ocrx_word' id='word_1_204' title='bbox 441 3251 562 3320; x_wconf 78' lang='grc' dir='ltr'><strong>πῶς</strong></span> <span class='ocrx_word' id='word_1_205' title='bbox 605 3255 680 3309; x_wconf 77' lang='grc' dir='ltr'><strong>ἂν</strong></span> <span class='ocrx_word' id='word_1_206' title='bbox 708 3260 974 3343; x_wconf 58' lang='grc' dir='ltr'>ειςνσεϐῶς</span> <span class='ocrx_word' id='word_1_207' title='bbox 999 3267 1242 3343; x_wconf 53' lang='grc' dir='ltr'>γοηθειή</span> <span class='ocrx_word' id='word_1_208' title='bbox 1267 3308 1279 3328; x_wconf 84' lang='grc'><strong>,</strong></span> <span class='ocrx_word' id='word_1_209' title='bbox 1315 3287 1334 3320; x_wconf 77' lang='grc' dir='ltr'><strong>ι</strong></span> <span class='ocrx_word' id='word_1_210' title='bbox 1387 3273 1772 3343; x_wconf 80' lang='grc' dir='ltr'>Πρωτότοκος</span> 
     </span>
    </p>
   </div>
   <div class='ocr_carea' id='block_1_33' title="bbox 684 3328 1256 3411">
    <p class='ocr_par' dir='ltr' id='par_1_33' title="bbox 684 3328 1256 3411">
     <span class='ocr_line' id='line_1_33' title="bbox 684 3328 1256 3411; baseline 0.016 -30"><span class='ocrx_word' id='word_1_211' title='bbox 684 3328 892 3397; x_wconf 82' lang='grc' dir='ltr'><strong>πάσης</strong></span> <span class='ocrx_word' id='word_1_212' title='bbox 925 3328 1197 3411; x_wconf 75' lang='grc' dir='ltr'>κτίσεως.</span> <span class='ocrx_word' id='word_1_213' title='bbox 1228 3328 1256 3389; x_wconf 67' lang='grc' dir='ltr'><strong>ἰ</strong></span> 
     </span>
    </p>
   </div>
   <div class='ocr_carea' id='block_1_34' title="bbox 258 3429 1774 3527">
    <p class='ocr_par' dir='ltr' id='par_1_34' title="bbox 258 3429 1774 3527">
     <span class='ocr_line' id='line_1_34' title="bbox 258 3429 1774 3527; baseline 0.02 -46"><span class='ocrx_word' id='word_1_214' title='bbox 258 3429 363 3527; x_wconf 76' lang='grc' dir='ltr'>Διά</span> <span class='ocrx_word' id='word_1_215' title='bbox 388 3431 490 3503; x_wconf 82' lang='grc' dir='ltr'><strong>τὴν</strong></span> <span class='ocrx_word' id='word_1_216' title='bbox 517 3435 610 3488; x_wconf 81' lang='grc' dir='ltr'><strong>τοῦ</strong></span> <span class='ocrx_word' id='word_1_217' title='bbox 639 3439 853 3512; x_wconf 78' lang='grc' dir='ltr'>Πατρὺς</span> <span class='ocrx_word' id='word_1_218' title='bbox 875 3443 1289 3516; x_wconf 80' lang='grc' dir='ltr'>φιλανθρωπίαν</span> <span class='ocrx_word' id='word_1_219' title='bbox 1317 3451 1384 3521; x_wconf 82' lang='grc' dir='ltr'>ἦν</span> <span class='ocrx_word' id='word_1_220' title='bbox 1413 3453 1524 3524; x_wconf 81' lang='grc' dir='ltr'>ἔχει</span> <span class='ocrx_word' id='word_1_221' title='bbox 1556 3459 1682 3527; x_wconf 72' lang='grc' dir='ltr'>περὶ</span> <span class='ocrx_word' id='word_1_222' title='bbox 1705 3461 1774 3512; x_wconf 78' lang='grc' dir='ltr'>τὰ</span> 
     </span>
    </p>
   </div>
   <div class='ocr_carea' id='block_1_35' title="bbox 187 3521 1773 3616">
    <p class='ocr_par' dir='ltr' id='par_1_35' title="bbox 187 3521 1773 3616">
     <span class='ocr_line' id='line_1_35' title="bbox 187 3521 1773 3616; baseline 0.02 -44"><span class='ocrx_word' id='word_1_223' title='bbox 187 3521 360 3576; x_wconf 69' lang='grc' dir='ltr'>αὑτοῦ</span> <span class='ocrx_word' id='word_1_224' title='bbox 399 3527 696 3595; x_wconf 83' lang='grc' dir='ltr'>κτίσματα,</span> <span class='ocrx_word' id='word_1_225' title='bbox 734 3535 1080 3603; x_wconf 77' lang='grc' dir='ltr'>πρωτότοκον</span> <span class='ocrx_word' id='word_1_226' title='bbox 1105 3541 1298 3594; x_wconf 80' lang='grc' dir='ltr'>ἑαυτὸν</span> <span class='ocrx_word' id='word_1_227' title='bbox 1327 3545 1510 3616; x_wconf 78' lang='grc' dir='ltr'>πάσης</span> <span class='ocrx_word' id='word_1_228' title='bbox 1544 3551 1773 3615; x_wconf 77' lang='grc' dir='ltr'>κτίσεως</span> 
     </span>
    </p>
   </div>
   <div class='ocr_carea' id='block_1_36' title="bbox 191 3613 1776 3709">
    <p class='ocr_par' dir='ltr' id='par_1_36' title="bbox 191 3613 1776 3709">
     <span class='ocr_line' id='line_1_36' title="bbox 191 3613 1776 3709; baseline 0.02 -46"><span class='ocrx_word' id='word_1_229' title='bbox 191 3613 462 3667; x_wconf 80' lang='grc' dir='ltr'>ἐκάλεσεν</span> <span class='ocrx_word' id='word_1_230' title='bbox 488 3619 516 3670; x_wconf 88' lang='lat'><strong>6</strong></span> <span class='ocrx_word' id='word_1_231' title='bbox 553 3619 706 3683; x_wconf 77' lang='grc' dir='ltr'>Υἱὸς,</span> <span class='ocrx_word' id='word_1_232' title='bbox 739 3624 832 3676; x_wconf 74' lang='grc' dir='ltr'><strong>καὶ</strong></span> <span class='ocrx_word' id='word_1_233' title='bbox 862 3628 928 3696; x_wconf 89' lang='grc' dir='ltr'>τῇ</span> <span class='ocrx_word' id='word_1_234' title='bbox 977 3628 1111 3695; x_wconf 81' lang='grc' dir='ltr'>πρὸς</span> <span class='ocrx_word' id='word_1_235' title='bbox 1137 3631 1210 3682; x_wconf 82' lang='grc' dir='ltr'><strong>τά</strong></span> <span class='ocrx_word' id='word_1_236' title='bbox 1259 3613 1605 3706; x_wconf 52' lang='grc' dir='ltr'>πεποιημένα</span> <span class='ocrx_word' id='word_1_237' title='bbox 1646 3613 1776 3709; x_wconf 42' lang='grc' dir='ltr'><strong>συγξ-</strong></span> 
     </span>
    </p>
   </div>
   <div class='ocr_carea' id='block_1_37' title="bbox 189 3705 1774 3790">
    <p class='ocr_par' dir='ltr' id='par_1_37' title="bbox 189 3705 1774 3790">
     <span class='ocr_line' id='line_1_37' title="bbox 189 3705 1774 3790; baseline 0.019 -35"><span class='ocrx_word' id='word_1_238' title='bbox 189 3705 796 3784; x_wconf 74' lang='grc' dir='ltr'>καταϐᾶσαμονονουχὶ</span> <span class='ocrx_word' id='word_1_239' title='bbox 841 3717 936 3769; x_wconf 69' lang='grc' dir='ltr'><strong>καὶ</strong></span> <span class='ocrx_word' id='word_1_240' title='bbox 969 3719 1163 3773; x_wconf 80' lang='grc' dir='ltr'>ἑαυτὸν</span> <span class='ocrx_word' id='word_1_241' title='bbox 1196 3723 1410 3790; x_wconf 78' lang='grc' dir='ltr'>τούτοις</span> <span class='ocrx_word' id='word_1_242' title='bbox 1458 3732 1774 3786; x_wconf 79' lang='grc' dir='ltr'>συντάττειν</span> 
     </span>
    </p>
   </div>
   <div class='ocr_carea' id='block_1_38' title="bbox 189 3796 1770 3890">
    <p class='ocr_par' dir='ltr' id='par_1_38' title="bbox 189 3796 1770 3890">
     <span class='ocr_line' id='line_1_38' title="bbox 189 3796 1770 3890; baseline 0.018 -42"><span class='ocrx_word' id='word_1_243' title='bbox 189 3797 290 3849; x_wconf 78' lang='grc' dir='ltr'>οὐκ</span> <span class='ocrx_word' id='word_1_244' title='bbox 321 3796 505 3851; x_wconf 75' lang='grc' dir='ltr'>ὀκνεῖ-ο</span> <span class='ocrx_word' id='word_1_245' title='bbox 551 3802 618 3854; x_wconf 78' lang='grc' dir='ltr'>ἵν’</span> <span class='ocrx_word' id='word_1_246' title='bbox 643 3803 942 3877; x_wconf 77' lang='grc' dir='ltr'>ἐπειδήπερ</span> <span class='ocrx_word' id='word_1_247' title='bbox 971 3810 1215 3871; x_wconf 83' lang='grc' dir='ltr'>καλεῖται</span> <span class='ocrx_word' id='word_1_248' title='bbox 1248 3815 1455 3870; x_wconf 86' lang='grc' dir='ltr'>τούτων</span> <span class='ocrx_word' id='word_1_249' title='bbox 1490 3823 1770 3890; x_wconf 79' lang='grc' dir='ltr'>πρωτότο-</span> 
     </span>
    </p>
   </div>
   <div class='ocr_carea' id='block_1_39' title="bbox 189 3887 1776 3980">
    <p class='ocr_par' dir='ltr' id='par_1_39' title="bbox 189 3887 1776 3980">
     <span class='ocr_line' id='line_1_39' title="bbox 189 3887 1776 3980; baseline 0.017 -43"><span class='ocrx_word' id='word_1_250' title='bbox 189 3903 305 3950; x_wconf 83' lang='grc' dir='ltr'>κος,</span> <span class='ocrx_word' id='word_1_251' title='bbox 360 3887 427 3940; x_wconf 58' lang='grc' dir='ltr'>διτ</span> <span class='ocrx_word' id='word_1_252' title='bbox 469 3891 658 3980; x_wconf 11' lang='grc' dir='ltr'>αὐτὸνςν</span> <span class='ocrx_word' id='word_1_253' title='bbox 682 3893 924 3965; x_wconf 78' lang='grc' dir='ltr'>σώζηται</span> <span class='ocrx_word' id='word_1_254' title='bbox 950 3898 1020 3952; x_wconf 79' lang='grc' dir='ltr'><strong>τά</strong></span> <span class='ocrx_word' id='word_1_255' title='bbox 1057 3901 1174 3969; x_wconf 85' lang='grc' dir='ltr'>μετ’</span> <span class='ocrx_word' id='word_1_256' title='bbox 1216 3904 1402 3960; x_wconf 77' lang='grc' dir='ltr'>αὐτόν.</span> <span class='ocrx_word' id='word_1_257' title='bbox 1452 3887 1664 3980; x_wconf 22' lang='grc' dir='ltr'>Είϋγάρ</span> <span class='ocrx_word' id='word_1_258' title='bbox 1695 3911 1776 3964; x_wconf 87' lang='grc' dir='ltr'><strong>δεῖ</strong></span> 
     </span>
    </p>
   </div>
   <div class='ocr_carea' id='block_1_40' title="bbox 191 3978 1775 4064">
    <p class='ocr_par' dir='ltr' id='par_1_40' title="bbox 191 3978 1775 4064">
     <span class='ocr_line' id='line_1_40' title="bbox 191 3978 1775 4064; baseline 0.017 -34"><span class='ocrx_word' id='word_1_259' title='bbox 191 3978 416 4042; x_wconf 77' lang='grc' dir='ltr'>πάντως</span> <span class='ocrx_word' id='word_1_260' title='bbox 438 3981 600 4034; x_wconf 73' lang='grc' dir='ltr'>αὑτὸν</span> <span class='ocrx_word' id='word_1_261' title='bbox 618 3979 762 4040; x_wconf 79' lang='grc' dir='ltr'>εἶναι</span> <span class='ocrx_word' id='word_1_262' title='bbox 785 3990 1152 4060; x_wconf 77' lang='grc' dir='ltr'>πρωτότοκον,</span> <span class='ocrx_word' id='word_1_263' title='bbox 1181 3995 1406 4062; x_wconf 75' lang='grc' dir='ltr'>μενοῦσι</span> <span class='ocrx_word' id='word_1_264' title='bbox 1436 3999 1654 4064; x_wconf 86' lang='grc' dir='ltr'>πάντως</span> <span class='ocrx_word' id='word_1_265' title='bbox 1679 4004 1775 4057; x_wconf 80' lang='grc' dir='ltr'><strong>καὶ</strong></span> 
     </span>
    </p>
   </div>
   <div class='ocr_carea' id='block_1_41' title="bbox 188 4061 1774 4164">
    <p class='ocr_par' dir='ltr' id='par_1_41' title="bbox 188 4061 1774 4164">
     <span class='ocr_line' id='line_1_41' title="bbox 188 4061 1774 4164; baseline 0.016 -42"><span class='ocrx_word' id='word_1_266' title='bbox 188 4061 265 4123; x_wconf 78' lang='grc' dir='ltr'>ὧν</span> <span class='ocrx_word' id='word_1_267' title='bbox 306 4074 429 4124; x_wconf 76' lang='grc' dir='ltr'>ἐστι</span> <span class='ocrx_word' id='word_1_268' title='bbox 477 4075 844 4146; x_wconf 85' lang='grc' dir='ltr'>πρωτότοκος.</span> <span class='ocrx_word' id='word_1_269' title='bbox 895 4081 1049 4134; x_wconf 86' lang='grc' dir='ltr'>’Ἐστι</span> <span class='ocrx_word' id='word_1_270' title='bbox 1097 4085 1278 4138; x_wconf 85' lang='grc' dir='ltr'>τοίνυν</span> <span class='ocrx_word' id='word_1_271' title='bbox 1329 4091 1625 4162; x_wconf 77' lang='grc' dir='ltr'>μονογενὴς</span> <span class='ocrx_word' id='word_1_272' title='bbox 1673 4094 1774 4164; x_wconf 81' lang='grc' dir='ltr'><strong>μὲν</strong></span> 
     </span>
    </p>
   </div>
   <div class='ocr_carea' id='block_1_42' title="bbox 188 4162 1770 4248">
    <p class='ocr_par' dir='ltr' id='par_1_42' title="bbox 188 4162 1770 4248">
     <span class='ocr_line' id='line_1_42' title="bbox 188 4162 1770 4248; baseline 0.016 -36"><span class='ocrx_word' id='word_1_273' title='bbox 188 4162 332 4214; x_wconf 80' lang='grc' dir='ltr'><strong>κατά</strong></span> <span class='ocrx_word' id='word_1_274' title='bbox 384 4162 566 4231; x_wconf 76' lang='grc' dir='ltr'>φύσιν,</span> <span class='ocrx_word' id='word_1_275' title='bbox 614 4165 708 4219; x_wconf 85' lang='grc' dir='ltr'>ἆτε</span> <span class='ocrx_word' id='word_1_276' title='bbox 749 4168 812 4239; x_wconf 76' lang='grc' dir='ltr'>δὴ</span> <span class='ocrx_word' id='word_1_277' title='bbox 849 4171 1006 4238; x_wconf 84' lang='grc' dir='ltr'>μόνος</span> <span class='ocrx_word' id='word_1_278' title='bbox 1046 4171 1124 4225; x_wconf 81' lang='grc' dir='ltr'>ὢν</span> <span class='ocrx_word' id='word_1_279' title='bbox 1159 4175 1223 4227; x_wconf 80' lang='grc' dir='ltr'>ὲκ</span> <span class='ocrx_word' id='word_1_280' title='bbox 1268 4178 1500 4248; x_wconf 59' lang='grc' dir='ltr'>Πατρός,</span> <span class='ocrx_word' id='word_1_281' title='bbox 1537 4182 1670 4246; x_wconf 74' lang='grc' dir='ltr'>Θεὸς</span> <span class='ocrx_word' id='word_1_282' title='bbox 1704 4185 1770 4236; x_wconf 87' lang='grc' dir='ltr'><strong>ἐκ</strong></span> 
     </span>
    </p>
   </div>
   <div class='ocr_carea' id='block_1_43' title="bbox 187 4254 1775 4340">
    <p class='ocr_par' dir='ltr' id='par_1_43' title="bbox 187 4254 1775 4340">
     <span class='ocr_line' id='line_1_43' title="bbox 187 4254 1775 4340; baseline 0.015 -35"><span class='ocrx_word' id='word_1_283' title='bbox 187 4254 352 4316; x_wconf 77' lang='grc' dir='ltr'>Θεοῦ,</span> <span class='ocrx_word' id='word_1_284' title='bbox 383 4256 499 4322; x_wconf 79' lang='grc' dir='ltr'><strong>φῶς</strong></span> <span class='ocrx_word' id='word_1_285' title='bbox 532 4258 598 4310; x_wconf 82' lang='grc' dir='ltr'><strong>ἐκ</strong></span> <span class='ocrx_word' id='word_1_286' title='bbox 625 4260 799 4327; x_wconf 81' lang='grc' dir='ltr'>φωτὸς</span> <span class='ocrx_word' id='word_1_287' title='bbox 832 4263 1158 4334; x_wconf 69' lang='grc' dir='ltr'>ἀναλάμψας</span> <span class='ocrx_word' id='word_1_288' title='bbox 1180 4284 1192 4296; x_wconf 92' lang='grc'><strong>·</strong></span> <span class='ocrx_word' id='word_1_289' title='bbox 1239 4271 1587 4340; x_wconf 81' lang='grc' dir='ltr'>πρωτότοκος</span> <span class='ocrx_word' id='word_1_290' title='bbox 1619 4275 1674 4328; x_wconf 83' lang='grc' dir='ltr'>δὲ</span> <span class='ocrx_word' id='word_1_291' title='bbox 1708 4276 1775 4329; x_wconf 80' lang='grc' dir='ltr'>δι’</span> 
     </span>
    </p>
   </div>
   <div class='ocr_carea' id='block_1_44' title="bbox 185 4348 1774 4434">
    <p class='ocr_par' dir='ltr' id='par_1_44' title="bbox 185 4348 1774 4434">
     <span class='ocr_line' id='line_1_44' title="bbox 185 4348 1774 4434; baseline 0.016 -38"><span class='ocrx_word' id='word_1_292' title='bbox 185 4349 361 4414; x_wconf 74' lang='grc' dir='ltr'>ἡμᾶς,</span> <span class='ocrx_word' id='word_1_293' title='bbox 395 4348 462 4399; x_wconf 80' lang='grc' dir='ltr'>ἵν’</span> <span class='ocrx_word' id='word_1_294' title='bbox 506 4350 694 4422; x_wconf 80' lang='grc' dir='ltr'>ὥσπερ</span> <span class='ocrx_word' id='word_1_295' title='bbox 734 4352 988 4426; x_wconf 82' lang='grc' dir='ltr'>ἀθανάτῳ</span> <span class='ocrx_word' id='word_1_296' title='bbox 1024 4359 1130 4410; x_wconf 73' lang='grc' dir='ltr'>τινὶ</span> <span class='ocrx_word' id='word_1_297' title='bbox 1177 4360 1301 4431; x_wconf 77' lang='grc' dir='ltr'><strong>ῥίζῃ</strong></span> <span class='ocrx_word' id='word_1_298' title='bbox 1351 4367 1501 4418; x_wconf 81' lang='grc' dir='ltr'>πᾶσα</span> <span class='ocrx_word' id='word_1_299' title='bbox 1533 4367 1564 4434; x_wconf 87' lang='grc' dir='ltr'>ἡ</span> <span class='ocrx_word' id='word_1_300' title='bbox 1597 4367 1774 4431; x_wconf 82' lang='grc' dir='ltr'>κτίσις</span> 
     </span>
    </p>
   </div>
   <div class='ocr_carea' id='block_1_45' title="bbox 189 4437 1774 4528">
    <p class='ocr_par' dir='ltr' id='par_1_45' title="bbox 189 4437 1774 4528">
     <span class='ocr_line' id='line_1_45' title="bbox 189 4437 1774 4528; baseline 0.015 -41"><span class='ocrx_word' id='word_1_301' title='bbox 189 4437 695 4512; x_wconf 68' lang='grc' dir='ltr'>ὲγκεκεντρισμένη</span> <span class='ocrx_word' id='word_1_302' title='bbox 731 4446 824 4504; x_wconf 82' lang='grc' dir='ltr'><strong>καὶ</strong></span> <span class='ocrx_word' id='word_1_303' title='bbox 859 4447 921 4499; x_wconf 84' lang='grc' dir='ltr'>ἐκ</span> <span class='ocrx_word' id='word_1_304' title='bbox 969 4447 1060 4500; x_wconf 79' lang='grc' dir='ltr'><strong>τοῦ</strong></span> <span class='ocrx_word' id='word_1_305' title='bbox 1110 4452 1197 4502; x_wconf 73' lang='grc' dir='ltr'><strong>ἀεὶ</strong></span> <span class='ocrx_word' id='word_1_306' title='bbox 1227 4451 1379 4514; x_wconf 81' lang='grc' dir='ltr'>ὄντος</span> <span class='ocrx_word' id='word_1_307' title='bbox 1429 4455 1774 4528; x_wconf 74' lang='grc' dir='ltr'>ἀναϐλαστῆ-</span> 
     </span>
    </p>
   </div>
   <div class='ocr_carea' id='block_1_46' title="bbox 1800 3195 1848 3259">
    <p class='ocr_par' dir='ltr' id='par_1_46' title="bbox 1800 3195 1848 3259">
     <span class='ocr_line' id='line_1_46' title="bbox 1800 3195 1848 3259; baseline 0 -7"><span class='ocrx_word' id='word_1_308' title='bbox 1800 3195 1848 3259; x_wconf 70' lang='lat'><strong>(1</strong></span> 
     </span>
    </p>
   </div>
   <div class='ocr_carea' id='block_1_47' title="bbox 1878 591 3464 673">
    <p class='ocr_par' dir='ltr' id='par_1_47' title="bbox 1878 591 3464 673">
     <span class='ocr_line' id='line_1_47' title="bbox 1878 591 3464 673; baseline 0.012 -29"><span class='ocrx_word' id='word_1_309' title='bbox 1878 591 2115 660; x_wconf 89' lang='lat' dir='ltr'><strong>positum</strong></span> <span class='ocrx_word' id='word_1_310' title='bbox 2157 610 2279 650; x_wconf 90' lang='lat' dir='ltr'><strong>esse</strong></span> <span class='ocrx_word' id='word_1_311' title='bbox 2307 598 2480 666; x_wconf 87' lang='lat' dir='ltr'><strong>ipsum</strong></span> <span class='ocrx_word' id='word_1_312' title='bbox 2529 601 2913 672; x_wconf 74' lang='lat' dir='ltr'><strong>intelligamus,</strong></span> <span class='ocrx_word' id='word_1_313' title='bbox 2960 607 3166 673; x_wconf 84' lang='lat' dir='ltr'><strong>primus</strong></span> <span class='ocrx_word' id='word_1_314' title='bbox 3207 609 3312 663; x_wconf 89' lang='lat' dir='ltr'><strong>erit</strong></span> <span class='ocrx_word' id='word_1_315' title='bbox 3345 625 3464 664; x_wconf 94' lang='lat' dir='ltr'><strong>om-</strong></span> 
     </span>
    </p>
   </div>
   <div class='ocr_carea' id='block_1_48' title="bbox 1880 683 3461 766">
    <p class='ocr_par' dir='ltr' id='par_1_48' title="bbox 1880 683 3461 766">
     <span class='ocr_line' id='line_1_48' title="bbox 1880 683 3461 766; baseline 0.012 -31"><span class='ocrx_word' id='word_1_316' title='bbox 1880 683 2050 737; x_wconf 92' lang='lat' dir='ltr'><strong>nium.</strong></span> <span class='ocrx_word' id='word_1_317' title='bbox 2087 684 2142 739; x_wconf 93' lang='lat' dir='ltr'><strong>Si</strong></span> <span class='ocrx_word' id='word_1_318' title='bbox 2189 702 2316 742; x_wconf 89' lang='lat' dir='ltr'><strong>vero</strong></span> <span class='ocrx_word' id='word_1_319' title='bbox 2357 691 2469 756; x_wconf 87' lang='lat' dir='ltr'><strong>ipse</strong></span> <span class='ocrx_word' id='word_1_320' title='bbox 2510 707 2724 763; x_wconf 88' lang='lat' dir='ltr'><strong>quoque</strong></span> <span class='ocrx_word' id='word_1_321' title='bbox 2765 697 3018 751; x_wconf 90' lang='lat' dir='ltr'><strong>omnibus</strong></span> <span class='ocrx_word' id='word_1_322' title='bbox 3050 712 3461 766; x_wconf 71' lang='lat' dir='ltr'><strong>annumeratur,</strong></span> 
     </span>
    </p>
   </div>
   <div class='ocr_carea' id='block_1_49' title="bbox 1875 775 3460 860">
    <p class='ocr_par' dir='ltr' id='par_1_49' title="bbox 1875 775 3460 860">
     <span class='ocr_line' id='line_1_49' title="bbox 1875 775 3460 860; baseline 0.012 -34"><span class='ocrx_word' id='word_1_323' title='bbox 1875 775 1981 828; x_wconf 91' lang='lat' dir='ltr'><strong>erit</strong></span> <span class='ocrx_word' id='word_1_324' title='bbox 2007 777 2107 830; x_wconf 89' lang='lat' dir='ltr'><strong>sibi</strong></span> <span class='ocrx_word' id='word_1_325' title='bbox 2139 776 2237 845; x_wconf 84' lang='lat' dir='ltr'><strong>ipsi</strong></span> <span class='ocrx_word' id='word_1_326' title='bbox 2279 779 2444 850; x_wconf 78' lang='lat'><strong>238</strong></span> <span class='ocrx_word' id='word_1_327' title='bbox 2481 783 2690 838; x_wconf 85' lang='lat' dir='ltr'><strong>ratione</strong></span> <span class='ocrx_word' id='word_1_328' title='bbox 2723 787 2981 852; x_wconf 87' lang='lat' dir='ltr'><strong>temporis</strong></span> <span class='ocrx_word' id='word_1_329' title='bbox 3018 789 3460 860; x_wconf 50' lang='lat' dir='ltr'><strong>SCCtllltlllstl‘i-t</strong></span> 
     </span>
    </p>
   </div>
   <div class='ocr_carea' id='block_1_50' title="bbox 1877 866 3461 948">
    <p class='ocr_par' dir='ltr' id='par_1_50' title="bbox 1877 866 3461 948">
     <span class='ocr_line' id='line_1_50' title="bbox 1877 866 3461 948; baseline 0.01 -30"><span class='ocrx_word' id='word_1_330' title='bbox 1877 881 1997 920; x_wconf 89' lang='lat' dir='ltr'><strong>mus</strong></span> <span class='ocrx_word' id='word_1_331' title='bbox 2026 866 2240 936; x_wconf 82' lang='lat' dir='ltr'><strong>quidem</strong></span> <span class='ocrx_word' id='word_1_332' title='bbox 2283 869 2438 939; x_wconf 79' lang='lat' dir='ltr'><strong>juxta</strong></span> <span class='ocrx_word' id='word_1_333' title='bbox 2489 872 2638 926; x_wconf 92' lang='lat' dir='ltr'><strong>illum</strong></span> <span class='ocrx_word' id='word_1_334' title='bbox 2695 875 2935 939; x_wconf 88' lang='lat' dir='ltr'><strong>modum,</strong></span> <span class='ocrx_word' id='word_1_335' title='bbox 2993 878 3262 934; x_wconf 84' lang='lat' dir='ltr'><strong>secundus</strong></span> <span class='ocrx_word' id='word_1_336' title='bbox 3307 878 3461 948; x_wconf 84' lang='lat' dir='ltr'><strong>juxta</strong></span> 
     </span>
    </p>
   </div>
   <div class='ocr_carea' id='block_1_51' title="bbox 1875 957 2042 1014">
    <p class='ocr_par' dir='ltr' id='par_1_51' title="bbox 1875 957 2042 1014">
     <span class='ocr_line' id='line_1_51' title="bbox 1875 957 2042 1014; baseline 0 -2"><span class='ocrx_word' id='word_1_337' title='bbox 1875 957 2042 1014; x_wconf 87' lang='lat' dir='ltr'><strong>hunc.</strong></span> 
     </span>
    </p>
   </div>
   <div class='ocr_carea' id='block_1_52' title="bbox 2554 1077 2792 1143">
    <p class='ocr_par' dir='ltr' id='par_1_52' title="bbox 2554 1077 2792 1143">
     <span class='ocr_line' id='line_1_52' title="bbox 2554 1077 2792 1143; baseline 0.013 -10"><span class='ocrx_word' id='word_1_338' title='bbox 2554 1077 2792 1143; x_wconf 76' lang='lat' dir='ltr'><strong>ALIUD&#39;</strong></span> 
     </span>
    </p>
   </div>
   <div class='ocr_carea' id='block_1_53' title="bbox 1949 1185 3463 1266">
    <p class='ocr_par' dir='ltr' id='par_1_53' title="bbox 1949 1185 3463 1266">
     <span class='ocr_line' id='line_1_53' title="bbox 1949 1185 3463 1266; baseline 0.013 -27"><span class='ocrx_word' id='word_1_339' title='bbox 1949 1185 2006 1240; x_wconf 92' lang='lat' dir='ltr'><strong>Si</strong></span> <span class='ocrx_word' id='word_1_340' title='bbox 2037 1187 2240 1243; x_wconf 88' lang='lat' dir='ltr'><strong>idcirco</strong></span> <span class='ocrx_word' id='word_1_341' title='bbox 2273 1189 2396 1258; x_wconf 85' lang='lat' dir='ltr'><strong>quia</strong></span> <span class='ocrx_word' id='word_1_342' title='bbox 2431 1200 2653 1246; x_wconf 86' lang='lat' dir='ltr'><strong>vocatur</strong></span> <span class='ocrx_word' id='word_1_343' title='bbox 2682 1194 3286 1266; x_wconf 78' lang='lat' dir='ltr'><strong>primog‘enttnsomnis</strong></span> <span class='ocrx_word' id='word_1_344' title='bbox 3305 1216 3463 1258; x_wconf 83' lang='lat' dir='ltr'><strong>crea-</strong></span> 
     </span>
    </p>
   </div>
   <div class='ocr_carea' id='block_1_54' title="bbox 1880 1279 3476 1358">
    <p class='ocr_par' dir='ltr' id='par_1_54' title="bbox 1880 1279 3476 1358">
     <span class='ocr_line' id='line_1_54' title="bbox 1880 1279 3476 1358; baseline 0.013 -28"><span class='ocrx_word' id='word_1_345' title='bbox 1880 1287 2034 1342; x_wconf 67' lang='lat' dir='ltr'><strong>turae,</strong></span> <span class='ocrx_word' id='word_1_346' title='bbox 2065 1279 2177 1346; x_wconf 89' lang='lat' dir='ltr'><strong>ipse</strong></span> <span class='ocrx_word' id='word_1_347' title='bbox 2205 1297 2431 1352; x_wconf 78' lang='lat' dir='ltr'><strong>quoque</strong></span> <span class='ocrx_word' id='word_1_348' title='bbox 2456 1295 2541 1339; x_wconf 89' lang='lat' dir='ltr'><strong>est</strong></span> <span class='ocrx_word' id='word_1_349' title='bbox 2569 1301 2708 1342; x_wconf 92' lang='lat' dir='ltr'><strong>unus</strong></span> <span class='ocrx_word' id='word_1_350' title='bbox 2749 1302 2832 1341; x_wconf 82' lang='lat' dir='ltr'><strong>ex.</strong></span> <span class='ocrx_word' id='word_1_351' title='bbox 2863 1291 3153 1358; x_wconf 79' lang='lat' dir='ltr'><strong>creaturis,</strong></span> <span class='ocrx_word' id='word_1_352' title='bbox 3195 1303 3250 1348; x_wconf 91' lang='lat' dir='ltr'><strong>et</strong></span> <span class='ocrx_word' id='word_1_353' title='bbox 3281 1296 3476 1354; x_wconf 80' lang='lat' dir='ltr'><strong>omnia.</strong></span> 
     </span>
    </p>
   </div>
   <div class='ocr_carea' id='block_1_55' title="bbox 1878 1372 3464 1454">
    <p class='ocr_par' dir='ltr' id='par_1_55' title="bbox 1878 1372 3464 1454">
     <span class='ocr_line' id='line_1_55' title="bbox 1878 1372 3464 1454; baseline 0.011 -31"><span class='ocrx_word' id='word_1_354' title='bbox 1878 1384 1976 1438; x_wconf 88' lang='lat' dir='ltr'><strong>per</strong></span> <span class='ocrx_word' id='word_1_355' title='bbox 2004 1372 2174 1438; x_wconf 86' lang='lat' dir='ltr'><strong>ipsum</strong></span> <span class='ocrx_word' id='word_1_356' title='bbox 2203 1373 2342 1428; x_wconf 82' lang='lat' dir='ltr'><strong>facta</strong></span> <span class='ocrx_word' id='word_1_357' title='bbox 2375 1385 2499 1430; x_wconf 76' lang='lat' dir='ltr'><strong>sunt</strong></span> <span class='ocrx_word' id='word_1_358' title='bbox 2520 1377 2588 1442; x_wconf 82' lang='grc'><strong>⁷³,</strong></span> <span class='ocrx_word' id='word_1_359' title='bbox 2623 1389 2888 1449; x_wconf 76' lang='lat' dir='ltr'><strong>sequetur</strong></span> <span class='ocrx_word' id='word_1_360' title='bbox 2907 1395 2971 1435; x_wconf 80' lang='lat' dir='ltr'><strong>ex</strong></span> <span class='ocrx_word' id='word_1_361' title='bbox 3007 1393 3182 1438; x_wconf 81' lang='lat' dir='ltr'><strong>vestra</strong></span> <span class='ocrx_word' id='word_1_362' title='bbox 3210 1385 3464 1454; x_wconf 76' lang='lat' dir='ltr'><strong>opinione</strong></span> 
     </span>
    </p>
   </div>
   <div class='ocr_carea' id='block_1_56' title="bbox 1878 1464 3474 1540">
    <p class='ocr_par' dir='ltr' id='par_1_56' title="bbox 1878 1464 3474 1540">
     <span class='ocr_line' id='line_1_56' title="bbox 1878 1464 3474 1540; baseline 0.014 -25"><span class='ocrx_word' id='word_1_363' title='bbox 1878 1464 2022 1531; x_wconf 91' lang='lat' dir='ltr'><strong>quod</strong></span> <span class='ocrx_word' id='word_1_364' title='bbox 2064 1464 2299 1533; x_wconf 85' lang='lat' dir='ltr'><strong>seipsum</strong></span> <span class='ocrx_word' id='word_1_365' title='bbox 2331 1467 2554 1533; x_wconf 67' lang='lat' dir='ltr'><strong>crearit,</strong></span> <span class='ocrx_word' id='word_1_366' title='bbox 2584 1478 2638 1523; x_wconf 91' lang='lat' dir='ltr'><strong>et</strong></span> <span class='ocrx_word' id='word_1_367' title='bbox 2679 1472 2820 1540; x_wconf 83' lang='lat' dir='ltr'><strong>quod</strong></span> <span class='ocrx_word' id='word_1_368' title='bbox 2850 1483 3071 1528; x_wconf 75' lang='lat' dir='ltr'><strong>creator</strong></span> <span class='ocrx_word' id='word_1_369' title='bbox 3103 1487 3327 1532; x_wconf 81' lang='lat' dir='ltr'><strong>creatus</strong></span> <span class='ocrx_word' id='word_1_370' title='bbox 3369 1478 3474 1540; x_wconf 83' lang='lat' dir='ltr'><strong>sit,.</strong></span> 
     </span>
    </p>
   </div>
   <div class='ocr_carea' id='block_1_57' title="bbox 1879 1554 3476 1628">
    <p class='ocr_par' dir='ltr' id='par_1_57' title="bbox 1879 1554 3476 1628">
     <span class='ocr_line' id='line_1_57' title="bbox 1879 1554 3476 1628; baseline 0.01 -22"><span class='ocrx_word' id='word_1_371' title='bbox 1879 1565 1932 1606; x_wconf 91' lang='lat' dir='ltr'><strong>ct</strong></span> <span class='ocrx_word' id='word_1_372' title='bbox 1958 1554 2174 1623; x_wconf 86' lang='lat' dir='ltr'><strong>quidem</strong></span> <span class='ocrx_word' id='word_1_373' title='bbox 2205 1571 2234 1610; x_wconf 87' lang='lat' dir='ltr'><strong>a</strong></span> <span class='ocrx_word' id='word_1_374' title='bbox 2261 1559 2464 1628; x_wconf 83' lang='lat' dir='ltr'><strong>seipso.</strong></span> <span class='ocrx_word' id='word_1_375' title='bbox 2502 1559 2638 1615; x_wconf 81' lang='lat' dir='ltr'><strong>Nam</strong></span> <span class='ocrx_word' id='word_1_376' title='bbox 2680 1562 2738 1618; x_wconf 90' lang='lat' dir='ltr'><strong>si.</strong></span> <span class='ocrx_word' id='word_1_377' title='bbox 2757 1564 2999 1618; x_wconf 89' lang='lat' dir='ltr'><strong>omnium</strong></span> <span class='ocrx_word' id='word_1_378' title='bbox 3045 1581 3269 1621; x_wconf 89' lang='lat' dir='ltr'><strong>numero</strong></span> <span class='ocrx_word' id='word_1_379' title='bbox 3297 1569 3476 1628; x_wconf 77' lang='lat' dir='ltr'><strong>etiam.</strong></span> 
     </span>
    </p>
   </div>
   <div class='ocr_carea' id='block_1_58' title="bbox 1883 1647 3460 1726">
    <p class='ocr_par' dir='ltr' id='par_1_58' title="bbox 1883 1647 3460 1726">
     <span class='ocr_line' id='line_1_58' title="bbox 1883 1647 3460 1726; baseline 0.008 -26"><span class='ocrx_word' id='word_1_380' title='bbox 1883 1647 1999 1715; x_wconf 90' lang='lat' dir='ltr'><strong>ipse</strong></span> <span class='ocrx_word' id='word_1_381' title='bbox 2038 1650 2367 1718; x_wconf 86' lang='lat' dir='ltr'><strong>continetur,</strong></span> <span class='ocrx_word' id='word_1_382' title='bbox 2402 1653 2695 1724; x_wconf 83' lang='lat' dir='ltr'><strong>omniaque</strong></span> <span class='ocrx_word' id='word_1_383' title='bbox 2719 1671 2818 1726; x_wconf 91' lang='lat' dir='ltr'><strong>per</strong></span> <span class='ocrx_word' id='word_1_384' title='bbox 2869 1658 3043 1726; x_wconf 87' lang='lat' dir='ltr'><strong>ipsum</strong></span> <span class='ocrx_word' id='word_1_385' title='bbox 3081 1670 3226 1724; x_wconf 90' lang='lat' dir='ltr'><strong>sunt,</strong></span> <span class='ocrx_word' id='word_1_386' title='bbox 3275 1677 3460 1716; x_wconf 89' lang='lat' dir='ltr'><strong>verum</strong></span> 
     </span>
    </p>
   </div>
   <div class='ocr_carea' id='block_1_59' title="bbox 1883 1740 3461 1810">
    <p class='ocr_par' dir='ltr' id='par_1_59' title="bbox 1883 1740 3461 1810">
     <span class='ocr_line' id='line_1_59' title="bbox 1883 1740 3461 1810; baseline 0.008 -16"><span class='ocrx_word' id='word_1_387' title='bbox 1883 1740 2104 1796; x_wconf 90' lang='lat' dir='ltr'><strong>omnino</strong></span> <span class='ocrx_word' id='word_1_388' title='bbox 2131 1741 2236 1796; x_wconf 89' lang='lat' dir='ltr'><strong>erit</strong></span> <span class='ocrx_word' id='word_1_389' title='bbox 2268 1744 2410 1810; x_wconf 89' lang='lat' dir='ltr'><strong>quod</strong></span> <span class='ocrx_word' id='word_1_390' title='bbox 2431 1745 2689 1802; x_wconf 84' lang='lat' dir='ltr'><strong>diximus.</strong></span> <span class='ocrx_word' id='word_1_391' title='bbox 2721 1749 2792 1810; x_wconf 82' lang='lat' dir='ltr'><strong>At</strong></span> <span class='ocrx_word' id='word_1_392' title='bbox 2836 1749 2880 1804; x_wconf 87' lang='lat' dir='ltr'><strong>si</strong></span> <span class='ocrx_word' id='word_1_393' title='bbox 2916 1752 3093 1805; x_wconf 85' lang='lat' dir='ltr'><strong>otnnis</strong></span> <span class='ocrx_word' id='word_1_394' title='bbox 3122 1763 3370 1807; x_wconf 80' lang='lat' dir='ltr'><strong>creatura</strong></span> <span class='ocrx_word' id='word_1_395' title='bbox 3408 1755 3461 1808; x_wconf 93' lang='lat' dir='ltr'><strong>in</strong></span> 
     </span>
    </p>
   </div>
   <div class='ocr_carea' id='block_1_60' title="bbox 1805 1833 3461 1910">
    <p class='ocr_par' dir='ltr' id='par_1_60' title="bbox 1805 1833 3461 1910">
     <span class='ocr_line' id='line_1_60' title="bbox 1805 1833 3461 1910; baseline 0.006 -18"><span class='ocrx_word' id='word_1_396' title='bbox 1805 1855 1862 1910; x_wconf 75' lang='grc' dir='ltr'><strong>Β.</strong></span> <span class='ocrx_word' id='word_1_397' title='bbox 1881 1833 1999 1903; x_wconf 87' lang='lat' dir='ltr'><strong>ipso</strong></span> <span class='ocrx_word' id='word_1_398' title='bbox 2019 1835 2233 1889; x_wconf 87' lang='lat' dir='ltr'><strong>condita</strong></span> <span class='ocrx_word' id='word_1_399' title='bbox 2263 1847 2368 1902; x_wconf 91' lang='lat' dir='ltr'><strong>est,</strong></span> <span class='ocrx_word' id='word_1_400' title='bbox 2395 1840 2668 1906; x_wconf 86' lang='lat' dir='ltr'><strong>quomodo</strong></span> <span class='ocrx_word' id='word_1_401' title='bbox 2691 1851 2872 1910; x_wconf 91' lang='lat' dir='ltr'><strong>potest</strong></span> <span class='ocrx_word' id='word_1_402' title='bbox 2897 1857 3020 1898; x_wconf 85' lang='lat' dir='ltr'><strong>esse</strong></span> <span class='ocrx_word' id='word_1_403' title='bbox 3050 1859 3187 1897; x_wconf 88' lang='lat' dir='ltr'><strong>unus</strong></span> <span class='ocrx_word' id='word_1_404' title='bbox 3217 1846 3461 1902; x_wconf 85' lang='lat' dir='ltr'><strong>omnium</strong></span> 
     </span>
    </p>
   </div>
   <div class='ocr_carea' id='block_1_61' title="bbox 1878 1923 2791 1994">
    <p class='ocr_par' dir='ltr' id='par_1_61' title="bbox 1878 1923 2791 1994">
     <span class='ocr_line' id='line_1_61' title="bbox 1878 1923 2791 1994; baseline 0.011 -18"><span class='ocrx_word' id='word_1_405' title='bbox 1878 1923 1924 1977; x_wconf 88' lang='lat' dir='ltr'><strong>is</strong></span> <span class='ocrx_word' id='word_1_406' title='bbox 1955 1939 1984 1977; x_wconf 89' lang='lat' dir='ltr'><strong>a</strong></span> <span class='ocrx_word' id='word_1_407' title='bbox 2019 1939 2127 1994; x_wconf 91' lang='lat' dir='ltr'><strong>quo</strong></span> <span class='ocrx_word' id='word_1_408' title='bbox 2156 1927 2334 1981; x_wconf 88' lang='lat' dir='ltr'><strong>omnia</strong></span> <span class='ocrx_word' id='word_1_409' title='bbox 2373 1937 2499 1984; x_wconf 89' lang='lat' dir='ltr'><strong>sunt</strong></span> <span class='ocrx_word' id='word_1_410' title='bbox 2531 1931 2791 1986; x_wconf 87' lang='lat' dir='ltr'><strong>condita?</strong></span> 
     </span>
    </p>
   </div>
   <div class='ocr_carea' id='block_1_62' title="bbox 1876 2037 3459 2122">
    <p class='ocr_par' dir='ltr' id='par_1_62' title="bbox 1876 2037 3459 2122">
     <span class='ocr_line' id='line_1_62' title="bbox 1876 2037 3459 2122; baseline 0.01 -31"><span class='ocrx_word' id='word_1_411' title='bbox 1876 2037 2426 2106; x_wconf 80' lang='lat' dir='ltr'><strong>ALIUD.narrative,</strong></span> <span class='ocrx_word' id='word_1_412' title='bbox 2478 2054 2526 2122; x_wconf 63' lang='grc' dir='ltr'><strong>ει</strong></span> <span class='ocrx_word' id='word_1_413' title='bbox 2556 2046 2820 2122; x_wconf 68' lang='lat' dir='ltr'><strong>quomodo</strong></span> <span class='ocrx_word' id='word_1_414' title='bbox 2863 2050 2945 2116; x_wconf 80' lang='lat' dir='ltr'><strong>pie</strong></span> <span class='ocrx_word' id='word_1_415' title='bbox 2989 2050 3217 2122; x_wconf 76' lang='lat' dir='ltr'><strong>intelligi</strong></span> <span class='ocrx_word' id='word_1_416' title='bbox 3253 2052 3459 2119; x_wconf 83' lang='lat' dir='ltr'><strong>debeat,</strong></span> 
     </span>
    </p>
   </div>
   <div class='ocr_carea' id='block_1_63' title="bbox 2407 2113 2940 2185">
    <p class='ocr_par' dir='ltr' id='par_1_63' title="bbox 2407 2113 2940 2185">
     <span class='ocr_line' id='line_1_63' title="bbox 2407 2113 2940 2185; baseline 0.009 -19"><span class='ocrx_word' id='word_1_417' title='bbox 2407 2132 2428 2166; x_wconf 75' lang='grc' dir='ltr'><strong>ι</strong></span> <span class='ocrx_word' id='word_1_418' title='bbox 2468 2113 2882 2185; x_wconf 65' lang='lat' dir='ltr'><strong>Primogenitus.</strong></span> <span class='ocrx_word' id='word_1_419' title='bbox 2923 2138 2940 2170; x_wconf 76' lang='grc' dir='ltr'><strong><em>ι</em></strong></span> 
     </span>
    </p>
   </div>
   <div class='ocr_carea' id='block_1_64' title="bbox 1948 2221 3466 2304">
    <p class='ocr_par' dir='ltr' id='par_1_64' title="bbox 1948 2221 3466 2304">
     <span class='ocr_line' id='line_1_64' title="bbox 1948 2221 3466 2304; baseline 0.01 -28"><span class='ocrx_word' id='word_1_420' title='bbox 1948 2221 2346 2293; x_wconf 68' lang='lat' dir='ltr'><strong>Primogenitus</strong></span> <span class='ocrx_word' id='word_1_421' title='bbox 2375 2225 2427 2280; x_wconf 93' lang='lat' dir='ltr'><strong>in</strong></span> <span class='ocrx_word' id='word_1_422' title='bbox 2452 2226 2634 2282; x_wconf 83' lang='lat' dir='ltr'><strong>multis</strong></span> <span class='ocrx_word' id='word_1_423' title='bbox 2666 2227 2924 2291; x_wconf 83' lang='lat' dir='ltr'><strong>fratribus</strong></span> <span class='ocrx_word' id='word_1_424' title='bbox 2950 2233 3170 2300; x_wconf 74' lang='lat' dir='ltr'><strong>dicitur,</strong></span> <span class='ocrx_word' id='word_1_425' title='bbox 3190 2249 3466 2304; x_wconf 12' lang='lat' dir='ltr'><strong>«quatenus</strong></span> 
     </span>
    </p>
   </div>
   <div class='ocr_carea' id='block_1_65' title="bbox 1876 2316 3457 2396">
    <p class='ocr_par' dir='ltr' id='par_1_65' title="bbox 1876 2316 3457 2396">
     <span class='ocr_line' id='line_1_65' title="bbox 1876 2316 3457 2396; baseline 0.011 -29"><span class='ocrx_word' id='word_1_426' title='bbox 1876 2328 1975 2383; x_wconf 89' lang='lat' dir='ltr'><strong>per</strong></span> <span class='ocrx_word' id='word_1_427' title='bbox 2002 2316 2180 2368; x_wconf 86' lang='lat' dir='ltr'><strong>omnia</strong></span> <span class='ocrx_word' id='word_1_428' title='bbox 2212 2316 2387 2372; x_wconf 82' lang='lat' dir='ltr'><strong>factus</strong></span> <span class='ocrx_word' id='word_1_429' title='bbox 2413 2327 2495 2374; x_wconf 86' lang='lat' dir='ltr'><strong>est</strong></span> <span class='ocrx_word' id='word_1_430' title='bbox 2527 2320 2682 2374; x_wconf 89' lang='lat' dir='ltr'><strong>nobis</strong></span> <span class='ocrx_word' id='word_1_431' title='bbox 2715 2321 3182 2393; x_wconf 75' lang='lat' dir='ltr'><strong>similisexcepto</strong></span> <span class='ocrx_word' id='word_1_432' title='bbox 3213 2337 3457 2396; x_wconf 91' lang='lat' dir='ltr'><strong>peccato,</strong></span> 
     </span>
    </p>
   </div>
   <div class='ocr_carea' id='block_1_66' title="bbox 1877 2417 3461 2488">
    <p class='ocr_par' dir='ltr' id='par_1_66' title="bbox 1877 2417 3461 2488">
     <span class='ocr_line' id='line_1_66' title="bbox 1877 2417 3461 2488; baseline 0.009 -28"><span class='ocrx_word' id='word_1_433' title='bbox 1877 2417 1930 2460; x_wconf 87' lang='lat' dir='ltr'><strong>et</strong></span> <span class='ocrx_word' id='word_1_434' title='bbox 1980 2418 2248 2476; x_wconf 86' lang='lat' dir='ltr'><strong>quatenus</strong></span> <span class='ocrx_word' id='word_1_435' title='bbox 2306 2425 2524 2465; x_wconf 89' lang='lat' dir='ltr'><strong>carnem</strong></span> <span class='ocrx_word' id='word_1_436' title='bbox 2587 2423 2828 2468; x_wconf 86' lang='lat' dir='ltr'><strong>nostram</strong></span> <span class='ocrx_word' id='word_1_437' title='bbox 2889 2425 3129 2484; x_wconf 82' lang='lat' dir='ltr'><strong>gestans,</strong></span> <span class='ocrx_word' id='word_1_438' title='bbox 3183 2417 3461 2488; x_wconf 80' lang='lat' dir='ltr'><strong>fraterque</strong></span> 
     </span>
    </p>
   </div>
   <div class='ocr_carea' id='block_1_67' title="bbox 1877 2501 3461 2578">
    <p class='ocr_par' dir='ltr' id='par_1_67' title="bbox 1877 2501 3461 2578">
     <span class='ocr_line' id='line_1_67' title="bbox 1877 2501 3461 2578; baseline 0.008 -26"><span class='ocrx_word' id='word_1_439' title='bbox 1877 2507 2062 2554; x_wconf 85' lang='lat' dir='ltr'><strong>noster</strong></span> <span class='ocrx_word' id='word_1_440' title='bbox 2085 2501 2283 2568; x_wconf 91' lang='lat' dir='ltr'><strong>dictus,</strong></span> <span class='ocrx_word' id='word_1_441' title='bbox 2321 2505 2516 2557; x_wconf 89' lang='lat' dir='ltr'><strong>merito</strong></span> <span class='ocrx_word' id='word_1_442' title='bbox 2548 2505 2618 2559; x_wconf 88' lang='lat' dir='ltr'><strong>ita</strong></span> <span class='ocrx_word' id='word_1_443' title='bbox 2653 2516 2898 2561; x_wconf 88' lang='lat' dir='ltr'><strong>vocatur.</strong></span> <span class='ocrx_word' id='word_1_444' title='bbox 2931 2505 3334 2578; x_wconf 81' lang='lat' dir='ltr'><strong>Primogenitus</strong></span> <span class='ocrx_word' id='word_1_445' title='bbox 3364 2526 3461 2564; x_wconf 88' lang='lat' dir='ltr'><strong>au-</strong></span> 
     </span>
    </p>
   </div>
   <div class='ocr_carea' id='block_1_68' title="bbox 1881 2595 3459 2668">
    <p class='ocr_par' dir='ltr' id='par_1_68' title="bbox 1881 2595 3459 2668">
     <span class='ocr_line' id='line_1_68' title="bbox 1881 2595 3459 2668; baseline 0.007 -25"><span class='ocrx_word' id='word_1_446' title='bbox 1881 2601 1986 2645; x_wconf 87' lang='lat' dir='ltr'><strong>tem</strong></span> <span class='ocrx_word' id='word_1_447' title='bbox 2034 2609 2102 2648; x_wconf 83' lang='lat' dir='ltr'><strong>ex</strong></span> <span class='ocrx_word' id='word_1_448' title='bbox 2151 2596 2376 2649; x_wconf 87' lang='lat' dir='ltr'><strong>mortuis</strong></span> <span class='ocrx_word' id='word_1_449' title='bbox 2418 2595 2636 2659; x_wconf 86' lang='lat' dir='ltr'><strong>dicitur,</strong></span> <span class='ocrx_word' id='word_1_450' title='bbox 2687 2597 2815 2664; x_wconf 83' lang='lat' dir='ltr'><strong>quia</strong></span> <span class='ocrx_word' id='word_1_451' title='bbox 2877 2597 2992 2668; x_wconf 89' lang='lat' dir='ltr'><strong>ipse</strong></span> <span class='ocrx_word' id='word_1_452' title='bbox 3046 2599 3252 2668; x_wconf 90' lang='lat' dir='ltr'><strong>primus</strong></span> <span class='ocrx_word' id='word_1_453' title='bbox 3304 2615 3459 2654; x_wconf 77' lang='lat' dir='ltr'><strong>suam</strong></span> 
     </span>
    </p>
   </div>
   <div class='ocr_carea' id='block_1_69' title="bbox 1879 2684 3461 2760">
    <p class='ocr_par' dir='ltr' id='par_1_69' title="bbox 1879 2684 3461 2760">
     <span class='ocr_line' id='line_1_69' title="bbox 1879 2684 3461 2760; baseline 0.006 -22"><span class='ocrx_word' id='word_1_454' title='bbox 1879 2684 2048 2752; x_wconf 78' lang='lat' dir='ltr'><strong>ipsius</strong></span> <span class='ocrx_word' id='word_1_455' title='bbox 2071 2701 2290 2742; x_wconf 88' lang='lat' dir='ltr'><strong>carnem</strong></span> <span class='ocrx_word' id='word_1_456' title='bbox 2312 2687 2377 2740; x_wconf 88' lang='lat' dir='ltr'><strong>ad</strong></span> <span class='ocrx_word' id='word_1_457' title='bbox 2403 2687 2862 2757; x_wconf 88' lang='lat' dir='ltr'><strong>incorruptionem</strong></span> <span class='ocrx_word' id='word_1_458' title='bbox 2887 2689 3124 2756; x_wconf 81' lang='lat' dir='ltr'><strong>reduxit,</strong></span> <span class='ocrx_word' id='word_1_459' title='bbox 3146 2692 3461 2760; x_wconf 86' lang='lat' dir='ltr'><strong>primusque</strong></span> 
     </span>
    </p>
   </div>
   <div class='ocr_carea' id='block_1_70' title="bbox 1878 2777 3460 2852">
    <p class='ocr_par' dir='ltr' id='par_1_70' title="bbox 1878 2777 3460 2852">
     <span class='ocr_line' id='line_1_70' title="bbox 1878 2777 3460 2852; baseline 0.004 -21"><span class='ocrx_word' id='word_1_460' title='bbox 1878 2792 1997 2831; x_wconf 90' lang='lat' dir='ltr'><strong>eam</strong></span> <span class='ocrx_word' id='word_1_461' title='bbox 2032 2777 2086 2831; x_wconf 84' lang='lat' dir='ltr'><strong>in</strong></span> <span class='ocrx_word' id='word_1_462' title='bbox 2116 2779 2311 2832; x_wconf 74' lang='lat' dir='ltr'><strong>cmlum</strong></span> <span class='ocrx_word' id='word_1_463' title='bbox 2351 2785 2549 2834; x_wconf 77' lang='lat' dir='ltr'><strong>evexit.</strong></span> <span class='ocrx_word' id='word_1_464' title='bbox 2602 2779 2810 2836; x_wconf 82' lang='lat' dir='ltr'><strong>Idcirco</strong></span> <span class='ocrx_word' id='word_1_465' title='bbox 2837 2783 2998 2836; x_wconf 89' lang='lat' dir='ltr'><strong>etiam</strong></span> <span class='ocrx_word' id='word_1_466' title='bbox 3031 2783 3206 2850; x_wconf 87' lang='lat' dir='ltr'><strong>inquit</strong></span> <span class='ocrx_word' id='word_1_467' title='bbox 3248 2802 3262 2838; x_wconf 90' lang='lat'><strong>:</strong></span> <span class='ocrx_word' id='word_1_468' title='bbox 3300 2802 3318 2834; x_wconf 69' lang='grc' dir='ltr'><strong>ι</strong></span> <span class='ocrx_word' id='word_1_469' title='bbox 3351 2785 3460 2852; x_wconf 81' lang='lat' dir='ltr'><strong>Ego</strong></span> 
     </span>
    </p>
   </div>
   <div class='ocr_carea' id='block_1_71' title="bbox 1877 2870 3458 2944">
    <p class='ocr_par' dir='ltr' id='par_1_71' title="bbox 1877 2870 3458 2944">
     <span class='ocr_line' id='line_1_71' title="bbox 1877 2870 3458 2944; baseline 0.003 -22"><span class='ocrx_word' id='word_1_470' title='bbox 1877 2883 1994 2922; x_wconf 89' lang='lat' dir='ltr'><strong>sum</strong></span> <span class='ocrx_word' id='word_1_471' title='bbox 2026 2870 2110 2922; x_wconf 88' lang='lat' dir='ltr'><strong>via</strong></span> <span class='ocrx_word' id='word_1_472' title='bbox 2137 2870 2204 2934; x_wconf 70' lang='grc'>⁷³,</span> <span class='ocrx_word' id='word_1_473' title='bbox 2236 2879 2288 2924; x_wconf 91' lang='lat' dir='ltr'><strong>et</strong></span> <span class='ocrx_word' id='word_1_474' title='bbox 2316 2887 2416 2942; x_wconf 76' lang='lat' dir='ltr'><strong>ego</strong></span> <span class='ocrx_word' id='word_1_475' title='bbox 2440 2887 2558 2926; x_wconf 90' lang='lat' dir='ltr'><strong>sum</strong></span> <span class='ocrx_word' id='word_1_476' title='bbox 2594 2873 2760 2940; x_wconf 79' lang='lat' dir='ltr'><strong>jauua</strong></span> <span class='ocrx_word' id='word_1_477' title='bbox 2792 2873 2858 2926; x_wconf 59' lang='grc' dir='ltr'><strong>τι.</strong></span> <span class='ocrx_word' id='word_1_478' title='bbox 2894 2891 2912 2924; x_wconf 75' lang='grc' dir='ltr'><strong>ι</strong></span> <span class='ocrx_word' id='word_1_479' title='bbox 2957 2872 3061 2928; x_wconf 78' lang='lat' dir='ltr'><strong>Per</strong></span> <span class='ocrx_word' id='word_1_480' title='bbox 3102 2875 3276 2944; x_wconf 91' lang='lat' dir='ltr'><strong>ipsum</strong></span> <span class='ocrx_word' id='word_1_481' title='bbox 3313 2876 3458 2930; x_wconf 79' lang='lat' dir='ltr'><strong>etiim</strong></span> 
     </span>
    </p>
   </div>
   <div class='ocr_carea' id='block_1_72' title="bbox 1878 2961 3461 3034">
    <p class='ocr_par' dir='ltr' id='par_1_72' title="bbox 1878 2961 3461 3034">
     <span class='ocr_line' id='line_1_72' title="bbox 1878 2961 3461 3034; baseline 0.005 -21"><span class='ocrx_word' id='word_1_482' title='bbox 1878 2972 2069 3014; x_wconf 90' lang='lat' dir='ltr'><strong>natura</strong></span> <span class='ocrx_word' id='word_1_483' title='bbox 2102 2961 2334 3015; x_wconf 86' lang='lat' dir='ltr'><strong>humana</strong></span> <span class='ocrx_word' id='word_1_484' title='bbox 2388 2979 2587 3018; x_wconf 89' lang='lat' dir='ltr'><strong>novum</strong></span> <span class='ocrx_word' id='word_1_485' title='bbox 2638 2965 2740 3019; x_wconf 78' lang='lat' dir='ltr'><strong>iter</strong></span> <span class='ocrx_word' id='word_1_486' title='bbox 2794 2966 2999 3034; x_wconf 80' lang='lat' dir='ltr'><strong>ingredi</strong></span> <span class='ocrx_word' id='word_1_487' title='bbox 3050 2966 3208 3021; x_wconf 87' lang='lat' dir='ltr'><strong>docta</strong></span> <span class='ocrx_word' id='word_1_488' title='bbox 3258 2976 3360 3031; x_wconf 84' lang='lat' dir='ltr'><strong>est,</strong></span> <span class='ocrx_word' id='word_1_489' title='bbox 3396 2981 3461 3021; x_wconf 90' lang='lat' dir='ltr'><strong>ac</strong></span> 
     </span>
    </p>
   </div>
   <div class='ocr_carea' id='block_1_73' title="bbox 1878 3049 3456 3127">
    <p class='ocr_par' dir='ltr' id='par_1_73' title="bbox 1878 3049 3456 3127">
     <span class='ocr_line' id='line_1_73' title="bbox 1878 3049 3456 3127; baseline 0.007 -26"><span class='ocrx_word' id='word_1_490' title='bbox 1878 3049 2040 3103; x_wconf 91' lang='lat' dir='ltr'><strong>veluti</strong></span> <span class='ocrx_word' id='word_1_491' title='bbox 2079 3066 2175 3120; x_wconf 90' lang='lat' dir='ltr'><strong>per</strong></span> <span class='ocrx_word' id='word_1_492' title='bbox 2215 3051 2435 3121; x_wconf 65' lang='lat' dir='ltr'><strong>ianuam</strong></span> <span class='ocrx_word' id='word_1_493' title='bbox 2472 3051 2760 3124; x_wconf 83' lang='lat' dir='ltr'><strong>quamdam</strong></span> <span class='ocrx_word' id='word_1_494' title='bbox 2808 3057 3006 3110; x_wconf 71' lang='lat' dir='ltr'><strong>cmlum</strong></span> <span class='ocrx_word' id='word_1_495' title='bbox 3055 3056 3228 3127; x_wconf 84' lang='lat' dir='ltr'><strong>ipsum</strong></span> <span class='ocrx_word' id='word_1_496' title='bbox 3272 3057 3456 3125; x_wconf 86' lang='lat' dir='ltr'><strong>ingre—</strong></span> 
     </span>
    </p>
   </div>
   <div class='ocr_carea' id='block_1_74' title="bbox 1879 3141 2044 3194">
    <p class='ocr_par' dir='ltr' id='par_1_74' title="bbox 1879 3141 2044 3194">
     <span class='ocr_line' id='line_1_74' title="bbox 1879 3141 2044 3194; baseline -0.012 0"><span class='ocrx_word' id='word_1_497' title='bbox 1879 3141 2044 3194; x_wconf 88' lang='lat' dir='ltr'><strong>ditur.</strong></span> 
     </span>
    </p>
   </div>
   <div class='ocr_carea' id='block_1_75' title="bbox 1910 3255 3420 3340">
    <p class='ocr_par' dir='ltr' id='par_1_75' title="bbox 1910 3255 3420 3340">
     <span class='ocr_line' id='line_1_75' title="bbox 1910 3255 3420 3340; baseline 0.005 -30"><span class='ocrx_word' id='word_1_498' title='bbox 1910 3255 2142 3323; x_wconf 83' lang='lat' dir='ltr'><strong>ALIUD,</strong></span> <span class='ocrx_word' id='word_1_499' title='bbox 2173 3274 2274 3328; x_wconf 86' lang='lat' dir='ltr'><strong>quo</strong></span> <span class='ocrx_word' id='word_1_500' title='bbox 2305 3268 2457 3328; x_wconf 87' lang='lat' dir='ltr'><strong>pacto</strong></span> <span class='ocrx_word' id='word_1_501' title='bbox 2495 3260 2719 3340; x_wconf 71' lang='lat' dir='ltr'><strong>intelligi</strong></span> <span class='ocrx_word' id='word_1_502' title='bbox 2753 3263 2938 3336; x_wconf 73' lang='lat' dir='ltr'><strong>possit,</strong></span> <span class='ocrx_word' id='word_1_503' title='bbox 2973 3282 2991 3313; x_wconf 74' lang='grc' dir='ltr'><strong>ι</strong></span> <span class='ocrx_word' id='word_1_504' title='bbox 3031 3261 3420 3332; x_wconf 72' lang='lat' dir='ltr'><strong>l’rimegenitus</strong></span> 
     </span>
    </p>
   </div>
   <div class='ocr_carea' id='block_1_76' title="bbox 2422 3343 2957 3386">
    <p class='ocr_par' dir='ltr' id='par_1_76' title="bbox 2422 3343 2957 3386">
     <span class='ocr_line' id='line_1_76' title="bbox 2422 3343 2957 3386; baseline 0.006 -5"><span class='ocrx_word' id='word_1_505' title='bbox 2422 3346 2589 3383; x_wconf 71' lang='lat' dir='ltr'><strong>omnis</strong></span> <span class='ocrx_word' id='word_1_506' title='bbox 2627 3343 2801 3384; x_wconf 70' lang='grc' dir='ltr'>ετεαιιι</span> <span class='ocrx_word' id='word_1_507' title='bbox 2811 3349 2903 3386; x_wconf 77' lang='lat' dir='ltr'><strong>rw.</strong></span> <span class='ocrx_word' id='word_1_508' title='bbox 2941 3353 2957 3384; x_wconf 72' lang='grc'><strong>1</strong></span> 
     </span>
    </p>
   </div>
   <div class='ocr_carea' id='block_1_77' title="bbox 1944 3440 3457 3516">
    <p class='ocr_par' dir='ltr' id='par_1_77' title="bbox 1944 3440 3457 3516">
     <span class='ocr_line' id='line_1_77' title="bbox 1944 3440 3457 3516; baseline 0.007 -24"><span class='ocrx_word' id='word_1_509' title='bbox 1944 3440 2112 3502; x_wconf 80' lang='lat' dir='ltr'><strong>Eilius</strong></span> <span class='ocrx_word' id='word_1_510' title='bbox 2139 3451 2358 3509; x_wconf 88' lang='lat' dir='ltr'><strong>propter</strong></span> <span class='ocrx_word' id='word_1_511' title='bbox 2381 3441 2764 3512; x_wconf 71' lang='lat' dir='ltr'><strong>benignitatem</strong></span> <span class='ocrx_word' id='word_1_512' title='bbox 2799 3443 2971 3499; x_wconf 81' lang='lat' dir='ltr'><strong>Patris</strong></span> <span class='ocrx_word' id='word_1_513' title='bbox 2999 3461 3124 3516; x_wconf 83' lang='lat' dir='ltr'><strong>erga</strong></span> <span class='ocrx_word' id='word_1_514' title='bbox 3149 3462 3276 3501; x_wconf 84' lang='lat' dir='ltr'><strong>suas</strong></span> <span class='ocrx_word' id='word_1_515' title='bbox 3303 3462 3457 3502; x_wconf 83' lang='lat' dir='ltr'><strong>crea-</strong></span> 
     </span>
    </p>
   </div>
   <div class='ocr_carea' id='block_1_78' title="bbox 1875 3534 3452 3606">
    <p class='ocr_par' dir='ltr' id='par_1_78' title="bbox 1875 3534 3452 3606">
     <span class='ocr_line' id='line_1_78' title="bbox 1875 3534 3452 3606; baseline 0.006 -22"><span class='ocrx_word' id='word_1_516' title='bbox 1875 3540 1928 3585; x_wconf 88' lang='lat' dir='ltr'><strong>tu</strong></span> <span class='ocrx_word' id='word_1_517' title='bbox 1939 3548 2024 3586; x_wconf 91' lang='lat' dir='ltr'><strong>ras</strong></span> <span class='ocrx_word' id='word_1_518' title='bbox 2045 3534 2282 3603; x_wconf 85' lang='lat' dir='ltr'><strong>seipsunt</strong></span> <span class='ocrx_word' id='word_1_519' title='bbox 2303 3536 2515 3588; x_wconf 88' lang='lat' dir='ltr'><strong>vocavit</strong></span> <span class='ocrx_word' id='word_1_520' title='bbox 2535 3536 2950 3605; x_wconf 83' lang='lat' dir='ltr'><strong>primogenitum</strong></span> <span class='ocrx_word' id='word_1_521' title='bbox 2968 3538 3146 3593; x_wconf 92' lang='lat' dir='ltr'><strong>omnis</strong></span> <span class='ocrx_word' id='word_1_522' title='bbox 3165 3549 3452 3606; x_wconf 67' lang='lat' dir='ltr'><strong>creaturas,</strong></span> 
     </span>
    </p>
   </div>
   <div class='ocr_carea' id='block_1_79' title="bbox 1873 3626 3448 3695">
    <p class='ocr_par' dir='ltr' id='par_1_79' title="bbox 1873 3626 3448 3695">
     <span class='ocr_line' id='line_1_79' title="bbox 1873 3626 3448 3695; baseline 0.007 -19"><span class='ocrx_word' id='word_1_523' title='bbox 1873 3632 1929 3676; x_wconf 90' lang='lat' dir='ltr'><strong>et</strong></span> <span class='ocrx_word' id='word_1_524' title='bbox 1964 3633 2165 3677; x_wconf 87' lang='lat' dir='ltr'><strong>tantum</strong></span> <span class='ocrx_word' id='word_1_525' title='bbox 2206 3640 2312 3679; x_wconf 90' lang='lat' dir='ltr'><strong>non</strong></span> <span class='ocrx_word' id='word_1_526' title='bbox 2349 3641 2409 3680; x_wconf 91' lang='lat' dir='ltr'><strong>se</strong></span> <span class='ocrx_word' id='word_1_527' title='bbox 2438 3626 2728 3682; x_wconf 88' lang='lat' dir='ltr'><strong>demittens</strong></span> <span class='ocrx_word' id='word_1_528' title='bbox 2763 3629 2828 3682; x_wconf 89' lang='lat' dir='ltr'><strong>ad</strong></span> <span class='ocrx_word' id='word_1_529' title='bbox 2869 3641 3072 3695; x_wconf 86' lang='lat' dir='ltr'><strong>creata,</strong></span> <span class='ocrx_word' id='word_1_530' title='bbox 3101 3633 3448 3687; x_wconf 88' lang='lat' dir='ltr'><strong>annumerari</strong></span> 
     </span>
    </p>
   </div>
   <div class='ocr_carea' id='block_1_80' title="bbox 1873 3713 3456 3792">
    <p class='ocr_par' dir='ltr' id='par_1_80' title="bbox 1873 3713 3456 3792">
     <span class='ocr_line' id='line_1_80' title="bbox 1873 3713 3456 3792; baseline 0.007 -24"><span class='ocrx_word' id='word_1_531' title='bbox 1873 3713 2036 3768; x_wconf 87' lang='lat' dir='ltr'><strong>etiam</strong></span> <span class='ocrx_word' id='word_1_532' title='bbox 2070 3714 2136 3770; x_wconf 91' lang='lat' dir='ltr'><strong>iis</strong></span> <span class='ocrx_word' id='word_1_533' title='bbox 2174 3731 2279 3769; x_wconf 90' lang='lat' dir='ltr'><strong>non</strong></span> <span class='ocrx_word' id='word_1_534' title='bbox 2312 3729 2527 3772; x_wconf 84' lang='lat' dir='ltr'><strong>recusat</strong></span> <span class='ocrx_word' id='word_1_535' title='bbox 2558 3735 2572 3772; x_wconf 93' lang='lat'>:</span> <span class='ocrx_word' id='word_1_536' title='bbox 2609 3727 2667 3772; x_wconf 78' lang='lat' dir='ltr'><strong>ut</strong></span> <span class='ocrx_word' id='word_1_537' title='bbox 2699 3735 2820 3773; x_wconf 91' lang='lat' dir='ltr'><strong>cum</strong></span> <span class='ocrx_word' id='word_1_538' title='bbox 2845 3720 3034 3775; x_wconf 90' lang='lat' dir='ltr'><strong>borum</strong></span> <span class='ocrx_word' id='word_1_539' title='bbox 3063 3724 3456 3792; x_wconf 85' lang='lat' dir='ltr'><strong>primogenitus</strong></span> 
     </span>
    </p>
   </div>
   <div class='ocr_carea' id='block_1_81' title="bbox 1874 3807 3453 3883">
    <p class='ocr_par' dir='ltr' id='par_1_81' title="bbox 1874 3807 3453 3883">
     <span class='ocr_line' id='line_1_81' title="bbox 1874 3807 3453 3883; baseline 0.009 -30"><span class='ocrx_word' id='word_1_540' title='bbox 1874 3813 2116 3869; x_wconf 84' lang='lat' dir='ltr'><strong>vocetur,</strong></span> <span class='ocrx_word' id='word_1_541' title='bbox 2144 3820 2239 3874; x_wconf 87' lang='lat' dir='ltr'><strong>per</strong></span> <span class='ocrx_word' id='word_1_542' title='bbox 2262 3807 2438 3875; x_wconf 91' lang='lat' dir='ltr'><strong>ipsum</strong></span> <span class='ocrx_word' id='word_1_543' title='bbox 2468 3819 2774 3875; x_wconf 85' lang='lat' dir='ltr'><strong>serventur,</strong></span> <span class='ocrx_word' id='word_1_544' title='bbox 2795 3827 2915 3880; x_wconf 69' lang='lat' dir='ltr'><strong>qua:</strong></span> <span class='ocrx_word' id='word_1_545' title='bbox 2939 3811 3111 3880; x_wconf 90' lang='lat' dir='ltr'><strong>ipsum</strong></span> <span class='ocrx_word' id='word_1_546' title='bbox 3131 3824 3453 3883; x_wconf 78' lang='lat' dir='ltr'><strong>sequuntur.</strong></span> 
     </span>
    </p>
   </div>
   <div class='ocr_carea' id='block_1_82' title="bbox 1874 3897 3452 3977">
    <p class='ocr_par' dir='ltr' id='par_1_82' title="bbox 1874 3897 3452 3977">
     <span class='ocr_line' id='line_1_82' title="bbox 1874 3897 3452 3977; baseline 0.008 -27"><span class='ocrx_word' id='word_1_547' title='bbox 1874 3897 2006 3950; x_wconf 84' lang='lat' dir='ltr'><strong>Nam</strong></span> <span class='ocrx_word' id='word_1_548' title='bbox 2039 3899 2084 3953; x_wconf 92' lang='lat' dir='ltr'><strong>si</strong></span> <span class='ocrx_word' id='word_1_549' title='bbox 2123 3909 2339 3968; x_wconf 88' lang='lat' dir='ltr'><strong>oportet</strong></span> <span class='ocrx_word' id='word_1_550' title='bbox 2364 3902 2585 3956; x_wconf 83' lang='lat' dir='ltr'><strong>omnino</strong></span> <span class='ocrx_word' id='word_1_551' title='bbox 2632 3903 2807 3973; x_wconf 91' lang='lat' dir='ltr'><strong>ipsum</strong></span> <span class='ocrx_word' id='word_1_552' title='bbox 2843 3919 2965 3959; x_wconf 84' lang='lat' dir='ltr'><strong>esse</strong></span> <span class='ocrx_word' id='word_1_553' title='bbox 3011 3907 3452 3977; x_wconf 76' lang='lat' dir='ltr'><strong>primogenitum,</strong></span> 
     </span>
    </p>
   </div>
   <div class='ocr_carea' id='block_1_83' title="bbox 1875 3991 3453 4069">
    <p class='ocr_par' dir='ltr' id='par_1_83' title="bbox 1875 3991 3453 4069">
     <span class='ocr_line' id='line_1_83' title="bbox 1875 3991 3453 4069; baseline 0.007 -25"><span class='ocrx_word' id='word_1_554' title='bbox 1875 3991 2171 4045; x_wconf 81' lang='lat' dir='ltr'><strong>manebunt</strong></span> <span class='ocrx_word' id='word_1_555' title='bbox 2221 3992 2463 4061; x_wconf 82' lang='lat' dir='ltr'><strong>profecto</strong></span> <span class='ocrx_word' id='word_1_556' title='bbox 2503 3994 2667 4048; x_wconf 88' lang='lat' dir='ltr'><strong>etiam</strong></span> <span class='ocrx_word' id='word_1_557' title='bbox 2706 3995 2740 4050; x_wconf 93' lang='lat' dir='ltr'><strong>ii</strong></span> <span class='ocrx_word' id='word_1_558' title='bbox 2783 4010 3011 4064; x_wconf 90' lang='lat' dir='ltr'><strong>quormn</strong></span> <span class='ocrx_word' id='word_1_559' title='bbox 3045 4009 3128 4052; x_wconf 89' lang='lat' dir='ltr'><strong>est</strong></span> <span class='ocrx_word' id='word_1_560' title='bbox 3182 4001 3453 4069; x_wconf 80' lang='lat' dir='ltr'><strong>primoge-</strong></span> 
     </span>
    </p>
   </div>
   <div class='ocr_carea' id='block_1_84' title="bbox 1873 4083 3452 4160">
    <p class='ocr_par' dir='ltr' id='par_1_84' title="bbox 1873 4083 3452 4160">
     <span class='ocr_line' id='line_1_84' title="bbox 1873 4083 3452 4160; baseline 0.007 -23"><span class='ocrx_word' id='word_1_561' title='bbox 1873 4083 2040 4144; x_wconf 81' lang='lat' dir='ltr'><strong>nitus.</strong></span> <span class='ocrx_word' id='word_1_562' title='bbox 2075 4085 2168 4139; x_wconf 85' lang='lat' dir='ltr'><strong>Est</strong></span> <span class='ocrx_word' id='word_1_563' title='bbox 2220 4086 2383 4156; x_wconf 84' lang='lat' dir='ltr'><strong>igitur</strong></span> <span class='ocrx_word' id='word_1_564' title='bbox 2417 4087 2725 4156; x_wconf 83' lang='lat' dir='ltr'><strong>unigenitus</strong></span> <span class='ocrx_word' id='word_1_565' title='bbox 2769 4092 2985 4160; x_wconf 89' lang='lat' dir='ltr'><strong>quidem</strong></span> <span class='ocrx_word' id='word_1_566' title='bbox 3019 4093 3318 4147; x_wconf 88' lang='lat' dir='ltr'><strong>secundum</strong></span> <span class='ocrx_word' id='word_1_567' title='bbox 3349 4109 3452 4154; x_wconf 64' lang='lat' dir='ltr'><strong>na:</strong></span> 
     </span>
    </p>
   </div>
   <div class='ocr_carea' id='block_1_85' title="bbox 1876 4178 3452 4251">
    <p class='ocr_par' dir='ltr' id='par_1_85' title="bbox 1876 4178 3452 4251">
     <span class='ocr_line' id='line_1_85' title="bbox 1876 4178 3452 4251; baseline 0.011 -22"><span class='ocrx_word' id='word_1_568' title='bbox 1876 4185 2077 4242; x_wconf 90' lang='lat' dir='ltr'><strong>turam,</strong></span> <span class='ocrx_word' id='word_1_569' title='bbox 2123 4178 2323 4248; x_wconf 86' lang='lat' dir='ltr'><strong>quippe</strong></span> <span class='ocrx_word' id='word_1_570' title='bbox 2359 4180 2448 4247; x_wconf 91' lang='lat' dir='ltr'><strong>qui</strong></span> <span class='ocrx_word' id='word_1_571' title='bbox 2485 4181 2634 4236; x_wconf 90' lang='lat' dir='ltr'><strong>solus</strong></span> <span class='ocrx_word' id='word_1_572' title='bbox 2661 4183 2874 4238; x_wconf 81' lang='lat' dir='ltr'><strong>exsistit</strong></span> <span class='ocrx_word' id='word_1_573' title='bbox 2902 4199 2933 4239; x_wconf 92' lang='lat' dir='ltr'><strong>e</strong></span> <span class='ocrx_word' id='word_1_574' title='bbox 2975 4184 3157 4251; x_wconf 90' lang='lat' dir='ltr'><strong>Patre,</strong></span> <span class='ocrx_word' id='word_1_575' title='bbox 3184 4185 3346 4248; x_wconf 78' lang='lat' dir='ltr'><strong>Deus</strong></span> <span class='ocrx_word' id='word_1_576' title='bbox 3385 4202 3452 4247; x_wconf 70' lang='lat' dir='ltr'><strong>ex</strong></span> 
     </span>
    </p>
   </div>
   <div class='ocr_carea' id='block_1_86' title="bbox 1873 4256 3452 4348">
    <p class='ocr_par' dir='ltr' id='par_1_86' title="bbox 1873 4256 3452 4348">
     <span class='ocr_line' id='line_1_86' title="bbox 1873 4256 3452 4348; baseline 0.006 -26"><span class='ocrx_word' id='word_1_577' title='bbox 1873 4267 1986 4323; x_wconf 91' lang='lat' dir='ltr'><strong>Deo</strong></span> <span class='ocrx_word' id='word_1_578' title='bbox 2017 4308 2032 4334; x_wconf 87' lang='lat'><strong>,</strong></span> <span class='ocrx_word' id='word_1_579' title='bbox 2067 4267 2248 4324; x_wconf 91' lang='lat' dir='ltr'><strong>lumen</strong></span> <span class='ocrx_word' id='word_1_580' title='bbox 2280 4286 2346 4326; x_wconf 81' lang='lat' dir='ltr'><strong>ex</strong></span> <span class='ocrx_word' id='word_1_581' title='bbox 2386 4270 2590 4328; x_wconf 85' lang='lat' dir='ltr'><strong>lumine</strong></span> <span class='ocrx_word' id='word_1_582' title='bbox 2622 4292 2636 4328; x_wconf 77' lang='grc' dir='ltr'>ε</span> <span class='ocrx_word' id='word_1_583' title='bbox 2672 4256 3064 4344; x_wconf 83' lang='lat' dir='ltr'><strong>primogenitus</strong></span> <span class='ocrx_word' id='word_1_584' title='bbox 3097 4286 3276 4331; x_wconf 86' lang='lat' dir='ltr'><strong>autem</strong></span> <span class='ocrx_word' id='word_1_585' title='bbox 3320 4292 3452 4348; x_wconf 87' lang='lat' dir='ltr'><strong>pro-</strong></span> 
     </span>
    </p>
   </div>
   <div class='ocr_carea' id='block_1_87' title="bbox 1875 4364 3454 4432">
    <p class='ocr_par' dir='ltr' id='par_1_87' title="bbox 1875 4364 3454 4432">
     <span class='ocr_line' id='line_1_87' title="bbox 1875 4364 3454 4432; baseline 0.008 -19"><span class='ocrx_word' id='word_1_586' title='bbox 1875 4371 1995 4429; x_wconf 87' lang='lat' dir='ltr'><strong>pter</strong></span> <span class='ocrx_word' id='word_1_587' title='bbox 2020 4375 2140 4427; x_wconf 91' lang='lat' dir='ltr'><strong>nos,</strong></span> <span class='ocrx_word' id='word_1_588' title='bbox 2197 4371 2255 4415; x_wconf 91' lang='lat' dir='ltr'><strong>ut</strong></span> <span class='ocrx_word' id='word_1_589' title='bbox 2288 4371 2546 4432; x_wconf 87' lang='lat' dir='ltr'><strong>tanquam</strong></span> <span class='ocrx_word' id='word_1_590' title='bbox 2583 4364 2870 4420; x_wconf 87' lang='lat' dir='ltr'><strong>immortali</strong></span> <span class='ocrx_word' id='word_1_591' title='bbox 2899 4369 3110 4422; x_wconf 90' lang='lat' dir='ltr'><strong>cuidam</strong></span> <span class='ocrx_word' id='word_1_592' title='bbox 3145 4370 3311 4425; x_wconf 81' lang='lat' dir='ltr'><strong>radici</strong></span> <span class='ocrx_word' id='word_1_593' title='bbox 3335 4385 3454 4424; x_wconf 90' lang='lat' dir='ltr'><strong>om-</strong></span> 
     </span>
    </p>
   </div>
   <div class='ocr_carea' id='block_1_88' title="bbox 1877 4455 3448 4532">
    <p class='ocr_par' dir='ltr' id='par_1_88' title="bbox 1877 4455 3448 4532">
     <span class='ocr_line' id='line_1_88' title="bbox 1877 4455 3448 4532; baseline 0.007 -26"><span class='ocrx_word' id='word_1_594' title='bbox 1877 4455 1959 4508; x_wconf 91' lang='lat' dir='ltr'><strong>nis</strong></span> <span class='ocrx_word' id='word_1_595' title='bbox 2003 4464 2248 4508; x_wconf 88' lang='lat' dir='ltr'><strong>creatura</strong></span> <span class='ocrx_word' id='word_1_596' title='bbox 2299 4456 2482 4521; x_wconf 89' lang='lat' dir='ltr'><strong>insita,</strong></span> <span class='ocrx_word' id='word_1_597' title='bbox 2517 4466 2572 4512; x_wconf 92' lang='lat' dir='ltr'><strong>et</strong></span> <span class='ocrx_word' id='word_1_598' title='bbox 2601 4473 2666 4512; x_wconf 81' lang='lat' dir='ltr'><strong>ex</strong></span> <span class='ocrx_word' id='word_1_599' title='bbox 2699 4475 2764 4513; x_wconf 88' lang='lat' dir='ltr'><strong>eo</strong></span> <span class='ocrx_word' id='word_1_600' title='bbox 2795 4462 2886 4530; x_wconf 92' lang='lat' dir='ltr'><strong>qui</strong></span> <span class='ocrx_word' id='word_1_601' title='bbox 2933 4477 3148 4530; x_wconf 85' lang='lat' dir='ltr'><strong>semper</strong></span> <span class='ocrx_word' id='word_1_602' title='bbox 3179 4470 3280 4529; x_wconf 86' lang='lat' dir='ltr'><strong>est,</strong></span> <span class='ocrx_word' id='word_1_603' title='bbox 3325 4477 3448 4532; x_wconf 72' lang='lat' dir='ltr'><strong>ger-</strong></span> 
     </span>
    </p>
   </div>
   <div class='ocr_carea' id='block_1_89' title="bbox 191 4528 1772 4618">
    <p class='ocr_par' dir='ltr' id='par_1_89' title="bbox 191 4528 1770 4610">
     <span class='ocr_line' id='line_1_89' title="bbox 191 4528 1770 4610; baseline 0.013 -29"><span class='ocrx_word' id='word_1_604' title='bbox 191 4546 336 4582; x_wconf 81' lang='grc' dir='ltr'>σασα</span> <span class='ocrx_word' id='word_1_605' title='bbox 460 4531 656 4599; x_wconf 75' lang='grc' dir='ltr'>Γέγονε</span> <span class='ocrx_word' id='word_1_606' title='bbox 695 4535 805 4606; x_wconf 79' lang='grc' dir='ltr'><strong>γὰρ</strong></span> <span class='ocrx_word' id='word_1_607' title='bbox 844 4539 912 4590; x_wconf 85' lang='grc' dir='ltr'><strong>τά</strong></span> <span class='ocrx_word' id='word_1_608' title='bbox 951 4539 1128 4598; x_wconf 81' lang='grc' dir='ltr'>πάντα</span> <span class='ocrx_word' id='word_1_609' title='bbox 1158 4541 1225 4592; x_wconf 78' lang='grc' dir='ltr'>δι’</span> <span class='ocrx_word' id='word_1_610' title='bbox 1258 4543 1424 4598; x_wconf 78' lang='grc' dir='ltr'>αὐτοῦ</span> <span class='ocrx_word' id='word_1_611' title='bbox 1449 4586 1464 4610; x_wconf 94' lang='grc'><strong>,</strong></span> <span class='ocrx_word' id='word_1_612' title='bbox 1502 4549 1595 4599; x_wconf 76' lang='grc' dir='ltr'><strong>καὶ</strong></span> <span class='ocrx_word' id='word_1_613' title='bbox 1643 4566 1770 4602; x_wconf 86' lang='grc' dir='ltr'>συν-</span> 
     </span>
    </p>
   </div>
   <div class='ocr_carea' id='block_1_90' title="bbox 1882 4528 3449 4618">
    <p class='ocr_par' dir='ltr' id='par_1_90' title="bbox 1882 4528 3449 4618">
     <span class='ocr_line' id='line_1_90' title="bbox 1882 4528 3449 4618; baseline 0.006 -20"><span class='ocrx_word' id='word_1_614' title='bbox 1882 4547 2063 4598; x_wconf 91' lang='lat' dir='ltr'><strong>minet.</strong></span> <span class='ocrx_word' id='word_1_615' title='bbox 2095 4545 2284 4600; x_wconf 88' lang='lat' dir='ltr'><strong>Onmia</strong></span> <span class='ocrx_word' id='word_1_616' title='bbox 2319 4548 2461 4600; x_wconf 92' lang='lat' dir='ltr'><strong>enim</strong></span> <span class='ocrx_word' id='word_1_617' title='bbox 2504 4562 2600 4615; x_wconf 89' lang='lat' dir='ltr'><strong>per</strong></span> <span class='ocrx_word' id='word_1_618' title='bbox 2639 4528 2830 4618; x_wconf 62' lang='lat' dir='ltr'><strong>ipsunr</strong></span> <span class='ocrx_word' id='word_1_619' title='bbox 2860 4551 2999 4605; x_wconf 79' lang='lat' dir='ltr'><strong>facta</strong></span> <span class='ocrx_word' id='word_1_620' title='bbox 3044 4528 3190 4617; x_wconf 81' lang='lat' dir='ltr'><strong>sunt,</strong></span> <span class='ocrx_word' id='word_1_621' title='bbox 3224 4528 3278 4607; x_wconf 83' lang='lat' dir='ltr'><strong>et</strong></span> <span class='ocrx_word' id='word_1_622' title='bbox 3317 4528 3449 4615; x_wconf 43' lang='lat' dir='ltr'><strong>sub?</strong></span> 
     </span>
    </p>
   </div>
   <div class='ocr_carea' id='block_1_91' title="bbox 193 4621 1362 4701">
    <p class='ocr_par' dir='ltr' id='par_1_91' title="bbox 193 4621 1362 4701">
     <span class='ocr_line' id='line_1_91' title="bbox 193 4621 1362 4701; baseline 0.013 -28"><span class='ocrx_word' id='word_1_623' title='bbox 193 4621 433 4694; x_wconf 72' lang='grc' dir='ltr'>ἔστηκεν</span> <span class='ocrx_word' id='word_1_624' title='bbox 465 4628 544 4688; x_wconf 87' lang='grc' dir='ltr'><strong>είς</strong></span> <span class='ocrx_word' id='word_1_625' title='bbox 572 4627 817 4691; x_wconf 73' lang='grc' dir='ltr'>ἀεὶ,,καὶ</span> <span class='ocrx_word' id='word_1_626' title='bbox 844 4631 993 4701; x_wconf 79' lang='grc' dir='ltr'>αὐτῷ</span> <span class='ocrx_word' id='word_1_627' title='bbox 1017 4632 1362 4696; x_wconf 75' lang='grc' dir='ltr'>διασώζεται.</span> 
     </span>
    </p>
   </div>
   <div class='ocr_carea' id='block_1_92' title="bbox 875 4743 1074 4798">
    <p class='ocr_par' dir='ltr' id='par_1_92' title="bbox 875 4743 1074 4798">
     <span class='ocr_line' id='line_1_92' title="bbox 875 4743 1074 4798; baseline 0.02 -4"><span class='ocrx_word' id='word_1_628' title='bbox 875 4743 1074 4798; x_wconf 77' lang='grc' dir='ltr'><strong>ΑΛΛΟ.</strong></span> 
     </span>
    </p>
   </div>
   <div class='ocr_carea' id='block_1_93' title="bbox 261 4848 1767 4932">
    <p class='ocr_par' dir='ltr' id='par_1_93' title="bbox 261 4848 1767 4932">
     <span class='ocr_line' id='line_1_93' title="bbox 261 4848 1767 4932; baseline 0.015 -34"><span class='ocrx_word' id='word_1_629' title='bbox 261 4848 323 4899; x_wconf 81' lang='grc' dir='ltr'><strong>Εἰ</strong></span> <span class='ocrx_word' id='word_1_630' title='bbox 376 4849 438 4901; x_wconf 81' lang='grc' dir='ltr'><strong>τὸ</strong></span> <span class='ocrx_word' id='word_1_631' title='bbox 485 4850 764 4907; x_wconf 79' lang='grc' dir='ltr'>καλεῖσθαι</span> <span class='ocrx_word' id='word_1_632' title='bbox 810 4858 1154 4926; x_wconf 81' lang='grc' dir='ltr'>πρωτότοκον</span> <span class='ocrx_word' id='word_1_633' title='bbox 1198 4861 1379 4931; x_wconf 82' lang='grc' dir='ltr'>πάσης</span> <span class='ocrx_word' id='word_1_634' title='bbox 1423 4866 1654 4930; x_wconf 85' lang='grc' dir='ltr'>κτίσεως</span> <span class='ocrx_word' id='word_1_635' title='bbox 1689 4885 1767 4932; x_wconf 85' lang='grc' dir='ltr'><strong>ως</strong></span> 
     </span>
    </p>
   </div>
   <div class='ocr_carea' id='block_1_94' title="bbox 163 4939 1766 5025">
    <p class='ocr_par' dir='ltr' id='par_1_94' title="bbox 163 4939 1766 5025">
     <span class='ocr_line' id='line_1_94' title="bbox 163 4939 1766 5025; baseline 0.013 -36"><span class='ocrx_word' id='word_1_636' title='bbox 163 4939 397 5020; x_wconf 60' lang='grc' dir='ltr'>,κτίσμα</span> <span class='ocrx_word' id='word_1_637' title='bbox 437 4942 577 4995; x_wconf 71' lang='grc' dir='ltr'>κατὰ</span> <span class='ocrx_word' id='word_1_638' title='bbox 608 4943 766 5010; x_wconf 78' lang='grc' dir='ltr'>φύσιν</span> <span class='ocrx_word' id='word_1_639' title='bbox 801 4947 950 5008; x_wconf 73' lang='grc' dir='ltr'>ὄντα,</span> <span class='ocrx_word' id='word_1_640' title='bbox 985 4953 1057 5020; x_wconf 76' lang='grc' dir='ltr'>τῇ</span> <span class='ocrx_word' id='word_1_641' title='bbox 1096 4951 1272 5004; x_wconf 86' lang='grc' dir='ltr'>κτίσει</span> <span class='ocrx_word' id='word_1_642' title='bbox 1300 4953 1636 5025; x_wconf 81' lang='grc' dir='ltr'>συντάξομεν</span> <span class='ocrx_word' id='word_1_643' title='bbox 1675 4958 1766 5010; x_wconf 84' lang='grc' dir='ltr'><strong>τὸν</strong></span> 
     </span>
    </p>
   </div>
   <div class='ocr_carea' id='block_1_95' title="bbox 189 5030 1762 5118">
    <p class='ocr_par' dir='ltr' id='par_1_95' title="bbox 189 5030 1762 5118">
     <span class='ocr_line' id='line_1_95' title="bbox 189 5030 1762 5118; baseline 0.014 -37"><span class='ocrx_word' id='word_1_644' title='bbox 189 5030 338 5091; x_wconf 77' lang='grc' dir='ltr'>Υίὸν,</span> <span class='ocrx_word' id='word_1_645' title='bbox 383 5032 536 5086; x_wconf 76' lang='grc' dir='ltr'>ἔσται</span> <span class='ocrx_word' id='word_1_646' title='bbox 582 5037 797 5106; x_wconf 84' lang='grc' dir='ltr'>πρῶτος</span> <span class='ocrx_word' id='word_1_647' title='bbox 848 5041 949 5110; x_wconf 78' lang='grc' dir='ltr'>μὲν</span> <span class='ocrx_word' id='word_1_648' title='bbox 986 5044 1190 5115; x_wconf 73' lang='grc' dir='ltr'>ταύτης</span> <span class='ocrx_word' id='word_1_649' title='bbox 1229 5047 1370 5100; x_wconf 86' lang='grc' dir='ltr'><strong>κατά</strong></span> <span class='ocrx_word' id='word_1_650' title='bbox 1413 5049 1504 5100; x_wconf 87' lang='grc' dir='ltr'><strong>τὸν</strong></span> <span class='ocrx_word' id='word_1_651' title='bbox 1550 5051 1762 5118; x_wconf 75' lang='grc' dir='ltr'>χρόνον,</span> 
     </span>
    </p>
   </div>
   <div class='ocr_carea' id='block_1_96' title="bbox 190 5124 1762 5205">
    <p class='ocr_par' dir='ltr' id='par_1_96' title="bbox 190 5124 1762 5205">
     <span class='ocr_line' id='line_1_96' title="bbox 190 5124 1762 5205; baseline 0.015 -32"><span class='ocrx_word' id='word_1_652' title='bbox 190 5124 460 5194; x_wconf 78' lang='grc' dir='ltr'>συγγενὴς</span> <span class='ocrx_word' id='word_1_653' title='bbox 492 5127 547 5180; x_wconf 83' lang='grc' dir='ltr'>δὲ</span> <span class='ocrx_word' id='word_1_654' title='bbox 591 5130 740 5198; x_wconf 84' lang='grc' dir='ltr'>ὅμως</span> <span class='ocrx_word' id='word_1_655' title='bbox 770 5133 909 5193; x_wconf 80' lang='grc' dir='ltr'><strong>κατά</strong></span> <span class='ocrx_word' id='word_1_656' title='bbox 949 5135 1047 5205; x_wconf 79' lang='grc' dir='ltr'>τὴν</span> <span class='ocrx_word' id='word_1_657' title='bbox 1076 5137 1257 5205; x_wconf 76' lang='grc' dir='ltr'>φύσιν,</span> <span class='ocrx_word' id='word_1_658' title='bbox 1295 5140 1389 5192; x_wconf 63' lang='grc' dir='ltr'><strong>καὶ¹</strong></span> <span class='ocrx_word' id='word_1_659' title='bbox 1418 5139 1505 5192; x_wconf 75' lang='grc' dir='ltr'><strong>διά</strong></span> <span class='ocrx_word' id='word_1_660' title='bbox 1530 5142 1588 5192; x_wconf 83' lang='grc' dir='ltr'><strong>τὸ</strong></span> <span class='ocrx_word' id='word_1_661' title='bbox 1622 5139 1762 5196; x_wconf 79' lang='grc' dir='ltr'>εἶναι</span> 
     </span>
    </p>
   </div>
   <div class='ocr_carea' id='block_1_97' title="bbox 187 5213 1764 5300">
    <p class='ocr_par' dir='ltr' id='par_1_97' title="bbox 187 5213 1764 5300">
     <span class='ocr_line' id='line_1_97' title="bbox 187 5213 1764 5300; baseline 0.013 -37"><span class='ocrx_word' id='word_1_662' title='bbox 187 5213 397 5282; x_wconf 83' lang='grc' dir='ltr'>κτίσμα</span> <span class='ocrx_word' id='word_1_663' title='bbox 428 5218 538 5280; x_wconf 84' lang='grc' dir='ltr'>τοῖς</span> <span class='ocrx_word' id='word_1_664' title='bbox 567 5218 745 5278; x_wconf 80' lang='grc' dir='ltr'>ἄλλοις</span> <span class='ocrx_word' id='word_1_665' title='bbox 780 5221 951 5276; x_wconf 82' lang='grc' dir='ltr'>ἆπασι</span> <span class='ocrx_word' id='word_1_666' title='bbox 977 5226 1334 5294; x_wconf 83' lang='grc' dir='ltr'>προσεοικώς.</span> <span class='ocrx_word' id='word_1_667' title='bbox 1366 5229 1640 5300; x_wconf 79' lang='grc' dir='ltr'><strong>Συγγενὴς</strong></span> <span class='ocrx_word' id='word_1_668' title='bbox 1670 5227 1764 5284; x_wconf 76' lang='grc' dir='ltr'><strong>οὖν</strong></span> 
     </span>
    </p>
   </div>
   <div class='ocr_carea' id='block_1_98' title="bbox 187 5302 1764 5391">
    <p class='ocr_par' dir='ltr' id='par_1_98' title="bbox 187 5302 1764 5391">
     <span class='ocr_line' id='line_1_98' title="bbox 187 5302 1764 5391; baseline 0.013 -37"><span class='ocrx_word' id='word_1_669' title='bbox 187 5302 345 5357; x_wconf 73' lang='grc' dir='ltr'>ἔσται</span> <span class='ocrx_word' id='word_1_670' title='bbox 375 5307 470 5359; x_wconf 75' lang='grc' dir='ltr'>καὶ</span> <span class='ocrx_word' id='word_1_671' title='bbox 499 5308 712 5375; x_wconf 73' lang='grc' dir='ltr'>ἀλόγοις</span> <span class='ocrx_word' id='word_1_672' title='bbox 741 5310 920 5376; x_wconf 76' lang='grc' dir='ltr'>ζώοις,</span> <span class='ocrx_word' id='word_1_673' title='bbox 945 5315 1153 5384; x_wconf 79' lang='grc' dir='ltr'>ὀρνέοις</span> <span class='ocrx_word' id='word_1_674' title='bbox 1182 5333 1240 5368; x_wconf 90' lang='grc' dir='ltr'><strong>τε</strong></span> <span class='ocrx_word' id='word_1_675' title='bbox 1270 5318 1364 5370; x_wconf 78' lang='grc' dir='ltr'><strong>καὶ</strong></span> <span class='ocrx_word' id='word_1_676' title='bbox 1384 5324 1624 5391; x_wconf 80' lang='grc' dir='ltr'>νηκτοῖς,</span> <span class='ocrx_word' id='word_1_677' title='bbox 1653 5323 1764 5375; x_wconf 78' lang='grc' dir='ltr'><strong>Καὶ</strong></span> 
     </span>
    </p>
   </div>
   <div class='ocr_carea' id='block_1_99' title="bbox 185 5394 1764 5481">
    <p class='ocr_par' dir='ltr' id='par_1_99' title="bbox 185 5394 1764 5481">
     <span class='ocr_line' id='line_1_99' title="bbox 185 5394 1764 5481; baseline 0.012 -35"><span class='ocrx_word' id='word_1_678' title='bbox 185 5394 363 5448; x_wconf 83' lang='grc' dir='ltr'>ταῦτα</span> <span class='ocrx_word' id='word_1_679' title='bbox 390 5398 520 5469; x_wconf 83' lang='grc' dir='ltr'>γὰρ,</span> <span class='ocrx_word' id='word_1_680' title='bbox 571 5401 619 5451; x_wconf 87' lang='grc' dir='ltr'><strong>εί</strong></span> <span class='ocrx_word' id='word_1_681' title='bbox 657 5401 754 5458; x_wconf 80' lang='grc' dir='ltr'>καὶ</span> <span class='ocrx_word' id='word_1_682' title='bbox 794 5402 1053 5473; x_wconf 76' lang='grc' dir='ltr'>ἐλάχιστα</span> <span class='ocrx_word' id='word_1_683' title='bbox 1073 5446 1086 5468; x_wconf 88' lang='grc'><strong>,</strong></span> <span class='ocrx_word' id='word_1_684' title='bbox 1120 5407 1261 5479; x_wconf 85' lang='grc' dir='ltr'>μέρη</span> <span class='ocrx_word' id='word_1_685' title='bbox 1293 5408 1424 5478; x_wconf 78' lang='grc' dir='ltr'><strong>γοῦν</strong></span> <span class='ocrx_word' id='word_1_686' title='bbox 1454 5409 1635 5480; x_wconf 85' lang='grc' dir='ltr'>πάσης</span> <span class='ocrx_word' id='word_1_687' title='bbox 1663 5411 1764 5481; x_wconf 80' lang='grc' dir='ltr'>τῆς</span> 
     </span>
    </p>
   </div>
   <div class='ocr_carea' id='block_1_100' title="bbox 184 5486 1761 5566">
    <p class='ocr_par' dir='ltr' id='par_1_100' title="bbox 184 5486 1761 5566">
     <span class='ocr_line' id='line_1_100' title="bbox 184 5486 1761 5566; baseline 0.013 -30"><span class='ocrx_word' id='word_1_688' title='bbox 184 5486 420 5550; x_wconf 82' lang='grc' dir='ltr'>κτίσεὼς</span> <span class='ocrx_word' id='word_1_689' title='bbox 443 5491 612 5544; x_wconf 76' lang='grc' dir='ltr'>ἐστιν.</span> <span class='ocrx_word' id='word_1_690' title='bbox 655 5492 814 5546; x_wconf 81' lang='grc' dir='ltr'><strong>Ἀλλά</strong></span> <span class='ocrx_word' id='word_1_691' title='bbox 843 5493 1002 5548; x_wconf 75' lang='grc' dir='ltr'>τοῦτο</span> <span class='ocrx_word' id='word_1_692' title='bbox 1035 5498 1252 5552; x_wconf 81' lang='grc' dir='ltr'>ἄτοπον.</span> <span class='ocrx_word' id='word_1_693' title='bbox 1279 5500 1489 5553; x_wconf 82' lang='grc' dir='ltr'>Οὐκοῦν</span> <span class='ocrx_word' id='word_1_694' title='bbox 1521 5501 1761 5566; x_wconf 78' lang='grc' dir='ltr'>εὐσεϐῶς</span> 
     </span>
    </p>
   </div>
   <div class='ocr_carea' id='block_1_101' title="bbox 187 5580 1762 5661">
    <p class='ocr_par' dir='ltr' id='par_1_101' title="bbox 187 5580 1762 5661">
     <span class='ocr_line' id='line_1_101' title="bbox 187 5580 1762 5661; baseline 0.013 -34"><span class='ocrx_word' id='word_1_695' title='bbox 187 5580 534 5646; x_wconf 79' lang='grc' dir='ltr'>πρωτότοκος</span> <span class='ocrx_word' id='word_1_696' title='bbox 575 5583 674 5652; x_wconf 85' lang='grc' dir='ltr'>μὲν</span> <span class='ocrx_word' id='word_1_697' title='bbox 698 5625 713 5648; x_wconf 89' lang='grc'><strong>,</strong></span> <span class='ocrx_word' id='word_1_698' title='bbox 745 5585 819 5650; x_wconf 83' lang='grc' dir='ltr'>ὼς</span> <span class='ocrx_word' id='word_1_699' title='bbox 863 5589 922 5640; x_wconf 82' lang='grc' dir='ltr'><strong>ἐν</strong></span> <span class='ocrx_word' id='word_1_700' title='bbox 968 5589 1182 5654; x_wconf 81' lang='grc' dir='ltr'>πολλοῖς</span> <span class='ocrx_word' id='word_1_701' title='bbox 1216 5590 1464 5661; x_wconf 82' lang='grc' dir='ltr'>ἀδελφοῖς</span> <span class='ocrx_word' id='word_1_702' title='bbox 1507 5593 1598 5646; x_wconf 77' lang='grc' dir='ltr'>διὰ</span> <span class='ocrx_word' id='word_1_703' title='bbox 1633 5595 1762 5658; x_wconf 73' lang='grc' dir='ltr'>τοὺς</span> 
     </span>
    </p>
   </div>
   <div class='ocr_carea' id='block_1_102' title="bbox 188 5669 1757 5753">
    <p class='ocr_par' dir='ltr' id='par_1_102' title="bbox 188 5669 1757 5753">
     <span class='ocr_line' id='line_1_102' title="bbox 188 5669 1757 5753; baseline 0.013 -35"><span class='ocrx_word' id='word_1_704' title='bbox 188 5669 332 5720; x_wconf 70' lang='grc' dir='ltr'>κατὰ</span> <span class='ocrx_word' id='word_1_705' title='bbox 380 5671 538 5742; x_wconf 80' lang='grc' dir='ltr'>χάριν</span> <span class='ocrx_word' id='word_1_706' title='bbox 577 5676 656 5737; x_wconf 80' lang='grc' dir='ltr'>εἰς</span> <span class='ocrx_word' id='word_1_707' title='bbox 695 5675 965 5731; x_wconf 76' lang='grc' dir='ltr'>υἱοθεσίαν</span> <span class='ocrx_word' id='word_1_708' title='bbox 997 5680 1368 5749; x_wconf 79' lang='grc' dir='ltr'>κεκλημένους</span> <span class='ocrx_word' id='word_1_709' title='bbox 1413 5684 1757 5753; x_wconf 77' lang='grc' dir='ltr'>νοηθήσεται.</span> 
     </span>
    </p>
   </div>
   <div class='ocr_carea' id='block_1_103' title="bbox 257 5823 653 5894">
    <p class='ocr_par' dir='ltr' id='par_1_103' title="bbox 257 5823 653 5894">
     <span class='ocr_line' id='line_1_103' title="bbox 257 5823 653 5894; baseline 0.018 -19"><span class='ocrx_word' id='word_1_710' title='bbox 257 5824 305 5854; x_wconf 76' lang='grc' dir='ltr'><strong>τε</strong></span> <span class='ocrx_word' id='word_1_711' title='bbox 337 5823 487 5882; x_wconf 84' lang='lat' dir='ltr'><strong>.loan.</strong></span> <span class='ocrx_word' id='word_1_712' title='bbox 523 5843 561 5894; x_wconf 90' lang='grc' dir='ltr'><strong>ι,</strong></span> <span class='ocrx_word' id='word_1_713' title='bbox 601 5830 653 5882; x_wconf 76' lang='lat'><strong>2.</strong></span> 
     </span>
    </p>
   </div>
   <div class='ocr_carea' id='block_1_104' title="bbox 731 5831 1651 5906">
    <p class='ocr_par' dir='ltr' id='par_1_104' title="bbox 731 5831 1651 5906">
     <span class='ocr_line' id='line_1_104' title="bbox 731 5831 1651 5906; baseline 0.01 -19"><span class='ocrx_word' id='word_1_714' title='bbox 731 5831 776 5863; x_wconf 82' lang='grc'><strong>⁷³</strong></span> <span class='ocrx_word' id='word_1_715' title='bbox 809 5831 967 5888; x_wconf 79' lang='lat' dir='ltr'><strong>Joan.</strong></span> <span class='ocrx_word' id='word_1_716' title='bbox 994 5849 1100 5900; x_wconf 71' lang='lat' dir='ltr'><strong>xw,</strong></span> <span class='ocrx_word' id='word_1_717' title='bbox 1135 5833 1186 5889; x_wconf 87' lang='grc'><strong>6.</strong></span> <span class='ocrx_word' id='word_1_718' title='bbox 1261 5837 1305 5867; x_wconf 73' lang='grc'><strong>⁷⁵</strong></span> <span class='ocrx_word' id='word_1_719' title='bbox 1329 5835 1484 5892; x_wconf 86' lang='lat' dir='ltr'><strong>Joan.</strong></span> <span class='ocrx_word' id='word_1_720' title='bbox 1520 5854 1572 5906; x_wconf 73' lang='grc' dir='ltr'>χ,</span> <span class='ocrx_word' id='word_1_721' title='bbox 1599 5838 1651 5895; x_wconf 81' lang='lat'><strong>9.</strong></span> 
     </span>
    </p>
   </div>
   <div class='ocr_carea' id='block_1_105' title="bbox 1868 4640 2951 4710">
    <p class='ocr_par' dir='ltr' id='par_1_105' title="bbox 1868 4640 2951 4710">
     <span class='ocr_line' id='line_1_105' title="bbox 1868 4640 2951 4710; baseline 0.004 -15"><span class='ocrx_word' id='word_1_722' title='bbox 1868 4640 2086 4706; x_wconf 76' lang='lat' dir='ltr'><strong>sistunt,</strong></span> <span class='ocrx_word' id='word_1_723' title='bbox 2119 4649 2174 4694; x_wconf 93' lang='lat' dir='ltr'><strong>et</strong></span> <span class='ocrx_word' id='word_1_724' title='bbox 2201 4655 2297 4709; x_wconf 90' lang='lat' dir='ltr'><strong>per</strong></span> <span class='ocrx_word' id='word_1_725' title='bbox 2334 4640 2508 4710; x_wconf 90' lang='lat' dir='ltr'><strong>ipsum</strong></span> <span class='ocrx_word' id='word_1_726' title='bbox 2537 4655 2951 4699; x_wconf 88' lang='lat' dir='ltr'><strong>conservantur.</strong></span> 
     </span>
    </p>
   </div>
   <div class='ocr_carea' id='block_1_106' title="bbox 2547 4753 2777 4810">
    <p class='ocr_par' dir='ltr' id='par_1_106' title="bbox 2547 4753 2777 4810">
     <span class='ocr_line' id='line_1_106' title="bbox 2547 4753 2777 4810; baseline 0 -2"><span class='ocrx_word' id='word_1_727' title='bbox 2547 4753 2777 4810; x_wconf 84' lang='lat' dir='ltr'><strong>ALIUD.</strong></span> 
     </span>
    </p>
   </div>
   <div class='ocr_carea' id='block_1_107' title="bbox 1943 4863 3449 4941">
    <p class='ocr_par' dir='ltr' id='par_1_107' title="bbox 1943 4863 3449 4941">
     <span class='ocr_line' id='line_1_107' title="bbox 1943 4863 3449 4941; baseline 0.007 -25"><span class='ocrx_word' id='word_1_728' title='bbox 1943 4863 1999 4917; x_wconf 89' lang='lat' dir='ltr'><strong>Si</strong></span> <span class='ocrx_word' id='word_1_729' title='bbox 2061 4873 2342 4933; x_wconf 89' lang='lat' dir='ltr'><strong>propterea</strong></span> <span class='ocrx_word' id='word_1_730' title='bbox 2377 4868 2520 4935; x_wconf 90' lang='lat' dir='ltr'><strong>quod</strong></span> <span class='ocrx_word' id='word_1_731' title='bbox 2571 4867 2742 4924; x_wconf 87' lang='lat' dir='ltr'><strong>Filius</strong></span> <span class='ocrx_word' id='word_1_732' title='bbox 2790 4882 3011 4925; x_wconf 83' lang='lat' dir='ltr'><strong>vocetur</strong></span> <span class='ocrx_word' id='word_1_733' title='bbox 3058 4871 3449 4941; x_wconf 81' lang='lat' dir='ltr'><strong>primogenitus</strong></span> 
     </span>
    </p>
   </div>
   <div class='ocr_carea' id='block_1_108' title="bbox 1869 4957 3448 5022">
    <p class='ocr_par' dir='ltr' id='par_1_108' title="bbox 1869 4957 3448 5022">
     <span class='ocr_line' id='line_1_108' title="bbox 1869 4957 3448 5022; baseline 0.004 -13"><span class='ocrx_word' id='word_1_734' title='bbox 1869 4957 2046 5010; x_wconf 91' lang='lat' dir='ltr'><strong>omnis</strong></span> <span class='ocrx_word' id='word_1_735' title='bbox 2103 4965 2398 5022; x_wconf 64' lang='lat' dir='ltr'><strong>creaturae,</strong></span> <span class='ocrx_word' id='word_1_736' title='bbox 2449 4974 2571 5014; x_wconf 90' lang='lat' dir='ltr'><strong>eum</strong></span> <span class='ocrx_word' id='word_1_737' title='bbox 2630 4972 2688 5014; x_wconf 90' lang='lat' dir='ltr'><strong>ut</strong></span> <span class='ocrx_word' id='word_1_738' title='bbox 2745 4972 3048 5017; x_wconf 88' lang='lat' dir='ltr'><strong>creaturam</strong></span> <span class='ocrx_word' id='word_1_739' title='bbox 3105 4972 3294 5016; x_wconf 89' lang='lat' dir='ltr'><strong>natura</strong></span> <span class='ocrx_word' id='word_1_740' title='bbox 3349 4978 3448 5016; x_wconf 86' lang='lat' dir='ltr'><strong>sua</strong></span> 
     </span>
    </p>
   </div>
   <div class='ocr_carea' id='block_1_109' title="bbox 1871 5047 3450 5105">
    <p class='ocr_par' dir='ltr' id='par_1_109' title="bbox 1871 5047 3450 5105">
     <span class='ocr_line' id='line_1_109' title="bbox 1871 5047 3450 5105; baseline 0.003 -7"><span class='ocrx_word' id='word_1_741' title='bbox 1871 5047 2218 5100; x_wconf 78' lang='lat' dir='ltr'><strong>exsisteutem</strong></span> <span class='ocrx_word' id='word_1_742' title='bbox 2249 5048 2444 5102; x_wconf 88' lang='lat' dir='ltr'><strong>creatis</strong></span> <span class='ocrx_word' id='word_1_743' title='bbox 2476 5065 2837 5105; x_wconf 86' lang='lat' dir='ltr'><strong>annumerare</strong></span> <span class='ocrx_word' id='word_1_744' title='bbox 2865 5051 3090 5104; x_wconf 85' lang='lat' dir='ltr'><strong>velimus</strong></span> <span class='ocrx_word' id='word_1_745' title='bbox 3117 5064 3132 5103; x_wconf 87' lang='lat'><strong>:</strong></span> <span class='ocrx_word' id='word_1_746' title='bbox 3163 5049 3269 5103; x_wconf 91' lang='lat' dir='ltr'><strong>erit</strong></span> <span class='ocrx_word' id='word_1_747' title='bbox 3300 5058 3450 5103; x_wconf 90' lang='lat' dir='ltr'><strong>certe</strong></span> 
     </span>
    </p>
   </div>
   <div class='ocr_carea' id='block_1_110' title="bbox 1872 5139 3447 5211">
    <p class='ocr_par' dir='ltr' id='par_1_110' title="bbox 1872 5139 3447 5211">
     <span class='ocr_line' id='line_1_110' title="bbox 1872 5139 3447 5211; baseline 0.001 -20"><span class='ocrx_word' id='word_1_748' title='bbox 1872 5139 2078 5207; x_wconf 86' lang='lat' dir='ltr'><strong>primus</strong></span> <span class='ocrx_word' id='word_1_749' title='bbox 2113 5140 2254 5193; x_wconf 90' lang='lat' dir='ltr'><strong>inter</strong></span> <span class='ocrx_word' id='word_1_750' title='bbox 2283 5151 2462 5194; x_wconf 90' lang='lat' dir='ltr'><strong>creata</strong></span> <span class='ocrx_word' id='word_1_751' title='bbox 2500 5142 2710 5195; x_wconf 88' lang='lat' dir='ltr'><strong>ratione</strong></span> <span class='ocrx_word' id='word_1_752' title='bbox 2757 5143 3039 5211; x_wconf 89' lang='lat' dir='ltr'><strong>temporis,</strong></span> <span class='ocrx_word' id='word_1_753' title='bbox 3065 5150 3328 5209; x_wconf 75' lang='lat' dir='ltr'><strong>cognatus</strong></span> <span class='ocrx_word' id='word_1_754' title='bbox 3353 5154 3447 5192; x_wconf 88' lang='lat' dir='ltr'><strong>ve-</strong></span> 
     </span>
    </p>
   </div>
   <div class='ocr_carea' id='block_1_111' title="bbox 1873 5229 3446 5303">
    <p class='ocr_par' dir='ltr' id='par_1_111' title="bbox 1873 5229 3446 5303">
     <span class='ocr_line' id='line_1_111' title="bbox 1873 5229 3446 5303; baseline 0.002 -21"><span class='ocrx_word' id='word_1_755' title='bbox 1873 5245 1934 5282; x_wconf 86' lang='lat' dir='ltr'><strong>ro</strong></span> <span class='ocrx_word' id='word_1_756' title='bbox 1966 5229 2257 5284; x_wconf 72' lang='lat' dir='ltr'><strong>secundum</strong></span> <span class='ocrx_word' id='word_1_757' title='bbox 2293 5241 2562 5298; x_wconf 87' lang='lat' dir='ltr'><strong>naturam,</strong></span> <span class='ocrx_word' id='word_1_758' title='bbox 2597 5245 2648 5288; x_wconf 87' lang='lat' dir='ltr'><strong>et</strong></span> <span class='ocrx_word' id='word_1_759' title='bbox 2678 5250 2780 5303; x_wconf 87' lang='lat' dir='ltr'><strong>qua</strong></span> <span class='ocrx_word' id='word_1_760' title='bbox 2824 5234 3034 5288; x_wconf 68' lang='lat' dir='ltr'><strong>ratimie</strong></span> <span class='ocrx_word' id='word_1_761' title='bbox 3063 5242 3310 5287; x_wconf 87' lang='lat' dir='ltr'><strong>creatura</strong></span> <span class='ocrx_word' id='word_1_762' title='bbox 3341 5243 3446 5295; x_wconf 88' lang='lat' dir='ltr'><strong>est,</strong></span> 
     </span>
    </p>
   </div>
   <div class='ocr_carea' id='block_1_112' title="bbox 1871 5322 3445 5397">
    <p class='ocr_par' dir='ltr' id='par_1_112' title="bbox 1871 5322 3445 5397">
     <span class='ocr_line' id='line_1_112' title="bbox 1871 5322 3445 5397; baseline 0.001 -22"><span class='ocrx_word' id='word_1_763' title='bbox 1871 5322 1989 5376; x_wconf 87' lang='lat' dir='ltr'><strong>aliis</strong></span> <span class='ocrx_word' id='word_1_764' title='bbox 2020 5323 2211 5376; x_wconf 87' lang='lat' dir='ltr'><strong>similis</strong></span> <span class='ocrx_word' id='word_1_765' title='bbox 2233 5325 2357 5378; x_wconf 91' lang='lat' dir='ltr'><strong>erit.</strong></span> <span class='ocrx_word' id='word_1_766' title='bbox 2407 5323 2680 5396; x_wconf 74' lang='lat' dir='ltr'><strong>Cognatas</strong></span> <span class='ocrx_word' id='word_1_767' title='bbox 2727 5326 2891 5397; x_wconf 78' lang='lat'><strong>239</strong></span> <span class='ocrx_word' id='word_1_768' title='bbox 2923 5327 3103 5396; x_wconf 85' lang='lat' dir='ltr'><strong>itaque</strong></span> <span class='ocrx_word' id='word_1_769' title='bbox 3141 5325 3244 5380; x_wconf 92' lang='lat' dir='ltr'><strong>erit</strong></span> <span class='ocrx_word' id='word_1_770' title='bbox 3284 5325 3445 5379; x_wconf 90' lang='lat' dir='ltr'><strong>etiam</strong></span> 
     </span>
    </p>
   </div>
   <div class='ocr_carea' id='block_1_113' title="bbox 1872 5415 3448 5483">
    <p class='ocr_par' dir='ltr' id='par_1_113' title="bbox 1872 5415 3448 5483">
     <span class='ocr_line' id='line_1_113' title="bbox 1872 5415 3448 5483; baseline 0.004 -17"><span class='ocrx_word' id='word_1_771' title='bbox 1872 5415 2195 5470; x_wconf 71' lang='lat' dir='ltr'><strong>aninmlibus</strong></span> <span class='ocrx_word' id='word_1_772' title='bbox 2244 5417 2453 5472; x_wconf 88' lang='lat' dir='ltr'><strong>ratione</strong></span> <span class='ocrx_word' id='word_1_773' title='bbox 2491 5420 2824 5483; x_wconf 88' lang='lat' dir='ltr'><strong>carentibus,</strong></span> <span class='ocrx_word' id='word_1_774' title='bbox 2867 5419 3057 5472; x_wconf 89' lang='lat' dir='ltr'><strong>avibus</strong></span> <span class='ocrx_word' id='word_1_775' title='bbox 3095 5417 3348 5471; x_wconf 91' lang='lat' dir='ltr'><strong>nimirum</strong></span> <span class='ocrx_word' id='word_1_776' title='bbox 3389 5426 3448 5472; x_wconf 87' lang='lat' dir='ltr'><strong>et</strong></span> 
     </span>
    </p>
   </div>
   <div class='ocr_carea' id='block_1_114' title="bbox 1871 5508 3443 5582">
    <p class='ocr_par' dir='ltr' id='par_1_114' title="bbox 1871 5508 3443 5582">
     <span class='ocr_line' id='line_1_114' title="bbox 1871 5508 3443 5582; baseline 0.003 -23"><span class='ocrx_word' id='word_1_777' title='bbox 1871 5508 2130 5577; x_wconf 89' lang='lat' dir='ltr'><strong>piscibus.</strong></span> <span class='ocrx_word' id='word_1_778' title='bbox 2173 5509 2307 5564; x_wconf 83' lang='lat' dir='ltr'><strong>Nam</strong></span> <span class='ocrx_word' id='word_1_779' title='bbox 2339 5523 2393 5566; x_wconf 93' lang='lat' dir='ltr'><strong>et</strong></span> <span class='ocrx_word' id='word_1_780' title='bbox 2432 5513 2547 5567; x_wconf 75' lang='lat' dir='ltr'><strong>btec</strong></span> <span class='ocrx_word' id='word_1_781' title='bbox 2595 5513 2870 5578; x_wconf 88' lang='lat' dir='ltr'><strong>animalia,</strong></span> <span class='ocrx_word' id='word_1_782' title='bbox 2915 5513 3161 5582; x_wconf 87' lang='lat' dir='ltr'><strong>quamvis</strong></span> <span class='ocrx_word' id='word_1_783' title='bbox 3197 5512 3443 5577; x_wconf 88' lang='lat' dir='ltr'><strong>minima,</strong></span> 
     </span>
    </p>
   </div>
   <div class='ocr_carea' id='block_1_115' title="bbox 1870 5602 3441 5667">
    <p class='ocr_par' dir='ltr' id='par_1_115' title="bbox 1870 5602 3441 5667">
     <span class='ocr_line' id='line_1_115' title="bbox 1870 5602 3441 5667; baseline 0.007 -16"><span class='ocrx_word' id='word_1_784' title='bbox 1870 5614 1995 5667; x_wconf 81' lang='lat' dir='ltr'><strong>pars</strong></span> <span class='ocrx_word' id='word_1_785' title='bbox 2031 5602 2190 5657; x_wconf 90' lang='lat' dir='ltr'><strong>totius</strong></span> <span class='ocrx_word' id='word_1_786' title='bbox 2227 5612 2491 5660; x_wconf 77' lang='lat' dir='ltr'><strong>creatura:</strong></span> <span class='ocrx_word' id='word_1_787' title='bbox 2525 5615 2672 5660; x_wconf 88' lang='lat' dir='ltr'><strong>sunt.</strong></span> <span class='ocrx_word' id='word_1_788' title='bbox 2715 5607 2821 5660; x_wconf 76' lang='lat' dir='ltr'><strong>Sed</strong></span> <span class='ocrx_word' id='word_1_789' title='bbox 2867 5606 2970 5661; x_wconf 85' lang='lat' dir='ltr'><strong>hoc</strong></span> <span class='ocrx_word' id='word_1_790' title='bbox 3007 5605 3300 5660; x_wconf 89' lang='lat' dir='ltr'><strong>absurdum</strong></span> <span class='ocrx_word' id='word_1_791' title='bbox 3336 5615 3441 5662; x_wconf 85' lang='lat' dir='ltr'><strong>est.</strong></span> 
     </span>
    </p>
   </div>
   <div class='ocr_carea' id='block_1_116' title="bbox 1870 5689 3443 5768">
    <p class='ocr_par' dir='ltr' id='par_1_116' title="bbox 1870 5689 3443 5768">
     <span class='ocr_line' id='line_1_116' title="bbox 1870 5689 3443 5768; baseline 0.006 -24"><span class='ocrx_word' id='word_1_792' title='bbox 1870 5689 1963 5746; x_wconf 85' lang='lat' dir='ltr'><strong>Pie</strong></span> <span class='ocrx_word' id='word_1_793' title='bbox 2006 5692 2170 5762; x_wconf 83' lang='lat' dir='ltr'><strong>igitur</strong></span> <span class='ocrx_word' id='word_1_794' title='bbox 2210 5695 2601 5768; x_wconf 82' lang='lat' dir='ltr'><strong>primogenitus</strong></span> <span class='ocrx_word' id='word_1_795' title='bbox 2642 5697 2858 5768; x_wconf 87' lang='lat' dir='ltr'><strong>quidem</strong></span> <span class='ocrx_word' id='word_1_796' title='bbox 2911 5697 3239 5763; x_wconf 85' lang='lat' dir='ltr'><strong>censebitur,</strong></span> <span class='ocrx_word' id='word_1_797' title='bbox 3286 5707 3348 5753; x_wconf 90' lang='lat' dir='ltr'><strong>ut</strong></span> <span class='ocrx_word' id='word_1_798' title='bbox 3387 5695 3443 5753; x_wconf 85' lang='lat' dir='ltr'><strong>in</strong></span> 
     </span>
    </p>
   </div>
  </div>
