3878 6208
398 355 503 411 407

1382 358 1439 412 S.
1480 356 1757 413 CYHILLI
1798 354 2273 411 ALEXANDRINI
2311 359 2633 414 AliCllll-LP.

3535 354 3649 410 608

400 473 588 529 multis
640 474 918 542 fratribus,
952 485 1173 547 prepter
1219 492 1314 532 eos
1362 478 1454 546 qui
1499 490 1593 546 per
1639 477 1867 546 gratiam
1918 475 1967 529 in

2082 477 2265 550 Πάσης
2289 479 2343 533 δὲ
2371 480 2597 542 κτξσεως
2625 477 2887 548 ἀνωτέρω
2913 477 3151 530 κείσεται
3169 518 3182 539 ,
3208 476 3283 539 ὼς
3308 474 3413 545 πρὸ
3439 474 3643 544 ταύτης

401 562 541 621 filios
591 568 825 636 ad0ptati
875 579 1019 621 sunt.
1054 565 1212 622 Omni
1263 582 1394 622 vero
1440 576 1689 621 creatura
1724 566 1972 635 superior

400 656 525 721 erit,
558 666 617 711 ut
642 658 732 727 qui
765 668 890 712 ante
916 673 1035 713 eam
1062 658 1312 723 exsistat,
1337 671 1565 725 eamque
1603 657 1668 710 ad
1699 670 1822 711 esse
1861 665 1972 710 tra-

400 747 634 817 duxerit,
659 749 773 819 ipse
795 749 1046 804 increate
1073 749 1324 803 essentia:
1344 748 1632 804 exsistens.

1068 860 1300 917 ALIUD.

468 974 924 1040 Quemadmodum
956 986 1176 1030 vocatus
1207 986 1291 1031 est
1320 974 1712 1044 primogenitus
1734 974 1785 1027 in
1828 973 1971 1027 mul—

397 1068 467 1121 tis
494 1066 769 1134 fratribus,
791 1069 913 1136 quia
939 1068 1174 1137 adoptati
1203 1077 1330 1122 sunt
1350 1068 1401 1121 in
1426 1068 1563 1121 ﬁlios
1592 1082 1688 1135 per
1735 1066 1965 1136 gratiam

395 1159 486 1228 qui
520 1173 617 1229 per
637 1159 809 1226 ipsum
839 1159 1029 1213 salvati
1066 1169 1230 1226 sunt;
1263 1168 1317 1213 et
1366 1172 1580 1212 rursum
1643 1156 1970 1228 primogeni-

397 1259 487 1325 tus
514 1261 568 1304 et
597 1250 847 1320 primitiae
885 1260 1238 1314 mortuorum,
1277 1249 1402 1319 quia
1428 1260 1555 1305 ante
1580 1250 1768 1303 omnes
1797 1250 1865 1304 ad
1886 1249 1968 1303 in-

393 1342 795 1413 corruptionem
858 1347 1201 1401 resurrexit:
1257 1344 1331 1398 ita
1388 1345 1711 1414 principium
1757 1346 1965 1399 viarum

393 1449 609 1493 creatus
636 1452 757 1493 esse
790 1437 986 1493 dicitur
1014 1439 1081 1502 7’,
1116 1439 1242 1507 quia
1259 1438 1511 1492 omnibus
1560 1435 1818 1506 deinceps
1871 1451 1969 1507 per

394 1530 567 1598 ipsum
599 1529 683 1584 via
719 1529 785 1583 ad
816 1529 1043 1585 salutem
1070 1538 1152 1584 est
1178 1538 1387 1598 aperta.

396 1662 547 1728 Quod
577 1678 679 1716 non
703 1661 862 1715 aliam
891 1662 952 1715 ob
977 1678 1189 1715 causam
1225 1661 1522 1729 unigenilus
1546 1671 1776 1725 vocetur,
1796 1677 1965 1731 quam

830 1743 885 1783 ut
911 1732 1052 1785 solus
1080 1739 1253 1784 revera
1282 1733 1505 1799 genitus.

674 1800 919 1871 Defensio
947 1816 1012 1855 ex
1038 1800 1360 1871 simplicibus
1382 1800 1712 1872 syllogismis.

462 1938 520 1992 Si
554 1936 680 2008 quia
714 1935 860 1991 solus
894 1935 1204 1991 immediate
1235 1933 1410 1989 factus
1450 1943 1554 2000 est,
1619 1934 1823 1991 idcirco
1850 1936 1971 1991 uni-

391 2033 624 2104 genitus,
653 2039 850 2100 praeter
881 2028 1210 2083 voluntatem
1248 2028 1422 2082 factus
1437 2034 1555 2081 est:
1580 2027 1674 2082 sed
1696 2042 1819 2082 cum
1838 2028 1972 2083 nihil

390 2126 593 2180 factum
616 2121 708 2188 sit,
746 2122 847 2175 nisi
881 2120 1152 2175 mediante
1173 2127 1337 2188 atque
1364 2117 1731 2173 intercedente
1758 2119 1847 2173 Del
1876 2134 1970 2174 vo-

390 2214 599 2272 luntate
629 2230 643 2267 :
676 2227 782 2266 non
814 2227 942 2280 ergo
976 2212 1096 2267 ideo
1123 2211 1245 2280 quia
1287 2209 1596 2264 immediate
1642 2208 1818 2265 factus
1860 2217 1967 2272 est,

391 2305 701 2375 unigenitus
752 2313 869 2368 est,
920 2304 1015 2358 sed
1047 2304 1172 2373 quia
1206 2301 1320 2370 ipse
1342 2302 1490 2355 solus
1516 2310 1601 2356 est
1625 2298 1837 2356 fructus
1865 2314 1964 2371 pa-

393 2407 601 2451 ternus.

1055 2503 1293 2562 ALIUD.

464 2646 520 2702 Si
576 2643 885 2715 unigenitus
937 2648 1042 2705 est,
1070 2639 1196 2709 quia
1251 2637 1398 2694 solus
1458 2638 1642 2694 abillo
1667 2639 1841 2694 factus
1861 2648 1966 2706 est,

390 2739 543 2811 juxta
570 2747 807 2791 vestram
837 2732 1146 2802 opinionem
1175 2769 1194 2795 ,
1228 2745 1331 2784 non
1359 2739 1504 2784 esset
1528 2728 1695 2783 totius
1726 2729 1966 2783 universi

391 2839 631 2891 creator,
665 2825 756 2895 qui
786 2825 890 2879 hoc
916 2821 1111 2884 solum,
1168 2835 1275 2876 non
1311 2828 1491 2874 autem
1519 2820 1725 2883 omnia,
1757 2819 1966 2875 fecerit.

393 2920 451 2975 Si
476 2933 603 2973 vero
658 2918 820 2972 Pater
854 2922 938 2971 est
992 2914 1160 2969 totius
1234 2911 1471 2967 universi
1515 2922 1731 2966 creator
1762 2913 1966 2984 (omnia

392 3012 537 3067 cnim
561 3026 626 3065 ex
647 3010 763 3078 ipso
779 3007 871 3076 ⁷⁸),
904 3021 1009 3063 non
1039 3013 1123 3060 est
1148 3003 1309 3075 igitur
1325 3002 1492 3058 Filius
1517 3018 1580 3057 ea
1615 3004 1822 3058 ratione
1850 3004 1968 3058 uni-

392 3104 611 3174 genitus
659 3103 799 3170 quod
827 3100 974 3156 solus
1012 3100 1263 3161 exsistat,
1295 3098 1387 3152 sed
1452 3095 1597 3165 quod
1634 3094 1781 3150 solus
1808 3104 1966 3151 natu-

396 3195 583 3251 raliter
613 3195 827 3264 genittts
857 3193 948 3247 sit.

1060 3300 1222 3360 ALIU
1234 3304 1296 3360 Dn.

463 3418 857 3491 Sivnigenitus
902 3427 1011 3482 est,
1053 3419 1178 3485 quia
1236 3417 1382 3472 solus
1409 3431 1437 3470 a
1486 3416 1602 3473 solo
1630 3416 1807 3483 factus
1855 3425 1966 3479 est,

392 3512 542 3567 solus
571 3522 753 3565 autem
785 3510 864 3564 sol
894 3510 1036 3563 diem
1064 3509 1191 3563 facit
1224 3524 1238 3562 :
1288 3523 1418 3578 ergo
1438 3510 1601 3563 etiam
1659 3509 1969 3578 unigenitus

391 3605 522 3659 solis
545 3604 660 3658 dies
674 3600 972 3658 dicetur.Si
999 3590 1125 3656 vero
1148 3600 1309 3655 etiam
1346 3602 1490 3655 solus
1513 3601 1779 3670 quispiam
1806 3616 1966 3655 unam

392 3697 629 3764 aliquam
653 3695 932 3748 scientiam
993 3692 1284 3755 invenerit,
1346 3702 1438 3745 aut
1491 3707 1651 3744 unam
1684 3692 1967 3762 imaginem

393 3787 713 3847 c0nfecerit,
741 3784 1015 3849 unigenita
1044 3783 1207 3838 etiam
1236 3784 1411 3836 vocari
1464 3792 1738 3852 poterunt,
1761 3798 1878 3852 qua
1902 3784 1970 3838 ab

392 3879 510 3946 ipso
541 3876 784 3932 confecta
840 3874 1063 3929 fuerint.
1089 3876 1156 3927 At
1204 3874 1249 3927 si
1298 3888 1454 3926 nemo
1504 3889 1736 3941 unquam
1797 3873 1968 3927 solum

394 3968 607 4037 aliquod
631 3984 764 4037 opus
803 3966 1133 4045 unigenitum
1162 3964 1390 4030 vocavit,
1414 3970 1682 4034 quomodo
1712 3965 1881 4021 Filius
1911 3975 1969 4021 ut

395 4061 591 4120 laetus,
626 4075 730 4114 non
762 4069 968 4122 autem,
994 4069 1051 4112 ut
1082 4058 1318 4128 genitus,
1347 4057 1656 4127 unigenitus
1683 4072 1808 4114 esse
1834 4072 1968 4113 cen-

393 4151 641 4209 scbitttr?

1065 4261 1300 4319 ALIUD.

457 4380 517 4436 Si
550 4395 655 4435 non
682 4391 741 4433 ut
770 4378 917 4434 solus
949 4377 1184 4449 genitus,
1214 4378 1309 4431 sed
1342 4385 1400 4430 ιιι
1422 4375 1616 4440 factus,
1643 4376 1955 4446 unigenitus

394 4481 617 4527 vocatus
642 4481 749 4534 est,
774 4480 829 4525 et
857 4469 1087 4539 Jeplttlte
1120 4468 1229 4521 lilia
1282 4467 1446 4520 etiam
1512 4467 1784 4538 unigenita
1838 4468 1974 4522 dici-

2070 567 2167 630 ὢν.
2201 572 2292 622 καὶ
2324 572 2404 633 εἰς
2434 571 2495 624 τὸ
2522 567 2663 624 εἷναι
2689 568 2893 640 ταύτην
2938 567 3303 641 παραγαγὼν,
3329 567 3553 637 κτιστῆς
3582 582 3642 618 τε

2070 661 2233 726 αὐτὸς
2271 664 2371 735 οὐχ
2406 665 2666 736 ὑπάρχων
2691 663 2903 726 οὐσίας.

2752 868 2958 921 ΑΛΛΟ.

2141 984 2350 1053 ’Ὠσπερ
2391 982 2735 1054 πρωτότοκος
2782 982 2839 1034 ὲν
2869 978 3085 1041 πολλοῖς
3113 977 3363 1045 ἀδελφοῖς
3406 974 3640 1046 ἐκλήθη,

2066 1074 2155 1128 διὰ
2188 1075 2248 1129 τὸ
2288 1074 2585 1144 κεκλῆσθαι
2634 1072 2771 1144 πρὸς
2820 1070 3100 1124 υἱοθεσίαν
3124 1067 3260 1121 Θεοῦ
3301 1066 3444 1119 κατὰ
3478 1066 3641 1135 χάριν

2066 1166 2193 1229 τοὺς
2226 1165 2293 1219 δι’
2321 1164 2487 1218 αὐτοῦ
2520 1163 2926 1234 σεσωσμένουςο
2957 1161 3052 1214 καὶ
3092 1160 3256 1213 πάλιν
3292 1157 3643 1229 πρωτότοκος

2068 1260 2163 1315 καὶ
2190 1259 2415 1331 ἀπαρχὴ
2435 1258 2546 1311 τῶν
2564 1257 2776 1328 νεκρῶν
2807 1255 2896 1310 διὰ
2930 1255 2987 1309 τὸ
3022 1253 3187 1308 αὐτὸν
3215 1255 3295 1315 εἰς
3326 1249 3653 1321 ἀφθαρσίαν

2068 1351 2366 1422 ὲγηγέρθαι
2399 1352 2508 1420 πρὸ
2538 1349 2779 1403 πάντωνο
2836 1346 3010 1409 οὕτως
3046 1345 3189 1418 ἀρχὴ
3221 1344 3357 1397 ὁδῶν
3391 1341 3644 1396 ἐκτίσθαι

2066 1442 2316 1511 λέγεται,
2356 1442 2445 1496 διὰ
2481 1443 2541 1495 τὸ
2582 1441 2791 1504 πάντας
2838 1439 2906 1493 δι’
2940 1437 3105 1492 αὑτοῦ
3153 1436 3411 1491 δύνασθαι
3454 1435 3645 1488 λοιπὸν

2066 1534 2278 1604 τρέχειν
2311 1535 2390 1598 εἰς
2423 1533 2715 1603 σωτηρίαι.

2069 1670 2196 1721 ’Ὅτι
2232 1668 2314 1737 μὴ
2361 1668 2432 1721 δι’
2482 1668 2683 1733 ἄλλην
2715 1667 2914 1720 αἰτίαν
2959 1663 3298 1737 μονογενὴς
3333 1664 3649 1737 κέκληται,

2101 1734 2241 1793 ἀλλί
2290 1738 2333 1807 ἢ
2376 1740 2456 1805 ὠς
2493 1740 2680 1807 μόνος
2736 1739 2862 1790 κατ’
2920 1736 3210 1807 ἀλήθειαν
3266 1734 3595 1804 γεννηθείς.

2525 1809 2841 1878 Ἀπολογία
2869 1805 3202 1870 αὺτολεξεί.

2140 1941 2202 1993 Ei
2226 1940 2315 1994 διὰ
2341 1940 2407 1993 τὸ
2438 1940 2597 2010 μόνον
2622 1938 2993 2009 ἁμεσιτεύτως
3019 1938 3183 1992 αὐτὸν
3210 1935 3515 2005 γεγονέναι,
3552 1935 3653 1990 διὰ

2067 2031 2224 2085 τοῦτο
2254 2030 2566 2103 μονογενὴς,
2596 2030 2912 2102 ἀϐουλήτως
2944 2029 3164 2099 γέγονεν
3187 2045 3201 2059 ·
3232 2030 3280 2081 εἰ
3310 2028 3367 2081 δὲ
3401 2027 3512 2080 τῶν
3546 2044 3654 2095 γε-

2068 2122 2482 2192 νομένιι›ν.οὐδὲν
2507 2124 2675 2186 ἐστιν,
2708 2122 2736 2175 6
2764 2122 2928 2195 βουλὴ
2954 2121 3089 2175 Θεοῦ
3126 2123 3227 2175 οὐκ
3252 2122 3603 2192 ἐμεσίτευσεν
3630 2139 3655 2155 ι

2067 2214 2169 2268 οὐκ
2210 2214 2319 2285 ἄρα
2364 2213 2452 2267 διὰ
2493 2214 2555 2267 τὸ
2596 2214 2971 2284 ἀμεσιτεύτως
3016 2215 3320 2283 γεγονέναι,
3361 2212 3449 2266 διὰ
3483 2213 3663 2266 τοῦτο.

2072 2306 2386 2377 μονογενὴς,
2418 2304 2553 2359 ἀλλὰ
2591 2306 2680 2363 διὰ
2718 2306 2781 2360 τὸ
2826 2307 2989 2377 μόνον
3024 2305 3217 2359 τοῦτον
3257 2301 3396 2358 εἶναι
3431 2305 3657 2376 καρπὸν

2066 2417 2355 2471 πατρικον.

2746 2513 2947 2567 ΑΛΛΟ.

2139 2646 2200 2698 Εἰ
2229 2644 2318 2700 διὰ
2344 2645 2502 2699 τοῦτο
2531 2647 2853 2717 μονογενὴς,
2871 2647 2955 2700 ὅτι
2986 2646 3144 2715 μόνος
3178 2647 3270 2699 ὑπ’
3304 2647 3515 2701 ἐκείνου
3543 2647 3655 2716 γέ-

2067 2751 2212 2803 γονε,
2248 2736 2373 2790 καθ’
2399 2737 2562 2807 ὑμᾶς,
2586 2738 2687 2791 οὐκ
2721 2738 2786 2792 ἂν
2808 2739 2893 2808 εἴη
2923 2741 3033 2793 τῶν
3059 2738 3287 2792 καθόλου
3314 2739 3669 2809 δημιουργὸς

2066 2827 2096 2878 6
2133 2824 2322 2880 τοῦτον
2376 2827 2555 2897 μόνον,
2588 2828 2705 2882 ἀλλ’
2749 2830 2811 2882 οὐ
2864 2830 3063 2895 πάντα,
3108 2830 3440 2900 πεποιηκώς.
3478 2832 3539 2883 Εἰ
3589 2831 3665 2885 δὲ

2067 2918 2187 2970 ἔστι
2205 2917 2312 2970 τῶν
2336 2917 2567 2971 καθόλου
2587 2918 2917 2990 δημιουργὸς
2940 2923 2967 2972 ὁ
2996 2922 3187 2992 Πατήρ
3204 2938 3217 2951 ·
3246 2921 3311 2974 τὰ
3341 2922 3515 2975 πάντα
3534 2921 3670 2993 γὰρ

2067 3010 2127 3076 ἐξ
2166 3011 2349 3064 αὐτοῦ’
2382 3011 2481 3081 οὐχ
2522 3012 2597 3075 ὡς
2629 3012 2788 3082 μόνος
2817 3012 2924 3084 ἄρα
2952 3014 3209 3084 ὑπάρξας
3250 3016 3281 3067 6
3320 3013 3447 3077 Υἱὸς
3489 3030 3673 3084 μοναρ-

2067 3104 2250 3174 γενὴς,
2284 3103 2397 3157 ἀλλ’
2426 3103 2501 3167 ὡς
2531 3104 2690 3174 μόνος
2720 3105 2967 3173 φυσικῶς
2994 3106 3294 3176 γεννηθείς.

2742 3304 2950 3359 ΑΛΛΟ.

2140 3414 2202 3469 Ei
2234 3418 2550 3488 μονογενὴς,
2574 3418 2655 3470 ὅτι
2698 3417 2855 3481 μόνος
2884 3416 2988 3469 ὑπὸ
3022 3417 3181 3486 μόνου
3213 3413 3405 3484 γέγονε
3425 3454 3440 3479 ,
3483 3414 3664 3486 μόνος

2067 3507 2124 3562 δὲ
2149 3509 2298 3579 ἥλιος
2320 3510 2537 3582 ἡμέραν
2567 3512 2744 3575 ποιεῖ,
2779 3509 3074 3580 μονογενὴς
3103 3509 3253 3580 ἡλίου
3278 3510 3371 3562 καὶ
3397 3511 3429 3580 ἡ
3462 3510 3665 3580 ἡμέρα

2066 3596 2410 3668 λεχθήσεται.
2448 3601 2507 3653 Εἰ
2534 3599 2589 3652 δὲ
2620 3601 2716 3655 καὶ
2745 3600 2902 3669 μόνος
2925 3617 3008 3662 τις
3040 3598 3137 3652 καὶ
3170 3599 3298 3668 μιᾶς
3332 3600 3667 3668 ἐπιστήμης

2068 3690 2293 3757 γέγονεν
2325 3690 2572 3762 εὑρετὴς,
2627 3689 2660 3759 ἢ
2711 3691 2840 3759 μιᾶς
2887 3689 3095 3751 εἰκόνος
3123 3687 3444 3757 αὐτουργὸς,
3491 3704 3672 3757 povo-

2069 3779 2201 3847 γενῆ
2227 3778 2314 3847 εἴη
2343 3779 2409 3830 ἂν
2441 3778 2589 3849 αὐτῷ
2621 3781 2938 3850 γεννήματα
2967 3777 3038 3831 τὰ
3064 3778 3201 3847 μόνα
3229 3778 3320 3830 ὑπ’
3348 3776 3514 3831 αὑτοῦ
3544 3794 3667 3829 πε-

2071 3870 2363 3940 ποιημένα.
2398 3871 2458 3922 Εἰ
2500 3870 2558 3923 δὲ
2592 3870 2781 3941 μηδεὶς
2820 3869 3040 3925 πώποτε
3074 3868 3358 3940 μονογενὲς
3396 3867 3457 3920 τὺ
3484 3867 3668 3937 μόνον

2072 3961 2231 4032 ἔργον
2266 3962 2520 4033 κέκληκε,
2554 3962 2670 4024 πῶς
2716 3965 2744 4016 ὁ
2786 3962 2914 4025 Υἱὸς
2956 3962 3031 4025 ὡς
3063 3960 3378 4032 γενόμενος.
3405 3958 3519 4016 ἀλλ’
3547 3961 3667 4032 οὺχ

2071 4052 2146 4118 ὡς
2174 4054 2477 4124 γεννηθεὶς,
2516 4054 2810 4126 μονογενὴς
2842 4054 3207 4125 νοηθήσεται;

2749 4256 2956 4311 ΑΛΛΟ.

2144 4368 2207 4421 Εἰ
2238 4366 2314 4437 μὴ
2343 4367 2419 4430 ὡς
2447 4366 2729 4437 γεννηθεὶς
2761 4369 2918 4439 μόνος
2938 4409 2951 4433 ,
2979 4371 3041 4423 οὐ
3075 4369 3183 4441 μὴν
3211 4369 3305 4422 καὶ
3327 4369 3663 4438 γενόμενος,

2076 4460 2366 4529 μονογενὴς
2403 4457 2683 4528 κέκληται,
2713 4460 2974 4530 κέκληται
3003 4462 3060 4515 δὲ
3088 4462 3181 4514 κα¹ι⁹
3209 4462 3268 4514 τὸ
3296 4461 3391 4513 τοῦ
3433 4462 3660 4529 Ἰεφθάε

394 4572 481 4616 tur
509 4563 554 4594 ⁷⁷
593 4579 607 4615 :
642 4560 804 4615 fuerit
834 4560 996 4629 igitur
1025 4558 1199 4613 solum
1235 4573 1370 4626 Opus
1407 4557 1596 4626 ipsius,
1649 4572 1753 4612 non
1785 4568 1963 4611 autem

2082 4552 2362 4622 Ξυγὰτριον
2412 4552 2731 4622 μονογενὲς,
2783 4554 2870 4623 εεη
2920 4553 2987 4607 ἂν
3038 4554 3197 4624 μόνον
3246 4554 3407 4624 ἔργον
3456 4554 3658 4617 αὐτοῦ,

394 4654 662 4721 κνιιίιιιριι.
685 4654 789 4706 Ant
827 4652 873 4705 si
900 4650 1175 4705 fatendum
1207 4660 1284 4703 est
1313 4648 1637 4717 unigenitum
1669 4663 1789 4702 eam
1820 4664 1963 4712 esse,

393 4744 519 4810 quia
548 4743 659 4797 sola
692 4760 756 4795 ex
786 4742 1004 4811 proprio
1031 4748 1181 4809 patre
1201 4739 1381 4807 genita
1409 4739 1516 4792 sit:
1556 4738 1882 4811 zﬁocerte
1910 4748 1967 4794 et

394 4835 563 4890 Filius
591 4835 896 4902 unigenitus
927 4833 1050 4897 erit,
1084 4832 1228 4900 quod
1258 4829 1405 4885 solus
1456 4839 1690 4899 paterna:
1718 4832 1967 4887 essentia:

396 4927 571 4980 luntres
603 4924 813 4993 genitus
845 4924 933 4978 sit.

1064 5033 1291 5089 ALIUD.

468 5149 528 5204 Si
558 5149 682 5219 quia
712 5148 856 5203 solus
887 5148 1008 5201 talis
1040 5146 1214 5200 factus
1239 5156 1345 5211 est,
1411 5144 1615 5199 ideirco
1650 5142 1966 5211 unigenitus

395 5252 501 5302 est,
528 5251 583 5295 et
604 5240 802 5293 cmlum
828 5239 1000 5292 solum
1032 5237 1133 5289 tale
1162 5252 1295 5306 opus
1320 5237 1514 5289 factum
1547 5244 1629 5289 est
1682 5232 1840 5303 quale
1863 5241 1967 5296 est,

395 5332 675 5387 critetiam
706 5331 902 5386 caelum
934 5328 1292 5400 unigenitum.
1330 5328 1384 5380 Si
1412 5342 1563 5392 vero,
1597 5326 1807 5380 tametsi
1838 5324 1972 5378 mul-

398 5432 468 5479 ta:
490 5434 542 5477 et
570 5424 785 5494 quidem
814 5424 942 5476 StiliB
982 5429 1242 5474 creaturae
1270 5418 1444 5482 factae,
1474 5434 1578 5471 non
1643 5427 1820 5471 tamen
1883 5414 1971 5469 tli-

399 5523 595 5568 cuntttr
626 5513 915 5581 unigeniLe
949 5528 963 5565 :
1000 5510 1167 5565 Filius
1200 5510 1383 5578 itaque
1405 5516 1486 5562 est
1514 5507 1845 5577 ttnigeuittts,
1870 5521 1973 5560 non

406 5615 463 5659 ut
510 5605 658 5660 solus
700 5606 817 5659 talis
849 5603 1044 5668 factus,
1067 5604 1160 5658 sed
1192 5611 1249 5656 ut
1271 5600 1422 5656 solus
1450 5599 1686 5671 genitus.

2072 4643 2186 4697 ἀλλ’
2236 4645 2298 4696 οὐ
2344 4645 2611 4713 γέννημα.
2649 4644 2720 4697 Ἢ
2764 4644 2923 4714 εἴπερ
2969 4645 3314 4716 ὡμολόγηται
3361 4649 3662 4714 μονογενὲς

2071 4734 2203 4787 αὐτὸ
2232 4731 2390 4801 εἶναι,
2414 4733 2502 4788 διὰ
2525 4735 2585 4788 τὸ
2618 4736 2775 4805 μόνον
2797 4738 2860 4789 ὲκ
2879 4735 2972 4789 τοῦ
3004 4736 3134 4790 ἰδίου
3165 4736 3521 4806 γεγεννῆσθαι
3544 4755 3661 4789 πα-

2072 4824 2221 4892 τρὸς,
2252 4825 2345 4877 καὶ⁸
2368 4827 2397 4878 6
2422 4825 2551 4888 Υἱὸς
2585 4825 2742 4895 δῆλον
2768 4826 2850 4881 ὅτι.
2880 4828 3176 4897 μονογενὴς
3198 4866 3213 4891 ,
3245 4829 3401 4899 μόνος
3425 4828 3525 4899 τῆς
3554 4829 3660 4883 τοῦ

2077 4918 2289 4987 Πατρὸς
2316 4917 2501 4981 οὐσίας
2528 4918 2801 4989 γεννητῶς
2830 4918 3187 4990 κληρονόμος.

2751 5036 2954 5089 ΑΛΛΟ.

2153 5146 2215 5198 Εἰ
2250 5146 2373 5199 ἐπεὶ
2399 5147 2559 5218 μόνος
2587 5147 2827 5212 τοιοῦτος
2870 5149 3084 5216 γέγονε,
3108 5148 3198 5202 διὰ
3228 5148 3386 5203 τοῦτο
3422 5167 3653 5221 μονογε-

2076 5236 2194 5306 νὴς,
2250 5238 2409 5308 μόνον
2452 5238 2508 5290 δὲ
2556 5238 2714 5310 ἔργον
2767 5239 3011 5292 τοιοῦτον
3058 5243 3085 5293 6
3124 5240 3349 5311 οὐρανὸς
3400 5241 3652 5309 γέγονεν,

2075 5329 2258 5382 ὁποῖόν
2289 5332 2456 5394 ἐστιν,
2487 5330 2573 5399 εἴη
2601 5330 2665 5382 ἂν
2694 5332 2787 5383 καὶ
2807 5332 2967 5395 αὐτὸς
2992 5334 3308 5404 μονογενής.
3343 5334 3407 5387 Ei
3441 5332 3497 5385 δὲ
3523 5334 3653 5385 καί·

2072 5437 2155 5473 τοι
2186 5419 2355 5473 πολλὰ
2391 5421 2485 5474 καὶ
2539 5422 2675 5491 μόνα
2717 5422 2993 5494 κτίσματα
3025 5426 3296 5494 γενόμενα
3319 5426 3419 5478 οὐκ
3448 5424 3655 5497 ἐρρέθη

2078 5515 2362 5583 μονογενῆ,
2398 5515 2426 5566 6
2450 5512 2581 5576 Υἱὸς
2607 5512 2715 5585 ἄρα
2744 5515 3038 5587 μονογενὴς
3070 5516 3166 5585 οὐχ
3190 5516 3265 5580 ὡς
3299 5516 3456 5589 μόνος
3481 5516 3656 5572 τοιοῦρ

2077 5617 2166 5665 τος
2192 5603 2502 5674 γενόμενος,
2534 5603 2651 5657 ἀλλ’
2684 5604 2759 5669 ὡς
2793 5606 2951 5677 μόνος
2982 5608 3281 5681 γεννηθείς.

474 5786 521 5818 ’⁸
556 5785 711 5842 Prov.
752 5802 864 5851 \‘Ilt,
898 5786 987 5840 9.9..
1064 5787 1111 5820 ⁷⁸
1138 5783 1341 5840 Culuss.
1388 5799 1425 5847 ι,
1469 5782 1550 5837 lG.
1628 5781 1672 5812 ⁷⁷
1698 5779 1870 5836 Judic.
1916 5796 1990 5845 XI,
2021 5780 2110 5835 Si.
