3878 6208
259 363 364 419 Μ’)

335 587 395 640 Ei
438 585 534 641 διὰ
577 583 736 640 τοῦτο
787 585 1080 654 μονογενὴς
1120 584 1206 635 ὅτι
1250 581 1408 651 μόνος
1455 579 1562 634 τῶν
1618 581 1836 633 πάντων

261 679 523 751 ὑπερέχει
546 719 565 743 ,
617 677 876 747 ὑπερέχει
906 677 962 729 δὲ
999 676 1108 728 τῶν
1155 676 1384 728 πάντων.
1421 677 1517 727 καὶ
1557 673 1586 724 6
1625 672 1834 742 Πατὴρ,

264 770 559 842 μονογενὴς
603 767 711 840 ἄρα
748 767 966 838 λεχθείη
1011 767 1078 821 ἂν
1100 768 1193 820 καὶ
1228 766 1409 829 αῢτός.
1446 765 1506 817 Εἰ
1531 765 1586 817 δὲ
1615 765 1687 834 μὴ
1723 764 1837 816 ἔστι

265 863 592 934 μονογενὴς,
610 861 782 914 καίτοι
811 861 918 914 τῶν
950 861 1166 914 πάντων
1199 860 1502 928 ὑπερέχων,
1528 859 1687 912 οὐδὲό
1712 857 1839 920 Υἱὸς

263 953 378 1024 ἄρα
421 952 712 1023 μονογενὴς
737 993 752 1014 ,
781 951 868 1004 διὰ
893 949 990 1020 τὴν
1029 949 1300 1020 ὑπεροχὴν
1327 949 1426 1019 τὴν
1461 949 1603 1019 ’πρὸς
1640 949 1710 1002 τὰ
1741 965 1838 1002 πε-

263 1045 558 1116 ποιημένα,
589 1044 724 1097 ἀλλὰ
753 1043 838 1096 διὰ
862 1042 958 1112 τὴν
989 1045 1054 1095 ἐκ
1084 1041 1294 1114 Πατρδς
1317 1041 1594 1112 γέννησιν.

941 1156 1144 1206 ΑᾹΛΟ.

337 1271 400 1324 Εἰ
437 1269 524 1323 διὰ
549 1268 704 1321 τοῦτο
740 1269 1032 1338 μονογενὴς
1072 1269 1156 1321 ὅτι
1201 1267 1361 1336 μόνος
1409 1267 1517 1320 τῶν
1558 1267 1840 1338 πατρικῶν

267 1363 626 1434 βουλημάτων
671 1360 818 1413 ἐστὶν
863 1360 1129 1428 ἅγγελος,
1169 1362 1326 1427 μόνος
1355 1359 1410 1412 δὲ
1451 1363 1478 1413 6
1528 1360 1648 1414 καθ’
1694 1362 1840 1430 ἡμᾶς

265 1456 387 1525 ἦτοι
428 1457 483 1504 ὲν
523 1455 656 1522 ἡμῖν
686 1451 926 1521 ἔμφυτος
949 1451 1106 1518 λόγος
1131 1450 1241 1504 τῶν
1278 1451 1373 1503 τοῦ
1411 1451 1504 1504 νοῦ
1536 1451 1840 1522 βουλευμά-

265 1563 378 1598 των
422 1545 568 1596 ἐστὶν
617 1543 972 1611 ἀγγελτικός·
1007 1544 1303 1613 μονογενὴς
1345 1543 1412 1596 ἂν
1457 1544 1569 1606 υἱὸς
1616 1543 1710 1596 τοῦ
1749 1544 1847 1597 νοῦ

267 1634 494 1704 κληθείη
531 1633 627 1686 καὶ
655 1626 829 1696 οὗτος.
861 1633 923 1685 Εἰ
953 1631 1010 1685 δὲ
1047 1632 1234 1701 μηδεὶς
1261 1632 1369 1686 τῶν
1396 1634 1489 1685 ἀπ’
1524 1633 1723 1696 αἰῶνος
1749 1635 1841 1687 τὸν

267 1727 380 1780 τῶν
398 1726 724 1797 ἀπορρήτων
744 1724 1069 1794 ὲκτραντικὸν
1096 1725 1252 1793 λόγον
1285 1727 1547 1797 μονογενῆ
1574 1727 1839 1798 κέκληκε,

1667 350 2108 408 ἸΊΙΕΒΗΞΒΟΞ.

932 473 1137 527 A.\.\tl.
1865 475 1910 530 Α

3410 345 3515 404 ιιο

2621 462 2844 520 ALIUD.

2016 580 2070 635 Si
2095 579 2399 647 unigenitus
2444 576 2660 640 dicitur,
2716 576 2807 642 qui
2866 572 3010 629 solus
3048 571 3228 625 omnia
3251 568 3461 626 excedit
3498 586 3513 624 :

1942 672 2150 726 excellit
2177 687 2304 724 vero
2323 669 2503 724 omnia
2541 667 2707 722 etiam
2759 664 2920 717 Pater
2958 679 2973 717 :
3013 663 3226 716 dict-tur
3253 660 3432 729 itaque
3462 669 3518 712 ει

1944 760 2444 830 Paterunigenitus.
2471 759 2527 811 Si
2561 773 2696 815 vero.
2728 775 2831 810 non
2875 765 2957 809 est
2987 753 3315 823 unigenitns,
3375 759 3516 805 tam-

1942 855 2042 908 etsi
2073 855 2252 908 omnia
2273 853 2528 918 excedat,
2563 868 2737 920 neque
2758 850 2924 904 Filius
2960 847 3123 914 igitur
3156 844 3356 897 dicitur
3399 841 3520 894 uni-

1945 947 2327 1016 genitus,qnia
2349 954 2532 1000 creata
2556 944 2735 998 omnia
2760 941 2994 1006 excedit,
3028 938 3121 994 sed
3151 935 3276 1006 quia
3316 949 3384 989 ex
3415 930 3520 987 Pa-

1947 1049 2029 1094 tre
2053 1039 2270 1109 genitus
2293 1047 2404 1093 est.

2619 1165 2852 1222 ALIUD.

2021 1285 2076 1340 Si
2125 1284 2432 1353 unigenitus
2486 1281 2608 1336 ideo
2653 1282 2855 1334 dicitur
2917 1278 3062 1345 quod
3104 1276 3250 1331 solus
3283 1285 3523 1343 paterna:

1948 1377 2233 1431 Voluntatis
2254 1375 2472 1428 nuntius
2506 1374 2614 1428 sit:
2656 1373 3006 1425 stilusantem
3032 1379 3232 1432 uoster,
3262 1366 3378 1420 sive
3428 1364 3523 1430 qui

1950 1468 2108 1523 nobis
2135 1467 2327 1522 insitus
2347 1476 2429 1520 est
2455 1481 2631 1520 sermo
2663 1465 3017 1532 cogitationes
3076 1461 3272 1515 mentis
3321 1468 3526 1511 nostra:

1947 1562 2192 1613 enuntiat
2222 1576 2236 1612 :
2270 1573 2398 1627 ergo
2423 1568 2477 1610 et
2512 1571 2694 1609 sermo
2748 1564 2935 1606 noster
2975 1550 3293 1620 unigenitus
3326 1545 3528 1600 utentis

1950 1653 2094 1709 ﬁlius
2129 1653 2232 1706 dici
2265 1652 2480 1720 poterit.
2509 1650 2576 1702 At
2607 1646 2652 1701 si
2685 1661 2844 1700 uerno
2877 1658 3109 1711 unquam
3141 1641 3209 1693 ab
3241 1637 3386 1692 omni
3415 1649 3530 1688 a-vo

1949 1761 2252 1804 sermonem
2280 1745 2367 1813 qni
2393 1741 2771 1810 coacrptioncs
2807 1737 3004 1792 mentis
3030 1733 3298 1794 enuntiat,
3342 1730 3531 1798 unige-

267 1821 388 1881 πῶς
420 1819 486 1872 ἂν
513 1819 636 1880 Υιὸς
656 1819 732 1880 ὡς
756 1817 1106 1887 ὲξαγγελεὺς,
1137 1817 1252 1872 ἀλλ’
1279 1818 1399 1889 οὐχί
1435 1819 1510 1883 ὡς
1559 1819 1842 1892 γεννηθεὶς

1976 1839 2116 1891 itum
2160 1836 2392 1900 vocavit,
2439 1832 2708 1902 quomodo
2742 1827 2907 1882 Filius
2949 1836 3006 1880 ut
3057 1824 3304 1886 nuntius,
3333 1831 3388 1874 et
3425 1833 3530 1872 non

272 1912 476 1982 μᾶλλον
507 1911 803 1981 μονογενής
827 1927 842 1976 ;

952 2025 1159 2080 ΑᾹΛΟ.

349 2139 406 2189 ΕΞ
435 2137 523 2190 διὰ
551 2137 707 2192 τοῦτο
745 2141 1066 2210 μονογενὴς,
1095 2139 1176 2192 ὅτι
1210 2138 1368 2211 μόνος
1405 2139 1513 2194 τῶν
1542 2139 1663 2212 μετ’
1689 2141 1852 2195 αὐτόν

271 2232 391 2284 ἔστι
440 2229 808 2304 δημιουργὸς,
855 2230 1048 2288 οὐδένα
1100 2229 1212 2298 ἕξει
1273 2230 1364 2286 τὸν
1411 2232 1852 2305 συνδημιουργή-

274 2337 479 2384 σαντα,
512 2321 662 2372 οὐδὲν
709 2322 805 2374 σὶιν
839 2320 989 2391 αὐτῷ
1033 2322 1372 2389 πεποιηκότα
1413 2340 1466 2376 τι
1513 2323 1652 2394 πλὴν
1688 2323 1850 2393 μόνου

273 2413 369 2466 τοῦ
410 2412 641 2482 Πατρός.
686 2413 748 2465 El
795 2413 852 2466 δὲ
887 2415 1065 2467 πάντα
1095 2415 1154 2467 ἐν
1182 2413 1330 2485 αὐτῷ
1367 2414 1443 2479 ὡς
1479 2417 1538 2468 ὲν
1570 2416 1732 2488 σοφίᾳ
1760 2433 1854 2486 γε·

275 2506 523 2574 γένηται,
556 2503 649 2557 καὶ
681 2508 740 2558 ἐν
763 2505 913 2576 αὐτῷ
959 2507 1008 2559 οἱ
1031 2506 1258 2577 οὐρανοὶ
1287 2505 1721 2579 ἐστερεώθησαν,
1757 2508 1854 2563 καὶ

278 2595 354 2663 τῷ
404 2595 678 2664 ιινεύματι
730 2594 826 2648 τοῦ
881 2595 1019 2649 Θεοῦ
1089 2598 1241 2649 πᾶσα
1291 2598 1323 2667 ἡ
1371 2597 1602 2668 δύναμις
1648 2598 1851 2662 αὐτῶν,

279 2687 532 2756 περιττὸν
584 2688 643 2739 τι
691 2686 873 2756 λέγειν
927 2687 1091 2742 αὑτὸν
1137 2689 1420 2759 μονογενῆ,
1465 2688 1540 2752 ὡς
1584 2689 1693 2743 τῶν
1734 2690 1854 2760 μετ’

278 2778 442 2832 αὑτὸν
465 2778 592 2830 ὄντα
626 2779 785 2849 μόνον
812 2779 1163 2850 δημιουργὸν,
1196 2781 1312 2834 ἀλλ’
1339 2782 1439 2853 οὐχ
1464 2781 1538 2846 ὡς
1575 2783 1737 2854 μόνον
1761 2783 1856 2854 δη-

283 2867 543 2938 μιουργὸν
569 2869 633 2922 ὲκ
659 2867 794 2922 Θεοῦ
821 2869 1152 2940 γεννηθέντα
1176 2872 1438 2942 φυσικῶς.

958 2985 1165 3040 ΑΛΛΟ.

353 3097 416 3150 Εἰ
444 3097 506 3150 τὸ
546 3096 706 3168 μόνον
742 3098 1058 3170 γενόμενον,
1089 3099 1202 3152 ἀλλ’
1234 3100 1354 3170 οὐχὶ
1378 3099 1440 3154 τὸ
1474 3101 1639 3172 μόνον
1665 3118 1860 3173 γεννη-

1951 1931 2131 2003 potius
2161 1941 2219 1984 ut
2245 1929 2459 2000 genitus
2486 1923 2803 1994 unigenitus
2820 1921 3032 1974 dicetur
3049 1917 3082 1972 ἲ

2627 2036 2788 2092 ALI‘U
2801 2035 2862 2088 D.

2023 2157 2079 2214 Si
2108 2155 2415 2225 unigenitus
2442 2152 2658 2214 dicitur,
2685 2149 2808 2220 quia
2851 2145 3006 2201 solus
3021 2158 3212 2199 eorum
3252 2155 3372 2208 qua:
3407 2145 3530 2206 post

1952 2253 2126 2322 ipsum
2157 2257 2282 2303 sunt
2302 2255 2385 2300 est
2405 2253 2637 2308 creator,
2668 2238 2938 2294 nemiuem
2968 2232 3189 2290 habebit
3221 2230 3520 2285 crcationis

1952 2345 2176 2402 socium,
2217 2353 2391 2407 neque
2417 2337 2507 2406 qui
2535 2349 2640 2388 una
2663 2349 2784 2388 cum
2818 2346 2881 2385 eo
2929 2326 3131 2396 aliquid
3164 2323 3376 2385 fecerit,
3399 2336 3537 2390 pra:-

1954 2446 2037 2489 ter
2062 2432 2231 2486 solum
2248 2428 2485 2482 Patrem.
2519 2424 2588 2478 At
2616 2423 2660 2478 si
2692 2421 2872 2476 omnia
2906 2421 2957 2473 in
2987 2419 3103 2488 ipso
3155 2425 3212 2468 ut
3243 2415 3294 2468 in
3315 2413 3536 2481 sapien-

1957 2528 2029 2580 tia
2060 2524 2198 2578 l'acta
2231 2527 2380 2582 sunt,
2410 2525 2465 2572 et
2503 2517 2554 2570 in
2593 2516 2709 2586 Ipso
2742 2513 2864 2568 ειεΙί
2903 2511 3102 2564 ﬁrmati
3127 2516 3272 2568 ειιιιι,
3297 2517 3352 2559 ει
3411 2503 3538 2570 Spi-

1957 2618 2063 2672 ritu
2096 2615 2186 2669 Dei
2221 2612 2398 2669 omnis
2449 2609 2622 2663 virtus
2678 2620 2891 2669 eorum,
2947 2614 3412 2672 supervacaneum
3458 2607 3541 2649 cst

1957 2711 2133 2782 ipsum
2166 2707 2348 2761 dicere
2393 2700 2754 2770 unigenitum,
2793 2706 2851 2748 nt
2891 2695 2981 2764 qui
3031 2708 3218 2748 eorum
3262 2705 3382 2761 quae
3423 2697 3542 2755 post

1957 2778 2132 2870 insunt
2173 2806 2298 2852 sunt
2342 2792 2521 2849 solum
2549 2791 2622 2846 sit
2653 2796 2889 2852 creator,
2925 2800 3028 2839 non
3070 2793 3251 2838 autem
3301 2789 3362 2836 ut
3396 2778 3544 2835 solus

1957 2897 2173 2946 creator
2201 2901 2266 2942 ex
2298 2883 2410 2938 Deo
2444 2878 2767 2936 naturaliter
2798 2875 3034 2944 genitus.

2638 2991 2800 3047 ALIU
2813 2989 2876 3046 D.

2035 3117 2094 3172 Si
2127 3117 2178 3171 id
2209 3111 2354 3184 quod
2387 3107 2559 3163 solum
2619 3104 2818 3159 factum
2878 3111 2986 3163 est,
3012 3115 3120 3155 non
3160 3109 3339 3153 autem
3374 3095 3546 3151 solum

283 3189 377 3244 θὲν
413 3191 553 3244 κατὰ
582 3190 841 3261 ἀλήθειαν
886 3189 1045 3244 τοῦτο
1080 3192 1387 3261 μονογενὲς,
1420 3193 1521 3246 οὐκ
1547 3194 1658 3265 ἄρα
1699 3210 1857 3265 μονο-

1976 3213 2202 3282 genitum
2228 3215 2332 3271 est,
2363 3215 2492 3256 vere
2525 3199 2629 3252 hoc
2661 3195 3002 3264 unigenitum
3029 3201 3115 3247 est
3143 3208 3158 3245 :
3197 3206 3304 3244 non
3332 3197 3415 3244 est
3445 3187 3548 3257 igi-

283 3284 448 3353 γενὴς
491 3288 519 3337 ο
565 3284 778 3356 Σάρρας
816 3282 955 3349 υἱόςο
1006 3283 1068 3338 οὐ
1111 3283 1222 3357 γὰρ
1262 3284 1487 3355 γέγονεν
1533 3285 1626 3338 ὑπ’
1664 3286 1858 3357 αὐτῆς,

285 3375 423 3429 ἀλλὰ
445 3375 788 3446 γεγέννηται.

962 3489 1173 3549 ΑΔΛΟ.

362 3601 423 3653 Εἰ
452 3601 540 3654 διὰ
567 3601 724 3655 τοῦτο
764 3601 1060 3674 μονογενὴς
1083 3603 1165 3656 ὅτι
1210 3602 1370 3672 μόνον
1399 3602 1565 3657 αὐτὸν
1604 3605 1632 3657 6
1673 3603 1867 3677 Πατὴρ

290 3696 651 3764 ὑπεςτήςατο,
695 3692 875 3747 οὐκέτ’
922 3693 989 3747 ἂν
1025 3694 1110 3763 εἴη
1155 3695 1500 3766 πρωτότοκος
1539 3693 1664 3748 οῦτε
1703 3697 1866 3760 αὐτὸς

289 3784 594 3853 γεννηθεὶς,
617 3784 711 3837 καὶ
737 3785 846 3838 τῶν
869 3784 1043 3839 ἄλλων
1067 3785 1314 3854 ἀδελφῶν
1342 3787 1442 3840 οὐκ
1467 3787 1638 3840 ὄντων
1667 3791 1730 3841 ὲκ
1751 3789 1866 3843 Πα-

289 3875 439 3947 ιιρός.
487 3875 547 3927 Ei
574 3875 631 3928 δὲ
662 3876 876 3946 ἀληθῶς
915 3880 1032 3930 ἐστι
1060 3878 1406 3947 πρωτότοκος
1432 3881 1490 3932 ὲν
1529 3881 1664 3934 πᾶσι
1712 3899 1868 3951 πρω-

289 3968 500 4032 τεύων,
553 3969 652 4038 οὐχ
699 3969 775 4032 ὼς
834 3971 993 4040 μόνον
1041 3969 1150 4042 ἄρα
1204 3970 1445 4034 ὑποστὰς
1463 4011 1487 4036 .,
1549 3973 1865 4043 μονογενὴς,

295 4061 456 4130 μό.ος
483 4060 540 4113 δὲ
568 4061 644 4125 ὡς
681 4063 746 4116 ἐκ
786 4063 1000 4136 Πατρὸς
1041 4063 1250 4134 ἀγαθοῦ
1292 4065 1502 4137 καρπὸς
1535 4064 1871 4137 ἁποκυηθεὶς

290 4151 518 4220 ἁγαθός.

968 4266 1175 4322 ΑΛΛΟ.

369 4381 430 4433 Εἰ
479 4379 825 4450 πρωτότοκος
858 4381 925 4434 ὲκ
955 4379 1113 4444 Θεοῦ,
1155 4379 1231 4445 ὡς
1271 4381 1379 4435 τῶν
1409 4382 1622 4438 πολλῶν
1657 4383 1874 4456 πρῶτος

293 4469 596 4540 γεννηθεὶς,
624 4472 739 4523 ἐστι
767 4472 823 4525 δὲ
854 4473 950 4525 καὶ
973 4472 1038 4524 ὲκ
1064 4471 1344 4544 Παρθένου
1376 4476 1742 4546 πρωτότοκος,
1785 4477 1872 4548 εἴη

1971 3279 2056 3360 tur
2081 3300 2390 3368 unigenitus
2415 3292 2558 3348 ﬁlius
2581 3289 2791 3354 Sarrae;
2817 3300 2990 3357 neque
3009 3285 3151 3341 enim
3177 3281 3353 3338 factus
3372 3289 3457 3336 est
3476 3279 3543 3332 ab

1969 3397 2107 3466 ipsa,
2137 3392 2231 3448 sed
2265 3389 2502 3461 genitus.

2649 3494 2883 3554 ALIUD.

2043 3623 2100 3680 Si
2129 3619 2436 3691 unigenitus
2467 3624 2575 3679 est,
2599 3614 2722 3685 quia
2759 3610 2921 3663 Pater
2974 3617 3158 3676 :psum
3189 3602 3368 3656 solum
3422 3612 3552 3651 con-

1977 3715 2174 3780 stituit,
2200 3689 2426 3778 nonjam
2454 3706 2686 3774 amplius
2715 3704 2784 3756 sit
2804 3697 3214 3770 primogenitus,
3241 3705 3416 3761 neque
3438 3689 3554 3754 ipse

1974 3778 2206 3878 genitus,
2259 3818 2381 3859 cum
2436 3811 2490 3856 et
2526 3797 2615 3852 alii
2650 3795 2850 3849 fratres
2878 3807 2982 3846 non
3042 3789 3151 3842 sint
3185 3799 3249 3839 ex
3283 3783 3463 3837 Patre.
3496 3778 3553 3832 Si

1973 3911 2154 3958 autem
2179 3913 2307 3952 vere
2337 3907 2419 3952 est
2450 3891 2863 3964 primogenitns,
2905 3886 2956 3939 in
2988 3879 3242 3936 omnibus
3264 3875 3555 3945 primatum

1974 3995 2227 4050 obtinens
2265 3991 2357 4045 ’βε
2423 4003 2527 4043 ιιοιι
2614 3985 2776 4056 igitur
2845 3990 2906 4034 ut
2986 3974 3139 4031 solus
3231 3967 3558 4024 constitutus

1976 4086 2204 4150 dicitur,
2263 4083 2357 4138 sed
2414 4089 2472 4135 ut
2512 4093 2577 4134 ex
2613 4079 2754 4131 bono
2789 4068 3167 4126 Patre.bonus
3216 4061 3428 4117 fructus
3463 4069 3558 4127 ge-

1979 4179 2147 4234 nitus.

2545 4285 2702 4358 241
2753 4279 2986 4336 ALIUD.

2045 4407 2101 4464 Si
2131 4403 2522 4478 primogenitus
2544 4411 2630 4456 est
2658 4415 2719 4454 ex
2758 4397 2888 4461 Deo,
2935 4403 2994 4447 ut
3042 4392 3183 4445 inter
3225 4385 3419 4439 multos
3448 4384 3559 4450 prl-

1984 4477 2366 4569 mus,genitus
2398 4506 2481 4549 est
2524 4502 2706 4547 autem
2741 4493 2906 4544 etiam
2933 4502 2994 4538 cx
3030 4481 3251 4551 Virgine
3290 4477 3562 4547 primoge-

296 4563 363 4616 ἂν
404 4564 498 4616 καὶ
537 4563 595 4630 ἐξ
638 4563 807 4634 αὐτῆς
841 4564 918 4626 ὡς
961 4563 1179 4634 πρῶτος
1221 4566 1445 4636 έτέρων.
1498 4568 1560 4620 Ei
1597 4567 1654 4620 δὲ
1686 4569 1857 4638 μόνος1

1977 4593 2120 4647 nitus
2153 4609 2166 4644 ε
2196 4589 2299 4643 erit
2337 4586 2500 4641 etiam
2523 4599 2588 4638 ex
2622 4583 2712 4636 illa
2766 4579 2980 4650 genitus
3005 4582 3062 4628 ut
3115 4572 3320 4642 primus
3361 4565 3562 4620 multo-

295 4654 411 4707 ἀλλ’
457 4657 520 4707 οὺ
565 4655 672 4722 πρὸ
716 4655 891 4708 ἄλλων
934 4656 1217 4726 γεννηθεὶς
1264 4659 1329 4711 ἐκ
1369 4660 1609 4729 Μαρίας,
1664 4663 1872 4731 πρωτόο

296 4765 454 4810 τοκος
503 4749 672 4818 αὐτῆς
709 4749 1002 4819 κέκληται·
1072 4749 1168 4802 καὶ
1207 4752 1272 4802 ὲκ
1307 4750 1441 4804 Θεοῦ
1497 4752 1606 4822 ἄρα
1660 4753 1872 4823 πρωτόο

295 4857 454 4902 τοκος
484 4880 500 4904 ,
549 4842 649 4911 οὐχ
702 4840 777 4905 ὡς
829 4840 1040 4894 πολλῶν
1092 4841 1308 4912 πρῶτος
1337 4881 1352 4906 ,
1415 4842 1529 4896 ἀλλ’
1582 4843 1656 4907 ῶς
1708 4845 1869 4914 μόνος

295 4929 600 5002 γεννηθείς.

979 5045 1178 5101 ΔΛΛΟ.

371 5161 435 5212 Εἰ
467 5159 556 5213 διὰ
591 5159 750 5214 τοῦτο
790 5162 1132 5232 πρωτότοκος
1155 5201 1171 5226 ,
1200 5163 1280 5217 ὅτι
1312 5163 1420 5216 τῶν
1449 5162 1624 5216 ἄλλων
1657 5163 1872 5233 πρῶτος

298 5252 641 5321 γεγέννηται,
677 5253 738 5305 τὸ
761 5252 816 5305 δὲ
852 5252 1067 5323 πρῶτον
1094 5253 1436 5324 γεννώμενον
1456 5255 1516 5307 οὗ
1548 5254 1734 5307 διοίσει
1767 5256 1876 5307 τῶν

301 5345 366 5396 ἐκ
399 5343 494 5396 τοῦ
535 5345 701 5398 αὐτοῦ
746 5347 862 5416 μετ’
906 5347 1040 5399 αὐτὸ
1089 5347 1456 5420 γεννηθέντων
1480 5389 1496 5411 ,
1535 5347 1654 5401 οὐδὲ
1687 5348 1715 5400 6
1750 5348 1878 5412 Υἱὸς

299 5437 408 5505 ἄρα
441 5435 548 5488 τῶν
580 5439 698 5506 μετ’
725 5438 888 5490 αὐτὸν
917 5440 1002 5508 εἴη
1030 5437 1095 5492 ἂν
1120 5439 1404 5511 κρείττων.
1437 5440 1500 5493 Ei
1519 5441 1576 5493 δὲ
1604 5440 1664 5492 τὸ
1687 5439 1875 5492 ποιοῦν

299 5527 397 5579 τοῦ
443 5529 765 5599 ποιουμένου
814 5529 956 5584 κατὰ
1003 5529 1182 5583 πάντα
1226 5529 1506 5600 διαφέρει,
1555 5533 1696 5582 ποιεί
1740 5530 1797 5582 δὲ
1845 5531 1874 5582 6

301 5619 455 5684 Υἱὸς,
505 5620 748 5691 διαφέροι
793 5622 860 5676 ἂν
902 5623 1013 5677 τῶν
1067 5622 1320 5677 πάντων·
1369 5625 1465 5677 καὶ
1501 5624 1620 5688 πῶς
1667 5623 1732 5677 ἂν
1764 5623 1872 5676 τῶν

373 5797 420 5830 τ’
453 5797 660 5853 (Ioloss.
697 5813 735 5861 ι,
776 5798 837 5852 18

1977 4699 2116 4737 rum.
2139 4681 2195 4736 Si
2225 4695 2353 4733 vero
2386 4677 2554 4742 solus,
2595 4675 2685 4728 δεδι
2720 4690 2823 4726 non
2867 4679 2992 4722 ante
3029 4666 3163 4718 alios
3215 4661 3438 4731 genitus
3491 4673 3559 4710 ex

1977 4770 2164 4832 Maria,
2194 4765 2580 4836 primogenitus
2598 4763 2712 4830 ejus
2738 4766 2966 4812 vocatus
2994 4764 3110 4810 est:
3150 4768 3281 4822 ergo
3301 4751 3464 4805 etiam
3494 4763 3559 4801 ex

1980 4863 2086 4915 Ι)εο
2126 4857 2540 4928 primogenitus,
2573 4868 2680 4906 non
2708 4860 2764 4904 ut
2795 4851 2937 4904 inter
2983 4846 3182 4901 multos
3208 4845 3438 4914 primus,
3466 4841 3562 4895 sed

1979 4961 2036 5004 ιιι
2057 4949 2204 5004 solus
2233 4946 2447 5016 genitus
2479 4944 2699 4999 dicitur.

2663 5049 2893 5107 ALIUD.

2057 5170 2113 5224 Si
2139 5171 2256 5223 ideo
2279 5165 2667 5236 primogenitus
2691 5164 2910 5222 dicitur,
2943 5157 3086 5228 quod
3115 5157 3256 5210 inter
3288 5154 3420 5207 alios
3448 5151 3558 5220 pri-

1989 5279 2108 5315 mus
2141 5261 2350 5327 genitus
2373 5258 2476 5321 sit,
2514 5256 2745 5325 primum
2783 5264 2959 5304 autem
2996 5248 3232 5316 genitum
3258 5261 3361 5298 non
3410 5241 3563 5295 tliﬂ'e-

1984 5359 2064 5401 ret
2122 5348 2190 5399 ab
2240 5347 2305 5399 iis
2330 5360 2449 5413 qua:
2483 5359 2549 5397 ex
2600 5343 2790 5396 eodem
2825 5347 2946 5407 post
2982 5338 3153 5404 ipsum
3181 5333 3358 5402 genita
3389 5342 3556 5396 Slllll;

1978 5453 2110 5508 ergo
2143 5451 2319 5505 neque
2341 5431 2511 5487 FIIIIJS
2543 5432 2645 5484 erit
2668 5427 3015 5500 prmstantior
3044 5425 3111 5479 iis
3169 5422 3262 5492 qui
3317 5432 3436 5490 post
3477 5422 3561 5491 ip-

1976 5547 2098 5584 sum
2124 5527 2250 5580 fat-ti
2289 5533 2432 5578 sunt.
2471 5522 2526 5576 Si
2553 5537 2681 5575 vero
2722 5518 2930 5573 faciens
2990 5533 3017 5569 a
3065 5517 3209 5570 l'acto
3235 5529 3330 5584 per
3377 5512 3561 5568 munia

1975 5621 2172 5686 dillert,
2203 5618 2330 5673 facit
2368 5626 2546 5671 autem
2591 5612 2784 5678 Filius,
2824 5611 3029 5681 reliqua
3058 5623 3184 5664 vero
3209 5608 3343 5662 llunt
3375 5613 3565 5661 :certe
