3878 6208
374 302 473 358 Ml

1397 293 1455 348 S.
1496 283 1772 347 CYRILLI
1815 278 2284 337 ALEXANDRINI
2324 281 2643 337 ARCHIEP.

3550 279 3654 335 412

378 414 548 469 Filius
579 429 607 467 a
628 413 847 482 reliquis
879 411 1132 469 differet:
1193 420 1247 466 et
1303 409 1575 481 quomodo
1612 410 1953 462 suorummet

2080 400 2259 453 ιαυτοῦ
2282 400 2789 472 δημιουργημάτων
2813 399 2901 466 εἴη
2940 400 3303 472 πρωτότοκος,
3328 399 3393 462 ὃς
3431 399 3650 467 πρῶτος

377 520 600 571 operum
630 503 700 559 sit
741 504 1129 573 primogenitus
1178 503 1269 571 qui
1318 502 1526 572 primus
1582 497 1958 571 appellationis

377 595 499 649 Filii
524 604 710 650 auctor
735 596 865 665 ipsis
889 593 1065 648 factus
1096 592 1202 647 sit?

1046 707 1279 767 ALIUD.

449 823 503 876 Si
536 824 703 892 prima
740 823 1024 878 manifeste
1061 832 1189 877 sunt
1216 835 1394 876 causa:
1415 820 1795 883 secundorum,
1846 818 1959 888 pri-

382 931 525 967 mum
556 925 737 970 autem
798 927 881 970 est
928 916 1068 971 Deus
1100 924 1155 970 et
1214 913 1307 969 Dei
1371 914 1542 969 Filius
1581 933 1604 967 ει
1630 928 1758 983 ergo
1789 911 1960 967 Filius

380 1019 567 1058 eorum
605 1021 725 1073 qua:
757 1007 1009 1060 dictmtur
1035 1021 1196 1061 causa
1215 1015 1317 1072 est,
1351 1014 1536 1074 utpote
1565 1004 1633 1058 ab
1653 1004 1764 1058 illo.
1785 1005 1960 1059 Causa

383 1095 546 1164 igitur
572 1097 930 1153 secundorum
964 1098 1195 1156 liliorum
1223 1098 1268 1152 si
1303 1097 1516 1151 dicatur
1545 1096 1959 1167 primogenitus,

381 1202 488 1246 non
545 1196 809 1257 tanquam.
862 1190 1069 1256 primus
1098 1188 1238 1243 inter
1291 1188 1411 1244 illos
1462 1190 1532 1243 sit
1588 1188 1823 1253 dicitur,
1863 1188 1958 1241 sed

380 1279 531 1348 quod
582 1280 792 1349 primus
836 1280 929 1335 lilii
993 1280 1370 1351 appellationis
1430 1288 1619 1335 auctor
1672 1278 1744 1333 sit
1806 1277 1958 1348 ipsis.

1054 1477 1284 1535 ALlUD.

452 1593 507 1647 Si
535 1592 932 1664 primogenitae
957 1593 1157 1649 dicitur
1204 1592 1332 1663 quia
1383 1592 1599 1663 primus.
1629 1591 1815 1648 factus.
1851 1599 1960 1658 est,

383 1699 506 1738 eum
541 1701 668 1741 vero
700 1687 789 1757 qui
814 1686 1067 1756 primum,
1097 1685 1189 1741 sed
1223 1702 1336 1742 non.
1375 1687 1545 1742 solum
1568 1686 1769 1756 aliquid
1809 1685 1955 1751 fecit,

385 1788 802 1833 consentaneum
833 1787 917 1832 est
956 1787 1077 1847 post
1099 1778 1226 1833 illud
1258 1780 1491 1848 primum
1523 1780 1687 1834 etiam
1720 1778 1821 1833 alia
1868 1779 1955 1834 [ε-
1991 1758 2034 1817 Β

384 1867 527 1922 cisse
564 1886 577 1922 :
611 1867 779 1923 Filius
816 1869 998 1941 itaque
1028 1869 1162 1924 nihll
1206 1869 1349 1925 fecit.
1389 1869 1525 1925 Cum
1575 1886 1719 1925 vero.
1749 1870 1961 1937 fecerit,

386 1975 492 2013 non
528 1959 711 2030 igitur,
749 1970 1002 2029 tanquam
1036 1972 1275 2022 creatus,
1302 1961 1695 2031 primogenitus
1734 1972 1840 2027 est,
1872 1965 1965 2019 sed

388 2061 642 2120 tanquam
675 2054 946 2118 omnibus,
984 2068 1105 2129 qua:
1132 2054 1184 2109 in
1209 2053 1347 2110 eteio
1366 2063 1420 2109 et
1457 2063 1600 2109 terra
1629 2064 1779 2119 sunt,
1806 2055 1859 2109 in
1895 2055 1967 2124 ip-

385 2156 447 2196 so
469 2143 689 2198 ereatis.

1059 2257 1293 2323 ALIUD.

459 2371 515 2425 Si
544 2384 766 2442 propter
802 2382 1082 2430 creaturas
1118 2376 1444 2433 substitutus
1488 2385 1571 2430 est
1611 2376 1801 2442 Filius,
1833 2378 1965 2446 ipsis

386 2464 618 2533 gratiam
666 2465 905 2528 habebit,
948 2466 1148 2536 quippe
1198 2483 1317 2536 qum
1365 2469 1411 2521 ei
1446 2469 1813 2537 generationis
1856 2484 1966 2524 suae

386 2572 547 2612 causa
577 2556 910 2613 exstiterint.

1054 2674 1284 2731 ALIUD.

455 2780 512 2836 Si
546 2782 715 2839 Filius
751 2785 873 2839 ideo
902 2796 1052 2841 creat
1097 2788 1223 2857 quia
1250 2798 1504 2843 creatura
1550 2790 1847 2862 ingenitum
1873 2810 1967 2861 per

387 2889 447 2927 sc
472 2886 785 2943 operantem
821 2877 964 2934 ferre
987 2895 1090 2934 non
1130 2890 1364 2949 poterat,
1400 2886 1571 2952 quare’
1601 2883 1714 2951 ipse
1742 2895 1824 2940 est
1848 2904 1965 2939 tue-

388 2965 474 3018 dia
496 2968 736 3035 quzedam
761 2972 1024 3037 potentia,
1058 2982 1110 3025 et
1135 2974 1247 3039 ipse
1281 2988 1384 3027 non
1416 2984 1499 3028 est
1526 2975 1796 3045 ingenitus
1823 2996 1835 3032 :
1871 2995 1965 3032 ne-

388 3072 493 3126 que
526 3060 668 3112 enim
704 3073 953 3116 creatura
993 3065 1167 3133 ipsum
1196 3064 1341 3121 ferre
1373 3069 1575 3136 potuit,
1593 3085 1765 3139 neque
1793 3073 1955 3125 etiam

2060 494 2158 564 τῆς
2197 494 2329 549 Υἱοῦ
2362 495 2740 569 προσηγορίας
2776 495 3069 565 γενόμενος
3100 496 3283 558 αὐτοῖς
3317 493 3532 557 αῖτιος;

2749 698 2951 751 ΑΛΛΟ.

2133 808 2193 859 Εἰ
2244 808 2310 863 τὰ
2353 808 2544 879 πρῶτα
2586 808 2695 861 τῶν
2739 810 3007 879 δευτέρων
3062 810 3210 864 αίτια
3253 804 3646 881 ὼμοΛογηται,

2061 900 2276 971 πρῶτον
2307 901 2364 955 δὲ
2390 897 2457 972 ἦν
2483 900 2616 964 Θεὸς
2646 902 2742 954 καὶ
2771 902 2907 954 Θεοῦ
2940 902 3098 967 Υἱὸς,
3126 903 3235 955 τῶν
3268 903 3378 974 ἄρα
3412 903 3650 973 λεγομέο

2061 1010 2166 1045 νων
2200 993 2295 1045 κα)⁹
2330 994 2500 1057 αἴτιος
2531 996 2559 1047 6
2582 994 2731 1060 Υἱὸς,
2764 994 2839 1058 ὠς
2872 994 2930 1061 ἐξ
2958 994 3189 1049 ἐκείνου.
3230 997 3286 1048 Ὀ
3324 998 3441 1066 ἄρα
3473 996 3647 1059 αἴτιος

2060 1084 2169 1137 τῶν
2192 1083 2460 1154 δευτέρων
2493 1086 2644 1152 υἱῶν,
2682 1090 2731 1140 εί
2762 1086 2975 1155 λέγοιτο
3017 1088 3364 1159 πρωτότοκος
3387 1129 3402 1150 ,
3433 1090 3538 1157 οὑχ
3575 1089 3649 1151 ὡς

2062 1177 2278 1247 πρῶτος
2306 1178 2532 1232 ἐκείνων
2564 1180 2811 1251 ὑπάρξας
2839 1223 2853 1245 ,
2882 1181 2998 1233 ἀλλ’
3029 1180 3103 1243 ὡς
3138 1180 3354 1251 πρῶτος
3398 1181 3501 1250 τῆς
3527 1180 3642 1233 υἱοῦ

2062 1271 2435 1343 προσηγορίας
2466 1272 2756 1344 γενόμενος
2786 1274 2970 1339 αὐτοῖς
2999 1273 3189 1339 αἴτιος.

2734 1480 2939 1534 ΑΛΛΟ.

2134 1594 2198 1648 Εἰ
2241 1593 2331 1649 διά
2370 1592 2532 1648 τοῦτο
2561 1596 2910 1667 πρωτότοκος
2954 1596 3037 1649 ὄτι
3068 1596 3283 1666 πρῶτος
3318 1597 3542 1665 γέγονε,
3571 1598 3645 1669 τῷ

2062 1686 2118 1739 δὲ
2146 1685 2399 1757 πρῶτον,
2435 1687 2552 1741 ἀλλ’
2581 1688 2642 1740 οὐ
2684 1687 2845 1759 μόνον
2886 1706 2939 1741 τι
2982 1690 3345 1760 πεποιηκότι,
3398 1690 3541 1759 μετὰ
3588 1691 3646 1744 τὸ

2072 1776 2290 1849 πρῶτον
2315 1778 2508 1833 ἕπεται
2545 1780 2907 1851 πεποιηκέναι
2935 1781 3029 1834 καὶ
3058 1781 3224 1852 ἕτερα
3243 1796 3257 1811 ⁸
3302 1782 3332 1833 ὁ
3368 1781 3502 1845 Υἱὸς
3542 1782 3647 1851 ἄρα

2066 1871 2368 1942 πεποίηκεν
2406 1871 2577 1927 οὐδέν.
2620 1871 2776 1925 Ἐπεὶ
2806 1872 2863 1926 δὲ
2890 1874 3212 1944 πεποίηκεν,
3263 1874 3367 1944 οὐχ
3419 1872 3498 1936 ὡς
3530 1890 3645 1925 κτι-

2068 1964 2216 2027 σθεὶς
2265 1963 2648 2035 πρωτότοκος,
2696 1964 2812 2018 ἀλλ’
2865 1965 2942 2028 ὡς
2986 1964 3097 2020 τῶν
3141 1966 3363 2020 πάντων
3402 1969 3463 2020 ὲν
3500 1965 3645 2037 αὑτῷ

2068 2054 2397 2113 κτισθέντων
2428 2056 2536 2115 τῶν
2568 2074 2628 2109 τε
2653 2057 2711 2110 ὲν
2735 2057 2953 2129 οὐρανῷ
2982 2058 3212 2113 καὶτῶν
3241 2058 3336 2112 ἐπὶ
3366 2059 3495 2129 γῆς.

2740 2256 2948 2309 ΑΛΛΟ.

2140 2376 2200 2428 Ei
2231 2372 2319 2427 διὰ
2350 2374 2451 2444 τὴν
2480 2374 2589 2427 τῶν
2614 2372 2930 2444 κτισμάτων
2957 2372 3190 2443 πάροδον
3218 2374 3458 2442 ὑπεστη,
3490 2389 3646 2442 χάριν

2067 2467 2249 2530 αὐτοῖς
2269 2465 2402 2533 ἕξει,
2428 2466 2511 2520 ὅτι
2544 2466 2642 2537 τῆς
2668 2464 2933 2534 γενέσεως
2952 2463 3117 2519 αὑτοῦ
3150 2465 3447 2535 γεγόνασιν
3478 2465 3639 2519 αἴτια.

2734 2672 2939 2725 ΑΛΛΟ.

2140 2788 2203 2840 Ei
2248 2784 2372 2839 ἐπεὶ
2417 2785 2492 2856 μὴ
2539 2785 2736 2857 ἔφερεν
2779 2785 2812 2855 ἡ
2860 2782 3037 2845 κτίσις
3090 2776 3509 2851 αὐτουργοῦντα
3559 2780 3644 2831 τὸν

2070 2879 2355 2951 ἀγένητον,
2391 2879 2479 2933 διὰ
2506 2879 2664 2932 τοῦτο
2696 2879 3023 2949 δημιουργεῖ
3059 2876 3086 2927 6
3115 2875 3261 2938 Υἱὸς,
3296 2874 3441 2945 μέση
3471 2891 3555 2935 τις
3583 2873 3645 2924 ἂν

2071 2969 2156 3041 εἴη
2187 2969 2349 3033 αὐτὸς
2374 2969 2627 3039 δύναμις,
2657 2968 2753 3021 καὶ
2785 2964 2910 3020 οὔτε
2942 2964 3102 3029 αὐτὸς
3134 2965 3202 3018 ἂν
3227 2963 3311 3034 εἴη
3346 2964 3640 3032 ἀγένητος·

2070 3065 2171 3117 οὐκ
2196 3063 2263 3116 ἂν
2291 3062 2399 3133 γάρ
2428 3061 2622 3131 ἔφερεν
2652 3060 2814 3114 αὑτὸν
2839 3060 2872 3129 ἡ
2899 3058 3096 3121 κτίσις,
3129 3058 3239 3110 οὐδ’
3267 3052 3336 3109 αὖ
3368 3057 3477 3109 τῶν
3505 3071 3641 3122 γινο-

389 3151 493 3203 (³1111
523 3166 589 3205 Εἰ
613 3168 837 3207 numero
866 3171 1053 3210 eorum
1100 3174 1219 3227 qua:
1273 3170 1453 3214 creata
1498 3171 1657 3218 sunt:
1684 3180 1809 3218 nam
1862 3182 1961 3221 nec

2080 3157 2281 3227 μένων’
2318 3155 2377 3208 οὑ
2409 3156 2518 3226 γὰρ
2560 3153 2756 3224 ἔφερεν
2800 3151 2961 3214 αὐτὸς
2984 3151 3077 3203 τὸν
3109 3150 3399 3220 ἀγένητον.
3436 3147 3643 3200 Τούτων

392 3238 508 3306 ipse
554 3242 852 3309 ingenitum
879 3243 1027 3301 ferre
1061 3250 1347 3314 potuisset.
1377 3249 1514 3305 Cum
1536 3269 1665 3308 vero
1690 3254 1806 3323 ipse
1830 3271 1964 3309 neu-

391 3340 532 3386 trum
576 3335 810 3403 ipsormn
841 3338 950 3405 sit,
978 3351 1228 3408 superest
1274 3352 1331 3397 ut
1363 3346 1673 3402 necessario
1714 3347 1865 3402 illum
1898 3366 1964 3405 ex

392 3423 625 3492 ingenita
652 3438 841 3481 natura
867 3430 1104 3499 genitum
1137 3446 1257 3487 esse
1286 3434 1571 3490 fateamur.

1060 3630 1288 3687 ALIUD.

869 3740 1107 3810 Objectio
1132 3744 1405 3802 Eunomii.

445 3852 502 3908 Si
532 3851 721 3917 Filius,
765 3853 957 3922 inquit,
993 3865 1076 3911 est
1106 3871 1265 3911 verus
1300 3858 1461 3924 Deus,
1490 3862 1769 3930 quomodo
1799 3863 1965 3936 242

390 3945 566 4014 ipsum
592 3947 755 4000 etiam
781 3963 936 4002 sacra
958 3946 1238 4018 Scriptura
1271 3952 1472 4005 creatis
1518 3967 1858 4019 annumerat.
1888 3959 1971 4011 di-

388 4054 540 4103 cens,
561 4059 580 4091 ι
615 4040 1010 4111 Primogenitus
1044 4043 1224 4098 omnis
1245 4047 1662 4100 creaturae"?w
1709 4048 1971 4106 Necessa-

390 4132 529 4186 rium
550 4133 691 4187 enim
718 4134 938 4189 omnino
969 4144 1051 4191 est
1096 4146 1154 4189 ut
1178 4135 1297 4191 talis
1325 4139 1649 4196 naturaliter
1705 4142 1795 4209 sit,
1831 4159 1965 4215 qua~

389 4220 459 4276 lia
502 4233 627 4278 sunt
659 4224 747 4278 illa
771 4240 1000 4296 quorum
1020 4233 1104 4281 est
1133 4226 1357 4296 primus.

897 4339 1104 4395 Salutio
1136 4341 1466 4410 objectionis.

2069 3248 2393 3319 δ”ὁπότερον
2417 3249 2517 3300 οὐκ
2545 3246 2696 3309 ὄντος
2729 3244 2914 3308 αὑτοῦ,
2946 3244 3194 3296 λείπεται
3220 3242 3479 3311 γέννημα
3493 3238 3641 3291 αὑτὸν

2068 3339 2170 3410 τῆς
2204 3338 2499 3410 άγεννήτου
2534 3336 2750 3407 φύσεως
2776 3334 3079 3407 ὁμολογεῖν.

2743 3627 2948 3683 ΑᾹΛΟ.

2352 3745 2674 3809 Ἀντίθεσις
2699 3743 2780 3809 ὡς
2805 3743 2875 3797 ἐκ
2902 3741 3020 3796 τῶν
3053 3743 3378 3811 Εὐνομίου.

2146 3859 2209 3912 Εἰ
2237 3856 2370 3920 Θεὸς
2395 3854 2644 3925 ἀληθινὸς
2663 3894 2679 3918 ,
2710 3854 2894 3923 φησὶν,
2933 3852 3081 3906 ἔστιν
3106 3855 3134 3907 6
3164 3853 3312 3916 Υἱὸς,
3344 3852 3462 3914 πῶς
3488 3846 3637 3903 αὑτὸν

2071 3955 2185 4017 τοῖς
2212 3954 2461 4022 γενητοῖς
2483 3950 2810 4020 συναριθμεῖ
2845 3948 2999 4017 καῖὴ
3027 3947 3148 4000 θεία
3179 3948 3372 4018 Γραφὴ
3399 3946 3632 4012 λέγουσα,

2078 4067 2097 4099 ι
2132 4045 2483 4117 Πρωτὸτοκος
2518 4043 2701 4112 πάσης
2736 4041 2997 4104 κτίσεως;
3027 4060 3045 4091 ι
3088 4040 3326 4109 Ἀνάγκη
3358 4041 3466 4109 γάρ
3495 4037 3633 4088 πᾶσα

2072 4138 2318 4192 τοιοῦτον
2349 4132 2490 4189 εἶναι
2532 4135 2627 4189 καὶ
2664 4133 2827 4186 αὐτὸν
2867 4132 3009 4187 κατὰ
3054 4132 3238 4202 φύσιν,
3281 4133 3543 4185 ὁποῐάπεο
3578 4126 3634 4178 ἂν

2076 4223 2298 4299 ὑπάρχῃ
2326 4228 2423 4281 καὶ
2446 4226 2514 4279 τὰ
2542 4243 2617 4279 ων
2646 4227 2774 4277 ἐστι·
2793 4224 3005 4294 πρῶτος

2550 4342 2706 4410 Πρὸς
2744 4339 2929 4394 ταῦτα
2968 4340 3170 4405 λύσις.

461 4453 623 4522 Impia
642 4453 816 4507 oratio
841 4462 898 4508 et
924 4453 1277 4509 absurditatis
1305 4455 1483 4525 plena.
1519 4457 1655 4514 Nam
1706 4461 1753 4517 si
1800 4462 1965 4522 Filius

2156 4458 2386 4531 Ἀσεϐὴς
2419 4459 2447 4511 6
2470 4456 2647 4525 λόγος,
2683 4456 2777 4508 καὶ
2806 4453 3009 4524 πολλὴν
3033 4453 3237 4506 ὠδίνων
3270 4452 3370 4524 τὴν
3399 4445 3627 4503 ἀτοπίαν.

392 4546 702 4601 necessario
724 4555 807 4599 est
853 4546 1048 4600 similis
1093 4547 1161 4602 iis
1192 4549 1279 4617 qui
1307 4560 1427 4617 post
1451 4552 1626 4620 ipsum
1660 4554 1788 4612 facti
1818 4571 1967 4629 sunt,

390 4638 517 4708 quia
540 4637 930 4708 primogenitus
954 4638 1163 4693 illorum
1190 4650 1431 4711 vocatur,
1488 4646 1661 4703 factus
1688 4658 1867 4707 autem
1891 4667 1972 4711 est

393 4746 499 4784 non
527 4731 686 4783 homo
724 4730 1029 4795 solum,sed
1086 4732 1250 4786 multa
1300 4735 1619 4808 diversaque
1665 4743 1917 4801 animalia
1955 4767 1969 4804 :

396 4822 772 4891 tempestivum
798 4825 1139 4889 erit,utvos,
1171 4824 1319 4894 impii
1353 4829 1535 4885 hostes
1551 4832 1773 4903 Christi,
1810 4840 1970 4894 dein-

392 4929 522 4981 ccps
546 4912 887 4981 impudenter
903 4912 1116 4974 dicatis.
1146 4913 1338 4969 Filium
1364 4919 1732 4978 animantibus
1754 4942 1971 4997 quoque

393 5007 609 5063 ratione
638 5003 950 5058 carentibus
973 5005 1202 5060 similem
1236 5022 1373 5063 esse.
1429 5009 1545 5066 Non
1586 5027 1672 5069 est
1728 5017 1889 5087 igitur
1915 5023 1965 5076 iu

393 5100 704 5155 universum
728 5111 990 5167 cognatus
1011 5109 1065 5155 et
1093 5100 1288 5157 similis
1346 5104 1410 5159 iis
1442 5121 1670 5175 quorum
1696 5114 1965 5185 primoge-

385 5194 540 5247 nitus
563 5207 683 5247 esse
714 5193 954 5247 dicitur:
1008 5204 1234 5249 vocatur
1281 5206 1460 5253 autem
1506 5202 1599 5266 ita,
1650 5208 1969 5264 ostendente

396 5287 551 5341 nobis
584 5286 760 5340 divina
797 5286 1097 5356 Scriptura,
1134 5290 1275 5356 quod
1310 5305 1499 5347 omnes
1534 5294 1586 5347 in
1624 5294 1761 5353 Filio
1798 5311 1851 5353 et
1878 5318 1974 5369 per

395 5380 588 5436 Filium
629 5382 693 5433 ad
740 5379 1002 5448 :nqualem
1023 5395 1145 5435 cum
1177 5381 1293 5450 ipso
1328 5383 1556 5438 formam
1593 5404 1871 5456 vocamur,
1911 5395 1973 5447 ii-

366 5471 451 5525 ‘lii
483 5473 571 5526 Dei
605 5488 697 5541 per
735 5472 963 5540 gratiam
1032 5471 1292 5526 declarati
1334 5472 1401 5529 ⁸⁸.
1460 5476 1637 5545 Atque
1696 5481 1813 5551 ipse
1893 5496 1973 5541 est

396 5563 929 5634 principiumgratia:
977 5563 1135 5619 nobis
1181 5564 1350 5619 datm:
1398 5575 1453 5621 et
1498 5583 1592 5638 per
1651 5571 1971 5634 immensam

469 5718 517 5751 ⁷⁹
546 5716 757 5776 Coloss.
789 5735 826 5785 ι,
873 5720 954 5774 15.
1030 5719 1076 5752 ⁸ο
1104 5719 1280 5776 Galat.
1325 5738 1393 5788 tv,
1432 5723 1455 5777 1
1494 5726 1545 5778 6.

2073 4556 2135 4607 Εἰ
2171 4553 2279 4625 γὰρ
2306 4552 2457 4605 ἔσται
2480 4555 2593 4614 τοῖς
2626 4550 2741 4620 μετ’
2775 4548 2937 4602 αὑτὸν
2965 4547 3247 4617 γεγονόσιν
3277 4542 3574 4611 ἀναγκαίως
3602 4536 3625 4586 ό

2072 4647 2201 4710 Υἱὸς
2236 4644 2653 4717 παραπλήσιος,
2688 4641 2810 4693 ἐπεὶ
2846 4640 2939 4693 xui.
2973 4638 3321 4709 πρωτότοκος
3352 4633 3519 4689 αὐτῶν
3546 4645 3627 4682 κα·

2072 4744 2265 4803 λεῖται,
2298 4739 2488 4806 γέγονε
2512 4737 2568 4787 δὲ
2593 4735 2691 4786 οὐκ
2724 4732 3009 4804 ἄνθρωπος
3042 4730 3224 4800 μόνον,
3252 4728 3389 4781 ἀλλὰ
3415 4725 3500 4777 καὶ
3525 4719 3623 4785 ζῶα

2073 4833 2246 4889 πολλὰ
2276 4831 2372 4885 καὶ
2400 4830 2631 4900 διάφορα
2653 4870 2666 4890 ,
2703 4826 2821 4896 ὥρα
2860 4824 3046 4877 λοιπὸν
3077 4821 3469 4880 δυσσεϐοῦντας
3498 4813 3623 4883 6:15»;

2078 4925 2248 4987 ἀδεῶς
2273 4962 2287 4983 ,
2318 4917 2363 4976 ὦ
2407 4919 2763 4991 χριστομάχοι
2785 4957 2799 4979 ,
2839 4916 3021 4983 λέγειν
3055 4915 3137 4966 ὅτι
3170 4914 3266 4965 καὶ
3292 4915 3402 4974 τοῖς
3433 4905 3621 4967 ἀλόγοις

2078 5022 2239 5088 ζώοις
2270 5023 2298 5073 6
2326 5018 2489 5079 αὑτός
2540 4989 2655 5068 ἐστὶ
2698 5011 2838 5066 κατὰ
2880 5010 3041 5079 φύσιν
3086 5010 3116 5061 ὁ
3148 5009 3296 5070 Υἱός.
3343 5000 3546 5100 Οὑκοῦἷ
3569 5012 3620 5045 ου

2079 5115 2297 5173 πάντως
2346 5109 2499 5162 ἔσται
2553 5104 2818 5173 συγγενὴς
2853 5095 2926 5154 ὧν
2977 5099 3073 5154 καὶ
3123 5096 3458 5168 πρωτότοκος
3501 5095 3618 5185 mf“

2076 5210 2324 5277 λέγεται*
2379 5202 2624 5255 καλεῖται
2677 5198 2732 5250 δὲ
2774 5195 2965 5258 τοῦτο,
3000 5190 3350 5259 δεικνυούσης
3385 5188 3504 5255 ἡμῖν
3538 5189 3618 5277 της

2076 5302 2226 5364 θείας
2256 5298 2478 5369 Γραφῆς
2503 5336 2516 5358 ,
2559 5295 2639 5346 ὅτι
2670 5291 2871 5351 πάντες
2902 5290 2958 5341 ὲν
2989 5286 3103 5355 Υἱῴ
3140 5285 3231 5337 καὶ
3260 5283 3327 5336 δι’
3355 5276 3476 5332 Υἱοῦ
3503 5267 3618 5368 7:96.;

2076 5395 2136 5447 τὸ
2172 5395 2283 5446 ἴσον
2301 5364 2461 5457 ἀὐτῴ
2488 5386 2675 5457 σχῆμα
2704 5377 3019 5448 καλούμεθα
3040 5416 3053 5438 ,
3084 5374 3190 5427 υἱοὶ
3220 5372 3353 5425 Θεοῦ
3384 5364 3509 5423 κατὰ
3539 5373 3619 5457 ζα·

2083 5504 2165 5558 ριν
2196 5480 2664 5548 ἁναδεικνύμενοι.
2702 5474 2812 5526 Καὶ
2837 5470 2999 5529 αὑτός
3046 5470 3195 5521 ἐστιν
3242 5464 3381 5533 ἀρχὴ
3426 5470 3524 5558 rei
3542 5449 3616 5499 59'

2080 5544 2264 5649 ὸείσης
2296 5577 2427 5647 ἡμῖν
2458 5572 2699 5644 χάριτος,
2734 5563 2993 5636 ἐξομοιῶν
3030 5557 3208 5630 ἐαυτῷ
3238 5558 3323 5610 διὰ
3354 5544 3616 5624 φιλανθρω-
