3878 6208
167 331 277 386 4H3

1584 323 2028 383 THESAURUS.

3339 322 3442 376 4H

173 451 309 502 πίχν
349 450 474 513 τοὺς
503 450 584 517 ,δι’
616 450 779 504 αὑτοῦ
814 451 1166 519 γενομένουςο
1213 453 1344 504 αὐτὸ
1384 452 1439 504 δὲ
1482 451 1551 522 δὴ
1598 450 1755 504 τοῦτο

1877 465 2016 502 luam
2057 449 2437 519 benignitatem
2468 449 2673 503 similes
2709 447 2811 502 sibi
2870 445 2997 498 facit
3047 458 3143 500 eos
3184 445 3272 513 qui
3349 461 3444 512 per

173 537 313 593 εἶναι
365 543 600 613 πρῶτον,
649 545 835 595 εἰκόνα
877 545 1148 596 δείκνυσιν
1196 545 1357 596 αὐτὸν
1403 543 1506 596 τοῦ.
1546 543 1756 613 Πατρδς

171 633 454 703 ἀληθινήν.
488 635 696 705 Ὠσπερ
731 635 841 704 γὰρ
870 637 897 688 ό
934 637 1122 705 Πατὴρ
1167 637 1382 706 πρῶτον
1413 637 1581 688 αὐτὴν
1617 631 1756 686 εἷναί

171 742 363 794 φησιν,
390 725 535 779 οὕτω
574 728 668 779 καὶ
700 729 727 780 ὁ
752 728 873 789 Υἱὸς
906 726 1069 780 εἰκὼν
1102 728 1333 798 ἀκριϐὴς
1377 729 1468 780 καὶ
1505 728 1757 797 ὁμοίωμα

170 817 271 870 τοῦ
302 816 520 888 πρώτου
556 819 769 887 Πατρὸς
797 819 1080 889 ὑπάρχων.
1118 821 1332 890 πρῶτος
1364 823 1460 872 καὶ
1508 819 1624 872 ἔστι
1663 819 1759 872 καὶ

174 910 430 977 λέγεται·
480 910 538 962 ἐν
570 910 717 980 αὐτῴ
763 911 872 981 γάρ
921 914 1066 963 ἐστιν
1099 913 1126 962 ὁ
1158 912 1372 980 πρῶτος
1408 912 1625 981 Πατὴρ,
1667 912 1760 964 καὶ

177 1005 345 1066 αὐτὸς
380 1004 582 1073 ὁμοίως
624 1008 680 1057 ὲν
719 1004 796 1074 τῷ
846 1003 1048 1073 πρώτῳ
1099 1005 1273 1073 Πατρὶ
1299 1047 1312 1066 ,
1355 1005 1444 1057 καὶ
1481 1005 1563 1057 δι’·
1595 1004 1759 1057 αὑτοῦ

176 1097 247 1149 τά
293 1095 475 1148 πάντα
514 1095 730 1164 γέγονε,
768 1097 862 1150 καὶ
909 1095 1046 1166 πρὸς
1089 1095 1362 1149 υἱοθεσίαν
1406 1096 1655 1150 καλεῖται
1693 1095 1762 1148 τά

175 1189 400 1255 λογικά.

867 1387 1070 1440 ΔᾹΛΟ.

256 1502 324 1554 ΕΞ·
349 1504 564 1566 πάντως
601 1503 660 1556 τὸ
700 1502 956 1577 λέγεσθαι
989 1504 1206 1572 πρῶτον
1238 1503 1335 1575 τῆς
1366 1502 1595 1566 κτίσεως
1627 1499 1766 1558 εἶναι

180 1595 275 1647 τὸν
308 1595 462 1656 Υἱὸν,
490 1595 794 1662 ἀναγκάσει
843 1595 1083 1664 συγγενῆ
1113 1597 1227 1657 τοῖς
1260 1596 1376 1662 μετ’
1409 1594 1573 1648 αὑτὸν
1611 1613 1765 1666 γενο-

185 1685 373 1754 μένοις
413 1685 682 1755 ὑπάρχειν
708 1685 893 1745 αὺτὸν,
929 1685 1024 1738 καὶ
1048 1684 1292 1738 τοιοῦτον
1325 1680 1466 1739 εἶναι
1501 1685 1643 1740 κατά
1668 1686 1767 1756 φύ-

1862 543 2035 609 ipsum
2069 540 2196 594 facti
2229 551 2374 596 sunt.
2405 541 2514 594 Hoc
2538 556 2668 595 vero
2706 541 2880 608 ipsum
2906 540 3049 608 quod
3112 540 3182 591 sit
3215 537 3443 606 primus.

1861 634 2104 687 doct-urat
2129 635 2300 702 ipsum
2339 649 2460 686 esse
2482 649 2664 687 veram
2691 633 2983 704 imaginem
3012 631 3209 684 Patris.
3236 629 3444 695 Queru-

1861 725 2148 778 admodum
2202 726 2346 778 enim
2382 725 2545 778 Pater
2602 726 2774 791 ipsmu
2833 739 2953 779 esse
2997 721 3231 792 primum
3292 720 3442 784 dicit,

1863 818 1934 870 ita
1966 825 2018 868 et
2045 815 2233 878 Filius,
2271 831 2392 870 cum
2423 817 2496 870 sit
2537 817 2776 884 perfecta
2809 820 2984 884 imago
3041 825 3095 868 et
3150 811 3445 866 similitudo

1863 909 2020 978 primi
2044 908 2239 974 Patris,
2267 909 2475 979 primus
2504 919 2556 964 et
2589 919 2674 963 est
2721 920 2778 962 et
2802 909 3005 962 dicitur
3042 926 3056 961 :
3091 923 3212 958 nam
3250 906 3302 959 in
3329 905 3444 973 ipso

1863 1009 1948 1053 est
2019 999 2228 1067 primus
2326 999 2509 1062 Pater,
2570 1007 2627 1053 et-
2698 999 2813 1067 ipse
2870 997 3108 1051 vicissim
3160 997 3212 1050 in
3270 996 3446 1063 primo

1867 1091 2061 1153 Patre.
2115 1091 2410 1161 omniaque
2445 1107 2542 1161 per
2591 1092 2765 1158 ipsum
2825 1090 2965 1144 facta
3033 1098 3182 1151 sunt,
3246 1097 3301 1142 cl
3356 1102 3444 1137 ra-

1869 1183 2096 1238 tionales
2159 1194 2428 1238 creatura:
2488 1184 2550 1238 in:
2592 1183 2934 1253 adoptionem
3031 1181 3264 1236 liliorum
3349 1193 3446 1232 vo-

1866 1287 2020 1332 caue.

2540 1391 2702 1448 ΑΕΗ]
2715 1390 2772 1444 D.

1918 1509 2001 1585 .Si
2051 1508 2179 1580 quia
2228 1507 2408 1566 Filius
2453 1507 2653 1562 dicitur
2692 1506 2909 1576 primus.
2960 1503 3137 1562 omnis
3164 1510 3451 1564 creatum,

1871 1591 2238 1659 necessarium
2267 1601 2489 1656 omnino
2507 1609 2591 1654 est
2621 1599 2794 1667 ipsum
2833 1598 3036 1653 idcirco
3093 1597 3160 1652 iis
3190 1597 3280 1664 qui
3331 1601 3453 1663 post

1870 1695 2045 1764 ipsum
2078 1693 2203 1748 l‘acti
2223 1701 2368 1760 sunt,
2393 1692 2626 1750 similem
2653 1701 2708 1744 et
2738 1703 3025 1761 cognatum
3056 1703 3195 1753 esse,
3211 1694 3266 1741 et
3292 1687 3451 1741 talem

185 1793 293 1838 σιν,
338 1776 608 1846 όποῖάπερ
655 1776 722 1830 ἂν
749 1779 837 1847 εἴη
864 1778 931 1830 τὰ
960 1776 1036 1847 τῷ
1065 1777 1243 1848 χρόνῳ
1267 1776 1520 1848 δεύτερα,
1565 1777 1619 1830 τί
1656 1778 1767 1850 άρα

1877 1794 2064 1838 natura
2103 1798 2245 1847 esse,
2274 1782 2452 1853 qualia
2484 1792 2606 1836 sunt
2628 1797 2747 1852 qua:
2776 1790 3022 1850 tempore
3078 1792 3207 1833 sunt
3265 1787 3452 1847 poste-

185 1866 325 1936 φατὲ
355 1867 459 1920 κᾶν
481 1869 509 1920 ὁ
541 1866 729 1936 Πατὴρ
746 1866 882 1940 λέγῃ
913 1868 1044 1938 περὶ
1073 1866 1286 1930 ἑαυτοῦ,
1321 1887 1338 1918 ι
1362 1867 1504 1936 Ἐγὼ
1524 1868 1763 1940 πρῶτος,

185 1959 280 2010 καὶ
309 1957 421 2026 ἐγὼ
446 1959 582 2027 μετά
607 1957 817 2024 ταῦτας
857 1976 878 2008 ι
909 1953 978 2011 Ἀ
991 1976 1057 2029 ρα
1091 1959 1183 2011 καὶ
1215 1956 1363 2029 αὑτῷ
1399 1959 1458 2012 τὸ
1490 1959 1569 2029 τῷ
1591 1959 1767 2031 χρόνῳ

183 2051 546 2122 προτερεὺειν
567 2050 727 2120 μόνον
765 2051 874 2104 τῶν
896 2051 1216 2122 κτισμάτων
1243 2053 1763 2123 παραχωρήσαντες,

184 2141 424 2211 γενητὴν
459 2141 793 2212 περιθήσετε
816 2141 918 2213 τὴν
939 2143 1149 2208 οὐσίαν,
1186 2143 1281 2196 καὶ
1315 2145 1428 2206 τοῖς
1462 2144 1770 2214 πεποιημέ-

181 2249 297 2294 νοις
330 2231 493 2284 αὺτὸν
520 2231 1101 2303 συγκαταριθμήσετε;
1145 2233 1286 2286 Ἀλλ’
1325 2234 1425 2286 οὐκ
1470 2233 1558 2297 ἂν,
1589 2231 1764 2306 οἶμαι,

179 2323 267 2386 τὶς
312 2325 393 2385 εἰς
433 2321 704 2394 τοσαύτην
750 2324 893 2377 ἔλθοι
939 2325 1156 2395 μανίαν,
1201 2325 1278 2388 ὡς
1307 2325 1574 2396 τολμῆσαι
1609 2326 1768 2380 τοῦτο

181 2417 288 2470 κᾶν
328 2416 578 2486 δέχεσθαι
629 2417 770 2470 κατὰ
819 2417 963 2470 νοῦν.
1013 2419 1224 2490 ’Ὠσπερ
1269 2415 1363 2472 οὖν
1407 2419 1468 2472 τὸ
1511 2419 1768 2490 λέγεσθαι

182 2513 404 2582 πρῶτον
449 2513 542 2566 τὸν
584 2512 840 2583 Πατέρα,
879 2513 981 2564 οὐκ
1014 2513 1315 2581 ἀναγκάσει
1343 2512 1562 2566 πάντων
1604 2512 1768 2566 αὑτὸν

186 2604 427 2674 συγγενῆ
457 2607 571 2667 τοῖς
607 2605 722 2673 μετ’
753 2603 918 2656 αὑτὸν
951 2604 1220 2657 νοεῖσθαι·
1250 2603 1394 2657 οὕτω
1421 2603 1524 2657 κᾶν
1550 2604 1769 2675 πρῶτος

182 2698 412 2767 λέγηται
456 2697 556 2766 τῆς
596 2696 826 2758 κτίσεως
875 2696 904 2747 ό
951 2695 1100 2759 Υἱὸς,
1129 2697 1190 2749 οὗ
1226 2697 1445 2760 πάντως
1470 2695 1622 2748 ἕσται
1660 2696 1770 2748 τῶν

185 2787 510 2858 ποιημάτων
549 2783 648 2850 εἷς.
697 2787 835 2839 Ἀλλ’
865 2785 1016 2839 ὥσπε
1027 2803 1057 2858 ρ
1086 2788 1114 2839 ό
1141 2787 1350 2856 Πατὴρ,
1377 2787 1556 2858 ἀρχὴν
1578 2785 1770 2839 ἑαυτὸν

182 2880 295 2933 τῶν
322 2881 540 2933 πάντων
569 2878 959 2942 ἀποδεικνύων,
989 2879 1197 2947 ἔλεγεν,
1233 2897 1250 2930 ι
1291 2877 1435 2946 Ἑγώ
1462 2881 1578 2949 εἰμι
1613 2878 1768 2950 πρῶ-

184 2992 296 3040 τος,
335 2995 353 3026 ι
388 2973 532 3027 οὕτω
560 2974 653 3026 καὶ
681 2975 709 3026 ό
738 2973 864 3036 Υἱὸς
909 2971 1126 3044 πρῶτος
1164 2973 1265 3042 τῆς
1313 2972 1492 3042 πάσης
1539 2972 1771 3034 κτίσεως

189 3067 439 3134 λέγεται.
491 3066 568 3118 Δι’
601 3063 767 3118 air-:05
798 3065 908 3135 γάρ
970 3065 1039 3117 τὰ
1082 3065 1259 3117 πάντα
1289 3063 1501 3132 γέγονε,
1555 3064 1650 3118 καὶ
1681 3064 1774 3116 αὖ·

1873 1877 2012 1929 riora
2051 1894 2064 1930 :
2111 1875 2240 1945 quid
2281 1873 2474 1928 dicet-is
2498 1888 2619 1927 cum
2649 1882 2702 1927 et
2731 1871 2945 1925 Patrem
2987 1873 3054 1924 de
3093 1885 3153 1923 se
3183 1868 3451 1922 dicentem

1871 1969 2093 2030 auditis,
2129 1986 2149 2019 ι
2193 1967 2303 2036 Ego
2335 1967 2562 2036 primus,
2583 1974 2641 2019 ct
2666 1981 2768 2034 ego
2792 1964 3051 2034 post-ha'c
3079 1963 3207 2016 ’μί-ι
3234 1962 3313 2014 An
3345 1961 3456 2013 l'or-

1873 2068 2016 2114 tasse
2042 2059 2217 2129 ipsum
2251 2074 2312 2112 ea
2341 2057 2514 2112 solum
2545 2057 2751 2112 ratione
2778 2072 2806 2109 a
2827 2055 3090 2109 creaturis
3114 2054 3454 2121 distinguen-

1873 2160 1952 2206 tes
1981 2153 2122 2220 quod
2145 2161 2387 2219 tempore
2410 2151 2580 2218 prior,
2615 2158 2854 2202 creatam
2908 2161 3124 2216 quoque
3162 2145 3454 2199 essentiam

1870 2243 1919 2298 ei
1950 2243 2222 2301 tribuetis.
2251 2253 2306 2296 et
2333 2241 2602 2297 creaturis
2629 2240 2803 2309 msum
2851 2235 3322 2294 annumerabitis?
3347 2233 3454 2289 Sed

1873 2349 1976 2387 non
1997 2333 2252 2387 existimo
2295 2345 2605 2400 memquam
2638 2343 2706 2382 eo
2751 2328 2978 2382 inSauize
3035 2335 3344 2389 ventur-um,
3399 2335 3459 2378 ut

1872 2425 1973 2478 hoc
2010 2423 2089 2477 vel
2106 2425 2346 2492 cogitare
2377 2423 2591 2476 audeat.
2611 2421 3076 2489 Quemadmodum
3099 2419 3286 2490 igitur,
3319 2428 3458 2472 tam-

1846 2516 1971 2571 etsi
2002 2515 2164 2570 Pater
2225 2514 2428 2568 dicitur
2498 2515 2728 2583 primus,
2787 2527 2890 2566 non
2946 2511 3072 2566 inde
3118 2511 3362 2580 sequitur
3400 2525 3460 2564 ut

1875 2607 2186 2661 necessario
2212 2607 2278 2660 iis
2304 2607 2392 2674 qui
2439 2615 2561 2675 post
2593 2606 2767 2674 ipsum
2817 2616 2964 2668 sunt,
2989 2604 3188 2659 similis
3217 2619 3455 2660 censea-

1873 2698 2096 2752 turzita
2143 2713 2452 2768 quanquam
2522 2695 2692 2751 Filius
2749 2696 2961 2750 dicatur
3009 2696 3216 2765 primus
3284 2695 3461 2749 onmis

1871 2800 2159 2850 creaturae,
2190 2806 2293 2844 nou
2321 2790 2426 2843 erit
2454 2790 2677 2844 omnino
2712 2804 2850 2843 unus
2901 2804 2965 2842 ex
2997 2790 3290 2843 creaturis.
3353 2788 3458 2842 Sed

1873 2883 2016 2934 sicut
2043 2881 2224 2943 Pater,
2252 2881 2547 2939 ostendens
2568 2896 2628 2935 se
2662 2881 2985 2950 principium
3035 2880 3278 2932 omnium
3319 2895 3458 2943 esse,

1873 2973 2030 3036 dixit,
2055 2991 2073 3024 ι
2107 2972 2215 3041 Ego
2237 2988 2356 3026 sum
2383 2975 2631 3042 primus:
2667 2992 2683 3024 ι
2724 2973 2794 3026 ita
2838 2983 2891 3025 et
2919 2971 3087 3025 Filius
3111 2973 3317 3040 primus
3346 2989 3462 3027 om-

1875 3067 1960 3120 nis
1990 3074 2257 3120 creaturte
2291 3066 2507 3119 dicitur.
2530 3065 2664 3119 Nam
2697 3081 2794 3134 per
2818 3065 2990 3134 ipsum
3055 3065 3238 3118 omnia
3317 3063 3462 3118 facta

188 3155 279 3215 τός
300 3155 449 3206 ἐστιν
471 3155 506 3224 ἡ
538 3153 757 3208 πάντων
783 3153 1102 3224 κτισμάτων
1127 3153 1289 3225 ἀρχὴ,
1323 3153 1398 3217 ὡς
1430 3153 1654 3219 κτίσττς
1673 3153 1767 3208 καὶ

1879 3157 2066 3212 sunt"
2094 3176 2107 3211 :
2136 3155 2296 3228 243
2317 3159 2536 3226 ipseque
2553 3167 2638 3211 est
2663 3159 2902 3210 omnium
2931 3168 3299 3210 creaturarum
3318 3158 3464 3226 prin-

186 3246 539 3317 δημιουργός.

652 3368 1018 3457 ΛΟΓΟΣ
1092 3366 1319 3470 KG".

189 3525 297 3588 Εἰς
343 3523 406 3576 τό
455 3523 771 3594 εζρημένον
812 3525 913 3580 ἐπὶ
958 3527 1084 3594 τοῖς
1116 3527 1271 3592 υἱοῖς
1309 3527 1652 3588 Ζεϐεδαίου,
1683 3527 1773 3590 τὸ,

265 3614 288 3668 ι
314 3595 564 3668 Καθὶᾳσι
599 3596 665 3668 ἐκ
706 3594 922 3668 δεξιῶν
942 3615 1063 3666 μου
1106 3598 1144 3667 ἢ
1185 3599 1267 3663 ἑξ-
1293 3599 1634 3668 εὐωνύμων,
1661 3599 1775 3652 οὐκ

257 3665 432 3717 ἐστιν
457 3664 606 3733 ἐμὸν
635 3666 869 3722 δοῦναι.
895 3688 915 3718 ι

482 3777 806 3844 Ἀντίθεσις
831 3779 912 3846 ὡς
930 3779 998 3834 ἐκ
1023 3763 1142 3834 τῶν
1163 3782 1489 3851 Εὑνομίου.

258 3889 370 3942 Καὶ
403 3887 542 3954 πῶς,
569 3890 726 3963 εῖπερ
751 3887 818 3963 ἦν
850 3894 909 3946 ὲν
941 3892 1147 3964 ἰσότητι
1185 3892 1280 3947 τοῦ
1312 3893 1543 3964 Πατρὸς,
1573 3893 1773 3964 ἔφησεν

185 3979 254 4033 ἂν
285 3982 379 4034 ἐπὶ
404 3984 516 4046 τοῖς
545 3983 832 4038 Ζεϐεδαίου
859 3986 1078 4039 παισίν·
1114 4005 1132 4036 ι
1160 3987 1275 4039 Οὐκ
1311 3985 1459 4039 ἔστιν
1485 3987 1617 4058 ἐμὸν
1650 3986 1773 4040 δοῦ-

185 4089 312 4136 ναι;
351 4093 370 4124 ι
422 4074 594 4128 Τοῦτο
637 4076 748 4147 γάρ
780 4077 1080 4149 διαρρήδην
1125 4078 1226 4130 οὐκ
1273 4077 1488 4149 ἔχοντος
1523 4078 1772 4143 ἐξουσίαν

186 4165 360 4230 ἐστὶν,
392 4166 514 4220 οὐδὲ
542 4166 842 4237 δυναμένου
881 4171 1184 4240 παρασχεῖν
1229 4171 1402 4241 ὅσπερ
1444 4165 1512 4241 ἦν
1539 4171 1772 4234 ἐκείνοις

186 4259 246 4309 ὲν
301 4257 454 4327 εὐχῇ.
486 4258 696 4311 Οὐκοῦν
737 4261 860 4314 οὐδὲ
927 4260 1041 4326 ἴσος
1083 4260 1164 4315 τῶ
1215 4263 1392 4333 Πατρὶ
1443 4262 1520 4334 τῷ
1553 4263 1770 4316 πάντων

184 4350 366 4420 ἔχοντι
399 4349 496 4420 τὴν
535 4351 808 4414 ἐξουσίαν.

685 4467 842 4536 Πρὸς
869 4467 1045 4521 τοῦτο
1071 4467 1272 4531 λύσις.

256 4580 487 4652 Πολλὴν,
511 4576 556 4636 ὦ
594 4581 878 4653 Θεομάχοι,
909 4581 1013 4633 κάν
1061 4579 1238 4650 τούτῳ
1263 4579 1362 4650 τὴν
1406 4578 1768 4633 ἀπαιδευσίαν

183 4674 403 4742 ἔχοντες
453 4675 838 4746 εὐρεθήσεσθε.
882 4673 1086 4744 Ἐχρῆν
1135 4673 1244 4742 γὰρ
1287 4672 1348 4742 δή
1399 4690 1503 4725 που
1550 4672 1772 4735 πάντως

184 4767 331 4832 ὑμᾶς
359 4765 457 4828 τὰς
486 4765 581 4818 τοῦ
609 4765 864 4835 Σωτῆρος
884 4762 1128 4833 ἀκριϐῶς
1158 4761 1623 4832 περιεργάζεσθαι
1659 4779 1772 4829 φω-

182 4859 304 4920 νάς,
335 4858 434 4910 οὐκ
462 4857 882 4928 ἀπερισκέπτως
907 4855 979 4909 τά
1024 4855 1204 4918 καλῶς
1242 4854 1509 4925 εἰρημένα
1537 4871 1774 4923 κατηγο-

186 4951 310 5018 ρίας
347 4950 612 5004 ποιεῖσθαι
674 4949 996 5018 προφάσεις.
1037 4947 1348 5018 Προσῆ).θον
1395 4948 1443 4999 οἱ
1485 4946 1768 4999 Ζεϐεδαίου

186 5039 374 5101 παῖδες
403 5040 502 5101 τὰς
531 5040 588 5090 ὲν
615 5038 770 5109 ἄκρῳ
799 5038 1062 5108 κειμένας
1092 5035 1369 5100 αἰτοῦντες
1401 5035 1586 5106 τιμάς.
1625 5035 1768 5088 Ἀλλ’

180 5128 249 5200 ἦν
281 5129 544 5182 ἀπίθανον
575 5132 647 5200 μὴ
675 5131 774 5199 τὴν
803 5129 896 5182 τοῦ
936 5128 1301 5200 χορηγοῦντος
1329 5128 1647 5199 περιμένειν
1679 5145 1768 5196 φι-

179 5222 457 5290 λοτιμίαν.
492 5223 764 5292 ἁρπάζειν
807 5221 864 5274 δὲ
914 5220 1104 5290 ὥσπερ
1141 5219 1240 5290 τὴν
1285 5219 1492 5288 ἑτέροις
1533 5218 1644 5271 ἐσθ’
1678 5219 1768 5271 ὅτε

179 5315 635 5383 χρεωστουμένην
672 5314 902 5386 δωρεάν.
935 5313 1078 5383 Πρὸς
1112 5308 1205 5365 οὖν
1234 5311 1329 5380 τὴν
1357 5311 1528 5374 οὕτως
1562 5311 1767 5364 ἄτοπον

178 5407 401 5472 αἴτησιν
444 5405 668 5468 εἰκότως
696 5407 861 5476 φησὶν
908 5407 936 5458 ὁ
981 5405 1194 5476 Σωτὴρ,
1234 5424 1252 5455 ι
1291 5403 1405 5456 Οὐκ
1447 5404 1593 5456 ἔστιν
1633 5403 1765 5472 ἐμὸν

177 5496 386 5558 δοῦναι,
427 5515 446 5547 ι
485 5498 583 5568 οὐχ
631 5501 712 5552 ὅτι
755 5500 828 5569 μὴ
869 5497 1090 5551 ἐδύνατο
1143 5499 1468 5568 παρασχεῖν,
1516 5496 1630 5550 ἀλλ’
1686 5498 1765 5550 ’ότι

180 5589 291 5642 τῶν
321 5589 627 5646 πονούντων
662 5593 809 5645 ἐστὶν
842 5590 1121 5660 ἀναλόγως
1152 5587 1232 5654 οἷς
1282 5591 1552 5662 κάμνουσι
1603 5589 1762 5660 κομί-

255 5771 297 5802 ¹¹
327 5770 427 5827 Isa.
469 5789 610 5836 XLIV,
647 5775 698 5827 6.
776 5774 821 5805 ⁸³
851 5771 1006 5828 Jualt.
1038 5787 1076 5837 I,
1109 5773 1162 5827 2.

1240 5770 1304 5808 ’³⁸
1344 5771 1537 5828 Matth.
1567 5788 1658 5837 xx,
1689 5771 1778 5824 ‘25.

1882 3251 2104 3319 cipium,
2138 3261 2320 3320 utpote
2347 3265 2532 3303 earum
2557 3261 2772 3304 creator
2800 3261 2962 3320 atque
2990 3250 3189 3318 opifex.

2176 3381 2756 3474 ASSEBTIO
2825 3383 3177 3470 XXVI.

1884 3535 1950 3591 In
1994 3535 2132 3592 illud
2177 3537 2302 3606 ﬁliis
2346 3533 2588 3606 Zebeda’i
2621 3534 2861 3586 dictum:
2897 3550 2915 3583 ι
2957 3532 3149 3586 Sedere
3190 3551 3220 3606 ιι
3263 3533 3453 3606 dextri:

1913 3610 2066 3675 utris,
2101 3603 2191 3662 aut
2221 3624 2254 3658 a
2289 3605 2524 3660 sinistris
2555 3606 2706 3669 meis,
2733 3620 2833 3656 non
2864 3612 2937 3656 est
2964 3619 3132 3656 meum
3165 3603 3292 3656 dare
3310 3603 3434 3656 ⁸³⁸.»

2304 3777 2392 3833 Ea:
2436 3777 2725 3847 objectioue
2765 3775 3034 3830 Eunomii.

1957 3899 2028 3956 At
2055 3895 2349 3968 quomodo,
2375 3890 2574 3960 inquit,
2621 3891 2664 3946 si
2706 3890 2876 3947 Filius
2913 3901 2998 3944 est
3043 3889 3268 3960 aequalis
3295 3890 3461 3954 Patri,

1880 3992 2020 4046 dixit
2060 3990 2126 4044 ad
2165 3988 2307 4042 ﬁlios
2355 3983 2638 4039 Zebeda‘i:
2681 4002 2698 4034 ι
2740 3981 2855 4036 Non
2898 3992 2980 4037 est
3023 3999 3201 4038 meum
3243 3983 3408 4036 dare?
3439 4003 3456 4033 ι

1879 4083 2014 4140 Nam
2059 4081 2166 4136 hoc
2205 4077 2492 4134 manifeste
2544 4086 2628 4132 est
2667 4075 2808 4130 illius
2849 4077 2941 4146 qui
2990 4085 3312 4146 potestatem
3355 4093 3460 4129 non

1879 4178 2039 4234 habet
2069 4212 2086 4238 ,
2121 4175 2327 4244 quique
2378 4171 2432 4226 id
2481 4170 2626 4239 quod
2668 4171 2956 4240 optabant,
3009 4169 3196 4239 largiri
3237 4169 3316 4223 eis
3355 4185 3460 4223 non

1880 4277 2114 4340 pou-rat.
2151 4265 2418 4331 Quocirca
2480 4261 2627 4317 Patri
2682 4263 2927 4317 omnium
2983 4272 3304 4333 potestatem
3359 4261 3461 4316 ha-

1879 4361 2027 4416 benti
2061 4357 2286 4428 :equalis
2316 4371 2422 4410 non
2446 4364 2548 4410 est.

2370 4467 2576 4523 Salutio
2626 4466 2956 4537 objectiom’s.

1943 4582 2222 4638 Summam
2268 4579 2432 4633 etiam
2493 4578 2594 4631 hac
2642 4577 2696 4631 in
2743 4586 3206 4650 partelvcstrarn,
3271 4576 3457 4630 hostes

1873 4678 1996 4740 Dei,
2020 4673 2385 4744 ignorantiam
2420 4670 2669 4739 proditis.
2705 4668 3003 4737 Oportebat
3036 4670 3179 4723 enim
3209 4684 3305 4723 vos
3335 4685 3454 4723 Olll-

1875 4770 2004 4822 nino
2031 4765 2343 4822 Servatoris
2388 4763 2562 4818 nostri
2617 4763 2760 4816 dicta
2807 4773 3066 4816 accurate
3113 4763 3453 4832 investigare,

1876 4876 2052 4930 neque
2097 4860 2170 4912 ita
2213 4857 2616 4911 inconsiderate
2649 4853 2954 4908 reetissime
2991 4853 3130 4907 dicta
3167 4855 3217 4907 in
3251 4855 3457 4907 calum-

1874 4952 2015 5004 niam
2048 4963 2257 5019 rapere.
2293 4948 2659 5000 Accesseruut
2689 4945 2860 5013 ipsum
2893 4943 2984 4996 lilii
3018 4943 3283 5006 Zebeda‘i,
3304 4960 3456 4997 sum-

1874 5058 1992 5097 mos
2033 5043 2267 5094 honores
2300 5039 2404 5094 sibi
2451 5038 2691 5093 conferri
2747 5047 3011 5105 petentes.
3057 5037 3321 5091 (holerum
3353 5036 3450 5088 ab-

1871 5135 2096 5187 surdum
2129 5142 2268 5195 erat,
2302 5132 2441 5201 ejus,
2484 5130 2572 5200 qui
2610 5145 2705 5184 cos
2757 5129 2993 5183 honores
3039 5129 3288 5199 largitur,
3320 5128 3447 5182 libe-

1873 5224 2149 5276 ralitatem
2195 5239 2299 5275 non
2333 5233 2656 5292 exspectare
2684 5261 2697 5283 ,
2735 5222 2829 5274 sed
2884 5221 3286 5289 quodaunuodo
3317 5220 3454 5274 velle

1873 5317 2166 5385 przcripcre
2217 5317 2416 5369 donum
2471 5317 2615 5384 quod
2672 5314 2941 5367 interdum
3016 5313 3138 5368 aliis
3201 5314 3448 5368 debetur.

1875 5409 2132 5461 Servator
2166 5407 2352 5476 itaque
2386 5407 2453 5461 ad
2506 5407 2773 5470 ejusmodi
2811 5407 3100 5460 absurdam
3135 5406 3450 5475 petitionem

1875 5499 2069 5553 merito
2115 5499 2426 5567 respondet,
2463 5519 2480 5549 ι
2519 5499 2632 5552 Non
2676 5509 2760 5553 est
2822 5515 3003 5553 meum
3059 5498 3233 5553 dare:
3274 5517 3292 5550 ι
3347 5513 3449 5554 non

1873 5592 2016 5661 quod
2049 5593 2099 5646 id
2124 5603 2380 5663 praestare
2413 5609 2518 5650 non
2545 5603 2748 5663 posset,
2783 5593 2876 5648 sed
2908 5590 3034 5665 quia
3068 5592 3288 5664 pratmia
3328 5606 3449 5647 cer-
