3878 6208
497 291 605 346 413
1488 295 1544 351 S.
1585 297 1860 354 CYRILLI
1904 299 2375 357 ALEXANDRINI
2416 297 2738 356 ARClllEP.
3644 288 3729 341 “ﬁ
3810 101 3816 375 Ι

499 408 729 461 ιιιιιιίιιιη
774 405 1051 465 laboribus
1085 411 1437 480 proportione
1480 415 1714 483 quadam
1749 421 2072 487 respondere

2186 419 2376 483 ζεσθαι
2399 419 2490 473 τὸν
2523 418 2732 489 μισθόν.
2767 415 2980 482 Ὥσπερ
3009 408 3117 481 γὰρ
3142 407 3295 471 εἴτις
3319 409 3427 470 τοῖς
3460 406 3537 469 εἰς
3566 406 3730 471 ἀγῶνα

500 408 729 461 ιιιιιιὶιιιη
774 405 1051 465 laboribus
1085 411 1437 480 proportione
1480 415 1714 483 quadam
1749 421 2072 487 respondere

500 492 719 548 debent.
744 492 973 550 Perinde
1008 512 1073 552 ac
1105 500 1149 551 si
1182 499 1304 568 quis
1334 500 1400 556 iis
1450 503 1541 571 qui
1577 505 1643 558 ad
1678 516 1952 562 certamen
1985 525 2072 564 τοι

501 583 608 623 (“ali
642 595 765 623 cllnl
826 591 1044 623 nrmmin
1083 605 1387 623 nrnnnnnne
1414 593 1555 623 ,Ιῖηηο
1591 612 1602 623 .
1632 594 1743 623 tu-..
1773 608 1847 623 Α...
1881 615 2055 623 ------..-

2186 419 2376 483 ζεσθαι
2399 419 2490 473 τὸν
2523 418 2732 489 μισθόν.
2767 415 2980 482 Ὥσπερ
3009 408 3117 481 γὰρ
3142 407 3295 471 εἴτις
3319 409 3427 470 τοῖς
3460 406 3537 469 εἰς
3566 406 3730 471 ἀγῶνα

2182 511 2538 582 κεκλημένοις
2581 511 2649 563 τὰ
2677 509 2814 619 γέρα
2863 500 3304 623 προθεὶςζγλέχοι
3329 498 3472 623 ιπρὸς
3500 497 3728 623 fieri-3;.-

501 583 609 639 cati
641 595 791 652 sunt,
825 591 1045 657 praemia
1082 605 1390 659 proponens
1413 593 1560 648 dicat
1591 612 1603 649 :
1630 594 1745 650 Non
1770 608 1853 651 est
1881 615 2072 665 meum,

2182 606 2298 658 Ούκ
2327 604 2457 675 ἐμόν
2490 605 2660 667 ἐστιν,
2683 596 2727 654 ὦ
2749 595 2911 659 οὗτοι,
2933 596 2989 652 τὸ
3020 595 3203 665 μεῖζον
3237 592 3397 656 ἑλεῖν,
3428 591 3522 644 καὶ
3553 585 3594 659 ᾧ
3624 590 3729 660 βού-

503 675 631 730 boni
660 677 784 742 viri,
816 695 1089 733 summum
1132 682 1413 750 praemium
1446 702 1659 755 rapere,
1685 699 1740 743 et
1778 692 1864 745 cui
1906 691 2072 747 libue-

2181 696 2343 767 λομαι
2386 696 2707 765 παρασχεῖν,
2754 692 2816 745 ού
2872 691 2980 762 γὰρ
3032 688 3125 742 ἐπὶ
3171 686 3381 749 τούτοις
3428 686 3637 738 τέθεικα
3666 687 3730 754 τῷ

503 769 576 821 rit
605 769 877 835 conferre,
925 788 1098 841 neque
1136 776 1280 830 enim
1335 776 1542 834 idcirco
1590 782 1843 837 curriculi
1894 784 2072 838 termi-

2183 787 2383 857 σταδίῳ
2420 788 2546 848 τοὺς
2574 787 2733 859 ὄρους
2758 803 2771 816 ·
2819 785 2933 838 ἀλλ’
2982 785 3187 846 ἐκεῖνος
3228 781 3456 852 λήψεται
3500 780 3667 840 τοῦτο,
3693 774 3729 847 ᾦ

506 876 605 916 uos
636 866 840 927 statui;
891 866 984 919 sed
1026 867 1115 922 ille
1156 868 1259 923 hoc
1289 870 1519 935 auferet,
1550 875 1643 943 qui
1691 876 1930 943 reliquos
1960 878 2072 932 vin-

2184 878 2242 932 τὸ
2273 879 2484 941 πάντας
2534 878 2690 947 νικᾷν
2736 878 3088 946 περιποιήσει
3138 872 3360 935 δικαίως
3398 873 3458 924 τὸ
3492 872 3728 941 τιμᾶσθαι

502 950 673 1006 cendo
708 969 925 1008 summo
971 957 1180 1013 honore
1236 959 1376 1015 allici
1411 964 1636 1018 meritus
1684 964 1869 1022 fuerit.
1915 967 1990 1023 lta
2029 978 2078 1024 et

503 1042 767 1097 Servator
815 1045 1058 1115 iniquum
1105 1063 1228 1103 esse
1259 1053 1471 1106 censuit
1496 1067 1767 1108 sunuuum
1816 1056 2081 1111 honorem

504 1133 814 1199 petentibus
844 1148 1095 1206 prompte
1128 1140 1401 1205 conferre,
1431 1144 1659 1212 repulsis
1687 1147 1753 1201 iis
1785 1148 1982 1216 quibus
2007 1148 2083 1204 le-

500 1224 690 1290 gitime
722 1226 970 1295 debetur;
1028 1230 1094 1285 iis
1119 1232 1265 1285 enim
1290 1232 1491 1287 deferri
1517 1238 1724 1305 aequius
1749 1248 1858 1304 est,
1887 1241 2083 1309 quibus

512 1316 856 1381 praescientia
895 1317 1097 1386 Patris,
1126 1322 1195 1376 ob
1238 1322 1497 1378 virtutum
1526 1335 1780 1398 recteque
1813 1329 2080 1385 factorum

503 1406 883 1461 «:xcellenliam
912 1425 1035 1465 eum
1070 1416 1432 1481 praeparavit:
1459 1418 1713 1485 quocirca
1747 1420 1948 1475 dictum
1981 1424 2083 1477 hoc

502 1497 814 1555 Servatoris
844 1517 949 1557 non
986 1504 1153 1573 ipsius
1186 1507 1560 1576 impotentiam
1591 1511 1951 1581 demonstrat,
1985 1516 2090 1571 sed

509 1590 942 1648 incarnationem
979 1595 1150 1665 ipsius
1188 1599 1439 1668 respicit.

1169 1710 1403 1767 ALIUD.

2866 1720 3072 1774 ΑΛΛΟ.

566 1818 732 1891 244
758 1820 838 1887 Si,
857 1821 1008 1892 juxta
1026 1832 1288 1890 vestram,
1318 1826 1505 1881 hostes
1519 1824 1635 1895 Dei,
1659 1828 1989 1898 opinionem,
2018 1840 2072 1885 ι-

2255 1837 2323 1890 Εῐ
2353 1835 2427 1907 μὴ
2484 1834 2733 1896 δύναται,
2777 1833 2899 1887 καθ’
2934 1834 3101 1901 ὑμᾶς,
3134 1827 3178 1885 ὦ
3205 1832 3489 1901 θεομάχοι,
3521 1835 3622 1894 τοῖς
3648 1836 3728 1885 Ζε-

495 1908 688 1963 liorum
714 1912 958 1967 Zebedaai
984 1914 1227 1984 petitioni
1250 1916 1569 1973 satisfacere
1590 1935 1697 1973 non
1717 1931 1976 1991 potest,et
1994 1924 2072 1977 id-

2181 1926 2396 1980 δεδαίου
2456 1925 2641 1979 παισὶν
2687 1922 3083 1994 ἀποπληρῶσαι
3122 1921 3219 1992 τὴν
3269 1921 3506 1989 αἴτησιν,
3536 1922 3623 1973 καὶ
3658 1921 3730 1972 διὰ

496 2006 648 2058 circo
680 2005 995 2069 dicit,tNon
1021 2018 1105 2063 est
1132 2025 1307 2065 meum
1334 2011 1520 2077 dare,»
1548 2027 1655 2081 quo
1681 2024 1839 2083 pacto
1868 2017 1918 2070 in
1952 2017 2072 2073 aliis

2181 2018 2336 2072 τοῦτό
2366 2033 2549 2086 φησιν,
2591 2035 2608 2066 ι
2639 2015 2753 2069 Ούκ
2778 2012 2922 2066 ἔστιν
2949 2012 3081 2083 ἐμὸν
3116 2012 3320 2073 δοῦναι,
3358 2030 3378 2061 ι
3416 2012 3529 2074 πῶς
3564 2014 3615 2063 ἐν
3635 2011 3729 2061 ἐτέ-

2186 970 2470 1041 μειζόνως.
2489 968 2648 1023 Οὕτω
2672 970 2764 1022 καὶ
2790 972 2818 1022 ό
2850 968 3039 1039 Σωτὴρ
3062 967 3163 1020 οὐκ
3200 964 3421 1033 εὕλογον
3454 960 3588 1017 εἶναι
3617 982 3729 1035 φησι

2180 1064 2293 1124 τοῖς
2318 1060 2530 1114 αἰτοῦσι
2555 1062 2615 1113 τὸ
2637 1061 2822 1130 μεῖζον
2845 1059 3124 1113 ἐπιδοῦναι
3145 1058 3472 1129 προχείρως,
3494 1056 3580 1109 τὸν
3603 1057 3729 1124 opsi-

2181 1152 2340 1206 λοντα
2368 1152 2593 1215 δικαίως
2624 1152 2809 1205 λαϐεῖν
2851 1152 3270 1221 παρωσάμενον.
3329 1149 3469 1201 Ἀλλ’
3514 1148 3729 1210 ἐκείνους

2180 1244 2325 1315 ἔχειν
2357 1245 2473 1296 ἐστὶ
2506 1243 2981 1314 πρεπωδέστερον,
3024 1235 3102 1304 οἷς
3140 1243 3173 1311 ὴ
3221 1240 3313 1294 τοῦ
3376 1240 3584 1310 Πατρδς
3613 1244 3727 1308 πρό-

2181 1354 2380 1405 γνωσις
2412 1336 2499 1389 διὰ
2523 1338 2621 1406 τὴν
2649 1335 2758 1387 τῶν
2784 1333 3286 1405 ἀνδραγαθημάτων
3310 1332 3576 1403 ὑπεροχὴν
3597 1331 3729 1383 τοῦτο

2179 1430 2548 1501 ηὐτρέπισεν*
2579 1429 2725 1483 ἐστιν
2763 1423 2856 1481 οὖν
2888 1430 2915 1481 ὁ
2970 1428 3129 1494 λόγος
3166 1428 3267 1479 οὐκ
3298 1424 3575 1487 ἀσθενείας
3615 1425 3730 1476 ἀπόι

2179 1520 2365 1588 δειξις,
2389 1519 2503 1573 ἀλλ’
2528 1517 2878 1589 οἰκονομικῆς
2909 1515 3216 1578 ἀσθενείας.

497 2096 775 2151 invenitur
806 2100 922 2169 ipse
939 2100 1193 2156 omnibus
1216 2102 1378 2158 simul
1406 2103 1681 2174 discipulis
1710 2106 1814 2162 hoc
1831 2108 2085 2179 largitus,

492 2205 616 2243 cum
642 2190 714 2244 ita
745 2192 858 2246 ait:
898 2212 917 2245 ι
948 2194 1144 2259 Amen,
1177 2209 1335 2249 amen
1363 2195 1487 2251 dico
1520 2197 1695 2263 vobis,
1739 2202 1955 2268 quando
1987 2201 2077 2257 Fi-

493 2282 597 2340 lius
624 2285 861 2341 hominis
904 2287 1117 2343 sedebit
1166 2288 1220 2342 in
1260 2288 1400 2344 solio
1430 2289 1730 2360 maiestatis
1754 2309 1886 2360 suae,
1923 2299 2077 2352 sede-

494 2377 623 2432 bitis
660 2388 714 2433 et
749 2394 849 2437 vos
895 2395 1058 2450 super
1111 2381 1397 2436 duodecim
1451 2382 1772 2440 thronis“?
1817 2405 1841 2438 ι
1890 2386 2078 2457 Neque

490 2469 636 2524 enim
667 2470 769 2527 hoc
796 2480 878 2526 est
907 2472 1253 2542 praedicentis
1275 2473 1482 2543 futura,
1507 2476 1604 2532 sed
1640 2479 1920 2548 largientis
1948 2497 2073 2550 gra-

494 2562 648 2628 tiam,
688 2569 749 2616 ut
799 2562 866 2617 iis
898 2563 988 2632 qui
1043 2563 1474 2621 collaborarunt.
1515 2565 1571 2621 Si
1606 2583 1736 2639 ergo
1783 2585 1910 2626 vere
1958 2574 2075 2628 haec

494 2652 646 2713 dicit,
676 2655 951 2722 quomodo
986 2656 1077 2722 qui
1118 2656 1373 2713 omnibus
1415 2658 1661 2729 largitur,
1702 2662 1914 2719 duobus
1962 2664 2075 2719 lar-

491 2742 593 2811 giri
626 2749 898 2813 nequeat?
932 2743 989 2799 Si
1038 2760 1168 2800 vero
1206 2747 1419 2804 audetis
1472 2750 1659 2805 dicere
1692 2767 1887 2808 vanam
1946 2770 2073 2811 esse

491 2834 931 2901 promissionem,
967 2836 1204 2893 sulliciet
1244 2839 1349 2896 hoc
1395 2840 1465 2895 ad
1506 2857 1725 2898 omnem
1771 2845 2070 2914 nequitiam

492 2934 729 2979 vestram
766 2927 1223 2985 confirmandam.
1270 2930 1485 2986 Μογιιίιί
1522 2933 1664 2988 enim
1713 2935 1897 2992 dicitis
1925 2939 2069 2993 veri-

2183 2128 2295 2180 ροις
2312 2107 2624 2179 εὑρίσκεται
2666 2109 2831 2160 πᾶσιν
2862 2104 3000 2175 ὁμοῦ
3034 2106 3147 2167 τοῖς
3185 2103 3457 2173 μαθηταῖς
3484 2102 3631 2155 τοῦτο
3651 2120 3728 2170 χα-

2183 2198 2588 2271 ρισάμενος,δι’
2626 2190 2701 2250 ὧν
2737 2194 2883 2249 οὕτω
2925 2194 3120 2266 φησίν’
3152 2214 3170 2245 ι
3208 2193 3405 2264 Ἀμήν,
3440 2192 3578 2262 ἀμήν
3608 2192 3728 2257 λέγω

2179 2294 2334 2363 ὑμῖν,
2350 2292 2482 2345 ὅταν
2522 2288 2723 2359 καθίσῃ
2752 2290 2781 2340 ὁ
2817 2287 2950 2351 Υἱδς
2983 2286 3077 2341 τοῦ
3108 2285 3397 2357 ἀνθρώπου
3428 2285 3520 2339 ἐπὶ
3562 2284 3726 2355 θρόνου

2175 2385 2335 2457 δόξης
2368 2382 2558 2447 αὐτοῦ,
2590 2378 2881 2435 καθισεσθε
2921 2380 3015 2432 καὶ¹
3059 2379 3216 2448 ὑμεῖς
3266 2378 3364 2430 ἐπὶ
3395 2376 3595 2430 δώδεκα
3628 2374 3727 2444 θρό-

2176 2493 2337 2543 νους;
2389 2494 2408 2529 ι
2460 2473 2619 2527 τοῦτο
2660 2471 2771 2543 γὰρ
2814 2471 2876 2524 οὐ
2921 2469 2992 2523 τά
3038 2471 3273 2539 ἐσόμενα
3320 2465 3726 2538 προφητεύωηός

2176 2570 2349 2632 ἐστιν,
2390 2566 2506 2621 ἀλλ’
2548 2564 2834 2636 ὀρέγοντος
2878 2562 2954 2625 ὡς
2993 2560 3408 2630 συγκεκμηκόσι
3440 2559 3537 2628 τὴν
3570 2556 3721 2627 χάριν.

2176 2661 2241 2715 Εἰ
2272 2659 2371 2729 μὲν
2408 2652 2504 2711 οὖν
2533 2654 2789 2727 ἀληθεύει
2827 2653 2898 2706 τά
2925 2652 3152 2706 τοιαῦτα
3188 2652 3388 2720 λέγων,
3430 2650 3541 2712 πῶς
3563 2652 3588 2701 ὁ
3613 2650 3725 2699 πᾶσι

2174 2752 2372 2817 διδοὺς,
2400 2749 2495 2803 δύο
2529 2748 2705 2819 μόνων
2727 2745 3025 2799 αἰτούντων
3062 2744 3311 2807 ἀσθενεῖς
3352 2743 3416 2795 Εἰ
3442 2742 3498 2794 δὲ
3520 2740 3723 2808 τολμᾶτε

2173 2844 2352 2914 λέγειν
2388 2843 2462 2913 μὴ
2486 2836 2627 2894 εἶναι
2655 2838 2755 2911 τὴν
2786 2837 3083 2907 ὑπόσχεσιν
3120 2834 3321 2904 ἀληθῆ,
3346 2833 3567 2905 ἀρκέσει
3592 2830 3724 2883 τοῦτο

2175 2934 2311 3006 πρὸς
2340 2933 2401 2987 τὸ
2420 2935 2601 2986 πᾶσαν
2633 2929 2753 2985 καθ’
2784 2928 2938 3000 ὑμῶν
2964 2926 3265 2997 κυροῦσθαι
3300 2925 3518 2979 κακίαν.
3548 2921 3722 2976 ιιΕἐύδε-

494 3026 677 3071 tatem.
706 3016 1170 3083 Quemadmodum
1217 3021 1385 3092 igitur
1412 3023 1455 3079 si
1510 3025 1639 3080 tlliis
1682 3027 1926 3084 Zebedzei
1963 3047 2068 3085 non

2181 3027 2300 3080 σθαι
2333 3025 2442 3094 γάρ
2497 3040 2635 3094 φατε
2680 3020 2779 3093 τὴν
2823 3020 3104 3091 ἀλήθειαν.
3156 3019 3372 3088 Ὥσπερ
3422 3013 3512 3117 οὖν
3549 3017 3605 3117 εί·
3630 3017 3723 3117 rei:

492 3109 758 3175 potuisset
792 3110 958 3174 dare,
1000 3126 1105 3167 non
1150 3123 1298 3169 esset
1337 3116 1565 3185 aequalis
1592 3117 1741 3173 Patri
1773 3161 1788 3184 ,
1835 3121 1908 3176 ita
1940 3137 2063 3178 cum

2181 3114 2462 3171 Ζεϐεδαίου
2498 3113 2688 3167 παισὶν
2710 3112 2813 3165 οὐκ
2849 3108 3075 3165 ἐδύνατο
3101 3110 3435 3180 παρασχεῖν,
3455 3106 3551 3159 οὐκ
3581 3103 3640 3156 ἂν
3667 3097 3721 3168 ἦν

489 3200 745 3256 omnibus
791 3201 1075 3274 discipulis
1132 3204 1266 3262 dare
1321 3210 1591 3279 potuerit,
1635 3210 1786 3268 Patri
1844 3217 2072 3272 omnino

2181 3211 2292 3273 ίσος
2316 3208 2397 3279 τῷ
2433 3208 2631 3278 Πατρὶ,
2671 3204 2844 3267 οὕτως
2872 3202 3171 3273 ἐπειδήπερ
3220 3201 3357 3253 πᾶσι
3393 3199 3626 3267 φαίνεται
3661 3199 3716 3245 δι-

490 3291 683 3348 similis
719 3301 822 3349 est.

2181 3303 2317 3367 δοὺς,
2351 3303 2468 3365 [σος
2498 3299 2654 3353 ἔσται
2673 3296 2760 3369 τῷ
2784 3295 3169 3366 γεγεννηκότι,

2852 3410 3057 3464 ΑΛΛΟ.

2246 3533 2308 3585 Ei
2350 3528 2605 3600 ἀληθεύει
2648 3526 2823 3595 λέγων
2851 3526 2879 3578 ὀ
2918 3522 3135 3591 Σωτὴρ,
3182 3541 3200 3573 ‹
3249 3519 3437 3574 Πάντα
3490 3534 3574 3587 μοι
3602 3530 3719 3581 παρ-
3809 3510 3816 3761 1

2246 3624 2329 3694 56η
2363 3620 2467 3675 ὑπὸ
2502 3618 2597 3673 τοῦ
2637 3615 2849 3688 Πατρός
2884 3631 3009 3685 μου,
3047 3631 3065 3664 ι
3100 3613 3158 3664 ὲν
3191 3610 3247 3663 δὲ
3279 3612 3394 3673 τοῖς
3440 3606 3595 3661 πᾶσίν
3625 3606 3720 3656 ἐστι

2246 3716 2348 3761 ὶτὺ
2391 3712 2590 3761 διδόναι
2626 3711 2786 3761 view
2836 3706 2902 3761 ἢν
2958 3704 3033 3758 ἂν,
3066 3702 3310 3761 βούλοιτό
3342 3718 3507 3761 τισιν,
3539 3701 3628 3752 οὐκ
3672 3694 3717 3758 ἐξ

1163 3409 1394 3467 ALIUD.

568 3517 625 3572 Si
656 3518 916 3575 Servator
946 3536 1074 3577 vere
1100 3522 1253 3589 dicit,
1289 3543 1309 3574 ‹
1346 3522 1538 3581 Omnia
1564 3526 1693 3581 mihi
1724 3530 1918 3584 tradita
1945 3540 2076 3585 sunt

490 3627 521 3663 a
550 3609 796 3677 Patre”,
844 3631 865 3665 ι
903 3614 955 3668 in
986 3614 1241 3671 omnibus
1269 3632 1397 3672 vero
1424 3619 1741 3675 continetur
1787 3622 1973 3687 etiam,
2010 3634 2072 3678 ut

488 3703 717 3772 gratiam
748 3705 1162 3776 quibuscumque
1204 3708 1355 3770 velit,
1400 3709 1654 3765 conferre
1706 3714 1879 3782 possit
1914 3733 1927 3768 :
1961 3731 2066 3770 non

488 3813 619 3865 ergo
668 3796 1038 3867 impotentiam
1097 3815 1250 3854 suam
1308 3802 1469 3857 dandi
1504 3804 1702 3873 arguit,
1740 3822 1862 3861 cum
1913 3809 2065 3874 dicit,

494 3906 515 3937 ι
553 3886 675 3942 Non
702 3898 785 3944 est
813 3906 989 3945 meum
1030 3893 1179 3955 dare,
1228 3912 1247 3946 ι
1283 3894 1379 3949 sed
1423 3895 1853 3953 incarnationem
1890 3903 2066 3969 respi-

488 3981 584 4035 cit.

2172 3624 2329 3694 εδόθη
2363 3620 2467 3675 ὑπὸ
2502 3618 2597 3673 τοῦ
2637 3615 2849 3688 Πατρός
2884 3631 3009 3685 μου,
3047 3631 3065 3664 ι
3100 3613 3158 3664 ὲν
3191 3610 3247 3663 δὲ
3279 3612 3394 3673 τοῖς
3440 3606 3595 3661 πᾶσίν
3625 3606 3720 3656 ἐστι

2172 3717 2264 3771 καὶ
2288 3716 2348 3768 τὸ
2391 3712 2590 3767 διδόναι
2626 3711 2786 3781 χάριν
2836 3706 2902 3777 ἢν
2958 3704 3033 3758 ἂν,
3065 3702 3310 3774 βούλοιτό
3342 3718 3507 3803 τισιν,
3539 3701 3628 3752 οὐκ

2172 3806 2455 3868 ἀσθενείας
2504 3805 2728 3873 ἔφησεν,
2759 3820 2777 3853 ι
2821 3799 2936 3852 Οὐκ
2972 3798 3118 3850 ἔστιν
3161 3795 3293 3865 ἐμὸν
3329 3793 3545 3858 δοῦναι,
3579 3810 3595 3843 ι
3622 3793 3704 3843 αλλ

2172 3900 2285 3972 ἔχει
2317 3899 2472 3967 λόγον
2498 3894 2807 3966 οἰκονομίας
2840 3892 2899 3945 τὸ
2933 3893 3109 3962 ῥῆμα.

2860 4093 3066 4146 ΑΛΛΟ.

2252 4214 2311 4267 Ὃ
2364 4212 2649 4284 προφήτης
2716 4209 2941 4272 Ἡσαΐας
3000 4206 3125 4270 τοὺς
3179 4206 3306 4277 περὶ
3359 4206 3451 4258 τοῦ
3498 4202 3713 4299 Σωτῆρος
3813 4198 3815 4299 ς

1158 4099 1391 4158 ALIUD.

561 4208 832 4278 P'opheta
880 4212 1052 4267 Isaias
1078 4213 1149 4269 de
1179 4214 1473 4270 Senatore
1509 4215 1735 4286 loquens
1765 4218 1971 4274 alicubi
1992 4218 2071 4272 ita

490 4301 778 4356 manifeste
803 4304 880 4357 ait
904 4323 917 4358 :
952 4322 971 4356 ι
998 4307 1293 4373 Propterea
1323 4309 1436 4376 ipse
1460 4308 1829 4364 dominabitur
1858 4310 2064 4375 multis,

490 4405 545 4447 et
577 4394 795 4449 fortium
829 4396 997 4463 spolia
1042 4399 1339 4467 partietur,
1364 4402 1622 4469 quoniam
1660 4403 1858 4456 tradita
1893 4416 1975 4458 est
2011 4404 2063 4456 in

2172 4306 2495 4375 ποιούμενος
2546 4303 2766 4371 λόγους,
2807 4300 2939 4370 φησί
2985 4317 3089 4353 που
3134 4298 3351 4367 σαφῶς*
3394 4317 3411 4349 ι
3447 4296 3539 4349 Διά
3582 4292 3714 4347 τοῦτο

2170 4398 2331 4461 αὐτὸς
2369 4395 2650 4468 κυριεύσει
2705 4392 2937 4456 πολλῶν,
2984 4392 3079 4447 καὶ
3131 4390 3241 4443 τῶν
3292 4389 3521 4461 ἰσχυρῶν
3566 4385 3713 4456 μεριεί

489 4497 718 4541 mortem
744 4489 924 4542 anima
953 4488 1181 4558 ejus”.r
1207 4489 1264 4546 Si
1297 4507 1429 4563 ergo
1468 4494 1582 4562 ipse
1600 4495 1839 4550 honores
1859 4496 2065 4550 sanctis

2181 4490 2365 4553 σκῦλα,
2414 4489 2529 4541 ἀνθ’
2562 4482 2636 4541 ὧν
2682 4485 2957 4556 παρεδόθη
2990 4486 3069 4547 εἰς
3123 4483 3353 4537 θάνατον
3392 4485 3422 4552 ή
3458 4480 3591 4550 ψυχὴ
3635 4478 3711 4530 αύ-

490 4578 803 4647 «Ιὶειι-ἰὺιιίι,
836 4583 1110 4650 quomodo
1143 4584 1388 4639 dicemus
1419 4600 1543 4639 eum
1595 4602 1699 4641 non
1748 4602 1907 4656 posse
1932 4587 2065 4642 dare

489 4671 796 4736 petentibus
826 4688 944 4741 quae
988 4674 1167 4729 velit?
1198 4675 1264 4730 Et
1288 4677 1332 4731 si
1384 4674 1544 4730 Pater
1571 4679 1752 4731 omnia
1808 4689 2066 4747 operatur

490 4777 587 4830 per
615 4761 829 4829 Filium,
862 4780 1027 4819 unum
1072 4783 1202 4822 vero
1232 4768 1474 4822 omnium
1506 4777 1609 4832 est,
1649 4770 1974 4823 distribuere
2011 4780 2065 4824 et

491 4851 672 4921 largiri
716 4857 919 4910 sanctis
968 4857 1140 4923 dona,
1194 4858 1308 4927 ipse
1357 4869 1509 4915 certe
1560 4861 1666 4914 erit
1716 4863 1807 4926 qui
1838 4860 2065 4930 largitur

490 4952 653 5013 atque
680 4944 975 5013 distribuit,
1009 4946 1228 5004 Patrem
1260 4949 1314 5003 in
1350 4950 1530 5020 seipso
1566 4950 1792 5004 habens.

490 5161 789 5232 Explicalio
815 5169 1148 5235 apertissima
1170 5171 1321 5234 dicti,
1355 5171 1509 5225 (Non
1548 5183 1620 5226 est
1656 5189 1824 5226 meum
1851 5172 2002 5234 dare,
2037 5189 2055 5222 ι

870 5248 915 5291 ει
938 5243 1198 5308 quomodo
1228 5241 1449 5309 intelligi
1471 5244 1677 5297 debeat.

562 5347 821 5403 Servatur
845 5360 1032 5406 noster
1055 5351 1211 5407 Jesus
1250 5354 1501 5409 Christus
1526 5357 1820 5421 discipulos
1860 5359 2063 5412 adhor-

2170 4584 2283 4638 τοῦ.
2316 4602 2333 4635 ι
2366 4584 2429 4635 Ei
2461 4583 2641 4634 τοίνυν
2691 4579 2857 4641 αὐτὸς
2902 4578 3216 4648 ὲπιμερίξει
3261 4580 3377 4639 τοῖς
3425 4574 3587 4639 ἁγίοις
3629 4570 3709 4627 τὰς

2172 4677 2362 4747 τιμὰς.
2395 4674 2513 4738 πῶς
2541 4675 2701 4727 αὐτὸν
2746 4671 2977 4743 ἐροῦμεν
3016 4673 3090 4743 μὴ
3137 4671 3397 4724 δύνασθαι
3443 4665 3709 4737 παρασχεῖν

2158 4772 2294 4841 ὅπερ
2330 4769 2397 4823 ἂν
2426 4765 2664 4836 βούλοιτό
2690 4781 2835 4829 τισι;
2870 4765 2982 4818 Καὶ
3020 4766 3067 4816 εἰ
3107 4764 3284 4816 πάντα
3311 4766 3338 4816 ό
3374 4761 3551 4831 Πατὴρ
3578 4754 3707 4826 ἐργά-

2161 4858 2314 4923 ζεται
2337 4856 2405 4910 δι’
2425 4854 2578 4918 Υίοῦ,
2610 4854 2668 4908 ἓν
2693 4854 2750 4907 δὲ
2772 4853 2882 4907 τῶν
2912 4852 3131 4906 πάντων
3167 4853 3285 4904 ἐστὶ
3308 4855 3401 4905 καὶ
3423 4852 3477 4903 τὸ
3504 4848 3707 4911 διανέμε-

2164 4950 2291 5003 σθαι
2317 4951 2429 5011 toi;
2475 4947 2653 5013 ἁγίοις
2687 4948 2757 5000 τά
2797 4947 2963 5017 γέρα,
2989 4946 3151 5007 αὐτὸς
3201 4943 3353 4997 ἔσται
3391 4941 3542 4997 πάλιν
3578 4940 3602 4990 ὁ
3644 4936 3705 4988 δι·

2162 5041 2307 5104 δοὺς,
2332 5040 2472 5110 ἔχων
2507 5041 2564 5092 ὲν
2597 5039 2776 5109 ἐαυτῷ
2800 5039 2891 5090 τὸν
2928 5037 3166 5107 Πατέρα.

2172 5177 2363 5240 Λύσις
2390 5175 2495 5228 τοῦ
2513 5174 2726 5242 ῥητοῦ.
2752 5194 2769 5250 ς
2804 5177 2943 5250 Οὐκ.
2960 5172 3128 5225 ἔστιν
3152 5171 3307 5250 ’ἐμὸιν
3323 5170 3590 5250 famur.)
3621 5159 3697 5211 καὶ

2292 5246 2450 5312 ὅπως
2488 5240 2635 5299 αὐτὸ
2666 5244 2783 5313 χρὴ
2819 5244 2980 5297 νοεῖν
3009 5241 3214 5311 σαφὴς
3252 5240 3614 5294 διδασκαλία.

2240 5358 2345 5411 Τοῦ
2394 5357 2642 5426 Σωτῆρος
2689 5356 2846 5425 ἡμῶν
2905 5352 3141 5424 Χριστοῦ
3192 5350 3566 5422 παραινοῦντος
3606 5339 3695 5396 τοῖς

493 5447 615 5493 laus
654 5452 711 5492 ut
752 5441 883 5494 nihil
921 5458 1142 5512 prorsus
1176 5460 1363 5499 eorum
1403 5461 1523 5513 qua:
1578 5445 1631 5499 in
1668 5447 1766 5500 hac
1804 5449 1910 5499 vita
1945 5460 2070 5501 stunt

2181 5450 2463 5518 μαθηταῖς,
2485 5448 2546 5500 τὸ
2578 5447 2741 5517 μηδὲν
2770 5445 2907 5508 ὅλως
2939 5445 3046 5497 τῶν
3075 5448 3130 5497 ἐν
3154 5444 3287 5513 τῷδε
3314 5441 3388 5511 τῷ
3414 5439 3505 5510 βίῳ
3533 5445 3696 5495 κεκτη-

492 5536 958 5601 appetereut,sed
1019 5537 1197 5606 potius
1245 5546 1675 5602 contemnerent,
1712 5549 1877 5608 atque
1927 5540 2068 5594 imli-

2173 5539 2297 5592 σθαι
2338 5538 2532 5603 θέλειν,
2561 5538 3024 5609 ἀφιλοχρηματεῖν
3055 5536 3110 5588 δὲ
3158 5535 3376 5605 μᾶλλον,
3413 5530 3499 5584 καὶ
3530 5529 3691 5592 ἀπεριο

564 5714 616 5747 ⁸³
656 5716 844 5771 Matth.
885 5734 995 5781 xix,
1021 5717 1113 5774 28.
1191 5719 1235 5752 “
1263 5718 1453 5775 Matth.
1480 5734 1557 5783 λι,
1583 5717 1674 5771 27.
1752 5718 1797 5749 ⁸⁸
1833 5717 1934 5772 lsa.
1966 5736 2081 5785 Lm,
2131 5720 2194 5775 l2
