3878 6208
137 324 268 420 εει-1

1579 317 2015 377 TIIESAURUS.

3329 335 3433 388 M8

159 437 425 496 σπάστως
454 429 839 502 προσεδρεύειν
870 428 1011 499 θεῷ,
1030 428 1186 490 ὅλους
1211 446 1271 481 τε
1290 427 1347 493 ἐξ
1374 428 1510 483 ὅλων
1534 429 1751 481 ἀνακεῖ-

1862 433 2007 488 vulse
2032 434 2145 490 Deo
2184 436 2641 503 adhaerescerent,
2672 446 2925 507 lotosque
2975 453 3034 493 se
3067 440 3235 494 cultui
3268 441 3436 510 ipsius

162 530 294 581 σθαι
323 528 389 595 τῇ
424 525 503 587 είς
533 523 695 575 αὐτὸν
722 522 973 592 λατρεία,
1009 522 1104 574 καὶ
1134 521 1397 574 πλουσίαν
1419 521 1510 573 ἐπὶ
1541 520 1752 584 τούτοις

159 616 470 673 ἀποδώσειν
529 612 1003 684 ἐπαγγελλομένου
1049 611 1215 683 τιμὴν
1258 614 1370 675 τοῖς
1424 612 1751 680 φυλάττουσι

160 711 266 780 τὴν
316 706 537 776 ἐντολὴν
568 745 582 768 ,
638 705 947 775 προσῆλθον
992 704 1278 771 λέγοντεςο
1332 723 1349 755 ι
1395 704 1528 756 Ἰδοὺ
1590 706 1753 774 ἡμεῖς

161 802 462 870 ἀφήκαμεν
505 797 704 858 πάντα,
751 797 846 848 καὶ
896 794 1347 866 ἠκολουθήσαμέν
1393 812 1496 856 σοι,
1551 796 1603 848 τί
1646 796 1754 867 ἄρα

164 894 508 962 ἑτταιὴμῖν;
547 910 564 941 ι
602 890 743 960 Πρὸς
788 887 991 958 ταύτην
1026 887 1205 940 αὐτῶν
1246 886 1345 957 τὴν
1381 887 1577 940 πεῦσιν
1620 890 1753 941 ἀπο-

166 985 414 1055 κρίνεται
467 981 734 1053 Χριστός·
766 998 784 1030 t
826 981 1016 1050 Ὑμεῖς
1064 981 1113 1031 ot
1164 979 1632 1049 ἀκολουθήσαντές
1664 997 1753 1049 μοι

167 1082 228 1129 ἐν
256 1081 323 1148 τῆ
349 1074 758 1145 παλιγγενεσία,
777 1074 906 1127 ὅταν
933 1073 1130 1145 καθίσῃ
1154 1075 1182 1125 ὁ
1199 1073 1325 1136 Υἱὸς
1348 1073 1443 1125 τοῦ
1462 1072 1752 1143 ἀνθρώπου

168 1171 266 1223 ἐπὶ
304 1170 495 1241 θρόνου
526 1166 685 1238 δόξης
748 1164 963 1229 αὑτοῦ,⁸
995 1165 1289 1218 καθίσεσθε
1322 1165 1418 1218 καὶ
1464 1167 1621 1235 ὑμεῖς
1661 1162 1754 1218 ἐπὶ

166 1262 380 1315 δώδεκα
429 1259 676 1331 θρόνους,
732 1259 1011 1329 κρίνοντες
1042 1258 1142 1321 τὰς
1184 1258 1392 1310 δώδεκα
1444 1256 1615 1325 φυλὰς
1660 1255 1752 1308 τοῦ

182 1351 423 1423 Ἰσραήλ.
453 1370 470 1396 ι
496 1350 713 1419 Ταύτην
744 1351 791 1401 οἱ
824 1348 1112 1401 Ζεϐεδαίου
1143 1348 1332 1409 παῖδες
1369 1348 1468 1417 τὴν
1517 1349 1755 1414 ἐπαγγε-

167 1442 292 1494 λίαν
322 1442 654 1502 ἀκούσαντες
691 1435 854 1509 ἦλθον
886 1439 965 1502 εἰς
1014 1436 1310 1507 ἐπιθυμίαν
1348 1439 1408 1491 οὐ
1441 1438 1754 1507 πρέπουσαν

170 1534 376 1594 αὐτοῖς.
412 1532 486 1583 Τὸ
520 1530 629 1600 γάρ
655 1531 790 1581 πᾶσι
835 1531 951 1589 τοῖς
984 1527 1255 1598 μαθηταῖς
1284 1526 1546 1599 προτεθὲν
1578 1526 1653 1589 ὼς
1697 1528 1754 1577 ἐν

170 1622 377 1693 αμοιὸᾖ
428 1622 526 1691 τῆς
578 1621 713 1691 πρὸς
762 1620 854 1672 τὸν
913 1619 1146 1688 Χριστὸν
1196 1619 1429 1680 εὐνοίας,
1491 1619 1756 1685 ἁρπάζειν

170 1718 365 1787 ἤθελον
403 1715 553 1785 μόνοι
572 1730 585 1745 ·
622 1713 760 1766 αίδοῖ
788 1712 844 1765 δὲ
873 1711 965 1764 τοῦ
999 1712 1073 1781 μὴ
1099 1712 1273 1764 δοκεῖν
1302 1711 1569 1780 ἐπιθυμία
1599 1710 1755 1777 δόξης

1855 539 2263 595 consecrarent,
2299 544 2421 583 cum
2459 531 2731 600 ingentem
2766 532 3025 586 honorem
3061 533 3436 589 observatori-

1853 621 1956 673 bus
1984 620 2236 689 praecepti
2275 622 2357 674 sui
2406 621 2775 688 polliceretur,
2802 633 3147 677 accesserunt
3182 624 3433 693 discipuli

1854 712 2132 765 dicentes:
2179 730 2197 762 ι
2239 711 2378 767 Ecce
2426 728 2524 767 nos
2566 713 2879 781 reliquimus
2922 716 3126 777 omnia,
3175 726 3229 769 et
3265 719 3436 770 secuti

1854 820 2040 858 sumtis
2066 815 2154 861 te:
2190 806 2318 875 quid
2345 819 2475 874 ergo
2498 806 2601 858 erit
2637 808 2792 860 nobis
2815 807 2901 860 '5?
2927 828 2944 859 ι
2973 810 3051 861 Atl
3084 808 3223 861 hanc
3247 824 3434 861 eorum

1854 897 2336 966 interrogationem
2365 899 2660 963 respondet
2692 898 2943 952 Christus
2972 917 2986 954 :
3027 899 3131 952 Vos
3153 903 3241 971 qui
3265 901 3435 953 secuti

1854 991 1988 1043 estis
2020 1006 2124 1054 tne,
2153 989 2315 1061 245
2339 991 2392 1043 in
2427 991 2512 1043 illa
2547 993 2955 1061 regeneratione
2984 993 3197 1058 quando
3224 994 3437 1047 Sedebit

1855 1081 2030 1135 Filius
2070 1083 2305 1135 hominis
2332 1083 2381 1134 in
2418 1080 2612 1136 throno
2664 1084 2848 1150 gloria:
2910 1100 3042 1145 suae,
3094 1085 3354 1139 sedebitis
3386 1093 3438 1140 et

1854 1189 1951 1225 vos
1996 1189 2161 1241 super
2191 1175 2475 1228 duodecim
2516 1177 2761 1239 thronos,
2808 1175 3114 1241 iudicantes
3148 1179 3434 1231 duodecim

1856 1266 2029 1319 tribus
2052 1265 2218 1319 Israel
2241 1265 2346 1320 ".t
2385 1266 2532 1319 Hanc
2558 1266 2970 1333 promissionem
3008 1282 3127 1320 cum
3161 1268 3438 1321 audissent

1857 1358 1950 1410 lilii
1971 1356 2238 1419 Zeltetlmi,
2274 1359 2570 1427 cupiditate
2604 1359 2860 1426 quadam,
2887 1373 3007 1426 quae
3037 1360 3182 1426 ipsos
3208 1376 3310 1412 non
3342 1359 3436 1413 tle-

1855 1450 2033 1511 Cebat,
2068 1451 2315 1503 succensi
2349 1462 2496 1504 sunt.
2544 1450 2672 1501 [Nam
2704 1451 2846 1516 quod
2874 1451 3125 1503 omnibus
3155 1451 3436 1519 discipulis

1858 1538 2019 1591 veluti
2055 1541 2333 1607 prmmittm
2385 1539 2779 1594 benevolentiae
2814 1554 2939 1607 erga
2997 1540 3268 1592 (Iltristum
3307 1557 3428 1605 pro-

1857 1630 2091 1696 positum
2134 1637 2275 1693 erat,
2307 1630 2405 1684 soli
2441 1632 2734 1698 pra‘ripere
2766 1630 3115 1683 nitebantur:
3150 1632 3306 1683 Veriti
3338 1645 3438 1683 au-

1858 1732 1965 1775 tem
2019 1738 2087 1776 ne
2126 1723 2303 1776 inanis
2339 1723 2524 1792 gloria:
2554 1724 2826 1775 desidet-io
2855 1722 3066 1776 incitari
3100 1725 3437 1787 viderentur,

168 1806 441 1879 ἡττῆσθαι
497 1804 684 1874 κενῆς.
742 1804 897 1856 αὐτοὶ
934 1803 1032 1869 μὲν
1077 1802 1324 1856 σιωπῶσι
1354 1802 1415 1854 τὸ
1464 1802 1603 1854 κατὰ
1629 1800 1752 1853 νοῦν

1862 1816 1957 1884 ipsi
1986 1816 2205 1885 quidem
2243 1816 2428 1877 silent,
2462 1831 2635 1883 neque
2661 1816 2901 1867 animum
2938 1830 3094 1868 Sttllttt
3131 1816 3437 1875 declarant.

168 1903 273 1953 οὐκ
329 1898 699 1968 ἐκφαίνοντες,
747 1895 1018 1949 διακονεῖν
1066 1896 1123 1948 δὲ
1162 1896 1343 1958 αὐτοῖς
1382 1894 1481 1965 τὴν
1545 1893 1755 1964 μητέρα

170 1993 311 2061 πρὸς
358 1990 519 2044 τοῦτο
570 1989 1077 2061 παρασκευάζουσι.
1110 1990 1221 2041 Καὶ
1268 1987 1332 2056 δὴ
1379 1984 1758 2057 προσελθοῦσα

172 2104 372 2155 φησιν·
409 2105 427 2137 t
454 2084 591 2137 Εἰπὲ
622 2083 708 2138 ἵνα
739 2085 789 2135 οἱ
819 2083 913 2134 δύο
962 2083 1066 2134 υἱοί
1101 2098 1202 2151 μου
1236 2080 1536 2133 καθίσωσιν
1573 2072 1652 2141 εἷς
1692 2080 1756 2130 ἐκ

168 2177 363 2244 δεξιῶν
408 2194 539 2241 σου,
584 2176 680 2229 καὶ
717 2168 797 2237 εἷς
849 2172 910 2237 ἐξ
947 2172 1243 2242 εὐωνύμων
1293 2189 1407 2224 σου.
1454 2193 1470 2222 ο
1506 2172 1756 2223 Φαίνεται

169 2272 357 2324 τοίνυν
393 2269 481 2323 διὰ
514 2266 740 2327 τούτων,
790 2265 850 2319 τὸ
892 2267 1025 2318 πᾶσι
1063 2263 1530 2335 χρεωστούμενον,
1576 2263 1759 2331 μόνοις

174 2362 497 2434 ἁρπάζουσα
541 2362 651 2422 τοῖς
683 2357 885 2426 ἐαυτῆς
929 2357 1116 2408 παισὶν
1155 2355 1188 2425 ἡ
1231 2354 1388 2423 γυνή.
1439 2354 1501 2406 Εἰ
1535 2353 1644 2423 γὰρ
1682 2353 1757 2424 μὴ

172 2454 332 2508 τοῦτό
377 2455 515 2518 ἐστι,
554 2454 703 2503 ποῖον
751 2450 864 2520 ἔχει
918 2447 1100 2515 λόγον,
1138 2446 1199 2499 τὸ
1253 2446 1351 2516 ἠδη
1405 2446 1555 2499 δοθέν
1601 2442 1759 2508 αὖθις

174 2545 513 2619 προσιοῦσαν
567 2545 773 2609 αἱτεῖν;
838 2542 947 2594 Καὶ
1004 2540 1161 2593 αὐτοὶ
1215 2540 1323 2610 γὰρ
1376 2534 1517 2609 ἦσαν
1550 2541 1609 2590 ἐν
1645 2540 1758 2601 τοῖς

175 2636 500 2700 ἀκούσασιν,
536 2653 553 2685 ι
586 2634 777 2704 Ὑμεῖς
811 2634 861 2684 oi.
890 2630 1356 2699 ἀκολουθήσαντές
1400 2647 1509 2700 μοι,
1536 2629 1757 2682 καθίσε-

177 2728 272 2781 σθε
303 2729 395 2780 ἐπὶ
415 2726 622 2779 δώδεκα
656 2724 899 2796 θρόνους.
933 2741 950 2773 ι
985 2720 1153 2784 Εἰδὼς
1179 2722 1235 2775 δέ
1256 2724 1284 2774 ὁ
1314 2720 1505 2791 Σωτὴρ
1530 2720 1605 2784 ὡς
1627 2720 1759 2784 Θεὸς

174 2823 228 2873 τί
257 2821 323 2891 ἦν
353 2821 412 2871 ἐν
440 2817 518 2888 τῷ
552 2815 848 2887 ἀνθρώπῳ,
881 2815 1267 2885 προσκαλεῖται
1309 2814 1408 2884 μὲν
1438 2815 1565 2876 τοὺς
1597 2814 1759 2867 Ζεϐε-

174 2914 327 2968 δαίου
364 2912 579 2976 παῖδας,
630 2910 918 2978 ἀποτόμως
956 2908 1012 2960 δέ
1056 2907 1156 2959 οὐκ
1198 2906 1411 2976 ἐλέγχει
1460 2906 1759 2975 φιλάγαθος

175 3006 275 3071 ῶν,
310 3006 398 3058 ἵνα
425 3006 500 3074 μὴ
537 3003 616 3073 τῷ
647 3002 801 3072 βάρει
841 3000 939 3071 τῆς
968 2999 1147 3070 λύπης
1180 2998 1417 3072 βαπτίσῃ
1465 3001 1600 3070 πρὸς
1624 2999 1757 3053 ἀθυ-

178 3098 311 3168 μίαν
330 3116 342 3127 '
372 3095 612 3157 πιθανῶς
637 3094 693 3146 δέ
726 3109 911 3161 φησιν,
950 3092 1064 3143 Ούκ
1089 3091 1234 3143 ἔστιν
1261 3091 1392 3161 ἐμὸν
1417 3091 1629 3144 δοῦναι·
1664 3092 1759 3145 καὶ

176 3192 236 3238 (ν’-
272 3190 336 3259 δή
398 3205 499 3239 που
550 3186 849 3255 κατηγορεῖ
878 3185 975 3249 τῆς
1024 3180 1220 3236 ἐαυτοῦ
1270 3184 1505 3250 φύσεως,
1547 3183 1621 3245 ὡς
1660 3184 1761 3236 οῦκ

178 3278 410 3348 ἐχούσης
445 3277 506 3327 τὸ
544 3272 805 3327 δύνασθαι
849 3273 1158 3342 παρασχεῖν
1193 3270 1424 3337 (ἄτοπον
1456 3272 1564 3342 γάρ
1593 3273 1761 3335 ὅντως

176 3370 275 3423 καὶ
297 3369 418 3422 λίαν
443 3366 637 3436 εὔηθες
659 3364 800 3417 οὔτω
834 3367 994 3427 νοεῖν,
1014 3363 1170 3432 εἴπερ
1197 3362 1297 3433 ήδη
1328 3363 1576 3431 φαίνεται
1606 3365 1762 3417 τοῦτο

176 3457 547 3530 παρεσχηκὼς
570 3456 663 3509 καὶ
681 3452 1194 3524 ἐπαγγειλάμενος),
1209 3454 1324 3506 ἀλλ’
1343 3454 1551 3525 ἐπειδὴ,
1575 3457 1759 3525 φησὶν,

176 3552 365 3605 ἄδικον
397 3548 613 3618 αἴτησιν
644 3546 739 3599 καὶ
768 3546 924 3615 χάριν
951 3543 1226 3613 τοιαύτην,
1260 3544 1326 3614 ἣν
1350 3546 1448 3597 οὐκ
1481 3547 1604 3615 ἐμοὶ
1629 3547 1761 3616 πρέ-

177 3661 272 3695 πει
304 3642 629 3712 παρασχεῖν,
673 3636 985 3706 ἐπιζητεῖτε
1011 3636 1216 3699 λαϐεῖν,
1251 3656 1268 3687 t
1307 3637 1420 3689 Οὐκ
1448 3638 1593 3689 ἐστιν
1629 3639 1761 3706 ἐμὸν

176 3734 382 3787 δοῦναι.
420 3752 437 3783 ›
471 3732 601 3801 Εἰμὶ
634 3730 743 3801 γὰρ
781 3730 988 3790 δίκαιος
1041 3728 1254 3799 κριτὴς,
1303 3729 1398 3780 καὶ
1428 3728 1564 3799 πρὸς
1606 3729 1762 3795 ἀξίαν

176 3828 291 3887 τοῖς
326 3824 561 3877 ἑκάστου
593 3822 775 3885 πόνοις
802 3819 1107 3883 ἀποδιδοὺς,
1140 3818 1213 3883 ὡς
1236 3822 1293 3872 ἐν
1323 3819 1634 3890 ὀφλήματος
1663 3826 1760 3876 τά·

179 3915 262 3982 ξει
299 3914 368 3966 τὰ
406 3911 565 3982 γέρα.
600 3910 808 3972 Ἀλλως
850 3925 908 3960 τε
962 3907 1119 3970 δόξαν
1160 3908 1447 3977 ἐνομίσατε
1503 3911 1663 3978 κενὴν
1703 3910 1763 3962 τὸ

179 4005 408 4059 καθίσαι
442 4006 505 4056 ἐκ
546 4000 735 4065 δεξιῶν
772 4017 870 4071 μου
921 3998 1015 4052 καὶ
1046 3997 1105 4062 ἐξ
1156 3998 1480 4069 εὐωνύμων*
1523 3999 1635 4052 ἀλλ’
1662 4001 1763 4053 οὐκ

178 4100 328 4152 ἐστιν
375 4097 509 4167 ἐμὸν
553 4094 710 4148 τοῦτο
767 4096 1090 4163 παρασχεῖν.
1140 4092 1196 4143 Ὀ
1240 4092 1349 4163 γὰρ
1379 4092 1644 4147 διδάσκων
1686 4095 1761 4166 μὴ

178 4193 378 4253 νοσεῖν,
414 4189 511 4241 οὐκ
541 4188 605 4241 ἂν
635 4187 793 4249 αὐτὸς
814 4187 968 4240 νόσον
1003 4185 1209 4255 ἐπιδοίη
1238 4186 1371 4238 τινί·
1403 4184 1591 4256 ῶσπερ
1625 4186 1690 4238 ἂν
1714 4188 1762 4239 εἰ

178 4282 242 4338 τδ
280 4280 395 4351 πῦρ
432 4280 509 4351 τῷ
538 4278 948 4348 καταψύχεσθαι
982 4276 1311 4349 βουλομένῳ,
1358 4279 1451 4331 καὶ
1483 4279 1639 4331 τοῦτο
1673 4281 1761 4332 αἰ-

178 4375 368 4429 τοῦντι
427 4374 557 4445 παρ’
589 4371 781 4434 αὐτοῦ,
825 4370 993 4439 λέγοι,
1026 4371 1138 4422 Ούκ
1164 4369 1311 4423 ἔστιν
1338 4371 1467 4440 ἐμὸν
1512 4371 1539 4424 ὃ
1581 4372 1760 4441 ζητεῖς

1860 1910 2049 1961 matris
2100 1923 2226 1960 vero
2261 1923 2359 1975 ope
2397 1916 2644 1969 tttttntur,
2693 1920 2814 1974 quae
2850 1905 3122 1959 Christum
3157 1922 3433 1973 aggressa,

1859 2001 1970 2053 ait:
2011 2019 2029 2051 ‹
2064 2002 2157 2054 Dic
2182 2010 2239 2052 ιιι
2272 2001 2376 2052 duo
2414 1998 2506 2051 lilii
2540 2000 2639 2049 mei
2680 1999 2925 2059 sedeant,
2964 2013 3100 2049 unus
3148 2014 3175 2048 a
3232 1999 3437 2050 dextris

1861 2092 1983 2147 tuis.
2012 2102 2058 2143 et
2095 2107 2233 2142 unus
2264 2108 2290 2141 ιι
2322 2090 2560 2141 sinistris
2595 2089 2722 2141 tuis.
2762 2108 2778 2137 ι
2816 2089 3013 2155 Aperte
3037 2103 3167 2153 ergo
3200 2089 3283 2141 bis
3313 2105 3436 2140 ver-

1860 2186 1941 2239 bis
1970 2187 2180 2236 videtur
2212 2184 2425 2244 mulier,
2461 2182 2513 2233 itl
2547 2182 2688 2249 qttotl
2726 2182 2979 2235 omnibus
3024 2183 3273 2243 debetur,
3305 2182 3437 2233 solis

1861 2276 1984 2329 [iliis
2041 2277 2156 2327 suis
2188 2288 2381 2341 capere
2429 2271 2586 2325 velle.
2639 2268 2774 2323 Nam
2806 2270 2851 2323 si
2900 2271 3001 2323 hoc
3039 2284 3144 2322 non
3195 2278 3298 2331 est,
3331 2284 3436 2336 qua

1861 2361 2161 2428 rationeid
2218 2362 2360 2429 quod
2388 2358 2503 2426 jam
2550 2359 2737 2413 datunt
2794 2368 2914 2412 erat
2958 2374 3146 2412 rursus
3175 2360 3440 2411 accedens

1860 2453 2037 2524 petit?
2064 2451 2343 2520 Siquidem
2377 2461 2429 2503 et
2464 2450 2563 2518 ipsi
2597 2460 2751 2503 erant
2783 2450 2835 2501 iu
2864 2464 3088 2501 numero
3110 2463 3295 2501 eorum
3345 2449 3437 2517 qui

1861 2541 2149 2595 audierant
2208 2539 2486 2593 Christum
2543 2540 2850 2592 dicentem:
2897 2557 2915 2589 ι
2959 2536 3066 2591 Vos
3124 2539 3212 2606 qui
3267 2539 3436 2590 secuti

1860 2633 1993 2689 estis
2023 2648 2128 2695 me,
2160 2632 2420 2686 setlebitis
2456 2645 2621 2699 super
2661 2631 2946 2684 duodecim
2978 2631 3223 2683 thronos.
3261 2647 3280 2679 ι
3309 2630 3440 2682 Ser-

1860 2736 2015 2779 vator
2042 2739 2193 2784 vero.
2223 2738 2347 2776 cum
2376 2723 2733 2791 perspiceret,
2754 2732 2813 2775 ut
2838 2720 2999 2788 Deus,
3028 2720 3249 2773 humani
3273 2719 3438 2772 animi

1861 2834 2131 2881 recessus,
2166 2817 2303 2870 ﬁlios
2334 2814 2576 2870 Zebedaai
2612 2816 2678 2868 ad
2707 2830 2765 2869 se
2800 2822 2979 2879 vocat,
3015 2813 3316 2880 leniterque
3346 2827 3443 2865 eos

1860 2926 1960 2980 pro
1988 2927 2082 2963 sua
2134 2910 2376 2964 bonitate
2424 2908 2796 2978 reprehendit,
2826 2922 2895 2961 ne
2924 2906 3193 2974 gravitate
3238 2905 3443 2958 doloris

1862 3020 2048 3059 eorum
2104 3001 2272 3056 animi
2330 3009 2817 3055 consternarentur
2848 3016 2861 3051 :
2896 3002 3249 3065 modesteque
3285 2996 3441 3059 dicit,

1864 3112 1971 3149 non
2003 3109 2126 3149 esse
2160 3108 2318 3148 suum
2344 3093 2506 3156 dare;
2531 3105 2704 3158 neque
2722 3105 2851 3144 vero
2883 3098 3088 3143 naturae
3117 3104 3227 3141 sua:
3266 3088 3441 3157 impo-

1866 3187 2091 3242 tentiam
2128 3186 2327 3253 arguit,
2359 3184 2514 3253 quasi
2543 3183 2670 3236 illtnl
2697 3183 2827 3236 dare
2850 3197 2954 3235 non
2986 3189 3167 3249 posset
3195 3180 3440 3250 (stultum

1862 3278 2009 3331 enim
2052 3285 2218 3343 atque
2252 3273 2550 3329 absurdum
2590 3270 2759 3325 fuerit
2797 3271 2847 3323 id
2883 3271 3145 3339 cogitare,
3179 3286 3300 3323 cum
3327 3269 3440 3338 jam

1862 3369 2120 3425 omnibus
2145 3368 2196 3421 id
2226 3373 2281 3419 et
2312 3365 2527 3419 dedisse
2559 3371 2614 3417 et
2645 3361 2961 3432 promisisse
3009 3363 3314 3430 cernatur),
3347 3363 3441 3414 sed

1862 3460 2117 3530 quoniam
2171 3458 2412 3526 iniquam
2473 3453 2817 3523 petitionem,
2863 3462 2918 3505 et
2952 3453 3150 3505 donum
3180 3452 3322 3520 quod
3356 3467 3442 3504 me

1865 3568 1971 3608 non
2012 3552 2188 3615 decet,
2226 3550 2382 3602 vobis
2419 3546 2600 3617 largiri
2649 3545 2856 3616 petitis,
2892 3544 3089 3612 inquit,
3137 3562 3155 3595 ι
3206 3542 3321 3595 Non
3360 3551 3443 3596 est

1865 3658 2042 3697 meum
2068 3642 2217 3695 dare.
2253 3659 2270 3691 ι
2305 3638 2437 3693 Sunt
2471 3639 2615 3692 enim
2647 3636 2826 3704 justus
2847 3637 3037 3704 judex,
3064 3646 3117 3688 et
3143 3651 3238 3703 pro
3267 3635 3444 3702 digiti-

1867 3746 1977 3789 tate
2006 3732 2430 3801 uniuscujusque
2471 3730 2750 3783 laboribus
2787 3728 3007 3798 prtemia
3042 3727 3207 3781 veluti
3245 3742 3307 3779 ex
3344 3728 3442 3777 de-

1864 3827 1976 3882 bito
2032 3823 2298 3894 persolvo.
2344 3823 2424 3877 Ad
2471 3822 2586 3875 bare
2634 3822 2850 3874 inanem
2885 3819 3109 3887 gloriam
3154 3833 3273 3872 esse
3316 3831 3443 3872 ρεη-

1865 3919 2054 3975 sui5tis
2087 3919 2277 3971 sedere
2319 3934 2347 3969 a
2390 3915 2598 3969 dextris
2629 3915 2765 3967 meis
2795 3924 2850 3966 et
2890 3912 3163 3966 sinistris:
3199 3911 3291 3964 sed
3336 3926 3441 3963 non

1865 4023 1946 4066 est
1990 4026 2168 4065 meum
2200 4010 2301 4062 hoc
2329 4008 2479 4062 dare.
2505 4005 2640 4060 Nam
2676 4007 2766 4076 qui
2799 4007 2957 4060 docet
2992 4003 3444 4074 fugiendumesse

1868 4102 2134 4163 morbum,
2165 4115 2275 4153 non
2301 4100 2450 4151 illtttn
2491 4098 2644 4152 alteri
2667 4095 3373 4162 dederit.Quemadmodum
3398 4099 3442 4148 si

1866 4194 2007 4266 ignis
2040 4193 2088 4246 ei
2119 4192 2209 4260 qui
2242 4190 2552 4260 refrigerari
2595 4190 2761 4259 cupit,
2799 4200 2961 4258 atque
2990 4190 3088 4241 hoc
3116 4189 3182 4241 ab
3209 4188 3322 4256 ipso
3354 4202 3447 4255 pe-

1865 4287 1950 4347 tit,
1979 4282 2146 4346 dicat,
2171 4280 2287 4335 Non
2325 4291 2407 4334 est
2442 4295 2618 4334 meum
2662 4280 2714 4334 id
2751 4280 2893 4349 quod
2936 4279 3074 4347 petis
3129 4278 3223 4332 tibi
3265 4278 3442 4332 dare:

1864 4376 2093 4430 diversa:
2138 4374 2285 4429 enim
2339 4388 2457 4427 sum
2489 4382 2718 4425 naturte.
2758 4371 2889 4425 Cum
2919 4372 3100 4439 itaque
3130 4370 3232 4424 sim
3266 4369 3446 4437 justus

182 4464 461 4521 ἐπιδοῦναί
503 4482 613 4517 σοι·
655 4462 869 4533 φύσεως
899 4462 1004 4533 γὰρ
1030 4461 1222 4532 ἐτέρας
1253 4462 1388 4532 εἰμί.
1427 4464 1643 4527 Δίκαιος
1671 4460 1758 4516 οὖν

1869 4466 2184 4522 certaminis
2206 4464 2514 4534 praefectus,
2546 4479 2649 4518 non
2677 4463 2745 4518 iis
2778 4463 2869 4532 qui
2911 4462 3227 4530 simpliciter
3260 4470 3446 4531 petunt

183 4559 444 4628 ὑπάρχων
473 4553 835 4623 ά,’ωνοθέτης,
854 4553 913 4603 οῦ
944 4554 1054 4613 τοῖς
1076 4550 1317 4604 αἰτοῦσιν
1341 4550 1527 4615 ἁπλῶς
1562 4553 1761 4620 ὀφείλω

183 4651 511 4718 παρασχεῖν,
547 4645 665 4698 οὐδὲ
704 4646 913 4706 πάντας
954 4642 1215 4712 ἀδικήσας
1248 4643 1370 4706 τοὺς
1425 4644 1759 4714 ἀγωνιζομέ-

182 4756 334 4805 νους,
367 4742 447 4802 εἰς
478 4738 571 4791 δύο
606 4737 800 4808 μόνους
854 4738 1195 4803 συνενεγκεῖν
1243 4736 1342 4799 τὰς
1388 4738 1585 4807 τιμάς⁹
1627 4738 1763 4792 ἀλλὰ

180 4834 294 4893 τοῖς
323 4831 553 4883 ἐκάστου
595 4826 1013 4898 κατορθωμασιν
1053 4822 1331 4893 ἁναλῦγως
1379 4826 1671 4880 ἀποδοῦναι
1696 4830 1767 4883 τὰ

182 4921 336 4993 αὐτῷ
392 4921 836 4993 χρεωστούμενα.
871 4920 1126 4972 Ἐκείνων
1166 4915 1257 4972 οὖν
1297 4920 1415 4971 ἐστι
1455 4919 1639 4973 λαϐεῖν
1685 4915 1768 4984 οἷς

180 5014 344 5067 τοῦτο
378 5012 601 5074 δικαίως
628 5011 990 5082 ηὐτρέπισται
1011 5010 1163 5082 παρὰ
1194 5010 1287 5063 τοῦ
1324 5011 1555 5083 Πατρὸς,
1586 5011 1681 5064 τοῦ
1705 5014 1763 5067 ἐν

183 5106 310 5175 ἐμοὶ
359 5105 454 5157 καὶ
503 5104 568 5157 δι’
606 5102 740 5174 ἐμοῦ
790 5103 970 5155 πάντα
1017 5101 1407 5172 ἐργαζομένου.
1448 5103 1656 5157 Οξέσθω
1704 5105 1761 5158 δὲ

188 5195 508 5268 μηδεὶς,δώ
524 5196 583 5248 τὸ
613 5194 774 5247 αὐτὸν
804 5193 1160 5264 μὴδύνασθαι
1194 5197 1513 5263 παρασχεῖν,
1539 5193 1637 5264 τὴν
1665 5196 1759 5249 τοῦ

184 5287 401 5358 Πατρὸς
430 5284 747 5355 ἐπωνυμίαν
776 5285 1145 5356 εἰσφέρεσθαι,
1178 5285 1272 5338 καὶ
1301 5287 1431 5356 παρ’
1461 5286 1625 5339 αὐτοῦ
1652 5290 1764 5352 τοῖς

185 5378 363 5448 ἁγίοις
394 5376 751 5449 ηύτρεπίσθαι
778 5377 957 5445 λέγειν
988 5379 1084 5439 τὰς
1109 5377 1293 5445 τιμάς.
1333 5377 1471 5430 Ἀλλ’
1494 5381 1766 5450 οίκονομι-

184 5471 299 5532 κῶς
324 5487 456 5540 φησι
474 5470 654 5524 τοῦτο’
675 5470 791 5533 ἔθος
823 5470 931 5539 γὰρ
948 5470 1095 5539 αὐτῷ
1120 5471 1227 5523 πᾶν
1248 5471 1386 5541 ὅπερ
1408 5469 1471 5523 ἂν
1503 5472 1761 5544 ὑπερέχοι

183 5562 284 5633 τὴν
306 5560 594 5630 ἀνθρώπου
623 5561 787 5617 φύσιν
820 5561 1128 5627 άναὸαῖνον,
1157 5562 1317 5615 τοῦτο
1343 5562 1653 5618 ἀνατιθέναι
1682 5564 1761 5636 τῷ

258 5738 306 5770 ⁸⁸
346 5736 535 5792 Matth.
578 5752 691 5800 nx,
721 5736 809 5793 9.7.
888 5737 933 5769 ⁸⁷
969 5736 1160 5792 Matth.
1188 5751 1303 5802 nx,
1341 5737 1543 5803 27,28.

1873 4557 2092 4627 praemia
2147 4555 2399 4609 conferre
2454 4554 2647 4619 debeo,
2698 4568 2875 4623 neque
2914 4568 3102 4607 omnes
3147 4563 3445 4608 certatores

1871 4650 2068 4718 injuria
2102 4646 2364 4712 alliciens,
2392 4648 2602 4702 duobus
2646 4647 2774 4702 solis
2820 4648 3080 4701 honorem
3115 4645 3321 4716 largiri,
3349 4646 3444 4701 sed

1870 4740 2294 4812 uniuscujusque
2338 4741 2522 4795 virtuti
2567 4741 2786 4810 prtetnia
2824 4739 3173 4809 proportione
3222 4754 3445 4807 respon-

1867 4833 2051 4889 dentia
2081 4832 2343 4886 tribuere.
2377 4832 2591 4885 Illorum
2625 4831 2789 4901 igitur
2822 4840 2905 4885 est
2940 4830 3210 4897 accipere,
3246 4831 3445 4899 quibus

1868 4926 1971 4980 hoc
1991 4927 2138 4994 juste
2167 4939 2196 4976 a
2240 4924 2400 4978 Patre
2457 4932 2732 4977 servatum
2766 4931 2870 4988 est,
2908 4922 2999 4992 qui
3034 4922 3088 4975 itt
3137 4936 3223 4975 me
3250 4933 3306 4975 et
3348 4935 3447 4990 per

1870 5033 1956 5072 me
1985 5018 2168 5071 omnia
2212 5026 2489 5086 operatur.
2527 5015 2697 5070 Nemo
2731 5025 2910 5069 autem
2939 5015 3239 5078 existimet,
3287 5012 3444 5081 quasi

1868 5106 1983 5176 ipse
2016 5121 2120 5160 non
2152 5108 2323 5176 possit
2357 5106 2505 5169 dare,
2530 5105 2707 5159 Patris
2724 5104 3136 5175 appellationem
3173 5101 3338 5174 246
3359 5104 3445 5155 itt-

1868 5200 2020 5263 ferri,
2069 5209 2231 5267 atque
2281 5198 2348 5251 ab
2397 5196 2513 5265 ipso
2567 5196 2802 5250 honores
2853 5196 3058 5250 sancns
3115 5205 3448 5265 prteparatos

1867 5292 1996 5347 dici.
2031 5291 2138 5345 Sed
2175 5290 2383 5344 ratione
2414 5288 2807 5342 incarnationis
2839 5287 2939 5342 hoc
2970 5287 3102 5342 dicit
3134 5304 3147 5341 :
3179 5286 3448 5340 familiare

1866 5384 2012 5437 enim
2064 5382 2168 5437 hoc
2199 5383 2247 5437 ei
2284 5390 2389 5444 est,
2426 5390 2484 5435 ut
2520 5396 2641 5451 quae
2681 5391 2927 5434 naturam
2970 5384 3262 5435 humanam
3289 5394 3448 5435 exce-

1868 5476 2025 5538 dunt,
2060 5474 2207 5529 Patri
2238 5482 2295 5528 ut
2324 5472 2435 5528 Deo
2481 5473 2743 5531 ascribat.
2785 5472 2917 5527 Nam
2947 5483 3002 5527 et
3051 5472 3167 5541 ipse
3204 5473 3344 5526 Deus
3378 5486 3444 5525 ex

1867 5580 1967 5622 sua
1999 5573 2194 5621 natura
2227 5564 2520 5631 exsistens,
2551 5571 2606 5618 et
2637 5577 2803 5619 unum
2839 5577 2962 5619 cum
3005 5561 3188 5629 Patre,
3224 5560 3442 5632 poterit,
