3878 6208
448 297 552 354 619

1445 294 1504 346 S.
1547 290 1818 347 CYRILU
1857 289 2325 344 ALEXANlilllNl
2364 289 2684 348 ARCIHEP.

3599 301 3693 353 i2.
3808 223 3814 362 Ι

449 415 710 483 quidquid
738 415 935 469 divinae
979 424 1183 468 natura:
1221 414 1496 476 tribuitur,
1531 423 1808 481 pra-stare.
1842 411 2016 464 Ambi-

2136 411 2313 480 Πατρὶ
2341 411 2416 472 ὡς
2441 411 2579 481 Θεῷ,
2604 413 2736 474 Θεὸς
2757 412 2812 465 δὲ
2847 411 2923 464 ὢν
2956 412 3047 464 καὶ
3070 412 3231 475 αὐτὸς
3262 413 3396 466 κατὰ
3429 414 3586 482 φύσιν
3610 419 3691 470 καὶ

452 511 623 560 tiosos
646 509 829 575 itaque
862 518 914 560 et
947 507 1128 560 inanis
1156 505 1340 575 gloriae
1370 506 1593 575 cupidos
1619 504 1863 557 Zebedaei
1893 503 2030 557 lilios

449 597 692 662 olfendit,
754 599 983 667 illosque
1042 600 1284 652 modesw
1323 596 1391 650 ab
1439 613 1506 652 eo
1545 598 1679 649 vitio
1717 597 1935 649 abducit
1977 605 2032 649 et

450 691 738 752 deterret,
795 696 962 756 utque
1000 689 1279 742 niudestim
1328 688 1577 741 studeant
1638 687 1818 740 docet.
1876 685 2028 751 Quod

450 779 772 854 quidemex
805 780 1158 846 sequentibus
1205 779 1584 846 intelligemus.
1624 777 1845 845 lndigue
1882 778 2027 830 enim

453 870 696 924 ferebam
740 871 931 938 reliqui
976 871 1249 938 discipuli,
1292 871 1342 924 id
1384 871 1525 940 quod
1556 871 1806 923 onmibns
1836 884 2029 936 propo-

449 964 611 1015 situut
643 977 706 1015 ac
746 962 987 1015 debitum
1021 971 1161 1026 eral,
1223 961 1292 1016 ab
1326 977 1434 1015 uno
1470 968 1633 1030 atque
1677 960 1847 1013 altero
1895 973 2029 1028 prae-

449 1057 574 1124 ripi,
598 1065 857 1126 quantum
886 1056 952 1108 ad
1015 1055 1332 1123 petitionem
1365 1064 1418 1107 et
1458 1051 1700 1106 mulieris
1746 1065 2025 1104 acceSsum

447 1149 662 1202 attinet‘.
713 1151 974 1202 Servator
1015 1159 1218 1211 autem,
1255 1145 1539 1200 accersitis
1569 1145 1634 1198 ad
1672 1157 1731 1197 se
1775 1144 2029 1197 omnibus

444 1241 748 1308 discipulis,
785 1239 1124 1309 utscripnnn
1148 1249 1250 1302 est,
1273 1239 1412 1292 dixit
1449 1235 1774 1308 generaliter
1807 1236 2026 1288 univer-

445 1336 542 1397 sis,
592 1349 658 1386 ne
691 1333 758 1386 ad
793 1333 914 1387 illos
947 1335 1090 1387 solos
1124 1330 1298 1385 oratio
1353 1330 1525 1399 ipsius
1575 1328 1846 1397 pertinere
1879 1327 2028 1380 vidc-

446 1436 597 1479 retnr
629 1443 642 1478 :
678 1444 696 1477 ι
733 1423 908 1495 Reges
945 1426 1184 1494 gentium
1220 1423 1574 1477 dominantur
1601 1421 1702 1483 eis,
1739 1429 1794 1473 et
1827 1420 2029 1490 princi-

445 1532 542 1587 pes
577 1526 896 1586 potestatem
941 1517 1142 1570 habent
1170 1516 1224 1569 in
1259 1529 1378 1570 eos.
1405 1513 1549 1568 Inter
1581 1529 1678 1568 vos
1711 1524 1889 1566 autem
1920 1528 2023 1566 non

444 1610 526 1664 sic
548 1612 650 1664 erit
676 1626 691 1663 :
720 1610 812 1663 sed
841 1609 933 1678 qui
961 1608 1192 1662 voluerit
1223 1607 1368 1662 inter
1396 1621 1494 1660 vos
1518 1606 1726 1674 primus
1750 1619 1894 1666 esse,
1921 1606 2028 1658 erit

443 1703 690 1757 oti-nium
723 1716 916 1755 servus
935 1699 1006 1755 ⁸³.
1039 1717 1062 1752 ι
1099 1699 1302 1754 Deinde
1340 1700 1580 1768 seipsum
1612 1697 1670 1751 in
1717 1697 2022 1765 exemplum

444 1775 733 1863 proponit:
773 1810 810 1849 ι.
837 1791 990 1847 Sicut
1018 1832 1034 1856 ,
1089 1791 1287 1859 inquit,
1325 1801 1381 1845 et
1428 1788 1598 1845 Filius
1632 1788 1869 1842 hominis
1914 1803 2018 1841 non

443 1887 592 1940 venit
643 1892 702 1937 ut
749 1884 851 1938 sibi
913 1883 1272 1948 ministretur,
1319 1882 1414 1936 sed
1469 1889 1526 1934 ut
1573 1879 1849 1934 ministret
1883 1878 1949 1931 °’.
1996 1898 2014 1930 ι

442 1977 725 2032 Postremo
758 1977 913 2045 quasi
955 1976 1252 2045 obsignans
1280 1989 1344 2028 ea
1381 1987 1502 2044 qua
1532 1971 1694 2036 dixit,
1723 1985 2020 2040 eorumque

443 2084 663 2123 sensum
700 2066 1040 2121 manifestius
1083 2070 1407 2135 explanatis,
1438 2063 1685 2133 adjnngit
1714 2061 2024 2116 similitudi-

444 2176 591 2227 nem,
623 2175 728 2229 qua
757 2158 995 2214 consulit
1018 2159 1084 2213 iis
1112 2159 1204 2227 qui
1239 2158 1307 2212 ad
1347 2156 1631 2226 prandium
1663 2155 1838 2209 vocati
1869 2163 2018 2216 sunt,

443 2268 512 2307 ne
527 2268 624 2306 sua
656 2261 847 2320 sponte
874 2253 1104 2321 primum
1140 2251 1314 2304 locum
1345 2249 1585 2318 capiant,
1616 2249 1710 2301 sed
1735 2257 1792 2299 ut
1823 2260 2019 2314 exspe-

442 2353 613 2408 ctent,
645 2345 773 2397 dum
805 2342 892 2396 ille
928 2342 1100 2395 honor
1137 2357 1166 2395 a
1208 2343 1563 2396 convivatore
1603 2341 1683 2394 cis
1722 2337 2016 2391 deferatur.

443 2435 672 2489 Praestat
700 2436 868 2502 enim,
902 2437 1099 2505 inquit,
1135 2445 1192 2488 ut
1221 2451 1249 2488 a
1278 2432 1510 2488 convivii
1543 2432 1786 2501 principe
1826 2431 1893 2484 ab
1923 2446 2021 2482 ex-

445 2539 619 2582 tremo
643 2527 762 2582 loco
786 2529 849 2582 ad
877 2530 1108 2596 primum
1134 2527 1369 2589 voceris,
1403 2541 1564 2593 quam
1594 2536 1652 2577 ut
1680 2524 2021 2593 impudenter

441 2631 707 2690 occupato
746 2624 921 2691 primo
953 2621 1017 2675 ad
1053 2629 1358 2674 extremum
1395 2617 1674 2688 releget-is,
1731 2617 2020 2669 accedente

442 2712 550 2766 alio
583 2713 669 2766 cui
697 2715 1017 2766 convivator
1041 2712 1274 2780 primum
1314 2710 1490 2764 locum
1527 2709 1709 2763 deberi
1741 2706 2016 2774 jndicarit.

442 2801 588 2858 Satis
643 2804 824 2872 itaque
887 2803 996 2871 jam
1061 2819 1126 2856 ex
1184 2802 1353 2855 totius
1413 2799 1607 2867 capitis
1657 2798 2019 2866 explicatione

440 2906 719 2949 ostensum
749 2905 854 2962 est,
897 2894 1240 2949 Servatorem
1275 2909 1379 2946 non
1425 2892 1544 2945 ideo
1573 2891 1802 2951 dixisse,
1841 2908 1859 2940 ι
1905 2890 2018 2942 Non

441 2995 523 3039 est
553 3001 729 3040 meum
766 2986 916 3050 dare,
953 3004 972 3035 ι
1023 2985 1164 3054 quod
1210 2984 1371 3037 dandi
1423 2982 1650 3054 gratiam
1698 2991 2016 3048 potestatein

447 3093 552 3130 non
590 3078 840 3144 haberet,
886 3079 980 3132 sed
1017 3085 1261 3142 reSpectn
1296 3075 1729 3129 incarnationis:
1763 3074 1902 3128 unde
1931 3089 2019 3126 su-

441 3183 776 3236 pervacanea
807 3179 890 3223 est
913 3169 1294 3223 lizereticorum
1323 3168 1555 3221 insania.

2133 504 2190 555 ἓν
2212 505 2286 566 ὡς
2312 504 2446 574 πρὸς
2474 504 2563 556 τὸν
2589 505 2832 574 Πατέρα.
2860 504 2961 556 οὐκ
2986 505 3309 575 ἀδυνατήσει
3335 507 3460 576 περὶ
3497 507 3552 558 τὸ
3573 510 3693 561 ἁνα-

2131 597 2286 649 τεθὲν
2314 599 2380 666 τῇ
2410 596 2531 666 θεία
2570 595 2750 664 φύσει.
2777 597 2891 648 ἀλλ’
2929 596 3089 658 αὐτὸς
3119 596 3269 648 ἔσται
3297 597 3510 649 πάντων
3540 600 3686 668 ἐργά-

2130 705 2250 757 της.
2279 688 2573 757 Φιλαρχίαν
2612 685 2704 740 οὖν
2737 705 2858 740 τινα
2905 688 2998 740 καὶ
3033 688 3194 758 κενὴν
3227 689 3510 754 ὼδίνοντας
3547 691 3690 754 δὸξιν

2131 780 2378 850 εὑρίσκει
2425 781 2550 855 τους
2583 779 2866 832 Ζεϐεδαίου
2919 780 3133 843 παῖδας,
3167 781 3261 832 καὶ
3304 780 3543 842 πιθανῶς
3571 784 3690 837 ἁπο-

2129 872 2322 942 τρέπει
2355 873 2451 942 μὲν
2478 874 2568 924 καὶ
2598 871 2838 942 ἐξίστησι
2868 871 2962 924 τοῦ
2985 871 3176 932 κακοῦ,
3204 873 3396 942 μέτρια
3424 875 3480 925 δὲ
3506 876 3689 943 μᾶλλον

2128 964 2369 1017 διδάσκει
2409 967 2626 1035 φρονεῖν
2651 982 2664 994 ·
2712 964 2995 1016 καὶτοῦτο
3040 964 3128 1017 διὰ
3173 964 3279 1017 τῶν
3313 965 3509 1035 ἐφεξῆς
3557 967 3689 1020 εἰσό-

2132 1056 2289 1126 μεθα.
2333 1054 2724 1123 Ἀγανακτοῦσι
2764 1057 2860 1124 μὲν
2893 1056 3003 1126 γάρ
3041 1058 3092 1109 οἱ
3125 1056 3305 1127 ἕτεροι
3350 1057 3606 1128 μαθηταὶ,
3636 1060 3691 1112 τὸ

2129 1151 2265 1201 πᾶσι
2297 1147 2560 1218 προτεθὲν
2599 1148 2693 1200 καὶ
2722 1146 3070 1217 ὀφειλόμενον
3124 1147 3230 1200 ὑπὸ
3271 1147 3365 1200 δύο
3400 1149 3574 1218 μόνων
3602 1151 3690 1220 άρ-

2129 1240 2431 1310 παζόμενον
2463 1239 2772 1309 βλέποντες,
2813 1241 2937 1292 ὅσον
2969 1240 3050 1302 είς
3087 1240 3187 1310 τὴν
3225 1240 3439 1310 αἴτησιν
3472 1243 3564 1293 καὶ
3603 1241 3690 1295 τοῦ

2127 1332 2350 1400 γυναίου
2383 1332 2479 1400 τὴν
2511 1330 2790 1401 πρόσοδον.
2833 1330 3356 1401 Προσκαλεσάμενος
3397 1331 3475 1395 δὲ,
3513 1331 3584 1394 ὡς
3610 1334 3689 1400 γέ-

2127 1441 2393 1496 γραπται,
2433 1424 2642 1487 πάντας
2673 1426 2702 1476 6
2736 1422 2951 1494 Σωτὴρ,
2985 1422 3229 1476 παιδεύει
3258 1424 3385 1487 τοὺς
3418 1423 3686 1477 Ζεϐεδαίου

2127 1518 2341 1581 παῖδας,
2373 1515 2466 1570 καί
2483 1533 2646 1586 φησιν
2679 1515 3116 1585 ἀπολελυμένως,
3137 1516 3225 1569 ἵνα
3251 1516 3324 1586 μὴ
3352 1515 3489 1586 πρὸς
3511 1517 3688 1586 μόνους

2126 1610 2326 1672 αὐτοὺς
2371 1608 2783 1663 άποτείνεσθαι·
2813 1624 2834 1658 ι
2864 1609 2927 1660 0i
2956 1607 3194 1676 βασιλεῖς
3226 1607 3334 1660 τῶν
3356 1607 3522 1660 ὲθνῶν
3542 1625 3688 1661 κατα-

2127 1699 2470 1772 κυριεύουσιν
2496 1700 2696 1765 αὐτῶν,
2716 1699 2811 1753 καὶ
2833 1700 2882 1752 οἱ
2912 1699 3170 1770 ἄρχοντες
3195 1699 3686 1763 κατεξουσιάζουσιν

2125 1791 2326 1845 αὐτῶν.
2367 1791 2482 1861 Οὐχ
2508 1790 2683 1854 οὕτως
2703 1789 2760 1843 δὲ
2794 1789 2947 1842 ἔσται
2979 1791 3038 1842 ἐν
3058 1790 3188 1860 ὑμῖν
3208 1808 3222 1820 ι
3246 1789 3361 1843 ἀλλ’
3391 1790 3453 1854 ὃς
3478 1791 3543 1844 ἂν
3569 1791 3684 1863 θέλῃ

2127 1884 2185 1936 ὲν
2199 1883 2327 1952 ὑμῖν
2343 1877 2481 1934 εἶναι
2517 1881 2754 1952 πρῶτος,
2791 1880 2944 1934 ἔσται
2957 1881 3114 1951 ὑμῶν
3141 1881 3348 1944 δοῦλος.
3361 1901 3382 1933 ι
3403 1882 3616 1935 Ἑαυτὸν
3635 1883 3684 1935 δὲ

2126 1973 2218 2028 τοῦ
2234 1975 2558 2046 πράγματος
2572 1975 2753 2027 εἰκόνα
2775 1973 3015 2045 παράγει
3032 1973 3276 2046 προθείς·
3299 1995 3320 2026 ι
3338 1975 3536 2040 Καθὼς
3554 1977 3640 2030 καὶ
3659 1979 3684 2028 6

2127 2069 2255 2132 Υἱὸς
2281 2067 2376 2120 τοῦ
2424 2066 2713 2138 ἀνθρώπου
2768 2069 2868 2120 οὐκ
2910 2063 3042 2138 ἦλθε
3087 2068 3506 2140 διακονηθῆναι,
3564 2068 3684 2122 ἀλλά

2124 2160 2463 2230 διακονῆσαι.
2492 2180 2510 2210 ι
2545 2159 2988 2230 Ἐπισφραγίζων
3015 2159 3072 2213 δὲ
3098 2157 3284 2231 ὥσπερ
3317 2160 3386 2211 τά
3412 2160 3678 2230 εἰρημένα,

2127 2253 2220 2306 καὶ
2248 2252 2572 2324 τρανότερον
2625 2251 2974 2323 ἐκτιθέμενος
3005 2249 3099 2304 τὸν
3143 2251 3201 2302 ὲν
3239 2252 3420 2313 αὐτοῖς
3479 2253 3680 2309 σκοπὸν,

2125 2345 2483 2400 ὲπισυνάπτει
2539 2343 2877 2415 παραδολὴν,
2911 2343 2979 2396 δι’
3021 2339 3088 2416 ἦς
3133 2343 3293 2398 πάλιν
3344 2343 3682 2414 συμϐουλεύει

2125 2440 2250 2501 τοὺς
2284 2436 2653 2508 κεκλημένους
2688 2438 2770 2500 εἰς
2809 2435 3054 2507 ἄριστον,
3100 2437 3175 2506 μὴ
3217 2435 3328 2488 δεῖν
3372 2436 3684 2505 αὐτομάτως

2126 2531 2219 2583 ἐπὶ
2255 2529 2346 2583 τὸν
2389 2529 2602 2600 πρῶτον
2637 2529 2771 2582 ἰέναι
2793 2529 2988 2581 τόπονο
3031 2529 3346 2599 περιμένειν
3370 2529 3431 2581 δὲ
3470 2527 3564 2600 τὴν
3591 2529 3685 2581 ἀπὸ

2127 2623 2220 2676 τοῦ
2248 2622 2697 2692 δειπνοκλήτορος
2717 2623 2905 2692 τιμήν.
2936 2623 3197 2692 Κρεῖττον
3219 2621 3346 2692 γάρ,
3373 2624 3526 2692 φησὶ,
3555 2623 3610 2675 τὸ
3634 2624 3684 2674 ὲν

2125 2713 2202 2785 τῷ
2231 2712 2523 2783 τελευταίῳ
2557 2712 2806 2782 κείμενον
2834 2714 2984 2783 τόπῳ
3015 2713 3102 2766 διὰ
3147 2713 3246 2783 τῆς
3275 2712 3368 2765 τοῦ
3418 2715 3684 2776 ἑστιῶντος

2127 2805 2311 2874 φωνῆς
2343 2805 2433 2856 ἐπὶ
2469 2804 2559 2857 τὸν
2607 2803 2822 2874 πρῶτον
2862 2803 3164 2866 καλεῖσθαι,
3201 2802 3234 2874 ἢ
3274 2803 3332 2854 ὲν
3378 2803 3578 2874 πρώτῳ
3609 2821 3685 2855 τε·

2126 2896 2288 2948 θέντα
2320 2895 2540 2966 θερμῶς
2578 2894 2893 2964 πέμπεσθαι
2936 2895 3072 2964 πρὸς
3105 2895 3197 2947 τὸν
3231 2893 3480 2965 ὕστερον,
3513 2894 3682 2964 ἑτέρου

2127 2987 2413 3058 παρόντος.
2445 2979 2488 3053 ᾧ
2513 2986 2573 3037 τὸ
2594 2989 2650 3038 ὲν
2681 2984 2882 3057 πρώτῳ
2909 2987 3122 3038 κεῖσθαι
3155 2986 3308 3057 παρὰ
3333 2987 3431 3038 τοῦ
3457 3003 3683 3055 πανηγυ-

2127 3076 2354 3146 ριάρχου
2402 3074 2844 3146 χρεωστούμενον
2880 3075 3148 3143 φαίνεται.
3194 3076 3473 3128 Δέδεικται
3521 3076 3683 3128 τοίνυν

2119 3167 2240 3220 ὅλου
2275 3166 2366 3220 τοῦ
2395 3168 2690 3236 κεφαλαίου
2728 3167 2962 3237 καθεξῆς
2987 3167 3086 3238 τὴν
3112 3167 3434 3237 πρέπουσαν
3465 3168 3680 3238 ἐσχηκό-

437 3274 528 3320 τος
552 3257 802 3328 βάσανον,
838 3261 936 3312 οὐκ
968 3259 1274 3331 ἀσθενήσας
1335 3259 1463 3329 περὶ
1503 3259 1565 3311 τὸ
1624 3258 1808 3312 δοῦναι
1848 3258 1946 3329 τὴν
1986 3259 2144 3330 χάριν
2177 3261 2206 3312 6
2239 3261 2468 3332 Euitﬁpi
2492 3259 2628 3315 ἀλλὰ
2660 3262 2758 3332 τῆς
2817 3262 3323 3332 προαποδεδομένης
3392 3261 3681 3333 οἰκονομίας

437 3352 619 3418 ἕνεκα,
676 3352 850 3421 λέγων
901 3353 982 3418 τὸ,
1027 3373 1045 3405 ι
1077 3353 1190 3406 Οὐκ
1239 3353 1385 3406 ἔστιν
1432 3352 1565 3423 ἐμὸν
1612 3351 1819 3404 δοῦναι·
1859 3370 1878 3402 ι
1931 3351 2024 3402 καὶ
2063 3355 2290 3425 περιττὴ
2319 3354 2502 3407 λοιπὸν
2535 3357 2568 3426 ὴ
2596 3354 2704 3408 τῶν
2762 3353 3142 3426 φλυαρούντων
3171 3353 3356 3424 μανία.

611 3489 1361 3597 247ASSERTIO
1437 3508 1850 3596 XXVII.

438 3659 680 3726 Inillud,
718 3676 736 3709 ι
777 3653 846 3709 Ut
873 3669 1185 3726 cognoscant
1231 3666 1278 3708 te
1323 3655 1493 3708 solum
1525 3673 1701 3708 rerum
1741 3656 1928 3723 Deum,
1965 3671 2011 3712 et

717 3743 872 3798 quem
904 3728 1096 3780 misisti
1118 3725 1302 3779 Jesum
1327 3727 1592 3780 Christum
1618 3727 1683 3780 ’°.
1707 3745 1726 3778 ι

901 3836 1137 3906 Objeclio
1169 3839 1551 3892 Iuereticorum.

504 3954 665 4024 Atqui
701 3955 866 4010 Filius
907 3953 1044 4022 ipse,
1076 3951 1349 4022 inquiunt,
1379 3953 1666 4022 proﬁtetur
1699 3952 1874 4008 solum
1905 3952 2009 4008 Pa-

436 4057 576 4104 trem
608 4063 729 4104 esse
761 4063 948 4103 verum
973 4047 1161 4109 Deum,
1193 4054 1249 4099 et
1275 4044 1437 4098 Pater
1463 4044 1577 4115 ipse
1604 4045 1896 4115 reperitur,
1926 4046 2008 4099 di-

435 4156 602 4195 cens:
637 4157 658 4191 (
691 4137 804 4210 Ego
849 4138 990 4193 Dens
1019 4136 1250 4207 primus,
1286 4145 1342 4192 et
1371 4151 1471 4205 ego
1495 4147 1616 4204 post
1652 4137 1790 4202 haec,
1813 4149 1868 4191 et
1902 4153 2007 4192 non

434 4241 518 4287 est
549 4231 690 4286 Deus
719 4240 916 4296 prater
950 4245 1037 4286 me
1061 4229 1130 4286 ".
1169 4247 1188 4280 ι
1227 4227 1508 4294 Quomodo
1547 4228 1710 4297 igitur
1735 4226 2013 4296 conjungi—

433 4325 506 4377 tis
537 4323 712 4392 primo
737 4337 802 4376 ac
827 4321 925 4376 soli
951 4330 1008 4375 et
1048 4335 1181 4376 vero
1215 4321 1324 4374 Deo
1349 4335 1411 4374 ac
1437 4319 1582 4374 Patri
1617 4320 1832 4388 Filium,
1856 4322 2011 4391 quasi

431 4425 486 4469 et
521 4414 635 4485 ipse
653 4414 724 4470 sit
761 4415 1059 4470 secundum
1091 4425 1342 4468 naturam
1372 4413 1556 4468 Deus?

925 4607 1133 4664 Salutio
1177 4607 1507 4677 objectionis.

502 4725 685 4781 Primo
709 4723 1165 4778 considerandum
1193 4733 1279 4778 est
1331 4723 1446 4776 haac
1482 4737 1588 4775 non
1639 4719 1759 4776 ideo
1789 4737 1817 4775 a
1847 4721 2006 4777 Patre

451 4818 536 4872 ’ἲπί
567 4827 626 4872 ut
657 4815 856 4869 Filium
887 4816 1191 4872 subvertat.
1219 4814 1357 4880 Quid
1405 4815 1552 4868 enim
1599 4814 1772 4882 ipsum
1799 4831 1864 4869 eo
1902 4817 2004 4869 im-

505 4916 616 4973 .tat,
643 4915 736 4960 aut
766 4904 1024 4958 moveat?
1059 4903 1190 4957 Nam
1216 4905 1259 4958 si
1299 4915 1357 4957 ut
1387 4903 1550 4957 hoino
1591 4918 1713 4956 cum
1752 4918 1817 4956 eo
1846 4903 1992 4971 quod

424 5018 489 5056 ex
516 5015 574 5057 se
605 4999 845 5070 genitura
876 5006 958 5050 est
987 4996 1298 5061 contendit,
1345 4997 1799 5065 quemadmodum
1836 4996 2002 5049 David

426 5109 454 5144 τι
491 5092 614 5146 liliis
642 5090 757 5146 suis
805 5087 948 5143 bello
997 5087 1276 5142 lacessitus
1309 5087 1431 5152 fuit,
1481 5087 1732 5141 fortassis
1767 5087 2001 5156 aliquem

425 5181 602 5235 locum
655 5179 920 5250 ejusmodi
969 5187 1333 5232 commentum
1378 5175 1620 5230 habebit.
1655 5177 1725 5230 At
1769 5177 1814 5230 si
1858 5175 2002 5228 nulla

423 5272 694 5326 dissensio
723 5272 778 5325 in
803 5270 1042 5326 divinam
1076 5279 1327 5323 naturam
1359 5270 1526 5333 cadit,
1561 5269 1653 5322 sed
1698 5268 1874 5337 potius
1919 5267 2007 5321 Fi-

427 5363 526 5415 lius
566 5378 782 5432 semper
833 5361 978 5416 Patri
1014 5361 1273 5415 honorem
1307 5360 1520 5414 deferre
1551 5360 1815 5422 cernitur,
1839 5373 2000 5426 quam

423 5453 947 5508 verisimilitudinem
981 5452 1180 5507 habere
1231 5461 1429 5520 potest,
1480 5451 1595 5505 lucc
1645 5450 1824 5505 Patris
1857 5451 1998 5505 dicta

425 5545 488 5596 ad
528 5544 932 5599 subversiouem
973 5541 1090 5597 Filii
1124 5545 1399 5612 pertinere
1422 5542 1443 5596 ’ἔ
1465 5542 1730 5608 Quocirca
1769 5542 1834 5596 ad
1867 5541 1998 5596 abo-

494 5717 540 5748 ⁶⁸
579 5716 766 5772 Matth.
797 5733 884 5781 xx,
913 5717 1099 5773 25-27.
1175 5721 1217 5752 ‘9
1249 5721 1376 5775 ibid.
1420 5719 1508 5773 9.8.

1586 5719 1632 5751 9'
1665 5719 1820 5773 Joan.
1854 5734 1986 5783 χιιι,
2023 5721 2072 5773 5.

2574 3503 2940 3588 ΛΟΓΟΣ
3016 3504 3086 3586 Κ
3101 3499 3202 3586 Z'.

2119 3657 2224 3719 Εἷς
2255 3657 2341 3720 τὸ,
2379 3679 2395 3709 ‹
2425 3659 2554 3711 Ἵνα
2589 3659 2931 3729 γινώσκουσί
2955 3677 3028 3712 σε
3057 3658 3164 3712 τὸν
3179 3659 3368 3729 μόνον
3405 3659 3675 3726 ἀληθινὸν

2191 3729 2360 3792 Θεὸν,
2396 3730 2491 3782 καὶ
2525 3729 2598 3782 ὃν
2630 3729 2986 3795 ἀπέστειλας
3022 3730 3257 3796 Ἰησοῦν
3288 3731 3564 3798 Χριστόν.
3589 3750 3606 3782 ι

2398 3841 2719 3906 Ἀντίθεσις
2744 3842 2823 3907 ὠς
2851 3841 2919 3894 ἐκ
2938 3840 3056 3894 τῶν
3085 3841 3418 3910 αἱρετικών.

2200 3951 2352 4013 Ἰδοὺ,
2387 3952 2569 4020 φασὶν,
2602 3952 2765 4015 αὐτὸς
2793 3953 2822 4004 6
2851 3952 2979 4016 Υἱὸς
3019 3952 3178 4023 μόνον
3205 3948 3342 4005 εἶναι
3381 3953 3518 4008 Θεὸν
3551 3954 3669 4022 άλη-

2115 4043 2259 4096 θινὸν
2293 4044 2546 4113 ὁμολογεῖ
2588 4044 2680 4096 τὸν
2732 4045 2971 4115 Πατέρα,
3003 4045 3099 4097 καὶ
3136 4046 3294 4108 αὐτὸς
3325 4045 3382 4097 δὲ
3432 4050 3460 4099 ὁ
3499 4047 3668 4115 Πατὴρ

2115 4136 2430 4206 εὑρίσκεται
2465 4135 2670 4203 λέγων·
2720 4155 2738 4186 ι
2783 4135 2925 4204 Ἐγὼ
2976 4137 3107 4200 Θεὸς
3156 4137 3389 4206 πρῶτος,
3437 4140 3528 4191 καὶ
3573 4137 3668 4201 ἐγὼ

2115 4223 2254 4294 μετὰ
2281 4224 2483 4277 ταῦτα·
2523 4225 2615 4278 καὶ
2655 4225 2756 4278 οὐκ
2793 4224 2907 4278 ἔστι
2958 4225 3092 4290 Θεὸς
3137 4227 3275 4298 πλὴν
3308 4227 3468 4296 ἐμοῦ.
3497 4249 3514 4280 ι
3560 4227 3667 4288 Ηώς

2113 4310 2207 4368 οὗν
2235 4315 2392 4386 ὑμεῖς
2445 4315 2796 4384 συνεισάγετε
2848 4318 3050 4387 πρώτῳ
3098 4318 3191 4370 καὶ
3228 4319 3372 4389 μόνῳ
3422 4321 3512 4372 καὶ
3558 4319 3665 4371 κατ’

2116 4407 2375 4477 ἀλήθειαν
2393 4407 2505 4460 δντι
2527 4406 2644 4478 Θεῷ
2675 4409 2769 4462 καὶ
2804 4409 2980 4480 Πατρὶ
3007 4409 3099 4462 τὸν
3135 4409 3283 4476 Υίὸν,
3323 4411 3398 4474 ὼς
3439 4412 3558 4464 ὄντα
3585 4410 3666 4460 καὶ

2044 4487 2088 4542 D
2113 4500 2274 4555 αὑτὸν
2291 4501 2447 4580 ,κατά
2468 4500 2630 4570 φύσιν
2662 4500 2797 4553 Θεόν
2822 4517 2836 4565 ;

2596 4613 2752 4682 Πρὸς
2786 4615 2959 4668 τοῦτο
2991 4617 3191 4683 λύσις.

2181 4724 2394 4778 Εἰδέναι
2429 4725 2535 4796 χρὴ
2575 4725 2789 4797 πρῶτον
2843 4727 2918 4791 ὡς
2973 4730 3072 4783 οὑκ
3121 4734 3202 4795 εἰς
3257 4733 3533 4805 ἀναίρεσιν
3577 4731 3659 4786 τοῦ

2112 4815 2241 4869 Υἱοῦ
2284 4817 2353 4870 τὰ
2381 4817 2606 4870 τοιαῦτά
2637 4835 2802 4888 φησιν
2847 4821 2875 4872 6
2904 4821 3112 4892 Πατήρ.
3147 4824 3212 4876 Τί
3262 4826 3372 4897 γάρ
3401 4823 3465 4898 ἦν
3507 4827 3562 4878 τὸ
3591 4827 3660 4886 είς

2106 4904 2280 4957 ταῦτα
2307 4906 2596 4976 παρελθεῖν
2623 4909 2965 4980 παροτρύναν
2993 4912 3189 4977 αὑτόν;
3229 4915 3289 4966 Εί
3328 4918 3425 4986 μὲν
3453 4917 3556 4986 γάρ
3593 4915 3658 4974 ὡς

2107 4996 2392 5066 ἄνθρωπος
2412 5001 2488 5069 τῷ
2519 5001 2577 5065 ἐξ
2602 5001 2766 5054 αὑτοῦ
2796 5003 3107 5073 γεννηθέντι
3134 5007 3457 5073 φιλονεικεῖ·
3487 5010 3656 5075 ὥσπερ

2107 5086 2136 5137 ὀ
2167 5088 2329 5139 Δαϐὶδ
2366 5089 2769 5159 πολεμούμενος
2803 5094 2907 5145 ὑπὸ
2939 5095 3043 5146 τῶν
3077 5097 3269 5150 ἑαυτοῦ
3300 5101 3516 5152 παίδων
3555 5101 3654 5168 ἔχει

2107 5178 2228 5230 τινὰ
2263 5178 2420 5246 λόγον
2464 5179 2592 5243 ἴσως
2621 5184 2648 5234 6
2673 5181 2914 5246 τοιοῦτος
2956 5184 3145 5253 μῦθος.
3177 5188 3239 5239 Εἰ
3277 5189 3333 5240 δὲ
3367 5187 3652 5251 στασιάζειν

2109 5270 2229 5322 καθ’
2259 5271 2459 5340 ἑαυτῆς
2489 5273 2519 5342 ἠ
2553 5273 2674 5326 θεία
2703 5273 2866 5341 φύσις
2896 5277 2995 5328 οὐκ
3028 5273 3156 5340 οἶδε,
3186 5280 3428 5346 φαίνεται
3450 5281 3501 5333 δὲ
3533 5278 3651 5347 μᾶλ-

2108 5361 2198 5413 λον
2223 5364 2250 5414 ὁ
2283 5363 2407 5424 Υἱὸς
2440 5364 2525 5415 ἀεὶ
2557 5364 2634 5434 τῷ
2662 5366 2836 5436 Πατρὶ
2863 5368 2964 5436 τὴν
2994 5368 3151 5432 δόξαν
3183 5371 3477 5434 ἀποδιδοὺς.
3519 5372 3648 5422 ποῖον

2106 5453 2217 5524 ἔχει
2252 5455 2407 5524 λόγον
2437 5458 2497 5508 ’τὸ
2529 5459 2607 5519 εἰς
2636 5457 2916 5528 ἀναίρεσιν
2945 5459 3110 5512 αὐτοῦ
3137 5463 3358 5516 τοιαῦτα
3389 5465 3541 5533 φάναι
3571 5462 3648 5514 τὸν

2107 5546 2359 5616 Πατέρα;
2392 5547 2598 5599 οὐκοῦν
2629 5549 2765 5619 πρὸς
2805 5551 3114 5623 ἀνατροπὴν
3159 5555 3357 5624 μᾶλλον
3401 5556 3502 5609 τῶν
3535 5556 3648 5624 ψευ-

2155 5721 2192 5750 ⁰¹
2227 5722 2324 5773 ίκιι.
2362 5737 2504 5784 λιιν,
2540 5722 2592 5774 6.
