3878 6208
205 326 296 382 421

1603 310 2047 370 Tl-IESAURUS.

3353 305 3456 362 Αἰξί

204 440 456 512 δωνύμων
496 437 634 492 θεῶν
684 436 938 512 εἰρῆσθαι
968 435 1038 490 τά
1073 435 1300 490 τοιαῦτα
1331 435 1596 506 δώσομεν.
1645 429 1778 485 Εἶτα

1905 427 2127 479 itionem
2182 424 2362 493 potius
2414 421 2671 475 falsorum
2714 420 2938 472 deorum
2996 418 3110 472 hate
3150 416 3293 470 dicta
3339 435 3458 474 esse

207 533 333 604 πρὸς
353 531 564 593 τούτοις
581 532 610 582 6
637 528 828 599 Σωτὴρ
857 527 1053 596 λέγων,
1086 548 1103 579 ι
1132 528 1251 580 Ἵνα
1273 524 1584 596 γινώσκωσί
1611 540 1669 576 σε
1691 521 1780 574 τὸν

209 624 360 692 μόνον
390 620 643 691 ἀληθινὸν
674 619 830 682 Θεὸν,
866 638 885 672 ι
918 619 1111 672 ἑαυτὸν
1137 619 1298 682 εὐθὺς
1329 618 1608 680 συνάπτει,
1647 634 1665 664 ι
1685 614 1781 667 καὶ

206 713 264 769 δν
293 713 617 775 ἀπέστειλας
657 710 862 782 Ἰησοῦν
893 711 1148 780 Χριστὸν,
1182 729 1200 760 ›
1223 710 1296 774 ὡς
1317 709 1416 778 τῆς
1437 708 1532 760 τοῦ
1571 705 1782 776 Πατρὸς

205 801 386 864 οὐσίας
411 801 717 872 ἀδιαίρετος
745 798 820 852 ῶν
853 800 978 852 ὅσον
1018 794 1154 871 ¹ἧκεν
1203 801 1284 862 είς
1318 797 1569 868 θεότητος
1598 795 1778 864 λόγον,

205 894 298 948 καὶ
322 895 538 957 πάντως
573 892 712 964 μετά
742 890 960 963 Πατρὸς
985 890 1104 944 νοού
1114 907 1290 962 μενος.

887 1007 1092 1063 ΑΛΛΟ.

272 1129 333 1182 El
359 1126 532 1193 Λόγος
565 1124 682 1176 ἐστὶ
714 1122 806 1176 τοῦ
839 1122 1051 1193 Πατρὺς
1079 1123 1107 1175 6
1155 1121 1303 1184 Υἱὸς,
1332 1119 1521 1190 ὥσπερ
1563 1113 1656 1172 οῦν
1687 1119 1781 1170 καὶ

202 1220 334 1280 ἔστι,
368 1219 462 1272 καὶ
511 1217 672 1270 τοῦτο
703 1214 780 1268 ὢν
824 1214 1190 1286 ὁμολογεῖται,
1219 1213 1304 1276 τίς
1354 1211 1528 1273 οὕτως
1570 1210 1782 1281 φρενῶν

201 1313 519 1385 ἐκϐέϐηκεν,
555 1310 630 1374 ὡς
654 1310 875 1381 νομίσαι
928 1310 1067 1380 πρὸς
1125 1307 1406 1378 ἀναίρεσιν
1448 1305 1540 1358 τοῦ
1580 1303 1780 1356 οἰκείου

200 1409 394 1475 Λόγου,
422 1405 489 1458 δι’
519 1395 580 1458 οὗ
608 1403 678 1456 τὰ
697 1402 875 1455 πάντα
901 1400 1217 1472 ἐργάζεται,
1247 1399 1406 1470 μόνον
1433 1397 1624 1450 ἑαυτὸν
1650 1395 1781 1448 Θεὸν

200 1498 450 1569 ἀληθινὸν
489 1497 664 1548 εἰπεῖν
699 1494 790 1546 τὸν
831 1494 1084 1563 Πατέρα;
1134 1491 1352 1561 Ἐπειδὴ
1390 1490 1446 1543 δὲ
1476 1488 1632 1542 τοῦτο
1663 1487 1781 1540 ἀτο-

199 1606 321 1654 πον,
363 1587 584 1658 ἔρχεται
623 1583 886 1655 μᾶλλονή
935 1582 1028 1635 τοῦ
1077 1585 1323 1654 ῥήματος
1370 1579 1602 1648 δύναμις
1640 1575 1782 1630 κατά

198 1680 306 1734 τῶν
333 1676 702 1749 ψευδωνύμων
737 1675 897 1740 θεῶν,
929 1675 1032 1728 κᾶν
1059 1677 1108 1728 οἱ
1143 1672 1500 1744 γριστομάχοι
1549 1670 1624 1740 μὴ
1658 1667 1780 1737 βού-

199 1774 414 1827 λωνται.

641 1884 845 1945 ΑΛΛΟ,
878 1880 948 1946 ἐξ
973 1878 1340 1944 ὑποθέσεως.

283 1997 622 2054 Ὑποκείσθω
656 1995 752 2050 νῦν
794 1997 927 2067 ἡμῖν
962 1995 1042 2049 ὅτι
1092 1993 1438 2063 πλανώμενοί
1482 2008 1627 2055 τινες
1670 1991 1779 2044 τῶν

198 2097 312 2150 ὅσοι
342 2093 442 2164 τῆς
467 2090 726 2160 ἀληθινῆς
757 2085 1048 2159 ἀμοιροῦσι
1086 2084 1300 2152 σοφίας,
1339 2083 1522 2136 εἰκόνα
1551 2083 1781 2154 στήσαν-

199 2207 310 2254 τες,
344 2185 438 2240 καί
465 2200 588 2237 τινα
607 2182 769 2254 τυχὸν
793 2179 1008 2252 μορφὴν
1035 2177 1324 2248 ἀνθρώπου
1358 2176 1390 2245 ἢ
1420 2175 1608 2246 ἑτέρου
1637 2173 1779 2239 ζῴου

200 2276 654 2352 καταγράψαντες
679 2278 735 2328 ὲν
763 2273 922 2343 αὐτῇ,
950 2270 1108 2323 τοῦτο
1130 2269 1428 2339 κεκλήκασι
1463 2267 1578 2336 φῶς
1600 2308 1615 2331 ,
1641 2269 1780 2320 ἐκεῖ-

203 2370 294 2423 θεν
320 2369 488 2429 ὄντως
503 2365 741 2436 οἰόμενοι
770 2357 1066 2430 γεννᾶσθαι
1095 2357 1254 2410 τοῦτο
1272 2357 1476 2419 αὐτοῖς·
1502 2357 1693 2427 φωνὴν
1723 2355 1780 2408 δὲ

203 2462 258 2516 εἴ
283 2479 367 2524 τις
397 2459 531 2531 ἡλίῳ
569 2455 842 2530 περιθείη,
867 2448 986 2506 εἶτα
1029 2451 1176 2519 λέγοι
1218 2449 1355 2521 πρὸς
1397 2446 1624 2511 αὐτούς’
1655 2449 1775 2498 Ἀν-

202 2555 434 2625 θρωποι,
465 2548 760 2610 πλανᾶσθε,
785 2544 896 2614 ἐγὼ
929 2545 1087 2615 μόνος
1117 2542 1233 2613 εἰμί
1263 2541 1322 2594 τὸ
1352 2540 1488 2610 φῶς,
1510 2540 1611 2592 οῦκ
1635 2538 1783 2591 ἔστιν

202 2646 361 2708 ἄλλος
391 2645 528 2712 πλὴν
555 2644 578 2694 ὲ
589 2640 712 2712 μοῦ,
736 2636 824 2710 ἆρ’
855 2637 1109 2691 ὲκόἀλλει
1139 2632 1234 2686 τοῦ
1263 2629 1401 2686 εἶναι
1427 2632 1541 2700 φῶς
1566 2632 1628 2683 τὸ
1654 2631 1783 2683 ἴδιον

204 2738 562 2807 ἀπαύγασμα,
597 2734 733 2804 πρὸς
770 2731 1048 2802 ἀναίρεσιν
1075 2727 1168 2781 τοῦ
1219 2725 1572 2797 ψευδωνύμου
1608 2725 1783 2794 φωτῖις

204 2831 383 2882 ἐκεῖνο
421 2826 593 2895 βοῶν;
656 2822 796 2876 Ἀλλ’
843 2822 942 2874 οὐκ
982 2820 1095 2891 ἔχει
1139 2819 1298 2885 λόγον
1339 2818 1399 2870 τὸ
1429 2815 1572 2869 οὕτω
1622 2818 1780 2869 νοεῖν.

205 2918 416 2973 Οὐκοῦν
441 2918 530 2970 ὅτε
564 2916 697 2986 φησί
733 2914 828 2967 καὶ
851 2915 878 2967 ὁ
907 2913 1131 2983 Πατήρ·
1163 2930 1180 2961 ι
1212 2908 1352 2978 Ἑγὼ
1386 2910 1500 2977 εἰμι
1531 2906 1660 2970 Θεὸς
1691 2907 1786 2977 μό-

205 3029 316 3075 νος,
348 3011 443 3063 καὶ
478 3007 614 3079 πλὴν
660 3005 792 3076 ἐμοῦ
832 3005 932 3058 οὐκ
977 3003 1144 3064 ἔστιν,
1188 3021 1205 3053 ι
1243 3002 1345 3054 ούκ
1393 3000 1641 3053 ἐκϐάλλει
1687 2998 1787 3068 τῆς

205 3103 461 3171 θεότητος
491 3100 551 3152 τὸ
589 3098 718 3151 ἴδιον
751 3096 849 3166 τῆς
893 3091 1090 3147 ἑαυτοῦ
1140 3091 1350 3154 οὐσίας,
1387 3089 1653 3152 τουτέστι,
1695 3089 1785 3141 τὸν

209 3195 270 3262 ἐξ
301 3191 468 3247 αὑτοῦ
523 3188 858 3260 προελθόντα
906 3185 1099 3253 Λόγον,
1130 3185 1246 3238 ἀλλ’
1304 3185 1362 3236 ὲν
1397 3185 1462 3252 τῇ
1501 3181 1789 3250 ταυτότητι

205 3287 308 3358 τῆς
343 3284 558 3354 φύσεως
581 3282 693 3353 ἔχει
736 3280 866 3350 παρ’
923 3276 1100 3348 ἑαυτῷ
1147 3275 1452 3347 σωζόμενον
1487 3275 1581 3328 καὶ
1627 3275 1681 3325 ἐν
1723 3275 1788 3343 τῇ

212 3381 316 3450 μιᾷ.
369 3378 584 3448 θεότητι
640 3369 1172 3441 συνοιιολογούμενόν
1219 3386 1280 3422 τε
1332 3368 1425 3422 καὶ
1470 3366 1791 3431 συνδοξαζό-
1859 3433 1866 3440 θ

213 3487 397 3541 μενον.

212 3588 419 3643 ΔΛΛΟ.
461 3582 738 3637 δεικνύων
784 3579 874 3632 ὅτι
917 3576 1033 3631 κᾶν
1071 3577 1259 3646 μόνος
1292 3571 1436 3638 Θεὸς
1466 3571 1724 3646 ,λέγηται
1759 3570 1792 3624 ὁ

389 3654 614 3722 Πατὴρ,
663 3644 1088 3718 συνεισάγεται
1127 3645 1367 3708 πάντως
1399 3648 1430 3697 ό
1464 3644 1617 3708 Υἱός.

286 3769 450 3838 Λέγει
480 3783 584 3819 που
605 3764 744 3836 πρὸς
773 3762 904 3815 Θεὸν
940 3753 1018 3822 εἷς
1049 3757 1158 3810 τῶν
1200 3755 1495 3828 προφητῶν
1515 3772 1526 3784 ·
1560 3771 1578 3802 ι
1616 3753 1672 3804 Ὀ
1699 3768 1797 3804 τα-

213 3862 385 3924 νύσας
413 3860 503 3912 τὸν
531 3856 758 3928 οὐρανὸν
785 3854 974 3924 μόνος·
1015 3869 1033 3902 ι
1071 3849 1296 3919 φέρεται
1316 3846 1373 3898 δὲ
1400 3845 1493 3897 καὶ
1521 3842 1655 3896 Θεοῦ
1686 3852 1798 3910 φω-

214 3955 317 4026 νή·
349 3972 366 4005 ι
411 3949 551 4018 Ἐγὼ
590 3948 750 4018 μόνος
777 3944 1019 4012 ἐξέτεινα
1051 3943 1140 3993 τὸν
1169 3939 1418 4009 οὐρανόν.
1452 3955 1468 3988 ι
1504 3934 1613 3987 Καὶ
1639 3934 1798 3986 πάλιν

217 4047 384 4117 ἑτέρα
421 4041 608 4111 σαφῶς
637 4040 764 4109 περὶ
797 4036 892 4090 τοῦ
931 4033 1081 4098 Υἰοῦ,
1113 4033 1193 4086 ὅτι
1227 4050 1246 4082 ι
1277 4028 1366 4100 Τῷ
1389 4027 1548 4097 Λόγῳ
1591 4026 1797 4117 Ιςυρίου

215 4140 270 4192 οἰ
305 4116 525 4208 οὐρανοὶ
550 4128 989 4202 ἐστερεώθησαν.
1021 4143 1039 4176 ι
1074 4123 1138 4176 El.
1165 4121 1342 4175 τοίνυν
1378 4118 1474 4172 τοῦ
1523 4116 1658 4170 Θεοῦ
1704 4117 1800 4170 καὶ

167 4208 180 4230 ’
217 4231 437 4301 Πατρὸς
452 4227 704 4295 λέγοντος
729 4222 821 4276 τὸν
849 4218 1076 4290 οὐρανὸν
1105 4214 1392 4287 εἰργάσθαι
1428 4212 1609 4282 μόνου,
1627 4211 1654 4262 6
1673 4209 1800 4271 Υἱὸς

217 4323 537 4395 εὑρίσκεται
570 4316 757 4371 τοῦτον
781 4309 1120 4382 πεποιηκὼς,
1161 4306 1323 4362 παντί
1366 4322 1466 4358 που
1494 4304 1651 4374 δῆλον
1693 4302 1804 4355 61n-

216 4392 328 4487 περ
361 4413 466 4467 κᾶν
487 4411 560 4472 ὠς
593 4409 752 4482 μόνος
780 4404 1114 4476 ὀνομάζηται
1140 4403 1168 4454 6
1197 4398 1386 4469 Πατὴρ
1415 4395 1550 4487 Θεὸς
1574 4392 1802 4487 ῶν-ἀληί

1881 516 2290 571 alIirtnabimns.
2320 515 2542 577 Deinde,
2572 529 2690 566 cum
2721 510 2979 564 Servator
3008 511 3173 572 dicat,
3211 530 3229 560 ι
3275 510 3340 564 Ut
3369 526 3457 564 co-

1882 619 2148 679 gnoscant
2189 616 2242 661 te
2261 623 2446 661 verum
2475 604 2667 667 Deum,
2707 624 2726 656 ι
2761 606 2997 673 seipsunt
3025 604 3210 656 statim
3235 603 3459 670 conjun-

1881 701 1980 771 git,
2020 717 2038 750 ι
2083 709 2137 753 et
2184 715 2344 768 quem
2393 700 2591 754 misisti
2636 697 2820 752 Jesutn
2853 697 3171 750 Christum:
3207 713 3225 744 ι
3266 699 3462 764 quippe

1882 795 1974 863 qui
2018 794 2228 847 ratione
2277 794 2580 845 divinitatis
2610 791 2678 844 ab
2708 791 2944 844 essentia
2996 789 3170 843 Patris
3217 787 3459 857 separari

1883 900 1992 938 non
2029 885 2224 953 possit,
2255 893 2306 938 et
2332 897 2546 950 semper
2579 898 2682 935 una
2708 898 2828 936 cum
2856 881 3013 935 Patre
3044 881 3295 934 exsistat.

2549 996 2781 1052 ALIUD.

1957 1112 2012 1166 Si
2042 1111 2279 1166 Verbum
2308 1121 2391 1164 est
2418 1111 2590 1165 Filius
2640 1109 2837 1174 Patris,
2867 1117 2924 1161 ttt
2956 1121 3141 1161 revera
3172 1116 3274 1170 est,
3311 1107 3461 1174 quis-

1885 1221 2007 1258 nam
2047 1208 2183 1258 atleo
2225 1213 2420 1259 etnotae
2470 1205 2665 1257 mentis
2695 1213 2798 1267 eSI,
2833 1211 2890 1254 ιιι
2923 1202 3196 1255 existimet
3220 1185 3458 1253 'Patretn

1884 1296 2004 1352 ideo
2041 1299 2224 1350 dicere
2255 1312 2314 1349 se
2343 1296 2517 1350 solum
2551 1311 2738 1348 verum
2768 1293 2932 1347 Deum
2963 1309 3105 1354 esse,
3132 1303 3189 1346 ιιι
3230 1293 3458 1347 Verbum

1881 1405 2039 1442 suum
2063 1405 2158 1459 per
2186 1391 2328 1458 quod
2353 1389 2532 1442 omnia
2558 1395 2834 1455 operatur,
2854 1401 2884 1439 e
2907 1387 3081 1438 tnedio
3112 1385 3300 1438 tollat?
3324 1383 3459 1437 Cum

1882 1483 2047 1550 igitur
2078 1485 2179 1536 hoc
2224 1481 2516 1535 absurdum
2561 1481 2651 1541 sit,
2685 1488 2933 1548 superest
2964 1478 3093 1530 dicti
3159 1477 3317 1544 hujus
3353 1477 3458 1528 vim

1882 1577 1947 1629 ad
1982 1576 2242 1630 falsorum
2269 1575 2491 1628 deormn
2531 1573 2938 1627 subversiont'm
2971 1572 3264 1641 pertinere,
3292 1584 3463 1638 quan-

1883 1671 2080 1724 tumvis
2108 1668 2344 1723 Itaerctici
2381 1672 2697 1736 repugnent.

2343 1862 2575 1929 ALIUD,
2607 1879 2672 1916 ex
2705 1861 2999 1932 hypothesi.

1959 1980 2251 2050 Fingamus
2279 1979 2490 2048 aliquos
2524 1993 2665 2032 verte
2709 1977 2992 2046 sapientia:
3036 1983 3308 2044 expertes,
3339 1975 3466 2030 ima-

1889 2074 2068 2140 ginem
2105 2070 2343 2140 aliquam
2389 2081 2483 2124 aut
2511 2070 2748 2124 hominis
2787 2066 2953 2140 248
2986 2067 3070 2121 vel
3107 2068 3332 2122 alterius
3367 2069 3467 2120 ali-

1889 2165 2042 2233 cnjns
2087 2162 2339 2216 animalis
2386 2161 2615 2215 formam
2667 2175 2776 2228 pra:
2810 2175 2870 2214 se
2906 2159 3169 2213 ferentem
3202 2160 3462 2224 erexisse,

1888 2270 2115 2324 eantque
2168 2253 2468 2323 appellasse
2530 2253 2746 2316 lucem,
2797 2251 3243 2318 existitnasseqne
3287 2249 3464 2304 lumen

1888 2363 2016 2402 vere
2043 2349 2164 2401 inde
2192 2347 2359 2417 gigni;
2394 2346 2438 2399 si
2469 2345 2591 2414 quis
2617 2357 2745 2397 vero
2774 2343 2873 2396 soli
2907 2357 3212 2396 sermonem
3238 2341 3464 2402 tribuat,

1888 2441 1981 2508 qni
2025 2439 2106 2492 Itis
2139 2439 2210 2491 ita
2246 2437 2428 2490 dicat:
2471 2435 2699 2497 Erratis,
2729 2433 2992 2498 homines,
3028 2447 3128 2500 ego
3152 2431 3296 2485 solus
3345 2447 3464 2484 sum

1892 2530 2002 2593 lux,
2031 2545 2134 2582 non
2170 2538 2248 2583 est
2274 2527 2411 2580 alius
2433 2534 2630 2596 praeter
2652 2541 2769 2589 tne;
2802 2538 2939 2576 anne
2966 2523 3168 2576 idcirco
3191 2523 3466 2590 proprium

1891 2638 2046 2676 suum
2079 2622 2417 2691 splendorem
2446 2619 2646 2672 lumine
2675 2619 2872 2687 privat,
2929 2632 3051 2670 cum
3095 2617 3270 2685 potius
3301 2616 3353 2670 id
3386 2618 3469 2669 di-

1891 2724 2000 2774 cat,
2024 2721 2082 2764 ttt
2119 2711 2306 2764 falsam
2335 2709 2508 2763 lucem
2536 2724 2566 2762 e
2594 2709 2770 2762 medio
2798 2708 2990 2760 tollat?
3019 2707 3265 2760 Absurde
3291 2707 3468 2776 prole-

1891 2817 1979 2857 cto
2006 2805 2077 2857 ita
2110 2801 2404 2856 sentiretis.
2423 2801 2556 2856 Cum
2591 2801 2753 2870 igitur
2784 2799 2945 2853 Pater
2969 2800 3098 2853 dicit
3125 2817 3138 2852 :
3176 2817 3193 2848 ι
3222 2799 3327 2866 Ego
3347 2814 3466 2851 sum

1897 2896 2034 2949 Deus
2062 2895 2228 2958 solus,
2252 2903 2306 2948 et
2329 2909 2433 2947 non
2456 2905 2537 2947 est
2565 2894 2700 2946 alius
2725 2901 2921 2960 prazter
2939 2907 3041 2955 me,
3082 2909 3102 2943 ι
3148 2907 3250 2944 non
3281 2892 3470 2944 exclu-

1893 2988 2026 3040 dita
2069 2986 2268 3041 deitate
2328 2985 2378 3039 id
2409 2986 2551 3054 quod
2585 2994 2668 3038 est
2698 2984 2972 3053 proprium
3020 2997 3128 3036 sua:
3166 2982 3336 3051 ipsius
3382 2997 3469 3036 cs-

1892 3080 2100 3140 sentite,
2135 3080 2238 3132 ltoc
2269 3088 2371 3144 est,
2409 3076 2638 3131 Verbum
2685 3090 2748 3128 ex
2801 3089 2860 3128 se
2905 3075 3234 3142 procedens,
3294 3075 3386 3126 sed
3417 3074 3469 3124 in

1895 3171 2175 3225 identitate
2198 3181 2402 3224 natura:
2435 3184 2539 3223 una
2565 3184 2686 3224 cum
2710 3181 2776 3220 eo
2807 3167 3113 3228 exsistit,et
3142 3165 3195 3220 in
3227 3181 3329 3218 una
3357 3165 3472 3218 dei-

1895 3272 2003 3315 tate
2038 3262 2188 3316 illum
2235 3262 2396 3317 simul
2433 3276 2556 3316 cum
2607 3258 2770 3314 Patre
2803 3257 3124 3313 conﬁtentur
3174 3268 3229 3312 et
3275 3257 3476 3328 gloriﬁ-

1893 3369 2103 3409 camus.

1895 3549 2126 3614 ALIUD,
2171 3548 2446 3602 ostendens
2475 3546 2634 3616 quod,
2668 3545 2874 3599 tametsi
2902 3542 3232 3616 Pater‘salns
3261 3544 3474 3598 dicatur

2107 3612 2268 3678 Deus.
2301 3617 2458 3671 simul
2486 3612 2693 3686 quoque
2721 3616 3033 3684 intelligitur
3059 3612 3258 3668 Filius.

1968 3736 2195 3802 Quidam
2233 3733 2620 3801 prophetarum
2658 3730 2859 3784 alicubi
2895 3732 2962 3783 ad
2987 3727 3156 3782 Deum
3192 3730 3346 3784 aitzt
3371 3730 3474 3797 Qui

1898 3829 2137 3880 extendit
2160 3826 2354 3878 caelum
2394 3824 2541 3877 solus
2564 3823 2646 3890 ";
2683 3840 2702 3872 ι
2747 3831 2802 3874 et
2835 3819 2927 3874 Dei
2963 3836 3098 3875 vox:
3134 3841 3151 3871 ι
3182 3820 3295 3892 Ego
3326 3824 3476 3876 solus

1899 3918 2114 3970 extendi
2147 3919 2365 3970 coelum.
2391 3935 2408 3966 ι
2440 3915 2652 3968 Rursus
2674 3915 2740 3968 de
2756 3912 2896 3968 Filio
2922 3913 3208 3967 manifeste
3235 3913 3472 3968 dicitur:

1905 4030 1923 4061 ι
1957 4010 2131 4064 Verbo
2161 4007 2373 4060 Domini
2411 4006 2608 4060 ﬁrmati
2642 4014 2768 4060 sunt
2812 4005 3024 4060 caeli”.
3068 4024 3086 4056 ι
3138 4005 3270 4060 Cum
3314 4007 3478 4074 igitur

1899 4103 2112 4156 dicente
2146 4099 2254 4152 Deo
2290 4114 2353 4153 ac
2379 4099 2538 4152 Patre
2588 4113 2648 4152 se
2689 4097 2863 4152 solum
2910 4098 3218 4152 extendisse
3256 4098 3477 4164 coelum,

1901 4193 2069 4247 Filius
2107 4193 2272 4246 etiam
2317 4189 2446 4244 illud
2491 4189 2798 4244 condidisse
2839 4188 3073 4253 dicitur,
3131 4189 3477 4244 manifestum

1903 4283 2100 4352 cuique
2125 4292 2230 4346 est,
2266 4282 2476 4336 tametsi
2517 4281 2678 4336 Pater
2707 4279 2857 4336 solus
2902 4281 3115 4335 dicatur
3152 4295 3275 4335 esse
3322 4297 3481 4334 verus

1902 4376 2067 4444 Deus,
2103 4391 2209 4430 non
2250 4375 2466 4430 excludi
2509 4389 2538 4428 a
2586 4373 2870 4427 divinitate
2907 4371 3127 4437 Filium,
3178 4387 3274 4442 per
3317 4388 3477 4442 quem

220 4464 1032 4573 θινΐὸς,ῠσυμιτάραλαμϐάνετ-αι
1054 4493 1273 4554 πάντως
1303 4464 1397 4543 καὶ
1423 4489 1450 4541 ό
1472 4485 1620 4549 Υἱὸς,
1649 4485 1715 4538 δι’
1739 4476 1790 4537 οἶ

1905 4471 2090 4525 omnia
2125 4476 2402 4538 operatur,
2427 4475 2482 4521 et
2507 4464 2750 4534 loquitur
2771 4501 2786 4527 ,
2817 4474 2871 4518 et
2898 4473 2982 4518 est
3006 4478 3192 4517 revera
3221 4465 3272 4516 in
3297 4478 3402 4517 uno
3427 4473 3481 4516 et

216 4555 822 4666 ξάντα.ὲργάζεται
863 4587 960 4642 καὶ
997 4585 1177 4639 λαλεῖ·
1215 4583 1312 4635 καὶ
1358 4580 1505 4633 ἔστιν
1546 4578 1720 4641 ὅντως
1751 4579 1790 4630 ἐκ

1905 4561 2046 4625 solo,
2082 4575 2146 4616 ac
2183 4561 2356 4630 primo
2388 4567 2443 4612 et
2480 4573 2612 4612 vero
2652 4555 2992 4622 naturaliter,
3025 4557 3478 4626 quemadmodum

216 4692 300 4762 τῷ
325 4693 408 4744 ἑνὶ
444 4689 538 4742 καὶ
567 4686 712 4757 μόνῳ
757 4683 852 4736 καὶ
898 4676 1102 4750 πρώτῳ
1136 4674 1230 4729 καὶ
1260 4671 1498 4741 ἀληθινῷ
1539 4669 1807 4740 φυσικῶς,

218 4784 418 4853 ῶσπερ
445 4783 502 4834 ὲν
530 4778 608 4848 τῷ
638 4775 781 4846 φωτὶ
803 4773 862 4826 τὸ
894 4769 1235 4838 ἀπαύγασμα
1267 4762 1458 4817 αὑτοῦ.

700 4911 1066 5003 ΛΟΓΟΣ
1139 4894 1355 4994 ΚΗ’.

221 5085 336 5149 Εἰς
381 5081 447 5132 τὸ
487 5076 644 5145 παρὰ
682 5072 761 5138 τῷ
809 5067 1009 5149 {to-vni
1048 5066 1370 5149 neraliter-or,
1397 5082 1415 5113 ι
1467 5057 1806 5149 ξΙησοῦ-ςόᾴ

299 5131 635 5221 ,ἷτροέκοτπὶε
674 5131 870 5221 σοφίᾳ
902 5131 1000 5193 καὶ
1029 5131 1235 5205 ἡλικίᾳ
1273 5133 1374 5188 καὶ
1411 5131 1604 5202 χάριτι
1647 5131 1806 5198 παρὰ

301 5216 425 5287 6ὲῴ
446 5220 541 5273 καὶ
576 5216 926 5282 ἀνθρώποις.
957 5230 975 5260 ›

507 5351 830 5412 Ἀντίθεσις
857 5346 938 5410 ὡς
970 5345 1038 5396 ἐκ
1068 5340 1186 5396 τῶν
1217 5337 1538 5406 Εὐνομίου.

301 5489 413 5545 Καὶ
442 5487 559 5550 πῶς
601 5485 844 5546 δύναιτο,
878 5480 1073 5549 φησὶν,
1115 5475 1228 5538 ἴσος
1271 5467 1410 5525 εἶναι
1457 5469 1577 5522 κατ’
1621 5465 1808 5520 οὐσίαν

222 5583 308 5655 τῷ
335 5579 529 5652 Ηατρί,
560 5578 589 5629 6
620 5577 695 5648 μὴ
719 5573 920 5635 τέλειος
946 5568 1018 5623 ὥν
1043 5585 1058 5634 ;
1092 5566 1224 5620 Ἰδοὺ
1253 5563 1363 5633 γὰρ
1395 5560 1645 5630 φαίνεται
1673 5575 1806 5630 προ-

304 5769 351 5799 ⁹¹
389 5765 490 5821 lsa.
524 5775 667 5824 XLI",
700 5759 790 5814 “lt.
865 5756 910 5787 "
945 5751 1082 5811 Psal.
1117 5766 1287 5815 xxx",
1323 5749 1376 5803 6.
1452 5749 1499 5781 ’⁵
1529 5747 1659 5801 Luc.
1699 5759 1759 5813 tt,
1797 5742 1885 5800 59..

1906 4655 1960 4709 in
1988 4653 2190 4708 lumine
2225 4651 2480 4722 splendor
2513 4651 2705 4721 ipsius.

2148 4885 2719 4980 ASSERTIO
2788 4887 3252 4975 XXVIII.

1912 5041 1980 5095 In
2011 5039 2144 5094 illud
2170 5039 2324 5091 Lara:
2354 5037 2572 5098 dictum,
2607 5055 2624 5086 ι
2659 5035 2816 5090 Iesus
2849 5045 3025 5088 autem
3055 5033 3354 5099 proficiebat
3395 5051 3488 5085 διι-

1983 5110 2179 5210 pien't'ia
2225 5117 2272 5161 et
2307 5117 2459 5160 a'tate
2500 5123 2560 5160 ac
2601 5106 2772 5176 gratia
2807 5106 2947 5174 apud
3011 5105 3175 5156 Deum
3228 5113 3275 5156 et
3314 5105 3482 5154 Itami-

1985 5199 2072 5234 nes
2149 5219 2160 5231 .
2194 5197 2212 5229 ι

2425 5310 2668 5382 Objectio
2697 5309 2976 5365 Eunomii.

1984 5467 2055 5523 At
2086 5482 2193 5536 quo
2221 5474 2400 5537 pacto,
2433 5465 2630 5534 inquit.
2671 5472 2851 5534 potest
2890 5477 3010 5518 esse
3051 5463 3273 5532 atqttalis
3303 5479 3490 5517 essen-

1917 5561 2119 5616 tialiter
2149 5559 2295 5616 Patri
2333 5559 2421 5629 qui
2448 5558 2720 5630 perfectus
2753 5570 2857 5615 non
2883 5557 3008 5613 est?
3036 5557 3309 5612 Invenitur
3340 5558 3485 5611 enim
