3878 6208
380 254 489 308 425

1384 250 1442 299 δ.
1482 247 1755 301 (ΖῚΒΙΙΛΛ
1792 244 2261 301 ΛΙ.ΕΧΛΝ1)ΒΙΝ1
2300 245 2624 306 ARCIIIEP.

3531 250 3644 311 121»

377 371 643 439 proficere
700 369 753 423 iu
791 369 1077 435 sapientia.
1116 366 1273 419 Pater
1312 381 1459 430 vero,
1493 382 1616 419 cum
1649 366 1845 421 nullius
1881 366 1956 420 rei

2084 367 2282 421 ιόπτων
2317 370 2375 421 ὲν
2410 369 2594 441 σοφίᾳ.
2633 370 2693 422 ’0
2720 368 2776 423 δέ
2826 386 2889 440 γε
2928 367 3117 441 Πατὴρ
3144 367 3394 439 ἀνενδεὴς
3416 367 3521 437 ὣν,
3543 370 3650 426 οὐκ

377 464 592 528 indigns
623 462 717 520 sit.
745 462 1011 527 prolicere
1043 460 1251 524 nequit.

762 593 925 664 249
958 592 1163 645 Salutio
1212 590 1534 659 ofzjeclionis.

447 706 819 775 Interrogandi
881 714 1006 756 sunt
1059 705 1240 756 hostes
1280 702 1506 765 Christi,
1531 702 1595 754 de
1631 717 1739 767 quo
1772 713 1962 771 putent

378 799 580 850 dictum
616 812 756 861 esse,
796 812 813 845 ι
856 794 1089 846 Profecit
1121 795 1170 844 in
1198 793 1455 861 sapientia
1495 802 1546 843 ct
1580 792 1775 860 gratia.
1824 809 1842 841 >
1892 793 1960 843 At

377 896 526 941 certe
549 888 730 938 dicent
752 886 817 937 de
846 883 974 939 Iesu
1007 871 1243 938 Christo.
1274 883 1461 950 Atqui,
1495 896 1527 935 0
1577 883 1822 934 omnium
1858 883 1958 932 ho-

380 982 580 1032 minum
611 976 1031 1038 dementissimi,
1060 990 1347 1043 quemnatu
1395 984 1487 1025 aut
1531 972 1742 1041 qualem
1770 975 1960 1026 existi-

380 1072 540 1124 matis
571 1083 690 1123 esse
714 1066 1014 1128 Christum,
1036 1066 1102 1117 de
1128 1080 1233 1131 quo
1259 1061 1432 1116 Lucas
1486 1078 1629 1115 nunc
1695 1060 1961 1129 loquitur?

381 1162 513 1214 Nam
541 1162 584 1213 si
619 1160 961 1213 communem
988 1158 1219 1224 aliquem
1257 1157 1527 1209 hominem
1552 1171 1671 1210 esse
1700 1158 1960 1217 censetis,

382 1253 625 1320 nihilque
647 1249 876 1317 amplius
906 1266 1065 1317 quam
1100 1250 1289 1316 reliqui
1314 1247 1515 1303 habere
1536 1264 1658 1302 eum
1680 1248 1962 1303 existima-

381 1344 470 1405 tis,
509 1342 755 1410 proﬁciat
789 1343 950 1392 etiam
986 1341 1119 1407 ipse,
1162 1351 1216 1392 ut
1242 1341 1422 1394 homo.
1466 1340 1521 1394 Si
1547 1356 1678 1394 vero
1704 1340 1847 1393 Deus
1880 1353 1964 1394 est

383 1434 722 1494 incarnatus,
773 1442 829 1485 et
864 1431 1120 1495 Verbum,
1153 1432 1297 1485 sicut
1349 1433 1608 1500 scriptum
1656 1442 1742 1485 est
1777 1433 1844 1496 ’⁸,
1889 1436 1966 1484 fa-

388 1534 534 1577 ctum
562 1539 712 1586 caro,
750 1522 1023 1592 quomodo
1048 1524 1309 1591 proficere
1332 1524 1551 1592 potest?
1577 1533 1670 1574 aut
1694 1525 1964 1591 quomodo

382 1617 484 1670 crit
509 1615 875 1684 imperfectus,
906 1614 1096 1682 quiest
1122 1614 1347 1682 :equalis
1376 1613 1518 1667 Deo?
1551 1613 1787 1669 Necesse
1816 1615 1963 1668 enim

2058 461 2368 531 ἐπιδέχεται
2400 464 2701 532 προκοπήν.

2548 595 2706 661 Πρὸς
2744 592 2920 647 τοῦτο
2956 594 3158 661 λύσις.

2142 706 2447 777 Ἐρωτῆσαι
2511 708 2777 778 προσήκει
2829 708 2953 766 τοὺς
3026 706 3461 777 χριστομὰχους,
3514 710 3648 779 περὶ

2058 798 2202 861 τίνος
2239 800 2486 870 εἰρῆσθαι
2518 800 2802 870 νομίζουσι
2850 800 2932 864 τὸ,
2972 819 2989 851 ι
3018 800 3366 870 Προέκοπτεν
3396 802 3453 853 ὲν
3483 802 3652 871 σοφίᾳ

2061 895 2156 943 καὶ
2192 892 2396 962 χάριτι.
2426 910 2444 942 ι
2492 893 2634 944 ’Λλλ’
2673 891 2860 962 ἐροῦσι
2902 892 3144 961 δηλονότι
3178 892 3305 964 περὶ
3341 893 3434 946 τοῦ
3468 888 3650 961 Ἰησοῦ

2062 980 2323 1050 Χριστοῦ.
2371 977 2525 1044 Εἶτα,
2551 977 2596 1035 ὧ
2632 984 2849 1035 πάντων
2883 984 3258 1050 ἀνοητότατοι,
3298 984 3420 1035 τίνα
3468 983 3651 1035 οἴεσθε

2063 1072 2095 1140 ἢ
2134 1073 2366 1125 ποδαπὶν
2418 1070 2555 1126 εἶναι
2599 1075 2688 1126 τὸν
2726 1075 2963 1143 Χριστὸν
3011 1075 3140 1143 περὶ
3182 1068 3243 1127 οὗ
3290 1075 3386 1127 νῦν
3429 1078 3458 1128 ό
3490 1074 3647 1142 λόγου,

2064 1166 2177 1217 ἐστὶ
2212 1164 2289 1233 τῷ
2324 1167 2538 1235 Λουκᾷ;
2580 1167 2636 1218 Εἰ
2682 1166 2778 1235 μὲν
2821 1162 2915 1218 οὖν
2951 1166 3130 1218 κοινὸν
3176 1165 3463 1236 ἄνθρωπον
3508 1164 3654 1220 εἷνα.

2065 1256 2379 1319 πιστεύετε,
2434 1257 2529 1308 καὶ
2576 1257 2734 1309 πλέον
2778 1257 2930 1309 οὐδὲν
2966 1256 3109 1325 ἔχειν
3147 1255 3256 1309 τῶν
3302 1256 3478 1310 ἄλλων
3512 1257 3653 1309 ὐπο-

2064 1348 2402 1417 λαμὸἀνετε,
2438 1348 2795 1418 προκοπτέτω
2842 1348 2937 1401 καὶ
2985 1348 3177 1411 αὐτὸς,
3221 1349 3298 1411 ὡς
3335 1348 3649 1419 ἄνθρωπος.

2064 1438 2128 1491 Εἰ
2160 1438 2217 1492 δὲ
2259 1439 2390 1501 Θεός
2437 1440 2585 1492 ἐστιν
2628 1438 3085 1510 ὲνανθρωπήσας,
3131 1440 3224 1492 καὶ
3256 1440 3464 1507 Λόγος,
3506 1440 3652 1493 καθὰ

2065 1528 2401 1598 γέγραπται,
2447 1529 2739 1598 γενόμενος
2780 1529 2948 1600 σὰρξ,
2980 1528 3140 1581 ποίαν
3174 1528 3474 1592 ὲπιδὲξεται
3511 1546 3655 1599 προ-

2067 1621 2282 1690 κοπήν;
2329 1619 2360 1691 ἢ
2408 1619 2521 1684 πῶς
2572 1620 2767 1689 ἀτελής
2817 1621 2963 1673 ἐστιν
3004 1620 3033 1671 ὁ
3065 1619 3326 1690 ὑπάρχων
3360 1621 3451 1673 ἴσα
3499 1620 3653 1689 Θεῷ;

381 1718 463 1761 est
501 1704 871 1773 imperfectum
909 1720 1032 1758 esse
1086 1704 1248 1758 etiam
1276 1704 1424 1756 illum
1482 1706 1567 1758 cui
1620 1715 1704 1759 est
1754 1706 1964 1769 similis,

2084 1711 2322 1782 ’Λνάγκη
2348 1711 2455 1785 γὰρ
2482 1711 2649 1782 ἀτελῆ
2696 1714 2945 1767 κάκεῖνον
2970 1712 3256 1784 ὑπάρχειν,
3278 1706 3320 1779 ᾧ
3343 1714 3488 1764 ἐστιν
3515 1711 3655 1774 ἴσος,

382 1797 426 1849 si
453 1796 519 1848 ita
545 1811 601 1847 se
639 1795 797 1847 habet
822 1809 886 1846 ex
928 1803 1104 1848 vestra
1135 1795 1425 1848 sententia.
1463 1794 1753 1861 Caeterum,
1788 1797 1831 1849 si
1868 1797 1972 1849 huc

2084 1802 2139 1855 iv
2167 1802 2336 1867 οὕτως
2365 1802 2478 1873 ἔχει
2513 1802 2636 1857 καθ’
2663 1804 2828 1873 ὑμᾶς.
2856 1803 2918 1855 El
2946 1802 3002 1855 δὲ
3034 1802 3192 1856 τοῦτο
3228 1806 3440 1873 φρονεῖν
3471 1820 3527 1855 τε
3561 1805 3661 1855 καὶ

382 1897 439 1941 et
473 1887 712 1954 cogitatu
768 1886 987 1938 etdictu
1026 1887 1245 1956 impium
1302 1897 1405 1951 est,
1432 1896 1483 1940 et
1532 1889 1686 1943 vobis
1726 1890 1855 1958 ipsis
1900 1890 1969 1943 ita

383 1987 609 2050 apparet
650 1978 1132 2049 (perfectumenim
1156 1994 1275 2033 esse
1292 1978 1508 2033 Patrem
1535 1979 1766 2033 confessi
1792 1982 1969 2049 estis),

386 2086 607 2125 necesse
630 2083 714 2124 est
768 2080 825 2125 nt
848 2071 1149 2140 perfectura
1181 2088 1394 2140 quoque
1430 2075 1716 2126 credamus
1738 2088 1860 2126 esse
1891 2072 1975 2126 Fi-

387 2164 541 2227 lium,
569 2162 659 2231 qui
692 2162 740 2215 ei
770 2163 995 2231 a-qnalis
1052 2175 1155 2217 est.
1207 2163 1496 2229 Quocirca,
1554 2178 1660 2216 non
1706 2170 1973 2231 quatenus

383 2266 469 2309 est
546 2255 800 2317 Verbum,
878 2256 1142 2322 proficere
1218 2257 1437 2320 dicitur,
1528 2255 1622 2309 sed
1704 2266 1974 2324 quatenus

387 2349 561 2404 factus
584 2359 671 2404 est
702 2349 866 2402 homo
884 2359 936 2403 et
975 2361 1222 2405 naturain
1270 2350 1549 2420 profectus
1596 2364 1848 2418 capacem
1884 2365 1976 2420 ge-

387 2452 571 2495 διονιῑ.

1062 2554 1295 2609 ALIUD.

458 2688 660 2745 Paulus
687 2689 881 2744 alicubi
922 2688 989 2743 de
1034 2689 1144 2743 Deo
1173 2686 1350 2741 Verbo
1383 2686 1479 2750 ait,
1512 2689 1653 2757 quod
1680 2687 1748 2742 sit
1779 2690 1830 2743 in
1868 2688 1975 2742 for-

391 2796 477 2835 ma
508 2782 697 2847 Diﬁ,et
722 2781 947 2850 aequalis
972 2781 1084 2835 Deo
1110 2780 1176 2833 ".
1217 2779 1274 2834 Si
1328 2795 1458 2849 ergo
1498 2795 1619 2834 cum
1672 2780 1744 2835 sit
1794 2798 1975 2850 aequa-

394 2871 463 2926 lis
496 2871 963 2942 Patri,profectus
980 2886 1148 2940 capax
1175 2881 1281 2935 est,
1307 2881 1360 2925 et
1395 2886 1578 2925 revera
1612 2873 1870 2942 profecit:
1895 2883 1977 2928 est

399 2965 600 3035 aliquid
632 2966 806 3034 majus
837 2964 1015 3030 Patre,
1052 2973 1107 3017 et
1144 2964 1377 3018 Verbum
1428 2964 1718 3034 proficiens
1757 2980 1979 3035 supera-

2071 1894 2251 1963 λέγειν
2287 1895 2564 1959 δυσσεϐὲς,
2593 1895 2689 1948 καὶ
2736 1896 2864 1965 παρ’
2893 1896 3018 1965 ὑμῖν
3046 1896 3229 1958 αὐτοῖς
3263 1895 3363 1965 ἤδη
3403 1895 3658 1963 φαίνεται

2074 1988 2297 2056 (τέλειον
2344 1989 2454 2059 γὰρ
2498 1983 2633 2041 εἶναι
2678 1987 2951 2040 δεδώκατε
3002 1986 3093 2041 τὸν
3129 1988 3397 2058 Πατέρα),
3439 1988 3658 2055 ᾁνάγκη

2072 2079 2278 2134 τέλειον
2306 2076 2442 2134 εἶναι
2473 2078 2752 2132 πιστεύειν
2782 2079 2877 2132 καὶ
2902 2079 2993 2132 τὸν
3027 2080 3142 2133 τσον
3167 2078 3315 2149 αὐτῷ
3344 2079 3490 2132 Υἱόν.
3520 2080 3661 2131 υῦκ-

2071 2169 2167 2223 οὖν
2198 2172 2259 2223 οῦ
2299 2170 2435 2223 καθὸ
2471 2170 2644 2238 Λόγος
2686 2169 2822 2232 ἐστὶ,
2863 2168 3193 2240 προκόπτειν
3226 2167 3473 2234 λέγεται,
3519 2166 3659 2219 ἀλλὰ

2075 2261 2213 2315 καθὸ
2254 2261 2478 2331 γέγονεν
2523 2260 2842 2332 ἄνθρωπος·
2883 2260 2977 2313 καὶ
3024 2257 3187 2329 φύσιν
3236 2258 3506 2329 πεφόρεκε
3556 2256 3661 2327 τὴν

2072 2355 2265 2408 τούτου
2291 2355 2563 2425 δεκτικήν.

2761 2555 2968 2609 ΛΛΛΟ.

2148 2693 2308 2763 Λέγει
2342 2710 2443 2746 που
2483 2691 2692 2756 Παῦλος
2738 2691 2867 2763 περὶ
2898 2687 2994 2746 τοῦ
3039 2688 3175 2743 Θεοῦ
3204 2689 3398 2758 Λόγου,
3436 2689 3517 2742 ὅτι
3566 2705 3638 2742 κα

2078 2786 2135 2837 ὲν
2168 2787 2347 2856 μορφῇ
2376 2784 2510 2837 Θεοῦ
2540 2785 2794 2855 ὑπάρχει,
2838 2785 2932 2836 καὶ
2961 2785 3106 2836 ἐστιν
3149 2784 3235 2835 ἴσα
3288 2781 3422 2835 Θεῶ.
3456 2783 3517 2835 Εἰ
3551 2784 3663 2834 τοί-

2077 2894 2172 2929 νυν
2209 2879 2265 2931 ὲν
2302 2876 2504 2945 ἰσότητι
2537 2875 2629 2928 τοῦ
2667 2876 2874 2947 Πατρδς
2920 2876 3179 2946 ὑπάρχων
3219 2873 3502 2944 προκοπὴν
3541 2876 3667 2924 ἐπι-

2078 2967 2311 3036 δέχεται,
2343 2967 2437 3018 καὶ
2486 2967 2787 3038 προέκοψεν
2825 2969 3024 3030 ὅντως,
3072 2966 3188 3019 ἐστι
3232 2982 3285 3015 τι
3337 2964 3537 3032 μείζων
3568 2964 3665 3015 τοῦ

395 3061 472 3111 vit
497 3057 736 3122 Patrem,
767 3056 812 3111 si
842 3059 936 3120 ita,
973 3067 1031 3110 ut
1057 3071 1153 3109 vos
1187 3056 1505 3124 opinamini,
1529 3072 1587 3111 se
1644 3058 1823 3111 habet.
1871 3056 1974 3111 Sed

2084 3058 2315 3129 Πατρος,
2346 3059 2437 3111 καὶ
2468 3058 2779 3129 ὑπερήλατο
2820 3060 2911 3111 τὸν
2956 3060 3295 3128 γεννήσαντα
3320 3058 3349 3108 ὁ
3382 3055 3666 3125 προκόψας

398 3152 501 3205 hoc
522 3149 972 3203 absurdissimqu
1006 3158 1109 3202 est.
1140 3145 1257 3201 Non
1292 3162 1423 3217 ergo
1446 3150 1675 3218 profecit
1701 3159 1974 3220 quatenus

394 3252 480 3295 est
506 3241 766 3294 Verbum.
801 3238 1086 3293 Perfectus
1109 3239 1251 3292 enim
1275 3249 1378 3301 est,
1413 3248 1472 3292 ut
1510 3242 1625 3307 ipse
1646 3239 1813 3293 Pater
1836 3255 1851 3292 :
1877 3239 1975 3294 sed

395 3344 451 3386 et
477 3332 577 3386 hoc
599 3333 798 3386 dictum
833 3340 918 3385 est
940 3340 1159 3400 propter
1196 3330 1444 3386 humanae
1486 3342 1694 3386 naturae
1748 3332 1976 3387 admini-

397 3426 739 3479 strationem.

1066 3556 1308 3614 ALIUD.

457 3696 515 3752 Si
546 3695 777 3765 profecit
812 3693 1045 3749 Verbum
1077 3696 1298 3761 quando
1336 3693 1536 3746 factum
1583 3702 1668 3747 est
1720 3693 1900 3758 homo,
1926 3703 1980 3748 et

399 3804 623 3843 carnem
708 3800 951 3842 nostram
1012 3788 1293 3854 gestavit:
1333 3798 1479 3839 certe
1512 3786 1677 3851 ipsius
1730 3789 1980 3841 incarna-

402 3883 476 3934 tio
525 3880 660 3934 nihil
720 3878 1068 3933 emolumenti
1139 3879 1293 3931 nobis
1349 3877 1613 3942 attulerit,
1666 3879 1757 3931 sed
1805 3878 1982 3947 potius

400 3988 527 4025 caro
552 3972 666 4039 ipsa
694 3969 1082 4039 perfectionem
1111 3969 1182 4022 illi
1210 3971 1537 4023 conciliarit.
1566 3967 1697 4021 Nam
1722 3970 1767 4023 si
1791 3985 1979 4023 revera

403 4061 632 4132 profecit.
661 4062 877 4130 quando
909 4059 1085 4113 factus
1140 4068 1223 4113 est
1261 4076 1411 4124 caro,
1450 4075 1581 4128 ergo
1634 4058 1984 4128 imperfectus

401 4164 675 4208 eratante
703 4154 1165 4216 incarnationem,
1188 4162 1242 4205 et
1261 4153 1588 4220 nunc,juxta
1612 4162 1844 4204 vestram
1864 4153 1983 4218 opi-

404 4247 645 4309 nionem,
681 4244 954 4314 perfectus
976 4254 1082 4299 est.
1106 4247 1388 4309 Quomodo
1412 4244 1573 4313 igitur
1593 4258 1689 4296 nos
1712 4244 1760 4297 ei
1781 4246 1983 4311 gratias

404 4340 634 4407 agimus,
666 4346 723 4389 ut
755 4346 975 4405 propter
1007 4352 1106 4389 nos
1136 4338 1450 4399 incarnato,
1476 4351 1597 4389 cum
1637 4338 1751 4403 ipse
1808 4336 1985 4403 potius

2080 3154 2273 3221 Λόγος,
2319 3150 2385 3204 ἂν
2425 3151 2600 3215 οῦτως
2644 3152 2743 3222 ἔχῃ
2781 3152 2902 3204 καθ’
2931 3153 3093 3222 ὑμᾶς.
3140 3149 3300 3202 ’Λλλὰ
3350 3148 3507 3200 τοῦτο
3554 3147 3667 3199 τῶν

2081 3244 2466 3298 ἀτοπωτάτων.
2523 3244 2638 3296 Οῦκ
2684 3246 2791 3314 ἄρα
2835 3243 3157 3314 προέκοψεν,
3269 3238 3438 3317 Λόγος
3484 3238 3663 3289 ἐστιν’

2083 3338 2196 3389 ἔστι
2223 3334 2331 3407 γὰρ
2358 3337 2561 3399 τέλειος
2599 3335 2670 3398 ὡς
2698 3338 2725 3389 ὁ
2760 3336 2967 3405 Πατὴρ,
3001 3335 3113 3387 ἀλλ’
3142 3335 3352 3404 εἴρηται
3384 3330 3477 3383 καὶ
3508 3329 3669 3382 τοῦτο

2082 3431 2169 3484 διὰ
2192 3430 2290 3501 τὴν
2319 3428 2420 3500 τῆς
2446 3428 2910 3500 ἐνανθρωπήσεως
2937 3429 3267 3498 οἰκονομίαν.

2772 3568 2975 3619 ΛΛΛΟ.

2157 3700 2221 3752 Εἰ
2262 3698 2564 3769 προέκοψεν
2593 3700 2621 3751 ὁ
2654 3698 2825 3766 Λόγος
2858 3698 2945 3751 ὅτε
2981 3697 3203 3766 γέγονεν
3234 3697 3535 3768 ἄνθρωπος,
3571 3699 3667 3750 καὶ

2085 3792 2184 3862 τὴν
2208 3790 2363 3860 ήμῶν
2394 3791 2617 3860 ὲφόρεσε
2644 3790 2844 3859 σάρκα,
2872 3790 2972 3841 οὐκ
3004 3790 3164 3851 αὐτὸς
3197 3789 3477 3858 ὠφέλησεν
3519 3791 3669 3858 ἡμᾶς

2088 3881 2551 3952 ἐνανθρωπήσας,
2594 3880 2731 3933 ἀλλά
2787 3879 2986 3950 μᾶλλον
3034 3882 3065 3948 ἡ
3116 3877 3254 3949 σὰρξ
3294 3877 3439 3946 αὐτῴ
3473 3877 3667 3945 γέγονε

2086 3974 2186 4044 τῆς
2228 3969 2561 4033 τελειώσεως
2594 3970 2873 4041 πρόξενος.
2915 3972 2976 4023 ΕΞ
3007 3970 3115 4039 γὰρ
3142 3969 3309 4031 ὅντως
3338 3968 3668 4038 προέκοψεν,

2088 4065 2176 4118 ὅτε
2210 4064 2399 4133 γέγονε
2431 4061 2587 4132 σὰρξ,
2616 4062 2810 4132 ἀτελὴς
2838 4058 2904 4133 ἦν
2935 4062 3045 4131 ἄρα
3074 4061 3181 4131 πρὸ
3212 4061 3310 4128 τῆς
3339 4059 3665 4129 ἐπιδημίας·

2090 4159 2183 4211 καὶ
2211 4156 2304 4209 νῦν
2332 4154 2670 4209 τετελείωται
2702 4154 2823 4207 καθ’
2849 4155 3011 4224 ὑμᾶς.
3041 4153 3161 4215 Πῶς
3194 4147 3283 4204 οὖν
3313 4150 3671 4220 εὐχαριστοῦ-

2093 4267 2192 4320 μεν
2225 4247 2300 4311 ὼς
2341 4247 2408 4301 δι’
2454 4248 2600 4317 ἡμᾶς
2649 4246 3167 4317 ὲνανθρωπήσαντι,
3207 4245 3322 4297 δέον
3366 4244 3525 4295 αὐτόν
3573 4243 3670 4294 καὶ

2091 4340 2251 4411 χάριν
2275 4339 2557 4410 ὁμολογεῖν
2593 4336 2671 4407 τῷ
2700 4338 3019 4408 πράγματι;
3057 4335 3215 4388 Ἀλλὰ
3246 4334 3402 4387 τοῦτο
3442 4333 3666 4386 ἄτοπον.

404 4430 553 4483 carni
580 4444 730 4481 suam
771 4427 1157 4495 perfectionem
1185 4434 1459 4492 acceptam
1488 4424 1693 4478 referre
1720 4424 1939 4479 deberet
1962 4424 1974 4477 Ἰ

2090 4433 2202 4484 Οὐκ
2223 4430 2330 4502 ἄρα
2362 4429 2659 4501 προέκοψεν
2742 4430 2913 4497 Λόγος
2937 4427 3106 4491 ἐστὶν,
3134 4426 3248 4481 ἀλλ’
3270 4426 3481 4496 εἴρηται
3507 4425 3673 4477 τοῦτο

407 4520 513 4575 Sed
555 4520 657 4573 hoc
685 4520 979 4572 absurdum
1009 4528 1112 4572 est.
1144 4517 1261 4571 Non
1320 4519 1484 4587 igitur
1537 4517 1766 4586 profecit
1802 4527 1989 4588 quate-

406 4628 505 4664 nus
534 4620 618 4664 est
651 4608 904 4668 Verbum.
964 4615 1060 4664 sed
1099 4610 1200 4663 hoc
1225 4610 1530 4663 dietumest
1552 4619 1771 4678 propter
1824 4610 1988 4681 ipsius

405 4702 459 4755 in
483 4717 644 4755 carne
659 4702 1210 4756 administrationem.

1067 4814 1304 4872 ALIUD.

381 4951 392 5012 ί
476 4928 711 4983 Verbum
746 4929 838 4984 Dei
874 4930 1057 4984 multis
1098 4930 1408 4984 nominibus
1442 4945 1472 4984 a
1523 4944 1680 4984 sacra
1705 4928 1983 4999 Scriptura

403 5030 644 5076 vocatur.
676 5021 878 5076 Dicitur
900 5024 1042 5075 enim
1078 5032 1134 5075 et
1166 5030 1250 5075 est
1282 5020 1320 5074 F
1327 5020 1450 5074 ilius
1484 5042 1498 5075 :
1531 5030 1751 5075 vocatur
1809 5030 1864 5075 et
1904 5037 1990 5075 sa-

402 5115 627 5184 pientia,
658 5126 712 5168 et
744 5114 904 5177 Deus,
948 5124 1002 5166 et
1028 5114 1265 5182 potentia
1291 5113 1362 5178 ",
1388 5122 1443 5167 et
1462 5110 1635 5167 forma
1662 5123 1825 5182 atque
1851 5112 1986 5167 ima-

402 5220 469 5273 go
491 5203 537 5235 ⁸⁸
551 5202 751 5259 Patris.
785 5203 840 5258 Si
871 5202 1035 5273 250
1066 5220 1212 5268 vero,
1236 5219 1357 5257 cum
1390 5205 1503 5259 haec
1527 5205 1708 5259 omnia
1738 5207 1829 5269 sit,
1860 5220 1982 5275 pro-

404 5299 809 5368 licit,quidnam
836 5299 1006 5365 majus
1030 5300 1095 5350 de
1124 5299 1238 5367 ipso
1265 5299 1559 5366 prmdicare
1585 5298 1979 5367 possint,quam

401 5387 597 5444 Filium
655 5406 793 5454 esse,
831 5401 885 5442 et
927 5390 1273 5459 sapientiam,
1322 5399 1376 5444 et
1436 5391 1754 5458 potentiam,
1816 5399 1980 5458 atque

406 5481 591 5548 Deum,
612 5482 926 5550 reliquaque
951 5495 1070 5550 quae
1096 5479 1373 5550 sigillatim
1401 5493 1685 5535 recensere
1707 5478 1975 5549 prolixum

2088 4524 2176 4577 διὰ
2201 4523 2299 4595 τὴν
2328 4522 2468 4593 μετὰ
2498 4522 2699 4593 σαρκὸς
2729 4520 3056 4591 οἰκονομίαν.

2790 4810 2990 4865 ΛΛΛΟ.

2160 4926 2385 4988 Πολλοῖς
2413 4924 2673 4995 ὀνόμασιν
2703 4924 2731 4977 ὁ
2764 4924 2934 4992 Λόγος
2966 4922 3059 4975 τοῦ
3084 4919 3218 4975 Θεοῦ
3248 4920 3486 4975 καλεῖται
3521 4920 3667 4991 παρὰ

2088 5022 2155 5090 τῇ
2189 5020 2307 5090 θείᾳ
2338 5018 2549 5089 Γραφῇ.
2579 5018 2808 5089 Εἴρηται
2840 5018 2949 5088 γὰρ
2976 5018 3070 5069 καὶ
3097 5015 3241 5067 ἐστιν
3271 5014 3424 5076 Υἱός·
3457 5013 3665 5083 ἐκλήθη

2089 5115 2183 5169 καὶ
2221 5112 2411 5182 σοφία,
2446 5112 2755 5182 ὠνόμασται
2801 5110 2895 5163 καὶ
2927 5109 3091 5174 Θεὸς,
3138 5109 3229 5162 καὶ
3270 5109 3527 5176 δύναμις,
3571 5109 3666 5159 καὶ

2090 5204 2293 5279 μορφὴ,
2325 5204 2420 5257 καὶ
2465 5203 2627 5256 εἰκὼν
2655 5202 2749 5255 τοῦ
2782 5200 3015 5272 Πατρός.
3046 5200 3109 5253 Εἰ
3141 5199 3196 5253 δὲ
3225 5198 3395 5253 ταῦτα
3423 5198 3499 5250 ὢν
3526 5197 3668 5267 σύμ-

2085 5314 2262 5353 παντα
2297 5296 2619 5364 προκόπτει.
2643 5294 2696 5348 τί
2726 5296 2834 5366 ἄρα
2870 5293 3053 5365 μεῖζον
3083 5292 3297 5363 ἔχουσιν
3328 5292 3501 5343 εἰπεῖν
3532 5290 3664 5342 Υῐοῦ

2086 5393 2179 5445 καὶ
2209 5390 2419 5459 σοφίας,
2454 5389 2551 5441 καὶ
2578 5387 2880 5458 δυνάμεως,
2911 5385 3004 5438 καὶ
3031 5384 3192 5447 Θεοῦ,
3225 5384 3317 5437 καὶ
3356 5381 3461 5434 τῶν
3490 5380 3664 5434 ἄλλων

2084 5482 2359 5543 ἁπάντων,
2385 5477 2471 5530 ἵνα
2496 5478 2569 5549 μή
2593 5494 2677 5540 τις
2699 5476 2767 5529 τὰ
2793 5474 2911 5528 καθ’
2935 5473 3164 5527 ἕκαστον
3188 5471 3334 5540 λέγοι
3355 5485 3369 5537 ;
3388 5467 3528 5520 Ἀλλ’
3550 5466 3667 5521 ἔστι

473 5660 519 5693 ’⁸
544 5656 701 5713 Joau.
736 5673 772 5725 ι,
805 5658 891 5712 li.
968 5659 1012 5692 ’⁸
1044 5656 1272 5727 Philipp.
1303 5673 1362 5721 ιι,
1396 5656 1447 5709 6.
1526 5656 1569 5688 ’⁷
1599 5657 1613 5710 Ι
1639 5654 1767 5711 Cor.
1811 5670 1851 5721 ι,
1887 5656 1974 5752 ει.

2084 5658 2101 5688 ³
2127 5656 2332 5712 Coloss.
2363 5672 2399 5723 I,
2435 5655 2521 5709 l5.
