  <div class='ocr_page' id='page_1' title='image "/cluster/home/n/w/nwhite01/storage/ocr_20150623/75/nnc1.0046980121/232.png"; bbox 0 0 3878 6208; ppageno 0'>
   <div class='ocr_carea' id='block_1_1' title="bbox 209 327 320 389">
    <p class='ocr_par' dir='ltr' id='par_1_1' title="bbox 209 327 320 389">
     <span class='ocr_line' id='line_1_1' title="bbox 209 327 320 389; baseline 0.018 -2"><span class='ocrx_word' id='word_1_1' title='bbox 209 327 320 389; x_wconf 71' lang='grc'><strong>423</strong></span> 
     </span>
    </p>
   </div>
   <div class='ocr_carea' id='block_1_2' title="bbox 1596 336 2027 401">
    <p class='ocr_par' dir='ltr' id='par_1_2' title="bbox 1596 336 2027 401">
     <span class='ocr_line' id='line_1_2' title="bbox 1596 336 2027 401; baseline 0.009 -4"><span class='ocrx_word' id='word_1_2' title='bbox 1596 336 2027 401; x_wconf 80' lang='lat' dir='ltr'><strong>THESAURUS.</strong></span> 
     </span>
    </p>
   </div>
   <div class='ocr_carea' id='block_1_3' title="bbox 3336 371 3441 426">
    <p class='ocr_par' dir='ltr' id='par_1_3' title="bbox 3336 371 3441 426">
     <span class='ocr_line' id='line_1_3' title="bbox 3336 371 3441 426; baseline 0.01 -1"><span class='ocrx_word' id='word_1_3' title='bbox 3336 371 3441 426; x_wconf 67' lang='lat'><strong>426</strong></span> 
     </span>
    </p>
   </div>
   <div class='ocr_carea' id='block_1_4' title="bbox 206 449 1747 543">
    <p class='ocr_par' dir='ltr' id='par_1_4' title="bbox 206 449 1741 528">
     <span class='ocr_line' id='line_1_4' title="bbox 206 449 1741 528; baseline 0.008 -25"><span class='ocrx_word' id='word_1_4' title='bbox 206 449 369 503; x_wconf 81' lang='grc' dir='ltr'><strong>τοῦτο</strong></span> <span class='ocrx_word' id='word_1_5' title='bbox 401 451 614 521; x_wconf 81' lang='grc' dir='ltr'><strong>φρονεῖν</strong></span> <span class='ocrx_word' id='word_1_6' title='bbox 651 451 925 517; x_wconf 69' lang='grc' dir='ltr'><strong>δυσσεϐὲς.</strong></span> <span class='ocrx_word' id='word_1_7' title='bbox 955 454 1089 508; x_wconf 84' lang='grc' dir='ltr'><strong>Θεοῦ</strong></span> <span class='ocrx_word' id='word_1_8' title='bbox 1124 456 1232 528; x_wconf 85' lang='grc' dir='ltr'><strong>γὰρ</strong></span> <span class='ocrx_word' id='word_1_9' title='bbox 1265 458 1448 528; x_wconf 79' lang='grc' dir='ltr'><strong>μεῖζον</strong></span> <span class='ocrx_word' id='word_1_10' title='bbox 1478 460 1647 517; x_wconf 78' lang='grc' dir='ltr'><strong>οὐδέν.</strong></span> <span class='ocrx_word' id='word_1_11' title='bbox 1668 462 1741 516; x_wconf 81' lang='grc' dir='ltr'><strong>Οὐ</strong></span> 
     </span>
    </p>
   </div>
   <div class='ocr_carea' id='block_1_5' title="bbox 1855 449 3441 543">
    <p class='ocr_par' dir='ltr' id='par_1_5' title="bbox 1884 464 3441 543">
     <span class='ocr_line' id='line_1_5' title="bbox 1884 464 3441 543; baseline 0.016 -26"><span class='ocrx_word' id='word_1_12' title='bbox 1884 464 2063 519; x_wconf 86' lang='lat' dir='ltr'><strong>esset?</strong></span> <span class='ocrx_word' id='word_1_13' title='bbox 2104 466 2174 519; x_wconf 79' lang='lat' dir='ltr'><strong>At</strong></span> <span class='ocrx_word' id='word_1_14' title='bbox 2203 466 2534 537; x_wconf 83' lang='lat' dir='ltr'><strong>hocitnpiunt</strong></span> <span class='ocrx_word' id='word_1_15' title='bbox 2565 473 2798 541; x_wconf 81' lang='lat' dir='ltr'><strong>cogitatu</strong></span> <span class='ocrx_word' id='word_1_16' title='bbox 2854 486 2955 535; x_wconf 89' lang='lat' dir='ltr'><strong>est.</strong></span> <span class='ocrx_word' id='word_1_17' title='bbox 2991 478 3134 535; x_wconf 77' lang='lat' dir='ltr'><strong>Nihil</strong></span> <span class='ocrx_word' id='word_1_18' title='bbox 3175 485 3318 539; x_wconf 87' lang='lat' dir='ltr'><strong>enim</strong></span> <span class='ocrx_word' id='word_1_19' title='bbox 3358 499 3441 543; x_wconf 90' lang='lat' dir='ltr'><strong>est</strong></span> 
     </span>
    </p>
   </div>
   <div class='ocr_carea' id='block_1_6' title="bbox 206 536 1384 616">
    <p class='ocr_par' dir='ltr' id='par_1_6' title="bbox 206 536 1384 616">
     <span class='ocr_line' id='line_1_6' title="bbox 206 536 1384 616; baseline 0.008 -23"><span class='ocrx_word' id='word_1_20' title='bbox 206 542 338 612; x_wconf 79' lang='grc' dir='ltr'><strong>ἄρα,</strong></span> <span class='ocrx_word' id='word_1_21' title='bbox 424 542 597 611; x_wconf 97' lang='grc' dir='ltr'><strong>Λόγος</strong></span> <span class='ocrx_word' id='word_1_22' title='bbox 625 544 742 597; x_wconf 77' lang='grc' dir='ltr'><strong>ἐστὶ</strong></span> <span class='ocrx_word' id='word_1_23' title='bbox 794 546 1121 600; x_wconf 75' lang='grc' dir='ltr'><strong>προκόπτειν</strong></span> <span class='ocrx_word' id='word_1_24' title='bbox 1148 548 1384 616; x_wconf 84' lang='grc' dir='ltr'><strong>λέγεται.</strong></span> 
     </span>
    </p>
   </div>
   <div class='ocr_carea' id='block_1_7' title="bbox 886 743 1086 797">
    <p class='ocr_par' dir='ltr' id='par_1_7' title="bbox 886 743 1086 797">
     <span class='ocr_line' id='line_1_7' title="bbox 886 743 1086 797; baseline 0.015 -3"><span class='ocrx_word' id='word_1_25' title='bbox 886 743 1086 797; x_wconf 83' lang='grc' dir='ltr'><strong>ΑΛΛΟ.</strong></span> 
     </span>
    </p>
   </div>
   <div class='ocr_carea' id='block_1_8' title="bbox 287 852 1771 933">
    <p class='ocr_par' dir='ltr' id='par_1_8' title="bbox 287 852 1771 933">
     <span class='ocr_line' id='line_1_8' title="bbox 287 852 1771 933; baseline 0.012 -30"><span class='ocrx_word' id='word_1_26' title='bbox 287 852 496 922; x_wconf 76' lang='grc' dir='ltr'><strong>Ἀρχαὶ,</strong></span> <span class='ocrx_word' id='word_1_27' title='bbox 527 853 621 906; x_wconf 83' lang='grc' dir='ltr'><strong>καὶ</strong></span> <span class='ocrx_word' id='word_1_28' title='bbox 652 853 862 925; x_wconf 84' lang='grc' dir='ltr'><strong>Θρόνοι,</strong></span> <span class='ocrx_word' id='word_1_29' title='bbox 905 859 1000 909; x_wconf 86' lang='grc' dir='ltr'><strong>καὶ</strong></span> <span class='ocrx_word' id='word_1_30' title='bbox 1046 860 1399 930; x_wconf 78' lang='grc' dir='ltr'><strong>Κυριότητες,</strong></span> <span class='ocrx_word' id='word_1_31' title='bbox 1429 865 1680 933; x_wconf 76' lang='grc' dir='ltr'><strong>Ἀγγελοί</strong></span> <span class='ocrx_word' id='word_1_32' title='bbox 1714 878 1771 921; x_wconf 82' lang='grc' dir='ltr'><strong>τε</strong></span> 
     </span>
    </p>
   </div>
   <div class='ocr_carea' id='block_1_9' title="bbox 200 943 1770 1030">
    <p class='ocr_par' dir='ltr' id='par_1_9' title="bbox 200 943 1770 1030">
     <span class='ocr_line' id='line_1_9' title="bbox 200 943 1770 1030; baseline 0.014 -35"><span class='ocrx_word' id='word_1_33' title='bbox 200 943 299 996; x_wconf 78' lang='grc' dir='ltr'><strong>καὶ</strong></span> <span class='ocrx_word' id='word_1_34' title='bbox 332 946 713 1015; x_wconf 81' lang='grc' dir='ltr'><strong>’Λρχάγγελοι,</strong></span> <span class='ocrx_word' id='word_1_35' title='bbox 759 950 854 1004; x_wconf 78' lang='grc' dir='ltr'><strong>καὶ</strong></span> <span class='ocrx_word' id='word_1_36' title='bbox 888 952 1036 1006; x_wconf 80' lang='grc' dir='ltr'><strong>πᾶσα</strong></span> <span class='ocrx_word' id='word_1_37' title='bbox 1072 953 1299 1025; x_wconf 84' lang='grc' dir='ltr'><strong>δύναμις</strong></span> <span class='ocrx_word' id='word_1_38' title='bbox 1330 956 1552 1030; x_wconf 80' lang='grc' dir='ltr'><strong>λογικὴ,</strong></span> <span class='ocrx_word' id='word_1_39' title='bbox 1594 962 1672 1015; x_wconf 80' lang='grc' dir='ltr'><strong>ἔτι</strong></span> <span class='ocrx_word' id='word_1_40' title='bbox 1710 982 1770 1017; x_wconf 90' lang='grc' dir='ltr'><strong>τε</strong></span> 
     </span>
    </p>
   </div>
   <div class='ocr_carea' id='block_1_10' title="bbox 195 1036 1770 1122">
    <p class='ocr_par' dir='ltr' id='par_1_10' title="bbox 195 1036 1770 1122">
     <span class='ocr_line' id='line_1_10' title="bbox 195 1036 1770 1122; baseline 0.013 -34"><span class='ocrx_word' id='word_1_41' title='bbox 195 1036 336 1107; x_wconf 80' lang='grc' dir='ltr'><strong>πρὸς</strong></span> <span class='ocrx_word' id='word_1_42' title='bbox 366 1038 575 1103; x_wconf 76' lang='grc' dir='ltr'><strong>τούτοις</strong></span> <span class='ocrx_word' id='word_1_43' title='bbox 605 1040 878 1111; x_wconf 78' lang='grc' dir='ltr'><strong>ἄνθρωποι</strong></span> <span class='ocrx_word' id='word_1_44' title='bbox 908 1047 973 1115; x_wconf 82' lang='grc' dir='ltr'><strong>τῇ</strong></span> <span class='ocrx_word' id='word_1_45' title='bbox 1004 1044 1098 1098; x_wconf 89' lang='grc' dir='ltr'><strong>τοῦ</strong></span> <span class='ocrx_word' id='word_1_46' title='bbox 1121 1046 1294 1115; x_wconf 88' lang='grc' dir='ltr'><strong>Λόγου</strong></span> <span class='ocrx_word' id='word_1_47' title='bbox 1331 1054 1553 1122; x_wconf 81' lang='grc' dir='ltr'><strong>μετοχῇ,</strong></span> <span class='ocrx_word' id='word_1_48' title='bbox 1578 1054 1770 1109; x_wconf 81' lang='grc' dir='ltr'><strong>τέλειοι</strong></span> 
     </span>
    </p>
   </div>
   <div class='ocr_carea' id='block_1_11' title="bbox 193 1129 1770 1211">
    <p class='ocr_par' dir='ltr' id='par_1_11' title="bbox 193 1129 1770 1211">
     <span class='ocr_line' id='line_1_11' title="bbox 193 1129 1770 1211; baseline 0.012 -31"><span class='ocrx_word' id='word_1_49' title='bbox 193 1129 337 1199; x_wconf 81' lang='grc' dir='ltr'><strong>πρὸς</strong></span> <span class='ocrx_word' id='word_1_50' title='bbox 388 1132 570 1185; x_wconf 79' lang='grc' dir='ltr'><strong>πᾶσαν</strong></span> <span class='ocrx_word' id='word_1_51' title='bbox 619 1132 899 1187; x_wconf 71' lang='grc' dir='ltr'><strong>εὐσέϐειαν</strong></span> <span class='ocrx_word' id='word_1_52' title='bbox 945 1136 1054 1189; x_wconf 87' lang='grc' dir='ltr'><strong>είσί</strong></span> <span class='ocrx_word' id='word_1_53' title='bbox 1098 1155 1157 1191; x_wconf 89' lang='grc' dir='ltr'><strong>τε</strong></span> <span class='ocrx_word' id='word_1_54' title='bbox 1197 1140 1291 1193; x_wconf 78' lang='grc' dir='ltr'><strong>καὶ</strong></span> <span class='ocrx_word' id='word_1_55' title='bbox 1339 1141 1598 1210; x_wconf 87' lang='grc' dir='ltr'><strong>γίνονται.</strong></span> <span class='ocrx_word' id='word_1_56' title='bbox 1646 1145 1770 1211; x_wconf 85' lang='grc' dir='ltr'><strong>Πῶς</strong></span> 
     </span>
    </p>
   </div>
   <div class='ocr_carea' id='block_1_12' title="bbox 191 1215 1767 1303">
    <p class='ocr_par' dir='ltr' id='par_1_12' title="bbox 191 1215 1767 1303">
     <span class='ocr_line' id='line_1_12' title="bbox 191 1215 1767 1303; baseline 0.011 -33"><span class='ocrx_word' id='word_1_57' title='bbox 191 1215 289 1272; x_wconf 72' lang='grc' dir='ltr'><strong>οὖν</strong></span> <span class='ocrx_word' id='word_1_58' title='bbox 315 1220 345 1271; x_wconf 93' lang='lat'><strong>6</strong></span> <span class='ocrx_word' id='word_1_59' title='bbox 381 1222 493 1284; x_wconf 80' lang='grc' dir='ltr'><strong>τοῖς</strong></span> <span class='ocrx_word' id='word_1_60' title='bbox 518 1220 696 1285; x_wconf 83' lang='grc' dir='ltr'><strong>ἄλλοις</strong></span> <span class='ocrx_word' id='word_1_61' title='bbox 722 1223 822 1293; x_wconf 85' lang='grc' dir='ltr'><strong>τὴν</strong></span> <span class='ocrx_word' id='word_1_62' title='bbox 850 1224 1161 1295; x_wconf 80' lang='grc' dir='ltr'><strong>τελειότητα</strong></span> <span class='ocrx_word' id='word_1_63' title='bbox 1188 1228 1381 1294; x_wconf 74' lang='grc' dir='ltr'><strong>διδους,</strong></span> <span class='ocrx_word' id='word_1_64' title='bbox 1411 1231 1604 1303; x_wconf 81' lang='grc' dir='ltr'><strong>ἀτελὴς</strong></span> <span class='ocrx_word' id='word_1_65' title='bbox 1629 1228 1767 1287; x_wconf 76' lang='grc' dir='ltr'><strong>εἶναι</strong></span> 
     </span>
    </p>
   </div>
   <div class='ocr_carea' id='block_1_13' title="bbox 191 1312 1768 1396">
    <p class='ocr_par' dir='ltr' id='par_1_13' title="bbox 191 1312 1768 1396">
     <span class='ocr_line' id='line_1_13' title="bbox 191 1312 1768 1396; baseline 0.01 -32"><span class='ocrx_word' id='word_1_66' title='bbox 191 1312 438 1379; x_wconf 80' lang='grc' dir='ltr'><strong>δύναται,</strong></span> <span class='ocrx_word' id='word_1_67' title='bbox 469 1312 543 1377; x_wconf 82' lang='grc' dir='ltr'><strong>ὡς</strong></span> <span class='ocrx_word' id='word_1_68' title='bbox 578 1315 669 1367; x_wconf 79' lang='grc' dir='ltr'><strong>καὶ</strong></span> <span class='ocrx_word' id='word_1_69' title='bbox 694 1316 963 1386; x_wconf 76' lang='grc' dir='ltr'><strong>προκόψαι</strong></span> <span class='ocrx_word' id='word_1_70' title='bbox 986 1319 1190 1389; x_wconf 82' lang='grc' dir='ltr'><strong>ζητεῖν,</strong></span> <span class='ocrx_word' id='word_1_71' title='bbox 1216 1321 1311 1375; x_wconf 57' lang='grc' dir='ltr'><strong>καὶ¹</strong></span> <span class='ocrx_word' id='word_1_72' title='bbox 1336 1325 1413 1386; x_wconf 87' lang='grc' dir='ltr'><strong>είς</strong></span> <span class='ocrx_word' id='word_1_73' title='bbox 1447 1322 1616 1396; x_wconf 72' lang='grc' dir='ltr'><strong>αὔξην</strong></span> <span class='ocrx_word' id='word_1_74' title='bbox 1650 1328 1768 1380; x_wconf 80' lang='grc' dir='ltr'><strong>ἐπι-</strong></span> 
     </span>
    </p>
   </div>
   <div class='ocr_carea' id='block_1_14' title="bbox 190 1403 1766 1490">
    <p class='ocr_par' dir='ltr' id='par_1_14' title="bbox 190 1403 1766 1490">
     <span class='ocr_line' id='line_1_14' title="bbox 190 1403 1766 1490; baseline 0.012 -36"><span class='ocrx_word' id='word_1_75' title='bbox 190 1403 379 1457; x_wconf 84' lang='grc' dir='ltr'><strong>δοῦναί</strong></span> <span class='ocrx_word' id='word_1_76' title='bbox 409 1421 560 1472; x_wconf 88' lang='grc' dir='ltr'><strong>τινα;</strong></span> <span class='ocrx_word' id='word_1_77' title='bbox 603 1406 719 1471; x_wconf 79' lang='grc' dir='ltr'><strong>πῶς</strong></span> <span class='ocrx_word' id='word_1_78' title='bbox 747 1409 803 1461; x_wconf 83' lang='grc' dir='ltr'>δὲ</span> <span class='ocrx_word' id='word_1_79' title='bbox 836 1411 993 1481; x_wconf 85' lang='grc' dir='ltr'><strong>είπερ</strong></span> <span class='ocrx_word' id='word_1_80' title='bbox 1031 1411 1199 1476; x_wconf 70' lang='grc' dir='ltr'><strong>ὅντως</strong></span> <span class='ocrx_word' id='word_1_81' title='bbox 1249 1415 1409 1483; x_wconf 74' lang='grc' dir='ltr'><strong>σοφία</strong></span> <span class='ocrx_word' id='word_1_82' title='bbox 1441 1416 1591 1483; x_wconf 71' lang='grc' dir='ltr'><strong>ἐστὶ,</strong></span> <span class='ocrx_word' id='word_1_83' title='bbox 1634 1435 1766 1490; x_wconf 85' lang='grc' dir='ltr'><strong>προ-</strong></span> 
     </span>
    </p>
   </div>
   <div class='ocr_carea' id='block_1_15' title="bbox 191 1493 1765 1580">
    <p class='ocr_par' dir='ltr' id='par_1_15' title="bbox 191 1493 1765 1580">
     <span class='ocr_line' id='line_1_15' title="bbox 191 1493 1765 1580; baseline 0.013 -36"><span class='ocrx_word' id='word_1_84' title='bbox 191 1493 418 1547; x_wconf 88' lang='grc' dir='ltr'><strong>κόπτειν</strong></span> <span class='ocrx_word' id='word_1_85' title='bbox 452 1496 511 1548; x_wconf 78' lang='grc' dir='ltr'><strong>ὲν</strong></span> <span class='ocrx_word' id='word_1_86' title='bbox 538 1497 700 1568; x_wconf 79' lang='grc' dir='ltr'><strong>σοφίᾳ</strong></span> <span class='ocrx_word' id='word_1_87' title='bbox 723 1499 979 1568; x_wconf 86' lang='grc' dir='ltr'><strong>δύναται;</strong></span> <span class='ocrx_word' id='word_1_88' title='bbox 1011 1502 1044 1574; x_wconf 78' lang='grc' dir='ltr'>ἢ</span> <span class='ocrx_word' id='word_1_89' title='bbox 1084 1502 1201 1566; x_wconf 81' lang='grc' dir='ltr'><strong>πῶς</strong></span> <span class='ocrx_word' id='word_1_90' title='bbox 1225 1505 1252 1557; x_wconf 98' lang='lat'><strong>6</strong></span> <span class='ocrx_word' id='word_1_91' title='bbox 1283 1504 1461 1571; x_wconf 82' lang='grc' dir='ltr'><strong>ἄλλοις</strong></span> <span class='ocrx_word' id='word_1_92' title='bbox 1484 1509 1583 1578; x_wconf 80' lang='grc' dir='ltr'><strong>τὴν</strong></span> <span class='ocrx_word' id='word_1_93' title='bbox 1608 1511 1765 1580; x_wconf 82' lang='grc' dir='ltr'><strong>χάριν</strong></span> 
     </span>
    </p>
   </div>
   <div class='ocr_carea' id='block_1_16' title="bbox 184 1581 1765 1663">
    <p class='ocr_par' dir='ltr' id='par_1_16' title="bbox 184 1581 1765 1663">
     <span class='ocr_line' id='line_1_16' title="bbox 184 1581 1765 1663; baseline 0.009 -29"><span class='ocrx_word' id='word_1_94' title='bbox 184 1581 388 1648; x_wconf 79' lang='grc' dir='ltr'><strong>διδοὺς,</strong></span> <span class='ocrx_word' id='word_1_95' title='bbox 424 1583 586 1649; x_wconf 77' lang='grc' dir='ltr'><strong>αὐτὸς</strong></span> <span class='ocrx_word' id='word_1_96' title='bbox 626 1586 685 1638; x_wconf 83' lang='grc' dir='ltr'><strong>ὲν</strong></span> <span class='ocrx_word' id='word_1_97' title='bbox 710 1586 889 1657; x_wconf 83' lang='grc' dir='ltr'><strong>χάριτι</strong></span> <span class='ocrx_word' id='word_1_98' title='bbox 922 1590 1216 1658; x_wconf 86' lang='grc' dir='ltr'><strong>προκόπτει</strong></span> <span class='ocrx_word' id='word_1_99' title='bbox 1258 1590 1333 1654; x_wconf 84' lang='grc' dir='ltr'><strong>ὡς</strong></span> <span class='ocrx_word' id='word_1_100' title='bbox 1368 1593 1468 1646; x_wconf 84' lang='grc' dir='ltr'><strong>οὐκ</strong></span> <span class='ocrx_word' id='word_1_101' title='bbox 1497 1593 1635 1663; x_wconf 79' lang='grc' dir='ltr'><strong>ἔχων</strong></span> <span class='ocrx_word' id='word_1_102' title='bbox 1668 1596 1765 1649; x_wconf 82' lang='grc' dir='ltr'><strong>αὐ·-</strong></span> 
     </span>
    </p>
   </div>
   <div class='ocr_carea' id='block_1_17' title="bbox 184 1674 1764 1756">
    <p class='ocr_par' dir='ltr' id='par_1_17' title="bbox 184 1674 1764 1756">
     <span class='ocr_line' id='line_1_17' title="bbox 184 1674 1764 1756; baseline 0.009 -30"><span class='ocrx_word' id='word_1_103' title='bbox 184 1674 322 1745; x_wconf 80' lang='grc' dir='ltr'><strong>τήν;</strong></span> <span class='ocrx_word' id='word_1_104' title='bbox 358 1675 407 1729; x_wconf 90' lang='grc' dir='ltr'><strong>εί</strong></span> <span class='ocrx_word' id='word_1_105' title='bbox 439 1676 514 1747; x_wconf 84' lang='grc' dir='ltr'><strong>μὴ</strong></span> <span class='ocrx_word' id='word_1_106' title='bbox 562 1676 668 1747; x_wconf 73' lang='grc' dir='ltr'><strong>ἄρα</strong></span> <span class='ocrx_word' id='word_1_107' title='bbox 698 1677 985 1748; x_wconf 78' lang='grc' dir='ltr'><strong>ψεύδεσθαι</strong></span> <span class='ocrx_word' id='word_1_108' title='bbox 1032 1680 1122 1734; x_wconf 82' lang='grc' dir='ltr'><strong>τὸν</strong></span> <span class='ocrx_word' id='word_1_109' title='bbox 1171 1682 1383 1737; x_wconf 78' lang='grc' dir='ltr'><strong>Παῦλον</strong></span> <span class='ocrx_word' id='word_1_110' title='bbox 1433 1686 1638 1756; x_wconf 79' lang='grc' dir='ltr'><strong>ἐροῦσι,</strong></span> <span class='ocrx_word' id='word_1_111' title='bbox 1671 1689 1764 1741; x_wconf 78' lang='grc' dir='ltr'><strong>καὶ</strong></span> 
     </span>
    </p>
   </div>
   <div class='ocr_carea' id='block_1_18' title="bbox 187 1766 1759 1850">
    <p class='ocr_par' dir='ltr' id='par_1_18' title="bbox 187 1766 1759 1850">
     <span class='ocr_line' id='line_1_18' title="bbox 187 1766 1759 1850; baseline 0.01 -33"><span class='ocrx_word' id='word_1_112' title='bbox 187 1766 385 1834; x_wconf 78' lang='grc' dir='ltr'><strong>σοφίαν</strong></span> <span class='ocrx_word' id='word_1_113' title='bbox 435 1768 699 1822; x_wconf 82' lang='grc' dir='ltr'><strong>καλοῦντα</strong></span> <span class='ocrx_word' id='word_1_114' title='bbox 754 1771 845 1823; x_wconf 83' lang='grc' dir='ltr'><strong>τὸν</strong></span> <span class='ocrx_word' id='word_1_115' title='bbox 891 1772 1039 1837; x_wconf 79' lang='grc' dir='ltr'><strong>Υίὸν,</strong></span> <span class='ocrx_word' id='word_1_116' title='bbox 1080 1775 1173 1827; x_wconf 76' lang='grc' dir='ltr'><strong>καὶ</strong></span> <span class='ocrx_word' id='word_1_117' title='bbox 1225 1775 1443 1846; x_wconf 81' lang='grc' dir='ltr'><strong>χάριτος</strong></span> <span class='ocrx_word' id='word_1_118' title='bbox 1494 1780 1759 1850; x_wconf 89' lang='grc' dir='ltr'><strong>χορηγόν;</strong></span> 
     </span>
    </p>
   </div>
   <div class='ocr_carea' id='block_1_19' title="bbox 198 1854 1760 1939">
    <p class='ocr_par' dir='ltr' id='par_1_19' title="bbox 198 1854 1760 1939">
     <span class='ocr_line' id='line_1_19' title="bbox 198 1854 1760 1939; baseline 0.008 -30"><span class='ocrx_word' id='word_1_119' title='bbox 198 1854 340 1909; x_wconf 84' lang='grc' dir='ltr'><strong>Ἀλλ’</strong></span> <span class='ocrx_word' id='word_1_120' title='bbox 364 1858 426 1909; x_wconf 85' lang='grc' dir='ltr'><strong>οὺ</strong></span> <span class='ocrx_word' id='word_1_121' title='bbox 448 1856 701 1926; x_wconf 74' lang='grc' dir='ltr'><strong>ψεύδεται</strong></span> <span class='ocrx_word' id='word_1_122' title='bbox 732 1861 831 1930; x_wconf 80' lang='grc' dir='ltr'><strong>τῆς</strong></span> <span class='ocrx_word' id='word_1_123' title='bbox 856 1860 1111 1931; x_wconf 82' lang='grc' dir='ltr'><strong>ἀληθείας</strong></span> <span class='ocrx_word' id='word_1_124' title='bbox 1136 1865 1163 1915; x_wconf 94' lang='lat'><strong>6</strong></span> <span class='ocrx_word' id='word_1_125' title='bbox 1192 1864 1487 1935; x_wconf 78' lang='grc' dir='ltr'><strong>ὑπηρέτης.</strong></span> <span class='ocrx_word' id='word_1_126' title='bbox 1515 1868 1626 1921; x_wconf 76' lang='grc' dir='ltr'><strong>Οὐκ</strong></span> <span class='ocrx_word' id='word_1_127' title='bbox 1654 1868 1760 1939; x_wconf 85' lang='grc' dir='ltr'><strong>ἄρα</strong></span> 
     </span>
    </p>
   </div>
   <div class='ocr_carea' id='block_1_20' title="bbox 182 1944 1758 2032">
    <p class='ocr_par' dir='ltr' id='par_1_20' title="bbox 182 1944 1758 2032">
     <span class='ocr_line' id='line_1_20' title="bbox 182 1944 1758 2032; baseline 0.011 -34"><span class='ocrx_word' id='word_1_128' title='bbox 182 1946 510 2018; x_wconf 77' lang='grc' dir='ltr'><strong>προέκοψεν,</strong></span> <span class='ocrx_word' id='word_1_129' title='bbox 610 1951 781 2019; x_wconf 86' lang='grc' dir='ltr'><strong>Λόγος</strong></span> <span class='ocrx_word' id='word_1_130' title='bbox 836 1954 1004 2018; x_wconf 74' lang='grc' dir='ltr'><strong>ἐστὶν,</strong></span> <span class='ocrx_word' id='word_1_131' title='bbox 1046 1954 1165 2007; x_wconf 83' lang='grc' dir='ltr'><strong>ἀλλ’</strong></span> <span class='ocrx_word' id='word_1_132' title='bbox 1192 1956 1267 2019; x_wconf 83' lang='grc' dir='ltr'><strong>ὡς</strong></span> <span class='ocrx_word' id='word_1_133' title='bbox 1299 1959 1427 2028; x_wconf 78' lang='grc' dir='ltr'><strong>περὶ</strong></span> <span class='ocrx_word' id='word_1_134' title='bbox 1472 1959 1758 2032; x_wconf 77' lang='grc' dir='ltr'><strong>ἀνθρώπου</strong></span> 
     </span>
    </p>
   </div>
   <div class='ocr_carea' id='block_1_21' title="bbox 182 2035 1579 2119">
    <p class='ocr_par' dir='ltr' id='par_1_21' title="bbox 182 2035 1579 2119">
     <span class='ocr_line' id='line_1_21' title="bbox 182 2035 1579 2119; baseline 0.009 -30"><span class='ocrx_word' id='word_1_135' title='bbox 182 2035 425 2105; x_wconf 81' lang='grc' dir='ltr'><strong>λένεται,</strong></span> <span class='ocrx_word' id='word_1_136' title='bbox 454 2039 629 2094; x_wconf 81' lang='grc' dir='ltr'><strong>πάντα</strong></span> <span class='ocrx_word' id='word_1_137' title='bbox 653 2039 723 2093; x_wconf 82' lang='grc' dir='ltr'><strong>τὰ</strong></span> <span class='ocrx_word' id='word_1_138' title='bbox 748 2042 904 2113; x_wconf 83' lang='grc' dir='ltr'><strong>ἡμῶν</strong></span> <span class='ocrx_word' id='word_1_139' title='bbox 932 2044 1293 2111; x_wconf 76' lang='grc' dir='ltr'><strong>ἀναλαϐόντος</strong></span> <span class='ocrx_word' id='word_1_140' title='bbox 1319 2047 1387 2101; x_wconf 83' lang='grc' dir='ltr'><strong>δι’</strong></span> <span class='ocrx_word' id='word_1_141' title='bbox 1412 2050 1579 2119; x_wconf 78' lang='grc' dir='ltr'><strong>ἡμᾶς.</strong></span> 
     </span>
    </p>
   </div>
   <div class='ocr_carea' id='block_1_22' title="bbox 869 2160 1070 2214">
    <p class='ocr_par' dir='ltr' id='par_1_22' title="bbox 869 2160 1070 2214">
     <span class='ocr_line' id='line_1_22' title="bbox 869 2160 1070 2214; baseline 0.015 -2"><span class='ocrx_word' id='word_1_142' title='bbox 869 2160 1070 2214; x_wconf 85' lang='grc' dir='ltr'><strong>ΑΛΛΟ.</strong></span> 
     </span>
    </p>
   </div>
   <div class='ocr_carea' id='block_1_23' title="bbox 251 2288 1758 2373">
    <p class='ocr_par' dir='ltr' id='par_1_23' title="bbox 251 2288 1758 2373">
     <span class='ocr_line' id='line_1_23' title="bbox 251 2288 1758 2373; baseline 0.011 -32"><span class='ocrx_word' id='word_1_143' title='bbox 251 2288 332 2342; x_wconf 84' lang='lat' dir='ltr'><em>T6</em></span> <span class='ocrx_word' id='word_1_144' title='bbox 370 2290 554 2354; x_wconf 69' lang='grc' dir='ltr'><strong>ἀτελὲς</strong></span> <span class='ocrx_word' id='word_1_145' title='bbox 582 2291 669 2344; x_wconf 75' lang='grc' dir='ltr'><strong>ἀεὶ</strong></span> <span class='ocrx_word' id='word_1_146' title='bbox 700 2292 835 2363; x_wconf 87' lang='grc' dir='ltr'><strong>πρὸς</strong></span> <span class='ocrx_word' id='word_1_147' title='bbox 865 2293 926 2347; x_wconf 84' lang='grc' dir='ltr'><strong>τὸ</strong></span> <span class='ocrx_word' id='word_1_148' title='bbox 968 2294 1171 2349; x_wconf 82' lang='grc' dir='ltr'><strong>τέλειον</strong></span> <span class='ocrx_word' id='word_1_149' title='bbox 1210 2297 1504 2364; x_wconf 82' lang='grc' dir='ltr'><strong>ἐπείγεται,</strong></span> <span class='ocrx_word' id='word_1_150' title='bbox 1532 2300 1623 2356; x_wconf 83' lang='grc' dir='ltr'><strong>τὸν</strong></span> <span class='ocrx_word' id='word_1_151' title='bbox 1659 2302 1758 2373; x_wconf 82' lang='grc' dir='ltr'><strong>μὲν</strong></span> 
     </span>
    </p>
   </div>
   <div class='ocr_carea' id='block_1_24' title="bbox 179 2376 1756 2464">
    <p class='ocr_par' dir='ltr' id='par_1_24' title="bbox 179 2376 1756 2464">
     <span class='ocr_line' id='line_1_24' title="bbox 179 2376 1756 2464; baseline 0.012 -33"><span class='ocrx_word' id='word_1_152' title='bbox 179 2380 404 2451; x_wconf 84' lang='grc' dir='ltr'><strong>πρῶτον</strong></span> <span class='ocrx_word' id='word_1_153' title='bbox 450 2382 509 2434; x_wconf 83' lang='grc' dir='ltr'><strong>ὲν</strong></span> <span class='ocrx_word' id='word_1_154' title='bbox 546 2376 697 2453; x_wconf 84' lang='grc' dir='ltr'><strong>ᾧπέρ</strong></span> <span class='ocrx_word' id='word_1_155' title='bbox 743 2386 889 2438; x_wconf 76' lang='grc' dir='ltr'><strong>ἐστιν</strong></span> <span class='ocrx_word' id='word_1_156' title='bbox 933 2387 1200 2458; x_wconf 83' lang='grc' dir='ltr'><strong>ἀτιμάξον</strong></span> <span class='ocrx_word' id='word_1_157' title='bbox 1240 2394 1424 2459; x_wconf 86' lang='grc' dir='ltr'><strong>τόπον,</strong></span> <span class='ocrx_word' id='word_1_158' title='bbox 1470 2392 1666 2464; x_wconf 79' lang='grc' dir='ltr'><strong>ζητοῦν</strong></span> <span class='ocrx_word' id='word_1_159' title='bbox 1698 2396 1756 2449; x_wconf 87' lang='grc' dir='ltr'><strong>δὲ</strong></span> 
     </span>
    </p>
   </div>
   <div class='ocr_carea' id='block_1_25' title="bbox 178 2468 1755 2562">
    <p class='ocr_par' dir='ltr' id='par_1_25' title="bbox 178 2468 1755 2562">
     <span class='ocr_line' id='line_1_25' title="bbox 178 2468 1755 2562; baseline 0.013 -38"><span class='ocrx_word' id='word_1_160' title='bbox 178 2468 373 2542; x_wconf 84' lang='grc' dir='ltr'><strong>ὥσπερ</strong></span> <span class='ocrx_word' id='word_1_161' title='bbox 416 2474 503 2525; x_wconf 79' lang='grc' dir='ltr'><strong>ἀεὶ</strong></span> <span class='ocrx_word' id='word_1_162' title='bbox 545 2474 635 2527; x_wconf 86' lang='grc' dir='ltr'><strong>τὸν</strong></span> <span class='ocrx_word' id='word_1_163' title='bbox 664 2476 721 2528; x_wconf 86' lang='grc' dir='ltr'><strong>ὲν</strong></span> <span class='ocrx_word' id='word_1_164' title='bbox 762 2476 969 2546; x_wconf 76' lang='grc' dir='ltr'><strong>μείζοσι</strong></span> <span class='ocrx_word' id='word_1_165' title='bbox 1009 2481 1102 2533; x_wconf 79' lang='grc' dir='ltr'><strong>καὶ</strong></span> <span class='ocrx_word' id='word_1_166' title='bbox 1132 2481 1413 2552; x_wconf 85' lang='grc' dir='ltr'><strong>ἀμείνονα.</strong></span> <span class='ocrx_word' id='word_1_167' title='bbox 1458 2482 1581 2541; x_wconf 81' lang='grc' dir='ltr'><strong>Οίον</strong></span> <span class='ocrx_word' id='word_1_168' title='bbox 1624 2490 1755 2562; x_wconf 78' lang='grc' dir='ltr'><strong>φέρε</strong></span> 
     </span>
    </p>
   </div>
   <div class='ocr_carea' id='block_1_26' title="bbox 178 2562 1753 2645">
    <p class='ocr_par' dir='ltr' id='par_1_26' title="bbox 178 2562 1753 2645">
     <span class='ocr_line' id='line_1_26' title="bbox 178 2562 1753 2645; baseline 0.012 -32"><span class='ocrx_word' id='word_1_169' title='bbox 178 2562 379 2627; x_wconf 77' lang='grc' dir='ltr'><strong>εἰπεῖν,</strong></span> <span class='ocrx_word' id='word_1_170' title='bbox 407 2562 681 2634; x_wconf 78' lang='grc' dir='ltr'><strong>ἄνθρωποι</strong></span> <span class='ocrx_word' id='word_1_171' title='bbox 724 2567 1106 2638; x_wconf 87' lang='grc' dir='ltr'><strong>προκόπτομεν</strong></span> <span class='ocrx_word' id='word_1_172' title='bbox 1137 2570 1195 2623; x_wconf 82' lang='grc' dir='ltr'><strong>ὲν</strong></span> <span class='ocrx_word' id='word_1_173' title='bbox 1226 2573 1387 2645; x_wconf 79' lang='grc' dir='ltr'><strong>σοφίᾳ</strong></span> <span class='ocrx_word' id='word_1_174' title='bbox 1408 2590 1421 2603; x_wconf 89' lang='grc'><strong>·</strong></span> <span class='ocrx_word' id='word_1_175' title='bbox 1451 2574 1601 2641; x_wconf 80' lang='grc' dir='ltr'><strong>ὄντες</strong></span> <span class='ocrx_word' id='word_1_176' title='bbox 1634 2582 1753 2645; x_wconf 84' lang='grc' dir='ltr'><strong>ταῖς</strong></span> 
     </span>
    </p>
   </div>
   <div class='ocr_carea' id='block_1_27' title="bbox 176 2653 1753 2735">
    <p class='ocr_par' dir='ltr' id='par_1_27' title="bbox 176 2653 1753 2735">
     <span class='ocr_line' id='line_1_27' title="bbox 176 2653 1753 2735; baseline 0.013 -30"><span class='ocrx_word' id='word_1_177' title='bbox 176 2653 371 2719; x_wconf 77' lang='grc' dir='ltr'><strong>ἄλλαις</strong></span> <span class='ocrx_word' id='word_1_178' title='bbox 416 2656 635 2725; x_wconf 82' lang='grc' dir='ltr'><strong>ἀρεταῖς</strong></span> <span class='ocrx_word' id='word_1_179' title='bbox 680 2658 774 2711; x_wconf 77' lang='grc' dir='ltr'><strong>καὶ</strong></span> <span class='ocrx_word' id='word_1_180' title='bbox 832 2659 1005 2731; x_wconf 82' lang='grc' dir='ltr'><strong>βραχὺ</strong></span> <span class='ocrx_word' id='word_1_181' title='bbox 1054 2661 1458 2735; x_wconf 81' lang='grc' dir='ltr'><strong>βελτιούμενοι,</strong></span> <span class='ocrx_word' id='word_1_182' title='bbox 1508 2669 1651 2723; x_wconf 80' lang='grc' dir='ltr'><strong>οὓτω</strong></span> <span class='ocrx_word' id='word_1_183' title='bbox 1694 2690 1753 2725; x_wconf 87' lang='grc' dir='ltr'><strong>τε</strong></span> 
     </span>
    </p>
   </div>
   <div class='ocr_carea' id='block_1_28' title="bbox 178 2745 1754 2832">
    <p class='ocr_par' dir='ltr' id='par_1_28' title="bbox 178 2745 1754 2832">
     <span class='ocr_line' id='line_1_28' title="bbox 178 2745 1754 2832; baseline 0.013 -35"><span class='ocrx_word' id='word_1_184' title='bbox 178 2745 320 2815; x_wconf 82' lang='grc' dir='ltr'><strong>πρὸς</strong></span> <span class='ocrx_word' id='word_1_185' title='bbox 345 2746 650 2818; x_wconf 85' lang='grc' dir='ltr'><strong>τελειότητα</strong></span> <span class='ocrx_word' id='word_1_186' title='bbox 681 2748 793 2819; x_wconf 84' lang='grc' dir='ltr'><strong>βίου</strong></span> <span class='ocrx_word' id='word_1_187' title='bbox 821 2751 1117 2823; x_wconf 81' lang='grc' dir='ltr'><strong>φερόμεθα.</strong></span> <span class='ocrx_word' id='word_1_188' title='bbox 1152 2755 1211 2809; x_wconf 87' lang='lat'><strong>&#39;0</strong></span> <span class='ocrx_word' id='word_1_189' title='bbox 1230 2756 1287 2810; x_wconf 86' lang='grc' dir='ltr'><strong>δὲ</strong></span> <span class='ocrx_word' id='word_1_190' title='bbox 1314 2757 1407 2811; x_wconf 90' lang='grc' dir='ltr'><strong>τοῦ</strong></span> <span class='ocrx_word' id='word_1_191' title='bbox 1431 2759 1563 2814; x_wconf 85' lang='grc' dir='ltr'><strong>Θεοῦ</strong></span> <span class='ocrx_word' id='word_1_192' title='bbox 1583 2763 1754 2832; x_wconf 86' lang='grc' dir='ltr'><strong>Λόγος</strong></span> 
     </span>
    </p>
   </div>
   <div class='ocr_carea' id='block_1_29' title="bbox 174 2836 1751 2919">
    <p class='ocr_par' dir='ltr' id='par_1_29' title="bbox 174 2836 1751 2919">
     <span class='ocr_line' id='line_1_29' title="bbox 174 2836 1751 2919; baseline 0.012 -30"><span class='ocrx_word' id='word_1_193' title='bbox 174 2837 316 2899; x_wconf 80' lang='grc' dir='ltr'><strong>ὅλως</strong></span> <span class='ocrx_word' id='word_1_194' title='bbox 343 2836 418 2891; x_wconf 75' lang='grc' dir='ltr'><strong>ὢν</strong></span> <span class='ocrx_word' id='word_1_195' title='bbox 443 2841 501 2891; x_wconf 82' lang='grc' dir='ltr'><strong>ὲν</strong></span> <span class='ocrx_word' id='word_1_196' title='bbox 530 2841 721 2911; x_wconf 73' lang='grc' dir='ltr'><strong>Πατρὶ,</strong></span> <span class='ocrx_word' id='word_1_197' title='bbox 755 2844 847 2895; x_wconf 82' lang='grc' dir='ltr'><strong>ποῖ</strong></span> <span class='ocrx_word' id='word_1_198' title='bbox 871 2852 1003 2896; x_wconf 76' lang='grc' dir='ltr'><strong>ποτε</strong></span> <span class='ocrx_word' id='word_1_199' title='bbox 1038 2846 1465 2919; x_wconf 82' lang='grc' dir='ltr'><strong>ἀναδραμεῖται;</strong></span> <span class='ocrx_word' id='word_1_200' title='bbox 1502 2853 1661 2907; x_wconf 86' lang='grc' dir='ltr'><strong>ποίαν</strong></span> <span class='ocrx_word' id='word_1_201' title='bbox 1694 2855 1751 2908; x_wconf 81' lang='grc' dir='ltr'><strong>δὲ</strong></span> 
     </span>
    </p>
   </div>
   <div class='ocr_carea' id='block_1_30' title="bbox 173 2926 1751 3018">
    <p class='ocr_par' dir='ltr' id='par_1_30' title="bbox 173 2926 1751 3018">
     <span class='ocr_line' id='line_1_30' title="bbox 173 2926 1751 3018; baseline 0.016 -40"><span class='ocrx_word' id='word_1_202' title='bbox 173 2926 353 2995; x_wconf 78' lang='grc' dir='ltr'><strong>αὔξην</strong></span> <span class='ocrx_word' id='word_1_203' title='bbox 382 2930 685 2995; x_wconf 82' lang='grc' dir='ltr'><strong>ὲπιδὲξεται</strong></span> <span class='ocrx_word' id='word_1_204' title='bbox 716 2932 860 2987; x_wconf 77' lang='grc' dir='ltr'><strong>οὕτω</strong></span> <span class='ocrx_word' id='word_1_205' title='bbox 898 2936 1100 3003; x_wconf 79' lang='grc' dir='ltr'><strong>τέλειος</strong></span> <span class='ocrx_word' id='word_1_206' title='bbox 1133 2940 1228 3007; x_wconf 84' lang='grc' dir='ltr'><strong>ὢν,</strong></span> <span class='ocrx_word' id='word_1_207' title='bbox 1260 2943 1335 3007; x_wconf 85' lang='grc' dir='ltr'><strong>ὡς</strong></span> <span class='ocrx_word' id='word_1_208' title='bbox 1368 2945 1485 2999; x_wconf 82' lang='grc' dir='ltr'><strong>ὅλον</strong></span> <span class='ocrx_word' id='word_1_209' title='bbox 1518 2946 1661 3018; x_wconf 75' lang='grc' dir='ltr'><strong>ἔχειν</strong></span> <span class='ocrx_word' id='word_1_210' title='bbox 1693 2952 1751 3004; x_wconf 88' lang='grc' dir='ltr'><strong>ἐν</strong></span> 
     </span>
    </p>
   </div>
   <div class='ocr_carea' id='block_1_31' title="bbox 174 3019 1747 3112">
    <p class='ocr_par' dir='ltr' id='par_1_31' title="bbox 174 3019 1747 3112">
     <span class='ocr_line' id='line_1_31' title="bbox 174 3019 1747 3112; baseline 0.016 -42"><span class='ocrx_word' id='word_1_211' title='bbox 174 3019 359 3090; x_wconf 78' lang='grc' dir='ltr'><strong>ἑαυτῷ</strong></span> <span class='ocrx_word' id='word_1_212' title='bbox 388 3021 479 3075; x_wconf 87' lang='grc' dir='ltr'><strong>τὸν</strong></span> <span class='ocrx_word' id='word_1_213' title='bbox 515 3023 748 3095; x_wconf 80' lang='grc' dir='ltr'><strong>Πατέρα,</strong></span> <span class='ocrx_word' id='word_1_214' title='bbox 781 3028 875 3080; x_wconf 77' lang='grc' dir='ltr'><strong>καὶ</strong></span> <span class='ocrx_word' id='word_1_215' title='bbox 916 3028 1036 3095; x_wconf 83' lang='grc' dir='ltr'><strong>ὅλος</strong></span> <span class='ocrx_word' id='word_1_216' title='bbox 1081 3032 1223 3087; x_wconf 76' lang='grc' dir='ltr'><strong>εἶναι</strong></span> <span class='ocrx_word' id='word_1_217' title='bbox 1256 3035 1418 3090; x_wconf 83' lang='grc' dir='ltr'><strong>πάλιν</strong></span> <span class='ocrx_word' id='word_1_218' title='bbox 1449 3041 1506 3093; x_wconf 72' lang='grc' dir='ltr'><strong>ἐν</strong></span> <span class='ocrx_word' id='word_1_219' title='bbox 1539 3023 1747 3112; x_wconf 83' lang='grc' dir='ltr'><strong>Πατρί;</strong></span> 
     </span>
    </p>
   </div>
   <div class='ocr_carea' id='block_1_32' title="bbox 174 3109 1476 3197">
    <p class='ocr_par' dir='ltr' id='par_1_32' title="bbox 174 3109 1476 3197">
     <span class='ocr_line' id='line_1_32' title="bbox 174 3109 1476 3197; baseline 0.015 -36"><span class='ocrx_word' id='word_1_220' title='bbox 174 3109 236 3162; x_wconf 77' lang='lat' dir='ltr'><strong>Ei</strong></span> <span class='ocrx_word' id='word_1_221' title='bbox 284 3109 399 3181; x_wconf 80' lang='grc' dir='ltr'><strong>γὰρ</strong></span> <span class='ocrx_word' id='word_1_222' title='bbox 431 3111 521 3163; x_wconf 76' lang='grc' dir='ltr'><strong>τὸν</strong></span> <span class='ocrx_word' id='word_1_223' title='bbox 563 3113 781 3186; x_wconf 84' lang='grc' dir='ltr'><strong>Πατέρα</strong></span> <span class='ocrx_word' id='word_1_224' title='bbox 810 3116 1033 3189; x_wconf 82' lang='grc' dir='ltr'><strong>πληρῶν</strong></span> <span class='ocrx_word' id='word_1_225' title='bbox 1059 3120 1331 3193; x_wconf 80' lang='grc' dir='ltr'><strong>(εἰρήσθω</strong></span> <span class='ocrx_word' id='word_1_226' title='bbox 1367 3127 1476 3197; x_wconf 84' lang='grc' dir='ltr'><strong>γὰρ</strong></span> 
     </span>
    </p>
   </div>
   <div class='ocr_carea' id='block_1_33' title="bbox 174 3200 1752 3292">
    <p class='ocr_par' dir='ltr' id='par_1_33' title="bbox 174 3200 1752 3292">
     <span class='ocr_line' id='line_1_33' title="bbox 174 3200 1752 3292; baseline 0.015 -41"><span class='ocrx_word' id='word_1_227' title='bbox 174 3200 549 3270; x_wconf 84' lang='grc' dir='ltr'><strong>ματικώτερον</strong></span> <span class='ocrx_word' id='word_1_228' title='bbox 574 3204 649 3267; x_wconf 86' lang='grc' dir='ltr'><strong>ὡς</strong></span> <span class='ocrx_word' id='word_1_229' title='bbox 678 3206 737 3259; x_wconf 85' lang='grc' dir='ltr'><strong>ὲν</strong></span> <span class='ocrx_word' id='word_1_230' title='bbox 764 3207 1173 3284; x_wconf 82' lang='grc' dir='ltr'><strong>ὑποδείγματι),</strong></span> <span class='ocrx_word' id='word_1_231' title='bbox 1217 3217 1497 3288; x_wconf 80' lang='grc' dir='ltr'><strong>προκοπὴν</strong></span> <span class='ocrx_word' id='word_1_232' title='bbox 1523 3220 1556 3290; x_wconf 81' lang='grc' dir='ltr'><strong>ἢ</strong></span> <span class='ocrx_word' id='word_1_233' title='bbox 1583 3220 1752 3292; x_wconf 77' lang='grc' dir='ltr'><strong>αὔξην</strong></span> 
     </span>
    </p>
   </div>
   <div class='ocr_carea' id='block_1_34' title="bbox 170 3291 1751 3379">
    <p class='ocr_par' dir='ltr' id='par_1_34' title="bbox 170 3291 1751 3379">
     <span class='ocr_line' id='line_1_34' title="bbox 170 3291 1751 3379; baseline 0.016 -37"><span class='ocrx_word' id='word_1_234' title='bbox 170 3291 465 3357; x_wconf 79' lang='grc' dir='ltr'><strong>ὲπεδέξατό</strong></span> <span class='ocrx_word' id='word_1_235' title='bbox 488 3311 623 3359; x_wconf 86' lang='grc' dir='ltr'><strong>τινα,</strong></span> <span class='ocrx_word' id='word_1_236' title='bbox 647 3295 750 3360; x_wconf 76' lang='grc' dir='ltr'><strong>ἔξω</strong></span> <span class='ocrx_word' id='word_1_237' title='bbox 775 3299 965 3379; x_wconf 78' lang='grc' dir='ltr'><strong>γέγονε</strong></span> <span class='ocrx_word' id='word_1_238' title='bbox 980 3302 1069 3356; x_wconf 86' lang='grc' dir='ltr'><strong>τοῦ</strong></span> <span class='ocrx_word' id='word_1_239' title='bbox 1088 3305 1318 3376; x_wconf 83' lang='grc' dir='ltr'><strong>Πατρὸς,</strong></span> <span class='ocrx_word' id='word_1_240' title='bbox 1352 3310 1551 3379; x_wconf 76' lang='grc' dir='ltr'><strong>μείζων</strong></span> <span class='ocrx_word' id='word_1_241' title='bbox 1576 3312 1666 3365; x_wconf 90' lang='grc' dir='ltr'><strong>τοῦ</strong></span> <span class='ocrx_word' id='word_1_242' title='bbox 1693 3291 1751 3368; x_wconf 76' lang='grc' dir='ltr'><strong>ἐν</strong></span> 
     </span>
    </p>
   </div>
   <div class='ocr_carea' id='block_1_35' title="bbox 167 3374 1745 3474">
    <p class='ocr_par' dir='ltr' id='par_1_35' title="bbox 167 3374 1745 3474">
     <span class='ocr_line' id='line_1_35' title="bbox 167 3374 1745 3474; baseline 0.016 -41"><span class='ocrx_word' id='word_1_243' title='bbox 167 3374 329 3455; x_wconf 79' lang='grc' dir='ltr'><strong>ᾧπέρ</strong></span> <span class='ocrx_word' id='word_1_244' title='bbox 360 3386 477 3437; x_wconf 69' lang='grc' dir='ltr'><strong>ἐστι</strong></span> <span class='ocrx_word' id='word_1_245' title='bbox 505 3388 762 3455; x_wconf 84' lang='grc' dir='ltr'><strong>γεγονώς.</strong></span> <span class='ocrx_word' id='word_1_246' title='bbox 798 3374 936 3445; x_wconf 83' lang='grc' dir='ltr'><strong>Ἀλλ’</strong></span> <span class='ocrx_word' id='word_1_247' title='bbox 963 3394 1063 3448; x_wconf 84' lang='grc' dir='ltr'><strong>οὐκ</strong></span> <span class='ocrx_word' id='word_1_248' title='bbox 1090 3374 1365 3469; x_wconf 67' lang='grc' dir='ltr'><strong>ὲκϐέὸηκε</strong></span> <span class='ocrx_word' id='word_1_249' title='bbox 1388 3401 1477 3453; x_wconf 76' lang='grc' dir='ltr'><strong>τὸν</strong></span> <span class='ocrx_word' id='word_1_250' title='bbox 1507 3403 1745 3474; x_wconf 83' lang='grc' dir='ltr'><strong>Πατέρα.</strong></span> 
     </span>
    </p>
   </div>
   <div class='ocr_carea' id='block_1_36' title="bbox 174 3475 1749 3563">
    <p class='ocr_par' dir='ltr' id='par_1_36' title="bbox 174 3475 1749 3563">
     <span class='ocr_line' id='line_1_36' title="bbox 174 3475 1749 3563; baseline 0.016 -37"><span class='ocrx_word' id='word_1_251' title='bbox 174 3475 335 3528; x_wconf 86' lang='grc' dir='ltr'><strong>Ἐστι</strong></span> <span class='ocrx_word' id='word_1_252' title='bbox 368 3475 425 3528; x_wconf 84' lang='grc' dir='ltr'><strong>δὲ</strong></span> <span class='ocrx_word' id='word_1_253' title='bbox 457 3478 543 3529; x_wconf 77' lang='grc' dir='ltr'><strong>ἀεὶ</strong></span> <span class='ocrx_word' id='word_1_254' title='bbox 587 3481 645 3533; x_wconf 79' lang='grc' dir='ltr'><strong>ὲν</strong></span> <span class='ocrx_word' id='word_1_255' title='bbox 677 3478 843 3552; x_wconf 79' lang='grc' dir='ltr'><strong>αὐτῷ,</strong></span> <span class='ocrx_word' id='word_1_256' title='bbox 884 3482 1084 3551; x_wconf 81' lang='grc' dir='ltr'><strong>τέλειος</strong></span> <span class='ocrx_word' id='word_1_257' title='bbox 1114 3489 1170 3541; x_wconf 74' lang='grc' dir='ltr'><strong>ἐν</strong></span> <span class='ocrx_word' id='word_1_258' title='bbox 1198 3488 1389 3562; x_wconf 83' lang='grc' dir='ltr'><strong>τελείῳ</strong></span> <span class='ocrx_word' id='word_1_259' title='bbox 1427 3493 1623 3563; x_wconf 85' lang='grc' dir='ltr'><strong>μένων,</strong></span> <span class='ocrx_word' id='word_1_260' title='bbox 1652 3498 1749 3550; x_wconf 78' lang='grc' dir='ltr'><strong>καὶ</strong></span> 
     </span>
    </p>
   </div>
   <div class='ocr_carea' id='block_1_37' title="bbox 170 3566 1746 3661">
    <p class='ocr_par' dir='ltr' id='par_1_37' title="bbox 170 3566 1746 3661">
     <span class='ocr_line' id='line_1_37' title="bbox 170 3566 1746 3661; baseline 0.017 -43"><span class='ocrx_word' id='word_1_261' title='bbox 170 3566 261 3620; x_wconf 79' lang='grc' dir='ltr'><strong>τὸν</strong></span> <span class='ocrx_word' id='word_1_262' title='bbox 308 3568 514 3623; x_wconf 77' lang='grc' dir='ltr'><strong>τέλειον</strong></span> <span class='ocrx_word' id='word_1_263' title='bbox 550 3570 689 3642; x_wconf 73' lang='grc' dir='ltr'><strong>ἔχων</strong></span> <span class='ocrx_word' id='word_1_264' title='bbox 722 3575 781 3629; x_wconf 82' lang='grc' dir='ltr'><strong>ὲν</strong></span> <span class='ocrx_word' id='word_1_265' title='bbox 813 3576 1008 3648; x_wconf 78' lang='grc' dir='ltr'><strong>ἐαυτῷ.</strong></span> <span class='ocrx_word' id='word_1_266' title='bbox 1052 3580 1164 3633; x_wconf 83' lang='grc' dir='ltr'><strong>Οὐκ</strong></span> <span class='ocrx_word' id='word_1_267' title='bbox 1194 3581 1305 3653; x_wconf 77' lang='grc' dir='ltr'><strong>ἄρα</strong></span> <span class='ocrx_word' id='word_1_268' title='bbox 1353 3585 1672 3655; x_wconf 75' lang='grc' dir='ltr'><strong>προέκοψεν,</strong></span> 
     </span>
    </p>
   </div>
   <div class='ocr_carea' id='block_1_38' title="bbox 170 3660 1745 3744">
    <p class='ocr_par' dir='ltr' id='par_1_38' title="bbox 170 3660 1745 3744">
     <span class='ocr_line' id='line_1_38' title="bbox 170 3660 1745 3744; baseline 0.013 -32"><span class='ocrx_word' id='word_1_269' title='bbox 170 3660 347 3729; x_wconf 82' lang='grc' dir='ltr'><strong>Λόγος</strong></span> <span class='ocrx_word' id='word_1_270' title='bbox 384 3664 552 3729; x_wconf 77' lang='grc' dir='ltr'><strong>ἐστὶν,</strong></span> <span class='ocrx_word' id='word_1_271' title='bbox 594 3665 711 3719; x_wconf 82' lang='grc' dir='ltr'><strong>ἀλλ’</strong></span> <span class='ocrx_word' id='word_1_272' title='bbox 754 3666 870 3722; x_wconf 80' lang='grc' dir='ltr'><strong>ἐστι</strong></span> <span class='ocrx_word' id='word_1_273' title='bbox 906 3670 1127 3736; x_wconf 82' lang='grc' dir='ltr'><strong>τέλειος,</strong></span> <span class='ocrx_word' id='word_1_274' title='bbox 1161 3672 1338 3744; x_wconf 81' lang='grc' dir='ltr'><strong>μένων</strong></span> <span class='ocrx_word' id='word_1_275' title='bbox 1366 3677 1396 3728; x_wconf 94' lang='lat'><strong>6</strong></span> <span class='ocrx_word' id='word_1_276' title='bbox 1428 3677 1621 3744; x_wconf 74' lang='grc' dir='ltr'><strong>αὐτὸς,</strong></span> <span class='ocrx_word' id='word_1_277' title='bbox 1652 3660 1745 3733; x_wconf 59' lang='grc' dir='ltr'><strong>καί</strong></span> 
     </span>
    </p>
   </div>
   <div class='ocr_carea' id='block_1_39' title="bbox 170 3753 701 3827">
    <p class='ocr_par' dir='ltr' id='par_1_39' title="bbox 170 3753 701 3827">
     <span class='ocr_line' id='line_1_39' title="bbox 170 3753 701 3827; baseline 0.011 -22"><span class='ocrx_word' id='word_1_278' title='bbox 170 3753 269 3808; x_wconf 76' lang='grc' dir='ltr'><strong>οὐκ</strong></span> <span class='ocrx_word' id='word_1_279' title='bbox 296 3754 701 3827; x_wconf 81' lang='grc' dir='ltr'><strong>ἀλλοιούμενος.</strong></span> 
     </span>
    </p>
   </div>
   <div class='ocr_carea' id='block_1_40' title="bbox 859 3980 1059 4038">
    <p class='ocr_par' dir='ltr' id='par_1_40' title="bbox 859 3980 1059 4038">
     <span class='ocr_line' id='line_1_40' title="bbox 859 3980 1059 4038; baseline 0.03 -6"><span class='ocrx_word' id='word_1_280' title='bbox 859 3980 1059 4038; x_wconf 83' lang='grc' dir='ltr'><strong>ΑΛΛΟ.</strong></span> 
     </span>
    </p>
   </div>
   <div class='ocr_carea' id='block_1_41' title="bbox 232 4105 1740 4199">
    <p class='ocr_par' dir='ltr' id='par_1_41' title="bbox 232 4105 1740 4199">
     <span class='ocr_line' id='line_1_41' title="bbox 232 4105 1740 4199; baseline 0.019 -42"><span class='ocrx_word' id='word_1_281' title='bbox 232 4105 401 4175; x_wconf 81' lang='grc' dir='ltr'><strong>Λέγει</strong></span> <span class='ocrx_word' id='word_1_282' title='bbox 443 4124 547 4161; x_wconf 87' lang='grc' dir='ltr'><strong>που</strong></span> <span class='ocrx_word' id='word_1_283' title='bbox 601 4108 813 4175; x_wconf 87' lang='grc' dir='ltr'><strong>Παῦλος</strong></span> <span class='ocrx_word' id='word_1_284' title='bbox 850 4116 979 4186; x_wconf 79' lang='grc' dir='ltr'><strong>περὶ</strong></span> <span class='ocrx_word' id='word_1_285' title='bbox 1030 4116 1124 4170; x_wconf 85' lang='grc' dir='ltr'><strong>τοῦ</strong></span> <span class='ocrx_word' id='word_1_286' title='bbox 1163 4118 1328 4186; x_wconf 87' lang='grc' dir='ltr'><strong>Υίοῦ,</strong></span> <span class='ocrx_word' id='word_1_287' title='bbox 1380 4125 1572 4199; x_wconf 83' lang='grc' dir='ltr'><strong>ὅτιπερ</strong></span> <span class='ocrx_word' id='word_1_288' title='bbox 1616 4130 1740 4185; x_wconf 84' lang='grc' dir='ltr'><strong>ὲτα-</strong></span> 
     </span>
    </p>
   </div>
   <div class='ocr_carea' id='block_1_42' title="bbox 169 4197 1739 4278">
    <p class='ocr_par' dir='ltr' id='par_1_42' title="bbox 169 4197 1739 4278">
     <span class='ocr_line' id='line_1_42' title="bbox 169 4197 1739 4278; baseline 0.019 -30"><span class='ocrx_word' id='word_1_289' title='bbox 169 4197 434 4252; x_wconf 70' lang='grc' dir='ltr'><strong>Δινείνουιιεν</strong></span> <span class='ocrx_word' id='word_1_290' title='bbox 488 4201 678 4255; x_wconf 77' lang='grc' dir='ltr'><strong>ἑαυτὸν</strong></span> <span class='ocrx_word' id='word_1_291' title='bbox 721 4206 933 4277; x_wconf 79' lang='grc' dir='ltr'><strong>μορφὴν</strong></span> <span class='ocrx_word' id='word_1_292' title='bbox 985 4208 1170 4263; x_wconf 86' lang='grc' dir='ltr'><strong>δούλου</strong></span> <span class='ocrx_word' id='word_1_293' title='bbox 1208 4212 1407 4273; x_wconf 75' lang='grc' dir='ltr'><strong>λαϐὼν.</strong></span> <span class='ocrx_word' id='word_1_294' title='bbox 1456 4197 1739 4278; x_wconf 36' lang='grc' dir='ltr'><strong>Εί-τοίνυν</strong></span> 
     </span>
    </p>
   </div>
   <div class='ocr_carea' id='block_1_43' title="bbox 164 4288 1737 4375">
    <p class='ocr_par' dir='ltr' id='par_1_43' title="bbox 164 4288 1737 4375">
     <span class='ocr_line' id='line_1_43' title="bbox 164 4288 1737 4375; baseline 0.02 -36"><span class='ocrx_word' id='word_1_295' title='bbox 164 4288 344 4353; x_wconf 77' lang='grc' dir='ltr'><strong>οὐδεὶς</strong></span> <span class='ocrx_word' id='word_1_296' title='bbox 369 4292 461 4344; x_wconf 72' lang='grc' dir='ltr'><strong>ἐπὶ</strong></span> <span class='ocrx_word' id='word_1_297' title='bbox 494 4293 669 4365; x_wconf 83' lang='grc' dir='ltr'><strong>τούτῳ</strong></span> <span class='ocrx_word' id='word_1_298' title='bbox 704 4298 1135 4368; x_wconf 83' lang='grc' dir='ltr'><strong>σκανδαλίζεται,</strong></span> <span class='ocrx_word' id='word_1_299' title='bbox 1161 4305 1279 4359; x_wconf 78' lang='grc' dir='ltr'><strong>οὐδὲ</strong></span> <span class='ocrx_word' id='word_1_300' title='bbox 1305 4308 1535 4375; x_wconf 85' lang='grc' dir='ltr'><strong>ἁκούων,</strong></span> <span class='ocrx_word' id='word_1_301' title='bbox 1584 4315 1737 4371; x_wconf 86' lang='grc' dir='ltr'><strong>Ἐτα-</strong></span> 
     </span>
    </p>
   </div>
   <div class='ocr_carea' id='block_1_44' title="bbox 166 4383 1733 4477">
    <p class='ocr_par' dir='ltr' id='par_1_44' title="bbox 166 4383 1733 4477">
     <span class='ocr_line' id='line_1_44' title="bbox 166 4383 1733 4477; baseline 0.019 -44"><span class='ocrx_word' id='word_1_302' title='bbox 166 4383 432 4436; x_wconf 84' lang='grc' dir='ltr'><strong>πείνωσεν</strong></span> <span class='ocrx_word' id='word_1_303' title='bbox 479 4386 691 4451; x_wconf 79' lang='grc' dir='ltr'><strong>ἑαυτὸν,</strong></span> <span class='ocrx_word' id='word_1_304' title='bbox 745 4390 940 4459; x_wconf 88' lang='grc' dir='ltr'><strong>μικρόν</strong></span> <span class='ocrx_word' id='word_1_305' title='bbox 979 4409 1031 4444; x_wconf 90' lang='grc' dir='ltr'><strong>τι</strong></span> <span class='ocrx_word' id='word_1_306' title='bbox 1082 4397 1211 4466; x_wconf 78' lang='grc' dir='ltr'><strong>περὶ</strong></span> <span class='ocrx_word' id='word_1_307' title='bbox 1254 4399 1348 4452; x_wconf 88' lang='grc' dir='ltr'><strong>τοῦ</strong></span> <span class='ocrx_word' id='word_1_308' title='bbox 1397 4402 1530 4457; x_wconf 88' lang='grc' dir='ltr'><strong>Θεοῦ</strong></span> <span class='ocrx_word' id='word_1_309' title='bbox 1562 4408 1733 4477; x_wconf 88' lang='grc' dir='ltr'><strong>Λόγου</strong></span> 
     </span>
    </p>
   </div>
   <div class='ocr_carea' id='block_1_45' title="bbox 165 4474 968 4548">
    <p class='ocr_par' dir='ltr' id='par_1_45' title="bbox 165 4474 968 4548">
     <span class='ocr_line' id='line_1_45' title="bbox 165 4474 968 4548; baseline 0.012 -23"><span class='ocrx_word' id='word_1_310' title='bbox 165 4476 370 4543; x_wconf 80' lang='grc' dir='ltr'><strong>φρονεῖ,</strong></span> <span class='ocrx_word' id='word_1_311' title='bbox 401 4474 538 4530; x_wconf 80' lang='grc' dir='ltr'><strong>ἀλλὰ</strong></span> <span class='ocrx_word' id='word_1_312' title='bbox 577 4477 775 4548; x_wconf 80' lang='grc' dir='ltr'><strong>μᾶλλον</strong></span> <span class='ocrx_word' id='word_1_313' title='bbox 804 4480 968 4535; x_wconf 81' lang='grc' dir='ltr'><strong>αὐτοῦ</strong></span> 
     </span>
    </p>
   </div>
   <div class='ocr_carea' id='block_1_46' title="bbox 164 4565 1726 4661">
    <p class='ocr_par' dir='ltr' id='par_1_46' title="bbox 164 4565 1726 4661">
     <span class='ocr_line' id='line_1_46' title="bbox 164 4565 1726 4661; baseline 0.02 -44"><span class='ocrx_word' id='word_1_314' title='bbox 164 4565 308 4622; x_wconf 82' lang='grc' dir='ltr'><strong>πίαν.</strong></span> <span class='ocrx_word' id='word_1_315' title='bbox 342 4567 469 4633; x_wconf 84' lang='grc' dir='ltr'><strong>Πῶς</strong></span> <span class='ocrx_word' id='word_1_316' title='bbox 504 4570 566 4623; x_wconf 84' lang='grc' dir='ltr'><strong>οὺ</strong></span> <span class='ocrx_word' id='word_1_317' title='bbox 599 4573 849 4643; x_wconf 78' lang='grc' dir='ltr'><strong>περιττὸν</strong></span> <span class='ocrx_word' id='word_1_318' title='bbox 878 4576 1261 4649; x_wconf 82' lang='grc' dir='ltr'><strong>ἀκροωμένους</strong></span> <span class='ocrx_word' id='word_1_319' title='bbox 1285 4584 1368 4639; x_wconf 81' lang='grc' dir='ltr'><strong>ὅτι</strong></span> <span class='ocrx_word' id='word_1_320' title='bbox 1400 4565 1726 4661; x_wconf 78' lang='grc' dir='ltr'><strong>προέκοπτε,</strong></span> 
     </span>
    </p>
   </div>
   <div class='ocr_carea' id='block_1_47' title="bbox 165 4658 1727 4754">
    <p class='ocr_par' dir='ltr' id='par_1_47' title="bbox 165 4658 1727 4754">
     <span class='ocr_line' id='line_1_47' title="bbox 165 4658 1727 4754; baseline 0.02 -45"><span class='ocrx_word' id='word_1_321' title='bbox 165 4658 635 4725; x_wconf 76' lang='grc' dir='ltr'><strong>σκανδαλίζεσθαις</strong></span> <span class='ocrx_word' id='word_1_322' title='bbox 680 4664 743 4716; x_wconf 83' lang='lat' dir='ltr'><strong>Ei</strong></span> <span class='ocrx_word' id='word_1_323' title='bbox 773 4664 883 4736; x_wconf 84' lang='grc' dir='ltr'><strong>γὰρ</strong></span> <span class='ocrx_word' id='word_1_324' title='bbox 910 4667 1063 4722; x_wconf 81' lang='grc' dir='ltr'><strong>οὐδὲν</strong></span> <span class='ocrx_word' id='word_1_325' title='bbox 1105 4672 1169 4725; x_wconf 80' lang='grc' dir='ltr'><strong>ἐκ</strong></span> <span class='ocrx_word' id='word_1_326' title='bbox 1199 4673 1293 4728; x_wconf 89' lang='grc' dir='ltr'><strong>τοῦ</strong></span> <span class='ocrx_word' id='word_1_327' title='bbox 1328 4658 1727 4754; x_wconf 74' lang='grc' dir='ltr'><strong>ταπεινωθῆναι</strong></span> 
     </span>
    </p>
   </div>
   <div class='ocr_carea' id='block_1_48' title="bbox 164 4748 1722 4831">
    <p class='ocr_par' dir='ltr' id='par_1_48' title="bbox 164 4748 1722 4831">
     <span class='ocr_line' id='line_1_48' title="bbox 164 4748 1722 4831; baseline 0.02 -32"><span class='ocrx_word' id='word_1_328' title='bbox 164 4748 428 4803; x_wconf 78' lang='grc' dir='ltr'><strong>πέπονθεν</strong></span> <span class='ocrx_word' id='word_1_329' title='bbox 454 4751 534 4814; x_wconf 86' lang='grc' dir='ltr'><strong>είς</strong></span> <span class='ocrx_word' id='word_1_330' title='bbox 566 4752 665 4823; x_wconf 78' lang='grc' dir='ltr'><strong>τὴν</strong></span> <span class='ocrx_word' id='word_1_331' title='bbox 700 4754 949 4826; x_wconf 70' lang='grc' dir='ltr'><strong>ϐιότητα,</strong></span> <span class='ocrx_word' id='word_1_332' title='bbox 978 4760 1101 4814; x_wconf 81' lang='grc' dir='ltr'><strong>οὐδὲ</strong></span> <span class='ocrx_word' id='word_1_333' title='bbox 1130 4763 1196 4816; x_wconf 77' lang='grc' dir='ltr'><strong>ἐκ</strong></span> <span class='ocrx_word' id='word_1_334' title='bbox 1230 4765 1420 4821; x_wconf 84' lang='grc' dir='ltr'><strong>τούτου</strong></span> <span class='ocrx_word' id='word_1_335' title='bbox 1457 4748 1722 4831; x_wconf 77' lang='grc' dir='ltr'><strong>πείσεται.</strong></span> 
     </span>
    </p>
   </div>
   <div class='ocr_carea' id='block_1_49' title="bbox 164 4838 1726 4925">
    <p class='ocr_par' dir='ltr' id='par_1_49' title="bbox 164 4838 1726 4925">
     <span class='ocr_line' id='line_1_49' title="bbox 164 4838 1726 4925; baseline 0.02 -36"><span class='ocrx_word' id='word_1_336' title='bbox 164 4838 270 4892; x_wconf 78' lang='grc' dir='ltr'><strong>Καὶ</strong></span> <span class='ocrx_word' id='word_1_337' title='bbox 301 4840 492 4909; x_wconf 65' lang='grc' dir='ltr'><strong>ὥσπερ</strong></span> <span class='ocrx_word' id='word_1_338' title='bbox 519 4841 586 4894; x_wconf 83' lang='grc' dir='ltr'><strong>δι’</strong></span> <span class='ocrx_word' id='word_1_339' title='bbox 624 4843 770 4912; x_wconf 77' lang='grc' dir='ltr'><strong>ἡμᾶς</strong></span> <span class='ocrx_word' id='word_1_340' title='bbox 817 4848 1177 4907; x_wconf 76' lang='grc' dir='ltr'><strong>ἐταπείνωσεν</strong></span> <span class='ocrx_word' id='word_1_341' title='bbox 1207 4855 1422 4925; x_wconf 78' lang='grc' dir='ltr'><strong>ἑαυτὸν,</strong></span> <span class='ocrx_word' id='word_1_342' title='bbox 1459 4860 1601 4918; x_wconf 82' lang='grc' dir='ltr'><strong>οὕτω</strong></span> <span class='ocrx_word' id='word_1_343' title='bbox 1630 4868 1726 4922; x_wconf 81' lang='grc' dir='ltr'><strong>καὶ</strong></span> 
     </span>
    </p>
   </div>
   <div class='ocr_carea' id='block_1_50' title="bbox 158 4927 1723 5027">
    <p class='ocr_par' dir='ltr' id='par_1_50' title="bbox 158 4927 1723 5027">
     <span class='ocr_line' id='line_1_50' title="bbox 158 4927 1723 5027; baseline 0.021 -48"><span class='ocrx_word' id='word_1_344' title='bbox 158 4927 225 4981; x_wconf 78' lang='grc' dir='ltr'><strong>δι’</strong></span> <span class='ocrx_word' id='word_1_345' title='bbox 250 4932 397 5001; x_wconf 78' lang='grc' dir='ltr'><strong>ἡμᾶς</strong></span> <span class='ocrx_word' id='word_1_346' title='bbox 431 4932 731 5003; x_wconf 78' lang='grc' dir='ltr'><strong>ἐπιδέχεται</strong></span> <span class='ocrx_word' id='word_1_347' title='bbox 757 4935 817 4989; x_wconf 80' lang='grc' dir='ltr'><strong>τὸ</strong></span> <span class='ocrx_word' id='word_1_348' title='bbox 853 4940 1201 5010; x_wconf 86' lang='grc' dir='ltr'><strong>προκόπτειν,</strong></span> <span class='ocrx_word' id='word_1_349' title='bbox 1244 4946 1331 5001; x_wconf 72' lang='grc' dir='ltr'><strong>ἵνα</strong></span> <span class='ocrx_word' id='word_1_350' title='bbox 1372 4952 1531 5007; x_wconf 81' lang='grc' dir='ltr'><strong>πάλιν</strong></span> <span class='ocrx_word' id='word_1_351' title='bbox 1562 4957 1723 5027; x_wconf 77' lang='grc' dir='ltr'><strong>ἡμεῖς</strong></span> 
     </span>
    </p>
   </div>
   <div class='ocr_carea' id='block_1_51' title="bbox 160 5018 1719 5120">
    <p class='ocr_par' dir='ltr' id='par_1_51' title="bbox 160 5018 1719 5120">
     <span class='ocr_line' id='line_1_51' title="bbox 160 5018 1719 5120; baseline 0.022 -50"><span class='ocrx_word' id='word_1_352' title='bbox 160 5018 218 5071; x_wconf 73' lang='grc' dir='ltr'><strong>ἑν</strong></span> <span class='ocrx_word' id='word_1_353' title='bbox 249 5020 398 5090; x_wconf 81' lang='grc' dir='ltr'><strong>αὐτῷ</strong></span> <span class='ocrx_word' id='word_1_354' title='bbox 432 5022 827 5095; x_wconf 82' lang='grc' dir='ltr'><strong>προκόπτωμεν</strong></span> <span class='ocrx_word' id='word_1_355' title='bbox 875 5030 933 5083; x_wconf 78' lang='grc' dir='ltr'><strong>ὲν</strong></span> <span class='ocrx_word' id='word_1_356' title='bbox 976 5034 1165 5105; x_wconf 80' lang='grc' dir='ltr'><strong>σοφίᾳ,</strong></span> <span class='ocrx_word' id='word_1_357' title='bbox 1209 5039 1259 5091; x_wconf 90' lang='grc' dir='ltr'><strong>οί</strong></span> <span class='ocrx_word' id='word_1_358' title='bbox 1296 5041 1461 5097; x_wconf 88' lang='grc' dir='ltr'><strong>πάλαι</strong></span> <span class='ocrx_word' id='word_1_359' title='bbox 1491 5018 1719 5120; x_wconf 42' lang='lat' dir='ltr'><strong>enim}</strong></span> 
     </span>
    </p>
   </div>
   <div class='ocr_carea' id='block_1_52' title="bbox 160 5109 1717 5203">
    <p class='ocr_par' dir='ltr' id='par_1_52' title="bbox 160 5109 1717 5203">
     <span class='ocr_line' id='line_1_52' title="bbox 160 5109 1717 5203; baseline 0.024 -43"><span class='ocrx_word' id='word_1_360' title='bbox 160 5109 429 5182; x_wconf 85' lang='grc' dir='ltr'><strong>ἁμαρτίαν</strong></span> <span class='ocrx_word' id='word_1_361' title='bbox 476 5113 981 5187; x_wconf 80' lang='grc' dir='ltr'><strong>ἀποκτηνωθέντεςο</strong></span> <span class='ocrx_word' id='word_1_362' title='bbox 1030 5129 1392 5203; x_wconf 74' lang='grc' dir='ltr'><strong>προκόψωμεν</strong></span> <span class='ocrx_word' id='word_1_363' title='bbox 1434 5137 1491 5190; x_wconf 80' lang='grc' dir='ltr'><strong>δὲ</strong></span> <span class='ocrx_word' id='word_1_364' title='bbox 1535 5141 1629 5194; x_wconf 77' lang='grc' dir='ltr'><strong>καὶ</strong></span> <span class='ocrx_word' id='word_1_365' title='bbox 1659 5109 1717 5196; x_wconf 69' lang='grc' dir='ltr'><strong>έν</strong></span> 
     </span>
    </p>
   </div>
   <div class='ocr_carea' id='block_1_53' title="bbox 160 5200 1717 5302">
    <p class='ocr_par' dir='ltr' id='par_1_53' title="bbox 160 5200 1717 5302">
     <span class='ocr_line' id='line_1_53' title="bbox 160 5200 1717 5302; baseline 0.024 -50"><span class='ocrx_word' id='word_1_366' title='bbox 160 5200 337 5302; x_wconf 73' lang='grc' dir='ltr'><strong>χάριτι</strong></span> <span class='ocrx_word' id='word_1_367' title='bbox 366 5204 418 5257; x_wconf 80' lang='grc' dir='ltr'><strong>οἱ</strong></span> <span class='ocrx_word' id='word_1_368' title='bbox 463 5205 629 5302; x_wconf 61' lang='grc' dir='ltr'><strong>παλαι</strong></span> <span class='ocrx_word' id='word_1_369' title='bbox 662 5215 1023 5285; x_wconf 83' lang='grc' dir='ltr'><strong>μεμισημένοι</strong></span> <span class='ocrx_word' id='word_1_370' title='bbox 1061 5218 1150 5274; x_wconf 83' lang='grc' dir='ltr'><strong>διὰ</strong></span> <span class='ocrx_word' id='word_1_371' title='bbox 1178 5200 1373 5293; x_wconf 31' lang='grc' dir='ltr'><strong>τὴν-ὲν</strong></span> <span class='ocrx_word' id='word_1_372' title='bbox 1421 5229 1585 5302; x_wconf 79' lang='grc' dir='ltr'><strong>Ἀδὰμ</strong></span> <span class='ocrx_word' id='word_1_373' title='bbox 1615 5252 1717 5289; x_wconf 83' lang='grc' dir='ltr'><strong>πα-</strong></span> 
     </span>
    </p>
   </div>
   <div class='ocr_carea' id='block_1_54' title="bbox 161 5289 1714 5385">
    <p class='ocr_par' dir='ltr' id='par_1_54' title="bbox 161 5289 1714 5385">
     <span class='ocr_line' id='line_1_54' title="bbox 161 5289 1714 5385; baseline 0.025 -44"><span class='ocrx_word' id='word_1_374' title='bbox 161 5289 403 5385; x_wconf 75' lang='grc' dir='ltr'><strong>ράϐασιν.</strong></span> <span class='ocrx_word' id='word_1_375' title='bbox 450 5294 633 5350; x_wconf 82' lang='grc' dir='ltr'><strong>Πάντα</strong></span> <span class='ocrx_word' id='word_1_376' title='bbox 679 5299 789 5371; x_wconf 84' lang='grc' dir='ltr'><strong>γὰρ</strong></span> <span class='ocrx_word' id='word_1_377' title='bbox 816 5303 883 5357; x_wconf 84' lang='grc' dir='ltr'><strong>τὰ</strong></span> <span class='ocrx_word' id='word_1_378' title='bbox 933 5306 1083 5376; x_wconf 73' lang='grc' dir='ltr'><strong>ἡμῶν</strong></span> <span class='ocrx_word' id='word_1_379' title='bbox 1124 5311 1193 5364; x_wconf 84' lang='grc' dir='ltr'><strong>δι’</strong></span> <span class='ocrx_word' id='word_1_380' title='bbox 1226 5289 1372 5385; x_wconf 68' lang='grc' dir='ltr'><strong>ημᾶς</strong></span> <span class='ocrx_word' id='word_1_381' title='bbox 1412 5322 1490 5384; x_wconf 86' lang='grc' dir='ltr'><strong>είς</strong></span> <span class='ocrx_word' id='word_1_382' title='bbox 1523 5289 1714 5380; x_wconf 66' lang='grc' dir='ltr'><strong>ἑαυτὸν</strong></span> 
     </span>
    </p>
   </div>
   <div class='ocr_carea' id='block_1_55' title="bbox 1883 559 3439 652">
    <p class='ocr_par' dir='ltr' id='par_1_55' title="bbox 1883 559 3439 652">
     <span class='ocr_line' id='line_1_55' title="bbox 1883 559 3439 652; baseline 0.018 -42"><span class='ocrx_word' id='word_1_383' title='bbox 1883 559 2054 627; x_wconf 86' lang='lat' dir='ltr'><strong>majus</strong></span> <span class='ocrx_word' id='word_1_384' title='bbox 2082 562 2207 617; x_wconf 84' lang='lat' dir='ltr'><strong>Deo.</strong></span> <span class='ocrx_word' id='word_1_385' title='bbox 2249 564 2405 634; x_wconf 79' lang='lat' dir='ltr'><strong>Ergo,</strong></span> <span class='ocrx_word' id='word_1_386' title='bbox 2455 576 2717 636; x_wconf 84' lang='lat' dir='ltr'><strong>quatenus</strong></span> <span class='ocrx_word' id='word_1_387' title='bbox 2760 570 2991 628; x_wconf 86' lang='lat' dir='ltr'><strong>Verbum</strong></span> <span class='ocrx_word' id='word_1_388' title='bbox 3028 585 3130 643; x_wconf 83' lang='lat' dir='ltr'><strong>est,</strong></span> <span class='ocrx_word' id='word_1_389' title='bbox 3178 594 3282 635; x_wconf 91' lang='lat' dir='ltr'><strong>non</strong></span> <span class='ocrx_word' id='word_1_390' title='bbox 3316 597 3439 652; x_wconf 87' lang='lat' dir='ltr'><strong>pro-</strong></span> 
     </span>
    </p>
   </div>
   <div class='ocr_carea' id='block_1_56' title="bbox 1880 648 2024 705">
    <p class='ocr_par' dir='ltr' id='par_1_56' title="bbox 1880 648 2024 705">
     <span class='ocr_line' id='line_1_56' title="bbox 1880 648 2024 705; baseline 0.021 -5"><span class='ocrx_word' id='word_1_391' title='bbox 1880 648 2024 705; x_wconf 88' lang='lat' dir='ltr'><strong>fecit.</strong></span> 
     </span>
    </p>
   </div>
   <div class='ocr_carea' id='block_1_57' title="bbox 2545 770 2771 829">
    <p class='ocr_par' dir='ltr' id='par_1_57' title="bbox 2545 770 2771 829">
     <span class='ocr_line' id='line_1_57' title="bbox 2545 770 2771 829; baseline 0.009 -6"><span class='ocrx_word' id='word_1_392' title='bbox 2545 770 2771 829; x_wconf 79' lang='lat' dir='ltr'><strong>ALIUD.</strong></span> 
     </span>
    </p>
   </div>
   <div class='ocr_carea' id='block_1_58' title="bbox 1947 873 3437 969">
    <p class='ocr_par' dir='ltr' id='par_1_58' title="bbox 1947 873 3437 969">
     <span class='ocr_line' id='line_1_58' title="bbox 1947 873 3437 969; baseline 0.017 -40"><span class='ocrx_word' id='word_1_393' title='bbox 1947 873 2304 948; x_wconf 84' lang='lat' dir='ltr'><strong>Principatus,</strong></span> <span class='ocrx_word' id='word_1_394' title='bbox 2371 881 2594 951; x_wconf 89' lang='lat' dir='ltr'><strong>Throni,</strong></span> <span class='ocrx_word' id='word_1_395' title='bbox 2641 893 2695 939; x_wconf 89' lang='lat' dir='ltr'><strong>et</strong></span> <span class='ocrx_word' id='word_1_396' title='bbox 2759 887 3180 964; x_wconf 89' lang='lat' dir='ltr'><strong>Dominationes,</strong></span> <span class='ocrx_word' id='word_1_397' title='bbox 3223 898 3437 969; x_wconf 82' lang='lat' dir='ltr'><strong>Angcii,</strong></span> 
     </span>
    </p>
   </div>
   <div class='ocr_carea' id='block_1_59' title="bbox 1875 967 3437 1052">
    <p class='ocr_par' dir='ltr' id='par_1_59' title="bbox 1875 967 3437 1052">
     <span class='ocr_line' id='line_1_59' title="bbox 1875 967 3437 1052; baseline 0.016 -32"><span class='ocrx_word' id='word_1_398' title='bbox 1875 967 2219 1039; x_wconf 75' lang='lat' dir='ltr'><strong>Archangeli,</strong></span> <span class='ocrx_word' id='word_1_399' title='bbox 2258 981 2419 1041; x_wconf 88' lang='lat' dir='ltr'><strong>atque</strong></span> <span class='ocrx_word' id='word_1_400' title='bbox 2445 975 2623 1028; x_wconf 88' lang='lat' dir='ltr'><strong>omnis</strong></span> <span class='ocrx_word' id='word_1_401' title='bbox 2652 987 2887 1045; x_wconf 90' lang='lat' dir='ltr'><strong>potestas</strong></span> <span class='ocrx_word' id='word_1_402' title='bbox 2917 982 3219 1052; x_wconf 84' lang='lat' dir='ltr'><strong>rationalis,</strong></span> <span class='ocrx_word' id='word_1_403' title='bbox 3240 967 3437 1046; x_wconf 31' lang='lat' dir='ltr'><strong>ad&#39;htec</strong></span> 
     </span>
    </p>
   </div>
   <div class='ocr_carea' id='block_1_60' title="bbox 1871 1061 3436 1149">
    <p class='ocr_par' dir='ltr' id='par_1_60' title="bbox 1871 1061 3436 1149">
     <span class='ocr_line' id='line_1_60' title="bbox 1871 1061 3436 1149; baseline 0.016 -35"><span class='ocrx_word' id='word_1_404' title='bbox 1871 1061 2030 1115; x_wconf 88' lang='lat' dir='ltr'><strong>etiam</strong></span> <span class='ocrx_word' id='word_1_405' title='bbox 2090 1062 2334 1119; x_wconf 90' lang='lat' dir='ltr'><strong>homines</strong></span> <span class='ocrx_word' id='word_1_406' title='bbox 2387 1068 2798 1139; x_wconf 81' lang='lat' dir='ltr'><strong>participatione</strong></span> <span class='ocrx_word' id='word_1_407' title='bbox 2842 1074 3024 1144; x_wconf 86' lang='lat' dir='ltr'><strong>Verbi,</strong></span> <span class='ocrx_word' id='word_1_408' title='bbox 3098 1080 3325 1149; x_wconf 82' lang='lat' dir='ltr'><strong>perfecti</strong></span> <span class='ocrx_word' id='word_1_409' title='bbox 3380 1082 3436 1139; x_wconf 92' lang='lat' dir='ltr'><strong>in</strong></span> 
     </span>
    </p>
   </div>
   <div class='ocr_carea' id='block_1_61' title="bbox 1869 1153 3435 1247">
    <p class='ocr_par' dir='ltr' id='par_1_61' title="bbox 1869 1153 3435 1247">
     <span class='ocr_line' id='line_1_61' title="bbox 1869 1153 3435 1247; baseline 0.017 -43"><span class='ocrx_word' id='word_1_410' title='bbox 1869 1153 2013 1207; x_wconf 92' lang='lat' dir='ltr'><strong>omni</strong></span> <span class='ocrx_word' id='word_1_411' title='bbox 2048 1155 2243 1222; x_wconf 84' lang='lat' dir='ltr'><strong>pietate</strong></span> <span class='ocrx_word' id='word_1_412' title='bbox 2269 1164 2323 1210; x_wconf 91' lang='lat' dir='ltr'><strong>et</strong></span> <span class='ocrx_word' id='word_1_413' title='bbox 2351 1168 2554 1214; x_wconf 85' lang='lat' dir='ltr'><strong>suntet</strong></span> <span class='ocrx_word' id='word_1_414' title='bbox 2608 1161 2761 1218; x_wconf 93' lang='lat' dir='ltr'><strong>ﬁunt.</strong></span> <span class='ocrx_word' id='word_1_415' title='bbox 2804 1164 3081 1233; x_wconf 87' lang='lat' dir='ltr'><strong>Quomodo</strong></span> <span class='ocrx_word' id='word_1_416' title='bbox 3127 1172 3291 1243; x_wconf 78' lang='lat' dir='ltr'><strong>igitur</strong></span> <span class='ocrx_word' id='word_1_417' title='bbox 3339 1177 3435 1247; x_wconf 87' lang='lat' dir='ltr'><strong>qui</strong></span> 
     </span>
    </p>
   </div>
   <div class='ocr_carea' id='block_1_62' title="bbox 1868 1243 3432 1335">
    <p class='ocr_par' dir='ltr' id='par_1_62' title="bbox 1868 1243 3432 1335">
     <span class='ocr_line' id='line_1_62' title="bbox 1868 1243 3432 1335; baseline 0.017 -40"><span class='ocrx_word' id='word_1_418' title='bbox 1868 1243 1986 1297; x_wconf 85' lang='lat' dir='ltr'><strong>aliis</strong></span> <span class='ocrx_word' id='word_1_419' title='bbox 2013 1243 2399 1313; x_wconf 77' lang='lat' dir='ltr'><strong>perfectionem</strong></span> <span class='ocrx_word' id='word_1_420' title='bbox 2429 1249 2677 1320; x_wconf 77' lang='lat' dir='ltr'><strong>largitur,</strong></span> <span class='ocrx_word' id='word_1_421' title='bbox 2730 1255 3078 1325; x_wconf 89' lang='lat' dir='ltr'><strong>imperfectus</strong></span> <span class='ocrx_word' id='word_1_422' title='bbox 3107 1276 3227 1319; x_wconf 89' lang='lat' dir='ltr'><strong>esse</strong></span> <span class='ocrx_word' id='word_1_423' title='bbox 3248 1243 3432 1335; x_wconf 76' lang='lat' dir='ltr'><strong>queat,</strong></span> 
     </span>
    </p>
   </div>
   <div class='ocr_carea' id='block_1_63' title="bbox 1869 1332 3434 1426">
    <p class='ocr_par' dir='ltr' id='par_1_63' title="bbox 1869 1332 3434 1426">
     <span class='ocr_line' id='line_1_63' title="bbox 1869 1332 3434 1426; baseline 0.019 -41"><span class='ocrx_word' id='word_1_424' title='bbox 1869 1332 1941 1386; x_wconf 89' lang='lat' dir='ltr'><strong>ita</strong></span> <span class='ocrx_word' id='word_1_425' title='bbox 1977 1344 2034 1388; x_wconf 90' lang='lat' dir='ltr'><strong>ut</strong></span> <span class='ocrx_word' id='word_1_426' title='bbox 2061 1336 2325 1407; x_wconf 82' lang='lat' dir='ltr'><strong>proﬁcere</strong></span> <span class='ocrx_word' id='word_1_427' title='bbox 2348 1341 2547 1411; x_wconf 90' lang='lat' dir='ltr'><strong>cupiat,</strong></span> <span class='ocrx_word' id='word_1_428' title='bbox 2603 1354 2660 1399; x_wconf 89' lang='lat' dir='ltr'><strong>et</strong></span> <span class='ocrx_word' id='word_1_429' title='bbox 2717 1346 3111 1407; x_wconf 89' lang='lat' dir='ltr'><strong>incrementum</strong></span> <span class='ocrx_word' id='word_1_430' title='bbox 3159 1332 3434 1426; x_wconf 79' lang='lat' dir='ltr'><strong>accipiat?</strong></span> 
     </span>
    </p>
   </div>
   <div class='ocr_carea' id='block_1_64' title="bbox 1867 1431 3433 1513">
    <p class='ocr_par' dir='ltr' id='par_1_64' title="bbox 1867 1431 3433 1513">
     <span class='ocr_line' id='line_1_64' title="bbox 1867 1431 3433 1513; baseline 0.017 -34"><span class='ocrx_word' id='word_1_431' title='bbox 1867 1436 1958 1481; x_wconf 86' lang='lat' dir='ltr'><strong>aut</strong></span> <span class='ocrx_word' id='word_1_432' title='bbox 1997 1431 2283 1498; x_wconf 89' lang='lat' dir='ltr'><strong>quomodo,</strong></span> <span class='ocrx_word' id='word_1_433' title='bbox 2320 1433 2364 1486; x_wconf 91' lang='lat' dir='ltr'><strong>si</strong></span> <span class='ocrx_word' id='word_1_434' title='bbox 2408 1449 2534 1490; x_wconf 84' lang='lat' dir='ltr'><strong>vere</strong></span> <span class='ocrx_word' id='word_1_435' title='bbox 2557 1448 2640 1491; x_wconf 88' lang='lat' dir='ltr'><strong>est</strong></span> <span class='ocrx_word' id='word_1_436' title='bbox 2662 1438 2949 1508; x_wconf 83' lang='lat' dir='ltr'><strong>sapientia,</strong></span> <span class='ocrx_word' id='word_1_437' title='bbox 2978 1444 3239 1513; x_wconf 86' lang='lat' dir='ltr'><strong>prolicere</strong></span> <span class='ocrx_word' id='word_1_438' title='bbox 3261 1448 3312 1503; x_wconf 90' lang='lat' dir='ltr'><strong>in</strong></span> <span class='ocrx_word' id='word_1_439' title='bbox 3342 1465 3433 1505; x_wconf 83' lang='lat' dir='ltr'><strong>sa-</strong></span> 
     </span>
    </p>
   </div>
   <div class='ocr_carea' id='block_1_65' title="bbox 1866 1520 3430 1604">
    <p class='ocr_par' dir='ltr' id='par_1_65' title="bbox 1866 1520 3430 1604">
     <span class='ocr_line' id='line_1_65' title="bbox 1866 1520 3430 1604; baseline 0.015 -33"><span class='ocrx_word' id='word_1_440' title='bbox 1866 1520 2060 1589; x_wconf 88' lang='lat' dir='ltr'><strong>pientia</strong></span> <span class='ocrx_word' id='word_1_441' title='bbox 2092 1525 2297 1591; x_wconf 80' lang='lat' dir='ltr'><strong>potest?</strong></span> <span class='ocrx_word' id='word_1_442' title='bbox 2334 1533 2426 1578; x_wconf 88' lang='lat' dir='ltr'><strong>aut</strong></span> <span class='ocrx_word' id='word_1_443' title='bbox 2462 1541 2566 1595; x_wconf 91' lang='lat' dir='ltr'><strong>quo</strong></span> <span class='ocrx_word' id='word_1_444' title='bbox 2588 1540 2746 1596; x_wconf 88' lang='lat' dir='ltr'><strong>pacto</strong></span> <span class='ocrx_word' id='word_1_445' title='bbox 2768 1531 2859 1600; x_wconf 87' lang='lat' dir='ltr'><strong>qui</strong></span> <span class='ocrx_word' id='word_1_446' title='bbox 2890 1532 3010 1589; x_wconf 88' lang='lat' dir='ltr'><strong>aliis</strong></span> <span class='ocrx_word' id='word_1_447' title='bbox 3037 1536 3265 1604; x_wconf 76' lang='lat' dir='ltr'><strong>gratiam</strong></span> <span class='ocrx_word' id='word_1_448' title='bbox 3297 1553 3430 1595; x_wconf 87' lang='lat' dir='ltr'><strong>con-</strong></span> 
     </span>
    </p>
   </div>
   <div class='ocr_carea' id='block_1_66' title="bbox 1864 1610 3430 1690">
    <p class='ocr_par' dir='ltr' id='par_1_66' title="bbox 1864 1610 3430 1690">
     <span class='ocr_line' id='line_1_66' title="bbox 1864 1610 3430 1690; baseline 0.016 -29"><span class='ocrx_word' id='word_1_449' title='bbox 1864 1610 1986 1675; x_wconf 84' lang='lat' dir='ltr'><strong>fert,</strong></span> <span class='ocrx_word' id='word_1_450' title='bbox 2016 1611 2240 1681; x_wconf 80' lang='lat' dir='ltr'><strong>ipsemet</strong></span> <span class='ocrx_word' id='word_1_451' title='bbox 2264 1624 2321 1667; x_wconf 92' lang='lat' dir='ltr'><strong>ut</strong></span> <span class='ocrx_word' id='word_1_452' title='bbox 2352 1630 2563 1684; x_wconf 81' lang='lat' dir='ltr'><strong>expers,</strong></span> <span class='ocrx_word' id='word_1_453' title='bbox 2590 1619 2642 1672; x_wconf 92' lang='lat' dir='ltr'><strong>in</strong></span> <span class='ocrx_word' id='word_1_454' title='bbox 2678 1634 2741 1685; x_wconf 81' lang='lat' dir='ltr'><strong>ea</strong></span> <span class='ocrx_word' id='word_1_455' title='bbox 2781 1621 3042 1690; x_wconf 90' lang='lat' dir='ltr'><strong>proﬁcit?</strong></span> <span class='ocrx_word' id='word_1_456' title='bbox 3072 1628 3152 1681; x_wconf 83' lang='lat' dir='ltr'><strong>An</strong></span> <span class='ocrx_word' id='word_1_457' title='bbox 3194 1626 3430 1686; x_wconf 81' lang='lat' dir='ltr'><strong>fortasse</strong></span> 
     </span>
    </p>
   </div>
   <div class='ocr_carea' id='block_1_67' title="bbox 1864 1700 3428 1787">
    <p class='ocr_par' dir='ltr' id='par_1_67' title="bbox 1864 1700 3428 1787">
     <span class='ocr_line' id='line_1_67' title="bbox 1864 1700 3428 1787; baseline 0.015 -33"><span class='ocrx_word' id='word_1_458' title='bbox 1864 1700 2087 1757; x_wconf 87' lang='lat' dir='ltr'><strong>Paulum</strong></span> <span class='ocrx_word' id='word_1_459' title='bbox 2119 1708 2331 1759; x_wconf 90' lang='lat' dir='ltr'><strong>mentiri</strong></span> <span class='ocrx_word' id='word_1_460' title='bbox 2363 1708 2558 1769; x_wconf 85' lang='lat' dir='ltr'><strong>dicent.</strong></span> <span class='ocrx_word' id='word_1_461' title='bbox 2583 1712 2673 1779; x_wconf 88' lang='lat' dir='ltr'><strong>qui</strong></span> <span class='ocrx_word' id='word_1_462' title='bbox 2728 1712 2920 1770; x_wconf 88' lang='lat' dir='ltr'><strong>Filium</strong></span> <span class='ocrx_word' id='word_1_463' title='bbox 2967 1714 3298 1787; x_wconf 86' lang='lat' dir='ltr'><strong>Sapientiam</strong></span> <span class='ocrx_word' id='word_1_464' title='bbox 3331 1736 3428 1777; x_wconf 89' lang='lat' dir='ltr'><strong>vo-</strong></span> 
     </span>
    </p>
   </div>
   <div class='ocr_carea' id='block_1_68' title="bbox 1864 1796 3425 1870">
    <p class='ocr_par' dir='ltr' id='par_1_68' title="bbox 1864 1796 3425 1870">
     <span class='ocr_line' id='line_1_68' title="bbox 1864 1796 3425 1870; baseline 0.015 -24"><span class='ocrx_word' id='word_1_465' title='bbox 1864 1801 1948 1846; x_wconf 91' lang='lat' dir='ltr'><strong>cat</strong></span> <span class='ocrx_word' id='word_1_466' title='bbox 1971 1801 2023 1847; x_wconf 92' lang='lat' dir='ltr'><strong>et</strong></span> <span class='ocrx_word' id='word_1_467' title='bbox 2049 1796 2242 1866; x_wconf 64' lang='lat' dir='ltr'><strong>gratiae</strong></span> <span class='ocrx_word' id='word_1_468' title='bbox 2258 1797 2537 1852; x_wconf 84' lang='lat' dir='ltr'><strong>datorem?</strong></span> <span class='ocrx_word' id='word_1_469' title='bbox 2568 1802 2637 1856; x_wconf 88' lang='lat' dir='ltr'><strong>At</strong></span> <span class='ocrx_word' id='word_1_470' title='bbox 2660 1817 2763 1857; x_wconf 91' lang='lat' dir='ltr'><strong>non</strong></span> <span class='ocrx_word' id='word_1_471' title='bbox 2782 1806 3039 1862; x_wconf 85' lang='lat' dir='ltr'><strong>mentitur</strong></span> <span class='ocrx_word' id='word_1_472' title='bbox 3061 1811 3303 1868; x_wconf 85' lang='lat' dir='ltr'><strong>veritatis</strong></span> <span class='ocrx_word' id='word_1_473' title='bbox 3321 1815 3425 1870; x_wconf 91' lang='lat' dir='ltr'><strong>mi-</strong></span> 
     </span>
    </p>
   </div>
   <div class='ocr_carea' id='block_1_69' title="bbox 1863 1884 3424 1974">
    <p class='ocr_par' dir='ltr' id='par_1_69' title="bbox 1863 1884 3424 1974">
     <span class='ocr_line' id='line_1_69' title="bbox 1863 1884 3424 1974; baseline 0.018 -39"><span class='ocrx_word' id='word_1_474' title='bbox 1863 1884 2049 1938; x_wconf 87' lang='lat' dir='ltr'><strong>nister.</strong></span> <span class='ocrx_word' id='word_1_475' title='bbox 2079 1886 2193 1941; x_wconf 88' lang='lat' dir='ltr'><strong>Non</strong></span> <span class='ocrx_word' id='word_1_476' title='bbox 2228 1903 2355 1959; x_wconf 81' lang='lat' dir='ltr'><strong>ergo</strong></span> <span class='ocrx_word' id='word_1_477' title='bbox 2384 1891 2617 1958; x_wconf 91' lang='lat' dir='ltr'><strong>proﬁcit,</strong></span> <span class='ocrx_word' id='word_1_478' title='bbox 2644 1905 2913 1963; x_wconf 88' lang='lat' dir='ltr'><strong>quatenus</strong></span> <span class='ocrx_word' id='word_1_479' title='bbox 2940 1910 3024 1955; x_wconf 84' lang='lat' dir='ltr'><strong>est</strong></span> <span class='ocrx_word' id='word_1_480' title='bbox 3044 1898 3299 1974; x_wconf 81' lang='lat' dir='ltr'><strong>Verbum,</strong></span> <span class='ocrx_word' id='word_1_481' title='bbox 3328 1909 3424 1963; x_wconf 87' lang='lat' dir='ltr'><strong>sed</strong></span> 
     </span>
    </p>
   </div>
   <div class='ocr_carea' id='block_1_70' title="bbox 1862 1976 3425 2068">
    <p class='ocr_par' dir='ltr' id='par_1_70' title="bbox 1862 1976 3425 2068">
     <span class='ocr_line' id='line_1_70' title="bbox 1862 1976 3425 2068; baseline 0.014 -37"><span class='ocrx_word' id='word_1_482' title='bbox 1862 1976 2003 2031; x_wconf 91' lang='lat' dir='ltr'><strong>sicut</strong></span> <span class='ocrx_word' id='word_1_483' title='bbox 2028 1978 2095 2032; x_wconf 91' lang='lat' dir='ltr'><strong>de</strong></span> <span class='ocrx_word' id='word_1_484' title='bbox 2113 1980 2328 2034; x_wconf 89' lang='lat' dir='ltr'><strong>homine</strong></span> <span class='ocrx_word' id='word_1_485' title='bbox 2346 1982 2543 2037; x_wconf 85' lang='lat' dir='ltr'><strong>dictum</strong></span> <span class='ocrx_word' id='word_1_486' title='bbox 2565 1992 2666 2054; x_wconf 90' lang='lat' dir='ltr'><strong>est,</strong></span> <span class='ocrx_word' id='word_1_487' title='bbox 2686 1987 2778 2056; x_wconf 89' lang='lat' dir='ltr'><strong>qui</strong></span> <span class='ocrx_word' id='word_1_488' title='bbox 2802 1989 2982 2045; x_wconf 87' lang='lat' dir='ltr'><strong>omnia</strong></span> <span class='ocrx_word' id='word_1_489' title='bbox 3003 2005 3187 2049; x_wconf 86' lang='lat' dir='ltr'><strong>nostra</strong></span> <span class='ocrx_word' id='word_1_490' title='bbox 3206 2006 3425 2068; x_wconf 83' lang='lat' dir='ltr'><strong>propter</strong></span> 
     </span>
    </p>
   </div>
   <div class='ocr_carea' id='block_1_71' title="bbox 1861 2073 2294 2141">
    <p class='ocr_par' dir='ltr' id='par_1_71' title="bbox 1861 2073 2294 2141">
     <span class='ocr_line' id='line_1_71' title="bbox 1861 2073 2294 2141; baseline 0.007 -20"><span class='ocrx_word' id='word_1_491' title='bbox 1861 2084 1958 2125; x_wconf 91' lang='lat' dir='ltr'><strong>nos</strong></span> <span class='ocrx_word' id='word_1_492' title='bbox 1986 2073 2294 2141; x_wconf 87' lang='lat' dir='ltr'><strong>assumpsit.</strong></span> 
     </span>
    </p>
   </div>
   <div class='ocr_carea' id='block_1_72' title="bbox 2524 2190 2755 2250">
    <p class='ocr_par' dir='ltr' id='par_1_72' title="bbox 2524 2190 2755 2250">
     <span class='ocr_line' id='line_1_72' title="bbox 2524 2190 2755 2250; baseline 0.013 -3"><span class='ocrx_word' id='word_1_493' title='bbox 2524 2190 2755 2250; x_wconf 78' lang='lat' dir='ltr'><strong>ALIUD.</strong></span> 
     </span>
    </p>
   </div>
   <div class='ocr_carea' id='block_1_73' title="bbox 1927 2319 3419 2407">
    <p class='ocr_par' dir='ltr' id='par_1_73' title="bbox 1927 2319 3419 2407">
     <span class='ocr_line' id='line_1_73' title="bbox 1927 2319 3419 2407; baseline 0.019 -35"><span class='ocrx_word' id='word_1_494' title='bbox 1927 2319 1983 2374; x_wconf 90' lang='lat' dir='ltr'><strong>Id</strong></span> <span class='ocrx_word' id='word_1_495' title='bbox 2009 2320 2149 2388; x_wconf 91' lang='lat' dir='ltr'><strong>quod</strong></span> <span class='ocrx_word' id='word_1_496' title='bbox 2177 2322 2546 2390; x_wconf 87' lang='lat' dir='ltr'><strong>imperfectum</strong></span> <span class='ocrx_word' id='word_1_497' title='bbox 2576 2338 2659 2385; x_wconf 88' lang='lat' dir='ltr'><strong>est</strong></span> <span class='ocrx_word' id='word_1_498' title='bbox 2692 2344 2907 2402; x_wconf 88' lang='lat' dir='ltr'><strong>semper</strong></span> <span class='ocrx_word' id='word_1_499' title='bbox 2924 2335 2993 2391; x_wconf 88' lang='lat' dir='ltr'><strong>ad</strong></span> <span class='ocrx_word' id='word_1_500' title='bbox 3036 2339 3419 2407; x_wconf 77' lang='lat' dir='ltr'><strong>perfectionem</strong></span> 
     </span>
    </p>
   </div>
   <div class='ocr_carea' id='block_1_74' title="bbox 1856 2413 3417 2499">
    <p class='ocr_par' dir='ltr' id='par_1_74' title="bbox 1856 2413 3417 2499">
     <span class='ocr_line' id='line_1_74' title="bbox 1856 2413 3417 2499; baseline 0.017 -35"><span class='ocrx_word' id='word_1_501' title='bbox 1856 2413 2157 2477; x_wconf 89' lang='lat' dir='ltr'><strong>contendit,</strong></span> <span class='ocrx_word' id='word_1_502' title='bbox 2175 2423 2229 2468; x_wconf 91' lang='lat' dir='ltr'><strong>et</strong></span> <span class='ocrx_word' id='word_1_503' title='bbox 2261 2424 2568 2486; x_wconf 88' lang='lat' dir='ltr'><strong>contempto</strong></span> <span class='ocrx_word' id='word_1_504' title='bbox 2595 2422 2775 2490; x_wconf 89' lang='lat' dir='ltr'><strong>priore</strong></span> <span class='ocrx_word' id='word_1_505' title='bbox 2801 2439 2898 2480; x_wconf 90' lang='lat' dir='ltr'><strong>suo</strong></span> <span class='ocrx_word' id='word_1_506' title='bbox 2923 2425 3044 2482; x_wconf 93' lang='lat' dir='ltr'><strong>loco</strong></span> <span class='ocrx_word' id='word_1_507' title='bbox 3070 2444 3134 2484; x_wconf 90' lang='lat' dir='ltr'><strong>ac</strong></span> <span class='ocrx_word' id='word_1_508' title='bbox 3154 2441 3320 2499; x_wconf 87' lang='lat' dir='ltr'><strong>statu,</strong></span> <span class='ocrx_word' id='word_1_509' title='bbox 3346 2436 3417 2492; x_wconf 88' lang='lat' dir='ltr'><strong>ad</strong></span> 
     </span>
    </p>
   </div>
   <div class='ocr_carea' id='block_1_75' title="bbox 1856 2502 3418 2591">
    <p class='ocr_par' dir='ltr' id='par_1_75' title="bbox 1856 2502 3418 2591">
     <span class='ocr_line' id='line_1_75' title="bbox 1856 2502 3418 2591; baseline 0.019 -37"><span class='ocrx_word' id='word_1_510' title='bbox 1856 2502 2111 2569; x_wconf 88' lang='lat' dir='ltr'><strong>majorem</strong></span> <span class='ocrx_word' id='word_1_511' title='bbox 2146 2506 2526 2578; x_wconf 87' lang='lat' dir='ltr'><strong>melioremque</strong></span> <span class='ocrx_word' id='word_1_512' title='bbox 2556 2513 2779 2580; x_wconf 88' lang='lat' dir='ltr'><strong>aspirat.</strong></span> <span class='ocrx_word' id='word_1_513' title='bbox 2813 2515 3053 2588; x_wconf 82' lang='lat' dir='ltr'><strong>Exempli</strong></span> <span class='ocrx_word' id='word_1_514' title='bbox 3075 2524 3266 2591; x_wconf 75' lang='lat' dir='ltr'><strong>gratia,</strong></span> <span class='ocrx_word' id='word_1_515' title='bbox 3316 2528 3418 2582; x_wconf 90' lang='lat' dir='ltr'><strong>ho-</strong></span> 
     </span>
    </p>
   </div>
   <div class='ocr_carea' id='block_1_76' title="bbox 1854 2592 3417 2677">
    <p class='ocr_par' dir='ltr' id='par_1_76' title="bbox 1854 2592 3417 2677">
     <span class='ocr_line' id='line_1_76' title="bbox 1854 2592 3417 2677; baseline 0.017 -32"><span class='ocrx_word' id='word_1_516' title='bbox 1854 2592 2029 2648; x_wconf 89' lang='lat' dir='ltr'><strong>mines</strong></span> <span class='ocrx_word' id='word_1_517' title='bbox 2088 2596 2400 2664; x_wconf 87' lang='lat' dir='ltr'><strong>proﬁcimus</strong></span> <span class='ocrx_word' id='word_1_518' title='bbox 2466 2599 2519 2653; x_wconf 91' lang='lat' dir='ltr'><strong>in</strong></span> <span class='ocrx_word' id='word_1_519' title='bbox 2572 2604 2858 2671; x_wconf 85' lang='lat' dir='ltr'><strong>sapientia,</strong></span> <span class='ocrx_word' id='word_1_520' title='bbox 2909 2611 3243 2677; x_wconf 86' lang='lat' dir='ltr'><strong>atqueitain</strong></span> <span class='ocrx_word' id='word_1_521' title='bbox 3296 2616 3417 2673; x_wconf 88' lang='lat' dir='ltr'><strong>aliis</strong></span> 
     </span>
    </p>
   </div>
   <div class='ocr_carea' id='block_1_77' title="bbox 1852 2684 3417 2774">
    <p class='ocr_par' dir='ltr' id='par_1_77' title="bbox 1852 2684 3417 2774">
     <span class='ocr_line' id='line_1_77' title="bbox 1852 2684 3417 2774; baseline 0.018 -38"><span class='ocrx_word' id='word_1_522' title='bbox 1852 2684 2137 2742; x_wconf 81' lang='lat' dir='ltr'><strong>virtutibus</strong></span> <span class='ocrx_word' id='word_1_523' title='bbox 2163 2687 2418 2757; x_wconf 83' lang='lat' dir='ltr'><strong>paulatim</strong></span> <span class='ocrx_word' id='word_1_524' title='bbox 2450 2705 2771 2763; x_wconf 78' lang='lat' dir='ltr'><strong>progressus</strong></span> <span class='ocrx_word' id='word_1_525' title='bbox 2807 2696 3092 2768; x_wconf 88' lang='lat' dir='ltr'><strong>facientes,</strong></span> <span class='ocrx_word' id='word_1_526' title='bbox 3145 2704 3212 2759; x_wconf 88' lang='lat' dir='ltr'><strong>ad</strong></span> <span class='ocrx_word' id='word_1_527' title='bbox 3241 2707 3417 2774; x_wconf 86' lang='lat' dir='ltr'><strong>perfe-</strong></span> 
     </span>
    </p>
   </div>
   <div class='ocr_carea' id='block_1_78' title="bbox 1851 2778 3414 2860">
    <p class='ocr_par' dir='ltr' id='par_1_78' title="bbox 1851 2778 3414 2860">
     <span class='ocr_line' id='line_1_78' title="bbox 1851 2778 3414 2860; baseline 0.014 -29"><span class='ocrx_word' id='word_1_528' title='bbox 1851 2778 2082 2833; x_wconf 88' lang='lat' dir='ltr'><strong>ctionem</strong></span> <span class='ocrx_word' id='word_1_529' title='bbox 2111 2780 2233 2833; x_wconf 83' lang='lat' dir='ltr'><strong>vitae</strong></span> <span class='ocrx_word' id='word_1_530' title='bbox 2264 2783 2625 2849; x_wconf 83' lang='lat' dir='ltr'><strong>pervenimus.</strong></span> <span class='ocrx_word' id='word_1_531' title='bbox 2649 2788 2720 2840; x_wconf 86' lang='lat' dir='ltr'><strong>At</strong></span> <span class='ocrx_word' id='word_1_532' title='bbox 2743 2800 2870 2842; x_wconf 89' lang='lat' dir='ltr'><strong>vero</strong></span> <span class='ocrx_word' id='word_1_533' title='bbox 2898 2787 3131 2847; x_wconf 81' lang='lat' dir='ltr'><strong>Verbum</strong></span> <span class='ocrx_word' id='word_1_534' title='bbox 3156 2794 3270 2860; x_wconf 89' lang='lat' dir='ltr'><strong>Dei,</strong></span> <span class='ocrx_word' id='word_1_535' title='bbox 3290 2812 3414 2853; x_wconf 89' lang='lat' dir='ltr'><strong>cum</strong></span> 
     </span>
    </p>
   </div>
   <div class='ocr_carea' id='block_1_79' title="bbox 1851 2870 3413 2960">
    <p class='ocr_par' dir='ltr' id='par_1_79' title="bbox 1851 2870 3413 2960">
     <span class='ocr_line' id='line_1_79' title="bbox 1851 2870 3413 2960; baseline 0.013 -35"><span class='ocrx_word' id='word_1_536' title='bbox 1851 2870 1923 2925; x_wconf 84' lang='lat' dir='ltr'><strong>sit</strong></span> <span class='ocrx_word' id='word_1_537' title='bbox 1948 2879 2113 2926; x_wconf 91' lang='lat' dir='ltr'><strong>totum</strong></span> <span class='ocrx_word' id='word_1_538' title='bbox 2148 2873 2199 2926; x_wconf 91' lang='lat' dir='ltr'><strong>in</strong></span> <span class='ocrx_word' id='word_1_539' title='bbox 2230 2871 2412 2942; x_wconf 89' lang='lat' dir='ltr'><strong>Patre,</strong></span> <span class='ocrx_word' id='word_1_540' title='bbox 2436 2891 2667 2943; x_wconf 89' lang='lat' dir='ltr'><strong>quonam</strong></span> <span class='ocrx_word' id='word_1_541' title='bbox 2696 2880 3214 2950; x_wconf 67' lang='lat' dir='ltr'><strong>progredieturhut</strong></span> <span class='ocrx_word' id='word_1_542' title='bbox 3240 2892 3413 2960; x_wconf 81' lang='lat' dir='ltr'><strong>quod-</strong></span> 
     </span>
    </p>
   </div>
   <div class='ocr_carea' id='block_1_80' title="bbox 1850 2963 3414 3045">
    <p class='ocr_par' dir='ltr' id='par_1_80' title="bbox 1850 2963 3414 3045">
     <span class='ocr_line' id='line_1_80' title="bbox 1850 2963 3414 3045; baseline 0.016 -30"><span class='ocrx_word' id='word_1_543' title='bbox 1850 2976 1974 3015; x_wconf 87' lang='lat' dir='ltr'><strong>nam</strong></span> <span class='ocrx_word' id='word_1_544' title='bbox 2006 2963 2397 3020; x_wconf 83' lang='lat' dir='ltr'><strong>incrementum</strong></span> <span class='ocrx_word' id='word_1_545' title='bbox 2434 2969 2683 3039; x_wconf 84' lang='lat' dir='ltr'><strong>accipiet,</strong></span> <span class='ocrx_word' id='word_1_546' title='bbox 2714 2974 2807 3041; x_wconf 87' lang='lat' dir='ltr'><strong>qui</strong></span> <span class='ocrx_word' id='word_1_547' title='bbox 2840 2973 2917 3029; x_wconf 84' lang='lat' dir='ltr'><strong>ita</strong></span> <span class='ocrx_word' id='word_1_548' title='bbox 2948 2978 3220 3045; x_wconf 88' lang='lat' dir='ltr'><strong>perfectus</strong></span> <span class='ocrx_word' id='word_1_549' title='bbox 3245 2994 3331 3038; x_wconf 88' lang='lat' dir='ltr'><strong>est</strong></span> <span class='ocrx_word' id='word_1_550' title='bbox 3355 2996 3414 3041; x_wconf 91' lang='lat' dir='ltr'><strong>ut</strong></span> 
     </span>
    </p>
   </div>
   <div class='ocr_carea' id='block_1_81' title="bbox 1852 3055 3410 3132">
    <p class='ocr_par' dir='ltr' id='par_1_81' title="bbox 1852 3055 3410 3132">
     <span class='ocr_line' id='line_1_81' title="bbox 1852 3055 3410 3132; baseline 0.016 -26"><span class='ocrx_word' id='word_1_551' title='bbox 1852 3060 2020 3107; x_wconf 90' lang='lat' dir='ltr'><strong>totum</strong></span> <span class='ocrx_word' id='word_1_552' title='bbox 2050 3055 2100 3108; x_wconf 90' lang='lat' dir='ltr'><strong>in</strong></span> <span class='ocrx_word' id='word_1_553' title='bbox 2137 3056 2314 3124; x_wconf 90' lang='lat' dir='ltr'><strong>seipso</strong></span> <span class='ocrx_word' id='word_1_554' title='bbox 2343 3056 2559 3115; x_wconf 86' lang='lat' dir='ltr'><strong>Patrem</strong></span> <span class='ocrx_word' id='word_1_555' title='bbox 2620 3062 2838 3132; x_wconf 86' lang='lat' dir='ltr'><strong>habeat,</strong></span> <span class='ocrx_word' id='word_1_556' title='bbox 2891 3077 2947 3121; x_wconf 90' lang='lat' dir='ltr'><strong>et</strong></span> <span class='ocrx_word' id='word_1_557' title='bbox 2988 3077 3132 3128; x_wconf 88' lang='lat' dir='ltr'><strong>totus</strong></span> <span class='ocrx_word' id='word_1_558' title='bbox 3174 3074 3410 3132; x_wconf 84' lang='lat' dir='ltr'><strong>vicissim</strong></span> 
     </span>
    </p>
   </div>
   <div class='ocr_carea' id='block_1_82' title="bbox 1524 3129 3413 3232">
    <p class='ocr_par' dir='ltr' id='par_1_82' title="bbox 1524 3129 3413 3232">
     <span class='ocr_line' id='line_1_82' title="bbox 1524 3129 3413 3232; baseline 0.017 -41"><span class='ocrx_word' id='word_1_559' title='bbox 1524 3129 1616 3181; x_wconf 79' lang='grc' dir='ltr'><strong>καὶ</strong></span> <span class='ocrx_word' id='word_1_560' title='bbox 1647 3147 1751 3183; x_wconf 86' lang='grc' dir='ltr'><strong>σω·</strong></span> <span class='ocrx_word' id='word_1_561' title='bbox 1777 3161 1821 3220; x_wconf 78' lang='lat' dir='ltr'><strong>c</strong></span> <span class='ocrx_word' id='word_1_562' title='bbox 1853 3144 1925 3199; x_wconf 89' lang='lat' dir='ltr'><strong>sit</strong></span> <span class='ocrx_word' id='word_1_563' title='bbox 1958 3146 2008 3199; x_wconf 89' lang='lat' dir='ltr'><strong>in</strong></span> <span class='ocrx_word' id='word_1_564' title='bbox 2033 3145 2227 3201; x_wconf 87' lang='lat' dir='ltr'><strong>Patre?</strong></span> <span class='ocrx_word' id='word_1_565' title='bbox 2254 3145 2310 3202; x_wconf 89' lang='lat' dir='ltr'><strong>Si</strong></span> <span class='ocrx_word' id='word_1_566' title='bbox 2337 3151 2479 3204; x_wconf 89' lang='lat' dir='ltr'><strong>enim</strong></span> <span class='ocrx_word' id='word_1_567' title='bbox 2509 3151 2719 3209; x_wconf 89' lang='lat' dir='ltr'><strong>Patrem</strong></span> <span class='ocrx_word' id='word_1_568' title='bbox 2737 3129 2967 3227; x_wconf 87' lang='lat' dir='ltr'><strong>implens</strong></span> <span class='ocrx_word' id='word_1_569' title='bbox 2996 3160 3079 3232; x_wconf 90' lang='lat' dir='ltr'><strong>(ut</strong></span> <span class='ocrx_word' id='word_1_570' title='bbox 3099 3167 3337 3221; x_wconf 86' lang='lat' dir='ltr'><strong>crassius</strong></span> <span class='ocrx_word' id='word_1_571' title='bbox 3356 3179 3413 3223; x_wconf 86' lang='lat' dir='ltr'><strong>et</strong></span> 
     </span>
    </p>
   </div>
   <div class='ocr_carea' id='block_1_83' title="bbox 1852 3235 3411 3329">
    <p class='ocr_par' dir='ltr' id='par_1_83' title="bbox 1852 3235 3411 3329">
     <span class='ocr_line' id='line_1_83' title="bbox 1852 3235 3411 3329; baseline 0.017 -41"><span class='ocrx_word' id='word_1_572' title='bbox 1852 3235 2010 3290; x_wconf 82' lang='lat' dir='ltr'><strong>modo</strong></span> <span class='ocrx_word' id='word_1_573' title='bbox 2035 3252 2342 3307; x_wconf 90' lang='lat' dir='ltr'><strong>corporum,</strong></span> <span class='ocrx_word' id='word_1_574' title='bbox 2372 3243 2598 3311; x_wconf 82' lang='lat' dir='ltr'><strong>exempli</strong></span> <span class='ocrx_word' id='word_1_575' title='bbox 2630 3259 2811 3315; x_wconf 89' lang='lat' dir='ltr'><strong>causa,</strong></span> <span class='ocrx_word' id='word_1_576' title='bbox 2835 3248 3140 3326; x_wconf 87' lang='lat' dir='ltr'><strong>loquamur)</strong></span> <span class='ocrx_word' id='word_1_577' title='bbox 3165 3272 3411 3329; x_wconf 77' lang='lat' dir='ltr'><strong>progres-</strong></span> 
     </span>
    </p>
   </div>
   <div class='ocr_carea' id='block_1_84' title="bbox 1849 3328 3411 3423">
    <p class='ocr_par' dir='ltr' id='par_1_84' title="bbox 1849 3328 3411 3423">
     <span class='ocr_line' id='line_1_84' title="bbox 1849 3328 3411 3423; baseline 0.015 -40"><span class='ocrx_word' id='word_1_578' title='bbox 1849 3344 1967 3383; x_wconf 90' lang='lat' dir='ltr'><strong>sum</strong></span> <span class='ocrx_word' id='word_1_579' title='bbox 1992 3328 2223 3400; x_wconf 90' lang='lat' dir='ltr'><strong>aliquem</strong></span> <span class='ocrx_word' id='word_1_580' title='bbox 2253 3333 2396 3399; x_wconf 88' lang='lat' dir='ltr'><strong>fecit,</strong></span> <span class='ocrx_word' id='word_1_581' title='bbox 2431 3344 2525 3390; x_wconf 90' lang='lat' dir='ltr'><strong>aut</strong></span> <span class='ocrx_word' id='word_1_582' title='bbox 2562 3336 2951 3397; x_wconf 88' lang='lat' dir='ltr'><strong>incrementum</strong></span> <span class='ocrx_word' id='word_1_583' title='bbox 2985 3348 3229 3418; x_wconf 88' lang='lat' dir='ltr'><strong>accepit:</strong></span> <span class='ocrx_word' id='word_1_584' title='bbox 3274 3328 3411 3423; x_wconf 76' lang='lat' dir='ltr'><strong>ergo</strong></span> 
     </span>
    </p>
   </div>
   <div class='ocr_carea' id='block_1_85' title="bbox 1848 3423 3409 3511">
    <p class='ocr_par' dir='ltr' id='par_1_85' title="bbox 1848 3423 3409 3511">
     <span class='ocr_line' id='line_1_85' title="bbox 1848 3423 3409 3511; baseline 0.017 -37"><span class='ocrx_word' id='word_1_585' title='bbox 1848 3433 1999 3475; x_wconf 84' lang='lat' dir='ltr'><strong>extra</strong></span> <span class='ocrx_word' id='word_1_586' title='bbox 2028 3423 2240 3478; x_wconf 87' lang='lat' dir='ltr'><strong>Patrem</strong></span> <span class='ocrx_word' id='word_1_587' title='bbox 2271 3423 2446 3481; x_wconf 86' lang='lat' dir='ltr'><strong>factus</strong></span> <span class='ocrx_word' id='word_1_588' title='bbox 2474 3436 2580 3493; x_wconf 88' lang='lat' dir='ltr'><strong>est,</strong></span> <span class='ocrx_word' id='word_1_589' title='bbox 2612 3436 2796 3499; x_wconf 89' lang='lat' dir='ltr'><strong>utpote</strong></span> <span class='ocrx_word' id='word_1_590' title='bbox 2817 3434 2992 3503; x_wconf 87' lang='lat' dir='ltr'><strong>major</strong></span> <span class='ocrx_word' id='word_1_591' title='bbox 3011 3450 3076 3494; x_wconf 90' lang='lat' dir='ltr'><strong>eo</strong></span> <span class='ocrx_word' id='word_1_592' title='bbox 3097 3438 3150 3494; x_wconf 90' lang='lat' dir='ltr'><strong>in</strong></span> <span class='ocrx_word' id='word_1_593' title='bbox 3167 3455 3274 3511; x_wconf 91' lang='lat' dir='ltr'><strong>quo</strong></span> <span class='ocrx_word' id='word_1_594' title='bbox 3292 3453 3409 3499; x_wconf 88' lang='lat' dir='ltr'><strong>erat</strong></span> 
     </span>
    </p>
   </div>
   <div class='ocr_carea' id='block_1_86' title="bbox 1846 3511 3404 3594">
    <p class='ocr_par' dir='ltr' id='par_1_86' title="bbox 1846 3511 3404 3594">
     <span class='ocr_line' id='line_1_86' title="bbox 1846 3511 3404 3594; baseline 0.016 -29"><span class='ocrx_word' id='word_1_595' title='bbox 1846 3511 2089 3569; x_wconf 74' lang='lat' dir='ltr'><strong>effectus.</strong></span> <span class='ocrx_word' id='word_1_596' title='bbox 2112 3514 2378 3570; x_wconf 79' lang='lat' dir='ltr'><strong>Caeterum</strong></span> <span class='ocrx_word' id='word_1_597' title='bbox 2408 3533 2512 3571; x_wconf 94' lang='lat' dir='ltr'><strong>non</strong></span> <span class='ocrx_word' id='word_1_598' title='bbox 2548 3522 2782 3577; x_wconf 78' lang='lat' dir='ltr'><strong>excessit</strong></span> <span class='ocrx_word' id='word_1_599' title='bbox 2813 3538 2847 3579; x_wconf 92' lang='lat' dir='ltr'><strong>e</strong></span> <span class='ocrx_word' id='word_1_600' title='bbox 2888 3524 3071 3594; x_wconf 86' lang='lat' dir='ltr'><strong>Patre,</strong></span> <span class='ocrx_word' id='word_1_601' title='bbox 3106 3530 3200 3586; x_wconf 91' lang='lat' dir='ltr'><strong>sed</strong></span> <span class='ocrx_word' id='word_1_602' title='bbox 3258 3549 3404 3589; x_wconf 91' lang='lat' dir='ltr'><strong>sem-</strong></span> 
     </span>
    </p>
   </div>
   <div class='ocr_carea' id='block_1_87' title="bbox 1843 3606 3404 3696">
    <p class='ocr_par' dir='ltr' id='par_1_87' title="bbox 1843 3606 3404 3696">
     <span class='ocr_line' id='line_1_87' title="bbox 1843 3606 3404 3696; baseline 0.016 -39"><span class='ocrx_word' id='word_1_603' title='bbox 1843 3619 1939 3674; x_wconf 89' lang='lat' dir='ltr'><strong>per</strong></span> <span class='ocrx_word' id='word_1_604' title='bbox 1965 3606 2017 3659; x_wconf 90' lang='lat' dir='ltr'><strong>in</strong></span> <span class='ocrx_word' id='word_1_605' title='bbox 2050 3606 2162 3676; x_wconf 92' lang='lat' dir='ltr'><strong>ipso</strong></span> <span class='ocrx_word' id='word_1_606' title='bbox 2178 3616 2281 3674; x_wconf 90' lang='lat' dir='ltr'><strong>est,</strong></span> <span class='ocrx_word' id='word_1_607' title='bbox 2305 3608 2575 3677; x_wconf 88' lang='lat' dir='ltr'><strong>perfectus</strong></span> <span class='ocrx_word' id='word_1_608' title='bbox 2606 3611 2661 3666; x_wconf 90' lang='lat' dir='ltr'><strong>in</strong></span> <span class='ocrx_word' id='word_1_609' title='bbox 2677 3613 2916 3682; x_wconf 90' lang='lat' dir='ltr'><strong>perfecto</strong></span> <span class='ocrx_word' id='word_1_610' title='bbox 2930 3633 3178 3688; x_wconf 90' lang='lat' dir='ltr'><strong>manens,</strong></span> <span class='ocrx_word' id='word_1_611' title='bbox 3199 3634 3253 3680; x_wconf 90' lang='lat' dir='ltr'><strong>et</strong></span> <span class='ocrx_word' id='word_1_612' title='bbox 3277 3641 3404 3696; x_wconf 64' lang='lat' dir='ltr'><strong>per.</strong></span> 
     </span>
    </p>
   </div>
   <div class='ocr_carea' id='block_1_88' title="bbox 1843 3696 3405 3787">
    <p class='ocr_par' dir='ltr' id='par_1_88' title="bbox 1843 3696 3405 3787">
     <span class='ocr_line' id='line_1_88' title="bbox 1843 3696 3405 3787; baseline 0.015 -36"><span class='ocrx_word' id='word_1_613' title='bbox 1843 3696 2044 3752; x_wconf 87' lang='lat' dir='ltr'><strong>fectum</strong></span> <span class='ocrx_word' id='word_1_614' title='bbox 2083 3701 2289 3758; x_wconf 84' lang='lat' dir='ltr'><strong>habens</strong></span> <span class='ocrx_word' id='word_1_615' title='bbox 2315 3705 2367 3760; x_wconf 92' lang='lat' dir='ltr'><strong>in</strong></span> <span class='ocrx_word' id='word_1_616' title='bbox 2402 3707 2604 3778; x_wconf 88' lang='lat' dir='ltr'><strong>seipso.</strong></span> <span class='ocrx_word' id='word_1_617' title='bbox 2636 3707 2756 3765; x_wconf 87' lang='lat' dir='ltr'><strong>Non</strong></span> <span class='ocrx_word' id='word_1_618' title='bbox 2783 3724 2913 3781; x_wconf 80' lang='lat' dir='ltr'><strong>ergo</strong></span> <span class='ocrx_word' id='word_1_619' title='bbox 2939 3713 3187 3784; x_wconf 77' lang='lat' dir='ltr'><strong>profecit,</strong></span> <span class='ocrx_word' id='word_1_620' title='bbox 3223 3727 3405 3787; x_wconf 85' lang='lat' dir='ltr'><strong>quate-</strong></span> 
     </span>
    </p>
   </div>
   <div class='ocr_carea' id='block_1_89' title="bbox 1842 3790 3400 3877">
    <p class='ocr_par' dir='ltr' id='par_1_89' title="bbox 1842 3790 3400 3877">
     <span class='ocr_line' id='line_1_89' title="bbox 1842 3790 3400 3877; baseline 0.015 -35"><span class='ocrx_word' id='word_1_621' title='bbox 1842 3804 1944 3844; x_wconf 87' lang='lat' dir='ltr'><strong>nus</strong></span> <span class='ocrx_word' id='word_1_622' title='bbox 1968 3790 2204 3847; x_wconf 86' lang='lat' dir='ltr'><strong>Verbum</strong></span> <span class='ocrx_word' id='word_1_623' title='bbox 2265 3807 2370 3861; x_wconf 92' lang='lat' dir='ltr'><strong>est,</strong></span> <span class='ocrx_word' id='word_1_624' title='bbox 2416 3799 2511 3853; x_wconf 91' lang='lat' dir='ltr'><strong>sed</strong></span> <span class='ocrx_word' id='word_1_625' title='bbox 2555 3807 2637 3855; x_wconf 88' lang='lat' dir='ltr'><strong>est</strong></span> <span class='ocrx_word' id='word_1_626' title='bbox 2660 3800 2951 3870; x_wconf 89' lang='lat' dir='ltr'><strong>perfectus,</strong></span> <span class='ocrx_word' id='word_1_627' title='bbox 2984 3818 3209 3863; x_wconf 87' lang='lat' dir='ltr'><strong>manens</strong></span> <span class='ocrx_word' id='word_1_628' title='bbox 3238 3808 3400 3877; x_wconf 90' lang='lat' dir='ltr'><strong>idem,</strong></span> 
     </span>
    </p>
   </div>
   <div class='ocr_carea' id='block_1_90' title="bbox 1841 3880 2840 3963">
    <p class='ocr_par' dir='ltr' id='par_1_90' title="bbox 1841 3880 2840 3963">
     <span class='ocr_line' id='line_1_90' title="bbox 1841 3880 2840 3963; baseline 0.014 -30"><span class='ocrx_word' id='word_1_629' title='bbox 1841 3880 2146 3953; x_wconf 85' lang='lat' dir='ltr'><strong>nullamque</strong></span> <span class='ocrx_word' id='word_1_630' title='bbox 2176 3887 2527 3946; x_wconf 90' lang='lat' dir='ltr'><strong>mutationem</strong></span> <span class='ocrx_word' id='word_1_631' title='bbox 2556 3893 2840 3963; x_wconf 90' lang='lat' dir='ltr'><strong>recipiens.</strong></span> 
     </span>
    </p>
   </div>
   <div class='ocr_carea' id='block_1_91' title="bbox 2503 4022 2736 4081">
    <p class='ocr_par' dir='ltr' id='par_1_91' title="bbox 2503 4022 2736 4081">
     <span class='ocr_line' id='line_1_91' title="bbox 2503 4022 2736 4081; baseline 0.004 -4"><span class='ocrx_word' id='word_1_632' title='bbox 2503 4022 2736 4081; x_wconf 75' lang='lat' dir='ltr'><strong>Aleu.</strong></span> 
     </span>
    </p>
   </div>
   <div class='ocr_carea' id='block_1_92' title="bbox 1907 4146 3401 4234">
    <p class='ocr_par' dir='ltr' id='par_1_92' title="bbox 1907 4146 3401 4234">
     <span class='ocr_line' id='line_1_92' title="bbox 1907 4146 3401 4234; baseline 0.015 -32"><span class='ocrx_word' id='word_1_633' title='bbox 1907 4146 2105 4207; x_wconf 88' lang='lat' dir='ltr'><strong>Paulus</strong></span> <span class='ocrx_word' id='word_1_634' title='bbox 2148 4153 2345 4210; x_wconf 89' lang='lat' dir='ltr'><strong>alicubi</strong></span> <span class='ocrx_word' id='word_1_635' title='bbox 2398 4158 2464 4212; x_wconf 86' lang='lat' dir='ltr'><strong>de</strong></span> <span class='ocrx_word' id='word_1_636' title='bbox 2505 4157 2643 4216; x_wconf 88' lang='lat' dir='ltr'><strong>Filio</strong></span> <span class='ocrx_word' id='word_1_637' title='bbox 2689 4163 2862 4230; x_wconf 80' lang='lat' dir='ltr'><strong>inquit</strong></span> <span class='ocrx_word' id='word_1_638' title='bbox 2908 4166 3052 4234; x_wconf 90' lang='lat' dir='ltr'><strong>quod</strong></span> <span class='ocrx_word' id='word_1_639' title='bbox 3102 4166 3401 4225; x_wconf 85' lang='lat' dir='ltr'><strong>humiliavit</strong></span> 
     </span>
    </p>
   </div>
   <div class='ocr_carea' id='block_1_93' title="bbox 1835 4239 3399 4327">
    <p class='ocr_par' dir='ltr' id='par_1_93' title="bbox 1835 4239 3399 4327">
     <span class='ocr_line' id='line_1_93' title="bbox 1835 4239 3399 4327; baseline 0.015 -34"><span class='ocrx_word' id='word_1_640' title='bbox 1835 4239 2093 4310; x_wconf 89' lang='lat' dir='ltr'><strong>seipsum,</strong></span> <span class='ocrx_word' id='word_1_641' title='bbox 2122 4244 2294 4301; x_wconf 90' lang='lat' dir='ltr'><strong>forma</strong></span> <span class='ocrx_word' id='word_1_642' title='bbox 2319 4249 2460 4303; x_wconf 89' lang='lat' dir='ltr'><strong>servi</strong></span> <span class='ocrx_word' id='word_1_643' title='bbox 2487 4262 2702 4322; x_wconf 87' lang='lat' dir='ltr'><strong>accepta</strong></span> <span class='ocrx_word' id='word_1_644' title='bbox 2736 4254 2801 4307; x_wconf 77' lang='grc'><strong>’⁸.</strong></span> <span class='ocrx_word' id='word_1_645' title='bbox 2844 4253 2902 4309; x_wconf 91' lang='lat' dir='ltr'><strong>Si</strong></span> <span class='ocrx_word' id='word_1_646' title='bbox 2941 4270 3071 4327; x_wconf 75' lang='lat' dir='ltr'><strong>ergo</strong></span> <span class='ocrx_word' id='word_1_647' title='bbox 3107 4274 3264 4315; x_wconf 91' lang='lat' dir='ltr'><strong>nemo</strong></span> <span class='ocrx_word' id='word_1_648' title='bbox 3296 4262 3399 4317; x_wconf 83' lang='lat' dir='ltr'><strong>hoc</strong></span> 
     </span>
    </p>
   </div>
   <div class='ocr_carea' id='block_1_94' title="bbox 1833 4329 3396 4413">
    <p class='ocr_par' dir='ltr' id='par_1_94' title="bbox 1833 4329 3396 4413">
     <span class='ocr_line' id='line_1_94' title="bbox 1833 4329 3396 4413; baseline 0.013 -30"><span class='ocrx_word' id='word_1_649' title='bbox 1833 4329 1976 4384; x_wconf 92' lang='lat' dir='ltr'><strong>dicto</strong></span> <span class='ocrx_word' id='word_1_650' title='bbox 2022 4329 2333 4399; x_wconf 72' lang='lat' dir='ltr'><strong>offenditur,</strong></span> <span class='ocrx_word' id='word_1_651' title='bbox 2366 4352 2539 4406; x_wconf 90' lang='lat' dir='ltr'><strong>neque</strong></span> <span class='ocrx_word' id='word_1_652' title='bbox 2566 4354 2686 4394; x_wconf 86' lang='lat' dir='ltr'><strong>cum</strong></span> <span class='ocrx_word' id='word_1_653' title='bbox 2727 4342 2894 4408; x_wconf 89' lang='lat' dir='ltr'><strong>audit,</strong></span> <span class='ocrx_word' id='word_1_654' title='bbox 2934 4346 3073 4413; x_wconf 88' lang='lat' dir='ltr'><strong>quod</strong></span> <span class='ocrx_word' id='word_1_655' title='bbox 3102 4347 3396 4404; x_wconf 89' lang='lat' dir='ltr'><strong>humiliavit</strong></span> 
     </span>
    </p>
   </div>
   <div class='ocr_carea' id='block_1_95' title="bbox 1832 4420 3394 4504">
    <p class='ocr_par' dir='ltr' id='par_1_95' title="bbox 1832 4420 3394 4504">
     <span class='ocr_line' id='line_1_95' title="bbox 1832 4420 3394 4504; baseline 0.016 -34"><span class='ocrx_word' id='word_1_656' title='bbox 1832 4420 2087 4487; x_wconf 87' lang='lat' dir='ltr'><strong>seipsum,</strong></span> <span class='ocrx_word' id='word_1_657' title='bbox 2120 4422 2322 4478; x_wconf 91' lang='lat' dir='ltr'><strong>humile</strong></span> <span class='ocrx_word' id='word_1_658' title='bbox 2363 4425 2563 4495; x_wconf 89' lang='lat' dir='ltr'><strong>aliquid</strong></span> <span class='ocrx_word' id='word_1_659' title='bbox 2612 4431 2678 4483; x_wconf 91' lang='lat' dir='ltr'><strong>de</strong></span> <span class='ocrx_word' id='word_1_660' title='bbox 2711 4430 2886 4486; x_wconf 90' lang='lat' dir='ltr'><strong>Verbo</strong></span> <span class='ocrx_word' id='word_1_661' title='bbox 2918 4432 3010 4489; x_wconf 83' lang='lat' dir='ltr'><strong>Dei</strong></span> <span class='ocrx_word' id='word_1_662' title='bbox 3040 4438 3257 4504; x_wconf 78' lang='lat' dir='ltr'><strong>cogitat,</strong></span> <span class='ocrx_word' id='word_1_663' title='bbox 3298 4441 3394 4495; x_wconf 82' lang='lat' dir='ltr'><strong>sed</strong></span> 
     </span>
    </p>
   </div>
   <div class='ocr_carea' id='block_1_96' title="bbox 1008 4483 1747 4597">
    <p class='ocr_par' dir='ltr' id='par_1_96' title="bbox 1008 4483 1733 4570">
     <span class='ocr_line' id='line_1_96' title="bbox 1008 4483 1733 4570; baseline 0.025 -34"><span class='ocrx_word' id='word_1_664' title='bbox 1008 4483 1274 4558; x_wconf 80' lang='grc' dir='ltr'><strong>θαυμάζει</strong></span> <span class='ocrx_word' id='word_1_665' title='bbox 1307 4491 1404 4563; x_wconf 80' lang='grc' dir='ltr'><strong>τὴν</strong></span> <span class='ocrx_word' id='word_1_666' title='bbox 1429 4495 1733 4570; x_wconf 83' lang='grc' dir='ltr'><strong>φιλανθρω-</strong></span> 
     </span>
    </p>
   </div>
   <div class='ocr_carea' id='block_1_97' title="bbox 1855 4483 3393 4597">
    <p class='ocr_par' dir='ltr' id='par_1_97' title="bbox 1855 4483 3393 4597">
     <span class='ocr_line' id='line_1_97' title="bbox 1912 4483 3393 4504; baseline 0.003 -15"><span class='ocrx_word' id='word_1_667' title='bbox 1912 4483 1928 4487; x_wconf 90' lang='grc'><strong><em>-</em></strong></span> <span class='ocrx_word' id='word_1_668' title='bbox 2074 4483 2081 4486; x_wconf 42' lang='grc' dir='ltr'><strong><em>ν</em></strong></span> <span class='ocrx_word' id='word_1_669' title='bbox 2452 4483 2469 4495; x_wconf 87' lang='grc'><em>.</em></span> <span class='ocrx_word' id='word_1_670' title='bbox 2731 4483 2877 4486; x_wconf 35' lang='grc' dir='ltr'><strong>πίη-</strong></span> <span class='ocrx_word' id='word_1_671' title='bbox 2919 4483 2937 4486; x_wconf 86' lang='grc'><strong><em>-</em></strong></span> <span class='ocrx_word' id='word_1_672' title='bbox 2967 4483 3010 4489; x_wconf 69' lang='grc'><strong>--</strong></span> <span class='ocrx_word' id='word_1_673' title='bbox 3044 4483 3257 4504; x_wconf 59' lang='grc' dir='ltr'><strong>--οη-η</strong></span> <span class='ocrx_word' id='word_1_674' title='bbox 3298 4483 3393 4495; x_wconf 57' lang='grc' dir='ltr'><strong>σν..</strong></span> 
     </span>
     <span class='ocr_line' id='line_1_98' title="bbox 1855 4508 3393 4597; baseline 0.016 -37"><span class='ocrx_word' id='word_1_675' title='bbox 1855 4508 2008 4563; x_wconf 77' lang='lat' dir='ltr'><strong>totius</strong></span> <span class='ocrx_word' id='word_1_676' title='bbox 2060 4509 2228 4580; x_wconf 89' lang='lat' dir='ltr'><strong>ipsius</strong></span> <span class='ocrx_word' id='word_1_677' title='bbox 2260 4514 2643 4584; x_wconf 86' lang='lat' dir='ltr'><strong>benignitatem</strong></span> <span class='ocrx_word' id='word_1_678' title='bbox 2693 4522 2990 4577; x_wconf 90' lang='lat' dir='ltr'><strong>admiratur</strong></span> <span class='ocrx_word' id='word_1_679' title='bbox 3018 4542 3033 4578; x_wconf 90' lang='lat'><strong>:</strong></span> <span class='ocrx_word' id='word_1_680' title='bbox 3063 4527 3219 4597; x_wconf 75' lang='grc'><strong>25],</strong></span> <span class='ocrx_word' id='word_1_681' title='bbox 3248 4530 3393 4595; x_wconf 84' lang='lat' dir='ltr'><strong>Quo-</strong></span> 
     </span>
    </p>
   </div>
   <div class='ocr_carea' id='block_1_98' title="bbox 1833 4600 3391 4688">
    <p class='ocr_par' dir='ltr' id='par_1_98' title="bbox 1833 4600 3391 4688">
     <span class='ocr_line' id='line_1_99' title="bbox 1833 4600 3391 4688; baseline 0.016 -36"><span class='ocrx_word' id='word_1_682' title='bbox 1833 4600 1991 4655; x_wconf 91' lang='lat' dir='ltr'><strong>modo</strong></span> <span class='ocrx_word' id='word_1_683' title='bbox 2017 4617 2123 4657; x_wconf 92' lang='lat' dir='ltr'><strong>non</strong></span> <span class='ocrx_word' id='word_1_684' title='bbox 2157 4604 2230 4659; x_wconf 92' lang='lat' dir='ltr'><strong>sit</strong></span> <span class='ocrx_word' id='word_1_685' title='bbox 2255 4606 2564 4677; x_wconf 78' lang='lat' dir='ltr'><strong>absurdum,</strong></span> <span class='ocrx_word' id='word_1_686' title='bbox 2596 4627 2715 4667; x_wconf 90' lang='lat' dir='ltr'><strong>cum</strong></span> <span class='ocrx_word' id='word_1_687' title='bbox 2748 4614 2994 4672; x_wconf 86' lang='lat' dir='ltr'><strong>audimus</strong></span> <span class='ocrx_word' id='word_1_688' title='bbox 3052 4618 3227 4688; x_wconf 89' lang='lat' dir='ltr'><strong>ipsum</strong></span> <span class='ocrx_word' id='word_1_689' title='bbox 3265 4635 3391 4688; x_wconf 84' lang='lat' dir='ltr'><strong>pro-</strong></span> 
     </span>
    </p>
   </div>
   <div class='ocr_carea' id='block_1_99' title="bbox 1830 4687 3391 4768">
    <p class='ocr_par' dir='ltr' id='par_1_99' title="bbox 1830 4687 3391 4768">
     <span class='ocr_line' id='line_1_100' title="bbox 1830 4687 3391 4768; baseline 0.017 -26"><span class='ocrx_word' id='word_1_690' title='bbox 1830 4687 2045 4759; x_wconf 86' lang='lat' dir='ltr'><strong>fecisse,</strong></span> <span class='ocrx_word' id='word_1_691' title='bbox 2068 4692 2267 4750; x_wconf 71' lang='lat' dir='ltr'><strong>offendi</strong></span> <span class='ocrx_word' id='word_1_692' title='bbox 2283 4696 2305 4750; x_wconf 71' lang='grc' dir='ltr'><em>ἲ</em></span> <span class='ocrx_word' id='word_1_693' title='bbox 2321 4696 2454 4753; x_wconf 73' lang='lat' dir='ltr'><strong>Nam</strong></span> <span class='ocrx_word' id='word_1_694' title='bbox 2477 4701 2523 4756; x_wconf 91' lang='lat' dir='ltr'><strong>si</strong></span> <span class='ocrx_word' id='word_1_695' title='bbox 2544 4716 2610 4756; x_wconf 76' lang='lat' dir='ltr'><strong>ex</strong></span> <span class='ocrx_word' id='word_1_696' title='bbox 2635 4702 2726 4758; x_wconf 88' lang='lat' dir='ltr'><strong>illa</strong></span> <span class='ocrx_word' id='word_1_697' title='bbox 2780 4687 3153 4764; x_wconf 87' lang='lat' dir='ltr'><strong>humiliatione</strong></span> <span class='ocrx_word' id='word_1_698' title='bbox 3196 4687 3391 4768; x_wconf 75' lang='lat' dir='ltr'><strong>divini-</strong></span> 
     </span>
    </p>
   </div>
   <div class='ocr_carea' id='block_1_100' title="bbox 1831 4782 3390 4869">
    <p class='ocr_par' dir='ltr' id='par_1_100' title="bbox 1831 4782 3390 4869">
     <span class='ocr_line' id='line_1_101' title="bbox 1831 4782 3390 4869; baseline 0.015 -35"><span class='ocrx_word' id='word_1_699' title='bbox 1831 4788 1913 4836; x_wconf 86' lang='lat' dir='ltr'><strong>tas</strong></span> <span class='ocrx_word' id='word_1_700' title='bbox 1930 4782 2062 4837; x_wconf 87' lang='lat' dir='ltr'><strong>nihil</strong></span> <span class='ocrx_word' id='word_1_701' title='bbox 2091 4799 2249 4854; x_wconf 86' lang='lat' dir='ltr'><strong>passa</strong></span> <span class='ocrx_word' id='word_1_702' title='bbox 2278 4798 2380 4857; x_wconf 82' lang='lat' dir='ltr'><strong>est,</strong></span> <span class='ocrx_word' id='word_1_703' title='bbox 2402 4799 2549 4847; x_wconf 83' lang='lat' dir='ltr'><strong>certe</strong></span> <span class='ocrx_word' id='word_1_704' title='bbox 2576 4782 2751 4863; x_wconf 82' lang='lat' dir='ltr'><strong>neque</strong></span> <span class='ocrx_word' id='word_1_705' title='bbox 2778 4810 2845 4850; x_wconf 78' lang='lat' dir='ltr'><strong>ex</strong></span> <span class='ocrx_word' id='word_1_706' title='bbox 2876 4797 2979 4853; x_wconf 86' lang='lat' dir='ltr'><strong>hoc</strong></span> <span class='ocrx_word' id='word_1_707' title='bbox 3031 4800 3281 4869; x_wconf 82' lang='lat' dir='ltr'><strong>patietur.</strong></span> <span class='ocrx_word' id='word_1_708' title='bbox 3322 4802 3390 4857; x_wconf 83' lang='lat' dir='ltr'><strong>Et</strong></span> 
     </span>
    </p>
   </div>
   <div class='ocr_carea' id='block_1_101' title="bbox 1830 4875 3385 4963">
    <p class='ocr_par' dir='ltr' id='par_1_101' title="bbox 1830 4875 3385 4963">
     <span class='ocr_line' id='line_1_102' title="bbox 1830 4875 3385 4963; baseline 0.017 -38"><span class='ocrx_word' id='word_1_709' title='bbox 1830 4875 2277 4943; x_wconf 87' lang='lat' dir='ltr'><strong>quemadmodum</strong></span> <span class='ocrx_word' id='word_1_710' title='bbox 2304 4892 2523 4952; x_wconf 87' lang='lat' dir='ltr'><strong>propter</strong></span> <span class='ocrx_word' id='word_1_711' title='bbox 2545 4900 2642 4941; x_wconf 90' lang='lat' dir='ltr'><strong>nos</strong></span> <span class='ocrx_word' id='word_1_712' title='bbox 2672 4887 2977 4945; x_wconf 88' lang='lat' dir='ltr'><strong>humiliavit</strong></span> <span class='ocrx_word' id='word_1_713' title='bbox 3023 4892 3282 4963; x_wconf 84' lang='lat' dir='ltr'><strong>seipsum,</strong></span> <span class='ocrx_word' id='word_1_714' title='bbox 3311 4897 3385 4951; x_wconf 89' lang='lat' dir='ltr'><strong>ita</strong></span> 
     </span>
    </p>
   </div>
   <div class='ocr_carea' id='block_1_102' title="bbox 1829 4971 3470 5066">
    <p class='ocr_par' dir='ltr' id='par_1_102' title="bbox 1829 4971 3470 5066">
     <span class='ocr_line' id='line_1_103' title="bbox 1829 4971 3470 5066; baseline 0.014 -47"><span class='ocrx_word' id='word_1_715' title='bbox 1829 4975 2049 5034; x_wconf 88' lang='lat' dir='ltr'><strong>propter</strong></span> <span class='ocrx_word' id='word_1_716' title='bbox 2079 4983 2178 5025; x_wconf 89' lang='lat' dir='ltr'><strong>nos</strong></span> <span class='ocrx_word' id='word_1_717' title='bbox 2201 4971 2462 5040; x_wconf 86' lang='lat' dir='ltr'><strong>proﬁcere</strong></span> <span class='ocrx_word' id='word_1_718' title='bbox 2496 4975 2682 5043; x_wconf 88' lang='lat' dir='ltr'><strong>voluit,</strong></span> <span class='ocrx_word' id='word_1_719' title='bbox 2711 4986 2770 5032; x_wconf 92' lang='lat' dir='ltr'><strong>ut</strong></span> <span class='ocrx_word' id='word_1_720' title='bbox 2790 4994 2891 5036; x_wconf 88' lang='lat' dir='ltr'><strong>nos</strong></span> <span class='ocrx_word' id='word_1_721' title='bbox 2923 4981 3160 5039; x_wconf 77' lang='lat' dir='ltr'><strong>vicissim</strong></span> <span class='ocrx_word' id='word_1_722' title='bbox 3185 4984 3238 5038; x_wconf 89' lang='lat' dir='ltr'><strong>in</strong></span> <span class='ocrx_word' id='word_1_723' title='bbox 3266 4986 3385 5055; x_wconf 85' lang='lat' dir='ltr'><strong>ipso</strong></span> <span class='ocrx_word' id='word_1_724' title='bbox 3462 5058 3470 5066; x_wconf 33' lang='lat'><strong><em>.</em></strong></span> 
     </span>
    </p>
   </div>
   <div class='ocr_carea' id='block_1_103' title="bbox 1825 5058 3469 5145">
    <p class='ocr_par' dir='ltr' id='par_1_103' title="bbox 1825 5058 3469 5145">
     <span class='ocr_line' id='line_1_104' title="bbox 1825 5058 3469 5145; baseline 0.016 -37"><span class='ocrx_word' id='word_1_725' title='bbox 1825 5058 2276 5123; x_wconf 83' lang='lat' dir='ltr'><strong>proﬂceremusin</strong></span> <span class='ocrx_word' id='word_1_726' title='bbox 2303 5064 2588 5134; x_wconf 86' lang='lat' dir='ltr'><strong>sapientia,</strong></span> <span class='ocrx_word' id='word_1_727' title='bbox 2638 5070 2730 5137; x_wconf 91' lang='lat' dir='ltr'><strong>qui</strong></span> <span class='ocrx_word' id='word_1_728' title='bbox 2778 5082 2934 5128; x_wconf 84' lang='lat' dir='ltr'><strong>antea</strong></span> <span class='ocrx_word' id='word_1_729' title='bbox 2962 5088 3061 5144; x_wconf 87' lang='lat' dir='ltr'><strong>per</strong></span> <span class='ocrx_word' id='word_1_730' title='bbox 3103 5085 3382 5145; x_wconf 80' lang='lat' dir='ltr'><strong>peceatum</strong></span> <span class='ocrx_word' id='word_1_731' title='bbox 3462 5058 3469 5071; x_wconf 15' lang='grc' dir='ltr'>ἦ</span> 
     </span>
    </p>
   </div>
   <div class='ocr_carea' id='block_1_104' title="bbox 1822 5146 3382 5237">
    <p class='ocr_par' dir='ltr' id='par_1_104' title="bbox 1822 5146 3382 5237">
     <span class='ocr_line' id='line_1_105' title="bbox 1822 5146 3382 5237; baseline 0.015 -37"><span class='ocrx_word' id='word_1_732' title='bbox 1822 5146 2000 5203; x_wconf 90' lang='lat' dir='ltr'><strong>obruti</strong></span> <span class='ocrx_word' id='word_1_733' title='bbox 2027 5164 2245 5209; x_wconf 86' lang='lat' dir='ltr'><strong>eramus</strong></span> <span class='ocrx_word' id='word_1_734' title='bbox 2270 5172 2285 5209; x_wconf 89' lang='lat'><strong>:</strong></span> <span class='ocrx_word' id='word_1_735' title='bbox 2310 5165 2474 5226; x_wconf 85' lang='lat' dir='ltr'><strong>utque</strong></span> <span class='ocrx_word' id='word_1_736' title='bbox 2502 5173 2820 5230; x_wconf 83' lang='lat' dir='ltr'><strong>progressus</strong></span> <span class='ocrx_word' id='word_1_737' title='bbox 2845 5162 3141 5221; x_wconf 88' lang='lat' dir='ltr'><strong>faceremus</strong></span> <span class='ocrx_word' id='word_1_738' title='bbox 3166 5167 3219 5222; x_wconf 92' lang='lat' dir='ltr'><strong>in</strong></span> <span class='ocrx_word' id='word_1_739' title='bbox 3259 5183 3382 5237; x_wconf 79' lang='lat' dir='ltr'><strong>gra-</strong></span> 
     </span>
    </p>
   </div>
   <div class='ocr_carea' id='block_1_105' title="bbox 1825 5239 3379 5325">
    <p class='ocr_par' dir='ltr' id='par_1_105' title="bbox 1825 5239 3379 5325">
     <span class='ocr_line' id='line_1_106' title="bbox 1825 5239 3379 5325; baseline 0.016 -33"><span class='ocrx_word' id='word_1_740' title='bbox 1825 5239 1914 5306; x_wconf 90' lang='lat' dir='ltr'><strong>tia,</strong></span> <span class='ocrx_word' id='word_1_741' title='bbox 1935 5242 2027 5310; x_wconf 89' lang='lat' dir='ltr'><strong>qui</strong></span> <span class='ocrx_word' id='word_1_742' title='bbox 2056 5242 2183 5300; x_wconf 91' lang='lat' dir='ltr'><strong>olim</strong></span> <span class='ocrx_word' id='word_1_743' title='bbox 2224 5258 2443 5318; x_wconf 86' lang='lat' dir='ltr'><strong>propter</strong></span> <span class='ocrx_word' id='word_1_744' title='bbox 2503 5252 2632 5307; x_wconf 65' lang='lat' dir='ltr'><strong>Adae</strong></span> <span class='ocrx_word' id='word_1_745' title='bbox 2675 5258 3172 5325; x_wconf 64' lang='lat' dir='ltr'><strong>praevaricationem</strong></span> <span class='ocrx_word' id='word_1_746' title='bbox 3228 5263 3379 5317; x_wconf 80' lang='lat' dir='ltr'><strong>exosi</strong></span> 
     </span>
    </p>
   </div>
   <div class='ocr_carea' id='block_1_106' title="bbox 1817 5334 3377 5419">
    <p class='ocr_par' dir='ltr' id='par_1_106' title="bbox 1817 5334 3377 5419">
     <span class='ocr_line' id='line_1_107' title="bbox 1817 5334 3377 5419; baseline 0.015 -35"><span class='ocrx_word' id='word_1_747' title='bbox 1817 5347 2050 5389; x_wconf 85' lang='lat' dir='ltr'><strong>eramus.</strong></span> <span class='ocrx_word' id='word_1_748' title='bbox 2082 5334 2273 5393; x_wconf 90' lang='lat' dir='ltr'><strong>Omnia</strong></span> <span class='ocrx_word' id='word_1_749' title='bbox 2310 5342 2451 5397; x_wconf 90' lang='lat' dir='ltr'><strong>enim</strong></span> <span class='ocrx_word' id='word_1_750' title='bbox 2483 5354 2661 5399; x_wconf 89' lang='lat' dir='ltr'><strong>nostra</strong></span> <span class='ocrx_word' id='word_1_751' title='bbox 2695 5357 2912 5419; x_wconf 88' lang='lat' dir='ltr'><strong>propter</strong></span> <span class='ocrx_word' id='word_1_752' title='bbox 2952 5365 3051 5406; x_wconf 89' lang='lat' dir='ltr'><strong>nos</strong></span> <span class='ocrx_word' id='word_1_753' title='bbox 3096 5351 3149 5406; x_wconf 93' lang='lat' dir='ltr'><strong>in</strong></span> <span class='ocrx_word' id='word_1_754' title='bbox 3183 5365 3245 5408; x_wconf 85' lang='lat' dir='ltr'><strong>se</strong></span> <span class='ocrx_word' id='word_1_755' title='bbox 3285 5367 3377 5407; x_wconf 87' lang='lat' dir='ltr'><strong>as-</strong></span> 
     </span>
    </p>
   </div>
   <div class='ocr_carea' id='block_1_107' title="bbox 1814 5425 3376 5498">
    <p class='ocr_par' dir='ltr' id='par_1_107' title="bbox 1814 5425 3376 5498">
     <span class='ocr_line' id='line_1_108' title="bbox 1814 5425 3376 5498; baseline 0.014 -23"><span class='ocrx_word' id='word_1_756' title='bbox 1814 5425 2040 5493; x_wconf 89' lang='lat' dir='ltr'><strong>sumpsit</strong></span> <span class='ocrx_word' id='word_1_757' title='bbox 2065 5425 2333 5497; x_wconf 89' lang='lat' dir='ltr'><strong>Christus,</strong></span> <span class='ocrx_word' id='word_1_758' title='bbox 2353 5441 2413 5486; x_wconf 90' lang='lat' dir='ltr'><strong>ut</strong></span> <span class='ocrx_word' id='word_1_759' title='bbox 2442 5449 2629 5491; x_wconf 91' lang='lat' dir='ltr'><strong>omnes</strong></span> <span class='ocrx_word' id='word_1_760' title='bbox 2657 5438 2723 5493; x_wconf 91' lang='lat' dir='ltr'><strong>ad</strong></span> <span class='ocrx_word' id='word_1_761' title='bbox 2747 5439 3020 5496; x_wconf 88' lang='lat' dir='ltr'><strong>meliorem</strong></span> <span class='ocrx_word' id='word_1_762' title='bbox 3037 5451 3236 5497; x_wconf 89' lang='lat' dir='ltr'><strong>statum</strong></span> <span class='ocrx_word' id='word_1_763' title='bbox 3261 5450 3376 5498; x_wconf 81' lang='lat' dir='ltr'><strong>tra-</strong></span> 
     </span>
    </p>
   </div>
   <div class='ocr_carea' id='block_1_108' title="bbox 158 5476 1747 5605">
    <p class='ocr_par' dir='ltr' id='par_1_108' title="bbox 158 5476 1713 5605">
     <span class='ocr_line' id='line_1_109' title="bbox 158 5476 1713 5605; baseline 0.026 -79"><span class='ocrx_word' id='word_1_764' title='bbox 158 5476 533 5605; x_wconf 33' lang='grc' dir='ltr'><strong>ᾶμεὲρνᾌῐυκαῖ³</strong></span> <span class='ocrx_word' id='word_1_765' title='bbox 559 5484 700 5558; x_wconf 78' lang='grc' dir='ltr'><strong>ἀρχὴ</strong></span> <span class='ocrx_word' id='word_1_766' title='bbox 736 5490 956 5562; x_wconf 83' lang='grc' dir='ltr'><strong>γένηται</strong></span> <span class='ocrx_word' id='word_1_767' title='bbox 1001 5476 1119 5553; x_wconf 76' lang='grc' dir='ltr'><strong>τῶν</strong></span> <span class='ocrx_word' id='word_1_768' title='bbox 1139 5476 1377 5575; x_wconf 76' lang='grc' dir='ltr'><strong>γενητῶν</strong></span> <span class='ocrx_word' id='word_1_769' title='bbox 1414 5476 1713 5584; x_wconf 60' lang='grc' dir='ltr'><strong>ανθρώπων</strong></span> 
     </span>
     <span class='ocr_line' id='line_1_110' title="bbox 159 5574 1645 5605; baseline 0.03 -1"><span class='ocrx_word' id='word_1_770' title='bbox 159 5577 262 5605; x_wconf 61' lang='grc' dir='ltr'><strong>εσυ</strong></span> <span class='ocrx_word' id='word_1_771' title='bbox 328 5586 353 5605; x_wconf 73' lang='grc' dir='ltr'><strong>ρ·</strong></span> <span class='ocrx_word' id='word_1_772' title='bbox 433 5589 499 5605; x_wconf 68' lang='grc' dir='ltr'><strong>νι-</strong></span> <span class='ocrx_word' id='word_1_773' title='bbox 538 5574 597 5605; x_wconf 62' lang='lat' dir='ltr'><strong>n7-</strong></span> <span class='ocrx_word' id='word_1_774' title='bbox 1640 5600 1645 5605; x_wconf 75' lang='grc'><em>’</em></span> 
     </span>
    </p>
   </div>
   <div class='ocr_carea' id='block_1_109' title="bbox 1855 5476 3373 5605">
    <p class='ocr_par' dir='ltr' id='par_1_109' title="bbox 1855 5476 3373 5605">
     <span class='ocr_line' id='line_1_111' title="bbox 1937 5476 3373 5498; baseline 0.015 -18"><span class='ocrx_word' id='word_1_775' title='bbox 1937 5476 2038 5493; x_wconf 36' lang='grc' dir='ltr'><strong>τε--</strong></span> <span class='ocrx_word' id='word_1_776' title='bbox 2074 5476 2333 5497; x_wconf 59' lang='grc' dir='ltr'><strong>,κη--..η</strong></span> <span class='ocrx_word' id='word_1_777' title='bbox 2356 5476 2413 5486; x_wconf 81' lang='grc'><strong>..-</strong></span> <span class='ocrx_word' id='word_1_778' title='bbox 2443 5476 2629 5491; x_wconf 70' lang='grc' dir='ltr'><strong>.ιη-..να</strong></span> <span class='ocrx_word' id='word_1_779' title='bbox 2657 5476 2722 5493; x_wconf 69' lang='grc' dir='ltr'><strong>ιιι.</strong></span> <span class='ocrx_word' id='word_1_780' title='bbox 2747 5476 3020 5496; x_wconf 71' lang='grc' dir='ltr'><strong>ωυιιυιυω</strong></span> <span class='ocrx_word' id='word_1_781' title='bbox 3037 5476 3236 5497; x_wconf 75' lang='grc' dir='ltr'><strong>οιαιυιιι</strong></span> <span class='ocrx_word' id='word_1_782' title='bbox 3263 5476 3373 5498; x_wconf 75' lang='grc' dir='ltr'><strong>ιι·-</strong></span> 
     </span>
     <span class='ocr_line' id='line_1_112' title="bbox 1855 5524 3373 5605; baseline 0.013 -35"><span class='ocrx_word' id='word_1_783' title='bbox 1855 5527 2054 5587; x_wconf 89' lang='lat' dir='ltr'><strong>uceret,</strong></span> <span class='ocrx_word' id='word_1_784' title='bbox 2084 5528 2250 5593; x_wconf 88' lang='lat' dir='ltr'><strong>utque</strong></span> <span class='ocrx_word' id='word_1_785' title='bbox 2268 5524 2574 5585; x_wconf 87' lang='lat' dir='ltr'><strong>hominibus</strong></span> <span class='ocrx_word' id='word_1_786' title='bbox 2596 5532 2773 5587; x_wconf 90' lang='lat' dir='ltr'><strong>omnis</strong></span> <span class='ocrx_word' id='word_1_787' title='bbox 2793 5532 2917 5589; x_wconf 92' lang='lat' dir='ltr'><strong>boni</strong></span> <span class='ocrx_word' id='word_1_788' title='bbox 2940 5533 3262 5605; x_wconf 88' lang='lat' dir='ltr'><strong>principium</strong></span> <span class='ocrx_word' id='word_1_789' title='bbox 3281 5533 3373 5590; x_wconf 82' lang='lat' dir='ltr'><strong>ﬁe-</strong></span> 
     </span>
    </p>
   </div>
   <div class='ocr_carea' id='block_1_110' title="bbox 223 5741 691 5817">
    <p class='ocr_par' dir='ltr' id='par_1_110' title="bbox 223 5741 691 5817">
     <span class='ocr_line' id='line_1_113' title="bbox 223 5741 691 5817; baseline 0.015 -18"><span class='ocrx_word' id='word_1_790' title='bbox 223 5741 270 5775; x_wconf 82' lang='lat'><strong>&quot;</strong></span> <span class='ocrx_word' id='word_1_791' title='bbox 294 5743 519 5817; x_wconf 87' lang='lat' dir='ltr'><strong>Philipp.</strong></span> <span class='ocrx_word' id='word_1_792' title='bbox 554 5766 611 5817; x_wconf 89' lang='lat' dir='ltr'><strong>Il,</strong></span> <span class='ocrx_word' id='word_1_793' title='bbox 638 5752 691 5807; x_wconf 89' lang='lat'><strong>7.</strong></span> 
     </span>
    </p>
   </div>
   <div class='ocr_carea' id='block_1_111' title="bbox 386 5838 1103 5912">
    <p class='ocr_par' dir='ltr' id='par_1_111' title="bbox 386 5838 1103 5912">
     <span class='ocr_line' id='line_1_114' title="bbox 386 5838 1103 5912; baseline 0.013 -10"><span class='ocrx_word' id='word_1_794' title='bbox 386 5838 658 5906; x_wconf 70' lang='lat' dir='ltr'><strong>PATBOL.</strong></span> <span class='ocrx_word' id='word_1_795' title='bbox 704 5843 822 5906; x_wconf 83' lang='lat' dir='ltr'><strong>Gn.</strong></span> <span class='ocrx_word' id='word_1_796' title='bbox 860 5845 1103 5912; x_wconf 83' lang='lat' dir='ltr'><strong>LXXV.</strong></span> 
     </span>
    </p>
   </div>
   <div class='ocr_carea' id='block_1_112' title="bbox 1813 5617 1910 5663">
    <p class='ocr_par' dir='ltr' id='par_1_112' title="bbox 1813 5617 1910 5663">
     <span class='ocr_line' id='line_1_115' title="bbox 1813 5617 1910 5663; baseline -0.01 -1"><span class='ocrx_word' id='word_1_797' title='bbox 1813 5617 1910 5663; x_wconf 92' lang='lat' dir='ltr'><strong>ret.</strong></span> 
     </span>
    </p>
   </div>
   <div class='ocr_carea' id='block_1_113' title="bbox 2892 5884 2964 5947">
    <p class='ocr_par' dir='ltr' id='par_1_113' title="bbox 2892 5884 2964 5947">
     <span class='ocr_line' id='line_1_116' title="bbox 2892 5884 2964 5947; baseline 0.028 -2"><span class='ocrx_word' id='word_1_798' title='bbox 2892 5884 2964 5947; x_wconf 75' lang='grc'><strong>14</strong></span> 
     </span>
    </p>
   </div>
  </div>
