3878 6208
507 319 609 377 827

731 428 848 482 Alia
876 427 1030 495 hujus
1062 424 1186 478 dicti
1215 420 1508 475 verisimilis
1530 421 1830 490 explicatio.

574 529 843 597 Naturalis
868 538 1111 609 quaedam
1142 534 1226 589 lex
1250 541 1396 587 vetat
1422 547 1488 589 ne
1520 532 1681 588 homo
1708 533 1909 601 majore
1931 548 2059 603 pru-

506 633 686 691 dentia
719 645 877 702 quam
925 627 1167 698 corporis
1208 633 1340 680 tetas
1364 623 1525 690 ferat,
1556 626 1628 679 sit
1653 624 1939 695 praeditus:
1969 625 2063 679 sed

506 739 609 780 una
632 738 751 779 cum
782 723 1109 777 incremento
1131 716 1389 787 corporis,
1418 716 1691 771 concurrit
1718 716 2065 786 quodammo—

507 817 573 868 do
604 816 658 867 in
683 810 860 875 nobis,
899 809 1120 880 parique
1183 821 1342 876 passu
1402 806 1604 861 incedit
1630 806 1909 876 sapientia.
1936 806 2064 860 Erat

506 908 686 973 itaque
706 901 940 957 Verbum
968 902 1020 954 in
1043 914 1205 955 carne
1230 898 1428 953 factum
1448 899 1627 964 homo,
1645 900 1785 952 sicut
1805 899 2064 966 scriptum

506 995 652 1059 est‘;
677 1002 838 1061 atque
860 999 976 1043 erat
1000 990 1290 1058 perfectus;
1316 988 1571 1055 sapientia
1597 988 1738 1042 enim
1765 995 1881 1042 erat
1903 997 1955 1040 et
1971 1003 2065 1057 po-

508 1086 675 1136 tentia
703 1081 879 1135 Patris
897 1081 939 1133 ¹.
970 1076 1103 1131 Cum
1137 1091 1264 1131 vero
1296 1088 1503 1129 naturae
1528 1088 1724 1131 nostra!
1774 1090 2063 1132 consuetu—

505 1174 684 1228 dinem
712 1186 820 1242 pra:
837 1184 894 1225 se
913 1168 1054 1223 ferre
1071 1167 1307 1231 deberet,
1343 1180 1411 1219 ne
1439 1167 1779 1236 peregrinum
1806 1168 1929 1235 quid
1979 1178 2063 1220 at-

507 1280 611 1333 que
631 1264 900 1317 diversum
941 1259 1008 1313 ab
1035 1271 1098 1311 ea
1132 1270 1252 1310 esse
1275 1265 1605 1319 censeretur,
1637 1264 1695 1309 ut
1736 1256 1918 1321 homo,
1946 1272 2063 1310 cre-

506 1364 688 1409 scente
720 1351 972 1421 paulatim
1005 1362 1248 1418 corpore,
1294 1348 1667 1416 sapientiorem
1729 1364 1787 1404 se
1827 1350 1881 1403 in
1947 1351 2063 1405 dies

507 1443 849 1497 audientibus
879 1452 935 1495 et
959 1438 1262 1493 videntibus
1295 1439 1468 1506 ipsum
1486 1442 1761 1495 ostendit:
1792 1444 2061 1512 perfectus

506 1534 723 1601 quidem
752 1532 805 1587 in
830 1530 1078 1585 omnibus
1100 1529 1385 1594 exsiStens,
1407 1532 1546 1585 sicut
1577 1542 1701 1586 ante
1727 1534 1926 1588 dictum
1956 1543 2059 1598 est,

507 1638 843 1678 communem
877 1636 1001 1677 vero
1026 1632 1235 1676 naturae
1265 1636 1462 1676 morem
1495 1637 1744 1691 sequens.
1775 1624 1908 1679 Cum
1958 1625 2059 1697 igi-

506 1725 596 1769 tur
635 1714 819 1769 audies
873 1722 995 1769 eum
1042 1713 1334 1784 profecisse
1382 1714 1641 1783 sapientia
1688 1725 1741 1770 et
1767 1718 1963 1785 gratia,
1996 1734 2061 1771 ne

508 1806 868 1861 accessionem
892 1806 1127 1875 aliquam
1146 1804 1426 1873 sapientiae
1445 1806 1495 1858 in
1528 1807 1643 1875 ipso
1673 1806 1869 1862 factam
1896 1807 2063 1862 fuisse

505 1896 803 1963 existimes,
832 1895 979 1950 nulla
1012 1894 1155 1948 enim
1205 1908 1262 1948 re
1315 1893 1516 1963 indiget
1548 1893 1780 1951 Verbum
1808 1898 1937 1964 Dei;
1970 1898 2062 1953 sed

505 1988 633 2058 quia
653 1986 993 2043 cernentibus
1040 1984 1303 2055 sapientia
1351 1984 1522 2054 ipsius
1580 1996 1635 2040 et
1690 1988 1861 2058 gratia
1896 1988 2063 2057 magis

505 2080 791 2151 conspicua
819 2077 999 2142 (iebat,
1024 2076 1288 2148 prolicere
1313 2077 1530 2143 dicitur,
1584 2090 1642 2132 ut
1684 2078 1953 2149 profectus
1978 2079 2063 2134 ille

505 2172 574 2226 ad
615 2170 853 2225 habitum
880 2183 1066 2225 eorum
1093 2167 1184 2237 qui
1235 2168 1407 2237 ipsam
1439 2168 1861 2237 admirabantur,
1888 2171 2065 2240 potius

506 2263 576 2317 sit
604 2260 940 2317 referendus.

1173 2372 1401 2433 ALIUD.

577 2487 729 2555 Quod
762 2486 815 2541 in
836 2465 1014 2557 aliquo
1048 2486 1276 2555 proﬁcit,
1304 2487 1572 2542 diversum
1622 2497 1705 2543 est
1760 2490 1828 2543 ab
1874 2489 1963 2544 illo
2007 2491 2061 2542 in

505 2594 612 2648 quo
638 2578 898 2648 proﬁcere
920 2578 1139 2633 dicitur.
1170 2577 1225 2632 Si
1247 2578 1445 2648 ergoin
1472 2579 1733 2648 sapientia
1760 2580 2054 2649 profecisse

506 2670 723 2736 dicitur,
754 2683 859 2724 non
889 2668 1272 2737 sapientiaipsa
1300 2669 1548 2739 profecit,
1570 2673 1664 2725 sed
1698 2672 1932 2726 humana
1962 2688 2062 2726 na-

517 2773 635 2816 tura
672 2763 721 2816 ir
754 2760 1014 2832 sapientia
1052 2760 1298 2831 profecit.
1358 2761 1492 2816 Cum
1547 2762 1690 2817 enim
1738 2763 2065 2818 revelaretur

512 2864 673 2924 atque
730 2852 1168 2907 manifestaretur
1219 2853 1458 2923 quotidie
1493 2853 1660 2924 magis
1694 2868 1755 2908 ac
1787 2855 1956 2923 magis
2009 2856 2063 2910 in

506 2946 626 3014 ipso
655 2943 929 3011 divinitas,
954 2942 1210 3012 majorem
1236 2958 1448 3014 quoque
1468 2944 1522 2999 in
1554 2926 1799 2999 diesxsui
1832 2946 2065 3000 admira-

507 3039 707 3091 tionem
735 3035 786 3089 in
813 3035 1151 3091 cernentium
1181 3035 1376 3090 animis
1424 3034 1713 3091 excitabat.
1739 3035 1914 3107 Atque
1963 3038 2065 3093 hoc

514 3137 599 3183 est
624 3127 776 3194 illud,
813 3144 833 3179 ι
868 3126 1189 3184 Proﬁciebat
1215 3128 1269 3182 in
1295 3127 1574 3196 sapientia.
1608 3145 1627 3180 ι

1175 3239 1407 3296 ALIUD.

575 3361 822 3416 Humana
847 3370 1034 3415 natura
1061 3360 1287 3430 proiecit
1311 3361 1363 3416 in
1391 3361 1673 3433 sapientia,
1718 3364 1819 3419 boc
1858 3373 2013 3433 pacto
2044 3379 2058 3416 :

507 3452 783 3523 Sapientia
831 3467 950 3521 quae
1012 3443 1244 3507 hominis
1292 3462 1540 3509 naturam
1567 3454 1763 3520 induit,
1807 3456 1907 3510 hoc
1955 3464 2060 3520 est,

508 3540 745 3598 Verbum
780 3538 894 3606 Dei,
947 3557 1066 3596 cum
1118 3541 1373 3612 paulatim
1434 3544 1763 3601 admirandis
1809 3548 2060 3615 operibus

509 3634 767 3703 templum
807 3633 950 3701 quod
1000 3644 1365 3704 assumpserat
1417 3634 1668 3690 deiﬁcare
1727 3646 2057 3702 cerneretur,

501 3724 766 3794 prolicere
803 3724 931 3778 illud
965 3725 1064 3779 hac
1104 3726 1310 3779 ratione
1343 3724 1469 3778 fecit
1497 3740 1510 3776 :
1542 3726 1612 3779 ita
1644 3726 1950 3781 humanitas
2005 3729 2058 3782 in

501 3815 762 3886 sapientia
781 3813 1029 3884 profecit,
1056 3828 1151 3883 per
1172 3814 1343 3884 ipsam
1374 3815 1642 3870 deiﬁcata.
1669 3809 1829 3886 252
1858 3816 2058 3872 Idcirco

500 3917 671 3976 et,nos
705 3906 770 3961 ad
798 3905 1199 3961 similitudinem
1226 3904 1380 3959 Verbi
1410 3917 1624 3976 propter
1646 3923 1741 3962 nos
1770 3909 2054 3970 incarnati,

499 4007 556 4054 et
592 3998 684 4052 ﬁlii
706 3997 800 4052 Dei
825 4012 1078 4053 vocamur
1102 4006 1154 4052 et
1172 3996 1268 4052 dii.
1302 3995 1725 4067 Profecititaque
1744 4009 1935 4053 natura
1957 4016 2055 4055 no-

501 4098 615 4144 stra
656 4090 708 4142 in
739 4088 1023 4158 sapientia,
1049 4097 1293 4157 provecta
1327 4104 1356 4142 a
1381 4090 1720 4156 corruptione
1778 4089 1844 4142 ad
1876 4089 2056 4144 int-or-

500 4182 822 4251 ruptionem,
856 4180 923 4235 ab
950 4179 1279 4234 humanitate
1306 4182 1371 4233 ad
1398 4180 1709 4248 dignitatem
1758 4180 2056 4237 divinitatis

499 4274 554 4328 in
576 4273 807 4328 Christo.

974 4464 1207 4534 Objectio
1228 4465 1599 4520 haereticorum.

567 4581 674 4638 Sed
706 4578 1023 4645 audivimus,
1058 4577 1249 4645 inquit,
1270 4590 1477 4630 sacram
1515 4573 1845 4646 Scripturam
1869 4577 2047 4631 dicen-

498 4683 629 4739 tem,
651 4671 793 4742 quod
819 4669 1049 4725 Verbum
1079 4667 1197 4732 Dei,
1222 4666 1423 4721 factum
1454 4667 1633 4730 homo,
1675 4677 1914 4721 vocatum
1965 4675 2047 4720 est

493 4765 649 4821 Jesus
671 4764 712 4815 ³.
736 4762 852 4832 Ipse
880 4761 1042 4829 igitur
1073 4757 1265 4828 estqui
1299 4756 1544 4827 profecit.
1571 4756 1747 4823 Neque
1767 4756 1907 4809 enim
1963 4756 2044 4810 di-

491 4857 645 4911 vidas
664 4854 859 4923 ipsum,
881 4866 1002 4906 cum
1037 4849 1233 4903 Paulus
1254 4863 1418 4901 unum
1452 4861 1571 4901 esse
1613 4845 1883 4901 Christum
1914 4861 2047 4915 pra:-

491 4946 652 5000 dicet.
676 4942 837 5011 Atqui
868 4941 913 4997 si
955 4939 1225 5009 profectus
1258 4952 1429 5007 capax
1449 4947 1554 5003 est,
1582 4936 2042 5006 imperfectusita-

499 5050 594 5106 lue
620 5043 720 5092 est.
743 5033 813 5087 At
832 5047 938 5101 quo
964 5038 1117 5101 pacto
1150 5030 1241 5100 qui
1273 5031 1397 5086 talis
1424 5040 1532 5096 est,
1562 5028 1785 5097 aequalis
1810 5028 1916 5084 erit
1940 5029 2043 5083 Pa-

510 5131 557 5182 ri
588 5124 861 5197 perfecto?

989 5234 1189 5289 Salutio
1214 5234 1533 5303 objectionis.

558 5348 700 5405 Nihil
723 5347 1052 5417 derogabitis
1078 5344 1346 5401 divinitati
1372 5343 1513 5408 Filii,
1566 5357 1739 5413 neque
1794 5351 2043 5397 truncare

510 5439 740 5496 ‘oteritis
764 5435 1063 5492 naturalem
1100 5434 1264 5503 ipsius
1321 5433 1653 5503 dignitatem,
1692 5430 1902 5486 etiamsi
1940 5428 2042 5484 hoc

492 5531 697 5596 dicatis,
729 5529 819 5584 sed
842 5528 1018 5596 potius
1052 5541 1146 5597 per
1189 5540 1250 5580 ea
1310 5524 1504 5595 quibus
1542 5525 1757 5578 vincere
1809 5525 2042 5592 speratis

598 5707 751 5764 Joan.
795 5722 834 5771 ι,
865 5706 949 5760 Ii.
1025 5705 1043 5737 ’
1084 5702 1244 5759 lCor.
1288 5718 1326 5769 I,
1365 5702 1453 5758 24.
1530 5705 1549 5734 ³
1581 5702 1709 5759 Luc.
1752 5716 1811 5770 ll,
1844 5702 1933 5757 21.

1521 307 1579 361 S.
1620 305 1893 362 CYRILLI
1930 305 2393 361 ALEXANDRINI
2427 304 2746 363 ARCHIEP.

2091 428 2139 486 Α

3626 307 3738 362 ιεθ

2269 424 2471 488 ΛΛΛΟ,
2501 422 2789 493 ἐξήγησις
2818 419 3034 488 πιθανὴ
3068 436 3172 473 του
3200 420 3385 475 αὐτοῦ
3415 421 3622 489 ῥητοῦ.

2234 537 2461 599 Φυσικός
2485 552 2567 599 τις
2592 534 2754 604 νόμος
2780 533 2880 586 οὐκ
2905 532 3186 603 ἐπιτρέπει
3212 532 3302 586 τὸν
3325 534 3609 604 ἄνθρωπον
3631 535 3738 604 τῆς

2162 628 2257 681 τοῦ
2292 628 2539 698 σώματος
2573 626 2786 697 ἡλικίας
2817 625 3004 696 ὥσπερ
3051 624 3269 695 μείζονα
3305 625 3440 679 πολὺ
3474 626 3572 697 τὴν
3600 628 3737 697 φρό-

2164 736 2318 789 νησιν
2348 718 2491 789 ἔχειν
2513 734 2527 747 ο
2558 717 2692 771 ἀλλά
2724 716 3000 785 συντρέχει
3030 733 3147 778 πως
3175 716 3269 769 καὶ
3297 717 3332 787 ή
3360 716 3418 769 ἐν
3444 718 3577 786 ἡμῖν
3606 714 3735 767 σύν-

2120 826 2129 833 ’
2163 827 2277 874 εσις
2297 850 2312 874 ,
2354 811 2447 864 καὶ
2482 807 2794 879 συμϐαδίζει
2822 809 3019 877 τρόπον
3045 806 3166 860 τινὰ
3208 810 3326 871 ταῖς
3359 807 3450 860 τοῦ
3482 807 3735 878 σώματος

2096 1775 2135 1829 Β

2089 3102 2133 3161 C

2084 4439 2129 4493 Ι)

2162 901 2482 972 προκοπαῖς.
2506 894 2615 952 Ἦν
2652 894 2745 951 οὖν
2768 897 2795 948 6
2823 890 2993 963 Λόγος
3032 897 3089 948 ὲν
3123 897 3285 968 σαρκὶ
3322 895 3607 966 γενόμενος
3637 895 3733 947 ἀνι

2163 993 2396 1065 θρωπος,
2426 992 2567 1045 καθὰ
2586 990 2920 1061 γέγραπται·
2957 990 3049 1042 καὶ
3080 980 3148 1059 ἦν
3187 986 3412 1052 τέλειος,
3445 988 3606 1055 σοφία
3632 986 3735 1038 τοῦ

2162 1085 2375 1155 Πατρὸς
2402 1085 2495 1137 καὶ
2528 1083 2752 1152 δύναμις
2788 1078 2883 1136 ὧν.
2916 1080 3135 1150 Ἐπειδὴ
3163 1079 3220 1133 δὲ
3252 1080 3329 1150 τῷ
3371 1080 3469 1149 τῆς
3518 1078 3734 1147 φύσεως

2160 1174 2319 1247 ἡμῶν
2350 1174 2459 1227 ἔθει
2506 1174 2850 1243 παραχωρεῖν
2882 1188 2996 1233 πως
3035 1156 3225 1241 ἐχρῆν,
3267 1169 3353 1223 ίνα
3389 1171 3460 1239 μή
3494 1186 3545 1220 τι
3582 1166 3735 1231 ξένον

2162 1268 2313 1337 παρά
2338 1267 2449 1328 τοῖς
2477 1264 2641 1336 ὁρῶσι
2672 1263 2923 1334 νομισθῇ,
2953 1261 3028 1323 ὡς
3056 1261 3356 1333 ἄνθρωπος,
3385 1259 3524 1313 κατά
3557 1258 3732 1329 βραχὺ

2162 1359 2298 1429 πρὸς
2323 1356 2488 1427 αύξην
2520 1356 2687 1419 ἰόντος
2717 1354 2812 1408 τοῦ
2843 1353 3113 1424 σώματος,
3139 1352 3516 1406 ἀπεκάλυπτεν
3538 1340 3734 1403 ἑαυτόν

2162 1450 2256 1504 καὶ
2298 1448 2566 1519 ὁσημέραι
2614 1446 2919 1517 σοφώτερος
2968 1445 3118 1515 παρὰ
3161 1445 3272 1507 τοῖς
3320 1444 3516 1514 όρῶσιν
3560 1442 3593 1511 ἦ
3636 1440 3733 1493 καὶ

2162 1541 2445 1597 ἀκούουσιν
2474 1540 2739 1611 ἐφαίνετο.
2768 1540 2984 1600 Τέλειος
3019 1538 3115 1609 μὲν
3144 1538 3219 1591 ὢν
3255 1539 3313 1590 ὲν
3346 1536 3538 1598 ἅπασι,
3586 1526 3734 1586 καθά

2164 1636 2502 1706 προείρηται,
2533 1632 2838 1686 ἀκολουθῶν
2853 1631 2910 1684 δὲ
2939 1630 3017 1700 τῷ
3039 1628 3201 1700 κοινῷ
3226 1628 3325 1699 τῆς
3353 1626 3566 1698 φύσεως
3593 1620 3729 1678 ἔθει.

2166 1726 2334 1779 Ὅταν
2382 1722 2474 1778 οὖν
2509 1724 2782 1795 ἀκούσῃς,
2838 1723 3182 1794 Προέκοπτεν
3212 1721 3271 1773 ὲν
3306 1719 3467 1789 σοφίᾳ
3506 1718 3600 1770 καὶ
3631 1712 3733 1786 χά-

2166 1834 2306 1887 ριτι,
2352 1816 2427 1887 μὴ
2457 1814 2607 1886 αύτῷ
2646 1831 2768 1868 τινα
2800 1814 3117 1884 προσθήκην
3164 1810 3357 1880 σοφίας
3410 1807 3733 1877 ἐγγενέσθαι

2162 1908 2420 1981 νομίσῃς,
2468 1906 2719 1977 ἀνενδεὴς
2760 1904 2868 1974 γὰρ
2908 1905 2937 1956 6
2968 1902 3063 1956 τοῦ
3098 1901 3230 1955 Θεοῦ
3264 1900 3462 1969 Λόγος”
3500 1898 3616 1951 ἀλλ’
3648 1898 3735 1949 ὅτι

2163 2000 2313 2069 παρὰ
2341 2001 2455 2063 τοῖς
2490 1998 2654 2069 ὁρῶσι
2686 1996 2986 2066 σοφώτερος
3017 1995 3103 2048 ἀεὶ
3142 1994 3234 2047 καὶ
3260 1992 3611 2063 χαριέστερος
3638 1984 3729 2061 ἦν,

2163 2090 2489 2163 προκόπτειν
2528 2091 2762 2161 εἴρηται,
2789 2088 2864 2152 ὡς
2908 2086 3151 2141 ἐντεῦθεν
3180 2087 3280 2156 ήδη
3319 2085 3417 2155 τὴν
3446 2083 3553 2137 τῶν
3592 2082 3729 2135 θαυ-

2165 2179 2441 2251 μαζόντων
2467 2180 2795 2250 προκόπτειν
2826 2177 2956 2244 ἕξιν,
2984 2178 3018 2247 ἦ
3045 2177 3144 2247 τὴν
3166 2174 3353 2229 αὑτοῦ.

2835 2374 3038 2428 ΑΛΛΟ.

2234 2489 2306 2544 Τὸ
2336 2488 2394 2544 ἔν
2420 2505 2524 2543 τινι
2556 2488 2881 2561 προκόπτον,
2923 2486 3110 2558 ἔτερόν
3152 2488 3268 2540 ἐστι
3299 2486 3431 2557 παρ’
3462 2486 3645 2539 ἐκεῖνο
3678 2486 3736 2539 ἐν

2160 2574 2204 2649 ᾧ
2249 2580 2579 2652 προκόπτειν
2623 2578 2859 2647 λέγεται.
2906 2578 2971 2632 El
3003 2576 3181 2630 τοίνυν
3217 2576 3277 2629 ὲν
3321 2577 3482 2647 σοφία
3524 2576 3735 2647 προκό-

2163 2686 2316 2722 πτειν
2345 2668 2579 2740 εἴρηται,
2607 2668 2706 2739 οὐχ
2734 2671 2768 2739 ή
2797 2667 2959 2737 σοφία
2982 2667 3335 2738 προέκοπτεν,
3365 2666 3479 2720 ἀλλ’
3502 2668 3563 2720 ὲν
3595 2668 3736 2737 αὐτῇ

2161 2759 2221 2811 τὸ
2242 2757 2601 2830 ἀνθρώπινον,
2635 2757 3180 2829 Ἀποκαλυπτομένης
3214 2758 3318 2829 γὰρ
3347 2759 3440 2811 καὶ
3468 2775 3739 2829 φανερου-

2166 2850 2332 2922 μένης
2374 2851 2643 2923 ὁσημέραι
2672 2851 2771 2921 τῆς
2808 2850 3056 2919 θεότητος
3088 2851 3145 2902 ὲν
3177 2848 3345 2920 αὐτῷ,
3382 2849 3469 2903 ἀεὶ
3511 2849 3739 2920 θαυμα-

2164 2942 2412 3012 στότερος
2446 2942 2597 3013 παρὰ
2625 2945 2738 3006 τοῖς
2766 2942 2965 3014 ὁρῶσιν
3006 2941 3234 3011 ἐγίνετο.
3275 2941 3384 2993 Καὶ
3411 2938 3577 2993 τοῦτό
3620 2942 3741 2994 ἐστι

2161 3034 2241 3098 τὸ,
2270 3051 2288 3085 ι
2317 3034 2659 3105 Προέκοπτεν
2690 3034 2749 3089 ἐν
2779 3034 2955 3105 σοφίᾳ.
2981 3051 3001 3085 ι

2838 3233 3041 3287 ΑΛΛΟ.

2244 3348 2333 3402 Ἐν
2371 3346 2534 3419 σοφίᾳ
2575 3346 2878 3417 προέκοπτε
2908 3346 2967 3399 τὸ
2999 3343 3356 3416 ἀνθρώπινον,
3398 3340 3543 3397 κστά
3582 3341 3733 3397 τόνδε

3834 2638 3837 2655 i

3830 2668 3837 2729 ί

3831 3126 3836 3221 1

3814 3256 3833 3309 ί

2158 3436 2250 3491 τὸν
2279 3437 2506 3507 τρόπον’
2534 3437 2568 3507 ή
2594 3438 2692 3507 τὴν
2731 3435 3014 3506 ἀνθρώπου
3062 3435 3221 3504 φύσιν
3268 3432 3611 3504 ἐνδυσαμένη
3646 3451 3733 3486 σο-
3828 3494 3829 3511 χ

2160 3526 2276 3598 φία,
2293 3529 2589 3594 τουτέστιν,
2611 3530 2639 3581 6
2668 3526 2762 3580 τοῦ
2783 3526 2917 3580 Θεοῦ
2932 3526 3121 3594 Λόγος,
3150 3524 3291 3580 κατὰ
3307 3526 3475 3597 βραχὺ
3502 3525 3601 3579 διὰ
3628 3526 3731 3579 τῶν

2160 3620 2337 3691 ἔργων
2382 3622 2477 3673 καὶ
2532 3619 2641 3673 τῶν
2696 3618 3007 3689 παραδόξων
3061 3618 3547 3689 ἀποτελεσμάτων,
3609 3619 3728 3672 θεο-

2157 3710 2385 3765 ποιοῢσα
2438 3711 2591 3782 παρά
2629 3713 2742 3775 τοῖς
2799 3711 2964 3783 ὁρῶσι
3009 3711 3100 3765 τὸν
3147 3708 3522 3781 ἀναληφθέντα
3579 3712 3725 3773 ναὸν,

2157 3801 2486 3872 προκόπτειν
2510 3799 2670 3854 αὑτὸν
2697 3800 2866 3853 ἐποίει
2889 3800 3028 3854 κατά
3060 3798 3234 3853 τοῦτο.
3261 3798 3445 3862 Οὕτως
3475 3800 3538 3852 ὲν
3568 3800 3725 3870 σοφίᾳ

2156 3893 2490 3964 προέκοπτεν
2526 3895 2558 3964 ἡ
2593 3892 2960 3963 ἀνθρωπότης,
2998 3891 3380 3961 θεοποιουμένη
3413 3890 3483 3943 δι’
3528 3893 3719 3963 αὐτῆς.

2154 3984 2245 4039 Διὸ
2270 3985 2366 4039 καὶ
2397 3987 2557 4056 ἡμεῖς
2587 3984 2707 4039 καθ’
2730 3986 3020 4055 ὁμοιότητα
3048 3983 3141 4037 τοῦ
3174 3985 3242 4037 δι’
3265 3985 3409 4054 ἡμᾶς
3448 3984 3721 4055 ένανθρω-

2156 4077 2423 4146 πήσαντος
2456 4076 2649 4143 Λόγου,
2679 4075 2773 4129 καὶ
2801 4076 2908 4129 υἱοὶ
2936 4075 3070 4129 Θεοῦ
3099 4074 3410 4146 κεκλήμεθα
3448 4075 3548 4128 καὶ
3591 4074 3718 4129 θεοί.

2154 4167 2495 4238 Προέκοπτεν
2519 4161 2611 4219 οὖν
2636 4168 2669 4236 ή
2699 4165 2858 4233 φύσις
2882 4165 3038 4236 ήμῶν
3061 4168 3118 4219 ὲν
3141 4169 3208 4235 τῇ
3238 4166 3418 4236 σοφίᾳ,
3449 4165 3719 4236 τρέχουτα

2157 4260 2253 4329 μὲν
2275 4259 2381 4312 ἀπὸ
2408 4258 2611 4329 φθορᾶς
2633 4260 2712 4321 είς
2736 4257 3062 4330 ἀφθαρσίαν,
3086 4258 3193 4311 ἀπὸ
3218 4257 3273 4310 δὲ
3300 4257 3719 4329 ἀνθραητότητος

2154 4349 2233 4413 είς
2260 4349 2319 4402 τὸ
2343 4350 2442 4419 τῆς
2471 4348 2717 4419 θεότητος
2745 4349 2960 4420 ἀξίωμα
2986 4350 3045 4403 ὲν
3076 4349 3314 4420 Χριστῷ.

2398 4463 2712 4527 Ἀντίθεσις
2738 4463 2818 4528 ὡς
2843 4462 2911 4516 ἐκ
2946 4462 3063 4517 τῶν
3093 4462 3166 4517 δι’
3187 4463 3481 4530 ἐναντίας.

2250 4575 2489 4641 Ηκουσα,
2518 4575 2701 4645 φησὶν,
2736 4574 2842 4629 ἀπὸ
2881 4576 2979 4646 τῆς
3013 4576 3163 4640 θείας
3190 4577 3431 4648 Γραφῆς,
3462 4578 3656 4648 ὅτιπερ
3685 4579 3710 4631 6

2146 4665 2238 4719 τοῦ
2260 4666 2392 4719 Θεοῦ
2417 4667 2583 4736 Λόγος
2614 4667 2899 4738 γενόμενος
2921 4669 3222 4739 ἄνθρωπος,
3260 4668 3461 4738 Ἰησοῦς
3484 4669 3705 4740 ἐκλήθη.

2144 4758 2316 4821 Αὐτός
2344 4754 2437 4813 οὖν
2474 4761 2619 4812 ἐστιν
2656 4762 2684 4814 6
2714 4761 3055 4832 προκόπτων.
3104 4762 3194 4831 Μὴ
3229 4762 3335 4832 γάρ
3371 4778 3461 4832 μοι
3496 4762 3706 4833 διέλῃς,

2145 4850 2238 4904 ἕνα
2268 4852 2498 4923 Χριστὸν
2529 4853 2622 4906 τοῦ
2671 4852 2882 4906 Παύλου
2915 4853 3292 4925 κηρύττοντος.
3334 4856 3443 4908 Καὶ
3479 4857 3527 4908 εί
3574 4872 3705 4926 προο

2144 4944 2315 5015 κοπὴν
2354 4944 2727 5016 ἐπιδεχόμενος
2762 4944 3026 5015 φαίνεται,
3062 4945 3253 5015 ἀτελὴς
3289 4945 3415 5016 ἄρα.
3453 4946 3565 4999 Καὶ
3592 4946 3705 5007 m3;

2142 5036 2171 5087 6
2196 5036 2432 5100 τοιοῦτος
2460 5037 2570 5101 ίσος
2599 5036 2749 5090 ἔσται
2779 5036 2856 5106 τῷ
2880 5037 3065 5106 τελείῳ
3090 5037 3286 5107 Πατρί·

2627 5230 2782 5297 Πρός
2814 5229 2985 5284 τοῦτο
3016 5234 3215 5295 λυσις.

2211 5339 2373 5425 Ούδὲν
2412 5341 2685 5411 ἀδικήσεις
2718 5342 2795 5405 εἰς
2828 5342 3052 5413 θεότητα
3088 5344 3180 5396 τὸν
3220 5344 3369 5409 Υίδν,
3395 5342 3516 5396 οὔτε
3554 5342 3695 5396 κολο-

2142 5430 2313 5485 6ὦσαι
2352 5432 2553 5503 δυνήσῃ
2581 5433 2640 5486 τὸ
2672 5434 2897 5503 φυσικὸν
2927 5432 3161 5506 ἀξίωμα,
3196 5432 3298 5490 κᾶν
3340 5435 3495 5488 τοῦτο
3528 5434 3694 5502 λέγων

2141 5523 2403 5596 έμμένῃς,
2431 5524 2612 5598 ἀλώσῃ
2637 5525 2693 5579 δὲ
2727 5525 2925 5595 μᾶλλον
2950 5526 3009 5591 ἐξ
3043 5520 3118 5583 ὧν
3149 5526 3249 5581 οἴει
3284 5528 3458 5597 νικᾷν.
3499 5525 3561 5580 El
3593 5523 3696 5593 γὰρ

3823 3630 3825 3711 l
