3878 6208
232 261 333 324 ιεο

1589 249 2020 316 TIIESAURUS.

3341 250 3443 321 450

227 386 359 449 ὅλως
389 378 544 437 οἶσθα
574 381 749 453 σάρκα
778 380 1036 449 γεγονότα
1053 379 1141 431 τὸν
1164 379 1356 447 Λόγον,
1386 380 1476 434 καὶ⁵
1503 380 1788 452 ἄνθρωπον

1906 377 2195 447 :apiemini.
2226 376 2358 433 Nam
2390 378 2433 433 si
2463 379 2680 435 omnino
2705 378 2874 435 nostis
2917 371 3152 436 Verbum
3213 395 3333 437 esse
3367 383 3445 438 fa-

228 474 567 548 γεννηθέντα,
599 473 743 527 καθά
775 490 937 545 φησιν
966 475 998 545 ἡ
1032 473 1151 526 θεία
1184 472 1394 544 Γραφὴ,
1425 472 1478 525 τί
1520 473 1595 542 μὴ
1635 471 1788 535 δίδως

227 567 372 638 αὐτῷ
421 568 514 619 καὶ
566 565 633 619 τά
682 565 956 636 ἀνθρώπῳ
1006 565 1287 636 πρέποντα
1338 566 1565 635 πάσχειν
1623 564 1790 634 χωρὶς

231 655 542 726 ἁμαρτίας;
599 653 816 723 Ἐπειδὴ
863 653 973 724 γάρ
1026 656 1092 725 τῇ
1146 646 1330 724 σαρκϊ
1358 653 1418 706 τὸ
1464 653 1790 722 προκόπτειν

230 746 521 816 ὀφείλεται,
556 745 796 813 λεγέσθω
826 746 1173 817 προκόπτειν,
1200 746 1275 810 ὡς
1302 746 1360 799 ὲν
1397 746 1533 817 αὐτῇ
1566 746 1790 816 γενόμε-

229 855 337 904 νος,
369 823 465 891 καὶ
502 836 573 889 τὰ
599 835 767 907 αὐτῆς
795 837 1162 909 οἰκειούμενος
1186 838 1571 909 ἀκατηγόρητα
1619 838 1788 906 πάθη.

231 930 301 983 οὐ
336 929 446 1001 γάρ
477 916 660 999 ἑτέρου
695 928 840 991 τινὸς
868 924 936 999 ἦν
962 930 995 999 ή
1025 928 1183 1000 σάρξ,
1210 929 1324 982 ἀλλ’
1351 928 1513 983 αὐτοῦ
1555 929 1649 982 τοῦ
1694 929 1795 982 Λό-

230 1037 342 1089 γου.
389 1020 497 1073 Καὶ
538 1018 725 1091 ὥσπερ
760 1020 989 1090 λέγομεν
1029 1019 1189 1074 αὑτὸν
1226 1020 1549 1074 πεπονθέναι
1596 1021 1792 1091 σαρκὶ,

231 1113 405 1165 καίτοι
451 1112 619 1183 μόνης
658 1111 934 1181 παθούσης
979 1113 1077 1183 τῆς
1119 1112 1338 1184 σαρκὸς,
1378 1113 1670 1184 ἐπειδήπερ
1703 1113 1797 1166 καὶ

231 1203 278 1255 εί
323 1202 400 1273 μὴ
444 1203 729 1268 πέπονθεν,
770 1203 845 1267 ὡς
895 1202 1057 1267 Θεὸς,
1104 1203 1218 1257 ἀλλ’
1263 1202 1392 1257 ἴδιον
1434 1198 1502 1274 ἦν
1532 1201 1694 1256 αὑτοῦ
1736 1202 1798 1255 τὺ

230 1295 437 1364 πάσχον
468 1294 625 1366 σῶμα
644 1335 660 1361 ,
707 1295 845 1349 οὕτω
877 1295 979 1349 κᾶν
1023 1294 1352 1366 προκόπτειν
1385 1294 1629 1365 λέγηται,
1661 1312 1796 1365 προ-

230 1387 403 1457 κοπὴν
441 1387 696 1457 οὐδεμίαν
724 1386 1100 1457 ἐπιδεχόμενος
1142 1388 1217 1451 ὡς
1259 1386 1410 1452 Θεὸς,
1447 1386 1534 1440 διά
1575 1387 1634 1440 τὸ
1668 1404 1798 1457 προ-

231 1478 453 1532 κόπτειν
480 1481 538 1532 ὲν
577 1477 724 1531 αὐτῶ
750 1477 847 1549 τὴν
884 1478 1019 1532 ἰδίαν
1064 1479 1258 1533 ἑαυτοῦ
1297 1480 1474 1549 σάρκα
1506 1479 1663 1532 τοῦτο
1708 1478 1797 1532 λέ-

231 1586 408 1638 γεται.

1818 1716 1865 1776 Β

918 1794 1119 1847 ΔΛΛΟ.

296 1927 408 1982 Καὶ
446 1924 607 1989 αὐτὸς
630 1924 931 1996 ὁμολογεῖς,
961 1918 1006 1978 ὧ
1035 1918 1385 1997 χριστομάχε,
1413 1910 1503 1978 τὸν
1530 1924 1625 1979 τοῦ
1663 1925 1795 1979 Θεοῦ

225 2020 399 2088 Λόγον
441 2016 762 2088 γεγενῆσθαι
796 2018 979 2089 σαρκὶ,
1002 2018 1135 2090 ὅπερ
1165 2003 1315 2070 οὐδὲν
1357 2017 1541 2089 ἕτερόν
1570 2020 1685 2072 ἐστι
1714 2017 1798 2069 λέο

223 2129 367 2181 γειν,
408 2111 441 2181 ἢ
480 2111 563 2163 ὅτι
598 2110 775 2180 σάρκα
805 2109 1178 2181 περιεϐάλετο,
1226 2110 1318 2163 καὶ
1364 2109 1531 2174 ὅντως
1578 2110 1797 2178 γέγονεν

222 2204 528 2274 ἄνθρωπος.
558 2202 766 2272 Ὥσπερ
796 2196 910 2267 οὖν,
954 2201 1082 2256 ὅταν
1113 2200 1351 2273 ἀκούσῃς
1380 2200 1522 2271 μέγα
1564 2219 1617 2254 τι
1668 2202 1797 2272 περὶ

223 2297 320 2350 τοῦ
348 2296 543 2365 Λόγου,
591 2294 683 2348 καὶ
707 2294 843 2364 ὅπερ
875 2292 1023 2364 αὐτῷ
1055 2292 1254 2364 πρέπει
1286 2292 1478 2364 γυμνῷ
1524 2294 1619 2346 καὶ
1648 2292 1798 2347 ούπω

220 2387 324 2458 τὴν
353 2387 529 2457 σάρκα
559 2383 1027 2458 περιϐεϐλημένῳ,
1056 2384 1130 2448 ὡς
1157 2384 1284 2437 ὅταν
1312 2383 1538 2455 λέγηται
1566 2384 1680 2453 φῶς
1705 2386 1798 2439 καὶ

219 2478 566 2548 ἀπαύγασμα
590 2478 624 2547 ή
659 2476 818 2545 σοφία
840 2476 934 2529 τοῦ
965 2475 1194 2546 Πατρδς,
1218 2477 1278 2530 οὐ
1304 2475 1403 2547 τὴν
1429 2476 1606 2549 σάρκα
1634 2479 1795 2541 νοεῖς,

220 2570 367 2627 ἀλλὰ
403 2570 494 2623 τὸν
532 2571 591 2623 ὲν
630 2571 701 2640 τῇ
757 2568 921 2641 σαρκὶ
959 2569 1357 2639 κατοικήσαντα
1402 2569 1593 2637 Λόγον,
1628 2568 1800 2632 οὕτως

217 2664 357 2719 ὅταν
386 2662 608 2733 λέγηται
638 2678 691 2715 τι
736 2659 885 2731 παρά
918 2664 1036 2724 ταῖς
1081 2658 1250 2723 θείαις
1290 2660 1564 2731 Γραφαῖς,
1601 2659 1629 2713 ὃ
1665 2661 1799 2732 μόνῃ

217 2754 431 2829 πρέπει
455 2756 521 2825 τῇ
555 2753 737 2824 σαρκὶ,
777 2752 811 2823 ἢ
849 2752 945 2806 καὶ
971 2752 1048 2822 τῷ
1077 2751 1401 2822 ἀνθρωπίνῳ
1436 2753 1693 2822 σχήματι,
1724 2752 1798 2823 μὴ

217 2848 319 2903 ἐπὶ
349 2846 440 2899 τὸν
467 2844 635 2912 Λόγον
660 2844 896 2916 ἀγάγῃς,
928 2842 1062 2897 ἀλλὰ
1092 2843 1232 2897 δίδου
1260 2846 1324 2915 τῇ
1353 2842 1511 2912 φύσει
1541 2843 1643 2912 τῆς
1672 2860 1799 2915 σαρ-

218 2944 322 3007 κὸς
362 2940 429 2994 τά
457 2942 596 3012 αὐτῇ
623 2938 1054 3012 χρεωστούμενα.
1085 2938 1293 2992 Οὐκοῦν
1317 2938 1442 2990 ὅταν
1475 2936 1799 3006 προκόπτειν

1887 477 2031 522 ctum
2061 483 2300 536 carnem,
2331 480 2386 524 et
2414 470 2687 525 hominem
2717 481 2921 535 natum,
2950 482 3008 527 ut
3037 472 3269 537 loquitur
3291 488 3445 529 sacra

1890 558 2187 629 Scriptura,
2219 576 2316 615 cur
2362 576 2467 617 non
2513 562 2677 616 etiam
2704 564 2804 617 hoc
2829 564 2877 619 ei
2930 564 3185 629 tribuitis,
3221 573 3279 619 ut
3329 580 3449 633 quae

1890 652 2091 708 homini
2132 655 2454 709 conveniunt
2484 655 2739 725 patiatur,
2769 665 2993 725 excepto
3021 658 3286 727 peccato?
3314 658 3446 712 Cum

1891 744 2070 813 itaque
2096 746 2361 815 proiicere
2390 748 2537 802 carni
2577 748 2854 817 proprium
2876 748 2968 814 sit,
3034 749 3244 803 dicatur
3286 749 3449 818 proﬁ-

1891 851 2035 901 cere,
2090 846 2271 907 utpote
2310 838 2643 905 incarnatus,
2669 840 2868 909 quique
2913 842 3094 897 carnis
3137 841 3451 897 ail‘ectiones

1892 931 2096 999 peccati
2127 942 2378 1000 expertes
2424 931 2525 985 sibi
2574 931 2825 1002 proprias
2856 932 3028 988 fecit:
3068 948 3243 1002 neque
3303 935 3447 988 enim

1892 1019 2113 1074 alterius
2138 1020 2437 1090 cuiuspiam
2472 1029 2590 1075 erat
2614 1035 2742 1075 caro
2765 1061 2778 1085 ,
2804 1023 2898 1076 sed
2923 1022 3088 1088 ipsius
3125 1025 3307 1079 Verbi.
3382 1022 3450 1076 Et

1893 1113 2338 1179 quemadmodum
2412 1112 2640 1168 dicimus
2692 1113 2867 1182 ipsum
2898 1129 3113 1184 passum
3161 1130 3448 1178 esse,cum

1893 1200 2093 1270 alioqui
2123 1204 2234 1257 sola
2262 1216 2389 1257 caro
2416 1216 2572 1272 passa
2596 1202 2688 1267 sit,
2720 1212 2776 1257 et
2799 1205 3012 1259 tametsi
3036 1219 3139 1259 non
3163 1204 3232 1259 sit
3262 1218 3452 1274 passus

1895 1303 1955 1349 ut
1998 1295 2156 1361 Deus,
2184 1300 2303 1351 erat
2328 1304 2503 1351 tamen
2524 1311 2718 1366 corpus
2737 1297 2879 1367 quod
2906 1311 3123 1368 passum
3170 1307 3254 1352 est
3283 1300 3452 1368 ipsius

1894 1384 2170 1453 proprium
2207 1398 2219 1433 :
2256 1385 2330 1441 ita
2363 1385 2576 1441 etiamsi
2614 1387 2877 1456 proiicere
2926 1385 3156 1453 dicatur,
3188 1397 3452 1457 quatenus

1898 1475 2038 1531 Deus
2094 1489 2433 1547 nequaquam
2497 1481 2761 1547 prolicere
2806 1487 3016 1548 potest;
3065 1480 3158 1533 sed
3220 1478 3340 1533 ideo
3400 1479 3453 1532 id

1897 1568 2113 1634 dicitur,
2168 1570 2294 1638 quia
2356 1583 2486 1624 caro
2526 1584 2688 1639 quam
2739 1569 3029 1640 assumpsit
3080 1569 3134 1624 in
3171 1570 3287 1640 ipso
3329 1586 3454 1641 pro£

1902 1654 2045 1711 fecit.

2560 1792 2787 1848 ALIUD.

1967 1924 2231 1981 Fatemini
2252 1928 2411 1983 etiam
2441 1942 2559 1992 vos,
2588 1928 2772 1984 hostes
2822 1920 3045 1995 Christi,
3087 1916 3312 1984 Verbum
3363 1930 3453 1984 Dei

1899 2018 1955 2075 in
1982 2034 2144 2076 carne
2172 2020 2370 2077 factum
2402 2035 2540 2088 esse,
2557 2023 2700 2092 quod
2725 2022 2939 2092 quidem
2997 2023 3131 2077 nihil
3186 2023 3326 2077 aliud
3373 2033 3457 2076 est

1899 2126 2060 2182 quam
2083 2112 2129 2168 si
2160 2113 2349 2169 dicatis
2376 2115 2517 2183 quod
2547 2127 2765 2168 carnem
2802 2114 3016 2170 indutus
3066 2124 3147 2169 est
3175 2125 3229 2169 et
3270 2129 3457 2169 revera

1900 2205 2075 2261 factus
2103 2212 2185 2261 est
2211 2205 2391 2262 homo.
2422 2204 2884 2271 Quemadmodum
2910 2206 3092 2274 igitur,
3119 2207 3332 2276 quando
3353 2208 3458 2262 ali-

1899 2297 2028 2367 quid
2053 2311 2304 2366 magnum
2336 2297 2403 2353 de
2428 2295 2607 2353 Verbo
2629 2296 2851 2363 auditis,
2879 2298 3129 2368 quodque
3173 2299 3272 2369 ipsi
3316 2301 3458 2354 nudo

1898 2395 1955 2443 et
1986 2387 2221 2441 nondum
2248 2401 2468 2442 carnem
2489 2388 2677 2443 induto
2705 2388 2976 2453 convenit,
3028 2389 3279 2443 nimirum
3334 2404 3457 2445 cum

1899 2481 2097 2535 dicitur
2137 2479 2315 2534 lumen
2368 2487 2423 2534 et
2477 2480 2766 2549 splendor‘
2818 2495 2883 2535 ac
2928 2480 3190 2550 sapientia
3212 2480 3385 2535 Patris
3412 2480 3457 2544 ⁸,

1899 2586 2005 2626 non
2036 2585 2250 2627 carnem
2270 2570 2584 2641 intelligitis,
2611 2571 2706 2627 sed
2764 2569 3002 2627 Verbum
3051 2587 3271 2627 carnem
3302 2573 3459 2626 inha-

1898 2662 2078 2718 bitans
2111 2679 2127 2718 :
2154 2663 2228 2718 ita
2254 2664 2683 2733 quotiescunque
2709 2663 2764 2717 in
2803 2663 2972 2719 sacris
3004 2660 3221 2719 Litteris
3259 2664 3462 2732 aliquid

1899 2753 2099 2810 dicitur
2119 2754 2261 2825 quod
2294 2753 2395 2810 soli
2420 2756 2569 2809 carni
2597 2764 2761 2823 atque
2785 2755 3035 2809 humanae
3060 2756 3241 2826 figura:
3266 2768 3464 2813 conve-

1900 2846 2003 2914 nit,
2037 2847 2105 2902 ad
2133 2845 2368 2903 Verbum
2403 2848 2611 2902 referre
2662 2862 2765 2902 non
2824 2846 3073 2913 debetis;
3120 2848 3212 2901 sed
3252 2856 3463 2903 naturae

1901 2938 2082 2992 carnis
2110 2937 2389 2992 tribuenda
2438 2947 2564 2991 sunt
2606 2951 2726 3007 quae
2763 2936 2811 2991 ei
2866 2935 3147 2991 debentur.
3196 2937 3463 3003 Quocirca

215 3033 488 3103 λέγηται,
534 3030 632 3101 οὐχ
681 3031 715 3101 ή
760 3029 920 3098 σοφία
968 3027 1089 3081 καθ’
1139 3028 1335 3098 ἑαυτὴν
1391 3025 1721 3097 προέκοπτεν
1762 3019 1796 3097 ᾗ

1906 3043 2021 3085 cum
2062 3027 2319 3098 proﬁcere
2374 3027 2590 3091 dicitur,
2640 3044 2742 3082 non
2800 3027 3063 3097 sapientia
3120 3028 3170 3082 in
3232 3042 3288 3083 se
3335 3044 3461 3099 pro-

214 3122 394 3191 σοφία
441 3121 617 3182 ἐστὶν,
662 3118 774 3172 ἀλλ’
819 3118 877 3172 ὲν
923 3118 1083 3188 σοφία
1126 3117 1187 3170 τὸ
1223 3115 1598 3188 ἀνθρώπινον,
1659 3114 1802 3169 κατὰ

217 3213 406 3287 βραχὺ
450 3210 750 3282 διαλάμπον
776 3211 870 3264 καὶ
902 3208 1221 3279 φαινόμενον
1251 3208 1318 3261 δι’
1349 3209 1539 3279 αὐτῆς.
1574 3207 1804 3278 Ὀτιπερ

216 3307 323 3361 καὶ
352 3305 590 3376 ὄργανον
630 3302 717 3373 εἴη
744 3301 842 3372 τῆς
873 3302 930 3353 ὲν
960 3300 1095 3371 αὐτῇ
1130 3299 1400 3370 θεότητος,
1446 3298 1584 3352 κατὰ
1632 3299 1802 3370 βραχὺ

217 3400 371 3470 πρὸς
397 3397 498 3468 τὴν
531 3395 758 3465 έκφασιν
791 3393 962 3464 αὐτῆς
1004 3392 1092 3445 διὰ
1123 3391 1231 3445 τῶν
1264 3390 1442 3463 ἔργων
1476 3390 1800 3462 ὑπηρετοῦν.

230 3491 526 3562 Ἐπιτήρει
554 3488 612 3541 δὲ
652 3488 819 3557 ὅμως,
844 3486 924 3539 ὃτι
955 3486 1055 3539 οὐκ
1085 3480 1257 3548 εἶπεν,
1296 3485 1355 3536 '0
1387 3484 1558 3552 Λόγος
1582 3483 1639 3534 δὲ
1668 3500 1804 3554 προ-

216 3582 485 3643 έκοπτεν,
529 3578 641 3633 ἀλλ’
681 3576 919 3649 Ἰησοῦς,
967 3577 1056 3630 ἴνα
1105 3576 1180 3648 μὴ
1226 3575 1433 3646 γυμνὸν
1471 3576 1671 3646 νοήσῃς
1716 3573 1807 3627 τὸν

214 3671 441 3740 Λόγον·
469 3669 584 3723 ἀλλ’
608 3670 697 3721 ὅτε
723 3668 915 3737 γέγονε
958 3664 1113 3737 σάρξ.
1145 3666 1256 3719 Καὶ
1283 3667 1331 3718 εἱ
1362 3664 1689 3736 προκόπτειν
1718 3664 1807 3717 λέ-

214 3781 412 3834 γεται,
453 3762 535 3815 ὅτι
577 3761 639 3815 τὸ
670 3760 1002 3832 προκόπτειν
1039 3757 1278 3827 πεφυκὸς
1315 3755 1619 3823 ἀνεδέξατο,
1648 3772 1805 3810 τουτέ

216 3855 372 3921 ἐστι,
399 3853 463 3907 τὸ
489 3848 847 3922 ἀνθρώπινον,
877 3850 977 3922 τῆς
1014 3838 1432 3921 ἁνθρωπότητος
1460 3849 1526 3903 ἂν
1560 3847 1677 3921 εῐηο
1712 3847 1809 3901 καὶ

212 3948 353 4001 κατ’
383 3943 558 4013 αὐτῆς
581 3942 816 4011 εὐλόγως
847 3942 913 4004 ἂν
940 3940 1155 4013 φέροιτο
1184 3938 1248 3995 τὸ
1277 3940 1623 4010 προκόπτειν.
1653 3928 1809 3993 Οὕτω

212 4040 341 4111 γὰρ
379 4038 609 4091 ἕκαστον
635 4034 743 4087 τῶν
782 4032 1090 4104 λεγομένων
1123 4034 1181 4086 ὲν
1207 4035 1274 4105 τῇ
1305 4032 1480 4104 οἰκείᾳ
1514 4030 1665 4097 τάξει
1694 4030 1809 4084 κείν

214 4147 415 4193 σεται,
455 4124 576 4181 οὔτε
606 4125 716 4178 τῶν
758 4124 856 4180 ὅσα
895 4123 1094 4198 πρέπει
1134 4122 1327 4195 γυμνῷ
1358 4123 1435 4196 τῷ
1461 4125 1618 4194 Λόγῳ
1646 4139 1811 4177 κατα-

210 4219 559 4292 φερομένων
586 4219 665 4280 εις
687 4217 749 4271 τὸ
779 4216 1138 4288 ἀνθρώπινον,
1168 4214 1294 4269 οὔτε
1324 4215 1431 4288 μὴν
1460 4215 1569 4269 τῶν
1598 4214 1810 4284 ἀνθρω-

211 4315 413 4368 πίνων
438 4308 835 4365 άνασαινόντων
857 4309 937 4371 εἰς
969 4307 1060 4361 τὸν
1090 4307 1188 4379 τῆς
1216 4306 1469 4380 θεότητος
1491 4306 1665 4376 λόγον.

693 4472 1056 4558 ΛΟΓθΣ
1128 4467 1345 4559 KG’.

213 4672 341 4735 Εἰς
373 4667 470 4732 τὸ,
505 4685 523 4719 ι
557 4667 742 4720 Ὅταν
769 4667 837 4722 δὲ
864 4667 1133 4738 ὑποταγῇ
1159 4669 1318 4733 αὐτῷ
1348 4671 1420 4722 τὰ
1441 4670 1654 4731 πάντα,
1677 4673 1811 4725 τότε

297 4739 417 4792 καὶ
448 4738 632 4807 αὐτὸς
659 4741 692 4807 ό
721 4739 853 4803 Υἱὸς
876 4737 1317 4807 ὑποταγήσεται
1339 4737 1419 4803 τῷ
1446 4740 1809 4804 ὑποτάξαντι

297 4806 477 4871 αὑτῷ
512 4808 585 4859 τὰ
611 4805 823 4860 πάντα.
846 4826 865 4860 a

508 4939 838 5006 ’Δντίθεσις
874 4939 956 5004 ὡς
993 4939 1063 4994 ἐκ
1092 4940 1211 4994 τῶν
1246 4940 1569 5009 αἰρετικῶν.

293 5076 433 5134 Καὶ
462 5074 581 5139 πῶς
608 5077 719 5139 ἴσος
774 5076 947 5140 ἔσται,
987 5075 1138 5146 φασὶ,
1172 5075 1312 5129 κατά
1344 5074 1504 5145 φύσιν
1530 5076 1611 5149 τῷ
1643 5075 1818 5150 Πατρὶ

208 5174 246 5227 ὁ
285 5170 462 5231 Υἱὸς,
490 5167 544 5220 εῐ
566 5183 629 5235 γε
656 5167 937 5238 ἀληθεύειν
956 5165 1102 5236 λέγει
1132 5168 1161 5221 ό
1207 5166 1439 5231 Παῦλος,
1484 5165 1566 5222 ὅτι
1601 5169 1697 5222 καὶ
1722 5170 1821 5224 αύ-

1902 3119 2051 3184 l'ecit,
2107 3128 2370 3189 quatenus
2428 3118 2689 3186 sapientia
2741 3127 2845 3184 est,
2904 3118 2997 3173 sed
3053 3119 3360 3173 humanitas
3408 3118 3462 3172 in

1903 3210 2169 3279 sapientia
2203 3209 2450 3278 profecit,
2484 3208 2745 3279 paulatim
2777 3223 2872 3277 per
2913 3208 3080 3278 ipsam
3117 3209 3463 3279 resplendens

1903 3306 2062 3371 atque
2086 3310 2370 3370 apparens.
2401 3299 2678 3370 Siquidem
2710 3307 2765 3353 et
2793 3298 3209 3352 instrumentum
3239 3310 3358 3353 erat
3383 3302 3463 3353 di-

1902 3392 2142 3447 vinitatis
2176 3391 2346 3462 ipsam
2380 3389 2754 3455 inhabitantis,
2779 3389 3036 3459 paulatim
3084 3388 3151 3444 ad
3184 3390 3327 3443 illam
3370 3404 3466 3458 per

1903 3495 2065 3550 opera
2090 3478 2468 3535 declarandam
2499 3477 2658 3548 253
2679 3477 2997 3532 inserviens.
3031 3475 3268 3531 Observa
3288 3486 3464 3531 autem

1906 3590 2014 3631 non
2048 3573 2153 3629 dici
2187 3571 2332 3642 quod
2370 3568 2608 3626 Verbum
2654 3568 2968 3640 proiecerit,
3026 3572 3120 3627 sed
3160 3569 3342 3634 Jesns,
3401 3585 3468 3623 ne

1905 3667 2106 3722 nudum
2128 3664 2365 3722 Verbum
2384 3662 2690 3733 intelligas;
2744 3662 2836 3719 sed
2885 3661 3098 3732 quando
3140 3662 3340 3717 factum
3384 3672 3471 3714 est

1906 3773 2053 3814 caro.
2078 3757 2142 3812 Et
2171 3756 2219 3813 si
2241 3756 2439 3813 dicitur
2464 3755 2747 3826 proﬁcere,
2775 3754 2901 3824 quia
2939 3753 3229 3823 assumpsit
3251 3753 3304 3808 id
3328 3754 3468 3823 quod

1904 3849 2178 3922 proiectus
2221 3863 2391 3920 capax
2445 3857 2561 3914 est,
2603 3847 2856 3903 nimirum
2918 3844 3305 3902 humanitatem
3367 3842 3466 3906 nil,

1906 3943 2135 4010 mirum;
2157 3942 2226 3998 ad
2252 3955 2481 4012 eamque
2509 3940 2596 3996 hic
2616 3934 2889 4010 profectus
2916 3936 3232 3994 referendus
3251 3944 3354 3991 est.
3388 3932 3470 3987 Ila

1906 4035 2053 4089 enim
2077 4032 2365 4103 unicuique
2384 4032 2529 4086 dicto
2556 4044 2687 4085 suus
2728 4028 2863 4085 ordo
2896 4026 3321 4089 conservabitur,
3346 4040 3467 4079 cum

1906 4138 2082 4194 neque
2108 4139 2173 4180 ea
2205 4137 2325 4194 quae
2347 4122 2490 4177 nudo
2524 4114 2702 4176 Verbo
2745 4118 3094 4184 conveniunt,
3129 4117 3195 4171 ad
3219 4117 3472 4171 humani-

1911 4222 2073 4271 tatem
2095 4213 2600 4285 rejiciemus,neque
2623 4224 2808 4266 rursus
2833 4209 3061 4263 humana
3094 4207 3160 4261 ad
3175 4205 3471 4260 divinitatis

1910 4309 2171 4363 rationem
2200 4304 2538 4362 extollemus.

2191 4475 2757 4568 ASSERTIO
2832 4472 3191 4561 XXIX.

1922 4658 1983 4711 In
2011 4656 2166 4719 illud,
2197 4672 2215 4705 ι
2252 4652 2385 4709 Cum
2402 4647 2791 4722 ve_rp_subje_cto
2813 4648 2866 4722 ei
2903 4644 3094 4722 fuerint
3118 4641 3320 4722 omnia,
3345 4649 3468 4722 (uate

1984 4739 2034 4782 et
2050 4712 2178 4849 (ipse
2198 4738 2400 4826 q‘uoque
2436 4719 2608 4774 Filius
2635 4712 2941 4786 subjiciatur
2970 4714 3017 4767 ei
3042 4712 3128 4780 qui
3152 4712 3249 4763 sibi
3280 4718 3469 4761 cuncta

1984 4815 2043 4850 stt
2084 4804 2199 4851 καί
2253 4833 2265 4846 .
2302 4813 2320 4845 a

1838 4399 1884 4455 D

2373 4924 2610 4994 Objectio
2648 4920 3009 4975 hareticorum

1992 5069 2060 5121 At
2087 5078 2192 5135 quo
2218 5072 2395 5133 pacto,
2422 5059 2691 5129 inquiunt,
2723 5054 2827 5110 erit
2859 5051 3029 5107 Filius
3051 5048 3345 5105 secundum
3381 5058 3475 5097 na-

1921 5169 2097 5216 turam
2127 5154 2347 5226 aqualis
2369 5152 2539 5218 Patri,
2575 5150 2622 5206 si
2651 5162 2780 5205 vere
2799 5146 2929 5203 dicit
2957 5142 3174 5204 Paulus,
3223 5136 3480 5226 quodiip-

208 5225 324 5327 τὸς
374 5225 595 5324 ἔτιδὲ
633 5225 1040 5329 ὑποταγήσεται.
1078 5257 1157 5330 τῷ
1190 5225 1677 5331 Πατρί;”Ἀνάγκη
1708 5262 1797 5333 γάί

1922 5267 1981 5307 se
2028 5225 2243 5319 quoque
2284 5245 2454 5301 Filius
2508 5240 2823 5312 subjiciatur
2875 5231 3059 5288 Patri?
3103 5225 3478 5333 Necessarium

211 5353 403 5408 πᾶσα.
427 5348 798 5419 συνομολογεῖν
820 5348 901 5401 ὅτι
928 5346 988 5400 τὸ
1012 5345 1442 5419 ὑποτασσόμενον
1465 5348 1558 5402 τοῦ
1586 5349 1819 5404 ὑποτάσ-

1922 5313 2066 5398 enim
2096 5313 2178 5397 est
2204 5337 2358 5394 fateri
2382 5334 2678 5405 subjectum
2699 5331 2876 5385 minus
2904 5336 3022 5381 esse
3068 5337 3133 5377 eo
3181 5316 3325 5390 quod
3352 5313 3479 5370 sub-

214 5455 443 5502 cev-:04;
462 5438 699 5506 ἔλαττον·
736 5434 924 5507 ὥσπερ
952 5430 1045 5491 οὖν
1072 5434 1262 5507 ἀμέλει
1292 5435 1387 5491 καὶ
1433 5430 1528 5489 τοῦ
1560 5436 1797 5493 νικῶντος

1919 5437 2037 5508 jicit
2066 5454 2079 5491 :
2113 5430 2561 5505 quemadmodum
2622 5434 2676 5481 et
2731 5423 2933 5480 victum
3004 5417 3183 5472 minus
3228 5420 3311 5466 est
3359 5408 3479 5463 vin-
3523 5454 3528 5461 .

212 5535 288 5589 τὸ
321 5529 661 5601 νικώμενον.

302 5710 330 5741 ⁴
365 5704 543 5763 Hebr.
575 5723 614 5772 I,
654 5707 709 5762 3.
782 5707 803 5737 ⁵
836 5706 855 5761 1
885 5706 1009 5762 Cor.
1037 5706 1127 5760 ‘24.
1204 5710 1223 5739 '
1264 5703 1283 5759 ι
1315 5710 1436 5763 (lor.
1470 5724 1555 5772 xv,
1596 5708 1681 5764 28.

1926 5539 2099 5586 cenle.
