3878 6208
434 290 528 346 ιει

951 395 1159 452 Salutio
1185 393 1513 462 objectiom's.

499 515 616 570 Non
644 483 946 583 intelligunt
976 509 1213 564 haeretici
1251 522 1313 562 se
1347 520 1443 576 per
1473 507 1589 561 haec
1615 521 1725 560 suae
1756 505 1995 575 ipsorum

437 603 702 675 impietati
726 612 1047 671 repugnare.
1076 596 1209 651 Nam
1230 597 1275 650 si
1311 596 1407 650 des
1446 594 1639 650 Filium
1679 607 1800 648 esse
1823 593 1999 647 mino-

437 714 551 752 rem
581 697 762 757 Patre,
793 702 955 760 atque
988 691 1088 745 hoc
1110 688 1290 743 valere
1309 686 1413 755 vis,
1443 700 1542 741 cur
1560 700 1665 739 non
1697 700 1842 739 nunc
1865 684 1999 739 sub-

438 790 606 853 iectus
622 784 735 840 est?
761 783 893 838 Cum
923 781 1064 835 enim
1084 779 1282 836 Paulus
1302 778 1453 834 dicat
1481 779 1620 846 quod
1652 775 1803 831 'l‘unc
1835 776 2001 843 subji-

439 880 628 940 cietur,
658 886 972 944 tempusque
1024 871 1168 926 illius
1207 871 1287 926 rei
1335 879 1395 924 ut
1459 868 1699 923 futurum
1745 867 1997 938 pra=linit,

441 972 675 1028 nondum
707 968 943 1024 ostendit
984 968 1157 1036 ipsum
1203 964 1506 1034 subjectum
1547 976 1690 1017 esse.
1737 959 2002 1014 Praeterea

442 1062 708 1132 quomodo
737 1075 842 1115 nou
873 1058 945 1112 sil.
966 1057 1155 1126 quavis
1182 1053 1514 1121 blasphemia
1547 1053 1763 1120 gravius
1800 1052 2001 1112 dicere,

442 1169 549 1208 non
598 1166 720 1207 esse
774 1164 916 1204 nunc
961 1147 1259 1214 subjectum
1302 1143 1445 1198 Patri
1499 1142 1715 1205 Filium,
1779 1141 1873 1194 sed
1912 1154 2006 1209 po-

1452 277 1511 332 S.
1553 272 1825 331 CYRILL!
1864 270 2329 328 ALEXANDBINI
2366 268 2684 325 ARCHIEP.

2025 406 2071 459 A

3550 264 3658 319 επ

2576 384 2730 455 Πρὸς
2755 383 2930 439 τοῦτο
2974 382 3174 449 λύσις.

2174 505 2248 557 Οὑ
2274 503 2479 557 νοοῦσιν
2534 503 2585 555 οἱ
2620 497 2975 572 χριστομάχοι
3004 497 3099 552 καὶ
3148 497 3271 559 ταῖς
3303 492 3509 547 ἑαυτῶν
3536 494 3655 548 άσε-

2104 596 2276 658 6είαις
2308 595 2397 648 διά
2419 593 2621 646 τούτων
2646 592 2958 663 μαχόμενοι.
2983 591 3046 643 El
3076 588 3184 659 γάρ
3228 586 3386 650 δίδως
3412 580 3544 639 εἶναι
3569 585 3654 639 τὸν

2105 689 2231 742 Υίδν
2284 688 2540 741 ἐλάττονα
2583 684 2678 738 τοῦ
2747 682 2979 755 Πατρὸς,
3034 683 3131 736 καὶ
3175 679 3333 734 τοῦτο
3384 680 3655 750 κρατύνειν

2106 781 2319 854 ἐπείγῃ,
2336 780 2476 834 διατί
2503 778 2581 849 μὴ
2600 778 2693 831 νῦν
2721 776 3079 830 ὑποτέτακται
3099 790 3114 840 ;
3137 773 3326 842 Λέγων
3348 770 3456 843 γὰρ
3480 773 3507 825 6
3527 768 3656 824 Παῦ-

2106 874 2195 939 λος
2222 876 2304 928 ὅτι
2334 872 2467 925 Τότε
2496 870 2917 941 ὑποταγήσεται,
2934 867 3081 921 τόνδε
3107 866 3196 920 τὸν
3233 863 3323 918 τοῦ
3353 863 3658 934 πράγματος

2109 965 2298 1035 καιρὸν
2343 961 2418 1029 ὡς
2474 962 2728 1032 ἐσόμενον
2758 959 2977 1031 ὁρίζων,
3030 957 3183 1012 οὔπω
3238 957 3508 1010 δείκνυσιν
3537 954 3657 1005 ὑπο-

2108 1056 2437 1126 τεταγμένον
2501 1054 2683 1107 αὑτόν.
2732 1048 2862 1104 Εἶτα
2920 1050 3035 1115 πῶς
3077 1050 3138 1103 οὑ
3193 1048 3373 1117 πάσης
3417 1046 3660 1099 ἐπέκεινα

2108 1144 2419 1216 δυσφημίας
2466 1144 2582 1197 ἐστὶ
2635 1143 2697 1194 τὸ
2728 1141 2907 1210 λέγειν
2943 1140 3041 1209 οὑχ
3070 1136 3431 1206 ὑποτετάχθαι
3477 1132 3568 1188 νῦν
3593 1132 3669 1202 τῷι

444 1249 551 1301 tius
601 1256 899 1314 repugnare
935 1254 1000 1294 ac
1037 1238 1327 1294 dissentire
1364 1250 1393 1289 a
1439 1234 1638 1289 Patre?
1687 1231 1821 1286 Nam
1861 1231 2005 1301 quod

2134 1240 2290 1309 Ιατρὶ
2316 1238 2407 1291 τὸν
2441 1236 2593 1301 Υίὺν,
2620 1233 2886 1304 μάχεσθαι
2911 1231 2966 1284 δὲ
3008 1230 3198 1299 ὥσπερ
3237 1228 3330 1280 καὶ
3368 1222 3663 1285 στασιάζειν

445 1338 741 1408 subjectum
809 1348 917 1388 non
971 1340 1074 1396 est,
1106 1338 1166 1383 ut
1222 1331 1276 1383 in
1322 1325 1691 1389 rationalibus,
1733 1324 2003 1394 propriam

2134 1330 2249 1399 πρὸς
2276 1328 2365 1381 τὸν
2398 1330 2770 1396 γεννήσαντα;
2813 1322 2886 1375 T6
2935 1322 3043 1393 γάρ
3097 1319 3465 1375 ἀνυπότακτον
3517 1315 3588 1377 ὡς
3615 1316 3669 1366 ὲνη

446 1404 597 1484 suam
632 1427 965 1483 voluntatem
1011 1422 1193 1479 habet.
1225 1421 1362 1488 Quid
1412 1434 1540 1488 ergo
1563 1418 1820 1482 dicemus,
1886 1429 2008 1469 cum

2134 1422 2372 1487 ιογικοῖς,
2401 1420 2458 1470 έν
2499 1417 2645 1479 ἰδίοις
2686 1416 2800 1468 ἐστὶ
2849 1413 3136 1484 θελήμασι.
3171 1410 3236 1463 Τί
3279 1404 3371 1462 οὖν
3415 1405 3665 1478 ἐροῦμεν,

448 1523 691 1576 Christus
732 1519 936 1588 inquit:
983 1535 1003 1568 ι
1036 1514 1151 1570 Non
1185 1515 1308 1569 veni
1362 1522 1420 1566 ut
1460 1510 1651 1564 faciam
1683 1508 2010 1562 voluntatem

2134 1515 2242 1566 ltav
2279 1511 2410 1581 λέγῃ
2446 1509 2709 1580 Χριστός’
2745 1526 2765 1559 ι
2795 1507 2909 1560 Οὑκ
2929 1501 3091 1577 ἦλθον
3131 1504 3218 1557 ἶνα
3250 1502 3458 1570 ποιήσω
3498 1498 3555 1551 τὸ
3591 1496 3667 1548 0i-

448 1628 650 1674 meam,
672 1613 766 1666 sed
794 1608 1118 1665 voluntatem
1151 1606 1266 1675 ejus
1280 1604 1372 1674 qui
1403 1602 1552 1657 misit
1581 1600 1725 1655 me".
1758 1616 1776 1649 ι
1821 1597 2012 1652 Dicant

2134 1618 2266 1675 ιημα
2288 1602 2348 1655 τὸ
2376 1602 2528 1671 ἐμὸν,
2557 1599 2691 1655 ἀλλὰ
2721 1600 2781 1652 τὸ
2811 1598 3023 1668 θέλημα
3048 1595 3141 1649 τοῦ
3173 1590 3487 1663 πέμψαντός
3510 1606 3606 1659 με;
3644 1607 3663 1639 ι

447 1706 602 1760 nobis
624 1704 860 1773 insignes
888 1701 978 1756 iSti
1009 1713 1177 1754 sacra:
1223 1697 1515 1765 Scriptura:
1570 1693 1895 1760 interpretes
1944 1704 2012 1741 an

2134 1694 2437 1761 λεγέτωσαν
2465 1692 2596 1761 ἡμῖν
2618 1692 2668 1745 οἱ
2696 1690 2859 1743 δεινοὶ
2882 1688 3009 1759 περὶ
3039 1687 3100 1739 τὸ
3120 1685 3379 1739 δύνασθαι
3418 1684 3553 1735 νοεῖν
3577 1680 3669 1742 τὰς

449 1814 554 1853 non
572 1771 868 1864 subjectum
895 1808 954 1849 se
972 1791 1230 1854 declarat,
1258 1804 1379 1842 cum
1445 1786 1776 1841 voluntatem
1838 1782 2014 1836 Patris

2134 1786 2260 1847 lata;
2294 1784 2532 1855 Γραφάς,
2560 1785 2608 1836 εἰ
2644 1782 2722 1854 μὴ
2773 1782 3049 1850 ὑποταγῆς
3084 1780 3198 1849 ἔχει
3239 1776 3466 1846 δύναμιν
3499 1773 3557 1826 τὸ
3588 1771 3668 1835 ἐξ·

451 1907 511 1946 se
535 1889 712 1944 facere
742 1884 1203 1951 dixitlQuomodo
1233 1895 1362 1949 ergo
1397 1879 1443 1933 is
1470 1877 1559 1947 qui
1578 1892 1719 1930 nunc
1742 1873 2014 1944 subjectus

450 1993 570 2048 est,
628 1993 756 2035 tunc
802 1976 1102 2047 subjectum
1154 1973 1220 2028 iri
1279 1970 1517 2027 dicitur?
1566 1968 1802 2023 Audiant
1854 1966 2017 2036 igitur

450 2077 551 2132 hoc
581 2075 811 2131 merito:
842 2091 863 2123 ι
908 2070 1116 2124 Erratis
1153 2067 1457 2121 nescientes
1488 2062 1794 2132 Scripturas
1818 2059 1859 2111 ⁸.
1886 2078 1905 2109 ι

1032 2268 1195 2340 254
1225 2263 1454 2321 ALIUD.

524 2389 582 2443 Si
636 2403 771 2458 opus
832 2394 884 2438 et
938 2390 1242 2437 creaturam
1291 2391 1410 2432 esse
1460 2373 1660 2429 Filium
1697 2368 1911 2434 statuis,
1965 2374 2021 2420 et

457 2483 653 2538 creatis
680 2479 829 2534 illum
867 2486 1212 2538 annumeras,
1265 2484 1496 2540 quonam
1544 2475 1721 2536 pacto,
1770 2462 2023 2525 obsecro,

458 2589 601 2640 cum,
626 2572 780 2641 juxta
806 2579 952 2623 tuam
988 2565 1323 2635 opinionem,
1376 2558 1586 2614 servilis
1625 2555 1876 2611 essentia:
1927 2553 2017 2616 sit,

457 2665 604 2721 Patri
631 2675 772 2716 nunc
803 2674 909 2713 non
932 2656 1213 2726 subjicitur
1237 2692 1254 2717 ,
1278 2668 1400 2706 cum
1430 2647 1712 2703 Psalmista
1769 2647 1834 2699 de
1866 2658 2020 2696 crea-

460 2758 531 2811 tis
554 2756 717 2818 dicat,
755 2770 774 2803 ι
814 2748 1007 2804 Omnia
1032 2747 1273 2802 serviunt
1296 2743 1389 2797 tibi
1419 2741 1482 2793 9?
1522 2759 1540 2791 ›
1578 2740 1684 2792 Aut
1735 2736 1876 2790 enim
1922 2747 2020 2786 ne-

459 2860 612 2903 cesse
646 2853 733 2899 est
758 2842 937 2896 dicere
969 2838 1183 2893 Patrem
1219 2850 1327 2889 non
1360 2846 1515 2902 posse
1550 2831 1775 2884 invitum
1827 2842 1892 2881 ac
1939 2840 2024 2880 re-

460 2948 785 3010 pugnantem
810 2932 1008 2987 Filium
1042 2928 1343 2997 subjicere:
1394 2935 1554 2995 atque
1608 2924 1681 2975 ita
1726 2919 1786 2974 ﬁt
1831 2917 2021 2985 major,

461 3009 551 3102 qui
574 3030 725 3099 juxta
754 3042 847 3083 vos
867 3026 1044 3079 minor
1071 3030 1156 3077 est
1187 3038 1199 3073 :
1231 3029 1324 3073 aut
1353 3018 1398 3072 si
1427 3019 1711 3072 honestum
1749 3019 1833 3067 est
1856 3009 2026 3077 subji-

462 3094 511 3177 ci
540 3094 686 3175 Patri
712 3116 932 3176 Filium,
953 3112 1046 3168 sed
1071 3125 1175 3166 non
1202 3107 1483 3174 subjicitur
1511 3117 1676 3167 nunc,
1700 3099 1897 3169 quippe
1933 3094 2024 3165 qui

464 3214 532 3267 ad
551 3220 854 3267 extremum
874 3202 1236 3273 subjiciendus
1286 3199 1480 3253 dicitur
1513 3212 1527 3249 :
1568 3203 1823 3265 pet-casse
1865 3187 2029 3259 igitur

465 3306 638 3372 ipsum
658 3301 871 3356 dicetis.
898 3299 969 3350 At
989 3293 1259 3365 quomodo
1287 3304 1466 3344 verum
1491 3288 1595 3340 erit
1638 3284 1780 3353 quod
1812 3281 1877 3334 de
1912 3280 2027 3347 ipso

466 3398 662 3452 dicitur
693 3410 708 3449 :
743 3413 761 3444 ι
808 3392 907 3459 Qui
952 3396 1229 3458 peccatum
1279 3398 1385 3438 non
1461 3376 1686 3433 fecit”?
1720 3394 1737 3426 ι
1770 3372 2029 3427 Facessat

467 3495 629 3564 igitur
647 3490 807 3560 hujus
835 3487 963 3543 dicti
981 3482 1307 3539 absurditas.

1129 3588 1359 3645 ALIUD.

838 3710 922 3763 Ea:
944 3707 1235 3777 objectione
1264 3703 1651 3756 hwretrcomm.

542 3831 608 3883 At
640 3840 749 3896 quo
772 3833 951 3895 pacto,
977 3821 1247 3890 inquiunt,
1281 3831 1383 3871 non
1411 3814 1481 3868 sit
1502 3808 1753 3868 omnibus
1806 3804 2034 3860 manife-

470 3931 611 3976 stum
648 3917 843 3974 Filium
871 3928 994 3970 esse
1031 3912 1290 3965 minorem
1338 3905 1498 3959 Patre
1564 3916 1687 3956 cum
1721 3898 1791 3954 sit
1826 3897 1875 3954 ei
1907 3896 2033 3953 sub-

467 4008 677 4080 iectus?

964 4112 1173 4171 Salutio
1201 4110 1527 4182 objectionis.

542 4233 703 4303 Atqui
733 4246 840 4300 quo
898 4238 1054 4299 pacto
1102 4240 1209 4279 non
1253 4225 1323 4279 sit
1369 4220 1620 4277 omnibus
1693 4213 2035 4270 manifeStum

479 4327 753 4401 (utendum
782 4324 925 4379 enim
952 4323 1064 4392 jam
1093 4319 1221 4374 mihi
1269 4325 1350 4371 est
1388 4314 1567 4369 verbis
1604 4307 1845 4379 vestris),
1895 4306 2037 4376 quod

476 4398 681 4491 aequale
708 4416 899 4490 aequali
921 4425 1289 4485 smpenumero
1314 4409 1493 4464 divino
1548 4402 1778 4473 quodam
1814 4398 2038 4455 consilio

2117 1879 2297 1932 ανύειν
2329 1879 2389 1931 τὸ
2414 1877 2622 1947 θέλημα
2653 1875 2747 1929 τοῦ
2774 1874 2986 1946 Πατρός
3013 1890 3027 1937 ;
3060 1872 3182 1935 Πῶς
3213 1866 3305 1924 οὖν
3358 1872 3387 1922 6
3426 1867 3518 1921 νῦν
3552 1867 3675 1919 ὑπο-

2116 1971 2442 2041 τασσόμενος
2461 1969 2535 2032 ὡς
2554 1968 2673 2021 τότε
2693 1965 3194 2037 ὑποταχθησόμενος
3211 1962 3425 2029 λέγεται
3447 1974 3461 2023 ;
3479 1953 3677 2009 Οὐκοῦν

2117 2060 2460 2114 ἁκουέτωσαν
2518 2058 2788 2125 εὑλόγως’
2846 2075 2865 2109 ι
2896 2051 3178 2109 Πλανᾶσθε
3229 2051 3302 2121 μὴ
3349 2047 3553 2109 εἰδότες
3585 2044 3675 2110 τὰς

2118 2151 2354 2223 Γραφάς.
2386 2170 2406 2202 ›

2792 2261 2997 2313 AAAO.

2191 2378 2252 2431 El
2286 2378 2497 2447 ποίημα
2545 2376 2638 2430 καὶ
2685 2374 2888 2445 κτίσμα
2939 2372 3096 2435 δίδως
3123 2368 3262 2425 εἶναι
3294 2372 3386 2425 τὸν
3422 2372 3569 2437 Υίὺν,
3596 2371 3684 2426 καὶ

2120 2471 2230 2531 τοῖς
2258 2466 2535 2535 γεγονόσιν
2568 2464 2727 2517 αὑτὸν
2762 2465 2811 2517 εἰ
2848 2461 3226 2535 καταριθμεῖς,
3261 2461 3405 2529 πῶς,
3434 2463 3555 2516 είπέ
3578 2479 3681 2531 μοι,

2122 2560 2262 2613 κατά
2294 2558 2391 2630 τὴν
2420 2559 2537 2627 σὴν,
2565 2550 2811 2621 ὦοὺτος,
2844 2554 3101 2609 ἀϐουλίαν
3148 2553 3403 2623 δουλικῆς
3434 2554 3686 2625 ὑπάρχων

2122 2652 2326 2718 οὐσίας,
2356 2652 2453 2721 οὑχ
2484 2649 2843 2703 ὑποτάσσεται
2871 2646 2965 2702 νῦν
3002 2645 3080 2717 τῷ
3110 2646 3327 2700 πάντων
3357 2646 3535 2715 Πατρὶ
3558 2685 3573 2710 ,
3600 2642 3687 2697 τοῦ

2122 2742 2428 2815 Ψαλμῳδοῦ
2458 2743 2587 2813 περὶ
2621 2741 2726 2795 τῶν
2756 2741 3134 2810 πεποιημένων
3166 2738 3414 2807 λέγοντος
3466 2741 3548 2791 ὅτι
3579 2737 3697 2790 «Τά

2128 2838 2416 2907 σύμπαντα
2444 2833 2604 2887 δοῦλα
2634 2833 2729 2897 σάς
2770 2850 2788 2883 ›
2820 2833 2892 2884 Ἢ
2915 2831 3022 2902 γάρ
3057 2831 3269 2900 ἀνάγκη
3307 2829 3382 2900 μὴ
3441 2828 3695 2883 δύνασθαι

2126 2928 2302 2995 λέγειν
2319 2927 2409 2980 τὸν
2430 2926 2648 2997 Πατέρα
2671 2925 2764 2977 καὶ
2792 2923 2994 2977 ἄκοντα
3020 2921 3110 2974 τὸν
3132 2920 3257 2973 Υἱὸν
3278 2921 3576 2984 ὑποθεῖναι,
3606 2920 3692 2974 καὶ

2128 3020 2316 3089 γέγονε
2345 3018 2608 3090 κρείττων
2640 3019 2668 3070 ὁ
2697 3015 2816 3068 καθ’
2849 3015 2990 3084 ὑμᾶς
3021 3014 3278 3077 ἐλάττων,
3319 3012 3355 3081 ἧ
3394 3012 3556 3084 εἴπερ
3587 3013 3699 3064 ἐστὶ

2128 3113 2189 3164 τὸ
2243 3109 2635 3165 ὑποτάσσεσθαι
2679 3106 2859 3173 καλὸν,
2912 3105 3010 3174 οὑχ
3071 3103 3436 3157 ὑποτάσσεται
3467 3103 3525 3157 δὲ
3562 3102 3650 3157 νῦν
3667 3102 3702 3155 6.

2130 3204 2279 3269 Υἱὸς,
2308 3202 2383 3265 ὼς
2414 3201 2522 3272 γάρ
2547 3202 2624 3263 είς
2651 3199 2876 3269 ὕστερον
2907 3194 3426 3265 ὑποταχθησόμενος
3455 3195 3691 3263 λέγεται,

2130 3293 2399 3365 ἁμαρτίαν
2428 3290 2593 3344 αὑτοῦ
2626 3288 3075 3360 καταψηφιεῖσθε.
3116 3288 3226 3342 Καὶ
3262 3287 3365 3341 ποῦ
3400 3288 3697 3358 σωθήσεται

2129 3386 2191 3438 τὸ
2207 3384 2379 3455 Πατρὶ
2407 3382 2568 3436 αὑτοῦ
2594 3381 2903 3452 λεγόμενον,
2933 3400 2951 3431 ι
2980 3381 3076 3443 Ὃς
3097 3379 3368 3451 ἁμαρτίαν
3398 3380 3496 3434 οὐκ
3519 3378 3695 3444 ἐποίη-

2133 3493 2260 3542 σεν;
2294 3495 2315 3529 ι
2342 3474 2513 3543 Φεῦγε
2546 3473 2641 3545 τὴν
2664 3473 2891 3528 ἀτοπίαν
2923 3472 3017 3526 τοῦ
3044 3471 3224 3541 λόγου.

2815 3586 3020 3638 MAG.

2435 3697 2750 3763 Αγτίθεσις
2798 3698 2878 3763 ὡς
2914 3698 2981 3750 ἐκ
3026 3697 3145 3750 τῶν
3187 3695 3387 3750 αὐτῶν

2202 3811 2312 3864 Καὶ
2336 3810 2452 3873 πῶς
2484 3812 2545 3862 οὑ
2600 3811 2764 3863 πᾶσιν
2797 3809 3121 3863 εὐσύνοπτον
3177 3808 3349 3872 ἔσται,
3396 3808 3581 3878 φασὶν,
3623 3806 3698 3858 ὅτι

2132 3902 2225 3957 τοῦ
2263 3903 2475 3966 Πατοὺς
2521 3902 2759 3955 ἐλάττων
2816 3901 2961 3953 ἐστὶν
2995 3903 3024 3953 6
3080 3900 3227 3965 Υἱὸς,
3278 3900 3704 3969 ὑποταττόμενος

2135 3998 2280 4068 αὑτῷ
2298 4017 2314 4065 ;

2625 4105 2780 4175 Πρὸς
2805 4105 2991 4160 ταῦτα
3014 4104 3216 4169 λύσις.

2208 4221 2316 4276 Καὶ
2344 4219 2458 4283 πῶς
2503 4219 2565 4272 οὑ
2613 4219 2778 4271 πᾶσιν
2830 4213 3158 4269 εὐσύνοπτόν
3198 4214 3315 4266 ἐστι
3368 4208 3701 4282 (κεχρῆσθαι

2137 4311 2245 4383 γάρ
2274 4308 2565 4365 ἀκόλουθον
2588 4310 2703 4371 ταῖς
2750 4305 2903 4377 ὑμῶν
2931 4304 3032 4375 ἤδη
3082 4301 3357 4373 φωναῖς),
3378 4302 3466 4354 ὅτι
3502 4301 3561 4354 τὸ
3598 4300 3699 4351 ἴσον

2140 4403 2241 4471 ῐσῳ
2271 4401 2528 4462 πολλάκις
2555 4396 2909 4468 οἰκονομικῶς
2941 4395 3342 4458 ὑποτάσσεται;
3371 4387 3451 4444 Ἦ
3477 4392 3584 4461 γὰρ
3609 4390 3701 4457 οὐχ

475 4479 905 4584 etldispositlone
936 4479 1259 4575 subjicitur?
1289 4499 1481 4556 Nonne
1511 4512 1674 4551 unum
1707 4503 1867 4563 atque
1886 4506 2019 4545 eum-

2139 4493 2198 4547 ἓν
2229 4494 2321 4547 καὶ
2344 4492 2406 4545 τὸ
2430 4490 2561 4545 αὑτὸ
2592 4489 2832 4559 δώσομεν
2886 4488 2943 4540 ὲν
2996 4489 3110 4549 τοῖς
3150 4485 3460 4557 προφήταις
3486 4479 3620 4535 εἶναι
3646 4480 3701 4531 τὸ

477 4571 597 4666 dem
642 4571 787 4661 'esse
846 4571 1134 4657 fatebimur
1194 4596 1449 4666 Spiritum
1502 4591 1554 4644 in
1610 4584 1924 4659 prophetis?
1966 4583 2019 4637 Αι

2142 4584 2363 4656 Πνεῦμα
2387 4603 2401 4651 ;
2429 4584 2539 4637 Καὶ⁴
2569 4581 2685 4644 πῶς
2705 4583 2734 4635 6
2753 4579 2960 4641 Παῦλός
2984 4594 3167 4647 φησιν,
3191 4578 3272 4629 ὅτι
3300 4575 3395 4628 καὶ
3427 4571 3701 4641 Πνεῦματα

475 4697 744 4771 quomodo
758 4693 960 4750 Paulus
979 4693 1075 4758 ait,
1100 4688 1331 4759 Spiritus
1361 4683 1742 4754 prophetarum
1759 4690 1889 4771 prop
1899 4672 2019 4728 heti:

2143 4675 2436 4747 προφητῶν
2471 4677 2772 4747 προφήταις
2807 4672 3170 4725 ὑποτάσσεται
3191 4685 3205 4732 ;
3229 4666 3353 4730 Πῶς
3375 4666 3436 4718 δὲ
3460 4667 3557 4735 τῆς
3583 4666 3700 4716 ὑπο-

476 4748 709 4859 ξυιῇίοἰῖ
737 4789 843 4839 Aut
875 4782 1140 4854 quomodo
1201 4774 1550 4844 subjectionis
1598 4783 1793 4825 nomen
1841 4765 2019 4821 Filiun

2141 4765 2319 4835 ταγῆς
2351 4764 2522 4833 ὄνομα
2557 4764 2654 4832 τῆς
2686 4761 2820 4833 πρὸς
2848 4760 2939 4814 τὸν
2968 4757 3185 4829 Πατέρα
3240 4755 3484 4824 ἰσότητος
3521 4748 3701 4805 ἐκϐάλ-

478 4882 545 4935 ah
566 4857 870 4947 aequalitate
920 4888 1044 4928 cum
1094 4871 1253 4924 Patre
1308 4862 1588 4921 excludit?
1635 4859 1823 4915 Nonne
1874 4857 2035 4913 etiam

476 4972 615 5042 apud
646 4983 743 5022 nos
768 4966 861 5019 lilii
886 4962 1197 5034 parentibus
1216 4959 1498 5024 obediunt,
1527 4963 1689 5024 atque
1746 4948 2041 5018 subjiciun-

476 5039 587 5125 tur,
613 5073 736 5114 cum
764 5066 943 5111 tamen
964 5053 1202 5122 ejusdem
1234 5064 1356 5106 cum
1383 5048 1516 5119 ipsis
1542 5046 1652 5101 sint
1704 5039 2041 5125 substantiae,

475 5152 823 5222 ejusdemque
851 5155 1055 5201 natura:
1083 5145 1190 5199 sint
1213 5138 1533 5212 participes?
1562 5136 1745 5204 Neque
1776 5124 1918 5187 enim
1986 5130 2039 5182 in

476 5243 544 5297 iis
570 5241 660 5310 qui
684 5236 919 5307 subjecti.
937 5244 1063 5292 sunt
1092 5233 1269 5299 minor
1288 5238 1372 5285 est
1394 5236 1598 5282 natura:
1618 5223 1842 5286 ratio,ut
1867 5231 2038 5287 neque

474 5333 618 5389 iniis
658 5330 749 5401 qui
808 5326 1122 5397 subjiciunt,
1154 5322 1345 5393 major.
1380 5319 1513 5374 Nam
1538 5332 1659 5372 cum
1703 5329 1808 5369 una
1859 5310 1928 5366 sit
1956 5320 2038 5364 at-

477 5441 581 5496 que
608 5427 798 5481 eadem
839 5423 893 5478 in
922 5420 1173 5477 omnibus
1196 5416 1509 5473 hominibus
1536 5409 1851 5469 substantia:
1875 5407 2035 5469 ratio,

478 5518 686 5572 inﬁnita
724 5530 819 5584 per
839 5513 1195 5582 quorumdam
1220 5508 1608 5578 subjectionem
1635 5501 1915 5558 commoda
1942 5497 2035 5551 ad-

2143 4858 2224 4911 λει
2252 4856 2343 4910 τὸν
2363 4856 2525 4921 Υἱόν;
2559 4850 2635 4907 Ἦ
2658 4854 2766 4924 γὰρ
2794 4853 2915 4922 οὐχὶ
2965 4850 3060 4904 καὶ
3098 4851 3154 4901 έν
3208 4850 3337 4919 ἡμῖν
3378 4846 3586 4898 εἴκουσι
3612 4841 3701 4912 μὲν

2146 4947 2417 5016 πατράσιν
2445 4947 2494 4998 οί
2520 4945 2626 4997 υίοὶ
2654 4945 2748 4997 καὶ
2780 4941 3188 5003 ὑποτάττονται,
3237 4937 3364 5009 μίαν
3397 4936 3610 5005 ἔχοντες
3634 4929 3700 4992 ὡς

2146 5038 2282 5109 πρὸς
2305 5038 2501 5100 αὐτοὺς
2526 5036 2623 5107 τὴν
2651 5035 2857 5102 οὐσίαν,
2885 5034 2977 5087 καὶ
2998 5032 3098 5104 τῆς
3124 5030 3291 5100 αὑτῆς
3319 5028 3473 5090 ὄντες
3502 5024 3702 5095 φύσεως

2150 5131 2400 5201 μέτοχοι;
2435 5127 2573 5181 Οῦτε
2604 5126 2712 5199 γὰρ
2741 5128 2799 5179 ὲν
2850 5126 2961 5189 τοῖς
2994 5120 3452 5191 ὑποτεταγμένοις
3478 5116 3700 5173 ἐλάττων

2146 5223 2174 5273 ὁ
2204 5220 2299 5290 τῆς
2329 5218 2540 5290 φύσεως
2567 5217 2743 5287 λόγος,
2764 5215 2887 5270 οὔτε
2904 5218 2961 5269 ὲν
2983 5217 3093 5278 τοῖς
3124 5212 3486 5266 ὑποτάττουσι
3518 5206 3701 5279 μείζων

2142 5312 2175 5382 ἢ
2205 5310 2597 5383 ὑπερϐεϐηκὼς
2630 5310 2963 5381 εὑρίσκεται.
3000 5305 3151 5369 Ἐνὸς
3175 5304 3282 5376 γάρ
3327 5302 3481 5364 ὄντος
3508 5291 3699 5353 καὶτοῦ

2142 5402 2305 5456 αὑτοῦ
2327 5400 2469 5455 κατὰ
2507 5400 2719 5454 πάντων
2749 5399 3049 5473 ἀνθρώπων
3076 5394 3167 5450 τοῦ
3198 5395 3354 5464 λόγου
3375 5393 3476 5463 τῆς
3506 5386 3698 5447 οὐσίας,

2146 5493 2315 5565 μυρία
2343 5493 2430 5547 διὰ
2453 5492 2552 5563 τῆς
2591 5511 2752 5547 τινων
2784 5491 3060 5562 ὑποταγῆς
3089 5488 3450 5558 οἰκονομεῖται
3484 5481 3553 5537 τά
3576 5476 3699 5551 χρή-

599 5697 753 5754 loan.
783 5710 854 5762 vr,
877 5692 966 5752 38.
1042 5694 1062 5723 "
1090 5690 1278 5746 Matth.
1303 5701 1440 5752 χχιι,
1466 5685 1556 5739 29.
1632 5683 1650 5712 τ’
1684 5679 1827 5735 Psal.
1856 5691 2017 5732 cxvm

2147 5715 2161 5730 .
2241 5676 2284 5706 ¹⁰
2325 5672 2518 5729 lPetr.
2561 5670 2716 5737 ιι,Ξὲ
