3878 6208
207 421 311 477 ιὸὃ

1569 425 1791 480 TllESA
1803 426 2005 485 URUS.

3329 440 3432 493 εει

210 559 364 612 σιμα.
400 542 462 595 Et
484 541 540 594 δὲ
574 540 737 594 καλὸν
767 541 924 594 τοῦτο
956 542 1210 597 τέτακται
1236 544 1327 598 καὶ
1358 545 1442 615 ἐφ’
1469 546 1649 618 ἡμῶν,
1679 549 1772 602 καὶ

1883 552 2269 609 ministrantur.
2306 554 2365 611 Si
2396 571 2520 612 vero
2554 557 2605 611 id
2626 556 2785 613 etiam
2814 556 2866 611 in
2896 556 3048 611 nobis
3098 557 3291 611 bonum
3332 567 3432 623 est,

210 635 330 687 κατ’
356 632 546 687 οὐδένα
572 633 769 704 τρόπον
796 632 889 685 τοῦ
915 634 1092 686 κοινοῦ
1123 634 1223 704 τῆς
1268 635 1480 704 φύσεως
1502 636 1773 708 ἐξίστησιν

208 726 335 794 ὅρου
356 765 371 788 ,
404 724 455 777 τί
486 725 561 795 μὴ
616 726 679 778 τὸ
710 725 823 778 ίσον
849 725 1205 795 φυλάττοντες
1228 727 1319 779 ἐπὶ
1360 729 1453 781 τοῦ
1501 730 1634 784 Θεοῦ
1668 732 1771 785 Λό-

208 834 328 886 γου,
358 817 457 888 τὴν
482 817 681 871 ἄτοπον
702 818 909 888 ταύτην
941 819 1291 889 παραιτεῖσθε
1314 821 1626 893 δυσφημίαν
1651 843 1666 889 ;

890 1001 1093 1054 ΑΔΛΟ.

277 1107 447 1161 Πόθεν
476 1110 623 1179 ὑμῖν,
653 1106 698 1164 ὧ
722 1105 885 1176 οὗτοι,
923 1115 1165 1188 παρέστη
1188 1117 1363 1188 λέγειν
1392 1121 1647 1175 ἐλάττονα
1678 1124 1771 1176 τοῦ

210 1198 419 1269 Πατρὸς
442 1195 581 1254 εἶναι
604 1202 693 1256 τὸν
719 1204 838 1257 Υίὺν
861 1205 947 1259 διὰ
975 1208 1073 1278 τὴν
1094 1208 1432 1281 καλουμένην
1462 1212 1736 1284 ὑποταγήν
1757 1232 1770 1279 ;

208 1289 283 1341 Οὑ
324 1290 432 1361 γὰρ
453 1292 510 1344 ὲν
535 1292 613 1363 τῷ
665 1294 1060 1352 ὑποτάσσεσθαι
1104 1300 1203 1369 τῆς
1232 1302 1421 1366 οὐσίας
1472 1305 1635 1358 αὑτοῦ
1682 1307 1773 1360 τὸν

209 1381 368 1448 λόγον
390 1383 701 1453 όριζόμεθαο
726 1386 849 1439 οὑτε
886 1387 991 1458 μὴν
1023 1391 1080 1442 ὲν
1105 1392 1169 1462 τῇ
1203 1392 1446 1465 ὑποταγῇ
1475 1398 1589 1449 ἐστι
1616 1397 1675 1450 τὸ
1699 1393 1773 1449 εἶ-

207 1487 296 1522 ναι
320 1470 414 1523 τοῦ
445 1472 594 1526 Υἱοῦ⁸
623 1475 739 1527 ἀλλ’
765 1474 839 1527 ὢν
860 1478 953 1529 καὶ
985 1479 1245 1549 ὑπάρχων
1285 1482 1612 1548 ἰδιαζόντως,
1643 1486 1773 1538 ὑπο-

209 1560 503 1616 τάσσεσθαι
538 1563 771 1633 λέγεται.
808 1567 1017 1620 Οὐκοῦν
1043 1570 1091 1621 εί
1117 1570 1217 1641 τῆς
1262 1573 1449 1635 οὐσίας
1480 1575 1645 1629 αὑτοῦ
1681 1577 1773 1631 τὸν

206 1655 331 1724 ὅρον
354 1656 455 1709 οὐκ
476 1656 588 1727 ἔχει
637 1658 696 1712 τὸ
723 1659 821 1728 τῆς
850 1660 1125 1733 ὑποταγῆς
1173 1663 1363 1734 ὄνομα,
1409 1668 1469 1720 οὑ
1509 1669 1575 1721 δι’
1605 1670 1772 1740 αὐτὴν

208 1747 447 1799 ἐλάττων
477 1748 625 1801 ἔσται
652 1750 747 1803 τοῦ
778 1751 1007 1822 Πατρός.
1042 1754 1106 1806 Εί
1135 1754 1192 1807 δὲ
1239 1756 1414 1810 οίεσθε
1450 1759 1547 1829 τὴν
1572 1760 1773 1814 ὑποτα-

207 1834 309 1904 γὴν
333 1836 456 1906 ὅρον
482 1832 618 1891 εἶναι
667 1842 765 1909 τῆς
790 1841 974 1905 οὐσίας
1004 1842 1099 1896 τοῦ
1126 1845 1276 1911 Υἱοῦ,
1309 1853 1561 1903 σκοπεῖτε
1587 1852 1770 1906 λοιπὸν

204 1926 287 1988 είς
315 1926 435 1978 ὅσον
466 1927 716 1991 ἀσεϐείας
750 1931 1119 2003 καταφέρεσθε
1152 1933 1361 2006 βόθρον.
1401 1938 1637 2009 Ἀνάγκη
1664 1940 1771 2013 γὰρ

203 2017 380 2070 εἰπεῖν
404 2018 522 2071 τότε
548 2021 625 2084 είς
648 2019 879 2092 ὕπαρξιν
906 2025 1183 2080 καλεῖσθαι
1221 2028 1312 2081 τὸν
1345 2030 1493 2094 Υίὸν,
1524 2033 1652 2085 ὅταν
1683 2034 1774 2087 καὶ

200 2111 231 2161 6
256 2109 360 2177 τῆς
384 2110 663 2181 ὑποταγῆς
685 2112 905 2185 γένηται
946 2118 1155 2189 καιρός.
1196 2120 1284 2183 Ὠς
1316 2121 1423 2192 γὰρ
1468 2123 1775 2195 ὑποταχθή-

204 2200 396 2255 σεσθαι
438 2203 716 2273 μέλλοντα,
739 2206 831 2261 καὶ
859 2206 1012 2263 οὑπω
1049 2212 1484 2283 ὑποτεταγμένον
1511 2218 1537 2268 6
1565 2216 1773 2281 Παῦλος

200 2291 466 2362 εἰσφέρει.

308 2402 512 2468 ΑΛΛΟ,
544 2404 839 2474 ἐξήγησιν
863 2408 1009 2476 ἔχον
1036 2412 1301 2479 πιθανὴν
1326 2414 1432 2467 τοῦ
1452 2416 1661 2482 ῥητοῦ.

275 2514 462 2569 Πάντα
516 2519 545 2571 6
595 2519 784 2590 Πατὴρ
829 2521 1123 2592 ἐργάζεται
1178 2525 1246 2577 δι’
1277 2526 1433 2592 Υἱοῦ,
1470 2530 1563 2581 καὶ
1612 2530 1773 2584 τοῦτό

202 2607 325 2658 ἐστι
360 2607 422 2659 τὸ
442 2609 541 2679 τῆς
574 2610 856 2682 ὑποταγῆς
904 2614 1110 2684 σχῆμα,
1152 2617 1211 2669 τὸ
1238 2617 1412 2671 δοκεῖν
1446 2620 1633 2693 ῶσπερ
1664 2626 1773 2687 τοῖς

199 2698 301 2750 τοῦ
334 2700 545 2770 Πατρὸς
592 2702 903 2757 ὑποκεῖσθαι
955 2705 1268 2776 θελήμασιν.
1324 2710 1534 2783 Ὠσπερ
1583 2716 1773 2784 ἀμέλει

202 2790 301 2842 καὶ
325 2790 416 2844 τοῦ
443 2792 654 2864 Πατρὸς
690 2795 953 2863 λέγοντοςο
992 2818 1011 2850 ι
1051 2800 1371 2873 Ποιήσωμεν
1405 2806 1714 2875 ἄνθρωπον,
1750 2831 1767 2861 ι

198 2882 336 2952 χοῦν
364 2884 472 2937 ἀπὸ
497 2888 595 2956 τῆς
622 2886 726 2957 γῆς
750 2889 779 2940 6
802 2890 972 2958 Λόγος
1020 2892 1285 2962 λαμϐάνει
1317 2896 1650 2968 θεοπρεπῶς,
1682 2904 1775 2953 καὶ

199 2976 263 3027 τὸ
291 2975 449 3039 δόξαν
476 2977 778 3047 ἐργάζεται.
812 2998 832 3032 t
870 2982 1051 3037 Πάντα
1078 2985 1183 3057 γὰρ
1220 2987 1287 3040 δι’
1311 2990 1477 3043 αὑτοῦ
1500 2992 1732 3059 ἐγένετο.
1751 3013 1768 3043 ο

196 3064 482 3119 Διδάσκων
505 3068 788 3141 τοιγαροῦν
807 3072 835 3123 6
852 3073 1079 3139 Παῦλος,
1101 3076 1183 3129 ὅτι
1212 3080 1305 3131 καὶ
1329 3082 1469 3134 κατὰ
1495 3082 1584 3135 τὸν
1606 3085 1774 3139 αἰῶνα

199 3156 297 3209 τὸν
332 3157 589 3227 μέλλοντα
611 3161 678 3214 τὰ
711 3162 888 3216 πάντα
940 3168 969 3218 6
1015 3167 1204 3239 Πατὴρ
1233 3171 1290 3224 ὲν
1316 3173 1448 3242 ἡμῖν
1492 3178 1773 3244 γενήσεται

200 3247 370 3301 πάλιν
396 3248 461 3302 δι’
492 3249 639 3316 Υἱοῦ,
673 3254 851 3321 σοφῶς
877 3255 939 3325 δὴ
963 3256 1081 3311 λίαν
1116 3261 1301 3331 φησίψ
1328 3281 1345 3311 ι
1368 3264 1533 3316 Ὅταν
1555 3266 1610 3318 δὲ
1638 3267 1770 3320 ὑπο-

200 3341 349 3409 ταγῇ
383 3339 532 3410 αὐτῷ
556 3341 625 3395 τὰ
652 3344 850 3408 πάντα,
894 3347 1011 3399 τότε
1044 3350 1137 3402 καὶ
1165 3352 1324 3416 αὐτὸς
1350 3356 1378 3405 6
1428 3355 1552 3417 Υἱὸς
1575 3357 1776 3409 ὑποτα-

201 3432 437 3500 γήσεται
466 3433 543 3504 τῷ
590 3435 918 3506 ὑποτάξαντι
958 3442 1107 3511 αὐτῷ
1126 3444 1194 3496 τά
1244 3445 1439 3511 πάντα,
1473 3448 1556 3499 ἵνα
1583 3451 1610 3501 6
1644 3450 1775 3512 Θεὸς

200 3519 235 3593 ᾖ
264 3521 339 3575 τὰ
358 3524 535 3578 πάντα
583 3526 642 3578 ὲν
682 3530 866 3582 πᾶσιν.
900 3548 919 3581 ι
954 3532 1175 3601 Ὅμοιον
1224 3534 1330 3604 γὰρ
1372 3536 1447 3599 ὠς
1479 3539 1525 3588 εἰ
1556 3537 1736 3606 ἔλεγεν
1759 3558 1772 3571 ο

203 3615 415 3683 Μηδεὶς
451 3616 647 3671 οἰέσθω
670 3621 811 3673 κατὰ
832 3622 922 3674 τὸν
946 3624 1117 3677 αἰῶνα
1149 3626 1239 3677 τὸν
1269 3627 1547 3696 μέλλοντα,
1577 3631 1775 3701 ἑτέρως

202 3707 358 3776 ἡμᾶς
388 3708 646 3779 μετόχους
665 3710 882 3767 ἔσεσθαι
906 3714 1000 3767 τοῦ
1049 3717 1261 3786 Πατρὸς
1280 3757 1293 3781 ,
1333 3720 1379 3770 εί
1421 3719 1495 3790 μὴ
1526 3720 1685 3773 πάλιν
1710 3721 1775 3773 δι’

203 3798 365 3851 Υίοῦ.
398 3799 472 3852 Τὸ
507 3802 586 3866 δὲ,
617 3802 683 3855 δι’
710 3804 859 3869 Υίοῦ,
892 3806 990 3877 τὴν
1025 3808 1301 3879 ὑποταγὴν
1332 3812 1605 3880 σημαίνει,
1627 3813 1777 3866 οὐδὲν

202 3887 316 3957 μὲν
352 3890 431 3952 εἰς
480 3889 569 3943 τὸν
605 3892 705 3961 τῆς
736 3894 923 3958 οὐσίας
954 3895 1112 3965 λόγον
1146 3897 1434 3953 ἀδικοῦσαν
1491 3902 1583 3953 τὸν
1629 3902 1773 3968 Υίὸν,

199 3981 307 4051 τὴν
346 3980 403 4035 δὲ
447 3983 546 4053 τῆς
582 3984 742 4051 ἁγίας
771 3986 997 4056 Τριάδος
1023 3988 1249 4059 ἑνότητα
1282 3992 1375 4043 καὶ
1405 3992 1607 4061 συνήθη
1646 3994 1775 4045 στά-

203 4088 296 4125 σιν
352 4074 769 4145 ἀπαράλλακτον
820 4080 1197 4151 είσφὲρουσαν.
1239 4083 1311 4134 Οὑ
1345 4083 1453 4152 γὰρ
1500 4085 1777 4137 στασιάσει

201 4164 333 4217 τότε
368 4165 505 4235 πρὸς
552 4167 768 4238 ἑαυτὴν,
800 4170 920 4222 οὐδὲ
968 4172 1223 4235 ἀτάκτοις
1260 4174 1584 4242 μεταόολαῖς
1614 4174 1775 4244 θορυ-

202 4254 512 4327 σηθήσεται
558 4257 624 4310 τὸ
661 4260 748 4313 ἀεὶ
795 4260 1053 4326 ὡσαύτως
1084 4264 1226 4334 ἔχον,
1283 4265 1397 4317 ἀλλ’
1423 4265 1574 4318 ἔσται
1614 4266 1777 4321 πάλιν

204 4350 307 4402 καὶ
337 4350 459 4403 κατ’
482 4352 658 4404 ἐκεῖνο
684 4354 875 4425 καιροῦ
914 4356 1099 4426 Πατὴρ
1138 4357 1204 4409 δι’
1239 4357 1370 4410 Υἱοῦ
1408 4359 1476 4411 τὰ
1508 4358 1682 4412 πάντα
1720 4360 1777 4412 ἐν

203 4444 477 4505 adamat
500 4443 633 4515 ζωὴ,
652 4446 744 4498 καὶ
772 4447 1066 4518 ἀφθαρσία,
1094 4450 1186 4501 καὶ
1208 4450 1373 4519 χαρὰ,
1409 4451 1501 4503 καὶ
1536 4452 1774 4522 ἁγιότης,

1876 642 2126 713 nullaque
2194 648 2399 701 ratione
2462 662 2559 703 nos
2622 663 2652 702 τι
2709 649 3012 704 communis
3076 658 3278 709 natura:
3331 660 3438 705 ter-

1874 735 2035 791 minis
2080 737 2397 794 submovet:
2449 754 2545 793 cur
2608 754 2714 795 non
2778 738 2917 795 idem
2996 740 3061 795 de
3121 740 3291 795 Verbo
3342 742 3436 796 Dei

1874 833 2201 891 statuentes,
2255 827 2386 882 adeo
2412 827 2697 883 absurdam
2722 829 3110 898 blasphemiam
3153 831 3371 885 vitatis?

2544 999 2772 1057 ALIUD.

1944 1112 2080 1179 Quid
2106 1128 2201 1168 vos
2238 1122 2435 1178 movet,
2480 1122 2537 1168 ut
2593 1113 2789 1168 Filium
2811 1116 3075 1167 minorem
3112 1113 3271 1170 Patre
3312 1128 3437 1170 esse

1874 1205 2138 1259 censeatis
2161 1214 2376 1274 propter
2412 1206 2549 1260 hanc
2601 1219 2720 1275 quae
2772 1205 2968 1259 dicitur
3010 1205 3437 1275 subiectionem?

1873 1294 2209 1365 Nequcenim
2242 1298 2293 1350 in
2323 1297 2654 1366 subiectione
2708 1299 2955 1353 essentia:
3006 1313 3114 1353 sua:
3169 1300 3433 1354 rationem

1874 1388 2194 1442 statuimus:
2249 1402 2420 1457 neque
2473 1403 2591 1444 esse
2616 1387 2737 1443 Filii
2778 1390 2830 1443 in
2860 1403 2924 1442 eo
2969 1389 3240 1453 consistit,
3290 1391 3433 1458 quod

1874 1477 2225 1545 subjiciatur;
2261 1480 2353 1533 sed
2377 1494 2496 1534 cum
2521 1480 2592 1533 sit
2622 1488 2781 1549 atque
2828 1480 2880 1533 in
2912 1481 3130 1549 propria
3156 1480 3432 1551 hypostasi

1874 1569 2149 1635 subsistat,
2181 1570 2371 1638 subiici
2419 1570 2637 1627 dicitur.
2688 1572 2972 1637 Quocirca,
3020 1573 3066 1627 si
3111 1573 3434 1640 obiectionis

1876 1675 2068 1714 nomen
2094 1676 2197 1716 non
2230 1672 2314 1716 est
2341 1665 2587 1718 essentize
2615 1663 2775 1733 255
2806 1665 2968 1733 ipsius
3002 1665 3261 1729 deﬁnitio,
3288 1676 3435 1719 certe

1876 1762 2092 1821 propter
2121 1754 2263 1807 illam
2297 1756 2471 1810 minor
2503 1756 2660 1813 Patre
2680 1773 2783 1811 non
2814 1759 2936 1813 erit.
2964 1758 3021 1813 Si
3070 1773 3199 1814 vero
3251 1760 3434 1812 existi-

1804 1882 1847 1937 Β
1878 1844 2036 1897 matis
2063 1844 2445 1913 subiectionem
2472 1862 2591 1902 esse
2617 1849 2983 1903 deﬁnitionem
3036 1852 3289 1905 essentia:
3339 1850 3432 1903 Fi—

1876 1934 1951 2000 lii,
1976 1936 2172 2001 videte,
2192 1936 2432 2003 obsecro,
2460 1939 2509 1991 in
2532 1948 2789 2007 quantum
2808 1940 3117 1994 barathrum
3134 1941 3436 2009 praecipites

1874 2022 2128 2080 ferimini.
2155 2025 2389 2081 Necesse
2424 2028 2565 2081 enim
2618 2027 2783 2082 fuerit
2828 2028 3027 2093 dicere,
3056 2038 3169 2083 tum
3198 2029 3431 2098 primum

1874 2116 1940 2169 ad
1970 2130 2090 2169 esse
2141 2116 2321 2171 vocari
2376 2115 2588 2178 Filium,
2626 2119 2841 2185 quando
2893 2118 3240 2186 subiectionis
3289 2118 3433 2173 illius

1875 2216 2083 2275 tempus
2113 2207 2410 2262 advenerit.
2467 2208 2597 2262 Nam
2630 2209 2831 2264 Paulus
2859 2220 2918 2265 ut
2961 2210 3352 2279 subjiciendum
3380 2220 3436 2265 et

1875 2300 2110 2353 nondum
2138 2298 2432 2369 subiectum
2456 2316 2576 2355 eum
2602 2302 2825 2356 inducit.

2120 2412 2238 2465 Alia
2272 2429 2503 2483 congrua
2534 2415 2689 2483 hujus
2723 2416 2852 2468 dicti
2883 2421 3182 2484 explicatio.

1944 2525 2103 2581 Pater
2130 2527 2307 2581 omnia
2333 2538 2589 2597 cperatur
2620 2543 2716 2598 per
2740 2528 2957 2585 Filium.
2993 2532 3167 2600 Atque
3192 2532 3311 2586 haec
3353 2540 3438 2586 est

1878 2617 2232 2684 subiectionis
2258 2620 2487 2687 species,
2523 2620 2665 2687 quod
2695 2620 2940 2674 videatur
2970 2618 3145 2676 Patris
3175 2621 3435 2675 voluntati

1876 2710 2174 2777 subiacere.
2222 2710 2706 2776 Quemadmodum,
2751 2712 2977 2781 exempli
3006 2713 3198 2781 gratia,
3230 2714 3453 2768 dicente.

1877 2786 2038 2854 Patre
2068 2819 2081 2855 :
2117 2820 2135 2851 ι
2166 2798 2450 2855 Faciamus
2490 2802 2758 2856 hominem
2789 2803 2851 2867 ¹¹,
2888 2822 2906 2853 ι
2948 2803 3179 2857 Verbum
3222 2819 3252 2858 e
3297 2814 3437 2859 terra

1877 2894 2150 2963 pulverem
2200 2897 2415 2967 accipit,
2468 2906 2522 2951 et
2568 2899 2708 2967 quod
2760 2900 3012 2968 placitum
3051 2911 3132 2955 est
3162 2910 3433 2970 cperatur.

1883 3003 1899 3035 ι
1923 2982 2117 3039 Omnia
2143 2987 2285 3040 enim
2308 3002 2400 3057 per
2427 2989 2598 3057 ipsum
2633 2988 2771 3043 facta
2799 2998 2922 3043 sunt
2947 2991 3008 3043 η.
3039 3009 3057 3041 ι
3082 2992 3287 3044 Docens
3311 3006 3438 3043 vero

1878 3076 2071 3131 Paulus
2103 3079 2241 3145 quod
2276 3080 2327 3131 in
2358 3078 2539 3133 futuro
2571 3082 2768 3135 saeculo
2799 3080 2956 3136 Pater
2984 3082 3163 3135 omnia
3199 3081 3250 3135 in
3285 3082 3438 3136 nobis

1880 3184 2088 3222 rursum
2118 3170 2231 3232 ﬁet,
2265 3170 2534 3239 sapienter
2559 3172 2841 3225 admodum
2873 3173 3003 3226 dicit
3030 3191 3043 3225 :
3082 3191 3101 3223 ι
3133 3174 3357 3239 Quando
3386 3174 3433 3226 ci

1878 3260 2113 3329 subiecta
2139 3271 2293 3315 erunt
2325 3263 2525 3325 omnia,
2556 3272 2682 3317 ωηο
2712 3274 2765 3316 et
2790 3264 2903 3331 ipse
2927 3263 3095 3317 Filius
3128 3264 3440 3333 subjicietur

1879 3350 2046 3417 Patri,
2087 3352 2178 3421 qui
2211 3352 2436 3421 subiecit
2469 3355 2516 3407 ei
2554 3353 2752 3419 omnia,
2784 3364 2841 3407 ut
2881 3354 3019 3409 Dens
3061 3356 3130 3408 sit
3164 3355 3343 3408 omnia
3386 3354 3439 3407 in

1877 3444 2145 3497 omnibus.
2190 3462 2207 3493 ι
2258 3443 2483 3498 Perinde
2526 3446 2667 3499 enim
2719 3454 2799 3498 est
2843 3459 2906 3498 ac
2951 3447 2993 3498 si
3045 3446 3187 3498 dicat
3231 3444 3440 3498 :thlto

1878 3536 2151 3590 existimet
2184 3536 2233 3588 in
2278 3535 2458 3590 futuro
2498 3536 2694 3590 saeculo
2726 3536 2884 3591 aliter
2916 3551 3013 3590 nos
3042 3538 3327 3604 participes
3354 3536 3440 3590 fu-

1881 3631 2029 3675 turos
2062 3620 2258 3685 Patris,
2296 3622 2396 3675 nisi
2429 3638 2616 3677 rursus
2643 3638 2737 3691 per
2765 3623 2981 3679 Filium.
3013 3624 3147 3677 illud
3170 3640 3321 3688 vero,
3345 3640 3441 3695 per

1879 3714 2092 3779 Filium,
2126 3713 2509 3785 subiectionem
2541 3715 2825 3784 signiﬁcat,
2870 3732 2987 3786 quae
3017 3717 3233 3786 quidem
3263 3718 3440 3786 quoad

1880 3806 2129 3860 essentiae
2160 3806 2419 3861 rationem
2443 3805 2579 3859 Filio
2611 3807 2740 3861 nihil
2772 3808 3018 3877 denegat,
3052 3809 3144 3863 sed
3178 3811 3438 3864 unitatem

1880 3898 2162 3952 Trinitatis
2199 3907 2505 3967 statumque
2550 3899 3033 3953 incormnutabilem
3082 3902 3300 3955 inducit.
3336 3901 3441 3955 Ne-

1880 4004 1983 4059 que
2011 3988 2099 4042 illa
2129 3998 2256 4044 tunc
2296 3989 2438 4043 inter
2471 4004 2527 4043 se
2569 3990 2869 4053 dissentiet,
2916 4007 3088 4060 neque
3121 3992 3439 4047 inordinatis

1878 4082 2261 4136 mutationibus
2311 4081 2633 4147 turbabitur,
2664 4098 2783 4150 qua}
2819 4098 3028 4151 semper
3049 4084 3235 4137 eodem
3282 4086 3440 4141 modo

1878 4187 1936 4224 se
1967 4172 2169 4225 habet:
2206 4174 2300 4225 sed
2342 4172 2445 4224 erit
2489 4172 2649 4224 etiam
2698 4180 2826 4225 tunc
2860 4172 3113 4241 temporis
3151 4172 3309 4228 Pater
3344 4190 3439 4244 per

1881 4262 2072 4315 Filium
2100 4263 2278 4315 omnia
2310 4263 2360 4314 in
2390 4262 2662 4324 omnibus,
2687 4271 2740 4315 et
2773 4264 2901 4325 vita,
2928 4272 2980 4315 et
3016 4262 3362 4332 incorruptio,
3387 4276 3447 4321 et.

1879 4354 2152 4423 gaudium,
2188 4363 2242 4407 et
2287 4354 2662 4418 sanctiﬁcatio,
2717 4362 2771 4407 et
2820 4354 3076 4421 potentia,
3112 4370 3174 4410 ac
3216 4356 3443 4426 denique

1880 4447 2136 4517 quidquid
2192 4448 2394 4501 sanctis
2441 4448 2491 4499 in
2540 4445 2894 4513 promissione
2940 4447 3101 4500 situm
3153 4458 3253 4501 est.
3312 4450 3444 4503 Vide

203 4536 306 4586 καὶ
360 4534 610 4607 δύναμις,
664 4538 757 4591 καὶ
794 4539 931 4610 ὅπερ
968 4541 1034 4593 ἂν
1070 4541 1303 4611 ὑπάρχοι
1354 4545 1465 4605 τοῖς
1516 4544 1693 4610 ἁγίοις
1719 4544 1772 4595 ὲν

1883 4539 2027 4591 cnim
2074 4551 2234 4605 quam
2292 4536 2591 4590 admirabili
2656 4535 2879 4589 consilio
2933 4536 3047 4589 hazc
3110 4536 3247 4591 dicta
3314 4538 3441 4593 sint.

205 4626 501 4696 ὑποσχέσει
539 4629 803 4699 κείμενον.
838 4632 974 4701 Ὅρα
1004 4631 1112 4703 γὰρ
1138 4634 1267 4702 ὅσην
1295 4635 1600 4705 οἰκονομίαν
1622 4638 1649 4688 6
1680 4636 1780 4688 Λό-

205 4735 307 4787 γος
337 4719 511 4789 φέρει.
556 4721 769 4792 Ἐπειδὴ
807 4723 915 4791 γὰρ
937 4722 1137 4792 ἔφησεν
1188 4725 1657 4796 ὑποταχθησεσθαι
1698 4727 1778 4797 τῷ

207 4806 329 4879 Υἱῷ
360 4808 449 4863 διὰ
481 4808 576 4862 τοῦ
606 4811 814 4881 Πατρὺς
833 4812 899 4865 τά
920 4814 1115 4877 πάντα,
1148 4816 1234 4869 ἵνα
1274 4816 1347 4887 μὴ
1373 4816 1470 4887 τῆς
1500 4818 1780 4885 ἁπάντων,

205 4902 533 4973 κυριότητος
571 4902 675 4968 ἔξω
711 4904 949 4973 γεγονὼς
1001 4907 1030 4958 6
1067 4907 1253 4978 Πατὴρ
1304 4909 1671 4981 ὑποπτεὺηται
1702 4911 1779 4977 ὼς

208 4994 585 5063 κρατήσαντος
618 4995 795 5049 αὑτῶν
832 4996 925 5049 τοῦ
954 4997 1103 5062 Υίοῦ,
1146 4999 1454 5066 ἀναγκαίως
1499 5002 1589 5053 τὸν
1639 5003 1776 5056 πάν-

154 5072 171 5095 “
204 5102 325 5138 των
361 5086 745 5157 κρατήσαντα,
795 5089 894 5142 οὑκ
942 5090 1312 5144 ἀνυπότακτον
1356 5093 1597 5165 εἰσφέρει
1641 5095 1776 5165 πρὸς

207 5178 306 5231 τὸν
332 5179 568 5251 Πατέρα,
598 5182 686 5235 ἴνα
707 5180 806 5247 τῆς
839 5182 1055 5236 πάντων
1086 5184 1400 5254 κυριότητος
1429 5186 1487 5238 τὸ
1527 5188 1635 5240 πᾶν
1666 5187 1779 5256 ἔχοι

211 5269 417 5340 κράτος
454 5273 483 5325 6
510 5272 719 5343 Πατὴρ,
753 5274 1180 5344 συμμετέχοντος
1227 5276 1374 5345 αὑτῴ
1420 5277 1659 5344 φυσικῶς
1686 5278 1779 5331 τοῦ

213 5362 371 5425 Υἱοῦ,
401 5363 537 5416 καθὸ
568 5365 664 5433 μία
696 5366 883 5436 θεότης
909 5369 940 5438 ἡ
966 5366 1338 5436 βασιλεύουσα,
1362 5370 1548 5439 Πατὴρ
1568 5369 1633 5421 δι’
1653 5369 1782 5424 Υἱοῦ

212 5455 318 5507 σὺν
355 5456 495 5527 ἁγίῳ
524 5457 817 5528 Πνεύματι.

910 5576 1107 5627 ΛΛΛο.

298 5684 359 5737 Et
394 5684 453 5739 τὸ
482 5685 581 5754 τῆς
619 5686 894 5755 ὑποταγῆς
940 5687 1107 5757 ὄνομα
1142 5690 1236 5757 τῆς
1266 5690 1394 5759 πρὸς
1444 5690 1531 5743 τὸν
1566 5689 1781 5759 Πατέρα

299 5841 339 5870 “
375 5838 509 5897 Gen.
549 5857 587 5909 ι,
620 5842 705 5897 26.
788 5845 825 5907 υ
862 5842 1018 5898 Joan.
1063 5862 1099 5913 ι,
1139 5847 1187 5897 5.

1884 4628 2172 4697 Postquam
2203 4627 2345 4682 enim
2369 4627 2522 4691 dixit,
2554 4626 2880 4695 subiicienda
2911 4640 3028 4681 esse
3056 4626 3191 4684 Filio
3222 4643 3314 4698 per
3342 4629 3444 4683 Pa-

1886 4732 2020 4774 trem
2052 4719 2252 4783 omnia,
2295 4732 2362 4772 ne
2402 4733 2432 4771 a
2483 4718 2719 4772 dominio
2757 4718 2996 4772 omnium
3053 4734 3229 4773 rerum
3285 4718 3446 4774 Pater

1884 4811 2094 4867 excludi
2126 4811 2391 4875 videatur,
2426 4818 2610 4879 utpote
2657 4818 2971 4878 potestatem
3014 4810 3064 4862 in
3092 4825 3152 4863 ea
3195 4811 3446 4865 habituro

1883 4904 2041 4971 Filio,
2074 4903 2377 4959 necessario
2403 4903 2642 4957 omnium
2696 4902 2973 4956 Dominum
3008 4902 3343 4957 obedientem
3383 4919 3447 4955 ac.

1886 4998 2182 5065 subiectum
2222 4996 2367 5051 Patri
2411 4997 2638 5059 inducit,
2686 5004 2741 5048 ut
2788 4995 3170 5049 dominationis
3204 4996 3445 5048 omnium

1888 5107 2069 5146 rerum
2101 5091 2406 5145 universam
2434 5098 2752 5158 potestatem
2788 5089 2981 5143 habeat
3016 5089 3193 5149 Pater,
3229 5088 3447 5157 partici-

1886 5195 2049 5253 pante
2084 5184 2179 5253 ipsi
2206 5182 2523 5235 naturaliter
2561 5181 2721 5244 Filio,
2752 5192 3019 5249 quatenus
3050 5197 3153 5234 una
3191 5182 3446 5236 divinitas

1891 5285 2096 5346 regnat,
2117 5274 2274 5329 Pater
2301 5289 2393 5343 per
2418 5272 2607 5327 Filium
2637 5274 2687 5326 in
2721 5274 2922 5340 Spiritu
2956 5283 3163 5328 sancto.

2562 5553 2783 5609 ALIUD.

1964 5686 2020 5740 Si
2063 5695 2254 5739 nomen
2293 5672 2641 5745 subiectionis
2674 5669 2865 5725 Filium
2900 5683 2965 5723 an
2995 5664 3299 5734 aequalitate
3328 5676 3446 5717 cum
