3878 6208
361 389 466 454 453

1343 384 1400 439 S.
1443 382 1717 440 CYRILIJ
1755 375 2220 438 ALEXANDRINI
2258 377 2576 434 ARCHIEP.

3486 376 3601 445 ιω

365 505 523 560 Patre
550 502 805 567 excludit,
836 501 1211 570 tempestivum
1238 501 1364 565 erit,
1391 510 1449 555 ut
1473 500 1690 564 dicatis,
1718 514 1815 554 vos
1842 495 1931 569 qui

2055 499 2281 569 0611110;
2332 495 2582 551 ἐκϐάλλει
2612 495 2701 548 τὸν
2730 495 2879 562 Υιὸν,
2922 493 3039 566 ὥρα
3080 493 3258 562 λέγειν
3315 493 3477 562 ὑμᾶς,
3508 487 3599 558 οἷς

366 597 497 652 nihil
536 612 638 651 non
677 595 884 650 audetis
926 595 1107 649 dicere
1145 594 1286 663 quod
1326 594 1377 647 in
1412 593 1660 662 praesenti
1693 601 1931 660 tempore

365 686 529 741 Pater
557 686 625 739 sit
647 685 822 739 minor
849 682 1009 749 Filio,
1046 682 1394 751 subiectionis
1418 683 1576 737 modo
1607 681 1929 744 inserviens,

365 786 420 829 et
448 777 631 831 dicens
660 776 726 829 ad
770 773 964 829 Filium
1001 773 1164 849 256
1191 788 1207 828 :
1240 792 1260 826 ι
1295 773 1435 829 Sede
1480 788 1510 828 a
1543 774 1748 832 dextris
1778 774 1931 836 meis,

368 870 537 921 donec
571 881 764 936 ponam
805 867 1058 922 inimicos
1098 876 1219 922 tuos
1258 866 1547 921 scabellum
1590 865 1781 936 pedum
1813 875 1933 920 tuo-

367 973 486 1010 rum
525 957 589 1011 ’³.
627 976 645 1009 ι
686 955 744 1011 Si
773 972 903 1011 vero
938 955 1097 1011 Pater
1134 956 1371 1011 omnium
1392 956 1722 1027 subjectione
1763 958 1935 1011 inser-

367 1049 518 1102 viens
540 1048 697 1119 Filio,
725 1063 832 1103 non
859 1047 1059 1103 idcirco
1093 1047 1272 1111 minor
1312 1057 1439 1103 est:
1478 1061 1608 1116 ergo
1633 1061 1732 1103 nec
1768 1046 1936 1121 Filius

368 1139 473 1193 erit
497 1139 673 1201 minor
693 1138 871 1201 Patre,
900 1138 1113 1193 tametsi
1135 1139 1183 1193 ei
1210 1139 1281 1193 sit
1313 1139 1607 1209 subjectus.
1639 1138 1769 1192 Nam
1794 1137 1936 1208 quod

369 1229 654 1299 Paterjam
688 1231 880 1305 fecisse
911 1231 1057 1285 visus
1083 1239 1186 1305 est,
1222 1231 1273 1285 id
1297 1231 1692 1305 quodammodo
1724 1245 1751 1283 a
1781 1228 1933 1300 Filio,

369 1325 416 1396 ei
451 1324 778 1392 rependitur.

1048 1520 1274 1585 ALIUD.

444 1631 544 1697 Qui
573 1630 735 1692 etiam
767 1646 909 1688 nunc
947 1628 1225 1700 subjectus
1256 1636 1341 1684 est
1376 1627 1546 1693 Patri,
1584 1629 1854 1698 quomodo
1886 1626 1939 1680 in

376 1722 580 1786 ultimis
629 1720 980 1791 temporibus,
1030 1729 1122 1774 aut
1179 1722 1356 1791 potius
1405 1720 1458 1776 in
1515 1719 1699 1775 futuro
1746 1718 1941 1773 saeculo

2032 589 2178 642 οὐδὲν
2200 588 2497 658 άτόλμητον
2524 587 2717 651 εἰπεῖν,
2740 587 2928 657 ὅτιπερ
2947 585 3183 639 ἐλάττων
3204 584 3316 637 ἐστὶ
3342 584 3481 637 κατὰ
3501 584 3599 636 τὸν

2033 681 2276 752 παρόντα
2310 680 2498 751 καιρὸν
2525 681 2553 733 6
2578 679 2766 750 Πατήρ
2792 677 2885 731 τοῦ
2916 676 3047 731 Υίοῦ
3089 674 3165 747 τῷ
3186 675 3285 747 τῆς
3318 675 3597 743 ὑποταγῆς

2032 772 2444 843 διακονούμενος
2473 772 2682 844 τρόπῳ,
2722 772 2818 824 καὶ
2846 770 3018 839 λέγων
3043 769 3178 841 πρὸς
3206 768 3387 821 αὑτόνο
3428 786 3446 818 ι
3476 766 3599 819 Ka-

2037 867 2127 921 θου
2154 867 2217 919 ὲκ
2240 865 2426 933 δεξιῶν
2461 882 2584 935 μου,
2616 864 2721 929 ἓως
2752 864 2818 918 ἂν
2846 862 2925 916 θῶ
2950 861 3075 925 τοὺς
3101 860 3323 931 ἐχθρούς
3350 875 3443 911 σου
3467 858 3603 911 ὑπο-

2034 959 2215 1012 πόδιον
2247 957 2354 1011 τῶν
2388 956 2564 1010 ποδῶν
2621 973 2735 1010 σου.
2778 974 2796 1007 ι
2829 956 2893 1008 Εἰ
2925 954 2983 1007 δὲ
3023 956 3089 1025 τῇ
3149 954 3284 1025 πρὸς
3342 952 3430 1005 τὸν
3470 950 3603 1002 Υίὸν

2035 1048 2140 1102 τῶν
2170 1049 2383 1103 πάντων
2408 1048 2649 1117 ὑποταγῇ
2677 1044 3087 1115 διακονούμενος
3122 1046 3150 1097 6
3175 1042 3383 1113 Πατὴρ,
3418 1042 3480 1095 οὑ
3511 1040 3606 1093 διὰ

2035 1139 2191 1209 τοῦτο
2230 1138 2462 1192 ἐλάττων
2496 1139 2663 1202 ἐστὶν,
2696 1137 2815 1190 οὑδὲ
2846 1138 2875 1189 6
2902 1134 3028 1198 Υἱὸς
3064 1135 3297 1195 ἐλάττων
3334 1129 3605 1185 ἐσταιτοῦ

2036 1229 2268 1303 Πατρὸς,
2306 1228 2393 1297 διὰ
2445 1228 2542 1300 τὴν
2576 1227 2874 1299 ὑποταγήν.
2910 1227 3087 1298 Ὅπερ
3124 1226 3229 1296 γὰρ
3255 1225 3352 1296 ήδη
3389 1223 3607 1294 φθάσας

2040 1323 2334 1393 πεποίηκεν
2363 1323 2390 1374 ὁ
2411 1320 2619 1390 Πατὴρ,
2639 1318 2794 1381 τοῦτο
2819 1318 2967 1389 παρὰ
2991 1317 3085 1373 τοῦ
3102 1316 3231 1370 Υίοῦ
3257 1316 3455 1390 τρόπον
3478 1313 3610 1369 τινὰ

2039 1415 2133 1485 καὶ
2163 1412 2323 1476 αὑτὸς
2351 1412 2778 1483 ἀντικομίζεται.

2723 1527 2928 1580 ΑΑΛΟ.

2121 1644 2179 1697 ’0
2201 1644 2295 1697 καὶ
2317 1642 2410 1696 νῦν
2439 1640 2870 1712 ὑποτεταγμένος
2892 1639 2972 1713 τῷ
3002 1641 3195 1713 Πατρὶ,
3220 1639 3335 1704 πῶς
3361 1641 3420 1693 ὲν
3450 1639 3612 1692 ὑστέ-

2043 1754 2156 1808 ροις
2185 1736 2415 1806 καιροῖς,
2448 1733 2644 1806 μᾶλλον
2671 1734 2727 1787 δὲ
2753 1733 2895 1788 κατά
2919 1733 3010 1787 τὸν
3036 1732 3208 1787 αἰῶνα
3234 1731 3324 1785 τὸν
3348 1729 3612 1801 μέλλοντα

377 1811 745 1880 subjiciendus
778 1811 1017 1865 dicitur?
1046 1809 1327 1877 Quomodo
1350 1811 1494 1867 enim
1528 1824 1635 1864 non
1664 1809 1736 1863 sit
1760 1807 1937 1875 subje-

2055 1825 2509 1897 irtovaxeﬁcsaliat
2540 1824 2789 1893 λέγεται;
2833 1825 2903 1877 Ἢ
2954 1823 3062 1891 γὰρ
3110 1822 3206 1892 οὑχ
3243 1820 3611 1874 ὑποτέτακται

377 1914 498 1965 ctus
542 1919 703 1967 nunc,
749 1904 840 1972 qui
891 1903 1071 1959 Patris
1104 1904 1433 1959 voluntatem
1486 1901 1694 1971 implet,
1743 1901 1941 1971 quique

378 1994 680 2057 humiliavit
711 1996 968 2064 seipsum,
996 1996 1139 2051 sicut
1164 1995 1430 2065 scriptum
1465 2002 1548 2049 est
1586 1994 1650 2058 “,
1679 2002 1733 2048 et
1770 1991 1942 2047 servi-

376 2086 481 2145 lem
532 2086 772 2141 habitum
822 2102 886 2142 ac
942 2087 1169 2141 formam
1220 2078 1544 2156 assumpsit,
1609 2095 1668 2140 ut
1727 2085 1945 2154 impleat

378 2194 512 2251 opus
539 2178 728 2246 ipsius,
747 2179 1196 2246 quemadmodum
1230 2181 1344 2249 ipse
1374 2177 1621 2248 inquit“‘
1644 2177 1943 2233 iCaeterum

379 2271 616 2339 arbitror
660 2270 760 2323 hoc
792 2271 1042 2325 omnibus
1087 2270 1436 2325 manifestum
1483 2283 1623 2335 esse,
1667 2278 1827 2339 atque
1873 2267 1944 2322 ita

380 2361 597 2430 quidem
630 2375 688 2415 se
717 2359 917 2415 habere
949 2376 1014 2415 ex
1040 2361 1151 2430 ipsa
1186 2374 1365 2416 rerum
1400 2360 1811 2429 investigatione
1852 2359 1947 2414 de-

380 2452 747 2521 prehenditur.
775 2451 1052 2518 Quomodo
1079 2453 1242 2527 igitur
1259 2467 1379 2508 eum
1427 2468 1519 2523 qui
1538 2452 1651 2523 jam
1676 2451 1950 2521 subjectus

379 2555 484 2609 cst,
520 2545 736 2599 divinus
764 2536 959 2600 Paulus
997 2546 1049 2599 in
1077 2545 1259 2623 futuro
1301 2546 1498 2601 saeculo
1540 2545 1837 2615 subjectum
1881 2544 1948 2597 iri

380 2638 609 2693 statuit?
670 2637 881 2692 Dictum
952 2638 1137 2721 itaque
1209 2637 1492 2725 diligenter
1566 2638 1949 2707 pervestigent.

383 2749 404 2780 ι
445 2730 691 2797 Quando,
731 2730 927 2798 inquit,
961 2730 1203 2809 subjecta
1244 2728 1323 2782 illi
1366 2738 1525 2784 erunt
1570 2728 1775 2795 omnia,
1825 2738 1951 2782 tunc

381 2816 541 2874 etiam
577 2825 690 2890 ipse
714 2822 881 2877 Filius
910 2821 1229 2892 subjicietur
1282 2820 1356 2898 ei,
1386 2821 1477 2890 qui
1506 2821 1734 2906 subjecit
1762 2821 1810 2875 ei
1833 2835 1952 2874 οιιι-

382 2915 494 2976 nia,
517 2923 576 2967 ut
605 2915 676 2969 sit
706 2915 846 2969 Deus
873 2913 1053 2969 omnia
1082 2913 1135 2967 in
1161 2913 1428 2968 omnibus.
1463 2930 1482 2964 ›
1511 2911 1765 2979 Quaenam
1790 2910 1953 2985 igitur

383 3007 549 3077 hujus
576 3006 706 3061 dicti
732 3015 816 3075 est
847 3006 1163 3083 sententia?
1192 3003 1477 3072 Subjectus
1504 2994 1587 3059 est
1609 3004 1771 3059 etiam
1812 3017 1953 3058 nunc

383 3101 639 3176 Christus
668 3100 838 3166 Patri,
872 3114 978 3156 non
1008 3108 1184 3155 tamen
1207 3114 1307 3170 pro
1330 3098 1605 3163 omnibus,
1634 3097 1729 3155 sed
1757 3112 1854 3167 pro
1884 3096 1952 3152 iis

385 3170 516 3247 solis
563 3191 655 3262 qui
687 3178 1034 3247 crediderunt
1075 3190 1129 3244 in
1182 3188 1378 3269 ipsum,
1426 3199 1482 3246 et
1530 3204 1626 3259 pro
1672 3189 1739 3244 iis
1786 3170 2023 3244 velutiC

385 3300 583 3356 agnum
608 3284 1012 3340 immaculatum
1036 3281 1229 3360 obtulit
1257 3283 1495 3355 seipsum
1522 3280 1668 3338 Patri
1694 3302 1707 3337 :
1734 3296 1947 3352 crucem

386 3388 442 3433 et
488 3378 836 3448 ignominiam
882 3378 1068 3433 subire
1102 3392 1210 3432 non
1259 3376 1586 3449 detrectans,
1635 3385 1695 3429 ut
1740 3390 1837 3430 nos
1884 3373 1953 3429 ab

386 3471 531 3523 omni
564 3477 783 3538 peccato
815 3468 1073 3523 liberatos
1110 3477 1272 3537 atque
1303 3464 1680 3533 immaculatos
1706 3463 1950 3520 Creatori

386 3560 543 3614 sistat
571 3560 791 3615 “.‘Cum
823 3560 1006 3638 igitur,
1024 3559 1170 3623 omni
1202 3571 1388 3613 errore
1415 3556 1951 3622 sublato,universus

385 3652 535 3719 orbis
564 3661 835 3707 terrarum
879 3665 1065 3727 verum
1103 3650 1269 3703 Deum
1311 3649 1645 3725 cognoverit,
1678 3657 1734 3703 et
1773 3662 1951 3718 regem

386 3760 450 3799 ac
480 3743 763 3820 Dominum
793 3743 1073 3799 confessus
1098 3742 1260 3797 fuerit
1289 3742 1587 3809 Christum,
1620 3741 1953 3798 salutaribus

387 3838 558 3905 ipsius
589 3838 874 3906 praeceptis
923 3839 1328 3916 obtemperans,
1363 3848 1472 3890 tum
1500 3836 1737 3911 demum,
1773 3845 1956 3903 utpote

388 3929 638 3982 omnibus
688 3925 965 4003 subjectis,
1016 3943 1113 3996 pro
1141 3926 1393 3982 omnibus
1434 3923 1773 3995 subjicietur,
1818 3923 1957 3977 Deus

389 4030 442 4074 et
479 4019 737 4074 Dominus
776 4034 841 4072 ac
863 4017 1103 4087 pontifex
1137 4016 1380 4091 omnium
1408 4015 1732 4090 declaratus,
1775 4030 1838 4070 ac
1865 4030 1958 4085 per

390 4126 449 4164 se
482 4109 730 4163 oumibus
774 4109 827 4163 id
874 4108 1130 4178 largiens,
1167 4117 1226 4162 ut
1265 4107 1321 4161 in
1365 4122 1423 4163 se
1458 4107 1633 4177 Patris
1672 4106 1959 4176 participes

390 4216 512 4256 esse
546 4203 771 4270 possint.
814 4200 947 4256 Nam
983 4201 1059 4254 ita
1085 4200 1188 4267 erit
1220 4201 1361 4255 Deus
1389 4200 1568 4253 omnia
1602 4199 1655 4267 in
1689 4198 1957 4262 omnibus,

391 4295 644 4348 nimirum
675 4309 769 4363 per
809 4293 1007 4348 Filium
1042 4293 1389 4347 mediatorem
1427 4292 1480 4346 in
1518 4290 1768 4367 omnibus
1802 4291 1953 4357 inha-

392 4387 587 4451 bitaus,
618 4396 671 4441 et
692 4384 913 4457 singulis
940 4400 1128 4442 eorum
1156 4384 1247 4455 qui
1272 4383 1449 4449 vocati
1474 4391 1620 4450 sunt,
1646 4384 1711 4440 ad
1733 4382 1961 4451 salutem
2015 4381 2029 4407 ’

1996 4522 2041 4578 Β
2066 4487 2279 4565 τηρίαν,

393 4492 512 4539 sese
543 4477 889 4546 permiscens.

1067 4590 1296 4648 ALIUD.

466 4705 910 4761 Animadvertant
938 4704 1010 4773 pii
1044 4705 1311 4758 dictorum
1342 4704 1472 4767 vim,
1505 4712 1670 4772 atque
1712 4709 1965 4761 accurate

398 4794 572 4863 ipsum
602 4796 865 4849 orationis
895 4810 1111 4850 sensum
1145 4794 1470 4863 investigent
1505 4811 1519 4847 :
1554 4794 1658 4849 hac
1686 4794 1831 4848 enim
1870 4807 1960 4848 ra-

402 4889 544 4940 tione
570 4886 725 4940 facile
754 4885 1070 4948 ignorantia:
1093 4884 1293 4939 malum
1311 4884 1671 4954 superabitur.
1695 4883 1787 4938 Ait
1804 4884 1967 4953 igitur

399 4979 625 5047 Paulus:
665 4997 683 5029 (
708 4976 932 5043 Quando
961 4976 1198 5045 subjecta
1225 4977 1272 5029 ei
1304 4974 1505 5031 fuerint
1528 4975 1730 5041 omnia,
1761 4985 1887 5030 tunc
1913 4983 1970 5028 et

400 5073 567 5137 Filius
601 5069 917 5139 subjicietur
948 5071 1018 5133 ei,
1052 5070 1212 5140 257
1243 5069 1331 5138 qui
1367 5068 1548 5124 omnia
1581 5068 1679 5138 ipsi
1717 5068 1965 5139 subjecit,

401 5180 453 5229 ut
488 5167 558 5220 sit
587 5166 846 5220 Dominus
877 5166 1055 5223 omnia
1085 5166 1134 5219 in
1160 5167 1463 5221 omnibus.)
1489 5164 1728 5221 Primum
1753 5166 1965 5236 quidem

401 5262 692 5326 ultscrvatu
746 5258 966 5328 dignum
1012 5258 1183 5315 estin
1236 5258 1448 5327 qualem
1484 5272 1704 5314 sensum
1746 5258 1970 5313 desierit

402 5350 549 5404 Pauli
598 5352 823 5407 dictum.
860 5349 973 5405 Non
1007 5350 1152 5407 enim
1187 5351 1321 5405 dixit
1349 5351 1647 5421 subjectum
1680 5351 1745 5405 iri
1772 5350 1968 5406 Filium

404 5441 571 5515 Patri,
603 5453 661 5499 ut
687 5445 863 5499 minor
906 5444 1023 5514 ipso
1055 5443 1349 5499 secundum
1381 5443 1674 5499 essentiam
1712 5444 1835 5509 ﬁat;
1874 5442 1969 5498 sed

406 5544 463 5583 ut
497 5518 637 5587 Deus
675 5536 748 5589 sit
776 5536 956 5589 omnia
994 5536 1045 5587 in
1074 5538 1343 5591 omnibus.
1375 5534 1536 5590 Vides
1559 5550 1666 5604 quo
1700 5545 1856 5605 pacto
1885 5533 1970 5589 iu—

408 5623 511 5696 [urt
551 5626 927 5681 inctliationem
970 5625 1088 5701 Filii
1123 5628 1263 5697 inter
1297 5644 1394 5700 nos
1428 5634 1482 5683 et
1503 5626 1766 5684 Patrem?
1801 5627 1971 5683 Simul

2043 1918 2136 1970 καὶ
2166 1916 2259 1969 νῦν
2287 1914 2381 1968 τοῦ
2413 1914 2625 1984 Πατρὸς
2651 1913 2888 1980 ἐξανύων
2906 1913 2967 1967 τὸ
2987 1913 3196 1983 θέλημα
3226 1912 3320 1966 καί
3341 1910 3615 1964 ταπεινώ-

2044 2025 2142 2071 σας
2162 2008 2371 2074 ἑαυτὸν,
2397 2006 2537 2061 καθὰ
2565 2007 2889 2078 γέγραπται,
2936 2005 3176 2059 δουλικὸν
3206 2004 3262 2057 δὲ
3305 2004 3489 2075 σχῆμα
3515 2004 3617 2056 καὶ

2047 2098 2258 2170 μορφὴν
2315 2096 2621 2163 ἀναλαϐὼν,
2682 2098 2769 2151 ἵνα
2820 2096 3087 2169 πληρώσῃ
3110 2096 3171 2149 τὸ
3207 2094 3367 2165 ἔργον
3420 2093 3613 2165 αὑτοῦ,

2045 2190 2188 2245 καθά
2221 2207 2385 2261 φησιν
2411 2189 2603 2252 αὑτός;
2632 2189 2773 2243 Ἀλλ’
2796 2182 2946 2257 οἶμαι
2975 2185 3130 2239 τοῦτο
3154 2187 3317 2239 πᾶσιν
3347 2184 3618 2254 ὑπάρχειν

2045 2283 2371 2353 καταφανὲς,
2420 2281 2619 2352 ἀληθές
2653 2297 2714 2334 τε
2750 2280 2810 2333 δν
2831 2279 2920 2332 διὰ
2961 2279 3059 2347 τῆς
3102 2277 3212 2330 τῶν
3269 2277 3619 2347 πραγμάτων

2045 2375 2272 2449 ἐρεύνης
2299 2375 2630 2447 εὑρίσκεται.
2655 2374 2781 2438 Πῶς
2807 2368 2901 2427 οὖν
2922 2372 3014 2425 τὸν
3047 2371 3479 2440 ὑποτεταγμένον
3512 2368 3620 2439 ήδη

2046 2467 2121 2531 ὡς
2170 2467 2228 2530 ἐς
2276 2465 2499 2536 ὕστερον
2554 2463 3062 2535 ὑποταχθησόμενον
3098 2465 3127 2516 6
3169 2461 3453 2524 θεσπέσιος
3480 2461 3619 2530 ἡμῖν

2047 2559 2289 2627 εἰσφέρει
2339 2556 2549 2621 Παῦλος
2582 2573 2597 2623 ;
2630 2556 2836 2610 Οὑκοῦν
2880 2554 3282 2623 ὲξεταζέτωσαν
3336 2553 3397 2606 τὸ
3451 2552 3623 2623 ῥητὸν

2047 2649 2309 2723 ἀκριὸῶς.
2345 2668 2363 2700 ι
2387 2650 2574 2713 Ὅταν,
2611 2648 2795 2717 φησὶν,
2853 2648 3098 2717 ὑποταγῇ
3135 2643 3281 2713 αὑτῷ
3309 2644 3375 2697 τὰ
3405 2644 3620 2708 πάντα,

2048 2744 2167 2797 τότε
2198 2742 2292 2795 καὶ
2320 2740 2479 2805 αὐτὸς
2506 2742 2535 2794 ὁ
2582 2740 2708 2803 Υἱὸς
2749 2740 3150 2809 ὑποταγήσεται
3174 2738 3251 2809 τῷ
3290 2737 3623 2801 ὑποτάξαντι

2049 2836 2196 2907 αὑτῷ
2213 2836 2283 2890 τὰ
2311 2835 2507 2900 πάντα,
2537 2833 2623 2887 ἵνα
2708 2834 2736 2886 6
2764 2832 2898 2895 Θεὸς
2918 2830 2988 2884 τὰ
3008 2832 3184 2885 πάντα
3207 2832 3265 2883 ἐν
3288 2832 3399 2894 τοῖς
3425 2831 3580 2882 πᾶσι.
3596 2847 3616 2882 ι

2049 2931 2115 2994 Τί
2142 2925 2233 2983 οὖν
2268 2930 2413 2982 ἐστιν
2445 2928 2474 2983 ὃ
2500 2925 2748 2997 βούλεται
2766 2925 2981 2993 λέγειν;
3008 2923 3371 2977 ὑποτέτακται
3401 2921 3495 2974 καί
3524 2918 3625 2973 νῦν

2049 3023 2078 3075 6
2097 3021 2330 3093 Χριστὸς
2356 3020 2435 3092 τῷ
2493 3020 2689 3091 Πατρὶ,
2739 3018 2837 3089 οὑχ
2886 3017 3025 3088 ὑπὲρ
3058 3017 3297 3079 πάντων,
3328 3014 3442 3069 ἀλλ’
3469 3014 3621 3085 ὑπὲρ

2056 3113 2229 3184 μόνων
2255 3112 2363 3166 τῶν
2392 3111 2830 3176 πεπιστευκότων
2858 3111 2938 3173 εἰς
2997 3110 3180 3163 αὐτόν’
3217 3108 3311 3162 καὶ
3350 3106 3491 3177 ὑπὲρ
3519 3106 3624 3159 αὑε

2051 3204 2159 3258 τῶν
2210 3205 2285 3267 ὡς
2343 3203 2514 3274 ἀμνὸν
2552 3203 2777 3271 ἄμωμον
2808 3200 2997 3264 ἑαυτὸν
3027 3199 3371 3270 προσήνεγκε
3404 3194 3481 3266 τῷ
3508 3196 3627 3248 Πα-

2048 3297 2160 3369 τρί,
2197 3295 2429 3369 σταυροῦ
2456 3296 2548 3355 καὶ
2577 3293 2838 3365 αἰσχύνης
2866 3291 3300 3362 καταφρονήσας,
3329 3290 3414 3343 ἵνα
3442 3288 3627 3359 πάσης

2051 3386 2321 3458 ἁμαρτίας
2353 3383 2741 3456 ἐλευθερώσας,
2762 3382 3031 3452 καθαροὺς
3046 3380 3142 3434 καὶ
3167 3378 3425 3443 ἀσπίλους
3451 3395 3628 3449 προσ-

2053 3479 2234 3550 αγάγῃ
2280 3477 2357 3548 τῷ
2411 3475 2754 3546 πεποιηκότι.
2822 3475 2987 3529 Ὅταν
3015 3467 3108 3525 οὖν
3146 3471 3326 3540 πάσης
3381 3468 3630 3523 ἐκποδὼν

2052 3570 2349 3641 γενομένης
2378 3568 2586 3639 πλάνης
2637 3567 2686 3621 oi
2721 3566 2864 3619 κατά
2893 3565 3072 3618 πᾶσαν
3109 3562 3208 3632 τὴν
3264 3562 3351 3630 ὑφ’
3378 3559 3513 3631 ήλίῳ
3534 3559 3631 3613 τὸν

2052 3646 2303 3732 ἀληθινὸν
2358 3661 2627 3729 ὲπιγνοῖεν
2686 3657 2839 3723 Θεὸν,
2875 3657 2969 3711 καὶ
3024 3653 3248 3725 βασιλέα
3290 3652 3384 3706 καὶ
3421 3650 3631 3723 Κύριον

2052 3755 2426 3827 ὁμολογήσωσι
2451 3752 2541 3805 τὸν
2568 3750 2800 3821 Χριστὸν
2833 3750 2945 3810 τοῖς
2977 3745 3263 3815 σωτηρίοις
3314 3743 3478 3798 αὑτοῦ
3514 3744 3633 3795 ἐπι-

2053 3848 2326 3919 τάγμασιν
2382 3842 2831 3913 ὑποτασσόμενοι,
2870 3839 2990 3893 τότε
3024 3837 3110 3909 δὴ,
3142 3837 3261 3889 τότε
3286 3835 3361 3898 ὡς
3407 3834 3633 3887 πάντων

2057 3936 2526 4007 ὑποτεταγμένων,
2565 3933 2704 4004 ὑπὲρ
2754 3933 2972 3986 πάντων
3002 3928 3460 3999 ὑποταχθήσεται,
3495 3926 3635 3989 Θεὸς

2057 4030 2152 4085 καὶ
2177 4028 2378 4099 Κύριος
2400 4026 2494 4078 καὶ
2522 4023 2811 4096 ἀρχιερεὺς
2846 4022 3065 4076 πάντων
3093 4018 3500 4090 εὑρισκόμενος,
3534 4019 3636 4073 καὶ

2057 4122 2122 4176 δι’
2155 4118 2349 4175 ἑαυτοῦ
2384 4121 2493 4181 τοῖς
2524 4118 2657 4170 πᾶσι
2685 4115 2859 4178 διδοὺς
2887 4114 2950 4168 τὸ
2978 4112 3225 4184 μετέχειν
3249 4110 3505 4164 δύνασθαι
3532 4108 3633 4162 τοῦ

2050 4216 2118 4283 ⁸ἐν
2143 4210 2291 4282 αὑτῷ
2317 4209 2548 4280 Πατρός.
2577 4206 2733 4264 υὺτω
2753 4206 2861 4278 γὰρ
2888 4205 2945 4259 ὲν
2980 4205 3145 4260 πᾶσιν
3173 4203 3324 4256 ἔσται
3354 4201 3425 4254 τὰ
3450 4200 3639 4254 πάντα

2062 4305 2228 4369 Θεὸς,
2267 4302 2335 4357 δι’
2374 4300 2507 4357 Υίοῦ
2538 4300 2758 4371 μεσίτου
2813 4300 2929 4361 τοῖς
2982 4299 3148 4359 πᾶσιν
3206 4293 3635 4365 ὲνοικιζόμενος,

2063 4395 2158 4449 καὶ
2204 4393 2398 4466 χωρῶν
2437 4393 2517 4459 εἰς
2565 4391 2793 4445 ἕκαστον
2836 4389 2945 4444 τῶν
2991 4386 3344 4459 κεκλημένων
3385 4386 3465 4448 εἰς
3528 4402 3639 4439 σω-

2740 4595 2945 4649 ΑΛΛΟ.

2138 4710 2416 4765 Σκοπείτω
2443 4709 2550 4772 πᾶς
2592 4705 2818 4775 εὐσεϐής
2845 4704 2952 4758 τῶν
3010 4702 3315 4774 εἰρημένων
3343 4703 3440 4773 τὴν
3471 4701 3638 4756 δύνα-

2071 4822 2183 4876 μιν,
2205 4804 2296 4857 καὶ
2316 4799 2759 4874 περιεργαζέσθω
2785 4798 2969 4867 σαφῶς
3000 4796 3097 4867 τὴν
3118 4794 3514 4866 ἀκριϐεστάτην
3541 4796 3639 4848 τοῦ

2069 4880 2233 4967 ῥητοῦ
2280 4894 2535 4949 διάνοιαν*
2570 4891 2770 4962 τρόπον
2815 4889 2923 4961 γάρ
2943 4906 3063 4943 τινα
3092 4888 3151 4941 τὸ
3180 4887 3239 4952 ἐξ
3266 4888 3499 4959 ἀμαθίας
3523 4887 3640 4942 δια⁹

2074 4985 2301 5057 ϐήσεται
2333 4982 2520 5037 κακόν.
2549 4982 2686 5052 Φησὶ
2710 4978 2996 5050 τοιγαροῦν
3019 4981 3047 5032 6
3064 4976 3273 5041 Παῦλος
3296 4978 3399 5041 ὅτι,
3431 4997 3449 5028 ι
3472 4978 3643 5031 Ὅταν

2072 5080 2130 5134 δὲ
2161 5078 2404 5149 ὑποταγῇ
2444 5076 2591 5147 αὑτῷ
2614 5076 2684 5129 τὰ
2709 5075 2907 5139 πάντα,
2933 5074 3055 5129 τότε
3087 5074 3181 5126 καὶ
3230 5072 3389 5135 αὑτὸς
3428 5073 3456 5125 6
3507 5072 3643 5137 Υἱὸς

2077 5171 2480 5241 ὑποταγήσεται
2508 5167 2586 5239 τῷ
2624 5167 2950 5233 ὑποτάξαντι
3012 5165 3160 5235 αὑτῷ
3203 5164 3271 5219 τὰ
3321 5164 3520 5227 πάντα,
3554 5164 3646 5217 ἵνα

2073 5260 2108 5335 ᾗ
2137 5263 2166 5315 6
2195 5261 2328 5325 Θεὸς
2348 5259 2416 5314 τὰ
2445 5260 2619 5314 πάντα
2640 5259 2698 5313 ἐν
2728 5260 2881 5313 πᾶσι.
2915 5276 2933 5308 ›
2970 5257 3192 5329 Πρῶτον
3225 5256 3325 5328 μὲν
3353 5256 3498 5322 ἄξιον
3522 5258 3645 5309 ἑπι-

2071 5355 2257 5424 τηρεῖν
2295 5353 2375 5416 εἰς
2405 5351 2566 5404 ποίαν
2611 5349 2877 5421 κατέληξε
2922 5349 3160 5404 διάνοιαν
3208 5351 3243 5419 ή
3298 5349 3390 5402 τοῦ
3426 5348 3644 5402 Παύλου

2073 5443 2245 5515 φωνή.
2276 5442 2351 5496 Οὑ
2394 5440 2502 5512 γὰρ
2549 5434 2698 5493 εἷπεν
2755 5440 3194 5511 ὑποταγήσεσθαι
3234 5440 3312 5511 τῷ
3348 5440 3521 5511 Πατρὶ
3550 5440 3645 5493 τὸν

2074 5534 2223 5600 Υίὸν,
2244 5534 2333 5589 ἵνα
2364 5532 2598 5587 ἐλάττων
2619 5531 2781 5585 αὑτοῦ
2832 5534 2950 5586 κατ’
2999 5532 3183 5585 οὑσίαν
3225 5533 3473 5603 γένηται,
3525 5531 3644 5585 ἀλλ’

2074 5625 2163 5687 ἵνα
2256 5625 2284 5679 6
2310 5623 2442 5686 Θεὸς
2470 5621 2539 5676 τὰ
2571 5623 2748 5679 πάντα
2800 5622 2857 5676 ἐν
2884 5622 3067 5677 πᾶσιν.
3112 5622 3271 5691 Ὁρᾷς
3308 5621 3389 5674 ὅτι
3418 5618 3517 5689 τὴν
3548 5635 3646 5689 με-

482 5802 523 5831 ¹³
555 5800 673 5874 Psal
725 5817 837 5875 CIX,
870 5803 916 5869 Ι,
946 5805 998 5881 2.
1080 5806 1118 5836 υ
1153 5803 1381 5879 Philipp.
1416 5820 1475 5870 ιι,
1525 5804 1573 5857 7.
1650 5803 1887 5860 “‘Juan.
1924 5822 1951 5873 ξ

2055 5851 2056 5859 χ
2090 5805 2139 5871 ιι.
2224 5803 2262 5837 ¹⁵
2294 5801 2563 5869 001055.],
2606 5803 2694 5861 2:2:
