3878 6208
204 344 300 400 «δδῖ

1594 326 2030 384 TIIESAURUS.

3319 321 3421 380 638

205 464 404 531 σιτειαν
428 459 664 530 εἰσφέρει
712 457 805 513 τοῦ
837 457 1007 526 Λόγου
1040 457 1137 527 τὴν
1165 456 1299 527 πρὸς
1347 457 1491 525 ἡμᾶς
1523 454 1597 517 ὡς
1630 452 1765 522 πρὸς

1887 451 2009 506 :nim
2056 463 2244 505 rursus
2287 449 2488 505 sanctis
2534 447 2726 510 aderit,
2772 454 2827 499 et
2868 444 3339 512 proportionaliter
3363 463 3425 501 se

202 559 287 608 τὸν
317 552 533 621 Πατέρα
556 567 570 615 ;
595 549 852 602 Συνέσται
881 549 987 622 γὰρ
1027 549 1187 603 πάλιν
1234 549 1345 610 τοῖς
1383 545 1591 614 ἁγίοις,
1626 543 1758 597 ἀνα-

202 644 368 713 λόγως
418 645 484 714 τῇ
520 624 748 695 ἑκάστου
790 641 970 712 χάριτι
1017 639 1266 711 χορηγῶν
1317 638 1526 702 ἑαυτὸν,
1574 636 1661 690 ἵνα
1692 634 1761 688 δι’

202 733 362 787 αὑτοῦ
388 731 599 803 μέτοχοι
631 731 870 799 γένοιντο
921 728 1015 783 τοῦ
1062 730 1293 800 Πατρός.
1328 729 1436 783 Καὶ
1466 722 1615 790 οὗτός
1646 729 1762 780 ἐστι

200 827 294 896 τῆς
327 824 603 892 ὑποταγῆς
646 824 675 876 6
706 822 937 893 τρόπος·
995 821 1232 875 διακονεῖ
1286 822 1394 892 γὰρ
1451 820 1637 891 ῶσπερ
1666 820 1762 889 τῆν

202 917 351 989 παρὰ.
378 915 590 985 Πατρὸς
626 914 891 983 εὐλογίαν,
939 914 1179 983 φυσικῶς
1210 914 1274 967 δι’
1306 913 1498 975 ἐαυτοῦ
1551 912 1765 984 μεταδι-

203 1012 321 1073 δοὺς
347 1014 459 1073 τοῖς
482 1013 562 1072 εἰς
590 1009 804 1063 αἰώνιον
836 1006 1191 1077 κεκλημένοις
1248 1005 1413 1074 ζωήν.
1447 1004 1558 1056 Οὑκ
1599 1004 1765 1069 ἀναγ-

204 1103 358 1169 κάσει
387 1102 443 1154 δέ
480 1100 636 1155 τοῦτο
660 1101 759 1170 τῆς
796 1098 1027 1169 φυσικῆς
1058 1097 1213 1161 ἀξίας
1245 1096 1349 1161 ἔξω
1392 1094 1641 1163 γενέσθαι
1673 1093 1766 1146 τὸν

204 1193 349 1245 Υἱόν·
380 1192 491 1246 ἀλλ’
524 1191 598 1245 ὢν
629 1192 722 1245 καὶ
756 1192 1009 1262 ὑπάρχων
1035 1189 1170 1259 ὅπερ
1193 1187 1357 1253 ἐστὶν,
1380 1188 1443 1255 τῇ
1467 1184 1598 1256 πρὸς
1622 1186 1766 1255 ἡμᾶς

205 1284 626 1351 συγκαταΰάσει,
673 1283 978 1353 διακονήσει
1032 1280 1123 1335 καὶ
1158 1279 1277 1333 τότε
1306 1277 1383 1348 τῷ
1415 1277 1609 1348 Πατρὶ,
1643 1294 1768 1347 χορ-

204 1377 352 1446 ηγῶν
384 1379 513 1447 ἡμῖν
534 1376 632 1446 τῆν
657 1377 782 1446 περὶ
830 1375 1077 1444 θεότητος
1107 1371 1307 1441 γνῶσιν
1331 1372 1405 1435 ὡς
1455 1368 1755 1441 μανθάνειν

202 1469 492 1539 δυνάμεθα.
518 1466 651 1523 Εἶτα
671 1470 887 1521 κάκεῖνο
909 1467 1043 1537 πρὸς
1063 1465 1272 1529 τούτοις
1295 1463 1583 1524 ἀκόλουθον
1606 1464 1767 1526 νοεῖν,

201 1558 392 1630 ὥσπερ
423 1560 567 1629 ἡμᾶς
596 1558 908 1615 ὑποτάττων
936 1557 963 1609 6
1014 1556 1200 1627 Πατὴρ
1229 1556 1305 1627 τῷ
1338 1554 1472 1625 Υἱῷ,
1519 1554 1618 1615 οὑκ
1646 1552 1779 1615 ἄλλο,

203 1669 253 1703 τι
286 1651 425 1704 κατὰ
475 1650 572 1720 τὴν
628 1648 815 1712 οὑσὶαν
868 1648 1181 1719 ἐργάζεται,
1235 1646 1355 1707 οὑδὲ
1410 1644 1586 1714 ἕτεροί
1617 1659 1765 1708 τινες

206 1744 346 1797 κατά
372 1741 657 1814 τὴνφύσιν
688 1740 775 1803 διὰ
799 1741 897 1811 τὴν
926 1739 1203 1807 ὑποταγὴν
1233 1734 1619 1809 εὑρισκόμεθα,
1639 1734 1769 1803 παρ’

204 1837 340 1904 ὅπερ
367 1834 666 1904 γεγόναμεν
699 1830 758 1896 ἐξ
784 1831 976 1900 ἀρχῆς,
1012 1828 1235 1901 γνώμης
1263 1828 1320 1881 δὲ
1377 1827 1643 1899 μεταϐολῇ
1674 1826 1767 1879 καὶ

203 1924 405 1994 τρόπου
434 1924 526 1977 καὶ
563 1923 814 1992 γνώσεως
837 1922 933 1993 τὴν
963 1921 1240 1991 ὑποταγὴν
1276 1917 1588 1990 ἐργάζεται,
1626 1916 1771 1970 οὑτω

204 2017 299 2071 καὶ
332 2019 359 2070 ὁ
386 2016 535 2081 Υἰδς,
555 2019 615 2071 οὑ
646 2018 743 2088 τῆς
768 2015 971 2081 οἰκείας
1016 2014 1228 2084 φύσεως
1246 2014 1371 2076 τοὺς
1399 2013 1556 2083 ὅρους
1584 2010 1770 2065 ἐκδαί-

203 2126 311 2170 νων
343 2108 431 2177 (οὑ
456 2109 564 2180 γὰρ
598 2107 703 2162 οἶδε
732 2107 1139 2179 μεταποιεῖσθαι
1167 2106 1371 2176 Θεὸς),
1410 2104 1771 2158 ὑποτάσσεται

202 2200 282 2269 τῷ
316 2200 509 2270 Πατρὶ,
529 2199 664 2266 ἀλλά
681 2217 765 2263 τις
792 2199 943 2256 ἔσται
968 2198 1166 2270 τρόπος
1195 2197 1514 2268 πράγματος
1542 2194 1633 2249 καὶ
1655 2196 1772 2247 κατ’

204 2293 383 2357 ἐκεῖνο
408 2290 599 2361 καιροῦ
628 2291 1058 2360 ὑποταττόμενον
1084 2288 1245 2342 αὑτὸν
1288 2286 1563 2349 δεικνύων,
1596 2286 1687 2338 καὶ
1716 2287 1773 2337 ἐν

201 2380 470 2451 θελήματι
531 2380 693 2452 μόνῳ,
722 2380 783 2434 οὑ
832 2380 1049 2442 πάντως
1094 2380 1153 2432 ἐν
1182 2378 1367 2441 οὑσίας
1404 2376 1671 2448 μεταϐολῖκ
1706 2377 1766 2429 τὸ

202 2477 306 2547 τῆς
336 2474 613 2545 ὑποταγῆς
644 2472 999 2544 εὑρεθήσεται
1033 2472 1288 2542 πρᾶγμα.

891 2588 1093 2640 ΑΛΛΟ.

274 2699 343 2752 Ei
384 2696 618 2751 ἐλάττων
664 2696 814 2751 ἔσται
868 2696 962 2749 τοῦ
1014 2696 1224 2768 Πατρὸς
1264 2696 1358 2750 καὶ
1421 2695 1561 2749 κατὰ
1617 2694 1795 2764 φύσιν

204 2790 295 2843 ἒτε
305 2807 394 2860 ρος
416 2792 443 2844 ό
458 2789 585 2851 Υἱὸς
610 2788 1043 2859 ὑποταττόμενος
1067 2787 1212 2858 αὑτῷ
1235 2786 1375 2841 κατὰ
1390 2787 1481 2840 τὸν
1498 2786 1781 2858 ὁρισθέντα

206 2881 402 2951 καιρὸν
433 2881 520 2934 διὰ
547 2881 644 2953 τῆς
664 2878 759 2933 τοῦ
792 2879 1002 2933 Παύλου
1042 2880 1224 2947 φωνῆς
1248 2921 1262 2945 ,
1310 2878 1461 2931 οὑπω
1494 2878 1552 2931 δέ
1592 2878 1780 2944 ὑποτέτ

205 2991 429 3038 τακται,
469 2973 579 3043 ἔχει
627 2971 722 3026 νῦν
749 2972 855 3043 ἄρα
906 2972 1040 3043 πρὸς
1064 2971 1225 3025 αὑτὸν
1256 2971 1354 3042 τὴν
1381 2971 1624 3041 ἰσότητα.
1671 2971 1783 3024 Καὶ

207 3065 333 3130 πῶς
364 3066 422 3119 τὸ
450 3066 544 3120 νῦν
572 3066 711 3120 κατὰ
738 3066 895 3137 φύσιν
924 3064 1035 3118 ἴσον
1063 3064 1139 3134 τῷ
1172 3063 1541 3135 γεγεννηκότι,
1568 3061 1783 3116 ἔλαττόν

206 3156 331 3209 ἐστι
351 3156 468 3209 κατ’
498 3157 671 3209 ἐκεῖνο
696 3131 886 3226 καιροῦ
906 3173 920 3221 ;
940 3155 1010 3207 Ἢ
1027 3131 1135 3224 γὰρ
1168 3131 1345 3223 φθορά
1365 3131 1446 3217 τις
1472 3151 1620 3205 ἔσται
1647 3150 1778 3221 περὶ
1803 3139 1849 3203 C
1878 3132 2008 3226 culo
2047 3131 2226 3226 minus

208 3246 379 3301 αὑτὸν
402 3248 495 3300 καὶ
514 3247 803 3311 ἐλάττωσις
819 3286 834 3310 ,
873 3246 968 3299 καὶ
993 3245 1183 3312 λοιπὸν,
1200 3245 1463 3308 τοιούτοις
1489 3243 1781 3297 ὑποπεσεῖ-

209 3358 305 3394 ται
334 3339 392 3392 τὸ
425 3339 596 3402 Θεῖον,
631 3339 918 3410 ῆέπείπερ
951 3335 1106 3391 τοῦτο
1142 3338 1336 3401 ἀσεϐὲς
1362 3338 1457 3392 καὶ⁸
1496 3338 1784 3406 ἀλόγιστον

211 3433 413 3497 εἰπεῖν,
464 3432 616 3485 αὑτοὶ¹
674 3432 773 3500 τῆς
841 3430 1190 3494 ἐλαττώσεως
1244 3428 1668 3500 εἱσηγεὶσθωσαν
1695 3427 1785 3480 τὸν

211 3523 439 3593 τρόπον.
465 3523 626 3577 Οὐδὲν
651 3523 757 3594 γὰρ
786 3524 863 3586 εἱς
891 3523 1078 3577 οὑσίαν
1099 3522 1452 3593 ἀδικουμένου
1482 3520 1577 3575 τοῦ
1620 3518 1750 3573 Υἱοῦ
1769 3557 1783 3585 ,

213 3612 374 3666 οὑδὲν
402 3612 651 3684 ἀδικήσει
674 3612 772 3693 τῆς
802 3612 1080 3684 ὑποταγῆς
1099 3614 1128 3665 6
1153 3611 1372 3683 τρόπος.

727 3818 1090 3905 ΛΟΓΟΣ
1160 3816 1275 3904 A'.

212 3974 325 4041 Εις
350 3973 438 4034 τὸ,
482 3989 501 4023 r
531 3970 742 4039 Πάτερ,
782 3971 1048 4035 δόξασόν
1081 3989 1158 4041 με
1221 3971 1296 4038 τῇ
1346 3962 1589 4041 δόξῃᾲῇ

424 4011 438 4034 ,
482 3989 501 4023 r
531 3985 742 4039 ιιατερ,
782 3985 1048 4035 δόξασόν
1081 3989 1158 4040 με
1221 3988 1296 4038 τῃ
1346 3985 1494 4035 οοζῃ
1550 3987 1589 4039 ῃ
1626 3985 1793 4039 uxor

416 4041 529 4110 πρὸ
556 4042 661 4096 τοῦ
690 4041 796 4095 τὸν
814 4041 1045 4111 κόσμον
1071 4038 1223 4096 εἶναι
1249 4041 1405 4109 παρὰ
1428 4038 1549 4093 σοι.
1576 4058 1593 4090 ι

458 4155 776 4219 Ἄντίθεσις
799 4156 878 4221 ὡς
903 4154 971 4208 ἐκ
1007 4153 1125 4208 τῶν
1143 4152 1580 4223 χριστομάχων.

292 4264 408 4318 Καὶ
436 4265 568 4331 πῶς,
596 4265 779 4335 φασιν,
813 4266 912 4320 οὑκ
962 4266 1160 4320 ἄτοπον
1212 4268 1395 4336 ὅμοιον
1448 4260 1587 4318 εἶναι
1619 4263 1795 4333 λέγειν

221 4357 351 4411 κατ’
382 4357 569 4409 οὐσίαν
605 4356 696 4409 τὸν
730 4357 857 4410 Υἰὸν
898 4357 975 4428 τῷ
1004 4359 1195 4429 Πατρὶ,
1247 4358 1305 4421 ὃς
1335 4374 1398 4426 γε
1437 4357 1595 4421 δόξαν
1629 4355 1795 4409 αἰτῶν

224 4450 543 4521 εὑρίσκεται
568 4452 698 4522 παρ’
726 4451 922 4515 animi};
949 4450 1109 4519 Λέγει
1133 4450 1260 4521 γάρ·
1294 4470 1311 4501 ‹
1342 4450 1546 4520 Πάτερ,
1570 4448 1793 4515 δόξασόν
1826 4482 1871 4537 D

227 4560 302 4613 με
335 4544 402 4613 τῇ
428 4541 551 4613 δόξῃ
648 4538 792 4613 εἶχον
831 4543 936 4613 πρὸ
954 4542 1046 4595 τοῦ
1098 4542 1189 4595 τὸν
1239 4543 1438 4613 κόσμον
1468 4538 1607 4595 εἶναι
1644 4540 1798 4612 παρὰ

226 4634 339 4688 σοι.
388 4653 408 4685 ›
472 4634 533 4687 ΕΞ
589 4635 686 4704 μὲν
731 4634 838 4704 γὰρ
890 4633 1027 4704 ἔχων
1082 4635 1261 4699 αἰτεῖ,
1319 4634 1588 4704 περιττῶς
1642 4632 1799 4687 τοῦτο

228 4727 485 4795 φανεῖται
532 4724 734 4777 ποιῶψ
795 4726 842 4777 εἰ
894 4725 950 4778 δὲ
1004 4725 1077 4795 μὴ
1126 4723 1283 4794 ἔχων,
1337 4725 1495 4795 δῆλος
1554 4723 1800 4778 ἐντεῦθέν

227 4818 413 4878 ἐστιν,
461 4815 560 4868 οὑκ
589 4813 663 4867 ὣν
695 4814 944 4878 τοσοῦτος
989 4814 1111 4877 ὅσος
1159 4815 1188 4867 6
1234 4816 1464 4885 χορηγὸς
1507 4814 1581 4867 ὣν
1624 4813 1803 4883 ἐξῄτει

225 4904 438 4959 λαϐεῖν.

730 5011 885 5081 Πρὸς
914 5012 1088 5066 τοῦτο
1119 5013 1319 5078 λύσις.

310 5128 421 5180 Καὶ
433 5125 548 5188 πῶς
563 5126 627 5179 ἂν
643 5125 811 5180 δέοιτο
822 5125 976 5195 δόξης
995 5128 1022 5179 ὁ
1038 5125 1133 5197 τῆς
1159 5125 1315 5193 δόξης
1328 5124 1528 5195 Κύριος
1548 5142 1562 5191 ;
1580 5125 1631 5177 τε
1648 5124 1704 5175 δὲ
1721 5122 1805 5176 ἐλ-

234 5221 445 5282 λεῖπον,
464 5216 583 5270 εἰπέ
602 5234 714 5286 μοι,
736 5215 812 5284 τῷ
827 5214 1014 5286 τελείῳ
1035 5217 1277 5284 φανεῖται
1299 5232 1313 5279 ;
1333 5214 1406 5266 Οὑ
1424 5214 1531 5283 γὰρ
1560 5211 1806 5277 ἀνέξεταί

236 5327 325 5373 τις
356 5309 620 5377 λεγόντων
643 5306 795 5377 ὑμῶν
835 5305 999 5375 ἀτελῆ
1022 5305 1163 5359 κατά
1200 5323 1251 5357 τι
1274 5303 1403 5373 γοῦν
1429 5304 1691 5374 ὑπάρχειν
1714 5305 1805 5356 τὸν

240 5401 373 5453 Υίὸν
398 5399 490 5453 τοῦ
519 5398 674 5452 Θεοῦ.
701 5397 906 5460 Ἄλλως
932 5414 991 5449 τε
1044 5398 1264 5450 κάκεῖνο
1300 5395 1418 5449 λίαν
1461 5391 1806 5447 ἀτοπώτατον

238 5494 466 5553 ἐννοεῖν,
500 5491 579 5543 ὅτι
611 5488 861 5560 καθάπερ
907 5505 991 5553 τις
1037 5487 1317 5560 ἄνθρωπος
1357 5486 1450 5539 ἐπὶ
1475 5483 1653 5549 δόξαις
1688 5484 1807 5555 ήδό-

1864 560 1962 615 pro
1993 542 2414 613 uniuscujusque
2438 542 2611 612 gratia
2639 540 2718 595 eis
2748 538 3024 606 largietur,
3051 546 3110 592 ut
3135 552 3229 606 per
3249 537 3424 607 ipsum

1864 636 2153 707 participes
2199 635 2331 691 ﬁant
2373 634 2571 689 Patris.
2621 634 2794 701 Atque
2822 631 2909 686 hic
2951 640 3034 686 est
3080 630 3427 699 subiectionis

1864 729 2055 783 modus
2104 744 2120 781 :
2174 726 2548 781 subministrat
2596 724 2747 778 enim
2787 722 3179 794 quodammodo
3205 720 3430 777 benedi—

1863 822 2096 876 ctionem
2128 834 2156 874 a
2187 819 2377 885 Patre,
2395 817 2713 873 naturaliter
2752 831 2870 871 eam
2902 831 2998 886 per
3031 829 3089 869 se
3126 813 3428 869 communi-

1865 927 1997 968 cans
2021 913 2100 967 eis
2133 911 2223 980 qui
2270 910 2337 964 ad
2375 922 2628 964 aeternam
2668 909 2845 963 vitam.
2873 915 2999 962 sunt
3023 906 3221 961 vocati.
3260 904 3441 959 Porro.

1866 1000 1970 1054 hoc
2018 1013 2356 1069 nequaquam
2395 1013 2425 1057 a
2476 997 2705 1051 naturali
2761 1012 2860 1053 sua
2919 996 3182 1065 dignitate
3233 993 3431 1049 Filium

1868 1090 2226 1155 submovebit,
2274 1091 2367 1144 sed
2415 1090 2516 1143 hoc
2544 1089 2716 1158 ipsum
2762 1098 2924 1157 atque
2976 1088 3115 1141 idem
3167 1074 3441 1142 exsistens

1868 1181 2009 1251 quod
2067 1190 2168 1244 est,
2217 1181 2428 1235 ratione
2474 1179 2818 1235 tlcmissionis
2865 1180 2931 1231 ad
2958 1193 3059 1232 nos
3103 1177 3434 1232 ministrabit

1869 1272 2029 1333 etiam
2056 1282 2165 1327 tum
2195 1270 2366 1337 Patri,
2390 1272 2738 1341 suppeditans
2774 1269 2926 1324 nobis
2953 1268 3313 1339 cognitionem
3348 1268 3431 1323 di-

1869 1364 2127 1427 vinitatis,
2178 1372 2337 1432 prout
2385 1365 2594 1418 discere
2640 1376 2944 1432 possumus.
2995 1358 3259 1413 Praeterea
3305 1359 3432 1413 illml

1869 1456 2033 1509 etiam
2062 1469 2156 1521 par
2187 1461 2270 1507 est
2298 1460 2356 1507 ut
2384 1451 2747 1521 intelligamus
2779 1448 2945 1519 quod,
2979 1447 3431 1517 quemadmodum

1872 1548 2030 1603 Pater
2055 1547 2343 1617 subiiciens
2389 1562 2486 1601 nos
2529 1545 2691 1609 Filio,
2732 1559 2838 1598 non
2885 1542 3029 1596 aliud
3063 1541 3336 1611 quidpiam
3379 1540 3430 1592 in

1871 1640 2103 1697 essentia
2144 1649 2328 1695 nostra
2380 1647 2658 1707 operatur,
2714 1648 2891 1705 neque
2940 1632 3139 1688 diversi
3196 1647 3226 1685 a
3283 1630 3437 1684 nobis

1873 1733 2003 1803 ipsis
2030 1730 2324 1787 secundum
2361 1737 2604 1783 naturam
2630 1741 2725 1797 per
2751 1727 2892 1780 hanc
2924 1722 3312 1794 subiectionem
3352 1736 3438 1775 re-
3500 1786 3503 1787 ν

1872 1826 2143 1895 perimur;
2186 1822 2281 1878 sed
2322 1821 2615 1876 voluntatis
2659 1818 3089 1874 immutationem
3125 1830 3187 1871 ac
3227 1810 3436 1869 morum

1869 1926 1924 1970 et
1952 1913 2271 1985 cognitionis
2296 1911 2682 1981 subiectionem
2720 1907 2879 1963 elﬁcit
2906 1921 2921 1960 :
2954 1906 3026 1961 ita
3057 1914 3111 1961 et
3140 1902 3308 1959 Filius
3330 1918 3435 1957 non

1870 2005 2100 2076 propria:
2136 2018 2247 2060 suae
2286 2015 2491 2058 natura:
2526 2004 2662 2057 ﬁnes
2708 1999 2992 2070 egrediens
3039 1999 3254 2068 (neque
3294 1994 3437 2049 enim

1872 2096 2147 2152 immutari
2190 2103 2369 2166 potest
2396 2094 2595 2164 Deus),
2639 2091 2922 2163 subiicitur
2959 2088 3129 2155 Patri,
3163 2087 3258 2145 sed
3301 2087 3457 2140 ratio»

1873 2186 2222 2256 subiectionis
2242 2194 2351 2240 tum
2377 2186 2632 2253 temporis
2649 2184 2700 2239 in
2723 2185 2997 2239 voluntate
3019 2181 3133 2241 sola
3156 2179 3449 2249 consistet,

1873 2295 1980 2335 non
2010 2280 2063 2335 in
2097 2279 2346 2336 essentiaa
2368 2278 2699 2343 mutatione.‘
3386 2262 3387 2265 “

2544 2555 2768 2614 ALIUD.

1948 2679 2005 2735 Si
2035 2675 2207 2733 Filius
2230 2673 2338 2731 erit
2361 2672 2540 2728 minor
2570 2671 2730 2725 Patre
2776 2676 2830 2723 et
2869 2663 3161 2722 secundum
3196 2669 3468 2716 naturain;

1877 2769 2143 2831 (Mersus,
2170 2779 2291 2821 cum
2317 2762 2367 2819 ei
2392 2760 2612 2818 deﬁnito
2631 2768 2870 2826 tempore
2898 2753 3049 2822 iuxta
3077 2749 3223 2807 Pauli
3240 2748 3442 2802 dictum

1879 2860 2154 2927 subiectus
2216 2854 2416 2921 fuerit,
2488 2852 2722 2907 n0ndum
2788 2860 2917 2900 vero
2996 2841 3271 2908 subiectus
3337 2844 3443 2900 est,

1881 2968 2010 3023 ergo
2077 2964 2219 3005 nunc
2277 2945 2499 3017 aequalis
2562 2952 2647 2997 est
2712 2939 2785 2993 ei.
2854 2938 2922 2989 At
2979 2932 3246 3023 quomodo
3298 2926 3444 2997 quod

1883 3021 2028 3098 nunc
2062 3037 2377 3095 naturaliter
2414 3033 2566 3088 Patri
2608 3028 2816 3099 aequale
2860 3038 2962 3090 est,
3012 3025 3065 3078 in
3112 3021 3291 3075 futuro
3343 3031 3448 3071 saa-

2280 3126 2423 3183 erit?
2480 3123 2588 3178 Aut
2647 3121 2791 3175 enim
2847 3113 3121 3184 corruptio
3173 3109 3447 3180 quazdam,

1887 3233 1942 3280 et
1996 3218 2302 3277 imminutio
2352 3214 2454 3284 ipsi
2499 3211 2729 3272 accidet,
2780 3216 2943 3276 atque
2997 3197 3258 3269 eiusmodi
3318 3192 3449 3284 ειπε-

1886 3311 2153 3370 ctionibus
2197 3282 2435 3373 subiecta
2484 3301 2589 3356 erit
2639 3297 2892 3354 divinitas
2929 3311 2942 3347 :
2984 3299 3075 3345 aut
3113 3288 3157 3343 si
3208 3287 3309 3340 hoc
3349 3282 3449 3373 ab-

1886 3401 2109 3460 surdum
2148 3404 2231 3453 est
2270 3370 2327 3450 et
2363 3390 2559 3447 rationi
2597 3394 2884 3457 repugnat,
2926 3381 3025 3451 ipsi
3074 3390 3213 3433 nunc
3272 3370 3447 3427 immi—

1886 3459 2126 3550 nutionis
2198 3486 2466 3549 rationem
2535 3478 2824 3549 explicent.
2899 3472 3032 3526 Cum
3111 3467 3255 3523 enim
3328 3459 3450 3517 Filii

1887 3582 2122 3641 essentia
2153 3595 2259 3635 non
2287 3575 2532 3639 laedatur,
2558 3579 2719 3627 certae
2750 3578 2923 3635 neque
2949 3556 3299 3628 subiectionis
3334 3567 3450 3616 mo-

1889 3676 1989 3733 dus
2012 3674 2090 3732 illi
2112 3670 2341 3733 ofﬁciet.

2196 3789 2767 3890 ASSERTIO
2839 3785 3143 3883 XXX.

1893 3954 2155 4080 25gb;
2174 3952 2329 4035 illud,
2358 3969 2376 4001 ι
2414 3947 2610 4011 Pater,_
2628 3939 2866 4014 gloriﬁca
2888 3952 2968 3995 me
2986 3933 3076 3986 illa
3107 3930 3277 4031 glo‘rsia
3299 3940 3481 3995 quam,

2070 4027 2195 4080 abut
2227 4020 2367 4080 apud
2401 4030 2448 4073 te
2474 4028 2753 4080 antequam
2780 4006 3004 4063 mundus
3033 4010 3162 4057 esset
3238 4038 3250 4050 .
3286 4016 3305 4050 ι

2070 4006 2195 4080 abai
2227 4006 2367 4091 apad
2401 4030 2448 4073 te
2474 4006 3004 4086 antequam'mundus
3033 4010 3162 4057 esset
3186 4006 3250 4050 ".
3286 4016 3305 4050 δ

2353 4126 2587 4199 Objectio
2616 4122 2999 4180 hereticorum,

1964 4254 2035 4306 At
2058 4264 2163 4320 quo
2191 4254 2367 4317 pacto,
2397 4240 2666 4311 inquiunt,
2697 4249 2801 4289 non
2836 4230 2909 4287 sit
2949 4226 3239 4281 absurdum
3279 4222 3483 4320 dicere.

1895 4310 2091 4398 Filiuni
2144 4310 2436 4393 secundum
2474 4310 2778 4383 essentiam
2831 4319 3062 4376 similem
3118 4329 3240 4370 esse
3287 4310 3457 4374 Patri,

1898 4450 2017 4490 cum
2047 4433 2159 4500 ipse
2183 4426 2407 4500 gloriam
2430 4438 2460 4477 a
2486 4421 2642 4475 Patre
2663 4416 2845 4487 petat?
2871 4410 3192 4471 Dicitenim,
3226 4425 3244 4459 ι
3274 4404 3477 4469 PaterL

1900 4525 2138 4599 gloriﬁca
2166 4536 2253 4576 me
2281 4534 2343 4573 ea
2369 4515 2535 4588 gloria
2572 4527 2733 4583 quam
2759 4508 3022 4599 habebam
3054 4501 3192 4599 apud
3227 4508 3277 4554 te
3304 4504 3458 4552 ante-

1901 4593 2060 4688 quam
2090 4614 2321 4671 mundus
2345 4616 2508 4665 esset.
2546 4625 2565 4658 ι
2600 4603 2733 4658 Nam
2770 4600 2818 4656 si
2850 4597 3052 4654 habens
3082 4593 3233 4663 petit,
3263 4599 3463 4688 temere

1904 4677 1968 4761 ac
1989 4712 2392 4774 supervacanee
2414 4698 2469 4753 id
2502 4695 2682 4749 facere
2712 4688 2962 4753 videtur;
2999 4684 3045 4739 si
3073 4696 3202 4737 vero
3234 4693 3339 4735 non
3369 4677 3464 4732 ba-

1904 4797 2060 4861 bens,
2092 4792 2372 4860 manifeste
2414 4788 2517 4842 hoc
2559 4784 2675 4853 ipso
2719 4780 2963 4837 declarat
3002 4790 3061 4830 se
3099 4788 3203 4828 non
3256 4776 3461 4825 tanturn

1908 4904 2031 4945 esse
2062 4895 2225 4957 atque
2244 4892 2328 4939 est
2358 4880 2583 4949 largitor
2608 4875 2694 4930 ille
2716 4889 2745 4927 a
2771 4885 2878 4943 quo
2913 4868 3017 4926 sibi
3047 4867 3162 4922 dari
3189 4866 3341 4935 petit.

2409 4991 2609 5048 Salutio
2638 4986 2962 5058 objectianis.

1977 5113 2046 5168 At
2070 5108 2335 5182 quomodo
2386 5114 2541 5176 egeat
2595 5103 2762 5175 gloria
2819 5099 3076 5156 Dominus
3102 5091 3326 5166 gloriae?
3377 5100 3470 5182 aut

1912 5205 2060 5275 quid,
2089 5181 2339 5264 obsecro,
2365 5197 2669 5267 requiratur
2710 5192 2764 5247 in
2794 5188 3067 5263 perfecto?
3112 5199 3287 5255 neque
3327 5181 3468 5238 enim

1913 5298 2195 5368 quisquam
2240 5292 2377 5346 ferat
2410 5304 2511 5342 vos
2554 5286 2792 5341 dicentes
2837 5280 3213 5351 imperfectum
3259 5275 3363 5330 ulla
3404 5290 3470 5327 ex

1912 5397 2062 5460 parte
2090 5399 2212 5441 esse
2243 5382 2437 5438 Filium
2477 5378 2591 5434 Dei.
2654 5375 2758 5432 Sed
2802 5384 2857 5431 ct
2895 5376 2999 5430 hoc
3031 5368 3471 5460 absurdissimum

1912 5457 1998 5537 est
2039 5477 2375 5541 existimare,
2416 5471 2579 5543 quod,
2605 5467 3051 5539 quemadmodum
3092 5464 3251 5517 homo
3282 5457 3474 5526 aliquis

246 5600 408 5655 μενος
440 5583 534 5635 καὶ
579 5582 643 5635 ἐκ
687 5580 890 5648 πάθους
930 5578 1086 5635 τοῦτο
1117 5579 1306 5645 ποιῶν,
1337 5578 1505 5643 οὑτως
1530 5576 1645 5630 ἐστὶ
1669 5575 1760 5628 καὶ

1916 5570 2096 5642 gloria:
2118 5569 2411 5636 studiosus,
2432 5576 2591 5636 atque
2614 5578 2678 5619 cx
2702 5561 2894 5619 aﬂ'ectu
2916 5558 3145 5630 quodam
3174 5554 3225 5611 id
3249 5552 3471 5612 faciens.

327 5758 369 5791 ¹⁶
396 5757 555 5813 Joan.
596 5772 726 5823 xvn,
755 5757 803 5813 ες.
