3878 6208
444 298 547 354 459

1452 318 1512 374 S.
1552 321 1823 379 CYRILLI
1858 323 2324 386 ALEXANDRINI
2362 334 2681 392 ARCHIEP.

3556 352 3662 408 M0

442 420 517 474 ita
562 420 723 478 etiam
755 425 826 480 sit
868 427 1057 496 Filius,
1108 433 1331 503 gloriam
1367 448 1553 509 petens
1590 460 1620 498 ει
1663 444 1840 503 pauc,
1891 448 1952 503 se

442 508 564 537 Inlnl
606 510 655 537 :..
699 514 799 537 ι.--
846 515 975 537 .13-.-
1039 535 1051 537 -
1112 536 1117 537 ,
1418 530 1431 537 -
1590 535 1621 537 μ.
1668 536 1673 537 ,

2061 475 2075 513 ι
2102 450 2229 516 Υἱὸς
2248 454 2403 523 δόξαν
2423 458 2590 513 αίτῶν
2642 462 2792 532 παρὰ
2842 463 2936 516 τοῦ
2966 465 3196 536 Πατρός.
3254 470 3378 522 me
3426 470 3543 525 ἔστι
3574 491 3661 537 τις

436 508 567 564 latet
605 510 655 565 in
697 514 800 569 hoc
839 515 984 575 dicto
1031 535 1234 581 arcano
1278 508 1521 597 quaedam
1572 535 1736 591 divini
1783 538 1991 594 consilii

437 601 576 657 ratio
601 618 669 667 ac
695 607 902 664 modus.

1095 725 1322 788 ALIUD.

501 822 910 886 Consentiemus
935 834 1097 891 etiam
1142 840 1304 896 allato
1347 859 1376 897 a
1421 846 1571 902 vobis
1604 849 1768 917 dicto,
1805 852 1987 910 hostes

429 912 650 970 Christi.
685 914 890 974 Revera
925 925 1067 978 enim
1098 927 1235 983 dixit
1263 931 1518 989 Servator
1556 956 1569 991 :
1614 957 1631 991 ι
1662 912 1843 1011 Pater,
1867 946 1984 1015 glo-

429 1003 575 1059 ritica
619 1005 814 1063 Filium
861 1022 1008 1068 tuum
1039 1018 1082 1050 "
1116 1038 1130 1074 :
1172 1039 1193 1072 ι
1224 1025 1318 1077 sed
1346 1028 1412 1080 ad
1450 1028 1562 1085 hare
1608 1031 1775 1100 ipsius
1820 1003 1983 1092 verba

426 1097 701 1161 respondit
733 1098 892 1156 Pater
923 1105 1109 1163 dicens
1140 1126 1154 1166 :
1194 1127 1214 1161 ι
1255 1112 1322 1166 Ει
1364 1097 1679 1187 gloriﬁcavi,
1714 1134 1766 1178 et
1797 1141 1982 1183 rursus

423 1183 743 1250 gloriﬁcabo
763 1191 826 1245 ³⁸.
864 1212 884 1246 ›
924 1194 980 1250 Si
1008 1213 1138 1268 ergo
1177 1201 1344 1260 Filius
1368 1208 1549 1274 talem,
1579 1223 1635 1265 nt
1663 1183 1979 1284 opinamini,

421 1271 644 1338 gloriam
672 1293 702 1333 a
726 1278 886 1337 Patre
914 1287 1091 1354 petiit,
1122 1294 1261 1358 quod
1285 1295 1449 1364 gloria
1483 1271 1711 1371 careret,
1742 1316 1796 1360 et
1820 1308 1981 1367 Pater

419 1366 667 1429 promisit
697 1384 757 1425 se
796 1371 871 1428 illi
900 1376 1126 1444 gloriam
1165 1384 1431 1453 daturum,
1474 1407 1569 1445 cur
1608 1366 1727 1462 post
1760 1399 1976 1465 petitio-

419 1467 542 1509 nem
572 1465 914 1521 contumeliis
968 1469 1191 1529 affectus
1226 1487 1327 1543 est,
1390 1482 1638 1539 nimirum
1689 1504 1717 1541 a
1775 1489 1977 1549 Iudaeis

416 1557 586 1600 casus
609 1546 813 1620 ﬂagris,
831 1556 1015 1623 spinea
1036 1576 1230 1617 corona
1258 1570 1554 1639 redimitus,
1573 1585 1625 1630 et
1647 1585 1976 1650 consputus?

413 1632 599 1707 Neque
626 1644 766 1698 enim
797 1647 885 1704 hic
916 1650 1215 1721 gloriﬁcare
1243 1673 1365 1715 eum
1394 1663 1554 1721 Pater
1580 1672 1843 1739 cernitur,
1878 1678 1972 1732 sed

412 1725 569 1792 plane
604 1737 941 1794 contrarium
984 1758 1273 1817 praestare,
1324 1768 1483 1823 quam
1533 1758 1685 1828 juxta
1740 1776 1971 1822 vestram
2002 1788 2046 1846 Β

410 1817 714 1883 opinionem
746 1828 1015 1897 cupiebat,
1042 1845 1097 1889 et
1135 1817 1371 1906 petebat.
1416 1817 1681 1912 Quocirca

410 1906 511 1972 ipsi
542 1909 769 1978 gloriam
795 1933 825 1970 ι
851 1918 1009 1979 Patre
1037 1927 1150 1982 dari
1180 1932 1314 2000 petit
1335 1906 1502 1992 Filius
1527 1939 1661 2011 (non
1684 1945 1823 2000 enim
1854 1960 1975 2019 eget

412 1994 573 2019 ’,Α-,Α
743 2014 755 2019 _
1060 2016 1083 2019 _

410 1994 579 2061 gloria
610 2010 795 2073 utpote
824 2019 1016 2067 natura
1054 1994 1240 2091 Deus),
1267 2024 1360 2078 sed
1390 1994 1616 2084 attrahit

409 2087 544 2146 riam
576 2092 629 2147 in
671 2110 841 2165 genus
869 2087 1205 2164 humanum;
1228 2112 1361 2169 Nam
1393 2087 1734 2179 omnibus-in
1775 2087 1889 2197 ips;
1916 2140 1971 2185 et

407 2193 506 2248 per
536 2182 713 2253 ipsum
740 2188 1045 2262 locupletati
1075 2214 1261 2259 sumus
1288 2206 1461 2266 bonis.

398 2461 567 2537 959
590 2469 813 2540 ALIUD,
841 2478 1312 2551 interpretationem
1338 2492 1493 2562 hujus
1520 2498 1648 2553 dicti
1676 2507 1960 2569 continens.

470 2581 569 2647 Qui
608 2590 880 2647 nominum
906 2597 1010 2651 vim
1038 2610 1291 2658 accurate
1315 2603 1606 2677 inquirunt,
1632 2626 1685 2670 et
1710 2620 1962 2676 uniuscu-

393 2672 591 2745 jusque
643 2682 1087 2751 signiticationem
1133 2672 1422 2768 diligenter
1458 2672 1755 2775 excutiunt,
1802 2672 1961 2785 δόξης

395 2781 594 2824 nomen
629 2771 914 2842 dupliciter
936 2785 1230 2853 accipiunt.
1266 2792 1567 2862 Aliquando
1593 2771 1750 2854 enim
1774 2803 1823 2857 id

393 2855 600 2914 honore
622 2864 792 2934 accipi
812 2865 1009 2927 debere
1031 2885 1275 2943 censent,
1291 2881 1576 2950 aliquando
1593 2901 1690 2954 pro
1709 2893 1958 2957 opinione

389 2946 502 3004 sive
526 2952 716 3009 notitia
754 2971 769 3007 :
810 2967 870 3012 ut
910 2961 955 3014 si
987 2965 1106 3033 quis
1139 2979 1289 3037 roget
1332 2946 1458 3040 quid
1490 2946 1681 3046 aliquis
1713 2946 1951 3049 δοξάσαι,

392 3038 495 3095 hoc
518 3050 623 3107 est,
649 3045 902 3113 opinetur
925 3065 989 3105 ac
1009 3056 1209 3111 sentiat
1230 3060 1293 3113 de
1322 3038 1454 3129 sole,
1483 3038 1698 3121 aut-alio
1717 3075 1948 3140 quodam

388 3129 685 3201 elemento,
718 3147 898 3194 utrum
929 3154 1110 3201 creata
1137 3148 1251 3204 lucc
1278 3152 1386 3207 sint
1413 3169 1610 3225 necne,
1657 3163 1798 3218 dicet
1826 3182 1949 3235 pro-
1975 3131 2017 3189 ο

386 3218 548 3289 tecto,
578 3227 671 3295 qui
700 3238 845 3286 recte
871 3234 1122 3304 opinatur
1142 3254 1205 3295 ac
1234 3244 1414 3310 sentit,
1438 3260 1557 3303 esse
1580 3263 1779 3308 creata.
1816 3218 1953 3329 érgo

386 3321 442 3368 et
471 3318 708 3387 cognitio
747 3323 974 3396 alicujus
1016 3331 1113 3395 rei,
1159 3333 1322 3390 abiis
1372 3337 1462 3407 qui
1499 3343 1770 3400 nominum
1824 3364 1950 3417 pro-

384 3405 644 3473 prletates
695 3427 759 3469 ac
801 3416 1227 3487 signiﬁcationes
1277 3405 1479 3494 tenent,
1530 3431 1656 3500 δόξα
1705 3451 1947 3496 vocatur.

386 3494 610 3563 Quando
635 3503 798 3574 igitur
828 3509 998 3568 Filius
1024 3513 1151 3569 dicit
1178 3533 1192 3569 :
1248 3535 1268 3569 ι
1306 3518 1509 3592 Πάτερ,
1547 3494 1767 3589 δόξασόν
1792 3547 1858 3600 με
1884 3494 1948 3587 ea

383 3586 509 3660 δόξῃ
540 3606 700 3660 quam
730 3597 892 3656 habui
918 3604 1057 3670 apud
1091 3614 1142 3661 te
1172 3616 1297 3663 ante
1327 3586 1760 3672 constitutionem
1787 3586 1944 3677 muns

384 3679 438 3733 di
466 3681 529 3747 ¹⁹,
564 3700 586 3736 ο
612 3685 814 3742 dictum
844 3691 946 3747 hoc
973 3695 1045 3748 ita
1068 3697 1465 3768 intelligendum
1497 3713 1579 3760 est
1610 3725 1623 3760 :
1656 3709 1941 3779 Quoniam,

381 3770 577 3842 inquit,
604 3790 637 3829 ο
664 3775 847 3847 Pater,
876 3782 1035 3841 homo
1071 3803 1165 3857 per
1198 3792 1623 3852 incarnationem
1667 3800 1858 3869 factus,
1895 3808 1943 3857 id

378 3862 554 3919 solum
586 3882 709 3924 esse
753 3874 1035 3932 existimor
1063 3883 1204 3948 quod
1248 3900 1501 3955 appareo,
1551 3892 1810 3963 multique
1859 3914 1944 3954 me

381 3967 490 4009 non
522 3966 582 4011 ut
617 3958 809 4017 Filium
841 3973 987 4021 tuum
1025 3970 1091 4025 ab
1131 3982 1332 4030 :eterno
1375 3958 1737 4037 exsistenteni
1774 4001 1945 4057 agno-

380 4054 560 4111 scunt,
584 4047 806 4117 δόξασόν
829 4073 920 4127 με,
948 4059 1048 4116 hoc
1078 4072 1180 4130 est,
1210 4068 1489 4124 manifesta
1518 4087 1622 4137 me,
1648 4076 1804 4131 talem
1842 4081 1939 4135 bo-

380 4136 617 4196 minibus
665 4146 970 4212 opinionem
1009 4162 1169 4222 atque
1209 4159 1448 4214 notitiam
1495 4162 1561 4219 de
1594 4180 1678 4221 me
1728 4168 1937 4237 indens,

379 4229 593 4295 qualem
640 4234 900 4294 haberent
934 4244 1001 4299 de
1040 4261 1126 4301 me
1159 4249 1440 4309 audientes
1477 4271 1563 4312 me
1603 4260 1765 4316 etiam
1815 4276 1939 4321 ante

379 4325 815 4382 constitutionem
847 4336 1025 4389 mundi
1053 4353 1190 4406 esse,
1235 4342 1487 4401 nimirum
1520 4359 1709 4406 natura
1746 4354 1935 4425 Deum,

376 4411 557 4470 lumen
591 4432 657 4472 ex
705 4420 927 4491 lumine,
961 4429 1240 4486 veritatem

375 4507 614 4565 dentem.
651 4510 725 4565 Ita
768 4529 899 4569 vero
933 4518 1334 4591 intelligendum
1364 4542 1483 4586 esse
1506 4548 1573 4586 ex
1596 4507 1930 4606 sequentium

371 4600 517 4657 serie
575 4602 733 4660 facile
776 4611 1066 4666 constabit.
1112 4614 1287 4684 lnqnit
1341 4623 1485 4676 enim
1546 4600 1767 4691 δόξασόν
1828 4651 1927 4703 με,

377 4709 398 4745 r
424 4691 664 4759 gloriﬁca
697 4710 802 4761 me,
828 4715 855 4749 »η
881 4714 999 4768 pro,
1030 4706 1313 4763 manifesta
1345 4728 1447 4779 me,
1474 4716 1738 4785 siquidem
1766 4691 1932 4796 etego

370 4797 567 4839 nomen
594 4796 740 4841 tuum
766 4791 1102 4850 manilestavi
1133 4799 1457 4860 hominibus.
1479 4809 1536 4862 Si
1560 4825 1691 4881 ergo
1716 4814 1765 4867 id
1788 4791 1929 4884 quod

368 4873 486 4943 ipse
509 4874 655 4941 fecit,
688 4877 805 4933 ﬁeri
833 4881 933 4936 sibi
958 4885 1124 4953 cupit,
1163 4889 1484 4956 gloriﬁcavit
1507 4873 1681 4954 anteit:
1712 4873 1925 4961 Patrem

366 4966 720 5025 manifestans
751 4985 873 5027 eum
917 4974 1243 5048 hominibus,
1281 4985 1567 5053 gloriﬁcari
1610 4995 1772 5048 etiam
1823 4998 1923 5067 ipsi

363 5057 533 5125 cupit,
560 5061 814 5118 nimirum
844 5080 873 5118 a
907 5064 1068 5125 Patre
1085 5070 1391 5137 hominibus
1416 5082 1805 5142 manifestatns.
1827 5057 1921 5144 Ᾰι-

363 5148 566 5213 queita
607 5150 781 5207 inanis
823 5169 889 5209 ac
921 5171 1090 5214 vanus
1131 5171 1214 5216 est
1255 5165 1627 5227 haereticorum
1674 5178 1920 5241 cavillus.

360 5236 453 5305 qui
479 5236 684 5298 honore
710 5243 824 5300 sive
855 5246 1022 5317 gloria
1054 5249 1351 5323 indiguisse
1388 5259 1580 5318 Filium
1607 5281 1851 5325 censent.

1033 5356 1261 5415 ALIUD.

2094 542 2152 595 ἐν
2178 544 2352 617 τούτῳ
2389 546 2555 618 βαθὺς
2586 552 2894 624 οἰκονομίας
2923 554 3182 628 λογισμὸς
3203 560 3294 613 καὶ
3326 562 3547 632 τρόπος.

2768 758 2968 812 AAAO.

2158 859 2539 932 Συνθησόμεθα
2566 864 2659 918 καὶ
2687 866 2837 918 αὐτοὶ
2860 867 2936 938 τῷ
2967 869 3313 941 παροισθέντι
3346 873 3490 943 ρητῷ
3520 875 3652 944 παρ’

2087 952 2259 1022 ὑμῶν,
2317 948 2362 1008 ὦ
2415 958 2786 1028 χριστομάχοι.
2842 961 3049 1030 Ἔφησε
3107 961 3205 1032 μὲν
3247 961 3357 1034 γάρ
3400 966 3429 1017 6
3462 966 3649 1038 Σωτὴρ

2082 1043 2556 1116 ὁμολογουμένως·
2622 1070 2640 1101 ι
2675 1050 2889 1122 Πάτερ,
2927 1051 3149 1117 δόξασόν
3185 1070 3277 1107 σου
3319 1055 3409 1108 τὸν
3437 1056 3581 1110 Υίόν.
3623 1076 3645 1109 ι

2096 1133 2253 1188 Ἀλλὰ
2275 1137 2413 1208 πρὸς
2439 1138 2640 1210 ταύτην
2677 1142 2843 1195 αὐτοῦ
2871 1143 2967 1214 τὴν
2997 1145 3179 1216 φωνὴν
3197 1148 3529 1216 ἁπεκρίνατο
3554 1148 3649 1201 καὶ

2080 1226 2108 1277 6
2134 1228 2340 1300 Πατὴρ,
2388 1229 2578 1298 λέγων·
2620 1251 2639 1283 ι
2672 1233 2782 1286 Καὶ
2809 1233 3054 1299 ἐδόξασα,
3084 1236 3175 1289 καί⁵
3200 1237 3360 1291 πάλιν
3382 1239 3644 1304 δοξάσω.»

2078 1319 2142 1371 El
2170 1319 2351 1374 τοίνυν
2378 1320 2533 1388 δόξαν
2561 1323 2636 1386 ὡς
2668 1324 2843 1378 οίεσθε
2865 1326 3119 1397 τοιαύτην
3155 1328 3231 1393 ὡς
3276 1330 3434 1401 δόξης
3460 1330 3647 1383 λειπό-

2081 1426 2240 1478 μενος
2271 1410 2473 1481 ᾔτησεν
2508 1415 2537 1466 6
2567 1413 2715 1479 Υἱὸς,
2746 1415 3013 1486 ὑπέσχετο
3040 1419 3096 1471 δὲ
3140 1418 3382 1484 δοξάσειν
3414 1422 3577 1475 αὑτὸν
3615 1422 3646 1474 6

2076 1500 2283 1572 Πατὴρ,
2309 1502 2431 1555 ὅτου
2463 1503 2527 1575 δὴ
2548 1506 2706 1576 χάριν
2754 1506 2937 1579 ὕϐρεις
2989 1509 3336 1564 ἀκολουθοῦσι
3383 1512 3516 1582 μετὰ
3546 1512 3645 1582 τὴν

2073 1591 2310 1664 αἴτησιν,
2336 1596 2430 1647 καὶ
2456 1595 2523 1648 τὰ
2550 1597 2699 1667 παρὰ
2726 1598 2834 1651 τῶν
2894 1598 3158 1655 Ἰουδαίων
3189 1603 3523 1674 ῥαπίσματα,
3548 1604 3644 1657 καὶ

2076 1682 2333 1751 στέφανος
2366 1683 2425 1749 ἐξ
2470 1686 2742 1752 ἀκανθῶν,
2791 1690 2886 1743 καὶ
2930 1690 3328 1762 ἐμπτύσματα;
3379 1694 3641 1747 Ἐνταῦθα

2073 1771 2179 1843 γὰρ
2207 1775 2265 1827 οὐ
2295 1775 2523 1842 δοξάσας
2560 1778 2720 1832 αὑτὸν
2769 1782 2798 1833 6
2824 1780 3014 1853 Πατὴρ
3060 1783 3330 1851 φαίνεται,
3360 1784 3496 1837 ἀλλὰ
3529 1788 3641 1838 πᾶν

2072 1864 2376 1919 τούναντίον
2399 1867 2710 1939 ἐκϐεϐηκὼς
2731 1865 2811 1934 οἷς
2832 1871 2988 1942 ἠθελε
3014 1874 3105 1925 καὶ
3144 1874 3389 1926 ἐόούλετο
3416 1874 3599 1928 λαϐεῖν
3619 1916 3636 1940 ,

2072 1955 2214 2009 κατὰ
2239 1957 2329 2010 τὸν
2372 1959 2631 2031 ὑμέτερον
2672 1961 2848 2031 λόγον.
2894 1965 3101 2020 Οὐκοῦν
3150 1966 3245 2037 οὐχ
3275 1968 3450 2037 ἑαυτῷ
3477 1968 3637 2034 δόξαν

2071 2047 2187 2117 ᾔτει
2226 2049 2378 2121 παρὰ
2419 2051 2514 2104 τοῦ
2546 2054 2757 2125 Πατρὸς
2781 2058 2809 2109 6
2841 2056 2969 2120 Υἱὸς
3005 2057 3024 2124 (
3046 2057 3290 2128 ἀνενδεὴς
3320 2058 3428 2127 γὰρ
3453 2059 3633 2128 δόξης.

2069 2137 2210 2191 καθὰ
2242 2138 2401 2208 φύσει
2424 2141 2623 2211 Θεὸς),
2658 2143 2773 2197 ἀλλ’
2820 2145 2965 2200 ἕλκει
3009 2147 3076 2200 δι’
3119 2149 3310 2202 ἐαυτοῦ
3341 2152 3436 2222 τὴν
3482 2152 3637 2223 παρὰ

2068 2228 2277 2300 Πατρὸς
2300 2229 2455 2294 δόξαν
2480 2234 2560 2297 είς
2606 2234 2668 2287 τὸ
2717 2237 2871 2304 γένος
2911 2238 2972 2290 τὺ
3029 2238 3385 2311 ἀνθρώπινον.
3447 2243 3635 2295 Πάντα

2066 2320 2174 2389 γάρ
2222 2323 2280 2374 ἐν
2333 2324 2482 2395 αὐτῷ
2543 2327 2636 2379 καὶ
2698 2327 2765 2380 δι’
2812 2328 2977 2383 αὐτοῦ
3046 2330 3498 2403 πεπλουτήκαμεν
3562 2334 3633 2388 τὰ

2064 2409 2262 2479 ἀγαθά.

2275 2524 2488 2592 AAAO,
2527 2527 2849 2597 ἑρμηνείαν
2885 2530 3032 2600 ἔχον·
3068 2550 3173 2587 του
3201 2534 3410 2602 ῥητοῦ.

2133 2635 2196 2686 Οἱ
2244 2635 2354 2689 τῶν
2397 2636 2676 2708 ὀνομάτων
2722 2642 2969 2713 ἀκριϐεῖς
3001 2644 3302 2710 ἐξετασταὶ,
3333 2648 3427 2700 καὶ
3465 2649 3527 2701 τὸ
3568 2648 3633 2719 ἐξ

2062 2725 2291 2779 ἑκάστου
2343 2730 2739 2800 σημαινόμενον
2773 2733 2959 2801 σαφῶς
2999 2735 3397 2805 δοκιμάζοντες,
3436 2740 3495 2792 τὸ
3526 2741 3629 2810 τῆς

2060 2817 2215 2889 δόξης
2242 2818 2411 2889 ὄνομα
2441 2821 2619 2875 νοοῦσι
2639 2823 2819 2894 διχῶς.
2836 2826 2920 2897 Πῆ
2950 2828 3046 2898 μὲν
3068 2828 3174 2901 γὰρ
3199 2831 3290 2882 ἐπὶ
3309 2832 3471 2902 τιμῆς
3493 2834 3629 2886 αὐτὸ

2058 2912 2355 2982 λαμόάνειν
2409 2915 2738 2985 ὑπειλήφασι
2786 2918 2915 2984 δεῖν,
2956 2920 3028 2990 πῆ
3074 2920 3130 2973 δὲ
3178 2922 3337 2977 πάλιν
3380 2925 3473 2976 ἐπὶ
3524 2927 3629 2994 τῆς

2055 3002 2309 3070 γνώσεως
2339 3006 2624 3060 τάττουσιν
2647 3025 2659 3038 ·
2686 3006 2872 3079 ῶσπερ
2897 3010 2963 3064 ἂν
3001 3012 3057 3064 εί
3075 3030 3158 3077 τις
3189 3013 3353 3079 λέγοι,
3375 3014 3426 3066 τί
3458 3014 3523 3067 ἄν
3541 3032 3629 3078 τις

2055 3093 2273 3159 δοξάσαι
2300 3097 2428 3167 περὶ
2471 3098 2563 3151 τοῦ
2610 3100 2761 3170 ἡλίου
2805 3102 2987 3173 τυχὸν,
3016 3104 3046 3174 ἢ
3076 3105 3206 3175 περί
3247 3122 3391 3168 τινος
3433 3106 3626 3176 ἐτέρου

2057 3189 2341 3259 στοιχείου,
2383 3191 2612 3262 πότερον
2653 3194 2855 3265 γενητὰ
2899 3196 3071 3251 ταῦτα
3122 3198 3154 3269 ἢ
3198 3198 3463 3268 ἀγένητα;
3508 3202 3631 3269 ἐρεῖ

2054 3280 2184 3349 γοῦν
2217 3282 2434 3346 πάντως
2471 3286 2499 3337 6
2525 3284 2760 3350 δοξάζων
2790 3286 2983 3355 ὀρθῶς,
3012 3289 3087 3352 ὼς
3115 3289 3199 3359 εἴη
3229 3290 3447 3361 γενητά.
3476 3292 3624 3343 Οὐκ-

2052 3370 2145 3424 οῦν
2172 3373 2265 3426 καὶ
2300 3374 2333 3443 ἡ
2364 3374 2493 3445 περί
2533 3392 2585 3428 τι
2624 3376 2732 3428 τῶν
2758 3377 2926 3431 ὄντων
2955 3379 3173 3447 γνῶσις,
3211 3380 3335 3444 δόξα
3371 3381 3622 3435 καλεῖται

2051 3463 2201 3532 παρὰ
2230 3467 2341 3529 τοῖς
2370 3466 2542 3520 ταῦτα
2570 3470 2949 3535 σοφοῖς.”’οταν
2978 3466 3068 3523 οὖν
3097 3472 3416 3543 εὑρίσκηται
3443 3473 3620 3541 λέγων

2049 3554 2078 3605 6
2111 3554 2239 3617 Υίός
2263 3571 2275 3583 ’
2300 3556 2533 3628 «Πάτερ,
2561 3557 2779 3622 δόξασόν
2811 3577 2877 3630 με
2900 3563 2965 3632 τῇ
2995 3561 3118 3633 δόξῃ
3214 3558 3355 3633 εἶχον
3388 3564 3490 3632 πρὸ
3522 3564 3620 3616 τοῦ

2046 3643 2139 3696 τὸν
2167 3644 2370 3715 κόσμον
2392 3642 2533 3701 εἶναι
2560 3648 2711 3719 παρὰ
2738 3650 2840 3714 σοὶ,
2870 3670 2888 3701 ι
2922 3655 3060 3704 νοεῖν
3082 3654 3371 3707 ἀκόλουθον
3392 3654 3617 3708 τοιῶσδε

2044 3734 2105 3787 τὸ
2130 3735 2418 3806 λεγόμενον
2438 3756 2450 3770 ·
2483 3740 2799 3813 ἐπειδήπερ,
2828 3743 3011 3813 φησὶν,
3038 3737 3082 3797 ὦ
3107 3746 3307 3816 Πάτερ,
3330 3745 3617 3817 ἄνθρωπος

2044 3825 2111 3877 δι’
2142 3828 2451 3898 οἰκονομίαν
2502 3832 2778 3900 γεγονὼς,
2828 3834 2961 3887 αὐτὸ
3000 3835 3064 3905 δὴ
3118 3836 3276 3889 τοῦτο
3322 3837 3615 3907 νομίζομαι

2048 3917 2205 3987 μόνον
2240 3920 2375 3991 ὅπερ
2409 3922 2647 3993 ὁρῶμαι,
2680 3925 2773 3978 καὶ
2809 3927 2869 3978 οὐ
2918 3925 3128 3990 πολλοῖς
3178 3926 3495 3997 πρωιὼνιος
3536 3928 3614 3981 ὢν

2044 4007 2169 4071 Υἱὸς
2214 4008 2569 4081 γινώσκομαι,
2596 4014 2815 4080 δόξασόν
2862 4033 2949 4087 με,
2995 4018 3113 4070 ἀντὶ
3140 4018 3254 4084 τοῦ,
3296 4019 3615 4091 Φανέρωσόν

2047 4116 2134 4168 με,
2152 4100 2404 4169 τοιαύτην
2426 4103 2597 4168 ἐνθεὶς
2627 4107 2753 4176 περὶ
2782 4107 2915 4176 ἐμοῦ
2936 4108 3131 4176 γνῶσιν
3152 4111 3262 4172 τοῖς
3282 4108 3608 4179 ἀνθρώποις,

2040 4188 2229 4241 ὁποίαν
2254 4188 2320 4243 ἂν
2348 4191 2588 4261 δέχοιντο
2614 4196 2740 4264 περὶ
2773 4195 2931 4265 ἐμοῦ,
2960 4196 3054 4249 καὶ
3081 4197 3209 4267 πρὶν
3237 4196 3487 4264 γενέσθαι
3516 4200 3609 4252 τὸν

2039 4277 2242 4349 κόσμον
2271 4280 2535 4353 ὑπάρχειν
2563 4284 2868 4349 ἀκούοντες,
2892 4286 3022 4340 Θεὸν
3043 4287 3240 4359 δηλαδὴ
3262 4289 3399 4342 κατὰ
3422 4290 3607 4359 φύσιν,

2040 4366 2154 4435 φῶς
2181 4370 2246 4423 ἐκ
2277 4372 2475 4440 φωτὸς,
2505 4374 2761 4446 ἀλήθειαν
2788 4376 2847 4441 ἐξ
2872 4376 3124 4448 ἀληθινοῦ
3148 4380 3474 4450 προελθόντα
3495 4383 3605 4434 Πα-

1283 4447 1347 4489 ex
1403 4452 1531 4495 vero
1562 4441 1717 4499 Patre
1749 4462 1937 4515 proce-

2061 4460 2186 4529 πρός.
2209 4462 2532 4535 Γνωσόμεθα
2560 4441 2615 4518 δέ
2637 4466 2793 4521 τοῦτο
2817 4441 3047 4539 μάλιστα
3065 4469 3151 4522 διὰ
3175 4441 3271 4540 ⁸ιίῆς
3288 4472 3600 4541 ἐπαγωγῆς.

2040 4573 2058 4604 ι
2085 4552 2312 4618 Δόξασόν
2346 4572 2413 4625 με
2446 4575 2465 4608 ι
2502 4557 2629 4629 γάρ,
2664 4560 2848 4630 φησὶν,
2874 4561 2996 4615 ἀντὶ
3028 4562 3386 4633 τοῦ,Φανερόν
3417 4582 3484 4633 με
3510 4583 3605 4617 xc.

2032 4646 2321 4715 τάστησον,
2352 4649 2537 4720 ἐπειδή
2576 4668 2667 4702 σου
2710 4652 2864 4720 κάγὼ
2913 4652 2973 4705 τὸ
3018 4654 3187 4725 ὄνομα
3240 4656 3602 4725 πεφανέρωκα

2031 4740 2145 4800 τοῖς
2173 4738 2500 4809 ἀνθρώποις.
2537 4742 2602 4795 El
2630 4743 2806 4797 τοίνυν
2852 4745 2988 4817 ὅπερ
3034 4747 3300 4817 πεποίηκε
3344 4749 3599 4816 γενέσθαι

2032 4820 2299 4897 βούλεται,
2337 4830 2552 4896 ὲδόξασε
2593 4832 2650 4885 δὲ
2690 4834 2781 4887 τὸν
2823 4835 3041 4905 Πατέρα
3088 4838 3405 4909 φανερώσας
3432 4841 3600 4895 αὑτὸν

2031 4921 2143 4981 τοῖς
2172 4920 2495 4991 ἀνθρώποις,
2522 4924 2834 4989 δοξάζεσθαι
2865 4927 3111 4996 βούλεται
3138 4930 3230 4983 καὶ
3272 4930 3453 4997 αὐτὸς,
3490 4950 3597 5000 φα·-

2031 5010 2184 5080 νερὸς
2214 5011 2317 5063 ὑπὸ
2340 5013 2433 5066 τοῦ
2458 5015 2670 5085 Πατρὸς
2691 5020 2803 5080 τοῖς
2833 5018 3138 5089 ἀνθρώποις
3165 5021 3463 5091 γινόμενος.
3483 5025 3597 5078 Καὶ

2029 5100 2281 5168 περιττὸς
2313 5103 2421 5155 τῶν
2453 5108 2830 5179 χριστομάχων
2859 5111 2887 5163 6
2914 5110 3271 5184 λόγος,τιμῆς
3295 5114 3413 5184 ἦτοι
3433 5114 3593 5187 δόξης

2029 5191 2183 5245 ἐνδεᾶ
2212 5194 2303 5248 τὸν
2336 5195 2462 5249 Υίδν
2494 5198 2780 5270 εἰσφέρων.

2704 5399 2906 5454 ΑΛΛΟ.

2091 5500 2153 5555 Εἰ
2177 5502 2334 5575 δόξης
2359 5500 2497 5560 εἶναι
2532 5510 2625 5562 καὶ
2658 5516 2822 5584 τιμῆς
2854 5515 3008 5568 ἐνδεᾶ
3039 5533 3174 5585 φατε
3204 5516 3295 5569 τὸν
3326 5518 3471 5581 Υίὸν,
3497 5518 3588 5576 διά

361 5547 587 5621 ideoque
632 5567 811 5624 petere
841 5573 899 5615 ut
934 5580 963 5617 a
1009 5564 1167 5624 Patre
1203 5547 1551 5641 gloriﬁcetur,
1584 5589 1744 5650 atque
1792 5584 1915 5641 inde

2091 5547 2152 5555 _.
2180 5547 2331 5575 ..-νη
2359 5547 2497 5560 -u...
2534 5547 2625 5562 ηυυυ
2668 5547 2818 5584 ..μηδ
2854 5547 3008 5568 ςνυιυ.
3039 5547 3174 5585 vute.
3204 5547 3295 5569 ’l-UV
3335 5547 3471 5581 ιιυν,
3497 5547 3584 5576 tua

2061 5609 2074 5644 ε
2105 5593 2262 5648 τοῦτο
2282 5600 2431 5669 παρὰ
2457 5601 2550 5653 τοῦ
2579 5602 2787 5673 Πατρὸς
2815 5605 3128 5673 δοξάζεσθαι
3155 5609 3354 5679 ζητεῖν,
3382 5611 3474 5663 καὶ
3492 5612 3584 5665 ὲν-
