3878 6208
240 362 345 421 ιιι

1660 344 2107 402 TllESAURUS.

3410 338 3513 394 “‘2

243 477 436 536 τεῦθεν
466 475 595 546 ὑμῖν
620 473 682 526 τὸ
705 472 804 544 τῆς
836 471 1221 544 ἀνομοιότητος
1251 469 1503 540 ἔγκλημα
1536 467 1819 529 πλέκεται,

1935 461 2251 518 dissimilem
2290 460 2440 515 illum
2478 459 2625 514 Patri
2672 472 2792 511 esse
2845 456 3211 520 contenditis,
3241 453 3401 510 dicite
3432 458 3514 508 vi-

245 567 431 637 λέγετε
464 567 528 637 δὴ
556 566 737 630 πάλιν,
773 562 893 628 πῶς
910 565 940 615 6
965 563 1156 634 Πατὴρ
1183 565 1241 616 ἐν
1269 562 1385 632 Υἱῷ
1415 562 1699 630 θεωρεῖται
1723 576 1737 624 ;
1762 558 1824 610 Εἰ

243 662 353 730 γὰρ
387 658 579 731 χρῄζει
605 657 762 729 δόξης
784 660 814 712 6
836 658 984 722 Υἱὸς,
1010 657 1110 710 οὐκ
1133 656 1284 719 ὄντος
1312 655 1405 708 τοῦ
1436 652 1670 724 Πατρὺς,
1708 650 1825 713 πῶς

242 752 307 806 τδ
335 751 494 823 δόξης
522 752 598 824 μὴ
626 751 901 823 δεόμενον,
932 752 988 804 ὲν
1020 749 1259 821 δεομένῳ
1282 746 1404 802 καθ’
1424 746 1568 817 ὑμᾶς
1595 743 1826 816 ὀφθήσε-

243 860 336 897 ται
354 860 369 872 ⁵

938 952 1145 1009 ΑΛΛΟ.

317 1072 381 1125 Εἰ
413 1068 667 1142 ἀληθεύει
707 1069 882 1137 λέγων
928 1070 958 1122 6
1011 1068 1239 1139 Σωτήρο
1272 1085 1291 1117 ι
1313 1066 1371 1120 Ὀ
1407 1062 1666 1135 ἑωρακὼς
1701 1061 1822 1132 ἐμὲ,

244 1163 458 1233 ἑώρακε
486 1160 579 1214 τὸν
600 1161 838 1232 Πατέρα,
868 1178 887 1210 ι
924 1158 1136 1213 τελείαν
1169 1158 1281 1228 ἔχει
1309 1155 1408 1227 τὴν
1432 1154 1609 1219 δόξαν,
1639 1153 1826 1221 ὥσπερ

246 1253 343 1306 καὶ
370 1252 399 1304 6
426 1250 637 1322 Πατὴρ,
675 1251 766 1304 ἵνα
810 1250 1064 1320 φαίνηται
1095 1248 1190 1300 καὶ
1218 1249 1276 1301 ὲν
1302 1244 1472 1316 αὐτῷ.
1501 1245 1577 1297 Οὐ
1611 1242 1718 1313 γὰρ
1762 1240 1827 1294 ἂν

244 1342 676 1414 ἀπαραλλάκτως
697 1346 755 1396 ἐν
784 1340 963 1411 ἐαυτῷ
981 1341 1173 1405 δείξειε
1195 1339 1288 1393 τὸν
1315 1337 1554 1409 Πατέρα,
1577 1337 1650 1407 μὴ
1669 1332 1828 1387 τοῦτο

242 1432 320 1489 ὣν
348 1435 443 1489 καὶ
474 1436 615 1491 κατὰ
636 1434 735 1489 τὴν
759 1434 935 1499 δόξαν,
971 1435 1108 1504 ὅπερ
1136 1431 1342 1495 ἐκεῖνός
1367 1433 1535 1487 ἐστιν.

933 1634 1138 1687 ΑΛΛΟ.

315 1747 378 1800 El
407 1746 567 1819 δόξης
588 1747 734 1801 ἐστὶν
763 1746 951 1818 ἐνδεὴς
979 1749 1007 1800 ὁ
1030 1746 1181 1813 Υἱὸς,
1216 1744 1405 1817 ἕτερόν
1446 1762 1504 1797 τι
1550 1744 1703 1815 παρὰ
1735 1744 1828 1797 τὸν

1926 555 2135 618 cissitn,
2180 552 2451 622 quomodo
2492 549 2651 604 Pater
2685 550 2737 601 in
2771 546 2906 600 Filio
2934 546 3238 616 appareat?
3274 545 3332 601 Si
3368 547 3512 601 enim

1924 646 2097 702 Filius
2126 644 2293 713 gloria
2330 644 2554 712 indiget,
2586 640 2749 695 Pater
2778 654 2904 694 vero
2929 655 3035 694 non
3066 639 3225 703 item,
3245 642 3514 708 quomodo

1925 739 1978 794 id
2001 739 2146 808 quod
2173 737 2342 808 gloria
2374 753 2478 791 non
2512 747 2655 806 eget,
2687 743 2945 793 cernetur
2975 735 3030 789 in
3066 748 3134 790 eo
3157 734 3323 804 quod,
3356 732 3512 801 juxta

1924 840 2165 886 vestram
2194 830 2526 901 opinionem,
2567 830 2732 901 eget?

2608 941 2838 1001 ALIUD.

1996 1060 2055 1114 Si
2100 1073 2228 1114 vere
2260 1057 2391 1113 dicit
2433 1057 2692 1113 Servator
2722 1076 2737 1111 :
2774 1077 2792 1109 ι
2824 1058 2924 1124 Qui
2972 1057 3105 1112 vidit
3143 1070 3250 1121 me,
3287 1054 3422 1109 vidit
3456 1064 3512 1109 et

1925 1153 2142 1208 Patrem
2168 1152 2213 1183 ²⁰
2245 1171 2258 1206 :
2297 1171 2314 1205 ι
2344 1151 2638 1221 perfectam
2667 1166 2884 1221 quoque
2912 1149 3069 1203 habet
3093 1147 3340 1219 gloriam,
3369 1148 3513 1201 sicut

1926 1258 1983 1303 et
2005 1247 2185 1309 Pater,
2221 1254 2281 1299 ut
2317 1244 2573 1298 nimirum
2612 1246 2665 1296 in
2699 1243 2815 1311 ipso
2848 1241 3118 1295 videatur.
3152 1238 3337 1307 Neque
3366 1239 3509 1292 enim

1926 1337 2292 1394 omnimodam
2318 1336 2495 1390 Patris
2521 1335 2928 1389 similitudinem
2955 1334 3007 1386 in
3038 1332 3214 1401 seipso
3239 1331 3508 1396 ostendat,

1928 1432 2031 1487 nisi
2076 1431 2179 1486 hoc
2219 1431 2395 1501 ipsum
2442 1428 2605 1484 etiam
2638 1426 2826 1498 gloriae
2864 1427 3075 1480 ratione
3107 1426 3198 1487 sit,
3241 1422 3381 1492 quod
3422 1421 3512 1475 ille

1929 1532 2031 1581 est.

2606 1632 2768 1690 ALlU
2781 1634 2838 1688 D.

2002 1751 2060 1806 Si
2107 1750 2276 1806 Filius
2302 1760 2423 1821 eget
2470 1750 2664 1820 gloria,
2711 1749 2982 1804 diversum
3028 1745 3230 1815 aliquid
3275 1761 3304 1799 a
3352 1744 3513 1799 Patre

242 1839 466 1908 Πατέρα
502 1814 768 1909 (ρανεῖται.
801 1840 875 1893 Οὐ
906 1814 1017 1909 γὰρ
1048 1838 1115 1892 ἂν
1158 1838 1244 1909 εἴη
1275 1814 1335 1892 τῦ
1370 1837 1546 1900 ἐνδεές
1577 1814 1719 1901 τινος
1750 1835 1819 1907 τῷ

1935 1857 2049 1897 esse
2069 1814 2556 1910 cerneturrNeq‘ue
2590 1814 2735 1897 enim
2773 1842 2823 1894 id
2853 1839 2995 1910 quod
3029 1814 3193 1908 260
3215 1836 3395 1905 aliquo
3426 1837 3510 1888 in-

241 1931 547 2003 παντελειῳ
571 1932 785 1985 ταυτόν.
822 1933 884 1985 Εἰ
928 1931 986 1985 δὲ
1030 1930 1282 2001 ἀληθεύει
1326 1929 1500 1998 λέγων
1540 1932 1567 1982 6
1592 1930 1786 2001 Σωτήρ
1809 1947 1821 1960 ’

248 2045 268 2077 ι
291 2023 434 2092 Ἐγὼ
460 2024 553 2077 καὶ
587 2026 615 2078 6
645 2025 834 2095 Πατὴρ
863 2024 920 2077 ἓν
950 2025 1136 2094 ἐσμεν,
1167 2042 1185 2073 ›
1221 2022 1374 2075 ἔσται
1405 2021 1609 2085 τέλειος
1637 2021 1826 2093 ὥσπερ

241 2115 341 2170 καὶ
367 2116 396 2168 6
427 2115 637 2186 Πατὴρ,
675 2116 812 2187 πρὸς
842 2116 901 2170 ὃν
927 2117 1076 2169 ἐστιν
1106 2115 1185 2168 ἓν.
1220 2115 1284 2167 Εἰ
1311 2114 1369 2167 δὲ
1397 2113 1577 2180 τοῦτο,
1613 2112 1825 2169 τελείαν

240 2206 356 2277 ἔχει
382 2207 481 2277 τὴν
508 2207 683 2274 δόξαν,
716 2207 906 2278 ὥσπερ
934 2209 1029 2260 καὶ
1054 2210 1082 2261 ὁ
1109 2208 1375 2279 γεννήσας
1403 2207 1588 2262 αὐτόν.

700 2417 1068 2503 ΛΟΓΟΣ
1143 2414 1341 2510 ΛΑ’.

239 2574 400 2665 Πρὸς
430 2574 573 2641 τοὺς
596 2575 907 2698 fagum,
946 2575 1035 2629 ὅτι
1058 2579 1091 2655 ῤ
1114 2574 1258 2663 Θεὸς
1279 2574 1413 2641 περὶ
1452 2573 1564 2642 τῆς
1605 2574 1825 2628 ἑαυτοῦ

313 2645 527 2700 ουσιαι·
547 2646 658 2699 ουδ
747 2645 938 2699 πλέον
963 2646 1134 2700 ἡμων
1152 2647 1497 2699 ἐπιστατεῖν
1521 2646 1657 2699 ἀλλ’
1680 2645 1825 2700 ὅπερ

313 2645 527 2711 σὺσιας
547 2645 729 2699 οὐδὲν
747 2645 938 2699 πλέον
963 2645 1134 2717 ἡμῶν
1152 2647 1470 2699 ἐπίσταται
1484 2662 1497 2674 '
1521 2646 1657 2699 ἀλλ’
1680 2645 1825 2712 ὅπερ

315 2716 394 2772 ἂν
421 2716 603 2781 αὐτὸς
640 2716 824 2785 εἰδείη
868 2718 999 2785 περὶ
1036 2717 1274 2781 ἑαυτοῦ,
1313 2715 1491 2769 τοῦτο
1522 2717 1620 2770 καὶ
1655 2715 1826 2786 ἡμεῖς

314 2785 809 2843 ἀπαραλλάκτως.

400 2802 809 2856 αραλαακτως.

468 2902 787 2968 Ἇντίθεσις
825 2902 905 2967 ὡς
942 2901 1011 2955 ἐκ
1048 2902 1167 2955 τῶν
1202 2902 1278 2956 δι’
1308 2902 1605 2966 ἐναντίας.

326 3014 618 3087 ’Δγένητός
635 3017 811 3078 ἐστιν,
831 3017 1014 3084 φασιν,
1036 3019 1071 3088 ή
1088 3016 1180 3070 τοῦ
1197 3017 1335 3071 Θεοῦ
1355 3017 1537 3085 σοφία,
1557 3019 1651 3070 καὶ
1667 3016 1824 3070 τοῦτό

1931 1935 2093 2004 diget,
2131 1934 2270 1990 idem
2298 1935 2402 1989 erit
2425 1950 2546 1988 cum
2574 1948 2640 1989 eo
2670 1933 2811 2003 quod
2849 1931 3325 2000 perfectissimum.
3360 1927 3430 1981 At
3464 1927 3511 1981 si

1928 2043 2057 2083 vere
2089 2028 2223 2083 dicit
2252 2027 2509 2083 Servatur
2543 2044 2557 2081 :
2591 2045 2609 2079 ι
2633 2027 2745 2095 Ego
2771 2035 2826 2080 et
2853 2027 3012 2079 Pater
3042 2038 3207 2078 unum
3239 2036 3450 2085 sumus,
3486 2036 3506 2070 ι

1929 2129 2078 2176 certe
2101 2119 2372 2190 perfectus
2398 2120 2503 2174 erit
2530 2120 2672 2174 sicut
2716 2128 2769 2173 et
2815 2117 2996 2182 Pater,
3040 2132 3163 2170 curn
3206 2130 3313 2182 quo
3344 2126 3510 2167 unum

1927 2222 2029 2269 est.
2064 2212 2121 2268 Si
2149 2228 2280 2268 vero
2309 2213 2409 2267 hoc
2438 2213 2511 2266 ita
2535 2221 2638 2276 est,
2678 2210 2975 2280 perlectam
3007 2209 3172 2277 igitur
3203 2206 3363 2262 habet
3391 2204 3511 2275 glo-

1928 2304 2088 2368 riam,
2120 2304 2573 2373 quemadmodum
2604 2302 2697 2372 qui
2723 2302 2896 2371 ipsum
2932 2302 3140 2371 genuit.

2218 2428 2798 2522 ASSERTIO
2867 2428 3234 2517 XXXI.

1927 2587 2189 2641 Adversus
2222 2585 2450 2638 dicentes
2479 2582 2619 2652 quod
2670 2582 2812 2635 Deus
2839 2581 3001 2633 nihilo
3023 2580 3138 2648 plus
3156 2579 3294 2652 sciat
3323 2580 3387 2652 de
3412 2593 3510 2652 sua

1997 2656 2227 2710 essentia
2281 2672 2440 2723 quam
2491 2650 2629 2716 Vnos;
2695 2654 2784 2706 sed
2836 2652 3092 2720 quidquid
3146 2651 3257 2723 ipse
3306 2650 3511 2723 scitwdc

1998 2728 2188 2794 διείρεο,
2236 2718 2464 2792 ἱάῖρδυηι
2499 2734 2547 2778 et
2597 2740 2690 2777 nos
2730 2718 2933 2791 quoque
2972 2718 3105 2774 citra
3148 2722 3311 2773 ullam
3356 2718 3529 2786 αὶῇπε-Γ

1999 2799 2223 2851 tentiam
2264 2797 2398 2850 scire

2394 2910 2469 2968 Ob
2468 2911 2628 2983 jectio
2660 2911 3046 2966 Itwrettcorum.

1999 3024 2274 3095 Sapientia
2314 3024 2432 3089 Dei,
2479 3023 2751 3092 inquiunt,
2807 3028 2892 3075 est
2938 3035 3043 3073 non
3091 3016 3310 3088 genita;
3351 3023 3512 3083 atque

241 3112 359 3167 ἔστι
382 3109 445 3163 τὸ
459 3104 604 3166 εἶναι
616 3111 774 3180 αὐτῇ.
788 3109 996 3163 Οὐκοῦν
1012 3112 1039 3163 6
1054 3109 1336 3178 γινώσκων
1356 3111 1507 3163 ὅτιπε
1518 3127 1547 3180 ρ
1565 3110 1724 3163 τοῦτο
1738 3110 1819 3180 εἴη

1935 3119 2032 3175 hoc
2054 3120 2333 3189 estipsius
2361 3132 2502 3173 esse.
2533 3116 2800 3183 Quocirca
2831 3114 2923 3184 qui
2957 3112 3107 3166 novit
3134 3109 3273 3177 quod
3312 3109 3413 3161 hoc
3439 3108 3511 3161 sit

239 3205 399 3270 Θεὸς,
420 3205 624 3257 εἴσεται
652 3204 867 3268 πάντως
894 3202 1075 3256 αὐτόν.
1094 3200 1215 3256 Οἵδε
1243 3204 1301 3256 δὲ
1322 3204 1416 3258 καὶ
1444 3203 1605 3266 αὐτὸς
1631 3204 1819 3257 ἑαυτὸν

1935 3212 2090 3276 Deus,
2144 3213 2316 3281 ipsum
2352 3224 2566 3279 quoque
2618 3221 2842 3277 prorsus
2895 3204 3057 3258 norit.
3112 3200 3274 3256 Novit
3329 3208 3509 3253 autem

238 3296 523 3366 ἀγένητον.
543 3295 708 3350 οὐδὲν
736 3292 829 3349 οὖν
862 3295 923 3348 τὺ
952 3296 1352 3367 παραλλάττον,
1374 3295 1541 3349 αὑτοῦ
1568 3297 1669 3368 μὲν
1696 3296 1819 3367 περὶ

1935 3306 2088 3359 etiam
2119 3304 2235 3374 ipse
2272 3318 2331 3357 se
2378 3319 2483 3355 non
2528 3300 2791 3371 genitum.
2836 3295 2982 3349 Nihil
3026 3296 3207 3365 itaque
3235 3302 3319 3349 est
3355 3290 3510 3347 diffe-

240 3387 435 3445 ἐαυτοῦ
484 3385 644 3440 τοῦτο
674 3384 1016 3452 δοξάζοντος,
1048 3385 1204 3456 ήμῶν
1245 3385 1303 3439 δὲ
1347 3381 1414 3439 αὖ
1455 3385 1617 3439 πάλιν
1650 3385 1819 3450 οὕτως

1935 3397 2135 3460 τεηιίω,
2165 3411 2287 3450 cum
2316 3404 2370 3449 et
2407 3395 2522 3463 ipse
2553 3395 2654 3448 hoc
2681 3393 2747 3448 de
2773 3406 2831 3447 se
2860 3390 3061 3447 sentiat
3095 3407 3108 3441 :
3144 3403 3242 3443 nos
3271 3400 3400 3441 vero
3425 3383 3507 3437 vi-

239 3477 384 3549 ἔχειν
410 3477 573 3531 αὐτὸν
600 3478 989 3531 πιστευόντων.

1935 3491 2109 3547 eissim
2146 3490 2219 3545 ita
2254 3505 2313 3547 se
2337 3505 2451 3544 rem
2480 3489 2682 3542 habere
2706 3487 3015 3542 credamus.

715 3589 869 3657 Πρὸς
906 3588 1082 3642 τοῦτο
1122 3589 1329 3655 λύσις.

2429 3602 2638 3657 Salutio
2672 3599 2999 3671 objectiom’s.

308 3697 491 3762 Γέλως
526 3698 625 3769 μὲν
666 3698 837 3761 ὅντως
880 3697 952 3751 τὰ
989 3698 1215 3752 τοιαῦτα
1262 3700 1356 3753 καὶ
1400 3701 1583 3771 μωρία
1627 3702 1818 3773 πολλὴ,

1994 3718 2239 3775 Ridicula
2274 3725 2424 3773 certe
2465 3717 2579 3771 hate
2624 3724 2765 3778 sunt,
2810 3723 2863 3767 et
2897 3710 3142 3767 stultitia:
3177 3710 3332 3780 plena
3372 3724 3385 3761 :
3416 3716 3509 3761 aut

242 3789 447 3861 μᾶλλον
472 3790 530 3843 δὲ
560 3790 760 3860 μανίας
786 3790 1005 3861 ἁπάσης
1043 3791 1304 3846 ἐπέκεινα
1337 3796 1507 3864 χωρεῖ⁹
1532 3797 1646 3858 τοῖς
1678 3795 1819 3849 οὕτω

1935 3811 2102 3882 potius
2137 3823 2265 3863 cum
2294 3808 2367 3861 ita
2394 3805 2571 3860 οπεοιί
2597 3812 2745 3869 sunt,
2785 3802 2999 3872 penitus
3030 3799 3327 3854 insaniunt.
3369 3793 3504 3848 Nam

237 3883 599 3954 διακειμένοις
629 3885 659 3936 ὁ
680 3882 1144 3953 νοῦς.Ἀνθρωποι
1172 3882 1281 3955 γὰρ
1310 3884 1482 3950 ὄντες,
1510 3889 1605 3940 καὶ
1632 3887 1819 3941 τοσοῦ-

1935 3918 2045 3959 :um
2105 3902 2217 3957 sint
2260 3899 2511 3954 homines
2561 3908 2616 3952 et
2672 3903 2821 3949 tanto
2862 3894 3042 3949 divina
3085 3888 3315 3944 essentia
3365 3884 3505 3939 inte-

236 3994 332 4031 τον
381 3975 819 4047 καταϐεϐηκότες
867 3976 967 4047 τὴν
1014 3975 1167 4030 θείαν
1212 3978 1421 4043 οὐσίαν,
1467 3980 1590 4033 ὅσον
1640 3980 1819 4037 αὐτῶν

1935 3996 2116 4059 riores,
2143 4001 2346 4063 quanto
2376 3990 2464 4045 ille
2486 3999 2569 4044 est
2600 3987 2869 4058 superior,
2896 3983 3142 4040 eamdem
3171 3997 3232 4037 se
3264 3995 3385 4035 cum
3415 3979 3507 4033 illa

238 4071 519 4143 ὑπερέχει,
545 4069 639 4122 τὸν
680 4068 842 4122 αὐτὸν
871 4069 1017 4140 ἔχειν
1063 4069 1250 4144 ἐκείνῃ
1286 4071 1647 4141 φαντάζονται
1674 4074 1818 4142 νοῦν,

237 4166 293 4220 et
323 4181 386 4232 γε
418 4164 498 4216 δεῖ
525 4161 795 4217 καὶτοῦτο
820 4161 1002 4231 λέγειν
1024 4162 1117 4215 ἐπὶ
1143 4162 1279 4217 Θεοῦ
1295 4179 1309 4195 ·
1335 4165 1396 4218 οὺ
1424 4165 1534 4237 γὰρ
1555 4167 1819 4238 ήκουσαν,

1935 4187 2165 4249 δροτιοις
2210 4192 2386 4247 neque
2426 4178 2571 4231 enim
2623 4174 2935 4235 audierunt,
2973 4182 3032 4225 ut
3069 4165 3365 4224 verisimile
3403 4171 3503 4229 est,

234 4258 315 4319 ὡς
339 4256 506 4319 εἰκὸς,
525 4255 743 4308 Ἡσαΐου
780 4255 1030 4322 λέγοντος
1048 4277 1061 4290 ·
1104 4273 1123 4306 ι
1154 4255 1250 4319 Τίς
1279 4256 1553 4330 ὲμέτρησε
1587 4262 1653 4331 τῇ
1679 4262 1819 4332 χειρλ¹

1935 4268 2113 4325 Isaiam
2146 4268 2416 4323 dicentem
2468 4286 2480 4320 :
2528 4285 2547 4318 ι
2578 4266 2710 4331 Quis
2745 4278 2964 4319 mensus
2992 4272 3078 4315 eat
3109 4273 3273 4313 manu
3314 4269 3502 4323 aquas,

235 4347 300 4401 τὸ
329 4347 493 4417 ὕδωρ,
528 4345 623 4399 καὶ
664 4346 756 4400 τδν
802 4346 1032 4417 οὐρανὸν
1067 4346 1351 4419 σπιθαμῇ;
1399 4350 1493 4413 Τίς
1526 4349 1667 4418 ἔγνω
1694 4352 1819 4406 νοῦν

1935 4370 1977 4417 at
2006 4361 2202 4417 caelum
2232 4358 2456 4428 palmo?
2487 4356 2621 4423 Quis
2658 4354 2807 4410 novit
2854 4362 3089 4408 mentem
3120 4347 3331 4405 Domini
3360 4346 3445 4399 ’³2
3478 4362 3499 4396 ι

1922 4096 2157 4143 mentem
2196 4085 2398 4140 habere
2427 4083 2820 4153 imaginantur,
2865 4078 2909 4135 si
2947 4081 3049 4133 hoc
3076 4076 3140 4130 de
3183 4074 3292 4129 Deo
3324 4072 3507 4127 dicere
3586 4148 3595 4153 _

238 4437 476 4508 Kuplou;
511 4455 530 4487 ι
571 4438 852 4505 Λεγόντων
884 4437 1172 4507 τοιγαροῦν
1204 4439 1335 4508 ήμῖν
1363 4440 1412 4492 οἱ
1440 4441 1540 4511 τὴν
1578 4442 1820 4516 ἀμέτρη-

235 4549 330 4585 τον
365 4532 459 4585 καί
488 4530 872 4600 ἀκατάληπτον
919 4530 1015 4583 τοῦ
1068 4530 1205 4584 Θεοῦ
1254 4531 1416 4602 φύσιν
1455 4535 1818 4607 ἀνθρωπίνοις

241 4627 461 4696 μετρεῖν
489 4623 891 4695 ἐπιχειροῦντες
915 4622 1213 4694 λογισμοῖς,
1239 4623 1425 4698 ὥσπερ
1454 4629 1504 4679 ol
1535 4629 1624 4682 τὸν
1650 4620 1815 4702 ούρα-

235 4718 327 4771 νδν
356 4716 633 4787 σπιθαμῇ·
670 4717 722 4770 τί
763 4733 894 4771 ποτε
924 4716 1035 4788 ἄρα
1077 4717 1342 4787 φήσουσιν
1369 4720 1815 4793 ἀντερωτώμενοι

236 4811 369 4879 παρ’
402 4807 581 4879 ήμῶν,
614 4808 842 4879 πότερόν
876 4825 1006 4861 ποτε
1046 4808 1185 4862 κατὰ
1214 4811 1313 4880 τὴν
1347 4811 1559 4865 ἑαυτῶν
1603 4815 1814 4886 ἐπιχεί-

240 4918 418 4972 ρησιν,
450 4901 508 4954 έν
540 4898 617 4969 τῷ
648 4901 897 4970 ἀγενήτῳ
940 4897 1080 4955 εἶναι
1128 4901 1219 4956 τὸν
1262 4902 1396 4956 Θεόν
1417 4921 1429 4934 ·
1463 4905 1557 4957 καὶ
1583 4906 1714 4959 αὐτὸ
1749 4909 1814 4980 δὴ

235 4992 393 5045 τοῦτο
410 4991 509 5063 τὴν
538 4992 774 5062 ἄρρητον
801 4991 989 5044 οὐσίαν
1011 4992 1224 5064 δηλοῦν,
1253 4996 1285 5066 ἢ
1309 4995 1461 5066 οὐχί;
1494 4998 1556 5050 El
1582 5000 1679 5069 μὲν
1705 5001 1812 5072 γὰρ

234 5084 587 5156 ἀρνήσονται,
604 5084 807 5153 οἴχεται
824 5083 1044 5155 σύμπαν
1061 5087 1246 5151 αὐτοῖς
1272 5087 1331 5140 τὸ
1361 5092 1811 5164 κατασκεύασμα,

234 5178 333 5230 καὶ
362 5179 394 5246 ἡ
429 5176 567 5247 σοφὴ
609 5177 873 5247 πρότασις
918 5176 994 5241 ὡς
1030 5177 1198 5243 ἕωλος
1222 5181 1598 5254 εὑρεθήσεται,
1635 5188 1814 5244 αὐτῶν

233 5270 373 5338 ὅπερ
406 5268 588 5321 ἔθεντο
626 5269 1080 5339 παραιτουμένων
1110 5272 1301 5326 εἰπεῖν.
1335 5275 1395 5327 Εἰ
1433 5276 1489 5329 δὲ
1521 5279 1814 5349 κρατύνειν

233 5360 437 5413 οἴονται
479 5359 588 5413 δεῖν
636 5359 699 5413 τὸ
743 5360 1196 5433 κατασκεύασμα,
1226 5365 1321 5417 καὶ
1354 5365 1495 5422 οὕτω
1521 5369 1812 5440 ληροῦντες

232 5449 677 5521 ἐλεγχθήσονται.
695 5452 769 5504 Οὐ
802 5450 912 5523 γὰρ
937 5454 1233 5526 ἐπειδήπερ
1262 5458 1545 5530 ἀγενήτως
1575 5457 1714 5517 εἶναι
1732 5464 1813 5518 δεῖ

228 5544 326 5597 τὸν
358 5544 510 5608 Θεὸν,
538 5544 624 5598 διὰ
665 5544 822 5598 τοῦτο
869 5546 1084 5610 πάντως
1129 5549 1223 5602 καὶ
1257 5552 1314 5603 ἐν
1352 5552 1432 5624 τῷ
1473 5556 1722 5628 ἀγενήτῳ
1749 5559 1811 5612 τὸ

233 5632 377 5691 εἶναι
405 5638 771 5710 ἔχει.“’ομοιον
800 5638 928 5710 γὰρ,
955 5640 1031 5704 ὡς
1060 5639 1215 5706 εἴτις
1244 5642 1412 5715 λέγοι·
1458 5648 1675 5722 Ἐπειδὴ
1700 5653 1806 5716 πᾶς

274 5813 321 5845 ⁹⁹
353 5811 508 5871 Joan.
543 5828 652 5879 xlv,
693 5813 744 5868 9.
821 5816 861 5845 "
899 5814 1000 5871 lsa.
1044 5834 1130 5882 xc,
1159 5818 1245 5871 ‘20.

1922 4456 2116 4509 Dicant
2159 4468 2289 4524 ergo
2342 4450 2496 4505 nobis
2526 4449 2618 4519 qui
2655 4449 2976 4503 immensam
3003 4452 3166 4513 atque
3195 4441 3503 4507 incompre-

1925 4549 2247 4606 hensibilem
2284 4547 2378 4600 Dei
2418 4554 2668 4600 naturam
2716 4542 2967 4598 humanis
3008 4537 3335 4601 rationibus,
3381 4548 3506 4604 per-

1924 4644 2049 4699 inde
2098 4652 2261 4711 atque
2304 4640 2385 4709 illi
2436 4639 2529 4709 qui
2564 4637 2759 4693 caelum
2818 4636 2998 4706 palmo
3044 4633 3223 4688 metiri
3285 4628 3502 4692 volunt,

1922 4735 2054 4806 qnid
2080 4735 2263 4789 dicent
2296 4733 2341 4787 si
2376 4741 2564 4786 contra
2603 4747 2634 4785 a
2667 4728 2822 4785 nobis
2856 4729 3278 4797 interrogentur,
3320 4732 3501 4777 utrum

1917 4827 2071 4896 juxta
2120 4826 2359 4895 ipsorum
2418 4822 2911 4883 ratiocinationem,
2956 4820 3007 4874 in
3050 4833 3157 4874 non
3203 4817 3386 4887 genito
3432 4813 3503 4869 sit

1922 4918 2087 4985 Deus,
2118 4926 2280 4987 atque
2310 4918 2410 4970 hoc
2437 4914 2763 4970 ineﬂ'abilem
2801 4913 2972 4983 ipsius
2998 4909 3292 4966 essentiam
3330 4906 3501 4977 signi-

1922 5008 2048 5062 ﬁcet
2097 5022 2195 5062 nec
2229 5022 2317 5063 ne.
2381 5004 2517 5060 Nam
2569 5006 2613 5061 si
2662 5004 2970 5075 negabunt,
3024 5011 3197 5057 totum
3260 5000 3499 5067 ipsorum

1921 5110 2288 5154 commentum
2346 5107 2584 5162 corruet,
2635 5107 2691 5152 et
2747 5104 2935 5165 arguta
2998 5094 3209 5148 illorum
3267 5091 3501 5158 ohjectio

1920 5207 2057 5247 vana
2112 5202 2275 5261 atque
2327 5191 2503 5245 inanis
2551 5206 2671 5244 esse
2718 5184 3182 5257 deprehendetur,
3255 5181 3502 5251 ipsismct

1917 5284 2058 5353 quod
2089 5294 2395 5339 statuerant
2434 5281 2701 5335 allirmare
2749 5279 3144 5334 recusantibus.
3186 5276 3279 5327 Sin
3323 5284 3500 5327 autem

1915 5383 2141 5446 pergent
2181 5389 2448 5441 asserere,
2475 5374 2636 5429 etiam
2681 5373 2752 5426 ita
2799 5370 2987 5425 dcliria
3024 5370 3239 5422 illorum
3270 5381 3328 5419 se
3379 5379 3501 5431 pro-

1914 5468 2045 5523 dent
2083 5488 2096 5522 :
2145 5483 2319 5536 neque
2350 5468 2493 5522 enim
2542 5466 2666 5535 quia
2704 5465 2871 5518 Deum
2914 5460 3211 5532 ingenitum
3251 5472 3372 5511 esse
3406 5471 3502 5523 0p-

1914 5569 2115 5628 portet.
2143 5561 2345 5616 idcirco
2368 5570 2422 5615 et
2454 5560 2504 5614 in
2535 5559 2778 5629 ingenito
2800 5572 2921 5612 esse
2942 5570 3097 5610 suum
3123 5552 3280 5624 261
3314 5550 3497 5606 habet.

1916 5652 2144 5710 Perinde
2200 5654 2342 5709 enim
2383 5654 2481 5709 hoc
2536 5652 2735 5717 fuerit,
2791 5666 2855 5706 ac
2896 5649 2939 5704 si
3003 5647 3123 5718 quis
3152 5646 3313 5708 dicat,
3370 5641 3496 5713 quia
