3878 6208
364 340 468 396 ιιδ

1356 338 1416 393 8.
1455 335 1722 393 CYRILLI
1763 334 2230 393 ΑιΕΧΑδυιιιΝι
2271 333 2585 390 Αιιειιιιῖρ.

3502 336 3607 393 444

363 456 543 511 omnis
602 470 856 512 numerus
915 468 1006 511 aut
1048 471 1146 526 par
1200 464 1317 523 est,
1376 464 1467 509 aut
1518 455 1689 526 impar
1746 455 1802 509 in
1847 454 1933 508 bis

2054 454 2318 525 ιριθμὸςῆ
2348 455 2533 526 ἄρτιός
2559 455 2704 508 ἐστιν
2726 454 2757 526 ἢ
2780 472 3050 527 περιττος,
3065 457 3124 511 ἐν
3145 458 3350 519 τούτοις
3378 456 3440 509 τὸ
3466 451 3610 511 εἶναι

364 564 486 605 esse
518 549 738 605 habere.
794 547 861 603 Et
910 564 1145 614 rursum,
1180 563 1305 602 eum
1351 548 1531 603 omnis
1578 560 1832 601 numerus
1874 560 1935 598 ea

368 642 574 695 unitate
601 641 933 710 compositus
959 639 1048 707 sit,
1076 639 1128 694 in
1154 639 1361 694 unitate
1391 654 1512 694 esse
1534 653 1686 693 suum
1718 636 1933 692 habere.

365 731 518 796 Item,
536 747 656 787 cum
678 731 857 787 omnis
876 732 1035 786 homo
1057 730 1128 786 sit
1150 730 1350 785 animal
1382 729 1664 792 rationale.
1689 729 1936 794 mortale,

367 824 667 879 intellectus
688 832 745 879 et
773 823 1068 894 disciplina:
1102 837 1297 893 capax,
1328 822 1597 876 hominem
1621 836 1717 890 per
1740 834 1798 875 se
1831 834 1936 873 non

367 916 681 979 subsistere,
718 915 815 970 sed
859 914 912 969 in
944 914 1028 969 his
1069 929 1190 968 esse
1228 928 1381 967 suum
1428 913 1650 965 habere.
1678 911 1935 975 Rursum,

366 1022 487 1059 cum
517 1008 693 1062 omnis
716 1008 878 1062 homo
902 1004 1288 1075 sitimplumis,
1318 1004 1369 1056 iu
1409 1017 1472 1056 eo
1503 1002 1643 1071 quod
1669 999 1938 1070 implumis

364 1096 457 1154 sit.
483 1110 601 1157 esse
640 1111 796 1157 suum
830 1096 1029 1150 habere
1061 1094 1383 1148 consistere.
1417 1093 1681 1146 Caeterum
1717 1092 1828 1145 haec
1857 1090 1937 1145 vel

368 1185 480 1241 sola
516 1187 841 1254 cogitatione
884 1186 1107 1239 ridicula
1138 1192 1279 1238 sunt.
1321 1183 1762 1251 Quandoquidem
1795 1183 1937 1236 enim

368 1280 529 1333 homo
572 1290 684 1343 est,
726 1280 1040 1344 idcircoest
1082 1276 1283 1339 animal
1330 1275 1612 1343 rationale,
1656 1275 1881 1328 mortale
1920 1291 1935 1328 :

367 1379 419 1424 et
456 1371 888 1439 quandoquidem
927 1371 1086 1424 homo
1115 1377 1217 1435 est,
1262 1366 1466 1428 idcirco
1498 1375 1581 1420 est
1609 1365 1883 1434 implumis
1920 1382 1934 1418 :

368 1470 421 1516 et
441 1461 566 1529 quia
598 1476 875 1527 numerus,
907 1460 1108 1515 idcirco
1139 1459 1191 1512 in
1218 1458 1408 1527 impari
1441 1467 1496 1510 et
1524 1456 1639 1525 pari
1670 1456 1751 1510 ﬁt.
1794 1456 1939 1522 Quo-

369 1552 533 1617 circa,
564 1553 945 1621 praesupposita
978 1552 1298 1619 substantia,
1330 1553 1509 1606 omnia
1539 1551 1791 1605 dicuntur
1820 1566 1939 1619 qua:

370 1637 436 1689 de
476 1652 538 1691 ea
574 1638 956 1706 praedicantur,
1006 1654 1115 1693 non
1159 1640 1369 1695 sublata
1418 1640 1751 1706 substantia;
1802 1639 1939 1693 sicut

368 1728 713 1783 deﬁnitiones
751 1745 869 1798 qua:
902 1730 1032 1799 ipsis
1069 1732 1340 1797 accidunt,
1383 1732 1674 1799 accipiunt.
1710 1730 1767 1785 Si
1809 1745 1937 1800 ergo

2048 546 2182 616 ἔχει.
2218 547 2327 598 Καὶ
2358 546 2539 600 πάλιν·
2582 546 2798 617 Ἐπειδὴ
2820 548 2927 611 πᾶς
2952 548 3182 618 ἀριθμὸς
3204 547 3513 616 ἀναγκαίως
3542 548 3607 600 ὲγ

2042 639 2267 710 μονάδος
2304 638 2605 707 σύγκειται,
2639 641 2697 693 ὲν
2740 643 2804 711 τῇ
2839 641 3029 712 μονάδι
3056 640 3117 695 τὸ
3145 636 3283 694 εἶναι
3322 639 3454 709 ἔχει.
3497 638 3613 701 Καὶ.

2039 734 2220 787 πάλιν·
2263 732 2480 803 Ἐπειδὴ
2506 734 2610 797 πᾶς
2637 732 2921 803 ἄνθρωπος
2943 734 3000 787 ὲν
3019 733 3096 804 τῷ
3124 728 3264 787 εἶναι
3294 732 3432 795 ζῶον
3463 731 3595 799 λογι-

2038 824 2152 887 κὸν,
2189 823 2400 895 Θνητὸν,
2435 824 2525 876 νοῦ
2558 825 2654 877 xui
2684 826 2994 897 ἐπιστήμης
3022 824 3287 885 δεκτικὸν,
3314 824 3414 878 οὐκ
3445 822 3610 885 αὐτὸς

2038 913 2268 985 ὑπάρξει
2293 914 2413 967 καθ’
2444 914 2633 968 ἑαυτὸν
2666 916 2694 967 ὁ
2734 914 3035 985 ἄνθρωπος,
3067 914 3183 968 ἀλλ’
3212 917 3269 967 ἐν
3300 913 3507 975 τούτοις
3546 911 3610 965 τὸ

2038 1001 2172 1059 εῖναι
2191 1005 2319 1071 seu.
2335 1007 2447 1059 Καὶ
2462 1005 2643 1059 πάλιν·
2663 1006 2987 1078 Ἐπειδήπερ
3010 1009 3115 1070 πᾶς
3139 1006 3234 1061 ἄνθ
3242 1023 3421 1077 ρωπος
3438 1004 3610 1058 ἄπτε-

2042 1098 2131 1168 ρός
2164 1098 2331 1160 ἐστιν,
2378 1100 2436 1151 ἐν
2467 1097 2547 1169 τῷ
2576 1099 2809 1169 ἄπτερος
2856 1093 2994 1152 εἶναι
3039 1098 3099 1151 τὸ
3144 1093 3283 1150 εἶναι
3310 1093 3610 1166 ἔχει.Ἀλλ’

2038 1189 2153 1241 ἔστι
2182 1189 2389 1257 γελοῖον
2421 1187 2491 1242 τά
2531 1189 2758 1247 τοιαῦτα
2803 1190 2898 1244 xui
2950 1190 3108 1259 μόνον
3155 1190 3373 1241 ἐννοεῖν.
3391 1185 3611 1255 Ἐπειδὴ

2038 1277 2146 1349 γὰρ
2172 1277 2477 1348 ἄνθρωπος,
2510 1276 2598 1331 διὰ
2626 1277 2785 1335 τοῦτο
2822 1278 2914 1331 καὶ
2943 1274 3079 1349 ζῶον
3111 1278 3346 1345 λογικὸν,
3376 1274 3568 1345 θνητόν
3593 1290 3606 1302 ·

2038 1346 2130 1421 xui
2157 1346 2340 1438 ἐπειδὴ
2370 1367 2675 1437 ἄνθρωπος,
2699 1366 2785 1419 διὰ
2807 1365 2965 1420 τοῦτο
2990 1346 3124 1419 ἀπτε
3135 1381 3251 1436 ρος⁸
3276 1366 3370 1425 καὶ
3395 1363 3615 1433 emas-

2039 1476 2143 1529 περ
2177 1458 2427 1529 ἀριθμὸς,
2454 1458 2542 1511 διὰ
2588 1458 2745 1511 τοῦτο
2798 1459 2855 1512 ὲν
2900 1457 2978 1528 τῷ
3027 1456 3263 1527 περιττῷ
3312 1456 3405 1509 καὶ
3438 1455 3614 1527 ἀρτίῳ

2036 1550 2265 1618 γίνεται.
2293 1550 2499 1603 Οὐκοῦν
2540 1548 2905 1619 ὑποκειμένης
2935 1549 3034 1619 τῆς
3063 1548 3270 1611 οὐσίας,
3306 1547 3481 1601 πάντα
3526 1545 3615 1599 λέ-

2037 1659 2191 1711 γεται
2224 1642 2292 1695 τὰ
2326 1644 2412 1696 ἐπ’
2439 1643 2576 1714 αὐτῇ
2608 1641 3083 1713 κατηγορούμενα,
3109 1642 3209 1694 οὐκ
3230 1638 3614 1709 ἀναιρεθείσης

2037 1733 2135 1802 τῆς
2168 1732 2372 1795 οὐσίας,
2404 1732 2480 1796 ὡς
2502 1734 2617 1802 ὅροι
2643 1733 2711 1786 τὰ
2741 1731 3222 1802 ὲπισυμϐεὸηκότα
3259 1730 3450 1792 αὐταῖς
3474 1728 3615 1797 λαμ-

370 1820 533 1873 etiatu
566 1836 665 1875 vox
690 1822 952 1890 ingenitus
979 1824 1302 1891 praedicatur
1327 1824 1393 1879 de
1418 1824 1652 1879 essentia
1679 1823 1792 1886 Dei,
1817 1833 1934 1875 tan-

2054 1791 2308 1877 δάνονται.
2335 1791 2405 1877 illi!
2449 1791 2630 1879 τοίνυν
2658 1824 2752 1878 xui
2795 1826 2828 1894 ἡ
2872 1791 3160 1893 ἀγένητος
3195 1821 3345 1892 φωνὴ
3374 1791 3616 1890 κατηγο-

371 1926 531 1979 quam
558 1928 725 1967 unum
748 1912 946 1983 aliquid
973 1928 1161 1967 eorum
1200 1929 1317 1981 qua:
1344 1914 1409 1968 ad
1445 1915 1615 1984 ipsam
1643 1915 1932 1983 pertinent,

373 2019 476 2058 non
512 2014 690 2057 autem
733 2005 965 2059 essentia
1004 2004 1117 2075 ipsa
1151 2015 1235 2059 est
1269 2005 1575 2075 (signiﬁcat
1611 2005 1752 2061 enim
1794 2004 1935 2073 quod

372 2114 477 2152 non
512 2099 583 2153 sit
612 2099 871 2171 genitus),
903 2112 1054 2157 certe
1076 2101 1311 2155 essentia
1346 2100 1439 2154 Dei
1471 2114 1575 2153 non
1605 2096 1858 2152 consistit
1884 2095 1935 2149 in

372 2188 648 2259 ingenito;
674 2193 767 2246 sed
790 2206 911 2246 cum
946 2193 1013 2248 sit
1040 2201 1201 2259 atque
1226 2191 1506 2258 subsistat,
1536 2189 1808 2260 ingenitus
1830 2196 1933 2244 est.

1040 2322 1267 2379 ALIUD.

441 2452 497 2509 Si
530 2454 786 2525 quidquid
810 2456 876 2510 de
904 2454 1020 2510 solo
1052 2454 1161 2509 Deo
1190 2452 1409 2521 dicitur,
1440 2453 1545 2509 hoc
1581 2454 1746 2508 etiam
1778 2465 1935 2522 pror-

370 2561 465 2600 sus
489 2546 788 2600 substantia
826 2545 993 2613 ipsius
1040 2534 1163 2613 est,
1211 2544 1452 2614 profecto
1480 2559 1548 2599 ex
1579 2545 1760 2599 multis
1813 2544 1941 2601 sub-

374 2635 587 2699 stautiis
618 2636 906 2690 constabit.
962 2633 1125 2689 Multa
1158 2636 1301 2690 enim
1362 2645 1489 2691 sunt
1538 2650 1658 2704 quae
1704 2636 1803 2691 soli
1837 2636 1939 2705 ipsi

374 2720 686 2776 naturaliter
755 2723 941 2777 insunt
990 2740 1005 2777 :
1060 2738 1181 2791 qua:
1234 2722 1363 2777 nulli
1418 2738 1485 2778 ex
1532 2725 1798 2780 creaturis
1853 2726 1940 2779 in-

374 2818 517 2875 sunt,
560 2810 812 2864 nimirum
869 2826 963 2867 rex
1009 2823 1065 2867 et
1122 2813 1389 2880 dominus,
1421 2823 1475 2869 et
1522 2814 1942 2884 incorruptibilis

375 2912 533 2969 atque
608 2902 925 2969 invisibilis,
973 2903 1187 2974 aliaque
1248 2904 1531 2961 innumera
1594 2921 1714 2976 qua:
1772 2921 1943 2961 sacra:

372 2989 664 3057 Scriptura:
712 2992 762 3046 ei
817 2992 1077 3048 tribuunt.
1142 2992 1200 3048 Si
1252 3009 1381 3065 ergo
1432 2996 1639 3067 singula
1692 3011 1812 3066 quae
1838 2998 1939 3066 ipsi

374 3092 577 3145 insunt,
612 3083 922 3139 substantiae
951 3085 1055 3138 vim
1090 3085 1352 3151 obtinent,
1400 3087 1671 3157 quomodo
1709 3088 1944 3143 nouerit

372 3174 702 3241 compositus
723 3175 810 3243 qui
840 3174 1070 3244 simplex
1095 3177 1213 3230 est?
1268 3176 1419 3244 Quod
1462 3179 1678 3247 quidem
1706 3180 1945 3249 cogitare

377 3264 817 3321 absurdissimum
846 3278 948 3322 est.
978 3265 1091 3321 Vox
1127 3267 1307 3337 itaque
1330 3270 1566 3339 ingenitt',
1599 3286 1719 3340 quae
1744 3272 1945 3341 aliquid

374 3370 560 3410 eorum
586 3372 705 3425 qua:
727 3357 823 3425 ipsi
853 3358 1032 3413 insunt
1064 3360 1352 3429 signiﬁcat,
1374 3362 1671 3417 substantia
1704 3379 1809 3419 non
1841 3371 1943 3431 est,

378 3446 776 3517 absurdumque
807 3459 890 3505 est
947 3450 1041 3506 Dei
1064 3452 1357 3509 essentiam
1405 3452 1461 3508 in
1504 3452 1742 3525 ingenito
1768 3455 1945 3511 consi-

376 3546 540 3595 stere.

1039 3652 1274 3710 ALIUD.

451 3761 508 3817 Si
543 3764 719 3818 omnis
761 3766 1082 3832 substantia,
1118 3783 1185 3823 ex
1227 3783 1293 3824 eo
1346 3769 1489 3840 quod
1544 3779 1628 3825 est
1676 3770 1948 3839 deﬁnitur,

382 3872 487 3911 non
522 3867 699 3910 autem
723 3873 789 3911 ex
819 3873 883 3912 eo
912 3860 1055 3929 quod
1104 3876 1210 3915 non
1246 3871 1330 3916 est
1363 3862 1560 3933 (nemo
1610 3864 1754 3917 enim
1805 3877 1951 3918 sana:

386 3949 580 4002 mentis
618 3949 878 4003 deﬁniens
904 3951 1172 4005 hominem
1229 3952 1427 4006 dixerit
1456 3966 1575 4007 esse
1604 3953 1911 4023 implumem
1933 3990 1950 4018 ,

384 4049 438 4093 et
479 4055 579 4093 non
610 4040 1035 4109 quadrupedem,
1071 4044 1162 4096 sed
1212 4044 1390 4111 pctius
1417 4059 1485 4097 ex
1518 4044 1713 4113 quibus
1744 4044 1953 4113 signiﬁ-

385 4140 537 4184 catur
560 4132 728 4201 magis
758 4134 970 4201 proprie
993 4146 1048 4189 et
1077 4149 1143 4188 ex
1190 4137 1386 4204 quibus
1416 4137 1686 4201 consistit,
1723 4139 1825 4197 ltoc
1845 4147 1949 4203 est,

386 4221 584 4276 animal
615 4223 871 4278 rationale
898 4225 1164 4289 mortale),
1188 4239 1241 4280 et
1270 4242 1368 4280 vox
1391 4228 1651 4296 ingenitas
1679 4241 1783 4281 non
1825 4227 1954 4297 quid

388 4314 458 4366 sit
483 4312 805 4367 naturaliter
837 4313 997 4381 Deus,
1026 4318 1119 4370 sed
1144 4318 1272 4385 quid
1305 4333 1408 4371 non
1440 4318 1511 4372 sit
1534 4317 1801 4386 signiﬁcat
1829 4318 1954 4389 (ni-

388 4405 461 4459 hil
484 4406 625 4459 enim
654 4406 795 4459 aliud
822 4408 1086 4477 signiﬁcat
1112 4424 1274 4478 quam
1295 4411 1439 4478 quod
1466 4424 1569 4464 non
1593 4409 1666 4465 sit
1693 4410 1953 4480 creatus),

387 4506 535 4551 certe
582 4498 883 4552 substantia
951 4513 1056 4553 non
1086 4511 1190 4567 est,
1230 4515 1403 4570 neque
1448 4499 1592 4557 Deus
1625 4501 1680 4557 in
1723 4501 1960 4572 ingenito
1988 4486 2035 4543 Ῑ)

387 4603 507 4643 esse
534 4604 687 4642 suum
720 4590 897 4643 habet.

1058 4697 1287 4754 ALIUD.

460 4834 725 4902 Quidquid
755 4834 1076 4904 przedicatur
1106 4833 1171 4888 de
1188 4833 1317 4900 alio,
1336 4841 1395 4888 ut
1416 4833 1544 4904 quid
1561 4833 1721 4906 262
1739 4833 1959 4891 sitbene

386 4928 679 4998 signiticet,
710 4926 795 4980 vel
819 4935 876 4979 ut
904 4941 1093 4996 genus,
1131 4925 1214 4981 vel
1242 4934 1301 4980 ut
1331 4927 1555 4997 species,
1580 4926 1663 4981 vel
1716 4935 1775 4981 ut
1807 4925 1960 4982 diﬁ‘e-

391 5018 584 5083 rentia,
620 5015 702 5070 vel
738 5025 795 5069 ut
821 5014 1064 5070 deﬁnitio
1106 5015 1175 5069 de
1200 5030 1264 5071 eo
1310 5015 1529 5071 dicitur.
1559 5014 1790 5071 Necesse
1811 5017 1957 5071 enim

391 5112 614 5165 omnino
640 5120 723 5163 est
765 5118 822 5161 ut
856 5123 1019 5161 unum
1052 5107 1266 5176 aliquod
1310 5122 1378 5161 ex
1417 5107 1502 5163 bis
1530 5106 1620 5161 sit.
1653 5106 1763 5161 Vox
1798 5106 1963 5178 igitur

390 5201 659 5270 quomodo
704 5200 860 5255 nobis
897 5198 1134 5252 divinam
1188 5206 1438 5252 naturam
1466 5198 1833 5269 signiﬁcabit?
1857 5198 1964 5253 Re-

391 5291 797 5361 spondeautqui
818 5290 955 5346 adeo
981 5291 1243 5347 absurdas
1267 5291 1597 5362 objectiones
1621 5300 1959 5363 proponunt;

396 5395 567 5452 neque
591 5383 733 5437 enim
760 5399 925 5453 genus
957 5392 1047 5437 aut
1075 5384 1285 5453 species
1340 5384 1519 5449 fuerit,
1548 5385 1698 5453 juxta
1747 5385 1959 5438 Aristo—

397 5473 517 5527 telis
540 5474 841 5529 doctrinam
877 5494 890 5529 :
926 5490 1050 5530 nam
1083 5490 1277 5545 genera
1307 5485 1361 5531 et
1385 5476 1592 5545 species
1626 5478 1692 5530 de
1718 5474 1965 5545 pluribus

397 5566 773 5631 praedicantur,
825 5565 1193 5622 diﬁ'erentibus
1241 5568 1496 5622 nimirum
1549 5566 1728 5636 specie
1759 5575 1815 5622 et
1863 5581 1965 5621 nu-

401 5670 566 5711 mero.
598 5654 714 5713 Vox
743 5667 924 5714 autem
961 5658 1233 5729 ingenitus
1277 5674 1379 5713 non
1411 5661 1663 5714 convenit
1699 5658 1859 5714 alicui
1882 5658 1963 5713 al-

399 5745 522 5812 teri,
551 5748 642 5801 sed
674 5747 771 5803 soli
804 5746 933 5814 Deo,
976 5750 1199 5817 ideoque
1229 5748 1292 5805 de
1325 5748 1439 5818 ipso
1474 5748 1585 5805 solo
1624 5749 1963 5820 prmdicatur.

2043 1921 2215 1989 ρεῖται
2238 1918 2337 1987 τῆς
2364 1917 2459 1971 τοῦ
2480 1918 2615 1972 Θεοῦ
2647 1918 2854 1983 οὐσίας,
2876 1918 2951 1981 ὡς
2976 1918 3034 1970 ἓν
3063 1935 3114 1970 τι
3143 1915 3251 1970 τῶν
3281 1914 3406 1985 περὶ
3428 1913 3614 1977 αὐτὸν,

2039 2012 2138 2063 οὐκ
2185 2009 2323 2079 αὐτὴ
2368 2011 2637 2079 τυγχάνον
2689 2009 2749 2063 τὸ
2796 2010 2905 2079 γὰρ
2944 2009 3021 2079 μὴ
3052 2008 3303 2077 γενέσθαι
3349 2006 3519 2077 δηλοῖ,
3550 2005 3616 2058 οὐ

2045 2102 2145 2173 μὲν
2173 2102 2251 2172 τῷ
2284 2103 2531 2171 ἀγενήτῳ
2555 2101 2616 2154 τὸ
2646 2101 2913 2171 ὑπάρχειν
2944 2097 3056 2164 ἕξει
3082 2098 3214 2163 Θεός
3233 2115 3247 2130 ·
3274 2096 3389 2152 ἀλλ’
3414 2097 3490 2150 ὣν
3520 2096 3619 2150 xui

2042 2195 2322 2266 ὑπάρχων,
2352 2194 2618 2264 ἀγένητός
2646 2195 2814 2246 ἐστιν.

2723 2325 2926 2381 AAAO.

2114 2466 2176 2520 Ei
2208 2466 2344 2536 ὅπερ
2368 2463 2435 2519 ἀν
2461 2463 2697 2534 ὑπάρχοι
2738 2464 2885 2533 μόνῳ
2925 2461 3003 2533 τῷ
3045 2460 3185 2532 Θεῷ,
3213 2458 3369 2514 τοῦτο
3400 2460 3621 2539 πάντως

2044 2559 2139 2613 xui
2163 2559 2318 2611 οὐσία
2356 2557 2508 2612 ἔσται
2536 2556 2723 2621 αὐτοῦ,
2757 2556 2823 2609 ὲκ
2852 2554 3062 2609 πολλῶν
3086 2556 3218 2626 ἡμῖν
3242 2554 3437 2608 οὐσιῶν
3480 2570 3621 2621 συγ-

2046 2652 2307 2709 κείσεται.
2336 2650 2515 2704 Πολλὰ
2561 2649 2673 2720 γάρ
2721 2651 2891 2712 ὲστιν,
2923 2647 2960 2702 ἃ
2996 2647 3141 2718 μόνῳ
3168 2646 3266 2717 μὲν
3298 2644 3445 2717 αὐτῷ
3476 2644 3622 2699 κατά

2046 2743 2207 2813 φύσιν
2235 2740 2491 2811 ὑπάρχει.
2510 2737 2714 2809 Έτέρῳ
2744 2736 2802 2791 δὲ
2832 2736 2938 2790 τῶν
2965 2736 3134 2789 όντων
3162 2733 3356 2798 οὐδενὶ,
3383 2732 3479 2785 xui
3518 2730 3622 2802 βα-

2048 2834 2246 2897 σιλεὺς,
2280 2833 2375 2885 xui
2418 2831 2624 2902 κύριος,
2655 2829 2750 2883 xui
2791 2828 3087 2899 ἄφθαρτος,
3114 2825 3207 2879 xui
3236 2825 3483 2898 ἀόρατος,
3524 2822 3624 2876 xui

2047 2924 2183 2995 πρὸς
2221 2922 2433 2984 τούτοις
2481 2921 2644 2993 ἔτερα
2695 2919 2862 2992 μυρία
2909 2917 3039 2988 περὶ
3076 2914 3241 2969 αὐτοῦ
3288 2914 3539 2982 λέγουσιν
3562 2913 3623 2967 αἱ

2049 3016 2191 3070 θεῖαι
2224 3013 2457 3087 Γραφαί.
2487 3014 2550 3067 El
2582 3011 2765 3066 τοίνυν
2799 3011 3025 3063 ἕκαστον
3055 3006 3166 3060 τῶν
3197 3004 3345 3075 αὐτῷ
3392 3002 3629 3075 προσόν-

2048 3127 2176 3172 των,
2212 3109 2270 3161 ὲν
2302 3106 2491 3168 οὐσίας
2536 3104 2689 3168 τάξει
2732 3101 2994 3163 κείσεται,
3025 3099 3144 3163 πῶς
3183 3098 3283 3151 οὐκ
3310 3096 3459 3149 ἔσται
3495 3094 3627 3149 σύν-

2048 3201 2199 3262 Θετος
2246 3200 2276 3251 ὁ
2323 3195 2558 3263 ἀπλοῦς;
2598 3196 2776 3265 Ὅπερ
2818 3193 2967 3246 ἐστὶν
3010 3191 3211 3244 ἐννοεῖν
3251 3186 3622 3241 ἀτοπώτατον.

2047 3288 2257 3343 Οὐκοῦν
2284 3289 2317 3359 ή
2346 3287 2637 3358 ἀγένητος
2661 3286 2834 3357 φωνὴ,
2852 3285 2911 3338 ἓν
2935 3300 2989 3339 τι
3008 3283 3117 3337 τῶν
3141 3281 3289 3350 αὐτῷ
3310 3280 3629 3350 προσόντων

2046 3380 2412 3452 γνωρίζουσα,
2446 3379 2547 3432 οὐκ
2572 3377 2723 3431 ἔσται
2754 3376 2935 3442 οὐσία,
2966 3375 3057 3429 καὶ
3092 3373 3345 3446 περιττὸν
3364 3373 3426 3425 τὸ
3443 3372 3630 3435 λέγειν

2057 3474 2115 3527 ὲν
2143 3471 2221 3544 τῷ
2251 3472 2501 3543 ἀγενήτῳ
2528 3470 2590 3524 τὸ
2614 3468 2754 3525 εἶναι
2786 3467 2934 3540 ἔχειν
2964 3466 3055 3521 τὸν
3083 3465 3217 3519 Θεόν

2729 3646 2940 3722 ΑΑΑοζ

2119 3784 2182 3837 Εἰ
2209 3782 2359 3834 πᾶσα
2395 3778 2551 3832 οὐσία
2596 3777 2657 3830 τὸ
2708 3775 2759 3829 τί
2794 3777 2912 3828 ἐστι
2942 3771 3195 3844 σημαίνει
3219 3770 3282 3824 τὸ
3313 3769 3637 3843 ὁριζόμενοι

2049 3871 2171 3943 οὐχὶ
2198 3870 2251 3923 τί
2282 3870 2383 3922 οὐκ
2410 3867 2556 3920 ἐστιν
2592 3868 2611 3935 (
2634 3865 2694 3918 οὐ
2732 3863 2840 3934 γάρ
2872 3863 2937 3917 ἀν
2970 3878 3053 3923 τις
3076 3861 3139 3913 εὐ
3166 3858 3379 3930 φρονῶν
3400 3859 3499 3929 τὴν
3532 3860 3631 3911 ἀν-

2052 3963 2271 4036 Θρώπου
2320 3960 2481 4030 φύσιν
2533 3956 2846 4029 ὁριζόμενος
2884 3953 3055 4023 λέγοι,
3085 3952 3342 4021 ἄπτερος,
3370 3949 3492 4021 οὐχὶ
3536 3966 3630 4002 τε-

2051 4052 2316 4125 τράπους,
2342 4049 2481 4104 ἀλλά
2510 4047 2710 4118 μᾶλλον
2738 4044 2796 4111 ἐξ
2822 4039 2898 4098 ὧν
2926 4042 3247 4114 σημαίνεται
3276 4040 3630 4112 κυριώτερον,

2054 4145 2147 4197 xui
2174 4142 2232 4208 ἐξ
2266 4134 2342 4195 ὧν
2371 4143 2508 4204 ἔστι,
2538 4138 2804 4203 τουτέστι,
2838 4135 2975 4202 ζῶον
3004 4135 3219 4204 λογικδν
3251 4133 3487 4204 Θνητδν),
3516 4133 3550 4203 ἡ
3574 4132 3636 4185 δὲ

2054 4235 2345 4305 ἀγένητος
2368 4232 2543 4303 φωνὴ,
2568 4231 2627 4283 οὐ
2658 4230 2710 4283 τί
2742 4232 2855 4282 ἐστι
2884 4226 3027 4281 κατά
3055 4227 3217 4297 φύσιν
3241 4225 3395 4289 Θεὸς,
3418 4223 3557 4280 ἀλλά
3576 4222 3639 4277 τε

2056 4329 2156 4382 οὐκ
2185 4327 2297 4380 ἐστι
2327 4326 2476 4396 δηλοῖ
2513 4326 2615 4395 (ὅτι
2645 4322 2754 4394 γὰρ
2784 4322 2857 4393 μὴ
2896 4320 3124 4391 γενητός
3153 4320 3291 4385 ἔστι,
3326 4315 3632 4389 σημαίνει),

2060 4421 2161 4474 οὐκ
2192 4420 2258 4473 ἀν
2288 4419 2372 4489 εἴη
2402 4417 2580 4481 οὐσία,
2610 4415 2731 4471 οὐδὲ
2759 4417 2816 4469 ὲν
2848 4412 2998 4485 αὐτῷ
3028 4412 3091 4467 τὸ
3119 4406 3258 4467 εἶναι
3287 4409 3401 4476 ἔξει
3427 4408 3582 4472 Θεός.

2738 4700 2944 4755 ΑΛΛΟ.

2125 4840 2241 4894 Πᾶν
2287 4838 2425 4908 ὅπερ
2468 4836 2535 4890 ἂν
2584 4837 2942 4909 κατηγοροῖτο
2990 4833 3131 4888 κατά
3174 4849 3341 4897 τινος,
3367 4832 3443 4895 ὡς
3489 4831 3554 4885 τὸ
3582 4834 3640 4887 τί

2063 4932 2210 4985 ἔστιν
2238 4923 2296 4982 εὖ
2334 4928 2476 4999 μάλα
2516 4928 2777 4997 σημαῖνον
2797 4943 2810 4957 ο
2852 4925 2886 4996 ἢ
2913 4925 2987 4989 ὡς
3020 4924 3197 4993 γένος,
3231 4925 3265 4993 ἢ
3299 4923 3375 4987 ὡς
3411 4919 3570 4987 εἶδος,
3600 4924 3640 4996 ἦ

2065 5021 2142 5084 ὡς
2168 5018 2419 5089 διαφορὰ,
2447 5018 2481 5090 ἢ
2512 5018 2586 5081 ὠς
2639 5018 2763 5089 ὄρος
2806 5016 2984 5071 ἔσται.
3035 5017 3127 5067 Δεῖ
3163 5014 3271 5085 γὰρ
3320 5014 3541 5077 πάντως
3579 5013 3644 5068 ἓν

2067 5110 2204 5166 εἶναι
2253 5112 2361 5164 τῶν
2396 5109 2722 5181 εἰρημένων.
2741 5109 2803 5160 Ἢ
2828 5106 3008 5160 τοίνυν
3054 5106 3315 5177 ἀγένητος
3343 5105 3493 5176 φωνὴ
3521 5106 3645 5169 πῶς

2068 5206 2199 5276 ἡμῖν
2246 5203 2347 5274 τὴν
2392 5201 2543 5254 θείαν
2591 5199 2781 5254 οὐσίαν
2810 5200 3074 5269 σημανεῖ;
3108 5197 3433 5266 Λεγέτωσαν
3463 5198 3511 5253 οἱ
3538 5197 3644 5260 τὰς

2069 5295 2301 5365 ἀμαθεῖς
2340 5294 2631 5365 προτάσεις
2673 5290 3051 5359 εἰσφέροντες·
3098 5289 3255 5358 γένος
3302 5289 3401 5360 μὲν
3450 5287 3560 5359 γὰρ
3604 5289 3647 5359 ἦ

2065 5381 2205 5449 εἶδος
2249 5385 2350 5437 οὐκ
2391 5382 2457 5437 ἂν
2500 5380 2608 5451 εἴη,
2652 5381 2794 5434 κατὰ
2841 5379 2941 5451 τὴν
2978 5378 3381 5451 Ἀριστοτέλους
3422 5377 3641 5448 τέχνην.

2065 5477 2225 5532 Κατά
2268 5474 2528 5528 πλειόνων
2572 5472 2681 5543 γὰρ
2724 5473 3110 5545 κατηγορεῖται
3154 5468 3222 5524 τὰ
3269 5468 3401 5540 γένη
3446 5468 3542 5521 xui
3574 5467 3649 5520 τὰ

2067 5570 2212 5640 εἴδη·
2242 5566 2607 5638 διαφερόντων
2638 5562 2718 5629 δὲ,
2744 5563 2780 5635 ἢ
2825 5564 2904 5635 τῷ
2948 5563 3079 5617 εῐδει
3108 5561 3141 5634 ἢ
3171 5561 3250 5632 τῷ
3292 5559 3532 5631 ἀριθμῷ.
3569 5559 3647 5611 Τὸ

2068 5661 2127 5715 δὲ
2157 5658 2419 5729 ἀγένητος
2444 5656 2637 5728 ὄνομα,
2671 5655 2773 5711 οὐκ
2818 5655 2886 5710 ἀν
2934 5654 3151 5727 φέροιτο
3179 5652 3323 5707 κατά
3350 5667 3494 5710 τινος
3520 5649 3647 5702 ἑτέ-

2074 5768 2188 5820 ρου,
2223 5750 2368 5820 μόνῳ
2409 5747 2468 5801 δὲ
2516 5747 2748 5819 ὑπάρχει
2783 5745 2926 5816 Θεῷ’
2957 5745 3037 5799 διὸ
3067 5744 3130 5816 δὴ
3163 5744 3283 5798 κατ’
3312 5738 3479 5797 αὐτοῦ
3507 5755 3645 5798 κατι
