  <div class='ocr_page' id='page_1' title='image "/cluster/home/n/w/nwhite01/storage/ocr_20150623/75/nnc1.0046980121/242.png"; bbox 0 0 3878 6208; ppageno 0'>
   <div class='ocr_carea' id='block_1_1' title="bbox 230 390 339 454">
    <p class='ocr_par' dir='ltr' id='par_1_1' title="bbox 230 390 339 454">
     <span class='ocr_line' id='line_1_1' title="bbox 230 390 339 454; baseline -0.083 -1"><span class='ocrx_word' id='word_1_1' title='bbox 230 390 339 454; x_wconf 71' lang='lat' dir='ltr'><strong>M5</strong></span> 
     </span>
    </p>
   </div>
   <div class='ocr_carea' id='block_1_2' title="bbox 1632 393 2064 457">
    <p class='ocr_par' dir='ltr' id='par_1_2' title="bbox 1632 393 2064 457">
     <span class='ocr_line' id='line_1_2' title="bbox 1632 393 2064 457; baseline 0.014 -6"><span class='ocrx_word' id='word_1_2' title='bbox 1632 393 2064 457; x_wconf 80' lang='lat' dir='ltr'><strong>THESAURUS.</strong></span> 
     </span>
    </p>
   </div>
   <div class='ocr_carea' id='block_1_3' title="bbox 3359 404 3466 463">
    <p class='ocr_par' dir='ltr' id='par_1_3' title="bbox 3359 404 3466 463">
     <span class='ocr_line' id='line_1_3' title="bbox 3359 404 3466 463; baseline -0.019 0"><span class='ocrx_word' id='word_1_3' title='bbox 3359 404 3466 463; x_wconf 70' lang='lat'><strong>“6</strong></span> 
     </span>
    </p>
   </div>
   <div class='ocr_carea' id='block_1_4' title="bbox 234 507 1816 591">
    <p class='ocr_par' dir='ltr' id='par_1_4' title="bbox 234 507 1795 585">
     <span class='ocr_line' id='line_1_4' title="bbox 234 507 1795 585; baseline 0.005 -25"><span class='ocrx_word' id='word_1_4' title='bbox 234 508 513 580; x_wconf 82' lang='grc' dir='ltr'>ηγορεῖται</span> <span class='ocrx_word' id='word_1_5' title='bbox 547 507 724 578; x_wconf 91' lang='grc' dir='ltr'>μόνον.</span> <span class='ocrx_word' id='word_1_6' title='bbox 741 508 948 564; x_wconf 86' lang='grc' dir='ltr'>Οὐκοῦν</span> <span class='ocrx_word' id='word_1_7' title='bbox 972 510 1074 564; x_wconf 80' lang='grc' dir='ltr'><strong>οὐκ</strong></span> <span class='ocrx_word' id='word_1_8' title='bbox 1094 511 1161 565; x_wconf 84' lang='grc' dir='ltr'>ἂν</span> <span class='ocrx_word' id='word_1_9' title='bbox 1178 510 1263 582; x_wconf 73' lang='grc' dir='ltr'><strong>εἴη</strong></span> <span class='ocrx_word' id='word_1_10' title='bbox 1291 514 1444 581; x_wconf 83' lang='grc' dir='ltr'>γένος</span> <span class='ocrx_word' id='word_1_11' title='bbox 1475 513 1533 567; x_wconf 92' lang='grc' dir='ltr'><strong>τὸ</strong></span> <span class='ocrx_word' id='word_1_12' title='bbox 1560 516 1639 577; x_wconf 84' lang='grc' dir='ltr'><strong>εἰς</strong></span> <span class='ocrx_word' id='word_1_13' title='bbox 1661 515 1795 585; x_wconf 82' lang='grc' dir='ltr'>είδη,</span> 
     </span>
    </p>
   </div>
   <div class='ocr_carea' id='block_1_5' title="bbox 1926 507 3465 591">
    <p class='ocr_par' dir='ltr' id='par_1_5' title="bbox 1926 518 3465 591">
     <span class='ocr_line' id='line_1_5' title="bbox 1926 518 3465 591; baseline 0.004 -19"><span class='ocrx_word' id='word_1_14' title='bbox 1926 518 2166 584; x_wconf 58' lang='lat' dir='ltr'><strong>Quocirca</strong></span> <span class='ocrx_word' id='word_1_15' title='bbox 2215 537 2320 576; x_wconf 88' lang='lat' dir='ltr'><strong>non</strong></span> <span class='ocrx_word' id='word_1_16' title='bbox 2348 531 2451 577; x_wconf 89' lang='lat' dir='ltr'><strong>ertt</strong></span> <span class='ocrx_word' id='word_1_17' title='bbox 2500 536 2686 591; x_wconf 86' lang='lat' dir='ltr'><strong>genus,</strong></span> <span class='ocrx_word' id='word_1_18' title='bbox 2719 528 2858 591; x_wconf 77' lang='lat' dir='ltr'><strong>quon</strong></span> <span class='ocrx_word' id='word_1_19' title='bbox 2893 537 2944 574; x_wconf 84' lang='lat' dir='ltr'><strong>tn</strong></span> <span class='ocrx_word' id='word_1_20' title='bbox 2995 535 3201 589; x_wconf 88' lang='lat' dir='ltr'><strong>spectes</strong></span> <span class='ocrx_word' id='word_1_21' title='bbox 3224 533 3278 575; x_wconf 92' lang='lat' dir='ltr'><strong>et</strong></span> <span class='ocrx_word' id='word_1_22' title='bbox 3310 522 3465 579; x_wconf 80' lang='lat' dir='ltr'><strong>diﬁc-</strong></span> 
     </span>
    </p>
   </div>
   <div class='ocr_carea' id='block_1_6' title="bbox 235 600 1797 676">
    <p class='ocr_par' dir='ltr' id='par_1_6' title="bbox 235 600 1797 676">
     <span class='ocr_line' id='line_1_6' title="bbox 235 600 1797 676; baseline 0.004 -23"><span class='ocrx_word' id='word_1_23' title='bbox 235 600 329 654; x_wconf 79' lang='grc' dir='ltr'>καὶ</span> <span class='ocrx_word' id='word_1_24' title='bbox 360 601 642 670; x_wconf 81' lang='grc' dir='ltr'>διαφορὰς,</span> <span class='ocrx_word' id='word_1_25' title='bbox 673 601 764 653; x_wconf 80' lang='grc' dir='ltr'>καὶ</span> <span class='ocrx_word' id='word_1_26' title='bbox 792 600 1021 673; x_wconf 84' lang='grc' dir='ltr'>ἀριθμὸν</span> <span class='ocrx_word' id='word_1_27' title='bbox 1050 602 1343 673; x_wconf 81' lang='grc' dir='ltr'><strong>τέμνεσθαι</strong></span> <span class='ocrx_word' id='word_1_28' title='bbox 1375 604 1451 676; x_wconf 78' lang='grc' dir='ltr'>μὴ</span> <span class='ocrx_word' id='word_1_29' title='bbox 1482 604 1797 675; x_wconf 83' lang='grc' dir='ltr'>δυνάμενον.</span> 
     </span>
    </p>
   </div>
   <div class='ocr_carea' id='block_1_7' title="bbox 248 691 1802 769">
    <p class='ocr_par' dir='ltr' id='par_1_7' title="bbox 248 691 1802 769">
     <span class='ocr_line' id='line_1_7' title="bbox 248 691 1802 769; baseline 0.005 -24"><span class='ocrx_word' id='word_1_30' title='bbox 248 691 389 745; x_wconf 82' lang='grc' dir='ltr'>Ἀλλ’</span> <span class='ocrx_word' id='word_1_31' title='bbox 423 694 540 762; x_wconf 78' lang='grc' dir='ltr'><strong>ὲρεί</strong></span> <span class='ocrx_word' id='word_1_32' title='bbox 568 708 652 755; x_wconf 89' lang='grc' dir='ltr'><strong>τις</strong></span> <span class='ocrx_word' id='word_1_33' title='bbox 676 693 859 763; x_wconf 76' lang='grc' dir='ltr'>τυχὸν,</span> <span class='ocrx_word' id='word_1_34' title='bbox 889 695 1013 765; x_wconf 83' lang='grc' dir='ltr'>ὅρον</span> <span class='ocrx_word' id='word_1_35' title='bbox 1037 691 1176 750; x_wconf 76' lang='grc' dir='ltr'>εἶναι</span> <span class='ocrx_word' id='word_1_36' title='bbox 1208 696 1270 749; x_wconf 90' lang='grc' dir='ltr'><strong>τὸ</strong></span> <span class='ocrx_word' id='word_1_37' title='bbox 1298 697 1591 769; x_wconf 86' lang='grc' dir='ltr'>ἀγένητον·</span> <span class='ocrx_word' id='word_1_38' title='bbox 1622 699 1802 753; x_wconf 79' lang='grc' dir='ltr'><strong>ὲντεῦ⁹</strong></span> 
     </span>
    </p>
   </div>
   <div class='ocr_carea' id='block_1_8' title="bbox 232 782 1802 858">
    <p class='ocr_par' dir='ltr' id='par_1_8' title="bbox 232 782 1802 858">
     <span class='ocr_line' id='line_1_8' title="bbox 232 782 1802 858; baseline 0.004 -25"><span class='ocrx_word' id='word_1_39' title='bbox 232 782 328 834; x_wconf 83' lang='grc' dir='ltr'>θεν</span> <span class='ocrx_word' id='word_1_40' title='bbox 354 782 485 851; x_wconf 76' lang='grc' dir='ltr'>ἡμῖν</span> <span class='ocrx_word' id='word_1_41' title='bbox 512 783 607 835; x_wconf 77' lang='grc' dir='ltr'><strong>καὶ</strong></span> <span class='ocrx_word' id='word_1_42' title='bbox 631 782 788 836; x_wconf 88' lang='grc' dir='ltr'>τοῦτο</span> <span class='ocrx_word' id='word_1_43' title='bbox 818 783 1012 853; x_wconf 79' lang='grc' dir='ltr'>ψεῦδος</span> <span class='ocrx_word' id='word_1_44' title='bbox 1034 784 1093 838; x_wconf 80' lang='grc' dir='ltr'><strong>ὂν</strong></span> <span class='ocrx_word' id='word_1_45' title='bbox 1117 784 1525 855; x_wconf 77' lang='grc' dir='ltr'>ἐλεγχθήσεται.</span> <span class='ocrx_word' id='word_1_46' title='bbox 1557 788 1671 851; x_wconf 78' lang='grc' dir='ltr'><strong>Πᾶς</strong></span> <span class='ocrx_word' id='word_1_47' title='bbox 1701 787 1802 858; x_wconf 77' lang='grc' dir='ltr'>μὲν</span> 
     </span>
    </p>
   </div>
   <div class='ocr_carea' id='block_1_9' title="bbox 233 872 1805 950">
    <p class='ocr_par' dir='ltr' id='par_1_9' title="bbox 233 872 1805 950">
     <span class='ocr_line' id='line_1_9' title="bbox 233 872 1805 950; baseline 0.004 -25"><span class='ocrx_word' id='word_1_48' title='bbox 233 872 343 944; x_wconf 82' lang='grc' dir='ltr'><strong>γὰρ</strong></span> <span class='ocrx_word' id='word_1_49' title='bbox 371 874 497 944; x_wconf 83' lang='grc' dir='ltr'>ὄρος</span> <span class='ocrx_word' id='word_1_50' title='bbox 529 874 685 943; x_wconf 87' lang='grc' dir='ltr'><strong>λόγος</strong></span> <span class='ocrx_word' id='word_1_51' title='bbox 713 875 852 939; x_wconf 77' lang='grc' dir='ltr'>ἐστὶ,</span> <span class='ocrx_word' id='word_1_52' title='bbox 880 875 942 929; x_wconf 92' lang='grc' dir='ltr'><strong>τὸ</strong></span> <span class='ocrx_word' id='word_1_53' title='bbox 972 876 1025 929; x_wconf 83' lang='grc' dir='ltr'><strong>τί</strong></span> <span class='ocrx_word' id='word_1_54' title='bbox 1053 877 1169 929; x_wconf 77' lang='grc' dir='ltr'>ἐστι</span> <span class='ocrx_word' id='word_1_55' title='bbox 1214 880 1335 930; x_wconf 88' lang='grc' dir='ltr'>κατ’</span> <span class='ocrx_word' id='word_1_56' title='bbox 1365 877 1551 932; x_wconf 91' lang='grc' dir='ltr'>οὐσίαν</span> <span class='ocrx_word' id='word_1_57' title='bbox 1598 879 1659 931; x_wconf 82' lang='grc' dir='ltr'><strong>τὸ</strong></span> <span class='ocrx_word' id='word_1_58' title='bbox 1710 895 1805 950; x_wconf 83' lang='grc' dir='ltr'>ση-</span> 
     </span>
    </p>
   </div>
   <div class='ocr_carea' id='block_1_10' title="bbox 236 965 1800 1040">
    <p class='ocr_par' dir='ltr' id='par_1_10' title="bbox 236 965 1800 1040">
     <span class='ocr_line' id='line_1_10' title="bbox 236 965 1800 1040; baseline 0.004 -22"><span class='ocrx_word' id='word_1_59' title='bbox 236 965 563 1036; x_wconf 78' lang='grc' dir='ltr'><strong>μαινόμενον</strong></span> <span class='ocrx_word' id='word_1_60' title='bbox 591 967 901 1031; x_wconf 85' lang='grc' dir='ltr'>ἀποδιδούς·</span> <span class='ocrx_word' id='word_1_61' title='bbox 938 969 999 1022; x_wconf 91' lang='grc' dir='ltr'><strong>τὸ</strong></span> <span class='ocrx_word' id='word_1_62' title='bbox 1028 968 1085 1021; x_wconf 81' lang='grc' dir='ltr'>δὲ</span> <span class='ocrx_word' id='word_1_63' title='bbox 1128 970 1410 1040; x_wconf 79' lang='grc' dir='ltr'><strong>ἀγένητος,</strong></span> <span class='ocrx_word' id='word_1_64' title='bbox 1447 971 1507 1025; x_wconf 88' lang='grc' dir='ltr'><strong>οὐ</strong></span> <span class='ocrx_word' id='word_1_65' title='bbox 1535 970 1693 1039; x_wconf 80' lang='grc' dir='ltr'><strong>λόγος</strong></span> <span class='ocrx_word' id='word_1_66' title='bbox 1721 970 1800 1036; x_wconf 78' lang='grc' dir='ltr'>ὃν,</span> 
     </span>
    </p>
   </div>
   <div class='ocr_carea' id='block_1_11' title="bbox 235 1056 1805 1133">
    <p class='ocr_par' dir='ltr' id='par_1_11' title="bbox 235 1056 1805 1133">
     <span class='ocr_line' id='line_1_11' title="bbox 235 1056 1805 1133; baseline 0.005 -25"><span class='ocrx_word' id='word_1_67' title='bbox 235 1056 353 1109; x_wconf 83' lang='grc' dir='ltr'>ἀλλ’</span> <span class='ocrx_word' id='word_1_68' title='bbox 380 1056 549 1127; x_wconf 74' lang='grc' dir='ltr'>ὄνομα</span> <span class='ocrx_word' id='word_1_69' title='bbox 599 1058 870 1127; x_wconf 81' lang='grc' dir='ltr'>φαίνεται.</span> <span class='ocrx_word' id='word_1_70' title='bbox 916 1060 1158 1133; x_wconf 88' lang='grc' dir='ltr'>Διαφορά</span> <span class='ocrx_word' id='word_1_71' title='bbox 1208 1061 1493 1130; x_wconf 83' lang='grc' dir='ltr'><strong>τοιγαροῦν</strong></span> <span class='ocrx_word' id='word_1_72' title='bbox 1549 1062 1701 1116; x_wconf 74' lang='grc' dir='ltr'>ἔσται</span> <span class='ocrx_word' id='word_1_73' title='bbox 1742 1063 1805 1115; x_wconf 88' lang='grc' dir='ltr'><strong>τὸ</strong></span> 
     </span>
    </p>
   </div>
   <div class='ocr_carea' id='block_1_12' title="bbox 232 1146 1805 1223">
    <p class='ocr_par' dir='ltr' id='par_1_12' title="bbox 232 1146 1805 1223">
     <span class='ocr_line' id='line_1_12' title="bbox 232 1146 1805 1223; baseline 0.004 -24"><span class='ocrx_word' id='word_1_74' title='bbox 232 1146 521 1219; x_wconf 72' lang='grc' dir='ltr'>ἀγένητον,</span> <span class='ocrx_word' id='word_1_75' title='bbox 547 1149 643 1202; x_wconf 79' lang='grc' dir='ltr'><strong>καὶ</strong></span> <span class='ocrx_word' id='word_1_76' title='bbox 678 1149 911 1221; x_wconf 79' lang='grc' dir='ltr'>διαφορὰ</span> <span class='ocrx_word' id='word_1_77' title='bbox 943 1150 1206 1221; x_wconf 86' lang='grc' dir='ltr'>οὐσιώδης</span> <span class='ocrx_word' id='word_1_78' title='bbox 1227 1169 1241 1182; x_wconf 74' lang='grc'><strong>⁸</strong></span> <span class='ocrx_word' id='word_1_79' title='bbox 1283 1152 1441 1204; x_wconf 86' lang='grc' dir='ltr'>τοῦτο</span> <span class='ocrx_word' id='word_1_80' title='bbox 1470 1152 1578 1223; x_wconf 75' lang='grc' dir='ltr'><strong>γὰρ</strong></span> <span class='ocrx_word' id='word_1_81' title='bbox 1603 1151 1664 1205; x_wconf 90' lang='grc' dir='ltr'><strong>τὸ</strong></span> <span class='ocrx_word' id='word_1_82' title='bbox 1693 1151 1805 1205; x_wconf 86' lang='grc' dir='ltr'>λει-</span> 
     </span>
    </p>
   </div>
   <div class='ocr_carea' id='block_1_13' title="bbox 236 1239 1802 1313">
    <p class='ocr_par' dir='ltr' id='par_1_13' title="bbox 236 1239 1802 1313">
     <span class='ocr_line' id='line_1_13' title="bbox 236 1239 1802 1313; baseline 0.002 -21"><span class='ocrx_word' id='word_1_83' title='bbox 236 1239 492 1310; x_wconf 75' lang='grc' dir='ltr'>πόμενον.</span> <span class='ocrx_word' id='word_1_84' title='bbox 511 1240 649 1293; x_wconf 82' lang='grc' dir='ltr'>Ἀλλ’</span> <span class='ocrx_word' id='word_1_85' title='bbox 684 1240 882 1311; x_wconf 77' lang='grc' dir='ltr'>ἴδωμεν</span> <span class='ocrx_word' id='word_1_86' title='bbox 924 1242 979 1294; x_wconf 86' lang='grc' dir='ltr'>εῐ</span> <span class='ocrx_word' id='word_1_87' title='bbox 1013 1259 1098 1305; x_wconf 88' lang='grc' dir='ltr'><strong>τις</strong></span> <span class='ocrx_word' id='word_1_88' title='bbox 1144 1244 1275 1313; x_wconf 81' lang='grc' dir='ltr'>ἡμῖν</span> <span class='ocrx_word' id='word_1_89' title='bbox 1307 1243 1596 1313; x_wconf 76' lang='grc' dir='ltr'><strong>ἐπιτρέπει</strong></span> <span class='ocrx_word' id='word_1_90' title='bbox 1628 1241 1802 1310; x_wconf 88' lang='grc' dir='ltr'>λόγος,</span> 
     </span>
    </p>
   </div>
   <div class='ocr_carea' id='block_1_14' title="bbox 232 1332 1805 1405">
    <p class='ocr_par' dir='ltr' id='par_1_14' title="bbox 232 1332 1805 1405">
     <span class='ocr_line' id='line_1_14' title="bbox 232 1332 1805 1405; baseline 0 -21"><span class='ocrx_word' id='word_1_91' title='bbox 232 1332 382 1385; x_wconf 82' lang='grc' dir='ltr'>οῦτω</span> <span class='ocrx_word' id='word_1_92' title='bbox 417 1332 671 1396; x_wconf 81' lang='grc' dir='ltr'>νοοῦντας</span> <span class='ocrx_word' id='word_1_93' title='bbox 715 1334 789 1403; x_wconf 85' lang='grc' dir='ltr'>μὴ</span> <span class='ocrx_word' id='word_1_94' title='bbox 836 1332 1450 1405; x_wconf 78' lang='grc' dir='ltr'>σφάλλεσθαι.⁹ορὦμεν</span> <span class='ocrx_word' id='word_1_95' title='bbox 1498 1334 1677 1387; x_wconf 79' lang='grc' dir='ltr'>τοίνυν</span> <span class='ocrx_word' id='word_1_96' title='bbox 1723 1334 1805 1387; x_wconf 82' lang='grc' dir='ltr'>ὅτι</span> 
     </span>
    </p>
   </div>
   <div class='ocr_carea' id='block_1_15' title="bbox 236 1424 1803 1497">
    <p class='ocr_par' dir='ltr' id='par_1_15' title="bbox 236 1424 1803 1497">
     <span class='ocr_line' id='line_1_15' title="bbox 236 1424 1803 1497; baseline 0 -21"><span class='ocrx_word' id='word_1_97' title='bbox 236 1425 347 1477; x_wconf 79' lang='grc' dir='ltr'>πᾶν</span> <span class='ocrx_word' id='word_1_98' title='bbox 374 1425 513 1495; x_wconf 83' lang='grc' dir='ltr'>ὅπερ</span> <span class='ocrx_word' id='word_1_99' title='bbox 556 1424 622 1478; x_wconf 79' lang='grc' dir='ltr'>ἂν</span> <span class='ocrx_word' id='word_1_100' title='bbox 656 1424 864 1495; x_wconf 79' lang='grc' dir='ltr'><strong>δέχοιτο</strong></span> <span class='ocrx_word' id='word_1_101' title='bbox 888 1424 987 1495; x_wconf 82' lang='grc' dir='ltr'>τὴν</span> <span class='ocrx_word' id='word_1_102' title='bbox 1024 1424 1309 1497; x_wconf 85' lang='grc' dir='ltr'>διαφορὰν,</span> <span class='ocrx_word' id='word_1_103' title='bbox 1346 1424 1598 1479; x_wconf 84' lang='grc' dir='ltr'>σύνθετον</span> <span class='ocrx_word' id='word_1_104' title='bbox 1633 1424 1803 1489; x_wconf 76' lang='grc' dir='ltr'>ἔσται,</span> 
     </span>
    </p>
   </div>
   <div class='ocr_carea' id='block_1_16' title="bbox 238 1515 1810 1588">
    <p class='ocr_par' dir='ltr' id='par_1_16' title="bbox 238 1515 1810 1588">
     <span class='ocr_line' id='line_1_16' title="bbox 238 1515 1810 1588; baseline -0.001 -19"><span class='ocrx_word' id='word_1_105' title='bbox 238 1517 337 1569; x_wconf 74' lang='grc' dir='ltr'>καὶ</span> <span class='ocrx_word' id='word_1_106' title='bbox 366 1517 461 1586; x_wconf 88' lang='grc' dir='ltr'><strong>οὐχ</strong></span> <span class='ocrx_word' id='word_1_107' title='bbox 492 1516 716 1570; x_wconf 84' lang='grc' dir='ltr'>ἁπλοῦν.</span> <span class='ocrx_word' id='word_1_108' title='bbox 735 1516 954 1588; x_wconf 81' lang='grc' dir='ltr'><strong>Ἐπειδὴ</strong></span> <span class='ocrx_word' id='word_1_109' title='bbox 984 1516 1041 1570; x_wconf 81' lang='grc' dir='ltr'>δὲ</span> <span class='ocrx_word' id='word_1_110' title='bbox 1072 1516 1275 1581; x_wconf 83' lang='grc' dir='ltr'>ἁπλοῦς</span> <span class='ocrx_word' id='word_1_111' title='bbox 1299 1534 1359 1570; x_wconf 86' lang='grc' dir='ltr'><strong>τε</strong></span> <span class='ocrx_word' id='word_1_112' title='bbox 1400 1516 1474 1570; x_wconf 83' lang='grc' dir='ltr'>ὢν</span> <span class='ocrx_word' id='word_1_113' title='bbox 1520 1516 1613 1570; x_wconf 77' lang='grc' dir='ltr'>καὶ</span> <span class='ocrx_word' id='word_1_114' title='bbox 1652 1515 1810 1570; x_wconf 78' lang='grc' dir='ltr'>ἀσύνο</span> 
     </span>
    </p>
   </div>
   <div class='ocr_carea' id='block_1_17' title="bbox 238 1607 1809 1680">
    <p class='ocr_par' dir='ltr' id='par_1_17' title="bbox 238 1607 1809 1680">
     <span class='ocr_line' id='line_1_17' title="bbox 238 1607 1809 1680; baseline -0.001 -19"><span class='ocrx_word' id='word_1_115' title='bbox 238 1607 395 1672; x_wconf 84' lang='grc' dir='ltr'>θετος</span> <span class='ocrx_word' id='word_1_116' title='bbox 414 1607 568 1680; x_wconf 87' lang='grc' dir='ltr'><strong>παρά</strong></span> <span class='ocrx_word' id='word_1_117' title='bbox 594 1608 791 1671; x_wconf 83' lang='grc' dir='ltr'>παντὸς</span> <span class='ocrx_word' id='word_1_118' title='bbox 818 1608 884 1662; x_wconf 81' lang='grc' dir='ltr'>ἂν</span> <span class='ocrx_word' id='word_1_119' title='bbox 911 1607 1175 1678; x_wconf 79' lang='grc' dir='ltr'>δήπουθεν</span> <span class='ocrx_word' id='word_1_120' title='bbox 1201 1607 1486 1677; x_wconf 85' lang='grc' dir='ltr'>ἀνθρώπου</span> <span class='ocrx_word' id='word_1_121' title='bbox 1514 1607 1645 1671; x_wconf 91' lang='grc' dir='ltr'>Θεὸς</span> <span class='ocrx_word' id='word_1_122' title='bbox 1676 1608 1809 1677; x_wconf 86' lang='grc' dir='ltr'>ὁμο-</span> 
     </span>
    </p>
   </div>
   <div class='ocr_carea' id='block_1_18' title="bbox 236 1683 1809 1771">
    <p class='ocr_par' dir='ltr' id='par_1_18' title="bbox 236 1683 1809 1771">
     <span class='ocr_line' id='line_1_18' title="bbox 236 1683 1809 1771; baseline -0.001 -19"><span class='ocrx_word' id='word_1_123' title='bbox 236 1699 617 1771; x_wconf 82' lang='grc' dir='ltr'>λογηθήσεται,</span> <span class='ocrx_word' id='word_1_124' title='bbox 646 1683 745 1754; x_wconf 87' lang='grc' dir='ltr'><strong>οὐκ</strong></span> <span class='ocrx_word' id='word_1_125' title='bbox 772 1699 839 1753; x_wconf 83' lang='grc' dir='ltr'>ἂν</span> <span class='ocrx_word' id='word_1_126' title='bbox 872 1699 958 1770; x_wconf 69' lang='grc' dir='ltr'>εἴη</span> <span class='ocrx_word' id='word_1_127' title='bbox 988 1700 1219 1769; x_wconf 82' lang='grc' dir='ltr'>διαφορὰ</span> <span class='ocrx_word' id='word_1_128' title='bbox 1255 1699 1317 1752; x_wconf 90' lang='grc' dir='ltr'><strong>τὸ</strong></span> <span class='ocrx_word' id='word_1_129' title='bbox 1344 1698 1621 1770; x_wconf 80' lang='grc' dir='ltr'>ἀγένητον.</span> <span class='ocrx_word' id='word_1_130' title='bbox 1652 1699 1714 1751; x_wconf 83' lang='grc' dir='ltr'><strong>Εἰ</strong></span> <span class='ocrx_word' id='word_1_131' title='bbox 1750 1697 1809 1750; x_wconf 82' lang='grc' dir='ltr'>δὲ</span> 
     </span>
    </p>
   </div>
   <div class='ocr_carea' id='block_1_19' title="bbox 1904 611 3468 681">
    <p class='ocr_par' dir='ltr' id='par_1_19' title="bbox 1904 611 3468 681">
     <span class='ocr_line' id='line_1_19' title="bbox 1904 611 3468 681; baseline 0.003 -18"><span class='ocrx_word' id='word_1_132' title='bbox 1904 611 2107 666; x_wconf 87' lang='lat' dir='ltr'><strong>rentias</strong></span> <span class='ocrx_word' id='word_1_133' title='bbox 2136 623 2191 667; x_wconf 90' lang='lat' dir='ltr'><strong>et</strong></span> <span class='ocrx_word' id='word_1_134' title='bbox 2235 627 2519 667; x_wconf 87' lang='lat' dir='ltr'><strong>numerum</strong></span> <span class='ocrx_word' id='word_1_135' title='bbox 2542 614 2715 668; x_wconf 81' lang='lat' dir='ltr'><strong>secari</strong></span> <span class='ocrx_word' id='word_1_136' title='bbox 2746 627 2849 667; x_wconf 92' lang='lat' dir='ltr'><strong>non</strong></span> <span class='ocrx_word' id='word_1_137' title='bbox 2880 621 3077 681; x_wconf 86' lang='lat' dir='ltr'><strong>petest.</strong></span> <span class='ocrx_word' id='word_1_138' title='bbox 3105 614 3172 665; x_wconf 82' lang='lat' dir='ltr'><strong>At</strong></span> <span class='ocrx_word' id='word_1_139' title='bbox 3199 612 3339 667; x_wconf 92' lang='lat' dir='ltr'><strong>dicet</strong></span> <span class='ocrx_word' id='word_1_140' title='bbox 3360 614 3468 668; x_wconf 81' lang='lat' dir='ltr'><strong>for-</strong></span> 
     </span>
    </p>
   </div>
   <div class='ocr_carea' id='block_1_20' title="bbox 1903 702 3469 772">
    <p class='ocr_par' dir='ltr' id='par_1_20' title="bbox 1903 702 3469 772">
     <span class='ocr_line' id='line_1_20' title="bbox 1903 702 3469 772; baseline 0.001 -17"><span class='ocrx_word' id='word_1_141' title='bbox 1903 711 2047 757; x_wconf 90' lang='lat' dir='ltr'><strong>tasse</strong></span> <span class='ocrx_word' id='word_1_142' title='bbox 2068 702 2281 772; x_wconf 84' lang='lat' dir='ltr'><strong>aliquis,</strong></span> <span class='ocrx_word' id='word_1_143' title='bbox 2324 704 2640 772; x_wconf 84' lang='lat' dir='ltr'><strong>ingenitum,</strong></span> <span class='ocrx_word' id='word_1_144' title='bbox 2690 717 2809 757; x_wconf 89' lang='lat' dir='ltr'><strong>esse</strong></span> <span class='ocrx_word' id='word_1_145' title='bbox 2858 702 3383 758; x_wconf 60' lang='lat' dir='ltr'><strong>deﬁnitionemued</strong></span> <span class='ocrx_word' id='word_1_146' title='bbox 3414 712 3469 757; x_wconf 92' lang='lat' dir='ltr'><strong>et</strong></span> 
     </span>
    </p>
   </div>
   <div class='ocr_carea' id='block_1_21' title="bbox 1903 789 3468 848">
    <p class='ocr_par' dir='ltr' id='par_1_21' title="bbox 1903 789 3468 848">
     <span class='ocr_line' id='line_1_21' title="bbox 1903 789 3468 848; baseline -0.001 -1"><span class='ocrx_word' id='word_1_147' title='bbox 1903 793 2007 847; x_wconf 87' lang='lat' dir='ltr'><strong>hoc</strong></span> <span class='ocrx_word' id='word_1_148' title='bbox 2035 791 2227 847; x_wconf 79' lang='lat' dir='ltr'><strong>falsum</strong></span> <span class='ocrx_word' id='word_1_149' title='bbox 2266 807 2388 848; x_wconf 88' lang='lat' dir='ltr'><strong>esse</strong></span> <span class='ocrx_word' id='word_1_150' title='bbox 2417 793 2750 848; x_wconf 71' lang='lat' dir='ltr'><strong>ostendetur.</strong></span> <span class='ocrx_word' id='word_1_151' title='bbox 2806 789 2991 846; x_wconf 82' lang='lat' dir='ltr'><strong>Omnis</strong></span> <span class='ocrx_word' id='word_1_152' title='bbox 3051 793 3193 846; x_wconf 90' lang='lat' dir='ltr'><strong>enim</strong></span> <span class='ocrx_word' id='word_1_153' title='bbox 3227 791 3468 847; x_wconf 90' lang='lat' dir='ltr'><strong>deﬁnitio</strong></span> 
     </span>
    </p>
   </div>
   <div class='ocr_carea' id='block_1_22' title="bbox 1902 881 3463 952">
    <p class='ocr_par' dir='ltr' id='par_1_22' title="bbox 1902 881 3463 952">
     <span class='ocr_line' id='line_1_22' title="bbox 1902 881 3463 952; baseline -0.003 -15"><span class='ocrx_word' id='word_1_154' title='bbox 1902 892 1985 937; x_wconf 90' lang='lat' dir='ltr'><strong>est</strong></span> <span class='ocrx_word' id='word_1_155' title='bbox 2010 881 2184 936; x_wconf 91' lang='lat' dir='ltr'><strong>oratio</strong></span> <span class='ocrx_word' id='word_1_156' title='bbox 2215 897 2353 951; x_wconf 87' lang='lat' dir='ltr'><strong>qua,</strong></span> <span class='ocrx_word' id='word_1_157' title='bbox 2386 883 2510 951; x_wconf 91' lang='lat' dir='ltr'><strong>quid</strong></span> <span class='ocrx_word' id='word_1_158' title='bbox 2551 883 2621 937; x_wconf 86' lang='lat' dir='ltr'><strong>sit</strong></span> <span class='ocrx_word' id='word_1_159' title='bbox 2656 883 2707 936; x_wconf 91' lang='lat' dir='ltr'><strong>id</strong></span> <span class='ocrx_word' id='word_1_160' title='bbox 2728 881 2869 952; x_wconf 91' lang='lat' dir='ltr'><strong>quod</strong></span> <span class='ocrx_word' id='word_1_161' title='bbox 2897 881 3169 944; x_wconf 83' lang='lat' dir='ltr'><strong>deﬁnitur.</strong></span> <span class='ocrx_word' id='word_1_162' title='bbox 3200 881 3463 951; x_wconf 78' lang='lat' dir='ltr'><strong>explicat;</strong></span> 
     </span>
    </p>
   </div>
   <div class='ocr_carea' id='block_1_23' title="bbox 1905 973 3463 1045">
    <p class='ocr_par' dir='ltr' id='par_1_23' title="bbox 1905 973 3463 1045">
     <span class='ocr_line' id='line_1_23' title="bbox 1905 973 3463 1045; baseline -0.001 -16"><span class='ocrx_word' id='word_1_163' title='bbox 1905 973 2175 1045; x_wconf 84' lang='lat' dir='ltr'><strong>ingenitus</strong></span> <span class='ocrx_word' id='word_1_164' title='bbox 2223 983 2403 1028; x_wconf 85' lang='lat' dir='ltr'><strong>autem</strong></span> <span class='ocrx_word' id='word_1_165' title='bbox 2464 989 2567 1028; x_wconf 93' lang='lat' dir='ltr'><strong>non</strong></span> <span class='ocrx_word' id='word_1_166' title='bbox 2623 983 2709 1029; x_wconf 89' lang='lat' dir='ltr'><strong>est</strong></span> <span class='ocrx_word' id='word_1_167' title='bbox 2762 975 2961 1039; x_wconf 85' lang='lat' dir='ltr'><strong>oratio,</strong></span> <span class='ocrx_word' id='word_1_168' title='bbox 3014 973 3106 1027; x_wconf 91' lang='lat' dir='ltr'><strong>sed</strong></span> <span class='ocrx_word' id='word_1_169' title='bbox 3140 974 3295 1026; x_wconf 89' lang='lat' dir='ltr'><strong>unica</strong></span> <span class='ocrx_word' id='word_1_170' title='bbox 3339 987 3463 1027; x_wconf 92' lang='lat' dir='ltr'><strong>vox.</strong></span> 
     </span>
    </p>
   </div>
   <div class='ocr_carea' id='block_1_24' title="bbox 1906 1063 3464 1134">
    <p class='ocr_par' dir='ltr' id='par_1_24' title="bbox 1906 1063 3464 1134">
     <span class='ocr_line' id='line_1_24' title="bbox 1906 1063 3464 1134; baseline -0.001 -15"><span class='ocrx_word' id='word_1_171' title='bbox 1906 1064 2213 1119; x_wconf 78' lang='lat' dir='ltr'><strong>Diﬁ‘erentia</strong></span> <span class='ocrx_word' id='word_1_172' title='bbox 2244 1065 2406 1134; x_wconf 89' lang='lat' dir='ltr'><strong>igitur</strong></span> <span class='ocrx_word' id='word_1_173' title='bbox 2433 1067 2556 1129; x_wconf 90' lang='lat' dir='ltr'><strong>erit,</strong></span> <span class='ocrx_word' id='word_1_174' title='bbox 2610 1064 2927 1133; x_wconf 88' lang='lat' dir='ltr'><strong>ingenitum,</strong></span> <span class='ocrx_word' id='word_1_175' title='bbox 2970 1074 3025 1118; x_wconf 91' lang='lat' dir='ltr'><strong>et</strong></span> <span class='ocrx_word' id='word_1_176' title='bbox 3067 1066 3279 1133; x_wconf 87' lang='lat' dir='ltr'><strong>quidem</strong></span> <span class='ocrx_word' id='word_1_177' title='bbox 3314 1063 3464 1118; x_wconf 84' lang='lat' dir='ltr'><strong>diﬂ‘e-</strong></span> 
     </span>
    </p>
   </div>
   <div class='ocr_carea' id='block_1_25' title="bbox 1903 1154 3465 1223">
    <p class='ocr_par' dir='ltr' id='par_1_25' title="bbox 1903 1154 3465 1223">
     <span class='ocr_line' id='line_1_25' title="bbox 1903 1154 3465 1223; baseline -0.001 -14"><span class='ocrx_word' id='word_1_178' title='bbox 1903 1156 2077 1210; x_wconf 86' lang='lat' dir='ltr'><strong>rentia</strong></span> <span class='ocrx_word' id='word_1_179' title='bbox 2104 1156 2404 1211; x_wconf 85' lang='lat' dir='ltr'><strong>essentialis</strong></span> <span class='ocrx_word' id='word_1_180' title='bbox 2431 1173 2447 1209; x_wconf 85' lang='lat'><strong>:</strong></span> <span class='ocrx_word' id='word_1_181' title='bbox 2476 1156 2579 1210; x_wconf 94' lang='lat' dir='ltr'><strong>hoc</strong></span> <span class='ocrx_word' id='word_1_182' title='bbox 2607 1158 2746 1210; x_wconf 92' lang='lat' dir='ltr'><strong>enim</strong></span> <span class='ocrx_word' id='word_1_183' title='bbox 2778 1156 2949 1211; x_wconf 91' lang='lat' dir='ltr'><strong>solum</strong></span> <span class='ocrx_word' id='word_1_184' title='bbox 2985 1155 3319 1223; x_wconf 89' lang='lat' dir='ltr'><strong>relinquitur.</strong></span> <span class='ocrx_word' id='word_1_185' title='bbox 3347 1154 3465 1208; x_wconf 87' lang='lat' dir='ltr'><strong>Ca-</strong></span> 
     </span>
    </p>
   </div>
   <div class='ocr_carea' id='block_1_26' title="bbox 1906 1246 3464 1316">
    <p class='ocr_par' dir='ltr' id='par_1_26' title="bbox 1906 1246 3464 1316">
     <span class='ocr_line' id='line_1_26' title="bbox 1906 1246 3464 1316; baseline -0.003 -15"><span class='ocrx_word' id='word_1_186' title='bbox 1906 1258 2080 1302; x_wconf 87' lang='lat' dir='ltr'><strong>terum</strong></span> <span class='ocrx_word' id='word_1_187' title='bbox 2109 1248 2387 1303; x_wconf 82' lang='lat' dir='ltr'><strong>videamus</strong></span> <span class='ocrx_word' id='word_1_188' title='bbox 2425 1262 2489 1301; x_wconf 87' lang='lat' dir='ltr'><strong>an</strong></span> <span class='ocrx_word' id='word_1_189' title='bbox 2539 1248 2714 1316; x_wconf 89' lang='lat' dir='ltr'><strong>aliqua</strong></span> <span class='ocrx_word' id='word_1_190' title='bbox 2772 1248 2909 1300; x_wconf 89' lang='lat' dir='ltr'><strong>ratio</strong></span> <span class='ocrx_word' id='word_1_191' title='bbox 2955 1247 3233 1315; x_wconf 82' lang='lat' dir='ltr'><strong>permittat</strong></span> <span class='ocrx_word' id='word_1_192' title='bbox 3275 1255 3334 1299; x_wconf 92' lang='lat' dir='ltr'><strong>ut</strong></span> <span class='ocrx_word' id='word_1_193' title='bbox 3394 1246 3464 1298; x_wconf 89' lang='lat' dir='ltr'><strong>ita</strong></span> 
     </span>
    </p>
   </div>
   <div class='ocr_carea' id='block_1_27' title="bbox 1906 1335 3466 1405">
    <p class='ocr_par' dir='ltr' id='par_1_27' title="bbox 1906 1335 3466 1405">
     <span class='ocr_line' id='line_1_27' title="bbox 1906 1335 3466 1405; baseline -0.003 -12"><span class='ocrx_word' id='word_1_194' title='bbox 1906 1338 2201 1393; x_wconf 81' lang='lat' dir='ltr'><strong>sentientes</strong></span> <span class='ocrx_word' id='word_1_195' title='bbox 2270 1352 2378 1392; x_wconf 88' lang='lat' dir='ltr'><strong>non</strong></span> <span class='ocrx_word' id='word_1_196' title='bbox 2447 1352 2710 1391; x_wconf 80' lang='lat' dir='ltr'><strong>erremus.</strong></span> <span class='ocrx_word' id='word_1_197' title='bbox 2767 1337 3020 1391; x_wconf 75' lang='lat' dir='ltr'><strong>Videmus</strong></span> <span class='ocrx_word' id='word_1_198' title='bbox 3087 1336 3265 1404; x_wconf 87' lang='lat' dir='ltr'><strong>itaque</strong></span> <span class='ocrx_word' id='word_1_199' title='bbox 3324 1335 3466 1405; x_wconf 89' lang='lat' dir='ltr'><strong>quod</strong></span> 
     </span>
    </p>
   </div>
   <div class='ocr_carea' id='block_1_28' title="bbox 1907 1428 3471 1499">
    <p class='ocr_par' dir='ltr' id='par_1_28' title="bbox 1907 1428 3471 1499">
     <span class='ocr_line' id='line_1_28' title="bbox 1907 1428 3471 1499; baseline 0.001 -18"><span class='ocrx_word' id='word_1_200' title='bbox 1907 1429 2167 1499; x_wconf 87' lang='lat' dir='ltr'><strong>quidquid</strong></span> <span class='ocrx_word' id='word_1_201' title='bbox 2188 1430 2414 1497; x_wconf 87' lang='lat' dir='ltr'><strong>suscipit</strong></span> <span class='ocrx_word' id='word_1_202' title='bbox 2442 1428 2827 1493; x_wconf 74' lang='lat' dir='ltr'><strong>differentiam,</strong></span> <span class='ocrx_word' id='word_1_203' title='bbox 2884 1428 3238 1497; x_wconf 91' lang='lat' dir='ltr'><strong>compositum</strong></span> <span class='ocrx_word' id='word_1_204' title='bbox 3271 1437 3374 1492; x_wconf 86' lang='lat' dir='ltr'><strong>est,</strong></span> <span class='ocrx_word' id='word_1_205' title='bbox 3414 1436 3471 1482; x_wconf 87' lang='lat' dir='ltr'><strong>et</strong></span> 
     </span>
    </p>
   </div>
   <div class='ocr_carea' id='block_1_29' title="bbox 1909 1518 3468 1591">
    <p class='ocr_par' dir='ltr' id='par_1_29' title="bbox 1909 1518 3468 1591">
     <span class='ocr_line' id='line_1_29' title="bbox 1909 1518 3468 1591; baseline -0.003 -14"><span class='ocrx_word' id='word_1_206' title='bbox 1909 1538 2013 1577; x_wconf 92' lang='lat' dir='ltr'><strong>non</strong></span> <span class='ocrx_word' id='word_1_207' title='bbox 2041 1521 2289 1591; x_wconf 81' lang='lat' dir='ltr'><strong>simplex.</strong></span> <span class='ocrx_word' id='word_1_208' title='bbox 2321 1521 2455 1577; x_wconf 87' lang='lat' dir='ltr'><strong>Cum</strong></span> <span class='ocrx_word' id='word_1_209' title='bbox 2484 1535 2611 1575; x_wconf 87' lang='lat' dir='ltr'><strong>vero</strong></span> <span class='ocrx_word' id='word_1_210' title='bbox 2640 1520 2950 1575; x_wconf 86' lang='lat' dir='ltr'><strong>universum</strong></span> <span class='ocrx_word' id='word_1_211' title='bbox 2979 1534 3149 1589; x_wconf 87' lang='lat' dir='ltr'><strong>genus</strong></span> <span class='ocrx_word' id='word_1_212' title='bbox 3177 1518 3468 1572; x_wconf 85' lang='lat' dir='ltr'><strong>humanum</strong></span> 
     </span>
    </p>
   </div>
   <div class='ocr_carea' id='block_1_30' title="bbox 1909 1608 3468 1681">
    <p class='ocr_par' dir='ltr' id='par_1_30' title="bbox 1909 1608 3468 1681">
     <span class='ocr_line' id='line_1_30' title="bbox 1909 1608 3468 1681; baseline -0.003 -15"><span class='ocrx_word' id='word_1_213' title='bbox 1909 1612 2077 1668; x_wconf 90' lang='lat' dir='ltr'><strong>Deum</strong></span> <span class='ocrx_word' id='word_1_214' title='bbox 2107 1613 2405 1681; x_wconf 90' lang='lat' dir='ltr'><strong>simplicem</strong></span> <span class='ocrx_word' id='word_1_215' title='bbox 2435 1622 2489 1667; x_wconf 91' lang='lat' dir='ltr'><strong>et</strong></span> <span class='ocrx_word' id='word_1_216' title='bbox 2520 1628 2626 1667; x_wconf 94' lang='lat' dir='ltr'><strong>non</strong></span> <span class='ocrx_word' id='word_1_217' title='bbox 2654 1612 3011 1681; x_wconf 92' lang='lat' dir='ltr'><strong>compositum</strong></span> <span class='ocrx_word' id='word_1_218' title='bbox 3048 1624 3168 1666; x_wconf 84' lang='lat' dir='ltr'><strong>esse</strong></span> <span class='ocrx_word' id='word_1_219' title='bbox 3202 1608 3468 1674; x_wconf 81' lang='lat' dir='ltr'><strong>fateatur,</strong></span> 
     </span>
    </p>
   </div>
   <div class='ocr_carea' id='block_1_31' title="bbox 1909 1701 3473 1775">
    <p class='ocr_par' dir='ltr' id='par_1_31' title="bbox 1909 1701 3473 1775">
     <span class='ocr_line' id='line_1_31' title="bbox 1909 1701 3473 1775; baseline -0.005 -14"><span class='ocrx_word' id='word_1_220' title='bbox 1909 1714 2057 1761; x_wconf 89' lang='lat' dir='ltr'><strong>certe</strong></span> <span class='ocrx_word' id='word_1_221' title='bbox 2091 1705 2360 1775; x_wconf 88' lang='lat' dir='ltr'><strong>ingenitus</strong></span> <span class='ocrx_word' id='word_1_222' title='bbox 2386 1703 2687 1759; x_wconf 76' lang='lat' dir='ltr'><strong>differentia</strong></span> <span class='ocrx_word' id='word_1_223' title='bbox 2710 1718 2828 1759; x_wconf 90' lang='lat' dir='ltr'><strong>esse</strong></span> <span class='ocrx_word' id='word_1_224' title='bbox 2859 1719 2964 1758; x_wconf 88' lang='lat' dir='ltr'><strong>non</strong></span> <span class='ocrx_word' id='word_1_225' title='bbox 3000 1712 3194 1772; x_wconf 88' lang='lat' dir='ltr'><strong>potest.</strong></span> <span class='ocrx_word' id='word_1_226' title='bbox 3223 1701 3292 1754; x_wconf 87' lang='lat' dir='ltr'><strong>At</strong></span> <span class='ocrx_word' id='word_1_227' title='bbox 3315 1701 3361 1755; x_wconf 88' lang='lat' dir='ltr'><strong>si</strong></span> <span class='ocrx_word' id='word_1_228' title='bbox 3388 1701 3473 1753; x_wconf 86' lang='lat' dir='ltr'><strong>in-</strong></span> 
     </span>
    </p>
   </div>
   <div class='ocr_carea' id='block_1_32' title="bbox 236 1789 1816 1869">
    <p class='ocr_par' dir='ltr' id='par_1_32' title="bbox 236 1789 1809 1863">
     <span class='ocr_line' id='line_1_32' title="bbox 236 1789 1809 1863; baseline -0.002 -18"><span class='ocrx_word' id='word_1_229' title='bbox 236 1792 343 1846; x_wconf 84' lang='grc' dir='ltr'>τῶν</span> <span class='ocrx_word' id='word_1_230' title='bbox 373 1793 674 1863; x_wconf 77' lang='grc' dir='ltr'><strong>εἰρημένων</strong></span> <span class='ocrx_word' id='word_1_231' title='bbox 714 1792 867 1846; x_wconf 90' lang='grc' dir='ltr'>οὐδέν</span> <span class='ocrx_word' id='word_1_232' title='bbox 896 1794 1061 1856; x_wconf 80' lang='grc' dir='ltr'>ἐστιν,</span> <span class='ocrx_word' id='word_1_233' title='bbox 1099 1793 1198 1845; x_wconf 92' lang='grc' dir='ltr'><strong>οὐκ</strong></span> <span class='ocrx_word' id='word_1_234' title='bbox 1244 1793 1302 1845; x_wconf 82' lang='grc' dir='ltr'>ἐν</span> <span class='ocrx_word' id='word_1_235' title='bbox 1351 1791 1429 1862; x_wconf 83' lang='grc' dir='ltr'>τῷ</span> <span class='ocrx_word' id='word_1_236' title='bbox 1479 1791 1725 1861; x_wconf 68' lang='grc' dir='ltr'>ἀγενήτῳ</span> <span class='ocrx_word' id='word_1_237' title='bbox 1748 1789 1809 1843; x_wconf 88' lang='grc' dir='ltr'><strong>τὸ</strong></span> 
     </span>
    </p>
   </div>
   <div class='ocr_carea' id='block_1_33' title="bbox 1926 1789 3473 1869">
    <p class='ocr_par' dir='ltr' id='par_1_33' title="bbox 1926 1790 3473 1869">
     <span class='ocr_line' id='line_1_33' title="bbox 1926 1790 3473 1869; baseline -0.005 -18"><span class='ocrx_word' id='word_1_238' title='bbox 1926 1798 2124 1869; x_wconf 69' lang='lat' dir='ltr'><strong>genitus</strong></span> <span class='ocrx_word' id='word_1_239' title='bbox 2172 1795 2306 1850; x_wconf 82' lang='lat' dir='ltr'><strong>nihil</strong></span> <span class='ocrx_word' id='word_1_240' title='bbox 2358 1809 2544 1850; x_wconf 88' lang='lat' dir='ltr'><strong>eorum</strong></span> <span class='ocrx_word' id='word_1_241' title='bbox 2596 1810 2714 1865; x_wconf 85' lang='lat' dir='ltr'><strong>qua</strong></span> <span class='ocrx_word' id='word_1_242' title='bbox 2774 1794 3007 1850; x_wconf 77' lang='lat' dir='ltr'><strong>diximus</strong></span> <span class='ocrx_word' id='word_1_243' title='bbox 3063 1803 3181 1859; x_wconf 89' lang='lat' dir='ltr'><strong>est,</strong></span> <span class='ocrx_word' id='word_1_244' title='bbox 3230 1790 3473 1862; x_wconf 82' lang='lat' dir='ltr'><strong>profecto</strong></span> 
     </span>
    </p>
   </div>
   <div class='ocr_carea' id='block_1_34' title="bbox 237 1880 1802 1955">
    <p class='ocr_par' dir='ltr' id='par_1_34' title="bbox 237 1880 1802 1955">
     <span class='ocr_line' id='line_1_34' title="bbox 237 1880 1802 1955; baseline -0.001 -18"><span class='ocrx_word' id='word_1_245' title='bbox 237 1880 379 1937; x_wconf 75' lang='grc' dir='ltr'>εἷναί</span> <span class='ocrx_word' id='word_1_246' title='bbox 408 1886 524 1937; x_wconf 75' lang='grc' dir='ltr'>ἐστι</span> <span class='ocrx_word' id='word_1_247' title='bbox 556 1883 651 1937; x_wconf 90' lang='grc' dir='ltr'><strong>τοῦ</strong></span> <span class='ocrx_word' id='word_1_248' title='bbox 680 1884 836 1938; x_wconf 91' lang='grc' dir='ltr'>Θεοῦ.</span> <span class='ocrx_word' id='word_1_249' title='bbox 868 1884 943 1938; x_wconf 91' lang='grc' dir='ltr'>Οὐ</span> <span class='ocrx_word' id='word_1_250' title='bbox 977 1884 1084 1955; x_wconf 83' lang='grc' dir='ltr'>γὰρ</span> <span class='ocrx_word' id='word_1_251' title='bbox 1121 1884 1307 1939; x_wconf 90' lang='grc' dir='ltr'>οὐσίαν</span> <span class='ocrx_word' id='word_1_252' title='bbox 1346 1884 1598 1955; x_wconf 77' lang='grc' dir='ltr'><strong>σημαίνει</strong></span> <span class='ocrx_word' id='word_1_253' title='bbox 1626 1883 1802 1947; x_wconf 89' lang='grc' dir='ltr'>τοῦτο,</span> 
     </span>
    </p>
   </div>
   <div class='ocr_carea' id='block_1_35' title="bbox 236 1969 1806 2045">
    <p class='ocr_par' dir='ltr' id='par_1_35' title="bbox 236 1969 1806 2045">
     <span class='ocr_line' id='line_1_35' title="bbox 236 1969 1806 2045; baseline -0.002 -16"><span class='ocrx_word' id='word_1_254' title='bbox 236 1975 373 2029; x_wconf 80' lang='grc' dir='ltr'>ἀλλὰ</span> <span class='ocrx_word' id='word_1_255' title='bbox 402 1973 496 2028; x_wconf 90' lang='grc' dir='ltr'><strong>τοῦ</strong></span> <span class='ocrx_word' id='word_1_256' title='bbox 544 1969 679 2029; x_wconf 74' lang='grc' dir='ltr'>εἶναι</span> <span class='ocrx_word' id='word_1_257' title='bbox 710 1974 931 2028; x_wconf 86' lang='grc' dir='ltr'>τοιῶσδε</span> <span class='ocrx_word' id='word_1_258' title='bbox 959 1974 1130 2045; x_wconf 78' lang='grc' dir='ltr'>αὐτὴν</span> <span class='ocrx_word' id='word_1_259' title='bbox 1170 1975 1576 2045; x_wconf 80' lang='grc' dir='ltr'><strong>παραστατικὸν</strong></span> <span class='ocrx_word' id='word_1_260' title='bbox 1621 1973 1806 2029; x_wconf 75' lang='grc' dir='ltr'>φαίνε-</span> 
     </span>
    </p>
   </div>
   <div class='ocr_carea' id='block_1_36' title="bbox 237 2083 350 2118">
    <p class='ocr_par' dir='ltr' id='par_1_36' title="bbox 237 2083 350 2118">
     <span class='ocr_line' id='line_1_36' title="bbox 237 2083 350 2118; baseline 0 0"><span class='ocrx_word' id='word_1_261' title='bbox 237 2083 350 2118; x_wconf 78' lang='grc' dir='ltr'>ται.</span> 
     </span>
    </p>
   </div>
   <div class='ocr_carea' id='block_1_37' title="bbox 922 2180 1129 2235">
    <p class='ocr_par' dir='ltr' id='par_1_37' title="bbox 922 2180 1129 2235">
     <span class='ocr_line' id='line_1_37' title="bbox 922 2180 1129 2235; baseline 0.014 -3"><span class='ocrx_word' id='word_1_262' title='bbox 922 2180 1129 2235; x_wconf 78' lang='lat' dir='ltr'><strong>AAAO.</strong></span> 
     </span>
    </p>
   </div>
   <div class='ocr_carea' id='block_1_38' title="bbox 313 2291 1809 2364">
    <p class='ocr_par' dir='ltr' id='par_1_38' title="bbox 313 2291 1809 2364">
     <span class='ocr_line' id='line_1_38' title="bbox 313 2291 1809 2364; baseline -0.003 -15"><span class='ocrx_word' id='word_1_263' title='bbox 313 2297 374 2354; x_wconf 80' lang='lat' dir='ltr'><strong>Ei</strong></span> <span class='ocrx_word' id='word_1_264' title='bbox 408 2295 467 2348; x_wconf 97' lang='lat' dir='ltr'><strong>rb</strong></span> <span class='ocrx_word' id='word_1_265' title='bbox 501 2293 759 2362; x_wconf 79' lang='grc' dir='ltr'>ἀγένητος</span> <span class='ocrx_word' id='word_1_266' title='bbox 785 2293 974 2363; x_wconf 79' lang='grc' dir='ltr'>ὄνομα,</span> <span class='ocrx_word' id='word_1_267' title='bbox 992 2293 1051 2346; x_wconf 85' lang='grc' dir='ltr'><strong>τὸ</strong></span> <span class='ocrx_word' id='word_1_268' title='bbox 1077 2291 1151 2363; x_wconf 83' lang='grc' dir='ltr'>μὴ</span> <span class='ocrx_word' id='word_1_269' title='bbox 1172 2291 1499 2364; x_wconf 82' lang='grc' dir='ltr'>γεγενῆσθαι</span> <span class='ocrx_word' id='word_1_270' title='bbox 1521 2294 1809 2363; x_wconf 79' lang='grc' dir='ltr'>σημαῖνον,</span> 
     </span>
    </p>
   </div>
   <div class='ocr_carea' id='block_1_39' title="bbox 237 2382 1810 2456">
    <p class='ocr_par' dir='ltr' id='par_1_39' title="bbox 237 2382 1810 2456">
     <span class='ocr_line' id='line_1_39' title="bbox 237 2382 1810 2456; baseline -0.003 -17"><span class='ocrx_word' id='word_1_271' title='bbox 237 2389 339 2456; x_wconf 78' lang='grc' dir='ltr'>τῆς</span> <span class='ocrx_word' id='word_1_272' title='bbox 379 2384 566 2447; x_wconf 87' lang='grc' dir='ltr'>οὐσίας</span> <span class='ocrx_word' id='word_1_273' title='bbox 598 2383 714 2436; x_wconf 73' lang='grc' dir='ltr'>ἐστὶ</span> <span class='ocrx_word' id='word_1_274' title='bbox 741 2383 1035 2452; x_wconf 87' lang='grc' dir='ltr'>δηλωτικὸν</span> <span class='ocrx_word' id='word_1_275' title='bbox 1062 2384 1159 2453; x_wconf 84' lang='grc' dir='ltr'><strong>τῆς</strong></span> <span class='ocrx_word' id='word_1_276' title='bbox 1182 2382 1277 2436; x_wconf 81' lang='grc' dir='ltr'><strong>τοῦ</strong></span> <span class='ocrx_word' id='word_1_277' title='bbox 1306 2383 1463 2448; x_wconf 82' lang='grc' dir='ltr'>Θεοῦ,</span> <span class='ocrx_word' id='word_1_278' title='bbox 1501 2384 1553 2436; x_wconf 88' lang='grc' dir='ltr'><strong>τί</strong></span> <span class='ocrx_word' id='word_1_279' title='bbox 1582 2382 1810 2437; x_wconf 84' lang='grc' dir='ltr'><strong>κωλύσει</strong></span> 
     </span>
    </p>
   </div>
   <div class='ocr_carea' id='block_1_40' title="bbox 241 2474 1810 2548">
    <p class='ocr_par' dir='ltr' id='par_1_40' title="bbox 241 2474 1810 2548">
     <span class='ocr_line' id='line_1_40' title="bbox 241 2474 1810 2548; baseline -0.003 -15"><span class='ocrx_word' id='word_1_280' title='bbox 241 2482 338 2533; x_wconf 79' lang='grc' dir='ltr'><strong>καὶ</strong></span> <span class='ocrx_word' id='word_1_281' title='bbox 390 2478 451 2531; x_wconf 93' lang='grc' dir='ltr'><strong>τὸ</strong></span> <span class='ocrx_word' id='word_1_282' title='bbox 496 2475 813 2546; x_wconf 86' lang='grc' dir='ltr'>γελαστικὸν</span> <span class='ocrx_word' id='word_1_283' title='bbox 840 2478 906 2547; x_wconf 79' lang='grc' dir='ltr'>τῇ</span> <span class='ocrx_word' id='word_1_284' title='bbox 944 2475 1037 2530; x_wconf 91' lang='grc' dir='ltr'><strong>τοῦ</strong></span> <span class='ocrx_word' id='word_1_285' title='bbox 1067 2475 1356 2548; x_wconf 83' lang='grc' dir='ltr'>ἀνθρώπου</span> <span class='ocrx_word' id='word_1_286' title='bbox 1396 2474 1555 2545; x_wconf 83' lang='grc' dir='ltr'>φύσει</span> <span class='ocrx_word' id='word_1_287' title='bbox 1589 2476 1810 2547; x_wconf 89' lang='grc' dir='ltr'>προσὸν,</span> 
     </span>
    </p>
   </div>
   <div class='ocr_carea' id='block_1_41' title="bbox 241 2565 1814 2639">
    <p class='ocr_par' dir='ltr' id='par_1_41' title="bbox 241 2565 1814 2639">
     <span class='ocr_line' id='line_1_41' title="bbox 241 2565 1814 2639; baseline -0.004 -13"><span class='ocrx_word' id='word_1_288' title='bbox 241 2573 430 2626; x_wconf 82' lang='grc' dir='ltr'>οὐσίαν</span> <span class='ocrx_word' id='word_1_289' title='bbox 460 2569 624 2624; x_wconf 88' lang='grc' dir='ltr'>αὐτοῦ</span> <span class='ocrx_word' id='word_1_290' title='bbox 660 2565 797 2623; x_wconf 75' lang='grc' dir='ltr'>εῖναι</span> <span class='ocrx_word' id='word_1_291' title='bbox 818 2586 830 2599; x_wconf 88' lang='grc'><strong>·</strong></span> <span class='ocrx_word' id='word_1_292' title='bbox 880 2570 972 2623; x_wconf 75' lang='grc' dir='ltr'><strong>καὶ</strong></span> <span class='ocrx_word' id='word_1_293' title='bbox 1000 2568 1159 2623; x_wconf 83' lang='grc' dir='ltr'>πάνθ’</span> <span class='ocrx_word' id='word_1_294' title='bbox 1188 2569 1394 2639; x_wconf 81' lang='grc' dir='ltr'>ὅσαπερ</span> <span class='ocrx_word' id='word_1_295' title='bbox 1430 2568 1496 2624; x_wconf 76' lang='grc' dir='ltr'>ἂν</span> <span class='ocrx_word' id='word_1_296' title='bbox 1528 2572 1639 2632; x_wconf 83' lang='grc' dir='ltr'>τοῖς</span> <span class='ocrx_word' id='word_1_297' title='bbox 1665 2565 1814 2622; x_wconf 79' lang='grc' dir='ltr'>οὖσιν</span> 
     </span>
    </p>
   </div>
   <div class='ocr_carea' id='block_1_42' title="bbox 244 2658 1813 2735">
    <p class='ocr_par' dir='ltr' id='par_1_42' title="bbox 244 2658 1813 2735">
     <span class='ocr_line' id='line_1_42' title="bbox 244 2658 1813 2735; baseline -0.006 -16"><span class='ocrx_word' id='word_1_298' title='bbox 244 2666 390 2728; x_wconf 89' lang='grc' dir='ltr'>ἰδίως</span> <span class='ocrx_word' id='word_1_299' title='bbox 423 2665 618 2735; x_wconf 85' lang='grc' dir='ltr'>προσῇ,</span> <span class='ocrx_word' id='word_1_300' title='bbox 650 2662 821 2715; x_wconf 86' lang='grc' dir='ltr'>ταῦτα</span> <span class='ocrx_word' id='word_1_301' title='bbox 856 2660 1037 2730; x_wconf 87' lang='grc' dir='ltr'>λέγειν</span> <span class='ocrx_word' id='word_1_302' title='bbox 1081 2661 1263 2724; x_wconf 85' lang='grc' dir='ltr'>αὐτοῖς</span> <span class='ocrx_word' id='word_1_303' title='bbox 1308 2658 1447 2715; x_wconf 78' lang='grc' dir='ltr'>εἰναι</span> <span class='ocrx_word' id='word_1_304' title='bbox 1498 2661 1716 2724; x_wconf 88' lang='grc' dir='ltr'>οὐσίας;</span> <span class='ocrx_word' id='word_1_305' title='bbox 1752 2660 1813 2712; x_wconf 88' lang='grc' dir='ltr'>Εἰ</span> 
     </span>
    </p>
   </div>
   <div class='ocr_carea' id='block_1_43' title="bbox 242 2751 1813 2821">
    <p class='ocr_par' dir='ltr' id='par_1_43' title="bbox 242 2751 1813 2821">
     <span class='ocr_line' id='line_1_43' title="bbox 242 2751 1813 2821; baseline -0.005 -11"><span class='ocrx_word' id='word_1_306' title='bbox 242 2758 301 2811; x_wconf 80' lang='grc' dir='ltr'>δὲ</span> <span class='ocrx_word' id='word_1_307' title='bbox 336 2757 396 2809; x_wconf 88' lang='grc' dir='ltr'><strong>τὸ</strong></span> <span class='ocrx_word' id='word_1_308' title='bbox 438 2756 669 2810; x_wconf 77' lang='grc' dir='ltr'><strong>ἑκάστου</strong></span> <span class='ocrx_word' id='word_1_309' title='bbox 713 2754 863 2818; x_wconf 87' lang='grc' dir='ltr'>ῐδιον,</span> <span class='ocrx_word' id='word_1_310' title='bbox 898 2752 999 2806; x_wconf 89' lang='grc' dir='ltr'><strong>οὐκ</strong></span> <span class='ocrx_word' id='word_1_311' title='bbox 1035 2752 1168 2806; x_wconf 90' lang='grc' dir='ltr'>αὐτό</span> <span class='ocrx_word' id='word_1_312' title='bbox 1201 2753 1348 2805; x_wconf 79' lang='grc' dir='ltr'>ἐστιν</span> <span class='ocrx_word' id='word_1_313' title='bbox 1376 2752 1553 2817; x_wconf 87' lang='grc' dir='ltr'>οὐσία,</span> <span class='ocrx_word' id='word_1_314' title='bbox 1586 2751 1720 2805; x_wconf 82' lang='grc' dir='ltr'>ἀλλὰ</span> <span class='ocrx_word' id='word_1_315' title='bbox 1749 2754 1813 2821; x_wconf 85' lang='grc' dir='ltr'>τῇ</span> 
     </span>
    </p>
   </div>
   <div class='ocr_carea' id='block_1_44' title="bbox 241 2842 1817 2923">
    <p class='ocr_par' dir='ltr' id='par_1_44' title="bbox 241 2842 1817 2923">
     <span class='ocr_line' id='line_1_44' title="bbox 241 2842 1817 2923; baseline -0.006 -18"><span class='ocrx_word' id='word_1_316' title='bbox 241 2851 402 2921; x_wconf 76' lang='grc' dir='ltr'>οὐσίᾳ</span> <span class='ocrx_word' id='word_1_317' title='bbox 424 2850 643 2923; x_wconf 62' lang='grc' dir='ltr'>προσὸν,</span> <span class='ocrx_word' id='word_1_318' title='bbox 665 2842 775 2903; x_wconf 75' lang='grc' dir='ltr'>οἷον</span> <span class='ocrx_word' id='word_1_319' title='bbox 804 2847 1075 2919; x_wconf 80' lang='grc' dir='ltr'><strong>ἀνθρώπῳ</strong></span> <span class='ocrx_word' id='word_1_320' title='bbox 1096 2846 1158 2899; x_wconf 89' lang='grc' dir='ltr'><strong>τὸ</strong></span> <span class='ocrx_word' id='word_1_321' title='bbox 1178 2843 1519 2913; x_wconf 80' lang='grc' dir='ltr'>γελαστικὸν,</span> <span class='ocrx_word' id='word_1_322' title='bbox 1545 2843 1640 2898; x_wconf 78' lang='grc' dir='ltr'><strong>καὶ</strong></span> <span class='ocrx_word' id='word_1_323' title='bbox 1667 2844 1817 2913; x_wconf 78' lang='grc' dir='ltr'>ἵππῳ</span> 
     </span>
    </p>
   </div>
   <div class='ocr_carea' id='block_1_45' title="bbox 242 2935 1816 3013">
    <p class='ocr_par' dir='ltr' id='par_1_45' title="bbox 242 2935 1816 3013">
     <span class='ocr_line' id='line_1_45' title="bbox 242 2935 1816 3013; baseline -0.006 -17"><span class='ocrx_word' id='word_1_324' title='bbox 242 2942 306 2996; x_wconf 87' lang='grc' dir='ltr'><strong>τὸ</strong></span> <span class='ocrx_word' id='word_1_325' title='bbox 354 2941 782 3013; x_wconf 83' lang='grc' dir='ltr'>χρεμετιστικὸν,</span> <span class='ocrx_word' id='word_1_326' title='bbox 817 2941 917 2994; x_wconf 87' lang='grc' dir='ltr'><strong>οὐκ</strong></span> <span class='ocrx_word' id='word_1_327' title='bbox 950 2939 1015 2992; x_wconf 89' lang='grc' dir='ltr'>ἂν</span> <span class='ocrx_word' id='word_1_328' title='bbox 1050 2939 1134 3009; x_wconf 74' lang='grc' dir='ltr'>εἴη</span> <span class='ocrx_word' id='word_1_329' title='bbox 1164 2937 1225 2991; x_wconf 87' lang='grc' dir='ltr'><strong>τὸ</strong></span> <span class='ocrx_word' id='word_1_330' title='bbox 1254 2936 1519 3006; x_wconf 85' lang='grc' dir='ltr'>ἀγένητον</span> <span class='ocrx_word' id='word_1_331' title='bbox 1548 2935 1726 3001; x_wconf 87' lang='grc' dir='ltr'>οὐσία,</span> <span class='ocrx_word' id='word_1_332' title='bbox 1755 2936 1816 2988; x_wconf 86' lang='grc' dir='ltr'><strong>οὐ</strong></span> 
     </span>
    </p>
   </div>
   <div class='ocr_carea' id='block_1_46' title="bbox 242 3026 1818 3105">
    <p class='ocr_par' dir='ltr' id='par_1_46' title="bbox 242 3026 1818 3105">
     <span class='ocr_line' id='line_1_46' title="bbox 242 3026 1818 3105; baseline -0.006 -17"><span class='ocrx_word' id='word_1_333' title='bbox 242 3036 297 3088; x_wconf 89' lang='grc' dir='ltr'><strong>τί</strong></span> <span class='ocrx_word' id='word_1_334' title='bbox 330 3037 445 3088; x_wconf 84' lang='grc' dir='ltr'>ὲστι</span> <span class='ocrx_word' id='word_1_335' title='bbox 494 3035 756 3105; x_wconf 81' lang='grc' dir='ltr'>σημαῖνον</span> <span class='ocrx_word' id='word_1_336' title='bbox 798 3030 940 3086; x_wconf 86' lang='grc' dir='ltr'><strong>κατά</strong></span> <span class='ocrx_word' id='word_1_337' title='bbox 967 3030 1127 3101; x_wconf 83' lang='grc' dir='ltr'>φύσιν</span> <span class='ocrx_word' id='word_1_338' title='bbox 1152 3029 1309 3093; x_wconf 84' lang='grc' dir='ltr'>Θεὸς,</span> <span class='ocrx_word' id='word_1_339' title='bbox 1344 3028 1459 3081; x_wconf 87' lang='grc' dir='ltr'>ἀλλ’</span> <span class='ocrx_word' id='word_1_340' title='bbox 1485 3028 1565 3081; x_wconf 84' lang='grc' dir='ltr'>ὅτι</span> <span class='ocrx_word' id='word_1_341' title='bbox 1598 3026 1818 3081; x_wconf 85' lang='grc' dir='ltr'>τοιῶσδέ</span> 
     </span>
    </p>
   </div>
   <div class='ocr_carea' id='block_1_47' title="bbox 245 3118 1817 3196">
    <p class='ocr_par' dir='ltr' id='par_1_47' title="bbox 245 3118 1817 3196">
     <span class='ocr_line' id='line_1_47' title="bbox 245 3118 1817 3196; baseline -0.005 -15"><span class='ocrx_word' id='word_1_342' title='bbox 245 3131 384 3193; x_wconf 78' lang='grc' dir='ltr'>ἐστι,</span> <span class='ocrx_word' id='word_1_343' title='bbox 424 3127 518 3179; x_wconf 75' lang='grc' dir='ltr'><strong>καί</strong></span> <span class='ocrx_word' id='word_1_344' title='bbox 567 3124 753 3196; x_wconf 83' lang='grc' dir='ltr'>ὥσπερ</span> <span class='ocrx_word' id='word_1_345' title='bbox 786 3123 879 3177; x_wconf 78' lang='grc' dir='ltr'>ἐπὶ</span> <span class='ocrx_word' id='word_1_346' title='bbox 915 3121 1023 3181; x_wconf 87' lang='grc' dir='ltr'><strong>τῶν</strong></span> <span class='ocrx_word' id='word_1_347' title='bbox 1060 3121 1234 3179; x_wconf 84' lang='grc' dir='ltr'>ἀλλων</span> <span class='ocrx_word' id='word_1_348' title='bbox 1268 3120 1396 3183; x_wconf 79' lang='grc' dir='ltr'>ἴδιον</span> <span class='ocrx_word' id='word_1_349' title='bbox 1420 3118 1584 3174; x_wconf 84' lang='grc' dir='ltr'>αὐτοῦ</span> <span class='ocrx_word' id='word_1_350' title='bbox 1611 3119 1817 3189; x_wconf 84' lang='grc' dir='ltr'><strong>τυγχά-</strong></span> 
     </span>
    </p>
   </div>
   <div class='ocr_carea' id='block_1_48' title="bbox 245 3238 349 3273">
    <p class='ocr_par' dir='ltr' id='par_1_48' title="bbox 245 3238 349 3273">
     <span class='ocr_line' id='line_1_48' title="bbox 245 3238 349 3273; baseline -0.01 0"><span class='ocrx_word' id='word_1_351' title='bbox 245 3238 349 3273; x_wconf 83' lang='grc' dir='ltr'>νει.</span> 
     </span>
    </p>
   </div>
   <div class='ocr_carea' id='block_1_49' title="bbox 929 3330 1128 3381">
    <p class='ocr_par' dir='ltr' id='par_1_49' title="bbox 929 3330 1128 3381">
     <span class='ocr_line' id='line_1_49' title="bbox 929 3330 1128 3381; baseline 0.005 -1"><span class='ocrx_word' id='word_1_352' title='bbox 929 3330 1128 3381; x_wconf 72' lang='grc' dir='ltr'>ΑΛΛΟ.</span> 
     </span>
    </p>
   </div>
   <div class='ocr_carea' id='block_1_50' title="bbox 320 3437 1818 3514">
    <p class='ocr_par' dir='ltr' id='par_1_50' title="bbox 320 3437 1818 3514">
     <span class='ocr_line' id='line_1_50' title="bbox 320 3437 1818 3514; baseline -0.007 -16"><span class='ocrx_word' id='word_1_353' title='bbox 320 3446 432 3514; x_wconf 72' lang='grc' dir='ltr'><strong>Τῆς</strong></span> <span class='ocrx_word' id='word_1_354' title='bbox 459 3444 644 3507; x_wconf 81' lang='grc' dir='ltr'>οὐσίας</span> <span class='ocrx_word' id='word_1_355' title='bbox 674 3440 766 3496; x_wconf 85' lang='grc' dir='ltr'><strong>τοῦ</strong></span> <span class='ocrx_word' id='word_1_356' title='bbox 810 3440 943 3497; x_wconf 86' lang='grc' dir='ltr'>Θεοῦ</span> <span class='ocrx_word' id='word_1_357' title='bbox 985 3441 1046 3494; x_wconf 78' lang='grc' dir='ltr'><strong>τὸ</strong></span> <span class='ocrx_word' id='word_1_358' title='bbox 1090 3440 1350 3512; x_wconf 85' lang='grc' dir='ltr'>ἀγένητον</span> <span class='ocrx_word' id='word_1_359' title='bbox 1394 3438 1468 3503; x_wconf 82' lang='grc' dir='ltr'>ὡς</span> <span class='ocrx_word' id='word_1_360' title='bbox 1516 3437 1818 3508; x_wconf 86' lang='grc' dir='ltr'>ἀχώριστον</span> 
     </span>
    </p>
   </div>
   <div class='ocr_carea' id='block_1_51' title="bbox 249 3526 1819 3608">
    <p class='ocr_par' dir='ltr' id='par_1_51' title="bbox 249 3526 1819 3608">
     <span class='ocr_line' id='line_1_51' title="bbox 249 3526 1819 3608; baseline -0.01 -16"><span class='ocrx_word' id='word_1_361' title='bbox 249 3535 777 3608; x_wconf 81' lang='grc' dir='ltr'>κατηγορηθήσεται,</span> <span class='ocrx_word' id='word_1_362' title='bbox 799 3534 986 3606; x_wconf 84' lang='grc' dir='ltr'>ὥσπερ</span> <span class='ocrx_word' id='word_1_363' title='bbox 1020 3533 1087 3587; x_wconf 80' lang='grc' dir='ltr'>ἂν</span> <span class='ocrx_word' id='word_1_364' title='bbox 1118 3536 1165 3586; x_wconf 81' lang='grc' dir='ltr'>εἱ</span> <span class='ocrx_word' id='word_1_365' title='bbox 1196 3535 1289 3586; x_wconf 77' lang='grc' dir='ltr'><strong>καὶ</strong></span> <span class='ocrx_word' id='word_1_366' title='bbox 1318 3530 1457 3586; x_wconf 78' lang='grc' dir='ltr'><strong>κατά</strong></span> <span class='ocrx_word' id='word_1_367' title='bbox 1486 3528 1685 3591; x_wconf 80' lang='grc' dir='ltr'>παντὸς</span> <span class='ocrx_word' id='word_1_368' title='bbox 1712 3526 1819 3578; x_wconf 82' lang='grc' dir='ltr'><strong>σώ-</strong></span> 
     </span>
    </p>
   </div>
   <div class='ocr_carea' id='block_1_52' title="bbox 253 3618 1823 3700">
    <p class='ocr_par' dir='ltr' id='par_1_52' title="bbox 253 3618 1823 3700">
     <span class='ocr_line' id='line_1_52' title="bbox 253 3618 1823 3700; baseline -0.008 -18"><span class='ocrx_word' id='word_1_369' title='bbox 253 3646 425 3700; x_wconf 86' lang='grc' dir='ltr'>ματος</span> <span class='ocrx_word' id='word_1_370' title='bbox 467 3625 842 3699; x_wconf 81' lang='grc' dir='ltr'>χρῶμα.Ἀλλ’</span> <span class='ocrx_word' id='word_1_371' title='bbox 868 3625 968 3679; x_wconf 89' lang='grc' dir='ltr'><strong>οὐκ</strong></span> <span class='ocrx_word' id='word_1_372' title='bbox 1000 3626 1064 3679; x_wconf 79' lang='grc' dir='ltr'>ἐκ</span> <span class='ocrx_word' id='word_1_373' title='bbox 1100 3624 1207 3677; x_wconf 81' lang='grc' dir='ltr'>τῶν</span> <span class='ocrx_word' id='word_1_374' title='bbox 1240 3622 1557 3694; x_wconf 85' lang='grc' dir='ltr'>ἀχωρίστως</span> <span class='ocrx_word' id='word_1_375' title='bbox 1601 3618 1823 3690; x_wconf 88' lang='grc' dir='ltr'>προσόν-</span> 
     </span>
    </p>
   </div>
   <div class='ocr_carea' id='block_1_53' title="bbox 249 3707 1820 3789">
    <p class='ocr_par' dir='ltr' id='par_1_53' title="bbox 249 3707 1820 3789">
     <span class='ocr_line' id='line_1_53' title="bbox 249 3707 1820 3789; baseline -0.008 -15"><span class='ocrx_word' id='word_1_376' title='bbox 249 3739 358 3774; x_wconf 89' lang='grc' dir='ltr'><strong>των</strong></span> <span class='ocrx_word' id='word_1_377' title='bbox 403 3722 457 3773; x_wconf 87' lang='grc' dir='ltr'><strong>αἰ</strong></span> <span class='ocrx_word' id='word_1_378' title='bbox 506 3719 683 3772; x_wconf 72' lang='grc' dir='ltr'>οὐσίαι</span> <span class='ocrx_word' id='word_1_379' title='bbox 734 3717 1109 3789; x_wconf 84' lang='grc' dir='ltr'>νοηθήσονται,</span> <span class='ocrx_word' id='word_1_380' title='bbox 1144 3715 1258 3769; x_wconf 85' lang='grc' dir='ltr'>ἀλλ’</span> <span class='ocrx_word' id='word_1_381' title='bbox 1286 3715 1346 3779; x_wconf 75' lang='grc' dir='ltr'><strong>ἐξ</strong></span> <span class='ocrx_word' id='word_1_382' title='bbox 1374 3708 1448 3767; x_wconf 84' lang='grc' dir='ltr'>ὧν</span> <span class='ocrx_word' id='word_1_383' title='bbox 1478 3715 1615 3766; x_wconf 80' lang='grc' dir='ltr'>εἰσιν</span> <span class='ocrx_word' id='word_1_384' title='bbox 1641 3707 1820 3766; x_wconf 73' lang='grc' dir='ltr'>αὗται.</span> 
     </span>
    </p>
   </div>
   <div class='ocr_carea' id='block_1_54' title="bbox 253 3803 1824 3882">
    <p class='ocr_par' dir='ltr' id='par_1_54' title="bbox 253 3803 1824 3882">
     <span class='ocr_line' id='line_1_54' title="bbox 253 3803 1824 3882; baseline -0.007 -17"><span class='ocrx_word' id='word_1_385' title='bbox 253 3814 465 3882; x_wconf 78' lang='grc' dir='ltr'>’Ὠσπερ</span> <span class='ocrx_word' id='word_1_386' title='bbox 495 3811 595 3863; x_wconf 91' lang='grc' dir='ltr'><strong>οὐκ</strong></span> <span class='ocrx_word' id='word_1_387' title='bbox 626 3810 691 3865; x_wconf 83' lang='grc' dir='ltr'><strong>ἀν</strong></span> <span class='ocrx_word' id='word_1_388' title='bbox 717 3827 803 3872; x_wconf 92' lang='grc' dir='ltr'><strong>τις</strong></span> <span class='ocrx_word' id='word_1_389' title='bbox 826 3809 989 3881; x_wconf 75' lang='grc' dir='ltr'>εἰδείη</span> <span class='ocrx_word' id='word_1_390' title='bbox 1015 3810 1105 3862; x_wconf 91' lang='grc' dir='ltr'><strong>τὸν</strong></span> <span class='ocrx_word' id='word_1_391' title='bbox 1139 3807 1359 3869; x_wconf 83' lang='grc' dir='ltr'>κύκνον,</span> <span class='ocrx_word' id='word_1_392' title='bbox 1384 3806 1503 3877; x_wconf 69' lang='grc' dir='ltr'>ἦτοι</span> <span class='ocrx_word' id='word_1_393' title='bbox 1538 3804 1637 3875; x_wconf 77' lang='grc' dir='ltr'>τὴν</span> <span class='ocrx_word' id='word_1_394' title='bbox 1674 3803 1824 3874; x_wconf 87' lang='grc' dir='ltr'>χιόνα</span> 
     </span>
    </p>
   </div>
   <div class='ocr_carea' id='block_1_55' title="bbox 250 3892 1825 3972">
    <p class='ocr_par' dir='ltr' id='par_1_55' title="bbox 250 3892 1825 3972">
     <span class='ocr_line' id='line_1_55' title="bbox 250 3892 1825 3972; baseline -0.008 -13"><span class='ocrx_word' id='word_1_395' title='bbox 250 3906 304 3959; x_wconf 89' lang='grc' dir='ltr'><strong>τί</strong></span> <span class='ocrx_word' id='word_1_396' title='bbox 329 3903 469 3959; x_wconf 85' lang='grc' dir='ltr'><strong>κατά</strong></span> <span class='ocrx_word' id='word_1_397' title='bbox 499 3903 662 3972; x_wconf 82' lang='grc' dir='ltr'>φύσιν</span> <span class='ocrx_word' id='word_1_398' title='bbox 693 3903 850 3968; x_wconf 71' lang='grc' dir='ltr'>εἰσιν,</span> <span class='ocrx_word' id='word_1_399' title='bbox 875 3904 925 3954; x_wconf 84' lang='grc' dir='ltr'><strong>εί</strong></span> <span class='ocrx_word' id='word_1_400' title='bbox 954 3900 1112 3971; x_wconf 81' lang='grc' dir='ltr'>μάθοι</span> <span class='ocrx_word' id='word_1_401' title='bbox 1149 3900 1307 3970; x_wconf 91' lang='grc' dir='ltr'>μόνον</span> <span class='ocrx_word' id='word_1_402' title='bbox 1345 3899 1427 3952; x_wconf 82' lang='grc' dir='ltr'><strong>δτι</strong></span> <span class='ocrx_word' id='word_1_403' title='bbox 1455 3895 1624 3949; x_wconf 87' lang='grc' dir='ltr'>λευκά</span> <span class='ocrx_word' id='word_1_404' title='bbox 1652 3892 1825 3949; x_wconf 83' lang='grc' dir='ltr'>ταῦτά</span> 
     </span>
    </p>
   </div>
   <div class='ocr_carea' id='block_1_56' title="bbox 251 3989 1822 4067">
    <p class='ocr_par' dir='ltr' id='par_1_56' title="bbox 251 3989 1822 4067">
     <span class='ocr_line' id='line_1_56' title="bbox 251 3989 1822 4067; baseline -0.008 -15"><span class='ocrx_word' id='word_1_405' title='bbox 251 4002 420 4052; x_wconf 73' lang='grc' dir='ltr'>ἐστιν.</span> <span class='ocrx_word' id='word_1_406' title='bbox 460 3997 536 4050; x_wconf 87' lang='grc' dir='ltr'>Οὐ</span> <span class='ocrx_word' id='word_1_407' title='bbox 568 3996 676 4067; x_wconf 83' lang='grc' dir='ltr'>γὰρ</span> <span class='ocrx_word' id='word_1_408' title='bbox 725 3997 759 4066; x_wconf 87' lang='grc' dir='ltr'>ή</span> <span class='ocrx_word' id='word_1_409' title='bbox 808 3994 1068 4065; x_wconf 83' lang='grc' dir='ltr'>λευκότης</span> <span class='ocrx_word' id='word_1_410' title='bbox 1116 3996 1197 4057; x_wconf 82' lang='grc' dir='ltr'><strong>είς</strong></span> <span class='ocrx_word' id='word_1_411' title='bbox 1242 3991 1430 4045; x_wconf 88' lang='grc' dir='ltr'>οὐσίαν</span> <span class='ocrx_word' id='word_1_412' title='bbox 1477 3989 1822 4060; x_wconf 85' lang='grc' dir='ltr'>νοηθήσεται,</span> 
     </span>
    </p>
   </div>
   <div class='ocr_carea' id='block_1_57' title="bbox 250 4080 1826 4156">
    <p class='ocr_par' dir='ltr' id='par_1_57' title="bbox 250 4080 1826 4156">
     <span class='ocr_line' id='line_1_57' title="bbox 250 4080 1826 4156; baseline -0.005 -17"><span class='ocrx_word' id='word_1_413' title='bbox 250 4086 391 4140; x_wconf 79' lang='grc' dir='ltr'><strong>ἀλλά</strong></span> <span class='ocrx_word' id='word_1_414' title='bbox 425 4102 476 4137; x_wconf 89' lang='grc' dir='ltr'><strong>τι</strong></span> <span class='ocrx_word' id='word_1_415' title='bbox 503 4084 611 4137; x_wconf 84' lang='grc' dir='ltr'>τῶν</span> <span class='ocrx_word' id='word_1_416' title='bbox 639 4086 705 4155; x_wconf 80' lang='grc' dir='ltr'><strong>τῇ</strong></span> <span class='ocrx_word' id='word_1_417' title='bbox 733 4084 891 4155; x_wconf 80' lang='grc' dir='ltr'>οὐσίᾳ</span> <span class='ocrx_word' id='word_1_418' title='bbox 924 4083 1255 4156; x_wconf 88' lang='grc' dir='ltr'>προσόντων.</span> <span class='ocrx_word' id='word_1_419' title='bbox 1271 4081 1335 4135; x_wconf 82' lang='grc' dir='ltr'><strong>Ἥ</strong></span> <span class='ocrx_word' id='word_1_420' title='bbox 1361 4081 1537 4134; x_wconf 85' lang='grc' dir='ltr'>το’νυν</span> <span class='ocrx_word' id='word_1_421' title='bbox 1565 4080 1826 4148; x_wconf 83' lang='grc' dir='ltr'>ἀγένητος</span> 
     </span>
    </p>
   </div>
   <div class='ocr_carea' id='block_1_58' title="bbox 232 4172 1825 4248">
    <p class='ocr_par' dir='ltr' id='par_1_58' title="bbox 232 4172 1825 4248">
     <span class='ocr_line' id='line_1_58' title="bbox 232 4172 1825 4248; baseline -0.004 -18"><span class='ocrx_word' id='word_1_422' title='bbox 232 4176 426 4248; x_wconf 71' lang='grc' dir='ltr'>φωνὴ,</span> <span class='ocrx_word' id='word_1_423' title='bbox 458 4175 517 4229; x_wconf 76' lang='grc' dir='ltr'>ἔν</span> <span class='ocrx_word' id='word_1_424' title='bbox 544 4194 596 4230; x_wconf 92' lang='grc' dir='ltr'><strong>τι</strong></span> <span class='ocrx_word' id='word_1_425' title='bbox 621 4176 731 4230; x_wconf 85' lang='grc' dir='ltr'><strong>τῶν</strong></span> <span class='ocrx_word' id='word_1_426' title='bbox 762 4176 1073 4247; x_wconf 85' lang='grc' dir='ltr'>προσόντων</span> <span class='ocrx_word' id='word_1_427' title='bbox 1099 4175 1418 4247; x_wconf 86' lang='grc' dir='ltr'>ἀχωρίστως</span> <span class='ocrx_word' id='word_1_428' title='bbox 1444 4176 1510 4244; x_wconf 80' lang='grc' dir='ltr'>τῇ</span> <span class='ocrx_word' id='word_1_429' title='bbox 1543 4172 1703 4244; x_wconf 71' lang='grc' dir='ltr'>οὐσία</span> <span class='ocrx_word' id='word_1_430' title='bbox 1732 4172 1825 4224; x_wconf 90' lang='grc' dir='ltr'><strong>τοῦ</strong></span> 
     </span>
    </p>
   </div>
   <div class='ocr_carea' id='block_1_59' title="bbox 251 4262 1829 4337">
    <p class='ocr_par' dir='ltr' id='par_1_59' title="bbox 251 4262 1829 4337">
     <span class='ocr_line' id='line_1_59' title="bbox 251 4262 1829 4337; baseline -0.004 -17"><span class='ocrx_word' id='word_1_431' title='bbox 251 4267 391 4320; x_wconf 90' lang='grc' dir='ltr'>Θεοῦ</span> <span class='ocrx_word' id='word_1_432' title='bbox 431 4266 790 4337; x_wconf 87' lang='grc' dir='ltr'>σημαίνουσα,</span> <span class='ocrx_word' id='word_1_433' title='bbox 827 4266 926 4319; x_wconf 90' lang='grc' dir='ltr'><strong>οὐκ</strong></span> <span class='ocrx_word' id='word_1_434' title='bbox 958 4265 1024 4319; x_wconf 78' lang='grc' dir='ltr'>ἂν</span> <span class='ocrx_word' id='word_1_435' title='bbox 1050 4267 1133 4335; x_wconf 83' lang='grc' dir='ltr'><strong>είη</strong></span> <span class='ocrx_word' id='word_1_436' title='bbox 1167 4264 1289 4319; x_wconf 75' lang='grc' dir='ltr'>καθ’</span> <span class='ocrx_word' id='word_1_437' title='bbox 1319 4265 1461 4335; x_wconf 79' lang='grc' dir='ltr'>ὑμᾶς</span> <span class='ocrx_word' id='word_1_438' title='bbox 1484 4264 1659 4319; x_wconf 90' lang='grc' dir='ltr'>οὐσία.</span> <span class='ocrx_word' id='word_1_439' title='bbox 1686 4263 1750 4315; x_wconf 84' lang='grc' dir='ltr'>Εἰ</span> <span class='ocrx_word' id='word_1_440' title='bbox 1771 4262 1829 4315; x_wconf 78' lang='grc' dir='ltr'>δὲ</span> 
     </span>
    </p>
   </div>
   <div class='ocr_carea' id='block_1_60' title="bbox 250 4353 1832 4429">
    <p class='ocr_par' dir='ltr' id='par_1_60' title="bbox 250 4353 1832 4429">
     <span class='ocr_line' id='line_1_60' title="bbox 250 4353 1832 4429; baseline -0.004 -16"><span class='ocrx_word' id='word_1_441' title='bbox 250 4361 431 4423; x_wconf 75' lang='grc' dir='ltr'>τοῦτο,</span> <span class='ocrx_word' id='word_1_442' title='bbox 468 4362 497 4413; x_wconf 85' lang='grc' dir='ltr'><strong>ό</strong></span> <span class='ocrx_word' id='word_1_443' title='bbox 527 4358 680 4422; x_wconf 82' lang='grc' dir='ltr'>εἰδὼς</span> <span class='ocrx_word' id='word_1_444' title='bbox 707 4359 897 4429; x_wconf 81' lang='grc' dir='ltr'>ὅτιπερ</span> <span class='ocrx_word' id='word_1_445' title='bbox 935 4357 1195 4428; x_wconf 85' lang='grc' dir='ltr'>ἀγένητός</span> <span class='ocrx_word' id='word_1_446' title='bbox 1227 4360 1374 4411; x_wconf 76' lang='grc' dir='ltr'>ἐστιν</span> <span class='ocrx_word' id='word_1_447' title='bbox 1410 4360 1439 4410; x_wconf 88' lang='grc' dir='ltr'>ὁ</span> <span class='ocrx_word' id='word_1_448' title='bbox 1482 4356 1636 4421; x_wconf 90' lang='grc' dir='ltr'>Θεὸς,</span> <span class='ocrx_word' id='word_1_449' title='bbox 1677 4353 1832 4408; x_wconf 76' lang='grc' dir='ltr'>οὔπω</span> 
     </span>
    </p>
   </div>
   <div class='ocr_carea' id='block_1_61' title="bbox 1907 1882 3474 1958">
    <p class='ocr_par' dir='ltr' id='par_1_61' title="bbox 1907 1882 3474 1958">
     <span class='ocr_line' id='line_1_61' title="bbox 1907 1882 3474 1958; baseline -0.006 -12"><span class='ocrx_word' id='word_1_450' title='bbox 1907 1904 2029 1946; x_wconf 85' lang='lat' dir='ltr'><strong>esse</strong></span> <span class='ocrx_word' id='word_1_451' title='bbox 2055 1890 2145 1943; x_wconf 85' lang='lat' dir='ltr'><strong>Dei</strong></span> <span class='ocrx_word' id='word_1_452' title='bbox 2177 1889 2229 1943; x_wconf 91' lang='lat' dir='ltr'><strong>in</strong></span> <span class='ocrx_word' id='word_1_453' title='bbox 2255 1888 2492 1958; x_wconf 89' lang='lat' dir='ltr'><strong>ingenito</strong></span> <span class='ocrx_word' id='word_1_454' title='bbox 2519 1903 2625 1943; x_wconf 93' lang='lat' dir='ltr'><strong>non</strong></span> <span class='ocrx_word' id='word_1_455' title='bbox 2678 1887 2942 1942; x_wconf 89' lang='lat' dir='ltr'><strong>consistit.</strong></span> <span class='ocrx_word' id='word_1_456' title='bbox 2976 1884 3157 1954; x_wconf 82' lang='lat' dir='ltr'><strong>Neque</strong></span> <span class='ocrx_word' id='word_1_457' title='bbox 3185 1884 3327 1938; x_wconf 86' lang='lat' dir='ltr'><strong>enim</strong></span> <span class='ocrx_word' id='word_1_458' title='bbox 3357 1882 3474 1937; x_wconf 85' lang='lat' dir='ltr'><strong>hac</strong></span> 
     </span>
    </p>
   </div>
   <div class='ocr_carea' id='block_1_62' title="bbox 1907 1972 3473 2051">
    <p class='ocr_par' dir='ltr' id='par_1_62' title="bbox 1907 1972 3473 2051">
     <span class='ocr_line' id='line_1_62' title="bbox 1907 1972 3473 2051; baseline -0.001 -14"><span class='ocrx_word' id='word_1_459' title='bbox 1907 1997 2010 2037; x_wconf 83' lang='lat' dir='ltr'><strong>vox</strong></span> <span class='ocrx_word' id='word_1_460' title='bbox 2029 1981 2320 2037; x_wconf 84' lang='lat' dir='ltr'><strong>essentiam</strong></span> <span class='ocrx_word' id='word_1_461' title='bbox 2374 1980 2540 2051; x_wconf 90' lang='lat' dir='ltr'><strong>ipsius</strong></span> <span class='ocrx_word' id='word_1_462' title='bbox 2567 1978 2855 2048; x_wconf 87' lang='lat' dir='ltr'><strong>signiﬁcat,</strong></span> <span class='ocrx_word' id='word_1_463' title='bbox 2886 1978 2977 2034; x_wconf 89' lang='lat' dir='ltr'><strong>sed</strong></span> <span class='ocrx_word' id='word_1_464' title='bbox 3020 1991 3140 2032; x_wconf 88' lang='lat' dir='ltr'><strong>eam</strong></span> <span class='ocrx_word' id='word_1_465' title='bbox 3186 1975 3257 2038; x_wconf 80' lang='lat' dir='ltr'><strong>ita</strong></span> <span class='ocrx_word' id='word_1_466' title='bbox 3292 1988 3351 2034; x_wconf 79' lang='lat' dir='ltr'><strong>se</strong></span> <span class='ocrx_word' id='word_1_467' title='bbox 3376 1972 3473 2035; x_wconf 79' lang='lat' dir='ltr'><strong>ha-</strong></span> 
     </span>
    </p>
   </div>
   <div class='ocr_carea' id='block_1_63' title="bbox 1907 2074 2318 2131">
    <p class='ocr_par' dir='ltr' id='par_1_63' title="bbox 1907 2074 2318 2131">
     <span class='ocr_line' id='line_1_63' title="bbox 1907 2074 2318 2131; baseline -0.007 0"><span class='ocrx_word' id='word_1_468' title='bbox 1907 2076 2034 2131; x_wconf 83' lang='lat' dir='ltr'><strong>bere</strong></span> <span class='ocrx_word' id='word_1_469' title='bbox 2062 2074 2318 2130; x_wconf 83' lang='lat' dir='ltr'><strong>declarat.</strong></span> 
     </span>
    </p>
   </div>
   <div class='ocr_carea' id='block_1_64' title="bbox 2579 2186 2806 2244">
    <p class='ocr_par' dir='ltr' id='par_1_64' title="bbox 2579 2186 2806 2244">
     <span class='ocr_line' id='line_1_64' title="bbox 2579 2186 2806 2244; baseline 0.004 -1"><span class='ocrx_word' id='word_1_470' title='bbox 2579 2187 2620 2243; x_wconf 76' lang='grc' dir='ltr'>Α</span> <span class='ocrx_word' id='word_1_471' title='bbox 2628 2186 2734 2243; x_wconf 86' lang='lat' dir='ltr'><strong>LlU</strong></span> <span class='ocrx_word' id='word_1_472' title='bbox 2745 2187 2806 2244; x_wconf 67' lang='grc' dir='ltr'><strong>[ἓ.</strong></span> 
     </span>
    </p>
   </div>
   <div class='ocr_carea' id='block_1_65' title="bbox 1982 2299 3473 2375">
    <p class='ocr_par' dir='ltr' id='par_1_65' title="bbox 1982 2299 3473 2375">
     <span class='ocr_line' id='line_1_65' title="bbox 1982 2299 3473 2375; baseline -0.006 -17"><span class='ocrx_word' id='word_1_473' title='bbox 1982 2304 2037 2358; x_wconf 89' lang='lat' dir='ltr'><strong>Si</strong></span> <span class='ocrx_word' id='word_1_474' title='bbox 2077 2304 2393 2375; x_wconf 80' lang='lat' dir='ltr'><strong>ingenitum,</strong></span> <span class='ocrx_word' id='word_1_475' title='bbox 2426 2304 2566 2374; x_wconf 92' lang='lat' dir='ltr'><strong>quod</strong></span> <span class='ocrx_word' id='word_1_476' title='bbox 2592 2304 2728 2358; x_wconf 92' lang='lat' dir='ltr'><strong>idem</strong></span> <span class='ocrx_word' id='word_1_477' title='bbox 2758 2312 2842 2358; x_wconf 90' lang='lat' dir='ltr'><strong>est</strong></span> <span class='ocrx_word' id='word_1_478' title='bbox 2869 2311 3029 2371; x_wconf 91' lang='lat' dir='ltr'><strong>atque</strong></span> <span class='ocrx_word' id='word_1_479' title='bbox 3054 2299 3194 2368; x_wconf 88' lang='lat' dir='ltr'><strong>quod</strong></span> <span class='ocrx_word' id='word_1_480' title='bbox 3231 2305 3473 2353; x_wconf 87' lang='lat' dir='ltr'><strong>creatum</strong></span> 
     </span>
    </p>
   </div>
   <div class='ocr_carea' id='block_1_66' title="bbox 1912 2386 3477 2464">
    <p class='ocr_par' dir='ltr' id='par_1_66' title="bbox 1912 2386 3477 2464">
     <span class='ocr_line' id='line_1_66' title="bbox 1912 2386 3477 2464; baseline -0.005 -15"><span class='ocrx_word' id='word_1_481' title='bbox 1912 2411 2018 2451; x_wconf 91' lang='lat' dir='ltr'><strong>non</strong></span> <span class='ocrx_word' id='word_1_482' title='bbox 2052 2407 2156 2460; x_wconf 88' lang='lat' dir='ltr'><strong>est,</strong></span> <span class='ocrx_word' id='word_1_483' title='bbox 2205 2396 2492 2451; x_wconf 81' lang='lat' dir='ltr'><strong>essentiam</strong></span> <span class='ocrx_word' id='word_1_484' title='bbox 2546 2396 2639 2449; x_wconf 85' lang='lat' dir='ltr'><strong>Dei</strong></span> <span class='ocrx_word' id='word_1_485' title='bbox 2685 2392 2989 2464; x_wconf 85' lang='lat' dir='ltr'><strong>signiﬁcat,</strong></span> <span class='ocrx_word' id='word_1_486' title='bbox 3047 2390 3176 2461; x_wconf 92' lang='lat' dir='ltr'><strong>quid</strong></span> <span class='ocrx_word' id='word_1_487' title='bbox 3241 2386 3477 2444; x_wconf 85' lang='lat' dir='ltr'><strong>obstabit</strong></span> 
     </span>
    </p>
   </div>
   <div class='ocr_carea' id='block_1_67' title="bbox 1913 2480 3473 2555">
    <p class='ocr_par' dir='ltr' id='par_1_67' title="bbox 1913 2480 3473 2555">
     <span class='ocr_line' id='line_1_67' title="bbox 1913 2480 3473 2555; baseline -0.004 -17"><span class='ocrx_word' id='word_1_488' title='bbox 1913 2486 2200 2554; x_wconf 90' lang='lat' dir='ltr'><strong>quominus</strong></span> <span class='ocrx_word' id='word_1_489' title='bbox 2234 2485 2464 2551; x_wconf 87' lang='lat' dir='ltr'><strong>visibile,</strong></span> <span class='ocrx_word' id='word_1_490' title='bbox 2490 2486 2633 2555; x_wconf 91' lang='lat' dir='ltr'><strong>quod</strong></span> <span class='ocrx_word' id='word_1_491' title='bbox 2662 2485 2912 2539; x_wconf 84' lang='lat' dir='ltr'><strong>humana</strong></span> <span class='ocrx_word' id='word_1_492' title='bbox 2944 2490 3155 2539; x_wconf 82' lang='lat' dir='ltr'><strong>natura</strong></span> <span class='ocrx_word' id='word_1_493' title='bbox 3186 2480 3473 2543; x_wconf 88' lang='lat' dir='ltr'><strong>tribuitur,</strong></span> 
     </span>
    </p>
   </div>
   <div class='ocr_carea' id='block_1_68' title="bbox 1914 2571 3479 2646">
    <p class='ocr_par' dir='ltr' id='par_1_68' title="bbox 1914 2571 3479 2646">
     <span class='ocr_line' id='line_1_68' title="bbox 1914 2571 3479 2646; baseline -0.005 -15"><span class='ocrx_word' id='word_1_494' title='bbox 1914 2576 2032 2646; x_wconf 86' lang='lat' dir='ltr'><strong>ejus</strong></span> <span class='ocrx_word' id='word_1_495' title='bbox 2056 2577 2355 2631; x_wconf 85' lang='lat' dir='ltr'><strong>substantia</strong></span> <span class='ocrx_word' id='word_1_496' title='bbox 2384 2576 2455 2629; x_wconf 90' lang='lat' dir='ltr'><strong>sit</strong></span> <span class='ocrx_word' id='word_1_497' title='bbox 2483 2592 2497 2630; x_wconf 90' lang='lat'><strong>:</strong></span> <span class='ocrx_word' id='word_1_498' title='bbox 2525 2575 2821 2644; x_wconf 90' lang='lat' dir='ltr'><strong>eodemque</strong></span> <span class='ocrx_word' id='word_1_499' title='bbox 2858 2576 3017 2629; x_wconf 91' lang='lat' dir='ltr'><strong>modo</strong></span> <span class='ocrx_word' id='word_1_500' title='bbox 3045 2571 3225 2627; x_wconf 87' lang='lat' dir='ltr'><strong>omnia</strong></span> <span class='ocrx_word' id='word_1_501' title='bbox 3250 2586 3368 2640; x_wconf 82' lang='lat' dir='ltr'><strong>qua</strong></span> <span class='ocrx_word' id='word_1_502' title='bbox 3392 2583 3479 2623; x_wconf 86' lang='lat' dir='ltr'><strong>re-</strong></span> 
     </span>
    </p>
   </div>
   <div class='ocr_carea' id='block_1_69' title="bbox 1915 2663 3481 2735">
    <p class='ocr_par' dir='ltr' id='par_1_69' title="bbox 1915 2663 3481 2735">
     <span class='ocr_line' id='line_1_69' title="bbox 1915 2663 3481 2735; baseline -0.002 -16"><span class='ocrx_word' id='word_1_503' title='bbox 1915 2664 2017 2720; x_wconf 87' lang='lat' dir='ltr'><strong>bus</strong></span> <span class='ocrx_word' id='word_1_504' title='bbox 2041 2665 2259 2735; x_wconf 85' lang='lat' dir='ltr'><strong>proprie</strong></span> <span class='ocrx_word' id='word_1_505' title='bbox 2311 2666 2514 2729; x_wconf 88' lang='lat' dir='ltr'><strong>insunt,</strong></span> <span class='ocrx_word' id='word_1_506' title='bbox 2575 2665 2906 2721; x_wconf 83' lang='lat' dir='ltr'><strong>substantias</strong></span> <span class='ocrx_word' id='word_1_507' title='bbox 2931 2679 3116 2719; x_wconf 91' lang='lat' dir='ltr'><strong>eorum</strong></span> <span class='ocrx_word' id='word_1_508' title='bbox 3166 2663 3481 2719; x_wconf 75' lang='lat' dir='ltr'><strong>nominare?</strong></span> 
     </span>
    </p>
   </div>
   <div class='ocr_carea' id='block_1_70' title="bbox 1918 2755 3482 2826">
    <p class='ocr_par' dir='ltr' id='par_1_70' title="bbox 1918 2755 3482 2826">
     <span class='ocr_line' id='line_1_70' title="bbox 1918 2755 3482 2826; baseline -0.003 -14"><span class='ocrx_word' id='word_1_509' title='bbox 1918 2758 1975 2812; x_wconf 87' lang='lat' dir='ltr'><strong>Si</strong></span> <span class='ocrx_word' id='word_1_510' title='bbox 2003 2772 2131 2812; x_wconf 88' lang='lat' dir='ltr'><strong>vero</strong></span> <span class='ocrx_word' id='word_1_511' title='bbox 2154 2757 2295 2826; x_wconf 93' lang='lat' dir='ltr'><strong>quod</strong></span> <span class='ocrx_word' id='word_1_512' title='bbox 2328 2757 2523 2825; x_wconf 87' lang='lat' dir='ltr'><strong>cuique</strong></span> <span class='ocrx_word' id='word_1_513' title='bbox 2583 2756 2857 2826; x_wconf 89' lang='lat' dir='ltr'><strong>proprium</strong></span> <span class='ocrx_word' id='word_1_514' title='bbox 2902 2764 3004 2822; x_wconf 90' lang='lat' dir='ltr'><strong>est,</strong></span> <span class='ocrx_word' id='word_1_515' title='bbox 3042 2770 3145 2809; x_wconf 93' lang='lat' dir='ltr'><strong>non</strong></span> <span class='ocrx_word' id='word_1_516' title='bbox 3196 2755 3365 2823; x_wconf 87' lang='lat' dir='ltr'><strong>ipsum</strong></span> <span class='ocrx_word' id='word_1_517' title='bbox 3397 2764 3482 2808; x_wconf 87' lang='lat' dir='ltr'><strong>est</strong></span> 
     </span>
    </p>
   </div>
   <div class='ocr_carea' id='block_1_71' title="bbox 1919 2844 3483 2912">
    <p class='ocr_par' dir='ltr' id='par_1_71' title="bbox 1919 2844 3483 2912">
     <span class='ocr_line' id='line_1_71' title="bbox 1919 2844 3483 2912; baseline -0.003 -10"><span class='ocrx_word' id='word_1_518' title='bbox 1919 2846 2244 2912; x_wconf 83' lang='lat' dir='ltr'><strong>substantia,</strong></span> <span class='ocrx_word' id='word_1_519' title='bbox 2274 2846 2369 2902; x_wconf 86' lang='lat' dir='ltr'><strong>sed</strong></span> <span class='ocrx_word' id='word_1_520' title='bbox 2424 2847 2473 2901; x_wconf 89' lang='lat' dir='ltr'><strong>ei</strong></span> <span class='ocrx_word' id='word_1_521' title='bbox 2534 2846 2693 2911; x_wconf 90' lang='lat' dir='ltr'><strong>inest,</strong></span> <span class='ocrx_word' id='word_1_522' title='bbox 2753 2846 2893 2901; x_wconf 90' lang='lat' dir='ltr'><strong>sicut</strong></span> <span class='ocrx_word' id='word_1_523' title='bbox 2945 2845 3147 2900; x_wconf 86' lang='lat' dir='ltr'><strong>homini</strong></span> <span class='ocrx_word' id='word_1_524' title='bbox 3185 2844 3404 2910; x_wconf 82' lang='lat' dir='ltr'><strong>risibile,</strong></span> <span class='ocrx_word' id='word_1_525' title='bbox 3428 2852 3483 2897; x_wconf 89' lang='lat' dir='ltr'><strong>et</strong></span> 
     </span>
    </p>
   </div>
   <div class='ocr_carea' id='block_1_72' title="bbox 1922 2937 3481 3007">
    <p class='ocr_par' dir='ltr' id='par_1_72' title="bbox 1922 2937 3481 3007">
     <span class='ocr_line' id='line_1_72' title="bbox 1922 2937 3481 3007; baseline -0.004 -12"><span class='ocrx_word' id='word_1_526' title='bbox 1922 2954 2060 3007; x_wconf 92' lang='lat' dir='ltr'><strong>equo</strong></span> <span class='ocrx_word' id='word_1_527' title='bbox 2088 2937 2370 3002; x_wconf 90' lang='lat' dir='ltr'><strong>hinnibile,</strong></span> <span class='ocrx_word' id='word_1_528' title='bbox 2410 2948 2559 2994; x_wconf 87' lang='lat' dir='ltr'><strong>certe</strong></span> <span class='ocrx_word' id='word_1_529' title='bbox 2590 2939 2879 3006; x_wconf 75' lang='lat' dir='ltr'><strong>ingenitum</strong></span> <span class='ocrx_word' id='word_1_530' title='bbox 2906 2938 3206 2993; x_wconf 88' lang='lat' dir='ltr'><strong>substantia</strong></span> <span class='ocrx_word' id='word_1_531' title='bbox 3234 2952 3337 2991; x_wconf 92' lang='lat' dir='ltr'><strong>non</strong></span> <span class='ocrx_word' id='word_1_532' title='bbox 3358 2937 3481 3001; x_wconf 83' lang='lat' dir='ltr'><strong>erit,</strong></span> 
     </span>
    </p>
   </div>
   <div class='ocr_carea' id='block_1_73' title="bbox 1920 3028 3482 3101">
    <p class='ocr_par' dir='ltr' id='par_1_73' title="bbox 1920 3028 3482 3101">
     <span class='ocr_line' id='line_1_73' title="bbox 1920 3028 3482 3101; baseline -0.003 -16"><span class='ocrx_word' id='word_1_533' title='bbox 1920 3045 2025 3085; x_wconf 91' lang='lat' dir='ltr'><strong>non</strong></span> <span class='ocrx_word' id='word_1_534' title='bbox 2058 3030 2185 3099; x_wconf 93' lang='lat' dir='ltr'><strong>quid</strong></span> <span class='ocrx_word' id='word_1_535' title='bbox 2210 3030 2281 3085; x_wconf 88' lang='lat' dir='ltr'><strong>sit</strong></span> <span class='ocrx_word' id='word_1_536' title='bbox 2314 3038 2504 3084; x_wconf 86' lang='lat' dir='ltr'><strong>natura</strong></span> <span class='ocrx_word' id='word_1_537' title='bbox 2549 3046 2644 3086; x_wconf 89' lang='lat' dir='ltr'><strong>sua</strong></span> <span class='ocrx_word' id='word_1_538' title='bbox 2675 3029 2819 3085; x_wconf 89' lang='lat' dir='ltr'><strong>Deus</strong></span> <span class='ocrx_word' id='word_1_539' title='bbox 2852 3028 3183 3101; x_wconf 87' lang='lat' dir='ltr'><strong>signiﬁcans.</strong></span> <span class='ocrx_word' id='word_1_540' title='bbox 3213 3029 3308 3082; x_wconf 86' lang='lat' dir='ltr'><strong>sed</strong></span> <span class='ocrx_word' id='word_1_541' title='bbox 3341 3028 3482 3097; x_wconf 91' lang='lat' dir='ltr'><strong>quod</strong></span> 
     </span>
    </p>
   </div>
   <div class='ocr_carea' id='block_1_74' title="bbox 1921 3119 3481 3191">
    <p class='ocr_par' dir='ltr' id='par_1_74' title="bbox 1921 3119 3481 3191">
     <span class='ocr_line' id='line_1_74' title="bbox 1921 3119 3481 3191; baseline -0.003 -15"><span class='ocrx_word' id='word_1_542' title='bbox 1921 3135 1987 3177; x_wconf 91' lang='lat' dir='ltr'><strong>eo</strong></span> <span class='ocrx_word' id='word_1_543' title='bbox 2022 3122 2180 3177; x_wconf 88' lang='lat' dir='ltr'><strong>modo</strong></span> <span class='ocrx_word' id='word_1_544' title='bbox 2203 3136 2264 3177; x_wconf 91' lang='lat' dir='ltr'><strong>se</strong></span> <span class='ocrx_word' id='word_1_545' title='bbox 2302 3122 2486 3189; x_wconf 83' lang='lat' dir='ltr'><strong>habet,</strong></span> <span class='ocrx_word' id='word_1_546' title='bbox 2515 3137 2577 3176; x_wconf 91' lang='lat' dir='ltr'><strong>ac</strong></span> <span class='ocrx_word' id='word_1_547' title='bbox 2603 3132 2801 3191; x_wconf 81' lang='lat' dir='ltr'><strong>prater</strong></span> <span class='ocrx_word' id='word_1_548' title='bbox 2824 3121 2926 3176; x_wconf 89' lang='lat' dir='ltr'><strong>alia</strong></span> <span class='ocrx_word' id='word_1_549' title='bbox 2961 3121 3238 3191; x_wconf 88' lang='lat' dir='ltr'><strong>proprium</strong></span> <span class='ocrx_word' id='word_1_550' title='bbox 3262 3119 3360 3190; x_wconf 88' lang='lat' dir='ltr'><strong>ipsi</strong></span> <span class='ocrx_word' id='word_1_551' title='bbox 3382 3128 3481 3173; x_wconf 90' lang='lat' dir='ltr'><strong>est.</strong></span> 
     </span>
    </p>
   </div>
   <div class='ocr_carea' id='block_1_75' title="bbox 2579 3314 2809 3370">
    <p class='ocr_par' dir='ltr' id='par_1_75' title="bbox 2579 3314 2809 3370">
     <span class='ocr_line' id='line_1_75' title="bbox 2579 3314 2809 3370; baseline -0.004 -1"><span class='ocrx_word' id='word_1_552' title='bbox 2579 3314 2809 3370; x_wconf 81' lang='lat' dir='ltr'><strong>ALIUD.</strong></span> 
     </span>
    </p>
   </div>
   <div class='ocr_carea' id='block_1_76' title="bbox 1990 3418 3493 3503">
    <p class='ocr_par' dir='ltr' id='par_1_76' title="bbox 1990 3418 3493 3503">
     <span class='ocr_line' id='line_1_76' title="bbox 1990 3418 3493 3503; baseline -0.011 -14"><span class='ocrx_word' id='word_1_553' title='bbox 1990 3432 2289 3503; x_wconf 87' lang='lat' dir='ltr'><strong>lngenitum</strong></span> <span class='ocrx_word' id='word_1_554' title='bbox 2324 3430 2391 3485; x_wconf 92' lang='lat' dir='ltr'><strong>de</strong></span> <span class='ocrx_word' id='word_1_555' title='bbox 2420 3428 2661 3483; x_wconf 91' lang='lat' dir='ltr'><strong>essentia</strong></span> <span class='ocrx_word' id='word_1_556' title='bbox 2704 3426 2797 3481; x_wconf 90' lang='lat' dir='ltr'><strong>Dei</strong></span> <span class='ocrx_word' id='word_1_557' title='bbox 2839 3423 3272 3494; x_wconf 86' lang='lat' dir='ltr'><strong>inseparabiliter</strong></span> <span class='ocrx_word' id='word_1_558' title='bbox 3294 3418 3493 3491; x_wconf 80' lang='lat' dir='ltr'><strong>pradi-</strong></span> 
     </span>
    </p>
   </div>
   <div class='ocr_carea' id='block_1_77' title="bbox 1922 3512 3488 3594">
    <p class='ocr_par' dir='ltr' id='par_1_77' title="bbox 1922 3512 3488 3594">
     <span class='ocr_line' id='line_1_77' title="bbox 1922 3512 3488 3594; baseline -0.009 -13"><span class='ocrx_word' id='word_1_559' title='bbox 1922 3535 2098 3590; x_wconf 86' lang='lat' dir='ltr'><strong>catur,</strong></span> <span class='ocrx_word' id='word_1_560' title='bbox 2154 3521 2603 3594; x_wconf 90' lang='lat' dir='ltr'><strong>quemadmodum</strong></span> <span class='ocrx_word' id='word_1_561' title='bbox 2672 3519 2738 3573; x_wconf 90' lang='lat' dir='ltr'><strong>de</strong></span> <span class='ocrx_word' id='word_1_562' title='bbox 2788 3516 2981 3585; x_wconf 81' lang='lat' dir='ltr'><strong>quovis</strong></span> <span class='ocrx_word' id='word_1_563' title='bbox 3030 3528 3257 3581; x_wconf 87' lang='lat' dir='ltr'><strong>corpore</strong></span> <span class='ocrx_word' id='word_1_564' title='bbox 3317 3512 3488 3567; x_wconf 88' lang='lat' dir='ltr'><strong>color.</strong></span> 
     </span>
    </p>
   </div>
   <div class='ocr_carea' id='block_1_78' title="bbox 1921 3602 3495 3675">
    <p class='ocr_par' dir='ltr' id='par_1_78' title="bbox 1921 3602 3495 3675">
     <span class='ocr_line' id='line_1_78' title="bbox 1921 3602 3495 3675; baseline -0.013 -2"><span class='ocrx_word' id='word_1_565' title='bbox 1921 3618 2185 3673; x_wconf 67' lang='lat' dir='ltr'><strong>Caeterum</strong></span> <span class='ocrx_word' id='word_1_566' title='bbox 2237 3628 2343 3667; x_wconf 91' lang='lat' dir='ltr'><strong>non</strong></span> <span class='ocrx_word' id='word_1_567' title='bbox 2384 3624 2451 3665; x_wconf 86' lang='lat' dir='ltr'><strong>ex</strong></span> <span class='ocrx_word' id='word_1_568' title='bbox 2488 3609 2553 3664; x_wconf 89' lang='lat' dir='ltr'><strong>iis</strong></span> <span class='ocrx_word' id='word_1_569' title='bbox 2583 3624 2703 3675; x_wconf 84' lang='lat' dir='ltr'><strong>qua</strong></span> <span class='ocrx_word' id='word_1_570' title='bbox 2762 3604 3191 3675; x_wconf 86' lang='lat' dir='ltr'><strong>inseparabiliter</strong></span> <span class='ocrx_word' id='word_1_571' title='bbox 3242 3602 3495 3655; x_wconf 82' lang='lat' dir='ltr'><strong>accidunt</strong></span> 
     </span>
    </p>
   </div>
   <div class='ocr_carea' id='block_1_79' title="bbox 1923 3696 3492 3770">
    <p class='ocr_par' dir='ltr' id='par_1_79' title="bbox 1923 3696 3492 3770">
     <span class='ocr_line' id='line_1_79' title="bbox 1923 3696 3492 3770; baseline -0.011 -8"><span class='ocrx_word' id='word_1_572' title='bbox 1923 3707 2172 3763; x_wconf 91' lang='lat' dir='ltr'><strong>essentia</strong></span> <span class='ocrx_word' id='word_1_573' title='bbox 2206 3701 2577 3770; x_wconf 83' lang='lat' dir='ltr'><strong>intelliguntur</strong></span> <span class='ocrx_word' id='word_1_574' title='bbox 2600 3698 2725 3754; x_wconf 90' lang='lat' dir='ltr'><strong>:sed</strong></span> <span class='ocrx_word' id='word_1_575' title='bbox 2750 3713 2815 3753; x_wconf 88' lang='lat' dir='ltr'><strong>ex</strong></span> <span class='ocrx_word' id='word_1_576' title='bbox 2846 3698 3039 3767; x_wconf 91' lang='lat' dir='ltr'><strong>quibus</strong></span> <span class='ocrx_word' id='word_1_577' title='bbox 3068 3696 3195 3764; x_wconf 85' lang='lat' dir='ltr'><strong>ipsa</strong></span> <span class='ocrx_word' id='word_1_578' title='bbox 3223 3699 3492 3756; x_wconf 85' lang='lat' dir='ltr'><strong>constant,</strong></span> 
     </span>
    </p>
   </div>
   <div class='ocr_carea' id='block_1_80' title="bbox 1923 3781 3494 3868">
    <p class='ocr_par' dir='ltr' id='par_1_80' title="bbox 1923 3781 3494 3868">
     <span class='ocr_line' id='line_1_80' title="bbox 1923 3781 3494 3868; baseline -0.013 -15"><span class='ocrx_word' id='word_1_579' title='bbox 1923 3798 2107 3868; x_wconf 85' lang='lat' dir='ltr'><strong>Neque</strong></span> <span class='ocrx_word' id='word_1_580' title='bbox 2134 3796 2276 3852; x_wconf 88' lang='lat' dir='ltr'><strong>enim</strong></span> <span class='ocrx_word' id='word_1_581' title='bbox 2303 3793 2586 3862; x_wconf 89' lang='lat' dir='ltr'><strong>quisquam</strong></span> <span class='ocrx_word' id='word_1_582' title='bbox 2623 3788 2886 3855; x_wconf 81' lang='lat' dir='ltr'><strong>intelligat</strong></span> <span class='ocrx_word' id='word_1_583' title='bbox 2928 3786 3057 3855; x_wconf 91' lang='lat' dir='ltr'><strong>quid</strong></span> <span class='ocrx_word' id='word_1_584' title='bbox 3098 3784 3168 3838; x_wconf 90' lang='lat' dir='ltr'><strong>sit</strong></span> <span class='ocrx_word' id='word_1_585' title='bbox 3201 3781 3494 3837; x_wconf 80' lang='lat' dir='ltr'><strong>secundum</strong></span> 
     </span>
    </p>
   </div>
   <div class='ocr_carea' id='block_1_81' title="bbox 1927 3872 3495 3953">
    <p class='ocr_par' dir='ltr' id='par_1_81' title="bbox 1927 3872 3495 3953">
     <span class='ocr_line' id='line_1_81' title="bbox 1927 3872 3495 3953; baseline -0.011 -9"><span class='ocrx_word' id='word_1_586' title='bbox 1927 3899 2174 3945; x_wconf 87' lang='lat' dir='ltr'><strong>naturam</strong></span> <span class='ocrx_word' id='word_1_587' title='bbox 2206 3900 2357 3941; x_wconf 89' lang='lat' dir='ltr'><strong>suam</strong></span> <span class='ocrx_word' id='word_1_588' title='bbox 2386 3896 2618 3953; x_wconf 89' lang='lat' dir='ltr'><strong>cycnus,</strong></span> <span class='ocrx_word' id='word_1_589' title='bbox 2649 3889 2739 3934; x_wconf 90' lang='lat' dir='ltr'><strong>aut</strong></span> <span class='ocrx_word' id='word_1_590' title='bbox 2763 3879 2877 3942; x_wconf 83' lang='lat' dir='ltr'><strong>nix,</strong></span> <span class='ocrx_word' id='word_1_591' title='bbox 2928 3878 2974 3932; x_wconf 89' lang='lat' dir='ltr'><strong>si</strong></span> <span class='ocrx_word' id='word_1_592' title='bbox 3007 3885 3210 3929; x_wconf 86' lang='lat' dir='ltr'><strong>tantum</strong></span> <span class='ocrx_word' id='word_1_593' title='bbox 3240 3873 3377 3928; x_wconf 89' lang='lat' dir='ltr'><strong>sciat</strong></span> <span class='ocrx_word' id='word_1_594' title='bbox 3407 3872 3495 3927; x_wconf 89' lang='lat' dir='ltr'><strong>illa</strong></span> 
     </span>
    </p>
   </div>
   <div class='ocr_carea' id='block_1_82' title="bbox 1927 3963 3499 4051">
    <p class='ocr_par' dir='ltr' id='par_1_82' title="bbox 1927 3963 3499 4051">
     <span class='ocr_line' id='line_1_82' title="bbox 1927 3963 3499 4051; baseline -0.01 -19"><span class='ocrx_word' id='word_1_595' title='bbox 1927 3978 2085 4051; x_wconf 74' lang='lat'><strong>263</strong></span> <span class='ocrx_word' id='word_1_596' title='bbox 2104 3977 2223 4030; x_wconf 87' lang='lat' dir='ltr'><strong>alba</strong></span> <span class='ocrx_word' id='word_1_597' title='bbox 2250 3986 2388 4030; x_wconf 88' lang='lat' dir='ltr'><strong>esse.</strong></span> <span class='ocrx_word' id='word_1_598' title='bbox 2408 3972 2590 4039; x_wconf 87' lang='lat' dir='ltr'><strong>Neque</strong></span> <span class='ocrx_word' id='word_1_599' title='bbox 2610 3971 2753 4025; x_wconf 90' lang='lat' dir='ltr'><strong>enim</strong></span> <span class='ocrx_word' id='word_1_600' title='bbox 2790 3968 2979 4023; x_wconf 88' lang='lat' dir='ltr'><strong>albedo</strong></span> <span class='ocrx_word' id='word_1_601' title='bbox 3007 3964 3359 4020; x_wconf 90' lang='lat' dir='ltr'><strong>substantiam</strong></span> <span class='ocrx_word' id='word_1_602' title='bbox 3389 3963 3499 4017; x_wconf 77' lang='lat' dir='ltr'><strong>illo-</strong></span> 
     </span>
    </p>
   </div>
   <div class='ocr_carea' id='block_1_83' title="bbox 1928 4055 3497 4138">
    <p class='ocr_par' dir='ltr' id='par_1_83' title="bbox 1928 4055 3497 4138">
     <span class='ocr_line' id='line_1_83' title="bbox 1928 4055 3497 4138; baseline -0.012 -12"><span class='ocrx_word' id='word_1_603' title='bbox 1928 4088 2045 4127; x_wconf 86' lang='lat' dir='ltr'><strong>rum</strong></span> <span class='ocrx_word' id='word_1_604' title='bbox 2070 4067 2320 4138; x_wconf 84' lang='lat' dir='ltr'><strong>explicat,</strong></span> <span class='ocrx_word' id='word_1_605' title='bbox 2338 4066 2429 4120; x_wconf 90' lang='lat' dir='ltr'><strong>sed</strong></span> <span class='ocrx_word' id='word_1_606' title='bbox 2458 4063 2657 4133; x_wconf 88' lang='lat' dir='ltr'><strong>aliquid</strong></span> <span class='ocrx_word' id='word_1_607' title='bbox 2683 4062 2824 4130; x_wconf 89' lang='lat' dir='ltr'><strong>quod</strong></span> <span class='ocrx_word' id='word_1_608' title='bbox 2859 4058 3172 4115; x_wconf 87' lang='lat' dir='ltr'><strong>substantia</strong></span> <span class='ocrx_word' id='word_1_609' title='bbox 3193 4055 3405 4111; x_wconf 88' lang='lat' dir='ltr'><strong>accidit.</strong></span> <span class='ocrx_word' id='word_1_610' title='bbox 3440 4055 3497 4108; x_wconf 82' lang='lat' dir='ltr'><strong>Si</strong></span> 
     </span>
    </p>
   </div>
   <div class='ocr_carea' id='block_1_84' title="bbox 1928 4150 3500 4233">
    <p class='ocr_par' dir='ltr' id='par_1_84' title="bbox 1928 4150 3500 4233">
     <span class='ocr_line' id='line_1_84' title="bbox 1928 4150 3500 4233; baseline -0.013 -15"><span class='ocrx_word' id='word_1_611' title='bbox 1928 4176 2055 4233; x_wconf 89' lang='lat' dir='ltr'><strong>ergo</strong></span> <span class='ocrx_word' id='word_1_612' title='bbox 2097 4175 2197 4215; x_wconf 89' lang='lat' dir='ltr'><strong>vox</strong></span> <span class='ocrx_word' id='word_1_613' title='bbox 2239 4157 2513 4228; x_wconf 86' lang='lat' dir='ltr'><strong>ingenitus</strong></span> <span class='ocrx_word' id='word_1_614' title='bbox 2559 4152 2828 4225; x_wconf 80' lang='lat' dir='ltr'><strong>signiﬁcat</strong></span> <span class='ocrx_word' id='word_1_615' title='bbox 2879 4150 3083 4220; x_wconf 86' lang='lat' dir='ltr'><strong>aliquid</strong></span> <span class='ocrx_word' id='word_1_616' title='bbox 3134 4162 3321 4203; x_wconf 85' lang='lat' dir='ltr'><strong>eorum</strong></span> <span class='ocrx_word' id='word_1_617' title='bbox 3379 4160 3500 4215; x_wconf 84' lang='lat' dir='ltr'><strong>qua</strong></span> 
     </span>
    </p>
   </div>
   <div class='ocr_carea' id='block_1_85' title="bbox 1930 4236 3500 4322">
    <p class='ocr_par' dir='ltr' id='par_1_85' title="bbox 1930 4236 3500 4322">
     <span class='ocr_line' id='line_1_85' title="bbox 1930 4236 3500 4322; baseline -0.013 -12"><span class='ocrx_word' id='word_1_618' title='bbox 1930 4250 2361 4322; x_wconf 81' lang='lat' dir='ltr'><strong>inseparabiliter</strong></span> <span class='ocrx_word' id='word_1_619' title='bbox 2387 4248 2635 4304; x_wconf 84' lang='lat' dir='ltr'><strong>essentia</strong></span> <span class='ocrx_word' id='word_1_620' title='bbox 2657 4245 2752 4299; x_wconf 89' lang='lat' dir='ltr'><strong>Dei</strong></span> <span class='ocrx_word' id='word_1_621' title='bbox 2784 4243 3060 4303; x_wconf 90' lang='lat' dir='ltr'><strong>accidunt,</strong></span> <span class='ocrx_word' id='word_1_622' title='bbox 3082 4255 3186 4294; x_wconf 92' lang='lat' dir='ltr'><strong>non</strong></span> <span class='ocrx_word' id='word_1_623' title='bbox 3206 4238 3329 4302; x_wconf 83' lang='lat' dir='ltr'><strong>erit,</strong></span> <span class='ocrx_word' id='word_1_624' title='bbox 3346 4236 3500 4305; x_wconf 86' lang='lat' dir='ltr'><strong>juxta</strong></span> 
     </span>
    </p>
   </div>
   <div class='ocr_carea' id='block_1_86' title="bbox 1932 4329 3502 4413">
    <p class='ocr_par' dir='ltr' id='par_1_86' title="bbox 1932 4329 3502 4413">
     <span class='ocr_line' id='line_1_86' title="bbox 1932 4329 3502 4413; baseline -0.011 -12"><span class='ocrx_word' id='word_1_625' title='bbox 1932 4355 2165 4401; x_wconf 90' lang='lat' dir='ltr'><strong>vestram</strong></span> <span class='ocrx_word' id='word_1_626' title='bbox 2190 4342 2523 4413; x_wconf 91' lang='lat' dir='ltr'><strong>opinionem,</strong></span> <span class='ocrx_word' id='word_1_627' title='bbox 2558 4336 2876 4393; x_wconf 87' lang='lat' dir='ltr'><strong>substantia.</strong></span> <span class='ocrx_word' id='word_1_628' title='bbox 2914 4332 3067 4401; x_wconf 85' lang='lat' dir='ltr'><strong>Quod</strong></span> <span class='ocrx_word' id='word_1_629' title='bbox 3094 4332 3139 4389; x_wconf 90' lang='lat' dir='ltr'><strong>si</strong></span> <span class='ocrx_word' id='word_1_630' title='bbox 3175 4333 3247 4387; x_wconf 88' lang='lat' dir='ltr'><strong>ita</strong></span> <span class='ocrx_word' id='word_1_631' title='bbox 3269 4338 3374 4395; x_wconf 87' lang='lat' dir='ltr'><strong>est,</strong></span> <span class='ocrx_word' id='word_1_632' title='bbox 3410 4329 3502 4398; x_wconf 91' lang='lat' dir='ltr'><strong>qui</strong></span> 
     </span>
    </p>
   </div>
   <div class='ocr_carea' id='block_1_87' title="bbox 252 4423 1816 4521">
    <p class='ocr_par' dir='ltr' id='par_1_87' title="bbox 252 4423 1816 4521">
     <span class='ocr_line' id='line_1_87' title="bbox 252 4423 1816 4521; baseline -0.004 -17"><span class='ocrx_word' id='word_1_633' title='bbox 252 4452 308 4509; x_wconf 85' lang='lat' dir='ltr'><strong>ri</strong></span> <span class='ocrx_word' id='word_1_634' title='bbox 329 4451 447 4505; x_wconf 68' lang='grc' dir='ltr'>ἐστὶ</span> <span class='ocrx_word' id='word_1_635' title='bbox 471 4450 612 4504; x_wconf 81' lang='grc' dir='ltr'>κατὰ</span> <span class='ocrx_word' id='word_1_636' title='bbox 636 4449 797 4518; x_wconf 84' lang='grc' dir='ltr'>φύσιν</span> <span class='ocrx_word' id='word_1_637' title='bbox 820 4423 1139 4512; x_wconf 74' lang='grc' dir='ltr'>ἐπίσταται,</span> <span class='ocrx_word' id='word_1_638' title='bbox 1163 4448 1278 4503; x_wconf 80' lang='grc' dir='ltr'>ἀλλ’</span> <span class='ocrx_word' id='word_1_639' title='bbox 1295 4450 1375 4503; x_wconf 86' lang='grc' dir='ltr'>ὅτι</span> <span class='ocrx_word' id='word_1_640' title='bbox 1397 4449 1459 4503; x_wconf 91' lang='grc' dir='ltr'><strong>τὸ</strong></span> <span class='ocrx_word' id='word_1_641' title='bbox 1483 4448 1557 4521; x_wconf 79' lang='grc' dir='ltr'>μὴ</span> <span class='ocrx_word' id='word_1_642' title='bbox 1576 4446 1816 4517; x_wconf 56' lang='grc' dir='ltr'>γενέσθαι</span> 
     </span>
    </p>
   </div>
   <div class='ocr_carea' id='block_1_88' title="bbox 1926 4423 3505 4521">
    <p class='ocr_par' dir='ltr' id='par_1_88' title="bbox 1934 4423 3505 4501">
     <span class='ocr_line' id='line_1_88' title="bbox 1934 4423 3505 4501; baseline -0.01 -10"><span class='ocrx_word' id='word_1_643' title='bbox 1934 4436 2085 4491; x_wconf 89' lang='lat' dir='ltr'><strong>novit</strong></span> <span class='ocrx_word' id='word_1_644' title='bbox 2115 4437 2283 4490; x_wconf 89' lang='lat' dir='ltr'><strong>Deum</strong></span> <span class='ocrx_word' id='word_1_645' title='bbox 2345 4432 2643 4501; x_wconf 88' lang='lat' dir='ltr'><strong>ingenitum</strong></span> <span class='ocrx_word' id='word_1_646' title='bbox 2699 4442 2843 4493; x_wconf 84' lang='lat' dir='ltr'><strong>esse,</strong></span> <span class='ocrx_word' id='word_1_647' title='bbox 2874 4426 3108 4481; x_wconf 91' lang='lat' dir='ltr'><strong>nondum</strong></span> <span class='ocrx_word' id='word_1_648' title='bbox 3137 4424 3240 4479; x_wconf 91' lang='lat' dir='ltr'><strong>scit</strong></span> <span class='ocrx_word' id='word_1_649' title='bbox 3266 4423 3392 4491; x_wconf 91' lang='lat' dir='ltr'><strong>quid</strong></span> <span class='ocrx_word' id='word_1_650' title='bbox 3418 4437 3505 4476; x_wconf 82' lang='lat' dir='ltr'><strong>se-</strong></span> 
     </span>
    </p>
   </div>
   <div class='ocr_carea' id='block_1_89' title="bbox 256 4540 1002 4613">
    <p class='ocr_par' dir='ltr' id='par_1_89' title="bbox 256 4540 1002 4613">
     <span class='ocr_line' id='line_1_89' title="bbox 256 4540 1002 4613; baseline -0.003 -17"><span class='ocrx_word' id='word_1_651' title='bbox 256 4544 517 4607; x_wconf 63' lang='lat' dir='ltr'><strong>1t,“66€6‘tt</strong></span> <span class='ocrx_word' id='word_1_652' title='bbox 550 4546 616 4613; x_wconf 79' lang='grc' dir='ltr'>τῇ</span> <span class='ocrx_word' id='word_1_653' title='bbox 648 4543 806 4613; x_wconf 83' lang='grc' dir='ltr'>οὐσίᾳ</span> <span class='ocrx_word' id='word_1_654' title='bbox 836 4540 1002 4595; x_wconf 87' lang='grc' dir='ltr'>αὐτοῦ</span> 
     </span>
    </p>
   </div>
   <div class='ocr_carea' id='block_1_90' title="bbox 317 4741 1795 4815">
    <p class='ocr_par' dir='ltr' id='par_1_90' title="bbox 317 4741 1795 4815">
     <span class='ocr_line' id='line_1_90' title="bbox 317 4741 1795 4815; baseline -0.005 -12"><span class='ocrx_word' id='word_1_655' title='bbox 317 4748 643 4815; x_wconf 82' lang='grc' dir='ltr'>Ἀντίθεσις</span> <span class='ocrx_word' id='word_1_656' title='bbox 676 4747 743 4801; x_wconf 82' lang='grc' dir='ltr'>ἐκ</span> <span class='ocrx_word' id='word_1_657' title='bbox 780 4744 898 4800; x_wconf 82' lang='grc' dir='ltr'>τῶν</span> <span class='ocrx_word' id='word_1_658' title='bbox 928 4746 1228 4812; x_wconf 68' lang='grc' dir='ltr'>λεγόντων</span> <span class='ocrx_word' id='word_1_659' title='bbox 1249 4741 1465 4815; x_wconf 78' lang='grc' dir='ltr'>εἰδέναι</span> <span class='ocrx_word' id='word_1_660' title='bbox 1490 4742 1598 4796; x_wconf 81' lang='grc' dir='ltr'>τὸν</span> <span class='ocrx_word' id='word_1_661' title='bbox 1626 4741 1795 4805; x_wconf 79' lang='grc' dir='ltr'>Θεὸν,</span> 
     </span>
    </p>
   </div>
   <div class='ocr_carea' id='block_1_91' title="bbox 767 4814 1336 4883">
    <p class='ocr_par' dir='ltr' id='par_1_91' title="bbox 767 4814 1336 4883">
     <span class='ocr_line' id='line_1_91' title="bbox 767 4814 1336 4883; baseline -0.005 -13"><span class='ocrx_word' id='word_1_662' title='bbox 767 4818 846 4883; x_wconf 84' lang='grc' dir='ltr'>ὡς</span> <span class='ocrx_word' id='word_1_663' title='bbox 880 4816 1062 4881; x_wconf 85' lang='grc' dir='ltr'>αὐτὸς</span> <span class='ocrx_word' id='word_1_664' title='bbox 1100 4814 1336 4868; x_wconf 77' lang='grc' dir='ltr'><strong>ἑαυτόν.</strong></span> 
     </span>
    </p>
   </div>
   <div class='ocr_carea' id='block_1_92' title="bbox 332 4926 1836 5003">
    <p class='ocr_par' dir='ltr' id='par_1_92' title="bbox 332 4926 1836 5003">
     <span class='ocr_line' id='line_1_92' title="bbox 332 4926 1836 5003; baseline -0.005 -18"><span class='ocrx_word' id='word_1_665' title='bbox 332 4934 403 4985; x_wconf 87' lang='grc' dir='ltr'>Τὸ</span> <span class='ocrx_word' id='word_1_666' title='bbox 426 4931 687 5003; x_wconf 83' lang='grc' dir='ltr'>ἀγένητος</span> <span class='ocrx_word' id='word_1_667' title='bbox 712 4929 903 4999; x_wconf 74' lang='grc' dir='ltr'>ὄνομα,</span> <span class='ocrx_word' id='word_1_668' title='bbox 938 4929 1122 4999; x_wconf 78' lang='grc' dir='ltr'>φασὶν,</span> <span class='ocrx_word' id='word_1_669' title='bbox 1153 4928 1188 4997; x_wconf 80' lang='grc' dir='ltr'>ἦ</span> <span class='ocrx_word' id='word_1_670' title='bbox 1222 4945 1271 4980; x_wconf 89' lang='grc' dir='ltr'><strong>τι</strong></span> <span class='ocrx_word' id='word_1_671' title='bbox 1306 4926 1709 4998; x_wconf 82' lang='grc' dir='ltr'>παραστατικὸν</span> <span class='ocrx_word' id='word_1_672' title='bbox 1738 4926 1836 4997; x_wconf 76' lang='grc' dir='ltr'>τῆς</span> 
     </span>
    </p>
   </div>
   <div class='ocr_carea' id='block_1_93' title="bbox 259 5017 1836 5092">
    <p class='ocr_par' dir='ltr' id='par_1_93' title="bbox 259 5017 1836 5092">
     <span class='ocr_line' id='line_1_93' title="bbox 259 5017 1836 5092; baseline -0.006 -14"><span class='ocrx_word' id='word_1_673' title='bbox 259 5025 447 5087; x_wconf 80' lang='grc' dir='ltr'>οὐσίας</span> <span class='ocrx_word' id='word_1_674' title='bbox 474 5022 567 5077; x_wconf 85' lang='grc' dir='ltr'><strong>τοῦ</strong></span> <span class='ocrx_word' id='word_1_675' title='bbox 594 5022 730 5075; x_wconf 85' lang='grc' dir='ltr'>Θεοῦ</span> <span class='ocrx_word' id='word_1_676' title='bbox 753 5022 1102 5092; x_wconf 83' lang='grc' dir='ltr'>νοηθήσεται,</span> <span class='ocrx_word' id='word_1_677' title='bbox 1126 5020 1161 5090; x_wconf 79' lang='grc' dir='ltr'>ἢ</span> <span class='ocrx_word' id='word_1_678' title='bbox 1187 5018 1441 5089; x_wconf 89' lang='grc' dir='ltr'>σημαίνει</span> <span class='ocrx_word' id='word_1_679' title='bbox 1473 5035 1524 5069; x_wconf 91' lang='grc' dir='ltr'><strong>τι</strong></span> <span class='ocrx_word' id='word_1_680' title='bbox 1556 5017 1663 5069; x_wconf 82' lang='grc' dir='ltr'>τῶν</span> <span class='ocrx_word' id='word_1_681' title='bbox 1697 5034 1836 5087; x_wconf 87' lang='grc' dir='ltr'>συμ-</span> 
     </span>
    </p>
   </div>
   <div class='ocr_carea' id='block_1_94' title="bbox 261 5106 1833 5184">
    <p class='ocr_par' dir='ltr' id='par_1_94' title="bbox 261 5106 1833 5184">
     <span class='ocr_line' id='line_1_94' title="bbox 261 5106 1833 5184; baseline -0.006 -17"><span class='ocrx_word' id='word_1_682' title='bbox 261 5113 573 5184; x_wconf 68' lang='grc' dir='ltr'>ϐεϐηκότων</span> <span class='ocrx_word' id='word_1_683' title='bbox 595 5113 753 5182; x_wconf 79' lang='grc' dir='ltr'>αὐτῇ.</span> <span class='ocrx_word' id='word_1_684' title='bbox 772 5110 932 5164; x_wconf 82' lang='grc' dir='ltr'>Ἀλλὰ</span> <span class='ocrx_word' id='word_1_685' title='bbox 956 5111 1061 5182; x_wconf 82' lang='grc' dir='ltr'>μὴν</span> <span class='ocrx_word' id='word_1_686' title='bbox 1081 5109 1234 5162; x_wconf 84' lang='grc' dir='ltr'>οὐδὲν</span> <span class='ocrx_word' id='word_1_687' title='bbox 1254 5111 1321 5179; x_wconf 80' lang='grc' dir='ltr'>τῇ</span> <span class='ocrx_word' id='word_1_688' title='bbox 1344 5108 1461 5177; x_wconf 73' lang='grc' dir='ltr'>Θεία</span> <span class='ocrx_word' id='word_1_689' title='bbox 1491 5106 1833 5177; x_wconf 69' lang='grc' dir='ltr'>ωμὸἐῦηκεν</span> 
     </span>
    </p>
   </div>
   <div class='ocr_carea' id='block_1_95' title="bbox 259 5197 1835 5276">
    <p class='ocr_par' dir='ltr' id='par_1_95' title="bbox 259 5197 1835 5276">
     <span class='ocr_line' id='line_1_95' title="bbox 259 5197 1835 5276; baseline -0.006 -18"><span class='ocrx_word' id='word_1_690' title='bbox 259 5203 445 5276; x_wconf 80' lang='grc' dir='ltr'>οὐσίᾳ·</span> <span class='ocrx_word' id='word_1_691' title='bbox 484 5203 669 5256; x_wconf 85' lang='grc' dir='ltr'>τελεία</span> <span class='ocrx_word' id='word_1_692' title='bbox 700 5202 806 5273; x_wconf 90' lang='grc' dir='ltr'><strong>γάρ</strong></span> <span class='ocrx_word' id='word_1_693' title='bbox 853 5202 913 5266; x_wconf 77' lang='grc' dir='ltr'><strong>ἐξ</strong></span> <span class='ocrx_word' id='word_1_694' title='bbox 961 5201 1180 5270; x_wconf 78' lang='grc' dir='ltr'>ἑαυτῆς.</span> <span class='ocrx_word' id='word_1_695' title='bbox 1213 5200 1285 5251; x_wconf 89' lang='grc' dir='ltr'>Τὸ</span> <span class='ocrx_word' id='word_1_696' title='bbox 1313 5198 1573 5268; x_wconf 80' lang='grc' dir='ltr'>ἀγένητον</span> <span class='ocrx_word' id='word_1_697' title='bbox 1600 5197 1708 5269; x_wconf 80' lang='grc' dir='ltr'>ἄρα</span> <span class='ocrx_word' id='word_1_698' title='bbox 1737 5197 1835 5267; x_wconf 85' lang='grc' dir='ltr'>τῆς</span> 
     </span>
    </p>
   </div>
   <div class='ocr_carea' id='block_1_96' title="bbox 260 5286 1839 5366">
    <p class='ocr_par' dir='ltr' id='par_1_96' title="bbox 260 5286 1839 5366">
     <span class='ocr_line' id='line_1_96' title="bbox 260 5286 1839 5366; baseline -0.005 -17"><span class='ocrx_word' id='word_1_699' title='bbox 260 5298 450 5359; x_wconf 74' lang='grc' dir='ltr'>οὐσίας</span> <span class='ocrx_word' id='word_1_700' title='bbox 474 5294 625 5349; x_wconf 75' lang='grc' dir='ltr'>ἔσται</span> <span class='ocrx_word' id='word_1_701' title='bbox 652 5295 966 5366; x_wconf 86' lang='grc' dir='ltr'>δηλωτικόν.</span> <span class='ocrx_word' id='word_1_702' title='bbox 991 5294 1054 5347; x_wconf 88' lang='grc' dir='ltr'>Εἰ</span> <span class='ocrx_word' id='word_1_703' title='bbox 1077 5294 1133 5346; x_wconf 82' lang='grc' dir='ltr'>δὲ</span> <span class='ocrx_word' id='word_1_704' title='bbox 1153 5290 1333 5354; x_wconf 82' lang='grc' dir='ltr'>τοῦτο,</span> <span class='ocrx_word' id='word_1_705' title='bbox 1366 5286 1471 5343; x_wconf 84' lang='grc' dir='ltr'>οἶδε</span> <span class='ocrx_word' id='word_1_706' title='bbox 1496 5289 1628 5353; x_wconf 91' lang='grc' dir='ltr'>Θεὸς</span> <span class='ocrx_word' id='word_1_707' title='bbox 1649 5289 1839 5341; x_wconf 75' lang='grc' dir='ltr'>ἑαυτὸν</span> 
     </span>
    </p>
   </div>
   <div class='ocr_carea' id='block_1_97' title="bbox 261 5382 1839 5456">
    <p class='ocr_par' dir='ltr' id='par_1_97' title="bbox 261 5382 1839 5456">
     <span class='ocr_line' id='line_1_97' title="bbox 261 5382 1839 5456; baseline -0.004 -15"><span class='ocrx_word' id='word_1_708' title='bbox 261 5388 544 5456; x_wconf 89' lang='grc' dir='ltr'>ἀγένητον.</span> <span class='ocrx_word' id='word_1_709' title='bbox 584 5388 691 5440; x_wconf 80' lang='grc' dir='ltr'><strong>Καὶ</strong></span> <span class='ocrx_word' id='word_1_710' title='bbox 738 5387 793 5439; x_wconf 74' lang='grc' dir='ltr'>εἴ</span> <span class='ocrx_word' id='word_1_711' title='bbox 834 5405 919 5449; x_wconf 82' lang='grc' dir='ltr'><strong>τις</strong></span> <span class='ocrx_word' id='word_1_712' title='bbox 957 5388 1143 5455; x_wconf 75' lang='grc' dir='ltr'>ἕτερος</span> <span class='ocrx_word' id='word_1_713' title='bbox 1185 5383 1345 5438; x_wconf 84' lang='grc' dir='ltr'>τοῦτο</span> <span class='ocrx_word' id='word_1_714' title='bbox 1397 5382 1589 5453; x_wconf 88' lang='grc' dir='ltr'>εἰδείη,</span> <span class='ocrx_word' id='word_1_715' title='bbox 1636 5382 1839 5436; x_wconf 77' lang='grc' dir='ltr'>εἵσεται</span> 
     </span>
    </p>
   </div>
   <div class='ocr_carea' id='block_1_98' title="bbox 262 5476 1202 5542">
    <p class='ocr_par' dir='ltr' id='par_1_98' title="bbox 262 5476 1202 5542">
     <span class='ocr_line' id='line_1_98' title="bbox 262 5476 1202 5542; baseline 0 -11"><span class='ocrx_word' id='word_1_716' title='bbox 262 5479 482 5541; x_wconf 77' lang='grc' dir='ltr'>πάντως</span> <span class='ocrx_word' id='word_1_717' title='bbox 516 5476 667 5542; x_wconf 86' lang='grc' dir='ltr'>Θεὸν,</span> <span class='ocrx_word' id='word_1_718' title='bbox 697 5479 773 5542; x_wconf 83' lang='grc' dir='ltr'>ὡς</span> <span class='ocrx_word' id='word_1_719' title='bbox 800 5478 959 5542; x_wconf 91' lang='grc' dir='ltr'>αὐτὸς</span> <span class='ocrx_word' id='word_1_720' title='bbox 996 5478 1202 5531; x_wconf 80' lang='grc' dir='ltr'>ἑαυτόν.</span> 
     </span>
    </p>
   </div>
   <div class='ocr_carea' id='block_1_99' title="bbox 745 5591 1364 5660">
    <p class='ocr_par' dir='ltr' id='par_1_99' title="bbox 745 5591 1364 5660">
     <span class='ocr_line' id='line_1_99' title="bbox 745 5591 1364 5660; baseline -0.005 -16"><span class='ocrx_word' id='word_1_721' title='bbox 745 5592 905 5660; x_wconf 84' lang='grc' dir='ltr'>Πρὸς</span> <span class='ocrx_word' id='word_1_722' title='bbox 945 5591 1119 5645; x_wconf 85' lang='grc' dir='ltr'>τοῦτο</span> <span class='ocrx_word' id='word_1_723' title='bbox 1156 5592 1364 5655; x_wconf 75' lang='grc' dir='ltr'>λύσις.</span> 
     </span>
    </p>
   </div>
   <div class='ocr_carea' id='block_1_100' title="bbox 337 5702 1838 5776">
    <p class='ocr_par' dir='ltr' id='par_1_100' title="bbox 337 5702 1838 5776">
     <span class='ocr_line' id='line_1_100' title="bbox 337 5702 1838 5776; baseline -0.001 -21"><span class='ocrx_word' id='word_1_724' title='bbox 337 5704 506 5771; x_wconf 84' lang='grc' dir='ltr'>Σοφὸν</span> <span class='ocrx_word' id='word_1_725' title='bbox 540 5704 637 5775; x_wconf 80' lang='grc' dir='ltr'>μὲν</span> <span class='ocrx_word' id='word_1_726' title='bbox 656 5704 717 5757; x_wconf 93' lang='lat' dir='ltr'><strong>rb</strong></span> <span class='ocrx_word' id='word_1_727' title='bbox 744 5705 921 5774; x_wconf 84' lang='grc' dir='ltr'>λέγειν</span> <span class='ocrx_word' id='word_1_728' title='bbox 945 5705 1109 5776; x_wconf 83' lang='grc' dir='ltr'>μηδὲν</span> <span class='ocrx_word' id='word_1_729' title='bbox 1140 5704 1556 5776; x_wconf 78' lang='grc' dir='ltr'>ἐπισυμϐαίνειν</span> <span class='ocrx_word' id='word_1_730' title='bbox 1588 5705 1655 5774; x_wconf 75' lang='grc' dir='ltr'><strong>τῇ</strong></span> <span class='ocrx_word' id='word_1_731' title='bbox 1680 5702 1838 5771; x_wconf 71' lang='grc' dir='ltr'>οὐσίᾳ</span> 
     </span>
    </p>
   </div>
   <div class='ocr_carea' id='block_1_101' title="bbox 268 5791 1840 5869">
    <p class='ocr_par' dir='ltr' id='par_1_101' title="bbox 268 5791 1840 5869">
     <span class='ocr_line' id='line_1_101' title="bbox 268 5791 1840 5869; baseline -0.004 -19"><span class='ocrx_word' id='word_1_732' title='bbox 268 5794 363 5850; x_wconf 78' lang='grc' dir='ltr'><strong>τοῦ</strong></span> <span class='ocrx_word' id='word_1_733' title='bbox 392 5794 546 5849; x_wconf 83' lang='grc' dir='ltr'>Θεοῦ.</span> <span class='ocrx_word' id='word_1_734' title='bbox 584 5795 668 5849; x_wconf 76' lang='grc' dir='ltr'>διὰ</span> <span class='ocrx_word' id='word_1_735' title='bbox 712 5796 771 5850; x_wconf 88' lang='grc' dir='ltr'><strong>τὸ</strong></span> <span class='ocrx_word' id='word_1_736' title='bbox 804 5796 948 5868; x_wconf 75' lang='grc' dir='ltr'>ἔχειν</span> <span class='ocrx_word' id='word_1_737' title='bbox 982 5798 1149 5869; x_wconf 82' lang='grc' dir='ltr'>αὐτὴν</span> <span class='ocrx_word' id='word_1_738' title='bbox 1190 5796 1246 5861; x_wconf 79' lang='grc' dir='ltr'>ἐξ</span> <span class='ocrx_word' id='word_1_739' title='bbox 1274 5795 1475 5865; x_wconf 75' lang='grc' dir='ltr'>ἑαυτῆς</span> <span class='ocrx_word' id='word_1_740' title='bbox 1506 5794 1562 5847; x_wconf 86' lang='lat' dir='ltr'><strong>rb</strong></span> <span class='ocrx_word' id='word_1_741' title='bbox 1591 5791 1729 5848; x_wconf 68' lang='grc' dir='ltr'>εἶναι</span> <span class='ocrx_word' id='word_1_742' title='bbox 1755 5810 1840 5844; x_wconf 73' lang='grc' dir='ltr'>τε-</span> 
     </span>
    </p>
   </div>
   <div class='ocr_carea' id='block_1_102' title="bbox 1860 4512 3506 4587">
    <p class='ocr_par' dir='ltr' id='par_1_102' title="bbox 1860 4512 3506 4587">
     <span class='ocr_line' id='line_1_102' title="bbox 1860 4512 3506 4587; baseline -0.011 -4"><span class='ocrx_word' id='word_1_743' title='bbox 1860 4514 1905 4569; x_wconf 77' lang='grc' dir='ltr'><strong>Ῑ)</strong></span> <span class='ocrx_word' id='word_1_744' title='bbox 1934 4528 2164 4582; x_wconf 90' lang='lat' dir='ltr'><strong>cundum</strong></span> <span class='ocrx_word' id='word_1_745' title='bbox 2192 4534 2439 4579; x_wconf 88' lang='lat' dir='ltr'><strong>naturam</strong></span> <span class='ocrx_word' id='word_1_746' title='bbox 2488 4536 2640 4575; x_wconf 88' lang='lat' dir='ltr'><strong>suam</strong></span> <span class='ocrx_word' id='word_1_747' title='bbox 2673 4520 2765 4584; x_wconf 86' lang='lat' dir='ltr'><strong>sit,</strong></span> <span class='ocrx_word' id='word_1_748' title='bbox 2797 4518 2891 4573; x_wconf 87' lang='lat' dir='ltr'><strong>sed</strong></span> <span class='ocrx_word' id='word_1_749' title='bbox 2921 4517 3064 4587; x_wconf 86' lang='lat' dir='ltr'><strong>quod</strong></span> <span class='ocrx_word' id='word_1_750' title='bbox 3093 4514 3339 4571; x_wconf 84' lang='lat' dir='ltr'><strong>essentia</strong></span> <span class='ocrx_word' id='word_1_751' title='bbox 3388 4512 3506 4582; x_wconf 85' lang='lat' dir='ltr'><strong>ejus</strong></span> 
     </span>
    </p>
   </div>
   <div class='ocr_carea' id='block_1_103' title="bbox 1933 4621 2651 4682">
    <p class='ocr_par' dir='ltr' id='par_1_103' title="bbox 1933 4621 2651 4682">
     <span class='ocr_line' id='line_1_103' title="bbox 1933 4621 2651 4682; baseline -0.017 -8"><span class='ocrx_word' id='word_1_752' title='bbox 1933 4621 2097 4682; x_wconf 88' lang='lat' dir='ltr'><strong>inest,</strong></span> <span class='ocrx_word' id='word_1_753' title='bbox 2115 4625 2356 4670; x_wconf 85' lang='lat' dir='ltr'><strong>creatum</strong></span> <span class='ocrx_word' id='word_1_754' title='bbox 2382 4628 2487 4666; x_wconf 89' lang='lat' dir='ltr'><strong>non</strong></span> <span class='ocrx_word' id='word_1_755' title='bbox 2510 4625 2651 4666; x_wconf 84' lang='lat' dir='ltr'><strong>esse.</strong></span> 
     </span>
    </p>
   </div>
   <div class='ocr_carea' id='block_1_104' title="bbox 1940 4720 3508 4803">
    <p class='ocr_par' dir='ltr' id='par_1_104' title="bbox 1940 4720 3508 4803">
     <span class='ocr_line' id='line_1_104' title="bbox 1940 4720 3508 4803; baseline -0.009 -17"><span class='ocrx_word' id='word_1_756' title='bbox 1940 4729 2177 4800; x_wconf 84' lang='lat' dir='ltr'><strong>Objectio</strong></span> <span class='ocrx_word' id='word_1_757' title='bbox 2202 4741 2382 4781; x_wconf 82' lang='lat' dir='ltr'><strong>eorum</strong></span> <span class='ocrx_word' id='word_1_758' title='bbox 2415 4724 2504 4792; x_wconf 82' lang='lat' dir='ltr'><strong>qui</strong></span> <span class='ocrx_word' id='word_1_759' title='bbox 2567 4722 2745 4803; x_wconf 69' lang='lat' dir='ltr'><strong>dicunt</strong></span> <span class='ocrx_word' id='word_1_760' title='bbox 2784 4740 2837 4775; x_wconf 77' lang='lat' dir='ltr'><strong>se</strong></span> <span class='ocrx_word' id='word_1_761' title='bbox 2874 4722 3035 4776; x_wconf 81' lang='lat' dir='ltr'><strong>Deum</strong></span> <span class='ocrx_word' id='word_1_762' title='bbox 3083 4737 3264 4782; x_wconf 77' lang='lat' dir='ltr'><strong>noue,</strong></span> <span class='ocrx_word' id='word_1_763' title='bbox 3298 4728 3352 4772; x_wconf 85' lang='lat' dir='ltr'><strong>ut</strong></span> <span class='ocrx_word' id='word_1_764' title='bbox 3402 4720 3508 4787; x_wconf 78' lang='lat' dir='ltr'><strong>ipse</strong></span> 
     </span>
    </p>
   </div>
   <div class='ocr_carea' id='block_1_105' title="bbox 2597 4809 2840 4861">
    <p class='ocr_par' dir='ltr' id='par_1_105' title="bbox 2597 4809 2840 4861">
     <span class='ocr_line' id='line_1_105' title="bbox 2597 4809 2840 4861; baseline -0.004 -14"><span class='ocrx_word' id='word_1_765' title='bbox 2597 4809 2840 4861; x_wconf 74' lang='lat' dir='ltr'><strong>serpsunt.</strong></span> 
     </span>
    </p>
   </div>
   <div class='ocr_carea' id='block_1_106' title="bbox 2011 4907 3507 4983">
    <p class='ocr_par' dir='ltr' id='par_1_106' title="bbox 2011 4907 3507 4983">
     <span class='ocr_line' id='line_1_106' title="bbox 2011 4907 3507 4983; baseline -0.008 -15"><span class='ocrx_word' id='word_1_766' title='bbox 2011 4914 2170 4983; x_wconf 83' lang='lat' dir='ltr'><strong>Atqui</strong></span> <span class='ocrx_word' id='word_1_767' title='bbox 2204 4929 2304 4967; x_wconf 84' lang='lat' dir='ltr'><strong>vox</strong></span> <span class='ocrx_word' id='word_1_768' title='bbox 2334 4912 2624 4983; x_wconf 82' lang='lat' dir='ltr'><strong>ingenitus,</strong></span> <span class='ocrx_word' id='word_1_769' title='bbox 2662 4910 2930 4977; x_wconf 88' lang='lat' dir='ltr'><strong>inquiunt,</strong></span> <span class='ocrx_word' id='word_1_770' title='bbox 2978 4917 3069 4959; x_wconf 86' lang='lat' dir='ltr'><strong>aut</strong></span> <span class='ocrx_word' id='word_1_771' title='bbox 3119 4907 3289 4975; x_wconf 85' lang='lat' dir='ltr'><strong>ipsam</strong></span> <span class='ocrx_word' id='word_1_772' title='bbox 3320 4920 3507 4959; x_wconf 88' lang='lat' dir='ltr'><strong>essen-</strong></span> 
     </span>
    </p>
   </div>
   <div class='ocr_carea' id='block_1_107' title="bbox 1940 4997 3509 5074">
    <p class='ocr_par' dir='ltr' id='par_1_107' title="bbox 1940 4997 3509 5074">
     <span class='ocr_line' id='line_1_107' title="bbox 1940 4997 3509 5074; baseline -0.007 -13"><span class='ocrx_word' id='word_1_773' title='bbox 1940 5008 2069 5061; x_wconf 89' lang='lat' dir='ltr'><strong>tiam</strong></span> <span class='ocrx_word' id='word_1_774' title='bbox 2106 5005 2197 5060; x_wconf 84' lang='lat' dir='ltr'><strong>Dei</strong></span> <span class='ocrx_word' id='word_1_775' title='bbox 2229 5006 2517 5074; x_wconf 84' lang='lat' dir='ltr'><strong>signiﬁcat,</strong></span> <span class='ocrx_word' id='word_1_776' title='bbox 2573 5012 2666 5056; x_wconf 91' lang='lat' dir='ltr'><strong>aut</strong></span> <span class='ocrx_word' id='word_1_777' title='bbox 2694 4998 2894 5069; x_wconf 89' lang='lat' dir='ltr'><strong>aliquid</strong></span> <span class='ocrx_word' id='word_1_778' title='bbox 2923 5013 3110 5052; x_wconf 90' lang='lat' dir='ltr'><strong>eorum</strong></span> <span class='ocrx_word' id='word_1_779' title='bbox 3140 5013 3259 5065; x_wconf 81' lang='lat' dir='ltr'><strong>qua</strong></span> <span class='ocrx_word' id='word_1_780' title='bbox 3281 4997 3330 5051; x_wconf 90' lang='lat' dir='ltr'><strong>ei</strong></span> <span class='ocrx_word' id='word_1_781' title='bbox 3360 4997 3509 5051; x_wconf 87' lang='lat' dir='ltr'><strong>acci-</strong></span> 
     </span>
    </p>
   </div>
   <div class='ocr_carea' id='block_1_108' title="bbox 1942 5090 3513 5157">
    <p class='ocr_par' dir='ltr' id='par_1_108' title="bbox 1942 5090 3513 5157">
     <span class='ocr_line' id='line_1_108' title="bbox 1942 5090 3513 5157; baseline -0.007 -6"><span class='ocrx_word' id='word_1_782' title='bbox 1942 5102 2092 5153; x_wconf 89' lang='lat' dir='ltr'><strong>dunt.</strong></span> <span class='ocrx_word' id='word_1_783' title='bbox 2120 5100 2384 5153; x_wconf 71' lang='lat' dir='ltr'><strong>(laterum</strong></span> <span class='ocrx_word' id='word_1_784' title='bbox 2419 5097 2610 5150; x_wconf 78' lang='lat' dir='ltr'><strong>divina</strong></span> <span class='ocrx_word' id='word_1_785' title='bbox 2640 5094 2889 5150; x_wconf 83' lang='lat' dir='ltr'><strong>essentia</strong></span> <span class='ocrx_word' id='word_1_786' title='bbox 2933 5090 3064 5144; x_wconf 86' lang='lat' dir='ltr'><strong>nihil</strong></span> <span class='ocrx_word' id='word_1_787' title='bbox 3119 5090 3356 5143; x_wconf 90' lang='lat' dir='ltr'><strong>accidit:</strong></span> <span class='ocrx_word' id='word_1_788' title='bbox 3391 5103 3513 5157; x_wconf 89' lang='lat' dir='ltr'><strong>per-</strong></span> 
     </span>
    </p>
   </div>
   <div class='ocr_carea' id='block_1_109' title="bbox 1943 5180 3511 5256">
    <p class='ocr_par' dir='ltr' id='par_1_109' title="bbox 1943 5180 3511 5256">
     <span class='ocr_line' id='line_1_109' title="bbox 1943 5180 3511 5256; baseline -0.008 -11"><span class='ocrx_word' id='word_1_789' title='bbox 1943 5191 2080 5245; x_wconf 79' lang='lat' dir='ltr'><strong>fecta</strong></span> <span class='ocrx_word' id='word_1_790' title='bbox 2108 5190 2253 5245; x_wconf 90' lang='lat' dir='ltr'><strong>enim</strong></span> <span class='ocrx_word' id='word_1_791' title='bbox 2284 5204 2352 5243; x_wconf 87' lang='lat' dir='ltr'><strong>ex</strong></span> <span class='ocrx_word' id='word_1_792' title='bbox 2386 5203 2445 5243; x_wconf 90' lang='lat' dir='ltr'><strong>se</strong></span> <span class='ocrx_word' id='word_1_793' title='bbox 2494 5198 2595 5241; x_wconf 90' lang='lat' dir='ltr'><strong>est.</strong></span> <span class='ocrx_word' id='word_1_794' title='bbox 2633 5185 2933 5256; x_wconf 89' lang='lat' dir='ltr'><strong>lngenitum</strong></span> <span class='ocrx_word' id='word_1_795' title='bbox 2991 5183 3170 5251; x_wconf 86' lang='lat' dir='ltr'><strong>itaque</strong></span> <span class='ocrx_word' id='word_1_796' title='bbox 3220 5180 3511 5235; x_wconf 90' lang='lat' dir='ltr'><strong>essentiam</strong></span> 
     </span>
    </p>
   </div>
   <div class='ocr_carea' id='block_1_110' title="bbox 1943 5271 3513 5349">
    <p class='ocr_par' dir='ltr' id='par_1_110' title="bbox 1943 5271 3513 5349">
     <span class='ocr_line' id='line_1_110' title="bbox 1943 5271 3513 5349; baseline -0.006 -15"><span class='ocrx_word' id='word_1_797' title='bbox 1943 5281 2035 5336; x_wconf 91' lang='lat' dir='ltr'><strong>Dei</strong></span> <span class='ocrx_word' id='word_1_798' title='bbox 2067 5279 2357 5349; x_wconf 81' lang='lat' dir='ltr'><strong>signiﬁcat.</strong></span> <span class='ocrx_word' id='word_1_799' title='bbox 2385 5278 2536 5344; x_wconf 82' lang='lat' dir='ltr'><strong>Quod</strong></span> <span class='ocrx_word' id='word_1_800' title='bbox 2575 5278 2617 5331; x_wconf 92' lang='lat' dir='ltr'><strong>si</strong></span> <span class='ocrx_word' id='word_1_801' title='bbox 2668 5277 2739 5329; x_wconf 85' lang='lat' dir='ltr'><strong>ita</strong></span> <span class='ocrx_word' id='word_1_802' title='bbox 2771 5285 2870 5339; x_wconf 88' lang='lat' dir='ltr'><strong>est,</strong></span> <span class='ocrx_word' id='word_1_803' title='bbox 2924 5274 3074 5328; x_wconf 89' lang='lat' dir='ltr'><strong>novit</strong></span> <span class='ocrx_word' id='word_1_804' title='bbox 3102 5272 3243 5326; x_wconf 89' lang='lat' dir='ltr'><strong>Deus</strong></span> <span class='ocrx_word' id='word_1_805' title='bbox 3277 5271 3513 5341; x_wconf 85' lang='lat' dir='ltr'><strong>seipsum</strong></span> 
     </span>
    </p>
   </div>
   <div class='ocr_carea' id='block_1_111' title="bbox 1943 5364 3514 5442">
    <p class='ocr_par' dir='ltr' id='par_1_111' title="bbox 1943 5364 3514 5442">
     <span class='ocr_line' id='line_1_111' title="bbox 1943 5364 3514 5442; baseline -0.005 -15"><span class='ocrx_word' id='word_1_806' title='bbox 1943 5374 2254 5442; x_wconf 85' lang='lat' dir='ltr'><strong>ingenitum.</strong></span> <span class='ocrx_word' id='word_1_807' title='bbox 2289 5370 2356 5425; x_wconf 89' lang='lat' dir='ltr'><strong>Et</strong></span> <span class='ocrx_word' id='word_1_808' title='bbox 2386 5370 2428 5425; x_wconf 92' lang='lat' dir='ltr'><strong>si</strong></span> <span class='ocrx_word' id='word_1_809' title='bbox 2451 5370 2572 5439; x_wconf 90' lang='lat' dir='ltr'><strong>quis</strong></span> <span class='ocrx_word' id='word_1_810' title='bbox 2599 5368 2738 5422; x_wconf 88' lang='lat' dir='ltr'><strong>alius</strong></span> <span class='ocrx_word' id='word_1_811' title='bbox 2768 5369 2867 5422; x_wconf 86' lang='lat' dir='ltr'><strong>hoc</strong></span> <span class='ocrx_word' id='word_1_812' title='bbox 2892 5368 3054 5431; x_wconf 91' lang='lat' dir='ltr'><strong>norit,</strong></span> <span class='ocrx_word' id='word_1_813' title='bbox 3084 5373 3269 5421; x_wconf 85' lang='lat' dir='ltr'><strong>nosch</strong></span> <span class='ocrx_word' id='word_1_814' title='bbox 3294 5364 3514 5420; x_wconf 88' lang='lat' dir='ltr'><strong>omnino</strong></span> 
     </span>
    </p>
   </div>
   <div class='ocr_carea' id='block_1_112' title="bbox 1946 5462 2656 5535">
    <p class='ocr_par' dir='ltr' id='par_1_112' title="bbox 1946 5462 2656 5535">
     <span class='ocr_line' id='line_1_112' title="bbox 1946 5462 2656 5535; baseline -0.006 -16"><span class='ocrx_word' id='word_1_815' title='bbox 1946 5467 2133 5531; x_wconf 86' lang='lat' dir='ltr'><strong>Deum,</strong></span> <span class='ocrx_word' id='word_1_816' title='bbox 2166 5475 2226 5519; x_wconf 93' lang='lat' dir='ltr'><strong>ut</strong></span> <span class='ocrx_word' id='word_1_817' title='bbox 2254 5465 2368 5535; x_wconf 89' lang='lat' dir='ltr'><strong>ipse</strong></span> <span class='ocrx_word' id='word_1_818' title='bbox 2398 5462 2656 5531; x_wconf 86' lang='lat' dir='ltr'><strong>seipsum.</strong></span> 
     </span>
    </p>
   </div>
   <div class='ocr_carea' id='block_1_113' title="bbox 2453 5576 3008 5646">
    <p class='ocr_par' dir='ltr' id='par_1_113' title="bbox 2453 5576 3008 5646">
     <span class='ocr_line' id='line_1_113' title="bbox 2453 5576 3008 5646; baseline -0.004 -13"><span class='ocrx_word' id='word_1_819' title='bbox 2453 5578 2661 5634; x_wconf 83' lang='lat' dir='ltr'><strong>Salutio</strong></span> <span class='ocrx_word' id='word_1_820' title='bbox 2686 5576 3008 5646; x_wconf 73' lang='lat' dir='ltr'><strong>objectionis.</strong></span> 
     </span>
    </p>
   </div>
   <div class='ocr_carea' id='block_1_114' title="bbox 2016 5687 3513 5766">
    <p class='ocr_par' dir='ltr' id='par_1_114' title="bbox 2016 5687 3513 5766">
     <span class='ocr_line' id='line_1_114' title="bbox 2016 5687 3513 5766; baseline -0.009 -14"><span class='ocrx_word' id='word_1_821' title='bbox 2016 5698 2298 5766; x_wconf 72' lang='lat' dir='ltr'><strong>Sapienter</strong></span> <span class='ocrx_word' id='word_1_822' title='bbox 2325 5694 2541 5765; x_wconf 83' lang='lat' dir='ltr'><strong>quidem</strong></span> <span class='ocrx_word' id='word_1_823' title='bbox 2573 5692 2770 5748; x_wconf 89' lang='lat' dir='ltr'><strong>dicitur</strong></span> <span class='ocrx_word' id='word_1_824' title='bbox 2794 5690 2929 5746; x_wconf 89' lang='lat' dir='ltr'><strong>nihil</strong></span> <span class='ocrx_word' id='word_1_825' title='bbox 2988 5689 3233 5744; x_wconf 78' lang='lat' dir='ltr'><strong>accidere</strong></span> <span class='ocrx_word' id='word_1_826' title='bbox 3258 5687 3513 5743; x_wconf 81' lang='lat' dir='ltr'><strong>essentia</strong></span> 
     </span>
    </p>
   </div>
   <div class='ocr_carea' id='block_1_115' title="bbox 1946 5782 3513 5860">
    <p class='ocr_par' dir='ltr' id='par_1_115' title="bbox 1946 5782 3513 5860">
     <span class='ocr_line' id='line_1_115' title="bbox 1946 5782 3513 5860; baseline -0.01 -15"><span class='ocrx_word' id='word_1_827' title='bbox 1946 5790 2060 5855; x_wconf 86' lang='lat' dir='ltr'><strong>Dci,</strong></span> <span class='ocrx_word' id='word_1_828' title='bbox 2081 5790 2332 5860; x_wconf 82' lang='lat' dir='ltr'><strong>quoniam</strong></span> <span class='ocrx_word' id='word_1_829' title='bbox 2364 5789 2415 5845; x_wconf 87' lang='lat' dir='ltr'><strong>in</strong></span> <span class='ocrx_word' id='word_1_830' title='bbox 2446 5787 2622 5856; x_wconf 81' lang='lat' dir='ltr'><strong>scipsa</strong></span> <span class='ocrx_word' id='word_1_831' title='bbox 2657 5784 2891 5858; x_wconf 79' lang='lat' dir='ltr'><strong>perfecta</strong></span> <span class='ocrx_word' id='word_1_832' title='bbox 2926 5793 3027 5841; x_wconf 86' lang='lat' dir='ltr'><strong>est.</strong></span> <span class='ocrx_word' id='word_1_833' title='bbox 3054 5782 3304 5837; x_wconf 74' lang='lat' dir='ltr'><strong>Videmus</strong></span> <span class='ocrx_word' id='word_1_834' title='bbox 3334 5790 3513 5838; x_wconf 82' lang='lat' dir='ltr'><strong>tamen</strong></span> 
     </span>
    </p>
   </div>
  </div>
