3878 6208
357 379 470 435 147

1340 366 1411 420 S.
1449 357 1724 417 CYRILL‘I
1763 350 2231 409 ALEXANDRINI
2273 351 2591 408 ARCIIIEP.

3504 347 3617 403 H8

360 507 561 564 magna
590 490 798 545 ratione
834 502 929 543 nos
956 487 1095 557 cogi,
1126 493 1186 538 ttt
1215 483 1340 537 talia
1374 482 1618 536 accidere
1650 477 1759 530 Deo
1794 475 1929 528 ima—

2051 469 2467 542 leav.’09€bpev
2504 473 2562 526 δὲ
2593 473 2674 526 ὅτι
2707 474 2874 534 πολὺς
2903 472 3049 542 ἡμᾶς
3092 468 3388 536 ἀναγκαζει
3427 464 3612 532 λόγος.

366 587 635 655 giuemur,
687 579 902 635 tametsi
936 591 1157 646 prorsus
1183 590 1287 629 non
1318 573 1584 627 accidant.
1615 567 1750 633 Quid
1784 565 1928 619 enim

366 679 610 731 dicemus
666 672 1027 741 inteiligentes
1090 668 1233 737 quod
1307 673 1432 719 ante
1495 659 1931 717 constitutionem

369 764 555 821 mundi
592 763 818 818 Creator
872 759 1167 815 secundum
1219 754 1514 812 essentiam
1555 765 1706 805 suam
1770 756 1927 801 erat:

368 862 492 907 actu
520 860 696 906 tamen
719 848 994 914 nondum;
1030 847 1225 915 quippe
1257 843 1348 913 qui
1381 840 1515 895 nihil
1545 839 1719 893 adhuc
1747 850 1932 891 eorum

369 957 489 1012 quae
519 950 645 997 sunt
676 938 1047 1011 produxerat?
1082 936 1217 991 Cum
1251 948 1380 988 vero
1414 933 1663 986 universa
1691 927 1935 989 creavit,

364 1036 547 1089 «factus
596 1042 682 1088 est
738 1031 1136 1101 quodammodo
1186 1036 1420 1088 creator,
1472 1034 1634 1095 atque
1664 1024 1712 1077 ei
1754 1021 1936 1088 aliquo

370 1128 532 1180 modo
556 1125 772 1191 accidit,
797 1124 1049 1178 nimirum
1081 1136 1203 1175 cum
1254 1120 1366 1189 jam
1403 1118 1454 1171 id
1481 1126 1603 1171 actu
1634 1130 1755 1169 esse
1789 1113 1936 1165 visus

363 1219 461 1272 sit.
520 1216 579 1271 Si
612 1231 741 1285 ergo
785 1215 1157 1285 intelliguntur
1202 1209 1459 1266 nonnulla
1510 1220 1764 1276 tanquam
1794 1204 1937 1258 acci-

365 1311 517 1365 disse
550 1312 681 1374 Deo,
708 1324 805 1362 cur
828 1308 1037 1362 frustra
1080 1305 1408 1361 contenditis
1462 1317 1568 1357 non
1600 1302 1796 1355 debere
1831 1298 1936 1351 dici

372 1394 665 1465 ingenitum
690 1395 802 1450 Deo
827 1394 1109 1457 accidisse,
1126 1409 1244 1446 cum
1271 1392 1435 1445 multa
1476 1392 1527 1445 in
1557 1390 1673 1459 ejus
1698 1387 1936 1443 essentia

367 1490 727 1546 accidentium
750 1489 979 1561 speciem
1012 1487 1323 1543 imitentur?

1040 1768 1265 1825 ALIUD.

489 1903 821 1974 espondeant
866 1904 1020 1958 nobis
1069 1902 1159 1971 qui
1195 1901 1390 1957 caelum
1428 1901 1605 1971 palmo
1634 1904 1813 1957 metiri
1847 1920 1938 1959 co-

368 2004 592 2062 nantur,
622 2004 677 2051 et
706 1995 898 2050 divina:
925 1996 1177 2049 essentia:
1205 2004 1450 2049 naturam
1486 1995 1791 2065 intelligere
1812 2013 1938 2052 sese

365 2088 597 2159 iactant,
651 2087 779 2157 quid
834 2086 1048 2140 tandem
1114 2087 1295 2140 dicent
1327 2102 1449 2141 cum
1511 2102 1704 2141 nomen
1769 2089 1937 2157 patris

367 2178 483 2233 Deo
511 2177 805 2232 tribuitur?
851 2177 1112 2232 Utrumne
1157 2177 1508 2231 substantiam
1567 2178 1685 2247 ejus
1730 2179 1936 2248 signiti-

364 2284 520 2332 care,
552 2283 617 2321 an
645 2268 898 2322 accidens
948 2267 1163 2336 aliquod
1209 2266 1568 2335 iudicabunt?
1594 2269 1781 2338 Atqui,
1814 2285 1935 2323 cum

368 2360 505 2416 nihil
533 2362 779 2416 essentia;
807 2360 899 2414 Dei
934 2359 1179 2415 accidere
1208 2368 1485 2424 censeant,
1522 2361 1772 2415 accidens
1820 2376 1939 2415 esse

373 2465 712 2520 nequaquam
737 2451 1054 2505 concedent.
1090 2450 1352 2517 Superest
1390 2451 1592 2519 itaque,
1647 2452 1935 2505 essentiam

374 2544 468 2597 Dei
514 2560 580 2599 eo
639 2543 854 2599 nomine
905 2543 1223 2611 significari.
1285 2544 1429 2599 [dem
1476 2545 1633 2613 igitur
1680 2554 1761 2596 est
1790 2554 1939 2612 pater

373 2634 514 2703 quod
540 2636 827 2704 ingenitus,
856 2649 923 2688 ne
959 2634 1213 2688 nimirum
1239 2636 1571 2704 compositus
1593 2634 1755 2706 264
1778 2645 1940 2704 atque

372 2741 441 2781 ex
481 2727 685 2781 duabus
731 2725 983 2780 essentiis
1020 2734 1271 2780 constare
1308 2726 1450 2781 Deus
1489 2726 1722 2781 dicatur.
1772 2726 1938 2792 ’ρυοά

367 2819 420 2873 si
448 2819 521 2873 ita
538 2828 640 2882 est,
666 2834 789 2873 cum
809 2818 947 2872 idem
967 2832 1033 2873 ex
1053 2829 1231 2874 vestra
1263 2819 1532 2875 sententia
1555 2820 1719 2875 fuerit
1737 2820 1941 2890 ingeni-

374 2916 462 2962 tus
489 2918 545 2962 et
600 2918 774 2978 pater,
831 2909 1281 2978 quemadmodum
1345 2924 1469 2965 esse
1524 2926 1629 2964 non
1660 2912 1842 2980 cmpit,
1868 2912 1939 2965 ita

372 3014 552 3066 neque
584 3007 737 3068 pater
764 3014 888 3056 esse
942 3001 1129 3070 cmpit,
1185 3002 1281 3057 sed
1312 3017 1525 3071 semper
1562 3003 1662 3058 hoc
1694 3014 1831 3067 erat,
1864 3005 1940 3058 si-

372 3091 592 3160 mulque
616 3107 737 3146 cum
758 3106 824 3146 eo
853 3093 1086 3149 etFilius
1113 3113 1128 3148 :
1152 3095 1222 3147 ita
1238 3095 1380 3149 enim
1412 3095 1575 3150 fuerit
1600 3096 1780 3151 Pater.
1800 3097 1941 3152 Prae-

2036 560 2113 620 ὼς
2142 561 2526 631 συμϐεϐηκότα
2549 564 2617 616 τά
2639 562 2862 617 τοιαῦτα
2889 563 3030 614 νοεῖν
3057 560 3150 612 ἐπὶ
3169 556 3324 617 Θεοῦ,
3340 558 3433 609 καὶ
3457 558 3504 608 εί
3531 555 3615 625 μὴ

2038 649 2255 713 πάντως
2292 654 2510 723 συνέϐη.
2539 654 2603 706 Τί
2632 654 2741 724 γὰρ
2769 651 3003 724 ἐροῦμεν
3034 647 3338 710 ἐννοοῦντες
3376 647 3457 699 ὅτι
3500 647 3615 716 πρὸ

2042 740 2142 809 μὲν
2173 744 2272 809 τῆς
2295 740 2705 814 διακοσμήσεως
2729 742 2879 797 τοῦδε
2902 740 2995 796 τοῦ
3021 740 3238 803 παντὸς,
3262 733 3328 808 ἦν
3351 738 3450 808 μέν
3475 735 3617 789 κατ’

2039 831 2225 884 οὐσίαν
2253 833 2603 904 δημιουργὸς,
2639 833 2792 887 οὐπω
2838 834 2897 887 δὲ
2939 832 3096 886 τοῦτο
3125 833 3190 901 τῇ
3218 827 3484 898 ἐνεργείᾳ,
3519 826 3618 879 διὰ

2040 922 2100 974 τὸ
2137 924 2302 993 μήπω
2351 924 2460 977 τῶν
2508 926 2677 979 όντων
2731 943 2784 978 τι
2850 921 3130 994 παρῆχθαι
3177 920 3310 989 πρὸς
3359 918 3614 987 γένεσινὶ

2054 1014 2271 1084 Ἐπειδὴ
2299 1014 2354 1067 δὲ
2381 1015 2604 1086 ἐποίησε
2633 1015 2693 1069 τὸ
2718 1018 2845 1081 πᾶν,
2878 1014 3106 1083 γέγονεν
3136 1011 3324 1078 ὥσπερ
3366 1008 3461 1061 xei.
3515 1008 3619 1077 δη-

2045 1104 2323 1174 μιουργὸς,
2358 1110 2452 1157 καὶ
2492 1106 2693 1176 τρόπον
2738 1090 2862 1159 τινὰ
2910 1101 3227 1174 συμϐέϐηκε
3253 1098 3411 1153 τοῦτο
3437 1095 3615 1166 αὐτῷ,

2040 1196 2131 1250 διὰ
2154 1197 2249 1249 τοῦ
2275 1198 2368 1250 καὶ
2399 1197 2457 1262 ἐξ
2486 1198 2764 1269 ἐνεργείας
2792 1195 3023 1266 ὀφθῆναι
3050 1192 3308 1248 τοιοῦτον.
3340 1193 3403 1245 Εἰ
3429 1190 3618 1243 τοίνυν

2041 1290 2245 1341 νοεῖταί
2289 1306 2409 1341 τινα
2460 1288 2568 1341 τῶν
2615 1290 2956 1360 πραγμάτων
3007 1287 3083 1348 ὼς
3133 1282 3617 1354 ἐπισυμϐεϐηκότα

2041 1381 2183 1452 Θεῷ,
2214 1382 2265 1434 τί
2313 1382 2489 1451 μάτην
2535 1383 2663 1452 περὶ
2710 1381 2805 1435 τοῦ
2856 1381 2930 1451 μὴ
2973 1380 3082 1433 δεῖν
3115 1374 3617 1445 ἐπισυμϐεϐηκέναι

2043 1466 2224 1535 λέγειν
2250 1467 2327 1538 τῷ
2357 1468 2476 1538 Θεῷ
2506 1469 2567 1521 τὸ
2588 1469 2851 1539 ἀγένητον
2876 1465 3223 1530 διατείνεσθε,
3244 1466 3301 1518 ἐν
3326 1464 3405 1533 τῷ
3422 1461 3616 1530 τοιῷδε

2046 1559 2285 1628 σχήματι
2319 1559 2660 1629 φαινομένων
2694 1558 2853 1614 τινῶν
2902 1557 3011 1611 τῶν
3058 1555 3265 1627 ὅσαπέρ
3317 1555 3431 1606 ἐστι
3478 1550 3616 1603 κατ’

2040 1651 2231 1704 οὐσίαν
2269 1649 2416 1721 αὐτῷ
2432 1668 2449 1716 ;

2727 1763 2929 1817 ΑΔΛΟ.

2125 1897 2634 1968 Ἀποκρινάσθωσαν
2682 1897 2812 1968 ἡμῖν
2859 1897 2912 1948 οἱ
2961 1894 3207 1964 σπιθαμῇ
3239 1893 3453 1963 μετρεῖν
3489 1892 3618 1943 ἐπι-

2040 1986 2345 2059 χειροῦντες
2372 1987 2462 2040 τὸν
2486 1986 2735 2057 οὐρανὸν,
2766 1986 2859 2038 καὶ
2902 1985 3001 2054 τὴν
3044 1983 3192 2037 θείαν
3237 1980 3421 2034 οὐσίαν
3465 1981 3620 2043 ὅπως

2039 2080 2151 2151 ἔχει
2184 2078 2396 2147 φύσεως
2424 2080 2561 2131 νοεῖν
2593 2076 3031 2147 ὑπισχνούμενοι,
3064 2074 3117 2127 τί
3144 2089 3272 2125 ποτε
3296 2071 3404 2142 ἄρα
3426 2071 3617 2141 ἐροῦσι

2038 2172 2099 2224 τὸ
2133 2171 2314 2241 πατὴρ
2346 2170 2518 2239 ὄνομα
2558 2169 2883 2238 ταττόμενον
2936 2169 3031 2222 ἐπὶ
3078 2165 3245 2231 Θεοῦ;
3273 2164 3383 2234 Τῆς
3422 2162 3619 2223 οὐσίας

2038 2263 2205 2318 αὐτοῦ
2252 2262 2656 2333 παραστατικὸν
2698 2261 2730 2332 ἢ
2785 2262 3191 2333 συμϐεϐηκότος
3243 2260 3380 2329 αὐτῇ
3432 2272 3617 2319 τινος;

2052 2358 2189 2411 Ἀλλ’
2216 2356 2366 2410 οὐδὲν
2400 2355 2814 2427 ἐπισυμϐαίνειν
2835 2355 2900 2425 τῇ
2925 2353 3081 2423 οὐσίᾳ
3107 2350 3201 2404 τοῦ
3221 2350 3354 2404 Θεοῦ
3378 2349 3620 2418 φάσκον-

2039 2469 2151 2517 τες,
2178 2450 2278 2502 οὐκ
2311 2443 2450 2501 εἶναι
2480 2447 2708 2501 δώσουσι
2757 2444 3115 2515 συμϐεϐηκός.
3148 2444 3402 2496 Λείπεται
3433 2441 3620 2493 τοίνυν

2040 2546 2213 2597 εἰπεῖν
2243 2544 2323 2596 ὅτι
2353 2545 2449 2613 τῆς
2482 2544 2667 2606 οὐσίας
2711 2541 3007 2612 δηλωτικόν
3037 2542 3171 2593 ἐστι.
3203 2536 3408 2591 Ταυτδν
3432 2528 3527 2587 οῦν
3550 2532 3620 2584 τὸ

2003 2647 2012 2655 ·
2041 2637 2224 2706 πατὴρ
2250 2636 2329 2705 τῷ
2348 2636 2618 2705 ἀγενήτῳ,
2652 2634 2739 2688 ἵνα
2772 2633 2845 2705 μὴ
2878 2633 3129 2695 σύνθετος
3157 2630 3249 2684 καὶ
3280 2631 3343 2681 ἐκ
3366 2627 3457 2679 δύο
3478 2642 3617 2691 συγ-

2041 2728 2292 2797 κείμενος
2336 2727 2532 2781 οὐσιῶν
2579 2727 2763 2795 νοῆται
2814 2725 2967 2787 Θεός.
3009 2724 3070 2777 El
3121 2724 3178 2776 δὲ
3219 2719 3395 2784 τοῦτο,
3423 2716 3614 2786 ἐπειδὴ

2040 2819 2233 2871 ταυτὸν
2284 2819 2548 2889 ἀγένητος
2588 2817 2682 2869 καὶ
2714 2815 2895 2885 πατὴρ
2938 2815 3060 2869 καθ’
3091 2816 3254 2885 ὑμᾶς,
3288 2813 3475 2881 ὥσπερ
3518 2811 3619 2863 τοῦ

2043 2906 2178 2964 εἶναι
2209 2912 2308 2963 οὐκ
2334 2910 2553 2981 ἤρξατο,
2588 2908 2760 2971 οὕτως
2792 2908 2911 2961 οὐδὲ
2940 2906 3034 2959 τοῦ
3068 2902 3206 2960 εἶναι
3234 2906 3415 2974 πατήρ
3435 2920 3447 2933 ·
3487 2902 3622 2956 ἀλλ’

2042 2998 2109 3073 ἦν
2136 3003 2222 3056 ἀεὶ
2248 3000 2427 3067 τοῦτο,
2457 2999 2938 3071 συνεισφερομένου
2962 2998 3159 3069 δηλαδὴ
3188 2996 3282 3051 καὶ
3304 2996 3398 3049 τοῦ
3420 2997 3623 3064 γεννή-

2049 3113 2212 3165 ματος
2231 3112 2244 3125 ·
2280 3095 2420 3148 οὕτω
2448 3095 2554 3166 γὰρ
2588 3095 2653 3148 ἂν
2685 3094 2770 3165 εἴη
2810 3093 3146 3165 Πατήρ.Ἒτι
3171 3110 3231 3145 τε
3261 3091 3396 3161 πρὸς
3418 3089 3618 3159 τούτῳ,

372 3188 519 3234 terea
550 3181 597 3236 si
632 3180 903 3251 ingenitus
928 3191 982 3237 et
1014 3191 1167 3252 pater
1197 3185 1485 3239 essentiam
1518 3186 1567 3238 in
1600 3186 1709 3240 Deo
1740 3188 1943 3256 signiﬁ-

2051 3190 2093 3240 εί
2133 3188 2191 3240 τὸ
2220 3188 2479 3257 ἀγένητον
2510 3187 2604 3239 καὶ
2630 3187 2812 3256 πατὴρ
2860 3187 2954 3238 ἐπὶ
2996 3184 3130 3237 Θεοῦ
3169 3184 3267 3254 τὴν
3305 3182 3487 3235 οὐσίαν
3524 3199 3623 3252 ση-

371 3280 523 3333 cant,
547 3272 675 3342 quid
709 3273 1284 3343 obstiteritquominus
1316 3278 1555 3330 dicamus
1588 3278 1703 3332 haec
1728 3281 1941 3333 nomina

378 3363 657 3432 reciproca
679 3378 899 3432 prorsus
928 3365 1069 3420 inter
1102 3380 1161 3421 se
1216 3381 1375 3422 esse:
1413 3370 1484 3421 ita
1538 3380 1596 3422 ut
1632 3371 1724 3439 qtti
1759 3372 1827 3424 sit
1853 3386 1945 3441 pa-

372 3458 485 3516 ter,
518 3453 564 3506 is
590 3453 751 3507 etiam
781 3454 851 3507 sit
876 3453 1194 3524 ingenitus;
1230 3468 1283 3511 et
1328 3458 1419 3527 qui
1454 3459 1744 3528 ingenitus,
1802 3461 1944 3515 idem

381 3559 597 3615 quoque
626 3546 816 3612 pater?
846 3547 1019 3615 Atque
1049 3547 1122 3601 ita
1154 3548 1246 3603 ﬁet
1291 3560 1350 3604 ut
1378 3551 1666 3619 appellatio
1688 3554 1905 3624 ingeniti
1927 3594 1944 3620 ,

377 3650 501 3705 quae
524 3635 623 3691 soli
650 3634 761 3691 Deo
784 3637 997 3706 proprie
1025 3651 1090 3692 ac
1120 3640 1466 3709 peculiariter
1481 3643 1754 3709 convenit,
1773 3645 1947 3698 omni-

385 3727 484 3781 bus
511 3726 603 3781 ﬁat
632 3730 954 3786 communis.
980 3729 1171 3788 Videte
1194 3733 1358 3805 igitur
1378 3734 1433 3789 in
1467 3745 1724 3804 quantam
1749 3737 1942 3792 absur-

384 3818 604 3874 ditatem
634 3818 1011 3878 devolvamini.

1054 3935 1284 3993 ALIUD.

456 4043 513 4099 Si
546 4045 677 4099 nihil
730 4046 840 4102 Deo
877 4048 1125 4104 accidere
1180 4061 1361 4106 mente
1415 4054 1718 4123 concipitis,
1776 4072 1950 4126 neque

387 4136 509 4191 aliis
544 4137 615 4191 ita
647 4140 886 4207 cogitare
914 4142 1261 4209 permittitis,
1299 4159 1505 4213 magna:
1539 4161 1634 4202 vos
1668 4148 1948 4219 undequa-

381 4243 492 4298 qtte
546 4229 888 4287 diﬂicultates
925 4242 1192 4302 prement,
1228 4244 1283 4291 et
1334 4237 1614 4293 innumera
1666 4239 1949 4309 impiarum

386 4322 775 4389 cogitationum
831 4325 986 4380 turba
1039 4329 1417 4384 circumsistet.
1442 4330 1574 4385 Nam
1626 4332 1669 4386 si
1711 4335 1831 4401 quis
1859 4350 1953 4390 vos

387 4414 699 4485 interroget,
765 4424 939 4485 pater,
1000 4417 1308 4486 ingenitus,
1362 4421 1817 4490 incorruptibilis,
1860 4424 1954 4477 int-

389 4506 654 4571 mortalis,
696 4506 1003 4571 invisibilis,
1032 4508 1245 4578 aliaque
1282 4509 1397 4577 ejus
1454 4512 1667 4581 generis
1700 4528 1819 4582 quae
1852 4530 1950 4568 na-

386 4597 636 4651 turaliter
672 4596 782 4653 Deo
836 4598 1041 4663 insunt,
1090 4609 1143 4654 et
1197 4601 1262 4654 de
1322 4600 1437 4655 sola
1492 4602 1663 4671 ipsius
1713 4605 1949 4659 essentia

382 4688 770 4757 praedicantur,
803 4697 981 4743 utrum
1016 4691 1266 4745 essentia;
1288 4691 1416 4758 sint,
1445 4706 1514 4746 an
1546 4694 1726 4762 potius
1759 4710 1953 4749 unum-

380 4781 636 4850 quodque
695 4783 986 4836 essentiam
1035 4782 1332 4853 signiticet,
1394 4786 1600 4840 necne?
1660 4785 1802 4851 Quid
1840 4796 1951 4842 sta-

388 4872 588 4927 tuetis?
611 4871 740 4927 Nam
770 4874 813 4927 si
844 4874 1052 4945 singula
1102 4876 1396 4931 essentiam
1430 4876 1757 4944 signiﬁcant,
1787 4893 1853 4933 ex
1876 4888 1955 4933 tot

383 4964 640 5018 essentiis
671 4964 822 5019 vobis
843 4963 1069 5034 simplex
1109 4965 1252 5021 Deus
1281 4967 1619 5036 compositus
1658 4970 1783 5036 erit,
1824 4982 1957 5040 quot

385 5062 512 5106 sunt
539 5067 602 5107 ea
636 5068 755 5121 quae
791 5052 888 5129 ipsi
944 5053 1263 5110 naturaliter
1292 5055 1473 5111 inesse
1499 5069 1817 5113 cernuntur.
1873 5061 1956 5116 Ad

386 5141 505 5199 Itazc
534 5144 660 5198 illud
691 5144 855 5199 etiam
883 5146 1188 5201 necessario
1214 5160 1401 5201 verum
1422 5150 1684 5217 est,qtt0d
1712 5151 1955 5220 opposita

389 5235 459 5291 iis
484 5252 604 5305 qua:
630 5237 886 5303 diximus,
925 5237 1178 5292 nimirum
1207 5249 1468 5302 creatum,
1514 5241 1862 5309 corruptibile
1901 5252 1956 5298 et

389 5325 624 5387 visibilc,
660 5327 838 5381 omnia
869 5336 1031 5382 erunt
1073 5326 1313 5394 ejusdem
1350 5328 1687 5393 substantim,
1724 5332 1833 5385 into
1865 5348 1959 5400 po-

391 5418 502 5472 tius
528 5418 772 5474 catndem
805 5419 1165 5474 substantiam
1198 5420 1598 5487 signiﬁcabunt.
1630 5423 1779 5487 Quod
1810 5425 1855 5478 si
1885 5425 1958 5478 ita

392 5516 498 5572 eet,
531 5507 663 5561 niltil
714 5509 970 5577 impediet
1023 5507 1311 5577 quominus
1359 5509 1604 5565 dicamus
1661 5512 1801 5565 idem
1843 5528 1961 5569 esse

394 5593 597 5665 lignum
629 5606 683 5651 et
715 5599 906 5663 lilium,
931 5598 1160 5666 lapidem
1189 5609 1243 5653 ct
1270 5600 1539 5670 genimen.
1574 5603 1763 5656 Creata
1794 5605 1959 5669 enim,

394 5689 773 5757 corruptibilia
802 5701 855 5744 ct
884 5691 1111 5745 visihilia
1151 5693 1263 5746 haec
1300 5702 1643 5762 sunt;atque
1670 5694 1740 5747 ita
1783 5710 1958 5749 rerum

394 5781 642 5838 omnium
666 5783 796 5839 ordo
820 5785 1239 5853 perturbabitur.
1267 5786 1322 5841 Si
1358 5802 1485 5856 ergo
1510 5804 1613 5842 non
1635 5803 1962 5857 qumcunqnc

2049 3278 2247 3347 μαίνει,
2280 3278 2331 3330 τί
2376 3276 2610 3329 κωλύσει
2653 3276 2831 3344 λέγειν
2883 3277 2963 3329 ὅτι
3013 3275 3227 3337 πάντως
3275 3273 3620 3343 ἀντιστρέφει

2046 3368 2180 3438 πρὸς
2212 3369 2377 3420 ἐαυτά
2401 3369 2468 3421 τά
2494 3368 2753 3437 ὀνόματα,
2785 3368 2861 3430 ὡς
2890 3368 2944 3420 εί
2968 3368 3049 3431 τίς
3080 3369 3193 3420 ἐστι
3235 3366 3433 3435 πατὴρ,
3459 3365 3623 3418 τοῦτ’

2046 3458 2183 3514 εἶναι
2220 3461 2313 3514 καὶ
2343 3461 2633 3531 ἀγένητον·
2683 3461 2775 3513 καὶ
2819 3459 2872 3512 εί
2918 3477 2970 3513 τι
3018 3460 3298 3530 ἀγένητον,
3326 3458 3481 3510 τοῦτο
3526 3458 3625 3510 καὶ

2047 3555 2262 3625 πατὴρ;
2297 3554 2587 3624 Οίχήσεται
2640 3552 2703 3623 δὴ
2746 3547 2839 3605 οῦν
2882 3552 2977 3605 καὶ
3026 3552 3265 3622 χωρήσει
3310 3549 3493 3602 λοιπὸν
3526 3549 3625 3601 ἐπὶ

2049 3646 2255 3709 πάντας
2285 3644 2347 3699 τὸ
2374 3644 2519 3716 μόνῳ
2556 3644 2757 3714 προσὸν
2789 3643 2867 3714 τῷ
2903 3642 3021 3713 Θεῷ
3059 3642 3133 3706 ὡς
3170 3643 3297 3694 [διον
3332 3638 3494 3694 αὐτοῦ
3527 3639 3625 3692 καὶ

2048 3737 2322 3808 ἐξαίρετον
2369 3736 2429 3788 τὸ
2475 3734 2734 3807 ἀγένητον
2767 3728 2906 3787 εἷναί
2936 3731 3304 3803 φημι.⁹ορᾶτε
3334 3730 3514 3783 τοίνυν
3541 3730 3625 3792 είς

2048 3831 2179 3900 ὅσην
2207 3828 2435 3884 ἀτοπίαν
2465 3824 3090 3899 ὐμϊν’καταστρέφουσιν
3116 3824 3167 3877 οί
3198 3823 3366 3891 λόγοι.

2732 3942 2933 3994 ΑΛΛΟ.

2120 4052 2302 4124 Μηδὲν
2364 4052 2485 4105 κατ’
2524 4051 2768 4105 ἐπίνοιαν
2830 4048 3174 4121 συμϐεϐηκὸς
3226 4047 3471 4110 νοοῦντες
3527 4049 3625 4101 ἐπὶ

2049 4147 2204 4213 Θεοῦ,
2227 4146 2362 4217 μήτε
2388 4143 2494 4216 μὴν
2521 4142 2663 4197 οὕτω
2690 4144 2832 4196 τισὶν
2859 4145 2999 4196 νοεῖν
3021 4141 3426 4212 ἐπιτρέποντες,
3448 4141 3622 4211 πολλῇ

2051 4236 2335 4309 δυσχερείᾳ
2386 4234 2769 4306 περιπεσεῖσθε
2817 4234 3053 4295 πάντως,
3089 4233 3183 4285 καὶ
3230 4233 3421 4302 μυρίος
3470 4234 3624 4302 ἡμᾶς

2052 4328 2339 4399 νοημάτων
2367 4326 2624 4397 ἀθέσμων
2653 4324 2997 4395 περιεστήξει
3023 4319 3417 4396 θόρυϐοςῘΔρα
3439 4323 3549 4392 γὰρ
3573 4324 3629 4376 εἰ

2053 4436 2135 4482 τις
2167 4419 2308 4488 ὑμᾶς
2335 4416 2581 4491 ἐρωτῴη,
2609 4416 2670 4470 τὸ
2698 4414 2878 4486 πατὴρ
2900 4416 2992 4468 καὶ
3015 4415 3077 4467 τὸ
3108 4415 3388 4484 ἀγένητος,
3415 4414 3625 4483 ἄφθαρ-

2051 4509 2143 4573 τός
2171 4526 2229 4563 τε
2265 4510 2358 4562 καὶ
2386 4508 2672 4571 ἀθάνατος,
2699 4508 2794 4561 καὶ
2812 4507 3059 4579 ἀόρατος,
3078 4507 3171 4560 καὶ
3200 4507 3298 4558 ὅσα
3321 4505 3484 4573 ἕτερά
3506 4506 3624 4557 ἐστι

2051 4601 2293 4665 τοιαῦτα,
2318 4601 2460 4654 κατά
2488 4600 2650 4668 φύσιν
2685 4599 3053 4670 ἐνυπάρχοντα
3086 4596 3161 4666 τῷ
3192 4597 3333 4667 Θεῷ,
3356 4598 3447 4650 καὶ
3477 4597 3624 4649 κατά

2056 4694 2222 4764 μόνης
2268 4694 2367 4762 τῆς
2418 4692 2603 4755 οὐσίας
2664 4690 2827 4744 αὐτοῦ
2882 4689 3347 4760 κατηγορούμενα,
3397 4690 3625 4760 πότερον

2052 4784 2238 4848 οὐσίας
2269 4782 2407 4838 εἶναι
2428 4784 2651 4844 δώσετε,
2680 4782 2875 4853 μᾶλλον
2895 4782 2951 4836 δὲ
2980 4782 3208 4836 ἕκαστον
3238 4783 3414 4834 αὐτῶν
3436 4783 3626 4835 οὐσίαν

2056 4877 2330 4948 σημαίνει,
2373 4875 2407 4946 ἢ
2460 4875 2612 4945 οὐχί;
2648 4876 2807 4927 Ποῖον
2842 4872 3153 4928 ἀποδώσετε
3201 4874 3393 4942 λόγον;
3430 4873 3491 4924 Εἰ
3526 4874 3625 4942 μὲν

2053 4963 2149 5020 οῦν
2174 4966 2403 5021 ἕκαστον
2429 4966 2614 5018 οὐσίαν
2659 4965 2932 5034 σημαίνει,
2964 4966 3028 5017 ἐκ
3060 4963 3329 5017 τοσούτων
3373 4964 3500 5033 ὑμῖν
3535 4963 3627 5015 οὐ-

2061 5058 2212 5122 σιῶν,
2253 5058 2283 5110 ὁ
2329 5056 2534 5120 ἁπλοῦς
2572 5057 2917 5124 συγκείσεται
2946 5055 3097 5119 Θεὸς,
3124 5057 3333 5125 ὅσαπερ
3366 5056 3433 5108 ἂν
3475 5055 3627 5125 αὐτῷ

2058 5149 2303 5220 φυσικῶς
2365 5148 2635 5219 προσόντα
2688 5148 2964 5217 φαίνηται.
3016 5147 3160 5217 Πρὸς
3218 5147 3275 5200 δέ
3334 5164 3395 5215 γε
3453 5146 3627 5217 τούτῳ

2059 5243 2276 5296 κάκεῖνο
2301 5240 2519 5302 πάντως
2546 5240 2841 5308 ἀναγκαῖον
2872 5238 3137 5308 ὑπάρχειν
3168 5238 3385 5307 ἀληθὲς,
3421 5238 3501 5290 ὅτι
3532 5240 3627 5291 καὶ

2058 5335 2127 5389 τὰ
2174 5334 2523 5403 ἀντικείμενα
2572 5335 2685 5396 τοῖς
2719 5332 3032 5402 εἰρημένοις
3061 5332 3121 5383 τὸ
3149 5330 3373 5399 γενητὸν
3403 5331 3625 5401 δηλαδὴ,

2060 5427 2120 5479 τὸ
2157 5425 2413 5496 φθαρτὸν,
2434 5424 2494 5477 τὸ
2522 5423 2712 5495 ὁρατὸν
2734 5422 2883 5476 ἔσται
2916 5421 3093 5475 πάντα
3113 5424 3211 5492 τῆς
3232 5421 3397 5490 αὐτῆς
3417 5420 3623 5482 οὐσίας·

2066 5517 2262 5588 μᾶλλον
2308 5515 2365 5569 δὲ
2411 5514 2536 5585 μίαν
2565 5514 2752 5567 οὐσίαν
2778 5513 3048 5583 σημαίνει,
3082 5513 3144 5566 Εἰ
3176 5511 3231 5564 δὲ
3266 5510 3441 5577 τοῦτο,
3476 5511 3627 5563 οὐδὲν

2064 5609 2295 5662 κωλύσει
2326 5606 2502 5674 λέγειν
2523 5605 2717 5658 ταυτὸν
2748 5601 2887 5657 εἶναι
2919 5603 3071 5668 ξύλον
3097 5604 3189 5657 καὶ
3215 5602 3347 5664 υἱὸν,
3365 5602 3511 5654 λίθον
3535 5603 3629 5654 καὶ

2066 5702 2327 5768 γέννημα.
2359 5697 2563 5765 Γενητά
2599 5698 2705 5766 γὰρ
2746 5697 2836 5749 καὶ
2877 5696 3096 5766 φθαρτὰ,
3122 5695 3215 5748 καὶ
3256 5695 3425 5766 ὀρατά
3458 5694 3632 5748 ταῦτά

2068 5794 2209 5845 ἐστι’
2240 5790 2330 5843 καὶ
2366 5789 2689 5858 συγκέχυται
2709 5790 2892 5841 λοιπὸν
2913 5787 3017 5842 τῶν
3043 5787 3378 5859 πραγμάτων
3402 5789 3432 5857 ἡ
3459 5788 3630 5853 τάξις.
