3878 6208
227 291 331 349 MS

1630 286 2075 349 THESAURUS.

3366 292 3478 354 ΒΟ

229 407 292 458 El
320 402 499 458 τοίνυν
539 402 636 471 οὐχ
673 390 771 453 ὅσα
803 402 1082 471 προσεῖναι
1115 400 1330 469 λέγεται
1361 403 1500 456 κατὰ
1529 402 1691 471 φύσιν
1721 403 1799 475 τῷ

1909 405 2014 461 Deo
2043 406 2357 461 naturaliter
2382 408 2585 469 insunt,
2630 402 2864 460 essentia
2895 403 3061 473 ipsius
3089 411 3215 457 sunt
3242 420 3252 455 :
3282 418 3471 473 super-

213 495 367 575 βεῷ,
397 493 568 549 ταῦτα
594 493 808 557 πάντως
835 493 985 547 ἔσται
1013 494 1177 547 αὐτοῦ
1218 495 1311 546 καὶ
1352 494 1531 557 οὐσία,
1556 495 1800 549 λείπεται

226 589 406 656 λέγειν
428 585 566 639 αὐτὰ
585 587 652 654 τῇ
682 583 839 655 οὐσίᾳ
870 583 1272 654 συμϐεϐηκότα,
1304 584 1464 656 μέχρι
1491 586 1657 657 μόνης
1687 603 1801 654 φω-

226 680 324 750 νῆς
353 677 495 731 οὕτω
522 676 805 746 νοούμενα.
836 676 951 729 Οὐκ
979 676 1092 747 ἔχει
1123 677 1230 747 γὰρ
1259 679 1293 748 ή
1329 676 1616 749 ἀνθρώπου
1642 678 1803 747 φύσις

229 770 415 842 μεῖζόν
459 787 512 822 τι
556 768 664 821 τῶν
701 767 824 821 καθ’
854 768 1054 839 ἑαυτὴν
1088 768 1266 836 λέγειν
1303 770 1396 822 ἐπὶ
1430 768 1585 822 Θεοῦ.
1621 771 1710 823 Διὸ
1737 770 1801 842 δὴ

225 864 342 924 τοῖς
390 860 540 924 ἰδίοις
590 859 767 913 ἐθεσιν
821 858 910 911 ἐπ’
944 858 1109 912 αὐτοῦ
1164 860 1504 931 κεχρήμεθα,
1553 862 1621 914 τὰ
1667 861 1802 915 καθ’

228 952 454 1012 ἑαυτοὺς
498 948 762 1020 μειζόνων
809 948 1113 1018 ὑπόδειγμα
1158 950 1492 1020 ποιούμενοι,
1532 950 1718 1021 ὥσπερ
1750 952 1799 1003 οἱ

229 1044 288 1094 ἐν
340 1040 521 1112 μικρῷ
564 1040 752 1093 πίνακι
794 1040 887 1093 τὸν
930 1041 1179 1112 οὐράνιον
1218 1043 1655 1111 καταγράφοντες
1706 1040 1801 1094 κύ-

233 1133 383 1187 κλον.

245 1225 573 1290 Ἀντίθεσις
619 1223 687 1277 ἐκ
728 1220 849 1275 τῶν
897 1222 1093 1276 αὐτῶν
1135 1221 1232 1275 διὰ
1284 1221 1394 1291 τῆς
1442 1225 1527 1287 εὶς
1575 1221 1799 1275 ἄτοπον

843 1291 1185 1363 ἀπαγωγῆς·

311 1406 369 1457 '0
414 1406 564 1471 Θεὸς,
599 1406 762 1474 φασὶ,
805 1405 906 1475 τὴν
944 1404 1138 1458 ἐαυτοῦ
1180 1404 1342 1475 φύσιν
1385 1400 1524 1457 οἶδεν
1558 1402 1800 1474 ἀκριὸῶς

229 1498 325 1551 καὶ
364 1498 578 1569 άληθῶς
608 1539 621 1562 ,
656 1499 750 1551 καὶ
791 1499 929 1568 ὅπερ
962 1499 1079 1549 ἐστὶ
1122 1498 1244 1550 κατ’
1285 1497 1470 1550 οὐσίαν
1515 1498 1801 1548 ἐπίσταται

230 1590 440 1658 σαφῶς.
469 1592 529 1643 Ei
559 1590 615 1643 δὲ
648 1591 748 1643 ούκ
783 1591 939 1660 ἴσμεν
970 1591 1129 1659 ἡμεῖς
1157 1587 1326 1651 οὕτως
1351 1589 1425 1652 ὡς
1453 1588 1613 1650 αὐτὸς
1638 1585 1797 1653 οἶδεν,

230 1680 584 1751 ἐσφαλμένως
615 1681 723 1751 ἄρα
756 1680 851 1733 καὶ
890 1678 1337 1750 διεστραμμένως
1374 1678 1444 1731 τὰ
1482 1679 1607 1747 περὶ
1636 1678 1798 1731 αὑτὸν

228 1774 540 1840 δοξάζοντες
576 1772 931 1842 ἁλισκόμεθα.
983 1770 1041 1823 Ὀ
1071 1772 1178 1840 γὰρ
1215 1758 1308 1840 μὴ’
1332 1769 1530 1839 ὁμοίως
1557 1768 1635 1839 τῷ
1664 1769 1796 1839 ἀλη-
1828 1756 1869 1809 Β

229 1865 339 1929 θῶς
371 1865 533 1919 εἰδότι
567 1863 874 1933 γινώσκων,
903 1863 1003 1917 οὐκ
1035 1862 1249 1933 ἀληθῶς
1272 1864 1500 1926 εἵσεται,
1529 1861 1797 1914 πλανᾶται

228 1956 286 2008 δὲ
329 1955 545 2018 πάντως
576 1955 605 2007 6
634 1952 896 2015 τοιοῦτος.

708 2066 867 2136 Πρὸς
896 2063 1069 2119 τοῦτο
1094 2064 1296 2131 λύσις.

301 2180 413 2249 Οὐχ
454 2179 621 2251 ὁρῶσι
654 2177 815 2232 πάλιν
846 2181 895 2230 οἱ
943 2178 1104 2231 δεινοὶ
1140 2177 1275 2246 πρὸς
1300 2176 1535 2246 τόλμας,
1571 2178 1650 2240 είς
1679 2177 1800 2230 ὅσον

229 2270 498 2333 ἀσεϐείας,
514 2269 913 2341 καταφέρονται
937 2267 1228 2340 βάραθρον.
1262 2268 1543 2321 Δεδοίκασι
1572 2269 1699 2340 γὰρ,
1726 2268 1802 2335 ὡς

228 2364 399 2427 εἰκὸς,
432 2364 687 2427 ἐλάττους
718 2363 1000 2433 φαίνεσθαι
1038 2364 1179 2417 κατά
1210 2363 1274 2415 τὸ
1311 2364 1452 2416 νοεῖν
1489 2362 1584 2415 τοῦ
1624 2362 1760 2416 Θεοῦ
1785 2382 1797 2394 ·

230 2458 514 2528 φρίττουσι
549 2455 606 2508 δὲ
634 2456 710 2519 ὡς
750 2454 963 2517 εὐτελὲς
1002 2455 1063 2508 τὸ
1101 2454 1177 2525 μὴ
1204 2453 1375 2516 οὕτως
1409 2450 1548 2507 εἷναι
1583 2454 1800 2525 νομίζε-

232 2551 359 2603 σθαι
397 2550 626 2613 λεπτοὺς
658 2552 737 2613 εἰς
772 2550 972 2618 γνῶσιν
993 2589 1006 2613 ,
1040 2548 1115 2612 ὡς
1147 2549 1214 2601 ἂν
1247 2544 1385 2601 εἶναί
1428 2565 1512 2610 τις
1555 2548 1665 2618 δῴη
1707 2550 1801 2602 καὶ

228 2643 331 2715 τὴν
356 2644 506 2696 Θείαν
537 2643 749 2708 οὐσίαν,
792 2642 892 2695 οὐκ
918 2642 1118 2704 εἰδότες
1155 2641 1235 2693 ὃτι
1270 2639 1523 2695 τοσοῦτον
1551 2641 1803 2710 ὑπερέξει

232 2734 330 2788 καὶ
369 2734 511 2787 κατὰ
545 2734 703 2786 τοῦτο
736 2732 844 2785 τῶν
869 2731 1131 2802 γενητῶν,
1169 2733 1291 2785 ὅσον
1326 2730 1502 2783 αὐτῶν
1541 2731 1635 2785 καὶ
1662 2731 1805 2784 κατὰ

230 2826 395 2895 φύσιν
423 2826 728 2896 διέστηκεν.
749 2821 883 2878 Εἶτα
917 2824 1053 2895 πρὸς
1076 2823 1248 2893 τούτῳ
1275 2822 1393 2883 πῶς
1419 2824 1480 2876 οὐ
1509 2823 1629 2877 λίαν
1657 2824 1802 2876 ἐστὶν

227 2914 596 2978 ἀτοπώτατον,
619 2916 719 2967 οὐκ
747 2913 963 2984 άληθῶς
993 2913 1189 2966 εἰδέναι
1210 2913 1389 2981 λέγειν
1416 2913 1507 2967 τὸν
1534 2912 1609 2983 μὴ
1628 2929 1803 2983 παρα-

231 3007 479 3077 πλησίως
532 3007 710 3060 εἰδότα
762 3023 816 3058 τι
862 3004 940 3075 τῷ
984 3005 1195 3057 τελείαν
1237 3005 1410 3074 ἔχοντι
1458 3005 1556 3074 τὴν
1602 3003 1802 3072 γνῶσιν

1902 510 1987 554 est
2037 509 2094 552 ut
2138 513 2200 552 ea
2243 499 2543 554 accidentia
2590 498 2839 552 essentia:
2901 497 3146 550 dicamus
3187 494 3297 548 sola
3341 510 3473 551 voce

1904 592 1978 645 ita
2010 590 2299 660 appellata.
2350 590 2534 660 Neque
2583 589 2725 643 enim
2775 597 2952 657 potest
3006 588 3242 641 humana
3282 596 3471 641 natura

1903 684 2082 753 majus
2108 682 2310 753 aliquid
2334 698 2493 752 quam
2525 696 2623 750 pro
2656 694 2754 735 suo
2785 679 2957 748 ipsius
3000 677 3218 733 modulo
3264 678 3329 733 de
3364 678 3473 734 Deo

1903 776 2102 831 dicere.
2140 774 2257 840 Quo
2290 775 2350 827 lit
2378 782 2438 827 ut
2478 783 2664 827 nostro
2695 785 2848 826 more
2880 770 2933 826 in
2981 770 3301 838 explicanda
3329 770 3472 825 illius

1904 877 2093 922 natura
2126 878 2360 930 utamur,
2390 879 2485 934 per
2506 878 2568 917 ea
2601 877 2720 933 quae
2753 860 2909 915 nobis
2940 861 3123 916 insunt
3169 862 3323 930 quasi
3377 876 3473 931 per

1901 958 2145 1029 exempla
2191 956 2431 1025 majora,
2474 958 2577 1010 hoc
2616 962 2699 1008 est
2742 954 2955 1019 divina,
2995 952 3368 1019 declarantes,
3413 961 3472 1005 ut

1902 1052 1995 1123 qui
2028 1051 2078 1105 in
2112 1050 2303 1119 exigua
2340 1047 2533 1103 tabella
2556 1045 2807 1102 caelestes
2835 1046 2995 1101 orbes
3018 1044 3347 1099 describunt.

1902 1228 2064 1300 265
2114 1225 2351 1294 Obiectio
2415 1225 2779 1300 hwretisoram
2850 1214 3342 1288 per‘reductiouem
3401 1224 3470 1275 ad

2530 1295 2723 1347 absurd
2730 1309 2815 1345 um

1971 1412 2130 1473 Dens,
2192 1409 2461 1477 inquiunt,
2508 1422 2661 1461 suam
2723 1405 2892 1476 ipsius
2928 1406 3221 1462 essentiam
3278 1415 3334 1458 et
3376 1420 3471 1458 na-

1904 1513 2100 1567 turam,
2137 1501 2376 1570 perfecte
2432 1514 2666 1569 vereque
2702 1498 2868 1562 novit,
2916 1499 3143 1568 etquod
3174 1496 3470 1553 secundum

1903 1595 2192 1648 essentiam
2214 1602 2318 1655 est,
2352 1592 2555 1659 Optime
2620 1590 2743 1644 scit.
2795 1588 2851 1643 Si
2882 1603 3012 1645 vero
3052 1604 3149 1644 nos
3197 1588 3475 1646 nescimus

1906 1686 1975 1737 ita
2007 1695 2065 1737 ut
2094 1684 2211 1751 ipse
2274 1682 2399 1743 scit,
2436 1680 2571 1735 false
2608 1695 2736 1748 ergo
2763 1688 2922 1749 atque
2974 1694 3256 1749 perperam
3297 1678 3471 1748 ipsum

1898 1777 2279 1847 gloriﬁcamus.
2323 1771 2455 1827 Nam
2502 1773 2594 1842 qui
2625 1787 2730 1826 non
2771 1772 3022 1827 similiter
3050 1771 3348 1840 eademque
3381 1784 3473 1823 ra-

1898 1870 2043 1921 tione
2078 1867 2243 1930 novit,
2266 1877 2429 1934 atque
2461 1865 2506 1919 is
2532 1864 2622 1932 qui
2656 1879 2783 1919 vere
2813 1863 2984 1929 novit,
3031 1870 3181 1917 certe
3207 1877 3312 1916 non
3346 1873 3473 1915 vere

1897 1959 2204 2029 cognoscit;
2234 1959 2327 2012 sed
2354 1972 2540 2012 errare
2569 1957 2788 2010 omnino
2818 1954 3141 2024 judicandus
3170 1964 3271 2010 est.

2390 2066 2598 2121 Salutio
2640 2064 2966 2133 objectionis.

1964 2182 2078 2237 Non
2108 2182 2287 2235 vident
2338 2179 2608 2233 temerarii
2655 2178 2743 2233 isti
2782 2179 2836 2232 in
2887 2188 3147 2248 quantum
3182 2176 3473 2246 impietatis

1900 2275 2211 2332 barathrum
2247 2280 2426 2327 ruant.
2485 2269 2759 2325 Verentur
2802 2271 2967 2335 enim,
3013 2278 3072 2323 ut
3100 2277 3346 2339 apparet,
3405 2284 3472 2321 ne

1900 2367 2185 2421 inferiores
2205 2364 2316 2419 Deo
2339 2364 2391 2418 in
2420 2363 2769 2433 intelligendo
2789 2362 3091 2425 videantur,
3108 2369 3163 2414 et
3178 2360 3475 2413 abhorrent

1899 2466 2013 2511 uta
2050 2471 2107 2510 re
2135 2455 2255 2519 vili,
2286 2454 2430 2524 quod
2456 2454 2529 2507 ita
2560 2453 2810 2509 subtilem
2835 2453 3069 2506 habeant
3089 2451 3472 2521 cognitionem,

1901 2556 2063 2616 atque
2094 2547 2287 2600 divinae
2312 2545 2563 2599 essentize
2619 2544 2893 2606 tribuitur,
2946 2544 3253 2597 nescientes
3306 2539 3471 2595 Deum

1900 2648 2053 2694 tanto
2076 2637 2364 2692 intervallo
2392 2638 2558 2691 etiam
2591 2636 2692 2691 hac
2736 2637 2788 2689 in
2822 2645 2977 2704 parte
3000 2643 3274 2688 creaturas
3309 2648 3472 2701 supe-

1902 2746 2047 2799 rare,
2080 2740 2282 2798 quanto
2308 2730 2473 2784 etiam
2530 2728 2701 2798 ipsius
2736 2737 2927 2781 natura
2960 2733 3044 2781 est
3098 2724 3470 2779 excellentior.

1902 2827 2165 2880 Praeterea
2195 2824 2461 2893 quomodo
2520 2836 2626 2876 non
2681 2836 3025 2889 summopere
3080 2820 3367 2875 absurdum
3402 2821 3474 2875 sit

1903 2920 2108 2982 dicere,
2140 2932 2245 2971 non
2273 2931 2400 2971 vere
2427 2916 2568 2970 scire
2600 2930 2721 2969 eum
2757 2914 2847 2983 qui
2894 2929 2997 2966 non
3036 2914 3259 2982 perinde
3313 2915 3469 2978 sciat,

1904 3022 2066 3080 atque
2098 3010 2144 3063 is
2173 3010 2263 3078 qui
2294 3007 2589 3076 perfectam
2634 3005 2830 3060 habeat
2862 3005 3220 3074 cognitionem
3262 3004 3377 3074 ejus
3405 3005 3473 3058 de

230 3099 557 3169 πράγματός
586 3115 731 3161 τινος
759 3096 920 3167 τυχὸν
944 3135 959 3162 ,
990 3098 1076 3166 ἐφ’
1113 3092 1282 3166 οὗπερ
1313 3096 1378 3149 ἂν
1425 3097 1585 3165 τυχὸν
1614 3096 1708 3149 καὶ
1754 3098 1802 3148 οἱ

1909 3118 2013 3173 quo
2037 3115 2214 3156 sermo
2242 3098 2353 3152 liat.
2379 3097 2672 3153 Possumus
2724 3096 2867 3150 enim
2911 3096 3085 3149 minus
3108 3097 3268 3158 scire.
3308 3104 3471 3164 atque

228 3190 379 3258 λόγοι
428 3190 705 3257 γίνονται;
734 3189 893 3243 Ἔστι
946 3187 1045 3259 μὲν
1092 3188 1201 3259 γὰρ
1248 3182 1411 3259 ἦττον
1458 3188 1655 3241 εἰδέναι
1708 3188 1804 3241 καὶ

228 3281 374 3335 κατὰ
402 3279 560 3333 τοῦτο
586 3279 682 3332 τοῦ
719 3278 938 3341 τελείως
979 3278 1180 3341 εἰδότος
1204 3278 1706 3349 ἀπολιμπάνεσθαι,
1740 3278 1801 3330 οὐ

234 3373 342 3443 μὴν
372 3371 650 3434 παντελῶς
682 3370 775 3423 καὶ
803 3368 1265 3439 διεστραμμένως.
1295 3362 1420 3422 Οἶον
1450 3367 1582 3438 φέρε
1608 3368 1801 3431 εἰπεῖν,

230 3461 523 3515 ἐπίσταταί
552 3478 636 3523 τις
658 3461 737 3513 ὅτι
762 3459 889 3531 περὶ
908 3459 1007 3528 τὴν
1038 3458 1268 3528 σελήνην
1290 3457 1529 3527 ἔκλειψις
1559 3457 1803 3524 γίνεσθαι

231 3553 542 3625 συμϐαίνει,
592 3553 776 3620 ἀγνοεῖ
819 3551 877 3604 δὲ
920 3551 1070 3612 ὅπως
1112 3549 1208 3602 καὶ
1256 3548 1379 3601 τίνα
1409 3548 1641 3617 τρόπον’
1684 3548 1802 3600 ἀλλ’

232 3647 373 3699 ἐστω
418 3662 503 3708 τις
533 3643 718 3715 ἔτερος
756 3643 914 3713 τυχὸν
957 3642 986 3694 6
1029 3641 1125 3694 καὶ
1155 3640 1312 3693 τοῦτο
1343 3638 1516 3703 εἰδώς.
1542 3636 1665 3712 Ἆρ’
1711 3636 1804 3694 οὖν

233 3738 532 3808 ἐπειδήπερ
557 3738 584 3789 ὁ
615 3736 715 3807 μέν
738 3752 824 3798 τις
851 3732 1154 3804 σοφώτερος
1184 3731 1260 3785 ὢν
1290 3727 1397 3785 οἶδε
1429 3732 1488 3784 τὸ
1522 3732 1803 3802 συναμφό-

231 3848 413 3901 τερον,
437 3832 466 3883 6
497 3830 554 3883 δὲ
583 3828 723 3882 κατὰ
757 3828 818 3880 τὸ
842 3827 1100 3880 δύνασθαι
1153 3828 1292 3879 νοεῖν
1323 3824 1560 3877 ἐλάττων
1595 3824 1804 3878 ἐκείνου

230 3922 538 3991 τυγχάνων,
578 3916 685 3973 οἶδε
719 3920 779 3972 τὸ
808 3919 1014 3990 ἕτερον,
1043 3917 1254 3987 ψευδῶς
1298 3916 1509 3980 δοξάσει
1544 3916 1672 3986 περὶ
1704 3914 1804 3985 τὴν

235 4014 467 4084 σελήνην
511 4012 609 4075 τὰς
653 4010 919 4080 ἐκλείψεις
966 4009 1209 4079 γίνεσθαι
1256 4008 1463 4076 λέγων;
1524 4007 1661 4060 Ἀλλ’
1705 4008 1805 4060 οὐκ

234 4106 353 4159 ἐστι
384 4104 559 4159 τοῦτο.
606 4105 671 4158 Ei
703 4104 883 4156 τοίνυν
926 4102 1197 4172 ἐνδέχεται
1238 4100 1366 4171 περὶ
1406 4099 1525 4162 ἐνὸς
1570 4100 1664 4152 καὶ
1707 4099 1804 4152 τοῦ

233 4197 402 4249 αὑτοῦ
438 4195 760 4267 πράγματος
782 4234 798 4259 ,
850 4193 1067 4264 μείζονα
1096 4193 1192 4262 μὲν
1230 4191 1286 4244 ἐν
1316 4208 1425 4244 τισι
1455 4189 1664 4243 κεῖσθαι
1708 4189 1805 4259 τὴν

234 4287 469 4357 γνῶσιν,
503 4285 792 4339 ἐλάττοντα
829 4283 885 4337 δὲ
912 4286 969 4337 ἐν
1007 4284 1213 4353 ἑτέροις
1234 4323 1248 4347 ,
1284 4284 1377 4335 καὶ
1408 4282 1627 4353 ἀληθεῖς
1664 4275 1804 4333 εἶναι

233 4377 335 4439 τὰς
360 4376 517 4442 δόξας
556 4376 613 4429 ἐν
655 4374 1010 4445 ἀμφοτέροις,
1040 4374 1094 4426 τί
1127 4375 1360 4427 κωλύσει
1395 4374 1491 4427 καὶ
1521 4374 1669 4445 ἡμᾶς
1706 4374 1804 4426 άν-

1906 3193 2006 3247 hac
2042 3192 2251 3244 ratione
2274 3188 2342 3242 ab
2380 3203 2446 3243 eo
2477 3187 2566 3255 qui
2598 3186 2835 3256 perfecte
2866 3186 2972 3240 scit
2996 3185 3264 3254 superari,
3297 3199 3473 3253 neque

1907 3293 2083 3336 tamen
2108 3276 2361 3336 aberrare
2391 3295 2421 3333 a
2447 3294 2598 3333 vero.
2643 3277 2886 3346 Exempli
2918 3278 3111 3347 gratia,
3142 3278 3242 3331 scit
3281 3276 3476 3346 aliquis

1904 3374 2045 3427 luna:
2085 3372 2326 3441 eclipsim
2358 3371 2629 3436 accidere,
2661 3378 2716 3422 at
2765 3370 2979 3436 quando
3006 3380 3101 3421 aut
3130 3385 3233 3437 qua
3266 3369 3477 3423 ratione

1904 3463 2283 3520 nescitzalius
2334 3462 2599 3531 quispiam
2645 3461 2698 3514 id
2736 3460 2938 3526 optime
2983 3459 3149 3513 novit.
3206 3459 3475 3525 Quocirca

1904 3571 2023 3611 cum
2055 3555 2251 3623 aliquis
2276 3551 2483 3608 doctior
2512 3552 2659 3606 novit
2697 3560 3008 3615 utrumque,
3041 3551 3179 3604 alius
3217 3567 3348 3605 vero
3376 3553 3474 3606 do-

1904 3649 2075 3704 ctrina
2102 3646 2352 3711 inferior,
2397 3644 2626 3700 alterum
2656 3658 2720 3697 ex
2752 3642 2833 3697 his
2853 3643 3017 3706 novit,
3049 3642 3253 3697 falsone
3275 3644 3476 3699 sentire

1903 3736 2299 3795 existimabitur
2336 3738 2403 3791 de
2432 3736 2582 3800 luna,
2637 3736 2729 3803 qui
2776 3733 3007 3801 eclipses
3031 3734 3078 3786 ei
3122 3734 3369 3788 accidere
3394 3735 3478 3787 di-

1906 3828 2383 3899 cit?Nequaquam
2434 3826 2699 3897 profectu.
2736 3825 2793 3881 Si
2846 3839 2975 3894 ergo
3028 3825 3142 3878 ﬁeri
3199 3834 3379 3895 potest
3415 3835 3477 3880 ut

1906 3936 2068 3975 unam
2100 3920 2452 3988 eamdemque
2494 3933 2610 3973 rem
2663 3916 2879 3987 plenius
2929 3915 3328 3986 perfectiusque
3380 3918 3477 3972 ali-

1907 4012 2029 4081 quis
2056 4010 2337 4077 intelligat,
2367 4008 2505 4063 alius
2540 4023 2671 4063 vero
2701 4008 2882 4061 minus
2908 4008 3166 4076 perfecte,
3202 4019 3253 4063 et
3296 4018 3475 4063 tamen.

1903 4118 2031 4156 vera
2060 4103 2129 4155 sit
2153 4103 2434 4155 amborum
2461 4101 2753 4167 sententia,
2793 4099 2923 4168 quid
2958 4097 3233 4155 obstiterit
3266 4102 3479 4170 quomi-

1905 4210 2006 4249 nus
2036 4210 2153 4257 nos,
2186 4209 2306 4247 cum
2344 4193 2514 4248 simus
2546 4194 2815 4258 homines,
2842 4195 3019 4250 minus
3047 4194 3281 4250 sciamus
3315 4209 3477 4261 quam

1905 4283 2070 4348 Deus,
2100 4292 2188 4335 aut
2213 4292 2271 4336 ut
2297 4283 2411 4351 ipse
2440 4283 2677 4351 seipsum
2722 4284 2888 4346 novit,
2919 4283 3047 4351 quid
3073 4284 3367 4338 secundum
3394 4298 3481 4338 es-

1906 4372 2134 4427 sentiam
2159 4372 2252 4437 sit,
2281 4372 2355 4427 ita
2379 4387 2477 4428 nos
2506 4388 2615 4427 non
2644 4372 2925 4427 erremus?

236 4468 490 4541 θρώπους
517 4467 695 4530 ὂντας,
716 4466 935 4519 ἔλαττον
963 4467 1059 4537 μὲν
1085 4465 1280 4518 είδεναι
1306 4465 1461 4529 Θεοῦ,
1483 4466 1519 4536 ἢ
1544 4465 1619 4529 ὡς
1639 4465 1802 4528 αὐτὸς
1840 4465 2029 4517 ἐαυτὸν
2058 4460 2187 4533 οἵδε,
2206 4464 2259 4517 τί
2314 4465 2448 4518 ποτε
2478 4464 2594 4517 ἐστι
2654 4464 2772 4517 κατ’
2802 4462 3008 4531 οὐσίαν,
3036 4463 3111 4536 μὴ
3138 4463 3245 4536 μὴν
3268 4462 3480 4534 ψευδῶς

235 4583 296 4618 τε
327 4563 422 4617 καὶ
446 4562 920 4633 διεστραμμένως;

913 4678 1112 4732 ΑΛΛΟ.

322 4791 446 4846 Ἐπὶ
482 4791 582 4863 τὴν
622 4791 730 4845 τῶν
778 4791 947 4845 ὀντων
984 4791 1258 4862 σημασίαν
1307 4805 1426 4862 ητοι
1480 4789 1803 4860 κατάληψιν,

236 4881 462 4946 πολλαῖς
511 4882 604 4935 καὶ
651 4882 925 4953 διαφόροις
969 4883 1197 4945 ἐννοίαις
1245 4880 1537 4952 ἐρχόμεθα.
1591 4882 1700 4935 Καὶ
1743 4882 1803 4935 ού

237 4974 459 5037 πάντως
496 4971 704 5042 ψευδῶς
743 4990 805 5026 τε
848 4973 945 5027 καὶ
1001 4974 1449 5046 διεστραμμένως
1486 4972 1697 5039 δοξάσει
1724 4990 1807 5038 τις

239 5064 381 5135 πρὸς
419 5064 639 5135 ἓτερον,
675 5064 756 5118 ὃτι
788 5065 864 5135 μὴ
888 5066 1006 5126 ταῖς
1033 5065 1224 5129 αὑταῖς
1250 5064 1501 5129 ἐννοίαις,
1546 5064 1660 5117 ἀλλ’
1693 5064 1810 5117 ἐτέ-

242 5172 365 5227 ραις
392 5155 535 5207 τισὶν
560 5153 651 5208 ἐπί
674 5172 726 5208 τι
755 5154 863 5209 τῶν
890 5154 1240 5227 ζητουμένων
1274 5154 1498 5225 βαδίζει.
1526 5148 1650 5208 Οίον
1677 5155 1810 5225 φέρε

239 5248 438 5311 εἰπεῖν,
457 5245 698 5300 ἔστωσαν
720 5246 813 5300 δύο
836 5248 981 5312 τινὲς
1004 5247 1371 5319 ἐρωτώμενοι,
1397 5248 1445 5299 εἰ
1474 5245 1669 5299 ταυτόν
1694 5246 1810 5299 ἐστι

236 5334 321 5406 τῷ
366 5333 637 5405 ἀνθρώπῳ
667 5337 696 5389 6
745 5336 946 5401 ἵππος,
978 5340 1073 5392 καὶ
1118 5340 1146 5390 6
1179 5337 1278 5408 μὲν
1327 5335 1702 5407 ἀποκρινέσθω
1735 5334 1811 5405 μὴ

236 5422 382 5480 εἶναι
422 5425 638 5490 ταυτὸν,
682 5426 803 5479 ἐπεὶ
843 5429 951 5492 πᾶς
990 5428 1275 5499 ἄνθρωπος
1304 5428 1641 5496 γελαστικὸν,
1686 5428 1716 5480 6
1753 5426 1810 5480 δὲ

239 5517 409 5580 ῐππος
435 5517 497 5569 ού
521 5514 697 5570 τοῦτο’
723 5519 751 5571 6
777 5516 836 5571 δὲ
864 5519 1050 5590 ἕτερος
1077 5519 1299 5589 λεγέτω,
1330 5519 1405 5571 υύ
1437 5517 1631 5572 ταυτὸν
1657 5518 1809 5588 ἵππῳ

238 5608 271 5661 δ
302 5605 607 5677 ἄνθρωπος,
637 5608 931 5681 ἐπειδήπερ
958 5611 1021 5663 τὸ
1042 5609 1460 5682 χρεμετιστικὸν
1486 5609 1587 5677 τῆς
1618 5608 1805 5671 οὐσίας

241 5697 410 5752 αὑτοῦ
456 5699 516 5752 οὐ
556 5702 961 5772 κατηγορεῖται.
988 5696 1114 5773 Ἆρ’
1151 5697 1243 5756 οὖν
1283 5702 1383 5755 οὐκ
1415 5698 1803 5771 ἀληθεύσουσιν

2566 4670 2798 4727 ALIUD.

1981 4787 2163 4841 Multis
2201 4801 2265 4841 ac
2291 4786 2518 4842 diversis
2544 4787 2849 4842 rationibus
2874 4788 2942 4842 ad
2985 4789 3437 4855 signiﬁcationem
3457 4834 3472 4857 ,

1909 4879 2023 4935 sive
2034 4879 2392 4949 cognitionem
2412 4894 2589 4934 rerum
2610 4882 2937 4950 pervenitur,
2958 4899 3133 4954 neque
3148 4886 3366 4940 omnino
3382 4885 3480 4940 fal-

1911 4987 1971 5027 se
1986 4986 2046 5026 ac
2059 4985 2341 5040 perperam
2367 4970 2487 5040 quis
2501 4973 2889 5044 sentiat,266
2908 4977 3121 5030 tametsi
3143 4991 3245 5030 non
3263 4977 3477 5041 iisdem,

1914 5061 2008 5116 sed
2040 5060 2164 5114 aliis
2193 5059 2514 5130 quibusdam
2542 5062 2844 5117 rationibus
2863 5064 2929 5117 ad
2952 5064 3005 5119 id
3048 5066 3188 5135 quod
3220 5068 3482 5135 qumritur

1912 5152 2200 5222 pertingat.
2230 5150 2477 5221 Exempli
2502 5154 2697 5222 gratia,
2744 5158 2848 5209 sint
2883 5156 2988 5209 duo
3019 5157 3110 5226 qui
3139 5157 3482 5228 interrogen-

1912 5252 2019 5306 tur,
2049 5252 2226 5297 utrum
2258 5243 2421 5298 homo
2449 5254 2504 5297 et
2523 5259 2693 5313 equus
2717 5246 2826 5300 sint
2853 5246 2990 5301 idem
3018 5266 3031 5301 :
3064 5256 3225 5317 atque
3262 5248 3348 5303 hic
3370 5250 3483 5315 qui-

1911 5337 2031 5388 dem
2066 5337 2388 5404 respondeat
2444 5350 2549 5389 non
2589 5350 2709 5391 esse
2759 5338 2921 5402 idem,
2981 5340 3246 5407 siquidem
3305 5341 3481 5393 omnis

1910 5426 2074 5481 homo
2101 5427 2171 5481 sit
2199 5426 2440 5492 risihilis,
2483 5442 2651 5495 equus
2677 5443 2807 5483 vero
2843 5445 2948 5483 non
2979 5431 3105 5484 item
3145 5447 3160 5484 :
3220 5431 3356 5486 alter
3385 5446 3481 5485 au-

1913 5527 2017 5572 tem
2046 5518 2364 5587 respondeat
2392 5517 2611 5573 diﬂ‘erre
2641 5534 2838 5588 equum
2865 5520 2934 5574 ab
2951 5521 3186 5585 homine,
3212 5523 3478 5591 siquidem

1914 5609 2171 5665 hinuibile
2198 5609 2263 5664 de
2280 5611 2581 5665 substantia
2602 5609 2758 5679 hujus
2789 5626 2895 5666 non
2930 5613 3268 5681 praedicetur.
3290 5612 3481 5669 Nonne

1914 5710 2138 5770 uterque
2188 5717 2371 5757 verum
2423 5702 2702 5773 praedicat,
2775 5713 2829 5759 et
2893 5714 3093 5760 rectam
3159 5704 3478 5763 dilfercntia
