3878 6208
454 292 550 351 ⁸51
1442 290 1500 350 S.
1537 281 1807 347 CYRILLI
1848 282 2317 346 ALEXANDiilNi
2355 288 2651 345 ARCHIEP‘

3583 280 3698 350 ἰδέ

453 421 670 465 causam
698 408 998 478 assignant,
1031 407 1251 463 tametsi
1280 406 1510 462 diversis
1532 407 1832 463 rationibus
1856 418 2013 461 utan-

2122 406 2457 478 ἀμφότεροι,
2492 408 2588 460 καὶ
2620 405 2778 477 λόγον
2799 406 3171 460 ἀποδώσουσιν
3194 406 3374 479 ὀρθὸν,
3404 409 3454 461 εἰ
3489 412 3581 461 καὶ
3616 410 3699 479 μὴ

453 498 728 555 tntillum
752 500 933 569 itaque
954 499 1069 554 ﬂeri
1101 499 1271 571 possit
1296 507 1356 553 ut
1382 499 1742 555 diversimode
1761 499 1830 555 de
1858 500 2018 554 rebus

451 593 771 657 sentiamus,
805 604 979 659 neque
1010 599 1188 645 tamen
1224 607 1257 644 a
1302 604 1434 645 vero
1480 590 1795 645 aberremus
1825 629 1841 654 ,
1888 591 2019 659 quid

450 683 685 740 obstabit
739 684 1031 753 quominus
1066 682 1208 739 Deus
1237 683 1453 753 quidem
1495 682 1732 751 perfecte
1781 684 2019 753 seipsum

448 784 756 846 cognoscat,
779 775 907 844 quid
945 774 1018 828 sit
1044 775 1339 829 secundum
1386 774 1716 829 essentiam:
1743 789 1839 828 nos
1866 790 2016 841 vero,

448 882 569 921 cum
597 867 769 922 simus
802 866 1066 929 homines,
1123 866 1408 929 minorem,
1440 879 1547 920 non
1579 873 1759 919 tamen
1782 864 1973 920 falsam
2000 904 2017 929 ,

447 962 515 1017 de
542 977 609 1016 eo
632 963 879 1016 notitiam
923 960 1252 1019 habeamus?

1114 1162 1348 1221 ALIUD.

519 1277 576 1334 Si
636 1278 1036 1349 cognitionem,
1090 1294 1211 1348 qua;
1243 1278 1417 1333 cuivis
1446 1278 1697 1334 rationali
1755 1286 2021 1334 creatura:

447 1370 607 1433 inest,
640 1370 858 1437 generis
892 1369 1155 1439 cujusque
1220 1364 1541 1424 diil‘erentia:
1592 1368 2019 1425 commensurari

452 1460 721 1523 videbitis,
756 1459 826 1514 ita
858 1468 918 1515 nt
971 1456 1073 1514 alia
1123 1462 1388 1515 censenda
1419 1461 1490 1515 sit
1540 1461 1745 1515 essein
1789 1459 2017 1528 angelis,

454 1549 629 1620 major
652 1561 831 1605 autem
873 1550 927 1605 in
976 1550 1331 1619 archangelis.
1361 1566 1535 1621 eaque
1584 1552 1696 1620 ipsa
1740 1552 1912 1619 major
1966 1551 2018 1605 in

452 1640 823 1710 superioribus
866 1641 1249 1711 potestatibus,
1283 1650 1711 1696 commensurata
1741 1642 1903 1711 igitUr
1939 1652 2022 1697 est

2123 500 2242 560 ταῖς
2270 498 2463 561 αὐταῖς
2492 499 2719 561 ὲννοίαις
2754 499 3090 570 ὲχρήσαντο;
3125 499 3361 552 Δυνατοῦ
3399 499 3697 571 τοιγαροῦν

2122 588 2275 652 δντος
2308 588 2580 659 διαφόρως
2611 589 2710 660 μὲν
2737 588 2981 655 δοξάζειν
3008 591 3136 662 περί
3160 607 3211 643 τι
3237 590 3344 643 τῶν
3386 590 3582 657 ὄντων,
3612 592 3697 662 μὴ

2122 678 2335 748 ψευδῶς
2366 679 2423 733 δὲ
2455 680 2590 750 μηδὲ
2617 681 3079 753 διεστραμμένως,
3098 682 3149 735 τί
3172 681 3401 735 κωλύσει
3428 681 3559 735 Θεὸν
3585 683 3695 752 μὲν

2126 772 2317 825 ἑαυτὸν
2371 773 2568 827 εἰδέναι
2630 773 2847 838 τελείως
2892 776 3032 846 ὅπερ
3096 776 3244 829 ἐστὶν
3300 776 3419 827 κατ’
3467 776 3690 828 οὐσίανο

2122 865 2273 933 ἡμᾶς
2327 864 2384 917 δὲ
2447 865 2763 934 ἀνθρώπους
2820 866 2980 929 ὄντας
3040 866 3260 919 ἑλαττόν
3317 884 3379 920 τε
3436 865 3693 928 νοοῦντας

2125 953 2293 1008 αὑτοῦ
2320 995 2335 1020 ,
2394 955 2468 1026 μὴ
2522 956 2738 1020 πάντως
2791 958 2888 1010 καὶ
2935 957 3333 1028 διεψευσμένας
3382 957 3525 1027 ἔχειν
3587 959 3695 1020 τὰς

2124 1047 2317 1115 δόξαςξ

2792 1166 2995 1218 AAAO.

2195 1279 2257 1330 Εἰ
2286 1278 2449 1330 παντί⁵
2496 1264 2697 1345 λογικῷ
2748 1275 2846 1345 τὴν
2876 1276 3283 1346 ἐνυπάρχουσαν
3309 1274 3456 1345 αὐτῷ
3485 1274 3694 1343 γνῶσιν

2123 1368 2336 1439 ὁρῶμεν
2383 1370 2448 1438 τῇ
2481 1365 2571 1419 τοῦ
2617 1366 2809 1434 γένους
2848 1365 3077 1435 διαφορᾷ
3122 1365 3689 1436 συμμεμετρημένην,

2124 1460 2198 1522 ὡς
2232 1460 2423 1531 ἑτέραν
2451 1458 2549 1529 μὲν
2595 1453 2731 1510 εἶναι
2758 1454 3031 1509 πιστεύειν
3077 1458 3134 1509 έν
3164 1455 3433 1524 ἀγγέλοις,
3466 1456 3694 1524 μείζονα

2126 1552 2181 1605 δὲ
2212 1553 2270 1604 ὲν
2299 1549 2677 1621 ἁρχαγγέλοις,
2717 1549 2812 1601 καὶ
2843 1548 2923 1601 ἔτι
2974 1546 3179 1618 ταύτης
3216 1548 3590 1617 ὑπερέχουσαν
3630 1547 3694 1598 έν

2123 1647 2243 1705 ταῖς
2289 1641 2541 1712 ἀνωτέρω
2569 1641 2861 1710 δυνάμεσιο
2903 1633 3353 1720 συμμεμέτρηται
3381 1638 3560 1690 τοίνυν
3590 1638 3694 1690 καὶ

446 1730 609 1785 etiam
656 1730 890 1786 hominis
938 1733 1201 1801 cognitio.
1241 1734 1416 1787 minor
1461 1733 1711 1788 videlicet
1760 1733 1849 1800 iis,
1886 1748 2013 1802 quas

2128 1733 2413 1805 ἀνθρώπου
2439 1734 2636 1801 γνῶσις
2662 1732 2900 1786 ἐλάττων
2931 1726 3063 1784 οὖσα
3096 1730 3197 1800 τῆς
3224 1730 3332 1783 τῶν
3360 1730 3690 1799 εἰρημένων.

450 1820 720 1888 diximus,
761 1823 1050 1879 exsistens.
1097 1823 1378 1890 Quomodo
1408 1839 1539 1895 ergo
1570 1825 1676 1880 erit
1715 1841 1812 1895 par
1838 1827 2021 1896 cogni-

458 1912 603 1967 tione
630 1927 751 1967 cum
770 1911 1003 1983 Deo,qui
1032 1913 1251 1984 angelos
1277 1913 1491 1983 quidem
1512 1913 1789 1969 intellectu
1811 1922 2022 1984 mquat,

2126 1829 2249 1893 Πῶς
2287 1824 2379 1882 οὖν
2423 1827 2623 1898 ὁμοίως
2677 1826 2890 1891 δοξάσει
2939 1823 3056 1894 Θεῷ
3104 1826 3132 1875 6
3183 1824 3257 1894 μὴ
3308 1822 3556 1885 τοσοῦτος
3608 1824 3694 1882 εἰς

2124 1916 2266 1981 νοῦν,
2293 1917 2416 1969 ὅσον
2446 1916 2510 1968 ἂν
2536 1910 2675 1968 εἷναί
2717 1932 2799 1978 τις
2845 1914 2959 1984 δοίη
2997 1914 3086 1966 τὸν
3120 1913 3367 1981 ἄγγελον,
3396 1911 3694 1982 ὁμολογου-

448 2003 753 2073 prarsertim
804 2016 924 2056 cum
978 2003 1030 2056 id
1084 2002 1443 2057 indubitatum
1475 2003 1570 2069 sit,
1616 2004 1711 2058 Dei
1739 2004 2013 2060 scientiam

2126 2008 2287 2078 μένου
2350 2005 2615 2077 δήπουθεν
2674 2007 2865 2077 ὅτιπερ
2928 2006 2962 2076 ἡ
3014 2003 3147 2057 Θεοῦ
3192 2004 3389 2073 γνῶσις
3432 2003 3692 2073 ὑπερέχει

445 2109 660 2149 omnem
690 2094 1017 2149 intellectum
1045 2096 1355 2165 superare?

1114 2224 1345 2283 ALIUD.

521 2357 684 2413 Multa
716 2360 933 2415 nomina
966 2360 1031 2416 de
1082 2359 1192 2415 Deo
1220 2360 1600 2431 pmdicantur,
1636 2378 1866 2433 quorum
1900 2364 2019 2420 sin-

445 2451 568 2520 gula
588 2465 691 2504 non
722 2451 851 2519 quid
880 2451 1241 2506 essentialiter
1270 2452 1412 2507 Deus
1455 2454 1547 2519 sit,
1574 2454 2019 2524 signiﬁcant,sed

445 2550 540 2596 aut
564 2542 692 2611 quid
719 2558 822 2595 non
853 2543 944 2607 sit,
971 2551 1065 2596 aut
1097 2542 1410 2600 relationem
1460 2547 1745 2613 quamdam
1776 2548 1843 2601 ad
1874 2547 2018 2602 aliud

443 2647 565 2701 qum
610 2633 677 2686 ab
729 2646 797 2687 eo
839 2634 1265 2702 distinguuntur.
1308 2633 1549 2703 Exempli
1602 2637 1795 2706 gratia,
1834 2638 2015 2693 incor-

446 2722 701 2792 ruptibile
754 2731 808 2776 et
850 2723 1155 2779 immortale
1223 2725 1527 2794 significant
1565 2728 1695 2795 quid
1759 2743 1863 2782 non
1904 2730 2013 2784 sit:

446 2822 599 2881 pater
653 2826 782 2867 vero
844 2823 935 2868 aut
1010 2815 1316 2886 ingenitus,
1377 2818 1502 2887 quia
1561 2819 1775 2888 genitor
1821 2830 1905 2875 est
1948 2821 2014 2874 ad

445 2904 848 2960 distinctionem
907 2906 1035 2973 lilii,
1087 2918 1141 2961 et
1191 2909 1317 2978 quia
1350 2916 1565 2965 creatus
1602 2924 1709 2964 non
1762 2921 1886 2976 est;
1921 2913 2014 2966 sed

444 2996 655 3068 singula
680 2998 812 3065 haec,
863 3008 922 3053 ut
969 3000 1224 3067 diximus,
1263 3016 1373 3056 non
1401 3003 1570 3071 ipsam
1610 3004 1898 3058 essentiam
1925 3005 2018 3060 de-

445 3088 690 3155 clarant;
750 3088 845 3143 sed
903 3090 1109 3159 aliquid
1142 3106 1330 3147 eorum
1386 3109 1507 3163 qua:
1547 3094 1692 3150 circa
1722 3097 2012 3151 essentiam
2041 3122 2083 3182 ο

445 3189 753 3234 versantur.
782 3179 839 3235 Si
862 3195 994 3251 ergo
1024 3196 1119 3252 per
1141 3184 1255 3239 haec
1275 3186 1491 3239 nomina
1517 3186 1630 3241 sive
1664 3188 2015 3258 signiﬁcatio-

445 3284 547 3325 nes
581 3269 649 3324 ad
679 3272 1043 3341 cognitionem
1088 3274 1180 3328 Dei
1233 3276 1630 3345 quodammodo
1674 3292 1834 3333 manu
1857 3278 2013 3333 duci-

444 3377 590 3427 mur,
654 3363 927 3431 quomodo
983 3364 1274 3420 essentiam
1320 3366 1485 3436 ipsius
1521 3383 1931 3438 cognoscemus,
1967 3370 2014 3424 si

442 3467 506 3510 ea
533 3453 703 3508 solum
734 3470 853 3523 quae
881 3456 1027 3510 circa
1080 3471 1202 3512 eam
1248 3469 1534 3514 versantur
1583 3461 1871 3529 discimus,
1906 3477 2011 3516 non

442 3553 623 3601 autem
657 3545 785 3615 quid
815 3546 1129 3603 naturaliter
1160 3549 1267 3603 sit?
1294 3548 1524 3604 Perinde
1564 3552 1707 3605 enim
1745 3561 1829 3605 est
1864 3565 1927 3607 ac
1967 3552 2012 3607 si

443 3637 568 3706 quis
601 3636 745 3691 dicat
766 3652 826 3691 se
856 3652 1016 3694 nosse
1060 3640 1187 3709 quid
1232 3639 1305 3693 sit
1352 3640 1531 3695 anima
1562 3642 1795 3697 hominis
1822 3656 2015 3696 secun-

444 3729 570 3782 dum
640 3730 1021 3795 substantiam,
1080 3731 1124 3786 si
1187 3733 1331 3786 norit
1381 3746 1500 3787 eam
1540 3747 1659 3787 esse
1718 3732 2011 3802 qualitatis,

444 3817 871 3887 quantitatisque
916 3828 971 3873 et
1020 3818 1208 3873 forma:
1261 3831 1538 3889 expertem
1577 3840 1590 3876 :
1651 3831 1745 3876 aut
1779 3824 1824 3877 si
1872 3823 2017 3878 dicat

442 3923 503 3964 se
528 3922 684 3963 nosse
711 3910 840 3978 quid
868 3908 938 3963 sit
980 3923 1046 3963 ex
1083 3924 1179 3963 sua
1226 3920 1420 3965 natura
1470 3926 1669 3981 corpus
1694 3914 2010 3981 humanum,

442 4001 605 4072 267
635 4000 682 4055 si
735 4001 876 4056 sciat
899 3999 1077 4055 album
1120 4010 1215 4055 aut
1256 4002 1465 4070 nigrum
1514 4003 1643 4058 illud
1696 4018 1839 4058 esse.
1870 4004 2014 4060 Sub-

444 4093 659 4146 stantia:
694 4092 858 4163 Igitur
887 4107 991 4146 non
1019 4108 1088 4148 ex
1124 4093 1192 4148 iis
1229 4108 1349 4162 qua:
1372 4096 1517 4150 circa
1554 4095 1695 4165 ipsas
1722 4104 2016 4150 versantur

442 4183 692 4253 cognosci
740 4192 984 4255 possunt,
1015 4184 1108 4241 sed
1151 4201 1216 4240 ex
1255 4186 1452 4255 quibus
1499 4188 1627 4257 ipsa:
1663 4201 1761 4257 per
1796 4203 1854 4242 se
1882 4189 2013 4243 sub-

441 4278 638 4332 sistunt

1117 4388 1344 4447 ALIUD.

514 4524 653 4579 Deus
683 4522 911 4594 simplex
943 4538 1062 4581 esse
1087 4536 1141 4581 et
1171 4541 1276 4581 non
1304 4529 1634 4598 compositus
1663 4533 1730 4585 ab
1759 4528 2012 4588 omnibus

444 4617 786 4687 praedicatur.
819 4619 1123 4672 Absurdum
1161 4620 1343 4690 itaque
1374 4631 1459 4676 est
1490 4622 1701 4688 dicere,
1739 4625 1896 4679 talem
1934 4626 2011 4695 ip-

441 4723 561 4762 sum
589 4709 654 4763 de
681 4724 737 4763 se
766 4709 965 4765 habere
993 4712 1372 4780 cognitionem,
1403 4714 1614 4781 qualem
1644 4727 1697 4769 et
1728 4732 1841 4771 nos.
1868 4717 2007 4771 Nam

441 4800 486 4853 si
515 4798 628 4868 ipse
651 4800 794 4854 aliud
818 4802 1090 4871 quidpiam
1114 4812 1229 4869 est,
1252 4804 1358 4859 alia
1381 4820 1507 4860 vero
1532 4808 1776 4874 quoidam
1801 4808 1868 4863 ab
1894 4810 2010 4878 ipso

439 4891 672 4959 cognitio
699 4906 819 4959 qua:
846 4892 895 4946 ei
927 4893 1102 4959 inest,
1129 4896 1460 4965 compositus
1491 4900 1631 4962 erit,
1661 4908 1716 4954 et
1746 4914 1848 4953 non
1880 4903 2011 4954 sim-

441 4981 583 5051 plex.
612 4980 747 5035 Cum
772 4996 900 5037 vero
929 4985 1130 5054 absque
1159 4985 1266 5040 ullo
1295 4986 1457 5041 dubio
1487 4990 1713 5057 simplex
1743 4992 1834 5057 sit,
1861 5003 2009 5047 certe

440 5073 676 5143 cognitio
707 5088 826 5143 quae
858 5074 910 5128 iu
943 5076 1057 5144 ipso
1084 5086 1167 5131 est
1191 5077 1408 5132 diversa
1437 5080 1506 5133 ab
1537 5080 1652 5149 ipso
1679 5098 1786 5137 non
1818 5093 1919 5140 est.
1951 5083 2007 5137 in

438 5164 592 5218 nobis
631 5175 811 5219 autem
846 5166 950 5220 alia
983 5176 1069 5222 est
1103 5170 1261 5225 ratio.
1299 5171 1497 5227 Sumus
1528 5174 1670 5227 enim
1707 5176 2003 5230 secundum

439 5250 795 5307 substantiam
828 5256 1063 5325 proprie,
1095 5255 1147 5311 in
1179 5258 1477 5315 substantia
1508 5272 1685 5317 autem
1720 5265 1878 5319 sitam
1911 5268 2005 5319 ha-

441 5338 626 5394 bemus
656 5342 1047 5411 cognitionem,
1076 5346 1236 5401 veluti
1267 5349 1498 5403 colorem
1532 5352 1582 5404 in
1614 5368 1859 5423 corpore.
1888 5354 2004 5409 Non

438 5443 566 5498 ergo
610 5431 860 5487 similiter
903 5436 1202 5505 eodemque
1253 5438 1412 5493 modo
1459 5454 1846 5511 cognoscemus
1898 5461 2003 5513 quo

443 5520 599 5584 Deus,
629 5524 827 5593 quippe
856 5526 946 5594 qui
975 5528 1132 5583 aliter
1159 5530 1482 5585 easistamus
1514 5548 1671 5602 quam
1704 5534 1839 5604 ipse.
1870 5536 2002 5591 Nam

440 5610 845 5684 ipse,tanquam
875 5618 975 5673 hoc
996 5620 1190 5689 ipsum,
1222 5621 1523 5677 intellectus
1548 5626 1784 5679 omnium
1816 5642 2005 5697 supre-

439 5711 559 5754 mus
584 5702 837 5762 divinitus
863 5710 1251 5780 contemplatur
1274 5713 1451 5768 omnia
1479 5728 1540 5769 ac
1566 5717 1713 5771 novit
1739 5718 1997 5787 seipsum.

2042 4454 2094 4515 D

2121 2098 2301 2153 πάντα
2326 2097 2469 2164 νοῦν,
2494 2098 2589 2152 καὶ
2619 2098 2799 2152 πᾶσαν
2832 2096 3137 2167 κατάληψιν
3166 2096 3497 2167 ἀναϐήσεται
3520 2112 3533 2159 ;

2791 2229 2974 2281 ΑΛΛο

2190 2360 2367 2415 Πολλά
2386 2359 2495 2414 τῶν
2520 2359 2797 2430 ὀνομάτων
2825 2358 3039 2429 ὁρῶμεν
3072 2359 3165 2410 ἐπὶ
3197 2356 3331 2411 Θεοῦ
3359 2357 3693 2426 ταττόμενα,

2118 2454 2233 2508 ἀλλ’
2268 2454 2496 2507 ἕκαστον
2540 2452 2717 2505 αὐτῶν
2745 2452 2806 2503 ού
2853 2450 2907 2503 τί
2935 2449 3055 2503 κατ’
3085 2449 3270 2502 οὐσίαν
3304 2450 3448 2501 ἐστὶν
3475 2450 3505 2501 6
3529 2448 3690 2513 Θεὸς,

2119 2548 2383 2617 σημαῖνον
2410 2544 2676 2614 φαίνεται,
2712 2542 2826 2596 ἀλλ’
2855 2541 2886 2612 ἢ
2915 2542 2966 2594 τί
2987 2540 3087 2594 οὐκ
3108 2540 3223 2593 ἔστι
3251 2540 3470 2610 δηλοῖ,ἢ
3496 2540 3693 2610 σχέσιν

2117 2638 2240 2691 τινὰ
2261 2637 2514 2707 σημαίνει
2534 2636 2669 2705 πρός
2699 2634 2880 2688 τιτῶν
2911 2628 3522 2703 διαστελλομένων.οἰον
3550 2634 3688 2703 φέρε

2120 2729 2312 2789 εἰπεῖν,
2342 2726 2402 2778 τὸ
2430 2724 2703 2796 ἄφθαρτον
2734 2724 2828 2776 καὶ
2857 2723 2918 2775 τὸ
2942 2722 3205 2775 ἀθάνατον
3235 2722 3286 2775 τί
3315 2722 3413 2775 οὐκ
3444 2721 3558 2774 ἔστι
3590 2722 3689 2792 δη-

2117 2819 2200 2871 λοῖ
2219 2836 2231 2849 ·
2256 2817 2318 2870 τὸ
2341 2817 2397 2869 δὲ
2418 2816 2601 2887 πατὴρ
2627 2816 2659 2887 ἢ
2687 2815 2969 2884 ἀγένητος,
2991 2818 3071 2870 ὃτι
3103 2816 3380 2885 γεννήτωρ
3404 2814 3520 2867 ἐστὶ
3545 2814 3687 2884 πρὸς

2118 2911 2232 2963 υἰδν
2281 2908 2861 2978 ἀντιδιαστελλόμενον,
2898 2908 2995 2961 καὶ
3030 2909 3111 2961 ὅτι
3149 2909 3207 2961 οὺ
3257 2907 3508 2976 γέγονεν’
3546 2905 3688 2958 ἀλλά

2115 3003 2320 3055 τούτων
2376 3001 2606 3054 ἕκαστον
2657 3000 2718 3053 ού
2763 3000 2862 3070 τῆς
2915 3000 3102 3063 οὐσίας
3151 2999 3268 3052 έστί
3316 2997 3686 3068 σημαντικὸν,

2117 3094 2367 3164 καθάπερ
2404 3094 2505 3164 ἥδη
2550 3093 2904 3164 προείπομεν,
2940 3091 3073 3146 ἀλλά
3104 3110 3155 3145 τι
3184 3091 3291 3145 τῶν
3316 3090 3444 3162 περὶ
3477 3090 3574 3161 τὴν
3602 3090 3689 3142 ού-

2117 3188 2242 3240 σίαν
2276 3185 2551 3256 σημαίνει.
2598 3185 2661 3238 Εἰ
2688 3184 2866 3237 τοίνυν
2895 3186 2959 3237 ἐκ
2990 3182 3098 3237 τῶν
3124 3182 3377 3237 τοιούτων
3400 3181 3691 3252 ὀνομάτων

2114 3280 2233 3349 ἦτοι
2263 3277 2549 3349 σημασιῶν
2587 3278 2752 3348 ⁴ἡμεῖς
2778 3277 2870 3329 ἐπὶ
2899 3277 2998 3346 τὴν
3022 3275 3115 3328 τοῦ
3145 3274 3280 3328 Θεοῦ
3306 3274 3506 3343 γνῶσιν
3532 3291 3687 3344 χειρ-

2117 3369 2501 3440 αγωγούμεθα,
2535 3367 2653 3431 πῶς
2686 3367 2947 3439 εἰσόμεθα
2981 3366 3077 3437 τὴν
3107 3366 3294 3420 οὐσίαν
3331 3365 3495 3419 αὑτοῦ
3546 3365 3688 3435 μόνα

2115 3464 2182 3518 τὰ
2206 3463 2333 3534 περί⁵
2362 3462 2529 3531 αὐτὴν
2562 3459 2942 3531 μανθάνοντες,
2981 3459 3041 3511 ού
3084 3459 3137 3510 τί
3187 3457 3302 3510 ἐστι
3348 3456 3491 3510 κατά
3523 3456 3690 3525 φύσιν

2116 3554 2489 3625 παιδευόμενοι
2509 3570 2529 3617 ;-
2558 3550 2787 3622 Ὅμοιον
2817 3550 2923 3622 γὰρ
2960 3552 3035 3613 ὡς
3063 3550 3117 3602 εί
3150 3566 3234 3612 τις
3278 3548 3425 3617 λέγοι
3455 3547 3552 3619 τὴν
3591 3550 3690 3601 ἀν-

2116 3646 2335 3717 θρώπου
2375 3643 2554 3715 ψυχὴν
2585 3644 2637 3697 τί
2672 3643 2791 3696 κατ’
2821 3641 3008 3695 ούσίαν
3035 3642 3179 3694 ἐστὶν
3225 3638 3546 3705 ἐπίστασθαι
3592 3656 3688 3692 σα-

2116 3740 2251 3809 φῶς,
2283 3739 2443 3809 είπερ
2472 3737 2636 3807 εἰδείη
2669 3738 2857 3805 ὅτιπερ
2892 3734 3079 3796 ἄποιος
3097 3763 3115 3797 ,
3139 3732 3341 3795 ἀποσός
3366 3732 3425 3784 τέ
3450 3734 3567 3785 ἐστι
3593 3733 3689 3785 καὶ

2114 3828 2524 3900 ἀσχημάτιστος
2544 3844 2557 3857 ·
2584 3828 2621 3897 ἢ
2654 3827 2814 3896 είπερ
2850 3825 2999 3892 λέγοι
3031 3824 3093 3876 τὸ
3126 3823 3285 3893 σῶμα
3319 3823 3480 3892 τυχὸν
3503 3823 3564 3875 τδ
3587 3823 3687 3875 ἀν-

2116 3920 2385 3991 θρώπινον
2416 3922 2470 3974 τί
2512 3918 2658 3975 κατά
2706 3918 2866 3987 φύσιν
2900 3917 3047 3970 ἐστὶν
3086 3915 3280 3968 εἰδέναι
3302 3955 3317 3978 ,
3355 3915 3393 3986 ἢν
3428 3914 3620 3966 λευκὸν
3652 3915 3691 3984 ἢ

2119 4011 2291 4083 μέλαν
2322 4010 2461 4064 εἶναι
2492 4012 2661 4079 λέγοι.
2689 4008 2898 4063 Οὐκοῦν
2936 4008 3033 4059 οὐκ
3082 4007 3147 4058 ὲκ
3185 4005 3293 4058 τῶν
3322 4005 3449 4075 περὶ
3473 4004 3568 4067 τὰς
3594 4005 3682 4056 ού-

2116 4102 2234 4166 σίας
2262 4104 2316 4157 αἰ
2350 4102 2528 4156 οὐσίαι
2557 4102 2986 4173 γνωσθήσονται,
3020 4098 3135 4153 ἀλλ’
3166 4098 3224 4163 ἐξ
3248 4091 3321 4151 ὧν
3351 4098 3488 4150 εἰσιν
3521 4096 3691 4150 αὐτοὶ

2115 4194 2236 4249 καθ’
2265 4194 2483 4258 ἑαυτάς.

2789 4392 2994 4446 A-AAC.

2197 4522 2429 4593 ’Ᾱπλοῦς
2466 4527 2558 4583 καὶ
2588 4526 2877 4590 ἀσύνθετος
2907 4527 2983 4580 ὢν
3024 4528 3053 4579 6
3096 4524 3227 4589 Θεὸς
3256 4524 3390 4595 πρὸς
3425 4523 3690 4578 ἁπάντων

2114 4623 2601 4694 δμολογηθήσεται.
2633 4619 2842 4675 Οὐκοῦν
2872 4621 3069 4674 ἄτοπον
3100 4618 3160 4672 τὸ
3204 4618 3380 4686 λέγειν
3428 4617 3689 4687 τοιαύτην

2116 4712 2255 4782 ἔχειν
2280 4711 2439 4765 αὑτὸν
2465 4711 2592 4780 περὶ
2636 4708 2829 4762 ἑαυτοῦ
2869 4708 2967 4779 τὴν
3009 4708 3227 4776 γνῶσιν,
3268 4706 3454 4762 ὁποίαν
3487 4705 3555 4758 ἂν
3589 4708 3689 4758 καὶ

2115 4806 2292 4876 ἡμεῖς.
2344 4805 2409 4856 Ei
2450 4803 2559 4873 γὰρ
2597 4802 2757 4865 αὐτὸς
2789 4801 2977 4873 ἕτερόν
3010 4802 3062 4853 τί
3095 4802 3263 4864 ἐστιν,
3294 4800 3453 4871 ἑτέρα
3495 4800 3553 4852 δέ
3594 4817 3686 4862 τις

2117 4895 2246 4966 παρ’
2285 4894 2447 4948 αὑτὸν
2490 4895 2523 4963 η
2564 4894 2621 4946 ἐν
2649 4892 2798 4962 αὐτῷ
2827 4892 3059 4961 γνῶσις,
3088 4892 3338 4955 σύνθετος
3370 4892 3553 4956 ἔσται,
3588 4893 3687 4945 καὶ

2114 4988 2213 5057 οὐχ
2242 4985 2465 5047 ἁπλοῦς.
2509 4983 2726 5055 Ἐπειδὴ
2755 4983 2812 5035 δὲ
2854 4981 3059 5046 ἁπλοῦς
3086 4982 3559 5054 ὁμολογουμένως,
3584 4984 3689 5053 οὐχ

2114 5077 2295 5148 ἕτερόν
2325 5093 2378 5129 τι
2402 5074 2529 5145 παρ’
2556 5075 2715 5127 αὐτὸν
2737 5076 2770 5144 ἡ
2793 5073 3029 5144 ἐψαύτῷ
3054 5074 3254 5143 γνῶσις
3270 5090 3282 5103 ·
3318 5076 3475 5143 ἡμεῖς
3509 5074 3567 5125 δὲ
3585 5075 3688 5143 οὐχ

2112 5167 2302 5231 οὕτως.
2350 5166 2545 5237 Ἐσμὲν
2582 5166 2690 5237 γάρ
2721 5168 2840 5221 κατ’
2866 5166 3055 5220 οὐσίαν
3104 5166 3280 5228 ἰδίως·
3320 5168 3376 5219 ἐν
3405 5164 3461 5217 δὲ
3492 5167 3560 5235 τῇ
3591 5166 3688 5217 οὐ·

2114 5258 2204 5329 σίᾳ
2247 5257 2501 5327 κειμένην
2533 5256 2729 5326 ἔχομεν
2772 5256 2870 5327 τὴν
2900 5255 3121 5325 γνῶσιν,
3152 5254 3342 5325 ῶσπερ
3386 5254 3584 5324 χρῶμα
3623 5255 3686 5305 έν

2114 5350 2348 5420 σώματι.
2377 5350 2491 5402 Οὐκ
2523 5348 2629 5418 ἄρα
2663 5348 3043 5419 παραπλήσιον
3088 5346 3347 5417 εἰσόμεθά
3376 5363 3429 5398 τι
3459 5346 3537 5415 τῷ
3561 5344 3686 5414 Θεῷ
3711 5388 3722 5405 .

2111 5444 2158 5495 οἱ
2206 5442 2281 5511 μὴ
2317 5440 2489 5503 οὕτως
2534 5440 2685 5503 ὄντες
2728 5441 2804 5504 ὠς
2847 5441 3027 5503 αὐτός.
3085 5440 3224 5494 Ἀλλ’
3266 5439 3429 5501 αὐτὸς
3474 5439 3573 5509 μὲν
3601 5437 3678 5499 ὡς

2111 5532 2243 5585 αὐτὸ
2281 5531 2343 5600 δὴ
2384 5530 2541 5583 τοῦτο
2592 5530 2713 5593 νοῦς
2754 5533 2783 5583 6
2822 5531 3037 5585 πάντων
3083 5531 3362 5593 ἀνωτάτω,
3411 5528 3683 5600 θεωρήσει

2112 5621 2427 5693 θεοπρεπῶς
2470 5622 2539 5674 τά
2587 5639 2644 5674 τε
2687 5622 2819 5675 ὄντα
2863 5624 2958 5676 καὶ
2997 5622 3203 5675 ἑαυτόν.
3266 5623 3459 5693 Ἡμεῖς
3508 5620 3566 5673 δὲ
3620 5620 3683 5672 τὸ

2110 5715 2260 5770 δοθὲν
2289 5716 2417 5785 ἡμῖν
2468 5714 2662 5787 μέτρον
2699 5715 3045 5786 ὑπερϐαίνειν
3083 5717 3144 5770 ού
3183 5716 3466 5787 δυνάμενοι
3507 5715 3584 5778 ὡς
3625 5716 3685 5768 ὲν
