3878 6208
293 303 401 363 453

1695 306 2136 373 THESAURUS.

3445 322 3547 385 455

292 422 541 495 ἐσόπτρῳ
583 422 678 475 καὶ
730 422 1013 495 αἰνίγματι
1082 425 1169 480 τὸν
1216 427 1599 501 ἀκατάληπτον
1653 432 1835 504 ορῶμε

1969 435 2081 492 Nos
2110 445 2291 493 autem
2324 453 2446 495 cum
2480 449 2787 498 mensuram
2821 458 2942 514 quae
2972 446 3125 500 nobis
3155 446 3277 500 data
3303 455 3420 512 est,
3452 463 3546 502 ex-

289 513 441 569 Θεόν.

762 723 1127 813 ΛΟΓΟΣ
1202 726 1392 815 AB’.

1970 529 2164 584 cedere
2193 545 2299 585 non
2329 532 2617 602 possimus,
2646 535 2812 589 veluti
2844 534 2898 591 ln
2928 536 3149 607 speculo
3178 545 3233 593 et
3260 537 3544 608 aenigmate

1969 620 2137 674 Deum
2165 620 2768 692 incomprehensibilem
2797 626 3073 682 cernimus
3091 629 3160 684 ".

2213 749 2789 844 ASSERTIO
2861 756 3276 843 XXXII.

296 876 564 975 Ἐξίστρί
618 880 825 975 ῥητῶν
887 883 1040 975 μλὶτὰ
1070 885 1543 975 “vello-latioer
1601 887 1671 975 ἐκ
1696 888 1837 975 Wt‘ﬁl

1961 895 2335 966 Expositione:
2368 902 2628 975 dictorum
2662 921 2779 958 cum
2813 906 3132 975 syllogismis
3166 921 3231 959 ea:
3260 904 3407 958 Νουο
3439 905 3534 957 Te-

354 948 580 1027 Ιςαρςῆς
608 948 907 1027 (διαθήκης
944 951 1032 1027 ὅτι
1067 955 1213 1019 Θεὸς
1236 948 1385 1027 κατὰ
1405 948 1597 1025 έούσιν
1628 962 1661 1012 ό
1696 948 1859 1027 Υἱὸς,

352 1020 406 1071 εἰ
442 1018 511 1071 δὲ
542 1020 717 1073 τοῦτο
739 1062 754 1086 ,
812 1024 885 1075 οὐ
924 1018 1199 1092 ποίημα,
1223 1026 1366 1079 οὐδὲ
1404 1018 1647 1099 ἇιτίσμα.

470 1134 571 1188 Ἐκ
599 1134 709 1203 τῆς
743 1136 894 1205 πρὸς
928 1137 1249 1208 Ῥωμαίους
1283 1140 1673 1211 Ἐπιστολῆς.

360 1248 652 1319 Ῥωμαίοις
700 1249 1029 1305 ἐπιστέλλων
1059 1251 1272 1317 Παῦλος
1295 1292 1311 1319 ,
1350 1272 1370 1306 ι
1403 1254 1620 1319 Δοῦλος,
1669 1256 1854 1326 φησὶν,

2030 980 2312 1044 sarmento,
2338 977 2477 1040 quod
2505 972 2684 1027 Filius
2717 976 2786 1029 sit
2818 972 3131 1031 naturaliter
3155 975 3315 1039 Deus,
3345 991 3409 1029 ea:
3430 993 3532 1044 quo

2033 1039 2266 1108 infertur
2289 1039 2391 1095 non
2420 1059 2531 1097 esse
2560 1061 2688 1113 opus
2718 1046 2794 1099 vel
2824 1059 3140 1100 creaturam.

2355 1155 2441 1212 Ea:
2474 1157 2713 1227 Epistula
2748 1160 2814 1213 ad
2848 1159 3132 1215 Romanos.

2025 1266 2226 1325 Paulus
2257 1269 2324 1325 ad
2362 1269 2634 1327 Romanos
2667 1272 2910 1327 scribens
2947 1290 2961 1327 :
3002 1292 3021 1325 ι
3061 1274 3289 1339 Servus,
3326 1273 3529 1343 inquit.

289 1338 465 1409 Ἰησοῦ
488 1341 745 1411 Χριστοῦ,
775 1342 973 1413 κλητὸς
1003 1343 1321 1411 ἀπόστολος,
1350 1345 1735 1417 ἀφωρισμένος
1776 1350 1837 1411 εἰς

1952 1359 2158 1418 Christi
2185 1372 2409 1419 vocatus
2434 1364 2726 1433 apostolus,
2756 1376 3070 1435 segregatus
3098 1366 3151 1419 iu
3181 1366 3526 1437 Evangelium

276 1431 608 1501 Εὑαγγὲλιον
633 1433 786 1487 Θεοῦ.
814 1453 832 1484 ι
871 1435 981 1488 Καὶ
1010 1435 1171 1488 πάλιν
1202 1439 1260 1489 ἐν
1292 1439 1357 1508 τῇ
1392 1438 1530 1509 αὐτῇ
1566 1439 1852 1511 Ἐπιστολῇ

1954 1451 2048 1508 Dei
2070 1456 2137 1509 “.
2166 1472 2184 1507 ι
2217 1454 2427 1511 Rursus
2457 1458 2511 1510 in
2544 1459 2732 1511 eadem
2770 1455 3008 1526 Epistola
3045 1459 3109 1511 de
3140 1457 3426 1511 Servatore
3456 1458 3530 1511 ita

274 1520 532 1592 περὶτοῦ
571 1522 820 1594 Σωτῆρος
860 1522 1042 1592 λέγει·
1092 1544 1111 1576 ‹
1145 1528 1222 1579 Δι’
1270 1521 1331 1582 οὗ
1375 1527 1640 1597 ἐλάϐομεν
1693 1530 1837 1599 χάριη

1950 1547 2028 1601 ait
2056 1564 2070 1601 :
2107 1566 2124 1599 ι
2160 1547 2265 1603 Per
2289 1564 2448 1618 quem
2479 1551 2789 1619 accepimus
2818 1520 3049 1619 gratiam
3082 1557 3137 1603 et
3167 1548 3526 1618 ap0stolatum

276 1612 371 1667 καὶ
414 1615 716 1686 ἀποστολὴν
762 1618 843 1679 εἰς
892 1617 1134 1689 ὑπακοὴν
1170 1618 1407 1683 πίστεως
1446 1622 1504 1674 ἐν
1555 1623 1688 1675 πᾶσι
1739 1625 1837 1687 τοῖς

1949 1637 2003 1690 in
2044 1612 2404 1692 obedientiam
2447 1638 2570 1694 ﬁdei
2614 1612 2666 1694 in
2707 1612 2959 1695 omnibus
3000 1639 3251 1708 gentibus
3294 1654 3390 1708 pro
3433 1651 3527 1690 nea

272 1703 482 1758 εθνεσιν
527 1705 666 1777 ὑπὲρ
707 1705 802 1758 τοῦ
846 1706 1110 1779 ὀνόματος
1157 1708 1344 1764 αὐτοῦ.
1376 1730 1393 1763 ι
1441 1712 1499 1763 '0
1547 1711 1720 1780 λέγων
1771 1714 1851 1777 εἰς

1951 1728 2094 1782 mine
2129 1728 2298 1799 ipsius
2320 1731 2386 1785 ".
2430 1748 2449 1782 ι
2489 1730 2588 1797 Qui
2626 1732 2757 1787 dicit
2789 1741 3128 1802 segregatum
3164 1747 3223 1784 se
3261 1731 3313 1783 in
3351 1728 3525 1782 Evan-

272 1797 601 1867 Εὐαγγέλιον
653 1798 963 1870 ἀφωρίσθαι
1022 1799 1192 1866 Θεοῦ,
1256 1804 1597 1874 παραχρῆμά
1661 1822 1837 1875 φησιν,

1952 1797 2158 1886 gelium
2179 1819 2307 1888 Dei,
2341 1824 2525 1877 statim
2559 1825 2743 1892 addit,
2777 1797 2999 1880 missum
3033 1840 3090 1880 se
3121 1835 3180 1878 ut
3212 1824 3525 1894 praedicaret

270 1890 605 1945 ἀπεστάλθαι
654 1891 906 1962 κηρύξων
932 1894 989 1946 ἐν
1021 1892 1153 1945 πᾶσι
1185 1895 1296 1956 τοῖς
1323 1894 1532 1947 ἔθνεσιν
1571 1895 1711 1967 ὑπὲρ
1752 1895 1846 1949 τοῦ

268 1981 533 2053 ὀνόματος
563 1982 657 2035 τοῦ
679 1982 886 2053 Κυρίου
913 1981 1069 2054 ήμῶν
1107 1982 1280 2053 Ἰησοῦ
1311 1986 1570 2056 Χριστοῦ,
1611 1987 1688 2051 ὡς
1718 1989 1849 2058 ὁμο-

268 2074 449 2143 λογεῖν
472 2073 719 2127 ἐντεῦθεν
742 2074 982 2143 δηλονότι
1003 2073 1136 2127 Θεὸν
1167 2075 1297 2129 ὄντα
1316 2076 1407 2130 τὸν
1434 2078 1691 2148 Χριστόν.
1721 2080 1848 2145 Πῶς

267 2163 363 2221 οὖν
411 2165 490 2219 ἔτι
535 2165 807 2237 κτίσμαῆ
854 2165 1065 2236 ποίημα
1092 2166 1191 2219 οὐκ
1227 2167 1576 2238 ἐνδεχομένου
1623 2170 1847 2241 κτιστὴν

266 2256 406 2313 εἰναι
434 2259 531 2329 τὴν
558 2258 744 2312 οὐσίαν
772 2257 868 2311 τοῦ
894 2258 1038 2312 κατὰ
1065 2258 1228 2325 φύσιν
1254 2258 1405 2324 ὄντος
1429 2259 1597 2326 Θεοῦ;

954 2371 1161 2425 ΑΛΛΟ.

336 2482 511 2553 Χάρις
555 2482 685 2552 ὑμῖν
718 2480 813 2533 καὶ
840 2481 1033 2552 εἰρήνη
1053 2522 1067 2547 ,
1110 2481 1296 2552 φησὶν,
1333 2481 1441 2535 ἀπὸ
1468 2481 1602 2535 Θεοῦ
1631 2483 1845 2555 Πατρὸς

261 2573 441 2644 ήμῶν,
476 2575 570 2627 καὶ
598 2572 803 2645 Κυρίου
845 2572 1023 2644 Ἰησοῦ
1054 2572 1312 2644 Χριστοῦ.
1342 2575 1405 2627 Εἰ
1440 2576 1845 2647 συμπαραλαμ-

261 2666 486 2719 ϐάνεται
513 2664 749 2737 Χριστὸς
782 2664 932 2734 παρά
961 2662 1057 2717 τοῦ
1092 2662 1228 2718 Θεοῦ
1271 2665 1367 2718 καὶ
1392 2666 1604 2738 Πατρὸς
1631 2667 1711 2730 εἰς
1745 2666 1845 2738 τὴν

258 2757 371 2809 τῶν
424 2754 582 2809 θείων
632 2756 989 2827 χαρισμάτων
1046 2756 1307 2820 ἐπίδοσιν,
1369 2759 1461 2811 καὶ
1513 2762 1846 2831 συγχορηγεῖ

256 2856 374 2916 τοῖς
408 2852 584 2921 ἀγίοις
616 2851 684 2905 τὰ
716 2852 885 2924 δῶρα,
932 2853 1050 2916 πῶς
1091 2854 1153 2905 οὐ
1189 2852 1320 2915 Θεὸς
1352 2853 1380 2905 6
1424 2855 1481 2907 ἐν
1508 2853 1645 2908 Θεοῦ
1692 2856 1844 2924 τάξει

254 2944 459 3008 τεθεὶς,
492 2943 585 2997 καί
614 2943 792 2997 πάντα
851 2943 1049 3014 ῥᾳδίως
1084 2944 1326 3015 ἐνεργεῖν
1372 2943 1671 3016 δυνάμενος
1700 2946 1843 3019 ἀπερ

252 3039 326 3091 ἂν
361 3038 457 3091 καὶ¹
480 3037 509 3089 6
541 3037 808 3108 γεννήσας
837 3036 1002 3089 αὐτόν
1027 3053 1041 3102 ;
1076 3037 1152 3089 Οὐ
1176 3036 1287 3108 γάρ
1314 3035 1377 3108 δή
1414 3055 1517 3091 που
1549 3038 1679 3108 μίαν
1703 3035 1842 3093 εἶναι

254 3130 498 3200 φυσικὴν
523 3127 619 3200 τήν
644 3128 924 3198 ἐνέργειαν
952 3126 1195 3199 δώσομεν
1213 3126 1348 3180 Θεοῦ
1380 3130 1473 3182 καὶ
1506 3130 1632 3201 ποιή
1644 3146 1834 3202 ματοςο

254 3194 346 3275 iam
374 3194 511 3291 μήτε
541 3194 603 3273 τὸ
648 3194 871 3290 ποιηθὲν
895 3219 975 3281 εἰς
1000 3194 1109 3289 τὴν⁷
1130 3218 1285 3273 θείαν
1315 3194 1836 3292 ἀνάγωμενόὺσίαν,
1866 3194 1908 3252 c

256 3314 400 3384 μήτε
427 3313 532 3382 μὴν
555 3311 656 3381 τῆς
686 3310 834 3373 θείας
868 3309 1081 3379 φύσεως
1108 3310 1169 3364 τὸ
1194 3310 1471 3383 ἐξαίρετον
1497 3315 1578 3377 εἰς
1606 3313 1699 3366 τὸν
1730 3317 1840 3380 τοῖς

250 3405 506 3475 γενητοῖς
534 3402 817 3475 πρέποντα
844 3401 1177 3473 κατάγωμεν
1198 3405 1384 3458 τόπον.
1415 3398 1511 3467 Οἷς
1544 3404 1653 3478 γὰρ
1691 3409 1724 3477 ή
1752 3409 1841 3459 ἐν-

252 3496 445 3566 έργεια
477 3494 571 3548 καὶ
618 3496 652 3565 ή
695 3493 923 3565 δύναμις
965 3493 1406 3565 ἀπαραλλάκτως
1460 3495 1580 3566 μία,
1630 3496 1839 3561 τούτοις

250 3586 474 3656 ἀνάγκη
501 3585 594 3637 καὶ
624 3585 723 3656 τὴν
746 3584 839 3639 τοῦ
864 3584 1039 3648 εἴδους
1068 3584 1297 3657 ἐνότητα
1331 3584 1838 3651 σώζεσθαι.Ἀλλως

249 3693 317 3731 τε
364 3677 460 3730 καὶ
504 3675 597 3730 τοῦ
642 3677 918 3748 προφήτου
955 3676 1205 3745 λέγοντος
1242 3675 1495 3730 Ἡσαΐου·
1528 3694 1549 3728 ι
1582 3677 1777 3750 Κύριε,
1808 3681 1838 3732 6

250 3761 391 3829 Θέὸς
421 3766 600 3837 ήμῶν,
633 3768 857 3837 εἰρήνην
887 3767 976 3830 δὸς
1008 3768 1162 3838 ἡμῖν,
1195 3785 1213 3819 ι
1252 3766 1456 3839 ταύτην
1487 3769 1516 3821 6
1540 3767 1668 3832 Υἰὸς
1696 3770 1836 3841 μετά

251 3856 472 3929 Πατρὸς
516 3856 768 3929 χορηγῶν
800 3857 1071 3928 φαίνεται.
1116 3857 1250 3922 Θεὸς
1291 3852 1384 3913 οὗν
1428 3859 1536 3931 ἄρα
1578 3859 1675 3914 καὶ
1702 3859 1836 3925 Θεὸς

250 3948 509 4013 ἀληθινὸς
552 3951 582 4004 6
621 3950 680 4005 ἐν
725 3949 845 4022 Θεῷ
888 3950 1064 4023 Πατρὶ
1096 3950 1192 4004 καὶ
1228 3950 1366 4022 μετὰ
1406 3950 1619 4022 Πατρὸς
1657 3951 1835 4007 πάντα

249 4039 517 4112 ἐνεργῶν.

715 4154 921 4221 ΔΛΛΟ,
960 4156 1049 4221 εἰς
1086 4155 1152 4209 τὸ
1192 4157 1360 4211 αὐτό.

327 4267 763 4339 Συνταττόμενος
802 4271 914 4331 τοῖς
951 4268 1146 4323 ἐαυτοῦ
1192 4270 1460 4341 μαθηταῖς
1506 4272 1535 4325 6
1574 4270 1827 4343 Χριστὸς,

1950 1910 2004 1964 in
2030 1912 2280 1968 omnibus
2307 1916 2555 1984 gentibus
2585 1931 2683 1985 pro
2711 1918 2930 1973 nomine
2960 1918 3169 1972 Domini
3201 1918 3368 1971 nostri
3393 1915 3521 1972 Jesu

1946 2003 2147 2060 Christi
2185 2023 2199 2059 :
2235 2015 2293 2061 ut
2331 2008 2454 2065 inde
2493 2010 2778 2066 manifeste
2816 2011 3052 2067 declaret
3091 2011 3361 2066 Christum
3402 2024 3521 2067 esse

1947 2095 2136 2153 Deum.
2170 2098 2448 2165 Quomodo
2481 2100 2644 2172 igitur
2673 2117 2809 2172 opus
2841 2104 2924 2157 vel
2957 2112 3202 2158 creatura
3238 2104 3364 2170 erit,
3396 2119 3519 2157 cum

1946 2188 2062 2244 ﬁeri
2095 2192 2238 2245 nulla
2270 2193 2480 2250 ratione
2509 2196 2699 2264 possit,
2735 2206 2793 2251 ut
2821 2207 3006 2252 creata
3037 2198 3109 2253 sit
3137 2197 3372 2253 essentia
3403 2199 3521 2269 ejus

1944 2279 2036 2347 qui
2071 2291 2261 2337 natura
2286 2296 2383 2338 sua
2406 2293 2485 2340 est
2517 2284 2695 2340 Deus?

2515 2400 2680 2472 εδδ
2716 2400 2941 2458 ALIUD.

2014 2504 2221 2576 Gratia,
2245 2508 2437 2578 inquit,
2464 2520 2518 2566 et
2540 2527 2641 2581 pax
2666 2515 2817 2569 vobis
2840 2530 2870 2569 ιι
2896 2514 3007 2569 Deo
3029 2513 3190 2569 Patre
3212 2522 3267 2569 et
3290 2513 3516 2569 Domino

1941 2594 2065 2653 Jesu
2082 2597 2297 2655 Christo
2316 2601 2382 2656 ".
2403 2602 2459 2657 Si
2483 2603 2730 2660 Christus
2748 2607 2854 2661 Deo
2871 2622 2934 2662 ac
2956 2605 3105 2661 Patri
3130 2618 3515 2661 annumeratur

1943 2688 1995 2743 in
2042 2690 2345 2747 divinorum
2385 2692 2649 2749 donorum
2692 2697 3007 2768 largitione,
3050 2697 3269 2768 ipseque
3311 2696 3515 2751 sanetis

1941 2797 2003 2839 ea
2033 2782 2263 2851 confert,
2291 2789 2559 2856 quomodo
2586 2804 2689 2842 non
2721 2790 2791 2843 sit
2822 2789 2964 2844 Deus
2989 2791 3078 2860 qui
3113 2790 3203 2845 Dei
3236 2791 3354 2846 loco
3383 2806 3514 2845 cou-

1940 2875 2204 2943 stituitur,
2237 2876 2505 2948 facileque
2538 2880 2717 2934 omnia
2753 2893 3015 2951 praestare
3050 2892 3224 2950 potest
3258 2898 3375 2952 quae
3408 2880 3511 2935 Pa-

1941 2969 2063 3024 ter?
2094 2968 2265 3025 Nemo
2291 2971 2435 3026 enim
2466 2988 2625 3027 unam
2657 2987 2777 3027 esse
2810 2973 3111 3027 naturalem
3142 2975 3508 3043 operationem

1940 3068 2142 3115 statuet
2170 3060 2265 3116 Dei
2294 3069 2349 3116 et
2377 3073 2639 3117 creaturae
2673 3082 2689 3118 :
2725 3079 2792 3117 ne
2819 3064 3067 3119 videlicet
3098 3064 3151 3118 id
3181 3065 3322 3135 quod
3355 3080 3509 3118 crea-

1942 3160 2054 3206 tum
2091 3160 2175 3208 est
2213 3154 2280 3209 ad
2318 3155 2554 3209 divinam
2598 3156 2885 3212 essentiam
2927 3157 3217 3213 evehamus
3255 3175 3267 3210 :
3306 3173 3441 3212 neve
3478 3173 3511 3211 e

1940 3243 2216 3299 contrario
2259 3244 2455 3300 divinae
2501 3256 2712 3302 naturae
2760 3248 3170 3313 excellentiam,
3218 3251 3284 3303 ad
3334 3249 3507 3303 locum

1936 3335 2203 3390 creaturis
2240 3337 2647 3392 convenientem
2684 3339 3067 3408 deprimamus.
3101 3339 3236 3395 Nam
3278 3356 3505 3410 quorum

1935 3428 2178 3497 operatio
2208 3438 2262 3484 et
2294 3429 2375 3484 vis
2405 3430 2593 3484 eadem
2628 3432 2849 3485 omnino
2879 3442 2982 3496 est,
3014 3448 3075 3487 ea
3111 3435 3272 3488 etiam
3307 3437 3505 3503 speciei

1936 3519 2141 3574 unitate
2164 3521 2511 3578 conveniunt.
2534 3522 2666 3576 Cum
2693 3537 2821 3577 vero
2842 3524 3003 3578 etiam
3028 3522 3195 3579 Isaias
3221 3526 3503 3592 exclamet,

1940 3628 1960 3662 ι
1999 3610 2226 3666 Domine
2261 3611 2403 3667 Deus
2437 3624 2641 3680 noster,
2675 3615 2738 3668 da
2788 3615 2944 3670 nobis
2977 3632 3164 3687 pacem
3204 3619 3272 3684 ’⁸,
3309 3636 3328 3670 ι
3364 3623 3504 3674 hanc

1935 3702 2103 3757 Filius
2145 3718 2267 3758 cum
2312 3704 2473 3759 Patre
2519 3705 2703 3774 largiri
2751 3709 3007 3762 cernitur.
3048 3707 3189 3764 Deus
3229 3709 3409 3779 itaque
3449 3721 3501 3767 et

1933 3810 2097 3849 verus
2130 3795 2270 3852 Deus
2298 3808 2381 3852 est
2411 3798 2500 3867 qui
2535 3799 2585 3852 in
2619 3796 2730 3853 Deo
2756 3796 2939 3865 Patre,
2970 3809 3023 3856 et
3049 3815 3170 3856 cum
3202 3800 3359 3856 Patre
3388 3818 3502 3858 om-

1933 3887 2022 3941 nia
2054 3896 2310 3958 operatur
2336 3905 2399 3945 ac
2426 3898 2670 3960 praestat.

2458 4170 2689 4239 ALIUD,
2723 4174 2780 4229 in
2810 4175 2968 4231 idem.

2000 4279 2253 4337 Christus
2289 4298 2415 4338 cum
2456 4286 2571 4341 suis
2610 4286 2889 4355 discipulis
2928 4303 3195 4360 prmeepta
3234 4293 3405 4361 daret,
3443 4304 3494 4350 et

251 4360 498 4414 καὶ·ὄσον
523 4359 733 4414 οὐδέπω
767 4361 978 4432 μέλλων
1007 4362 1109 4433 ἤδη
1149 4362 1286 4433 πρὸς
1310 4364 1372 4415 τὸ
1399 4365 1665 4436 σωτήριον
1693 4366 1829 4418 ἀνα-

1949 4386 2033 4426 am
2066 4373 2355 4429 salutarem
2389 4378 2690 4446 passionem
2726 4380 2921 4445 adiret,
2963 4399 2982 4432 ‹
3020 4359 3214 4437 Pacem
3236 4423 3252 4449 ,
3287 4359 3496 4454 inquit,

250 4452 519 4523 ϐήσεσθαι
547 4452 738 4517 πάθος.
779 4472 798 4505 ι
831 4453 1094 4524 Εἰρήνην,
1128 4454 1301 4524 φησὶ,
1332 4454 1430 4526 τὴν
1464 4455 1600 4527 ἐμὴν
1635 4455 1827 4526 δίδωμι

1928 4478 2101 4518 meam
2128 4466 2196 4519 do
2215 4466 2400 4533 vobis,
2427 4483 2612 4537 pacem
2638 4486 2813 4525 meam
2841 4472 3090 4543 relinquo
3113 4476 3348 4531 vobis".
3384 4495 3402 4528 ι
3438 4478 3493 4531 Si

250 4544 404 4613 ὑμῖν,
452 4544 675 4615 εἰρήνην
717 4546 814 4614 τὴν
857 4545 998 4616 ἐμὴν
1041 4545 1246 4615 ἀφίημι
1290 4545 1440 4616 ὑμῖν.
1479 4564 1498 4597 ι
1536 4545 1601 4599 Εἰ
1642 4547 1825 4601 τοίνυν

1946 4571 2056 4625 trgo
2078 4572 2261 4627 pacem
2283 4574 2435 4614 suam
2454 4574 2573 4616 esse
2591 4561 2743 4628 dicit,
2768 4573 3017 4634 tanquam
3042 4568 3313 4636 proprium
3338 4585 3492 4623 suum

252 4634 450 4690 ἑαυτοῦ
478 4636 577 4708 τὴν
606 4637 828 4709 εἰρήνην
858 4634 1000 4692 εἶναί
1042 4654 1227 4709 φησιν,
1253 4636 1327 4701 ὡς
1352 4637 1480 4691 ἰδιον
1505 4637 1706 4708 ἀγαθὸν
1731 4640 1824 4693 καὶ

253 4727 500 4796 φυσικῶς
529 4730 833 4800 ἐνυπάρχον
876 4729 1024 4801 αὑτῷ
1047 4770 1062 4793 ,
1094 4731 1211 4794 πῶς
1256 4731 1356 4784 οὐκ
1386 4733 1538 4785 ἐσται
1565 4733 1727 4786 παντί
1745 4751 1823 4805 τῳ

254 4820 447 4888 σαφὲς,
471 4820 662 4891 ὅτιπερ
690 4822 751 4874 οὑ
789 4821 1095 4892 μετοχικῶς
1124 4822 1219 4875 ἐπὶ
1240 4822 1331 4876 τὸν
1359 4821 1486 4876 Υἱὸν
1512 4822 1580 4877 τὰ
1611 4825 1822 4895 Πατρὸς

250 4910 511 4981 ἐξαίρετα
547 4910 833 4984 διαϐαίνῃ,
879 4913 1129 4985 καθάπερ
1176 4915 1271 4967 καὶ
1323 4915 1381 4967 ἐν
1429 4918 1541 4977 τοῖς
1587 4916 1824 4985 λογικοῖς

249 5002 570 5071 κτίσμασιν,
612 5004 726 5057 ἀλλ’
759 5005 1022 5076 οὑσιώδης
1070 5005 1219 5060 ἐλκει
1271 5007 1427 5075 λόγος
1469 5009 1561 5062 ἐπὶ
1592 5010 1683 5062 τὸν
1728 5027 1822 5079 γε.

248 5094 582 5165 γεννημένον
623 5096 691 5149 τὰ
734 5096 830 5150 τοῦ
895 5099 1255 5169 γεννήσαντος
1304 5099 1439 5167 ῖδια;
1492 5099 1582 5154 Διὸ
1626 5101 1692 5173 δὴ
1733 5104 1824 5155 καὶ

250 5185 515 5258 συνδοτήρ
544 5188 640 5241 καὶ
666 5188 1003 5260 συγχορηγὸς
1032 5188 1276 5258 φυσικῶς
1318 5206 1378 5242 τε
1427 5191 1523 5245 καὶ
1567 5192 1824 5247 ἀδιαστά-

249 5297 360 5344 τως
404 5282 920 5354 παραλαμϐάνεται,
953 5284 1047 5338 καὶ
1076 5283 1320 5354 διανέμει
1359 5285 1457 5338 σὺν
1500 5286 1675 5358 Πατρὶ
1712 5290 1823 5352 τοῖς

249 5372 428 5439 ἁγίοις
470 5375 569 5437 τάς
610 5374 839 5448 δωρεάς.
881 5376 940 5429 ’0
966 5375 1022 5429 δέ
1055 5375 1228 5439 οὓτως
1262 5375 1402 5447 ἔχων
1444 5377 1665 5443 οὐσίας,
1706 5380 1822 5444 πῶς

246 5462 351 5516 οὐκ
398 5463 464 5517 ἂν
524 5466 608 5537 εἴη
669 5465 830 5536 φύσει
887 5465 1055 5532 Θεός;
1118 5466 1183 5522 Εἰ
1229 5466 1285 5520 δέ
1340 5466 1497 5537 φύσει
1546 5468 1709 5535 Θεὸς,
1760 5472 1820 5524 οὐ

249 5554 379 5626 ποίη
388 5570 485 5625 μα.

1926 4648 2162 4715 bonum,
2206 4660 2260 4705 et
2307 4654 2626 4709 naturaliter
2667 4656 2769 4725 ipsi
2820 4658 3179 4726 inexsistens,
3226 4665 3499 4729 quomodo

1926 4756 2032 4795 non
2062 4741 2169 4796 erit
2197 4748 2538 4813 perspicuum
2570 4749 2712 4815 quod
2744 4747 2958 4803 eximia:
2988 4749 3163 4806 Patris
3198 4754 3497 4822 proprieta-

1924 4844 2005 4889 tes
2037 4849 2141 4890 non
2170 4837 2583 4906 participatione
2611 4842 2842 4910 quadam
2872 4843 2925 4896 in
2956 4842 3126 4912 ipsum
3159 4846 3490 4910 derivautur,

1925 4930 2374 4996 quemadmodum
2406 4930 2517 4984 fere
2551 4932 2603 4984 in
2638 4934 2926 4990 rationales
2955 4947 3255 5000 creaturas,
3285 4939 3378 4992 sed
3412 4956 3495 4993 es-

1926 5018 2171 5074 sentialis
2210 5023 2349 5076 ratio
2389 5023 2555 5077 trahit
2596 5023 2648 5077 in
2690 5024 2883 5080 Filium
2927 5044 3045 5096 qua:
3083 5029 3229 5083 Patri
3274 5032 3491 5101 propria

1926 5110 2088 5164 sunt?
2115 5110 2302 5182 Itaque
2335 5128 2440 5167 una
2474 5130 2595 5170 cum
2628 5115 2789 5172 Patre
2820 5119 2949 5173 dare
2981 5133 3144 5191 atque
3177 5123 3359 5191 largiri
3398 5141 3493 5178 nu-

1929 5201 2175 5257 turaliter
2217 5216 2272 5258 et
2319 5206 2751 5275 inseparabiliter
2793 5211 3005 5278 dicitur,
3057 5213 3325 5284 simulque
3371 5233 3491 5271 cum

1925 5294 2168 5361 genitore
2199 5295 2338 5349 dona
2371 5300 2573 5353 sanctis
2607 5300 2952 5358 distribuere.
2983 5303 3085 5371 Qui
3119 5322 3246 5361 vero
3281 5309 3350 5361 ita
3388 5326 3482 5361 sua

1924 5397 2116 5441 natura
2160 5397 2505 5458 comparatus
2547 5404 2665 5459 est,
2711 5397 2981 5464 quomodo
3027 5414 3134 5453 non
3182 5400 3251 5454 sit
3297 5414 3488 5455 natura

1924 5479 2096 5534 Deus?
2122 5480 2188 5535 At
2222 5480 2270 5537 si
2305 5477 2449 5539 Deus
2482 5495 2672 5541 natura
2709 5497 2810 5557 est,
2843 5502 3092 5546 creatura
3127 5506 3247 5547 esse
3283 5497 3485 5564 nequit.

318 5735 363 5766 "
396 5730 413 5787 I
452 5734 579 5793 Cor.
608 5751 729 5803 xm,
766 5736 851 5791 ιε.
931 5738 977 5771 ³³
1017 5737 1173 5795 Rom.
1200 5755 1238 5805 ι,
1264 5739 1318 5793 4.
1398 5742 1443 5773 ’⁵
1475 5741 1609 5799 Ibid.
1649 5744 1699 5798 5.
1781 5745 1824 5775 ³⁸

1946 5763 2032 5802 κιρ,
2077 5765 2111 5815 ι,
2144 5750 2188 5803 ι,
2267 5753 2309 5785 ’⁸
2341 5752 2449 5813 lsa.
2495 5765 2642 5823 ιχνι,
2676 5757 2758 5813 I2.
2835 5760 3061 5819 "Joan.
3098 5776 3209 5833 xw,
3249 5766 3339 5822 Ἦ.
