3878 6208
390 304 498 362 455

1055 419 1285 475 ALIUD.

464 554 484 589 ί
509 536 821 599 Revelatur,
850 534 1045 604 inquit,
1073 533 1151 586 ira
1184 532 1277 586 Dei
1307 547 1336 586 a
1365 530 1507 586 ctelo
1533 530 1585 585 in
1614 544 1831 585 omnem
1862 531 1967 585 im-

387 631 635 697 pietatem
672 644 724 682 et
759 626 1076 695 iniustitiam
1112 625 1425 689 hominum,
1463 623 1555 693 qui
1589 624 1873 678 veritatem
1908 622 1966 677 in

389 721 646 788 injustitia
688 719 1097 785 continuerunt,
1137 718 1262 787 quia
1303 716 1667 786 cognoscibile
1711 716 1803 771 Dei
1848 729 1970 770 ma-

388 813 639 866 nifestum
677 821 759 866 est
796 810 850 864 in
893 811 1045 879 ipsis.
1084 808 1379 863 lnvisibilia
1415 810 1560 864 enim
1596 810 1711 876 ejus
1744 823 1775 862 a
1812 822 1969 863 crea-

391 906 535 958 tione
564 904 771 967 mundi,
802 918 830 956 a
859 903 1125 957 creaturis
1152 901 1425 955 intellecta
1451 902 1885 970 conspiciuntur,
1913 908 1970 955 et

385 1006 583 1049 arterna
613 995 778 1064 ipsius
802 996 972 1048 virtus
998 1004 1052 1048 et
1080 992 1333 1049 divinitas
1355 992 1422 1047 ".
1456 1010 1473 1044 ι
1504 991 1560 1046 Si
1590 1006 1717 1060 ergo
1742 1007 1811 1047 ex
1836 1006 1969 1061 ope-

387 1089 465 1141 ris
507 1086 843 1141 admirabilis
890 1084 1286 1156 magniﬁcentia
1345 1084 1573 1139 Crealor
1618 1083 1968 1154 proportione

387 1178 616 1247 quadam
668 1178 1031 1245 cognoscitur,
1081 1185 1229 1229 certe
1278 1174 1443 1228 Filius
1495 1174 1637 1227 inter
1684 1180 1969 1228 creaturas

388 1287 492 1326 non
523 1271 895 1326 collocabitur.
924 1269 1057 1322 Cum
1086 1284 1213 1322 vero
1243 1282 1456 1321 rursum
1485 1267 1598 1335 ipse
1625 1267 1696 1320 sit
1721 1266 1966 1320 omnium

386 1372 622 1428 creator,
650 1361 905 1415 divinitas
932 1361 1101 1428 ipsius
1126 1375 1191 1413 ex
1218 1359 1475 1427 operibus
1499 1355 1770 1409 elucescat
1797 1372 1810 1409 :
1838 1371 1971 1425 quo-

388 1455 546 1508 modo
582 1452 753 1523 possit
787 1468 907 1508 esse
936 1466 1070 1518 opus
1099 1450 1182 1505 vel
1215 1460 1459 1504 creatura
1493 1453 1537 1504 is
1563 1463 1725 1518 quem
1757 1457 1970 1501 creatu-

390 1562 571 1601 rarum
620 1544 783 1616 269
832 1553 1021 1597 natura
1073 1557 1168 1610 per
1215 1541 1316 1594 hoc
1361 1541 1535 1609 ipsum
1582 1539 1724 1609 quod
1773 1548 1973 1593 creata:

392 1648 538 1703 sunt,
572 1639 735 1692 Deum
768 1634 1086 1690 naturaliter
1112 1646 1230 1687 esse
1260 1632 1583 1686 declarant?

1057 1830 1287 1887 ALIUD.

465 1950 571 2005 Eos
602 1949 691 2019 qui
726 1963 793 2003 cx
844 1947 1110 2002 creaturis
1156 1946 1492 1999 divinitatem
1526 1945 1801 2001 Creatoris
1834 1958 1964 2013 pro-

394 2042 640 2111 portione
667 2039 894 2108 quadam
926 2051 1255 2107 cognoscere
1282 2046 1536 2105 possunt,
1569 2034 1966 2090 inexcusabiles

389 2132 599 2185 futuros
632 2130 709 2183 ait
743 2128 964 2192 Paulus,
1001 2128 1167 2199 quod,
1195 2144 1314 2181 cum
1354 2129 1734 2197 cognovissent
1768 2128 1964 2190 Deum,

390 2237 497 2275 non
527 2230 585 2274 ut
616 2221 776 2274 Deum
807 2219 1277 2289 gloriﬁcaverunt,
1308 2218 1388 2274 vel
1418 2222 1622 2290 gratias
1650 2229 1875 2289 egerunt
1898 2219 1965 2272 ".

389 2314 677 2381 Quocirca,
710 2312 752 2365 si
784 2312 950 2365 Deum
979 2321 1313 2379 cognoscunt
1337 2313 1426 2379 qui
1455 2321 1825 2366 creaturarum
1853 2310 1969 2380 opi-

391 2406 545 2457 ﬁcem
580 2400 1032 2469 contemplantur,
1063 2397 1241 2455 Verbo
1275 2410 1452 2455 autem
1489 2400 1581 2455 Dei
1609 2401 1730 2456 coeli
1769 2400 1968 2454 ﬁrmati

389 2492 613 2558 sunt”,
658 2491 799 2547 Deus
843 2493 1044 2559 itaque,
1088 2507 1193 2546 non
1234 2503 1482 2548 creatura
1526 2501 1609 2547 est
1648 2492 1836 2559 Filius,
1877 2494 1969 2562 qui

388 2586 641 2640 omnibus
670 2599 826 2639 suum
858 2597 976 2638 esse
1006 2584 1153 2638 dedit
1183 2603 1196 2638 :
1229 2600 1386 2653 quem
1421 2585 1512 2653 qui
1545 2585 1847 2653 gloriﬁcare
1878 2586 1970 2640 de-

394 2684 647 2740 trectant,
680 2684 899 2729 manent
933 2675 1349 2739 inexcusabiles.
1380 2676 1447 2730 de
1474 2677 1669 2745 quibus
1701 2677 1854 2730 nobis
1883 2684 1971 2731 est

392 2783 595 2823 sermo.
640 2767 907 2821 Praeterea
955 2766 1277 2836 gloriﬁcatio
1322 2768 1421 2822 soli
1469 2768 1579 2821 Deo
1641 2769 1866 2822 debetur
1915 2777 1974 2823 et

393 2860 667 2924 convenit,
704 2874 732 2911 a
772 2869 952 2913 creata
993 2868 1171 2914 autem
1214 2870 1404 2913 natura
1446 2869 1530 2914 est
1566 2860 1740 2914 aliena
1777 2877 1791 2913 :
1828 2860 1972 2930 quod

391 2953 565 3020 ipsum
603 2949 861 3005 Servator
894 2964 993 3004 nos
1034 2950 1255 3015 docens,
1288 2950 1356 3004 ad
1396 2950 1688 3019 discipulos
1726 2966 1855 3007 suos
1888 2952 1973 3005 in-

391 3043 507 3112 quit
538 3059 553 3098 :
593 3058 613 3093 ι
654 3040 858 3095 Luceat
892 3042 982 3095 lux
1012 3049 1193 3096 vestra
1223 3056 1406 3096 coram
1441 3043 1772 3109 hominibus,
1804 3054 1862 3097 ut
1892 3043 1974 3096 vi-

1383 300 1442 356 S.
1481 298 1759 355 CYRILLI
1795 297 2275 355 ALEXANDRINI
2314 299 2631 361 AIICIIIEP.

1994 437 2043 491 Δ

1997 1787 2044 1843 Β

3547 308 3654 364 656

2752 425 2954 478 ΔΑΜ).

2145 535 2655 590 «Ἀποκαλύπτεται
2726 539 2876 609 γὰρ,
2924 538 3128 609 φησὶν,
3176 538 3314 610 ὀργὴ
3359 538 3496 593 Θεοῦ
3540 539 3657 592 ἀπὸ

2067 625 2295 696 οὐρανοῦ
2322 630 2415 681 ἐπὶ
2455 630 2636 684 πᾶσαν
2666 630 2921 683 ἀσέϐειαν
2952 633 3044 683 καὶ
3081 631 3293 683 ἀδικίαν
3342 631 3653 701 ἀνθρίὓπων

2067 714 2174 768 τῶν
2204 715 2304 787 τὴν
2354 716 2615 787 ἀλήθειαν
2666 721 2724 772 ὲν
2772 718 2958 790 ἀδικίᾳ
3004 719 3363 789 κατεχόντων,
3410 721 3542 773 διότι
3589 719 3655 771 τὸ

2068 807 2309 872 γνωστὸν
2336 806 2430 859 τοῦ
2464 807 2600 860 Θεοῦ
2622 850 2637 875 ,
2683 813 2913 879 φανερόν
2943 812 3090 863 ἐστιν
3120 812 3177 865 ὲν
3204 810 3404 874 αὐτοῖς.
3434 811 3515 864 Τά
3542 812 3653 883 γάρ

2068 896 2273 967 ἀόρατα
2320 897 2486 951 αὐτοῦ
2538 900 2648 952 ἀπὸ
2698 901 2928 963 κτίσεως
2958 900 3185 972 κόσμου,
3234 904 3346 965 τοῖς
3380 904 3655 972 ποιήμασι

2067 989 2335 1059 νοούμενα
2370 990 2698 1061 καθορᾶται,
2732 992 2766 1061 ἥ
2800 1008 2860 1044 τε
2890 993 3059 1056 ἀΐδιος
3093 993 3257 1046 αὑτοῦ
3285 993 3514 1065 δύναμις
3550 997 3651 1049 καὶ

2069 1079 2300 1151 θειότης.
2334 1102 2353 1134 ο
2386 1082 2447 1134 Ei
2471 1081 2651 1135 τοίνυν
2681 1081 2789 1135 ἀπὸ
2814 1083 2917 1153 τῆς
2952 1085 3012 1136 ὲν
3040 1087 3155 1147 τοῖς
3181 1087 3447 1157 ποιήμασι
3478 1104 3650 1157 μεγα-

2066 1173 2323 1244 λουργίας
2356 1173 2633 1243 ἀναλόγως
2666 1177 2700 1247 ἡ
2748 1175 2843 1228 τοῦ
2879 1178 3426 1248 μεγαλουργήσαντος
3450 1181 3649 1251 δρᾶται

2069 1262 2301 1333 θειότης,
2334 1262 2441 1325 ἔξω
2474 1264 2572 1333 μὲν
2603 1264 2820 1317 πάντων
2846 1264 2953 1318 τῶν
2983 1264 3226 1334 γενητῶν
3257 1267 3285 1318 6
3317 1265 3443 1329 Υἱὸς
3470 1268 3652 1320 κείσεο

2067 1370 2177 1406 ται.
2209 1353 2425 1423 Ἐπειδὴ
2448 1352 2506 1405 δὲ
2533 1353 2697 1407 πάλιν
2729 1356 2890 1417 αὑτός
2915 1356 3061 1408 ἐστιν
3094 1357 3122 1407 6
3149 1355 3365 1408 πάντων
3395 1358 3648 1427 ποιητὴς,

2069 1443 2233 1497 αὐτοῦ
2275 1444 2515 1513 δηλονότι
2561 1445 2657 1499 καὶ
2695 1447 2731 1515 ή
2768 1445 2980 1516 θειότης
3008 1446 3094 1499 διά
3127 1447 3233 1499 τῶν
3265 1449 3652 1518 πεποιημένων

2069 1538 2290 1605 ὁρᾶται·
2327 1537 2445 1600 πῶς
2492 1532 2585 1590 οὖν
2615 1538 2829 1607 ποίημα
2863 1537 2897 1607 ἢ
2930 1539 3137 1608 κτίσμα
3168 1537 3226 1590 δν
3264 1540 3298 1608 ἡ
3344 1539 3451 1590 τῶν
3482 1557 3649 1608 γενη-

2068 1626 2176 1680 τῶν
2218 1628 2379 1695 φύσις
2412 1628 2479 1680 δι’
2520 1628 2685 1681 αὐτοῦ
2726 1627 2822 1681 τοῦ
2858 1629 3189 1701 πεποιῆσθαι
3232 1629 3462 1682 δεικνύει
3511 1629 3650 1683 Θεοῦ

2071 1718 2200 1772 ὅντα
2229 1719 2371 1774 κατὰ
2398 1720 2591 1788 φύσιν;

2704 1834 2908 1887 ΑΛΛΟ.

2138 1942 2276 2004 Τοὺς
2321 1945 2385 1993 ἐκ
2411 1940 2517 1994 τῶν
2552 1942 2873 2012 ποιημάτων
2907 1942 3186 2012 ἀναλόγως
3240 1943 3337 1997 τοῦ
3383 1945 3651 2015 δημιουρ-

2068 2031 2166 2101 γοῦ
2198 2032 2297 2103 τὴν
2326 2032 2576 2103 θειότητα
2628 2033 2961 2103 δυναμένους
2992 2037 3145 2106 ὀρᾷν,
3203 2036 3653 2107 ἀναπολογήτους

2069 2124 2287 2179 ἔσεσθαί
2311 2142 2474 2194 φησιν
2506 2127 2534 2178 6
2570 2126 2842 2196 μακάριος
2869 2127 3100 2192 Παῦλος,
3147 2129 3283 2181 διότι
3312 2128 3529 2197 γνόντες
3556 2129 3654 2182 τὸν

2069 2216 2223 2281 Θεὸν,
2254 2218 2351 2287 οὐχ
2370 2218 2444 2282 ὡς
2484 2217 2616 2271 Θεὸν
2654 2218 2911 2283 ἐδόξασαν
2934 2219 2967 2290 ἢ
2988 2221 3410 2292 ηὐχαρίστησαν.
3440 2220 3656 2275 Οὐκοῦν

2070 2309 2119 2360 εί
2152 2308 2283 2362 Θεὸν
2315 2310 2768 2377 ἐπιγινώσκουσιν
2810 2314 2860 2364 οἱ
2902 2312 2995 2365 τὸν
3026 2313 3125 2383 τῆς
3159 2313 3387 2376 κτίσεως
3414 2313 3656 2384 δρῶντες

2069 2400 2417 2471 δημιουργὸν,
2440 2400 2517 2471 τῷ
2534 2401 2590 2454 δὲ
2613 2403 2771 2473 Λόγῳ
2787 2405 2993 2474 Κυρίου
3016 2406 3065 2457 oi
3086 2404 3301 2471 οὐρανοὶ
3316 2404 3658 2474 ἐστερεώθη-

2071 2508 2192 2557 σαν,
2232 2491 2365 2555 Θεὸς
2395 2494 2521 2563 ἄρα,
2549 2494 2643 2546 καὶ
2673 2495 2733 2546 οὐ
2764 2495 2976 2565 ποίημα
3000 2496 3028 2547 6
3056 2496 3201 2559 Υἱὸς,
3237 2496 3266 2547 6
3314 2496 3491 2550 πάντα
3516 2496 3657 2565 πρὸς

2067 2582 2131 2634 τὸ
2157 2577 2298 2634 εἶναι
2352 2584 2607 2646 καλέσας’
2646 2584 2705 2637 ὃν
2754 2584 2847 2636 καὶ
2893 2585 3113 2649 δοξάσαι
3178 2586 3658 2657 παραιτησάμενοι

2073 2674 2329 2743 μένουσιν
2356 2675 2775 2746 ἀναπολόγητοι,
2815 2678 2942 2748 περὶ
2972 2672 3045 2730 ὦν
3078 2680 3207 2749 ἡμῖν
3229 2680 3256 2730 6
3275 2677 3451 2746 λόγος.
3488 2677 3658 2741 Δοξο-

2067 2764 2227 2833 λογία
2257 2767 2314 2819 δὲ
2350 2767 2512 2820 πάλιν
2537 2771 2891 2839 χρεωστεῖται
2941 2771 3035 2821 καὶ¹
3086 2769 3287 2840 πρέπει
3323 2769 3467 2839 μόνῳ
3495 2769 3618 2838 Θεῷ
3641 2810 3658 2833 ,

2068 2859 2303 2930 γενητῆς
2331 2858 2387 2912 δὲ
2413 2859 2627 2928 φύσεως
2657 2860 2955 2932 ἀλλότριον·
2987 2861 3015 2914 ὃ
3039 2862 3133 2914 καὶ
3164 2861 3430 2915 διδάσκων
3455 2862 3605 2931 ἡμᾶς
3629 2863 3661 2913 6

2070 2950 2282 3022 Σωτὴρ,
2314 2951 2451 3021 πρὸς
2470 2953 2599 3016 τοὺς
2625 2954 2856 3016 οἰκείους
2883 2954 3015 3024 φησὶ
3042 2953 3307 3024 μαθητάςο
3332 2972 3350 3005 ι
3372 2953 3661 3023 Λαμψάτω

2069 3041 2132 3095 τὸ
2160 3041 2277 3111 φῶς
2307 3042 2462 3112 ὑμῶν
2485 3044 2795 3114 ἔμπροσθεν
2825 3043 2937 3097 τῶν
2968 3043 3291 3115 ἀνθρώπων,
3325 3044 3473 3108 ὅπως
3502 3044 3661 3097 ἴδωσι

392 3135 579 3188 dentes
622 3134 758 3187 bona
798 3147 961 3201 opera
1004 3143 1209 3198 vestra,
1256 3132 1559 3203 gloriﬁcent
1608 3134 1824 3190 Patrem
1872 3151 1963 3191 ve-

2075 3134 2135 3187 τά
2163 3132 2305 3186 καλὰ
2326 3134 2462 3205 ἔργα
2485 3135 2661 3203 ὑμῶν,
2695 3136 2790 3188 καὶ
2822 3134 3084 3199 δοξάσωσι
3114 3135 3204 3189 τὸν
3252 3136 3469 3206 Πατέρα
3499 3135 3660 3205 ὑμῶν

392 3236 565 3280 strum
600 3227 692 3294 qui
732 3226 784 3279 in
819 3225 975 3281 caelis
1007 3236 1093 3281 est
1117 3226 1185 3281 ³¹.
1228 3244 1248 3279 ι
1288 3226 1475 3297 Neque
1507 3229 1651 3282 enim
1686 3228 1966 3298 discipulis

394 3327 539 3372 recte
574 3315 838 3372 factorum
874 3332 1097 3372 suorum
1131 3317 1355 3387 gloriam
1390 3318 1588 3373 ascribi
1622 3320 1819 3375 debere
1852 3330 1966 3375 sta-

395 3410 525 3476 tuit,
564 3410 658 3465 sed
698 3410 876 3479 potius
916 3408 1057 3475 Deo,
1096 3420 1155 3464 ut
1191 3410 1437 3467 videlicet
1476 3411 1576 3480 ipsi
1616 3412 1871 3466 debitam.
1910 3412 1966 3466 Si

397 3516 521 3555 vero
557 3503 669 3569 ipse
705 3500 949 3555 veritatis
984 3505 1169 3567 testis,
1207 3510 1265 3555 ut
1297 3512 1573 3557 ostensum
1611 3511 1723 3567 est,
1761 3503 1967 3570 gloriﬁ-

396 3593 508 3645 cari
536 3592 732 3646 debere
758 3590 1035 3646 Christum
1059 3593 1213 3657 dicit,
1239 3592 1509 3661 quomodo
1538 3608 1641 3645 non
1668 3593 1738 3647 sit
1762 3594 1900 3648 Deus
1923 3595 1968 3648 is

394 3684 480 3738 cui
527 3683 753 3754 gloriam
789 3682 897 3739 Deo
930 3685 1343 3740 convenientem
1379 3685 1637 3740 ascribit?

1068 3791 1292 3848 ALIUD.

465 3881 662 3938 Paulus
707 3893 934 3938 testatur
979 3886 1203 3939 traditos
1244 3899 1364 3939 esse
1408 3886 1462 3940 in
1511 3887 1836 3944 intellectum
1881 3906 1971 3945 re-

396 3974 642 4044 probum,
686 3985 741 4030 et
782 3976 835 4030 in
879 3976 1159 4045 passiones
1205 3976 1533 4047 ignominiae,
1585 4000 1603 4032 ι
1650 3996 1837 4037 omnes
1876 3983 1969 4053 qui

396 4066 489 4120 Dei
526 4066 806 4120 veritatem
845 4066 898 4119 in
938 4067 1274 4121 mendacium
1311 4080 1626 4136 mutarunt;
1663 4073 1753 4141 qui
1790 4082 1844 4127 et
1876 4089 1970 4129 co-

396 4155 614 4210 luerunt
652 4165 706 4210 et
746 4158 1050 4212 servierunt
1090 4168 1356 4215 creatum
1395 4162 1572 4229 potius
1611 4179 1769 4232 quam
1810 4165 1970 4219 Crea-

399 4245 532 4310 tori,
585 4244 677 4314 qui
730 4253 811 4298 est
844 4244 1157 4301 benedictus
1188 4248 1242 4301 in
1293 4251 1507 4303 saecula.
1549 4253 1718 4305 Amen
1746 4252 1811 4305 ³².
1852 4272 1871 4304 ι
1912 4251 1969 4307 Si

396 4348 526 4403 ergo
556 4333 803 4386 immutat
830 4334 1112 4388 veritatem
1156 4338 1209 4389 in
1241 4339 1577 4393 mendacium
1620 4341 1713 4409 qui
1752 4353 1968 4397 creatu-

398 4440 514 4478 ram
547 4425 674 4479 colit
702 4426 879 4495 potius
907 4441 1069 4495 quant
1102 4426 1268 4481 Deum
1288 4468 1303 4492 ,
1337 4442 1486 4484 certe
1517 4433 1797 4486 veritatem
1828 4434 1968 4489 inte-

398 4531 548 4584 gram
592 4526 880 4569 conservat
919 4518 1008 4585 qui
1044 4517 1096 4570 id
1126 4532 1232 4571 non
1264 4517 1426 4584 facit,
1468 4521 1563 4573 sed
1597 4522 1805 4589 potius,
1835 4537 1965 4577 con-

401 4616 481 4659 tra
516 4622 674 4674 quam
708 4606 784 4661 illi
813 4618 1082 4672 errantes,
1114 4620 1414 4664 creatorem
1444 4620 1497 4665 et
1527 4610 1784 4668 factorem
1816 4614 1963 4669 colit.

398 4696 622 4751 Creator
654 4705 833 4752 autem
867 4707 923 4753 et
958 4697 1132 4754 factor
1163 4712 1247 4754 est
1280 4701 1480 4771 Filius,
1516 4705 1797 4775 ipsumque
1831 4706 1967 4761 coli-

399 4803 517 4840 mus
557 4796 810 4857 tanquam
846 4791 1086 4844 omnium
1126 4790 1427 4848 Dominum.
1462 4793 1646 4865 Neque
1675 4799 1817 4852 enim
1851 4814 1967 4853 am-

400 4880 537 4947 plius
582 4894 862 4947 erramus,
905 4883 1187 4937 veritatem
1234 4901 1287 4938 in
1338 4888 1676 4945 mendacium
1718 4907 1966 4947 commu-

402 4982 596 5025 tantes.
637 4968 755 5025 Non
799 4981 883 5027 est
925 4974 1087 5044 igitur
1121 4986 1402 5044 creatura,
1438 4983 1530 5049 qui
1574 4993 1760 5039 contra
1804 5001 1965 5055 quam

398 5074 663 5117 creatura:
699 5064 919 5132 perinde
948 5078 1203 5121 censetur
1236 5080 1452 5127 creator
1485 5088 1550 5128 ac
1586 5074 1762 5142 Pater,
1796 5088 1850 5133 et
1884 5087 1968 5134 est

396 5154 707 5208 benedictus
738 5154 790 5208 in
822 5156 1036 5210 smcula.
1064 5158 1257 5214 Amen.

1064 5265 1290 5323 ALIUD.

463 5376 537 5431 De
576 5376 642 5429 iis
679 5378 769 5446 qui
813 5378 1009 5432 nullam
1052 5380 1117 5435 de
1160 5383 1394 5451 peccatis
1432 5399 1546 5440 suis
1587 5389 1957 5453 paenitentiam

2068 3225 2158 3281 τὸν
2179 3227 2236 3279 ὲν
2259 3229 2369 3289 τοίς
2396 3227 2667 3296 οὐρανοῖς.
2706 3246 2723 3279 ι
2768 3227 2844 3279 Οὐ
2876 3226 2984 3296 γὰρ
3002 3229 3116 3289 τοῖς
3148 3229 3417 3298 μαθηταῖς
3447 3227 3547 3297 τὴν
3569 3227 3661 3296 ἐφ’

2067 3312 2150 3380 οἷς
2182 3317 2525 3387 εὐδοκιμοῦσι
2574 3317 2756 3383 δόξαν,
2812 3319 3129 3372 ἀνακεῖσθαι
3172 3320 3279 3372 δεῖν
3331 3318 3660 3389 ἐδοκίμασεο

2068 3402 2189 3473 Θεῷ
2219 3403 2277 3457 δὲ
2310 3404 2509 3474 μᾶλλον
2536 3405 2613 3468 ὡς
2658 3406 2807 3475 αὐτῷ
2841 3407 3315 3478 χρεωστουμένην.
3348 3408 3410 3460 Εἰ
3436 3407 3492 3460 δὲ
3521 3407 3663 3478 χρῆ-

2068 3509 2156 3545 ναι
2188 3491 2506 3557 δοξάζεσθαι
2544 3495 2632 3548 τὸν
2659 3496 2915 3566 Χριστὸν,
2945 3497 3023 3560 ὠς
3060 3498 3455 3563 ἀποδέδεικται,
3484 3500 3581 3551 καὶ
3631 3502 3663 3553 6

2067 3586 2167 3655 τῆς
2197 3585 2459 3654 ἀληθείας
2510 3588 2720 3658 μάρτυς
2778 3590 2935 3658 φησὶ,
2990 3589 3107 3653 πῶς
3143 3590 3240 3643 οὑκ
3295 3589 3411 3643 ἐστι
3451 3590 3590 3654 Θεὸς
3632 3595 3665 3645 6

2068 3678 2169 3747 τὴν
2196 3677 2313 3748 Θεῷ
2346 3680 2657 3751 πρέπουσαν
2689 3682 2846 3746 δόξαν
2872 3684 3280 3753 περικείμενος;

2753 3794 2958 3847 ΑΛΛΟ.

2143 3897 2552 3968 Παραδεδόσθαι
2577 3904 2743 3971 φησὶν
2766 3905 2793 3956 6
2823 3906 3093 3977 μακάριος
3130 3906 3336 3970 Παῦλος
3365 3909 3445 3970 εἰς
3470 3909 3663 3962 ἀδόκι-

2073 4008 2174 4062 μον
2226 3992 2371 4058 νοῦν,
2428 3995 2523 4047 καὶ
2578 3998 2658 4058 εἰς
2690 3998 2839 4068 πάθη
2890 3999 3113 4068 ἀτιμίας
3169 4001 3292 4062 τοὺς
3321 4000 3663 4067 ἀλλάξαντας

2070 4085 2168 4157 τὴν
2205 4086 2467 4157 ἀλήθειαν
2494 4088 2590 4141 τοῦ
2644 4090 2780 4143 Θεοῦ
2811 4093 2868 4144 ἐν
2898 4091 2976 4162 τῷ
3030 4092 3235 4161 ψεύδει·
3268 4092 3316 4145 οἳ
3340 4094 3433 4147 καὶ
3459 4094 3663 4148 ἐσεϐά-

2072 4175 2281 4247 σθησαν
2310 4178 2403 4230 καὶ
2420 4178 2751 4251 ἐλάτρευσαν
2777 4185 2841 4253 τῇ
2865 4184 3040 4235 κτίσει
3074 4184 3224 4254 παρά
3252 4185 3341 4238 τὸν
3367 4185 3658 4239 κτίσαντα’

2070 4266 2129 4330 ὃς
2184 4266 2477 4339 εὐλογητὸς
2526 4274 2609 4333 εἰς
2653 4272 2784 4335 τοὺς
2828 4274 3052 4338 αἰῶνας.
3117 4276 3308 4346 Ἀμήν.
3354 4277 3417 4329 Εἰ
3470 4278 3662 4331 τοίνυν

2071 4357 2319 4412 ἀλλάττει
2346 4362 2445 4430 τὴν
2479 4361 2739 4432 ἀλήθειαν
2782 4367 2840 4417 ὲν
2866 4365 2944 4435 τῷ
2974 4366 3159 4434 ψεύδει
3184 4370 3212 4421 6
3248 4372 3312 4439 τῇ
3338 4371 3513 4423 κτίσει
3555 4371 3662 4424 λα-

2071 4448 2282 4518 τρεύων
2328 4454 2480 4522 παρὰ
2511 4453 2601 4508 τὸν
2648 4455 2937 4522 κτίσαντα,
3005 4460 3259 4527 φυλάττει
3313 4462 3513 4533 δηλαδὴ
3548 4467 3663 4535 τὴν

2072 4536 2331 4608 ἀλήθειαν
2361 4541 2389 4593 6
2414 4541 2487 4614 μὴ
2514 4542 2673 4597 τοῦτο
2700 4546 2887 4611 ποιῶν,
2915 4547 3028 4599 ἀλλ’
3068 4548 3125 4613 ἐξ
3152 4550 3505 4621 ἀντιστρόφου
3538 4558 3662 4620 τοίς

2071 4630 2445 4702 πλανωμένοις
2460 4634 2536 4704 τῷ
2553 4635 2742 4707 κτίστῃ
2761 4637 3034 4708 λατρεύων
3055 4639 3149 4691 καὶ
3172 4645 3385 4713 ποιητῇ.
3412 4644 3664 4715 Κτίστης

2070 4724 2128 4776 δὲ
2151 4724 2246 4776 καὶ
2278 4727 2508 4796 ποιητὴς
2527 4728 2556 4779 6
2583 4727 2732 4793 Υίὸς,
2762 4730 2856 4782 καὶ
2879 4729 3027 4799 αὐτῷ
3058 4729 3388 4802 λατρεύομεν
3425 4733 3500 4797 ὡς
3527 4734 3662 4805 Θεῴ

2072 4811 2310 4865 πάντων.
2336 4813 2411 4865 Οὐ
2466 4813 2575 4886 γὰρ
2627 4814 2707 4867 ἔτι
2759 4816 3091 4888 πλανώμεθα
3126 4821 3227 4891 τὴν
3258 4821 3515 4891 ἀλήθειαν
3548 4825 3662 4879 οὐκ

2071 4902 2418 4968 ἀλλάξαντες.
2449 4905 2657 4958 Οὐκοῦν
2678 4908 2741 4959 οὐ
2770 4909 2979 4979 ποίημα
3002 4912 3031 4961 6
3062 4912 3121 4977 ἐξ
3152 4912 3508 4983 ἀντιστρόφου
3536 4917 3660 4980 10L;

2073 4996 2390 5064 ποιήμασιν,
2415 4996 2490 5059 ὡς
2518 5000 2741 5069 κτίστης
2773 5004 2911 5071 μετά
2943 5006 3156 5075 Πατρὸς
3200 5005 3506 5075 νοούμενος,
3555 5012 3660 5061 καὶ

2074 5082 2332 5153 ὑπάρχων
2354 5085 2639 5157 εὐλογητὸς
2669 5090 2748 5150 εἰς
2770 5092 2892 5153 τοὺς
2920 5092 3139 5155 αἰῶνας.
3182 5095 3371 5164 Ἀμήν.

2760 5292 2964 5347 ΑΛΛΟ.

2139 5402 2283 5471 Πρὸς
2303 5402 2429 5465 τοὺς
2450 5402 2540 5455 ἐπὶ
2570 5406 2680 5467 τοῖς
2702 5405 2923 5469 οἰκείοις
2946 5408 3281 5480 πταίσμασιν
3310 5411 3409 5466 οὐκ
3436 5413 3656 5481 εἰδότας

388 5478 573 5533 agunt,
610 5470 703 5522 sed
749 5471 1102 5526 indissolubili
1150 5476 1380 5541 quodam
1417 5479 1631 5534 vinculo
1665 5484 1807 5538 vitiis
1844 5486 1958 5541 suis

2075 5470 2370 5559 μετανοεῖν,
2409 5494 2684 5564 ἄρρηκτον
2741 5496 2797 5548 δὲ
2854 5496 3042 5567 ὥσπερ
3099 5470 3383 5566 ἐπιθέντας
3430 5470 3653 5571 ἑαυτοῖςἶ

390 5560 583 5613 annexi
614 5570 769 5625 sunt,
801 5561 999 5618 Paulus
1029 5562 1102 5617 ita
1134 5564 1371 5634 loquitur
1402 5586 1415 5621 :
1455 5590 1471 5619 ι
1513 5570 1820 5629 Secundum
1853 5593 1953 5631 all-

2075 5582 2161 5652 τῆς
2192 5560 2644 5654 φαυλότητος-τὸν
2670 5588 2889 5659 δεσμὸν,
2933 5592 2961 5642 6
2993 5560 3200 5657 Παῦλός
3232 5560 3385 5666 φησιἰ
3437 5616 3455 5651 ι
3487 5560 3657 5655 Κατά

458 5709 503 5739 ³⁸
533 5708 687 5766 Rom.
720 5727 756 5781 ι,
793 5713 893 5781 18,
933 5716 1012 5770 I9.
1091 5719 1136 5750 ²⁹
1163 5718 1293 5775 ibid.
1331 5720 1419 5775 21.
1497 5724 1540 5756 ³ο
1579 5725 1722 5783 Psal.
1769 5745 1968 5788 xxxu.‘

2096 5738 2136 5768 ³³
2182 5737 2369 5795 Matth.
2400 5756 2450 5808 ν,
2484 5740 2570 5796 16.
2652 5742 2694 5774 ³²
2721 5742 2875 5799 Rom.
2913 5761 2951 5811 ι,
2990 5747 3081 5805 25.
