3878 6208
199 368 289 428 457

1587 365 2019 423 TllESAURUS.

3309 382 3413 440 4'38

198 487 247 539 δὲ
270 485 357 555 τὴν
388 483 726 555 σκληρότητά
762 501 853 536 σου
886 485 979 538 καὶ
1002 484 1371 556 ἀμετανόητον
1394 484 1619 558 καρδίαν
1649 486 1744 556 οη-

1861 495 1954 539 tem
1996 486 2246 541 duritiem
2285 496 2451 553 tuam,
2483 496 2535 544 et
2572 502 2664 544 cor
2704 497 2852 546 tuum
2883 490 3251 563 impmnitens,
3280 498 3414 553 iram

200 573 453 646 σαυρίζεις
484 574 695 641 σεαυτῷ
722 574 889 644 ὀργὴν
945 576 1001 626 ἐν
1046 574 1229 646 ἡμέρᾳ
1270 576 1438 646 ὀργῆς
1489 578 1582 629 καὶ
1616 578 1748 630 ἁπο-

199 664 460 736 καλύψεως
491 664 887 736 δικαιοκρισίας
910 664 1004 719 τοῦ
1038 666 1195 730 Θεοῦ,
1216 668 1274 731 ὃς
1323 669 1592 722 ἀποδώσει
1617 670 1744 723 ἑκά-

199 773 296 825 στῳ
328 755 466 809 κατὰ
514 754 583 808 τὰ
618 754 757 827 ἔργα
813 754 999 810 αὑτοῦ.
1038 775 1059 809 ι
1115 752 1248 810 Εἶτα
1300 758 1462 812 πάλιν
1519 760 1744 831 ἑτέρως’

201 868 216 900 ι
250 850 373 910 Τοὺς
404 848 513 918 γὰρ
539 848 746 911 πάντας
768 850 916 918 ἡμᾶς
954 849 1035 902 δεῖ
1084 850 1464 921 φανερωθῆναι
1520 851 1748 906 ἐνώπιον

191 937 277 991 τοῦ
310 938 565 1010 Χριστοῦ,
601 938 686 992 ἵνα
709 940 1002 1010 κομίσηται
1031 940 1259 1005 ἕκαστος
1286 943 1357 997 τὰ
1411 942 1501 995 διὰ
1524 942 1615 996 τοῦ
1652 943 1747 996 σώ·

195 1048 344 1100 ματος
372 1030 508 1101 πρὸς
534 1029 570 1084 δι
616 1030 871 1102 ἔπραξεν,
915 1034 1025 1085 εἴτε
1054 1033 1277 1100 ἀγαθὸν,
1306 1034 1415 1086 εἴτε
1456 1035 1678 1104 φαῦλον.
1723 1056 1742 1089 ι

191 1122 381 1175 Οὐκοῦν
410 1124 459 1175 εἰ
515 1121 979 1192 παραστησόμεθα
1044 1125 1244 1188 πάντες
1292 1124 1371 1195 τῷ
1422 1126 1620 1196 βήματι
1654 1128 1748 1179 τοῦ

188 1212 409 1282 Χριστοῦ
448 1211 521 1283 (ξι
555 1213 689 1267 οὐδὲ
714 1213 823 1283 γὰρ
853 1216 881 1267 6
905 1214 1095 1285 Πατὴρ
1130 1217 1305 1288 κρίνει
1347 1218 1558 1284 οὐδένα,
1614 1219 1749 1273 ἀλλὰ

187 1306 278 1376 τὴν
299 1306 473 1376 κρίσιν
501 1307 680 1359 πᾶσαν
702 1306 900 1359 δέδωκε
928 1307 1006 1378 τῷ
1022 1308 1179 1379 Υἱῷ),
1194 1328 1212 1359 ι
1241 1311 1333 1363 καὶ
1354 1310 1513 1373 αὐτὸς
1536 1311 1745 1365 ἀποδώ-

190 1413 267 1450 σει
310 1395 519 1467 ἑκάστῳ
572 1396 810 1451 κατὰτὰ
860 1397 997 1468 ἔργα
1043 1400 1242 1453 αὐτοῦ·
1296 1401 1414 1465 πῶς
1451 1403 1549 1456 οὐκ
1599 1402 1750 1456 ἔσται

188 1489 335 1559 φύσει
364 1489 515 1554 Θεὸς,
544 1489 637 1543 τοῦ
663 1488 877 1543 Παύλου
901 1491 1151 1560 λέγοντος
1171 1494 1512 1564 ἀποκάλυψιν
1538 1495 1749 1549 ἔσεσθαι

184 1583 568 1653 δικαιοκρισίας
598 1582 756 1649 Θεοῦ,
783 1585 883 1655 τὴν
915 1585 999 1653 ἐφ’
1038 1586 1254 1658 ἑκάστῳ
1285 1587 1395 1641 τῶν
1419 1589 1750 1661 κρινομένων

186 1677 306 1746 παρ’
343 1674 503 1729 αὑτοῦ
549 1676 842 1747 τιθεμένην
873 1676 1053 1748 ψῆφον
1094 1678 1317 1751 δηλαδὴ,
1373 1679 1449 1743 ὡς
1505 1684 1616 1744 τοῖς
1649 1681 1749 1751 μὲν

184 1768 397 1835 φαύλοις
439 1770 633 1821 εἰπεῖν·
675 1780 707 1821 t“
735 1768 1042 1840 Πορεύεσθε
1090 1772 1186 1825 ἀπ’
1212 1771 1368 1843 ἐμοῦ,
1413 1774 1462 1825 oi
1507 1790 1746 1844 κατηρα-

184 1859 350 1929 μένοι,
378 1860 458 1923 εἰς
485 1859 545 1912 τὸ
576 1859 687 1932 πῦρ
719 1860 780 1914 τὸ
801 1860 1017 1914 αἰώνιον
1045 1880 1058 1892 ·
1093 1881 1112 1913 ι
1148 1865 1259 1926 τοῖς
1311 1864 1368 1917 δὲ
1405 1864 1504 1934 τῆς
1538 1867 1617 1929 εἰς
1649 1866 1749 1918 αύ-

178 1952 268 2002 τὸν
298 1950 579 2014 εὐσεϐείας
601 1951 878 2020 ἐργάταις·
915 1971 933 2003 ι
967 1953 1153 2017 Δεῦτε,
1186 1956 1235 2007 οἱ
1264 1955 1617 2026 εὐλογημένοι
1654 1951 1745 2010 τοῦ

180 2045 386 2116 Πατρός
410 2063 533 2116 μου,
580 2062 621 2099 ι·
641 2047 731 2101 καὶ
752 2045 821 2101 τά
844 2046 987 2119 ἑξῆς.

856 2162 1063 2215 AAAO.

247 2273 555 2346 Γέγραπται
590 2275 769 2329 πάλιν·
814 2294 833 2327 ι
866 2274 1012 2328 Διότι
1056 2275 1117 2340 ἐξ
1164 2275 1342 2348 ἔργων
1371 2277 1536 2349 νόμου
1574 2280 1637 2334 οὐ
1668 2281 1747 2334 δι-

177 2367 538 2439 καιωθήσεται
570 2369 718 2420 πᾶσα
747 2365 884 2438 σὰρξ
913 2365 1142 2419 ἐνώπιον
1187 2366 1371 2421 αὑτοῦ.
1403 2372 1506 2422 Διὰ
1531 2371 1641 2442 γὰρ
1664 2373 1750 2426 νό-

179 2480 280 2532 μου
298 2462 589 2531 ἐπίγνωσις
620 2464 913 2535 ἁμαρτίας,
937 2465 1053 2519 νυνὶ
1084 2465 1139 2518 δὲ
1163 2466 1331 2539 χωρὶς
1359 2466 1522 2537 νόμου
1548 2465 1751 2519 δικαιο⁴

178 2553 311 2625 σύνη
365 2552 501 2608 Θεοῦ
556 2555 978 2626 πεφανέρωται,
1029 2557 1448 2629 μαρτυρουμένη
1509 2557 1613 2610 ὑπὸ
1653 2555 1748 2609 τοῦ

174 2645 337 2715 νόμου
361 2644 455 2698 καὶ
505 2644 616 2698 τῶν
668 2646 1005 2723 προφητίιῖιν.⁴
1032 2647 1352 2718 Δικαιοσύνη
1401 2648 1456 2701 δὲ
1490 2647 1624 2701 Θεοῦ
1662 2647 1749 2701 διὰ

175 2736 410 2799 πίστεως
446 2736 622 2807 Ἰησοῦ
649 2737 889 2810 Χριστοῦ
920 2740 1001 2803 είς
1031 2738 1240 2802 πάντας
1287 2739 1414 2803 τοὺς
1466 2739 1749 2795 πιστεύον-

173 2844 291 2891 τας.
328 2845 347 2879 ι
391 2828 519 2881 Ὅτε
576 2829 756 2883 τοίνυν
782 2830 1127 2896 πιστεύοντες
1154 2834 1233 2896 είς
1256 2834 1490 2904 Χριστὸν
1508 2834 1750 2889 δικαιού-

178 2917 339 2988 μεθα,
385 2917 461 2980 ὡς
515 2918 606 2973 τὸν
647 2920 776 2974 ὄντα
803 2920 962 2990 φύσει
1009 2924 1102 2976 καὶ
1150 2922 1293 2977 κατὰ
1332 2924 1588 2995 ἀλήθειαν
1628 2928 1749 2979 ὲπι-

172 3007 392 3073 γνόντες
424 3007 561 3061 Θεὸν
590 3009 768 3080 (τοῦτο
796 3010 907 3083 γὰρ
958 3013 1344 3084 ὲπισφραγίζει
1394 3016 1489 3069 καὶ
1532 3016 1692 3080 αὐτὸς
1723 3019 1752 3070 6

173 3099 387 3165 Παῦλος
410 3103 526 3165 τοῖς
546 3101 605 3167 ἐξ
629 3102 798 3157 ἐθνῶν
826 3104 1181 3158 ἐπιστέλλωψ
1222 3124 1240 3158 ι
1282 3107 1418 3160 Νυνὶ
1445 3108 1501 3161 δὲ
1532 3108 1753 3176 γνόντες

1854 579 1946 632 tibi
1986 580 2318 633 thesaurizas
2358 580 2408 634 in
2445 582 2531 635 die
2567 582 2661 637 ira!
2694 593 2749 637 et
2784 583 3127 641 revelationis
3155 587 3287 657 justi
3324 588 3416 656 ju-

1848 669 1973 724 dicii
2028 670 2152 735 Dei,
2198 671 2362 741 27o
2404 673 2497 741 qui
2544 674 2807 730 retribuet
2848 675 3075 746 singulis
3118 678 3415 734 secundum

1848 773 2012 829 opera
2043 761 2280 829 ipsorum
2301 762 2363 816 ³³.
2380 781 2398 814 ι
2432 761 2665 817 Rursum
2688 764 2842 821 aliis':
2867 783 2886 816 ι
2904 764 3109 822 Omnes
3133 782 3231 822 nos
3258 782 3418 839 opor-

1852 861 1927 905 tet
1952 851 2287 908 manifestari
2315 868 2497 908 coram
2525 854 2762 922 Christo,
2793 867 2850 911 ut
2878 861 3245 930 unusquisque
3273 862 3418 916 acci-

1850 944 1961 1013 piat
2002 945 2216 1014 propria
2263 946 2538 1015 corporis,
2578 958 2740 1016 prout
2784 951 2983 1019 gessit,
3022 952 3135 1006 sive
3178 954 3414 1018 bonum,

1850 1036 1963 1089 sive
2003 1036 2202 1090 malum
2225 1036 2293 1090 3‘.
2333 1056 2353 1090 ι
2394 1035 2451 1091 Si
2485 1054 2612 1110 ergo
2643 1055 2832 1096 omnes
2866 1042 3122 1098 sistemur
3153 1056 3277 1100 ante
3318 1047 3416 1100 tri-

1849 1128 2011 1182 bunal
2047 1128 2274 1193 Christi,
2320 1148 2340 1181 ι
2389 1129 2573 1200 Neque
2609 1132 2751 1187 enim
2792 1133 2951 1188 Pater
2978 1134 3186 1204 judicat
3225 1152 3416 1205 quem-

1850 1226 2033 1289 quam,
2074 1221 2167 1276 sed
2209 1236 2368 1276 omne
2401 1223 2662 1293 judicium
2702 1222 2849 1280 dedit
2889 1225 3047 1291 Filio,
3084 1237 3139 1281 et
3184 1228 3297 1297 ipse
3337 1246 3419 1283 re-

1853 1313 2056 1367 tribuet
2101 1313 2389 1383 unicuique
2431 1316 2723 1369 secundum
2773 1332 2934 1386 opera
2986 1318 3225 1388 ipsorum
3251 1321 3332 1385 ³⁸;
3394 1339 3413 1371 ι

1851 1401 2121 1471 quomodo
2169 1420 2274 1459 non
2325 1406 2430 1460 erit
2480 1407 2799 1462 naturaliter
2838 1408 3001 1475 Deus,
3049 1424 3170 1464 cum
3221 1409 3421 1465 Paulus

1850 1497 1995 1549 dicat
2038 1496 2422 1553 revelationem
2460 1497 2589 1566 justi
2628 1499 2817 1569 judicii
2864 1501 2955 1555 Dei
3001 1502 3260 1568 futuram,
3299 1518 3421 1556 seu-

1854 1588 2075 1642 tentiam
2122 1589 2377 1644 nimirum
2423 1606 2584 1661 quam
2627 1592 2739 1661 ipse
2778 1593 2843 1646 de
2886 1592 3219 1661 singulorum
3261 1593 3423 1648 laetis

1851 1688 1934 1734 est
1959 1680 2194 1736 laturus:
2225 1683 2296 1737 ita
2324 1692 2381 1737 ut
2411 1684 2566 1738 malis
2591 1684 2803 1753 quidem
2833 1685 2903 1739 sit
2932 1685 3175 1739 dicturus
3206 1703 3219 1739 :
3254 1703 3272 1737 ι
3301 1684 3419 1740 Dis-

1851 1770 2027 1826 cedite
2051 1786 2081 1825 a
2111 1787 2217 1837 me,
2259 1775 2552 1839 maledicti,
2590 1776 2640 1829 iu
2674 1775 2848 1845 ignem
2880 1786 3137 1830 aeternum
3159 1775 3234 1841 “;
3265 1795 3284 1828 ι
3312 1776 3422 1847 pie-

1861 1864 1982 1915 tatis
2025 1878 2152 1917 \'ero
2197 1866 2494 1919 cultoribus
2542 1881 2557 1918 :
2613 1884 2629 1916 ι
2676 1866 2895 1932 Venite,
2933 1866 3199 1921 benedicti
3244 1866 3423 1922 Patris

1857 1957 1959 2010 mei
1990 1957 2055 2020 ³⁷,
2094 1976 2111 2009 ι
2146 1964 2250 2012 etc.

2524 2158 2753 2215 ALIUD.

1929 2273 2198 2343 Scriptum
2231 2282 2313 2328 est
2340 2274 2500 2328 etiam
2530 2292 2542 2328 :
2576 2291 2595 2324 ι
2629 2272 2762 2340 Quia
2791 2287 2855 2327 ex
2883 2272 3133 2344 operibus
3160 2273 3292 2343 legis
3317 2288 3422 2327 non

1851 2364 2233 2433 justiﬁeabitur
2253 2367 2428 2421 omnis
2454 2380 2583 2420 caro
2609 2378 2789 2420 coram
2822 2366 2956 2434 ipso.
2981 2364 3111 2419 Nam
3138 2380 3233 2436 per
3254 2365 3423 2435 legem

1856 2459 2089 2528 cognitio
2122 2460 2325 2529 peccati
2361 2475 2376 2513 :
2411 2473 2553 2513 nunc
2585 2467 2762 2512 autem
2798 2459 2913 2514 sine
2947 2457 3061 2528 lege
3088 2457 3297 2527 iustitia
3331 2459 3425 2512 Dei

1858 2552 2201 2607 manifestata
2228 2560 2332 2618 est,
2360 2552 2444 2605 cui
2472 2560 2799 2607 attestantur
2821 2552 2904 2606 lex
2931 2560 2984 2607 et
3010 2553 3304 2622 propheta.
3327 2551 3427 2606 Ju-

1858 2644 2003 2698 stitia
2033 2658 2160 2699 vero
2193 2643 2285 2697 Dei
2318 2659 2411 2713 per
2439 2643 2595 2698 ﬁdem
2625 2642 2751 2697 Jesu
2784 2643 2981 2698 Christi
3010 2646 3063 2699 in
3089 2659 3277 2700 omnes
3304 2659 3427 2701 cre-

1858 2735 2048 2791 dentes
2071 2736 2192 2788 '7'.»
2215 2735 2345 2790 Cum
2370 2734 2534 2807 igitur
2554 2736 2835 2793 credentes
2853 2738 2905 2792 in
2935 2738 3210 2793 Christum
3224 2736 3429 2806 justiti-

1858 2845 2064 2894 cemur,
2094 2839 2276 2899 utpote
2303 2829 2469 2884 Deum
2495 2844 2623 2885 vere
2650 2844 2712 2885 ac
2736 2830 3059 2885 naturaliter
3082 2831 3427 2885 exsistentem

1859 2929 2247 2991 cognoscentes
2274 2937 2287 2973 :
2323 2919 2424 2975 hoc
2453 2919 2597 2975 enim
2634 2920 2748 2990 ipse
2779 2918 2978 2975 Paulus
3012 2921 3260 2991 gentibus
3288 2921 3429 2976 scri-

1859 3018 1991 3072 beus
2026 3016 2346 3081 conﬁrmat,
2383 3029 2505 3069 cum
2541 3014 2672 3069 dicit
2708 3033 2722 3069 :
2764 3031 2783 3065 ι
2826 3012 2979 3069 Nunc
3013 3021 3191 3069 autem
3227 3026 3429 3083 cogno-

1860 3119 2074 3164 scentes
2111 3107 2307 3171 Deum,
2342 3115 2435 3161 aut
2469 3107 2650 3175 potius
2688 3106 2885 3176 cogniti
2924 3120 2954 3160 a
2988 3106 3097 3161 Deo
3120 3104 3186 3171 ³⁸,
3230 3122 3249 3156 ι
3290 3117 3428 3175 quo-

169 3192 328 3258 Θεὸν,
368 3194 571 3263 μᾶλλον
592 3194 1011 3263 δὲνγνωσθέντες
1032 3197 1138 3251 ὑπὸ
1167 3198 1303 3252 Θεοῦ
1337 3219 1356 3251 ι
1384 3200 1423 3269 )-
1454 3200 1572 3265 πῶς
1598 3201 1751 3255 ἔσται

1861 3199 2016 3254 modo
2056 3195 2129 3254 sit
2169 3195 2338 3251 Filius
2378 3208 2515 3266 opus
2554 3194 2637 3249 vel
2679 3205 2964 3259 creatura,
3004 3206 3060 3250 et
3101 3207 3207 3249 non
3248 3194 3433 3265 potius

169 3281 386 3352 ποίημα
408 3282 441 3352 ἢ
476 3283 681 3353 κτίσμα
703 3284 730 3335 6
757 3284 907 3347 Υἱὸς,
943 3285 1034 3338 καὶ
1058 3285 1180 3357 οὐχὶ
1208 3288 1410 3358 μᾶλλον
1438 3289 1590 3354 Θεὸς,
1612 3290 1752 3344 κατὰ

168 3372 272 3436 τὰς
293 3372 398 3426 τῶν
436 3374 608 3441 ἁγίων
637 3374 861 3442 φωνάς;

858 3490 1061 3544 ΑΛΛΟ.

242 3602 371 3663 Τοῖς
390 3601 792 3673 δικαιουμένοις
817 3602 907 3657 διὰ
935 3607 1034 3675 τῆς
1050 3605 1285 3668 πίστεως
1298 3605 1398 3674 τῆς
1418 3607 1496 3669 εἰς
1523 3607 1756 3678 Χριστὸν

166 3696 557 3765 συναγορεύων
569 3695 777 3762 Παῦλος
810 3715 941 3769 φησι
969 3715 983 3729 ο
1006 3716 1022 3749 ι
1044 3698 1383 3767 Λογιζόμεθα
1395 3699 1501 3770 γὰρ
1522 3700 1758 3753 δικαιοῦ-

163 3790 298 3845 σθαι
328 3789 611 3860 ἄνθρωπον
635 3789 801 3861 χωρὶς
830 3788 1007 3861 ἔργων
1058 3789 1220 3860 νόμου
1245 3805 1260 3822 ο
1316 3789 1350 3861 ἢ
1417 3791 1684 3845 Ἰουδαίων
1730 3793 1759 3844 ὁ

158 3882 307 3945 Θεὸς
341 3882 539 3953 μόνων,
564 3881 684 3952 οὐχὶ
716 3882 811 3936 καὶ
855 3881 1062 3947 ὲΘνῶν;
1108 3883 1197 3938 ναὶ
1224 3882 1319 3937 καὶ
1360 3882 1550 3937 ὲθνῶν.
1585 3885 1757 3955 Εἴπερ

158 3970 251 4038 εἷς
282 3972 418 4038 Θεὸς
469 3972 528 4038 ὃς
572 3973 851 4027 δικαιώσει
911 3974 1213 4045 περιτομὴν
1264 3974 1329 4028 ὲκ
1375 3973 1633 4039 πίστεως,
1664 3977 1760 4049 καὶ

156 4062 545 4138 ἀκροϐυστίαν
569 4065 658 4120 διὰ
679 4066 776 4137 τῆς
796 4065 1054 4129 πίστεως.
1092 4084 1111 4118 ι
1148 4065 1318 4120 Τοῦτο
1346 4066 1600 4122 ποιοῦντα
1621 4070 1758 4140 Χρι-

160 4158 299 4213 στὸν
324 4158 679 4229 εὑρίσκομεν.
711 4156 966 4211 Δικαιοῦν
1017 4157 1128 4226 γὰρ
1180 4157 1608 4243 ύπιρχνούμενος
1634 4160 1760 4225 τοὺς

154 4249 534 4313 πιστεύοντας
569 4250 650 4313 εἰς
684 4248 867 4315 αὐτὸν,
926 4266 945 4299 ι
996 4248 1187 4320 ’Δμὴν,
1225 4251 1379 4321 φησὶ,
1417 4250 1559 4319 λέγω
1609 4252 1757 4321 ύμῖνσ

152 4346 191 4398 ὁ
222 4342 504 4397 πιστεύων
532 4344 611 4407 εἰς
635 4342 759 4413 ἐμὲ,
785 4343 847 4397 ού
875 4341 1143 4412 κρίνεται,
1174 4340 1291 4395 ἀλλ’
1312 4341 1427 4414 ἔχει
1451 4342 1597 4415 ζωὴν
1624 4342 1758 4397 αἰώ-

156 4451 313 4491 νιον.
342 4454 361 4486 ι
396 4436 460 4490 Εἰ
500 4435 557 4488 δὲ
587 4425 788 4506 πρέπει
825 4434 971 4505 μόνῳ
1002 4434 1063 4487 τὸ
1110 4433 1355 4488 δικαιοῦν
1391 4434 1468 4505 τῷ
1499 4434 1652 4505 Θεῷ,
1682 4436 1761 4489 δι-

1859 3290 2024 3356 Dcus,
2048 3289 2201 3359 juxta
2230 3299 2542 3344 sanctorum
2577 3287 2920 3342 testimonia?

2534 3492 2756 3549 ALIUD.

1929 3608 2193 3664 Praeterea
2222 3608 2421 3663 Paulus
2446 3608 2513 3663 its
2540 3608 2631 3678 qui
2662 3622 2758 3676 per
2783 3606 2938 3661 ﬁdem
2969 3607 3020 3661 in
3045 3606 3320 3663 Christum
3341 3608 3431 3677 ju-

1858 3701 2078 3758 stiticati
2110 3710 2236 3756 sunt
2270 3700 2618 3769 patrocinans
2654 3716 2668 3753 :
2708 3715 2727 3749 ι
2765 3697 3052 3765 Putamus,
3089 3698 3433 3768 inquit,,ﬁde

1854 3791 2142 3864 justiticari
2175 3792 2448 3847 hominem
2477 3792 2596 3846 sine
2626 3789 2881 3858 operibus
2909 3789 3042 3860 legis
3073 3805 3087 3844 :
3119 3805 3186 3845 an
3214 3788 3430 3846 ,1υάωο-

1862 3899 1980 3938 rum
2023 3882 2197 3938 solum
2237 3893 2321 3937 est
2367 3880 2531 3944 Deus,
2571 3896 2679 3935 non
2725 3889 2903 3936 autem
2949 3881 3110 3935 etiam
3155 3881 3431 3952 gentium?

1860 3986 2008 4031 certe
2037 3982 2092 4031 et
2118 3974 2382 4045 gentium.
2409 3971 2688 4041 Siquidem
2717 3986 2856 4027 unus
2881 3970 3023 4027 Deus
3052 3972 3143 4042 qui
3169 3971 3432 4041 iustiﬁca-

1860 4069 1939 4124 bit
1980 4065 2452 4123 circumcisionem
2492 4078 2559 4121 ex
2603 4063 2727 4129 ﬁde,
2767 4071 2824 4118 et
2865 4065 3184 4141 prmputium
3230 4078 3326 4135 per
3365 4067 3431 4118 ti-

1860 4162 1980 4218 dem
2007 4161 2072 4214 ".
2113 4179 2132 4213 ›
2173 4158 2285 4215 Hoc
2321 4158 2595 4215 Christum
2640 4169 2901 4230 praestare
2939 4158 3260 4213 invenimus.
3297 4157 3432 4213 Pro-

1862 4256 2081 4310 mittens
2129 4252 2275 4308 enim
2328 4267 2387 4307 se
2428 4251 2853 4320 justiticaturum
2901 4250 3185 4306 credentes
3235 4251 3287 4305 in
3337 4267 3430 4315 se,

1861 4346 2056 4417 inquit.
2092 4364 2112 4398 ι
2146 4346 2318 4401 Amen
2350 4344 2470 4399 dico
2495 4342 2669 4409 vobis,
2696 4343 2785 4413 qui
2819 4343 2993 4398 credit
3021 4342 3074 4397 in
3103 4357 3188 4397 me
3217 4357 3320 4396 non
3346 4341 3433 4411 ju-

1863 4439 2097 4503 dicatur,
2120 4435 2215 4490 sed
2238 4434 2403 4490 habet
2423 4433 2588 4489 vitam
2612 4440 2873 4488 aeternam
2890 4432 2959 4487 ⁸ο.
2992 4452 3011 4485 ›
3042 4433 3100 4487 Si
3126 4447 3253 4488 vero
3270 4432 3434 4501 justi-

151 4529 326 4581 καιοῖ
370 4527 428 4581 δὲ
454 4528 713 4599 Χριστὸς,
750 4525 868 4589 πῶς
913 4526 1013 4579 οὐκ
1037 4525 1152 4579 ἔστι
1210 4526 1370 4595 φύσει
1418 4526 1583 4593 Θεός;
1618 4526 1751 4581 Είδὲ

1865 4530 2031 4587 tlcare
2058 4528 2159 4585 soli
2190 4526 2300 4582 Deo
2330 4525 2615 4592 convenit,
2641 4524 2905 4595 justiilcat
2938 4534 3117 4579 autem
3148 4524 3428 4588 Christus,

145 4617 349 4685 τοῦτο,
382 4618 445 4671 οὐ
469 4618 697 4689 ποίημα.

856 4819 1058 4873 ΑΔΛΟ.

225 4928 382 4999 Φησί
423 4946 526 4982 που
568 4929 730 4983 πάλιν
768 4931 797 4984 6
837 4932 1050 4996 Παῦλος
1100 4935 1228 5008 περὶ
1274 4934 1367 4988 τοῦ
1414 4934 1755 5007 προπάτορος

141 5021 330 5092 ἡμῶν
370 5020 647 5092 Ἀϐραάμ·
674 5042 692 5074 ι
721 5023 818 5087 ὐς
846 5025 964 5078 ἐστι
990 5026 1175 5097 πατὴρ
1202 5027 1417 5081 πάντων
1451 5026 1626 5098 ἡμῶν,
1660 5046 1754 5081 κα-

138 5111 273 5175 οὼς
303 5113 640 5185 γέγραπταιο
671 5115 793 5168 Ὀτι
818 5117 1029 5189 πατέρα
1065 5119 1274 5174 πολλῶν
1318 5120 1486 5175 ἐθνῶν
1531 5120 1755 5175 τέθεικά

136 5222 216 5257 σε
250 5205 554 5258 κατέναντι
581 5207 715 5260 Θεοῦ
748 5208 841 5261 τοῦ
875 5208 1264 5277 ζωοποιοῦντος
1290 5215 1418 5277 τοὺς
1446 5213 1690 5285 νεκρούς.
1730 5233 1749 5265 ι

131 5297 302 5351 Θεοῦ
332 5299 625 5372 τοιγαροῦν
679 5300 965 5370 ζωογονεῖν
993 5303 1121 5367 τοὺς
1165 5307 1391 5375 νεκροὺς
1416 5306 1712 5377 λεγομένου
1738 5348 1752 5372 ,

1856 4623 2126 4703 quomodo
2153 4636 2265 4676 non
2294 4620 2399 4675 erit
2427 4626 2621 4673 natura
2647 4616 2824 4674 Deus?
2848 4618 2935 4682 At,
2962 4617 3007 4673 si
3037 4618 3138 4672 hoc
3166 4626 3268 4683 est,
3301 4624 3433 4688 quo-

1860 4717 2018 4775 modo
2047 4713 2119 4769 sit
2148 4708 2435 4766 creatura?

2536 4818 2765 4874 ALlUD.

1932 4942 2130 4999 Paulus
2158 4934 2353 4994 alicubi
2388 4935 2455 4990 de
2484 4940 2710 5004 parente
2737 4937 2927 4985 nostro
2951 4929 3224 4985 Abraham
3256 4929 3328 4984 ita
3358 4928 3435 4983 di-

1861 5040 1968 5091 cit:
1994 5053 2011 5086 ι
2038 5032 2139 5100 Qui
2170 5040 2254 5085 est
2274 5037 2428 5099 pater
2446 5026 2687 5081 omnium
2708 5030 2972 5089 nostrum,
2991 5032 3051 5076 ut
3068 5020 3324 5076 scribitur
3341 5021 3435 5085 ιφ,

1860 5128 1995 5196 Quia
2024 5136 2232 5198 patrem
2259 5121 2550 5175 multarum
2580 5118 2818 5190 gentium
2849 5115 3001 5186 posui
3036 5126 3087 5170 te
3116 5129 3295 5169 coram
3327 5112 3435 5165 Deo

1860 5221 1952 5291 qui
1982 5218 2219 5273 viviﬁcat
2256 5222 2498 5269 mortuos
2520 5211 2587 5266 “.
2626 5230 2646 5263 ι
2686 5211 2820 5266 Cum
2858 5210 3021 5281 igitur
3053 5208 3194 5263 Deus
3227 5207 3436 5261 dicatur

1860 5312 2134 5367 viviﬁcare
2157 5318 2416 5369 mortuos,
2440 5304 2600 5374 271
2625 5316 2854 5372 cumque
2876 5301 3044 5357 Filius
3064 5298 3208 5354 dicat
3232 5316 3245 5352 :
3275 5316 3293 5350 ι
3324 5296 3436 5367 Ego

1860 5418 1978 5458 sum
2018 5402 2124 5454 vita
2143 5400 2217 5465 ";
2259 5418 2278 5449 ι
2318 5408 2393 5463 et,
2428 5416 2445 5448 ι
2487 5395 2587 5462 Qui
2625 5395 2798 5449 credit
2834 5394 2886 5448 in
2930 5407 3033 5458 me,
3074 5391 3235 5446 habet
3258 5390 3435 5442 vitam

1860 5504 2155 5557 aeternam,
2208 5502 2263 5546 et
2313 5507 2413 5561 ego
2468 5488 2803 5544 resuscitabo
2856 5503 2979 5542 eum
3036 5485 3089 5538 in
3147 5483 3437 5539 novissimo

130 5387 279 5444 εἶτα
302 5390 405 5444 τοῦ
428 5391 557 5446 Υἱοῦ
588 5392 909 5462 φάσκοντος·
945 5412 964 5445 ι
1013 5394 1155 5464 Ἐγὼ
1198 5397 1311 5467 είμι
1352 5400 1385 5468 ἠ
1417 5396 1553 5470 ζωή·
1590 5417 1609 5451 ι
1646 5399 1754 5453 πά-

127 5483 261 5549 ὶιν,
314 5500 334 5535 σ
378 5484 437 5537 '0
467 5500 739 5538 πιστεύων
771 5488 852 5548 εἰς
874 5487 997 5556 ἐμὲ,
1020 5486 1133 5557 ἔχει
1165 5488 1310 5561 ζωὴν
1332 5490 1568 5554 αἰώνιον,
1600 5491 1756 5561 κάγὼ

218 5638 275 5672 ³³
311 5637 571 5715 Πρηληιι,
605 5640 658 5705 5,
691 5639 746 5715 6Σ
822 5642 948 5715 ³ξΙΙ⁸
971 5643 1095 5697 Cor.
1123 5659 1177 5707 ν,
1213 5645 1298 5699 10.
1378 5648 1421 5678 ³⁵
1458 5645 1613 5702 Joan.
1646 5666 1702 5715 v,
1732 5649 1751 5703 Ξ

1902 5649 1948 5681 ³⁸
1979 5648 2171 5703 Matth.
2202 5662 2326 5706 ην.
2365 5650 2454 5702 Η.
2531 5647 2571 5676 ³⁷
2607 5645 2739 5699 Ibid.
2775 5644 2862 5699 3‘5.
2910 5643 3009 5715 _”‘
3032 5640 3189 5696 Rom.
3218 5654 3301 5715 ιιι,
3484 5704 3491 5713 ι

125 5710 240 5765 22.
332 5711 383 5743 ⁸⁸
416 5708 588 5764 Galat.
619 5726 690 5775 IV,
721 5711 773 5767 9.
849 5712 894 5746 ³⁸
931 5713 1084 5767 Itoni.
1120 5730 1203 5778 ιιι,
1244 5716 1432 5774 ‘28-'50.
1510 5720 1554 5750 "°
1581 5708 1735 5775 Joau.

124 5784 187 5815 ⁵²
219 5779 403 5836 Joan.
437 5796 551 5842 xlv,
582 5780 633 5834 6.

1869 5719 2078 5786 18;νι,
2117 5718 2208 5774 47.
2288 5718 2513 5772 “'Gcn.
2544 5734 2677 5782 xm,
2706 5717 2755 5772 4.
2831 5715 2876 5747 ⁵¹
2910 5713 3069 5769 Rom.
3112 5725 3183 5778 Iv,
3222 5710 3311 5779 l6,
3348 5709 3436 5764 I7.

498 5874 771 5934 PATBOL.
805 5874 921 5937 Gn.
962 5878 1198 5940 LXXV.
3004 5875 3079 5944 15
