3878 6208
380 312 485 368 459
1394 302 1455 357 S.
1501 296 1776 357 CYRILLI
1817 302 2285 360 ALEXANDRINI
2328 303 2655 361 ARCHIEP.
3520 302 3632 357 660

379 429 467 484 die
489 427 569 492 “;
625 443 643 477 ι
698 435 752 479 et
802 437 1013 480 rursum
1058 437 1073 474 :
1128 438 1146 471 ι
1199 419 1308 489 Ego
1356 433 1473 473 sum
1528 419 1853 473 resurrectio
1898 433 1910 472 ι

2101 420 2342 491 ναστήσω
2374 418 2536 473 αὐτὸν
2573 417 2631 471 ἐν
2661 418 2728 488 τῇ
2762 415 2967 486 ἐσχάτῃ
3000 415 3180 487 ἡμέρᾳ
3200 432 3212 443 ν
3259 432 3277 465 ι
3318 414 3411 467 καὶ
3441 414 3632 478 πάλιν,

377 523 488 577 vita
511 520 589 587 “;
631 538 649 572 ι
686 519 808 588 quis
846 532 951 571 non
990 514 1332 574 confiteatur,
1367 511 1528 567 modo
1566 527 1715 567 sana:
1751 513 1908 566 menti

2125 512 2266 581 Ἐγώ
2304 513 2419 582 είμι
2449 512 2483 581 ἡ
2510 511 2806 571 ἀνάστασις
2840 508 2934 561 καὶ
2981 509 3014 577 ή
3070 505 3219 577 ζωήτ
3259 526 3278 558 ι
3327 506 3410 569 τίς
3427 507 3531 558 ὀὐκ
3564 505 3634 559 ἂν

380 616 479 680 sit,
510 614 682 683 ipsum
712 625 774 665 ex
803 608 1035 665 essentia
1071 606 1249 661 Patris
1278 619 1429 671 esse,
1459 604 1737 674 proprium
1767 618 1831 658 ac
1858 618 1911 658 ve

2105 601 2475 673 ιολογήσειεν,
2537 600 2591 653 εί
2624 617 2687 668 γε
2744 597 2867 653 νοῦν
2922 596 3069 668 ἔχοι,
3100 598 3199 667 τῆς
3251 596 3440 659 οὐσίας
3466 596 3636 649 αὐτὸν

383 722 499 761 rum
532 705 701 776 ipsius
729 701 955 768 Filium,
983 713 1169 754 omnes
1198 697 1373 752 Patris
1402 696 1757 767 proprietates
1786 704 1914 748 natu

2108 693 2319 764 τάρχειν
2346 693 2444 763 τῆς
2465 690 2558 745 τοῦ
2592 690 2803 760 Πατρὸς
2850 688 3070 758 γνήσιόν
3099 705 3160 741 τε
3213 687 3307 741 καὶ
3333 686 3639 757 ἀληθέστα-

386 775 567 854 raliter
607 798 657 851 in
702 811 760 851 se
800 792 1134 865 gestantem?
1177 790 1329 858 Quod
1368 791 1413 845 si
1455 805 1637 845 verum
1678 798 1784 855 est,
1824 805 1916 859 erg

2105 802 2143 838 ιν
2172 785 2438 856 γέννημα,
2468 783 2645 837 πάντα
2666 782 2829 852 φέρον
2853 781 2910 833 ὲν
2942 779 3120 850 ἐαυτῷ
3168 778 3409 847 φυσικῶς
3439 778 3511 830 τὰ
3537 775 3636 830 τοῦ

385 892 523 945 Deus
551 905 615 944 ex
648 888 756 943 Deo
785 898 897 953 est,
928 902 1035 941 non
1062 900 1191 940 vero
1220 898 1355 953 opus
1382 882 1464 937 vel
1492 893 1759 937 creatura.

2103 878 2414 946 εννήσαντος
2446 875 2582 939 fata;
2614 876 2676 927 Εἰ
2699 874 2759 928 δέ
2788 873 2965 935 τοῦτο,
2990 870 3122 934 Θεὸς
3148 872 3253 942 ἄρα
3276 870 3336 924 τὸ
3366 872 3430 923 ἐκ
3451 866 3593 923 Θεοῦ
3616 906 3634 934 ,

2053 970 2148 1024 καὶ
2172 969 2231 1023 οὐ
2266 967 2471 1037 κτίσμα
2499 968 2532 1038 ἢ
2563 966 2791 1037 ποίημα.

1046 1102 1279 1159 ALIUD.

2742 1099 2945 1157 ΛΛΛΟ.

452 1221 655 1279 Paulus
691 1220 755 1274 ad
790 1228 976 1289 gentes
1027 1218 1274 1273 scribens
1306 1235 1319 1271 :
1364 1235 1381 1268 ι
1435 1214 1836 1279 llecordamini,
1872 1215 1955 1269 in-

2124 1216 2251 1280 Τοῖς
2282 1215 2341 1280 ἐξ
2370 1213 2537 1268 ἐθνῶν
2586 1211 2914 1266 ἐπιστέλλων
2937 1214 2965 1265 6
3000 1209 3211 1274 Παῦλὸς
3242 1227 3392 1279 φησι’
3432 1228 3451 1261 ι
3481 1211 3641 1281 Μνη-

381 1311 521 1379 quit,
545 1325 639 1364 vos
662 1320 849 1379 gentes
884 1309 1043 1362 dictae
1077 1306 1360 1377 praeputia,
1385 1304 1526 1375 quod
1565 1305 1784 1358 alienati
1833 1319 1912 1358 era

2110 1306 2314 1360 ονεύετε
2345 1307 2452 1375 γὰρ
2482 1306 2640 1376 ὑμεῖς
2681 1302 2750 1356 τὰ
2793 1301 2921 1373 ἔθνη
2960 1302 3011 1354 οί
3040 1300 3359 1372 καλούμενοι
3399 1300 3641 1371 ἀκροϐυ-

384 1398 868 1455 tisatestamentis
896 1396 1293 1466 promissionis,
1345 1394 1578 1464 separati
1635 1408 1664 1447 a
1733 1394 1915 1448 benedi

2109 1399 2199 1462 :ia,
2233 1399 2311 1451 ὅτι
2339 1394 2437 1468 ἧτέ
2469 1413 2598 1449 ποτε
2654 1392 3057 1462 ἀπεξενωμένοι
3085 1391 3194 1446 τῶν
3233 1391 3507 1461 διαθηκῶν
3535 1391 3640 1461 τῆς

381 1492 557 1546 ctione
585 1491 769 1554 Israel,
792 1504 939 1557 spem
965 1504 1068 1543 non
1101 1488 1379 1550 habentes,
1435 1496 1489 1540 et
1543 1486 1660 1541 sine
1692 1485 1799 1539 Deo
1859 1500 1912 1539 vc

2109 1488 2406 1558 ταγγελίας,
2441 1488 2536 1540 καὶ
2566 1485 2961 1557 κεχωρισμένοι
2990 1485 3087 1554 τῆς
3130 1483 3374 1552 εὐλογίας
3403 1481 3495 1535 τοῦ
3533 1482 3640 1536 Ἰσ-

385 1585 560 1638 fuistis
580 1585 631 1636 in
657 1584 756 1636 hoc
774 1582 992 1643 niundo;
1012 1595 1155 1633 nunc
1173 1595 1296 1633 vero
1320 1576 1645 1647 cognovistis
1671 1578 1834 1630 Deum
1849 1575 1913 1629 ".

2107 1582 2216 1653 ιὴλ,
2252 1582 2443 1635 ἐλπίδα
2500 1581 2573 1653 μὴ
2622 1580 2857 1650 ἔχοντες,
2908 1576 3001 1630 καὶ
3044 1575 3193 1631 ἄθεοι
3227 1576 3284 1628 ἐν
3309 1574 3387 1645 τῷ
3417 1575 3638 1643 κόσμῳ,

388 1674 585 1728 Deinde
620 1673 881 1727 rationem
912 1670 1235 1740 cognitionis
1267 1671 1395 1740 ipsis
1426 1668 1697 1737 explicans
1729 1668 1898 1736 inquit

2110 1675 2173 1727 w‘.
2196 1673 2253 1727 δὲ
2282 1672 2594 1740 ἐπιγνόντες
2624 1670 2775 1723 Θεόν.
2814 1688 2835 1724 ι
2869 1665 3002 1722 Εἶτα
3044 1666 3136 1719 τὸν
3162 1666 3364 1737 τρόπον
3388 1664 3487 1733 τῆς
3513 1665 3641 1714 tnt-

390 1788 408 1818 ι
454 1767 625 1836 PrOpe
654 1775 705 1819 te
732 1765 951 1819 verbum
980 1773 1062 1817 est
1095 1764 1147 1815 in
1179 1777 1274 1817 ore
1302 1771 1392 1815 tuo
1425 1769 1479 1813 et
1521 1760 1571 1813 in
1622 1759 1785 1814 corde
1833 1766 1921 1813 tuo

2112 1766 2306 1831 ιώσεως
2336 1767 2519 1831 αὐτοῖς
2543 1764 2903 1836 ἐξηγούμενος
2926 1762 3094 1829 λέγει·
3140 1779 3158 1810 ι
3205 1760 3399 1828 Ἐγγύς
3430 1776 3523 1811 σου
3575 1758 3643 1810 τὸ

385 1859 436 1911 id
465 1866 567 1921 est,
601 1855 822 1909 verbum
850 1853 970 1908 fidei
997 1853 1139 1923 quod
1165 1852 1544 1921 praedicamus.
1568 1850 1702 1917 Quia
1750 1848 1795 1904 si
1824 1864 1916 1902 con

2108 1858 2208 1929 ᾕμά
2233 1860 2381 1910 ἐστιν
2403 1857 2459 1908 ἐν
2485 1854 2559 1925 τῷ
2594 1854 2822 1925 στόματί
2850 1870 2965 1920 σου,
3001 1852 3095 1906 καὶ
3111 1854 3170 1905 ἐν
3194 1853 3259 1921 τῇ
3291 1849 3488 1921 καρδίᾳ
3512 1865 3639 1911 σου,

387 1949 557 2000 fessus
585 1945 751 1999 fueris
798 1959 896 1999 ore
954 1952 1044 1998 luo
1084 1941 1225 2012 quod
1284 1941 1543 1997 Dominus
1586 1950 1671 1997 est
1697 1939 1872 2005 Jesus,
1897 1956 1918 1996 ε

2110 1947 2318 2009 ιυτέστι,
2359 1946 2421 1998 τὸ
2454 1946 2604 2017 ῥῆμα
2631 1944 2732 2015 τῆς
2765 1943 3001 2005 πίστεως
3034 1942 3062 1995 ὃ
3109 1940 3476 2011 κηρύσσομεν.
3509 1940 3641 1991 Ὀτι

384 2039 674 2095 credideris
698 2039 749 2091 in
780 2036 943 2091 corde
973 2045 1085 2097 tuo,
1126 2036 1267 2104 quod
1294 2032 1435 2088 Deus
1495 2033 1668 2103 ipsum
1724 2032 1915 2088 suscita

2111 2055 2148 2091 ιν
2179 2036 2520 2109 ὁμολογήσῃς
2554 2037 2611 2088 ἐν
2640 2033 2718 2105 τῷ
2753 2033 2981 2102 στόματί
3010 2049 3126 2097 σου,
3159 2032 3240 2085 ὅτι
3284 2032 3484 2102 Κύριος
3526 2032 3642 2099 Ἰηι

386 2132 551 2185 vitex
585 2128 833 2193 mortuis,
864 2127 1045 2182 salvus
1079 2127 1189 2181 eris
1218 2125 1286 2181 “.
1322 2143 1339 2176 ι
1394 2123 1451 2178 Si
1488 2138 1617 2195 ergo
1648 2124 1740 2194 qui
1782 2125 1917 2178 cred?

2112 2126 2201 2192 ιῦς,
2237 2129 2330 2180 καὶ
2377 2126 2675 2199 πιστεύσῃς
2724 2127 2781 2178 ἐν
2813 2128 2883 2196 τῇ
2912 2123 3110 2194 καρδίᾳ.
3166 2138 3279 2186 σου,
3313 2123 3396 2175 ὅτι
3422 2123 3450 2173 6
3502 2122 3643 2183 Θεὸς

387 2222 440 2274 in
469 2218 764 2284 Christum,
798 2226 853 2271 et
872 2217 1159 2272 confitetur
1184 2214 1331 2284 quod
1364 2224 1447 2269 est
1472 2213 1749 2281 Dominus,
1787 2223 1918 2269 utve

2112 2220 2216 2273 ιτὸν
2254 2220 2472 2290 ἤγειρεν
2523 2219 2589 2270 ἐκ
2634 2217 2866 2287 νεκρῶν,
2898 2214 3138 2285 σωθήσῃ.
3182 2232 3200 2264 ι
3243 2215 3368 2267 Ὅτε
3399 2214 3580 2267 τοίνυν
3612 2216 3643 2267 6

386 2327 504 2366 rum
532 2310 695 2365 Deum
721 2323 1078 2378 cognoscens,
1130 2306 1461 2377 justitlcatur
1487 2345 1502 2372 ,
1537 2305 1807 2375 quomodo
1847 2321 1914 2361 no

2114 2311 2324 2365 ,στεύων
2356 2312 2436 2374 είς
2466 2309 2699 2382 Χριστὸν
2747 2308 2976 2379 Ἰησοῦν,
2999 2306 3094 2360 καὶ
3124 2305 3398 2376 ὁμολογῶν
3425 2306 3645 2359 ὃτιΚύ-

385 2407 489 2461 erit
513 2404 831 2459 naturaliter
880 2402 1023 2459 Deus
1072 2402 1275 2458 Filius?
1304 2402 1402 2470 Qui
1458 2411 1637 2457 autem
1695 2403 1799 2459 hoe
1850 2416 1916 2457 es:

2115 2404 2171 2467 ὃς
2200 2404 2369 2467 ἐστιν,
2398 2402 2472 2465 ὡς
2502 2400 2635 2453 Θεὸν
2683 2399 2939 2467 ἐπιγνοὺς
2968 2398 3058 2451 τὸν
3087 2396 3361 2468 ἀληθινὸν,
3396 2396 3646 2451 δικαιοῦο

386 2497 655 2568 quomodo
689 2498 754 2551 sit
785 2496 1070 2551 creatura?

2113 2513 2166 2559 ιι,
2199 2493 2317 2556 πῶς
2364 2493 2464 2545 οὐκ
2528 2491 2642 2544 ἐστι
2682 2490 2827 2543 κατὰ
2879 2489 3043 2559 φύσιν
3071 2487 3204 2551 Θεὸς
3233 2489 3262 2541 6
3297 2487 3459 2553 Υίός;
3496 2488 3554 2542 '0
3578 2487 3644 2541 δὲ

2055 2584 2211 2637 τοῦτο
2234 2584 2517 2654 ὑπάρχων,
2548 2581 2665 2645 πῶς
2692 2582 2759 2635 ἂν
2791 2580 2877 2650 είη
2912 2580 3008 2633 καὶ
3034 2579 3161 2649 ποίη
3171 2595 3280 2650 μα;

1059 2714 1291 2770 ALIUD.
2743 2717 2948 2771 AAAO.

463 2832 657 2887 Paulus
677 2831 977 2887 divinorum
1014 2844 1337 2885 arcanorum
1362 2828 1865 2883 administratorem
1894 2843 1959 2882 ac

2130 2832 2252 2886 Τῶν
2307 2832 2466 2886 θείων
2508 2832 2825 2903 μυστηρίων
2856 2830 3138 2901 οἰκονόμον
3177 2830 3268 2884 καὶ
3324 2829 3647 2900 λειτουργον

391 2927 692 2979 ministrum
730 2923 965 2990 seipsum
1001 2937 1125 2975 esse
1153 2920 1434 2977 declarans
1460 2936 1477 2976 ι
1512 2938 1530 2971 ι
1558 2919 1852 2981 Audaeis,
1880 2919 1922 2972 in

2113 2922 2251 2975 ιυτὸν
2278 2921 2639 2975 ἀναδεικνύων
2667 2921 2696 2972 6
2724 2919 2954 2985 Παῦλος,
3020 2940 3038 2971 ι
3079 2919 3491 2991 Τολμηρότερον
3540 2920 3605 2974 δε
3628 2964 3644 2987 ,

390 3017 528 3085 quit,
553 3015 746 3083 scripsi
776 3013 928 3069 vobis
959 3028 1024 3068 ex
1049 3022 1200 3083 parte
1227 3013 1279 3067 in
1321 3011 1637 3067 memoriam
1679 3026 1774 3066 vos
1804 3010 1921 3065 reda

2120 3018 2249 3087 161v,
2270 3015 2485 3088 ἔγραψα
2515 3016 2641 3087 ὑμῖν
2662 3016 2769 3069 ἀπὸ
2794 3016 3016 3086 μέρους,
3037 3016 3113 3080 ὡς
3139 3017 3651 3086 ἐπαναμιμνήσκων

392 3123 521 3162 cens
557 3122 651 3177 per
681 3106 910 3172 gratiam
946 3104 1130 3157 datam
1162 3104 1291 3161 mihi
1321 3118 1350 3157 a
1377 3103 1507 3168 Deo,
1538 3111 1597 3156 ut
1641 3117 1816 3158 essem
1856 3102 1923 3157 mi

2115 3110 2207 3174 ιᾶς
2246 3109 2332 3162 διὰ
2367 3108 2463 3179 τὴν
2493 3109 2651 3179 χάριν
2673 3108 2772 3179 τὴν
2798 3108 3044 3162 δοθεῖσάν
3076 3125 3165 3178 μοι
3198 3108 3302 3161 ὐπὸ
3333 3106 3427 3161 τοῦ
3467 3108 3608 3161 Θεοῦ
3629 3148 3646 3171 ,

395 3201 562 3254 nister
590 3196 716 3251 Jesu
741 3196 943 3250 Christi
976 3196 1043 3249 ad
1071 3206 1292 3264 gentes,
1350 3196 1663 3250 ministrans
1718 3194 1926 3264 Evange

2115 3218 2139 3264 ς
2160 3200 2220 3253 τὸ
2240 3195 2377 3253 εἷναί
2411 3217 2479 3270 με
2509 3199 2820 3268 λειτουργὸν
2851 3200 3025 3269 Ἰησοῦ
3043 3199 3302 3271 Χριστοῦ,
3325 3202 3405 3264 είς
3424 3199 3492 3252 τὰ
3512 3199 3646 3269 ἔθνη

392 3294 522 3345 lium
552 3290 668 3351 Dei,
708 3298 767 3343 ut
800 3290 894 3343 fiat
929 3289 1132 3343 oblatio
1154 3288 1393 3357 gentium
1432 3286 1797 3357 aceeptabilis,
1835 3301 1923 3340 san

2116 3290 2445 3361 ρουργοῦντα
2472 3289 2534 3343 τὸ
2568 3289 2896 3358 Εύαγγέλιον
2928 3288 3021 3342 τοῦ
3054 3288 3211 3355 Θεοῦ,
3241 3290 3326 3342 ἵνα
3358 3290 3582 3357 γένηται
3612 3290 3647 3360 ἡ

394 3380 628 3434 ctificata
656 3378 708 3432 in
738 3378 941 3448 Spiritu
972 3386 1163 3437 sancto
1178 3377 1247 3429 ‘7.
1291 3395 1310 3428 ι
1349 3376 1488 3433 Ecce
1511 3379 1671 3431 etiam
1704 3378 1793 3432 hic
1839 3391 1925 3430 ma

2119 3380 2348 3453 οοσφορὰ
2397 3381 2506 3434 τῶν
2557 3380 2725 3434 ἐθνῶν
2770 3380 3167 3451 εὐπρόσδεκτος
3229 3380 3535 3451 ἡγιασμένη
3587 3383 3650 3432 ἐν

392 3471 589 3525 nifeste
614 3486 672 3524 se
701 3485 795 3539 per
848 3468 1077 3539 gratiam
1136 3466 1370 3522 aﬂlrmat
1433 3483 1461 3521 a
1521 3469 1629 3522 Deo
1686 3467 1923 3537 accepiss

2118 3473 2339 3544 νεύματι
2363 3474 2520 3544 ἁγίῳ.
2549 3493 2567 3525 ι
2601 3474 2731 3528 Ἰδοὺ
2758 3473 2919 3527 πάλιν
2943 3473 3129 3528 ἐνθάδε
3158 3474 3341 3542 σαφῶς
3364 3472 3649 3543 εἰληφέναι

391 3560 532 3627 quod
572 3559 645 3611 sit
674 3556 1061 3613 ministerJesu
1088 3556 1315 3611 Christi.
1344 3556 1547 3611 Deinde
1574 3558 1711 3612 sacri
1746 3560 1827 3611 sui
1858 3558 1922 3610 mi

2119 3569 2163 3619 ὲν
2200 3566 2258 3617 ἐν
2284 3564 2502 3635 χάριτος
2547 3564 2703 3634 μέρει
2736 3564 2889 3635 παρὰ
2922 3563 3016 3618 τοῦ
3065 3565 3199 3618 Θεοῦ
3255 3564 3650 3636 διῖσχυρίξεται

393 3654 600 3708 uisterii
624 3652 887 3706 rationem
915 3651 1222 3716 declarans,
1250 3669 1268 3701 ι
1304 3652 1355 3705 in
1377 3650 1744 3720 Evangelium,
1766 3650 1924 3719 inquit

2119 3683 2121 3699 ι
2149 3652 2287 3709 εἶναι
2326 3656 2637 3727 λειτουργὸς
2664 3656 2837 3727 Ἰησοῦ
2855 3655 3111 3726 Χριστοῦ.
3140 3653 3271 3711 Εἶτα
3297 3657 3394 3728 τῆς
3429 3658 3650 3728 ἱερουρ-

394 3746 486 3799 Dei
515 3745 605 3800 "3.
644 3762 663 3795 ι
722 3745 881 3813 Atqui
912 3743 1185 3798 Christum
1223 3742 1406 3797 Jesum
1455 3742 1756 3811 pradicans
1798 3752 1923 3811 atqu

2117 3749 2184 3810 ἀς
2216 3747 2306 3800 τὸν
2346 3748 2547 3819 τρόπον
2584 3747 2967 3818 ἐξηγούμενος,
3008 3766 3026 3799 ι
3067 3749 3147 3811 είς
3186 3748 3246 3801 τὸ
3272 3748 3610 3816 Εύαγγέλιον
3632 3787 3648 3813 ,

390 3836 789 3905 evangelizans,
806 3836 877 3889 ita
902 3835 1051 3889 novit
1068 3832 1263 3887 Filium
1290 3832 1606 3888 naturaliter
1632 3835 1796 3887 Deum
1818 3847 1921 3888 esst

2119 3840 2219 3908 νισι,
2246 3838 2338 3892 τοῦ
2375 3839 2530 3892 Θεοῦ.
2561 3858 2579 3891 ι
2617 3840 2807 3893 Καίτοι
2836 3840 3068 3911 Χριστὸν
3121 3839 3327 3910 Ἰησοῦν
3354 3839 3650 3910 κηρύσσων

390 3925 576 3996 Neque
617 3928 761 3981 enim
821 3926 1147 3980 nominasset
1207 3923 1397 3987 Deum,
1437 3925 1527 3993 qui
1577 3925 1628 3979 id
1662 3939 1726 3980 ex
1770 3935 1921 3979 natur

2120 3931 2155 3982 tl
2178 3930 2675 4000 εὐαγγελιζόμενος,
2703 3928 2875 3993 οὕτως
2905 3927 3013 3983 οἵδε
3036 3930 3197 4000 φύσει
3227 3930 3356 3985 Θεὸν
3394 3931 3523 3984 ὅντα
3551 3933 3651 3985 τὸν

391 4032 489 4072 sua
517 4034 623 4073 non
645 4026 784 4074 esset
808 4035 822 4083 ;
861 4031 1035 4085 neque
1065 4016 1170 4072 hac
1199 4015 1267 4071 de
1296 4032 1354 4071 re
1384 4027 1663 4085 tantopere
1701 4017 1922 4087 gloriare

2120 4022 2210 4074 ἱόν.
2245 4023 2321 4073 Οὐ
2350 4020 2458 4090 γὰρ
2488 4020 2552 4074 ἂν
2587 4021 2837 4091 ὠνόμασε
2866 4021 2998 4073 Θεὸν
3026 4022 3099 4092 μὴ
3130 4020 3287 4074 τοῦτο
3314 4021 3455 4075 κατὰ
3483 4023 3651 4092 φύσιν

394 4120 481 4163 ιιιι·
554 4108 740 4164 dicens
787 4126 801 4162 :
850 4129 867 4160 ι
903 4107 1302 4175 Beneplacitum
1360 4108 1462 4162 fuit
1533 4108 1641 4164 Deo
1718 4110 1925 4163 revelar

2121 4108 2395 4179 τάρχοντα·
2415 4107 2523 4160 οὐδ’
2545 4107 2611 4162 ἂν
2634 4108 2719 4177 ἐφ’
2748 4108 2928 4177 ἐαυτῷ
2968 4110 3101 4162 πολὺ
3136 4109 3255 4162 λίαν
3300 4111 3652 4182 ἐκαυχήσατο

392 4196 585 4255 Filium
616 4213 773 4254 suum
804 4212 900 4267 per
946 4212 1031 4251 me
1053 4197 1159 4265 ‘7“,
1183 4215 1201 4246 ι
1236 4197 1279 4251 si
1311 4208 1559 4253 creatura
1586 4209 1639 4254 et
1664 4214 1797 4269 Optls
1828 4199 1923 4255 fuis

2122 4216 2283 4268 γων,ι
2310 4200 2614 4271 Εὐδόκησεν
2639 4202 2668 4253 6
2696 4200 2827 4263 Θεὸς
2845 4200 3191 4269 ἀποκαλύψαι
3221 4201 3312 4255 τὸν
3328 4202 3451 4256 Υίὸν
3478 4205 3650 4259 αὐτοῦ

394 4300 494 4347 εει,
2061 4290 2128 4343 δι’
2166 4290 2324 4361 ἐμοῦ,
2359 4309 2379 4343 ι
2413 4291 2573 4362 εἴπερ
2616 4286 2685 4361 ἦν
2718 4290 2923 4361 κτίσμα
2959 4292 3053 4345 καὶ
3086 4292 3314 4363 ποίημα.

670 4420 754 4474 Ea:
780 4418 1019 4491 Epistola
1044 4421 1113 4474 ad
1149 4420 1449 4476 Corinthios
1481 4425 1671 4490 prima.

2422 4428 2522 4481 Ἐκ
2547 4426 2654 4493 τῆς
2673 4425 2824 4493 πρὸς
2843 4427 3189 4493 Κορινθίους
3220 4434 3290 4481 α’.

463 4560 539 4614 De
559 4559 889 4629 principibus
928 4557 1085 4626 hujus
1116 4559 1318 4624 saeculi,
1344 4570 1397 4615 et
1432 4560 1672 4629 ipsorum
1730 4561 1958 4617 stultitia
1992 4541 1994 4548 Ι

2138 4562 2274 4632 Περὶ
2292 4561 2398 4615 τῶν
2432 4560 2707 4631 ἀρχόντων
2743 4561 2838 4613 τοῦ
2865 4561 3061 4625 αἰῶνος
3102 4561 3289 4615 τούτου
3340 4563 3553 4634 καὶτῆς
3586 4538 3649 4619 ἐν

396 4649 554 4705 verba
612 4650 816 4704 faciens
860 4649 1099 4706 Paulus:
1132 4669 1151 4701 ι
1196 4650 1253 4706 Si
1274 4653 1417 4707 enim
1465 4653 1626 4721 272
1662 4656 1927 4709 novissent

2119 4653 2249 4718 ὅτοῖς
2283 4654 2494 4725 μωρίας
2544 4654 2673 4717 τοὺς
2725 4653 2916 4722 λόγους
2964 4653 3317 4724 ποιούμενος,
3370 4672 3389 4706 ι
3428 4657 3491 4709 El
3534 4660 3650 4729 γὰρ

394 4743 593 4813 inquit,
661 4758 764 4796 non
819 4744 1005 4813 utique
1060 4744 1342 4800 Dominum
1416 4745 1598 4813 gloria:
1659 4745 1925 4803 cruciﬂxis

2119 4762 2331 4809 rvwoav,
2359 4746 2541 4816 φησὶν,
2565 4746 2666 4800 οὐκ
2700 4745 2766 4798 ἂν
2787 4745 2877 4798 τὸν
2892 4743 3093 4817 Κύριον
3130 4747 3228 4815 τῆς
3262 4747 3419 4817 δόξης
3449 4751 3650 4803 ἐσταύ-

392 4831 597 4887 sent“.
632 4849 651 4883 ι
689 4830 746 4885 Si
776 4845 904 4901 ergo
952 4832 1120 4886 Filius
1166 4842 1248 4889 est
1301 4834 1559 4888 Dominus
1606 4835 1809 4905 gloriae,
1867 4852 1923 4905 (ιι

2118 4856 2271 4892 νσαν.
2314 4857 2333 4890 ι
2370 4838 2577 4893 Οὐκοῦν
2616 4840 2665 4891 εί
2709 4839 2806 4909 τῆς
2833 4836 2989 4908 δόξης
3042 4839 3248 4910 Κύριός
3302 4843 3447 4894 ἐστιν
3490 4843 3519 4893 6
3551 4845 3649 4897 τὸν

392 4939 490 4993 pro
524 4924 677 4978 nobis
696 4939 912 4979 crucem
947 4926 1204 4980 sustinuit
1228 4925 1294 4991 ”,
1321 4927 1589 4996 quomodo
1625 4943 1729 4982 non
1766 4929 1838 4983 sit
1863 4944 1923 4983 na

2112 4926 2300 4998 ταυρὸν
2326 4928 2623 4997 ὑπομείνας
2646 4928 2793 4991 Υἱὸς,
2829 4927 2945 4990 πῶς
2984 4928 3082 4982 οὐκ
3116 4928 3230 4982 ἔστι
3275 4930 3432 4998 φύσει
3464 4932 3601 4995 Θεός
3628 4951 3643 4999 ;

396 5025 511 5069 tura
546 5015 704 5081 Deus,
736 5023 829 5068 aut
857 5017 1126 5085 quomodo
1179 5019 1247 5072 sit
1297 5034 1431 5089 opus
1460 5020 1542 5073 vel
1563 5031 1835 5085 creatura,
1866 5036 1927 5091 qu

2118 5020 2186 5082 ῶς
2212 5019 2270 5073 δέ
2312 5021 2516 5089 κτίσμα
2550 5018 2583 5088 ἢ
2636 5019 2865 5088 ποίημα,
2908 5020 2936 5071 6
2967 5020 3059 5072 καὶ
3114 5020 3219 5073 ὐπὸ
3254 5021 3361 5074 τῶν
3392 5023 3649 5095 Σεραφὶμ

392 5121 423 5159 a
454 5104 739 5177 Seraphin:
776 5106 1127 5162 decantatur?
1148 5108 1341 5165 Plenos
1382 5111 1525 5165 enim
1550 5111 1785 5166 clamant
1838 5127 1923 5168 ess

2116 5110 2434 5181 μνούμενος;
2465 5110 2654 5180 Πλήρη
2696 5110 2801 5179 γὰρ
2852 5103 2992 5162 εἷναί
3022 5126 3153 5179 φασι
3186 5111 3279 5163 τόν
3306 5128 3366 5164 τε
3412 5112 3647 5183 οὐρανὸν

392 5198 560 5253 caelos
584 5212 637 5254 et
657 5209 852 5253 terram
885 5200 1055 5269 gloria
1087 5201 1255 5271 ipsius
1279 5238 1297 5267 ,
1336 5213 1390 5257 et
1419 5203 1700 5258 Dominum
1728 5204 1923 5261 Sabaot

2112 5206 2155 5255 ιὶ
2184 5202 2281 5273 τὴν
2303 5203 2406 5272 γῆν
2433 5204 2532 5272 τῆς
2580 5201 2739 5271 δόξης
2793 5201 2977 5255 αὐτοῦ·
3009 5202 3104 5255 καὶ
3152 5204 3355 5274 Κύριον
3411 5205 3643 5259 Σαϐαὼθ

393 5290 665 5360 appellant
693 5291 781 5343 δ”.
832 5289 1174 5347 Manifestum
1239 5295 1382 5349 enim
1436 5306 1520 5350 est
1568 5296 1634 5351 de
1692 5296 1807 5366 ipso
1863 5296 1924 5351 bo

2112 5294 2405 5366 ιομάζουσι.
2428 5293 2599 5364 Δῆλον
2651 5294 2760 5365 γὰρ
2803 5294 2885 5347 ὅτι
2931 5294 3062 5365 περ)⁹
3114 5295 3282 5348 αὐτοῦ
3311 5294 3378 5349 τὰ
3410 5296 3643 5349 τοιαῦτά

394 5383 521 5447 dici,
552 5383 817 5453 siquidem
871 5395 953 5439 est
978 5384 1235 5441 Dominus
1286 5387 1489 5456 gloriae,
1520 5386 1672 5455 juxta
1710 5388 1856 5443 Pauli
1881 5389 1925 5443 di

2107 5404 2242 5452 ασιν,
2276 5386 2433 5456 εῐπερ
2468 5386 2583 5438 ἐστὶ
2604 5385 2701 5455 τῆς
2738 5386 2896 5457 δόξης
2934 5386 3170 5457 Κύριος,
3210 5388 3349 5441 κατά
3383 5388 3482 5459 τήν
3540 5389 3638 5441 τοῦ

393 5482 558 5528 ctum.

2058 5478 2271 5532 Παύλου
2308 5480 2510 5549 φωνήν.

464 5654 511 5728 ξ’
536 5653 796 5728 Joan._vl,
824 5652 913 5709 40.
983 5652 1037 5728 ff
1063 5653 1216 5728 Joan.
1238 5670 1313 5728 τι,
1337 5654 1432 5728 βξ.
1510 5653 1555 5685 ⁸⁸
1582 5654 1873 5728 Ephesi",
1900 5654 1987 5728 lt,

2105 5695 2106 5702 η
2158 5653 2230 5728 A“
2259 5654 2410 5728 Rmn_.
2451 5671 2502 5720 κ,
2531 5657 2581 5719 8,
2616 5658 2667 5711 9.
2750 5658 2792 5689 ⁸⁷
2826 5656 2982 5714 item.
3013 5674 3101 5728 xv,
3136 5660 3215 5725 l5,
3245 5659 3329 5715 16.
3399 5662 3462 5693 ⁸⁷·
3493 5659 3636 5718 Rom

388 5734 435 5787 ι.
472 5725 521 5779 1.
582 5725 666 5757 ⁸⁷³·
689 5724 867 5780 Gatat.
898 5742 936 5793 ι,
973 5726 1062 5791 15,
1092 5724 1178 5778 16.
1256 5724 1300 5756 ⁸⁴
1333 5724 1502 5779 lCor.
1532 5740 1591 5791 ιι,
1625 5725 1676 5779 8.
1753 5725 1797 5755 ³⁸
1835 5722 1919 5777 lle]

1143 5725 1178 5778 ἲ.
1256 5724 1300 5756 ⁸⁴
1333 5724 1502 5779 lCor.
1532 5740 1591 5791 ιι,
1625 5725 1676 5779 8.
1753 5725 1797 5755 ³⁸
1835 5722 1995 5779 llebr.
2029 5740 2123 5791 xu,
2151 5724 2206 5780 2.
2286 5728 2350 5757 ⁴⁹⁵
2383 5726 2483 5783 lsa.
2519 5743 2591 5791 vt,
2624 5730 2674 5782 5.
