3878 6208
221 343 302 400 “il

867 454 1069 513 ΛΑΜ).

286 588 302 621 ι
344 567 519 632 Οὕτω,
576 568 760 639 φησιν,
810 570 957 640 ἡμᾶς
1013 569 1310 640 λογιζέσθω
1367 562 1649 641 ἄνθρωπος
1682 560 1758 631 ὡς

221 660 465 731 ὑπηρέτας
485 657 745 731 Χριστοῦ,
775 660 870 713 καὶ
892 661 1205 731 οἰκονόμους
1231 660 1540 731 μυστηρίων
1566 658 1751 713 Θεοῦ.»

219 755 275 808 El
300 754 460 807 τοίνυν
495 753 555 806 τὸ
584 751 713 824 περὶ
759 751 856 809 τοῦ
879 751 1010 805 Υίοῦ
1049 753 1363 824 μυστήριον,
1387 749 1522 804 Θεοῦ
1552 746 1760 821 μυστή-

223 862 318 915 ριον
338 847 363 898 6
387 843 594 908 Παῦλος
626 843 912 909 ἀποκαλεῖ,
947 843 1064 908 πῶς
1097 845 1195 897 οὐκ
1222 842 1371 895 ἔσται
1405 838 1564 912 φύσει
1588 838 1719 905 Θεὸς
1741 882 1755 907 ,

219 935 248 1005 ἢ
284 934 383 997 πῶς
419 937 474 987 ἐν
508 933 776 1004 ποιήμασι
808 932 1091 998 τετάξεται
1118 935 1146 986 6
1175 932 1262 986 διὰ
1301 932 1410 986 τῶν
1447 922 1761 985 ἀποστόλων

220 1024 657 1098 ὑπηρετούμενος;
690 1024 817 1089 Πῶς
870 1025 927 1078 δὲ
974 1026 1074 1079 οὐκ
1121 1023 1428 1096 ἀληθεύσει,
1468 1021 1603 1076 Θεοῦ
1660 1038 1762 1093 μυ-

220 1119 410 1187 στήριον
434 1116 712 1187 ὀνομάζων
754 1117 814 1170 τὸ
867 1116 1197 1186 Εὑαγγέλιον
1248 1115 1523 1188 Χριστοῦ,
1554 1117 1582 1169 6
1626 1115 1762 1186 μετὰ

218 1208 393 1278 πολλῆς
427 1209 734 1281 παρρησίας
761 1206 950 1262 εἰπών·
992 1229 1009 1260 ι
1034 1209 1168 1262 Οὐδὲ
1197 1208 1304 1279 γὰρ
1328 1208 1437 1276 ἐγὼ
1465 1209 1616 1278 παρά
1666 1208 1762 1260 ἀν-

218 1299 411 1369 θρώπου
441 1299 749 1370 παρέλαϐον
789 1299 939 1367 αὐτὸ,
996 1300 1117 1354 οὐδὲ
1161 1299 1444 1370 ἐδιδάχθην
1467 1340 1482 1364 ,
1516 1299 1630 1353 ἀλλ’
1659 1298 1764 1353 ὑπὸ

216 1388 299 1441 τοῦ
324 1388 446 1442 Θεοῦ
473 1388 669 1459 δηλαδή
689 1407 703 1455 ;
727 1408 746 1439 ι
782 1389 910 1442 ’Ὀτε
941 1389 1120 1442 τοίνυν
1146 1388 1483 1449 θεοδίδακτος
1517 1386 1613 1451 ὢν,
1631 1387 1764 1441 Θεὸν

215 1476 328 1528 ὄντα
359 1477 443 1528 τὸν
466 1477 592 1529 Υίὸν
619 1476 990 1545 ἐπιγινώσκει,
1026 1479 1108 1541 τίς
1141 1477 1251 1530 τῶν
1291 1478 1455 1549 ἕτερα
1482 1478 1763 1532 διδασκόν-

215 1584 309 1619 των
332 1566 572 1633 ἀνέξεται
595 1586 609 1633 ;

882 1685 1085 1738 AAAO.

1623 328 2056 395 THESAURUS.

1785 464 1833 518 Α

3318 333 3425 399 462

2521 446 2750 510 ALIUD.

1936 589 1954 620 ‹
1997 559 2313 639 lta,inquit,
2348 584 2444 625 nos
2474 568 2747 624 existimet
2802 568 2965 623 homo
3031 577 3091 623 ut
3144 569 3426 627 ministros

1859 658 2084 724 Christi,
2118 669 2171 714 et
2197 660 2598 729 dispensatores
2629 659 3010 731 mysteriorum
3063 660 3155 716 Dei
3209 662 3277 716 '°.
3315 683 3333 714 ι
3367 663 3423 717 Si

1859 760 1988 819 ergo
2023 751 2338 822 mysterium
2366 740 2508 813 Filii,
2544 750 2860 821 mysterium
2899 750 2990 806 Dei
3022 749 3219 807 Paulus
3245 762 3424 816 vocat,

1860 844 2128 910 quomodo
2155 856 2259 897 non
2285 842 2390 895 erit
2424 851 2620 895 natura
2655 841 2816 908 Deus,
2844 850 2939 896 aut
2983 843 3255 911 quomodo
3273 858 3423 898 crea-

1862 934 1998 988 turis
2053 924 2495 989 annumerabitur
2542 934 2588 989 is
2651 935 2736 990 cui
2799 934 3028 1004 apostoli
3074 934 3424 990 ministrant?

1861 1024 2139 1091 Quomodo
2173 1034 2353 1080 autem
2385 1042 2490 1081 non
2529 1040 2717 1081 verum
2766 1027 2927 1093 dicat,
2962 1024 3056 1080 Dei
3106 1026 3423 1097 mysterium

1863 1117 2136 1188 appellans
2163 1115 2510 1190 Evangelium
2555 1115 2781 1182 Christi,
2813 1118 3013 1187 quique
3036 1132 3228 1188 magna
3260 1116 3424 1173 animi

1865 1208 2058 1263 ﬁducia
2110 1209 2284 1263 dixit:
2319 1227 2337 1260 ι
2372 1209 2479 1279 Ego
2507 1209 2651 1263 enim
2703 1224 2807 1263 non
2858 1209 3038 1279 accepi
3092 1211 3160 1264 ab
3186 1209 3423 1272 homine,

1865 1316 2037 1371 neque
2055 1301 2245 1356 doctus
2275 1302 2524 1365 sum,sed
2559 1317 2588 1354 a
2617 1302 2724 1356 Deo
2746 1300 2828 1353 "2
2855 1321 2874 1354 ι
2907 1305 3039 1356 Cum
3063 1301 3226 1371 igitur
3252 1316 3281 1355 a
3315 1301 3427 1356 Deo

1863 1394 2109 1459 edoctus,
2134 1394 2327 1449 Filium
2358 1396 2522 1450 Deum
2552 1409 2671 1450 esse
2699 1403 2976 1464 agnoscat,
3000 1395 3121 1464 quis
3146 1394 3428 1450 haereticos

1864 1487 2084 1541 audiat?

2525 1681 2758 1745 ALIUD.

282 1823 298 1854 ι
329 1804 505 1867 Ὥστε,
546 1800 699 1872 φησὶ,
737 1799 811 1871 μὴ
842 1798 949 1869 πρὸ
977 1796 1166 1868 καιροῦ
1204 1813 1257 1849 τι
1287 1793 1523 1869 κρίνετε,
1558 1797 1661 1862 ἕως
1692 1794 1758 1850 ἃν

1936 1818 1955 1851 ι
1988 1794 2271 1867 Quocirca,
2309 1792 2500 1869 inquit,
2561 1799 2726 1853 nolite
2779 1809 2905 1853 ante
2950 1809 3164 1869 tempus
3224 1797 3427 1871 aliquid

212 1896 329 1968 ἔλθῃ
353 1898 378 1948 6
407 1894 632 1966 Κύριος,
672 1893 728 1955 ὃς
785 1891 881 1944 καὶ
914 1889 1136 1959 φωτίσει
1168 1889 1236 1942 τά
1270 1887 1489 1959 κρυπτά
1514 1888 1608 1942 τοῦ
1638 1887 1764 1942 σκό-

210 2004 341 2050 τους,
368 1986 460 2038 καὶ
503 1980 805 2055 φανερώσει
854 1981 953 2044 τὰς
979 1978 1195 2051 -βουλάς
1239 1980 1349 2033 τῶν
1378 1979 1637 2050 καρδιῶν,
1668 1980 1764 2033 καὶ

209 2077 321 2130 τότε
350 2079 376 2130 6
406 2072 624 2139 ἔπαινος
659 2075 946 2144 γενήσεται
1001 2071 1216 2143 ἑκάστῳ
1245 2071 1353 2124 ἀπὸ
1394 2070 1487 2125 τοῦ
1540 2070 1698 2125 Θεοῦ.
1737 2089 1756 2121 ι

220 2168 303 2220 Ἐν
328 2167 380 2221 δὲ
402 2168 514 2229 τοῖς
562 2163 936 2232 Εὑαγγελίοις,
974 2162 1194 2231 στήσειν
1227 2158 1326 2232 μὲν
1366 2162 1431 2214 ἐκ
1484 2159 1672 2225 δεξιῶν
1696 2159 1768 2213 τά

208 2256 460 2328 πρόϐατα,
501 2252 560 2319 ἐξ
584 2253 878 2323 εὐωνύμων
905 2252 961 2306 δέ
993 2254 1061 2306 τὰ
1098 2246 1285 2323 ἐρίφια
1327 2251 1561 2323 Χριστὸς
1593 2253 1765 2321 ἐπαγι-

206 2349 464 2417 γέλλεται,
493 2345 635 2400 κατὰ
659 2347 750 2399 τὸν
766 2345 954 2415 καιρὸν
978 2345 1074 2415 τῆς
1100 2344 1358 2415 δευτέρας
1375 2344 1539 2397 αὐτοῦ
1565 2360 1770 2413 παρου-

208 2442 343 2505 σίας·
375 2441 467 2494 καὶ
500 2440 626 2502 τοὺς
656 2438 753 2509 μὲν
785 2437 886 2507 τῆς
905 2436 1135 2507 ἀνομίας
1185 2436 1422 2506 ἐργάτας
1466 2433 1768 2504 ἐκπέμψειν

206 2535 283 2596 είς
308 2532 365 2585 τὸ
387 2530 498 2603 πῦρ
525 2530 586 2583 τὸ
615 2528 854 2595 αἰώνιον,
887 2529 1002 2591 τοῖς
1025 2525 1083 2580 δέ
1111 2542 1174 2595 γε
1198 2524 1290 2579 τὸν
1317 2523 1487 2590 δεξιὸν
1517 2526 1770 2594 ἐπέχουσι

205 2622 362 2677 τῆπον
393 2622 519 2684 τοὺς
543 2621 801 2682 ἐπαίνους
851 2617 988 2689 ὁμοῦ
1034 2619 1149 2682 τοῖς
1197 2616 1410 2688 μισθοῖς
1444 2617 1767 2683 ἀποδώσειν,

1860 1895 2123 1966 judicare,
2158 1893 2329 1948 donec
2358 1891 2567 1947 venerit
2594 1892 2868 1955 Dominus,
2905 1892 2993 1961 qni
3024 1900 3080 1945 et
3108 1892 3431 1948 illuminabit

1865 1987 2073 2043 occulta
2103 1986 2469 2048 tenebrarum,
2534 1992 2588 2037 et
2637 1982 3003 2038 manilestabit
3058 1983 3280 2038 consilia
3309 2000 3432 2039 core

1867 2079 2036 2143 dium,
2066 2087 2120 2131 et
2153 2084 2282 2131 tunc
2333 2074 2621 2143 unicuique
2675 2073 2791 2128 laus
2848 2074 2939 2128 ﬂet
2995 2077 3062 2128 ab
3104 2072 3260 2129 en".
3297 2094 3317 2129 ι
3371 2066 3429 2129 In

1846 2163 2169 2247 .Evangeliis
2202 2175 2377 2222 autem
2404 2165 2681 2230 scribitur,
2709 2162 2853 2234 quod
2914 2165 2966 2220 in
3026 2166 3315 2223 novissimo
3344 2168 3433 2221 die

1867 2263 2115 2317 Christus
2140 2274 2269 2317 oves
2295 2258 2362 2313 ab
2389 2258 2556 2313 haedis
2579 2257 2873 2327 separabit,
2916 2268 3079 2327 atque
3138 2273 3265 2314 oves
3312 2259 3432 2327 quid

1869 2353 1990 2408 dem
2023 2367 2053 2407 a
2095 2351 2321 2415 dextris,
2363 2344 2545 2404 haedos
2573 2358 2754 2404 autem
2786 2362 2814 2402 a
2841 2336 3077 2404 sinistris
3100 2348 3381 2404 collocabit
3412 2366 3427 2403 ε

1870 2443 2039 2499 malos
2100 2444 2315 2514 quidem
2376 2442 2640 2496 missurus
2696 2440 2748 2495 in
2818 2440 2997 2511 ignem
3056 2450 3357 2506 aeternum;
3401 2457 3431 2496 τι

1870 2534 2057 2591 dext'ra
2088 2551 2218 2591 vero
2248 2534 2556 2590 constitutis
2572 2533 2758 2588 laudes
2782 2547 2888 2586 una
2920 2547 3041 2586 cum
3066 2532 3301 2602 praemiis
3328 2532 3435 2587 Iar-

1870 2627 2104 2697 giturus,
2136 2625 2357 2680 dicens:
2391 2642 2409 2675 ι
2448 2623 2658 2689 Venite,
2687 2621 2960 2678 benedicti
2990 2620 3172 2677 Patris
3218 2622 3345 2686 mel,
3376 2632 3435 2677 et

203 2715 369 2783 λέγων
397 2714 478 2775 τὸ,
514 2731 531 2765 ι
559 2711 747 2777 Δεῦτε,
777 2713 824 2764 οἱ
853 2709 1209 2781 εὐλογημένοι
1266 2708 1362 2763 τοῦ
1388 2709 1599 2782 Πατρός
1634 2727 1765 2781 μου,

1876 2715 2139 2783 possidete
2170 2728 2391 2784 regnum
2430 2712 2572 2783 quod
2595 2721 2839 2780 paratum
2870 2718 2957 2766 est
3002 2711 3158 2766 vobis
3213 2726 3242 2765 a
3295 2726 3432 2764 con-

203 2803 644 2875 κληρονομήσατε
696 2801 795 2873 τὴν
853 2801 1261 2873 ἡτοιμασμένην
1311 2800 1440 2871 ὑμῖν
1497 2801 1765 2872 βασιλείαν

1876 2806 2151 2862 stitutione
2179 2804 2363 2859 mundi
2392 2804 2458 2857 ⁵³.
2500 2823 2519 2855 ι
2551 2801 2606 2857 Si
2638 2818 2768 2874 ergo
2796 2818 2919 2858 cum
2950 2802 3169 2857 virtutis
3194 2802 3434 2857 cultores

202 2896 315 2949 ἀπὸ
344 2895 649 2965 καταϐολῆς
677 2897 909 2967 κόσμου.
942 2913 962 2946 ›
1006 2893 1213 2947 Οὐκοῦν
1243 2895 1293 2947 εἰ
1323 2894 1415 2947 τὸν
1442 2895 1539 2965 τῆς
1570 2896 1765 2967 ἀρετῆς

1876 2899 2122 2955 laudibus
2149 2897 2438 2952 aﬂ‘ecturus
2468 2906 2551 2951 est
2579 2896 2744 2960 Deus,
2770 2895 3019 2952 Christus
3045 2904 3130 2950 est
3172 2896 3265 2966 qui
3314 2895 3435 2949 ian-

202 2989 435 3061 ἐργάτην
473 2988 568 3041 καὶ
614 2989 954 3059 ἐπιστήμονα
1004 2986 1311 3040 ἐπαινέσειν
1367 2988 1649 3059 μέλλοντος
1680 2988 1765 3042 τοῦ

1876 2993 1989 3057 dat,
2019 2993 2289 3062 quomodo
2314 2991 2385 3046 sit
2414 2998 2683 3055 creatura,
2706 2998 2761 3044 et
2792 3004 2897 3043 non
2951 2988 3133 3059 potius
3187 2986 3329 3044 Deus
3366 3000 3434 3043 ex

200 3079 357 3144 Θεοῦ,
385 3079 618 3151 Χριστός
648 3081 795 3132 ἐστιν
827 3080 857 3130 6
906 3077 1164 3145 ἐπαινῶν,
1192 3078 1309 3142 πῶς
1348 3078 1500 3132 ἔσται
1528 3080 1765 3151 ποίημα,

1876 3085 2008 3149 Deo,
2045 3084 2349 3138 universam
2368 3089 2603 3151 paternae
2665 3080 2914 3135 essentia:
2960 3078 3350 3149 proprietatem
3380 3079 3435 3135 in

200 3171 297 3224 καὶ
320 3141 452 3240 οὐχὶ.
474 3169 675 3240 μᾶλλον
709 3168 841 3233 Θεὸς
868 3170 933 3223 ἐκ
965 3168 1123 3233 Θεοῦ,
1150 3141 1261 3240 τῆς
1290 3169 1551 3242 πατρῴας
1586 3141 1765 3235 οὐσίας

1876 3191 1936 3232 se
1964 3141 2167 3231 habens
2187 3184 2349 3245 atque
2368 3141 2578 3229 idcirco
2609 3172 2747 3228 Deus
2774 3141 3079 3238 exsistens;
3104 3171 3327 3243 perinde
3355 3178 3439 3227 et.

196 3261 320 3313 ὅλον
340 3261 479 3331 ἔχων
527 3260 589 3314 τὸ
645 3262 797 3325 ἴδιον,
832 3261 928 3314 καὶ
974 3258 1049 3313 ὣν
1092 3260 1182 3313 διὰ
1231 3261 1389 3314 τοῦτο
1423 3261 1582 3329 φύσει
1615 3262 1765 3330 Θεὸς,

1876 3283 1981 3339 que
2020 3268 2131 3339 ipse
2149 3265 2346 3321 Pater?

196 3352 390 3423 ὥσπερ
428 3352 523 3405 καὶ⁵
548 3353 577 3404 6
603 3355 871 3422 γεννήσας
915 3351 1112 3413 αὐτόν;

882 3467 1084 3520 ΑΛΛο.

2538 3464 2771 3525 ALIUD.

277 3602 296 3633 ι
336 3581 488 3636 Δοκῶ
516 3582 645 3653 γὰρ,
687 3582 870 3653 φησὶν,
905 3582 933 3633 6
966 3581 1097 3647 Θεὸς
1121 3585 1268 3654 ημᾶς
1294 3585 1418 3646 τοὺς
1450 3579 1777 3648 ἀποστόλους

192 3678 463 3747 ἐσχάτους
496 3677 773 3742 ἀπέδειξεν
818 3672 895 3740 ὡς
943 3677 1341 3741 ἐπιθανατίους.
1388 3696 1406 3729 ι
1458 3677 1586 3731 Ἰδοὺ
1616 3678 1778 3732 πάλιν

188 3770 329 3831 τοὺς
378 3770 568 3837 ἁγίους
622 3769 953 3832 ἀποστόλους
1008 3770 1285 3835 ἀποδεῖξαι
1339 3768 1631 3840 λεγομένου
1684 3768 1778 3822 τοῦ

188 3856 359 3922 Θεοῦ,
384 3859 615 3928 Χριστός
650 3860 798 3912 ἐστιν
826 3860 854 3911 6
883 3858 1187 3924 ἀναδείξας.
1222 3857 1347 3922 Πῶς
1374 3855 1468 3912 οῦν
1492 3858 1598 3931 [οὐ]
1617 3859 1797 3928 φύσει

185 3952 354 4017 Θεὸς,
387 3954 415 4005 6
441 3952 596 4006 τοῦτο
627 3951 700 4005 ὢν
725 3952 820 4006 καὶ
853 3951 1217 4023 καλούμενος;
1255 3951 1312 4002 '0
1340 3950 1395 4003 δέ
1422 3949 1592 4014 οὕτως
1617 3949 1777 4020 ἔχων,

189 4044 319 4106 πῶς
346 4044 496 4097 ἔσται
525 4046 741 4115 ποιητός
761 4061 777 4110 ;

896 4156 1101 4209 AAAO.

1951 3612 1969 3645 ι
2011 3580 2174 3655 Deus,
2213 3589 2405 3659 inquit,
2443 3603 2541 3643 nos
2570 3584 2839 3656 apostolos
2887 3582 3214 3641 novissimos
3264 3592 3443 3640 osten-

1878 3686 1958 3740 dit
1990 3695 2243 3753 tanquam
2269 3681 2427 3737 morti
2453 3679 2745 3735 destinatos
2772 3677 2841 3730 “.
2870 3696 2888 3728 ι
2912 3675 3050 3731 Ecce
3076 3688 3284 3740 rursus,
3316 3690 3441 3730 cum

1883 3779 2022 3833 Deus
2050 3778 2262 3830 dicatur
2290 3782 2513 3827 sanctos
2546 3769 2818 3840 apostolos
2841 3767 3163 3833 declarasse,
3195 3766 3443 3823 Christus

1880 3878 1963 3925 est
1987 3869 2076 3938 qui
2104 3882 2197 3925 eos
2222 3864 2536 3921 declaravit.
2563 3862 2840 3929 Quomodo
2870 3859 3034 3930 igitur
3096 3874 3202 3913 non
3229 3859 3300 3913 sit
3346 3874 3444 3913 na-

1882 3973 2000 4015 tura
2038 3961 2196 4023 Deus,
2221 3957 2434 4027 quihoc
2462 3960 2544 4010 est
2576 3964 2628 4008 et
2657 3952 2917 4008 vocatur?
2965 3953 3036 4006 At
3060 3950 3151 4021 qui
3175 3950 3321 4005 itase
3344 3951 3442 4005 ha-

1882 4052 1991 4115 bet,
2018 4047 2290 4118 qnomodo
2317 4046 2390 4099 sit
2414 4043 2711 4100 creatura?

2444 4157 2606 4229 273
2649 4154 2885 4212 ALIUD.

272 4292 291 4323 σ
346 4272 664 4344 Ἐγενόμην,
719 4287 872 4340 φησι,
937 4270 1047 4331 τοῖς
1098 4266 1318 4336 ἀνόμοις
1345 4263 1421 4328 ὡς
1457 4262 1677 4332 ἄνομος,
1708 4263 1765 4333 μ’]

1958 4298 1976 4329 ι
2018 4276 2212 4330 Factus
2240 4289 2380 4336 sum,
2413 4273 2608 4341 inquit,
2634 4287 2737 4325 non
2768 4269 3089 4325 habentibus
3118 4269 3449 4341 legem,tan-

182 4371 272 4422 ὢν
302 4369 506 4438 ἄνομος
555 4366 711 4430 Θεοῦ,
769 4366 883 4419 ἀλλ’
924 4364 1147 4434 ἔννομος
1196 4358 1466 4432 Χριστοῦ,
1529 4358 1617 4411 ἵνα
1656 4374 1765 4428 κερ¹

1884 4387 2043 4441 quam
2068 4385 2173 4423 non
2207 4366 2409 4421 habens
2458 4366 2648 4433 legem,
2680 4377 2801 4416 cum
2831 4377 2936 4416 non
2963 4362 3064 4416 sim
3097 4377 3201 4417 non
3244 4361 3448 4416 habens

178 4463 345 4517 8ivw
369 4465 498 4525 τοὺς
525 4461 778 4530 ἀνόμους.
817 4477 835 4509 ι
890 4456 1021 4517 Θεὸς
1054 4450 1150 4507 οὖν
1178 4452 1287 4524 ἄρα
1333 4453 1363 4504 6
1402 4450 1674 4521 Χριστὸς,
1721 4444 1765 4503 οἶ

1885 4462 2055 4533 lcgem
2117 4458 2246 4521 Dei;
2304 4455 2397 4510 sed
2471 4453 2672 4507 habens
2702 4452 2870 4522 legem
2897 4450 3121 4514 Christi,
3177 4460 3237 4504 ut
3287 4449 3449 4504 lueri-

178 4556 286 4607 τὸν
323 4554 493 4623 νόμον
515 4553 745 4621 ἔχοντες,
784 4550 884 4601 οὐκ
930 4548 1095 4617 ἐσμὲν
1143 4544 1334 4615 ἄνομοι
1375 4540 1531 4594 Θεοῦ.
1562 4541 1684 4593 ’Ὁτι
1719 4538 1765 4593 δὲ

1886 4555 2077 4609 faciam
2135 4563 2227 4604 eos
2277 4548 2365 4617 qui
2418 4545 2587 4613 legem
2662 4558 2765 4597 non
2844 4542 3042 4597 habent
3096 4541 3164 4595 ⁵³.
3225 4559 3245 4593 ι
3310 4538 3451 4595 Deus

178 4645 367 4698 πάλιν
404 4645 550 4715 μόνῳ
600 4642 717 4714 Θεῷ
777 4640 838 4694 τὸ
882 4638 1191 4710 νομοθετεῖν
1239 4635 1470 4700 οίκεὶον,
1520 4633 1619 4686 οὐκ
1665 4633 1765 4702 ἀμ-

1883 4648 2064 4715 itaque
2111 4651 2193 4695 est
2243 4638 2510 4699 Christus,
2559 4632 2711 4701 cujus
2764 4631 2929 4702 legem
2970 4630 3063 4701 qui
3097 4630 3314 4695 habent,
3344 4645 3450 4684 non

175 4738 448 4807 φίϐο).ον.
1884 4746 2072 4792 carent
2099 4733 2192 4786 Dei
2218 4732 2351 4801 lege.
2384 4728 2537 4795 Quod
2563 4742 2689 4781 vero
2719 4725 2815 4780 soli
2848 4723 2956 4779 Deo
2991 4724 3277 4780 conveniat
3304 4721 3448 4792 leges

1886 4827 2047 4891 ferre,
2080 4824 2297 4880 dubium
2334 4835 2440 4875 non
2471 4826 2574 4872 est.
2666 4841 2674 4849 -

541 4941 641 4992 Ἐκ
670 4936 779 5006 τῆς
804 4934 952 5003 πρὸς
993 4931 1340 5001 Κορινθίους
1370 4929 1451 4995 β’.

2123 4916 2203 4970 Ea:
2242 4906 2483 4982 Epistola
2518 4910 2585 4962 ad
2608 4907 2903 4963 Corinthios
2928 4906 3176 4960 secunda.

1958 5070 1978 5104 ι
2014 5050 2295 5113 Nolumus,
2316 5046 2510 5115 inquit,
2529 5058 2625 5097 vos
2652 5043 2920 5110 ignorare,
2945 5040 3162 5104 fratres,
3192 5039 3258 5093 de
3281 5039 3455 5091 tribu-

270 5097 291 5126 ι
336 5079 419 5130 Οὐ
447 5077 553 5145 γὰρ
585 5074 810 5142 Θέλομεν
841 5070 1006 5140 ὑμᾶς,
1057 5068 1246 5139 φησιν,
1280 5064 1513 5132 ἀγνοεῖν,
1542 5055 1780 5128 ἀδελφοὶ,
1892 5142 1903 5145 Δ
1958 5070 1978 5104 ι
2014 5055 2295 5113 Nolumus,
2316 5055 2656 5145 quIlil.,VDS.l

1844 5181 1849 5187 -
1891 5142 2091 5197 latione
2117 5147 2301 5194 nostra
2322 5134 2462 5188 facta
2486 5133 2539 5186 iu
2568 5132 2714 5195 Asia,
2748 5129 3001 5198 quoniam
3031 5141 3192 5196 supra
3238 5126 3456 5180 modum

166 5172 342 5240 ὑπὲρ
373 5168 475 5239 τῆς
506 5166 734 5235 θλίψεως
782 5163 939 5235 ἡμῶν
971 5162 1069 5231 τῆς
1092 5158 1387 5229 γενομένης
1429 5157 1487 5208 έν
1510 5157 1574 5225 τῇ
1605 5154 1783 5224 Ἀσίᾳ,
1844 5181 1849 5187 -
1892 5154 2091 5197 latione
2117 5154 2301 5194 ηοω-ιι
2322 5154 2462 5188 laeta
2486 5154 2539 5186 In
2568 5154 2714 5236 fis”,
2748 5154 3001 5233 quoniam
3031 5154 3192 5240 supra
3238 5154 3362 5232 uruu.

162 5220 770 5332 ietv;ab"bmpbohhv
804 5220 944 5325 ῦπέρ
981 5220 1606 5322 δῦναμινυὲϐαρήθημεν,
1640 5220 1765 5299 ὥστε

1891 5233 2097 5306 gravati
2136 5241 2504 5297 sumussupra
2537 5225 2817 5286 virtutem,
2845 5223 2919 5275 ita
2942 5230 3003 5275 ut
3034 5220 3254 5275 taederet
3292 5220 3457 5273 etiam

163 5314 617 5423 ἐξαπορηθῆναι
646 5314 792 5419 ήμίίς
814 5314 926 5400 xui.
944 5342 1038 5396 τοῦ
1080 5314 1202 5411 Civ
1253 5314 1368 5393 ἀλλ’
1398 5314 1553 5391 αὐτοὶ
1594 5338 1651 5388 ἐν
1682 5334 1765 5388 αὖε

1890 5340 1991 5383 nos
2018 5325 2235 5377 vivere:
2274 5320 2368 5375 sed
2421 5316 2519 5388 ipsi
2567 5316 2620 5369 in
2674 5314 3076 5381 nobismetipsis
3141 5322 3456 5379 responsum

2037 5417 2049 5423 -
2110 5417 2122 5423 -
2178 5413 2193 5423 ι
2254 5412 2266 5423 ι
2418 5415 2428 5423 .
2476 5420 2485 5423 -
2664 5407 2697 5423 κ·
2724 5421 2749 5423 ,_
2784 5404 3063 5423 ,AnJ-_._-
3090 5401 3139 5423 2--
3176 5399 3326 5423 ..-ι-2..
3366 5399 3456 5423 ..ΑΛ

913 5399 1146 5488 θανάτοῦ
1182 5432 1518 5501 ἐσχήκαμεν,
1576 5428 1665 5481 ἴνα
1709 5425 1765 5496 μὶ

1892 5417 2083 5473 mortis
2110 5412 2492 5476 habuimus,’ut
2521 5423 2626 5463 non
2657 5407 2825 5462 simus
2841 5404 3066 5458 ﬁdentes
3089 5401 3143 5455 in
3174 5399 3459 5460 nobis,sed

1897 5511 1905 5512 κ
1972 5508 2002 5512 _
2191 5506 2203 5512 -
2368 5504 2379 5512 .
2450 5511 2454 5512 ,
2615 5508 2622 5512 .
2755 5497 2798 5512 ιι
2901 5495 2965 5512 πμ
2987 5508 3030 5512 ,-
3095 5506 3279 5512 _-__-__-
3368 5489 3457 5512 LL.

164 5490 539 5597 ⁸πεποιθότες
590 5490 737 5603 ἔμεν
768 5531 852 5600 ἐφ’
880 5529 1113 5589 ἑαυτοῖς,
1167 5521 1283 5576 ἀλλ’
1323 5522 1416 5575 ἐπὶ
1463 5519 1540 5589 τῷ
1570 5516 1688 5587 Θεῷ
1710 5516 1765 5585 τᾷ

1894 5511 1947 5565 in
1972 5508 2083 5564 Deo
2115 5506 2207 5577 qui
2239 5504 2464 5561 suscitat
2491 5508 2734 5557 mortuos
2753 5497 2820 5550 ".
2855 5514 2873 5547 ι
2900 5495 3038 5550 Ecce
3094 5506 3283 5549 rursus
3368 5490 3460 5544 hic

2648 5677 2696 5710 ”
2736 5674 2910 5732 lCor.
2954 5670 3108 5740 tv,9.
3182 5665 3271 5722 "l
3305 5664 3435 5723 Cor.

258 5716 319 5746 ³ο
368 5710 391 5766 ι
429 5709 555 5770 Cor.
585 5726 655 5775 ιν,
694 5710 744 5761 ι.
819 5707 860 5737 ⁸¹
890 5703 1068 5758 Galat.
1107 5718 1146 5771 ι,
1175 5699 1263 5755 li.
1343 5697 1386 5731 "
1425 5693 1594 5752 lCor.
1630 5706 1703 5757 tv,
1733 5690 1765 5744 5

1876 5687 1911 5721 "
1948 5687 2133 5743 Matth.
2158 5700 2289 5755 xxv,
2324 5682 2387 5739 5|
2418 5695 2570 5752 seqq.

159 5801 324 5845 vm.
368 5783 469 5838 21.
545 5782 650 5836 "ll
682 5778 802 5834 Cor.
846 5792 885 5841 ι,
912 5776 966 5842 8,
994 5775 1047 5829 9.
