3878 6208
404 311 509 377 4.65

1396 312 1451 366 S.
1487 310 1759 366 CYRILLI
1799 306 2264 363 ALEXANDle
2298 307 2616 365 ARCIIIEI‘.

3517 319 3627 373 ιῡι

407 436 590 497 aperte
612 426 687 483 ait
718 427 885 483 Deum
913 441 1028 482 esse
1056 425 1145 496 qui
1168 425 1393 482 suscitat
1418 437 1679 482 mortuos.
1712 423 1766 479 Id
1787 434 1951 478 auten

2068 423 2331 495 ἐγείροντι
2362 425 2487 488 τοὺς
2508 423 2752 496 νεκρούς.
2790 443 2806 475 ι
2847 426 2976 479 Ἰδοὺ
3023 426 3180 480 πάλιν
3228 427 3412 481 ἐνθάδε
3442 433 3630 500 σαφῶς

404 521 651 588 Christus
676 519 828 596 facit,
849 519 1046 588 alicubi
1107 518 1323 588 quidem
1379 519 1562 572 dicens
1591 536 1605 572 :
1633 536 1652 569 ι
1689 518 1797 586 Ego
1842 533 1958 571 sum

409 613 734 680 resurrectio
758 596 820 667 et.
847 612 954 666 vita
986 611 1067 675 ⁵⁷;
1102 629 1119 662 ι
1146 609 1338 664 alicubi
1384 624 1512 664 vero
1545 629 1557 663 :
1593 628 1610 660 ι
1647 609 1746 676 Qui
1788 607 1960 663 credit

407 703 460 754 in
487 716 589 767 me,
621 701 965 766 habetvitam
995 710 1274 763 aeternam,
1311 709 1364 753 et
1409 715 1507 770 ego
1533 700 1802 754 suscitabo
1838 714 1959 754 eum

406 792 458 845 in
487 793 774 865 novissimo
802 792 887 847 die
909 791 976 845 ³⁸.
1005 809 1024 843 ›
1062 790 1230 845 Filius
1259 793 1438 860 itaque
1463 798 1548 846 est
1577 799 1764 844 natura
1797 789 1957 852 Deus,

406 881 602 950 quippe
624 881 712 951 qui
745 895 808 935 ea
835 880 1065 935 faciendi
1114 889 1438 950 potestatem
1487 880 1649 944 habet
1690 895 1808 950 quae
1861 880 1958 934 soli

406 971 516 1027 Deo
561 970 831 1041 convenit.
887 969 1002 1027 Non
1081 981 1164 1027 est
1230 985 1358 1040 ergo
1433 981 1678 1027 creatura
1707 960 1726 1039 ,⁷
1790 987 1961 1042 neque

404 1077 555 1133 opus.

1062 1174 1293 1232 ALIUD.

475 1312 494 1346 ι
526 1291 744 1358 Fidelis,
774 1293 965 1362 inquit.
1021 1290 1183 1357 Deus,
1243 1293 1369 1361 quia
1418 1305 1598 1354 sermo
1658 1299 1843 1348 noster
1890 1292 1958 1346 ad

401 1400 498 1448 vos
527 1401 633 1440 non
655 1395 756 1449 est,
780 1385 852 1438 ita
874 1394 928 1439 et
953 1400 1079 1439 non.
1111 1385 1203 1439 Dei
1239 1385 1381 1440 enim
1432 1384 1602 1440 Filius
1622 1382 1780 1447 Jesus
1799 1383 1960 1440 Chri-

402 1482 520 1525 stus
561 1470 650 1539 qui
681 1485 776 1539 per
805 1487 902 1525 nos
966 1471 1018 1525 in
1077 1471 1226 1526 vobis
1261 1472 1582 1540 praedicatus
1609 1484 1710 1539 est,
1747 1489 1844 1544 per
1875 1488 1959 1533 nte

315 1589 317 1593 ι
401 1573 456 1615 et
485 1561 761 1616 Silvanum
797 1570 850 1616 et
873 1562 1216 1618 Timotheum
1243 1579 1345 1619 non
1383 1573 1486 1632 est,
1514 1565 1584 1619 ita
1609 1575 1664 1620 et
1689 1582 1792 1621 non
1825 1584 1838 1620 :
1865 1567 1958 1621 sed

403 1653 476 1706 ita
506 1653 557 1706 in
587 1652 703 1721 ipso
729 1663 812 1708 est
835 1653 900 1708 ’³.
930 1672 948 1705 ι
974 1653 1243 1720 Quoniam
1274 1670 1404 1724 ergo
1436 1656 1762 1724 praedicatur
1785 1668 1842 1709 ut
1867 1656 1958 1710 Fi-

2061 515 2192 570 Θεὸν
2223 511 2362 570 εἷναί
2387 534 2518 587 φησι
2549 517 2639 569 τὸν
2692 516 2971 588 ἐγείροντα
3012 520 3135 582 τοὺς
3182 520 3427 585 νεκρούς.
3459 522 3632 579 Τοῦτο

2060 609 2118 662 δὲ
2166 609 2398 680 Χριστὸς
2467 609 2778 682 ἐργάζεται,
2813 611 3024 678 λέγων,
3062 611 3192 664 ποτε
3256 613 3387 680 μέν·
3425 631 3443 664 ι
3490 615 3629 684 Ἐγώ

2061 703 2177 772 εἰμι
2208 703 2241 772 ἡ
2273 703 2567 766 ἀνάστασις
2601 705 2751 774 καὶὴ
2789 702 2922 775 ζωή·
2963 725 2982 756 ο
3016 703 3144 758 ποτὲ
3176 703 3231 756 δὲ
3264 705 3456 758 πάλιν·
3507 725 3524 756 ι
3571 707 3630 760 '0

2061 792 2333 846 πιστεύων
2362 794 2442 855 είς
2459 793 2700 865 ὲμὲ,ἔχει
2733 793 2876 864 ζωὴν
2905 793 3142 859 αἰώνιον,
3167 795 3320 863 κάγὼ
3340 798 3631 867 ἀναστήσω

2059 883 2219 938 αὑτὸν
2251 885 2400 956 έντῇ
2446 885 2649 957 ἐσχάτῃ
2697 885 2900 956 ἡμέρᾳ.
2938 904 2956 937 ο
3009 884 3140 950 Θεὸς
3189 882 3280 940 οὖν
3330 888 3436 958 ἄρα
3488 888 3631 940 κατὰ

2061 973 2222 1041 φύσιν
2254 974 2282 1028 6
2314 973 2463 1037 Υἱὸς,
2490 975 2732 1044 ἐνεργεῖν
2775 973 3090 1044 δυνάμενος,
3133 973 3168 1028 ἃ
3221 975 3365 1046 μόνῳ
3427 974 3629 1046 πρέπει

2017 1087 2026 1093 -
2059 1065 2200 1136 Θεῷ.
2235 1065 2441 1119 Οὐκοῦν
2469 1065 2528 1118 οὐ
2570 1066 2800 1138 ποίημα,
2841 1065 2961 1117 οὐδὲ
2996 1066 3243 1136 γενητὸς.

2734 1181 2942 1234 ΑΛΛΟ.

2133 1310 2155 1344 ‹
2202 1291 2400 1355 Πιστὸς
2429 1291 2486 1346 δὲ
2521 1291 2550 1344 6
2573 1290 2724 1355 Θεὸς,
2749 1293 2874 1345 ὅτιὸ
2901 1289 3056 1358 λόγος
3089 1291 3242 1362 ἡμῶν
3263 1294 3292 1346 ὸ
3322 1293 3458 1364 πρὸς
3481 1294 3628 1364 ὑμᾶς

2057 1383 2157 1437 οὐκ
2179 1383 2315 1447 ἔστι,
2343 1383 2433 1436 ναὶ
2467 1382 2561 1436 καὶ
2584 1380 2665 1434 οὕ.
2713 1382 2771 1434 '0
2795 1381 2888 1434 τοῦ
2929 1381 3062 1435 Θεοῦ
3098 1383 3203 1454 γὰρ
3236 1383 3364 1447 Υἱὸς
3392 1385 3629 1456 Χριστὸς

2072 1475 2296 1546 Ἰησοῦς,
2327 1477 2357 1528 ὸ
2384 1477 2440 1528 ὲν
2478 1475 2605 1545 ὑμῖν
2637 1475 2703 1527 δι’
2727 1474 2883 1545 ἡμῶν
2926 1475 3238 1544 κηρυχθεὶς,
3270 1474 3336 1526 δι’
3371 1475 3505 1544 ἐμοῦ
3531 1476 3626 1527 καὶ

2059 1564 2346 1619 Σιλουανοῦ
2387 1565 2482 1618 καὶ
2538 1563 2822 1634 Τιμοθέου,
2872 1565 2973 1616 οὐκ
3018 1564 3255 1630 ἐγένετο,
3297 1564 3385 1616 ναὶ
3409 1565 3505 1616 καὶ
3538 1563 3620 1616 οὗ·

2059 1657 2196 1711 ἀλλὰ
2219 1658 2308 1712 ναὶ
2333 1658 2390 1710 ἒν
2429 1656 2578 1727 αὐτῷ
2611 1657 2853 1724 γέγονεν.
2893 1675 2914 1710 ι
2948 1656 3114 1708 Ὅταν
3169 1650 3261 1708 οὖν
3289 1655 3626 1726 κηρύττηται

403 1741 505 1796 lius
557 1757 586 1794 τι
636 1741 794 1797 Patre
866 1743 1077 1798 dicente
1121 1745 1186 1798 de
1239 1745 1388 1815 ipso:
1435 1764 1454 1798 ι
1517 1745 1612 1801 llic
1654 1759 1736 1803 est
1789 1746 1951 1802 Filius

2063 1748 2165 1818 μὲν
2193 1749 2268 1812 ὼς
2290 1748 2437 1813 Υίὸς,
2478 1748 2571 1801 τοῦ
2601 1746 2812 1816 Πατρός
2841 1747 3088 1816 λέγοντος
3109 1747 3238 1818 περὶ
3265 1747 3450 1798 αὑτοῦ·
3482 1765 3500 1797 ι
3521 1740 3627 1800 05-

400 1849 549 1888 meus
577 1835 666 1887 “:
709 1853 728 1887 ι
772 1845 827 1889 et
867 1850 1099 1890 rursus:
1141 1854 1158 1887 ι
1200 1835 1278 1906 Es
1328 1847 1480 1892 utero
1523 1848 1650 1891 ante
1678 1837 1956 1902 luciferum

399 1925 554 1993 genui
576 1924 680 1980 te“
706 1943 721 1992 ;
755 1944 772 1977 ι
803 1940 938 1994 opus
962 1940 1089 1980 vero
1104 1935 1158 1979 et
1177 1936 1424 1980 creatura
1451 1941 1480 1979 a
1502 1925 1771 1981 nonnullis
1795 1942 1956 1981 voca-

401 2029 509 2084 tur,
539 2019 806 2087 quomodo
832 2034 935 2073 non
963 2019 1089 2083 erit,
1120 2019 1193 2094 ita
1222 2028 1276 2074 et
1309 2019 1455 2074 non?
1485 2018 1666 2089 Neque
1691 2021 1831 2073 enim
1856 2019 1959 2072 erit

397 2121 674 2184 creatura,
696 2112 836 2183 quod
866 2126 931 2164 ex
960 2121 1148 2182 natura
1176 2112 1411 2180 genitum
1443 2121 1524 2166 est
1550 2127 1565 2164 :
1606 2126 1782 2182 neque
1818 2125 1956 2167 con-

403 2213 482 2256 tra
517 2203 622 2256 erit
645 2201 958 2256 naturaliter
983 2203 1392 2272 genitum,quod
1423 2211 1663 2276 creatum
1683 2211 1784 2258 cst.
1821 2202 1951 2256 Cum

398 2308 526 2348 vero
553 2293 799 2348 Christus
829 2295 899 2347 sit
923 2294 1145 2359 veritas,
1182 2307 1236 2349 et
1263 2291 1463 2348 [actum
1497 2304 1580 2351 est
1611 2295 1662 2349 in
1693 2295 1810 2364 ipso
1855 2294 1952 2358 ita,

399 2396 456 2438 ut
497 2387 572 2440 ait
603 2383 820 2446 Paulus,
850 2383 1018 2439 Filius
1044 2384 1332 2451 exsistens,
1368 2395 1530 2456 atque
1587 2385 1664 2442 ita
1693 2386 1953 2456 praedica-

400 2490 508 2541 tus,
536 2492 671 2546 opus
699 2486 848 2534 certe
878 2475 990 2529 sive
1016 2484 1262 2529 creatura
1292 2491 1396 2530 non
1428 2477 1550 2532 erit.

1054 2584 1289 2644 ALIUD.

476 2720 495 2754 ι
527 2701 732 2768 Gratia,
763 2703 956 2773 inquit,
980 2703 1114 2768 Deo,
1142 2705 1231 2773 qui
1259 2719 1470 2774 semper
1527 2705 1826 2774 triumphat.
1857 2721 1956 2760 nos

396 2794 450 2848 in
477 2794 689 2854 Christo
708 2792 861 2861 Jgesu,
892 2805 946 2850 et
977 2796 1195 2868 odorem
1241 2795 1461 2864 justitite
1511 2811 1620 2850 sua:
1648 2797 1960 2856 manifestat

395 2901 493 2956 per
521 2901 619 2948 nos
649 2887 701 2956 in
731 2887 878 2952 omni
912 2887 1032 2950 loco
1069 2903 1084 2939 :
1124 2888 1249 2956 quia
1277 2885 1476 2946 Christi
1510 2889 1643 2946 odor
1676 2904 1863 2948 sumus
1901 2891 1953 2945 in

399 2979 508 3032 Deo
531 2979 584 3032 in
602 2977 780 3046 iisqui
803 2977 1099 3043 salvantur,
1133 2987 1186 3032 et
1210 2979 1262 3031 in
1286 2978 1352 3032 iis
1376 2980 1468 3047 qui
1497 2989 1724 3046 pereunt
1751 2980 1816 3034 θ’.
1849 2999 1868 3032 ι
1896 2981 1951 3036 Si

2059 1840 2146 1904 τός
2181 1842 2326 1894 ἐστιν
2358 1841 2386 1891 6
2442 1840 2570 1902 Υἱός
2619 1855 2743 1913 μου·
2771 1857 2788 1889 ι
2841 1838 2934 1891 καὶ
2977 1837 3154 1891 πάλιν·
3191 1855 3210 1888 ι
3263 1838 3356 1890 Ἐκ
3385 1838 3626 1906 γαστρὸς

2057 1930 2165 2002 πρὸ
2205 1930 2480 2000 ἑωσφόρον
2511 1927 2775 1998 ἐγέννησά
2804 1944 2882 1980 σε’
2916 1945 2935 1978 ›
2974 1926 3182 1998 ποίημα
3206 1925 3260 1979 δὲ
3291 1927 3384 1980 καὶ
3417 1927 3625 1997 κτίσμα

2057 2022 2208 2093 παρά
2230 2039 2390 2074 τινων
2431 2020 2773 2090 ὀνομάζεται·
2800 2018 2931 2094 ’πῶς
2965 2019 3064 2072 οὑκ
3114 2018 3251 2084 ἔστι,
3294 2018 3381 2072 ναὶ
3407 2019 3503 2072 καὶ
3523 2018 3624 2082 οῦ;

2056 2112 2131 2165 Οὐ
2169 2112 2276 2184 γὰρ
2299 2111 2364 2165 ἂν
2402 2110 2488 2182 εἴη
2516 2112 2721 2180 κτίσμα
2753 2109 2814 2162 τὸ
2838 2108 2996 2179 φύσει
3030 2108 3385 2179 γεννώμενον
3408 2108 3517 2162 οὐδ’
3558 2108 3628 2164 ἂν

2054 2205 2263 2274 γένοιτο
2305 2204 2464 2274 φύσει
2511 2204 2698 2257 τέκνον
2741 2202 2801 2256 τὸ
2854 2202 3237 2273 πεποιημένον.
3301 2201 3518 2272 Ἐπειδὴ
3565 2202 3627 2256 δὲ

2055 2297 2281 2368 ἀλήθειά
2307 2298 2451 2348 ἐστιν
2479 2295 2507 2348 6
2557 2293 2808 2364 Χριστὸς,
2849 2295 2942 2347 καὶ
2994 2293 3214 2361 γέγονεν
3270 2293 3328 2344 ἐν
3365 2293 3514 2362 αὐτῷ
3565 2295 3630 2344 τὸ

2052 2391 2172 2454 ναί,
2215 2388 2357 2442 καθά
2379 2405 2540 2459 φησιν
2577 2390 2605 2440 6
2631 2385 2862 2448 Παῦλος.
2894 2385 3022 2448 Υίός
3052 2385 3326 2454 ὑπάρχων,
3355 2387 3446 2442 καὶ
3478 2382 3629 2436 οὕτω

2053 2481 2489 2553 κηρυττόμενος,
2537 2479 2636 2532 οὐκ
2677 2478 2741 2530 ἂν
2767 2477 2852 2547 εἴη
2881 2477 3084 2546 κτίσμα
3110 2477 3142 2548 ἦ
3177 2475 3407 2547 ποίημα.

2734 2591 2939 2644 ΑΛΛΘ.

2131 2725 2155 2761 ι
2186 2704 2276 2775 Ἰῖῷ
2306 2704 2364 2757 δὲ
2417 2701 2536 2772 Θεῷ
2573 2702 2752 2772 χάρις,
2780 2703 2932 2770 φησι,
2958 2699 3035 2771 τῷ
3088 2700 3303 2763 πάντως
3338 2717 3394 2752 τε
3421 2700 3626 2771 θριαμ-

2053 2797 2264 2852 6εύοντι
2290 2797 2435 2868 ἡμᾶς
2458 2799 2516 2848 ἐν
2535 2793 2616 2864 τῷ
2642 2792 2879 2862 Χριστῷ,
2926 2795 3019 2845 καὶ
3044 2791 3152 2862 τὴν,
3173 2791 3348 2862 ὀσμὴν
3372 2791 3468 2860 τῆς
3489 2792 3625 2860 γνὼ-

2055 2905 2192 2951 σεως
2222 2885 2385 2940 αὑτοῦ
2415 2883 2758 2955 φανεροῦντι.
2782 2882 2848 2934 δι’
2883 2881 3038 2952 ἡμῶν
3066 2883 3124 2935 ἐν
3147 2881 3308 2937 παντὶ
3344 2881 3517 2951 τόπῳ,
3536 2882 3625 2934 ὅτι

2052 2975 2296 3047 Χριστοῦ
2325 2974 2518 3036 εὐωδία
2559 2972 2724 3043 ἐσμὲν
2754 2971 2832 3042 τῷ
2875 2969 2993 3040 Θεῷ
3032 2971 3091 3022 ὲν
3139 2973 3253 3034 τοῖς
3291 2969 3624 3039 σωζομένοις

394 3083 522 3137 ergo
542 3082 646 3137 per,
663 3079 887 3130 sanctos.
903 3070 1175 3138 apostolos
1201 3073 1337 3125 Deus
1359 3082 1414 3124 et
1445 3071 1606 3131 Pater
1638 3072 1799 3134 nobis
1839 3089 1951 3140 ma-

2059 3068 2228 3134 miév
2255 3069 2366 3130 τοῖς
2401 3065 2809 3134 ἀπολλυμένοις,
2831 3081 2850 3113 ›
2881 3062 3088 3116 Οὐκοῦν
3111 3063 3158 3122 εί
3192 3061 3282 3114 διὰ
3302 3061 3412 3113 τῶν
3445 3061 3644 3128 ἁγίων

391 3160 610 3216 nifestat
635 3160 851 3233 odorem
881 3161 1206 3230 cognitionis
1235 3161 1458 3227 Christi,
1485 3161 1586 3216 hoc
1612 3171 1718 3230 est,
1749 3175 1951 3218 sermo-

2059 3158 2366 3212 ἁποστόλων
2395 3155 2637 3227 φανερὰν
2682 3153 2760 3224 τῷ
2819 3154 3010 3224 κόσμῳ
3057 3153 3379 3222 καθίστησιν
3410 3153 3446 3204 6
3485 3153 3624 3216 Θεὸς

393 3267 514 3307 nem
542 3252 607 3306 de
633 3252 936 3319 cognitione
962 3253 1153 3322 ipsius,
1173 3267 1329 3322 quem
1353 3253 1443 3323 qui
1471 3263 1816 3323 acceperunt,
1845 3270 1952 3308 non

393 3344 622 3414 amplius
645 3343 1027 3416 374errant,
1060 3359 1234 3414 neque
1263 3345 1442 3415 impiis
1473 3355 1525 3400 et
1549 3360 1696 3414 spem
1724 3362 1828 3400 non
1853 3349 1947 3400 ltu-

395 3439 642 3494 bentibus
667 3441 1186 3501 annumerabuntur,
1214 3437 1312 3493 sed
1341 3447 1708 3508 cognoverunt
1731 3439 1948 3507 quidem

392 3530 581 3594 Deum,
614 3541 673 3585 ut
696 3531 864 3599 inquit
893 3529 1093 3585 Paulus
1115 3529 1187 3596 ⁸³,
1217 3529 1301 3585 vel
1337 3530 1513 3598 potius
1551 3530 1750 3600 cogniti
1774 3541 1895 3583 sunt
1917 3546 1946 3584 a

394 3621 520 3676 Deo.
554 3621 801 3676 Christus
827 3622 1007 3692 itaque
1038 3637 1106 3676 ex
1140 3637 1236 3676 sua
1292 3631 1481 3682 natura
1517 3631 1601 3678 est
1645 3622 1808 3686 Deus,
1857 3625 1946 3692 qui

389 3722 575 3781 gentes
599 3728 630 3788 a
655 3713 798 3768 cultu
833 3713 1089 3768 falsorum
1119 3714 1338 3769 deorum
1357 3715 1599 3782 abduxit,
1639 3724 1799 3782 atque
1846 3717 1947 3770 hac

389 3810 598 3864 ratione
614 3811 682 3864 ab
709 3809 839 3880 ipsis
857 3809 1104 3878 c0gnitus
1127 3818 1207 3862 est
1237 3829 1252 3863 :
1280 3817 1334 3863 et
1363 3808 1598 3864 vicissim
1628 3823 1720 3863 eas
1749 3823 1946 3875 cogno-

390 3902 485 3965 vit,
514 3915 608 3970 per
633 3901 788 3956 ﬁdem
823 3901 874 3955 in
903 3903 1096 3971 ipsum.
1123 3901 1222 3967 Qui
1255 3909 1431 3956 autem
1465 3916 1649 3957 revera
1677 3912 1758 3958 est
1781 3901 1940 3964 Deus,

388 3993 656 4062 quomodo
676 3995 745 4049 sit
767 4008 902 4062 opus
928 3993 1008 4047 vel
1031 3994 1315 4048 creatura?

1044 4276 1274 4337 ALIUD.

459 4412 478 4444 ι
508 4391 620 4446 Non
645 4393 785 4447 enim
811 4408 1016 4457 sumus,
1046 4395 1239 4461 inquit,
1277 4404 1334 4448 ut
1360 4396 1508 4450 multi
1576 4396 1936 4470 adulterantes
1976 4429 2018 4484 η

2055 3251 2148 3303 xotl.
2178 3250 2367 3320 Πατὴρ
2401 3249 2498 3320 τὴν
2549 3247 2721 3318 ὀσμὴν
2757 3245 2858 3314 τῆς
2904 3243 3155 3312 γνώσεως
3193 3245 3288 3297 τοῦ
3339 3246 3580 3315 Χριστοῦ
3601 3285 3620 3309 ,

2049 3342 2317 3404 τουτέστι,
2343 3339 2434 3393 τὸν
2462 3340 2588 3410 περὶ
2616 3341 2714 3408 τῆς
2736 3336 3084 3406 ἐπιγνώσεως
3138 3337 3259 3388 αὺτι
3272 3335 3308 3394 ῦ,
3332 3337 3489 3404 λόγον
3507 3354 3518 3368 ·
3569 3339 3622 3391 οἱ

2047 3433 2104 3486 δὲ
2130 3430 2316 3484 τοῦτον
2345 3429 2600 3493 λαϐόντες
2622 3430 2720 3481 οὐκ
2750 3427 2830 3480 ἔτι
2880 3426 3209 3488 πλανῶνται,
3258 3425 3380 3478 οὔτε
3410 3425 3517 3496 μὴν
3559 3428 3623 3480 ὲν

2047 3527 2158 3588 τοῖς
2180 3524 2360 3587 ἀθέοις
2386 3524 2478 3576 καὶ
2505 3521 2694 3574 ἐλπίδα
2747 3520 2822 3590 μὴ
2859 3520 3039 3589 ἔχουσι
3073 3519 3577 3589 καταταχθήσονται
3601 3560 3620 3583 ,

2047 3618 2161 3673 ἀλλ’
2200 3618 2441 3687 ἔγνωσαν
2474 3616 2570 3684 μὲν
2598 3614 2687 3668 τὸν
2719 3613 2869 3677 Θεὸν,
2902 3608 3120 3687 ᾖφησιν
3147 3613 3176 3663 ὸ
3222 3612 3448 3677 Παῦλος,
3473 3613 3616 3681 μᾶλ-

2045 3708 2135 3762 λον
2157 3707 2214 3762 δὲ
2243 3706 2592 3777 ἐγνώσθησαν
2615 3703 2718 3758 ὑπὸ
2741 3705 2898 3757 Θεοῦ’
2919 3702 3048 3766 Θεὸς
3069 3703 3176 3772 ἄρα
3197 3701 3336 3755 κατὰ
3354 3702 3616 3771 ἀλήθειαν

2043 3801 2072 3852 6
2105 3799 2360 3872 Χριστὸς,
2391 3801 2418 3852 6
2469 3797 2575 3851 τῶν
2603 3794 2966 3866 ψευδωνύμων
2998 3793 3134 3846 θεῶν
3180 3795 3492 3863 ἀποστήσας
3541 3795 3616 3846 τὰ

2045 3893 2192 3962 ἔθνη,
2225 3891 2320 3944 καὶ
2350 3889 2618 3958 γνωσθεὶς,
2639 3888 2736 3958 μὲν
2776 3887 2960 3950 αὐτοῖς
2992 3885 3132 3939 κατὰ
3152 3883 3332 3946 τοῦτο,
3357 3885 3618 3952 ἐπιγνοὺς

2042 3983 2098 4036 δὲ
2125 3983 2284 4036 πάλιν
2312 3982 2451 4035 αὐτὰ
2496 3979 2584 4033 διὰ
2644 3979 2744 4048 τῆς
2802 3980 2881 4041 είς
2940 3977 3129 4030 ἑαυτὸν
3175 3975 3429 4038 πίστεως.
3465 3975 3524 4028 '0
3549 3975 3614 4027 δὲ

2043 4073 2259 4146 ἀληθῶς
2308 4071 2568 4142 ὑπάρχων
2619 4067 2774 4133 Θεὸς,
2845 4067 2962 4130 πῶς
3020 4067 3085 4120 ἂν
3155 4065 3242 4136 εῐη
3299 4064 3502 4135 κτίσμα
3575 4066 3612 4136 ἢ

2041 4167 2248 4238 ποίημα
2268 4183 2281 4230 ;

2719 4271 2925 4324 AAAO.

2123 4411 2142 4444 ι
2176 4391 2251 4444 Οὐ
2296 4389 2403 4460 γάρ
2450 4388 2616 4458 ἐσμεν
2647 4384 2720 4448 ὡς
2752 4385 2800 4436 οἱ
2856 4381 3041 4435 πολλοὶ
3084 4378 3478 4448 καπηλεύοντες
3511 4377 3616 4431 τὸν

385 4499 684 4559 sermonem
714 4485 804 4559 Qei
845 4486 927 4538 ⁵³⁸.
964 4505 983 4536 ι
1012 4487 1068 4540 Si
1102 4501 1230 4556 crgo
1255 4488 1618 4556 apostolorum
1648 4469 1826 4544 sermo
1857 4502 1940 4545 est

2059 4484 2199 4552 λόγον
2227 4481 2320 4535 τοῦ
2346 4479 2500 4545 Θεοῦ.
2541 4498 2559 4530 ι
2602 4475 2808 4530 Οὐκοῦν
2829 4474 3012 4532 εί.τῶν
3043 4473 3209 4540 ἁγίων
3238 4469 3549 4524 ἀποστόλων
3583 4472 3616 4521 ὸ

386 4577 693 4638 υταιὸὶοειίο
721 4577 785 4630 de
822 4576 1131 4643 Servatore,
1152 4580 1292 4634 Deus
1318 4581 1479 4650 igitur
1501 4592 1583 4636 est
1611 4580 1800 4646 Filius,
1845 4600 1938 4635 cu-

377 4668 465 4734 jus
486 4681 789 4723 sermonem
815 4684 920 4723 non
957 4671 1266 4726 adulterant
1301 4673 1390 4740 qui
1437 4673 1508 4726 ita
1541 4675 1853 4742 praedicant,
1881 4683 1933 4729 et

383 4771 687 4816 creaturam
717 4761 830 4815 sive
857 4777 992 4830 Opus
1028 4777 1148 4817 esse
1181 4775 1394 4832 negant.
1451 4762 1708 4817 Sincerus
1755 4764 1936 4831 itaque

381 4867 446 4906 ac
475 4866 640 4921 purus
664 4861 747 4904 est
787 4852 851 4904 de
879 4853 1104 4907 veritate
1144 4869 1342 4919 sermo,
1377 4853 1526 4908 falsis
1561 4854 1933 4908 lizerelicornm

381 4945 719 5014 opinionibus
751 4960 1086 5014 nequaquam
1120 4946 1472 5000 adulteratus.

380 5138 607 5205 ALIUD,
638 5139 692 5192 in
722 5138 873 5210 illini,
914 5157 932 5188 ι
964 5137 1146 5192 Gratia
1182 5140 1308 5200 Deo,
1350 5143 1440 5210 qui
1499 5159 1699 5210 semper
1753 5145 1941 5198 trium-

447 5219 681 5278 phatum
704 5210 759 5262 in
787 5207 1014 5274 Christo,
1039 5222 1082 5263 et
1113 5207 1550 5280 odoremjustitiw
1607 5207 1716 5281 sua
1765 5217 1934 5278 inarti-

446 5285 601 5347 [ρειαί
632 5296 724 5349 per
755 5295 867 5332 nos.
892 5297 911 5330 ι

446 5388 544 5460 Qui
575 5405 668 5459 per
687 5390 1032 5458 apostolicam
1049 5398 1100 5446 et
1125 5390 1485 5460 evangelicam
1503 5393 1930 5462 pradicationem

380 5478 752 5548 manifestatus
771 5489 876 5544 est,
903 5480 1146 5548 quisnam
1178 5480 1313 5534 alius
1338 5480 1408 5534 sit
1434 5497 1594 5551 quam
1643 5483 1932 5542 Christus?

445 5657 490 5735 ﬂ.
515 5655 684 5735 ,δυὶΨο
721 5672 798 5735 XI:
987 5657 1437 5735 "11039;"..‘240-
1513 5660 1630 5735 "Il
1655 5661 1784 5721 00"-
1817 5679 1857 5732 ιν
1887 5665 1969 5735 18»
2010 5666 2096 5721 19-

378 5744 435 5792 ιι,
471 5725 558 5790 Η,
594 5726 679 5777 I5.
751 5725 795 5755 ⁸³
837 5724 966 5778 Ibid.
1005 5727 1089 5780 17.
1163 5728 1226 5757 θ’·
1257 5725 1431 5782 Gulat.
1468 5745 1540 5793 Iv,
1573 5731 1622 5783 9.
1651 5739 1669 5747 ‘

2043 4575 2196 4644 λόγος
2225 4575 2284 4627 τὺ
2312 4572 2438 4643 περὶ
2460 4570 2552 4624 τοῦ
2579 4569 2828 4639 Σωτῆρὸς
2871 4569 2985 4620 ἐστι
3026 4566 3302 4634 κήρυγμα,
3337 4558 3466 4622 Θεὸς
3492 4561 3608 4630 ἄρα

2037 4669 2185 4722 ἐστὶν
2213 4669 2241 4720 6
2279 4667 2426 4732 Υἱὸς,
2472 4659 2532 4718 οὗ
2556 4663 2648 4716 τὸν
2675 4661 2830 4729 λόγον
2858 4661 2916 4712 οὐ
2953 4655 3342 4727 καπηλεύουσιν
3373 4654 3423 4704 οἱ
3458 4651 3610 4704 οὕτω

2039 4759 2425 4831 κηρύττοντες,
2471 4754 2566 4808 καὶ
2616 4752 2828 4822 ποίημα
2878 4750 3054 4817 λέγειν
3105 4745 3266 4800 αὑτὸν
3313 4743 3346 4813 ἢ
3393 4743 3610 4812 κτίσμα

2040 4850 2478 4922 παραιτούμενοι.
2540 4848 2808 4914 Ἀκρατος
2855 4837 2947 4896 οὖν
2999 4840 3186 4908 ὥσπερ
3231 4836 3374 4890 ἐστὶν
3413 4837 3442 4887 6
3473 4835 3611 4906 περὶ

2037 4944 2134 5014 τῆς
2167 4940 2421 5011 ἀληθείας
2447 4938 2625 5005 λόγος,
2658 4935 2757 4998 τὰς
2783 4932 3144 5003 ὑδαρεστέρας
3175 4928 3280 4981 τῶν
3309 4926 3608 4998 αἱρετικῶν

2037 5032 2375 5104 ψευδοδοξίας
2399 5031 2498 5084 οὐκ
2527 5030 2686 5100 ἔχων.

2039 5149 2243 5208 ΛΛΛΟ,
2281 5144 2487 5218 silc-A16,
2542 5163 2578 5218 ι.
2601 5142 2691 5218 Ίξῷ
2717 5142 2798 5218 ⁸δὲ
2838 5139 2972 5218 -Θεῷ
3007 5138 3177 5218 χάρις
3228 5133 3609 5218 siparis-tore

2108 5205 2512 5286 θριάμϐεὖοντι
2534 5205 2690 5282 ἡμᾶς
2705 5213 2774 5286 έν
2791 5210 2869 5275 τῷ
2883 5205 3132 5286 Χριᾴτῷ,
3146 5207 3247 5286 in}!
3270 5205 3387 5286 :n‘zy
3398 5205 3612 5272 ὀσμὴν

2108 5276 2216 5354 τῆς
2236 5276 2525 5356 ’γνώσεως
2550 5276 2732 5337 ἇὺτοῦ
2755 5276 3112 5350 φανεροῦντι
3137 5276 3212 5330 δι’
3252 5276 3440 5345 ἡμῶν.
3482 5293 3501 5324 ι

2117 5398 2175 5452 Ὀ
2199 5413 2330 5468 φανε
2341 5395 2594 5467 ρούμενος
2613 5377 2697 5446 δια
2717 5408 2776 5445 τε
2798 5391 2904 5444 τῶν
2929 5387 3300 5444 ἀποπολικῶν
3324 5386 3416 5438 καὶ
3435 5385 3610 5452 εὐαγ-

2037 5489 2266 5559 γελικῶν
2285 5487 2671 5560 κηρυγμάτων,
2717 5483 2802 5548 τίς
2856 5482 2920 5548 ἂν
2959 5482 3142 5553 ἕτερος
3174 5481 3259 5549 εἴη
3285 5476 3434 5548 παρά
3467 5477 3609 5546 Χρι-

2208 5666 2252 5698 ⁸⁰
2283 5662 2471 5720 Matth.
2506 5679 2586 5730 ιιι,
2613 5661 2700 5715 I8.
2779 5659 2821 5692 ⁶¹
2847 5657 2988 5716 Psal.
3021 5672 3131 5726 εις,
3163 5655 3218 5712 5.
3297 5653 3340 5686 ⁶¹
3367 5648 3408 5707 ll
3432 5649 3566 5708 Cor.
