3846 6210
247 332 384 394 “9‘1

1327 334 1416 391 DE
1450 332 1960 391 lNCARNATlONE
2011 331 2378 391 UNIGENITI.

3352 336 3487 391 119.8

244 452 359 525 ρδς,
390 453 424 525 ή
461 452 553 507 τοῦ
597 455 802 525 κόσμου
847 453 1088 524 σωτηρία
1136 453 1230 507 καὶ
1260 452 1371 524 ζωὴ
1395 493 1407 514 ,
1440 455 1533 507 καὶ
1591 453 1804 507 διόλωλε

1920 449 2123 519 ιιιῖιιειιι
2142 457 2222 505 cst
2235 464 2334 519 pro
2355 449 2529 515 nobis,
2547 464 2718 519 neque
2735 450 3034 505 resurrexit
3051 449 3317 507 Christus.
3334 453 3487 519 Quod

242 544 525 608 παντελῶς
568 547 600 616 ή
637 545 745 598 τῶν
772 546 828 598 ἐν
860 546 1038 599 πίστει
1089 545 1499 616 κεκοιμημένων
1535 545 1707 607 ἐλπίς.
1738 541 1809 597 Εὖ

243 636 350 708 γὰρ
382 630 484 691 ὦδε
510 636 653 707 ἔχειν
686 637 859 691 ἐδόκει
888 638 983 690 καὶ
1012 638 1089 707 τῷ
1124 638 1376 708 μακαρίῳ
1414 636 1630 708 Παύλῳ,
1666 654 1810 709 παρ-

241 728 419 782 ιδωκα
443 728 551 801 γὰρ
573 730 721 798 ὑμῖν,
746 734 930 799 φησὶν,
951 730 1009 780 ἐν
1035 728 1291 799 πρώτοις,
1311 727 1339 780 ὃ
1362 728 1456 781 καὶ
1482 726 1808 798 παρέλαϐον,

242 820 327 873 ὅτι
358 820 592 893 Χριστὸς
637 819 906 873 ἀπέθανεν
953 819 1095 890 ὑπὲρ
1141 818 1248 871 τῶν
1297 819 1578 890 ἁμαρτιῶν
1629 818 1807 889 ἡμῶν,

243 913 384 967 κατά
409 912 509 976 τὰς
535 911 777 983 Γραφάς,
808 912 902 965 καὶ
928 911 1010 964 ὃτι
1046 909 1242 981 ἐτάφη,
1275 909 1371 964 καὶ
1399 910 1481 963 ὃτι
1514 910 1810 980 ἐγήγερται

240 1008 307 1076 τῇ
339 1003 518 1075 ήμέρᾳ
545 1006 608 1074 τῇ
648 1002 829 1076 τρίτῃ.
869 1000 1009 1056 κατά
1044 1000 1141 1064 τὰς
1164 1000 1405 1072 Γραφάς,
1434 1001 1527 1054 καὶ
1552 1002 1632 1054 ὅτι
1654 999 1806 1072 ῶφθη

241 1097 428 1167 Κηφᾷ,
464 1091 582 1149 εἶτα
599 1097 712 1158 τοῖς
733 1094 963 1158 δώδεκα,
1001 1092 1189 1147 ἔπειτα
1218 1092 1372 1161 ὤφθη
1401 1092 1582 1144 ἐπάνω
1610 1108 1805 1144 πεντα-

242 1186 445 1248 κοσίοις
483 1184 736 1255 ἀδελφοῖς
766 1183 1001 1254 ἐφάπαξ,
1028 1183 1087 1249 ἐξ
1113 1176 1186 1236 ὧν
1211 1185 1259 1235 oi
1283 1181 1523 1244 πλείονες
1559 1181 1807 1251 μένουσιν

239 1276 347 1339 ἓως
375 1275 520 1344 ἄρτι,
553 1276 695 1336 τινὲς
727 1274 786 1327 δὲ
826 1276 916 1328 καὶ
944 1274 1334 1345 ἐκοιμήθησαν.
1383 1274 1612 1326 Ἔπειτα
1651 1272 1805 1343 tibqu

256 1365 515 1436 Ἰακώϐῳ,
545 1364 737 1418 ἔπειτα
774 1367 886 1428 τοῖς
911 1365 1226 1428 ἀποστόλοις
1258 1365 1461 1431 πᾶσιν,
1502 1363 1727 1435 ἔσχατον
1752 1363 1808 1418 δὲ

240 1457 477 1519 πάντων,
499 1455 741 1527 ὡσπερεί
760 1472 838 1526 τῳ
855 1454 1186 1525 ἐκτρώματι,
1207 1455 1390 1525 φησὶν,
1411 1454 1565 1525 ὤφθη
1581 1456 1649 1508 κά
1659 1455 1766 1526 μοί.
1782 1473 1800 1506 ι

239 1548 351 1599 Καὶ
383 1546 499 1616 μεθ’
521 1546 683 1617 ἕτερα
723 1546 907 1599 πάλιν·
943 1563 960 1596 ι
1002 1546 1062 1598 El
1090 1544 1145 1597 δέ
1178 1545 1408 1615 Χριστὸς
1446 1546 1803 1617 κηρύσσεται,

237 1639 322 1691 ὃτι
351 1639 415 1689 ἐκ
451 1634 659 1706 νεκρῶν
692 1636 1011 1706 ἐγήγερται,
1052 1634 1169 1697 πῶς
1209 1633 1457 1703 λέγουσιν
1487 1637 1544 1687 ἐν
1574 1635 1704 1704 ὑμῖν
1728 1653 1807 1688 τι⁹

237 1743 353 1791 νες,
381 1726 464 1778 ὃτι
489 1726 781 1789 ἀνάστασις
813 1723 1023 1795 νεκρῶν
1055 1725 1150 1777 οὐκ
1179 1723 1354 1790 ἐστιν;
1390 1727 1437 1777 εἰ
1474 1724 1530 1776 δὲ
1559 1724 1809 1778 ἀνάστα-

242 1834 323 1878 σις
353 1817 563 1887 νεκρῶν
591 1817 691 1870 οὐκ
717 1817 883 1882 ἐστιν,
914 1815 1034 1868 οὐδὲ
1063 1815 1295 1885 Χριστὸς
1324 1817 1633 1887 ἐγήγερται.
1664 1816 1726 1868 Εἰ
1750 1816 1807 1869 δὲ
1838 1803 1880 1859 Β

238 1907 470 1979 Χριστὸς
491 1907 590 1960 οὐκ
619 1907 935 1976 ἐγήγερται,
956 1905 1111 1959 κενὸν
1134 1905 1241 1977 ἄρα
1258 1905 1318 1957 τὸ
1347 1906 1606 1975 κήρυγμα
1627 1902 1804 1973 ημῶν,

240 2000 373 2073 κενὴ
412 1998 508 2054 καὶ
536 2000 569 2069 ἡ
592 1998 772 2060 πίστις
796 1997 972 2068 ἡμῶν.
1007 1996 1390 2068 Εύρισκόμεθα
1410 1995 1466 2049 δὲ
1501 1995 1596 2049 καὶ
1620 1995 1810 2065 ψευδο·

242 2092 516 2162 μάρτυρες
554 2089 647 2141 τοῦ
678 2086 834 2149 θεοῦ,
876 2087 958 2140 ὅτι
988 2088 1177 2157 ἤγειρε
1226 2086 1319 2138 τὸν
1340 2085 1591 2156 Χριστὸν,
1622 2085 1680 2137 ὃν
1710 2086 1811 2139 οὐκ

240 2181 481 2251 ῆγειρεν,
512 2178 669 2249 εἴπερ
691 2178 799 2249 ἄρα
826 2177 1011 2248 νεκροὶ
1038 2177 1138 2229 οὐκ
1171 2176 1497 2247 ἐγείρονται.
1536 2195 1553 2226 ι
1578 2174 1810 2245 Τεθναίη

238 2271 349 2340 γὰρ
382 2269 469 2335 ἂν,
500 2268 619 2323 είπέ
656 2286 768 2341 μοι,
801 2268 926 2324 τίνα
968 2268 1034 2340 δὴ
1067 2266 1269 2340 τρόπον
1302 2253 1678 2339 ήσκιά;’Πῶς
1719 2262 1812 2320 οὖν

238 2362 507 2433 ἀνέστησε
531 2361 623 2414 τὸν
658 2360 895 2433 Χριστὸν
926 2362 955 2414 ό
988 2360 1178 2432 Πατὴρ
1197 2398 1212 2423 ,
1262 2358 1421 2412 σκιὰν
1444 2358 1573 2413 όντα
1604 2360 1698 2413 καὶ
1730 2358 1813 2412 δόο

238 2468 420 2521 κησιν,
456 2451 553 2505 καὶ
588 2454 700 2515 τοῖς
718 2449 813 2505 τοῦ
849 2451 1077 2506 θανάτου
1113 2452 1330 2522 δεσμοῖς
1362 2452 1461 2521 οὐχ
1500 2451 1809 2523 άλώσιμον;

239 2546 485 2616 υίχέσθω
513 2547 577 2618 δὴ
608 2542 700 2600 οὖν
731 2546 760 2598 ό
796 2545 1019 2600 ἐκείνων
1044 2544 1268 2614 ἔμετος,
1311 2543 1479 2615 μῦθον
1516 2544 1575 2597 δὲ
1613 2543 1811 2611 ἄλλως,

238 2639 333 2692 καὶ
363 2638 578 2703 ἀνοσίου
631 2637 826 2709 βουλῆς
874 2636 1311 2707 ἁποόράσματα,
1365 2637 1433 2689 τὰ
1469 2638 1597 2706 παρ’
1632 2636 1814 2699 αὐτοῖς

239 2731 523 2801 ἡγώμεθα.
557 2732 695 2794 Τοὺς
741 2731 847 2801 γὰρ
878 2728 1151 2793 τοιούτους
1190 2730 1318 2798 ἡμῖν
1364 2728 1813 2799 προκαταμηνύει

239 2823 467 2892 γράφων
505 2822 599 2875 τοῦ
626 2821 876 2892 Σωτῆρος
898 2821 926 2873 ό
956 2818 1225 2890 μαθητὴς,
1267 2819 1349 2873 ὅτι
1394 2838 1413 2870 ι
1461 2819 1650 2872 Πολλοὶ
1686 2818 1815 2888 ψευ-

239 2882 574 2984 δοπροεέῆται
608 2882 992 2983 ἐξεληλύθασιν
1026 2882 1105 2975 εἰς
1261 2910 1484 2982 κόσμον.
1531 2911 1620 2964 Ἐν
1641 2882 1816 2981 τούτῳ

242 3004 571 3073 γινώσκεται
593 3004 654 3058 τὸ
686 3003 913 3075 Πνεῦμα
937 3002 1032 3058 τοῦ
1050 3003 1207 3058 Θεοῦ.
1235 3005 1350 3059 Πᾶν
1382 3005 1607 3075 Πνεῦμα
1633 3004 1660 3058 ὃ
1685 3007 1814 3075 ὁμο-

240 3097 389 3165 λογεῖ
433 3094 642 3167 Ἰησοῦν
688 3096 920 3167 Χριστὸν
949 3096 1007 3148 ἐν
1050 3096 1215 3167 σαρκὶ
1254 3096 1579 3167 ἐληλυθότα,
1615 3098 1680 3149 ἐκ
1717 3096 1813 3149 τοῦ

241 3187 377 3240 θεοῦ
406 3189 539 3239 ἐστι.
580 3205 598 3237 ι
638 3186 747 3238 Καὶ
774 3184 927 3237 τοῦτό
973 3186 1089 3236 ἐστι
1121 3186 1181 3238 τὸ
1206 3185 1301 3238 τοῦ
1360 3186 1750 3256 Ἀντιχρίστου,
1785 3186 1815 3237 ὃ

241 3281 516 3349 ἀκηκόατε
548 3278 629 3331 ὅτι
661 3277 917 3348 ἔρχεται,
956 3279 1048 3331 καὶ
1072 3278 1168 3330 νῦν
1210 3280 1267 3331 ἐν
1301 3277 1380 3349 τῷ
1433 3278 1623 3349 κόσμῳ
1668 3279 1816 3331 ἐστὶν

242 3373 365 3445 ἢδη.
392 3373 453 3424 Εἰ
482 3371 590 3441 γὰρ
618 3370 691 3442 μὴ
729 3371 950 3439 γέγονεν
974 3369 1281 3441 ἄνθρωπος,
1320 3372 1459 3441 μήτε
1494 3371 1599 3441 μὴν
1621 3370 1817 3424 ἀναϐέ-

245 3464 412 3534 ϐηκεν
444 3464 499 3515 ἐν
530 3463 693 3533 σαρκὶ
740 3463 876 3534 πρὸς
914 3462 1007 3515 τὸν
1037 3463 1095 3515 ἐν
1144 3464 1254 3527 τοῖς
1303 3463 1550 3533 οὐρανοῖς
1596 3463 1816 3533 Πατέρα

244 3551 341 3603 καὶ
372 3550 525 3617 Θεὸν,
577 3551 686 3604 οὐδ’
741 3549 805 3604 ἂν
853 3550 1246 3621 ὑποστρέψειεν
1305 3551 1366 3615 ἐξ
1400 3550 1631 3622 οὐρανοῦ
1693 3549 1816 3603 καθ’

244 3644 415 3714 ἡμᾶς,
437 3642 719 3714 ἄνθρωπος
748 3642 992 3714 δηλονότι
1025 3641 1119 3695 καὶ
1150 3645 1207 3696 ἐν
1240 3642 1428 3715 σαρκί.
1452 3643 1521 3696 Ἢ
1537 3643 1817 3712 ούκάτρε-

244 3735 318 3806 κῆ
356 3752 438 3788 σοι
469 3736 630 3804 φάναι
659 3734 836 3801 δοκῶ;

1912 549 2058 596 certe
2091 542 2135 596 si
2167 552 2225 594 ut
2256 556 2439 595 verum
2467 541 2802 609 admittatur,
2822 541 2981 610 periit
3003 541 3381 606 fides.sub|ata
3405 558 3489 599 est

1912 648 2067 698 crux,
2087 632 2268 687 mundi
2292 632 2435 687 salus
2457 648 2521 689 ac
2537 634 2646 688 vita
2665 653 2680 701 ;
2699 644 2857 704 atque
2872 634 2923 688 in
2938 637 3247 691 universum
3280 637 3488 692 interiit

1910 740 2095 780 eorum
2132 724 2222 793 qui
2258 724 2311 778 in
2352 725 2455 780 nde
2483 726 3049 796 obdormieruntspes.
3077 726 3154 782 Ita
3188 730 3332 783 enim
3362 746 3485 784 sese

1912 831 2024 870 rem
2045 816 2264 880 habere,
2282 816 2445 870 etiam
2470 816 2627 872 beato
2650 817 2816 873 Paulo
2852 818 3026 873 visum
3058 828 3142 873 est
3173 837 3188 875 :
3219 838 3237 872 ι
3264 820 3483 875 Tradidi

1909 907 2073 973 enim,
2101 906 2296 976 inquit,
2337 907 2491 963 vobis
2524 908 2577 963 in
2623 910 2813 979 primis
2844 913 2986 976 quod
3017 919 3072 966 et
3100 914 3305 981 accepi,
3353 929 3487 982 quo-

1910 999 2052 1051 niam
2080 998 2328 1054 Christus
2352 1008 2593 1056 mortuus
2611 1011 2693 1057 est
2710 1018 2806 1072 pro
2831 1004 2996 1076 682
3022 1005 3258 1073 peccatis
3288 1007 3486 1060 nostris

1910 1088 2205 1142 secundum
2228 1088 2534 1157 Scripturas
2563 1111 2573 1144 :
2608 1101 2661 1146 et
2693 1096 2832 1161 quod
2862 1097 3104 1162 sepultus
3131 1105 3234 1161 est,
3264 1107 3315 1150 et
3342 1098 3485 1165 quod

1910 1180 2207 1233 resurrexit
2225 1178 2383 1234 tertia
2403 1180 2486 1233 die
2507 1184 2802 1237 secundum
2827 1183 3156 1254 Scripturas,
3178 1196 3229 1240 et
3255 1188 3395 1255 quod
3414 1188 3487 1240 vi-

1906 1282 2001 1324 sus
2024 1271 2338 1341 estCephae,
2363 1289 2425 1328 ac
2450 1284 2632 1342 postea
2662 1276 2962 1332 duodecim.
2997 1280 3197 1333 Deinde
3229 1280 3373 1334 visus
3404 1288 3487 1335 est.

1907 1360 2025 1429 plus
2041 1376 2201 1431 quam
2223 1363 2531 1435 quingentis
2554 1366 2809 1423 fratribus
2829 1369 2988 1424 simul
3004 1410 3020 1437 ,
3034 1384 3099 1425 ex
3117 1372 3312 1439 quibus
3333 1373 3487 1428 multi

1907 1462 2129 1506 manent
2173 1468 2342 1524 usque
2391 1458 2586 1523 adhuc,
2636 1459 2853 1528 quidam
2899 1471 3079 1516 autem
3124 1462 3480 1518 dormierunt.

1910 1540 2112 1599 Deinde
2158 1546 2305 1600 visus
2326 1554 2412 1602 est
2437 1546 2662 1614 Iacobo,
2694 1550 2888 1608 deinde
2918 1554 3178 1623 apostolis
3199 1555 3485 1623 omnihus',

1908 1635 2202 1691 novissime
2229 1646 2408 1692 autem
2432 1641 2673 1694 omnium
2703 1650 2956 1712 tanquam
2988 1645 3257 1709 abortivo,
3288 1646 3486 1716 inquit,

1909 1725 2054 1780 visus
2070 1737 2155 1781 est
2173 1736 2228 1782 et
2244 1729 2370 1784 mihi
2388 1730 2481 1784 η.)
2501 1730 2565 1785 Et
2582 1733 2739 1801 paulo
2757 1746 2901 1802 post:
2924 1753 2942 1786 ι
2968 1734 3022 1789 Si
3041 1749 3217 1791 autem
3238 1739 3489 1795 Christus

1909 1819 2250 1886 praedicatur,
2268 1822 2408 1890 quod
2427 1826 2722 1880 resurrexit
2741 1841 2770 1879 a
2794 1828 3021 1882 mortuis
3041 1871 3056 1894 ,
3082 1831 3350 1896 quomodo
3371 1831 3490 1899 qui-

1909 1910 2032 1964 dam
2056 1910 2240 1966 dicunt
2270 1913 2321 1965 in
2351 1913 2502 1970 vobis
2526 1916 2778 1985 quoniam
2805 1920 3129 1974 resurrectio
3153 1930 3489 1977 mortuorum

1910 2014 2016 2052 non
2051 2000 2170 2055 est?
2211 2001 2265 2056 Si
2296 2012 2472 2058 autem
2522 2008 2852 2062 resurrectio
2882 2020 3214 2065 mortuorum
3249 2028 3353 2067 nou
3381 2026 3487 2074 est.

1910 2102 2086 2157 neque
2104 2088 2352 2147 Christus
2372 2094 2681 2150 resurrexit.
2702 2093 2760 2150 Si
2789 2106 2968 2152 autem
2996 2099 3243 2155 Christus
3268 2118 3372 2156 non
3408 2118 3491 2158 rev

1912 2179 2171 2244 surrexit,
2203 2181 2380 2238 inanis
2409 2193 2492 2239 est
2531 2200 2661 2255 ergo
2707 2185 3018 2256 praedicatio
3059 2199 3263 2256 nostra,
3312 2191 3490 2248 inanis

1912 2278 1996 2322 est
2033 2279 2088 2325 et
2130 2270 2262 2327 lides
2290 2282 2508 2341 nostra;
2549 2276 2853 2332 invenimur
2880 2288 3058 2334 autem
3088 2288 3144 2335 et
3176 2280 3292 2337 falsi
3324 2292 3490 2339 testes

1914 2358 2034 2426 Dei,
2061 2364 2316 2431 quoniam
2354 2365 2717 2421 testimonium
2743 2368 2979 2425 diximus
3010 2371 3270 2430 adversus
3298 2374 3488 2441 Deum,

1915 2453 2057 2519 quod
2086 2454 2432 2511 suscitaverit
2462 2457 2764 2522 Christum.
2789 2475 2948 2529 quem
2982 2478 3085 2516 non
3110 2467 3415 2533 suscitavit,
3444 2470 3490 2523 si

1916 2542 2113 2596 mortui
2143 2557 2247 2598 non
2282 2556 2568 2615 resurgunt
2593 2547 2659 2602 ¹³.
2691 2566 2711 2601 ι
2738 2548 2985 2615 Quonam
3012 2554 3157 2608 enim
3188 2566 3366 2625 pacto,
3389 2558 3489 2613 ob-

1915 2647 2097 2700 secro,
2127 2636 2395 2691 moriatur
2430 2639 2670 2693 umbra?
2702 2640 2980 2707 Quomodo
3025 2645 3188 2715 igitur
3211 2648 3494 2703 suscitavit

1915 2725 2189 2780 Christum
2226 2725 2410 2794 Pater,
2438 2744 2560 2784 cum
2607 2731 2795 2787 umbra
2839 2743 3045 2788 tantum
3089 2745 3143 2791 et
3171 2737 3490 2809 imaginaria

1918 2817 2162 2887 quaedam
2196 2822 2511 2891 apparentia
2538 2834 2707 2889 esset,
2746 2834 2803 2881 et
2847 2827 3039 2883 mortis
3063 2829 3293 2886 vinculis
3318 2830 3492 2887 obno-

1917 2910 2043 2965 xius
2087 2925 2194 2966 non
2224 2913 2409 2967 esset?
2450 2912 2645 2970 Procul
2686 2916 2849 2987 igitur
2880 2917 3112 2973 facessat
3147 2920 3361 2976 illorum
3396 2938 3493 2977 vo-

1920 3001 2092 3064 mitio.
2138 3003 2268 3072 quin
2300 3003 2479 3075 potius
2529 3004 2764 3061 fabulam
2807 3006 3067 3079 impiique
3095 3011 3259 3066 animi
3300 3012 3490 3069 ebulli-

1923 3092 2094 3147 tiones
2125 3093 2520 3152 existimemus.
2554 3096 2828 3167 Ejusmodi
2859 3100 3002 3154 eiiim
3030 3102 3186 3157 nobis
3213 3113 3370 3159 antea
3402 3106 3495 3159 de-

1920 3183 2142 3252 scripsit
2191 3182 2497 3241 Servatoris
2539 3187 2708 3241 nostri
2748 3188 3045 3259 discipulus
3092 3210 3106 3246 :
3148 3212 3167 3244 ι
3198 3192 3373 3261 Multi,
3410 3196 3495 3250 in-

1922 3276 2134 3343 quiens,
2184 3277 2667 3348 pseudoprophetae
2716 3280 2966 3335 exierunt
3012 3282 3063 3337 in
3103 3288 3383 3345 mundum.
3439 3288 3492 3341 In

1923 3372 2024 3421 hoc
2069 3368 2418 3437 cognoscitur
2462 3369 2701 3440 Spiritus
2747 3372 2861 3428 Dei.
2914 3375 3103 3431 Omnis
3138 3378 3359 3444 spiritus
3402 3383 3495 3448 qui

1921 3462 2210 3516 conﬁtetur
2234 3460 2417 3516 Jesunt
2446 3462 2719 3519 Christum
2758 3466 2811 3520 in
2837 3482 3002 3525 carne
3030 3471 3266 3536 venisse,
3292 3488 3356 3526 ex
3388 3473 3497 3529 Deo

1921 3561 2027 3608 est.
2076 3570 2095 3602 ι
2136 3552 2199 3605 Et
2238 3553 2417 3607 omnis
2460 3554 2681 3624 spiritus
2710 3559 2801 3626 qui
2835 3574 2940 3613 non
2968 3562 3255 3616 conﬁtetur
3280 3562 3492 3631 Jesum,

1922 3657 1987 3697 ex
2023 3643 2128 3697 Deo
2152 3658 2255 3697 non
2283 3652 2385 3699 est.
2418 3645 2596 3715 Atque
2622 3646 2725 3701 hoc
2759 3658 2841 3703 est
2874 3649 2940 3704 de
2966 3652 3328 3716 Antechristo.
3353 3657 3497 3724 quod

1924 3732 2176 3801 audistis,
2209 3735 2464 3803 quoniam
2518 3736 2716 3799 veniet,
2754 3749 2806 3791 et
2841 3756 2981 3795 nunc
3025 3742 3137 3811 jam
3191 3743 3242 3797 in
3300 3746 3497 3800 mundo

245 3842 330 3887 est
363 3831 429 3884 ".
465 3850 484 3882 ›
521 3830 575 3885 Si
604 3833 746 3887 enim
776 3832 936 3885 homo
966 3830 1141 3886 factus
1170 3846 1278 3885 non
1323 3839 1428 3897 est,
1477 3843 1648 3899 neque
1714 3829 1956 3885 ascendit
1984 3829 2035 3882 in
2105 3844 2268 3884 carne
2302 3830 2353 3883 in
2399 3829 2565 3886 caelos
2605 3832 2669 3886 ad
2722 3830 2936 3887 Patrem
2982 3850 3045 3891 ac
3093 3836 3284 3906 Deum,
3322 3856 3498 3912 neque

249 3930 428 3986 redire
461 3929 653 3998 poterit
682 3944 747 3983 ex
775 3929 914 3984 cmlo
941 3928 1097 3983 nobis
1123 3927 1333 3993 similis,
1365 3928 1527 3983 homo
1554 3926 1834 3994 nimirum,
1869 3934 1924 3981 et
1953 3926 2006 3978 in
2034 3940 2219 3979 carne.
2254 3925 2409 3981 Anne
2438 3926 2533 3981 tibi
2573 3941 2694 3982 vera
2736 3927 2913 3983 dicere
2948 3930 3172 3985 videor?

320 4028 381 4082 Β.
413 4026 523 4081 Καὶ
553 4026 718 4093 μάλα.

319 4121 384 4173 Α.
414 4119 488 4172 Τὸ
514 4117 570 4171 δὲ
592 4118 655 4189 δὴ
678 4117 771 4170 καὶ
800 4118 1018 4190 ἐτέρους
1047 4114 1251 4170 οἴεσθαί
1282 4132 1342 4169 τε
1376 4115 1471 4168 καὶ
1492 4115 1708 4185 φρονεῖν
1761 4111 1822 4177 ἐξ

247 4208 560 4280 ἀμετρήτου
590 4208 835 4272 νωθείας,
864 4207 1076 4276 γένεσιν
1111 4207 1208 4277 μὲν
1254 4204 1553 4276 ἀνήνασθαι
1590 4203 1691 4276 τὴν
1734 4202 1823 4256 διὰ

1994 4017 2055 4074 Β.
2096 4018 2345 4074 Omnino.

1996 4111 2063 4163 Α.
2103 4108 2253 4175 Quod
2278 4125 2403 4165 vero
2426 4109 2517 4165 alii
2546 4126 2610 4167 ex
2638 4112 2897 4169 immensa
2928 4115 3160 4185 quadam
3185 4118 3498 4189 stupiditate

1928 4201 2162 4256 Verbqu
2196 4216 2259 4256 ex
2311 4200 2422 4282 Deo
2463 4204 2700 4273 genitum
2750 4208 2899 4261 nasci
2942 4222 3009 4262 ex
3057 4220 3241 4265 sancta
3277 4209 3499 4282 Virgine

248 4270 347 4369 της
384 4270 545 4367 ἀγυίας
580 4270 893 4369 Παρθένου,
924 4298 1015 4351 τὸν
1040 4270 1262 4350 ἐκηθεοῦ
1299 4270 1471 4366 ιέύντα
1506 4270 1695 4364 Λόγον,
1729 4294 1815 4347 καὶ

1931 4293 2185 4356 noluisse,
2216 4302 2271 4346 et
2304 4270 2547 4347 natitram
2576 4303 2815 4350 nostram
2860 4297 3153 4367 respuisse,
3198 4301 3290 4356 sed
3320 4270 3500 4372 poUtiuB

249 4358 411 4461 φύσιν
433 4358 712 4465 ’ἀτιμάσαι
762 4358 1030 4461 τὴννκαθ’
1072 4392 1239 4461 ἡμᾶς,
1277 4358 1722 4461 ὧρατετράῖρθάι
1768 4386 1815 4440 δὲ

1928 4394 2192 4438 mutatum
2228 4384 2401 4454 ipsum
2434 4386 2486 4439 in
2529 4402 2745 4441 carnem
2795 4396 3068 4443 terrenam
3116 4393 3495 4448 contendunt:

254 4484 452 4553 μᾶλλον
486 4484 649 4536 αὑτὸν
684 4485 763 4545 εἰς
786 4482 883 4553 τὴν
913 4482 1022 4536 ἀπὸ
1041 4482 1144 4551 γῆς
1169 4481 1367 4552 σάρκα,
1397 4479 1824 4551 δυσφημούντων

251 4577 371 4629 ἐστὶ
391 4578 488 4644 τὴν
516 4576 847 4646 οἰκονομίαν,
874 4575 1096 4639 καὶτοῖς
1120 4573 1283 4636 θείοις
1313 4574 1625 4644 σκέμμασιν
1647 4575 1824 4627 ἐπιτι-

256 4668 362 4737 μᾷν
390 4667 699 4737 ᾑρημένων.
742 4667 801 4720 '0
830 4666 928 4737 μὲν
950 4667 1058 4737 γὰρ
1079 4666 1187 4719 τῶν
1210 4666 1346 4720 ὅλων
1368 4664 1714 4736 δημιουργὸς,
1730 4666 1825 4718 καὶ

253 4757 422 4820 πολὺς
448 4758 526 4818 εἰς
562 4756 709 4809 ἐλεον
737 4757 831 4810 τοῦ
854 4756 989 4810 Θεοῦ
1028 4757 1229 4826 Λόγος,
1275 4756 1579 4810 κεκένωκεν
1614 4754 1825 4820 ἐαυτὸν,

253 4849 323 4903 δι’
356 4850 504 4920 ἡμᾶς
540 4850 829 4920 γενόμενος
875 4849 1180 4921 ἄνθρωπος,
1214 4849 1503 4917 γενόμενος
1541 4849 1605 4899 ἐκ
1642 4863 1830 4916 γυναιο

256 4940 371 5003 κὸς,
399 4941 464 4992 ἵν’
497 4941 731 5011 ἐπείπερ
764 4941 998 5007 αἵματος
1030 4940 1124 4993 καὶ
1150 4939 1350 5011 σαρκὸς
1377 4936 1740 5007 κεκοινώνηκε
1762 4936 1831 4989 τὰ

256 5030 465 5096 παιδία,
504 5030 780 5083 τουτέστιν
842 5030 1000 5098 ἡμεῖς
1025 5070 1040 5093 ,
1085 5029 1179 5080 καὶ
1220 5028 1380 5091 αὐτὸς
1435 5025 1829 5097 παραπλησίως

260 5123 507 5192 μετάσχῃ
522 5122 630 5173 τῶν
648 5120 835 5185 ὄντων,
859 5141 876 5172 ι
890 5120 1007 5173 Ἵνα
1028 5120 1113 5171 διὰ
1133 5119 1227 5172 τοῦ
1251 5118 1481 5173 θανάτου
1505 5117 1829 5187 καταργήσῃ

256 5213 349 5266 τὸν
382 5212 441 5266 τὸ
476 5214 672 5284 κράτος
705 5211 896 5281 ἔχοντα
924 5211 1018 5263 τοῦ
1048 5210 1300 5276 θανάτου,
1324 5208 1570 5262 τουτέστι
1602 5207 1692 5259 τὸν
1714 5207 1829 5259 διά-

259 5304 435 5368 δολον,
469 5304 563 5357 καὶ
593 5303 878 5373 ἀπαλλάξῃ
898 5302 1136 5367 τούτους,
1166 5304 1278 5355 ὅσοι
1312 5300 1461 5371 φόϐῳ
1493 5300 1722 5353 θανάτου
1744 5297 1832 5351 διὰ

262 5395 465 5458 παντὸς
492 5395 585 5447 τοῦ
627 5393 727 5464 ζῇν
750 5433 765 5457 ,
807 5394 982 5463 ἐνοχοι
1018 5389 1157 5463 ἦσαν
1195 5392 1457 5455 δουλείας.
1483 5410 1501 5442 ›
1553 5384 1680 5443 Ὧδε
1723 5388 1831 5459 γὰρ

258 5485 365 5556 ἔφη
394 5486 454 5538 τὸ
502 5486 541 5538 Γ
546 5487 741 5556 ράμμα
773 5484 832 5538 τὸ
865 5483 1026 5555 ἱερόν.
1071 5484 1131 5537 Ol.
1160 5483 1217 5536 δὲ
1247 5484 1344 5554 τῆς
1370 5482 1512 5537 οὕτω
1543 5479 1830 5551 παγκάλης

1931 4472 1985 4526 in
2039 4473 2461 4548 incarnationem
2526 4472 2621 4527 Dei
2674 4473 3162 4544 blasphemantium
3211 4478 3502 4548 divinaque

1932 4562 2156 4617 consilia
2190 4546 2610 4632 improbantium
2637 4575 2737 4621 est.
2769 4566 2992 4621 Creator
3020 4567 3161 4621 enim
3193 4568 3354 4622 totius
3382 4546 3503 4623 uui-

1931 4654 2096 4717 versi,
2130 4661 2184 4707 et
2212 4652 2420 4724 largum
2452 4653 2506 4707 in
2550 4655 2972 4713 misericordiam
3018 4660 3108 4715 Dei
3139 4659 3369 4715 Verbum
3404 4678 3501 4715 ex-

1931 4740 2161 4795 inanivit
2188 4742 2448 4811 seipsum,
2480 4741 2677 4797 factum
2701 4760 2799 4814 pro
2826 4748 2978 4802 nobis
3008 4748 3167 4803 homo
3196 4750 3259 4813 ",
3290 4762 3505 4805 natum-

1929 4850 2034 4905 que
2062 4850 2092 4889 e
2133 4835 2356 4891 muliere
2379 4836 2446 4901 ¹⁶,
2478 4846 2536 4890 ιιι
2566 4841 3021 4907 quemadmodum
3057 4844 3333 4913 sanguinis
3373 4862 3501 4915 par-

1933 4925 2123 4995 ticipes
2150 4927 2259 4981 sint
2291 4927 2441 4996 pueri
2467 4926 2531 4994 ⁸⁷,
2566 4927 2670 4983 hoc
2702 4941 2787 4986 est
2825 4946 2943 4997 nos,
2972 4934 3043 4986 ita
3068 4935 3229 4988 etiam
3255 4936 3505 4991 similiter

1932 5018 2046 5089 ipse
2082 5035 2268 5075 eorum
2297 5022 2568 5092 particeps
2603 5031 2780 5078 esset:
2808 5024 2972 5095 683
3008 5042 3026 5076 ι
3057 5026 3127 5081 Ut
3158 5041 3254 5096 per
3276 5041 3501 5084 mortem

1934 5110 2237 5165 destrueret
2271 5128 2392 5166 eum
2427 5114 2517 5182 qui
2564 5115 2795 5169 habebat
2834 5118 3024 5170 mortis
3058 5117 3365 5186 imperium,
3402 5120 3507 5176 hoc
3569 5149 3582 5166 ι

1935 5210 2015 5255 εει
2070 5201 2379 5269 diabolum;
2429 5210 2483 5256 et
2529 5202 2722 5257 liberet
2780 5218 2873 5258 eos
2933 5204 3023 5273 qui
3079 5205 3272 5259 timore
3318 5209 3509 5261 mortis

1936 5308 2031 5362 per
2058 5302 2223 5347 totam
2252 5295 2416 5349 vitam
2455 5294 2672 5349 obnoxii
2702 5304 2858 5349 erant
2893 5295 3160 5349 servituti.
3195 5314 3216 5349 ι
3254 5296 3331 5351 Ita
3361 5299 3506 5351 enim

1938 5386 2013 5439 ait
2040 5400 2195 5439 sacra
2241 5384 2517 5454 Scriptura
2566 5386 2630 5440 ".
2676 5384 2740 5440 Hi
2775 5401 2903 5441 vero
2931 5387 3194 5456 optimum
3236 5388 3336 5442 hoc
3368 5405 3507 5457 prac-

1939 5476 2442 5545 stantissimumque
2467 5475 2560 5531 Dei
2593 5476 2896 5544 consilium,
2928 5486 3184 5547 tanquam
3208 5494 3394 5550 parum
3418 5480 3513 5534 θεέ

334 5682 379 5716 ’³
408 5684 422 5738 1
447 5682 571 5739 Cor.
601 5698 688 5745 xv.
710 5682 821 5740 3-8.
901 5685 942 5716 ¹³
969 5685 1093 5740 ibid.
1128 5682 1313 5739 12-15.
1395 5679 1438 5714 ιδ
1466 5679 1482 5735 l
1509 5677 1660 5733 Joan.
1704 5690 1774 5739 tv,
1805 5677 1815 5729 l

1995 5674 2036 5706 ”
2061 5673 2289 5745 Philipp.
2326 5689 2383 5741 ιι,
2418 5674 2466 5729 7.
2548 5675 2589 5706 “'
2615 5673 2788 5731 Galat.
2824 5690 2896 5740 tv,
2922 5677 2973 5730 4.
3056 5678 3096 5709 ¹⁷
3130 5674 3291 5733 Hebr.
3328 5691 3390 5743 tt,
3423 5677 3511 5735 14.

284 5753 307 5783 ⁹
329 5752 511 5808 chm
540 5771 575 5820 t,
607 5753 689 5817 Η,
734 5754 817 5807 15.
