3846 6210
312 447 319 459 ⁸
361 361 499 419 H39

1338 353 1398 410 S.
1437 354 1708 411 CYBILLI
1749 347 2210 410 ALEXANDRINI
2249 347 2564 412 ARCHIEP.

363 498 489 537 core
527 479 833 534 institutum
857 476 1136 541 damnant,
1169 482 1223 530 et
1256 476 1478 544 perinde
1506 491 1570 531 ac
1603 475 1647 531 si
1678 476 1777 546 ipsi
1823 490 1934 530 me-

2040 477 2129 529 καὶ
2158 475 2384 548 ἀρίστης
2429 473 2624 545 βουλῆς
2669 476 2731 529 τὸ
2782 471 3029 547 ἀπρεπὲς
3082 475 3454 547 καθορίζουσι,
3506 484 3609 534 καὶ

365 574 497 626 liora
552 572 863 639 excogitare
910 567 1140 636 possint,
1194 568 1359 636 ipsius
1407 569 1683 638 sapientiae
1715 568 1930 624 decreta

362 666 688 734 improbant.
735 660 920 730 Neque
961 661 1104 715 enim
1154 674 1221 714 ex
1267 670 1419 728 partu
1460 659 1696 726 Virginis
1730 661 1930 714 editum

367 757 600 811 Verbum
632 753 1050 809 existimandum
1098 761 1320 807 censent
1361 771 1374 806 :
1411 753 1504 808 sed
1545 755 1724 822 potius
1770 752 1930 808 Verbi

363 857 608 901 naturam
650 845 704 898 in
740 845 914 899 debile
952 845 1055 898 hoc
1091 856 1290 910 corpus
1320 840 1756 896 transformatam
1791 855 1930 904 esse,

360 950 418 992 et
452 937 802 992 mutationem
835 936 1193 1005 imaginantur
1219 933 1335 1001 ejus
1365 933 1418 986 in
1450 947 1607 1001 quem
1642 933 1785 986 nulla
1813 948 1932 986 mu-

363 1029 492 1084 tatio
514 1028 680 1082 cadit.
712 1027 950 1081 Firtuata
979 1027 1122 1080 enim
1159 1034 1320 1092 atque
1347 1022 1581 1077 stabilita
1611 1032 1696 1078 est
1725 1022 1817 1076 Dei
1843 1038 1935 1076 ua-

364 1131 480 1174 tura
515 1121 565 1173 in
597 1119 833 1188 propriis
872 1119 984 1174 suis
1023 1116 1196 1181 bonis,
1225 1124 1278 1169 et
1320 1114 1730 1168 itnmutabiliter
1753 1113 1806 1167 in
1839 1127 1936 1168 suo

362 1221 502 1265 statu
546 1222 840 1280 permanet.
883 1209 1080 1262 Natura
1115 1208 1256 1260 enim
1291 1215 1492 1268 creata,
1543 1219 1769 1274 quaeque
1804 1215 1937 1258 tem-

361 1319 492 1371 pore
520 1305 584 1355 ad
617 1317 735 1357 esse
773 1303 1013 1355 traducta
1061 1309 1164 1361 est,
1220 1297 1502 1351 mutationi
1550 1295 1781 1350 obnoxia
1830 1304 1934 1360 est,

361 1409 594 1462 vereque
629 1394 679 1446 id
707 1393 770 1444 de
793 1390 1055 1460 ejusmodi
1085 1403 1142 1441 re
1167 1387 1272 1440 dici
1298 1388 1485 1454 possit.
1514 1385 1644 1438 Nam
1679 1385 1937 1455 quidquid

359 1485 654 1539 exsistendi
686 1483 1004 1552 principium
1032 1481 1262 1548 accepit,
1286 1480 1333 1534 ei
1359 1481 1520 1532 etiam
1545 1479 1940 1546 quodammodo

358 1577 583 1632 insitum
613 1586 719 1642 est,
749 1584 807 1628 ut
840 1573 1035 1628 mutari
1063 1573 1254 1643 possit.
1279 1570 1420 1626 Deus
1448 1584 1578 1625 vero
1607 1570 1696 1640 qui
1725 1585 1936 1624 omnem

359 1672 686 1726 intellectum
731 1675 970 1736 superat,
1007 1675 1062 1720 et
1091 1664 1465 1718 exsistenliam
1501 1664 1569 1718 ab
1613 1670 1735 1718 ortu
1779 1671 1939 1732 atque

359 1763 578 1817 interitu
604 1761 827 1815 liberam
851 1757 1038 1822 habet,
1055 1757 1202 1812 omni
1227 1756 1523 1810 mutatione
1549 1755 1796 1826 superior
1819 1765 1900 1809 est
1921 1771 1936 1819 ;

2030 567 2220 640 ὥσπερ
2251 569 2371 622 ὲνὸν
2400 569 2586 632 αὐτοῖς
2618 567 2684 621 τά
2711 567 2917 638 ἀμείνω
2946 570 3193 639 φρονεῖν,
3233 569 3328 622 καὶ
3361 572 3477 634 τοῖς
3503 570 3610 638 τῆς

2033 659 2223 730 σοφίας
2247 659 2539 731 ἐπιτιμῶσι
2570 657 2871 729 σκέμμασι.
2895 660 2987 729 Μὴ
3021 659 3130 728 γὰρ
3158 659 3221 730 δὴ
3261 661 3462 730 χρῆναι
3511 661 3609 714 λέ-

2031 772 2218 824 γουσιν
2245 755 2408 809 ὠδῖνα
2438 755 2532 808 καὶ
2559 755 2716 808 τόκον
2739 755 2832 807 τὸν
2857 755 2922 807 ὲκ
2949 755 3204 823 γυναικὸς
3231 756 3611 827 καταγράφειν

2032 848 2180 917 ἡμᾶς
2206 847 2301 900 τοῦ
2330 845 2685 915 Μονογενοῦς,
2718 845 2924 899 οἴεσθαι
2944 845 3003 898 δὲ
3029 845 3228 916 μᾶλλον
3250 845 3347 916 τὴν
3376 847 3472 900 τοῦ
3500 847 3611 901 Δό-

2033 954 2130 1006 γου
2161 938 2322 1006 φύσιν
2351 940 2431 1002 είς
2467 938 2528 991 τὸ
2573 936 2771 1008 σαθρὸν
2811 937 2874 1007 δὴ
2904 935 3062 1014 τοῦτο
3095 938 3616 1009 μετεστοιχειῶσθαι

2036 1026 2214 1098 σῶμα,
2250 1025 2351 1088 καὶ,
2374 1025 2581 1097 τροπὴν
2603 1024 2969 1094 φαντάζονται
2996 1024 3090 1078 τοῦ
3113 1025 3318 1097 τροπὴν
3342 1027 3444 1079 οὐκ
3466 1026 3616 1080 είδόο

2034 1135 2144 1180 τος.
2197 1119 2539 1188 Ἐρὴρεισται
2572 1117 2681 1188 γὰρ
2707 1118 2740 1186 ἡ
2771 1115 2908 1169 Θεοῦ
2940 1117 3103 1186 φύσις
3156 1119 3216 1170 ὲν
3267 1117 3418 1178 ἰδίοις
3468 1118 3618 1186 ἀγα-

2037 1208 2182 1274 θοῖς,
2255 1209 2352 1262 καὶ
2412 1208 2802 1262 ἀκατάσειστον
2868 1208 2981 1278 ἔχει
3045 1209 3142 1280 τὴν
3201 1208 3286 1279 ἐφ’
3353 1203 3439 1274 οἷς
3494 1212 3621 1263 ἑστι

2036 1299 2316 1370 διαμονήν.
2345 1300 2511 1362 Φύσις
2545 1299 2642 1368 μὲν
2675 1298 2837 1369 γάρὴ
2875 1298 3100 1370 γενητὴ,
3131 1301 3228 1353 καὶ
3257 1300 3432 1370 χρόνῳ
3463 1318 3621 1372 παρ-

2037 1389 2313 1460 ενεχθεῖσα
2336 1389 2470 1460 πρὸς
2495 1388 2746 1459 ὓπαρξιν,
2770 1388 2931 1440 πάθοι
2967 1388 3033 1442 ἂν
3060 1389 3158 1460 τὴν
3188 1388 3494 1454 ἀλλοίωσιν,
3519 1391 3624 1443 καὶ

2037 1480 2137 1532 οὐκ
2178 1479 2284 1546 ἔξω
2337 1479 2500 1548 λόγου
2538 1478 2635 1532 τοῦ
2668 1477 3002 1548 καθήκοντός
3030 1496 3092 1532 τε
3135 1480 3230 1532 καλ⁵
3268 1479 3506 1551 ἀληθοῦς
3557 1483 3628 1534 τὸ

2038 1571 2228 1642 χρῆμα
2255 1571 2514 1624 κείσεται.
2550 1569 2622 1624 Τὸ
2647 1571 2755 1642 γάρ
2781 1569 2953 1642 ἀρχὴν
2984 1571 3120 1635 ὅλως
3141 1571 3235 1626 τοῦ
3257 1566 3395 1626 εἶναι
3427 1572 3624 1643 λαχὸν,

2038 1663 2201 1716 οἱονεί
2237 1679 2354 1726 πως
2385 1662 2483 1734 ἤδη
2509 1663 2603 1716 καὶ
2635 1662 3078 1732 συνεσπαρμένον
3112 1662 3226 1733 ἔχει
3269 1663 3331 1716 τὸ
3363 1662 3625 1716 ἀλλοιοῦ-

2042 1754 2165 1807 σθαι
2203 1754 2334 1807 δεῖν.
2367 1753 2500 1816 Θεὸς
2526 1752 2584 1806 δὲ
2616 1754 2645 1806 ό
2671 1754 2873 1818 παντὸς
2899 1753 3156 1808 ἐπέκεινα
3190 1754 3310 1820 νοῦ,
3345 1755 3628 1821 γενέσεως

359 1866 432 1918 et,
464 1853 630 1907 veluti
662 1850 892 1919 propriae
919 1863 1030 1904 suae
1060 1858 1266 1902 natura:
1312 1847 1520 1901 ratione
1545 1847 1727 1902 omnia
1755 1856 1934 1902 creata

2040 1847 2135 1899 ml.
2185 1846 2391 1919 φθορᾶς
2443 1847 2542 1918 τὴν
2578 1847 2810 1919 ὓπαρξιν
2865 1846 3003 1917 ἔχων
3036 1844 3382 1918 ἐξῃρημένην
3423 1863 3482 1899 τε
3520 1845 3628 1901 καὶ

361 1945 516 2011 longe
571 1941 805 2006 excedit,
864 1948 919 1993 et
982 1938 1198 2008 quidem
1264 1937 1758 2008 incomparabiliter
1804 1953 1819 1992 :
1866 1939 1935 1992 ita

358 2035 522 2088 etiam
559 2033 612 2086 in
651 2033 717 2085 iis
753 2045 872 2100 quae
901 2029 1168 2084 creaturis
1207 2029 1303 2083 abs
1331 2043 1389 2082 se
1419 2026 1655 2082 conditis
1691 2027 1938 2082 accidere

359 2125 552 2190 solent,
587 2123 742 2191 longe
797 2120 1097 2186 antecellit;
1131 2117 1373 2189 nullique
1415 2119 1494 2173 rei
1531 2133 1649 2188 qua:
1680 2120 1935 2173 damnum

359 2217 561 2271 inferre
612 2213 779 2282 possit
825 2212 1092 2266 obnoxius
1141 2221 1244 2266 est.
1293 2210 1518 2265 Deitatis
1569 2211 1750 2280 itaque
1798 2211 1936 2265 b0na

357 2319 484 2364 sunt
531 2307 682 2359 ﬁrma
726 2319 791 2358 ac
844 2303 1080 2358 stabilia.
1117 2303 1502 2358 Creaturarum
1558 2318 1708 2370 vero,
1741 2304 1938 2357 altera-

360 2401 594 2453 tionibus
645 2396 1142 2465 mutationibusque
1188 2395 1450 2464 subjecta,
1500 2403 1554 2449 et
1603 2387 1936 2462 corrtmtioui

357 2492 554 2547 vicina.
583 2488 734 2556 Quod
775 2489 989 2556 quidem
1030 2487 1232 2554 optime
1265 2487 1575 2555 intelligens
1608 2488 1936 2540 rectissime-

359 2598 461 2651 que
483 2596 663 2635 secum
683 2580 957 2632 zestimans
981 2580 1236 2645 propheta
1259 2575 1540 2639 Jeremias,
1569 2578 1641 2629 ita
1675 2577 1738 2629 ad
1772 2576 1937 2629 Deum

358 2674 621 2726 exclamat
651 2689 664 2722 :
699 2670 778 2724 Tu
827 2670 1045 2737 quidem
1091 2667 1331 2722 insidens
1363 2668 1617 2721 saeculum
1651 2686 1663 2720 :
1703 2683 1800 2721 nos
1845 2683 1937 2720 au-

361 2775 469 2817 tem
499 2763 785 2830 pet-dentes
817 2760 1096 2816 sarculum.
1144 2756 1309 2810 Sedet
1351 2759 1494 2812 enim
1531 2757 1692 2811 veluti
1727 2758 1778 2809 iu
1813 2772 1938 2824 pro—

359 2856 490 2925 priis
518 2855 734 2910 sedibus
755 2868 968 2923 semper
990 2852 1154 2917 Deus,
1179 2851 1460 2906 dominans
1483 2857 1642 2919 atque
1666 2850 1940 2918 imperans

358 2947 630 3011 omnibus,
665 2945 918 3015 nullaque
953 2943 1165 2999 affectio
1194 2943 1248 2997 in
1278 2958 1399 2998 eum
1435 2942 1719 3012 imperium
1757 2942 1936 2995 habet.

357 3036 468 3094 Nos
497 3053 623 3093 vero
654 3053 776 3092 cum
813 3046 1002 3091 natura
1041 3035 1248 3106 praediti
1281 3037 1451 3090 simus
1497 3049 1659 3104 quam
1705 3036 1940 3088 maxime

2041 1923 2460 2012 ὑπερίέχουσαν,
2492 1941 2732 2010 ἀμείνων
2761 1941 2909 1993 ἐσται
2931 1941 3025 1994 καὶ
3048 1939 3274 2010 τροπῆς,
3304 1939 3403 1993 καὶ
3426 1939 3630 2011 ὥσπερ

2037 2031 2116 2100 τῷ
2155 2031 2256 2101 τῆς
2308 2031 2440 2095 ιδίας
2470 2031 2684 2101 φύσεως
2739 2031 2902 2103 λόγῳ,
2951 2032 3151 2095 παντὸς
3192 2026 3346 2104 οἶμαί
3374 2050 3479 2085 που
3520 2033 3627 2085 τοῦ

2038 2121 2380 2194 κεκλημένου
2401 2122 2539 2193 πρὸς
2569 2124 2782 2192 γένεσιν
2804 2122 3223 2196 ὑπερανέστηκε
3249 2123 3346 2177 καὶ
3373 2125 3631 2196 ὑπερφέ-

2041 2232 2215 2285 ρεται,
2246 2213 2346 2284 καί
2376 2213 2534 2267 τοῦτο
2577 2214 2930 2285 ἀσυγκρίτοις
2979 2215 3295 2285 διαφοραῖς,
3339 2215 3482 2269 οὕτω
3516 2222 3631 2272 κάν

2036 2308 2149 2369 τοῖς
2199 2304 2416 2360 είωθόσι
2465 2306 2788 2376 συμϐαίνειν
2842 2309 2955 2370 τοῖς
2990 2305 3060 2359 δι’
3109 2305 3274 2359 αὐτοῦ
3327 2309 3633 2377 γεγονόσι,

2037 2397 2458 2470 ύπερανεστήξει
2488 2397 2651 2452 πάλιν
2672 2439 2690 2464 ,
2720 2398 2914 2451 παθεῖν
2939 2398 3039 2451 οὐκ
3076 2398 3233 2460 εἰδὼς
3275 2399 3338 2452 τδ
3371 2404 3632 2468 aequae;

2039 2489 2264 2546 ἀδικεῖν.
2294 2488 2527 2556 Οὐκοῦν,
2569 2492 2626 2543 ἐν
2651 2489 2876 2558 ἀγαθοῖς
2903 2490 3000 2560 μὲν
3025 2489 3086 2543 τὸ
3109 2489 3252 2544 θεῖον
3279 2491 3630 2561 ἀμεταπτώ-

2037 2598 2150 2644 τοις
2183 2580 2319 2635 ἐστί.
2343 2580 2423 2633 Τά
2437 2581 2492 2634 δέ
2520 2598 2584 2650 γε
2606 2582 2705 2652 τῆς
2735 2582 2986 2644 κτίσεως,
3010 2583 3067 2635 ὲν
3089 2582 3369 2637 ἀλλοιώσει
3390 2588 3485 2638 καὶ
3500 2603 3630 2657 τρο-

2040 2677 2190 2738 παῖς,
2216 2673 2508 2744 ἀγχίθυρον
2539 2675 2730 2745 ἔχοντα
2751 2675 2848 2748 τὴν
2883 2677 3266 2747 παραφθορὰν.
3315 2681 3428 2733 Καὶ
3459 2681 3639 2736 τοῦτο

2037 2764 2320 2833 γινώσκων
2347 2761 2405 2818 εὖ
2433 2765 2602 2835 μάλα,
2629 2767 2722 2819 καὶ
2745 2767 2820 2832 ὡς
2846 2767 3042 2838 ἄριστα
3075 2769 3380 2839 φιλοσοφων
3410 2774 3440 2825 ό
3485 2791 3634 2844 προ-

2041 2857 2217 2927 φήτης
2232 2856 2499 2928 Ἱερεμίας
2523 2857 2788 2926 ἀνεφώνει
2810 2858 2945 2929 πρὸς
2966 2859 3118 2925 Θεὸν,
3135 2862 3218 2914 ὅτι
3235 2881 3253 2913 r
3274 2863 3343 2916 Σὺ
3365 2863 3512 2933 καθή
3525 2883 3597 2935 με
3613 2895 3634 2906 -

2040 2963 2129 3009 νος
2171 2947 2262 3000 τὸν
2293 2946 2486 3012 αἰῶνα,
2520 2947 2616 3002 καὶ
2643 2950 2804 3019 ἡμεῖς
2833 2949 3195 3021 ἀπολλύμενοι
3231 2952 3322 3005 τὸν
3348 2953 3530 3007 αἰῶνα
3549 2973 3562 2983 ·
3609 2976 3634 3010 ν

2040 3037 2347 3092 καθεδεῖται
2373 3039 2484 3109 γὰρ
2513 3038 2782 3111 ὥσπερέν
2814 3041 2965 3105 ίδίοις
3004 3042 3191 3105 θάκοις
3219 3045 3280 3096 τὸ
3316 3043 3460 3098 θεῖον
3510 3048 3632 3108 ἀεὶ,

360 3128 430 3183 ad
473 3127 850 3181 alterationem
892 3124 1356 3192 mutationemque
1389 3123 1632 3193 proclivi,
1665 3124 1934 3191 perdimus

2043 3129 2325 3199 βασιλεῦον
2357 3130 2452 3182 καὶ
2481 3132 2859 3204 κατακρατοῦν
2883 3133 2993 3186 τῶν
3016 3135 3174 3198 ὅλων,
3202 3137 3296 3188 καὶ
3327 3136 3435 3189 ὑπὸ
3487 3140 3634 3207 μηδ-

359 3219 635 3281 saeeulum,
671 3217 772 3271 hoc
799 3223 904 3280 est,
952 3216 1005 3270 in
1053 3214 1242 3285 quovis
1282 3225 1524 3284 tempore
1557 3215 1934 3283 corruptibiles

359 3309 753 3377 mutabilesque
775 3321 984 3362 sumus.
1037 3305 1222 3360 Deitas
1268 3306 1451 3374 itaque
1499 3306 1649 3361 nullo
1699 3321 1934 3376 unquam

360 3413 602 3472 tempore
645 3400 842 3455 mutari
876 3409 1074 3469 potest,
1108 3414 1281 3470 neque
1313 3400 1420 3454 ulla
1465 3397 1748 3454 aﬂ‘ectione
1779 3415 1808 3454 a
1839 3415 1934 3454 sua

360 3493 618 3548 firmitate
644 3493 936 3556 dimoveri;
958 3507 988 3547 e
1009 3492 1286 3546 contrario
1304 3491 1675 3559 corruptibilis
1701 3491 1934 3545 mutabi-

361 3585 555 3654 lisque,
601 3586 702 3639 hoc
749 3593 850 3650 est,
889 3592 1068 3638 creata
1106 3591 1326 3647 natura,
1376 3584 1650 3638 essentiali
1686 3584 1932 3637 immutu-

361 3679 568 3731 bilitate
591 3677 812 3747 praedita
836 3690 958 3730 esse
981 3693 1084 3729 non
1110 3687 1304 3745 potest,
1322 3689 1494 3744 neque
1518 3677 1711 3729 divinae
1735 3686 1937 3729 natura:

363 3771 624 3822 bonorum
656 3770 995 3837 possessione
1021 3769 1262 3837 gloriari.
1291 3768 1484 3820 Audiet
1516 3767 1659 3821 enim
1697 3768 1890 3819 merito
1921 3784 1933 3818 :

359 3857 526 3930 685
567 3856 749 3924 «Quid
799 3858 942 3912 enim
989 3857 1192 3921 babes,
1240 3858 1382 3927 quod
1437 3872 1543 3911 non
1599 3858 1931 3926 accepisti?»

361 3953 510 4017 Quod
547 3963 674 4003 vero
709 3949 1062 4004 immutabilis
1112 3951 1334 4004 omnino
1392 3950 1466 4004 sit
1511 3947 1672 4004 Verbi
1709 3961 1933 4011 natura,

364 4042 636 4098 mmabilis
674 4053 852 4096 autem
897 4056 1120 4111 prorsus
1167 4051 1372 4106 creata,
1410 4041 1666 4097 facillime
1704 4044 1824 4110 quis
1857 4041 1936 4094 in-

367 4137 570 4206 telligat
611 4150 642 4190 e
678 4135 878 4189 Davide
921 4135 974 4188 in
1020 4134 1212 4204 spiritu
1255 4145 1485 4189 canente
1529 4153 1542 4188 :
1586 4152 1605 4186 ι
1635 4134 1768 4190 Caeli
1813 4147 1937 4202 per-

361 4227 536 4290 ibunt,
589 4236 642 4280 tu
681 4236 862 4281 autem
915 4225 1281 4295 permanebis,
1315 4235 1372 4280 et
1415 4239 1604 4280 omnes
1657 4233 1716 4280 ut
1769 4227 1940 4281 vesti-

360 4329 601 4371 mentum
652 4325 994 4372 veterascent
1049 4333 1064 4370 :
1112 4325 1168 4369 et
1222 4317 1364 4370 sicut
1415 4295 1747 4386 opertorium
1813 4333 1932 4370 nm-

362 4409 500 4462 tabis
528 4422 644 4475 eos,
677 4417 733 4462 et
773 4407 1146 4463 mutabuntur.
1184 4406 1264 4461 Tu
1300 4414 1481 4461 autem
1532 4406 1673 4461 idem
1711 4409 1836 4476 ipse-
1852 4423 1931 4473 es,

2043 3219 2156 3284 ενὸς
2187 3220 2294 3274 τῶν
2313 3220 2502 3274 παθῶν
2532 3221 2979 3291 τυραννούμενον.
3036 3223 3222 3294 Ἡμεῖς
3247 3224 3304 3277 δὲ
3334 3225 3434 3297 τὴν
3459 3228 3638 3295 φύσιν

2042 3314 2451 3385 εύτροχωτάτην
2489 3329 2549 3366 τε
2581 3313 2675 3366 καὶ⁵
2711 3313 3096 3385 εὑπαράφορον
3129 3319 3321 3388 κομιδῇ
3359 3321 3501 3390 πρὸς
3535 3323 3634 3375 ἀλ-

2042 3403 2255 3458 λοίωσιν
2280 3404 2495 3476 ἔχοντες
2525 3407 2621 3458 καὶ
2652 3407 2878 3477 τροπὴν,
2907 3407 3258 3478 ἀπολλύμεθα
3288 3410 3381 3462 τὸν
3425 3414 3632 3477 αίῶνα,

2041 3497 2319 3550 τουτέστιν
2345 3539 2359 3563 ,
2391 3499 2450 3551 ὲν
2482 3499 2645 3552 παντὶ
2691 3497 2869 3568 καιρῷ
2915 3500 3010 3550 καὶ
3055 3501 3253 3572 χρόνῳ,
3290 3501 3529 3574 φθαρτοί
3571 3508 3635 3560 τέ

2043 3588 2210 3657 ἐσμεν
2232 3587 2325 3640 καὶ
2351 3589 2596 3660 τρεπτοί.
2625 3587 2751 3641 Οὓτ⁹
2772 3585 2866 3642 οὖν
2891 3589 2956 3642 τὸ
2983 3588 3125 3643 θεῖον
3152 3592 3211 3642 ὲν
3235 3597 3632 3662 παρατροπαῖς

2043 3679 2236 3746 γένοιτ’
2260 3680 2326 3734 ἄν
2351 3695 2481 3732 ποτε
2523 3683 2621 3749 τῆς
2673 3681 2807 3744 ἰδίας
2852 3682 3191 3752 ἑδραιότητος
3240 3682 3480 3748 ἐξωσθὲν
3516 3687 3633 3740 ὑπό

2042 3784 2136 3820 του
2173 3767 2284 3820 τῶν
2333 3767 2541 3832 παθῶν,
2575 3767 2687 3820 οὔτ’
2717 3768 2785 3821 ἂν
2831 3770 2866 3840 ἡ
2914 3767 3127 3841 φθαρτή
3157 3785 3218 3821 τε
3243 3770 3339 3823 καὶ
3378 3770 3636 3825 ἀλλοιουο

2047 3859 2182 3929 μένη
2203 3898 2219 3922 ,
2252 3859 2534 3913 τουτέστιν
2582 3860 2615 3930 ὴ
2647 3860 2870 3930 γενητὴ,
2913 3861 3409 3933 καταπλουτήσειεν
3443 3863 3512 3917 ἂν
3539 3866 3634 3918 οὐ·

2045 3948 2214 4020 σιώδη
2260 3950 2361 4021 τὴν
2406 3949 2690 4020 ἀτρεψίαν,
2743 3950 2850 4003 οὐδ’
2876 3951 2942 4004 ἂν
2995 3953 3327 4024 ἐπαυχήσειε
3371 3958 3490 4019 τοῖς
3531 3959 3634 4028 τῆς

2044 4040 2195 4103 θείας
2230 4040 2442 4110 φύσεως
2474 4042 2696 4109 ἀγαθοῖς
2723 4041 2798 4105 ὡς
2821 4041 2971 4105 ίδίοις
2997 4045 3030 4114 ἡ
3062 4044 3262 4108 κτίσις.
3304 4046 3634 4100 ’Δκούσεται

2043 4134 2151 4204 γὰρ
2179 4133 2439 4202 εὐλόγως*
2478 4151 2498 4184 ι
2539 4132 2604 4185 Τί
2637 4133 2746 4204 γὰρ
2775 4133 2941 4203 ἔχεις,
2971 4135 3000 4186 ὃ
3044 4135 3145 4188 οὐκ
3177 4135 3407 4200 ἔλαϐες
3443 4157 3462 4188 ι
3503 4139 3628 4192 ὐτι

2041 4224 2098 4278 δέ
2129 4227 2277 4277 ἐστιν
2315 4222 2586 4294 ἄτρεπτος
2627 4224 2725 4294 μὲν
2754 4224 2849 4277 καὶ
2883 4223 3241 4289 ἀναλλοίωτος
3269 4228 3556 4292 παντελῶς
3595 4232 3634 4299 ἡ

2042 4316 2136 4370 τοῦ
2187 4317 2348 4384 λόγου
2388 4315 2571 4386 φύσις,
2623 4315 2886 4386 ἀλλοιωτὴ
2919 4316 2976 4369 δὲ
3006 4318 3284 4382 παντελῶς
3328 4320 3362 4388 ἡ
3397 4321 3630 4392 γενητὴ,

2043 4409 2389 4480 καταθρὴσαι
2418 4427 2502 4472 τις
2539 4408 2604 4462 ἂν
2639 4408 2733 4461 καὶ
2771 4407 2888 4461 λίαν
2910 4409 3168 4475 εὐκόλως,
3215 4411 3636 4494 ἀναμελῳόοὖνο

360 4510 413 4554 et
461 4502 586 4553 alilii
639 4499 715 4553 tui
776 4514 881 4554 non
931 4497 1190 4553 deﬁcient
1215 4498 1276 4551 η.
1314 4515 1332 4550 ι
1371 4497 1472 4553 Ubi
1525 4497 1688 4581 igitur
1739 4500 1934 4553 mansit

2043 4517 2134 4562 τος
2167 4501 2226 4555 ἐν
2267 4500 2545 4571 Πνεύματι
2577 4498 2672 4552 τοῦ
2707 4500 2978 4570 μακαρίου
3015 4500 3205 4553 Δαῦίδ·
3245 4519 3264 4551 r
3303 4502 3366 4553 Οί
3404 4503 3634 4574 οὐρανοὶ

359 4591 595 4646 Verbum
648 4591 765 4656 Dei,
805 4592 850 4645 si
898 4605 1024 4645 vere
1074 4589 1294 4657 dicitur,
1341 4590 1488 4658 quod
1545 4589 1786 4659 deposita
1836 4606 1932 4645 sua

362 4685 619 4739 Iirmitate
667 4695 826 4750 atque
872 4683 1196 4747 snabiiitate,
1245 4684 1312 4735 ad
1368 4685 1414 4737 .d
1465 4683 1605 4753 quod
1669 4697 1774 4736 non
1818 4693 1936 4737 erat

364 4780 641 4832 traductus
674 4787 775 4842 est,
834 4778 1354 4846 trausfonnatusque
1387 4785 1470 4831 est
1518 4779 1570 4831 in
1618 4777 1800 4831 carnis
1834 4791 1935 4830 na-

363 4879 558 4934 turam,
597 4875 652 4922 et
689 4879 885 4922 statum
929 4867 1376 4938 corruptibilem?
1415 4869 1566 4923 Anne
1605 4869 1784 4939 potius
1835 4869 1938 4924 hoc

361 4961 608 5014 delirium
641 4972 799 5029 atque
823 4961 1029 5014 insania
1062 4961 1187 5016 est?

2039 4591 2385 4657 ἀπολοῦνται,
2423 4593 2489 4645 σὺ
2513 4592 2570 4646 δὲ
2601 4591 2894 4659 διαμενεῖς,
2934 4591 3028 4643 καὶ
3059 4591 3261 4654 πάντες
3297 4591 3372 4654 ὡς
3408 4595 3632 4662 ἱμάτιον

2038 4684 2544 4757 παλαιωθήσονται,
2588 4683 2682 4736 καὶ
2724 4683 2856 4735 ὡσεὶ
2907 4681 3252 4753 περιϐόλαιον
3287 4682 3487 4750 ἑλίξεις
3529 4688 3633 4738 αύ-

2037 4779 2188 4843 τοὺς,
2213 4780 2307 4831 καὶ
2329 4776 2746 4848 ἀλλαγήσονται.
2783 4775 2854 4827 Σὺ
2882 4773 2936 4826 δὲ
2967 4777 2994 4826 ὁ
3022 4773 3182 4838 αὐτὸς
3208 4769 3279 4837 εἴ,
3309 4777 3407 4827 καὶ
3437 4778 3510 4830 τὰ
3535 4777 3638 4847 tm

2043 4887 2136 4924 σου
2173 4871 2273 4923 οὐκ
2316 4868 2646 4938 ἐκλείψουσι.
2684 4887 2704 4920 ι
2742 4851 2848 4920 [Ιοῦ
2883 4867 3173 4938 τοιγαροῦν
3233 4868 3558 4938 μεμένηκεν
3606 4874 3640 4924 ὁ

2041 4962 2206 5026 αὐτὸς
2230 4964 2258 5015 ὁ
2287 4964 2352 5016 ὲκ
2385 4961 2519 5015 Θεοῦ
2559 4961 2752 5030 Λόγος,
2784 4960 2943 5030 εἴπερ
2974 4961 3120 5013 ἐστὶν
3161 4960 3389 5030 ἀτρεκὲς
3416 4963 3633 5024 εἰπεῖν,

356 5067 439 5119 ὅτι
479 5059 661 5130 μεθεὶς
694 5059 754 5111 τὸ
773 5060 1178 5131 ἑρηρεισμένως
1227 5073 1288 5113 τε
1349 5059 1444 5114 καὶ
1467 5060 1774 5131 άκλονήτως
1803 5060 1969 5131 ἔχειν,
2006 5060 2446 5130 καταπεφοῖτηκε
2510 5059 2610 5129 μὲν
2659 5059 2737 5118 είς
2777 5057 2914 5140 ὅπερ
2938 5055 3037 5107 οὐκ
3061 5049 3149 5124 ἦν,
3189 5057 3636 5127 μεταπεποίηται

357 5152 534 5206 δὲκαὶ
571 5153 648 5212 εἰς
681 5150 878 5220 σαρκὸς
920 5150 1101 5218 φύσιν,
1139 5153 1232 5204 καὶ
1296 5153 1376 5215 είς
1439 5151 1498 5204 τὸ
1544 5150 1858 5222 φθείρεσθαι
1922 5153 2199 5223 πεφυκός;
2234 5147 2356 5222 Ἆρ’
2400 5147 2492 5203 οὖν
2537 5149 2655 5219 οὐχὶ
2704 5149 2868 5219 λῆρός
2940 5163 2998 5198 τε
3036 5146 3132 5198 καὶ
3174 5145 3277 5214 ήδη
3326 5147 3426 5198 καὶ
3458 5151 3638 5215 μανία

356 5246 511 5300 ταυτί
531 5263 546 5312 ;

429 5340 488 5391 Β.
532 5339 624 5393 Est
655 5351 819 5394 certe.

426 5432 492 5486 A.
537 5429 741 5484 Licebit
765 5431 906 5484 enim
940 5445 1055 5501 part
1087 5432 1392 5487 temeritate
1422 5431 1623 5497 dicere,
1651 5435 1791 5502 quod
1823 5449 1929 5488 non

357 5532 440 5576 est
483 5522 926 5588 dissentaucum,
980 5535 1246 5578 terrenam
1296 5537 1510 5594 quoque
1561 5535 1804 5580 naturam
1865 5526 1930 5579 ad

364 5613 583 5668 Deitatis
615 5623 857 5667 naturam
884 5617 1247 5671 conscendere
1281 5631 1458 5685 posse,
1487 5628 1646 5687 atque
1689 5618 1739 5672 in
1771 5634 1928 5673 uuam

436 5790 476 5820 η
507 5791 644 5845 l‘sul.
678 5807 746 5860 cr,
775 5792 862 5857 27,
903 5790 991 5847 28.

2112 5341 2171 5393 Β.
2203 5341 2352 5393 Πάνυ
2377 5338 2475 5409 μὲν
2504 5335 2618 5390 οὖν.

2111 5434 2174 5485 Α.
2208 5432 2349 5501 Ὥρα
2367 5429 2474 5500 γὰρ
2504 5431 2676 5482 είπεῖν
2701 5431 2820 5489 ταῖς
2841 5428 3067 5481 ἐκείνων
3098 5427 3364 5498 ἀμαθίαις
3399 5430 3635 5484 ἀντιτεί-

2040 5542 2228 5586 νοντας
2247 5521 2636 5594 ἀμαθέστερον,
2667 5522 2742 5580 ὡς
2784 5520 2930 5574 ἔστιν
2961 5521 3062 5574 οὐκ
3099 5522 3326 5584 ἀπεικὸς
3350 5563 3365 5586 ,
3405 5523 3504 5576 καὶ
3533 5523 3632 5592 τὴν

2039 5617 2145 5669 ἀπὸ
2171 5617 2272 5685 γῆς
2298 5617 2475 5685 σὲρκα
2498 5615 2630 5684 πρὸς
2657 5612 2753 5682 τὴν
2780 5613 2876 5680 τῆς
2903 5611 3167 5682 Θεότητος
3205 5612 3370 5681 φύσιν
3403 5615 3628 5684 ἀναφοι-
