3846 6210
230 379 357 436 £20!

1334 379 1420 434 DE
1460 377 1977 435 ΙΝΕΑΒΝᾹἸἹΟΝΕ
2020 381 2392 437 UNlGENlTl.
2472 384 2476 388 ’

3368 381 3503 436 12(ιὲ

222 497 318 565 τᾲν
350 491 612 548 δύνασθαί
646 512 797 564 ποτε,
835 497 930 550 καὶ
953 496 1053 568 τῆς
1094 497 1356 550 ἀνωτάτω
1398 496 1588 549 πασῶν
1625 495 1814 560 οὐσίας

1950 515 2038 554 um
2081 516 2334 569 suprema
2375 515 2616 555 omnium
2647 501 2882 554 essentia
2923 500 3370 555 constitutionem
3407 515 3504 554 ve-

223 584 477 652 γενέσθαι
504 583 784 640 σύστασιν.
817 587 880 640 Ei
919 587 1029 658 γὰρ
1058 587 1199 658 αὑτὴ
1227 587 1329 656 τῆς
1357 587 1612 658 θεότητος
1644 588 1678 656 ἡ
1711 586 1814 655 φύ-

222 693 327 739 σις,
357 677 502 730 κατά
532 693 598 745 γε
621 678 722 748 τὴν
746 678 970 732 ἐκείνων
1017 679 1441 751 ἐμϐροντησίαν,
1473 680 1556 740 είς
1582 680 1682 750 τὴν
1714 681 1816 749 τῆς

225 769 428 839 σαρκὸς
453 770 882 842 μετακεχώρηκε
915 771 1098 841 φύσιν,
1143 771 1295 824 οὐδὲν
1323 771 1386 826 τὸ
1414 772 1679 841 ἀπεῖργον
1709 768 1814 835 ἔτι,

223 861 320 931 τὴν
353 862 451 932 μὲν
485 861 637 916 κάτω
666 879 724 915 τε
753 864 848 916 καὶ
881 862 1018 917 ίδίαν
1048 864 1211 932 φύσιν
1235 904 1249 929 ,
1281 863 1698 935 ὑπερπέτασθαι
1718 861 1816 933 τὴν

225 952 426 1023 σάρκα,
461 954 934 1024 μεταπλάττεσθαι
955 955 1014 1009 δὲ
1036 955 1173 1023 πρὸς
1208 956 1457 1028 θεότητα,
1491 956 1587 1009 καὶ
1615 956 1696 1019 εἰς
1728 956 1819 1008 ού-

226 1044 349 1098 σίαν
371 1045 472 1117 τὴν
511 1045 796 1105 ἀνωτάτω.
835 1047 976 1102 Ἀλλ’
1006 1048 1069 1102 οὐ
1097 1052 1220 1113 ταῖς
1247 1049 1474 1102 ἐκείνων
1504 1047 1819 1111 ἀσυνεσίαις

222 1137 286 1190 τὸ
330 1137 584 1204 εὐπειθὲς
626 1139 1004 1212 χαριούμεθα·
1037 1140 1480 1212 προσκεισόμεθα
1522 1139 1579 1193 δὲ
1616 1139 1819 1210 μᾶλλον

225 1234 346 1296 ταῖς
377 1229 552 1295 θείαις
603 1233 872 1304 Γραφαῖς,
922 1234 1017 1287 καὶ
1069 1235 1356 1305 προφήτου
1390 1235 1490 1304 μὲν
1519 1233 1771 1302 λέγοντος
1801 1248 1815 1262 ⁸

232 1338 252 1371 ‹
290 1320 422 1374 Ἰδοὺ
469 1322 503 1390 ἡ
537 1320 816 1392 Παρθένος
847 1323 906 1374 ἐν
932 1324 1135 1395 γαστρὶ
1172 1323 1406 1394 λήψεται
1434 1365 1449 1388 ,
1483 1324 1576 1377 καὶ
1605 1323 1821 1390 τέξεται

229 1409 380 1470 Υίὸν,
415 1409 512 1463 καὶ
552 1409 805 1474 καλέσεις
847 1410 910 1464 τὸ
958 1410 1135 1482 όνομα
1173 1409 1342 1464 αὑτοῦ
1386 1411 1756 1483 Ἐμμανουήλ·
1795 1431 1816 1462 ι

228 1500 776 1572 κατασφραγίζοντος
819 1501 998 1575 δὲτὴν
1029 1503 1489 1575 προαναφὼνησιν
1522 1504 1619 1558 τοῦ
1647 1521 1824 1574 μακα-

232 1597 352 1667 ρίου
375 1595 620 1666 Γαϐριὴλ
642 1636 658 1661 ,
712 1596 807 1650 καὶ
851 1599 952 1666 τὴν
999 1596 1208 1652 ἄνωθεν
1237 1597 1417 1668 ψῆφον
1449 1600 1518 1670 τῇ
1553 1597 1822 1669 Παρθένῳ

227 1687 681 1760 διερμηνεύοντος
704 1705 720 1719 ο
753 1706 772 1740 ι
801 1688 895 1760 Μὴ
927 1688 1098 1759 φοϐοῦ
1134 1689 1265 1760 γὰρ,
1297 1690 1426 1759 ἔφη.
1453 1690 1706 1761 Μαριὰμ,
1740 1692 1824 1746 ὅτι

233 1779 342 1834 ἰδοῦ
364 1779 609 1851 συλλήψῃ
635 1781 696 1832 ὲν
729 1780 950 1852 γαστρὶ,
986 1780 1082 1834 καλ⁵
1109 1779 1238 1853 τέξῃ
1269 1781 1415 1846 Υίὸν,
1454 1781 1547 1836 καὶ
1575 1783 1826 1845 καλέσεις

1917 593 2055 647 nire.
2087 592 2145 647 Si
2178 606 2412 661 namque
2443 591 2555 661 ipsa
2595 592 2895 647 divinitatis
2929 603 3121 646 natura
3155 591 3341 662 (juxta
3384 592 3506 647 illo-

1917 703 2035 741 rum
2083 687 2536 757 deliramentum)
2592 687 2646 742 in
2698 687 2878 743 carnis
2933 695 3184 742 naturam
3227 687 3504 753 transivit,

1919 779 2050 835 nihil
2073 779 2347 836 obstiterit
2373 779 2666 850 quominus
2695 777 2925 834 inferior
2949 777 3064 832 haec
3093 786 3280 832 nostra
3312 787 3506 832 natura

1920 875 2189 929 transiliat
2217 888 2462 938 carnem,
2487 882 2541 928 et
2589 873 2644 926 in
2692 871 2959 927 Deitatem
3005 881 3168 940 atque
3198 885 3505 940 supremam

1923 967 2066 1020 illam
2095 968 2386 1022 essentiam
2428 965 2862 1021 transformclur.
2904 966 2973 1018 At
3016 978 3114 1018 nos
3161 963 3370 1017 illorum
3419 961 3505 1016 in-

1920 1059 2082 1128 eptiis
2111 1058 2271 1113 ﬁdem
2297 1073 2632 1129 nequaquam
2665 1056 3073 1111 adhibebimus:
3095 1055 3188 1110 sed
3224 1056 3400 1124 potius
3428 1055 3508 1108 di-

1923 1152 2064 1207 vinis
2108 1151 2408 1222 Scripturis
2453 1150 2885 1220 acquiescemus,
2916 1150 3178 1220 propheta
3213 1148 3375 1202 etiam
3423 1147 3510 1199 di-

1922 1252 2079 1297 cente
2120 1261 2134 1296 :
2181 1262 2200 1294 ι
2229 1244 2368 1298 Ecce
2399 1241 2558 1311 Virgo
2605 1242 2659 1296 in
2696 1253 2851 1297 utero
2898 1239 3190 1309 concipiet,
3234 1247 3289 1293 et
3337 1238 3513 1306 pariet

1925 1333 2143 1397 Filium,
2170 1342 2225 1388 et
2255 1333 2523 1389 vocabunt
2552 1346 2751 1387 nomen
2790 1332 2910 1402 ejus
2935 1328 3250 1384 Emmanuel
3291 1328 3370 1396 ”;
3405 1346 3424 1380 ι
3459 1338 3514 1380 et

1927 1429 2085 1483 beato
2105 1425 2358 1482 Gabriele
2376 1427 2514 1480 hanc
2537 1424 2939 1496 praedictionem
2963 1421 3345 1484 conﬁrmante,
3377 1420 3514 1474 divi-

1926 1534 2160 1590 namque
2186 1519 2518 1574 voluntatem
2560 1517 2756 1588 virgini
2792 1516 3101 1571 declaraute
3130 1533 3143 1569 :
3175 1532 3195 1566 ι
3219 1512 3297 1568 Ne
3323 1515 3516 1568 timeas

1926 1610 2094 1674 enim,
2144 1609 2342 1679 inquit,
2394 1608 2585 1673 Maria,
2636 1607 2894 1678 quoniam
2953 1619 3082 1662 ecce
3131 1603 3407 1672 concipies
3459 1603 3514 1657 in

1929 1707 2110 1761 utero,
2139 1705 2193 1751 et
2221 1697 2403 1767 paries
2444 1695 2663 1760 Filium,
2709 1706 2764 1751 et
2795 1695 3017 1752 vocabis
3049 1709 3245 1750 nomen
3278 1694 3396 1761 ejus
3425 1691 3514 1748 Je—

1929 1805 2048 1846 sum
2085 1789 2154 1843 “.
2188 1808 2207 1840 ι
2243 1789 2322 1844 Ex
2355 1789 2586 1844 muliere
2618 1798 2804 1844 natum
2840 1803 3031 1844 revera
3083 1786 3358 1842 credimus
3390 1784 3518 1839 Em-

228 1875 291 1924 τὸ
321 1871 494 1943 ὖνομα
521 1850 688 1926 αὐτοῦ
725 1850 936 1942 Ἰησοῦν
958 1888 972 1904 ο
1004 1893 1023 1924 ι
1064 1874 1128 1926 ἐκ
1167 1850 1428 1943 γυναικὸς
1472 1874 1691 1947 ἀληθῶς
1734 1892 1825 1943 γε-

1947 1882 2272 1947 nanuelem;
2308 1892 2364 1938 et
2401 1882 2739 1952 splendidam
2785 1881 3268 1951 admirabilemque
3313 1885 3519 1934 natura:

230 1966 524 2038 γεννῆσθαι
559 1963 891 2036 πιστεύομεν
920 1965 1012 2020 τὸν
1056 1967 1428 2039 Ἐμμανουήλ,
1466 1969 1561 2020 καὶ
1601 1968 1662 2020 τὸ
1684 1968 1825 2039 λαμ-

236 2057 374 2130 πρόν
403 2075 463 2111 τε
501 2058 596 2112 καὶ
627 2057 960 2126 άξιάγαστον
981 2058 1084 2127 τῆς
1117 2060 1329 2113 ἑαυτῶν
1356 2059 1573 2129 φύσεως
1604 2059 1666 2112 ού
1698 2059 1826 2114 διωο

234 2149 445 2222 σόμεθα
465 2149 751 2224 καύχημα,
779 2149 1108 2222 φρονοῦντες
1135 2151 1336 2223 ὀρθῶς.

305 2244 366 2298 Β.
399 2243 635 2314 ’Δριστα
676 2242 835 2314 ἔφης.
897 2241 1264 2314 Ἐπεδράξατο
1295 2243 1405 2316 γὰρ
1439 2245 1468 2298 ὁ
1490 2245 1823 2316 Μονογενὴς,

232 2335 356 2406 οὐχὶ
386 2334 487 2405 τῆς
513 2333 650 2396 ίδίας
672 2333 890 2404 φύσεως
922 2328 978 2404 (ἦ
1009 2332 1118 2404 γὰρ
1158 2335 1225 2389 ἂν
1246 2335 1404 2389 οὐδέν
1436 2353 1492 2389 τι
1525 2336 1726 2407 μᾶλλον
1758 2335 1828 2388 τὰ

234 2428 358 2482 καθ’
387 2429 536 2499 ἡμᾶς
554 2429 611 2480 ὲν
641 2427 1102 2498 ἀμείνοσιν),άλλ’
1130 2427 1251 2482 οὐδὲ
1272 2428 1371 2498 τῆς
1391 2428 1665 2497 ἀγγέλων,
1694 2427 1830 2482 ἀλλὰ

233 2518 550 2592 σπέρματος
584 2518 857 2588 Ἀϐραὰμ,
884 2517 1030 2571 καθά
1059 2514 1509 2591 γέγραπταιῘΗν
1530 2519 1638 2592 γὰρ
1662 2518 1827 2583 οὓτω,

235 2613 330 2666 καὶ
359 2613 457 2682 οὐχ
486 2612 710 2681 ἑτέρως,
742 2611 804 2664 τὸ
841 2611 1192 2684 διολισθῆσαν
1241 2614 1322 2677 εἰς
1375 2611 1585 2683 φθορὰν
1613 2611 1828 2666 ἀνασώ-

239 2703 433 2757 σασθαι
472 2705 650 2772 γένος.

308 2797 371 2847 Α.
392 2796 456 2848 Τί
479 2795 569 2861 δός
604 2797 738 2866 Οὐχὶ
763 2798 982 2851 κάκεῖνο
1009 2799 1147 2868 πρὸς
1175 2798 1352 2853 τοῖσδε
1384 2797 1829 2864 καταθαυμάζειν

236 2889 408 2953 ἄξιον,
442 2883 487 2942 ὧ
531 2889 793 2960 Ἑρμεία;

309 2983 368 3036 Β.
410 2981 663 3035 Τὸποῖόν
685 2999 737 3035 τι
771 2985 912 3054 φής;

311 3076 372 3128 Α.
397 3074 576 3129 Μόνον
605 3075 712 3146 γὰρ
741 3077 863 3147 οὐχὶ
884 3078 977 3130 καὶ
999 3078 1059 3130 τὸ
1102 3077 1379 3148 ἐρρῶσθαι
1426 3080 1731 3150 φράσαντες
1765 3081 1830 3150 τῇ

1932 1985 2132 2032 nostra:
2160 1975 2475 2046 dignitatem
2505 1989 2609 2030 non
2639 1974 2964 2044 rejiciemus.

2003 2245 2065 2298 Β.
2112 2245 2329 2314 Optime
2374 2242 2532 2298 dicis.
2578 2241 2948 2310 Appreheudit
2999 2240 3142 2294 enim
3198 2238 3359 2299 Deus,
3415 2251 3518 2288 non

1932 2339 2207 2409 propriam
2234 2352 2297 2392 ac
2323 2336 2648 2407 peculiarem
2686 2344 2935 2388 naturam
2963 2334 3172 2403 (neque
3195 2331 3336 2384 enim
3359 2329 3521 2399 quid-

1933 2446 2092 2502 quam
2125 2430 2192 2484 ad
2227 2444 2324 2483 nos
2354 2427 2599 2482 utilitatis
2631 2426 3009 2496 pervenisset),
3030 2424 3123 2479 sed
3155 2437 3328 2491 neque
3351 2437 3519 2502 ange-

1934 2522 2137 2587 lorum,
2187 2521 2280 2576 sed
2313 2533 2497 2574 semen
2530 2518 2785 2582 Abrahae,
2827 2517 2967 2571 sicut
3015 2514 3275 2584 scriptum
3327 2521 3410 2567 est
3445 2497 3512 2563 ²¹ἶ

1933 2613 2010 2667 lta
2046 2613 2212 2677 enim,
2249 2621 2303 2666 et
2335 2627 2440 2665 non
2476 2609 2634 2663 aliter
2665 2622 2834 2678 genus
2863 2605 2927 2660 ad
2972 2603 3267 2675 perniciem
3306 2602 3525 2658 devolu-

1935 2716 2046 2760 tum
2077 2703 2485 2759 instaurandum
2519 2711 2657 2755 erat.

2006 2796 2072 2850 A.
2116 2793 2256 2859 Quid
2281 2807 2412 2847 vero
2433 2791 2456 2845 ?
2477 2790 2630 2846 Anne
2662 2792 2761 2844 hoc
2787 2789 2949 2842 etiam
2979 2786 3358 2843 admirandum
3393 2801 3523 2840 ceu.

1934 2901 2046 2948 ses,
2075 2883 2292 2940 Hermia
2317 2881 2340 2934 ?

2006 2977 2067 3029 Β.
2110 2975 2376 3041 Quidnam
2401 2974 2424 3025 τ

2009 3069 2074 3122 A.
2133 3066 2316 3120 Sacrae
2364 3062 2508 3116 enim
2571 3059 2867 3127 Scriptura
2929 3055 3084 3127 quasi
3139 3055 3526 3120 valedicentes,

238 3167 586 3240 θεοπνεύστῳ
608 3170 822 3240 Γραφῇ,
845 3169 939 3222 καὶ
959 3170 1236 3241 πνεύμασι
1273 3148 1499 3236 πλάνοις
1519 3172 1611 3225 τὸν
1634 3148 1831 3225 οἰκεῖόν

1947 3170 1992 3216 et
2039 3158 2322 3228 spiritibus
2358 3155 2560 3209 erroris
2600 3162 2835 3206 mentem
2882 3149 3218 3216 addicentes,
3260 3148 3424 3220 685
3463 3167 3528 3203 cn

239 3276 384 3324 τινες
421 3260 793 3330 ἀπονέμοντες
817 3259 966 3325 νοῦν,
998 3263 1078 3324 εἰς
1106 3261 1268 3315 τοῦτο
1293 3263 1584 3316 καθίκοντο
1607 3263 1836 3316 δυσϐου-

241 3352 361 3416 λίας
407 3351 501 3405 καὶ
539 3352 937 3422 μειρακιώδους
983 3352 1334 3424 ἀϐελτηρίας,
1375 3354 1452 3417 ὡς
1486 3354 1695 3409 οίεσθαι
1727 3355 1836 3407 δεῖν

241 3446 334 3498 τὸν
361 3443 469 3497 τῶν
491 3443 702 3498 αἰώνων
721 3443 1073 3515 δημιουργὸν,
1092 3445 1183 3498 τὸν
1201 3445 1472 3500 συναῖδιον
1490 3445 1569 3517 τῷ
1595 3446 1714 3518 Θεῷ
1741 3448 1838 3501 καὶ

247 3538 423 3608 Πατρὶ
450 3537 645 3605 Λόγον,
671 3539 740 3608 τῇ
777 3538 877 3608 τῆς
935 3536 1139 3607 σαρκὸς
1173 3536 1388 3606 γενέσει
1435 3555 1839 3610 συμπαρομαρο

246 3628 451 3682 τοῦσαν
474 3628 620 3700 ἔχειν
655 3629 755 3699 τῆς
780 3629 1071 3699 ὑπάρξεως
1097 3630 1197 3700 τὴν
1222 3629 1399 3700 ἀρχὴν
1421 3669 1436 3693 ,
1481 3631 1573 3682 καὶ
1599 3629 1834 3702 ὀψιγενῆ

245 3722 617 3790 φαντάζεσθαι
639 3720 730 3773 τὸν
763 3720 1024 3774 ὲπέκεινα
1046 3721 1247 3784 παντὸς
1271 3721 1467 3786 αἰῶνος
1499 3723 1591 3775 καὶ
1609 3723 1798 3793 χρόνου
1820 3765 1835 3789 ,

244 3813 322 3878 ὡς
351 3815 408 3866 ὲν
439 3813 688 3883 ἐσχάτοις
736 3814 832 3866 καὶ
883 3813 1038 3884 μόλις
1080 3816 1190 3878 τοῖς
1218 3813 1318 3884 τῆς
1369 3814 1840 3886 ὲνανθρωπήσεως

246 3909 478 3977 καιροῖς,
511 3905 733 3976 Πατέρα
766 3904 866 3974 μὲν
887 3905 1140 3973 γενέσθαι
1165 3905 1256 3960 τὸν
1285 3905 1442 3972 Θεὸν,
1467 3907 1841 3961 συνεισϐαλεῖν

243 3999 303 4053 δὲ
327 3999 518 4071 ῶσπερ
550 4001 630 4062 εἰς
657 3999 719 4051 τὸ
749 3994 892 4052 εἷναί
924 4015 986 4051 τε
1030 3999 1126 4051 καὶ
1172 4000 1472 4068 ὑφεστάναι
1523 4000 1603 4069 τῷ
1640 4003 1704 4054 ὲκ
1742 4003 1842 4070 τῆς

248 4091 527 4164 Παρθένου
584 4090 697 4162 ναῷ
721 4135 734 4158 ,
784 4092 875 4144 τὸν
926 4092 996 4144 δι’
1021 4088 1081 4147 οῦ
1121 4091 1189 4144 τὰ
1214 4092 1412 4156 πάντα,
1449 4093 1545 4145 καὶ
1597 4093 1654 4145 ἐν
1700 4085 1745 4160 ᾧ
1774 4093 1841 4146 τὰ

248 4188 450 4243 πάντα.
477 4182 607 4259 Ἆρ’
652 4183 745 4241 οὖν
777 4187 898 4256 οὐχὶ
945 4186 1082 4258 πρὸς
1127 4185 1281 4256 λῆξιν
1307 4186 1410 4257 ἤδη
1451 4186 1550 4258 τὴν
1581 4185 1844 4240 ἀνωτάτω

246 4279 598 4354 διεληλάκασι
629 4280 740 4333 τῶν
761 4278 980 4344 κακῶν,
1009 4281 1059 4332 oi
1099 4277 1268 4348 μῦθον
1298 4277 1444 4332 οὕτω
1479 4278 1572 4332 τὸν
1618 4277 1841 4350 γραὼδη

251 4373 346 4428 καὶ
380 4371 634 4444 βδελυρὸν
664 4370 1066 4442 προχειρότατα
1101 4372 1514 4441 προσηκάμενοι
1539 4409 1552 4433 ,
1615 4369 1712 4424 καὶ
1743 4373 1843 4440 τῆς

251 4465 494 4536 ἀκράτου
547 4463 779 4527 νωθείας
832 4462 924 4516 τὸν
967 4464 1166 4516 οἰκεῖον
1219 4461 1630 4533 ἀναπλήσαντες
1677 4460 1842 4526 νοῦν;

1939 3253 2224 3324 imperitiae
2272 3261 2327 3304 ct
2371 3247 2626 3318 juvenilis
2675 3245 2999 3300 temeritatis
3045 3243 3411 3308 devenerunt,
3471 3253 3531 3296 ut

1939 3343 2304 3400 existimarint
2336 3356 2458 3392 eum
2496 3337 2588 3407 qui
2646 3335 2897 3391 conditor
2947 3341 3031 3389 est
3091 3333 3412 3389 saeculorum
3475 3346 3531 3387 et

1938 3446 2245 3490 coaeternus
2270 3432 2384 3487 Deo
2412 3443 2466 3486 et
2490 3430 2656 3494 Patri,
2683 3428 2921 3484 Verbum
2963 3426 3243 3492 nimirum,
3278 3438 3388 3481 tum
3419 3429 3525 3497 pri-

1941 3545 2084 3583 mum
2121 3526 2414 3582 exsistendi
2466 3525 2676 3579 initium
2713 3523 3017 3591 accepisse,
3068 3535 3192 3574 cum
3232 3522 3528 3575 secundum

1940 3637 2162 3676 carnem
2198 3630 2358 3675 natus
2391 3630 2498 3685 est,
2525 3630 2580 3674 et
2611 3617 2762 3671 tarde
2791 3614 3027 3684 genitum
3060 3628 3200 3678 esse,
3235 3613 3322 3682 qui
3350 3612 3534 3666 omnia.

1940 3711 2136 3768 szecula
2173 3720 2226 3765 et
2273 3719 2511 3778 tempora
2545 3705 2833 3769 antecedit,
2869 3703 2943 3757 ita
2974 3713 3031 3757 ut
3061 3701 3283 3756 ultimus
3317 3702 3533 3756 tandem

1941 3804 2337 3861 incarnationis
2376 3801 2710 3870 temporibus
2750 3797 2895 3854 Deus
2928 3798 3106 3852 iactus
3136 3796 3207 3851 sit
3254 3793 3437 3860 Pater,
3476 3805 3534 3848 et

1942 3897 2340 3970 quodammodo
2369 3896 2669 3949 immissum
2701 3893 2753 3946 in
2784 3903 2996 3946 uterum
3027 3889 3266 3961 Virginis
3301 3897 3358 3942 ut
3387 3895 3536 3942 esset

1943 4002 2105 4062 atque
2154 3989 2496 4050 subsisteret,
2541 4002 2663 4039 eum
2702 4000 2797 4053 per
2830 3999 2991 4054 quem
3041 3990 3096 4037 et
3145 3982 3199 4036 iu
3250 3995 3360 4051 quo
3408 3989 3535 4033 sunt

1943 4085 2146 4141 omnia.
2179 4083 2335 4136 Anne
2367 4096 2460 4136 eos
2489 4079 2556 4133 ad
2591 4087 2789 4133 metam
2820 4077 3063 4132 omnium
3106 4073 3375 4128 malormu
3410 4084 3532 4138 per-

1944 4177 2158 4232 venisse
2188 4189 2400 4239 censes,
2439 4172 2529 4242 qui
2564 4172 2700 4226 adeo
2729 4171 2960 4224 anilihus
2989 4178 3152 4237 atque
3183 4163 3532 4222 exsecraudis

1947 4266 2399 4334 l‘ahulistanimum
2421 4262 2725 4334 adjiciunt?
2747 4280 2765 4313 ι
2793 4259 3136 4331 Sepulcrum,
3155 4269 3321 4319 certe,
3341 4267 3532 4325 patens

1945 4369 2030 4415 est
2073 4366 2261 4425 guttur
2297 4369 2508 4418 eorum,
2557 4351 2758 4422 linguis
2789 4353 2903 4406 suis
2929 4349 3115 4406 dolese
3154 4349 3408 4419 agebant,
3437 4362 3530 4402 ve-

1949 4469 2143 4507 nenum
2181 4451 2424 4521 aspidum
2448 4448 2547 4504 sub
2583 4445 2740 4500 labiis
2772 4460 2984 4508 eorum,
3019 4458 3245 4513 quorum
3275 4457 3337 4496 os
3361 4439 3532 4495 male-

258 4580 278 4609 ι
302 4535 508 4629 Τάφος,
534 4555 774 4628 ἀληθῶς,
801 4553 1149 4625 ἀνεῳγμένος
1182 4556 1210 4607 ὁ
1255 4555 1464 4625 λάρυγξ
1492 4554 1695 4619 αὐτῶν,
1726 4557 1831 4616 ταῖς

1951 4545 2189 4600 dictione
2219 4553 2275 4598 et
2310 4540 2672 4596 amaritudine
2703 4538 2919 4608 plenum
2943 4548 3024 4590 est
3051 4535 3117 4588 ⁸³.
3152 4555 3171 4587 ι

254 4649 528 4719 γλώσσαις
543 4647 722 4702 αὐτῶν
746 4647 1076 4710 ἐδολιοῦσαν,
1102 4645 1178 4709 ίὸς
1199 4645 1442 4700 ἀσπίδων
1461 4645 1566 4698 ὑπὸ
1594 4646 1662 4698 τά
1691 4646 1844 4716 χείλη

256 4739 458 4806 αὐτῶν,
489 4733 564 4794 ὦν
585 4739 647 4792 τὸ
683 4738 858 4808 στόμα
886 4737 1026 4807 ἀρᾶς
1059 4735 1153 4789 καὶ
1183 4735 1411 4806 πικρίας
1437 4735 1619 4806 γέμει.
1662 4754 1680 4787 ι

329 4833 388 4888 Β.
429 4833 695 4904 Σύμφημι
723 4848 738 4863 °
766 4832 862 4885 καὶ
898 4829 1006 4902 γάρ
1034 4831 1183 4882 ἐστιν
1218 4828 1452 4898 ἀτρεκὴς
1484 4829 1511 4881 ό
1556 4826 1651 4880 τοῦ
1692 4829 1845 4880 Ψάλ-

259 4925 447 4989 λοντος
481 4924 663 4994 λόγος.

333 5019 396 5073 Α,
435 5014 512 5070 Ἦ
540 5016 649 5088 γὰρ
683 5016 803 5086 οὐχὶ
833 5015 921 5068 τὸν
965 5013 1031 5066 δι’
1061 5005 1122 5064 οἵ)

257 5111 485 5167 εστάναι
509 5110 617 5163 τῶν
648 5109 867 5163 πάντων
891 5109 1134 5177 ἁνάγκη;

1155 5013 1224 5065 τὰ
1260 5012 1456 5072 πάντα,
1501 5012 1594 5062 καὶ
1638 5016 1849 5080 προϋφ-

338 5293 397 5346 Β.
438 5285 513 5344 Εὖ
547 5290 746 5358 λέγεις.

341 5386 404 5438 Α.
445 5382 510 5436 Τί
544 5381 601 5434 δὲ
626 5382 691 5451 δὴ
717 5380 813 5433 καὶ
841 5378 1012 5448 δρῷεν
1047 5378 1135 5442 ἂν,
1177 5376 1425 5430 Ἰωάννου
1476 5374 1575 5445 μὲν
1607 5375 1848 5447 γράφον-

268 5492 384 5539 τος,
417 5492 435 5525 (
457 5475 546 5528 Ἐν
571 5474 715 5545 ἀρχῇ
739 5467 809 5542 ἦν
844 5472 872 5524 ὁ
890 5471 1083 5539 Λόγος,
1111 5469 1288 5523 πάντα
1315 5469 1381 5522 δι’
1409 5466 1577 5521 αὑτοῦ
1609 5466 1847 5536 ἐγένετο,

272 5568 367 5620 καὶ
390 5567 559 5637 χωρὶς
583 5563 747 5619 αὐτοῦ
781 5563 998 5634 ἐγένετο
1029 5561 1150 5615 οὐδὲ
1187 5562 1269 5615 ἓν.
1306 5579 1324 5613 ι
1360 5560 1471 5614 Καὶ
1498 5558 1685 5625 πάλιν,
1725 5577 1743 5611 ι
1784 5561 1850 5612 Ὃ

271 5655 342 5731 ἦν
394 5659 489 5713 ἀπ’
539 5657 750 5728 ἀρχῆς,
795 5655 822 5709 δ
876 5655 1229 5725 ἀκηκόαμεν,
1284 5654 1312 5707 δ
1363 5653 1688 5725 ἑωράκαμεν
1741 5654 1852 5715 τοῖς

354 5840 400 5873 ³⁸
437 5840 538 5896 lsa.
577 5838 761 5904 vu,l-l.
841 5838 878 5868 ¹¹
909 5835 1043 5893 Luc.
1079 5850 1117 5903 ι,
1158 5834 1249 5901 30,
1281 5834 1370 5890 31.
1451 5833 1673 5890 "llehr.
1700 5849 1736 5898 ι,
1778 5831 1860 5888 l6.

2029 4823 2088 4874 ϐ.
2123 4816 2422 4872 Assentior.
2489 4812 2661 4868 Verus
2693 4827 2836 4866 enim
2870 4821 2953 4864 est
2985 4811 3281 4864 l'salmistte
3331 4823 3532 4862 sermo.

2020 4999 2085 5051 A.
2148 4994 2285 5062 Quid
2343 4993 2521 5058 enim,
2591 5003 2770 5044 nonne
2819 5005 2941 5044 eum
2997 5003 3090 5057 per
3137 5001 3294 5056 quem
3354 4987 3535 5040 omnia

1952 5096 2092 5148 facta
2142 5097 2288 5153 sunt,
2337 5087 2590 5141 omnibus
2631 5085 2797 5140 etiam
2849 5081 3236 5152 praeexstitisse
3297 5094 3528 5136 necesse

1952 5197 2035 5242 est
2068 5185 2093 5238 ἓ

2025 5277 2087 5331 Β.
2125 5276 2291 5331 Recte
2324 5273 2480 5329 dicis.

2029 5373 2092 5426 A.
2144 5370 2280 5438 Quid
2333 5383 2465 5424 vero
2520 5376 2700 5437 agant,
2750 5365 3038 5420 scribente
3098 5360 3356 5417 Joanne:
3399 5380 3417 5413 ι
3473 5361 3538 5423 ⁸Ιιι

1958 5468 2223 5538 principio
2268 5463 2409 5520 erat"
2439 5462 2696 5529 Verbum,
2759 5459 2939 5512 nnimia
3000 5473 3096 5527 per
3157 5457 3330 5526 ipsum
3390 5455 3536 5512 facta

1961 5569 2106 5626 sunt,
2136 5569 2191 5612 et
2221 5558 2340 5612 sine
2375 5556 2492 5625 ipso
2524 5554 2721 5608 factum
2753 5561 2836 5606 est
2859 5551 2992 5606 nihil
3024 5551 3088 5605 ".
3134 5571 3151 5604 ι
3188 5549 3252 5605 Ει
3275 5564 3489 5606 rursum
3521 5569 3536 5603 :

1970 5673 1986 5703 ‹
2009 5649 2159 5718 Quod
2180 5656 2298 5704 erat
2324 5646 2390 5701 ab
2424 5645 2596 5710 initio,
2620 5643 2762 5714 quod
2788 5642 3111 5706 audivimus,
3135 5641 3277 5712 quod
3305 5641 3540 5696 vidimus

1935 5830 1980 5862 “
2007 5827 2150 5884 Psal.
2186 5842 2302 5896 xm,
2335 5826 2386 5881 5.
2467 5825 2510 5857 ’λ
2535 5823 2693 5880 Joan.
2724 5841 2762 5889 ι.
2799 5822 2909 5878 1-5.
