3846 6210
360 372 501 427 {203

1382 369 1441 426 S.
1484 369 1758 426 CYRILLI
1796 371 2261 427 ALEXANDRINI
2302 372 2617 428 ARCHIEP.

3476 363 3623 423 1⁸264

357 500 394 540 o
417 486 530 537 'ulis
565 483 789 547 nostris,
820 483 962 554 quod
995 481 1388 551 perspeximus,
1418 490 1473 535 et
1496 496 1690 536 manus
1731 492 1927 535 nostra:

2032 484 2329 555 ὀφθαλμοῖς
2358 483 2532 553 ἡμῶν,
2558 482 2585 534 ὃ
2615 478 2989 549 ἐθεασάμεθα,
3018 478 3112 534 καὶ
3158 480 3219 533 αἱ
3248 481 3428 550 χεῖρες
3451 481 3617 549 ἡμῶν

358 583 834 630 contrectaverunt
871 574 939 629 de
962 574 1140 629 Verbo
1163 574 1305 628 vitae.
1339 572 1408 627 Et
1429 573 1539 627 vita
1583 572 1929 627 manifestata

357 680 460 728 est.
487 676 540 722 et
570 667 824 730 vidimus,
848 673 900 720 et
952 674 1239 728 testamur,
1285 674 1338 718 et
1366 666 1752 719 annuntiamus
1781 663 1931 719 vobis

358 758 522 809 vitam
558 766 834 819 a‘teruam,
869 772 988 825 quae
1013 767 1128 809 erat
1168 755 1305 822 apud
1333 754 1570 816 Patrem,
1604 766 1655 807 et
1678 755 1930 825 apparuit

360 849 600 902 nobis”.
637 867 655 899 ι
715 846 942 916 Jamque
994 847 1246 899 Christus
1292 846 1405 915 ipse
1436 847 1767 900 exsistentias
1821 861 1933 901 sure

360 940 733 1008 antiquitatem
788 939 1019 991 invisam
1057 937 1257 991 Iudaeis
1307 937 1565 991 declarat.
1617 936 1931 991 Dicentibns

359 1032 501 1085 enim
537 1031 641 1084 illis
672 1048 685 1084 :
726 1047 746 1080 ι
776 1030 1140 1098 Quadraginta
1174 1043 1344 1081 annos
1377 1027 1608 1080 nomium
1661 1028 1847 1093 habes,
1879 1038 1933 1081 et

359 1122 632 1176 Abraham
676 1122 906 1176 vidisu?
946 1142 963 1172 ι
997 1121 1277 1174 manifeste
1327 1120 1599 1188 respondit
1632 1136 1646 1174 :
1691 1137 1709 1171 ι
1739 1120 1929 1183 Amen,

359 1229 517 1267 amen
545 1214 665 1267 dico
714 1214 884 1276 vobis,
938 1223 1229 1280 antequam
1286 1212 1557 1267 Abraham
1601 1214 1774 1274 fieret,
1833 1225 1932 1278 ego

358 1320 477 1360 sum
511 1308 578 1359 “.
639 1324 658 1356 ι
719 1306 816 1361 Cui
872 1319 1000 1359 vero
1057 1304 1314 1358 tribuitur
1364 1304 1528 1370 illud,
1579 1313 1727 1368 erat,
1785 1302 1932 1356 nullo

359 1398 589 1465 adjecto,
614 1406 777 1468 atque
799 1398 958 1451 etiam
985 1396 1265 1450 manifeste
1297 1395 1446 1459 illud,
1467 1411 1600 1459 sum,
1638 1395 1928 1463 quodnam,

357 1490 610 1554 obsecro,
644 1500 901 1560 agnoscat
947 1499 1099 1543 ortus
1142 1488 1223 1542 sui
1258 1488 1630 1557 principium?
1671 1497 1763 1541 aut
1824 1502 1932 1557 quo

360 1593 516 1651 pacto
535 1582 625 1652 qui
658 1590 777 1637 erat
800 1583 852 1636 in
882 1581 1145 1650 principio
1181 1581 1426 1649 superior
1452 1580 1604 1635 omni
1630 1578 1928 1643 intellectu,

359 1674 415 1727 in
450 1683 688 1741 tempore
719 1671 881 1726 fuerit
916 1682 1139 1726 vocatus
1166 1670 1231 1725 ad
1268 1669 1683 1725 exsistentiam‘i
1724 1668 1778 1723 Si
1808 1669 1930 1738 quis

357 1773 537 1817 autem
585 1764 636 1816 in
695 1762 794 1817 hos
836 1763 1075 1829 loagiore
1121 1761 1446 1817 refutatione
1473 1760 1549 1815 uti
1584 1760 1734 1822 velit,
1787 1758 1929 1814 haud

2033 576 2425 646 ἐψηλάφησαν,
2463 577 2590 645 περὶ
2618 574 2711 627 τοῦ
2745 574 2904 642 λόγον
2948 575 3047 644 τῆς
3079 574 3241 642 ζωῆς.
3278 573 3386 625 Καὶ
3422 575 3455 641 ἡ
3496 572 3615 642 ξωὴ

2033 669 2375 740 ἐφανερώθη,
2414 669 2509 721 καὶ
2536 669 2887 738 ἑωράκαμεν,
2935 668 3031 721 καὶ
3076 665 3484 737 μαρτυροῦμεν,
3520 668 3617 717 καὶ

2032 760 2448 829 ἀπαγγέλλομεν
2480 760 2607 829 ὑμῖν
2636 758 2733 828 τὴν
2778 758 2920 829 ζωὴν
2962 758 3060 828 τὴν
3086 756 3323 820 αἰώνιον,
3366 756 3491 826 ἥτις

2033 852 2169 923 πρὸς
2194 853 2283 904 τὸν
2326 851 2569 921 Πατέρα,
2596 852 2689 903 καὶ
2724 849 3047 921 ἐφανερώθη
3070 852 3204 917 ἡμῖν
3230 866 3243 878 ’
3286 868 3303 899 ι
3341 848 3509 900 αὑτοῦ
3556 848 3633 903 δὲ

2032 944 2271 1015 Χριστοῦ
2314 944 2415 1013 τῆς
2455 944 2588 1005 ἰδίας
2632 943 2919 1013 ὑπάρξεως
2959 942 3059 1011 τὴν
3099 941 3339 994 ἄποπτον
3383 940 3619 1009 ἀρχα.ιὸ-

2031 1052 2169 1105 τητα
2192 1037 2306 1093 τοῖς
2339 1034 2613 1096 Ἰουδαίοις
2660 1034 3183 1101 κατασημαίνοντος.
3237 1032 3455 1100 Ἐπειδὴ
3501 1030 3617 1098 γὰρ

2032 1126 2289 1195 ἔφασκον,
2314 1146 2333 1177 ι
2362 1126 2701 1194 Πεντήκοντα
2730 1124 2823 1195 ἔτη
2858 1123 3011 1177 οὔπω
3040 1123 3207 1194 ἔχεις.
3236 1126 3330 1175 καὶ
3355 1122 3620 1192 Ἀϐραὰμ

2033 1217 2311 1289 ἐώρακας;
2378 1236 2398 1270 ι
2454 1217 2752 1287 ἀντήκουον
2813 1215 3091 1286 ἐναργῶς,
3142 1236 3161 1266 ς
3206 1215 3412 1285 Ἀμὴν,
3460 1214 3617 1285 ἀμὴν

2031 1310 2177 1377 λέγω
2221 1311 2381 1381 ὑμῖν,
2432 1309 2562 1378 πρὶν
2610 1306 2863 1378 Ἀϐραὰμ
2907 1306 3203 1375 γενέσθαι,
3254 1306 3364 1374 ἐγώ
3401 1308 3544 1377 εἰμι.
3591 1325 3611 1357 ι

2032 1401 2164 1455 Οὐδὲ
2191 1400 2272 1465 τὸ,
2304 1397 2383 1468 ἦν
2404 1402 2574 1463 ἐστιν,
2610 1399 3043 1469 ἐπενηνεγμένου
3081 1398 3330 1468 μηδενὸς,
3369 1399 3467 1450 καὶ
3500 1397 3617 1467 μὴν

2032 1494 2127 1547 καὶ
2158 1493 2218 1546 τὸ
2248 1492 2363 1562 εἰμὶ
2393 1493 2649 1546 τέτακται
2678 1492 2883 1560 σαφῶς,
2909 1490 3030 1542 τίνα
3051 1490 3152 1559 τῆς
3180 1490 3449 1557 γενέσεως
3469 1506 3614 1542 κατ-

2035 1583 2130 1636 ίδοι
2163 1600 2247 1645 τις
2287 1584 2354 1636 ἂν
2394 1583 2492 1652 τὴν
2523 1584 2729 1653 ἀρχήν;
2763 1581 2796 1651 ἦ
2825 1582 2947 1633 τίνα
2988 1579 3052 1650 δὴ
3099 1580 3320 1648 τρόπον,
3368 1581 3399 1632 6
3441 1578 3519 1633 ῶν
3552 1580 3617 1632 ἐν

2030 1674 2173 1747 ἀρχῇ
2209 1677 2276 1746 τῇ
2311 1675 2513 1737 παντὸς
2543 1673 2803 1726 ἐπέκεινα
2832 1671 2948 1737 νοῦ,
2975 1672 3337 1743 παραδέξαιτο
3363 1672 3437 1726 ἂν
3461 1672 3525 1725 τὸ
3550 1673 3615 1725 ἐν

2030 1766 2208 1838 καιρῷ
2255 1765 2556 1837 κεκλῆσθαι
2613 1766 2750 1837 πρὸς
2800 1763 3064 1835 ὑπαρξινς
3115 1764 3179 1818 El
3240 1764 3338 1833 μὲν
3377 1759 3473 1816 οὖν
3518 1780 3613 1826 τις

358 1855 568 1912 diﬂicile
593 1856 774 1920 fuerit,
815 1856 990 1909 allatis
1032 1869 1202 1909 sacrae
1249 1852 1543 1923 Scriptura;
1572 1853 1773 1918 verbis,
1811 1853 1927 1907 illo-

2032 1858 2203 1910 ἕλοιτο
2242 1856 2482 1911 τουτοῖσὶ
2528 1854 2904 1925 σχολαιότερον
2952 1850 3334 1922 ἀντιφέρεσθαι
3365 1850 3613 1920 χαλεπὸν

360 1963 477 2001 rum
524 1946 711 2001 deliria
773 1946 1077 2014 proﬂigare.
1143 1944 1258 2018 Ego
1302 1961 1434 2001 vero
1472 1960 1593 1998 cum
1628 1944 1742 2001 haec
1793 1945 1929 1998 adeo

358 2036 643 2092 manifeste
703 2037 838 2093 falsa
911 2040 1195 2108 turpiaque
1263 2038 1394 2103 sint,
1466 2051 1927 2108 supervacaneum

356 2129 782 2186 existimaverim
816 2129 934 2189 ulus
971 2146 1150 2201 operae
1189 2130 1240 2185 in
1272 2130 1339 2185 iis
1370 2129 1666 2186 refutandis
1703 2143 1925 2199 ponere.

426 2388 488 2445 Β.
524 2390 691 2445 Recte
722 2391 827 2448 ais.

352 2492 365 2503 ‘
424 2484 489 2535 A.
519 2481 782 2547 Quocirca
802 2483 867 2536 ad
896 2483 1055 2537 aliam
1078 2498 1175 2539 nos
1197 2483 1559 2548 conferamus,
1583 2485 1752 2555 086
1782 2486 1929 2537 dam—

356 2583 496 2629 natae
542 2574 615 2626 illi
663 2573 907 2643 opinioni
957 2573 1188 2628 afﬁnem.
1233 2574 1483 2629 Nonnulli
1522 2577 1664 2627 enim
1687 2575 1929 2628 veritatis

354 2663 827 2731 pulchritudinem,
860 2665 1023 2717 veluti
1050 2667 1313 2718 numisma
1354 2665 1571 2734 aliquod
1601 2665 1926 2731 adulteram,

356 2755 603 2810 tollentes
634 2756 685 2807 in
718 2756 883 2810 altum
914 2771 1103 2819 cornu,
1129 2764 1183 2808 et
1243 2755 1579 2824 iniquitatem
1647 2755 1928 2822 loquentes

356 2846 618 2901 adversus
649 2846 837 2911 Deum,
892 2847 1029 2901 sicut
1065 2848 1326 2916 scriptum
1366 2856 1447 2902 est
1471 2848 1535 2900 ".
1566 2846 1930 2916 lmaginantur

356 2937 498 2991 enim
537 2936 878 3004 Unigenitum
905 2941 1174 3006 propriam
1216 2953 1365 2992 Suam
1425 2939 1791 2993 exsistentiam
1822 2954 1927 2992 non

355 3029 582 3090 habere,
640 3043 812 3096 neque
866 3030 916 3082 in
972 3045 1066 3083 sua
1134 3030 1409 3099 hypostasi
1469 3031 1929 3089 subsistere:sed

355 3117 577 3173 verbum
607 3118 929 3185 simpliciter
969 3126 1023 3171 et
1072 3133 1378 3173 sermonem
1405 3123 1498 3188 qui
1532 3122 1642 3176 sola
1680 3125 1928 3176 enuntia-

2031 1948 2214 2013 οὐδὲν,
2248 1948 2376 2010 τοὺς
2412 1947 2512 2016 τῆς
2548 1944 2909 1999 Θεοπνεύστου
2949 1943 3170 2014 Γραφῆς
3202 1942 3613 2012 παρακομίζον-

2031 2058 2127 2104 τας
2171 2041 2361 2107 λόγους
2387 2082 2401 2102 ,
2436 2040 2505 2091 τὰ
2548 2041 2611 2092 ἐκ
2642 2037 2739 2107 τῆς
2780 2038 3001 2095 ἐκείνων
3035 2034 3432 2105 ἐμϐροντησίας
3466 2037 3612 2087 ἁπο-

2030 2133 2325 2205 κρούεσθαι
2366 2133 2560 2204 βλάϐη.
2600 2131 2683 2188 Τά
2710 2148 2771 2199 γε
2800 2131 2907 2201 μὴν
2939 2129 3082 2183 οὕτω
3107 2130 3310 2200 ἐναργῆ
3339 2129 3614 2183 νοσοῦντα

2030 2226 2120 2279 τὸν
2162 2226 2420 2296 ἔλεγχον,
2477 2225 2571 2278 καὶ
2627 2224 2763 2277 πολὺ
2820 2222 2941 2276 λίαν
2989 2221 3181 2292 ἔχοντα
3228 2221 3289 2274 τὸ
3333 2221 3613 2289 ἀκαλλὲς,

2032 2320 2285 2390 περιττὸν
2312 2313 2466 2388 οἶμαί
2506 2332 2607 2369 που
2648 2315 2744 2370 καὶ
2771 2314 3053 2386 φροντίδος
3078 2312 3281 2381 ἀξιοῦν.

2099 2412 2160 2467 Β.
2202 2405 2274 2463 Εῦ
2300 2408 2497 2478 λέγεις.

2101 2505 2168 2559 Α.
2212 2501 2419 2555 Οὑκοῦν
2449 2502 2743 2554 ἐπ’ἐκεῖνο
2783 2500 2973 2570 ἴωμεν,
3025 2501 3161 2569 ὅπερ
3205 2500 3322 2551 ἐστὶ
3368 2497 3447 2567 τῷ
3476 2514 3619 2550 κατ-

2031 2596 2361 2666 εγνωσμένῳ
2386 2594 2663 2663 συγγενές.
2696 2591 3177 2663 Παρασημαίνουσι
3203 2589 3310 2659 γάρ
3337 2605 3482 2651 τινες
3505 2589 3613 2657 τῆς

2030 2686 2286 2757 ἀληθείας
2336 2685 2398 2738 τὸ
2448 2684 2684 2748 κάλλος,
2727 2681 2979 2751 καθάπερ
3024 2699 3074 2734 τι
3127 2681 3366 2749 νόμισμα
3416 2679 3620 2747 κιϐδη-

2030 2777 2279 2839 λεύοντες
2299 2816 2314 2840 ,
2354 2774 2672 2847 ἐπαίροντές
2702 2792 2761 2827 τε
2788 2774 2867 2836 είς
2902 2772 3034 2842 ὕψος
3059 2772 3120 2825 τὸ
3146 2773 3313 2841 κέρας
3334 2812 3347 2834 ,
3380 2770 3471 2823 καὶ
3494 2770 3619 2822 ἀδι-

2029 2868 2154 2922 κίαν
2186 2866 2474 2930 λαλοῦντες
2520 2867 2659 2920 κατά
2700 2865 2868 2931 Θεοῦ,
2906 2865 3045 2919 κατὰ
3088 2865 3152 2917 τὸ
3195 2863 3615 2933 γεγραμμένον.

2042 2956 2413 3027 Ἀνύπαρκτόν
2444 2973 2505 3009 τε
2555 2956 2649 3008 καὶ
2687 2954 2870 3017 ίδικῶς
2899 2956 2999 3024 οὑχ
3030 2955 3371 3024 ὑφεστηκότα
3404 2954 3619 3023 φαντα-

2031 3047 2215 3113 ζονται
2245 3048 2337 3101 τὸν
2362 3048 2662 3117 Μονογενῆ,
2687 3048 2779 3100 καὶ
2812 3047 2912 3099 οὑκ
2932 3043 3071 3100 εἶναι
3098 3048 3195 3117 μὲν
3222 3050 3278 3100 ἐν
3304 3048 3619 3100 ὑποστάσει

2029 3144 2094 3212 τῇ
2123 3139 2243 3193 καθ’
2271 3139 2487 3202 ἑαυτὸν,
2516 3139 2668 3210 ῥῆμα
2693 3138 2749 3191 δέ
2781 3138 2969 3201 ἁπλῶς
3010 3139 3105 3191 καὶ
3132 3138 3311 3205 λόγον,
3346 3138 3440 3189 τὸν
3465 3139 3621 3190 κατὰ

358 3210 502 3268 tione
560 3220 771 3266 constat
823 3228 850 3264 a
915 3210 1023 3265 Deo
1080 3213 1214 3272 ﬁeri.
1272 3187 1437 3282 atque
1485 3214 1556 3268 ita
1611 3216 1662 3268 in
1712 3216 1927 3270 homine

2033 3187 2202 3302 μένην
2231 3230 2327 3302 τὴν
2356 3187 2633 3303 προφθρθξν
2656 3231 2911 3300 γενέσθαι
2941 3187 3093 3301 παρὰ
3124 3187 3403 3293 Scolon!
3428 3231 3486 3281 ἐν
3514 3232 3616 3282 ἀν-

354 3304 629 3359 habitasse
685 3304 871 3360 dicunt
906 3305 1111 3369 miseri,
1168 3314 1330 3373 alque
1374 3304 1476 3361 hoc
1526 3315 1685 3374 pacto
1742 3304 1925 3359 Iesum

355 3398 773 3463 c0ustitttenles,
830 3397 983 3451 aiunt
1038 3398 1367 3457 sanctiorem
1439 3398 1656 3466 quidem
1723 3397 1929 3451 sanctis

355 3503 497 3553 esse,
552 3503 657 3542 non
724 3498 901 3543 tamen
947 3487 1134 3542 Deum.
1196 3486 1458 3554 Quocirca
1515 3499 1571 3541 ut
1625 3478 1957 3543 Servatoris‘

354 3578 523 3633 n0stri
583 3578 875 3646 discipulus
908 3579 982 3632 ait
1015 3595 1027 3631 :
1059 3596 1077 3628 ι
1109 3576 1243 3644 Quis
1289 3586 1370 3630 est
1414 3578 1663 3641 mendax,
1704 3577 1803 3630 nisi
1838 3578 1926 3645 qui

354 3678 513 3739 negat
559 3666 738 3721 Jcsum
793 3684 915 3724 esse
960 3667 1277 3727 Christum?
1310 3668 1406 3722 Hic
1432 3681 1515 3723 est
1553 3670 1925 3734 antichristus,

357 3773 557 3827 negans
590 3760 805 3813 Patrem
836 3770 889 3814 et
934 3759 1151 3814 Filium.
1207 3761 1459 3829 Quisquis
1508 3769 1665 3829 negat
1710 3760 1926 3826 Filium,

357 3865 532 3918 neque
555 3850 766 3907 Patrem
802 3852 981 3907 habet.
1019 3852 1119 3917 Qui
1148 3854 1435 3906 confitetur
1455 3850 1674 3918 Filium,
1711 3853 1926 3909 Patrem

358 3956 574 4010 quoque
624 3943 784 3997 habet
812 3944 877 3996 ⁸⁸.
920 3963 938 3994 ι
975 3945 1124 3999 Alter
1179 3944 1321 3999 enim
1351 3944 1401 3997 in
1432 3948 1601 4000 altero
1636 3957 1689 4000 et
1719 3961 1748 4001 a
1776 3947 1930 4002 nobis

356 4043 412 4086 et
453 4049 479 4085 a
526 4034 727 4088 sanctis
775 4034 979 4104 angelis
1027 4035 1360 4105 agnoscitur,
1420 4035 1697 4107 Siquidem
1768 4054 1928 4093 nemo

359 4125 680 4182 intellexerit
719 4128 846 4196 quid
882 4126 952 4182 sit
990 4126 1172 4194 Pater,
1203 4128 1306 4183 nisi
1335 4127 1529 4187 Filium
1578 4132 1928 4193 exsisteutem

358 4233 422 4276 ac
470 4219 704 4285 genitum
739 4229 919 4272 mente
958 4220 1242 4290 concipiat.
1277 4220 1382 4276 Sed
1423 4237 1603 4291 neque
1635 4224 1770 4278 sciat
1801 4224 1929 4294 quid

358 4313 431 4375 sit
459 4310 646 4378 Filius,
706 4312 805 4366 nisi
852 4311 1062 4367 Patrem
1102 4313 1354 4383 genuisse
1408 4315 1629 4383 cOgitet.
1667 4314 1930 4370 Necessa-

357 4403 496 4463 rium
529 4404 708 4471 itaque
739 4417 933 4457 Censeo
962 4404 1121 4457 etiam
1179 4418 1304 4460 vere
1339 4404 1539 4470 dicere,
1579 4404 1691 4460 Nisi
1719 4407 1932 4461 exsistit

2029 3319 2232 3392 θρώπῳ
2280 3321 2602 3391 κατοικῆσαί
2633 3339 2794 3390 φασιν
2836 3322 2886 3375 οἱ
2934 3321 3196 3384 τάλανες,
3230 3321 3514 3384 συνθέντες
3554 3320 3616 3374 δὲ

2028 3412 2171 3466 οὑτω
2198 3413 2289 3465 τὸν
2326 3413 2551 3484 Ἰησοῦν,
2586 3412 2753 3482 ἁγίων
2784 3414 2882 3484 μὲν
2913 3408 3053 3467 εἶναι
3080 3430 3243 3483 φασιν
3282 3411 3611 3485 ἁγιώτερον,

2028 3505 2087 3558 οὑ
2122 3504 2226 3576 μὴν
2255 3504 2337 3557 ἔτι
2365 3506 2460 3557 καὶ
2501 3505 2653 3559 Θεόν.
2692 3506 2903 3560 Οὑκοῦν
2936 3505 3078 3559 καθὰ
3113 3507 3209 3559 καὶ
3235 3506 3262 3557 ὀ
3297 3505 3391 3558 τοῦ
3424 3506 3616 3575 Σωτῆ-

2033 3611 2121 3665 ρος
2151 3594 2433 3648 ἐπέστειλε
2469 3593 2739 3665 μαθητὴς,
2770 3614 2789 3646 ι
2820 3594 2916 3658 Τίς
2947 3596 3092 3647 ἐστιν
3113 3596 3141 3647 ὀ
3168 3594 3434 3664 ψεύστης,
3453 3596 3502 3647 εἰ
3534 3594 3623 3667 μὴ

2028 3685 2057 3736 6
2097 3685 2449 3755 ἀρνούμενος,
2484 3686 2567 3738 ὅτι
2602 3684 2808 3755 Ἰησοῦς
2842 3686 2941 3736 οὑκ
2970 3683 3115 3737 ἔστιν
3145 3687 3171 3737 6
3200 3684 3467 3753 Χριστός;
3500 3680 3612 3738 Οὗ-

2028 3774 2119 3837 τός
2149 3777 2295 3828 ἐστιν
2322 3777 2350 3828 6
2377 3776 2720 3845 ἀντίχριστος
2742 3814 2757 3838 ,
2802 3777 2830 3827 6
2873 3774 3204 3846 ἀρνούμενος
3251 3775 3342 3826 τὸν
3384 3775 3613 3845 Πατέρα

2030 3867 2124 3920 καὶ
2153 3866 2243 3919 τὸν
2274 3868 2421 3922 Υἱόν.
2452 3869 2567 3930 Πᾶς
2607 3869 2636 3920 6
2668 3866 3000 3937 ἀρνούμενος
3030 3866 3119 3919 τὸν
3162 3867 3320 3929 Υίὸν,
3352 3867 3475 3919 οὑδὲ
3516 3868 3614 3921 τὸν

2030 3958 2247 4030 Πατέρα
2280 3960 2392 4029 ἔχει
2411 3977 2425 3991 ·
2448 3962 2475 4012 6
2504 3959 2782 4030 ὁμολογῶν
2819 3959 2911 4012 τὸν
2942 3958 3091 4020 Υίὸν,
3125 3960 3219 4011 καὶ
3245 3959 3337 4012 τὸν
3378 3960 3611 4030 Πατέρα

2030 4051 2161 4121 ἔχει.
2197 4070 2215 4102 ι
2250 4052 2450 4121 ’Ἄμφω
2474 4052 2584 4121 γὰρ
2613 4051 2680 4104 δι’
2721 4052 2923 4120 ἀμφοῖν
2957 4052 3050 4105 καὶ
3094 4051 3354 4119 ἑκάτερος
3385 4053 3445 4104 ὲν
3479 4053 3615 4104 ἐκα-

2026 4142 2171 4216 τέρῳ
2211 4144 2343 4214 πρός
2370 4161 2428 4196 τε
2458 4144 2615 4215 ἡμῶν
2649 4144 2849 4210 αὐτῶν,
2883 4144 2980 4202 καὶ
3013 4142 3121 4203 τῶν
3149 4144 3319 4211 ἁγίων
3356 4145 3614 4211 ἀγγέλων

2031 4233 2511 4304 ἐπινγινώσκονται.
2549 4236 2622 4289 Οὑ
2674 4236 2782 4307 γὰρ
2829 4235 2895 4289 ἄν
2935 4253 3020 4300 τις
3065 4236 3337 4307 ἀναμάθοι
3388 4238 3441 4290 τί
3487 4238 3613 4291 ἐστι

2030 4328 2221 4399 Πατὴρ
2242 4368 2256 4393 ,
2306 4330 2355 4381 εί
2392 4328 2467 4401 μὴ
2497 4329 2622 4381 Υἱον
2665 4328 2954 4397 ὑφεστῶτά
2988 4347 3048 4383 τε
3081 4331 3176 4385 καὶ
3206 4330 3616 4401 γεγεννημένον

2032 4420 2328 4485 εἰσδέξαιτο
2352 4421 2491 4475 κατὰ
2518 4420 2671 4475 νοῦν·
2697 4421 2810 4475 ἀλλ’
2860 4421 2970 4474 οὐδ’
3008 4421 3075 4475 ἂν
3101 4422 3127 4475 ὃ
3160 4422 3212 4474 τί
3248 4423 3364 4474 ποτ’
3398 4423 3553 4475 ἐστὶν
3585 4425 3618 4476 6

358 4492 548 4557 Filius,
585 4510 650 4548 ne
681 4494 891 4548 Patrem
924 4495 1138 4565 quidem
1166 4510 1293 4551 vere
1346 4498 1672 4569 cogitatione
1729 4498 1927 4568 percipi

2033 4511 2162 4575 Υἱὸς
2202 4512 2471 4582 ἀναμάθοι
2514 4512 2698 4575 πάλιν,
2746 4514 2794 4564 εἰ
2830 4513 2905 4582 μὴ
2949 4512 3038 4574 ὃτι,
3088 4512 3306 4566 τέτοκεν
3338 4515 3366 4566 6
3413 4513 3617 4585 Πατὴρ

358 4601 533 4655 posse.
576 4586 671 4641 Ubi
705 4588 846 4641 enim
900 4598 982 4642 est
1025 4587 1204 4654 Pater,
1245 4590 1289 4645 si
1319 4606 1423 4645 non
1475 4606 1661 4646 revera
1707 4592 1932 4663 genuit?

359 4686 451 4730 aut
507 4677 549 4731 si
603 4679 782 4747 genuit
829 4679 880 4732 id
936 4681 1078 4749 quod
1145 4682 1405 4751 subsiSIit,
1485 4699 1659 4756 neque
1709 4687 1929 4741 omnino

358 4770 729 4823 exsistentiam
758 4771 936 4838 habet,
994 4773 1231 4843 genitum
1260 4777 1363 4829 erit
1404 4776 1561 4845 plane
1591 4778 1742 4835 nihil.
1790 4777 1925 4834 Nam

357 4862 499 4929 quod
567 4878 672 4915 non
725 4862 957 4928 exsistit,
1013 4864 1215 4933 aequale
1259 4875 1340 4921 est
1397 4867 1603 4934 nihilo;
1636 4869 1742 4923 imo
1794 4885 1925 4924 vero

355 4969 578 5021 prorsus
629 4954 779 5009 nihil.
826 4955 1002 5026 Atque
1049 4956 1123 5011 ita
1179 4956 1322 5014 Deus
1368 4960 1473 5013 erit
1537 4959 1696 5015 Pater
1748 4962 1923 5017 nihili.

354 5045 539 5111 Atqui,
572 5060 604 5098 o
635 5046 1080 5113 miseri,dixerim
1115 5063 1213 5118 ego
1232 5049 1920 5115 ejuscemodidoctoribus:

358 5131 550 5187 luanes
605 5151 757 5204 nugae
812 5145 937 5190 sunt
998 5149 1176 5192 vestra
1245 5140 1543 5208 dogmata:
1591 5152 1682 5195 aut
1726 5144 1920 5214 alioqui

359 5224 490 5279 mihi
520 5226 868 5295 interroganti
896 5232 1234 5298 respondete.
1283 5230 1400 5296 Quo
1429 5240 1583 5301 parto
1610 5244 1694 5290 est
1723 5216 1923 5289 eximia

359 5331 485 5386 erga
511 5331 608 5372 nos
637 5317 850 5373 dilectio
879 5317 971 5373 Dei
995 5336 1059 5376 ac
1084 5319 1260 5376 Patris
1286 5322 1310 5375 ἲ
1337 5331 1389 5378 et
1414 5322 1457 5377 si
1481 5323 1628 5378 dedit
1652 5340 1750 5395 pro
1771 5326 1926 5381 nobis

356 5404 576 5473 Filium,
598 5409 687 5478 qui
721 5424 783 5463 ex
831 5419 1009 5465 vestra
1046 5414 1310 5468 sententia
1359 5429 1463 5469 non
1519 5416 1752 5480 exsistit,
1790 5418 1923 5473 nihil

2034 4602 2371 4672 διενθυμοῖτο
2403 4603 2601 4671 σοφῶς.
2624 4603 2851 4663 Οὑκοῦν,
2878 4605 3173 4671 ἀναγκαῖον
3200 4602 3353 4673 οἶμαί
3380 4622 3485 4656 που
3512 4607 3619 4660 καὶ

2034 4691 2264 4761 ἀτρεκὲς
2287 4691 2482 4753 εἰπεῖν,
2513 4692 2598 4753 Ὠς
2634 4692 2788 4761 εἴπερ
2819 4691 2969 4744 ἐστὶν
3001 4693 3342 4763 ἀνύπαρκτος
3380 4696 3408 4747 6
3452 4694 3618 4763 Υἱὸς,

2031 4782 2138 4835 οὐδ’
2166 4781 2232 4836 ἂν
2260 4782 2349 4836 τὸν
2398 4782 2615 4853 Πατέρα
2649 4782 2789 4836 κατὰ
2833 4782 2894 4835 τὸ
2939 4783 3133 4855 ἀληθὲς
3176 4787 3475 4855 νοήσαιμεν
3517 4786 3613 4839 ἄν.

2033 4874 2141 4927 Ποῦ
2166 4874 2275 4945 γὰρ
2299 4873 2377 4928 ἔτι
2406 4875 2616 4946 Πατὴρ,
2640 4877 2686 4929 εἰ
2720 4876 2793 4946 μὴ
2825 4875 3043 4931 τέτοκεν
3077 4875 3319 4947 ἀληθῶς;
3345 4878 3414 4929 Ἢ
3446 4880 3617 4949 εἴπερ

2032 4966 2326 5037 γεγέννηκε
2358 4966 2420 5019 τὸ
2467 4967 2547 5045 μὴ.
2570 4966 2817 5037 ὑφεστὼς
2836 5003 2851 5029 ,
2899 4968 3035 5039 μήτε
3070 4968 3311 5038 ὑπάρχον
3344 4968 3482 5031 ὅλως
3506 5011 3521 5031 ,
3552 4970 3617 5023 τὺ

2032 5056 2290 5127 γεννηθὲν
2317 5055 2472 5111 ἔσται
2506 5056 2566 5110 τὸ
2590 5057 2777 5127 μηδέν.
2808 5058 2881 5111 Τὸ
2901 5058 3010 5129 γάρ
3034 5075 3116 5111 τοι
3140 5060 3213 5129 μὴ
3248 5058 3524 5127 ὑφεστὼς,
3555 5062 3617 5113 ἐν

2033 5145 2133 5218 ἴσῳ
2157 5145 2235 5217 τῷ
2262 5146 2469 5218 μηδενὶ,
2507 5147 2709 5216 μᾶλλον
2733 5146 2789 5200 δὲ
2818 5148 3094 5211 παντελῶς
3135 5148 3305 5203 οὐδέν.
3336 5144 3472 5203 Εἶτα
3510 5152 3613 5204 τοῦ

2037 5239 2263 5309 μηδενὸς
2296 5238 2446 5292 ἔσται
2494 5240 2685 5311 Πατὴρ
2721 5243 2749 5294 6
2794 5240 2948 5305 Θεός.
3004 5240 3180 5306 Ἀλλ’,
3222 5234 3267 5294 ὦ
3312 5240 3613 5311 βέλτιστοι,

2033 5332 2196 5403 φαίην
2225 5330 2291 5385 ἂν
2319 5330 2495 5400 ἔγωγε
2527 5332 2663 5403 πρός
2690 5349 2753 5399 γε
2783 5333 2907 5397 τοὺς
2948 5332 3061 5389 τῶν
3100 5332 3357 5387 τοιούτων
3404 5335 3617 5407 ἐξηγη-

2030 5426 2147 5489 τὰς,
2197 5424 2355 5488 ὕθλος
2399 5427 2604 5490 εἰκαῖος
2648 5425 2717 5479 τὰ
2753 5426 2884 5497 παρ’
2928 5426 3113 5494 ὑμῶν,
3162 5427 3329 5499 ἧγουν
3358 5429 3615 5499 ἐρομένῳ

357 5497 520 5567 igitur
557 5498 704 5555 dedit
730 5516 828 5571 pro
849 5503 1022 5570 nobis,
1052 5519 1226 5575 neque
1272 5505 1506 5562 Verbum
1541 5523 1671 5563 caro
1723 5508 1924 5565 factum

2033 5515 2301 5586 φράζετε·
2334 5515 2451 5579 πῶς
2493 5517 2770 5589 ἐξαίρετος
2818 5519 2851 5587 ή
2901 5518 2979 5581 εἰς
3011 5519 3160 5589 ἡμᾶς
3185 5497 3474 5590 -ἁγάπησις

359 5598 465 5656 est,
506 5606 678 5664 neque
737 5596 1098 5651 venerandam
1148 5612 1363 5674 crucem
1411 5602 1689 5667 sustinuit,
1755 5617 1927 5674 neque

2034 5605 2168 5659 Θεοῦ
2213 5605 2307 5660 καὶ
2351 5607 2591 5677 Πατρός
2646 5607 2739 5659 καὶ
2778 5608 2826 5661 ει
2863 5608 3093 5663 δέδωκεν
3138 5609 3275 5681 ὑπὲρ
3319 5611 3482 5683 ἡμῶν
3515 5612 3614 5666 τὸν

432 5762 746 5861 “1.10am.
783 5770 829 5835 l,
866 5772 917 5825 2.
1005 5771 1224 5829 "Joan.
1266 5789 1384 5845 vnt,
1420 5775 1510 5843 57,
1545 5776 1633 5831 58.
1711 5777 1751 5809 ³⁷
1785 5775 1925 5834 Psal.
1950 5793 2080 5847 Lm,
2117 5781 2194 5835 l2.
2277 5784 2319 5813 ”
2346 5781 2366 5841 1
2394 5781 2548 5838 Juan.
2584 5798 2641 5850 ιι,
2672 5782 2760 5849 2‘2,
2795 5786 2880 5841 ‘23.
