3846 6210
384 272 408 328 Ι
417 271 518 326 i267

1366 267 1424 322 S.
1467 265 1734 323 CYBILLI
1775 265 2236 323 ALEXANDRINI
2273 265 2589 322 ARCHIEP.

3493 255 3638 314 £208

382 390 449 443 iis
479 386 571 456 qui
601 394 873 441 exsistunt
918 397 1116 438 nonum
1157 388 1234 438 sit
1275 394 1416 447 esse,
1453 393 1547 437 aut
1599 384 1795 453 potius,
1851 399 1954 437 non

2084 383 2116 435 ’ὸ
2159 378 2298 437 εἶναι
2345 383 2527 449 καλὸν,
2561 384 2727 454 ῆγονν
2751 385 2812 434 τὸ
2859 382 2932 453 μὴ
2960 397 3099 434 ειναι
3140 380 3319 447 τυχὸν,
3354 374 3633 445 ἀποκρίνῃ

382 493 525 544 esse,
553 491 660 546 quo
690 484 846 544 pacto
879 475 1207 545 respondens

463 568 522 622 Β.
580 564 994 636 Responderim,
1047 579 1190 619 esse.
1222 563 1364 620 Deus
1415 564 1561 619 enim
1627 576 1840 620 creator
1889 579 1954 619 eo

385 661 652 729 praecipue
712 659 928 713 nomine
989 657 1166 712 bonus
1221 667 1470 723 vocatur,
1529 659 1669 727 quod
1719 658 1786 712 iis
1837 673 1956 728 quae

383 750 672 819 aliquando
701 765 808 805 non
839 757 1015 814 erant,
1043 764 1164 804 esse
1203 750 1428 804 dederit.

450 845 514 898 Α.
549 840 763 911 Optime
799 841 955 896 dicis.
989 841 1064 896 Ita
1096 843 1240 896 enim
1271 850 1460 895 natura
1486 856 1605 896 sese
1631 857 1718 896 res
1772 843 1954 896 habet.

385 934 570 988 Melior
595 935 778 1004 itaque
819 944 904 989 est
937 934 1178 987 conditio
1203 943 1600 996 creaturarum,
1655 948 1813 999 quam
1841 934 1958 1004 ejus

385 1039 483 1093 per
504 1039 661 1094 quem
691 1026 872 1078 omnia
907 1033 1086 1078 ortum
1124 1031 1448 1093 acceperunt
1479 1041 1493 1076 :
1537 1024 1581 1078 si
1619 1023 1708 1079 hic
1737 1024 1954 1093 quidem

386 1129 490 1168 non
516 1115 777 1169 exsistere
799 1115 1030 1178 dicatur,
1060 1114 1165 1170 illae
1207 1129 1359 1177 vero,
1405 1121 1459 1167 et
1505 1115 1770 1170 exsistunt
1803 1125 1855 1169 et
1903 1114 1957 1167 in

384 1219 485 1260 δυο
509 1220 630 1260 esse
655 1214 1074 1273 cognoscuntur.

454 1297 514 1351 Β.
547 1298 702 1351 Absit
732 1297 1094 1366 blasphemia!
1134 1316 1152 1349 ι
1190 1298 1388 1352 Vivens
1429 1299 1572 1352 enim
1609 1307 1693 1354 est
1725 1298 1957 1351 Verbum

389 1390 482 1445 Dei
505 1400 667 1460 atque
723 1390 934 1451 efficax,
985 1408 1004 1440 ›
1041 1390 1180 1444 sicut
1226 1391 1487 1458 scriptum
1531 1399 1616 1446 est
1642 1391 1708 1444 ”.
1748 1389 1959 1444 Idcirco

387 1480 551 1536 etiam
585 1480 740 1543 dixit,
774 1498 794 1531 ι
829 1479 940 1549 Ego
978 1496 1096 1534 sum
1133 1483 1239 1533 vita
1270 1481 1333 1533 ³³.
1371 1499 1391 1532 υ

460 1571 526 1623 Δ.
567 1572 835 1624 Laterum
881 1585 985 1623 non
1025 1576 1205 1639 potest
1255 1570 1480 1640 intelligi
1537 1571 1666 1635 vita,
1695 1585 1816 1624 cum
1849 1585 1956 1625 nou

386 1663 668 1717 subsistat.
732 1663 851 1716 Vita
905 1672 1086 1716 autem
1138 1672 1221 1716 est
1262 1663 1604 1718 naturaliter.
1631 1662 1784 1716 Nullo
1814 1666 1957 1718 enim

2053 481 2174 532 τίνα
2212 479 2440 548 τρόπονς

2123 574 2180 625 Β.
2221 572 2391 640 Φαίην
2423 571 2490 625 ἂν
2521 573 2602 624 ὅτι
2637 569 2695 622 τὸ
2732 564 2893 621 εἶναι.
2923 566 3049 630 Τοις
3069 567 3178 637 γὰρ
3205 566 3304 618 οὐκ
3336 559 3461 615 οὖσί
3500 577 3634 613 ποτε

2055 665 2114 717 τδ
2143 660 2283 717 εἶναι
2324 664 2522 725 διδοὺς,
2552 659 2756 729 ἀγαθὸς
2785 659 2868 712 ὅτι
2895 657 3131 728 μάλιστα
3151 652 3540 727 κεχρημάτικὲ
3576 667 3634 702 τε

2056 759 2150 811 καὶ
2179 757 2326 810 ἔστιν
2349 758 2376 810 ό
2405 752 2757 824 δημιουργός.

2127 851 2190 903 Α.
2233 851 2464 918 ’Δριστα
2509 847 2676 916 ἔφης·
2709 844 2820 914 ἔχοι
2863 842 2970 913 γὰρ
3001 842 3067 896 ἂν
3099 831 3202 894 ὦδε
3233 839 3296 890 τὸ
3329 837 3534 908 χρῆμα
3571 836 3637 902 τῇ

2057 941 2238 1010 φύσει.
2274 939 2482 993 Οὐκοῦν
2516 939 2573 991 ὲν
2603 937 2849 1007 ἀμείνοσι
2889 933 2922 1004 ἡ
2973 934 3170 995 κτίσις,
3212 931 3374 1000 εἴπερ
3403 931 3432 980 ὁ
3463 927 3540 979 δι’
3579 918 3640 977 οὗ

2055 1031 2126 1085 τά
2165 1032 2343 1085 πάντα
2376 1031 2622 1084 καλεῖται
2661 1030 2797 1100 πρὸς
2823 1031 3040 1099 γένεσιν
3061 1044 3074 1057 ·
3104 1025 3153 1077 εἰ
3180 1026 3210 1076 δ
3240 1022 3359 1092 μὲν,
3390 1020 3496 1089 οὐχ
3534 1017 3644 1083 ὕφ-

2058 1123 2342 1194 εστηκέναι
2393 1123 2610 1190 λέγεται
2641 1161 2654 1182 ,
2690 1121 2760 1174 τὰ
2799 1121 2857 1174 δὲ
2895 1116 3171 1188 ὑφεστηκέ
3209 1130 3268 1166 τε
3308 1112 3406 1166 καὶ
3449 1113 3512 1162 ὲν
3562 1109 3646 1177 τῷ

2055 1210 2197 1268 εἶναι
2232 1216 2430 1267 νοεῖται

2129 1308 2189 1360 Β.
2233 1308 2450 1374 ’Ἄπαγε
2479 1304 2579 1375 τῆς
2620 1305 2958 1374 δυσφημιαςν
3009 1321 3026 1352 ι
3065 1303 3183 1354 Ζων
3224 1296 3332 1366 γάρ
3376 1298 3406 1348 ὁ
3455 1295 3646 1360 Λόγος

2058 1400 2150 1452 τοῦ
2185 1397 2320 1452 Θεοῦ
2343 1399 2436 1450 καὶ
2464 1396 2714 1466 ἐνεργὴς,
2740 1415 2756 1445 ι
2793 1395 2936 1447 καθά
2971 1393 3304 1461 γέγραπται.
3337 1386 3650 1456 Τοιγάρτοι

2059 1491 2153 1544 καὶ
2185 1490 2454 1558 ἔφασκενο
2487 1507 2503 1539 ι
2529 1487 2669 1555 Ἐγώ
2701 1488 2814 1556 εἰμι
2841 1487 2872 1556 ἡ
2916 1483 3048 1554 ζωή.
3090 1501 3108 1532 ι

2129 1584 2194 1634 Α.
2249 1581 2388 1634 Ἀλλ’
2435 1579 2535 1633 οὐκ
2567 1578 2636 1631 ἂν
2659 1579 2834 1630 νοοῖτο
2863 1577 2996 1645 ζωὴ,
3029 1573 3375 1645 ὑφεπηκὼς.
3410 1571 3545 1640 Ζωὴ
3591 1568 3650 1620 δέ

2061 1676 2178 1726 ἐστι
2210 1673 2350 1726 κατά
2398 1674 2591 1739 φύσιν,
2641 1668 3042 1738 καταψεύσεται
3089 1667 3197 1738 γὰρ
3242 1663 3530 1734 οὐδαμῶς.
3576 1662 3653 1714 Τὸ

390 1757 551 1810 modo
582 1755 794 1809 mentiri
831 1764 1024 1824 potest.
1061 1753 1266 1808 Merum
1317 1755 1489 1826 688
1533 1757 1715 1823 itaque
1737 1756 1960 1808 menda—

2084 1767 2170 1836 ἱρα
2218 1763 2292 1834 μὴ
2335 1764 2634 1832 ὑφεστάναι
2677 1762 2768 1815 τὸν
2812 1765 2878 1814 ὲκ
2922 1761 3058 1812 Θεοῦ
3104 1759 3383 1829 πεφηνότα
3425 1757 3650 1823 Λόγον,

386 1849 533 1902 cium
573 1857 680 1908 est,
743 1856 798 1900 et
854 1847 1161 1901 vanissima:
1212 1849 1407 1902 mentis
1432 1848 1678 1902 delirium
1729 1848 1961 1901 Verbum

389 1938 530 2008 quod
553 1953 619 1992 ex
652 1938 760 1992 Deo
783 1939 1049 2007 apparuit,
1099 1953 1197 2006 per
1220 1954 1281 1993 se
1311 1954 1414 1993 non
1441 1941 1732 1996 subsistere

459 2025 810 2097 B.0mnino.
844 2025 978 2081 Nam
1018 2029 1082 2080 ad
1133 2027 1350 2097 Moysen
1381 2029 1449 2082 ita
1479 2030 1593 2098 ipse
1621 2031 1740 2085 ait:
1785 2047 1806 2080 ι
1852 2028 1965 2099 Ego

387 2134 506 2174 sum
537 2135 638 2175 eus
664 2119 727 2174 “.
765 2140 784 2172 ›
812 2120 965 2188 Quod
991 2130 1169 2175 autem
1195 2137 1323 2176 vere
1365 2131 1470 2183 est,
1522 2137 1757 2190 quonam
1807 2132 1964 2191 pacto

387 2211 511 2281 quis
542 2215 817 2268 censuerit
843 2229 995 2268 suam
1036 2214 1367 2284 hypostasim
1403 2230 1506 2268 non
1540 2214 1823 2270 retinere?

446 2302 513 2358 Α.
539 2301 733 2360 Merito
757 2306 937 2374 itaque
967 2320 1153 2360 eorum
1183 2306 1273 2375 qui
1302 2306 1375 2360 ita
1426 2308 1666 2363 sentiunt
1697 2323 1962 2363 summam

387 2395 711 2450 dementiam
738 2396 1146 2452 detestabitnur.

460 2484 519 2539 Β.
545 2483 810 2541 Omnibus
837 2488 1032 2544 modis.

457 2580 522 2632 Α.
553 2579 658 2633 Sed
691 2595 790 2634 nec
816 2580 955 2646 illos,
993 2581 1230 2643 Hermia,
1291 2582 1660 2648 probabimus,
1707 2581 1798 2650 qui
1823 2597 1963 2636 vert-

389 2680 556 2727 tatem
585 2672 771 2728 sedulo
801 2675 996 2728 sectari
1029 2676 1334 2732 didicimus.

454 2761 516 2816 Β.
553 2762 851 2830 Quasnam,
885 2765 1112 2821 obsecro
1148 2769 1172 2820 ?

460 2855 530 2909 A.
581 2855 682 2920 Qui
729 2871 948 2911 carnem
1006 2857 1178 2912 Verbo
1236 2861 1440 2914 unitam
1499 2863 1745 2917 rationali
1781 2866 1963 2918 anima

389 2959 580 3000 carere
604 2947 810 3002 dicunt.
848 2947 979 3002 Sola
1009 2951 1153 3004 enim
1207 2966 1372 3007 carne
1399 2953 1550 3007 vitali
1601 2965 1658 3009 et
1704 2958 1966 3010 seusitivo

391 3046 539 3092 motu
569 3039 790 3107 praedita
823 3041 1056 3096 Verbum
1092 3043 1397 3112 induentes,
1432 3047 1482 3100 in
1521 3048 1776 3104 mundum
1810 3051 1966 3104 indu—
1992 3079 2033 3136 ε

391 3136 540 3190 cunt.
585 3131 780 3184 mentis
836 3142 997 3200 atque
1045 3134 1240 3191 anima:
1297 3135 1604 3193 facultatem
1666 3139 1966 3195 tribuentes

401 3215 703 3288 Unigenito.
737 3219 1169 3279 Perhorrescuut
1212 3226 1379 3292 enim,
1439 3229 1621 3284 nescio
1652 3244 1757 3297 quo
1785 3239 1962 3298 pacto,

395 3310 599 3367 homini
629 3310 864 3381 perfecte
904 3325 1026 3370 sese
1073 3318 1282 3373 ratione
1326 3319 1682 3376 humanitatis
1725 3322 1965 3388 habenti,

392 3404 498 3457 hoc
539 3414 644 3469 est,
695 3406 784 3471 qui
807 3407 983 3459 anima
1012 3417 1066 3462 et
1088 3425 1314 3478 corpore
1341 3423 1570 3474 constet,
1593 3413 1826 3468 Verbum
1850 3416 1970 3468 uni-

395 3506 510 3547 tum
539 3509 682 3560 esse,
717 3495 898 3560 fateri,
931 3498 1024 3550 sed
1073 3501 1463 3568 antiquissimae
1501 3503 1623 3556 fidei
1679 3505 1972 3558 traditione

393 3597 726 3656 contempta,
778 3590 1018 3657 privatas
1049 3606 1176 3647 suas
1248 3595 1532 3663 opiniones
1599 3597 1972 3665 humanasque

392 3679 633 3734 ratione:
662 3685 813 3750 sequi
852 3681 1052 3738 debere
1082 3685 1419 3753 existimant,
1441 3686 1605 3741 aliter
1629 3697 1778 3742 certe
1805 3705 1968 3758 quam

393 3781 606 3840 Oportet
637 3773 954 3828 sentientes.

2063 1856 2458 1926 ψευδηγόρημα
2500 1854 2719 1925 σαθρὸν,
2770 1854 2866 1906 καὶ
2917 1852 3112 1925 φρενὸς
3155 1849 3494 1919 ἀπδὸρασμα
3547 1846 3654 1915 τῆς

2063 1943 2185 2015 ⁴ὴλιθ
2196 1945 2447 2014 ιωτάτης.

2136 2037 2196 2088 Β.
2237 2035 2548 2097 Παντελῶς.
2576 2035 2766 2086 Μωσεῖ
2796 2034 2904 2102 γὰρ
2933 2032 3172 2101 ἔφασκεν
3217 2029 3399 2093 αὐτὸς,
3437 2047 3456 2078 ι
3500 2025 3657 2092 Ἐγώ

2066 2130 2179 2198 εἰμι
2209 2129 2238 2180 ὁ
2264 2126 2356 2179 ὧν.
2385 2146 2401 2176 ι
2440 2127 2512 2177 Τὸ
2543 2126 2598 2178 δὲ
2628 2124 2687 2176 ὃν
2713 2123 2944 2193 ἀληθῶς,
2977 2124 3078 2174 ούκ
3107 2125 3164 2175 ὲν
3195 2121 3494 2174 ὑποστάσει
3521 2117 3656 2170 καθ’

2067 2215 2223 2268 ἑαυτὸ
2255 2213 2559 2282 σωζόμενον
2590 2212 2706 2274 πῶς
2741 2213 2804 2264 ἂν
2837 2211 3010 2263 νοοῖτό
3044 2228 3204 2277 ποτε;

2136 2308 2200 2356 Α.
2244 2302 2450 2354 Οὐκοῦν
2501 2301 2610 2352 τῶν
2653 2300 2775 2369 τῇδε
2824 2298 3176 2368 διειληφότων
3203 2337 3216 2360 ,
3271 2292 3659 2364 καθοριοῦμεν

2063 2398 2291 2459 εἰκότως
2317 2394 2377 2447 τὸ
2403 2397 2482 2456 εἰς
2508 2395 2674 2463 ἄκρον
2701 2391 2930 2463 ἀμαθές.

2136 2492 2197 2545 Β.
2239 2490 2386 2542 Πάνυ
2422 2487 2520 2556 μὲν
2547 2482 2660 2538 οὖν.

2136 2583 2198 2635 Α.
2239 2581 2314 2634 Οὐ
2376 2579 2482 2649 μὴν
2532 2577 2652 2631 οὐδὲ
2713 2576 2954 2639 ἐκείνους
3013 2575 3403 2642 ἐπαινέσαιμεν
3457 2570 3563 2631 ἂν,
3611 2561 3660 2619 ὧ

2077 2673 2323 2746 Ἑρμεία,
2346 2670 2660 2740 φιλοθηρεῖν
2683 2665 2742 2722 εὖ
2773 2668 2920 2738 μάλα
2941 2666 3308 2735 δεδιδαγμένοι
3328 2663 3391 2715 τὸ
3420 2661 3656 2732 ἀληθές.

2139 2765 2198 2820 Β.
2243 2766 2409 2828 Τίνας
2428 2781 2442 2830 ;

2138 2862 2202 2912 Α.
2244 2857 2308 2912 Οἳ
2349 2856 2619 2927 τητᾶσθαι
2661 2855 2880 2923 λέγουσι
2925 2851 3104 2922 ψυχῆς
3127 2849 3351 2916 λογικῆς
3385 2845 3487 2916 τὴν
3521 2845 3660 2896 ἐνω-

2063 2951 2253 3004 ’θεῖσαν
2283 2949 2360 3019 τῷ
2388 2949 2548 3018 Λόγῳ
2580 2948 2779 3018 σάρκα.
2826 2945 3002 3015 Σαρκὶ
3029 2942 3137 3013 γάρ
3187 2957 3291 2992 που
3335 2939 3474 3008 μόνῃ
3497 2976 3514 2998 ,
3559 2935 3660 2987 καὶ

2068 3045 2166 3115 τὴν
2212 3041 2450 3112 ζωτικήν
2488 3057 2548 3094 τε
2592 3041 2685 3092 καὶ
2729 3037 3054 3106 αἰσθητικὴν
3105 3030 3347 3102 λαχούσῃ
3400 3029 3658 3096 κίνησιν,

2069 3135 2461 3206 ἀμφιεννύντες
2499 3133 2590 3186 τὸν
2631 3133 2800 3199 Λόγον
2821 3170 2835 3195 ,
2866 3128 3275 3200 παραφέρουσιν
3308 3124 3389 3184 εἰς
3413 3121 3658 3186 κόσμον,

2065 3231 2166 3299 τὴν
2202 3227 2295 3280 νοῦ
2325 3227 2422 3278 καὶ
2452 3223 2632 3294 ψυχῆς
2677 3221 2956 3290 ἐνέργειαν
2981 3216 3346 3285 ἀπονέμοντες
3370 3209 3451 3279 τῷ
3473 3210 3658 3263 Μονο-

2068 3323 2234 3392 γενεῖ.
2277 3317 2741 3387 Καταπεφρίκασι
2766 3313 2896 3384 γὰρ,
2933 3313 3032 3365 οὐκ
3067 3307 3162 3363 οἷδ’
3201 3310 3349 3368 ὅπως
3382 3303 3521 3376 ἐρῶ,
3557 3305 3656 3355 ἁν-

2071 3411 2276 3484 θρώπῳ
2301 3411 2524 3473 τελείως
2549 3409 2746 3478 ἔχοντι,
2771 3407 2915 3460 κατά
2943 3422 3007 3473 γε
3038 3402 3128 3456 τὸν
3157 3401 3259 3469 τῆς
3287 3396 3656 3468 ἀνθρωπότη-

2065 3521 2159 3567 τος
2203 3503 2410 3572 Λόγον,
2461 3501 2748 3564 τουτέστι,
2795 3496 2874 3566 τῷ
2921 3499 2985 3549 ὲκ
3029 3493 3208 3564 ψυχῆς
3253 3490 3348 3544 καὶ
3393 3487 3657 3556 σώματος

2067 3596 2308 3668 ἡνῶσθαι
2330 3595 2421 3648 τὸν
2444 3593 2618 3661 Λόγον
2646 3589 2950 3661 ὁμολογεῖν,
2972 3586 3074 3655 τῆς
3105 3585 3201 3655 μὲν
3231 3579 3443 3635 ἀνωθεν
3469 3595 3531 3630 τε
3562 3579 3657 3630 καὶ

2068 3688 2435 3760 ἀρχαιοτάτης
2471 3685 2707 3747 πίστεως
2737 3685 2836 3752 τὴν
2867 3679 3166 3751 παράδοσιν
3188 3716 3202 3739 ,
3233 3674 3424 3741 ὀλίγου
3454 3687 3657 3723 παντε-

2068 3781 2173 3843 λῶς
2195 3778 2477 3858 ἀξιοῦντες
2503 3777 2686 3846 λόγου.
2717 3774 2936 3844 θελήσει
2970 3773 3025 3824 δὲ
3061 3769 3200 3840 μόνῃ
3223 3771 3290 3836 τῇ
3323 3765 3469 3819 κατὰ
3509 3763 3655 3858 cepis

395 3866 614 3931 αὐτοὺς,
646 3867 872 3932 καὶτοῖς
898 3869 1270 3940 ’ἀνθρωπίνοις
1294 3873 1404 3928 δεῖν
1429 3873 1665 3928 ’ἕπεσθαι
1724 3875 2004 3946 λογισμοῖς
2043 3856 2270 3947 ἀμαθῶς
2298 3874 2586 3945 ᾑρημένοι,
2629 3871 2722 3925 καὶ
2791 3867 3111 3940 φρονοῦντες
3145 3861 3360 3931 ἀληθῶς
3389 3860 3539 3928 παρὸ
3575 3856 3657 3908 δεῖ

394 3960 633 4030 φρονεῖν.

460 4051 519 4105 B.
544 4049 804 4117 Quaenam
831 4068 958 4108 vero
987 4054 1116 4123 ipsis
1140 4065 1224 4109 est
1245 4057 1386 4111 ratio
1428 4057 1694 4127 ejusmodi
1746 4059 1964 4130 dogma<

394 4145 464 4197 tis
487 4142 514 4196 ἲ

463 4235 528 4288 Α.
562 4235 768 4291 Dicam.
804 4234 935 4301 Nos,
987 4240 1282 4294 secundum
1343 4240 1680 4311 Scripturam
1742 4243 1970 4298 dicimus

395 4327 744 4382 Inediatorem
787 4328 880 4384 Dei
927 4341 980 4385 et
1016 4332 1290 4385 hominum
1347 4337 1699 4403 compositum
1727 4350 1871 4399 esse,
1897 4352 1963 4390 ex

2144 4055 2202 4106 Β.
2247 4055 2355 4106 Καὶ
2386 4053 2470 4114 τίς
2497 4054 2525 4104 ὁ
2562 4050 2720 4117 λόγος
2760 4049 2944 4109 αὐτοῖς
2979 4045 3079 4098 τοῦ
3104 4042 3310 4098 τοιοῦδε
3340 4042 3654 4111 δογματοςς

2144 4235 2209 4290 Α.
2248 4234 2388 4301 Ἐγὼ
2416 4232 2629 4301 φράσω.
2661 4229 2763 4282 Τδν
2785 4227 2920 4281 Θεοῦ
2950 4226 3173 4296 μεσίτην
3199 4225 3293 4277 καὶ
3317 4223 3415 4276 ἀνθ
3426 4240 3654 4293 ρωπων,

2074 4325 2216 4380 κατὰ
2251 4326 2351 4387 τὰς
2399 4323 2651 4395 Γραφάς,
2701 4317 3018 4388 συγκεῖσθαί
3060 4333 3278 4387 φαμεν,
3331 4315 3393 4367 ἐκ
3451 4331 3510 4366 τε
3555 4314 3657 4382 τῆς

395 4427 582 4473 nostra
607 4419 966 4488 humanitate,
994 4438 1116 4493 quae
1131 4427 1344 4494 propria
1368 4441 1463 4479 sua
1490 4428 1697 4481 ratione
1728 4428 1964 4497 perfecte

2084 4418 2190 4471 ιαθ⁸
2235 4418 2383 4487 ἡμᾶς
2437 4414 2890 4486 ἀνθρωπότητος,
2955 4410 3181 4473 τελείως
3229 4408 3461 4479 ἐχούσης
3510 4408 3656 4460 κατά

391 4522 518 4562 sese
572 4507 789 4574 habeat,
833 4520 890 4564 et
938 4525 1003 4564 ex
1043 4509 1180 4567 Filio
1231 4515 1319 4582 qui
1375 4517 1692 4571 naturaliter
1740 4532 1803 4569 ex
1851 4516 1967 4572 'Deo

396 4600 667 4668 apparuit,
698 4601 800 4656 hoc
824 4613 909 4655 est
945 4603 1264 4674 ‘Uuigenito.
1318 4607 1627 4662 Asserimus
1674 4618 1851 4661 autem
1898 4624 1965 4662 ex

397 4689 739 4759 inaequalium
808 4691 1260 4763 dissimiliumque
1309 4706 1624 4750 naturarum
1673 4713 1966 4768 congressu

396 4779 853 4850 inenarrabilique
876 4797 1145 4836 concursu
1187 4784 1442 4838 unitatem
1497 4785 1632 4840 fieri.
1683 4784 1856 4840 Unum
1893 4798 1970 4840 ta-

397 4885 520 4924 men
551 4867 822 4924 Christum
859 4885 912 4926 et
947 4872 1257 4937 Dominum,
1287 4891 1350 4930 ac
1373 4874 1569 4930 Filium
1593 4879 1960 4946 agnoscimus,

386 4961 523 5014 etin
564 4960 754 5015 eodem
798 4964 1066 5017 exsistere
1118 4974 1280 5033 atque
1321 4953 1544 5036 intelligi
1589 4967 1757 5022 Deum
1807 4969 1966 5022 simul

393 5058 447 5105 et
472 5051 764 5107 hominem.
823 5055 1143 5109 lndivulsam
1193 5066 1372 5110 autem
1420 5057 1644 5113 omnino
1703 5059 1963 5112 unitatem

393 5142 530 5197 tueri
557 5145 952 5211 consuevimus,
982 5147 1226 5200 eumdem
1249 5162 1369 5202 esse
1402 5149 1683 5204 credentes
1708 5150 1966 5220 etunige.

393 5235 566 5290 nitum
602 5244 658 5290 et
686 5237 1124 5306 primogenitum.
1162 5238 1507 5310 Unigenitum
1540 5242 1782 5310 quidem,
1803 5243 1968 5296 veluti

392 5341 459 5380 ex
500 5325 610 5380 Deo
641 5325 802 5382 Patre
829 5329 1086 5394 Verbum,
1139 5331 1391 5400 quodque
1418 5346 1485 5384 ex
1514 5333 1749 5386 essentia
1801 5333 1969 5402 ipsius

392 5420 685 5487 apparuit;
735 5420 1149 5492 primogenitum
1204 5431 1408 5488 autem,
1457 5431 1725 5490 quatenus
1791 5425 1965 5479 factus

391 5521 472 5616 est
509 5511 692 5580 homo,
721 5523 778 5568 et
806 5514 856 5568 in
881 5514 1066 5570 multis
1108 5514 1365 5571 fratribus
1396 5515 1462 5568 "'.
1504 5513 1963 5579 Quemadmodum

465 5689 508 5722 “
547 5690 706 5748 llebr.
739 5709 813 5751 tv.
852 5695 934 5749 l2.
1014 5695 1237 5752 "Joan.
1266 5712 1377 5762 xtv,
1413 5695 1444 5750 6
1521 5697 1564 5728 ³⁸
1598 5696 1762 5751 Exod.
1791 5712 1871 5766 tu,
1919 5698 2001 5752 Η.

2074 4510 2166 4563 τὸν
2200 4508 2330 4562 ἴδιον
2357 4507 2534 4576 λόγον,
2578 4506 2674 4558 καὶ
2707 4507 2768 4558 ἐκ
2790 4502 2884 4557 τοῦ
2915 4503 3221 4572 πεφηνότος
3245 4503 3309 4553 ὲκ
3339 4499 3482 4552 Θεοῦ
3511 4499 3657 4580 κατά

2075 4601 2238 4670 φύσιν
2267 4599 2396 4654 Υἱοῦ
2419 4641 2432 4665 ,
2463 4599 2748 4662 τουτέστι,
2781 4595 2875 4649 τοῦ
2903 4595 3265 4663 Μονογενοῦς.
3309 4594 3658 4663 Διῖσχυριζό-

2078 4695 2219 4764 μεθα
2249 4695 2306 4747 δὲ
2332 4734 2347 4756 ,
2381 4691 2599 4746 σύνοδον
2629 4691 2730 4760 μέν
2759 4706 2882 4742 τινα
2911 4688 3005 4742 καὶ
3031 4687 3130 4757 τὴν
3164 4686 3303 4757 ὑπὲρ
3328 4685 3491 4752 λόγον
3529 4703 3657 4738 συν-

2075 4786 2282 4860 δρομὴν
2312 4787 2391 4847 εἰς
2427 4784 2642 4846 ἕνωσιν,
2678 4781 2878 4833 ἀνίσων
2902 4797 2962 4831 τε
3011 4779 3108 4832 καὶ
3134 4778 3404 4847 ἀνομοίων
3435 4779 3656 4846 πεπρά-

2076 4880 2202 4950 χθαι
2227 4877 2445 4947 φύσεων
2463 4894 2476 4905 ·
2508 4875 2608 4928 ἕνα
2635 4874 2686 4926 δ’
2713 4867 2812 4925 οὖν
2834 4872 2984 4942 ὅμως
3011 4870 3266 4940 Χριστὸν,
3301 4869 3397 4922 καὶ
3423 4869 3656 4940 Κύριον,

2077 4971 2172 5024 καὶ
2198 4969 2329 5023 Υίδν
2360 4966 2826 5035 ὲπιγινὼσκομεν,
2873 4965 2930 5016 ὲν
2969 4961 3154 5032 ταυτῷ
3204 4962 3296 5014 καὶ
3333 4960 3658 5032 ὑπάρχοντα

2076 5061 2172 5114 καὶ
2205 5059 2499 5128 νοούμενον
2522 5057 2657 5111 Θεόν
2682 5073 2742 5109 τε
2771 5056 2864 5109 καὶ
2906 5055 3210 5126 ἄνθρωπον.
3258 5053 3658 5108 ’Δδιάσπαστον

2075 5153 2131 5206 δὲ
2178 5150 2462 5214 παντελῶς
2497 5151 2596 5218 τὴν
2635 5149 2829 5202 ἕνωσιν
2878 5148 3154 5217 διατηρεῖν
3199 5144 3521 5215 εἰθίσμεθα,
3571 5147 3660 5199 τὸν

2071 5244 2235 5297 αὑτὸν
2257 5239 2396 5296 εἶναι
2427 5241 2802 5304 πιστεύοντες,
2839 5241 2933 5293 καὶ
2963 5239 3226 5309 μονογενῆ
3256 5240 3349 5292 καὶ
3375 5241 3658 5310 πρωτότο-

2071 5352 2182 5388 κον·
2215 5333 2498 5402 Μονογενῆ
2535 5334 2654 5404 μὲν,
2688 5331 2764 5395 ὡς
2798 5334 2861 5385 ἐκ
2897 5330 3031 5384 Θεοῦ
3078 5331 3293 5402 Πατρὸς
3326 5331 3526 5398 Λόγον,
3566 5334 3658 5384 καὶ

2069 5431 2134 5480 ἐκ
2181 5428 2280 5498 τῆς
2318 5425 2507 5489 οὐσίας
2540 5422 2706 5478 αὐτοῦ
2736 5424 3034 5492 πεφηνότα·
3073 5422 3424 5494 πρωτότοκον
3465 5422 3529 5475 δὲ
3564 5421 3650 5488 αὖ,

2069 5517 2201 5570 καθὸ
2240 5517 2463 5586 γέγονεν
2508 5517 2824 5587 ἄνθρωπος,
2871 5515 2963 5570 καὶ
3011 5519 3068 5569 ἐν
3110 5516 3319 5578 πολλοῖς
3374 5515 3649 5583 ἀδελφοῖς.

2102 5698 2143 5729 ³⁵
2171 5696 2330 5753 Rom.
2366 5714 2480 5761 vm,
2506 5697 2596 5751 ‘29.
