3846 6210
256 271 395 328 ιὲθθ

1338 276 1426 333 ΒΕ
1466 280 1615 338 ΙΝΟΛ
1627 283 1970 341 ιιΝΑτιοΝιε
2013 285 2381 343 UNlGENlTI.

3366 285 3501 339 1210

257 386 472 458 Ὠσπερ
497 389 605 459 γὰρ
643 387 727 453 εἷς
757 390 872 444 ἔστι
904 391 1033 455 Θεὸς
1057 394 1084 445 ό
1115 394 1323 465 Πατὴρ.
1352 395 1411 459 ἐξ
1433 394 1493 451 οὗ
1519 401 1585 450 τὰ
1620 402 1817 465 πάντα,

1926 405 2063 458 enim
2113 421 2252 457 "IIIIS
2293 414 2379 458 est
2432 404 2570 456 Deus
2629 400 2811 465 Pater,
2864 417 2927 455 ex
2952 416 3059 468 quo
3119 409 3241 452 sunt
3275 401 3497 454 οιιιιιῑυε

255 478 401 531 οὕτω
440 482 535 533 καὶ
579 474 659 542 εἷς
712 479 918 552 Κύριος
978 484 1180 553 Ἰησοῦς
1227 484 1461 555 Χριστὸς
1488 530 1500 551 ,
1544 489 1608 541 δι’
1652 487 1713 544 οὗ
1760 493 1829 544 τὰ

256 571 457 624 πάντα.
505 570 639 625 Θεὸν
681 572 790 643 γὰρ
823 574 953 629 όντα
999 576 1142 629 κατὰ
1182 576 1343 645 φύσιν
1384 580 1829 654 ὲπιγινώσκομεν

256 661 347 714 τὸν
393 661 461 714 δι’
491 658 551 715 οὗ
590 661 659 715 τὰ
704 663 903 730 πάντα,
938 666 1149 734 Λόγον,
1199 667 1293 719 καὶ
1324 669 1375 719 εί
1422 671 1612 737 γέγονε
1658 674 1825 744 σὰρξ,

256 751 551 815 τουτέστιν,
579 754 886 825 ἄνθρωπος.

327 843 385 897 Β.
441 846 735 916 Ὀροότατα
766 846 923 917 ἔφης.

323 938 386 990 Α.
440 938 579 990 Ἀλλ’
607 939 723 993 οὔτι
756 957 858 992 που
894 941 1099 1010 σφόδρα
1130 946 1250 1005 ταῖς
1277 945 1337 997 ἐν
1380 948 1512 1015 ἡμῖν
1542 948 1668 1017 περὶ
1704 948 1828 999 τού-

252 1042 347 1078 του
391 1027 573 1093 δόξαις
618 1029 690 1082 τὰ
730 1031 953 1083 ἐκείνων
986 1034 1344 1104 συμφέρεται.
1382 1037 1514 1089 Ἕνα
1564 1040 1666 1107 μὲν
1717 1041 1827 1110 γὰρ

252 1117 701 1188 ὁμολογουμένως
764 1122 1163 1192 παραδέχονται
1236 1127 1328 1178 καὶ
1379 1129 1528 1181 αὐτοὶ
1591 1130 1827 1199 Χριστὸν

268 1208 498 1278 Ἰησοῦν,
529 1210 726 1279 ἄριστα
750 1212 1076 1282 φρονοῦντες
1099 1214 1157 1266 ἐν
1182 1232 1245 1282 γε
1269 1217 1464 1289 τούτῳ.
1500 1220 1825 1289 Παρωθοῦν-

252 1316 342 1354 ται
366 1300 423 1353 δὲ
458 1301 583 1354 λίαν
607 1303 685 1365 ὡς
717 1304 975 1369 δυσσεϐὲς
1002 1307 1083 1359 ὅτι
1114 1308 1349 1377 μάλιστα
1375 1312 1723 1383 καταδιῖστᾷν
1747 1317 1826 1377 εἰς

253 1391 349 1445 δύο
372 1391 464 1446 τὸν
503 1393 850 1465 Ἐμμανουήλ
869 1414 882 1426 ο
909 1396 1087 1467 ψυχῆς
1119 1398 1165 1451 δ’
1196 1395 1288 1452 οὖν
1326 1402 1474 1471 ὅμως
1500 1404 1599 1472 τῆς
1619 1403 1827 1474 ἀνθρω-

256 1485 418 1554 πίνης
440 1486 533 1538 καὶ
560 1486 782 1557 λογικῆς
807 1488 903 1559 τὴν
942 1490 1121 1560 σάρκα
1151 1491 1553 1561 γυμνώσαντες,
1584 1495 1825 1564 ἡνῶσθαί

255 1589 419 1642 φασιν
451 1576 584 1646 αὐτῇ
625 1577 715 1629 τὸν
764 1578 826 1630 ὲκ
869 1576 1005 1630 Θεοῦ
1046 1579 1235 1646 Λόγον.
1294 1581 1613 1652 Ἐξεὺρηται
1646 1584 1703 1637 δέ
1744 1601 1827 1647 τις

254 1669 441 1729 αὐτοῖς
469 1667 714 1733 πιθανὸς,
746 1670 820 1733 ὡς
853 1672 1094 1737 οἴονται,
1148 1673 1284 1743 πρὸς
1318 1674 1475 1728 τοῦτο
1508 1678 1697 1744 Λόγος.
1744 1677 1824 1730 Τὰ

254 1759 362 1827 γάρ
401 1775 506 1821 τοι,
555 1762 708 1827 φασὶ,
761 1760 899 1814 κατὰ
948 1762 1197 1816 σύνθεσιν
1250 1766 1384 1835 πρὸς
1440 1768 1559 1829 ἐνὸς
1617 1767 1822 1822 τελείου
1856 1744 1898 1802 Β

256 1848 513 1900 σύστασιν
547 1849 1058 1921 συνδεδραμηκότα,
1108 1853 1247 1924 μέρη
1291 1871 1350 1906 τε
1382 1857 1476 1908 καὶ
1512 1856 1570 1921 ἐξ
1619 1857 1824 1910 ἀτελῶν

252 1937 481 2007 ὁρᾶσθαι
512 1940 689 2006 φιλεῖ,
731 1940 825 1993 τοῦ
852 1940 1073 2005 τελείως
1102 1942 1321 2012 ἔχοντος
1356 1947 1478 1999 καθ’
1508 1949 1688 2008 ἑαυτὸ,
1731 1950 1825 2001 καὶ¹

251 2029 329 2091 ὡς
355 2030 419 2081 ἐν
450 2029 556 2099 ἰδίᾳ
585 2030 764 2098 φύσει,
792 2032 892 2101 τῆς
923 2034 987 2086 ἐκ
1013 2034 1197 2103 μερῶν
1229 2036 1530 2101 συνθέσεως
1554 2040 1615 2092 οὑ
1644 2040 1826 2110 δεδεη-

252 2117 438 2186 μένου.
460 2119 749 2190 Τοιγάρτοι
771 2122 924 2189 φασὶ,
953 2126 1320 2194 παραιτητέον
1351 2128 1596 2193 εἰκότως,
1616 2129 1711 2182 ἄνθ
1721 2147 1825 2203 ρω-

249 2227 352 2263 πον
389 2210 571 2266 δοῦναι
596 2212 821 2279 τέλειον,
851 2216 943 2269 τὸν
972 2218 1337 2272 συνενωθέντα
1372 2220 1451 2291 τῷ
1482 2222 1639 2292 Λόγῳ
1672 2222 1821 2289 ναὸν,

249 2301 338 2355 ἵνα
370 2303 464 2355 καὶ
496 2304 530 2373 ἠ
572 2303 843 2371 σύνθεσις,
870 2307 1015 2381 ἥπερ
1044 2308 1108 2362 ἂν
1142 2310 1234 2361 ὲπὶ
1262 2311 1487 2382 Χριστῷ
1516 2316 1687 2366 νοοῖτο
1725 2330 1819 2366 τυ-

251 2393 366 2463 χὸν,
417 2394 619 2465 ἀκριϐῆ
672 2413 731 2449 τε
780 2399 876 2451 καὶ
920 2399 1242 2471 ἀδιάϐλητον
1290 2403 1382 2455 τὸν
1438 2405 1637 2473 ἑαυτῆς
1682 2407 1821 2458 ἀπο-

246 2486 414 2551 σώζοι
442 2490 635 2559 Λόγον.
664 2493 773 2546 Καὶ
805 2493 911 2563 μὴν
939 2495 1161 2549 κάκεῖνο
1201 2498 1488 2568 προσθεῖεν
1512 2498 1598 2563 ἂν,
1632 2499 1824 2570 ῶσπερ

248 2575 342 2634 οὖν
367 2575 605 2653 ἐγῷμαι.
640 2585 705 2637 Et
732 2586 843 2655 γὰρ
870 2587 928 2651 ἐξ
963 2588 1257 2659 ἀνθρώπου
1281 2591 1506 2654 τελείου,
1541 2594 1693 2661 φασὶ,
1729 2595 1825 2646 καὶ

246 2669 343 2724 τοῦ
378 2673 442 2726 ἑκ
475 2672 689 2745 Πατρὺς
713 2675 865 2740 ὄντος
905 2679 1103 2747 Λόγου,
1136 2682 1455 2753 συντίθεμεν
1483 2686 1573 2736 τὸν
1613 2685 1823 2755 Ἐμμα-

249 2765 447 2835 νουήλ,
494 2767 553 2818 οὐ
606 2767 779 2837 βραχὺ
830 2770 890 2822 τὸ
928 2771 1111 2842 δεῖμα,
1149 2774 1348 2844 μᾶλλον
1396 2775 1453 2827 δὲ
1489 2776 1822 2845 άδιάφυκτον

250 2858 349 2928 ἤδη
377 2874 492 2921 πως
520 2858 585 2911 ἂν
615 2864 861 2927 φανεῖται
895 2864 1097 2930 λοιπὸν,
1128 2866 1187 2918 τὸ
1223 2868 1315 2920 καὶ
1354 2867 1666 2937 ἀϐουλήτως
1691 2870 1819 2934 δεῖν,

246 2948 341 3001 δύο
384 2949 482 3019 μὲν
512 2952 695 3018 υἱοὺς,
727 2954 998 3025 Χριστοὺς
1047 2957 1104 3010 δὲ
1150 2955 1215 3011 αὖ
1258 2959 1352 3012 δύο
1379 2963 1593 3029 φρονεῖν
1629 2979 1688 3013 τε
1730 2963 1823 3015 καὶ

248 3038 447 3109 λέγειν.

316 3133 379 3186 Β.
421 3129 553 3187 Εἶτα
587 3135 639 3187 τί
671 3135 880 3199 τούτοις
904 3138 1240 3208 ἀπηεροῦμεν
1271 3142 1465 3210 ήμεῖς;

316 3223 379 3276 Α.
423 3225 646 3295 Πρῶτον
683 3228 802 3294 μὲν,
836 3229 918 3280 ὃτι
949 3230 1046 3297 τῆς
1091 3229 1327 3292 πίστεως
1372 3232 1469 3301 τὴν
1516 3231 1687 3293 οὕτως
1726 3234 1824 3302 ἁρ-

247 3314 539 3385 χαιοτάτην
566 3319 654 3369 καὶ
698 3318 755 3383 ἐξ
801 3318 979 3370 αὐτῶν
1028 3320 1135 3371 τῶν
1176 3322 1347 3388 ἁγίων
1406 3323 1718 3376 ἀποστόλων
1749 3324 1826 3377 δι-

247 3411 487 3480 ήκουσαν
531 3413 612 3474 εὶς
656 3414 805 3482 ἡμᾶς
853 3414 1173 3481 παράδοσιν,
1201 3417 1260 3468 οὐ
1305 3419 1425 3480 ταῖς
1459 3418 1824 3489 ὑπερμέτροις

246 3503 552 3573 ἀκριϐείαις
574 3505 904 3558 καταλυπεῖν
924 3507 1092 3571 ἄξιον,
1113 3507 1235 3560 οὔτε
1270 3509 1377 3579 μὴν
1398 3512 1519 3572 ταῖς
1549 3513 1628 3572 εἰς
1656 3511 1823 3579 ἄκρον

245 3593 494 3665 ὲρεύναις
528 3596 817 3666 ὑποφέρειν
846 3596 913 3649 τὰ
937 3598 1077 3667 ὑπὲρ
1110 3599 1255 3663 νοῦν,
1282 3600 1393 3651 ἀλλ’
1409 3600 1528 3652 οὐδὲ
1554 3601 1708 3670 ἥκειν
1743 3603 1823 3664 είς

244 3688 410 3757 μέσον
435 3681 630 3756 οἷάπερ
649 3687 798 3750 τινὰς
832 3690 1073 3760 ὁριστὰς,
1097 3690 1189 3743 καὶ
1221 3691 1607 3760 ῥιψοκινδύνως
1640 3692 1822 3759 λέγον-

242 3794 361 3840 τας,
395 3778 469 3841 ὡς
497 3780 558 3831 τὸ
584 3779 731 3832 δεῖνα
756 3780 878 3850 μὲν,
902 3781 1100 3850 ὀρθῶς,
1118 3781 1179 3834 τὸ
1209 3782 1354 3834 δεῖνα
1370 3783 1427 3835 δὲ
1449 3779 1537 3845 αὖ,
1566 3783 1819 3853 ἐτεροίως

242 3870 385 3938 ἔχειν
412 3871 551 3940 χρῆν
583 3871 774 3940 δήπου,
803 3872 896 3924 καὶ
924 3867 989 3943 ἦν
1012 3872 1234 3942 ἄμεινον
1262 3873 1498 3943 ἀληθῶς,
1528 3876 1820 3944 ἀπονέμειν

1932 497 2005 549 ita
2046 497 2212 549 etiam
2245 510 2381 549 unus
2414 494 2671 547 Dominus
2707 491 2864 546 JeSus
2895 492 3167 557 Christus,
3219 506 3313 560 per
3341 507 3500 560 quem

1930 588 2131 642 «latinia.
2194 588 2361 639 Deum
2429 586 2575 640 enim
2624 599 2748 639 esse
2783 585 3075 638 secundum
3110 594 3360 637 naturam
3386 599 3504 650 pro-

1930 678 2146 731 tuemur
2173 677 2429 739 Verbum,
2458 689 2555 745 per
2591 675 2733 744 quod
2776 674 2980 736 omnia,
3032 672 3243 727 etiamsi
3303 672 3500 725 factum

1929 770 1999 823 sit
2025 784 2173 832 caro,
2199 768 2300 821 hoc
2329 777 2431 835 est,
2458 768 2637 821 homo.

1999 862 2059 919 Β.
2087 862 2410 917 Rectissime
2446 861 2653 915 dixisti.

1992 956 2056 1007 A.
2080 953 2241 1021 Atqui
2294 967 2401 1006 non
2441 951 2734 1005 admodum
2782 965 2903 1005 cum
2939 960 3124 1005 nostra
3155 952 3221 1004 de
3249 950 3341 1003 illo
3375 964 3502 1002 sen~

1928 1046 2095 1100 tentia
2152 1046 2365 1098 illorum
2440 1048 2688 1111 dogmata
2739 1044 3085 1099 conveniunt.
3129 1040 3307 1098 Unum
3355 1042 3499 1096 enim

1929 1137 2116 1205 procul
2171 1136 2334 1191 dubio
2397 1134 2567 1205 689
2612 1135 2776 1189 etiam
2848 1134 2921 1189 illi
2992 1134 3257 1202 recipiunt
3317 1131 3500 1186 Jesum

1926 1230 2223 1289 Christum,
2253 1227 2457 1297 optime
2500 1228 2602 1281 hac
2634 1226 2849 1295 quidem
2904 1242 2974 1280 ex
3009 1236 3158 1295 parte
3186 1224 3501 1279 sentientes.

1929 1324 2275 1376 Detestantur
2321 1320 2486 1375 etiam
2545 1328 2800 1385 tanquam
2854 1320 3198 1373 vehementer
3256 1318 3499 1386 impium,

1926 1410 2333 1465 Einma-nuelem
2368 1412 2418 1463 iu
2456 1410 2561 1463 duo
2605 1410 2845 1463 dividere
2890 1409 3116 1463 :anima
3174 1418 3351 1461 tamen
3404 1410 3503 1462 Im-

1929 1517 2085 1555 mana
2148 1510 2204 1555 et
2264 1501 2511 1554 rationali
2554 1514 2775 1554 carnem
2815 1501 3111 1568 privantes,
3151 1496 3382 1551 Verbum
3434 1512 3499 1550 ex

1927 1594 2037 1647 Deo
2076 1593 2125 1648 ei
2161 1592 2369 1647 unitum
2392 1607 2513 1646 esse
2538 1592 2710 1646 aiunt.
2750 1590 2815 1644 Et
2838 1591 3165 1660 probabilem
3190 1590 3498 1658 quamdam,

1930 1698 1987 1740 ιιι
2045 1686 2381 1749 existimant,
2446 1686 2709 1738 rationem
2754 1682 2993 1752 Opinioni
3032 1697 3141 1736 sum
3181 1691 3499 1749 praetexunt.

1928 1778 2059 1843 Qua:
2108 1777 2276 1839 enim,
2317 1778 2592 1844 inquiunt,
2639 1792 2734 1843 per
2786 1774 3227 1842 compositionem
3256 1774 3321 1825 ad
3346 1774 3503 1825 unius

1929 1869 2150 1939 perfecti
2192 1870 2628 1923 constitutionem
2655 1877 3012 1931 concurrunt,
3057 1878 3239 1935 partes
3290 1874 3342 1917 et
3380 1864 3501 1932 qui-

1927 1963 2046 2014 dem
2078 1976 2145 2014 ex
2183 1958 2514 2030 imperfectis
2545 1958 2783 2027 conspici
2806 1957 3023 2023 solent;
3063 1956 3182 2025 ejus
3229 1956 3372 2026 quod
3410 1971 3507 2025 per

1927 2068 2005 2115 se,
2074 2063 2128 2105 et
2190 2053 2241 2104 in
2305 2050 2521 2121 propria
2565 2064 2660 2103 sua
2715 2058 2907 2103 natura
2960 2050 3259 2116 perfectum
3304 2059 3407 2113 est,
3450 2057 3505 2101 et

1927 2144 2320 2208 compositione
2372 2158 2438 2197 ex
2493 2143 2740 2212 partibus
2795 2156 2899 2194 non
2941 2151 3084 2211 eget.
3143 2140 3373 2205 Idcirco,
3418 2140 3502 2193 in-

1927 2237 2138 2305 quiunt.
2180 2233 2480 2289 cavendum
2534 2234 2755 2289 omnino
2790 2242 2893 2297 cst,
2934 2249 3002 2287 ne
3052 2232 3351 2302 perfectum
3390 2243 3502 2284 sta-

1928 2336 2143 2379 tuamus
2198 2326 2494 2388 hominem,
2551 2324 2807 2393 templum
2863 2327 3004 2392 quod
3076 2323 3252 2378 Verbo
3297 2323 3502 2375 unitum

1926 2429 2027 2482 est,
2082 2428 2142 2472 ut
2196 2419 2539 2487 compositio.
2575 2432 2697 2484 qua:
2760 2416 2811 2469 in
2881 2416 3100 2471 Christo
3162 2415 3502 2484 intelligitur,

1927 2513 2224 2581 perfectam
2278 2526 2428 2565 suam
2492 2518 2546 2564 et
2618 2507 3157 2578 irrcprehcnsibilem
3237 2508 3501 2560 rationem

1925 2604 2193 2658 obtineat.
2232 2602 2364 2657 Illud
2414 2617 2547 2656 vero
2570 2603 2758 2663 etiam,
2784 2610 2845 2654 ut
2908 2600 3166 2662 arbitror,
3229 2598 3502 2666 adjicicnt.

1926 2695 1982 2749 Si
2018 2694 2186 2759 enim,
2219 2695 2491 2763 inquiunt,
2524 2708 2588 2747 ex
2614 2693 2854 2762 perfecto
2876 2692 3115 2756 homine,
3148 2700 3201 2745 et
3231 2706 3297 2744 ex
3327 2689 3505 2743 Verbo

1926 2786 2105 2841 Patris
2182 2767 2598 2840 Emmanuelem
2673 2784 3081 2847 constituimus,
3147 2798 3253 2837 non
3315 2798 3501 2850 parum

1926 2878 2243 2937 verendum.
2295 2879 2403 2931 imo
2453 2893 2582 2931 vero
2634 2876 3001 2930 necessarium
3072 2874 3228 2944 plane
3297 2875 3398 2929 erit
3450 2882 3506 2926 ut

1927 2971 2062 3023 duos
2103 2968 2243 3023 filios
2265 2977 2319 3023 et
2343 2969 2475 3023 duos
2506 2969 2743 3023 christos
2775 2967 3055 3022 faciamus.

1998 3145 2063 3199 Α.
2090 3144 2225 3209 Quid
2258 3160 2384 3198 vero
2416 3160 2520 3198 non
2551 3145 2636 3199 his
2663 3145 3148 3214 respondebimus?

1997 3233 2061 3284 A.
2088 3231 2325 3285 Primum
2358 3232 2576 3299 quidem
2628 3234 2769 3299 quod
2824 3233 3251 3302 antiquissimae,
3277 3247 3506 3301 quaque

1925 3324 2060 3376 adeo
2090 3322 2158 3375 ab
2198 3323 2328 3390 ipsis
2356 3324 2557 3377 sanctis
2588 3323 2844 3391 apostolis
2878 3324 2943 3377 ad
2971 3340 3069 3377 nos
3099 3324 3347 3393 pervenit
3381 3322 3501 3376 fidei

1928 3415 2224 3478 traditioni,
2256 3414 2550 3483 singularis
2585 3415 2848 3484 perfectio
2898 3415 3211 3485 deroganda
3269 3430 3374 3468 non
3407 3415 3500 3479 sit,

1925 3506 2018 3561 sed
2048 3521 2221 3574 neque
2256 3520 2482 3559 summae
2514 3507 2913 3575 investigationi
2937 3521 2999 3559 ea
3027 3521 3145 3575 qua:
3170 3505 3501 3560 intellectum

1924 3605 2167 3651 nostrum
2194 3597 2463 3651 excedunt
2490 3597 2847 3663 subjicienda,
2884 3612 3060 3666 neque
3088 3613 3275 3651 rursus
3326 3612 3424 3650 nos
3449 3599 3500 3651 in

1924 3688 2158 3742 medium
2182 3689 2486 3755 procedere
2513 3689 2735 3752 debere,
2769 3689 2935 3743 veluti
2971 3690 3229 3758 quosdam
3263 3690 3502 3745 arbitros

1922 3779 2121 3848 quique
2148 3780 2347 3834 limites
2372 3779 2792 3842 constituamus,
2820 3781 3213 3850 temerarieque
3232 3782 3498 3845 dicamus,

1914 3870 2177 3925 nonnulla
2205 3872 2422 3940 quidem
2453 3880 2603 3925 recte
2638 3885 2758 3925 sese
2787 3871 3007 3939 habere,
3064 3874 3321 3927 nonnulla
3372 3890 3501 3929 vero

242 3961 298 4014 δὲ
346 3962 544 4031 μᾶλλον
572 3961 653 4032 τῷ
692 3962 951 4033 πανσόφῳ
984 3962 1103 4034 Θεῷ
1143 3964 1252 4018 τῶν
1304 3966 1447 4017 ἰδίων
1480 3966 1817 4035 διασκέψεων

1926 3978 2024 4017 non
2050 3963 2199 4027 item,
2239 3963 2331 4017 sed
2363 3962 2466 4015 alia
2494 3962 2702 4015 ratione
2732 3960 2922 4015 melius
2946 3978 3067 4017 sese
3098 3963 3370 4028 habitura,
3402 3966 3498 4018 sed

240 4053 338 4123 τὴν
367 4053 504 4118 ὁδὸν,
537 4054 633 4105 καὶ
665 4053 737 4123 μὴ
770 4058 883 4117 τοῖς
920 4050 979 4107 εὖ
1008 4054 1153 4125 ἔχειν
1187 4058 1316 4128 παρ’
1345 4056 1492 4126 αὐτῷ
1525 4058 1816 4126 δεδοκιμα-

1926 4053 2096 4123 potius
2135 4053 2535 4122 sapientissimo
2569 4050 2680 4106 Deo
2710 4051 3112 4120 relinquendam
3136 4070 3254 4109 esse
3278 4070 3497 4109 suorum

242 4145 460 4214 σμένοις
492 4144 845 4216 ὑπερφιάλως
874 4148 1154 4217 ἐπιτιμᾷν.
1190 4148 1558 4218 ’Λκουσόμεθα
1585 4149 1691 4221 γὰρ
1724 4149 1815 4200 λέο

1926 4144 2265 4198 consiliorum
2301 4145 2469 4207 viam,
2503 4158 2675 4210 neque
2696 4157 2758 4196 ea
2776 4158 2897 4212 quae
2920 4159 2948 4195 a
2979 4144 3088 4198 Deo
3116 4153 3174 4198 ut
3205 4158 3349 4199 recta
3376 4162 3501 4214 pru-

239 4256 422 4307 γοντος
452 4240 717 4310 ἐναργῶς,
743 4258 761 4291 ι
786 4240 860 4292 Οὐ
887 4242 995 4309 γάρ
1019 4243 1156 4293 εἰσιν
1184 4244 1239 4295 αἱ
1270 4242 1455 4311 βουλαί
1480 4258 1604 4311 μου,
1628 4241 1815 4314 ὥσπερ

1926 4236 2039 4289 bata
2069 4245 2413 4289 sunttemere
2437 4235 2854 4302 reprehendere.
2880 4234 3177 4288 Audiemus
3202 4236 3344 4289 enim
3373 4251 3495 4290 eum

238 4333 295 4383 at
337 4332 523 4401 βουλαλ¹
561 4332 715 4402 ὑμῶν
745 4332 841 4401 (4),
873 4333 993 4385 οὐδὲ
1039 4333 1229 4402 ὥσπερ
1274 4336 1328 4387 αἱ
1388 4335 1497 4387 ὁδοὶ
1547 4336 1722 4404 ὑμῶν,
1759 4338 1814 4388 αἱ

1926 4324 2202 4378 nanileste
2236 4324 2503 4379 dicentem
2536 4339 2551 4376 :
2596 4341 2614 4374 ι
2660 4322 2775 4377 Νοιι
2808 4332 2933 4376 sunt
2972 4324 3200 4377 consilia
3244 4340 3360 4378 mea
3397 4326 3499 4379 sic-

238 4421 346 4473 ὁδοί
379 4438 500 4490 μου,
535 4420 649 4474 ἀλλ’
678 4419 868 4490 ὥσπερ
893 4421 1089 4491 ἀπέχει
1116 4423 1144 4474 ὁ
1181 4421 1409 4490 οὐρανὸς
1436 4424 1545 4475 άπὸ
1565 4424 1663 4493 τῆς
1688 4427 1808 4494 γῆς,

1926 4428 1978 4470 ut
2019 4417 2246 4472 consilia
2280 4427 2481 4479 vestra,
2533 4432 2709 4485 neque
2736 4417 2878 4470 sicut
2904 4418 3003 4470 vim
3059 4433 3212 4485 meae,
3254 4420 3355 4472 viae
3413 4432 3502 4471 ve-

238 4506 411 4571 οὖτως
438 4509 683 4579 ἀπέχειή
715 4507 833 4571 ὁδός
871 4524 969 4577 μου
1003 4508 1112 4561 ἀπὸ
1134 4508 1240 4561 τῶν
1260 4508 1395 4561 ὁδῶν
1415 4509 1589 4578 ὑμῶν,
1623 4511 1715 4563 καὶ
1750 4511 1817 4563 τά

1926 4522 2044 4564 Eme
2083 4524 2094 4556 ε
2130 4510 2224 4564 sed
2254 4510 2395 4563 sicut
2434 4509 2602 4561 distat
2657 4508 2853 4562 malum
2905 4523 2935 4561 a
2966 4519 3131 4571 terra.
3173 4520 3378 4563 tantum
3416 4511 3497 4563 di-

237 4600 573 4672 διανοήματα
602 4602 753 4672 ὑμῶν
780 4602 887 4654 ἀπὸ
917 4600 1016 4669 τῆς
1043 4600 1279 4664 διανοίας
1306 4619 1429 4670 μου.
1446 4620 1463 4652 ι
1486 4597 1617 4654 Εἶτα
1646 4602 1705 4655 τὸ
1731 4604 1817 4656 δο-

237 4692 369 4745 κοῦν
400 4694 590 4756 αὐτοῖς
643 4693 913 4763 ηὑρῆσθαι
948 4692 1147 4761 σοφῶς,
1194 4691 1359 4744 ’ἐωλον
1392 4693 1675 4754 παντελῶς
1721 4695 1819 4747 καὶ

233 4784 444 4853 ἀμαθὲς
460 4784 529 4837 ὃν
554 4785 842 4839 ἁλώσεται.
875 4785 938 4838 Ei
964 4783 1073 4854 γὰρ
1096 4784 1158 4854 δή
1193 4801 1273 4845 τις
1301 4782 1491 4845 ἕλοιτο,
1516 4784 1695 4854 ψυχῆς
1724 4785 1811 4837 λοσ-

234 4876 400 4945 γικῆς
438 4876 531 4929 τὸν
562 4876 705 4929 θεῖον
736 4879 941 4930 ἐκεῖνον
980 4875 1382 4946 ἁπογυμνῶσαι
1422 4876 1572 4939 ναὸν,
1617 4879 1717 4930 οὐκ
1749 4877 1808 4941 ἐξ

234 4967 440 5022 ἀτελῶν
468 4969 503 5037 ἠ
531 4966 747 5030 σύνοδος
778 4968 926 5021 ἔσται
953 4967 1063 5025 δύο.
1092 4967 1286 5021 πολλοῦ
1324 4985 1387 5034 γε
1413 4967 1505 5020 καὶ
1528 4968 1627 5022 δεῖ.
1651 4970 1804 5022 Ἔστι

237 5062 334 5128 μὲν
359 5059 466 5131 γὰρ
518 5059 984 5128 ὁμολογουμένως,
1025 5058 1101 5122 ὡς
1151 5058 1289 5128 πρὸς
1330 5057 1451 5113 ὅλον
1493 5058 1801 5126 ἄνθρωπον,

231 5154 322 5206 τὸν
360 5155 424 5206 δκ
455 5152 633 5223 ψυχῆς
662 5150 724 5221 δὴ
757 5150 897 5218 λέγω
926 5151 1021 5203 καὶ
1068 5150 1336 5220 σώματος,
1372 5150 1507 5229 μόνη
1551 5152 1644 5202 καὶ
1684 5149 1805 5202 καθ’

304 5310 348 5341 ’⁸
379 5311 482 5365 isa.
507 5324 597 5377 ιν,
626 5307 680 5373 8,
724 5309 775 5362 9.

1914 4608 2064 4653 ηειειιι
2095 4599 2193 4652 viae
2229 4614 2359 4652 mea:
2380 4615 2407 4650 a
2439 4599 2539 4651 viis
2575 4599 2786 4661 vestris,
2824 4608 2875 4651 et
2907 4600 3269 4669 cogitationes
3300 4610 3496 4653 vestra!

1918 4706 1948 4744 a
1974 4692 2397 4761 cogitationibus
2418 4692 2558 4745 meis
2589 4692 2696 4747 ³³.)
2727 4691 2995 4747 Praeterea
3025 4691 3077 4746 id
3104 4693 3244 4759 quod
3277 4693 3490 4759 sapien-

1912 4795 1999 4839 ter
2024 4783 2311 4837 admodum
2350 4783 2421 4837 ab
2465 4783 2570 4835 illis
2605 4783 2880 4836 inventum
2909 4797 3028 4838 esse
3057 4784 3492 4845 videtur,vanum

1910 4889 2135 4941 prorsus
2193 4884 2357 4941 atque
2420 4873 2717 4925 absurdum
2767 4889 2890 4928 esse
2916 4873 3366 4941 deprehendetur.
3433 4871 3490 4924 Si

1913 4968 2034 5036 quis
2053 4967 2197 5020 enim
2225 4964 2615 5019 velitdivinum
2651 4965 2775 5017 illud
2810 4965 3065 5034 templum
3101 4964 3491 5018 rationaliani—

1914 5073 1999 5111 ma
2036 5057 2272 5127 privare,
2299 5072 2404 5109 non
2433 5070 2498 5109 ex
2530 5054 2859 5124 imperfectis
2887 5070 3210 5124 congressus
3260 5057 3488 5109 duorum

1912 5149 2016 5204 erit
2044 5168 2056 5201 :
2086 5148 2310 5202 multum
2330 5148 2472 5201 enim
2502 5147 2673 5203 abest.
2701 5147 2791 5201 Est
2816 5148 2957 5202 enim
2987 5146 3247 5217 profecto,
3273 5160 3489 5214 compa-

1458 5461 1615 5518 BON.
1658 5459 1977 5516 VULCANII
2014 5460 2243 5516 NOTJE.

302 5629 376 5698 (ἢ
412 5630 547 5682 Vide
576 5643 694 5699 quae
726 5629 789 5681 ad
828 5626 1194 5699 hunc‘locum
1239 5625 1613 5699 adnotayimus
1647 5626 1787 5699 libro

235 5695 483 5755 aduersus
528 5695 1085 5766 Anthropomorphilns
1116 5695 1319 5765 (Cyrilli
1355 5707 1393 5751 t.
1422 5695 1508 5761 |.\',
1540 5706 1651 5751 ttot.
1686 5696 1798 5765 Η),

1897 5624 2104 5750 tibdee
2134 5642 2288 5711 ⁸τηερε
2324 5628 2637 5701 οἰκονομίας
2671 5631 2900 5700 ρεὶιιιιιιι,
2940 5629 3165 5701 ejusque
3215 5631 3362 5685 varia
3400 5631 3477 5686 δὶα

1907 5713 1993 5750 nni
2022 5714 2271 5750 tcatiune.

1907 5713 2271 5764 gnincattune.
