3846 6210
362 326 517 388 »1⁸211

1371 321 1431 379 S.
1473 321 1745 379 CYRILLI
1785 321 2255 379 ALEXANDRINI
2294 323 2611 381 ARCHIEP.

3493 327 3629 384 ηις

388 452 598 505 ratione
632 444 1069 509 Iotinshominis,
1116 446 1319 510 anima,
1356 445 1599 514 inquam,
1633 456 1688 500 et
1734 460 1959 513 corpore

2079 448 2258 519 ιαυτὴν
2288 448 2364 511 ὡς
2391 447 2557 518 μέρος
2584 448 2615 517 ἡ
2655 445 2813 517 σάρξ.
2851 445 2989 499 Ἀλλ’
3015 445 3042 499 ὃ
3062 462 3127 514 γε
3156 445 3287 508 Θεὸς
3314 445 3507 509 Λόγος,
3539 447 3632 515 οὐχ

388 540 708 600 constantis.
737 537 848 591 sola
869 550 932 590 ac
959 550 1053 605 per
1083 549 1141 588 se
1168 543 1227 588 ut
1267 550 1414 603 pars,
1460 552 1609 591 caro.
1650 536 1755 591 Sed
1801 536 1968 608 390

391 634 555 687 Deum
586 630 840 693 Verbum,
866 642 970 681 non
1004 642 1128 696 pars
1159 626 1384 694 alicujus
1426 644 1547 683 esse
1602 629 1954 699 intelligitur:

390 727 481 780 sed
512 738 679 792 neque
712 720 1073 789 imperfectus.
1103 719 1535 774 Perfectissimus
1582 722 1724 775 enini
1758 732 1842 777 est
1902 724 1956 775 in

389 832 481 869 sua
514 824 722 867 natura.
757 812 988 868 Ubinam
1020 810 1182 879 igitur
1203 826 1268 864 ex
1300 810 1632 879 imperfectis
1672 814 1736 866 ad
1804 829 1967 866 unum

389 906 641 970 quiddam
670 902 966 970 perfectum
997 902 1097 952 erit
1120 915 1419 954 cont-ursus
1440 900 1463 952 ?
1487 902 1530 953 si
1560 903 1716 954 modo
1760 912 1843 955 est
1901 918 1967 956 ex

390 995 629 1066 perii-ctu
665 994 858 1055 Verho,
901 1003 953 1045 et
1004 1006 1169 1045 carne
1195 991 1527 1059 imperfecta,
1548 1004 1807 1061 quantum
1839 996 1967 1047 atti-

392 1098 480 1142 net
505 1087 569 1140 ad
598 1085 860 1137 rationem
909 1083 1140 1135 hominis
1198 1083 1420 1149 perfecti
1484 1085 1780 1137 secundum
1844 1101 1970 1155 pro-

388 1178 560 1244 priam
619 1191 767 1227 suam
829 1185 1099 1226 naturam.
1168 1171 1330 1226 Filios
1398 1185 1576 1228 autem
1628 1189 1967 1243 nequaquam

387 1268 523 1321 duos
551 1264 923 1327 adorabimus,
957 1274 1011 1316 ut
1044 1277 1217 1331 neque
1244 1263 1379 1319 duos
1423 1266 1657 1319 christos
1689 1265 1967 1319 dicemus:

391 1359 601 1413 tametsi
635 1372 699 1412 ex
724 1357 940 1411 homine
977 1354 1234 1425 perfecto,
1272 1364 1327 1410 et
1360 1372 1425 1410 ex
1454 1355 1561 1412 Deo
1599 1356 1773 1413 Verbo
1837 1372 1970 1412 con-

388 1468 607 1506 cursum
638 1452 702 1503 ad
736 1450 994 1502 unitatem
1046 1447 1249 1501 factum
1307 1450 1617 1512 credamus,
1644 1450 1969 1506 Emmanue-

390 1544 512 1599 lem.
551 1542 1010 1608 Quemadmodum
1046 1542 1212 1605 enim,
1246 1552 1304 1593 ut
1334 1542 1436 1594 illis
1493 1542 1711 1611 quidem
1736 1544 1967 1611 videtur,

391 1635 602 1688 nuuetsi
620 1649 685 1688 ex
722 1632 834 1687 sola
863 1647 1027 1687 carne
1047 1634 1281 1695 dicatur,
1309 1642 1363 1686 et
1398 1633 1573 1687 Verbo
1594 1634 1738 1703 quod
1764 1650 1829 1690 ex
1861 1636 1968 1690 Deo

389 1728 547 1781 Patre
575 1725 841 1795 apparuit,
865 1724 1005 1778 nulla
1039 1724 1178 1778 ratio
1230 1725 1331 1779 hoc
1361 1725 1444 1780 eis
1482 1727 1848 1793 persuadebit,
1909 1736 1971 1783 ut

388 1817 611 1872 seorsim
642 1829 856 1868 carnem
891 1815 1239 1879 collocautes,
1278 1823 1331 1869 et
1351 1820 1580 1871 seorsim
1620 1817 1967 1887 Unigenitum
2000 1796 2042 1851 Β

388 1912 523 1963 duos
565 1908 801 1963 christos
833 1906 1200 1961 confiteantur
1229 1924 1241 1959 :
1278 1910 1370 1962 sed
1402 1909 1456 1961 in
1487 1923 1652 1963 unum
1683 1910 1966 1965 Dominum

388 2000 569 2055 Jesum
597 2000 880 2054 Christum
913 1998 1320 2053 Emmanueleni
1347 1999 1607 2068 recipient
1630 2003 1799 2070 (recte
1822 2002 1967 2056 enim

390 2082 680 2146 admodum
720 2092 773 2145 in
810 2090 911 2145 hoc
941 2090 1146 2145 sentire
1180 2090 1473 2161 videntur),
1518 2091 1589 2145 ita
1637 2093 1800 2147 etiam
1828 2104 1968 2148 tam-

389 2183 488 2235 etsi
517 2181 720 2235 homini
752 2181 1016 2249 perfecto,
1036 2177 1126 2246 qui
1161 2177 1419 2231 nimirum
1436 2193 1663 2246 corpore
1688 2189 1743 2233 et
1766 2179 1967 2243 animo,

391 2272 551 2327 veluti
582 2270 870 2326 conﬂatum
896 2279 1059 2339 atque
1084 2270 1292 2322 unitum
1334 2283 1455 2323 esse
1493 2267 1728 2323 Verbum
1761 2286 1826 2324 ex
1859 2269 1970 2326 Deo

390 2363 639 2419 ineﬁahili
672 2362 1067 2432 quodammodo
1102 2360 1619 2431 atqueintellectum
1674 2377 1971 2431 superante

387 2460 800 2510 dicamnsznon
841 2454 1155 2508 dualitatem
1214 2453 1448 2507 ﬁliorum
1510 2455 1819 2518 statuimus,
1878 2459 1969 2509 sed

389 2558 737 2617 ntuunatque
775 2547 1023 2601 eumdem
1089 2554 1281 2599 natura
1342 2546 1558 2615 quidem
1619 2552 1969 2601 exsisteutem

390 2642 576 2702 Deum,
604 2640 801 2709 quique
834 2654 902 2694 ex
934 2639 1045 2707 ipsa
1087 2638 1177 2691 Dei
1229 2652 1293 2691 ac
1314 2635 1495 2691 Patris
1525 2636 1759 2693 essentia
1814 2654 1974 2708 appa-

388 2731 740 2799 ruit,qnique
775 2729 977 2783 ultimis
1034 2728 1214 2782 saeculi
1266 2729 1601 2797 temporibus
1656 2729 1831 2785 factus
1889 2741 1972 2786 est

390 2828 572 2891 homo,
596 2836 649 2879 et
687 2837 751 2877 ex
773 2830 958 2875 sancta
992 2820 1213 2890 Virgine
1238 2828 1417 2883 natus,
1436 2831 1600 2890 atque
1622 2837 1650 2874 a
1694 2823 1852 2877 nobis
1881 2838 1973 2892 pa-

391 2922 522 2971 riter
548 2928 599 2971 ct
629 2914 831 2970 sanctis
869 2912 1075 2983 angelis
1103 2913 1361 2967 adoratus
1384 2923 1487 2979 est,
1514 2913 1669 2983 juxta
1726 2912 1975 2983 Scriptu-

392 3027 497 3063 ras.

463 3100 521 3152 Β.
553 3098 688 3163 Quid
717 3098 899 3167 igitur,
930 3095 974 3149 si
1040 3095 1243 3157 dicant,
1282 3092 1537 3149 Nostrum
1596 3103 1795 3151 statum
1857 3111 1970 3150 δοιο

391 3191 667 3260 Uuigeniti
699 3190 931 3242 adventu
970 3188 1265 3259 indiguisse
1298 3204 1311 3241 :
1339 3205 1464 3245 cum
1504 3199 1685 3245 autem
1712 3190 1871 3245 vellet
1938 3208 1969 3247 a

393 3284 713 3338 mortalibus
739 3281 914 3347 cerni,
948 3291 1001 3337 et
1046 3296 1167 3336 cum
1223 3282 1531 3337 hominibus
1561 3284 1789 3347 versari,
1814 3299 1973 3337 evau-

392 3376 683 3445 gelicwque
733 3374 855 3428 vita:
904 3374 1047 3429 viam
1091 3375 1249 3430 nobis
1305 3376 1616 3439 ostendere,
1668 3375 1970 3431 admirabili

391 3466 623 3535 quatiam
649 3466 1059 3536 dispensatione
1078 3482 1297 3522 carnem
1318 3468 1473 3524 nobis
1488 3468 1722 3523 similem
1768 3468 1972 3523 induis-

391 3557 487 3612 se?
508 3558 691 3613 Deitas
716 3557 860 3613 enim
895 3558 951 3614 in
981 3573 1077 3614 sua
1110 3567 1299 3613 natura
1333 3560 1483 3613 cerni
1527 3574 1633 3614 non
1662 3569 1863 3629 potest.

462 3740 527 3793 A.
552 3740 712 3794 Certe
738 3738 1129 3794 incarnationis
1160 3755 1379 3811 scopum
1441 3740 1722 3811 ignorasse
1784 3743 1973 3812 depre-

391 3833 713 3899 hendentur,
740 3839 787 3885 et
816 3847 1064 3901 magnum
1123 3832 1398 3900 religionis
1445 3832 1763 3901 mysterium
1824 3833 1971 3887 nulla

390 3925 605 3978 ratione
634 3922 996 3977 intellexisse.
1016 3923 1073 3976 Si
1103 3924 1246 3977 enim
1278 3923 1585 3978 iucarnatio
1628 3923 1744 3979 sive
1780 3924 1973 3978 buma-

393 4014 541 4066 uatio
581 4026 699 4065 eam
737 4014 902 4066 solam
933 4012 1002 4065 ob
1045 4026 1262 4065 causam
1295 4012 1436 4065 facta
1462 4020 1547 4066 est
1581 4020 1690 4066 uta
1724 4013 1972 4069 mortali-

391 4104 492 4158 bus
513 4112 851 4167 cerneretur,
872 4102 1111 4171 nihilque
1135 4101 1279 4155 aliud
1309 4103 1560 4156 humana:
1612 4112 1816 4158 natura:
1852 4106 1972 4159 inde

393 4196 645 4260 accessit,
672 4209 779 4265 quo
810 4204 966 4265 pacto
997 4210 1104 4249 non
1138 4194 1306 4248 satius
1337 4193 1498 4249 fuerit
1536 4203 1596 4249 ut
1650 4196 1969 4251 Docetarum

392 4288 702 4357 opinionem
747 4287 910 4341 etiam
968 4302 1068 4340 nos
1128 4286 1567 4357 amplectamur?
1622 4287 1713 4357 qui
1753 4288 1970 4357 quidem

394 4393 556 4433 carne
590 4377 749 4431 simul
785 4388 839 4431 et
858 4386 1074 4432 terreno
1107 4392 1339 4446 corpore
1366 4376 1606 4433 Verbum
1640 4379 1933 4434 vestientes
1954 4420 1969 4443 ,

392 4468 816 4537 visum-quidem
845 4482 964 4522 esse
994 4467 1307 4522 fabulantur
1350 4476 1411 4522 ut
1458 4468 1754 4533 hominem,
1787 4469 1970 4525 miseri

393 4562 648 4632 quodque
682 4560 1009 4629 optimarum
1087 4575 1267 4614 rerum
1320 4570 1511 4616 auctor
1557 4559 1740 4625 fuerit,
1797 4571 1981 4631 aperte

393 4655 656 4709 fatentur.
684 4651 874 4707 Nonne
899 4668 1047 4717 vero,
1080 4653 1124 4707 si
1151 4652 1385 4708 Verbum
1417 4668 1482 4708 ex
1519 4653 1680 4724 69],
1711 4654 1818 4710 Deo
1850 4656 1981 4709 nihil

396 4744 640 4798 utilitatis
666 4743 915 4797 humana:
939 4754 1145 4797 natura:
1169 4744 1371 4811 attulit,
1436 4747 1651 4799 tametsi
1696 4762 1825 4801 caro
1864 4747 1976 4802 fac-

397 4850 509 4890 tum
534 4836 627 4897 sit.
650 4836 819 4892 satius
844 4850 963 4890 esse
983 4836 1225 4901 duxeris,
1249 4836 1381 4891 illud
1413 4838 1481 4891 ab
1506 4836 1843 4892 immunditia
1860 4853 1981 4893 car-

396 4928 500 4981 nali
535 4929 828 4989 vindicare.
857 4928 1021 4983 semel
1069 4937 1248 4983 autem
1286 4943 1512 4997 corpore
1569 4937 1784 4985 terreno
1823 4945 1977 4985 usum

394 5020 723 5085 existimare,
760 5030 922 5091 atque
949 5019 1021 5074 ita
1045 5021 1384 5091 pronositum
1414 5021 1518 5077 sibi
1548 5037 1770 5092 scopum
1799 5022 1979 5080 absol-

395 5113 576 5169 visse?

457 5287 516 5341 Β.
556 5288 815 5356 Quanam
842 5289 1003 5359 igitur
1028 5288 1192 5346 fuerit
1226 5289 1348 5358 eius
1375 5290 1429 5347 in
1465 5306 1689 5349 carnem
1714 5292 1980 5352 adventus

400 5377 560 5439 ratio,
587 5388 679 5430 aut
703 5379 951 5453 quisnam
998 5379 1189 5436 modus
1250 5380 1669 5450 incarnationis,
1703 5394 1798 5442 aut
1824 5386 1979 5457 cujus

401 5483 559 5522 causa
589 5468 726 5522 facta
775 5470 958 5535 fuerit,
978 5471 1137 5526 velim
1161 5473 1409 5542 equidem
1436 5474 1759 5546 intelligere.

464 5562 531 5614 Λ.
557 5560 665 5628 Age
692 5576 840 5630 ergo,
870 5562 995 5617 audi
1032 5577 1217 5619 sacras
1264 5564 1520 5634 Litteras,
1556 5574 1611 5621 et
1666 5576 1977 5626 sanctorum

406 5649 767 5717 apostolorum
804 5653 964 5708 dictis
1020 5656 1215 5711 mentis
1239 5656 1409 5711 aciem
1439 5656 1641 5714 acriter
1667 5660 1974 5729 intendens,

404 5739 757 5807 \‘idcithuud
796 5743 1071 5811 quncrilur.
1126 5745 1352 5817 Sapiens
1405 5746 1588 5819 itaque
1643 5750 1842 5809 Paulus
1901 5754 1972 5810 ita

2067 537 2143 601 ὼς
2183 537 2348 608 μέρος
2390 538 2455 591 ἂν
2488 537 2658 591 νοοῖτό
2699 554 2860 600 τινος.
2893 536 3006 589 ἀλλ’
3051 536 3171 590 οὑδέ
3194 535 3407 606 ἀτελὴς,
3437 529 3485 588 ὦ
3512 552 3633 603 γεν-

2071 632 2232 684 ναῖοι.
2268 629 2584 692 Παντέλειος
2625 630 2734 699 γὰρ
2768 631 2826 680 ἐν
2861 629 2967 697 ἰδίᾳ.
3007 628 3186 697 φύσει.
3218 627 3327 680 Ποῦ
3367 627 3548 679 τοίνυν
3581 626 3635 689 ἐξ

2070 719 2300 782 ἀτελῶν,
2335 720 2527 790 ἡπρὸς
2548 720 2606 773 ’ἐν
2644 737 2696 771 τι
2734 719 2933 772 τέλειον
2968 719 3119 771 ἐσται
3154 716 3445 788 συνδρομὴ,
3483 717 3636 785 εἴπερ

2070 810 2216 862 ἐστὶν
2255 811 2318 862 ἐκ
2348 810 2569 862 τελείου
2602 811 2798 878 Λόγου,
2848 811 2942 862 καὶ
2995 810 3192 883 σαρκὸς
3223 808 3468 871 ἀτελοῦς,
3518 808 3637 860 ὅσον

2071 894 2205 969 ἧκεν
2230 902 2309 963 είς
2339 899 2494 968 λόγον
2530 901 2619 953 τὸν
2654 902 2740 953 ἐπ’
2776 899 3046 971 ἀνθρώπῳ
3071 899 3282 968 τελείῳ,
3311 898 3403 951 καὶ
3437 898 3637 969 ἀρτίως

2072 990 2247 1059 ἔχοντι
2282 992 2421 1044 κατὰ
2455 992 2553 1061 τὴν
2596 991 2732 1044 ίδίαν
2762 991 2941 1061 φύσιν.
2971 991 3132 1053 Υίοὺς
3160 989 3217 1043 δὲ
3253 988 3370 1043 οὔτι
3410 1005 3514 1042 που
3547 988 3639 1040 δύο

2072 1083 2554 1153 προσκυνήσομεν,
2606 1082 2721 1137 ἀλλ’
2755 1082 2873 1135 οὐδὲ
2917 1082 3169 1153 χριστοὺς
3226 1080 3457 1153 ἐροῦμεν
3512 1079 3637 1143 δύο,

2071 1174 2174 1227 κᾶν
2209 1174 2265 1239 ἐξ
2296 1173 2581 1245 ἀνθρώπου
2606 1174 2809 1228 τελείου
2846 1175 2937 1227 καὶ
2971 1177 3034 1227 ἐκ
3062 1172 3199 1226 Θεοῦ
3234 1172 3406 1240 Λόγου
3432 1171 3532 1241 τὴν
3564 1171 3644 1233 είς

2072 1263 2297 1333 ἑνότητα
2327 1263 2628 1335 συνδρομὴν
2667 1263 2977 1335 πεπρᾶχθαι
3012 1261 3352 1332 πιστεύωμεν
3377 1261 3473 1315 τοῦ
3510 1262 3645 1329 Ἑμ-

2076 1355 2337 1427 μανουήλ.
2368 1357 2575 1427 Ὠσπερ
2614 1356 2742 1426 γὰρ.
2786 1355 2927 1409 κατά
2954 1372 3015 1423 γε
3047 1354 3106 1407 τὸ
3133 1355 3362 1417 ἐκείνοις
3396 1349 3457 1407 εὖ
3498 1353 3647 1424 ἔχειν

2072 1448 2284 1513 δοκοῦν,
2311 1449 2405 1503 κα)⁵
2436 1450 2483 1501 εί
2514 1450 2577 1502 ἐκ
2614 1448 2781 1519 μόνης
2806 1448 3017 1517 λέγοιτο
3044 1447 3143 1516 τῆς
3175 1447 3395 1518 σαρκὸς,
3418 1448 3516 1499 καὶ⁸
3548 1444 3645 1499 τοῦ

2072 1537 2136 1590 ἐκ
2173 1535 2308 1590 Θεοῦ
2366 1538 2578 1609 Πατρός
2615 1538 2917 1608 πεφηνότος
2966 1538 3171 1606 Λόγου,
3230 1538 3404 1600 οὐδεὶς
3445 1539 3647 1601 αὐτοὺς

2072 1627 2356 1681 ἀναπείσει
2386 1628 2586 1698 τρόπος
2617 1628 2892 1700 ἀναμέρος
2918 1630 3020 1699 τὴν
3056 1630 3229 1700 σάρκα
3258 1629 3528 1693 τιθέντας,
3553 1631 3650 1683 καὶ

2072 1718 2349 1791 ἀναμέρος
2376 1715 2443 1773 αὖ
2473 1719 2564 1772 τὸν
2619 1721 2929 1791 Μονογενῆ,
2968 1721 3133 1775 δυάδα
3172 1722 3405 1795 χριστῶν
3455 1725 3651 1793 ὁμολο-

2070 1815 2207 1879 γεῖν,
2258 1812 2373 1865 ἀλλ’
2420 1814 2499 1876 εἰς
2540 1814 2635 1866 ἕνα
2674 1814 2877 1885 Κύριον
2905 1815 3116 1886 Ἰησοῦν
3147 1817 3378 1887 Χριστὸν
3406 1817 3652 1887 παραδέ-

2070 1903 2252 1969 ξονται
2303 1903 2395 1957 τὸν
2447 1905 2826 1977 Ἐμμανουήλ·
2859 1907 2995 1977 ὀρθὰ
3030 1907 3138 1978 γὰρ
3182 1908 3246 1979 δὴ
3296 1908 3417 1961 λίαν
3469 1908 3529 1961 ἐν
3583 1925 3651 1976 γε

2067 1992 2243 2063 τούτῳ
2286 1996 2502 2063 φρονεῖν
2555 1994 2894 2063 ἐγνώκασιν·
2938 1997 3080 2050 οὕτω
3125 1999 3225 2051 κάν
3258 1996 3533 2068 ἀνθρώπῳ
3563 2014 3654 2050 τεο

2069 2084 2217 2156 λείῳ,
2247 2085 2407 2156 δῆλον
2438 2086 2494 2138 δὲ
2522 2086 2605 2139 ὅτι
2642 2085 2720 2157 τῷ
2753 2089 2816 2139 ἐκ
2859 2087 3036 2157 ψυχῆς
3079 2088 3173 2139 καὶ
3200 2085 3452 2155 σώματος
3484 2087 3654 2140 οἱονεὶ

2072 2177 2455 2247 συνενηνέχθαι
2487 2194 2547 2230 τε
2591 2179 2685 2231 καὶ
2729 2178 2971 2249 ἡνῶσθαι
3022 2179 3271 2250 λέγωμεν
3319 2179 3654 2250 amemus;

2070 2285 2129 2320 τε
2164 2269 2258 2321 καὶ
2287 2268 2429 2339 ὑπὲρ
2453 2270 2577 2322 νοῦν
2607 2270 2699 2323 τὸν
2723 2272 2785 2322 ἐκ
2819 2270 2955 2323 Θεοῦ
2984 2271 3176 2339 Λόγον,
3196 2271 3292 2341 οὐχ
3321 2272 3452 2324 υίῶν
3482 2272 3656 2325 δυάδα

2069 2360 2443 2433 δοιανοήσομεν,
2477 2362 2594 2415 ἀλλ’
2624 2362 2721 2416 ἕνα
2752 2363 2845 2415 καὶ
2876 2363 2965 2416 τὸν
2996 2363 3175 2426 αὐτὸν,
3208 2363 3366 2431 φύσει
3399 2363 3502 2433 μὲν
3524 2364 3658 2416 ὄντα

2071 2454 2224 2517 Θεὸν,
2275 2455 2370 2507 καὶ
2408 2452 2467 2518 ἐξ
2503 2455 2673 2524 αὐτῆς
2718 2456 2995 2525 πεφηνότα
3031 2457 3130 2524 τῆς
3169 2457 3357 2519 οὐσίας
3382 2455 3482 2509 τοῦ
3514 2456 3656 2509 Θεοῦ

2074 2546 2165 2599 καί⁸
2192 2545 2304 2597 Πατ
2316 2544 2427 2615 ρὸς,
2458 2547 2515 2598 ἐν
2549 2547 2795 2616 ἐσχάτοις
2824 2547 2880 2600 δέ
2910 2547 3002 2600 τοῦ
3034 2548 3226 2611 αἰῶνος
3255 2551 3471 2616 καιροῖς
3501 2549 3661 2617 γενό-

2077 2654 2235 2707 μενον
2269 2636 2574 2707 ἄνθρωπον,
2605 2638 2700 2691 καὶ
2728 2638 2814 2691 διὰ
2837 2638 2936 2705 τῆς
2958 2638 3115 2706 ἁγίας
3149 2638 3425 2708 Παρθένου
3458 2654 3659 2705 γεγεν-

2073 2727 2327 2798 νημένον,
2380 2729 2475 2781 καὶ
2508 2729 2644 2799 πρός
2684 2744 2748 2796 γε
2790 2728 2946 2799 ἡμῶν
2984 2728 3161 2781 αὐτῶν
3204 2729 3297 2781 καὶ
3338 2729 3448 2781 τῶν
3482 2730 3660 2797 ἁγίων

2073 2820 2318 2888 ἀγγέλων
2348 2822 2821 2891 προσκυνούμενον
2858 2820 3001 2874 κατὰ
3026 2822 3122 2884 τὰς
3156 2820 3395 2891 Γραφάς.

2145 3092 2205 3144 B.
2245 3088 2311 3142 Τί
2348 3082 2461 3151 οῦν,
2502 3087 2551 3139 εἰ
2582 3085 2644 3157 δὴ
2692 3088 2868 3155 φαῖεν,
2898 3085 2981 3137 ὃτι
3017 3083 3200 3154 Μόνης
3247 3082 3344 3153 μὲν
3374 3083 3553 3139 ἐδεῖτο
3601 3086 3666 3141 τὸ

2073 3184 2197 3238 καθ’
2218 3184 2361 3251 ὑμᾶς
2398 3181 2495 3251 τῆς
2536 3178 2629 3233 τοῦ
2656 3177 2996 3247 Μονογενοῦς
3039 3176 3352 3247 ἐπιδημίας,
3385 3178 3665 3248 ἐθελήσας

2070 3275 2129 3328 δέ
2161 3273 2389 3343 ὀφθῆναι
2409 3274 2520 3334 τοῖς
2547 3271 2639 3325 ἐπὶ
2670 3270 2792 3339 γῆς,
2827 3268 2920 3323 καὶ
2948 3267 3252 3340 ἀνθρώποις
3280 3286 3665 3340 συναναστρα-

2073 3366 2264 3436 φῆναι,
2286 3363 2603 3437 παραδεῖξαί
2626 3380 2683 3416 τε
2703 3364 2835 3433 ἡμῖν
2852 3361 2951 3431 τῆς
2980 3360 3344 3431 εὐαγγελικῆς
3371 3361 3660 3424 πολιτείας

2070 3456 2169 3527 τὴν
2200 3454 2347 3520 ὁδὸν,
2392 3452 2751 3523 οἰκονομικῶς
2784 3451 3100 3521 ἠμπέσχετο
3147 3452 3245 3521 τὴν
3274 3452 3471 3523 ὁμοίαν
3518 3456 3659 3525 ἡμῖν

2076 3547 2284 3618 σάρκα;
2337 3546 2397 3599 τὸ
2446 3548 2553 3615 γάρ
2585 3561 2666 3597 τοι
2697 3544 2877 3605 Θεῖον,
2932 3543 3072 3597 κατά
3137 3544 3299 3614 φύσιν
3361 3544 3501 3597 ίδίαν
3560 3547 3665 3616 οὐχ

2070 3638 2284 3711 ὁρατόν.

2145 3734 2209 3785 Λ.
2256 3731 2614 3801 Ἦγνοηκότες
2666 3733 2965 3787 ἁλώσονται
3020 3732 3121 3802 τῆς
3182 3732 3666 3803 ἐνανθρωπήσεως

2072 3822 2163 3876 τὸν
2196 3822 2416 3885 σκοπὸν,
2452 3823 2543 3875 καὶ
2584 3823 2832 3887 συνέντες
2864 3823 3114 3894 οὐδαμῶς
3155 3824 3214 3876 τὸ
3255 3824 3405 3893 μέγα
3429 3824 3535 3893 τῆς
3568 3826 3662 3877 εὐ-

2075 3914 2287 3976 σεϐείας
2322 3915 2634 3983 μυστήριον.
2666 3915 2728 3969 Ei
2766 3916 2874 3985 γάρ
2903 3915 2965 3985 δὴ
3003 3915 3169 3985 μόνην
3199 3914 3313 3984 ἔχει
3341 3915 3441 3983 τὴν
3464 3916 3646 3986 ἀφορ-

2077 4006 2181 4078 μὴν
2213 4006 2271 4059 τὸ
2300 4005 2525 4076 ὀφθῆναι
2549 4009 2660 4069 τοῖς
2688 4009 2779 4060 ἐπὶ
2804 4007 3041 4078 γῆς,τοῦ
3075 4008 3415 4076 Μονογενοῦς
3447 4010 3481 4078 ή
3525 4011 3667 4080 σάρ-

2074 4116 2261 4162 κωσις,
2299 4099 2394 4152 εἴτ’
2440 4094 2534 4153 οὖν
2586 4098 3038 4171 ἐνανθρώπησις,
3083 4100 3397 4172 προσετίθει
3435 4118 3500 4169 γε
3554 4102 3667 4171 μὴν

2072 4191 2260 4263 ἓτερον
2285 4191 2439 4244 οὐδὲν
2468 4194 2532 4262 τῇ
2568 4192 2884 4264 ἀνθρωπεία
2911 4192 3089 4262 φύσει,
3123 4193 3240 4257 πῶς
3289 4188 3380 4246 οὖν
3432 4194 3669 4263 ἄμεινον

2074 4284 2172 4354 ἤδη
2204 4300 2318 4347 πως
2357 4282 2451 4336 καὶ¹
2489 4282 2670 4351 σοφὸν,
2715 4285 2780 4351 τῇ
2822 4283 2930 4335 τῶν
2970 4282 3213 4355 δοκητῶν
3272 4282 3668 4353 συμφέρεσθαι

2072 4374 2197 4445 δόξῃ
2242 4375 2335 4427 καὶ
2390 4375 2535 4443 ἡμᾶς
2588 4374 2819 4441 αὐτούςς
2877 4374 2926 4427 οἳ
2992 4375 3192 4447 σαρκός
3244 4392 3303 4427 τε
3351 4374 3489 4443 ὁμοῦ
3553 4374 3656 4427 καὶ

2006 4473 2047 4528 D
2075 4468 2261 4535 γηῖνου
2298 4465 2544 4536 σώματος
2593 4466 3066 4537 ἀπαμφιεννύντες
3102 4467 3191 4521 τὸν
3231 4468 3427 4533 Λόγον,
3474 4461 3673 4536 ὦφθαι

2085 4559 2183 4629 μὲν
2227 4558 2303 4621 ὼς
2356 4559 2643 4630 ἄνθρωπον
2694 4560 3164 4631 μυθοπλαστοῦσιν
3202 4563 3250 4613 oi
3283 4560 3538 4624 δείλαιοι,
3576 4562 3676 4628 γέ-

2080 4667 2222 4704 νοιτο
2259 4651 2315 4704 δὲ
2355 4652 2574 4705 ὅτιτῶν
2627 4653 2929 4706 καλλίστων
2977 4653 3269 4724 εἰσηγητὴς
3319 4652 3679 4724 διωμολογή-

2080 4761 2239 4797 κασιν
2280 4746 2557 4817 ἐναργῶςο
2592 4746 2624 4818 ἢ
2660 4747 2758 4799 οὑκ
2797 4746 3016 4816 ἄμεινον
3053 4747 3217 4816 ἐρεῖς,
3264 4747 3315 4798 εί
3347 4746 3522 4815 μηδὲν
3560 4747 3676 4799 ὀνί·

2079 4851 2201 4903 νησι
2227 4836 2328 4905 τὴν
2375 4836 2664 4908 ἀνθρώπου
2708 4836 2870 4906 φύσιν
2907 4840 2935 4891 ό
2978 4840 3041 4891 ἐκ
3070 4839 3204 4891 Θεοῦ
3237 4838 3434 4905 Λόγος,
3478 4840 3589 4891 καὶ
3626 4840 3676 4891 εί

2078 4924 2266 4992 γέγονε
2308 4923 2464 4995 σὰρξ,
2501 4926 2938 4980 ἀπαλλάττεσθαι
2989 4928 3087 4996 μὲν
3140 4925 3485 4997 ἀκαθαρσίας
3533 4944 3677 4997 σαρ-

2079 5016 2242 5087 κικῆς
2278 5018 2428 5085 δόξαι
2454 5019 2498 5072 δ’
2530 5014 2623 5074 οὖν
2674 5020 2821 5085 ἅπαξ
2851 5019 2928 5090 τῷ
2985 5019 3160 5089 γηΐνῳ
3208 5019 3677 5090 προσκεχρῆσθαι

2081 5107 2323 5179 σώματι,
2364 5110 2689 5181 διαπερᾶναι
2728 5128 2787 5165 τε
2832 5110 2977 5165 οὕτω
3009 5111 3102 5163 τὸν
3145 5109 3486 5180 προτεθέντα
3539 5127 3677 5165 σκο-

2080 5198 2219 5265 πόν;

2148 5293 2213 5347 Λ.
2253 5289 2351 5356 Τίς
2382 5286 2475 5346 οὖν
2519 5290 2588 5345 ἂν
2617 5290 2825 5361 γένοιτο
2856 5291 2959 5363 τῆς
3000 5291 3294 5363 ἐπιδημίας
3322 5292 3352 5344 ὀ
3392 5291 3610 5360 Λόγος,
3644 5294 3679 5363 ἢ

2076 5383 2161 5447 τίς
2187 5386 2215 5437 ό
2234 5384 2431 5454 τρόπος
2456 5387 2554 5455 τῆς
2586 5385 3069 5455 ἐνανθρωπήσεως,
3102 5385 3418 5454 πέπρακται
3452 5384 3517 5438 δὲ
3544 5386 3679 5438 ὅτου

2077 5478 2258 5549 χάριν,
2295 5476 2528 5545 ἐθέλοιμ’
2561 5475 2629 5529 ἂν
2662 5477 2947 5546 ἐκμαθεῖν.

2148 5567 2326 5621 Λ.Ἱθι
2360 5568 2422 5638 δὴ
2444 5563 2559 5632 οῦν,
2589 5564 2635 5623 ὦ
2665 5572 2900 5639 γενναῖε.
2932 5569 3103 5622 πύθου
3138 5568 3247 5620 τῶν
3279 5567 3443 5637 ἱερῶν
3476 5568 3681 5639 Γραμ-

2081 5662 2301 5731 μάτων,
2356 5661 2449 5714 καὶ
2501 5664 2623 5725 ταῖς
2690 5662 2798 5714 τῶν
2849 5661 3022 5729 ἁγίων
3074 5657 3391 5714 ἀποστόλων
3452 5662 3681 5727 φωναέ

2082 5751 2357 5821 ἐνερείσας
2390 5746 2444 5805 εὖ
2480 5752 2620 5821 μάλα
2650 5752 2746 5823 τῆς
2781 5753 3019 5816 διανοίας
3041 5752 3131 5805 τὸν
3163 5751 3469 5822 ὀφθαλμὸν,
3501 5753 3678 5825 ἄθρει
