  <div class='ocr_page' id='page_1' title='image "/cluster/home/n/w/nwhite01/storage/ocr_20150623/75/nnc1.0046980121/682.png"; bbox 0 0 3846 6210; ppageno 0'>
   <div class='ocr_carea' id='block_1_1' title="bbox 182 279 328 337">
    <p class='ocr_par' dir='ltr' id='par_1_1' title="bbox 182 279 328 337">
     <span class='ocr_line' id='line_1_1' title="bbox 182 279 328 337; baseline 0.021 -2"><span class='ocrx_word' id='word_1_1' title='bbox 182 279 328 337; x_wconf 72' lang='grc'><strong>121⁸5</strong></span> 
     </span>
    </p>
   </div>
   <div class='ocr_carea' id='block_1_2' title="bbox 1280 284 2321 342">
    <p class='ocr_par' dir='ltr' id='par_1_2' title="bbox 1280 284 2321 342">
     <span class='ocr_line' id='line_1_2' title="bbox 1280 284 2321 342; baseline 0.004 -5"><span class='ocrx_word' id='word_1_2' title='bbox 1280 284 1366 339; x_wconf 87' lang='lat' dir='ltr'><strong>DE</strong></span> <span class='ocrx_word' id='word_1_3' title='bbox 1405 284 1913 341; x_wconf 65' lang='lat' dir='ltr'><strong>INCARNATIONE</strong></span> <span class='ocrx_word' id='word_1_4' title='bbox 1956 284 2321 342; x_wconf 72' lang='lat' dir='ltr'><strong>UNlGENlTl.</strong></span> 
     </span>
    </p>
   </div>
   <div class='ocr_carea' id='block_1_3' title="bbox 3303 283 3438 337">
    <p class='ocr_par' dir='ltr' id='par_1_3' title="bbox 3303 283 3438 337">
     <span class='ocr_line' id='line_1_3' title="bbox 3303 283 3438 337; baseline 0 -1"><span class='ocrx_word' id='word_1_5' title='bbox 3303 283 3438 337; x_wconf 70' lang='grc' dir='ltr'>12ἰί</span> 
     </span>
    </p>
   </div>
   <div class='ocr_carea' id='block_1_4' title="bbox 176 392 1738 475">
    <p class='ocr_par' dir='ltr' id='par_1_4' title="bbox 176 392 1738 475">
     <span class='ocr_line' id='line_1_4' title="bbox 176 392 1738 475; baseline 0.003 -25"><span class='ocrx_word' id='word_1_6' title='bbox 176 396 245 469; x_wconf 75' lang='grc' dir='ltr'>δὴ</span> <span class='ocrx_word' id='word_1_7' title='bbox 292 392 385 452; x_wconf 82' lang='grc' dir='ltr'><strong>οῦν</strong></span> <span class='ocrx_word' id='word_1_8' title='bbox 430 398 609 462; x_wconf 82' lang='grc' dir='ltr'>καλῶς</span> <span class='ocrx_word' id='word_1_9' title='bbox 657 399 717 453; x_wconf 84' lang='grc' dir='ltr'><strong>τδ</strong></span> <span class='ocrx_word' id='word_1_10' title='bbox 750 400 1098 473; x_wconf 74' lang='grc' dir='ltr'>ζητούμενον.</span> <span class='ocrx_word' id='word_1_11' title='bbox 1144 405 1287 475; x_wconf 63' lang='grc' dir='ltr'><strong>Ἔφη</strong></span> <span class='ocrx_word' id='word_1_12' title='bbox 1323 406 1501 458; x_wconf 78' lang='grc' dir='ltr'>τοίνυν</span> <span class='ocrx_word' id='word_1_13' title='bbox 1535 408 1563 459; x_wconf 81' lang='grc' dir='ltr'><strong>ό</strong></span> <span class='ocrx_word' id='word_1_14' title='bbox 1597 405 1738 475; x_wconf 69' lang='grc' dir='ltr'>σοφὸς</span> 
     </span>
    </p>
   </div>
   <div class='ocr_carea' id='block_1_5' title="bbox 1844 392 3433 475">
    <p class='ocr_par' dir='ltr' id='par_1_5' title="bbox 1862 399 3433 475">
     <span class='ocr_line' id='line_1_5' title="bbox 1862 399 3433 475; baseline -0.001 -19"><span class='ocrx_word' id='word_1_15' title='bbox 1862 405 2018 459; x_wconf 87' lang='lat' dir='ltr'><strong>nobis</strong></span> <span class='ocrx_word' id='word_1_16' title='bbox 2054 406 2150 469; x_wconf 99' lang='lat' dir='ltr'><strong>ait,</strong></span> <span class='ocrx_word' id='word_1_17' title='bbox 2172 406 2344 475; x_wconf 84' lang='lat' dir='ltr'><strong>ipsum</strong></span> <span class='ocrx_word' id='word_1_18' title='bbox 2370 403 2421 458; x_wconf 93' lang='lat' dir='ltr'><strong>in</strong></span> <span class='ocrx_word' id='word_1_19' title='bbox 2455 418 2515 459; x_wconf 87' lang='lat' dir='ltr'><strong>se</strong></span> <span class='ocrx_word' id='word_1_20' title='bbox 2545 403 2855 472; x_wconf 90' lang='lat' dir='ltr'><strong>loquentem</strong></span> <span class='ocrx_word' id='word_1_21' title='bbox 2891 401 3098 457; x_wconf 79' lang='lat' dir='ltr'><strong>habens</strong></span> <span class='ocrx_word' id='word_1_22' title='bbox 3120 399 3433 457; x_wconf 77' lang='lat' dir='ltr'><strong>Christum:</strong></span> 
     </span>
    </p>
   </div>
   <div class='ocr_carea' id='block_1_6' title="bbox 176 488 1751 567">
    <p class='ocr_par' dir='ltr' id='par_1_6' title="bbox 176 488 1751 567">
     <span class='ocr_line' id='line_1_6' title="bbox 176 488 1751 567; baseline 0.008 -28"><span class='ocrx_word' id='word_1_23' title='bbox 176 489 315 556; x_wconf 79' lang='grc' dir='ltr'>ἡμῖν</span> <span class='ocrx_word' id='word_1_24' title='bbox 344 488 572 554; x_wconf 76' lang='grc' dir='ltr'>Παῦλος,</span> <span class='ocrx_word' id='word_1_25' title='bbox 602 490 763 543; x_wconf 83' lang='grc' dir='ltr'>αὐτὸν</span> <span class='ocrx_word' id='word_1_26' title='bbox 806 492 944 561; x_wconf 76' lang='grc' dir='ltr'>ἔχων</span> <span class='ocrx_word' id='word_1_27' title='bbox 993 496 1050 547; x_wconf 81' lang='grc' dir='ltr'>ὲν</span> <span class='ocrx_word' id='word_1_28' title='bbox 1088 496 1262 565; x_wconf 80' lang='grc' dir='ltr'>ἑαυτῷ</span> <span class='ocrx_word' id='word_1_29' title='bbox 1310 496 1577 550; x_wconf 75' lang='grc' dir='ltr'><strong>λαλοῦντα</strong></span> <span class='ocrx_word' id='word_1_30' title='bbox 1619 499 1751 567; x_wconf 86' lang='grc' dir='ltr'>Χρι-</span> 
     </span>
    </p>
   </div>
   <div class='ocr_carea' id='block_1_7' title="bbox 178 580 1751 659">
    <p class='ocr_par' dir='ltr' id='par_1_7' title="bbox 178 580 1751 659">
     <span class='ocr_line' id='line_1_7' title="bbox 178 580 1751 659; baseline 0.008 -29"><span class='ocrx_word' id='word_1_31' title='bbox 178 580 307 631; x_wconf 85' lang='grc' dir='ltr'>στόν</span> <span class='ocrx_word' id='word_1_32' title='bbox 327 594 340 608; x_wconf 89' lang='grc'>·</span> <span class='ocrx_word' id='word_1_33' title='bbox 370 598 389 630; x_wconf 85' lang='grc'><strong><em>‹</em></strong></span> <span class='ocrx_word' id='word_1_34' title='bbox 420 580 635 652; x_wconf 80' lang='grc' dir='ltr'><strong>Ἐπειδὴ</strong></span> <span class='ocrx_word' id='word_1_35' title='bbox 658 582 764 653; x_wconf 83' lang='grc' dir='ltr'>γὰρ</span> <span class='ocrx_word' id='word_1_36' title='bbox 795 583 861 635; x_wconf 81' lang='grc' dir='ltr'>τὰ</span> <span class='ocrx_word' id='word_1_37' title='bbox 888 585 1072 637; x_wconf 84' lang='grc' dir='ltr'>παιδία</span> <span class='ocrx_word' id='word_1_38' title='bbox 1101 586 1495 650; x_wconf 79' lang='grc' dir='ltr'><strong>κεκοινώνηκεν</strong></span> <span class='ocrx_word' id='word_1_39' title='bbox 1520 589 1751 659; x_wconf 78' lang='grc' dir='ltr'>αἵματος</span> 
     </span>
    </p>
   </div>
   <div class='ocr_carea' id='block_1_8' title="bbox 174 670 1750 748">
    <p class='ocr_par' dir='ltr' id='par_1_8' title="bbox 174 670 1750 748">
     <span class='ocr_line' id='line_1_8' title="bbox 174 670 1750 748; baseline 0.008 -30"><span class='ocrx_word' id='word_1_40' title='bbox 174 670 273 721; x_wconf 77' lang='grc' dir='ltr'>καὶ</span> <span class='ocrx_word' id='word_1_41' title='bbox 331 670 551 739; x_wconf 81' lang='grc' dir='ltr'>σαρκὸς,</span> <span class='ocrx_word' id='word_1_42' title='bbox 594 672 687 724; x_wconf 75' lang='grc' dir='ltr'><strong>καὶ</strong></span> <span class='ocrx_word' id='word_1_43' title='bbox 729 673 889 735; x_wconf 70' lang='grc' dir='ltr'>αὐτὸς</span> <span class='ocrx_word' id='word_1_44' title='bbox 942 677 1337 747; x_wconf 81' lang='grc' dir='ltr'><strong>παραπλησίως</strong></span> <span class='ocrx_word' id='word_1_45' title='bbox 1373 678 1602 748; x_wconf 79' lang='grc' dir='ltr'><strong>μετέσχε</strong></span> <span class='ocrx_word' id='word_1_46' title='bbox 1642 679 1750 731; x_wconf 84' lang='grc' dir='ltr'><strong>τῶν</strong></span> 
     </span>
    </p>
   </div>
   <div class='ocr_carea' id='block_1_9' title="bbox 174 758 1751 842">
    <p class='ocr_par' dir='ltr' id='par_1_9' title="bbox 174 758 1751 842">
     <span class='ocr_line' id='line_1_9' title="bbox 174 758 1751 842; baseline 0.009 -32"><span class='ocrx_word' id='word_1_47' title='bbox 174 758 379 821; x_wconf 81' lang='grc' dir='ltr'>αὐτῶν,</span> <span class='ocrx_word' id='word_1_48' title='bbox 415 760 500 812; x_wconf 79' lang='grc' dir='ltr'>ἵνα</span> <span class='ocrx_word' id='word_1_49' title='bbox 548 761 637 814; x_wconf 83' lang='grc' dir='ltr'>διὰ</span> <span class='ocrx_word' id='word_1_50' title='bbox 668 762 764 815; x_wconf 85' lang='grc' dir='ltr'><strong>τοῦ</strong></span> <span class='ocrx_word' id='word_1_51' title='bbox 811 763 1041 818; x_wconf 87' lang='grc' dir='ltr'>θανάτου</span> <span class='ocrx_word' id='word_1_52' title='bbox 1081 770 1402 841; x_wconf 81' lang='grc' dir='ltr'><strong>καταργήσῃ</strong></span> <span class='ocrx_word' id='word_1_53' title='bbox 1449 769 1508 822; x_wconf 84' lang='grc' dir='ltr'>τὸ</span> <span class='ocrx_word' id='word_1_54' title='bbox 1551 771 1751 842; x_wconf 85' lang='grc' dir='ltr'>κράτος</span> 
     </span>
    </p>
   </div>
   <div class='ocr_carea' id='block_1_10' title="bbox 175 846 1750 923">
    <p class='ocr_par' dir='ltr' id='par_1_10' title="bbox 175 846 1750 923">
     <span class='ocr_line' id='line_1_10' title="bbox 175 846 1750 923; baseline 0.01 -26"><span class='ocrx_word' id='word_1_55' title='bbox 175 846 370 915; x_wconf 76' lang='grc' dir='ltr'>ἔχοντα</span> <span class='ocrx_word' id='word_1_56' title='bbox 410 848 501 900; x_wconf 88' lang='grc' dir='ltr'><strong>τοῦ</strong></span> <span class='ocrx_word' id='word_1_57' title='bbox 550 849 809 917; x_wconf 87' lang='grc' dir='ltr'>θανάτου,</span> <span class='ocrx_word' id='word_1_58' title='bbox 858 854 1135 916; x_wconf 84' lang='grc' dir='ltr'><strong>τουτέστι,</strong></span> <span class='ocrx_word' id='word_1_59' title='bbox 1179 856 1269 908; x_wconf 75' lang='grc' dir='ltr'><strong>τὸν</strong></span> <span class='ocrx_word' id='word_1_60' title='bbox 1312 857 1589 923; x_wconf 87' lang='grc' dir='ltr'>διάϐολον,</span> <span class='ocrx_word' id='word_1_61' title='bbox 1655 861 1750 912; x_wconf 76' lang='grc' dir='ltr'><strong>καὶ</strong></span> 
     </span>
    </p>
   </div>
   <div class='ocr_carea' id='block_1_11' title="bbox 175 937 1749 1015">
    <p class='ocr_par' dir='ltr' id='par_1_11' title="bbox 175 937 1749 1015">
     <span class='ocr_line' id='line_1_11' title="bbox 175 937 1749 1015; baseline 0.008 -26"><span class='ocrx_word' id='word_1_62' title='bbox 175 937 459 1010; x_wconf 79' lang='grc' dir='ltr'><strong>ἀπαλλάξῃ</strong></span> <span class='ocrx_word' id='word_1_63' title='bbox 491 941 729 1006; x_wconf 78' lang='grc' dir='ltr'>τούτους,</span> <span class='ocrx_word' id='word_1_64' title='bbox 748 944 861 997; x_wconf 85' lang='grc' dir='ltr'>ὅσοι</span> <span class='ocrx_word' id='word_1_65' title='bbox 892 946 1041 1015; x_wconf 84' lang='grc' dir='ltr'>φόϐῳ</span> <span class='ocrx_word' id='word_1_66' title='bbox 1069 946 1161 999; x_wconf 89' lang='grc' dir='ltr'><strong>τοῦ</strong></span> <span class='ocrx_word' id='word_1_67' title='bbox 1184 945 1414 1000; x_wconf 85' lang='grc' dir='ltr'>θανάτου</span> <span class='ocrx_word' id='word_1_68' title='bbox 1440 948 1527 1001; x_wconf 79' lang='grc' dir='ltr'>διὰ</span> <span class='ocrx_word' id='word_1_69' title='bbox 1551 949 1749 1013; x_wconf 79' lang='grc' dir='ltr'>παντὸς</span> 
     </span>
    </p>
   </div>
   <div class='ocr_carea' id='block_1_12' title="bbox 173 1028 1749 1109">
    <p class='ocr_par' dir='ltr' id='par_1_12' title="bbox 173 1028 1749 1109">
     <span class='ocr_line' id='line_1_12' title="bbox 173 1028 1749 1109; baseline 0.01 -31"><span class='ocrx_word' id='word_1_70' title='bbox 173 1028 270 1079; x_wconf 89' lang='grc' dir='ltr'><strong>τοῦ</strong></span> <span class='ocrx_word' id='word_1_71' title='bbox 304 1029 423 1099; x_wconf 82' lang='grc' dir='ltr'>ζῇν,</span> <span class='ocrx_word' id='word_1_72' title='bbox 456 1032 627 1102; x_wconf 81' lang='grc' dir='ltr'>ἔνοχοι</span> <span class='ocrx_word' id='word_1_73' title='bbox 659 1030 799 1104; x_wconf 85' lang='grc' dir='ltr'>ἦσαν</span> <span class='ocrx_word' id='word_1_74' title='bbox 846 1036 1105 1099; x_wconf 80' lang='grc' dir='ltr'>δουλείας.</span> <span class='ocrx_word' id='word_1_75' title='bbox 1143 1057 1161 1088; x_wconf 75' lang='grc' dir='ltr'><strong>ι</strong></span> <span class='ocrx_word' id='word_1_76' title='bbox 1206 1040 1316 1091; x_wconf 60' lang='grc' dir='ltr'><strong>Καὶ</strong></span> <span class='ocrx_word' id='word_1_77' title='bbox 1360 1039 1465 1109; x_wconf 81' lang='grc' dir='ltr'>μὴν</span> <span class='ocrx_word' id='word_1_78' title='bbox 1513 1042 1607 1093; x_wconf 76' lang='grc' dir='ltr'><strong>καὶ</strong></span> <span class='ocrx_word' id='word_1_79' title='bbox 1635 1041 1749 1093; x_wconf 78' lang='grc' dir='ltr'>ἑτέ-</span> 
     </span>
    </p>
   </div>
   <div class='ocr_carea' id='block_1_13' title="bbox 176 1118 1748 1199">
    <p class='ocr_par' dir='ltr' id='par_1_13' title="bbox 176 1118 1748 1199">
     <span class='ocr_line' id='line_1_13' title="bbox 176 1118 1748 1199; baseline 0.008 -29"><span class='ocrx_word' id='word_1_80' title='bbox 176 1118 312 1188; x_wconf 88' lang='grc' dir='ltr'>ρωθι</span> <span class='ocrx_word' id='word_1_81' title='bbox 355 1122 555 1191; x_wconf 84' lang='grc' dir='ltr'>τρόπον</span> <span class='ocrx_word' id='word_1_82' title='bbox 603 1126 731 1194; x_wconf 77' lang='grc' dir='ltr'>ἡμῖν</span> <span class='ocrx_word' id='word_1_83' title='bbox 779 1125 967 1196; x_wconf 70' lang='grc' dir='ltr'>ἕτερον</span> <span class='ocrx_word' id='word_1_84' title='bbox 998 1127 1410 1197; x_wconf 77' lang='grc' dir='ltr'>ἀφηγούμενος,</span> <span class='ocrx_word' id='word_1_85' title='bbox 1457 1148 1476 1180; x_wconf 78' lang='grc' dir='ltr'><strong>ι</strong></span> <span class='ocrx_word' id='word_1_86' title='bbox 1514 1130 1587 1182; x_wconf 85' lang='grc' dir='ltr'>Τὸ</span> <span class='ocrx_word' id='word_1_87' title='bbox 1638 1130 1748 1199; x_wconf 81' lang='grc' dir='ltr'>γὰρ</span> 
     </span>
    </p>
   </div>
   <div class='ocr_carea' id='block_1_14' title="bbox 172 1210 1746 1293">
    <p class='ocr_par' dir='ltr' id='par_1_14' title="bbox 172 1210 1746 1293">
     <span class='ocr_line' id='line_1_14' title="bbox 172 1210 1746 1293; baseline 0.01 -33"><span class='ocrx_word' id='word_1_88' title='bbox 172 1210 434 1264; x_wconf 77' lang='grc' dir='ltr'>ἀδύνατον</span> <span class='ocrx_word' id='word_1_89' title='bbox 488 1215 575 1267; x_wconf 85' lang='grc' dir='ltr'><strong>τοῦ</strong></span> <span class='ocrx_word' id='word_1_90' title='bbox 617 1216 803 1286; x_wconf 86' lang='grc' dir='ltr'>νόμου,</span> <span class='ocrx_word' id='word_1_91' title='bbox 844 1220 1036 1289; x_wconf 80' lang='grc' dir='ltr'>φησὶν,</span> <span class='ocrx_word' id='word_1_92' title='bbox 1084 1221 1141 1271; x_wconf 81' lang='grc' dir='ltr'>ὲν</span> <span class='ocrx_word' id='word_1_93' title='bbox 1179 1214 1223 1287; x_wconf 83' lang='grc' dir='ltr'><strong>ᾧ</strong></span> <span class='ocrx_word' id='word_1_94' title='bbox 1265 1220 1479 1288; x_wconf 80' lang='grc' dir='ltr'>ἠσθένει</span> <span class='ocrx_word' id='word_1_95' title='bbox 1517 1221 1605 1274; x_wconf 79' lang='grc' dir='ltr'>διὰ</span> <span class='ocrx_word' id='word_1_96' title='bbox 1648 1223 1746 1293; x_wconf 84' lang='grc' dir='ltr'>τῆς</span> 
     </span>
    </p>
   </div>
   <div class='ocr_carea' id='block_1_15' title="bbox 174 1304 1745 1383">
    <p class='ocr_par' dir='ltr' id='par_1_15' title="bbox 174 1304 1745 1383">
     <span class='ocr_line' id='line_1_15' title="bbox 174 1304 1745 1383; baseline 0.009 -31"><span class='ocrx_word' id='word_1_97' title='bbox 174 1304 399 1372; x_wconf 83' lang='grc' dir='ltr'>σαρκὸς,</span> <span class='ocrx_word' id='word_1_98' title='bbox 424 1308 451 1357; x_wconf 98' lang='lat'><strong>6</strong></span> <span class='ocrx_word' id='word_1_99' title='bbox 474 1307 605 1370; x_wconf 75' lang='grc' dir='ltr'>Θεὸς</span> <span class='ocrx_word' id='word_1_100' title='bbox 625 1309 715 1359; x_wconf 85' lang='grc' dir='ltr'><strong>τὸν</strong></span> <span class='ocrx_word' id='word_1_101' title='bbox 745 1310 937 1362; x_wconf 80' lang='grc' dir='ltr'>ἑαυτοῦ</span> <span class='ocrx_word' id='word_1_102' title='bbox 968 1310 1093 1363; x_wconf 85' lang='grc' dir='ltr'>Υἱὸν</span> <span class='ocrx_word' id='word_1_103' title='bbox 1120 1312 1342 1381; x_wconf 78' lang='grc' dir='ltr'>πέμψας</span> <span class='ocrx_word' id='word_1_104' title='bbox 1361 1315 1417 1365; x_wconf 83' lang='grc' dir='ltr'>ὲν</span> <span class='ocrx_word' id='word_1_105' title='bbox 1442 1313 1745 1383; x_wconf 72' lang='grc' dir='ltr'>ὁμοιώματι</span> 
     </span>
    </p>
   </div>
   <div class='ocr_carea' id='block_1_16' title="bbox 173 1396 1745 1478">
    <p class='ocr_par' dir='ltr' id='par_1_16' title="bbox 173 1396 1745 1478">
     <span class='ocr_line' id='line_1_16' title="bbox 173 1396 1745 1478; baseline 0.01 -33"><span class='ocrx_word' id='word_1_106' title='bbox 173 1396 380 1465; x_wconf 82' lang='grc' dir='ltr'>σαρκὸς</span> <span class='ocrx_word' id='word_1_107' title='bbox 414 1399 707 1471; x_wconf 86' lang='grc' dir='ltr'>ἁμαρτίας,</span> <span class='ocrx_word' id='word_1_108' title='bbox 730 1403 823 1454; x_wconf 73' lang='grc' dir='ltr'>καὶ</span> <span class='ocrx_word' id='word_1_109' title='bbox 857 1403 983 1471; x_wconf 72' lang='grc' dir='ltr'>περὶ</span> <span class='ocrx_word' id='word_1_110' title='bbox 1012 1405 1306 1476; x_wconf 85' lang='grc' dir='ltr'>ἁμαρτίας,</span> <span class='ocrx_word' id='word_1_111' title='bbox 1331 1405 1618 1477; x_wconf 79' lang='grc' dir='ltr'>κατέκρινε</span> <span class='ocrx_word' id='word_1_112' title='bbox 1645 1407 1745 1478; x_wconf 87' lang='grc' dir='ltr'><strong>τὴν</strong></span> 
     </span>
    </p>
   </div>
   <div class='ocr_carea' id='block_1_17' title="bbox 172 1486 1743 1567">
    <p class='ocr_par' dir='ltr' id='par_1_17' title="bbox 172 1486 1743 1567">
     <span class='ocr_line' id='line_1_17' title="bbox 172 1486 1743 1567; baseline 0.009 -30"><span class='ocrx_word' id='word_1_113' title='bbox 172 1486 451 1557; x_wconf 82' lang='grc' dir='ltr'>ἁμαρτίαν</span> <span class='ocrx_word' id='word_1_114' title='bbox 480 1492 537 1541; x_wconf 84' lang='grc' dir='ltr'>ὲν</span> <span class='ocrx_word' id='word_1_115' title='bbox 574 1494 638 1560; x_wconf 79' lang='grc' dir='ltr'>τῇ</span> <span class='ocrx_word' id='word_1_116' title='bbox 678 1494 860 1562; x_wconf 69' lang='grc' dir='ltr'>σαρκὶ,</span> <span class='ocrx_word' id='word_1_117' title='bbox 891 1494 981 1547; x_wconf 81' lang='grc' dir='ltr'><strong>ἵνα</strong></span> <span class='ocrx_word' id='word_1_118' title='bbox 1022 1495 1084 1547; x_wconf 77' lang='grc' dir='ltr'><strong>τὸ</strong></span> <span class='ocrx_word' id='word_1_119' title='bbox 1127 1495 1403 1566; x_wconf 82' lang='grc' dir='ltr'>δικαίωμα</span> <span class='ocrx_word' id='word_1_120' title='bbox 1437 1496 1535 1550; x_wconf 89' lang='grc' dir='ltr'><strong>τοῦ</strong></span> <span class='ocrx_word' id='word_1_121' title='bbox 1577 1499 1743 1567; x_wconf 88' lang='grc' dir='ltr'>νόμου</span> 
     </span>
    </p>
   </div>
   <div class='ocr_carea' id='block_1_18' title="bbox 170 1578 1740 1660">
    <p class='ocr_par' dir='ltr' id='par_1_18' title="bbox 170 1578 1740 1660">
     <span class='ocr_line' id='line_1_18' title="bbox 170 1578 1740 1660; baseline 0.01 -31"><span class='ocrx_word' id='word_1_122' title='bbox 170 1578 434 1650; x_wconf 76' lang='grc' dir='ltr'>πληρωθῇ</span> <span class='ocrx_word' id='word_1_123' title='bbox 470 1582 528 1633; x_wconf 84' lang='grc' dir='ltr'>ὲν</span> <span class='ocrx_word' id='word_1_124' title='bbox 558 1583 688 1652; x_wconf 80' lang='grc' dir='ltr'>ἡμῖν</span> <span class='ocrx_word' id='word_1_125' title='bbox 716 1587 826 1648; x_wconf 82' lang='grc' dir='ltr'>τοῖς</span> <span class='ocrx_word' id='word_1_126' title='bbox 854 1585 929 1657; x_wconf 80' lang='grc' dir='ltr'><strong>μὴ</strong></span> <span class='ocrx_word' id='word_1_127' title='bbox 954 1587 1092 1640; x_wconf 87' lang='grc' dir='ltr'><strong>κατά</strong></span> <span class='ocrx_word' id='word_1_128' title='bbox 1123 1587 1300 1658; x_wconf 82' lang='grc' dir='ltr'>σάρκα</span> <span class='ocrx_word' id='word_1_129' title='bbox 1327 1590 1740 1660; x_wconf 80' lang='grc' dir='ltr'>περιπατοῦσιν,</span> 
     </span>
    </p>
   </div>
   <div class='ocr_carea' id='block_1_19' title="bbox 169 1669 1741 1753">
    <p class='ocr_par' dir='ltr' id='par_1_19' title="bbox 169 1669 1741 1753">
     <span class='ocr_line' id='line_1_19' title="bbox 169 1669 1741 1753; baseline 0.01 -33"><span class='ocrx_word' id='word_1_130' title='bbox 169 1669 309 1721; x_wconf 84' lang='grc' dir='ltr'><strong>ἀλλά</strong></span> <span class='ocrx_word' id='word_1_131' title='bbox 347 1672 486 1725; x_wconf 86' lang='grc' dir='ltr'><strong>κατά</strong></span> <span class='ocrx_word' id='word_1_132' title='bbox 529 1674 772 1745; x_wconf 87' lang='grc' dir='ltr'>Πνεῦμα.</span> <span class='ocrx_word' id='word_1_133' title='bbox 800 1694 818 1727; x_wconf 75' lang='grc' dir='ltr'><strong>ι</strong></span> <span class='ocrx_word' id='word_1_134' title='bbox 854 1672 979 1747; x_wconf 75' lang='grc' dir='ltr'><strong>Ἆρ’</strong></span> <span class='ocrx_word' id='word_1_135' title='bbox 1021 1673 1115 1731; x_wconf 72' lang='grc' dir='ltr'>οὖν</span> <span class='ocrx_word' id='word_1_136' title='bbox 1164 1679 1283 1750; x_wconf 74' lang='grc' dir='ltr'>οὐχὶ</span> <span class='ocrx_word' id='word_1_137' title='bbox 1322 1682 1741 1753; x_wconf 87' lang='grc' dir='ltr'>προδηλότατον,</span> 
     </span>
    </p>
   </div>
   <div class='ocr_carea' id='block_1_20' title="bbox 1860 495 3439 566">
    <p class='ocr_par' dir='ltr' id='par_1_20' title="bbox 1860 495 3439 566">
     <span class='ocr_line' id='line_1_20' title="bbox 1860 495 3439 566; baseline -0.001 -19"><span class='ocrx_word' id='word_1_138' title='bbox 1860 516 1878 547; x_wconf 74' lang='grc' dir='ltr'><strong>ι</strong></span> <span class='ocrx_word' id='word_1_139' title='bbox 1908 495 2041 563; x_wconf 86' lang='lat' dir='ltr'><strong>Quia</strong></span> <span class='ocrx_word' id='word_1_140' title='bbox 2070 512 2198 566; x_wconf 91' lang='lat' dir='ltr'><strong>ergo</strong></span> <span class='ocrx_word' id='word_1_141' title='bbox 2241 495 2388 565; x_wconf 89' lang='lat' dir='ltr'><strong>pueri</strong></span> <span class='ocrx_word' id='word_1_142' title='bbox 2435 496 2970 550; x_wconf 84' lang='lat' dir='ltr'><strong>communicaverunt</strong></span> <span class='ocrx_word' id='word_1_143' title='bbox 3027 496 3177 548; x_wconf 88' lang='lat' dir='ltr'><strong>carni</strong></span> <span class='ocrx_word' id='word_1_144' title='bbox 3205 503 3257 549; x_wconf 91' lang='lat' dir='ltr'><strong>et</strong></span> <span class='ocrx_word' id='word_1_145' title='bbox 3314 509 3439 547; x_wconf 84' lang='lat' dir='ltr'><strong>san-</strong></span> 
     </span>
    </p>
   </div>
   <div class='ocr_carea' id='block_1_21' title="bbox 1853 585 3440 658">
    <p class='ocr_par' dir='ltr' id='par_1_21' title="bbox 1853 585 3440 658">
     <span class='ocr_line' id='line_1_21' title="bbox 1853 585 3440 658; baseline -0.003 -17"><span class='ocrx_word' id='word_1_146' title='bbox 1853 590 2021 658; x_wconf 79' lang='lat' dir='ltr'><strong>guini,</strong></span> <span class='ocrx_word' id='word_1_147' title='bbox 2059 597 2115 643; x_wconf 90' lang='lat' dir='ltr'><strong>et</strong></span> <span class='ocrx_word' id='word_1_148' title='bbox 2142 589 2257 657; x_wconf 90' lang='lat' dir='ltr'><strong>ipse</strong></span> <span class='ocrx_word' id='word_1_149' title='bbox 2280 586 2531 640; x_wconf 74' lang='lat' dir='ltr'><strong>similiter</strong></span> <span class='ocrx_word' id='word_1_150' title='bbox 2584 585 2929 653; x_wconf 78' lang='lat' dir='ltr'><strong>participavit</strong></span> <span class='ocrx_word' id='word_1_151' title='bbox 2964 585 3168 639; x_wconf 82' lang='lat' dir='ltr'><strong>eisdem</strong></span> <span class='ocrx_word' id='word_1_152' title='bbox 3198 600 3211 636; x_wconf 88' lang='lat'><strong>:</strong></span> <span class='ocrx_word' id='word_1_153' title='bbox 3240 594 3297 639; x_wconf 89' lang='lat' dir='ltr'><strong>ut</strong></span> <span class='ocrx_word' id='word_1_154' title='bbox 3342 598 3440 649; x_wconf 80' lang='lat' dir='ltr'><strong>per</strong></span> 
     </span>
    </p>
   </div>
   <div class='ocr_carea' id='block_1_22' title="bbox 1851 674 3431 743">
    <p class='ocr_par' dir='ltr' id='par_1_22' title="bbox 1851 674 3431 743">
     <span class='ocr_line' id='line_1_22' title="bbox 1851 674 3431 743; baseline -0.006 -11"><span class='ocrx_word' id='word_1_155' title='bbox 1851 690 2076 733; x_wconf 90' lang='lat' dir='ltr'><strong>mortem</strong></span> <span class='ocrx_word' id='word_1_156' title='bbox 2096 677 2392 731; x_wconf 87' lang='lat' dir='ltr'><strong>destrueret</strong></span> <span class='ocrx_word' id='word_1_157' title='bbox 2430 690 2551 729; x_wconf 87' lang='lat' dir='ltr'><strong>eum</strong></span> <span class='ocrx_word' id='word_1_158' title='bbox 2586 675 2676 743; x_wconf 89' lang='lat' dir='ltr'><strong>qui</strong></span> <span class='ocrx_word' id='word_1_159' title='bbox 2710 675 2943 727; x_wconf 88' lang='lat' dir='ltr'><strong>habebat</strong></span> <span class='ocrx_word' id='word_1_160' title='bbox 2976 674 3259 741; x_wconf 88' lang='lat' dir='ltr'><strong>imperium</strong></span> <span class='ocrx_word' id='word_1_161' title='bbox 3286 690 3431 724; x_wconf 85' lang='lat' dir='ltr'><strong>mur-</strong></span> 
     </span>
    </p>
   </div>
   <div class='ocr_carea' id='block_1_23' title="bbox 1853 765 3424 834">
    <p class='ocr_par' dir='ltr' id='par_1_23' title="bbox 1853 765 3424 834">
     <span class='ocr_line' id='line_1_23' title="bbox 1853 765 3424 834; baseline -0.005 -11"><span class='ocrx_word' id='word_1_162' title='bbox 1853 771 1938 834; x_wconf 87' lang='lat' dir='ltr'><strong>tis,</strong></span> <span class='ocrx_word' id='word_1_163' title='bbox 1968 770 2068 824; x_wconf 90' lang='lat' dir='ltr'><strong>hoc</strong></span> <span class='ocrx_word' id='word_1_164' title='bbox 2088 777 2170 822; x_wconf 82' lang='lat' dir='ltr'><strong>est</strong></span> <span class='ocrx_word' id='word_1_165' title='bbox 2202 765 2477 820; x_wconf 87' lang='lat' dir='ltr'><strong>diabolum</strong></span> <span class='ocrx_word' id='word_1_166' title='bbox 2507 780 2520 817; x_wconf 92' lang='lat'><strong>:</strong></span> <span class='ocrx_word' id='word_1_167' title='bbox 2560 775 2616 819; x_wconf 88' lang='lat' dir='ltr'><strong>et</strong></span> <span class='ocrx_word' id='word_1_168' title='bbox 2678 766 2936 819; x_wconf 79' lang='lat' dir='ltr'><strong>liberaret</strong></span> <span class='ocrx_word' id='word_1_169' title='bbox 2966 781 3062 818; x_wconf 86' lang='lat' dir='ltr'><strong>eos</strong></span> <span class='ocrx_word' id='word_1_170' title='bbox 3114 766 3202 831; x_wconf 85' lang='lat' dir='ltr'><strong>qui</strong></span> <span class='ocrx_word' id='word_1_171' title='bbox 3231 766 3424 815; x_wconf 75' lang='lat' dir='ltr'><strong>timore</strong></span> 
     </span>
    </p>
   </div>
   <div class='ocr_carea' id='block_1_24' title="bbox 1852 852 3432 925">
    <p class='ocr_par' dir='ltr' id='par_1_24' title="bbox 1852 852 3432 925">
     <span class='ocr_line' id='line_1_24' title="bbox 1852 852 3432 925; baseline -0.005 -14"><span class='ocrx_word' id='word_1_172' title='bbox 1852 858 2040 912; x_wconf 89' lang='lat' dir='ltr'><strong>mortis</strong></span> <span class='ocrx_word' id='word_1_173' title='bbox 2069 872 2164 925; x_wconf 89' lang='lat' dir='ltr'><strong>per</strong></span> <span class='ocrx_word' id='word_1_174' title='bbox 2194 865 2359 910; x_wconf 84' lang='lat' dir='ltr'><strong>totam</strong></span> <span class='ocrx_word' id='word_1_175' title='bbox 2379 854 2541 907; x_wconf 82' lang='lat' dir='ltr'><strong>vitam</strong></span> <span class='ocrx_word' id='word_1_176' title='bbox 2565 854 2779 908; x_wconf 79' lang='lat' dir='ltr'><strong>obnoxii</strong></span> <span class='ocrx_word' id='word_1_177' title='bbox 2808 864 2964 906; x_wconf 88' lang='lat' dir='ltr'><strong>erant</strong></span> <span class='ocrx_word' id='word_1_178' title='bbox 2998 854 3240 906; x_wconf 72' lang='lat' dir='ltr'><strong>servituti</strong></span> <span class='ocrx_word' id='word_1_179' title='bbox 3276 852 3340 905; x_wconf 86' lang='grc'><strong>³⁷.</strong></span> <span class='ocrx_word' id='word_1_180' title='bbox 3369 854 3432 905; x_wconf 80' lang='lat' dir='ltr'><strong>Et</strong></span> 
     </span>
    </p>
   </div>
   <div class='ocr_carea' id='block_1_25' title="bbox 1848 945 3431 1015">
    <p class='ocr_par' dir='ltr' id='par_1_25' title="bbox 1848 945 3431 1015">
     <span class='ocr_line' id='line_1_25' title="bbox 1848 945 3431 1015; baseline -0.005 -11"><span class='ocrx_word' id='word_1_181' title='bbox 1848 951 1996 1013; x_wconf 87' lang='lat' dir='ltr'><strong>alibi,</strong></span> <span class='ocrx_word' id='word_1_182' title='bbox 2056 950 2267 1003; x_wconf 88' lang='lat' dir='ltr'><strong>modum</strong></span> <span class='ocrx_word' id='word_1_183' title='bbox 2293 948 2446 1002; x_wconf 91' lang='lat' dir='ltr'><strong>nobis</strong></span> <span class='ocrx_word' id='word_1_184' title='bbox 2478 947 2641 1000; x_wconf 88' lang='lat' dir='ltr'><strong>alium</strong></span> <span class='ocrx_word' id='word_1_185' title='bbox 2669 947 2949 1015; x_wconf 84' lang='lat' dir='ltr'><strong>explicans</strong></span> <span class='ocrx_word' id='word_1_186' title='bbox 2978 966 2991 1001; x_wconf 80' lang='grc' dir='ltr'><strong>ι</strong></span> <span class='ocrx_word' id='word_1_187' title='bbox 3033 965 3051 996; x_wconf 78' lang='grc' dir='ltr'><strong>ι</strong></span> <span class='ocrx_word' id='word_1_188' title='bbox 3083 945 3215 998; x_wconf 79' lang='lat' dir='ltr'><strong>Nam</strong></span> <span class='ocrx_word' id='word_1_189' title='bbox 3268 950 3431 1013; x_wconf 83' lang='lat' dir='ltr'><strong>quod,</strong></span> 
     </span>
    </p>
   </div>
   <div class='ocr_carea' id='block_1_26' title="bbox 1849 1038 3434 1110">
    <p class='ocr_par' dir='ltr' id='par_1_26' title="bbox 1849 1038 3434 1110">
     <span class='ocr_line' id='line_1_26' title="bbox 1849 1038 3434 1110; baseline -0.003 -16"><span class='ocrx_word' id='word_1_190' title='bbox 1849 1042 2042 1110; x_wconf 91' lang='lat' dir='ltr'><strong>inquit,</strong></span> <span class='ocrx_word' id='word_1_191' title='bbox 2088 1039 2421 1108; x_wconf 75' lang='lat' dir='ltr'><strong>impossibile</strong></span> <span class='ocrx_word' id='word_1_192' title='bbox 2482 1048 2599 1091; x_wconf 80' lang='lat' dir='ltr'><strong>erat</strong></span> <span class='ocrx_word' id='word_1_193' title='bbox 2654 1041 2779 1107; x_wconf 87' lang='lat' dir='ltr'><strong>legi,</strong></span> <span class='ocrx_word' id='word_1_194' title='bbox 2834 1038 2884 1091; x_wconf 88' lang='lat' dir='ltr'><strong>in</strong></span> <span class='ocrx_word' id='word_1_195' title='bbox 2920 1053 3026 1107; x_wconf 89' lang='lat' dir='ltr'><strong>quo</strong></span> <span class='ocrx_word' id='word_1_196' title='bbox 3059 1038 3434 1090; x_wconf 84' lang='lat' dir='ltr'><strong>inﬁrmabatur</strong></span> 
     </span>
    </p>
   </div>
   <div class='ocr_carea' id='block_1_27' title="bbox 1848 1128 3430 1201">
    <p class='ocr_par' dir='ltr' id='par_1_27' title="bbox 1848 1128 3430 1201">
     <span class='ocr_line' id='line_1_27' title="bbox 1848 1128 3430 1201; baseline -0.005 -16"><span class='ocrx_word' id='word_1_197' title='bbox 1848 1147 2215 1201; x_wconf 86' lang='lat' dir='ltr'><strong>percaruem:</strong></span> <span class='ocrx_word' id='word_1_198' title='bbox 2276 1131 2415 1186; x_wconf 86' lang='lat' dir='ltr'><strong>Deus</strong></span> <span class='ocrx_word' id='word_1_199' title='bbox 2454 1130 2651 1185; x_wconf 89' lang='lat' dir='ltr'><strong>Filium</strong></span> <span class='ocrx_word' id='word_1_200' title='bbox 2698 1145 2850 1181; x_wconf 87' lang='lat' dir='ltr'><strong>suum</strong></span> <span class='ocrx_word' id='word_1_201' title='bbox 2872 1129 3090 1181; x_wconf 79' lang='lat' dir='ltr'><strong>mittens</strong></span> <span class='ocrx_word' id='word_1_202' title='bbox 3125 1130 3178 1180; x_wconf 92' lang='lat' dir='ltr'><strong>in</strong></span> <span class='ocrx_word' id='word_1_203' title='bbox 3238 1128 3430 1181; x_wconf 90' lang='lat' dir='ltr'><strong>simili-</strong></span> 
     </span>
    </p>
   </div>
   <div class='ocr_carea' id='block_1_28' title="bbox 1850 1218 3429 1290">
    <p class='ocr_par' dir='ltr' id='par_1_28' title="bbox 1850 1218 3429 1290">
     <span class='ocr_line' id='line_1_28' title="bbox 1850 1218 3429 1290; baseline -0.001 -15"><span class='ocrx_word' id='word_1_204' title='bbox 1850 1223 2085 1275; x_wconf 87' lang='lat' dir='ltr'><strong>tudinem</strong></span> <span class='ocrx_word' id='word_1_205' title='bbox 2112 1223 2291 1276; x_wconf 87' lang='lat' dir='ltr'><strong>carnis</strong></span> <span class='ocrx_word' id='word_1_206' title='bbox 2344 1219 2572 1290; x_wconf 80' lang='lat' dir='ltr'><strong>peccati,</strong></span> <span class='ocrx_word' id='word_1_207' title='bbox 2630 1232 2684 1272; x_wconf 89' lang='lat' dir='ltr'><strong>et</strong></span> <span class='ocrx_word' id='word_1_208' title='bbox 2732 1224 2797 1273; x_wconf 91' lang='lat' dir='ltr'><strong>de</strong></span> <span class='ocrx_word' id='word_1_209' title='bbox 2863 1228 3105 1287; x_wconf 77' lang='lat' dir='ltr'><strong>peccato,</strong></span> <span class='ocrx_word' id='word_1_210' title='bbox 3151 1218 3429 1273; x_wconf 80' lang='lat' dir='ltr'><strong>danmavit</strong></span> 
     </span>
    </p>
   </div>
   <div class='ocr_carea' id='block_1_29' title="bbox 1848 1309 3431 1382">
    <p class='ocr_par' dir='ltr' id='par_1_29' title="bbox 1848 1309 3431 1382">
     <span class='ocr_line' id='line_1_29' title="bbox 1848 1309 3431 1382; baseline -0.003 -15"><span class='ocrx_word' id='word_1_211' title='bbox 1848 1323 2125 1382; x_wconf 81' lang='lat' dir='ltr'><strong>peccatum</strong></span> <span class='ocrx_word' id='word_1_212' title='bbox 2156 1314 2206 1366; x_wconf 89' lang='lat' dir='ltr'><strong>in</strong></span> <span class='ocrx_word' id='word_1_213' title='bbox 2235 1328 2422 1376; x_wconf 83' lang='lat' dir='ltr'><strong>carne,</strong></span> <span class='ocrx_word' id='word_1_214' title='bbox 2467 1322 2524 1365; x_wconf 94' lang='lat' dir='ltr'><strong>ut</strong></span> <span class='ocrx_word' id='word_1_215' title='bbox 2567 1310 2887 1380; x_wconf 86' lang='lat' dir='ltr'><strong>jttstiﬁcatio</strong></span> <span class='ocrx_word' id='word_1_216' title='bbox 2936 1309 3067 1377; x_wconf 83' lang='lat' dir='ltr'><strong>legis</strong></span> <span class='ocrx_word' id='word_1_217' title='bbox 3115 1309 3431 1379; x_wconf 85' lang='lat' dir='ltr'><strong>impleretur</strong></span> 
     </span>
    </p>
   </div>
   <div class='ocr_carea' id='block_1_30' title="bbox 1849 1402 3427 1474">
    <p class='ocr_par' dir='ltr' id='par_1_30' title="bbox 1849 1402 3427 1474">
     <span class='ocr_line' id='line_1_30' title="bbox 1849 1402 3427 1474; baseline -0.004 -14"><span class='ocrx_word' id='word_1_218' title='bbox 1849 1406 1901 1459; x_wconf 92' lang='lat' dir='ltr'><strong>in</strong></span> <span class='ocrx_word' id='word_1_219' title='bbox 1934 1406 2107 1468; x_wconf 90' lang='lat' dir='ltr'><strong>nobis,</strong></span> <span class='ocrx_word' id='word_1_220' title='bbox 2161 1406 2252 1474; x_wconf 87' lang='lat' dir='ltr'><strong>qui</strong></span> <span class='ocrx_word' id='word_1_221' title='bbox 2279 1422 2382 1460; x_wconf 88' lang='lat' dir='ltr'><strong>non</strong></span> <span class='ocrx_word' id='word_1_222' title='bbox 2406 1405 2699 1460; x_wconf 88' lang='lat' dir='ltr'><strong>secundum</strong></span> <span class='ocrx_word' id='word_1_223' title='bbox 2727 1417 2941 1457; x_wconf 84' lang='lat' dir='ltr'><strong>carnem</strong></span> <span class='ocrx_word' id='word_1_224' title='bbox 2970 1402 3427 1465; x_wconf 81' lang='lat' dir='ltr'><strong>ainbul:unus,sed</strong></span> 
     </span>
    </p>
   </div>
   <div class='ocr_carea' id='block_1_31' title="bbox 1847 1492 3429 1566">
    <p class='ocr_par' dir='ltr' id='par_1_31' title="bbox 1847 1492 3429 1566">
     <span class='ocr_line' id='line_1_31' title="bbox 1847 1492 3429 1566; baseline -0.005 -12"><span class='ocrx_word' id='word_1_225' title='bbox 1847 1498 2138 1554; x_wconf 90' lang='lat' dir='ltr'><strong>secundum</strong></span> <span class='ocrx_word' id='word_1_226' title='bbox 2163 1497 2423 1566; x_wconf 85' lang='lat' dir='ltr'><strong>Spiritum</strong></span> <span class='ocrx_word' id='word_1_227' title='bbox 2458 1496 2525 1549; x_wconf 81' lang='grc'><strong>³⁸.</strong></span> <span class='ocrx_word' id='word_1_228' title='bbox 2575 1515 2593 1549; x_wconf 77' lang='grc' dir='ltr'><strong>ι</strong></span> <span class='ocrx_word' id='word_1_229' title='bbox 2632 1495 2821 1549; x_wconf 85' lang='lat' dir='ltr'><strong>Nonne</strong></span> <span class='ocrx_word' id='word_1_230' title='bbox 2870 1508 3001 1561; x_wconf 80' lang='lat' dir='ltr'><strong>ergo</strong></span> <span class='ocrx_word' id='word_1_231' title='bbox 3052 1492 3429 1547; x_wconf 74' lang='lat' dir='ltr'><strong>manifestissi-</strong></span> 
     </span>
    </p>
   </div>
   <div class='ocr_carea' id='block_1_32' title="bbox 1848 1584 3424 1657">
    <p class='ocr_par' dir='ltr' id='par_1_32' title="bbox 1848 1584 3424 1657">
     <span class='ocr_line' id='line_1_32' title="bbox 1848 1584 3424 1657; baseline -0.005 -14"><span class='ocrx_word' id='word_1_232' title='bbox 1848 1604 1992 1643; x_wconf 91' lang='lat' dir='ltr'><strong>mum</strong></span> <span class='ocrx_word' id='word_1_233' title='bbox 2023 1597 2126 1655; x_wconf 89' lang='lat' dir='ltr'><strong>est,</strong></span> <span class='ocrx_word' id='word_1_234' title='bbox 2188 1587 2423 1656; x_wconf 87' lang='lat' dir='ltr'><strong>nullique</strong></span> <span class='ocrx_word' id='word_1_235' title='bbox 2477 1601 2699 1657; x_wconf 89' lang='lat' dir='ltr'><strong>prorsus</strong></span> <span class='ocrx_word' id='word_1_236' title='bbox 2749 1584 3057 1639; x_wconf 88' lang='lat' dir='ltr'><strong>mortalium</strong></span> <span class='ocrx_word' id='word_1_237' title='bbox 3109 1587 3424 1648; x_wconf 82' lang='lat' dir='ltr'><strong>obscurum,</strong></span> 
     </span>
    </p>
   </div>
   <div class='ocr_carea' id='block_1_33' title="bbox 1848 1675 3430 1749">
    <p class='ocr_par' dir='ltr' id='par_1_33' title="bbox 1848 1675 3430 1749">
     <span class='ocr_line' id='line_1_33' title="bbox 1848 1675 3430 1749; baseline -0.006 -13"><span class='ocrx_word' id='word_1_238' title='bbox 1848 1680 2197 1749; x_wconf 84' lang='lat' dir='ltr'><strong>Unigenitum</strong></span> <span class='ocrx_word' id='word_1_239' title='bbox 2230 1679 2397 1734; x_wconf 87' lang='lat' dir='ltr'><strong>nostri</strong></span> <span class='ocrx_word' id='word_1_240' title='bbox 2429 1676 2685 1744; x_wconf 88' lang='lat' dir='ltr'><strong>similem,</strong></span> <span class='ocrx_word' id='word_1_241' title='bbox 2722 1677 2825 1731; x_wconf 87' lang='lat' dir='ltr'><strong>hoc</strong></span> <span class='ocrx_word' id='word_1_242' title='bbox 2853 1687 2939 1730; x_wconf 91' lang='lat' dir='ltr'><strong>est</strong></span> <span class='ocrx_word' id='word_1_243' title='bbox 2980 1675 3253 1730; x_wconf 81' lang='lat' dir='ltr'><strong>hominem</strong></span> <span class='ocrx_word' id='word_1_244' title='bbox 3304 1688 3430 1745; x_wconf 88' lang='lat' dir='ltr'><strong>per-</strong></span> 
     </span>
    </p>
   </div>
   <div class='ocr_carea' id='block_1_34' title="bbox 169 1749 1738 1843">
    <p class='ocr_par' dir='ltr' id='par_1_34' title="bbox 169 1749 1738 1843">
     <span class='ocr_line' id='line_1_34' title="bbox 169 1749 1738 1843; baseline 0.011 -33"><span class='ocrx_word' id='word_1_245' title='bbox 169 1760 267 1811; x_wconf 73' lang='grc' dir='ltr'><strong>καὶ</strong></span> <span class='ocrx_word' id='word_1_246' title='bbox 292 1761 465 1814; x_wconf 75' lang='grc' dir='ltr'>οὐδενί</span> <span class='ocrx_word' id='word_1_247' title='bbox 494 1764 602 1817; x_wconf 86' lang='grc' dir='ltr'>τῶν</span> <span class='ocrx_word' id='word_1_248' title='bbox 630 1766 797 1820; x_wconf 79' lang='grc' dir='ltr'>ὄντων</span> <span class='ocrx_word' id='word_1_249' title='bbox 824 1767 1161 1837; x_wconf 79' lang='grc' dir='ltr'>ἀσυμφανὲς.</span> <span class='ocrx_word' id='word_1_250' title='bbox 1205 1749 1285 1825; x_wconf 85' lang='grc' dir='ltr'>ὅτι</span> <span class='ocrx_word' id='word_1_251' title='bbox 1318 1749 1617 1843; x_wconf 65' lang='grc' dir='ltr'>καθ’-ἡμᾶς</span> <span class='ocrx_word' id='word_1_252' title='bbox 1645 1774 1738 1842; x_wconf 88' lang='grc' dir='ltr'>γέ-</span> 
     </span>
    </p>
   </div>
   <div class='ocr_carea' id='block_1_35' title="bbox 1844 1749 3428 1843">
    <p class='ocr_par' dir='ltr' id='par_1_35' title="bbox 1844 1766 3428 1834">
     <span class='ocr_line' id='line_1_35' title="bbox 1844 1766 3428 1834; baseline -0.003 -11"><span class='ocrx_word' id='word_1_253' title='bbox 1844 1770 2040 1825; x_wconf 81' lang='lat' dir='ltr'><strong>fectum</strong></span> <span class='ocrx_word' id='word_1_254' title='bbox 2118 1785 2238 1824; x_wconf 87' lang='lat' dir='ltr'><strong>esse</strong></span> <span class='ocrx_word' id='word_1_255' title='bbox 2331 1769 2550 1834; x_wconf 80' lang='lat' dir='ltr'><strong>factum,</strong></span> <span class='ocrx_word' id='word_1_256' title='bbox 2628 1777 2685 1822; x_wconf 89' lang='lat' dir='ltr'><strong>ut</strong></span> <span class='ocrx_word' id='word_1_257' title='bbox 2760 1783 2789 1821; x_wconf 89' lang='lat' dir='ltr'><strong>a</strong></span> <span class='ocrx_word' id='word_1_258' title='bbox 2877 1766 3222 1834; x_wconf 89' lang='lat' dir='ltr'><strong>corruptione</strong></span> <span class='ocrx_word' id='word_1_259' title='bbox 3308 1780 3428 1833; x_wconf 76' lang='lat' dir='ltr'><strong>quae</strong></span> 
     </span>
    </p>
   </div>
   <div class='ocr_carea' id='block_1_36' title="bbox 166 1856 1742 1935">
    <p class='ocr_par' dir='ltr' id='par_1_36' title="bbox 166 1856 1742 1935">
     <span class='ocr_line' id='line_1_36' title="bbox 166 1856 1742 1935; baseline 0.012 -35"><span class='ocrx_word' id='word_1_260' title='bbox 166 1867 328 1918; x_wconf 72' lang='grc' dir='ltr'>γονεν</span> <span class='ocrx_word' id='word_1_261' title='bbox 360 1856 388 1905; x_wconf 90' lang='lat'><strong>6</strong></span> <span class='ocrx_word' id='word_1_262' title='bbox 412 1857 741 1928; x_wconf 73' lang='grc' dir='ltr'>Μονογενὴς,</span> <span class='ocrx_word' id='word_1_263' title='bbox 780 1860 1048 1924; x_wconf 81' lang='grc' dir='ltr'>τουτέστι,</span> <span class='ocrx_word' id='word_1_264' title='bbox 1080 1862 1281 1926; x_wconf 84' lang='grc' dir='ltr'>τέλειος</span> <span class='ocrx_word' id='word_1_265' title='bbox 1319 1864 1623 1935; x_wconf 85' lang='grc' dir='ltr'>ἄνθρωπος,</span> <span class='ocrx_word' id='word_1_266' title='bbox 1654 1866 1742 1919; x_wconf 75' lang='grc' dir='ltr'>ἵνα</span> 
     </span>
    </p>
   </div>
   <div class='ocr_carea' id='block_1_37' title="bbox 164 1945 1741 2027">
    <p class='ocr_par' dir='ltr' id='par_1_37' title="bbox 164 1945 1741 2027">
     <span class='ocr_line' id='line_1_37' title="bbox 164 1945 1741 2027; baseline 0.01 -32"><span class='ocrx_word' id='word_1_267' title='bbox 164 1945 269 2012; x_wconf 76' lang='grc' dir='ltr'>τῆς</span> <span class='ocrx_word' id='word_1_268' title='bbox 290 1968 293 1975; x_wconf 93' lang='grc'><strong>·</strong></span> <span class='ocrx_word' id='word_1_269' title='bbox 317 1947 417 2016; x_wconf 84' lang='grc' dir='ltr'>μὲν</span> <span class='ocrx_word' id='word_1_270' title='bbox 454 1950 780 2004; x_wconf 79' lang='grc' dir='ltr'>ἐπεισάκτου</span> <span class='ocrx_word' id='word_1_271' title='bbox 822 1953 1026 2025; x_wconf 78' lang='grc' dir='ltr'>φθορᾶς</span> <span class='ocrx_word' id='word_1_272' title='bbox 1057 1954 1116 2006; x_wconf 86' lang='grc' dir='ltr'><strong>τὸ</strong></span> <span class='ocrx_word' id='word_1_273' title='bbox 1146 1956 1334 2025; x_wconf 86' lang='grc' dir='ltr'>γήϊνον</span> <span class='ocrx_word' id='word_1_274' title='bbox 1366 1957 1524 2027; x_wconf 83' lang='grc' dir='ltr'>ήμῶν</span> <span class='ocrx_word' id='word_1_275' title='bbox 1565 1957 1741 2011; x_wconf 85' lang='grc' dir='ltr'>ἀπαλ-</span> 
     </span>
    </p>
   </div>
   <div class='ocr_carea' id='block_1_38' title="bbox 164 2035 1742 2119">
    <p class='ocr_par' dir='ltr' id='par_1_38' title="bbox 164 2035 1742 2119">
     <span class='ocr_line' id='line_1_38' title="bbox 164 2035 1742 2119; baseline 0.011 -32"><span class='ocrx_word' id='word_1_276' title='bbox 164 2035 304 2106; x_wconf 83' lang='grc' dir='ltr'>λάξῃ</span> <span class='ocrx_word' id='word_1_277' title='bbox 340 2039 518 2107; x_wconf 82' lang='grc' dir='ltr'>σῶμα,</span> <span class='ocrx_word' id='word_1_278' title='bbox 551 2044 616 2112; x_wconf 86' lang='grc' dir='ltr'>τῇ</span> <span class='ocrx_word' id='word_1_279' title='bbox 642 2043 763 2095; x_wconf 91' lang='grc' dir='ltr'>καθ’</span> <span class='ocrx_word' id='word_1_280' title='bbox 792 2046 983 2099; x_wconf 75' lang='grc' dir='ltr'>ἕνωσιν</span> <span class='ocrx_word' id='word_1_281' title='bbox 1026 2049 1306 2119; x_wconf 74' lang='grc' dir='ltr'>οἰκονομίᾳ</span> <span class='ocrx_word' id='word_1_282' title='bbox 1351 2050 1742 2119; x_wconf 85' lang='grc' dir='ltr'>καταϐεϐηκὼς</span> 
     </span>
    </p>
   </div>
   <div class='ocr_carea' id='block_1_39' title="bbox 166 2129 1737 2210">
    <p class='ocr_par' dir='ltr' id='par_1_39' title="bbox 166 2129 1737 2210">
     <span class='ocr_line' id='line_1_39' title="bbox 166 2129 1737 2210; baseline 0.011 -32"><span class='ocrx_word' id='word_1_283' title='bbox 166 2129 251 2190; x_wconf 88' lang='grc' dir='ltr'><strong>εἰς</strong></span> <span class='ocrx_word' id='word_1_284' title='bbox 280 2131 580 2200; x_wconf 80' lang='grc' dir='ltr'>ταυτότητά</span> <span class='ocrx_word' id='word_1_285' title='bbox 617 2134 754 2187; x_wconf 75' lang='grc' dir='ltr'>κατὰ</span> <span class='ocrx_word' id='word_1_286' title='bbox 784 2135 945 2205; x_wconf 89' lang='grc' dir='ltr'>νόμον</span> <span class='ocrx_word' id='word_1_287' title='bbox 976 2139 1073 2207; x_wconf 82' lang='grc' dir='ltr'>τῆς</span> <span class='ocrx_word' id='word_1_288' title='bbox 1106 2141 1271 2209; x_wconf 79' lang='grc' dir='ltr'>ζωῆς,</span> <span class='ocrx_word' id='word_1_289' title='bbox 1307 2139 1484 2210; x_wconf 80' lang='grc' dir='ltr'>ψυχὴν</span> <span class='ocrx_word' id='word_1_290' title='bbox 1508 2140 1563 2193; x_wconf 83' lang='grc' dir='ltr'>δὲ</span> <span class='ocrx_word' id='word_1_291' title='bbox 1599 2140 1737 2196; x_wconf 89' lang='grc' dir='ltr'>ἰδίαν</span> 
     </span>
    </p>
   </div>
   <div class='ocr_carea' id='block_1_40' title="bbox 164 2218 1744 2300">
    <p class='ocr_par' dir='ltr' id='par_1_40' title="bbox 164 2218 1744 2300">
     <span class='ocr_line' id='line_1_40' title="bbox 164 2218 1744 2300; baseline 0.011 -33"><span class='ocrx_word' id='word_1_292' title='bbox 164 2218 268 2286; x_wconf 76' lang='grc' dir='ltr'>τὴν</span> <span class='ocrx_word' id='word_1_293' title='bbox 296 2218 641 2293; x_wconf 84' lang='grc' dir='ltr'>ἀνθρωπίνην</span> <span class='ocrx_word' id='word_1_294' title='bbox 680 2225 1034 2295; x_wconf 78' lang='grc' dir='ltr'>ποιούμενος,</span> <span class='ocrx_word' id='word_1_295' title='bbox 1084 2229 1354 2300; x_wconf 85' lang='grc' dir='ltr'>ἁμαρτίας</span> <span class='ocrx_word' id='word_1_296' title='bbox 1402 2231 1571 2299; x_wconf 82' lang='grc' dir='ltr'>αὐτὴν</span> <span class='ocrx_word' id='word_1_297' title='bbox 1611 2233 1744 2284; x_wconf 82' lang='grc' dir='ltr'>ἀπο-</span> 
     </span>
    </p>
   </div>
   <div class='ocr_carea' id='block_1_41' title="bbox 168 2310 1744 2389">
    <p class='ocr_par' dir='ltr' id='par_1_41' title="bbox 168 2310 1744 2389">
     <span class='ocr_line' id='line_1_41' title="bbox 168 2310 1744 2389; baseline 0.011 -31"><span class='ocrx_word' id='word_1_298' title='bbox 168 2310 316 2380; x_wconf 79' lang='grc' dir='ltr'><strong>φήνῃ</strong></span> <span class='ocrx_word' id='word_1_299' title='bbox 347 2310 627 2381; x_wconf 80' lang='grc' dir='ltr'>κρείττονα</span> <span class='ocrx_word' id='word_1_300' title='bbox 655 2314 753 2382; x_wconf 78' lang='grc' dir='ltr'>τῆς</span> <span class='ocrx_word' id='word_1_301' title='bbox 787 2315 921 2379; x_wconf 86' lang='grc' dir='ltr'>ἰδίας</span> <span class='ocrx_word' id='word_1_302' title='bbox 947 2320 1159 2386; x_wconf 82' lang='grc' dir='ltr'>φύσεως</span> <span class='ocrx_word' id='word_1_303' title='bbox 1185 2320 1245 2373; x_wconf 83' lang='grc' dir='ltr'><strong>τὸ</strong></span> <span class='ocrx_word' id='word_1_304' title='bbox 1276 2321 1521 2389; x_wconf 84' lang='grc' dir='ltr'>πεπηγός</span> <span class='ocrx_word' id='word_1_305' title='bbox 1556 2338 1614 2373; x_wconf 86' lang='grc' dir='ltr'><strong>τε</strong></span> <span class='ocrx_word' id='word_1_306' title='bbox 1650 2322 1744 2375; x_wconf 75' lang='grc' dir='ltr'><strong>καὶ</strong></span> 
     </span>
    </p>
   </div>
   <div class='ocr_carea' id='block_1_42' title="bbox 165 2400 1744 2483">
    <p class='ocr_par' dir='ltr' id='par_1_42' title="bbox 165 2400 1744 2483">
     <span class='ocr_line' id='line_1_42' title="bbox 165 2400 1744 2483; baseline 0.009 -30"><span class='ocrx_word' id='word_1_307' title='bbox 165 2400 481 2471; x_wconf 73' lang='grc' dir='ltr'>ἄτρεπτον,</span> <span class='ocrx_word' id='word_1_308' title='bbox 544 2404 796 2479; x_wconf 85' lang='grc' dir='ltr'>καθάπερ</span> <span class='ocrx_word' id='word_1_309' title='bbox 860 2410 981 2463; x_wconf 80' lang='grc' dir='ltr'>τινὰ</span> <span class='ocrx_word' id='word_1_310' title='bbox 1046 2410 1266 2481; x_wconf 76' lang='grc' dir='ltr'>βαφὴν,</span> <span class='ocrx_word' id='word_1_311' title='bbox 1321 2412 1744 2483; x_wconf 82' lang='grc' dir='ltr'>ἐγκαταχρώσας</span> 
     </span>
    </p>
   </div>
   <div class='ocr_carea' id='block_1_43' title="bbox 169 2491 345 2562">
    <p class='ocr_par' dir='ltr' id='par_1_43' title="bbox 169 2491 345 2562">
     <span class='ocr_line' id='line_1_43' title="bbox 169 2491 345 2562; baseline 0 -19"><span class='ocrx_word' id='word_1_312' title='bbox 169 2491 345 2562; x_wconf 78' lang='grc' dir='ltr'><strong>αὑτῇ;</strong></span> 
     </span>
    </p>
   </div>
   <div class='ocr_carea' id='block_1_44' title="bbox 241 2583 1745 2667">
    <p class='ocr_par' dir='ltr' id='par_1_44' title="bbox 241 2583 1745 2667">
     <span class='ocr_line' id='line_1_44' title="bbox 241 2583 1745 2667; baseline 0.01 -32"><span class='ocrx_word' id='word_1_313' title='bbox 241 2583 300 2637; x_wconf 89' lang='grc' dir='ltr'>Β.</span> <span class='ocrx_word' id='word_1_314' title='bbox 346 2585 457 2639; x_wconf 77' lang='grc' dir='ltr'>Οὐκ</span> <span class='ocrx_word' id='word_1_315' title='bbox 501 2587 819 2657; x_wconf 85' lang='grc' dir='ltr'>ἀσυμφανὲς</span> <span class='ocrx_word' id='word_1_316' title='bbox 863 2586 1018 2662; x_wconf 75' lang='grc' dir='ltr'>οἶμαί</span> <span class='ocrx_word' id='word_1_317' title='bbox 1080 2611 1182 2647; x_wconf 86' lang='grc' dir='ltr'><strong>που</strong></span> <span class='ocrx_word' id='word_1_318' title='bbox 1216 2594 1278 2647; x_wconf 83' lang='grc' dir='ltr'><strong>τὸ</strong></span> <span class='ocrx_word' id='word_1_319' title='bbox 1323 2595 1530 2666; x_wconf 85' lang='grc' dir='ltr'>χρῆμα.</span> <span class='ocrx_word' id='word_1_320' title='bbox 1583 2596 1745 2667; x_wconf 79' lang='grc' dir='ltr'>Φέρει</span> 
     </span>
    </p>
   </div>
   <div class='ocr_carea' id='block_1_45' title="bbox 164 2675 1743 2760">
    <p class='ocr_par' dir='ltr' id='par_1_45' title="bbox 164 2675 1743 2760">
     <span class='ocr_line' id='line_1_45' title="bbox 164 2675 1743 2760; baseline 0.009 -31"><span class='ocrx_word' id='word_1_321' title='bbox 164 2675 280 2747; x_wconf 79' lang='grc' dir='ltr'>γὰρ</span> <span class='ocrx_word' id='word_1_322' title='bbox 312 2680 370 2731; x_wconf 82' lang='grc' dir='ltr'>ἐν</span> <span class='ocrx_word' id='word_1_323' title='bbox 414 2680 591 2751; x_wconf 77' lang='grc' dir='ltr'>ἑαυτῷ</span> <span class='ocrx_word' id='word_1_324' title='bbox 624 2681 717 2735; x_wconf 84' lang='grc' dir='ltr'><strong>τὸν</strong></span> <span class='ocrx_word' id='word_1_325' title='bbox 752 2683 957 2751; x_wconf 79' lang='grc' dir='ltr'>εἰκότα,</span> <span class='ocrx_word' id='word_1_326' title='bbox 998 2687 1197 2758; x_wconf 79' lang='grc' dir='ltr'>μᾶλλον</span> <span class='ocrx_word' id='word_1_327' title='bbox 1227 2687 1285 2740; x_wconf 85' lang='grc' dir='ltr'>δὲ</span> <span class='ocrx_word' id='word_1_328' title='bbox 1318 2689 1411 2740; x_wconf 87' lang='grc' dir='ltr'><strong>τὸν</strong></span> <span class='ocrx_word' id='word_1_329' title='bbox 1444 2688 1616 2760; x_wconf 78' lang='grc' dir='ltr'>ἀληθῆ</span> <span class='ocrx_word' id='word_1_330' title='bbox 1656 2689 1743 2743; x_wconf 81' lang='grc' dir='ltr'>λο-</span> 
     </span>
    </p>
   </div>
   <div class='ocr_carea' id='block_1_46' title="bbox 166 2769 392 2838">
    <p class='ocr_par' dir='ltr' id='par_1_46' title="bbox 166 2769 392 2838">
     <span class='ocr_line' id='line_1_46' title="bbox 166 2769 392 2838; baseline 0.018 -20"><span class='ocrx_word' id='word_1_331' title='bbox 166 2769 392 2838; x_wconf 86' lang='grc' dir='ltr'>γισμόν.</span> 
     </span>
    </p>
   </div>
   <div class='ocr_carea' id='block_1_47' title="bbox 239 2860 1745 2941">
    <p class='ocr_par' dir='ltr' id='par_1_47' title="bbox 239 2860 1745 2941">
     <span class='ocr_line' id='line_1_47' title="bbox 239 2860 1745 2941; baseline 0.01 -30"><span class='ocrx_word' id='word_1_332' title='bbox 239 2860 304 2911; x_wconf 84' lang='grc' dir='ltr'>Δ.</span> <span class='ocrx_word' id='word_1_333' title='bbox 342 2860 555 2933; x_wconf 83' lang='grc' dir='ltr'>Ὠσπερ</span> <span class='ocrx_word' id='word_1_334' title='bbox 576 2861 669 2917; x_wconf 79' lang='grc' dir='ltr'><strong>οὖν</strong></span> <span class='ocrx_word' id='word_1_335' title='bbox 701 2865 889 2937; x_wconf 80' lang='grc' dir='ltr'>ἐπειδὴ</span> <span class='ocrx_word' id='word_1_336' title='bbox 908 2867 1098 2936; x_wconf 86' lang='grc' dir='ltr'>γέγονε</span> <span class='ocrx_word' id='word_1_337' title='bbox 1138 2868 1274 2941; x_wconf 83' lang='grc' dir='ltr'>σὰρξ</span> <span class='ocrx_word' id='word_1_338' title='bbox 1303 2871 1397 2925; x_wconf 85' lang='grc' dir='ltr'><strong>τοῦ</strong></span> <span class='ocrx_word' id='word_1_339' title='bbox 1429 2871 1745 2935; x_wconf 81' lang='grc' dir='ltr'>ζωοποιοῦν-</span> 
     </span>
    </p>
   </div>
   <div class='ocr_carea' id='block_1_48' title="bbox 162 2953 1745 3035">
    <p class='ocr_par' dir='ltr' id='par_1_48' title="bbox 162 2953 1745 3035">
     <span class='ocr_line' id='line_1_48' title="bbox 162 2953 1745 3035; baseline 0.008 -30"><span class='ocrx_word' id='word_1_340' title='bbox 162 2970 259 3015; x_wconf 84' lang='grc' dir='ltr'><strong>τος</strong></span> <span class='ocrx_word' id='word_1_341' title='bbox 296 2953 362 3006; x_wconf 82' lang='grc' dir='ltr'><strong>τά</strong></span> <span class='ocrx_word' id='word_1_342' title='bbox 400 2956 575 3009; x_wconf 87' lang='grc' dir='ltr'>πάντα</span> <span class='ocrx_word' id='word_1_343' title='bbox 604 2957 776 3025; x_wconf 83' lang='grc' dir='ltr'>Λόγου</span> <span class='ocrx_word' id='word_1_344' title='bbox 799 2998 812 3021; x_wconf 91' lang='grc'><strong>,</strong></span> <span class='ocrx_word' id='word_1_345' title='bbox 846 2958 907 3011; x_wconf 87' lang='grc' dir='ltr'><strong>τὸ</strong></span> <span class='ocrx_word' id='word_1_346' title='bbox 945 2958 1172 3013; x_wconf 88' lang='grc' dir='ltr'>θανάτου</span> <span class='ocrx_word' id='word_1_347' title='bbox 1203 2964 1295 3014; x_wconf 75' lang='grc' dir='ltr'><strong>καὶ</strong></span> <span class='ocrx_word' id='word_1_348' title='bbox 1334 2964 1538 3033; x_wconf 79' lang='grc' dir='ltr'>φθορᾶς</span> <span class='ocrx_word' id='word_1_349' title='bbox 1579 2966 1745 3035; x_wconf 84' lang='grc' dir='ltr'>ὑπερ-</span> 
     </span>
    </p>
   </div>
   <div class='ocr_carea' id='block_1_49' title="bbox 162 3045 1739 3126">
    <p class='ocr_par' dir='ltr' id='par_1_49' title="bbox 162 3045 1739 3126">
     <span class='ocr_line' id='line_1_49' title="bbox 162 3045 1739 3126; baseline 0.009 -29"><span class='ocrx_word' id='word_1_350' title='bbox 162 3045 405 3117; x_wconf 79' lang='grc' dir='ltr'>θρώσκει</span> <span class='ocrx_word' id='word_1_351' title='bbox 436 3049 654 3119; x_wconf 73' lang='grc' dir='ltr'>κράτοςο</span> <span class='ocrx_word' id='word_1_352' title='bbox 692 3050 833 3103; x_wconf 90' lang='grc' dir='ltr'><strong>κατά</strong></span> <span class='ocrx_word' id='word_1_353' title='bbox 858 3051 949 3104; x_wconf 84' lang='grc' dir='ltr'><strong>τὸν</strong></span> <span class='ocrx_word' id='word_1_354' title='bbox 978 3052 1137 3107; x_wconf 77' lang='grc' dir='ltr'>αὑτὸν</span> <span class='ocrx_word' id='word_1_355' title='bbox 1165 3050 1316 3124; x_wconf 81' lang='grc' dir='ltr'>οἶμαι</span> <span class='ocrx_word' id='word_1_356' title='bbox 1346 3057 1542 3126; x_wconf 79' lang='grc' dir='ltr'>τρόπον</span> <span class='ocrx_word' id='word_1_357' title='bbox 1562 3097 1575 3120; x_wconf 94' lang='grc'><strong>,</strong></span> <span class='ocrx_word' id='word_1_358' title='bbox 1616 3058 1739 3111; x_wconf 81' lang='grc' dir='ltr'>ἐπεί</span> 
     </span>
    </p>
   </div>
   <div class='ocr_carea' id='block_1_50' title="bbox 157 3138 1736 3219">
    <p class='ocr_par' dir='ltr' id='par_1_50' title="bbox 157 3138 1736 3219">
     <span class='ocr_line' id='line_1_50' title="bbox 157 3138 1736 3219; baseline 0.008 -30"><span class='ocrx_word' id='word_1_359' title='bbox 157 3155 249 3190; x_wconf 84' lang='grc' dir='ltr'><strong>τοι</strong></span> <span class='ocrx_word' id='word_1_360' title='bbox 272 3138 461 3207; x_wconf 81' lang='grc' dir='ltr'>γέγονε</span> <span class='ocrx_word' id='word_1_361' title='bbox 494 3139 643 3211; x_wconf 77' lang='grc' dir='ltr'>ψυχὴ</span> <span class='ocrx_word' id='word_1_362' title='bbox 684 3142 779 3194; x_wconf 90' lang='grc' dir='ltr'><strong>τοῦ</strong></span> <span class='ocrx_word' id='word_1_363' title='bbox 820 3142 1162 3214; x_wconf 78' lang='grc' dir='ltr'>πλημμελεῖν</span> <span class='ocrx_word' id='word_1_364' title='bbox 1190 3145 1288 3199; x_wconf 76' lang='grc' dir='ltr'>οὐκ</span> <span class='ocrx_word' id='word_1_365' title='bbox 1334 3147 1555 3211; x_wconf 84' lang='grc' dir='ltr'>εἰδότος,</span> <span class='ocrx_word' id='word_1_366' title='bbox 1604 3150 1736 3219; x_wconf 75' lang='grc' dir='ltr'>ἔρη-</span> 
     </span>
    </p>
   </div>
   <div class='ocr_carea' id='block_1_51' title="bbox 162 3230 1737 3307">
    <p class='ocr_par' dir='ltr' id='par_1_51' title="bbox 162 3230 1737 3307">
     <span class='ocr_line' id='line_1_51' title="bbox 162 3230 1737 3307; baseline 0.006 -24"><span class='ocrx_word' id='word_1_367' title='bbox 162 3230 461 3303; x_wconf 79' lang='grc' dir='ltr'>ρεισμένην</span> <span class='ocrx_word' id='word_1_368' title='bbox 498 3231 612 3301; x_wconf 77' lang='grc' dir='ltr'>ἔχει</span> <span class='ocrx_word' id='word_1_369' title='bbox 655 3232 842 3287; x_wconf 85' lang='grc' dir='ltr'>λοιπὸν</span> <span class='ocrx_word' id='word_1_370' title='bbox 874 3236 972 3302; x_wconf 81' lang='grc' dir='ltr'>τὴν</span> <span class='ocrx_word' id='word_1_371' title='bbox 1025 3238 1108 3305; x_wconf 75' lang='grc' dir='ltr'><strong>ἐφ’</strong></span> <span class='ocrx_word' id='word_1_372' title='bbox 1137 3236 1308 3290; x_wconf 78' lang='grc' dir='ltr'>ἅπασι</span> <span class='ocrx_word' id='word_1_373' title='bbox 1350 3241 1462 3302; x_wconf 78' lang='grc' dir='ltr'>τοῖς</span> <span class='ocrx_word' id='word_1_374' title='bbox 1514 3240 1737 3307; x_wconf 80' lang='grc' dir='ltr'>ἀγαθοῖς</span> 
     </span>
    </p>
   </div>
   <div class='ocr_carea' id='block_1_52' title="bbox 158 3323 1736 3401">
    <p class='ocr_par' dir='ltr' id='par_1_52' title="bbox 158 3323 1736 3401">
     <span class='ocr_line' id='line_1_52' title="bbox 158 3323 1736 3401; baseline 0.006 -28"><span class='ocrx_word' id='word_1_375' title='bbox 158 3323 571 3392; x_wconf 83' lang='grc' dir='ltr'>ἀμεταποίητον</span> <span class='ocrx_word' id='word_1_376' title='bbox 617 3324 827 3389; x_wconf 87' lang='grc' dir='ltr'>στάσιν,</span> <span class='ocrx_word' id='word_1_377' title='bbox 860 3326 955 3378; x_wconf 77' lang='grc' dir='ltr'><strong>καὶ</strong></span> <span class='ocrx_word' id='word_1_378' title='bbox 1005 3325 1105 3395; x_wconf 84' lang='grc' dir='ltr'>τῆς</span> <span class='ocrx_word' id='word_1_379' title='bbox 1150 3326 1319 3380; x_wconf 89' lang='grc' dir='ltr'>πάλαι</span> <span class='ocrx_word' id='word_1_380' title='bbox 1370 3330 1736 3401; x_wconf 83' lang='grc' dir='ltr'>τυραννούσης</span> 
     </span>
    </p>
   </div>
   <div class='ocr_carea' id='block_1_53' title="bbox 158 3413 1737 3492">
    <p class='ocr_par' dir='ltr' id='par_1_53' title="bbox 158 3413 1737 3492">
     <span class='ocr_line' id='line_1_53' title="bbox 158 3413 1737 3492; baseline 0.004 -26"><span class='ocrx_word' id='word_1_381' title='bbox 158 3413 437 3486; x_wconf 81' lang='grc' dir='ltr'>ἁμαρτίας</span> <span class='ocrx_word' id='word_1_382' title='bbox 475 3414 821 3485; x_wconf 83' lang='grc' dir='ltr'>ἀσυγκρίτως</span> <span class='ocrx_word' id='word_1_383' title='bbox 870 3416 1312 3489; x_wconf 81' lang='grc' dir='ltr'>εὐσθενεστέραν.</span> <span class='ocrx_word' id='word_1_384' title='bbox 1360 3420 1582 3490; x_wconf 79' lang='grc' dir='ltr'>Πρῶτος</span> <span class='ocrx_word' id='word_1_385' title='bbox 1628 3421 1737 3492; x_wconf 85' lang='grc' dir='ltr'>γὰρ</span> 
     </span>
    </p>
   </div>
   <div class='ocr_carea' id='block_1_54' title="bbox 155 3502 1735 3581">
    <p class='ocr_par' dir='ltr' id='par_1_54' title="bbox 155 3502 1735 3581">
     <span class='ocr_line' id='line_1_54' title="bbox 155 3502 1735 3581; baseline 0.005 -24"><span class='ocrx_word' id='word_1_386' title='bbox 155 3502 442 3573; x_wconf 76' lang='grc' dir='ltr'>ἄνθρωπος</span> <span class='ocrx_word' id='word_1_387' title='bbox 480 3505 508 3556; x_wconf 89' lang='lat'><strong>6</strong></span> <span class='ocrx_word' id='word_1_388' title='bbox 540 3505 792 3575; x_wconf 81' lang='grc' dir='ltr'>Χριστὸς,</span> <span class='ocrx_word' id='word_1_389' title='bbox 818 3505 877 3569; x_wconf 82' lang='grc' dir='ltr'>ὃς</span> <span class='ocrx_word' id='word_1_390' title='bbox 902 3507 1000 3561; x_wconf 87' lang='grc' dir='ltr'><strong>οὐκ</strong></span> <span class='ocrx_word' id='word_1_391' title='bbox 1020 3510 1274 3579; x_wconf 77' lang='grc' dir='ltr'>εποίησεν</span> <span class='ocrx_word' id='word_1_392' title='bbox 1296 3511 1590 3581; x_wconf 77' lang='grc' dir='ltr'>ἁμαρτίαν,</span> <span class='ocrx_word' id='word_1_393' title='bbox 1615 3513 1735 3566; x_wconf 75' lang='grc' dir='ltr'>οὐδὲ</span> 
     </span>
    </p>
   </div>
   <div class='ocr_carea' id='block_1_55' title="bbox 156 3594 1735 3672">
    <p class='ocr_par' dir='ltr' id='par_1_55' title="bbox 156 3594 1735 3672">
     <span class='ocr_line' id='line_1_55' title="bbox 156 3594 1735 3672; baseline 0.006 -25"><span class='ocrx_word' id='word_1_394' title='bbox 156 3594 359 3665; x_wconf 74' lang='grc' dir='ltr'>εὑρέθη</span> <span class='ocrx_word' id='word_1_395' title='bbox 387 3595 533 3658; x_wconf 85' lang='grc' dir='ltr'>δόλος</span> <span class='ocrx_word' id='word_1_396' title='bbox 582 3598 638 3649; x_wconf 82' lang='grc' dir='ltr'>ὲν</span> <span class='ocrx_word' id='word_1_397' title='bbox 684 3596 760 3667; x_wconf 79' lang='grc' dir='ltr'><strong>τῷ</strong></span> <span class='ocrx_word' id='word_1_398' title='bbox 793 3598 1020 3668; x_wconf 88' lang='grc' dir='ltr'>στόματι</span> <span class='ocrx_word' id='word_1_399' title='bbox 1054 3600 1238 3665; x_wconf 79' lang='grc' dir='ltr'>αὑτοῦ,</span> <span class='ocrx_word' id='word_1_400' title='bbox 1291 3600 1415 3672; x_wconf 78' lang='grc' dir='ltr'>ῥίζα</span> <span class='ocrx_word' id='word_1_401' title='bbox 1453 3602 1510 3655; x_wconf 80' lang='grc' dir='ltr'>δὲ</span> <span class='ocrx_word' id='word_1_402' title='bbox 1549 3602 1735 3672; x_wconf 80' lang='grc' dir='ltr'>ὥσπερ</span> 
     </span>
    </p>
   </div>
   <div class='ocr_carea' id='block_1_56' title="bbox 158 3686 1735 3764">
    <p class='ocr_par' dir='ltr' id='par_1_56' title="bbox 158 3686 1735 3764">
     <span class='ocr_line' id='line_1_56' title="bbox 158 3686 1735 3764; baseline 0.004 -24"><span class='ocrx_word' id='word_1_403' title='bbox 158 3686 259 3740; x_wconf 69' lang='grc' dir='ltr'><strong>καὶ</strong></span> <span class='ocrx_word' id='word_1_404' title='bbox 286 3686 507 3757; x_wconf 81' lang='grc' dir='ltr'>ἀπαρχὴ</span> <span class='ocrx_word' id='word_1_405' title='bbox 529 3688 840 3758; x_wconf 84' lang='grc' dir='ltr'>τεθειμένος</span> <span class='ocrx_word' id='word_1_406' title='bbox 862 3690 970 3743; x_wconf 87' lang='grc' dir='ltr'>τῶν</span> <span class='ocrx_word' id='word_1_407' title='bbox 1002 3693 1081 3755; x_wconf 92' lang='grc' dir='ltr'><strong>εἰς</strong></span> <span class='ocrx_word' id='word_1_408' title='bbox 1111 3693 1401 3764; x_wconf 87' lang='grc' dir='ltr'>καινότητα</span> <span class='ocrx_word' id='word_1_409' title='bbox 1429 3692 1573 3764; x_wconf 78' lang='grc' dir='ltr'>ζωῆς</span> <span class='ocrx_word' id='word_1_410' title='bbox 1606 3695 1735 3746; x_wconf 88' lang='grc' dir='ltr'>ἀνα-</span> 
     </span>
    </p>
   </div>
   <div class='ocr_carea' id='block_1_57' title="bbox 164 3777 1734 3855">
    <p class='ocr_par' dir='ltr' id='par_1_57' title="bbox 164 3777 1734 3855">
     <span class='ocr_line' id='line_1_57' title="bbox 164 3777 1734 3855; baseline 0.007 -28"><span class='ocrx_word' id='word_1_411' title='bbox 164 3777 558 3846; x_wconf 79' lang='grc' dir='ltr'>μορφουμένων</span> <span class='ocrx_word' id='word_1_412' title='bbox 607 3780 663 3831; x_wconf 84' lang='grc' dir='ltr'>ὲν</span> <span class='ocrx_word' id='word_1_413' title='bbox 706 3779 998 3851; x_wconf 80' lang='grc' dir='ltr'>πνεύματι,</span> <span class='ocrx_word' id='word_1_414' title='bbox 1044 3785 1138 3837; x_wconf 70' lang='grc' dir='ltr'><strong>καὶ</strong></span> <span class='ocrx_word' id='word_1_415' title='bbox 1187 3784 1287 3855; x_wconf 84' lang='grc' dir='ltr'>τὴν</span> <span class='ocrx_word' id='word_1_416' title='bbox 1338 3785 1433 3837; x_wconf 87' lang='grc' dir='ltr'><strong>τοῦ</strong></span> <span class='ocrx_word' id='word_1_417' title='bbox 1484 3786 1734 3855; x_wconf 85' lang='grc' dir='ltr'>σώματος</span> 
     </span>
    </p>
   </div>
   <div class='ocr_carea' id='block_1_58' title="bbox 159 3870 1735 3951">
    <p class='ocr_par' dir='ltr' id='par_1_58' title="bbox 159 3870 1735 3951">
     <span class='ocr_line' id='line_1_58' title="bbox 159 3870 1735 3951; baseline 0.008 -30"><span class='ocrx_word' id='word_1_418' title='bbox 159 3870 490 3943; x_wconf 65' lang='grc' dir='ltr'>ἀφθαρσίαν,</span> <span class='ocrx_word' id='word_1_419' title='bbox 520 3871 611 3924; x_wconf 74' lang='grc' dir='ltr'><strong>καί</strong></span> <span class='ocrx_word' id='word_1_420' title='bbox 633 3871 694 3923; x_wconf 83' lang='grc' dir='ltr'><strong>τὸ</strong></span> <span class='ocrx_word' id='word_1_421' title='bbox 718 3872 818 3942; x_wconf 79' lang='grc' dir='ltr'>τῆς</span> <span class='ocrx_word' id='word_1_422' title='bbox 852 3872 1104 3945; x_wconf 80' lang='grc' dir='ltr'>θεότητος</span> <span class='ocrx_word' id='word_1_423' title='bbox 1133 3876 1367 3946; x_wconf 82' lang='grc' dir='ltr'>ἀσφαλὲς</span> <span class='ocrx_word' id='word_1_424' title='bbox 1392 3878 1485 3930; x_wconf 79' lang='grc' dir='ltr'>καὶ</span> <span class='ocrx_word' id='word_1_425' title='bbox 1514 3880 1735 3951; x_wconf 77' lang='grc' dir='ltr'>ἐρηρει-</span> 
     </span>
    </p>
   </div>
   <div class='ocr_carea' id='block_1_59' title="bbox 158 3961 1734 4040">
    <p class='ocr_par' dir='ltr' id='par_1_59' title="bbox 158 3961 1734 4040">
     <span class='ocr_line' id='line_1_59' title="bbox 158 3961 1734 4040; baseline 0.006 -26"><span class='ocrx_word' id='word_1_426' title='bbox 158 3962 378 4032; x_wconf 83' lang='grc' dir='ltr'>σμένον,</span> <span class='ocrx_word' id='word_1_427' title='bbox 420 3961 494 4023; x_wconf 84' lang='grc' dir='ltr'>ὡς</span> <span class='ocrx_word' id='word_1_428' title='bbox 528 3964 586 4015; x_wconf 85' lang='grc' dir='ltr'>ὲν</span> <span class='ocrx_word' id='word_1_429' title='bbox 619 3962 832 4033; x_wconf 82' lang='grc' dir='ltr'>μεθέξει</span> <span class='ocrx_word' id='word_1_430' title='bbox 862 3965 955 4019; x_wconf 75' lang='grc' dir='ltr'><strong>καί</strong></span> <span class='ocrx_word' id='word_1_431' title='bbox 982 3966 1123 4020; x_wconf 88' lang='grc' dir='ltr'><strong>κατά</strong></span> <span class='ocrx_word' id='word_1_432' title='bbox 1161 3968 1342 4040; x_wconf 87' lang='grc' dir='ltr'>χάριν,</span> <span class='ocrx_word' id='word_1_433' title='bbox 1373 3969 1467 4023; x_wconf 75' lang='grc' dir='ltr'>καὶ</span> <span class='ocrx_word' id='word_1_434' title='bbox 1502 3971 1734 4024; x_wconf 89' lang='grc' dir='ltr'>εἰσάπαν</span> 
     </span>
    </p>
   </div>
   <div class='ocr_carea' id='block_1_60' title="bbox 156 4051 1728 4135">
    <p class='ocr_par' dir='ltr' id='par_1_60' title="bbox 156 4051 1728 4135">
     <span class='ocr_line' id='line_1_60' title="bbox 156 4051 1728 4135; baseline 0.008 -32"><span class='ocrx_word' id='word_1_435' title='bbox 156 4052 270 4125; x_wconf 61' lang='grc' dir='ltr'>ζῃρ.</span> <span class='ocrx_word' id='word_1_436' title='bbox 294 4055 371 4115; x_wconf 88' lang='grc' dir='ltr'><strong>εἰς</strong></span> <span class='ocrx_word' id='word_1_437' title='bbox 398 4051 567 4124; x_wconf 79' lang='grc' dir='ltr'>ἀπαν]</span> <span class='ocrx_word' id='word_1_438' title='bbox 593 4053 694 4124; x_wconf 71' lang='grc' dir='ltr'>ήδη</span> <span class='ocrx_word' id='word_1_439' title='bbox 719 4055 780 4106; x_wconf 70' lang='grc' dir='ltr'>τὸ</span> <span class='ocrx_word' id='word_1_440' title='bbox 807 4055 1145 4127; x_wconf 85' lang='grc' dir='ltr'>ἀνθρώπινον</span> <span class='ocrx_word' id='word_1_441' title='bbox 1177 4060 1520 4135; x_wconf 72' lang='grc' dir='ltr'>παραπέμψῃ</span> <span class='ocrx_word' id='word_1_442' title='bbox 1552 4062 1728 4130; x_wconf 87' lang='grc' dir='ltr'>γένος.</span> 
     </span>
    </p>
   </div>
   <div class='ocr_carea' id='block_1_61' title="bbox 158 4143 1734 4224">
    <p class='ocr_par' dir='ltr' id='par_1_61' title="bbox 158 4143 1734 4224">
     <span class='ocr_line' id='line_1_61' title="bbox 158 4143 1734 4224; baseline 0.006 -27"><span class='ocrx_word' id='word_1_443' title='bbox 158 4144 271 4197; x_wconf 75' lang='grc' dir='ltr'>Καὶ</span> <span class='ocrx_word' id='word_1_444' title='bbox 291 4143 448 4197; x_wconf 89' lang='grc' dir='ltr'>τοῦτο</span> <span class='ocrx_word' id='word_1_445' title='bbox 468 4144 622 4207; x_wconf 86' lang='grc' dir='ltr'>εἰδὼς</span> <span class='ocrx_word' id='word_1_446' title='bbox 639 4147 667 4198; x_wconf 89' lang='grc' dir='ltr'>ὁ</span> <span class='ocrx_word' id='word_1_447' title='bbox 688 4146 974 4210; x_wconf 83' lang='grc' dir='ltr'>θεσπέσιος</span> <span class='ocrx_word' id='word_1_448' title='bbox 997 4150 1198 4219; x_wconf 84' lang='grc' dir='ltr'>γράφει</span> <span class='ocrx_word' id='word_1_449' title='bbox 1219 4150 1431 4217; x_wconf 79' lang='grc' dir='ltr'>Παῦλος</span> <span class='ocrx_word' id='word_1_450' title='bbox 1450 4170 1464 4185; x_wconf 86' lang='grc'><strong>·</strong></span> <span class='ocrx_word' id='word_1_451' title='bbox 1492 4173 1509 4205; x_wconf 83' lang='grc' dir='ltr'><strong>ι</strong></span> <span class='ocrx_word' id='word_1_452' title='bbox 1524 4154 1734 4224; x_wconf 80' lang='grc' dir='ltr'>’Ὠσπερ</span> 
     </span>
    </p>
   </div>
   <div class='ocr_carea' id='block_1_62' title="bbox 157 4233 1733 4316">
    <p class='ocr_par' dir='ltr' id='par_1_62' title="bbox 157 4233 1733 4316">
     <span class='ocr_line' id='line_1_62' title="bbox 157 4233 1733 4316; baseline 0.008 -29"><span class='ocrx_word' id='word_1_453' title='bbox 157 4234 266 4307; x_wconf 73' lang='grc' dir='ltr'><strong>γάρ</strong></span> <span class='ocrx_word' id='word_1_454' title='bbox 301 4233 643 4304; x_wconf 80' lang='grc' dir='ltr'>ἐφορέσαμεν</span> <span class='ocrx_word' id='word_1_455' title='bbox 671 4237 771 4307; x_wconf 78' lang='grc' dir='ltr'>τὴν</span> <span class='ocrx_word' id='word_1_456' title='bbox 814 4238 999 4291; x_wconf 85' lang='grc' dir='ltr'>εἰκόνα</span> <span class='ocrx_word' id='word_1_457' title='bbox 1041 4240 1135 4293; x_wconf 93' lang='grc' dir='ltr'><strong>τοῦ</strong></span> <span class='ocrx_word' id='word_1_458' title='bbox 1164 4242 1370 4310; x_wconf 79' lang='grc' dir='ltr'>χοϊκοῦ,</span> <span class='ocrx_word' id='word_1_459' title='bbox 1415 4245 1733 4316; x_wconf 74' lang='grc' dir='ltr'>φορέσωμεν</span> 
     </span>
    </p>
   </div>
   <div class='ocr_carea' id='block_1_63' title="bbox 159 4324 1730 4405">
    <p class='ocr_par' dir='ltr' id='par_1_63' title="bbox 159 4324 1730 4405">
     <span class='ocr_line' id='line_1_63' title="bbox 159 4324 1730 4405; baseline 0.008 -28"><span class='ocrx_word' id='word_1_460' title='bbox 159 4325 255 4377; x_wconf 70' lang='grc' dir='ltr'>καί.</span> <span class='ocrx_word' id='word_1_461' title='bbox 281 4326 379 4394; x_wconf 79' lang='grc' dir='ltr'><strong>τὴν</strong></span> <span class='ocrx_word' id='word_1_462' title='bbox 407 4324 589 4378; x_wconf 88' lang='grc' dir='ltr'>εἰκόνα</span> <span class='ocrx_word' id='word_1_463' title='bbox 618 4324 710 4377; x_wconf 90' lang='grc' dir='ltr'><strong>τοῦ</strong></span> <span class='ocrx_word' id='word_1_464' title='bbox 736 4328 1082 4399; x_wconf 85' lang='grc' dir='ltr'>ἐπουρανίου.</span> <span class='ocrx_word' id='word_1_465' title='bbox 1111 4349 1129 4381; x_wconf 78' lang='grc' dir='ltr'><strong>ι</strong></span> <span class='ocrx_word' id='word_1_466' title='bbox 1152 4332 1349 4386; x_wconf 85' lang='grc' dir='ltr'>Εἰκόνα</span> <span class='ocrx_word' id='word_1_467' title='bbox 1383 4334 1481 4403; x_wconf 81' lang='grc' dir='ltr'><strong>μὲν</strong></span> <span class='ocrx_word' id='word_1_468' title='bbox 1504 4335 1612 4405; x_wconf 83' lang='grc' dir='ltr'><strong>γάρ</strong></span> <span class='ocrx_word' id='word_1_469' title='bbox 1638 4334 1730 4389; x_wconf 87' lang='grc' dir='ltr'><strong>τοῦ</strong></span> 
     </span>
    </p>
   </div>
   <div class='ocr_carea' id='block_1_64' title="bbox 1843 1858 3422 1927">
    <p class='ocr_par' dir='ltr' id='par_1_64' title="bbox 1843 1858 3422 1927">
     <span class='ocr_line' id='line_1_64' title="bbox 1843 1858 3422 1927; baseline -0.004 -13"><span class='ocrx_word' id='word_1_470' title='bbox 1843 1876 1944 1916; x_wconf 90' lang='lat' dir='ltr'><strong>nos</strong></span> <span class='ocrx_word' id='word_1_471' title='bbox 1994 1861 2262 1915; x_wconf 80' lang='lat' dir='ltr'><strong>invaserat</strong></span> <span class='ocrx_word' id='word_1_472' title='bbox 2316 1860 2540 1914; x_wconf 83' lang='lat' dir='ltr'><strong>mortale</strong></span> <span class='ocrx_word' id='word_1_473' title='bbox 2583 1868 2829 1914; x_wconf 87' lang='lat' dir='ltr'><strong>nostrum</strong></span> <span class='ocrx_word' id='word_1_474' title='bbox 2885 1874 3082 1927; x_wconf 78' lang='lat' dir='ltr'><strong>corpus</strong></span> <span class='ocrx_word' id='word_1_475' title='bbox 3146 1858 3422 1922; x_wconf 83' lang='lat' dir='ltr'><strong>liberaret,</strong></span> 
     </span>
    </p>
   </div>
   <div class='ocr_carea' id='block_1_65' title="bbox 1847 1948 3421 2023">
    <p class='ocr_par' dir='ltr' id='par_1_65' title="bbox 1847 1948 3421 2023">
     <span class='ocr_line' id='line_1_65' title="bbox 1847 1948 3421 2023; baseline -0.004 -16"><span class='ocrx_word' id='word_1_476' title='bbox 1847 1967 1968 2007; x_wconf 88' lang='lat' dir='ltr'><strong>cum</strong></span> <span class='ocrx_word' id='word_1_477' title='bbox 1997 1952 2301 2007; x_wconf 87' lang='lat' dir='ltr'><strong>arctissima</strong></span> <span class='ocrx_word' id='word_1_478' title='bbox 2340 1953 2571 2023; x_wconf 85' lang='lat' dir='ltr'><strong>quadam</strong></span> <span class='ocrx_word' id='word_1_479' title='bbox 2653 1953 2875 2006; x_wconf 86' lang='lat' dir='ltr'><strong>unitatis</strong></span> <span class='ocrx_word' id='word_1_480' title='bbox 2925 1949 3322 2019; x_wconf 78' lang='lat' dir='ltr'><strong>diSpensatione</strong></span> <span class='ocrx_word' id='word_1_481' title='bbox 3366 1948 3421 2001; x_wconf 91' lang='lat' dir='ltr'><strong>in</strong></span> 
     </span>
    </p>
   </div>
   <div class='ocr_carea' id='block_1_66' title="bbox 1846 2039 3424 2109">
    <p class='ocr_par' dir='ltr' id='par_1_66' title="bbox 1846 2039 3424 2109">
     <span class='ocr_line' id='line_1_66' title="bbox 1846 2039 3424 2109; baseline -0.005 -11"><span class='ocrx_word' id='word_1_482' title='bbox 1846 2044 2179 2098; x_wconf 88' lang='lat' dir='ltr'><strong>identitatem</strong></span> <span class='ocrx_word' id='word_1_483' title='bbox 2232 2044 2513 2098; x_wconf 86' lang='lat' dir='ltr'><strong>nobiscum</strong></span> <span class='ocrx_word' id='word_1_484' title='bbox 2563 2057 2624 2097; x_wconf 92' lang='lat' dir='ltr'><strong>se</strong></span> <span class='ocrx_word' id='word_1_485' title='bbox 2659 2043 2879 2097; x_wconf 89' lang='lat' dir='ltr'><strong>demisit</strong></span> <span class='ocrx_word' id='word_1_486' title='bbox 2911 2040 3061 2108; x_wconf 81' lang='lat' dir='ltr'><strong>juxta</strong></span> <span class='ocrx_word' id='word_1_487' title='bbox 3095 2041 3214 2093; x_wconf 67' lang='lat' dir='ltr'><strong>vitae</strong></span> <span class='ocrx_word' id='word_1_488' title='bbox 3254 2039 3424 2109; x_wconf 87' lang='lat' dir='ltr'><strong>legem</strong></span> 
     </span>
    </p>
   </div>
   <div class='ocr_carea' id='block_1_67' title="bbox 1846 2130 3421 2203">
    <p class='ocr_par' dir='ltr' id='par_1_67' title="bbox 1846 2130 3421 2203">
     <span class='ocr_line' id='line_1_67' title="bbox 1846 2130 3421 2203; baseline -0.003 -15"><span class='ocrx_word' id='word_1_489' title='bbox 1846 2149 1908 2188; x_wconf 91' lang='lat' dir='ltr'><strong>ac</strong></span> <span class='ocrx_word' id='word_1_490' title='bbox 1945 2134 2215 2203; x_wconf 84' lang='lat' dir='ltr'><strong>regulam:</strong></span> <span class='ocrx_word' id='word_1_491' title='bbox 2251 2133 2591 2203; x_wconf 88' lang='lat' dir='ltr'><strong>animamque</strong></span> <span class='ocrx_word' id='word_1_492' title='bbox 2647 2133 2939 2186; x_wconf 85' lang='lat' dir='ltr'><strong>humanam</strong></span> <span class='ocrx_word' id='word_1_493' title='bbox 2998 2132 3269 2201; x_wconf 88' lang='lat' dir='ltr'><strong>propriam</strong></span> <span class='ocrx_word' id='word_1_494' title='bbox 3321 2130 3421 2184; x_wconf 90' lang='lat' dir='ltr'><strong>sibi</strong></span> 
     </span>
    </p>
   </div>
   <div class='ocr_carea' id='block_1_68' title="bbox 1845 2221 3425 2293">
    <p class='ocr_par' dir='ltr' id='par_1_68' title="bbox 1845 2221 3425 2293">
     <span class='ocr_line' id='line_1_68' title="bbox 1845 2221 3425 2293; baseline -0.004 -14"><span class='ocrx_word' id='word_1_495' title='bbox 1845 2222 2096 2287; x_wconf 73' lang='lat' dir='ltr'><strong>efﬁciens,</strong></span> <span class='ocrx_word' id='word_1_496' title='bbox 2130 2234 2352 2292; x_wconf 89' lang='lat' dir='ltr'><strong>peccato</strong></span> <span class='ocrx_word' id='word_1_497' title='bbox 2378 2240 2496 2278; x_wconf 92' lang='lat' dir='ltr'><strong>eam</strong></span> <span class='ocrx_word' id='word_1_498' title='bbox 2528 2224 2862 2293; x_wconf 85' lang='lat' dir='ltr'><strong>superiorem</strong></span> <span class='ocrx_word' id='word_1_499' title='bbox 2911 2223 3163 2287; x_wconf 85' lang='lat' dir='ltr'><strong>reddidit,</strong></span> <span class='ocrx_word' id='word_1_500' title='bbox 3196 2221 3425 2291; x_wconf 64' lang='lat' dir='ltr'><strong>propriae</strong></span> 
     </span>
    </p>
   </div>
   <div class='ocr_carea' id='block_1_69' title="bbox 1846 2316 3420 2386">
    <p class='ocr_par' dir='ltr' id='par_1_69' title="bbox 1846 2316 3420 2386">
     <span class='ocr_line' id='line_1_69' title="bbox 1846 2316 3420 2386; baseline -0.003 -16"><span class='ocrx_word' id='word_1_501' title='bbox 1846 2332 1955 2370; x_wconf 66' lang='lat' dir='ltr'><strong>suae</strong></span> <span class='ocrx_word' id='word_1_502' title='bbox 1981 2323 2185 2370; x_wconf 75' lang='lat' dir='ltr'><strong>natura:</strong></span> <span class='ocrx_word' id='word_1_503' title='bbox 2221 2316 2475 2371; x_wconf 84' lang='lat' dir='ltr'><strong>ﬁrmitate</strong></span> <span class='ocrx_word' id='word_1_504' title='bbox 2501 2326 2666 2386; x_wconf 88' lang='lat' dir='ltr'><strong>atque</strong></span> <span class='ocrx_word' id='word_1_505' title='bbox 2704 2316 3145 2370; x_wconf 87' lang='lat' dir='ltr'><strong>immutabilitate</strong></span> <span class='ocrx_word' id='word_1_506' title='bbox 3170 2325 3420 2384; x_wconf 86' lang='lat' dir='ltr'><strong>tanquam</strong></span> 
     </span>
    </p>
   </div>
   <div class='ocr_carea' id='block_1_70' title="bbox 1847 2407 2498 2477">
    <p class='ocr_par' dir='ltr' id='par_1_70' title="bbox 1847 2407 2498 2477">
     <span class='ocr_line' id='line_1_70' title="bbox 1847 2407 2498 2477; baseline 0.005 -16"><span class='ocrx_word' id='word_1_507' title='bbox 1847 2408 2076 2461; x_wconf 88' lang='lat' dir='ltr'><strong>tinctura</strong></span> <span class='ocrx_word' id='word_1_508' title='bbox 2109 2422 2228 2461; x_wconf 88' lang='lat' dir='ltr'><strong>eam</strong></span> <span class='ocrx_word' id='word_1_509' title='bbox 2266 2407 2498 2477; x_wconf 85' lang='lat' dir='ltr'><strong>tingens.</strong></span> 
     </span>
    </p>
   </div>
   <div class='ocr_carea' id='block_1_71' title="bbox 1902 2572 3409 2651">
    <p class='ocr_par' dir='ltr' id='par_1_71' title="bbox 1902 2572 3409 2651">
     <span class='ocr_line' id='line_1_71' title="bbox 1902 2572 3409 2651; baseline -0.003 -13"><span class='ocrx_word' id='word_1_510' title='bbox 1902 2584 1963 2640; x_wconf 88' lang='grc' dir='ltr'><strong>Β.</strong></span> <span class='ocrx_word' id='word_1_511' title='bbox 1995 2584 2107 2639; x_wconf 79' lang='lat' dir='ltr'><strong>Non</strong></span> <span class='ocrx_word' id='word_1_512' title='bbox 2137 2586 2363 2640; x_wconf 89' lang='lat' dir='ltr'><strong>obscura</strong></span> <span class='ocrx_word' id='word_1_513' title='bbox 2406 2598 2524 2638; x_wconf 86' lang='lat' dir='ltr'><strong>meo</strong></span> <span class='ocrx_word' id='word_1_514' title='bbox 2552 2572 2770 2651; x_wconf 74' lang='lat' dir='ltr'><strong>quide&#39;m</strong></span> <span class='ocrx_word' id='word_1_515' title='bbox 2790 2582 2998 2651; x_wconf 89' lang='lat' dir='ltr'><strong>judicio</strong></span> <span class='ocrx_word' id='word_1_516' title='bbox 3028 2597 3116 2635; x_wconf 87' lang='lat' dir='ltr'><strong>res</strong></span> <span class='ocrx_word' id='word_1_517' title='bbox 3144 2582 3258 2636; x_wconf 73' lang='lat' dir='ltr'><strong>haec</strong></span> <span class='ocrx_word' id='word_1_518' title='bbox 3281 2591 3363 2635; x_wconf 90' lang='lat' dir='ltr'><strong>est</strong></span> <span class='ocrx_word' id='word_1_519' title='bbox 3396 2599 3409 2634; x_wconf 90' lang='lat'><strong>:</strong></span> 
     </span>
    </p>
   </div>
   <div class='ocr_carea' id='block_1_72' title="bbox 1844 2673 3421 2745">
    <p class='ocr_par' dir='ltr' id='par_1_72' title="bbox 1844 2673 3421 2745">
     <span class='ocr_line' id='line_1_72' title="bbox 1844 2673 3421 2745; baseline -0.002 -15"><span class='ocrx_word' id='word_1_520' title='bbox 1844 2676 2191 2731; x_wconf 77' lang='lat' dir='ltr'><strong>verisimilem</strong></span> <span class='ocrx_word' id='word_1_521' title='bbox 2222 2678 2391 2740; x_wconf 88' lang='lat' dir='ltr'><strong>enim,</strong></span> <span class='ocrx_word' id='word_1_522' title='bbox 2417 2678 2523 2729; x_wconf 86' lang='lat' dir='ltr'><strong>imo</strong></span> <span class='ocrx_word' id='word_1_523' title='bbox 2556 2676 2733 2745; x_wconf 88' lang='lat' dir='ltr'><strong>potius</strong></span> <span class='ocrx_word' id='word_1_524' title='bbox 2765 2689 2947 2729; x_wconf 71' lang='lat' dir='ltr'><strong>veram</strong></span> <span class='ocrx_word' id='word_1_525' title='bbox 2974 2674 3234 2728; x_wconf 85' lang='lat' dir='ltr'><strong>rationem</strong></span> <span class='ocrx_word' id='word_1_526' title='bbox 3285 2673 3336 2726; x_wconf 91' lang='lat' dir='ltr'><strong>in</strong></span> <span class='ocrx_word' id='word_1_527' title='bbox 3361 2688 3421 2727; x_wconf 85' lang='lat' dir='ltr'><strong>se</strong></span> 
     </span>
    </p>
   </div>
   <div class='ocr_carea' id='block_1_73' title="bbox 1846 2769 2030 2824">
    <p class='ocr_par' dir='ltr' id='par_1_73' title="bbox 1846 2769 2030 2824">
     <span class='ocr_line' id='line_1_73' title="bbox 1846 2769 2030 2824; baseline -0.011 0"><span class='ocrx_word' id='word_1_528' title='bbox 1846 2769 2030 2824; x_wconf 83' lang='lat' dir='ltr'><strong>habet.</strong></span> 
     </span>
    </p>
   </div>
   <div class='ocr_carea' id='block_1_74' title="bbox 1913 2857 3417 2929">
    <p class='ocr_par' dir='ltr' id='par_1_74' title="bbox 1913 2857 3417 2929">
     <span class='ocr_line' id='line_1_74' title="bbox 1913 2857 3417 2929; baseline -0.003 -15"><span class='ocrx_word' id='word_1_529' title='bbox 1913 2861 1977 2914; x_wconf 84' lang='lat' dir='ltr'><strong>A.</strong></span> <span class='ocrx_word' id='word_1_530' title='bbox 2013 2858 2473 2927; x_wconf 83' lang='lat' dir='ltr'><strong>Quemadmodum</strong></span> <span class='ocrx_word' id='word_1_531' title='bbox 2506 2859 2669 2929; x_wconf 91' lang='lat' dir='ltr'><strong>igitur</strong></span> <span class='ocrx_word' id='word_1_532' title='bbox 2696 2857 2820 2928; x_wconf 88' lang='lat' dir='ltr'><strong>quia</strong></span> <span class='ocrx_word' id='word_1_533' title='bbox 2846 2857 2984 2911; x_wconf 79' lang='lat' dir='ltr'><strong>facta</strong></span> <span class='ocrx_word' id='word_1_534' title='bbox 3012 2867 3094 2912; x_wconf 89' lang='lat' dir='ltr'><strong>est</strong></span> <span class='ocrx_word' id='word_1_535' title='bbox 3125 2872 3253 2911; x_wconf 88' lang='lat' dir='ltr'><strong>caro</strong></span> <span class='ocrx_word' id='word_1_536' title='bbox 3282 2858 3417 2910; x_wconf 80' lang='lat' dir='ltr'><strong>Ver-</strong></span> 
     </span>
    </p>
   </div>
   <div class='ocr_carea' id='block_1_75' title="bbox 1844 2949 3413 3017">
    <p class='ocr_par' dir='ltr' id='par_1_75' title="bbox 1844 2949 3413 3017">
     <span class='ocr_line' id='line_1_75' title="bbox 1844 2949 3413 3017; baseline -0.004 -12"><span class='ocrx_word' id='word_1_537' title='bbox 1844 2950 1897 3005; x_wconf 90' lang='lat' dir='ltr'><strong>bi</strong></span> <span class='ocrx_word' id='word_1_538' title='bbox 1923 2952 2102 3005; x_wconf 88' lang='lat' dir='ltr'><strong>omnia</strong></span> <span class='ocrx_word' id='word_1_539' title='bbox 2141 2950 2486 3013; x_wconf 88' lang='lat' dir='ltr'><strong>viviﬁcantis,</strong></span> <span class='ocrx_word' id='word_1_540' title='bbox 2524 2950 2711 3003; x_wconf 88' lang='lat' dir='ltr'><strong>mortis</strong></span> <span class='ocrx_word' id='word_1_541' title='bbox 2746 2959 2906 3017; x_wconf 87' lang='lat' dir='ltr'><strong>atque</strong></span> <span class='ocrx_word' id='word_1_542' title='bbox 2959 2950 3212 3002; x_wconf 86' lang='lat' dir='ltr'><strong>interitus</strong></span> <span class='ocrx_word' id='word_1_543' title='bbox 3246 2949 3413 3014; x_wconf 88' lang='lat' dir='ltr'><strong>impe-</strong></span> 
     </span>
    </p>
   </div>
   <div class='ocr_carea' id='block_1_76' title="bbox 1847 3039 3418 3112">
    <p class='ocr_par' dir='ltr' id='par_1_76' title="bbox 1847 3039 3418 3112">
     <span class='ocr_line' id='line_1_76' title="bbox 1847 3039 3418 3112; baseline -0.003 -15"><span class='ocrx_word' id='word_1_544' title='bbox 1847 3045 1983 3097; x_wconf 91' lang='lat' dir='ltr'><strong>rium</strong></span> <span class='ocrx_word' id='word_1_545' title='bbox 2012 3052 2230 3112; x_wconf 89' lang='lat' dir='ltr'><strong>superat</strong></span> <span class='ocrx_word' id='word_1_546' title='bbox 2269 3059 2283 3095; x_wconf 88' lang='lat'><strong>:</strong></span> <span class='ocrx_word' id='word_1_547' title='bbox 2328 3041 2516 3096; x_wconf 88' lang='lat' dir='ltr'><strong>eodem</strong></span> <span class='ocrx_word' id='word_1_548' title='bbox 2562 3040 2718 3109; x_wconf 88' lang='lat' dir='ltr'><strong>plane</strong></span> <span class='ocrx_word' id='word_1_549' title='bbox 2774 3042 2953 3103; x_wconf 87' lang='lat' dir='ltr'><strong>modo,</strong></span> <span class='ocrx_word' id='word_1_550' title='bbox 2980 3040 3104 3107; x_wconf 87' lang='lat' dir='ltr'><strong>quia</strong></span> <span class='ocrx_word' id='word_1_551' title='bbox 3141 3039 3278 3093; x_wconf 78' lang='lat' dir='ltr'><strong>facta</strong></span> <span class='ocrx_word' id='word_1_552' title='bbox 3334 3048 3418 3093; x_wconf 90' lang='lat' dir='ltr'><strong>est</strong></span> 
     </span>
    </p>
   </div>
   <div class='ocr_carea' id='block_1_77' title="bbox 1840 3132 3416 3204">
    <p class='ocr_par' dir='ltr' id='par_1_77' title="bbox 1840 3132 3416 3204">
     <span class='ocr_line' id='line_1_77' title="bbox 1840 3132 3416 3204; baseline -0.002 -15"><span class='ocrx_word' id='word_1_553' title='bbox 1840 3136 2017 3190; x_wconf 89' lang='lat' dir='ltr'><strong>anima</strong></span> <span class='ocrx_word' id='word_1_554' title='bbox 2043 3136 2158 3204; x_wconf 75' lang='lat' dir='ltr'><strong>elus</strong></span> <span class='ocrx_word' id='word_1_555' title='bbox 2189 3135 2277 3202; x_wconf 88' lang='lat' dir='ltr'><strong>qui</strong></span> <span class='ocrx_word' id='word_1_556' title='bbox 2327 3147 2553 3201; x_wconf 87' lang='lat' dir='ltr'><strong>peccare</strong></span> <span class='ocrx_word' id='word_1_557' title='bbox 2620 3132 2813 3195; x_wconf 77' lang='lat' dir='ltr'><strong>nescit,</strong></span> <span class='ocrx_word' id='word_1_558' title='bbox 2881 3132 3094 3186; x_wconf 88' lang='lat' dir='ltr'><strong>ﬁrmmn</strong></span> <span class='ocrx_word' id='word_1_559' title='bbox 3159 3132 3416 3201; x_wconf 78' lang='lat' dir='ltr'><strong>deinceps</strong></span> 
     </span>
    </p>
   </div>
   <div class='ocr_carea' id='block_1_78' title="bbox 1839 3224 3415 3295">
    <p class='ocr_par' dir='ltr' id='par_1_78' title="bbox 1839 3224 3415 3295">
     <span class='ocr_line' id='line_1_78' title="bbox 1839 3224 3415 3295; baseline -0.002 -15"><span class='ocrx_word' id='word_1_560' title='bbox 1839 3235 2000 3295; x_wconf 87' lang='lat' dir='ltr'><strong>atque</strong></span> <span class='ocrx_word' id='word_1_561' title='bbox 2035 3224 2423 3279; x_wconf 86' lang='lat' dir='ltr'><strong>immutabilem</strong></span> <span class='ocrx_word' id='word_1_562' title='bbox 2447 3225 2500 3277; x_wconf 91' lang='lat' dir='ltr'><strong>in</strong></span> <span class='ocrx_word' id='word_1_563' title='bbox 2534 3225 2679 3278; x_wconf 90' lang='lat' dir='ltr'><strong>otnni</strong></span> <span class='ocrx_word' id='word_1_564' title='bbox 2734 3224 2876 3279; x_wconf 89' lang='lat' dir='ltr'><strong>bono</strong></span> <span class='ocrx_word' id='word_1_565' title='bbox 2929 3234 3156 3287; x_wconf 90' lang='lat' dir='ltr'><strong>statum,</strong></span> <span class='ocrx_word' id='word_1_566' title='bbox 3194 3234 3247 3278; x_wconf 90' lang='lat' dir='ltr'><strong>et</strong></span> <span class='ocrx_word' id='word_1_567' title='bbox 3286 3239 3415 3293; x_wconf 82' lang='lat' dir='ltr'><strong>pec-</strong></span> 
     </span>
    </p>
   </div>
   <div class='ocr_carea' id='block_1_79' title="bbox 1840 3313 3419 3386">
    <p class='ocr_par' dir='ltr' id='par_1_79' title="bbox 1840 3313 3419 3386">
     <span class='ocr_line' id='line_1_79' title="bbox 1840 3313 3419 3386; baseline -0.003 -14"><span class='ocrx_word' id='word_1_568' title='bbox 1840 3328 1961 3372; x_wconf 87' lang='lat' dir='ltr'><strong>cato</strong></span> <span class='ocrx_word' id='word_1_569' title='bbox 1990 3317 2133 3386; x_wconf 89' lang='lat' dir='ltr'><strong>quod</strong></span> <span class='ocrx_word' id='word_1_570' title='bbox 2157 3324 2313 3370; x_wconf 88' lang='lat' dir='ltr'><strong>antea</strong></span> <span class='ocrx_word' id='word_1_571' title='bbox 2354 3316 2639 3386; x_wconf 89' lang='lat' dir='ltr'><strong>imperium</strong></span> <span class='ocrx_word' id='word_1_572' title='bbox 2676 3315 2973 3382; x_wconf 90' lang='lat' dir='ltr'><strong>obtinebat,</strong></span> <span class='ocrx_word' id='word_1_573' title='bbox 3022 3313 3419 3383; x_wconf 83' lang='lat' dir='ltr'><strong>incomparabi-</strong></span> 
     </span>
    </p>
   </div>
   <div class='ocr_carea' id='block_1_80' title="bbox 1840 3406 3413 3472">
    <p class='ocr_par' dir='ltr' id='par_1_80' title="bbox 1840 3406 3413 3472">
     <span class='ocr_line' id='line_1_80' title="bbox 1840 3406 3413 3472; baseline -0.004 -11"><span class='ocrx_word' id='word_1_574' title='bbox 1840 3408 1960 3463; x_wconf 91' lang='lat' dir='ltr'><strong>liter</strong></span> <span class='ocrx_word' id='word_1_575' title='bbox 1979 3409 2312 3463; x_wconf 84' lang='lat' dir='ltr'><strong>validiorem.</strong></span> <span class='ocrx_word' id='word_1_576' title='bbox 2348 3407 2567 3463; x_wconf 88' lang='lat' dir='ltr'><strong>Primus</strong></span> <span class='ocrx_word' id='word_1_577' title='bbox 2596 3408 2743 3463; x_wconf 88' lang='lat' dir='ltr'><strong>enim</strong></span> <span class='ocrx_word' id='word_1_578' title='bbox 2787 3408 2969 3472; x_wconf 89' lang='lat' dir='ltr'><strong>homo,</strong></span> <span class='ocrx_word' id='word_1_579' title='bbox 3025 3406 3276 3461; x_wconf 87' lang='lat' dir='ltr'><strong>Christus</strong></span> <span class='ocrx_word' id='word_1_580' title='bbox 3306 3416 3413 3471; x_wconf 75' lang='grc' dir='ltr'>εει,</span> 
     </span>
    </p>
   </div>
   <div class='ocr_carea' id='block_1_81' title="bbox 1836 3498 3416 3570">
    <p class='ocr_par' dir='ltr' id='par_1_81' title="bbox 1836 3498 3416 3570">
     <span class='ocr_line' id='line_1_81' title="bbox 1836 3498 3416 3570; baseline 0 -18"><span class='ocrx_word' id='word_1_581' title='bbox 1836 3502 1924 3570; x_wconf 91' lang='lat' dir='ltr'><strong>qui</strong></span> <span class='ocrx_word' id='word_1_582' title='bbox 1956 3508 2233 3567; x_wconf 86' lang='lat' dir='ltr'><strong>peccatum</strong></span> <span class='ocrx_word' id='word_1_583' title='bbox 2274 3517 2378 3556; x_wconf 90' lang='lat' dir='ltr'><strong>non</strong></span> <span class='ocrx_word' id='word_1_584' title='bbox 2413 3500 2562 3562; x_wconf 77' lang='lat' dir='ltr'><strong>fecit,</strong></span> <span class='ocrx_word' id='word_1_585' title='bbox 2600 3515 2775 3569; x_wconf 87' lang='lat' dir='ltr'><strong>neque</strong></span> <span class='ocrx_word' id='word_1_586' title='bbox 2807 3500 3061 3553; x_wconf 79' lang='lat' dir='ltr'><strong>inventus</strong></span> <span class='ocrx_word' id='word_1_587' title='bbox 3080 3507 3164 3553; x_wconf 90' lang='lat' dir='ltr'><strong>est</strong></span> <span class='ocrx_word' id='word_1_588' title='bbox 3212 3498 3266 3552; x_wconf 91' lang='lat' dir='ltr'><strong>in</strong></span> <span class='ocrx_word' id='word_1_589' title='bbox 3318 3512 3416 3553; x_wconf 87' lang='lat' dir='ltr'><strong>ore</strong></span> 
     </span>
    </p>
   </div>
   <div class='ocr_carea' id='block_1_82' title="bbox 1835 3589 3414 3662">
    <p class='ocr_par' dir='ltr' id='par_1_82' title="bbox 1835 3589 3414 3662">
     <span class='ocr_line' id='line_1_82' title="bbox 1835 3589 3414 3662; baseline -0.003 -15"><span class='ocrx_word' id='word_1_590' title='bbox 1835 3592 1950 3658; x_wconf 87' lang='lat' dir='ltr'><strong>ejus</strong></span> <span class='ocrx_word' id='word_1_591' title='bbox 1979 3592 2134 3648; x_wconf 92' lang='lat' dir='ltr'><strong>dolus</strong></span> <span class='ocrx_word' id='word_1_592' title='bbox 2161 3592 2229 3657; x_wconf 69' lang='grc'><strong>⁸⁸,</strong></span> <span class='ocrx_word' id='word_1_593' title='bbox 2262 3593 2417 3647; x_wconf 80' lang='lat' dir='ltr'><strong>radix</strong></span> <span class='ocrx_word' id='word_1_594' title='bbox 2447 3603 2630 3646; x_wconf 86' lang='lat' dir='ltr'><strong>autem</strong></span> <span class='ocrx_word' id='word_1_595' title='bbox 2661 3590 2828 3662; x_wconf 75' lang='lat'><strong>692</strong></span> <span class='ocrx_word' id='word_1_596' title='bbox 2861 3602 2946 3645; x_wconf 85' lang='lat' dir='ltr'><strong>est</strong></span> <span class='ocrx_word' id='word_1_597' title='bbox 2981 3606 3045 3644; x_wconf 93' lang='lat' dir='ltr'><strong>ac</strong></span> <span class='ocrx_word' id='word_1_598' title='bbox 3087 3589 3251 3644; x_wconf 85' lang='lat' dir='ltr'><strong>veluti</strong></span> <span class='ocrx_word' id='word_1_599' title='bbox 3306 3589 3414 3659; x_wconf 85' lang='lat' dir='ltr'><strong>pri-</strong></span> 
     </span>
    </p>
   </div>
   <div class='ocr_carea' id='block_1_83' title="bbox 1838 3681 3414 3753">
    <p class='ocr_par' dir='ltr' id='par_1_83' title="bbox 1838 3681 3414 3753">
     <span class='ocr_line' id='line_1_83' title="bbox 1838 3681 3414 3753; baseline -0.003 -16"><span class='ocrx_word' id='word_1_600' title='bbox 1838 3685 1999 3737; x_wconf 75' lang='lat' dir='ltr'><strong>mitia:</strong></span> <span class='ocrx_word' id='word_1_601' title='bbox 2026 3700 2211 3738; x_wconf 91' lang='lat' dir='ltr'><strong>eorum</strong></span> <span class='ocrx_word' id='word_1_602' title='bbox 2242 3683 2333 3753; x_wconf 84' lang='lat' dir='ltr'><strong>qui</strong></span> <span class='ocrx_word' id='word_1_603' title='bbox 2361 3684 2414 3737; x_wconf 90' lang='lat' dir='ltr'><strong>in</strong></span> <span class='ocrx_word' id='word_1_604' title='bbox 2456 3685 2755 3738; x_wconf 80' lang='lat' dir='ltr'><strong>novitatem</strong></span> <span class='ocrx_word' id='word_1_605' title='bbox 2814 3685 2934 3737; x_wconf 71' lang='lat' dir='ltr'><strong>vita:</strong></span> <span class='ocrx_word' id='word_1_606' title='bbox 2985 3681 3280 3752; x_wconf 89' lang='lat' dir='ltr'><strong>spiritualis</strong></span> <span class='ocrx_word' id='word_1_607' title='bbox 3332 3698 3414 3734; x_wconf 79' lang='lat' dir='ltr'><strong>re-</strong></span> 
     </span>
    </p>
   </div>
   <div class='ocr_carea' id='block_1_84' title="bbox 1837 3772 3413 3843">
    <p class='ocr_par' dir='ltr' id='par_1_84' title="bbox 1837 3772 3413 3843">
     <span class='ocr_line' id='line_1_84' title="bbox 1837 3772 3413 3843; baseline -0.002 -16"><span class='ocrx_word' id='word_1_608' title='bbox 1837 3774 2054 3830; x_wconf 82' lang='lat' dir='ltr'><strong>formati</strong></span> <span class='ocrx_word' id='word_1_609' title='bbox 2094 3785 2246 3841; x_wconf 88' lang='lat' dir='ltr'><strong>sunt,</strong></span> <span class='ocrx_word' id='word_1_610' title='bbox 2273 3784 2327 3830; x_wconf 90' lang='lat' dir='ltr'><strong>et</strong></span> <span class='ocrx_word' id='word_1_611' title='bbox 2359 3774 2821 3843; x_wconf 89' lang='lat' dir='ltr'><strong>incorruptionem</strong></span> <span class='ocrx_word' id='word_1_612' title='bbox 2854 3775 3118 3842; x_wconf 90' lang='lat' dir='ltr'><strong>corporis,</strong></span> <span class='ocrx_word' id='word_1_613' title='bbox 3151 3772 3413 3827; x_wconf 86' lang='lat' dir='ltr'><strong>divinita-</strong></span> 
     </span>
    </p>
   </div>
   <div class='ocr_carea' id='block_1_85' title="bbox 1837 3867 3409 3937">
    <p class='ocr_par' dir='ltr' id='par_1_85' title="bbox 1837 3867 3409 3937">
     <span class='ocr_line' id='line_1_85' title="bbox 1837 3867 3409 3937; baseline -0.002 -14"><span class='ocrx_word' id='word_1_614' title='bbox 1837 3870 2011 3937; x_wconf 90' lang='lat' dir='ltr'><strong>tisque</strong></span> <span class='ocrx_word' id='word_1_615' title='bbox 2047 3867 2359 3922; x_wconf 88' lang='lat' dir='ltr'><strong>ﬁrmitatem</strong></span> <span class='ocrx_word' id='word_1_616' title='bbox 2430 3882 2493 3922; x_wconf 90' lang='lat' dir='ltr'><strong>ac</strong></span> <span class='ocrx_word' id='word_1_617' title='bbox 2545 3867 2896 3922; x_wconf 87' lang='lat' dir='ltr'><strong>stabilitatem</strong></span> <span class='ocrx_word' id='word_1_618' title='bbox 2953 3882 3049 3937; x_wconf 90' lang='lat' dir='ltr'><strong>per</strong></span> <span class='ocrx_word' id='word_1_619' title='bbox 3116 3868 3409 3937; x_wconf 74' lang='lat' dir='ltr'><strong>gratuitam</strong></span> 
     </span>
    </p>
   </div>
   <div class='ocr_carea' id='block_1_86' title="bbox 1833 3957 3412 4028">
    <p class='ocr_par' dir='ltr' id='par_1_86' title="bbox 1833 3957 3412 4028">
     <span class='ocr_line' id='line_1_86' title="bbox 1833 3957 3412 4028; baseline 0.001 -17"><span class='ocrx_word' id='word_1_620' title='bbox 1833 3958 2297 4028; x_wconf 88' lang='lat' dir='ltr'><strong>participationem</strong></span> <span class='ocrx_word' id='word_1_621' title='bbox 2328 3957 2378 4011; x_wconf 94' lang='lat' dir='ltr'><strong>iu</strong></span> <span class='ocrx_word' id='word_1_622' title='bbox 2401 3958 2712 4012; x_wconf 84' lang='lat' dir='ltr'><strong>universum</strong></span> <span class='ocrx_word' id='word_1_623' title='bbox 2738 3959 3027 4012; x_wconf 89' lang='lat' dir='ltr'><strong>humanum</strong></span> <span class='ocrx_word' id='word_1_624' title='bbox 3046 3974 3215 4025; x_wconf 87' lang='lat' dir='ltr'><strong>genus</strong></span> <span class='ocrx_word' id='word_1_625' title='bbox 3233 3969 3412 4013; x_wconf 87' lang='lat' dir='ltr'><strong>trans-</strong></span> 
     </span>
    </p>
   </div>
   <div class='ocr_carea' id='block_1_87' title="bbox 1840 4047 3406 4116">
    <p class='ocr_par' dir='ltr' id='par_1_87' title="bbox 1840 4047 3406 4116">
     <span class='ocr_line' id='line_1_87' title="bbox 1840 4047 3406 4116; baseline -0.003 -13"><span class='ocrx_word' id='word_1_626' title='bbox 1840 4050 2038 4105; x_wconf 88' lang='lat' dir='ltr'><strong>mittet.</strong></span> <span class='ocrx_word' id='word_1_627' title='bbox 2067 4048 2219 4116; x_wconf 87' lang='lat' dir='ltr'><strong>Quod</strong></span> <span class='ocrx_word' id='word_1_628' title='bbox 2244 4048 2459 4116; x_wconf 87' lang='lat' dir='ltr'><strong>quidem</strong></span> <span class='ocrx_word' id='word_1_629' title='bbox 2482 4064 2605 4103; x_wconf 91' lang='lat' dir='ltr'><strong>cum</strong></span> <span class='ocrx_word' id='word_1_630' title='bbox 2636 4057 2823 4103; x_wconf 82' lang='lat' dir='ltr'><strong>nosset</strong></span> <span class='ocrx_word' id='word_1_631' title='bbox 2846 4048 3062 4103; x_wconf 80' lang='lat' dir='ltr'><strong>divinus</strong></span> <span class='ocrx_word' id='word_1_632' title='bbox 3089 4047 3308 4109; x_wconf 83' lang='lat' dir='ltr'><strong>Paulus,</strong></span> <span class='ocrx_word' id='word_1_633' title='bbox 3334 4048 3406 4101; x_wconf 86' lang='lat' dir='ltr'><strong>ita</strong></span> 
     </span>
    </p>
   </div>
   <div class='ocr_carea' id='block_1_88' title="bbox 1834 4140 3413 4211">
    <p class='ocr_par' dir='ltr' id='par_1_88' title="bbox 1834 4140 3413 4211">
     <span class='ocr_line' id='line_1_88' title="bbox 1834 4140 3413 4211; baseline -0.003 -13"><span class='ocrx_word' id='word_1_634' title='bbox 1834 4142 2023 4198; x_wconf 92' lang='lat' dir='ltr'><strong>scribit</strong></span> <span class='ocrx_word' id='word_1_635' title='bbox 2053 4157 2067 4193; x_wconf 86' lang='lat'><strong>:</strong></span> <span class='ocrx_word' id='word_1_636' title='bbox 2103 4160 2123 4194; x_wconf 79' lang='grc' dir='ltr'><strong>ι</strong></span> <span class='ocrx_word' id='word_1_637' title='bbox 2160 4140 2628 4207; x_wconf 88' lang='lat' dir='ltr'><strong>Quemadmodum</strong></span> <span class='ocrx_word' id='word_1_638' title='bbox 2657 4141 2803 4195; x_wconf 86' lang='lat' dir='ltr'><strong>enim</strong></span> <span class='ocrx_word' id='word_1_639' title='bbox 2839 4141 3170 4211; x_wconf 84' lang='lat' dir='ltr'><strong>gestavimus</strong></span> <span class='ocrx_word' id='word_1_640' title='bbox 3220 4141 3413 4211; x_wconf 81' lang='lat' dir='ltr'><strong>imagi-</strong></span> 
     </span>
    </p>
   </div>
   <div class='ocr_carea' id='block_1_89' title="bbox 1836 4230 3405 4303">
    <p class='ocr_par' dir='ltr' id='par_1_89' title="bbox 1836 4230 3405 4303">
     <span class='ocr_line' id='line_1_89' title="bbox 1836 4230 3405 4303; baseline -0.004 -14"><span class='ocrx_word' id='word_1_641' title='bbox 1836 4250 1956 4289; x_wconf 93' lang='lat' dir='ltr'><strong>nem</strong></span> <span class='ocrx_word' id='word_1_642' title='bbox 1990 4233 2218 4295; x_wconf 90' lang='lat' dir='ltr'><strong>terreni,</strong></span> <span class='ocrx_word' id='word_1_643' title='bbox 2249 4242 2522 4303; x_wconf 89' lang='lat' dir='ltr'><strong>gestemus</strong></span> <span class='ocrx_word' id='word_1_644' title='bbox 2579 4243 2635 4287; x_wconf 91' lang='lat' dir='ltr'><strong>et</strong></span> <span class='ocrx_word' id='word_1_645' title='bbox 2672 4233 2964 4303; x_wconf 74' lang='lat' dir='ltr'><strong>imaginem</strong></span> <span class='ocrx_word' id='word_1_646' title='bbox 3002 4230 3321 4287; x_wconf 71' lang='lat' dir='ltr'><strong>caelestis“.</strong></span> <span class='ocrx_word' id='word_1_647' title='bbox 3383 4250 3405 4283; x_wconf 72' lang='grc' dir='ltr'><strong>ι</strong></span> 
     </span>
    </p>
   </div>
   <div class='ocr_carea' id='block_1_90' title="bbox 1835 4323 3409 4396">
    <p class='ocr_par' dir='ltr' id='par_1_90' title="bbox 1835 4323 3409 4396">
     <span class='ocr_line' id='line_1_90' title="bbox 1835 4323 3409 4396; baseline -0.003 -15"><span class='ocrx_word' id='word_1_648' title='bbox 1835 4326 2121 4396; x_wconf 79' lang='lat' dir='ltr'><strong>Imaginem</strong></span> <span class='ocrx_word' id='word_1_649' title='bbox 2156 4325 2352 4380; x_wconf 88' lang='lat' dir='ltr'><strong>terreni</strong></span> <span class='ocrx_word' id='word_1_650' title='bbox 2389 4323 2599 4379; x_wconf 82' lang='lat' dir='ltr'><strong>vocavit</strong></span> <span class='ocrx_word' id='word_1_651' title='bbox 2632 4324 2944 4379; x_wconf 85' lang='lat' dir='ltr'><strong>labilitatetn</strong></span> <span class='ocrx_word' id='word_1_652' title='bbox 2993 4325 3058 4378; x_wconf 89' lang='lat' dir='ltr'><strong>ad</strong></span> <span class='ocrx_word' id='word_1_653' title='bbox 3094 4334 3365 4392; x_wconf 87' lang='lat' dir='ltr'><strong>peccatum</strong></span> <span class='ocrx_word' id='word_1_654' title='bbox 3390 4364 3409 4389; x_wconf 90' lang='lat'><strong>,</strong></span> 
     </span>
    </p>
   </div>
   <div class='ocr_carea' id='block_1_91' title="bbox 160 4415 1738 4497">
    <p class='ocr_par' dir='ltr' id='par_1_91' title="bbox 160 4415 1732 4493">
     <span class='ocr_line' id='line_1_91' title="bbox 160 4415 1732 4493; baseline 0.01 -28"><span class='ocrx_word' id='word_1_655' title='bbox 160 4415 367 4484; x_wconf 82' lang='grc' dir='ltr'>χοϊκοῦ,</span> <span class='ocrx_word' id='word_1_656' title='bbox 408 4416 469 4467; x_wconf 87' lang='grc' dir='ltr'><strong>τὸ</strong></span> <span class='ocrx_word' id='word_1_657' title='bbox 516 4416 791 4470; x_wconf 81' lang='grc' dir='ltr'>εὐόλισθον</span> <span class='ocrx_word' id='word_1_658' title='bbox 831 4419 933 4489; x_wconf 78' lang='grc' dir='ltr'><strong>ἔφη</strong></span> <span class='ocrx_word' id='word_1_659' title='bbox 972 4420 1107 4490; x_wconf 83' lang='grc' dir='ltr'>πρὸς</span> <span class='ocrx_word' id='word_1_660' title='bbox 1160 4423 1454 4493; x_wconf 83' lang='grc' dir='ltr'>ἁμαρτίαν,</span> <span class='ocrx_word' id='word_1_661' title='bbox 1494 4427 1589 4478; x_wconf 75' lang='grc' dir='ltr'><strong>καὶ</strong></span> <span class='ocrx_word' id='word_1_662' title='bbox 1640 4428 1732 4480; x_wconf 76' lang='grc' dir='ltr'><strong>τὸν</strong></span> 
     </span>
    </p>
   </div>
   <div class='ocr_carea' id='block_1_92' title="bbox 1844 4415 3409 4497">
    <p class='ocr_par' dir='ltr' id='par_1_92' title="bbox 1844 4415 3409 4488">
     <span class='ocr_line' id='line_1_92' title="bbox 1844 4415 3409 4488; baseline -0.003 -15"><span class='ocrx_word' id='word_1_663' title='bbox 1844 4428 1889 4473; x_wconf 79' lang='lat' dir='ltr'><strong>et</strong></span> <span class='ocrx_word' id='word_1_664' title='bbox 1915 4430 2142 4473; x_wconf 89' lang='lat' dir='ltr'><strong>mortem</strong></span> <span class='ocrx_word' id='word_1_665' title='bbox 2172 4417 2295 4473; x_wconf 92' lang='lat' dir='ltr'><strong>inde</strong></span> <span class='ocrx_word' id='word_1_666' title='bbox 2326 4418 2482 4471; x_wconf 88' lang='lat' dir='ltr'><strong>nobis</strong></span> <span class='ocrx_word' id='word_1_667' title='bbox 2510 4415 2931 4473; x_wconf 86' lang='lat' dir='ltr'><strong>incumbentem.</strong></span> <span class='ocrx_word' id='word_1_668' title='bbox 2959 4415 3247 4488; x_wconf 83' lang='lat' dir='ltr'><strong>imaginem</strong></span> <span class='ocrx_word' id='word_1_669' title='bbox 3281 4432 3409 4470; x_wconf 83' lang='lat' dir='ltr'><strong>vero</strong></span> 
     </span>
    </p>
   </div>
   <div class='ocr_carea' id='block_1_93' title="bbox 161 4503 1729 4577">
    <p class='ocr_par' dir='ltr' id='par_1_93' title="bbox 161 4503 1729 4577">
     <span class='ocr_line' id='line_1_93' title="bbox 161 4503 1729 4577; baseline 0.01 -21"><span class='ocrx_word' id='word_1_670' title='bbox 161 4503 407 4556; x_wconf 72' lang='grc' dir='ltr'>ἐντεῦθεν</span> <span class='ocrx_word' id='word_1_671' title='bbox 423 4508 454 4575; x_wconf 83' lang='grc' dir='ltr'>ὴ</span> <span class='ocrx_word' id='word_1_672' title='bbox 464 4509 553 4575; x_wconf 81' lang='grc' dir='ltr'><strong>μίν</strong></span> <span class='ocrx_word' id='word_1_673' title='bbox 579 4507 938 4577; x_wconf 71' lang='grc' dir='ltr'>ἐπιρριφέντα</span> <span class='ocrx_word' id='word_1_674' title='bbox 964 4507 1195 4562; x_wconf 81' lang='grc' dir='ltr'>θάνατον</span> <span class='ocrx_word' id='word_1_675' title='bbox 1219 4528 1232 4541; x_wconf 87' lang='grc'><strong>·</strong></span> <span class='ocrx_word' id='word_1_676' title='bbox 1258 4513 1440 4565; x_wconf 85' lang='grc' dir='ltr'>εἰκόνα</span> <span class='ocrx_word' id='word_1_677' title='bbox 1463 4514 1519 4567; x_wconf 85' lang='grc' dir='ltr'>δὲ</span> <span class='ocrx_word' id='word_1_678' title='bbox 1540 4512 1606 4569; x_wconf 80' lang='grc' dir='ltr'><strong>αῦ</strong></span> <span class='ocrx_word' id='word_1_679' title='bbox 1635 4516 1729 4570; x_wconf 90' lang='grc' dir='ltr'><strong>τοῦ</strong></span> 
     </span>
    </p>
   </div>
   <div class='ocr_carea' id='block_1_94' title="bbox 160 4598 1732 4676">
    <p class='ocr_par' dir='ltr' id='par_1_94' title="bbox 160 4598 1732 4676">
     <span class='ocr_line' id='line_1_94' title="bbox 160 4598 1732 4676; baseline 0.009 -29"><span class='ocrx_word' id='word_1_680' title='bbox 160 4598 507 4665; x_wconf 73' lang='grc' dir='ltr'>ἐπουρανίου,</span> <span class='ocrx_word' id='word_1_681' title='bbox 541 4599 787 4653; x_wconf 87' lang='grc' dir='ltr'>τουτέστι</span> <span class='ocrx_word' id='word_1_682' title='bbox 818 4600 1078 4669; x_wconf 82' lang='grc' dir='ltr'>Χριστοῦ,</span> <span class='ocrx_word' id='word_1_683' title='bbox 1119 4602 1181 4654; x_wconf 85' lang='grc' dir='ltr'><strong>τὸ</strong></span> <span class='ocrx_word' id='word_1_684' title='bbox 1222 4603 1434 4673; x_wconf 80' lang='grc' dir='ltr'>ἑδραῖον</span> <span class='ocrx_word' id='word_1_685' title='bbox 1464 4607 1541 4669; x_wconf 88' lang='grc' dir='ltr'><strong>είς</strong></span> <span class='ocrx_word' id='word_1_686' title='bbox 1571 4609 1732 4676; x_wconf 86' lang='grc' dir='ltr'>ἁγια-</span> 
     </span>
    </p>
   </div>
   <div class='ocr_carea' id='block_1_95' title="bbox 162 4687 1730 4771">
    <p class='ocr_par' dir='ltr' id='par_1_95' title="bbox 162 4687 1730 4771">
     <span class='ocr_line' id='line_1_95' title="bbox 162 4687 1730 4771; baseline 0.01 -32"><span class='ocrx_word' id='word_1_687' title='bbox 162 4687 319 4757; x_wconf 82' lang='grc' dir='ltr'>σμὸν,</span> <span class='ocrx_word' id='word_1_688' title='bbox 349 4690 441 4741; x_wconf 74' lang='grc' dir='ltr'><strong>καί</strong></span> <span class='ocrx_word' id='word_1_689' title='bbox 465 4689 563 4760; x_wconf 84' lang='grc' dir='ltr'>τὴν</span> <span class='ocrx_word' id='word_1_690' title='bbox 598 4694 661 4743; x_wconf 80' lang='grc' dir='ltr'>ἐκ</span> <span class='ocrx_word' id='word_1_691' title='bbox 684 4690 913 4744; x_wconf 87' lang='grc' dir='ltr'>θανάτου</span> <span class='ocrx_word' id='word_1_692' title='bbox 944 4695 1037 4746; x_wconf 73' lang='grc' dir='ltr'><strong>καὶ</strong></span> <span class='ocrx_word' id='word_1_693' title='bbox 1070 4694 1274 4765; x_wconf 80' lang='grc' dir='ltr'>φθορᾶς</span> <span class='ocrx_word' id='word_1_694' title='bbox 1298 4697 1633 4771; x_wconf 80' lang='grc' dir='ltr'>ἀνακομιδήν</span> <span class='ocrx_word' id='word_1_695' title='bbox 1671 4718 1730 4754; x_wconf 84' lang='grc' dir='ltr'><strong>τε</strong></span> 
     </span>
    </p>
   </div>
   <div class='ocr_carea' id='block_1_96' title="bbox 161 4778 1723 4855">
    <p class='ocr_par' dir='ltr' id='par_1_96' title="bbox 161 4778 1723 4855">
     <span class='ocr_line' id='line_1_96' title="bbox 161 4778 1723 4855; baseline 0.006 -25"><span class='ocrx_word' id='word_1_696' title='bbox 161 4778 257 4831; x_wconf 75' lang='grc' dir='ltr'><strong>καὶ</strong></span> <span class='ocrx_word' id='word_1_697' title='bbox 278 4778 615 4833; x_wconf 89' lang='grc' dir='ltr'>άνακαίνισιν</span> <span class='ocrx_word' id='word_1_698' title='bbox 646 4781 726 4842; x_wconf 87' lang='grc' dir='ltr'><strong>εἰς</strong></span> <span class='ocrx_word' id='word_1_699' title='bbox 759 4781 1067 4851; x_wconf 82' lang='grc' dir='ltr'>ἀφθαρσίαν</span> <span class='ocrx_word' id='word_1_700' title='bbox 1098 4783 1192 4834; x_wconf 75' lang='grc' dir='ltr'><strong>καὶ</strong></span> <span class='ocrx_word' id='word_1_701' title='bbox 1232 4781 1398 4855; x_wconf 83' lang='grc' dir='ltr'>ζωήν.</span> <span class='ocrx_word' id='word_1_702' title='bbox 1430 4784 1590 4837; x_wconf 86' lang='grc' dir='ltr'>Ὀλον</span> <span class='ocrx_word' id='word_1_703' title='bbox 1629 4782 1723 4841; x_wconf 78' lang='grc' dir='ltr'><strong>οῦν</strong></span> 
     </span>
    </p>
   </div>
   <div class='ocr_carea' id='block_1_97' title="bbox 160 4869 1727 4950">
    <p class='ocr_par' dir='ltr' id='par_1_97' title="bbox 160 4869 1727 4950">
     <span class='ocr_line' id='line_1_97' title="bbox 160 4869 1727 4950; baseline 0.006 -28"><span class='ocrx_word' id='word_1_704' title='bbox 160 4869 265 4939; x_wconf 82' lang='grc' dir='ltr'><strong>ὅλῳ</strong></span> <span class='ocrx_word' id='word_1_705' title='bbox 292 4871 629 4939; x_wconf 82' lang='grc' dir='ltr'>συνηνῶσθαί</span> <span class='ocrx_word' id='word_1_706' title='bbox 670 4890 849 4943; x_wconf 77' lang='grc' dir='ltr'>φαμεν</span> <span class='ocrx_word' id='word_1_707' title='bbox 883 4873 1155 4945; x_wconf 85' lang='grc' dir='ltr'>ἀνθρώπῳ</span> <span class='ocrx_word' id='word_1_708' title='bbox 1185 4874 1275 4927; x_wconf 77' lang='grc' dir='ltr'><strong>τὸν</strong></span> <span class='ocrx_word' id='word_1_709' title='bbox 1297 4877 1487 4944; x_wconf 81' lang='grc' dir='ltr'>Λόγον.</span> <span class='ocrx_word' id='word_1_710' title='bbox 1521 4879 1594 4931; x_wconf 82' lang='grc' dir='ltr'><strong>Οὐ</strong></span> <span class='ocrx_word' id='word_1_711' title='bbox 1621 4882 1727 4950; x_wconf 83' lang='grc' dir='ltr'><strong>γάρ</strong></span> 
     </span>
    </p>
   </div>
   <div class='ocr_carea' id='block_1_98' title="bbox 163 4959 1730 5036">
    <p class='ocr_par' dir='ltr' id='par_1_98' title="bbox 163 4959 1730 5036">
     <span class='ocr_line' id='line_1_98' title="bbox 163 4959 1730 5036; baseline 0.005 -23"><span class='ocrx_word' id='word_1_712' title='bbox 163 4977 265 5013; x_wconf 86' lang='grc' dir='ltr'><strong>που</strong></span> <span class='ocrx_word' id='word_1_713' title='bbox 295 4959 356 5012; x_wconf 81' lang='grc' dir='ltr'><strong>τὸ</strong></span> <span class='ocrx_word' id='word_1_714' title='bbox 385 4960 611 5030; x_wconf 76' lang='grc' dir='ltr'>ἄμεινον</span> <span class='ocrx_word' id='word_1_715' title='bbox 645 4962 704 5014; x_wconf 81' lang='grc' dir='ltr'>ὲν</span> <span class='ocrx_word' id='word_1_716' title='bbox 736 4964 887 5033; x_wconf 79' lang='grc' dir='ltr'>ἡμῖν,</span> <span class='ocrx_word' id='word_1_717' title='bbox 919 4962 1165 5016; x_wconf 87' lang='grc' dir='ltr'>τουτέστι</span> <span class='ocrx_word' id='word_1_718' title='bbox 1188 4964 1387 5036; x_wconf 81' lang='grc' dir='ltr'>ψυχὴν,</span> <span class='ocrx_word' id='word_1_719' title='bbox 1419 4967 1632 5031; x_wconf 79' lang='grc' dir='ltr'>οὐδενὸς</span> <span class='ocrx_word' id='word_1_720' title='bbox 1664 4968 1730 5022; x_wconf 85' lang='grc' dir='ltr'>ἂν</span> 
     </span>
    </p>
   </div>
   <div class='ocr_carea' id='block_1_99' title="bbox 161 5049 1730 5129">
    <p class='ocr_par' dir='ltr' id='par_1_99' title="bbox 161 5049 1730 5129">
     <span class='ocr_line' id='line_1_99' title="bbox 161 5049 1730 5129; baseline 0.015 -28"><span class='ocrx_word' id='word_1_721' title='bbox 161 5049 359 5118; x_wconf 68' lang='grc' dir='ltr'>ἠξίωσε</span> <span class='ocrx_word' id='word_1_722' title='bbox 387 5051 569 5119; x_wconf 83' lang='grc' dir='ltr'>λόγου,</span> <span class='ocrx_word' id='word_1_723' title='bbox 599 5051 732 5123; x_wconf 82' lang='grc' dir='ltr'>μόνῃ</span> <span class='ocrx_word' id='word_1_724' title='bbox 764 5052 1104 5124; x_wconf 79' lang='grc' dir='ltr'>δωρούμενος</span> <span class='ocrx_word' id='word_1_725' title='bbox 1131 5057 1195 5124; x_wconf 83' lang='grc' dir='ltr'>τῇ</span> <span class='ocrx_word' id='word_1_726' title='bbox 1233 5057 1399 5127; x_wconf 70' lang='grc' dir='ltr'>σαρκὶ</span> <span class='ocrx_word' id='word_1_727' title='bbox 1424 5058 1521 5127; x_wconf 83' lang='grc' dir='ltr'><strong>τῆς</strong></span> <span class='ocrx_word' id='word_1_728' title='bbox 1543 5059 1730 5129; x_wconf 70' lang='grc' dir='ltr'>ἐπιδη-</span> 
     </span>
    </p>
   </div>
   <div class='ocr_carea' id='block_1_100' title="bbox 167 5143 1729 5223">
    <p class='ocr_par' dir='ltr' id='par_1_100' title="bbox 167 5143 1729 5223">
     <span class='ocr_line' id='line_1_100' title="bbox 167 5143 1729 5223; baseline 0.009 -31"><span class='ocrx_word' id='word_1_729' title='bbox 167 5143 291 5209; x_wconf 84' lang='grc' dir='ltr'>μίας</span> <span class='ocrx_word' id='word_1_730' title='bbox 317 5144 441 5207; x_wconf 80' lang='grc' dir='ltr'>τοὺς</span> <span class='ocrx_word' id='word_1_731' title='bbox 465 5145 684 5208; x_wconf 89' lang='grc' dir='ltr'>πόνους.</span> <span class='ocrx_word' id='word_1_732' title='bbox 713 5146 1043 5217; x_wconf 84' lang='grc' dir='ltr'>Ἐπράττετο</span> <span class='ocrx_word' id='word_1_733' title='bbox 1068 5147 1124 5200; x_wconf 82' lang='grc' dir='ltr'>δὲ</span> <span class='ocrx_word' id='word_1_734' title='bbox 1145 5147 1212 5201; x_wconf 82' lang='grc' dir='ltr'>δι’</span> <span class='ocrx_word' id='word_1_735' title='bbox 1235 5149 1401 5219; x_wconf 75' lang='grc' dir='ltr'>ἄμφω</span> <span class='ocrx_word' id='word_1_736' title='bbox 1430 5151 1608 5215; x_wconf 84' lang='grc' dir='ltr'>καλῶς</span> <span class='ocrx_word' id='word_1_737' title='bbox 1631 5154 1729 5223; x_wconf 78' lang='grc' dir='ltr'>τῆς</span> 
     </span>
    </p>
   </div>
   <div class='ocr_carea' id='block_1_101' title="bbox 162 5233 1729 5311">
    <p class='ocr_par' dir='ltr' id='par_1_101' title="bbox 162 5233 1729 5311">
     <span class='ocr_line' id='line_1_101' title="bbox 162 5233 1729 5311; baseline 0.006 -28"><span class='ocrx_word' id='word_1_738' title='bbox 162 5233 471 5303; x_wconf 74' lang='grc' dir='ltr'>οἰκονομίας</span> <span class='ocrx_word' id='word_1_739' title='bbox 498 5233 559 5287; x_wconf 79' lang='grc' dir='ltr'>τὸ</span> <span class='ocrx_word' id='word_1_740' title='bbox 587 5235 911 5305; x_wconf 78' lang='grc' dir='ltr'>μυστήριον.</span> <span class='ocrx_word' id='word_1_741' title='bbox 942 5236 1363 5307; x_wconf 81' lang='grc' dir='ltr'>Προσεχρήσατο</span> <span class='ocrx_word' id='word_1_742' title='bbox 1395 5237 1452 5291; x_wconf 82' lang='grc' dir='ltr'>δὲ</span> <span class='ocrx_word' id='word_1_743' title='bbox 1479 5238 1729 5311; x_wconf 85' lang='grc' dir='ltr'>καθάπερ</span> 
     </span>
    </p>
   </div>
   <div class='ocr_carea' id='block_1_102' title="bbox 162 5321 1729 5399">
    <p class='ocr_par' dir='ltr' id='par_1_102' title="bbox 162 5321 1729 5399">
     <span class='ocr_line' id='line_1_102' title="bbox 162 5321 1729 5399; baseline 0.007 -28"><span class='ocrx_word' id='word_1_744' title='bbox 162 5321 393 5393; x_wconf 79' lang='grc' dir='ltr'>ὀργάνῳ,</span> <span class='ocrx_word' id='word_1_745' title='bbox 421 5326 488 5395; x_wconf 81' lang='grc' dir='ltr'>τῇ</span> <span class='ocrx_word' id='word_1_746' title='bbox 521 5325 619 5395; x_wconf 78' lang='grc' dir='ltr'>μὲν</span> <span class='ocrx_word' id='word_1_747' title='bbox 646 5324 751 5394; x_wconf 83' lang='grc' dir='ltr'>ἰδίᾳ</span> <span class='ocrx_word' id='word_1_748' title='bbox 781 5326 967 5396; x_wconf 77' lang='grc' dir='ltr'>σαρκὶ,</span> <span class='ocrx_word' id='word_1_749' title='bbox 1001 5325 1137 5397; x_wconf 82' lang='grc' dir='ltr'>πρὸς</span> <span class='ocrx_word' id='word_1_750' title='bbox 1163 5326 1232 5379; x_wconf 87' lang='grc' dir='ltr'><strong>τά</strong></span> <span class='ocrx_word' id='word_1_751' title='bbox 1273 5327 1474 5398; x_wconf 80' lang='grc' dir='ltr'>σαρκὸς</span> <span class='ocrx_word' id='word_1_752' title='bbox 1504 5327 1641 5399; x_wconf 75' lang='grc' dir='ltr'>ἔργα</span> <span class='ocrx_word' id='word_1_753' title='bbox 1670 5347 1729 5382; x_wconf 91' lang='grc' dir='ltr'><strong>τε</strong></span> 
     </span>
    </p>
   </div>
   <div class='ocr_carea' id='block_1_103' title="bbox 164 5414 1724 5490">
    <p class='ocr_par' dir='ltr' id='par_1_103' title="bbox 164 5414 1724 5490">
     <span class='ocr_line' id='line_1_103' title="bbox 164 5414 1724 5490; baseline 0.006 -27"><span class='ocrx_word' id='word_1_754' title='bbox 164 5414 253 5466; x_wconf 70' lang='grc' dir='ltr'><strong>καὶ</strong></span> <span class='ocrx_word' id='word_1_755' title='bbox 282 5416 694 5485; x_wconf 69' lang='grc' dir='ltr'>ἀρρωστήματα</span> <span class='ocrx_word' id='word_1_756' title='bbox 724 5417 948 5485; x_wconf 80' lang='grc' dir='ltr'>φυσικὰ.</span> <span class='ocrx_word' id='word_1_757' title='bbox 985 5417 1080 5470; x_wconf 78' lang='grc' dir='ltr'><strong>καὶ</strong></span> <span class='ocrx_word' id='word_1_758' title='bbox 1118 5418 1218 5470; x_wconf 87' lang='grc' dir='ltr'>ὃσα</span> <span class='ocrx_word' id='word_1_759' title='bbox 1253 5416 1447 5487; x_wconf 83' lang='grc' dir='ltr'>μώμου</span> <span class='ocrx_word' id='word_1_760' title='bbox 1488 5422 1724 5490; x_wconf 86' lang='grc' dir='ltr'>μακράν·</span> 
     </span>
    </p>
   </div>
   <div class='ocr_carea' id='block_1_104' title="bbox 168 5501 1725 5579">
    <p class='ocr_par' dir='ltr' id='par_1_104' title="bbox 168 5501 1725 5579">
     <span class='ocr_line' id='line_1_104' title="bbox 168 5501 1725 5579; baseline 0.005 -24"><span class='ocrx_word' id='word_1_761' title='bbox 168 5501 302 5575; x_wconf 60' lang='grc' dir='ltr'><strong>ψυχῇ</strong></span> <span class='ocrx_word' id='word_1_762' title='bbox 325 5505 382 5558; x_wconf 84' lang='grc' dir='ltr'>δὲ</span> <span class='ocrx_word' id='word_1_763' title='bbox 410 5502 477 5560; x_wconf 79' lang='grc' dir='ltr'><strong>αὖ</strong></span> <span class='ocrx_word' id='word_1_764' title='bbox 503 5510 568 5577; x_wconf 77' lang='grc' dir='ltr'><strong>τῇ</strong></span> <span class='ocrx_word' id='word_1_765' title='bbox 596 5507 720 5575; x_wconf 81' lang='grc' dir='ltr'>ἰδίᾳ,</span> <span class='ocrx_word' id='word_1_766' title='bbox 740 5507 876 5579; x_wconf 73' lang='grc' dir='ltr'>πρὸς</span> <span class='ocrx_word' id='word_1_767' title='bbox 904 5507 972 5560; x_wconf 82' lang='grc' dir='ltr'>τὰ</span> <span class='ocrx_word' id='word_1_768' title='bbox 993 5506 1311 5577; x_wconf 83' lang='grc' dir='ltr'>ἀνθρώπινά</span> <span class='ocrx_word' id='word_1_769' title='bbox 1333 5526 1389 5562; x_wconf 86' lang='grc' dir='ltr'><strong>τε</strong></span> <span class='ocrx_word' id='word_1_770' title='bbox 1419 5511 1513 5563; x_wconf 73' lang='grc' dir='ltr'><strong>καὶ</strong></span> <span class='ocrx_word' id='word_1_771' title='bbox 1553 5513 1725 5563; x_wconf 79' lang='grc' dir='ltr'>ἀνυπο</span> 
     </span>
    </p>
   </div>
   <div class='ocr_carea' id='block_1_105' title="bbox 1836 4507 3410 4575">
    <p class='ocr_par' dir='ltr' id='par_1_105' title="bbox 1836 4507 3410 4575">
     <span class='ocr_line' id='line_1_105' title="bbox 1836 4507 3410 4575; baseline -0.003 -10"><span class='ocrx_word' id='word_1_772' title='bbox 1836 4510 2094 4575; x_wconf 77' lang='lat' dir='ltr'><strong>cmlestis,</strong></span> <span class='ocrx_word' id='word_1_773' title='bbox 2123 4510 2224 4564; x_wconf 91' lang='lat' dir='ltr'><strong>hoc</strong></span> <span class='ocrx_word' id='word_1_774' title='bbox 2243 4508 2573 4571; x_wconf 85' lang='lat' dir='ltr'><strong>estChristi,</strong></span> <span class='ocrx_word' id='word_1_775' title='bbox 2629 4509 2940 4563; x_wconf 86' lang='lat' dir='ltr'><strong>ﬁrmitatem</strong></span> <span class='ocrx_word' id='word_1_776' title='bbox 2987 4510 3053 4562; x_wconf 90' lang='lat' dir='ltr'><strong>ad</strong></span> <span class='ocrx_word' id='word_1_777' title='bbox 3105 4507 3410 4563; x_wconf 82' lang='lat' dir='ltr'><strong>sanctiﬁca—</strong></span> 
     </span>
    </p>
   </div>
   <div class='ocr_carea' id='block_1_106' title="bbox 1837 4596 3408 4664">
    <p class='ocr_par' dir='ltr' id='par_1_106' title="bbox 1837 4596 3408 4664">
     <span class='ocr_line' id='line_1_106' title="bbox 1837 4596 3408 4664; baseline 0.001 -14"><span class='ocrx_word' id='word_1_778' title='bbox 1837 4597 2059 4661; x_wconf 89' lang='lat' dir='ltr'><strong>tionem,</strong></span> <span class='ocrx_word' id='word_1_779' title='bbox 2091 4596 2435 4664; x_wconf 89' lang='lat' dir='ltr'><strong>reditumque</strong></span> <span class='ocrx_word' id='word_1_780' title='bbox 2465 4606 2521 4650; x_wconf 91' lang='lat' dir='ltr'><strong>et</strong></span> <span class='ocrx_word' id='word_1_781' title='bbox 2549 4596 2996 4652; x_wconf 87' lang='lat' dir='ltr'><strong>instaurationem</strong></span> <span class='ocrx_word' id='word_1_782' title='bbox 3030 4612 3097 4651; x_wconf 78' lang='lat' dir='ltr'><strong>ex</strong></span> <span class='ocrx_word' id='word_1_783' title='bbox 3152 4607 3325 4651; x_wconf 88' lang='lat' dir='ltr'><strong>morte</strong></span> <span class='ocrx_word' id='word_1_784' title='bbox 3354 4606 3408 4651; x_wconf 90' lang='lat' dir='ltr'><strong>et</strong></span> 
     </span>
    </p>
   </div>
   <div class='ocr_carea' id='block_1_107' title="bbox 1836 4687 3407 4759">
    <p class='ocr_par' dir='ltr' id='par_1_107' title="bbox 1836 4687 3407 4759">
     <span class='ocr_line' id='line_1_107' title="bbox 1836 4687 3407 4759; baseline 0 -18"><span class='ocrx_word' id='word_1_785' title='bbox 1836 4687 2178 4759; x_wconf 87' lang='lat' dir='ltr'><strong>corruptione</strong></span> <span class='ocrx_word' id='word_1_786' title='bbox 2238 4687 2304 4740; x_wconf 88' lang='lat' dir='ltr'><strong>ad</strong></span> <span class='ocrx_word' id='word_1_787' title='bbox 2356 4688 2813 4755; x_wconf 88' lang='lat' dir='ltr'><strong>incorruptionem</strong></span> <span class='ocrx_word' id='word_1_788' title='bbox 2870 4698 2925 4743; x_wconf 88' lang='lat' dir='ltr'><strong>et</strong></span> <span class='ocrx_word' id='word_1_789' title='bbox 2979 4690 3161 4743; x_wconf 83' lang='lat' dir='ltr'><strong>vitam.</strong></span> <span class='ocrx_word' id='word_1_790' title='bbox 3216 4688 3407 4743; x_wconf 87' lang='lat' dir='ltr'><strong>Totum</strong></span> 
     </span>
    </p>
   </div>
   <div class='ocr_carea' id='block_1_108' title="bbox 1838 4780 3405 4847">
    <p class='ocr_par' dir='ltr' id='par_1_108' title="bbox 1838 4780 3405 4847">
     <span class='ocr_line' id='line_1_108' title="bbox 1838 4780 3405 4847; baseline 0.003 -15"><span class='ocrx_word' id='word_1_791' title='bbox 1838 4780 2021 4847; x_wconf 89' lang='lat' dir='ltr'><strong>itaque</strong></span> <span class='ocrx_word' id='word_1_792' title='bbox 2049 4780 2280 4836; x_wconf 83' lang='lat' dir='ltr'><strong>Verbum</strong></span> <span class='ocrx_word' id='word_1_793' title='bbox 2335 4783 2430 4837; x_wconf 92' lang='lat' dir='ltr'><strong>toti</strong></span> <span class='ocrx_word' id='word_1_794' title='bbox 2490 4784 2695 4839; x_wconf 92' lang='lat' dir='ltr'><strong>homini</strong></span> <span class='ocrx_word' id='word_1_795' title='bbox 2754 4784 2965 4836; x_wconf 90' lang='lat' dir='ltr'><strong>unitum</strong></span> <span class='ocrx_word' id='word_1_796' title='bbox 3007 4796 3127 4836; x_wconf 91' lang='lat' dir='ltr'><strong>esse</strong></span> <span class='ocrx_word' id='word_1_797' title='bbox 3156 4782 3405 4837; x_wconf 89' lang='lat' dir='ltr'><strong>dicimus.</strong></span> 
     </span>
    </p>
   </div>
   <div class='ocr_carea' id='block_1_109' title="bbox 1838 4873 3409 4940">
    <p class='ocr_par' dir='ltr' id='par_1_109' title="bbox 1838 4873 3409 4940">
     <span class='ocr_line' id='line_1_109' title="bbox 1838 4873 3409 4940; baseline 0 -12"><span class='ocrx_word' id='word_1_798' title='bbox 1838 4873 1981 4928; x_wconf 85' lang='lat' dir='ltr'><strong>Nihil</strong></span> <span class='ocrx_word' id='word_1_799' title='bbox 2015 4875 2158 4929; x_wconf 87' lang='lat' dir='ltr'><strong>enim</strong></span> <span class='ocrx_word' id='word_1_800' title='bbox 2190 4876 2385 4930; x_wconf 87' lang='lat' dir='ltr'><strong>melius</strong></span> <span class='ocrx_word' id='word_1_801' title='bbox 2410 4876 2460 4931; x_wconf 90' lang='lat' dir='ltr'><strong>in</strong></span> <span class='ocrx_word' id='word_1_802' title='bbox 2492 4876 2666 4940; x_wconf 90' lang='lat' dir='ltr'><strong>nobis,</strong></span> <span class='ocrx_word' id='word_1_803' title='bbox 2723 4876 2827 4930; x_wconf 89' lang='lat' dir='ltr'><strong>hoc</strong></span> <span class='ocrx_word' id='word_1_804' title='bbox 2887 4884 2992 4939; x_wconf 90' lang='lat' dir='ltr'><strong>est,</strong></span> <span class='ocrx_word' id='word_1_805' title='bbox 3020 4875 3071 4929; x_wconf 91' lang='lat' dir='ltr'><strong>in</strong></span> <span class='ocrx_word' id='word_1_806' title='bbox 3108 4876 3287 4929; x_wconf 87' lang='lat' dir='ltr'><strong>anima</strong></span> <span class='ocrx_word' id='word_1_807' title='bbox 3313 4891 3409 4928; x_wconf 88' lang='lat' dir='ltr'><strong>no-</strong></span> 
     </span>
    </p>
   </div>
   <div class='ocr_carea' id='block_1_110' title="bbox 1837 4963 3406 5031">
    <p class='ocr_par' dir='ltr' id='par_1_110' title="bbox 1837 4963 3406 5031">
     <span class='ocr_line' id='line_1_110' title="bbox 1837 4963 3406 5031; baseline 0.002 -14"><span class='ocrx_word' id='word_1_808' title='bbox 1837 4975 1946 5017; x_wconf 87' lang='lat' dir='ltr'><strong>stra</strong></span> <span class='ocrx_word' id='word_1_809' title='bbox 1991 4963 2280 5031; x_wconf 76' lang='lat' dir='ltr'><strong>eﬁ‘ecisset,</strong></span> <span class='ocrx_word' id='word_1_810' title='bbox 2318 4967 2362 5021; x_wconf 92' lang='lat' dir='ltr'><strong>si</strong></span> <span class='ocrx_word' id='word_1_811' title='bbox 2396 4968 2446 5020; x_wconf 94' lang='lat' dir='ltr'><strong>in</strong></span> <span class='ocrx_word' id='word_1_812' title='bbox 2474 4968 2641 5023; x_wconf 89' lang='lat' dir='ltr'><strong>solam</strong></span> <span class='ocrx_word' id='word_1_813' title='bbox 2664 4982 2882 5023; x_wconf 89' lang='lat' dir='ltr'><strong>carnem</strong></span> <span class='ocrx_word' id='word_1_814' title='bbox 2922 4966 3185 5021; x_wconf 83' lang='lat' dir='ltr'><strong>adventus</strong></span> <span class='ocrx_word' id='word_1_815' title='bbox 3214 4968 3296 5021; x_wconf 91' lang='lat' dir='ltr'><strong>sui</strong></span> <span class='ocrx_word' id='word_1_816' title='bbox 3329 4967 3406 5020; x_wconf 84' lang='lat' dir='ltr'><strong>la-</strong></span> 
     </span>
    </p>
   </div>
   <div class='ocr_carea' id='block_1_111' title="bbox 1837 5045 3430 5130">
    <p class='ocr_par' dir='ltr' id='par_1_111' title="bbox 1837 5045 3430 5130">
     <span class='ocr_line' id='line_1_111' title="bbox 1837 5045 3430 5130; baseline 0.004 -22"><span class='ocrx_word' id='word_1_817' title='bbox 1837 5054 1996 5109; x_wconf 86' lang='lat' dir='ltr'><strong>bores</strong></span> <span class='ocrx_word' id='word_1_818' title='bbox 2022 5070 2086 5111; x_wconf 91' lang='lat' dir='ltr'><strong>ac</strong></span> <span class='ocrx_word' id='word_1_819' title='bbox 2108 5055 2314 5112; x_wconf 81' lang='lat' dir='ltr'><strong>fructus</strong></span> <span class='ocrx_word' id='word_1_820' title='bbox 2343 5058 2679 5117; x_wconf 89' lang='lat' dir='ltr'><strong>contulisset.</strong></span> <span class='ocrx_word' id='word_1_821' title='bbox 2727 5060 2799 5117; x_wconf 86' lang='lat' dir='ltr'><strong>At</strong></span> <span class='ocrx_word' id='word_1_822' title='bbox 2840 5075 2968 5116; x_wconf 82' lang='lat' dir='ltr'><strong>vero</strong></span> <span class='ocrx_word' id='word_1_823' title='bbox 3000 5075 3095 5130; x_wconf 89' lang='lat' dir='ltr'><strong>per</strong></span> <span class='ocrx_word' id='word_1_824' title='bbox 3121 5045 3430 5128; x_wconf 37' lang='lat' dir='ltr'><strong>utrumque.</strong></span> 
     </span>
    </p>
   </div>
   <div class='ocr_carea' id='block_1_112' title="bbox 1837 5146 3404 5225">
    <p class='ocr_par' dir='ltr' id='par_1_112' title="bbox 1837 5146 3404 5225">
     <span class='ocr_line' id='line_1_112' title="bbox 1837 5146 3404 5225; baseline 0.004 -26"><span class='ocrx_word' id='word_1_825' title='bbox 1837 5146 2058 5213; x_wconf 90' lang='lat' dir='ltr'><strong>pulchre</strong></span> <span class='ocrx_word' id='word_1_826' title='bbox 2105 5148 2353 5205; x_wconf 83' lang='lat' dir='ltr'><strong>eﬂ‘ectum</strong></span> <span class='ocrx_word' id='word_1_827' title='bbox 2420 5164 2505 5208; x_wconf 90' lang='lat' dir='ltr'><strong>est</strong></span> <span class='ocrx_word' id='word_1_828' title='bbox 2588 5154 3010 5224; x_wconf 87' lang='lat' dir='ltr'><strong>dispensationis</strong></span> <span class='ocrx_word' id='word_1_829' title='bbox 3064 5154 3404 5225; x_wconf 89' lang='lat' dir='ltr'><strong>mysterium.</strong></span> 
     </span>
    </p>
   </div>
   <div class='ocr_carea' id='block_1_113' title="bbox 1829 5237 3404 5316">
    <p class='ocr_par' dir='ltr' id='par_1_113' title="bbox 1829 5237 3404 5316">
     <span class='ocr_line' id='line_1_113' title="bbox 1829 5237 3404 5316; baseline 0.002 -22"><span class='ocrx_word' id='word_1_830' title='bbox 1829 5237 1972 5294; x_wconf 89' lang='lat' dir='ltr'><strong>Usus</strong></span> <span class='ocrx_word' id='word_1_831' title='bbox 1995 5248 2173 5294; x_wconf 81' lang='lat' dir='ltr'><strong>autem</strong></span> <span class='ocrx_word' id='word_1_832' title='bbox 2195 5250 2278 5296; x_wconf 90' lang='lat' dir='ltr'><strong>est</strong></span> <span class='ocrx_word' id='word_1_833' title='bbox 2306 5243 2470 5298; x_wconf 84' lang='lat' dir='ltr'><strong>veluti</strong></span> <span class='ocrx_word' id='word_1_834' title='bbox 2501 5247 2863 5302; x_wconf 85' lang='lat' dir='ltr'><strong>instrumento</strong></span> <span class='ocrx_word' id='word_1_835' title='bbox 2910 5247 3130 5316; x_wconf 90' lang='lat' dir='ltr'><strong>propria</strong></span> <span class='ocrx_word' id='word_1_836' title='bbox 3187 5246 3404 5315; x_wconf 88' lang='lat' dir='ltr'><strong>quidem</strong></span> 
     </span>
    </p>
   </div>
   <div class='ocr_carea' id='block_1_114' title="bbox 1826 5333 3409 5405">
    <p class='ocr_par' dir='ltr' id='par_1_114' title="bbox 1826 5333 3409 5405">
     <span class='ocr_line' id='line_1_114' title="bbox 1826 5333 3409 5405; baseline 0.003 -20"><span class='ocrx_word' id='word_1_837' title='bbox 1826 5345 2014 5394; x_wconf 85' lang='lat' dir='ltr'><strong>carne,</strong></span> <span class='ocrx_word' id='word_1_838' title='bbox 2052 5333 2119 5384; x_wconf 89' lang='lat' dir='ltr'><strong>ad</strong></span> <span class='ocrx_word' id='word_1_839' title='bbox 2178 5334 2361 5389; x_wconf 89' lang='lat' dir='ltr'><strong>carnis</strong></span> <span class='ocrx_word' id='word_1_840' title='bbox 2406 5350 2596 5405; x_wconf 86' lang='lat' dir='ltr'><strong>opera,</strong></span> <span class='ocrx_word' id='word_1_841' title='bbox 2649 5345 2705 5391; x_wconf 91' lang='lat' dir='ltr'><strong>et</strong></span> <span class='ocrx_word' id='word_1_842' title='bbox 2757 5338 3033 5392; x_wconf 84' lang='lat' dir='ltr'><strong>naturales</strong></span> <span class='ocrx_word' id='word_1_843' title='bbox 3084 5338 3323 5399; x_wconf 88' lang='lat' dir='ltr'><strong>morbos,</strong></span> <span class='ocrx_word' id='word_1_844' title='bbox 3352 5344 3409 5390; x_wconf 85' lang='lat' dir='ltr'><strong>et</strong></span> 
     </span>
    </p>
   </div>
   <div class='ocr_carea' id='block_1_115' title="bbox 1826 5426 3403 5495">
    <p class='ocr_par' dir='ltr' id='par_1_115' title="bbox 1826 5426 3403 5495">
     <span class='ocr_line' id='line_1_115' title="bbox 1826 5426 3403 5495; baseline 0.002 -19"><span class='ocrx_word' id='word_1_845' title='bbox 1826 5437 2156 5492; x_wconf 70' lang='lat' dir='ltr'><strong>quaecunque</strong></span> <span class='ocrx_word' id='word_1_846' title='bbox 2187 5426 2610 5495; x_wconf 80' lang='lat' dir='ltr'><strong>reprehensione</strong></span> <span class='ocrx_word' id='word_1_847' title='bbox 2642 5437 2833 5483; x_wconf 89' lang='lat' dir='ltr'><strong>carent</strong></span> <span class='ocrx_word' id='word_1_848' title='bbox 2862 5444 2876 5481; x_wconf 91' lang='lat'><strong>:</strong></span> <span class='ocrx_word' id='word_1_849' title='bbox 2909 5440 2965 5483; x_wconf 90' lang='lat' dir='ltr'><strong>et</strong></span> <span class='ocrx_word' id='word_1_850' title='bbox 2997 5444 3183 5485; x_wconf 79' lang='lat' dir='ltr'><strong>rursus</strong></span> <span class='ocrx_word' id='word_1_851' title='bbox 3212 5426 3403 5492; x_wconf 90' lang='lat' dir='ltr'><strong>etiam,</strong></span> 
     </span>
    </p>
   </div>
   <div class='ocr_carea' id='block_1_116' title="bbox 1828 5502 3407 5593">
    <p class='ocr_par' dir='ltr' id='par_1_116' title="bbox 1828 5502 3407 5593">
     <span class='ocr_line' id='line_1_116' title="bbox 1828 5502 3407 5593; baseline 0.008 -28"><span class='ocrx_word' id='word_1_852' title='bbox 1828 5514 2041 5584; x_wconf 81' lang='lat' dir='ltr'><strong>pmpria</strong></span> <span class='ocrx_word' id='word_1_853' title='bbox 2081 5516 2258 5570; x_wconf 80' lang='lat' dir='ltr'><strong>anima</strong></span> <span class='ocrx_word' id='word_1_854' title='bbox 2306 5516 2372 5571; x_wconf 89' lang='lat' dir='ltr'><strong>ad</strong></span> <span class='ocrx_word' id='word_1_855' title='bbox 2410 5517 2675 5573; x_wconf 86' lang='lat' dir='ltr'><strong>humanas</strong></span> <span class='ocrx_word' id='word_1_856' title='bbox 2721 5528 2776 5573; x_wconf 84' lang='lat' dir='ltr'><strong>et</strong></span> <span class='ocrx_word' id='word_1_857' title='bbox 2797 5502 2913 5576; x_wconf 79' lang='lat' dir='ltr'><strong>vitii</strong></span> <span class='ocrx_word' id='word_1_858' title='bbox 2958 5532 3207 5593; x_wconf 78' lang='lat' dir='ltr'><strong>expertes</strong></span> <span class='ocrx_word' id='word_1_859' title='bbox 3271 5519 3407 5577; x_wconf 65' lang='lat' dir='ltr'><strong>atie-</strong></span> 
     </span>
    </p>
   </div>
   <div class='ocr_carea' id='block_1_117' title="bbox 236 5677 1738 5762">
    <p class='ocr_par' dir='ltr' id='par_1_117' title="bbox 236 5677 1730 5751">
     <span class='ocr_line' id='line_1_117' title="bbox 236 5677 1730 5751; baseline 0.009 -18"><span class='ocrx_word' id='word_1_860' title='bbox 236 5678 277 5710; x_wconf 83' lang='grc'><strong>³⁷</strong></span> <span class='ocrx_word' id='word_1_861' title='bbox 302 5677 461 5735; x_wconf 73' lang='lat' dir='ltr'><strong>Hebr.</strong></span> <span class='ocrx_word' id='word_1_862' title='bbox 490 5697 528 5747; x_wconf 86' lang='grc' dir='ltr'><strong>ι,</strong></span> <span class='ocrx_word' id='word_1_863' title='bbox 566 5682 647 5747; x_wconf 74' lang='grc' dir='ltr'>Η,</span> <span class='ocrx_word' id='word_1_864' title='bbox 674 5683 758 5737; x_wconf 80' lang='grc'><strong>15.</strong></span> <span class='ocrx_word' id='word_1_865' title='bbox 836 5684 880 5715; x_wconf 76' lang='grc'><strong>³⁸</strong></span> <span class='ocrx_word' id='word_1_866' title='bbox 907 5682 1057 5739; x_wconf 69' lang='lat' dir='ltr'><strong>“om.</strong></span> <span class='ocrx_word' id='word_1_867' title='bbox 1093 5699 1210 5750; x_wconf 71' lang='lat' dir='ltr'><strong>rm,</strong></span> <span class='ocrx_word' id='word_1_868' title='bbox 1239 5684 1288 5751; x_wconf 70' lang='grc' dir='ltr'><strong>εἰ,</strong></span> <span class='ocrx_word' id='word_1_869' title='bbox 1317 5685 1366 5741; x_wconf 84' lang='grc'>5.</span> <span class='ocrx_word' id='word_1_870' title='bbox 1446 5688 1485 5719; x_wconf 56' lang='lat'><strong>’7</strong></span> <span class='ocrx_word' id='word_1_871' title='bbox 1526 5687 1624 5743; x_wconf 80' lang='lat' dir='ltr'><strong>lsa.</strong></span> <span class='ocrx_word' id='word_1_872' title='bbox 1662 5706 1730 5745; x_wconf 78' lang='grc' dir='ltr'><strong>ιιι</strong></span> 
     </span>
    </p>
   </div>
   <div class='ocr_carea' id='block_1_118' title="bbox 1844 5677 2897 5762">
    <p class='ocr_par' dir='ltr' id='par_1_118' title="bbox 1844 5689 2897 5762">
     <span class='ocr_line' id='line_1_118' title="bbox 1844 5689 2897 5762; baseline -0.001 -17"><span class='ocrx_word' id='word_1_873' title='bbox 1844 5698 1884 5755; x_wconf 70' lang='grc'><strong>⁵;</strong></span> <span class='ocrx_word' id='word_1_874' title='bbox 1914 5689 1929 5745; x_wconf 89' lang='grc' dir='ltr'><strong>Ι</strong></span> <span class='ocrx_word' id='word_1_875' title='bbox 1962 5690 2104 5748; x_wconf 69' lang='grc' dir='ltr'>Ρεείτ.</span> <span class='ocrx_word' id='word_1_876' title='bbox 2133 5708 2191 5759; x_wconf 81' lang='grc' dir='ltr'><strong>ιι,</strong></span> <span class='ocrx_word' id='word_1_877' title='bbox 2230 5691 2319 5752; x_wconf 66' lang='lat'><strong>‘22.</strong></span> <span class='ocrx_word' id='word_1_878' title='bbox 2400 5696 2442 5728; x_wconf 66' lang='grc' dir='ltr'><strong>³ο</strong></span> <span class='ocrx_word' id='word_1_879' title='bbox 2482 5694 2496 5748; x_wconf 87' lang='grc'><strong>1</strong></span> <span class='ocrx_word' id='word_1_880' title='bbox 2530 5695 2651 5751; x_wconf 82' lang='lat' dir='ltr'><strong>Cur.</strong></span> <span class='ocrx_word' id='word_1_881' title='bbox 2692 5713 2778 5762; x_wconf 76' lang='lat' dir='ltr'><strong>xv,</strong></span> <span class='ocrx_word' id='word_1_882' title='bbox 2808 5697 2897 5753; x_wconf 71' lang='grc' dir='ltr'><strong>ω,</strong></span> 
     </span>
    </p>
   </div>
  </div>
