  <div class='ocr_page' id='page_1' title='image "/cluster/home/n/w/nwhite01/storage/ocr_20150623/75/nnc1.0046980121/683.png"; bbox 0 0 3846 6210; ppageno 0'>
   <div class='ocr_carea' id='block_1_1' title="bbox 457 352 594 408">
    <p class='ocr_par' dir='ltr' id='par_1_1' title="bbox 457 352 594 408">
     <span class='ocr_line' id='line_1_1' title="bbox 457 352 594 408; baseline 0 0"><span class='ocrx_word' id='word_1_1' title='bbox 457 352 594 408; x_wconf 71' lang='grc'><strong>1315</strong></span> 
     </span>
    </p>
   </div>
   <div class='ocr_carea' id='block_1_2' title="bbox 1473 340 2717 403">
    <p class='ocr_par' dir='ltr' id='par_1_2' title="bbox 1473 340 2717 403">
     <span class='ocr_line' id='line_1_2' title="bbox 1473 340 2717 403; baseline -0.005 -3"><span class='ocrx_word' id='word_1_2' title='bbox 1473 344 1531 403; x_wconf 87' lang='lat' dir='ltr'><strong>S.</strong></span> <span class='ocrx_word' id='word_1_3' title='bbox 1571 344 1845 401; x_wconf 80' lang='lat' dir='ltr'><strong>CYRILLI</strong></span> <span class='ocrx_word' id='word_1_4' title='bbox 1887 342 2354 400; x_wconf 68' lang='lat' dir='ltr'><strong>ALEXANDRINI</strong></span> <span class='ocrx_word' id='word_1_5' title='bbox 2396 340 2717 396; x_wconf 74' lang='lat' dir='ltr'><strong>AllClllEl‘.</strong></span> 
     </span>
    </p>
   </div>
   <div class='ocr_carea' id='block_1_3' title="bbox 3563 341 3690 396">
    <p class='ocr_par' dir='ltr' id='par_1_3' title="bbox 3563 341 3690 396">
     <span class='ocr_line' id='line_1_3' title="bbox 3563 341 3690 396; baseline 0 0"><span class='ocrx_word' id='word_1_6' title='bbox 3563 341 3690 396; x_wconf 71' lang='grc' dir='ltr'>ιιισ</span> 
     </span>
    </p>
   </div>
   <div class='ocr_carea' id='block_1_4' title="bbox 458 461 2020 537">
    <p class='ocr_par' dir='ltr' id='par_1_4' title="bbox 458 467 2018 537">
     <span class='ocr_line' id='line_1_4' title="bbox 458 467 2018 537; baseline -0.002 -12"><span class='ocrx_word' id='word_1_7' title='bbox 458 485 687 526; x_wconf 80' lang='lat' dir='ltr'><strong>ctiones.</strong></span> <span class='ocrx_word' id='word_1_8' title='bbox 728 470 971 523; x_wconf 73' lang='lat' dir='ltr'><strong>Esnrisse</strong></span> <span class='ocrx_word' id='word_1_9' title='bbox 995 467 1138 523; x_wconf 91' lang='lat' dir='ltr'><strong>enim</strong></span> <span class='ocrx_word' id='word_1_10' title='bbox 1162 467 1379 532; x_wconf 85' lang='lat' dir='ltr'><strong>dicitur,</strong></span> <span class='ocrx_word' id='word_1_11' title='bbox 1404 476 1457 521; x_wconf 90' lang='lat' dir='ltr'><strong>et</strong></span> <span class='ocrx_word' id='word_1_12' title='bbox 1489 468 1699 522; x_wconf 83' lang='lat' dir='ltr'><strong>labores</strong></span> <span class='ocrx_word' id='word_1_13' title='bbox 1729 484 1794 520; x_wconf 80' lang='lat' dir='ltr'><strong>ex</strong></span> <span class='ocrx_word' id='word_1_14' title='bbox 1845 467 2018 537; x_wconf 88' lang='lat' dir='ltr'><strong>longis</strong></span> 
     </span>
    </p>
   </div>
   <div class='ocr_carea' id='block_1_5' title="bbox 2124 461 3693 537">
    <p class='ocr_par' dir='ltr' id='par_1_5' title="bbox 2124 461 3693 535">
     <span class='ocr_line' id='line_1_5' title="bbox 2124 461 3693 535; baseline -0.002 -17"><span class='ocrx_word' id='word_1_15' title='bbox 2124 466 2273 519; x_wconf 80' lang='grc' dir='ltr'>αίτια</span> <span class='ocrx_word' id='word_1_16' title='bbox 2315 465 2485 535; x_wconf 84' lang='grc' dir='ltr'>πάθη.</span> <span class='ocrx_word' id='word_1_17' title='bbox 2533 465 2791 530; x_wconf 77' lang='grc' dir='ltr'>Πεινῆσαι</span> <span class='ocrx_word' id='word_1_18' title='bbox 2834 462 2943 533; x_wconf 70' lang='grc' dir='ltr'><strong>γὰρ</strong></span> <span class='ocrx_word' id='word_1_19' title='bbox 2982 461 3223 530; x_wconf 77' lang='grc' dir='ltr'>λέγεται,</span> <span class='ocrx_word' id='word_1_20' title='bbox 3262 461 3471 524; x_wconf 70' lang='grc' dir='ltr'>κόπους</span> <span class='ocrx_word' id='word_1_21' title='bbox 3504 478 3566 514; x_wconf 82' lang='grc' dir='ltr'><strong>τε</strong></span> <span class='ocrx_word' id='word_1_22' title='bbox 3600 465 3693 515; x_wconf 80' lang='grc' dir='ltr'><strong>ὐπ-</strong></span> 
     </span>
    </p>
   </div>
   <div class='ocr_carea' id='block_1_6' title="bbox 455 559 2024 632">
    <p class='ocr_par' dir='ltr' id='par_1_6' title="bbox 455 559 2024 632">
     <span class='ocr_line' id='line_1_6' title="bbox 455 559 2024 632; baseline -0.001 -19"><span class='ocrx_word' id='word_1_23' title='bbox 455 562 875 632; x_wconf 78' lang='lat' dir='ltr'><strong>prol‘ectionibns</strong></span> <span class='ocrx_word' id='word_1_24' title='bbox 906 559 1186 623; x_wconf 78' lang='lat' dir='ltr'><strong>tolerasse,</strong></span> <span class='ocrx_word' id='word_1_25' title='bbox 1219 573 1469 629; x_wconf 81' lang='lat' dir='ltr'><strong>pavorem</strong></span> <span class='ocrx_word' id='word_1_26' title='bbox 1509 559 1671 613; x_wconf 83' lang='lat' dir='ltr'><strong>etiam</strong></span> <span class='ocrx_word' id='word_1_27' title='bbox 1722 574 1784 613; x_wconf 90' lang='lat' dir='ltr'><strong>ae</strong></span> <span class='ocrx_word' id='word_1_28' title='bbox 1830 568 2024 622; x_wconf 87' lang='lat' dir='ltr'><strong>metus,</strong></span> 
     </span>
    </p>
   </div>
   <div class='ocr_carea' id='block_1_7' title="bbox 453 650 2028 719">
    <p class='ocr_par' dir='ltr' id='par_1_7' title="bbox 453 650 2028 719">
     <span class='ocr_line' id='line_1_7' title="bbox 453 650 2028 719; baseline -0.001 -13"><span class='ocrx_word' id='word_1_29' title='bbox 453 654 690 707; x_wconf 78' lang='lat' dir='ltr'><strong>dolorem</strong></span> <span class='ocrx_word' id='word_1_30' title='bbox 719 662 774 705; x_wconf 90' lang='lat' dir='ltr'><strong>et</strong></span> <span class='ocrx_word' id='word_1_31' title='bbox 814 666 1123 715; x_wconf 73' lang='lat' dir='ltr'><strong>irimrorem,</strong></span> <span class='ocrx_word' id='word_1_32' title='bbox 1184 659 1412 705; x_wconf 89' lang='lat' dir='ltr'><strong>mortem</strong></span> <span class='ocrx_word' id='word_1_33' title='bbox 1478 651 1709 719; x_wconf 87' lang='lat' dir='ltr'><strong>denique</strong></span> <span class='ocrx_word' id='word_1_34' title='bbox 1760 650 1812 703; x_wconf 92' lang='lat' dir='ltr'><strong>in</strong></span> <span class='ocrx_word' id='word_1_35' title='bbox 1866 664 2028 704; x_wconf 90' lang='lat' dir='ltr'><strong>cruce</strong></span> 
     </span>
    </p>
   </div>
   <div class='ocr_carea' id='block_1_8' title="bbox 453 745 2027 812">
    <p class='ocr_par' dir='ltr' id='par_1_8' title="bbox 453 745 2027 812">
     <span class='ocr_line' id='line_1_8' title="bbox 453 745 2027 812; baseline -0.003 -11"><span class='ocrx_word' id='word_1_36' title='bbox 453 748 706 801; x_wconf 75' lang='lat' dir='ltr'><strong>subiisse.</strong></span> <span class='ocrx_word' id='word_1_37' title='bbox 738 745 975 811; x_wconf 77' lang='lat' dir='ltr'><strong>Cogente</strong></span> <span class='ocrx_word' id='word_1_38' title='bbox 1014 745 1156 799; x_wconf 81' lang='lat' dir='ltr'><strong>enim</strong></span> <span class='ocrx_word' id='word_1_39' title='bbox 1186 745 1401 798; x_wconf 91' lang='lat' dir='ltr'><strong>nemine</strong></span> <span class='ocrx_word' id='word_1_40' title='bbox 1470 745 1705 798; x_wconf 90' lang='lat' dir='ltr'><strong>animam</strong></span> <span class='ocrx_word' id='word_1_41' title='bbox 1740 758 1893 797; x_wconf 86' lang='lat' dir='ltr'><strong>suam</strong></span> <span class='ocrx_word' id='word_1_42' title='bbox 1931 758 2027 812; x_wconf 89' lang='lat' dir='ltr'><strong>pro</strong></span> 
     </span>
    </p>
   </div>
   <div class='ocr_carea' id='block_1_9' title="bbox 456 834 2029 907">
    <p class='ocr_par' dir='ltr' id='par_1_9' title="bbox 456 834 2029 907">
     <span class='ocr_line' id='line_1_9' title="bbox 456 834 2029 907; baseline -0.003 -16"><span class='ocrx_word' id='word_1_43' title='bbox 456 838 611 891; x_wconf 86' lang='lat' dir='ltr'><strong>nobis</strong></span> <span class='ocrx_word' id='word_1_44' title='bbox 642 836 903 907; x_wconf 77' lang='lat' dir='ltr'><strong>posuit“,</strong></span> <span class='ocrx_word' id='word_1_45' title='bbox 940 846 994 889; x_wconf 91' lang='lat' dir='ltr'><strong>ut</strong></span> <span class='ocrx_word' id='word_1_46' title='bbox 1031 836 1259 889; x_wconf 88' lang='lat' dir='ltr'><strong>mortuis</strong></span> <span class='ocrx_word' id='word_1_47' title='bbox 1292 834 1449 889; x_wconf 88' lang='lat' dir='ltr'><strong>simul</strong></span> <span class='ocrx_word' id='word_1_48' title='bbox 1475 844 1530 889; x_wconf 88' lang='lat' dir='ltr'><strong>et</strong></span> <span class='ocrx_word' id='word_1_49' title='bbox 1578 835 1882 890; x_wconf 76' lang='lat' dir='ltr'><strong>viventibus</strong></span> <span class='ocrx_word' id='word_1_50' title='bbox 1932 837 2029 887; x_wconf 92' lang='lat' dir='ltr'><strong>do-</strong></span> 
     </span>
    </p>
   </div>
   <div class='ocr_carea' id='block_1_10' title="bbox 455 926 2027 994">
    <p class='ocr_par' dir='ltr' id='par_1_10' title="bbox 455 926 2027 994">
     <span class='ocr_line' id='line_1_10' title="bbox 455 926 2027 994; baseline -0.004 -12"><span class='ocrx_word' id='word_1_51' title='bbox 455 929 689 982; x_wconf 81' lang='lat' dir='ltr'><strong>minetur</strong></span> <span class='ocrx_word' id='word_1_52' title='bbox 716 927 781 980; x_wconf 79' lang='lat'><strong>“.</strong></span> <span class='ocrx_word' id='word_1_53' title='bbox 807 927 1039 981; x_wconf 89' lang='lat' dir='ltr'><strong>Carnem</strong></span> <span class='ocrx_word' id='word_1_54' title='bbox 1070 940 1300 993; x_wconf 82' lang='lat' dir='ltr'><strong>namque</strong></span> <span class='ocrx_word' id='word_1_55' title='bbox 1331 940 1482 978; x_wconf 85' lang='lat' dir='ltr'><strong>suam</strong></span> <span class='ocrx_word' id='word_1_56' title='bbox 1515 940 1611 994; x_wconf 89' lang='lat' dir='ltr'><strong>pro</strong></span> <span class='ocrx_word' id='word_1_57' title='bbox 1642 926 1881 980; x_wconf 91' lang='lat' dir='ltr'><strong>omnium</strong></span> <span class='ocrx_word' id='word_1_58' title='bbox 1905 940 2027 978; x_wconf 88' lang='lat' dir='ltr'><strong>car—</strong></span> 
     </span>
    </p>
   </div>
   <div class='ocr_carea' id='block_1_11' title="bbox 454 1016 2022 1089">
    <p class='ocr_par' dir='ltr' id='par_1_11' title="bbox 454 1016 2022 1089">
     <span class='ocr_line' id='line_1_11' title="bbox 454 1016 2022 1089; baseline -0.004 -14"><span class='ocrx_word' id='word_1_59' title='bbox 454 1039 520 1075; x_wconf 88' lang='lat' dir='ltr'><strong>ne</strong></span> <span class='ocrx_word' id='word_1_60' title='bbox 550 1022 883 1089; x_wconf 84' lang='lat' dir='ltr'><strong>persolvens,</strong></span> <span class='ocrx_word' id='word_1_61' title='bbox 913 1021 1109 1073; x_wconf 86' lang='lat' dir='ltr'><strong>donum</strong></span> <span class='ocrx_word' id='word_1_62' title='bbox 1146 1034 1331 1073; x_wconf 82' lang='lat' dir='ltr'><strong>revera</strong></span> <span class='ocrx_word' id='word_1_63' title='bbox 1379 1018 1629 1073; x_wconf 90' lang='lat' dir='ltr'><strong>omnibus</strong></span> <span class='ocrx_word' id='word_1_64' title='bbox 1675 1016 2022 1086; x_wconf 70' lang='lat' dir='ltr'><strong>mquivalens,</strong></span> 
     </span>
    </p>
   </div>
   <div class='ocr_carea' id='block_1_12' title="bbox 454 1106 2025 1174">
    <p class='ocr_par' dir='ltr' id='par_1_12' title="bbox 454 1106 2025 1174">
     <span class='ocr_line' id='line_1_12' title="bbox 454 1106 2025 1174; baseline -0.006 -6"><span class='ocrx_word' id='word_1_65' title='bbox 454 1116 688 1169; x_wconf 81' lang='lat' dir='ltr'><strong>animam</strong></span> <span class='ocrx_word' id='word_1_66' title='bbox 722 1113 883 1166; x_wconf 82' lang='lat' dir='ltr'><strong>etiam</strong></span> <span class='ocrx_word' id='word_1_67' title='bbox 918 1128 1067 1164; x_wconf 87' lang='lat' dir='ltr'><strong>suam</strong></span> <span class='ocrx_word' id='word_1_68' title='bbox 1105 1111 1344 1163; x_wconf 75' lang='lat' dir='ltr'><strong>onitiium</strong></span> <span class='ocrx_word' id='word_1_69' title='bbox 1378 1112 1677 1162; x_wconf 80' lang='lat' dir='ltr'><strong>animarum</strong></span> <span class='ocrx_word' id='word_1_70' title='bbox 1705 1106 2025 1174; x_wconf 85' lang='lat' dir='ltr'><strong>redemptio-</strong></span> 
     </span>
    </p>
   </div>
   <div class='ocr_carea' id='block_1_13' title="bbox 452 1200 2019 1273">
    <p class='ocr_par' dir='ltr' id='par_1_13' title="bbox 452 1200 2019 1273">
     <span class='ocr_line' id='line_1_13' title="bbox 452 1200 2019 1273; baseline -0.007 -14"><span class='ocrx_word' id='word_1_71' title='bbox 452 1206 537 1259; x_wconf 85' lang='lat' dir='ltr'><strong>nis</strong></span> <span class='ocrx_word' id='word_1_72' title='bbox 567 1205 798 1273; x_wconf 81' lang='lat' dir='ltr'><strong>pretium</strong></span> <span class='ocrx_word' id='word_1_73' title='bbox 834 1203 1243 1263; x_wconf 86' lang='lat' dir='ltr'><strong>dedil,tamelsi</strong></span> <span class='ocrx_word' id='word_1_74' title='bbox 1302 1216 1515 1255; x_wconf 78' lang='lat' dir='ltr'><strong>rursum</strong></span> <span class='ocrx_word' id='word_1_75' title='bbox 1574 1201 1851 1261; x_wconf 81' lang='lat' dir='ltr'><strong>revixerit,</strong></span> <span class='ocrx_word' id='word_1_76' title='bbox 1913 1200 2019 1249; x_wconf 82' lang='lat' dir='ltr'><strong>vita</strong></span> 
     </span>
    </p>
   </div>
   <div class='ocr_carea' id='block_1_14' title="bbox 451 1289 2023 1358">
    <p class='ocr_par' dir='ltr' id='par_1_14' title="bbox 451 1289 2023 1358">
     <span class='ocr_line' id='line_1_14' title="bbox 451 1289 2023 1358; baseline -0.005 -10"><span class='ocrx_word' id='word_1_77' title='bbox 451 1294 771 1349; x_wconf 86' lang='lat' dir='ltr'><strong>naturaliter</strong></span> <span class='ocrx_word' id='word_1_78' title='bbox 812 1296 1103 1358; x_wconf 80' lang='lat' dir='ltr'><strong>exsistens,</strong></span> <span class='ocrx_word' id='word_1_79' title='bbox 1161 1302 1217 1346; x_wconf 93' lang='lat' dir='ltr'><strong>ut</strong></span> <span class='ocrx_word' id='word_1_80' title='bbox 1259 1291 1417 1345; x_wconf 84' lang='lat' dir='ltr'><strong>Deus.</strong></span> <span class='ocrx_word' id='word_1_81' title='bbox 1472 1290 1681 1344; x_wconf 81' lang='lat' dir='ltr'><strong>idcirco</strong></span> <span class='ocrx_word' id='word_1_82' title='bbox 1712 1299 1765 1343; x_wconf 90' lang='lat' dir='ltr'><strong>et</strong></span> <span class='ocrx_word' id='word_1_83' title='bbox 1806 1289 2023 1342; x_wconf 89' lang='lat' dir='ltr'><strong>divinus</strong></span> 
     </span>
    </p>
   </div>
   <div class='ocr_carea' id='block_1_15' title="bbox 450 1381 2025 1449">
    <p class='ocr_par' dir='ltr' id='par_1_15' title="bbox 450 1381 2025 1449">
     <span class='ocr_line' id='line_1_15' title="bbox 450 1381 2025 1449; baseline -0.005 -10"><span class='ocrx_word' id='word_1_84' title='bbox 450 1386 643 1441; x_wconf 79' lang='lat' dir='ltr'><strong>Petrus</strong></span> <span class='ocrx_word' id='word_1_85' title='bbox 673 1387 743 1439; x_wconf 88' lang='lat' dir='ltr'><strong>ita</strong></span> <span class='ocrx_word' id='word_1_86' title='bbox 776 1388 886 1439; x_wconf 85' lang='lat' dir='ltr'><strong>ait:</strong></span> <span class='ocrx_word' id='word_1_87' title='bbox 932 1404 950 1435; x_wconf 74' lang='grc' dir='ltr'><strong>ε</strong></span> <span class='ocrx_word' id='word_1_88' title='bbox 990 1384 1099 1438; x_wconf 85' lang='lat' dir='ltr'><strong>Viri</strong></span> <span class='ocrx_word' id='word_1_89' title='bbox 1135 1383 1353 1449; x_wconf 73' lang='lat' dir='ltr'><strong>fratres,</strong></span> <span class='ocrx_word' id='word_1_90' title='bbox 1410 1382 1569 1437; x_wconf 86' lang='lat' dir='ltr'><strong>liceat</strong></span> <span class='ocrx_word' id='word_1_91' title='bbox 1640 1381 1901 1435; x_wconf 88' lang='lat' dir='ltr'><strong>audenter</strong></span> <span class='ocrx_word' id='word_1_92' title='bbox 1944 1381 2025 1432; x_wconf 86' lang='lat' dir='ltr'><strong>di-</strong></span> 
     </span>
    </p>
   </div>
   <div class='ocr_carea' id='block_1_16' title="bbox 450 1473 2023 1546">
    <p class='ocr_par' dir='ltr' id='par_1_16' title="bbox 450 1473 2023 1546">
     <span class='ocr_line' id='line_1_16' title="bbox 450 1473 2023 1546; baseline 0.001 -20"><span class='ocrx_word' id='word_1_93' title='bbox 450 1492 575 1531; x_wconf 65' lang='lat' dir='ltr'><strong>cere</strong></span> <span class='ocrx_word' id='word_1_94' title='bbox 596 1477 660 1529; x_wconf 90' lang='lat' dir='ltr'><strong>ad</strong></span> <span class='ocrx_word' id='word_1_95' title='bbox 689 1492 783 1530; x_wconf 91' lang='lat' dir='ltr'><strong>vos</strong></span> <span class='ocrx_word' id='word_1_96' title='bbox 817 1477 882 1530; x_wconf 91' lang='lat' dir='ltr'><strong>de</strong></span> <span class='ocrx_word' id='word_1_97' title='bbox 913 1476 1217 1546; x_wconf 88' lang='lat' dir='ltr'><strong>patriarcha</strong></span> <span class='ocrx_word' id='word_1_98' title='bbox 1258 1473 1712 1543; x_wconf 87' lang='lat' dir='ltr'><strong>David,quoniam</strong></span> <span class='ocrx_word' id='word_1_99' title='bbox 1740 1474 2023 1527; x_wconf 79' lang='lat' dir='ltr'><strong>defunctus</strong></span> 
     </span>
    </p>
   </div>
   <div class='ocr_carea' id='block_1_17' title="bbox 448 1560 2024 1636">
    <p class='ocr_par' dir='ltr' id='par_1_17' title="bbox 448 1560 2024 1636">
     <span class='ocr_line' id='line_1_17' title="bbox 448 1560 2024 1636; baseline -0.003 -15"><span class='ocrx_word' id='word_1_100' title='bbox 448 1575 535 1621; x_wconf 91' lang='lat' dir='ltr'><strong>est</strong></span> <span class='ocrx_word' id='word_1_101' title='bbox 567 1577 622 1621; x_wconf 90' lang='lat' dir='ltr'><strong>et</strong></span> <span class='ocrx_word' id='word_1_102' title='bbox 655 1568 898 1636; x_wconf 89' lang='lat' dir='ltr'><strong>sepultus</strong></span> <span class='ocrx_word' id='word_1_103' title='bbox 930 1560 1033 1631; x_wconf 85' lang='lat' dir='ltr'><strong>est,</strong></span> <span class='ocrx_word' id='word_1_104' title='bbox 1065 1573 1118 1619; x_wconf 88' lang='lat' dir='ltr'><strong>et</strong></span> <span class='ocrx_word' id='word_1_105' title='bbox 1160 1565 1463 1635; x_wconf 85' lang='lat' dir='ltr'><strong>sepulcrum</strong></span> <span class='ocrx_word' id='word_1_106' title='bbox 1494 1564 1609 1632; x_wconf 86' lang='lat' dir='ltr'><strong>ejus</strong></span> <span class='ocrx_word' id='word_1_107' title='bbox 1638 1572 1722 1618; x_wconf 87' lang='lat' dir='ltr'><strong>est</strong></span> <span class='ocrx_word' id='word_1_108' title='bbox 1749 1563 1889 1634; x_wconf 89' lang='lat' dir='ltr'><strong>apud</strong></span> <span class='ocrx_word' id='word_1_109' title='bbox 1926 1577 2024 1617; x_wconf 90' lang='lat' dir='ltr'><strong>nos</strong></span> 
     </span>
    </p>
   </div>
   <div class='ocr_carea' id='block_1_18' title="bbox 451 1657 2025 1729">
    <p class='ocr_par' dir='ltr' id='par_1_18' title="bbox 451 1657 2025 1729">
     <span class='ocr_line' id='line_1_18' title="bbox 451 1657 2025 1729; baseline -0.001 -18"><span class='ocrx_word' id='word_1_110' title='bbox 451 1659 705 1729; x_wconf 68' lang='lat' dir='ltr'><strong>usque&#39;in</strong></span> <span class='ocrx_word' id='word_1_111' title='bbox 749 1658 1069 1713; x_wconf 85' lang='lat' dir='ltr'><strong>hodiernqu</strong></span> <span class='ocrx_word' id='word_1_112' title='bbox 1105 1658 1267 1712; x_wconf 89' lang='lat' dir='ltr'><strong>diem.</strong></span> <span class='ocrx_word' id='word_1_113' title='bbox 1294 1657 1557 1726; x_wconf 87' lang='lat' dir='ltr'><strong>Propheta</strong></span> <span class='ocrx_word' id='word_1_114' title='bbox 1588 1657 1749 1727; x_wconf 83' lang='lat' dir='ltr'><strong>igitur</strong></span> <span class='ocrx_word' id='word_1_115' title='bbox 1777 1671 1897 1710; x_wconf 92' lang='lat' dir='ltr'><strong>cum</strong></span> <span class='ocrx_word' id='word_1_116' title='bbox 1937 1670 2025 1710; x_wconf 83' lang='lat' dir='ltr'><strong>es-</strong></span> 
     </span>
    </p>
   </div>
   <div class='ocr_carea' id='block_1_19' title="bbox 450 1746 2023 1817">
    <p class='ocr_par' dir='ltr' id='par_1_19' title="bbox 450 1746 2023 1817">
     <span class='ocr_line' id='line_1_19' title="bbox 450 1746 2023 1817; baseline -0.002 -16"><span class='ocrx_word' id='word_1_117' title='bbox 450 1758 552 1813; x_wconf 77' lang='lat' dir='ltr'><strong>set,</strong></span> <span class='ocrx_word' id='word_1_118' title='bbox 573 1759 628 1803; x_wconf 89' lang='lat' dir='ltr'><strong>et</strong></span> <span class='ocrx_word' id='word_1_119' title='bbox 656 1749 819 1803; x_wconf 80' lang='lat' dir='ltr'><strong>sciret</strong></span> <span class='ocrx_word' id='word_1_120' title='bbox 848 1747 1587 1817; x_wconf 84' lang='lat' dir='ltr'><strong>quiajurejurandojurasset</strong></span> <span class='ocrx_word' id='word_1_121' title='bbox 1641 1746 1715 1799; x_wconf 91' lang='lat' dir='ltr'><strong>illi</strong></span> <span class='ocrx_word' id='word_1_122' title='bbox 1777 1746 1920 1800; x_wconf 84' lang='lat' dir='ltr'><strong>Deus</strong></span> <span class='ocrx_word' id='word_1_123' title='bbox 1957 1746 2023 1799; x_wconf 90' lang='lat' dir='ltr'><strong>de</strong></span> 
     </span>
    </p>
   </div>
   <div class='ocr_carea' id='block_1_20' title="bbox 2129 552 3693 624">
    <p class='ocr_par' dir='ltr' id='par_1_20' title="bbox 2129 552 3693 624">
     <span class='ocr_line' id='line_1_20' title="bbox 2129 552 3693 624; baseline -0.001 -16"><span class='ocrx_word' id='word_1_124' title='bbox 2129 560 2371 624; x_wconf 88' lang='grc' dir='ltr'>ενεγκεῖν</span> <span class='ocrx_word' id='word_1_125' title='bbox 2398 556 2527 617; x_wconf 76' lang='grc' dir='ltr'>τοὺς</span> <span class='ocrx_word' id='word_1_126' title='bbox 2566 556 2630 607; x_wconf 80' lang='grc' dir='ltr'>ὲκ</span> <span class='ocrx_word' id='word_1_127' title='bbox 2666 553 2894 623; x_wconf 81' lang='grc' dir='ltr'><strong>μακρῶν</strong></span> <span class='ocrx_word' id='word_1_128' title='bbox 2915 552 3254 623; x_wconf 80' lang='grc' dir='ltr'>ὁδοιποριῶν,</span> <span class='ocrx_word' id='word_1_129' title='bbox 3297 554 3495 617; x_wconf 82' lang='grc' dir='ltr'>πτοίας</span> <span class='ocrx_word' id='word_1_130' title='bbox 3521 570 3580 606; x_wconf 84' lang='grc' dir='ltr'><strong>τε</strong></span> <span class='ocrx_word' id='word_1_131' title='bbox 3611 558 3693 607; x_wconf 77' lang='grc' dir='ltr'>καὶ</span> 
     </span>
    </p>
   </div>
   <div class='ocr_carea' id='block_1_21' title="bbox 2129 644 3695 717">
    <p class='ocr_par' dir='ltr' id='par_1_21' title="bbox 2129 644 3695 717">
     <span class='ocr_line' id='line_1_21' title="bbox 2129 644 3695 717; baseline -0.002 -17"><span class='ocrx_word' id='word_1_132' title='bbox 2129 648 2349 717; x_wconf 76' lang='grc' dir='ltr'>φὸὁους,</span> <span class='ocrx_word' id='word_1_133' title='bbox 2385 648 2479 699; x_wconf 71' lang='grc' dir='ltr'>καὶ</span> <span class='ocrx_word' id='word_1_134' title='bbox 2526 646 2703 714; x_wconf 81' lang='grc' dir='ltr'>λύπην</span> <span class='ocrx_word' id='word_1_135' title='bbox 2740 645 2835 697; x_wconf 75' lang='grc' dir='ltr'>καὶ</span> <span class='ocrx_word' id='word_1_136' title='bbox 2880 644 3144 711; x_wconf 80' lang='grc' dir='ltr'>ἀγωνίαν,</span> <span class='ocrx_word' id='word_1_137' title='bbox 3193 644 3287 697; x_wconf 75' lang='grc' dir='ltr'>καὶ</span> <span class='ocrx_word' id='word_1_138' title='bbox 3334 644 3431 697; x_wconf 78' lang='grc' dir='ltr'><strong>τὸν</strong></span> <span class='ocrx_word' id='word_1_139' title='bbox 3491 646 3587 698; x_wconf 68' lang='grc' dir='ltr'><strong>ἐπὶ</strong></span> <span class='ocrx_word' id='word_1_140' title='bbox 3628 646 3695 713; x_wconf 79' lang='grc' dir='ltr'>τῷ</span> 
     </span>
    </p>
   </div>
   <div class='ocr_carea' id='block_1_22' title="bbox 2130 735 3695 810">
    <p class='ocr_par' dir='ltr' id='par_1_22' title="bbox 2130 735 3695 810">
     <span class='ocr_line' id='line_1_22' title="bbox 2130 735 3695 810; baseline -0.003 -17"><span class='ocrx_word' id='word_1_141' title='bbox 2130 740 2347 810; x_wconf 89' lang='grc' dir='ltr'>σταυρῷ</span> <span class='ocrx_word' id='word_1_142' title='bbox 2375 738 2622 792; x_wconf 84' lang='grc' dir='ltr'>θάνατον.</span> <span class='ocrx_word' id='word_1_143' title='bbox 2660 736 3160 804; x_wconf 77' lang='grc' dir='ltr'>Ἐπαναγκάζοντος</span> <span class='ocrx_word' id='word_1_144' title='bbox 3194 735 3303 807; x_wconf 84' lang='grc' dir='ltr'><strong>γὰρ</strong></span> <span class='ocrx_word' id='word_1_145' title='bbox 3336 736 3577 799; x_wconf 80' lang='grc' dir='ltr'>οὐδενὸς,</span> <span class='ocrx_word' id='word_1_146' title='bbox 3618 738 3695 788; x_wconf 64' lang='grc' dir='ltr'>τίς</span> 
     </span>
    </p>
   </div>
   <div class='ocr_carea' id='block_1_23' title="bbox 2128 825 3698 898">
    <p class='ocr_par' dir='ltr' id='par_1_23' title="bbox 2128 825 3698 898">
     <span class='ocr_line' id='line_1_23' title="bbox 2128 825 3698 898; baseline -0.006 -13"><span class='ocrx_word' id='word_1_147' title='bbox 2128 832 2307 885; x_wconf 87' lang='grc' dir='ltr'>θεικεν</span> <span class='ocrx_word' id='word_1_148' title='bbox 2324 832 2418 897; x_wconf 74' lang='grc' dir='ltr'>ἀφ’</span> <span class='ocrx_word' id='word_1_149' title='bbox 2439 829 2635 882; x_wconf 83' lang='grc' dir='ltr'>ἑαυτοῦ</span> <span class='ocrx_word' id='word_1_150' title='bbox 2655 828 2754 898; x_wconf 78' lang='grc' dir='ltr'>τὴν</span> <span class='ocrx_word' id='word_1_151' title='bbox 2778 826 2914 879; x_wconf 86' lang='grc' dir='ltr'>ἰδίαν</span> <span class='ocrx_word' id='word_1_152' title='bbox 2943 825 3120 896; x_wconf 77' lang='grc' dir='ltr'>ψυχὴν</span> <span class='ocrx_word' id='word_1_153' title='bbox 3138 825 3279 896; x_wconf 79' lang='grc' dir='ltr'>ὑπὲρ</span> <span class='ocrx_word' id='word_1_154' title='bbox 3300 826 3483 895; x_wconf 79' lang='grc' dir='ltr'>ἡμῶν,</span> <span class='ocrx_word' id='word_1_155' title='bbox 3505 826 3596 877; x_wconf 87' lang='grc' dir='ltr'><strong>ἴνα</strong></span> <span class='ocrx_word' id='word_1_156' title='bbox 3612 826 3698 877; x_wconf 82' lang='grc' dir='ltr'>καὶ</span> 
     </span>
    </p>
   </div>
   <div class='ocr_carea' id='block_1_24' title="bbox 2127 917 3696 993">
    <p class='ocr_par' dir='ltr' id='par_1_24' title="bbox 2127 917 3696 993">
     <span class='ocr_line' id='line_1_24' title="bbox 2127 917 3696 993; baseline -0.006 -16"><span class='ocrx_word' id='word_1_157' title='bbox 2127 923 2335 993; x_wconf 85' lang='grc' dir='ltr'>νεκρῶν</span> <span class='ocrx_word' id='word_1_158' title='bbox 2366 922 2459 976; x_wconf 70' lang='grc' dir='ltr'>καὶ</span> <span class='ocrx_word' id='word_1_159' title='bbox 2490 920 2706 985; x_wconf 77' lang='grc' dir='ltr'>ζώντων</span> <span class='ocrx_word' id='word_1_160' title='bbox 2734 918 3020 989; x_wconf 80' lang='grc' dir='ltr'><strong>κυριεύσῃ.</strong></span> <span class='ocrx_word' id='word_1_161' title='bbox 3051 918 3238 987; x_wconf 86' lang='grc' dir='ltr'>Σάρκα</span> <span class='ocrx_word' id='word_1_162' title='bbox 3284 917 3384 986; x_wconf 87' lang='grc' dir='ltr'>μὲν</span> <span class='ocrx_word' id='word_1_163' title='bbox 3425 918 3530 986; x_wconf 82' lang='grc' dir='ltr'><strong>τὴν</strong></span> <span class='ocrx_word' id='word_1_164' title='bbox 3571 918 3696 969; x_wconf 70' lang='grc' dir='ltr'>ἰδίαν</span> 
     </span>
    </p>
   </div>
   <div class='ocr_carea' id='block_1_25' title="bbox 2126 1008 3692 1083">
    <p class='ocr_par' dir='ltr' id='par_1_25' title="bbox 2126 1008 3692 1083">
     <span class='ocr_line' id='line_1_25' title="bbox 2126 1008 3692 1083; baseline -0.006 -15"><span class='ocrx_word' id='word_1_165' title='bbox 2126 1014 2224 1083; x_wconf 81' lang='grc' dir='ltr'>τῆς</span> <span class='ocrx_word' id='word_1_166' title='bbox 2264 1013 2518 1067; x_wconf 85' lang='grc' dir='ltr'>ἁπάντων</span> <span class='ocrx_word' id='word_1_167' title='bbox 2570 1010 2769 1080; x_wconf 74' lang='grc' dir='ltr'>σαρκὸς</span> <span class='ocrx_word' id='word_1_168' title='bbox 2810 1008 3228 1073; x_wconf 82' lang='grc' dir='ltr'>ἀνταποτιννῦς,</span> <span class='ocrx_word' id='word_1_169' title='bbox 3273 1009 3450 1079; x_wconf 89' lang='grc' dir='ltr'>δῶρον</span> <span class='ocrx_word' id='word_1_170' title='bbox 3480 1008 3692 1076; x_wconf 84' lang='grc' dir='ltr'>άληθῶς</span> 
     </span>
    </p>
   </div>
   <div class='ocr_carea' id='block_1_26' title="bbox 2126 1100 3700 1172">
    <p class='ocr_par' dir='ltr' id='par_1_26' title="bbox 2126 1100 3700 1172">
     <span class='ocr_line' id='line_1_26' title="bbox 2126 1100 3700 1172; baseline -0.004 -14"><span class='ocrx_word' id='word_1_171' title='bbox 2126 1104 2396 1167; x_wconf 83' lang='grc' dir='ltr'><strong>ἀντάξιον,</strong></span> <span class='ocrx_word' id='word_1_172' title='bbox 2437 1102 2613 1172; x_wconf 74' lang='grc' dir='ltr'>ψυχὴν</span> <span class='ocrx_word' id='word_1_173' title='bbox 2651 1102 2707 1154; x_wconf 84' lang='grc' dir='ltr'>δὲ</span> <span class='ocrx_word' id='word_1_174' title='bbox 2738 1100 2915 1170; x_wconf 77' lang='grc' dir='ltr'>ψυχῆς</span> <span class='ocrx_word' id='word_1_175' title='bbox 2948 1100 3263 1171; x_wconf 72' lang='grc' dir='ltr'><strong>ἀντίλυτρον</strong></span> <span class='ocrx_word' id='word_1_176' title='bbox 3297 1104 3395 1172; x_wconf 82' lang='grc' dir='ltr'>τῆς</span> <span class='ocrx_word' id='word_1_177' title='bbox 3445 1101 3700 1154; x_wconf 82' lang='grc' dir='ltr'>ἁπάντων</span> 
     </span>
    </p>
   </div>
   <div class='ocr_carea' id='block_1_27' title="bbox 2126 1191 3700 1263">
    <p class='ocr_par' dir='ltr' id='par_1_27' title="bbox 2126 1191 3700 1263">
     <span class='ocr_line' id='line_1_27' title="bbox 2126 1191 3700 1263; baseline -0.002 -16"><span class='ocrx_word' id='word_1_178' title='bbox 2126 1194 2470 1263; x_wconf 86' lang='grc' dir='ltr'>ποιούμενος,</span> <span class='ocrx_word' id='word_1_179' title='bbox 2512 1196 2560 1246; x_wconf 82' lang='grc' dir='ltr'>εἰ</span> <span class='ocrx_word' id='word_1_180' title='bbox 2615 1195 2707 1246; x_wconf 74' lang='grc' dir='ltr'>καὶ</span> <span class='ocrx_word' id='word_1_181' title='bbox 2749 1193 2953 1245; x_wconf 77' lang='grc' dir='ltr'>ἀνεϐίω</span> <span class='ocrx_word' id='word_1_182' title='bbox 2984 1192 3167 1255; x_wconf 88' lang='grc' dir='ltr'>πάλιν,</span> <span class='ocrx_word' id='word_1_183' title='bbox 3195 1192 3307 1263; x_wconf 85' lang='grc' dir='ltr'><strong>ζωὴ</strong></span> <span class='ocrx_word' id='word_1_184' title='bbox 3356 1191 3503 1245; x_wconf 86' lang='grc' dir='ltr'><strong>κατά</strong></span> <span class='ocrx_word' id='word_1_185' title='bbox 3544 1191 3700 1261; x_wconf 78' lang='grc' dir='ltr'>φύσιν</span> 
     </span>
    </p>
   </div>
   <div class='ocr_carea' id='block_1_28' title="bbox 2126 1286 3698 1357">
    <p class='ocr_par' dir='ltr' id='par_1_28' title="bbox 2126 1286 3698 1357">
     <span class='ocr_line' id='line_1_28' title="bbox 2126 1286 3698 1357; baseline -0.003 -16"><span class='ocrx_word' id='word_1_186' title='bbox 2126 1289 2384 1357; x_wconf 76' lang='grc' dir='ltr'><strong>ὑπάρχων</strong></span> <span class='ocrx_word' id='word_1_187' title='bbox 2429 1288 2505 1350; x_wconf 83' lang='grc' dir='ltr'>ὡς</span> <span class='ocrx_word' id='word_1_188' title='bbox 2537 1286 2692 1347; x_wconf 86' lang='grc' dir='ltr'>Θεὸς.</span> <span class='ocrx_word' id='word_1_189' title='bbox 2742 1288 2851 1340; x_wconf 72' lang='grc' dir='ltr'><strong>Καὶ</strong></span> <span class='ocrx_word' id='word_1_190' title='bbox 2886 1287 3013 1354; x_wconf 88' lang='grc' dir='ltr'>γοῦν</span> <span class='ocrx_word' id='word_1_191' title='bbox 3059 1287 3088 1339; x_wconf 87' lang='grc' dir='ltr'><strong>ὁ</strong></span> <span class='ocrx_word' id='word_1_192' title='bbox 3130 1286 3423 1350; x_wconf 80' lang='grc' dir='ltr'><strong>θεσπέσιος</strong></span> <span class='ocrx_word' id='word_1_193' title='bbox 3472 1287 3698 1356; x_wconf 80' lang='grc' dir='ltr'>Πέτρος,</span> 
     </span>
    </p>
   </div>
   <div class='ocr_carea' id='block_1_29' title="bbox 2130 1378 3703 1449">
    <p class='ocr_par' dir='ltr' id='par_1_29' title="bbox 2130 1378 3703 1449">
     <span class='ocr_line' id='line_1_29' title="bbox 2130 1378 3703 1449; baseline -0.003 -18"><span class='ocrx_word' id='word_1_194' title='bbox 2130 1398 2149 1431; x_wconf 85' lang='grc'><strong>‹</strong></span> <span class='ocrx_word' id='word_1_195' title='bbox 2176 1381 2402 1449; x_wconf 73' lang='grc' dir='ltr'>’Ἄνδρες</span> <span class='ocrx_word' id='word_1_196' title='bbox 2430 1378 2675 1446; x_wconf 71' lang='grc' dir='ltr'>ἀδελφοὶ,</span> <span class='ocrx_word' id='word_1_197' title='bbox 2708 1378 2893 1448; x_wconf 72' lang='grc' dir='ltr'>φησὶν,</span> <span class='ocrx_word' id='word_1_198' title='bbox 2924 1378 3044 1444; x_wconf 76' lang='grc' dir='ltr'><strong>ἐξὸν</strong></span> <span class='ocrx_word' id='word_1_199' title='bbox 3085 1380 3260 1431; x_wconf 71' lang='grc' dir='ltr'>εἰπεῖν</span> <span class='ocrx_word' id='word_1_200' title='bbox 3307 1378 3448 1448; x_wconf 85' lang='grc' dir='ltr'><strong>μετά</strong></span> <span class='ocrx_word' id='word_1_201' title='bbox 3484 1380 3703 1447; x_wconf 79' lang='grc' dir='ltr'>παρῤη-</span> 
     </span>
    </p>
   </div>
   <div class='ocr_carea' id='block_1_30' title="bbox 2126 1466 3705 1538">
    <p class='ocr_par' dir='ltr' id='par_1_30' title="bbox 2126 1466 3705 1538">
     <span class='ocr_line' id='line_1_30' title="bbox 2126 1466 3705 1538; baseline -0.001 -16"><span class='ocrx_word' id='word_1_202' title='bbox 2126 1471 2244 1533; x_wconf 84' lang='grc' dir='ltr'>σίας</span> <span class='ocrx_word' id='word_1_203' title='bbox 2276 1470 2409 1538; x_wconf 80' lang='grc' dir='ltr'>πρὸς</span> <span class='ocrx_word' id='word_1_204' title='bbox 2431 1469 2574 1537; x_wconf 73' lang='grc' dir='ltr'>ὑμᾶς</span> <span class='ocrx_word' id='word_1_205' title='bbox 2599 1468 2728 1538; x_wconf 73' lang='grc' dir='ltr'>περὶ</span> <span class='ocrx_word' id='word_1_206' title='bbox 2764 1466 2860 1519; x_wconf 87' lang='grc' dir='ltr'><strong>τοῦ</strong></span> <span class='ocrx_word' id='word_1_207' title='bbox 2899 1468 3237 1538; x_wconf 77' lang='grc' dir='ltr'>πατριάρχου</span> <span class='ocrx_word' id='word_1_208' title='bbox 3272 1468 3462 1529; x_wconf 68' lang='grc' dir='ltr'>Δαόὶδ,</span> <span class='ocrx_word' id='word_1_209' title='bbox 3486 1468 3574 1519; x_wconf 87' lang='grc' dir='ltr'>ὅτι</span> <span class='ocrx_word' id='word_1_210' title='bbox 3617 1470 3705 1520; x_wconf 79' lang='grc' dir='ltr'>καὶ</span> 
     </span>
    </p>
   </div>
   <div class='ocr_carea' id='block_1_31' title="bbox 2122 1559 3705 1634">
    <p class='ocr_par' dir='ltr' id='par_1_31' title="bbox 2122 1559 3705 1634">
     <span class='ocr_line' id='line_1_31' title="bbox 2122 1559 3705 1634; baseline -0.004 -18"><span class='ocrx_word' id='word_1_211' title='bbox 2122 1563 2443 1634; x_wconf 78' lang='grc' dir='ltr'>ἐτελεύτησε</span> <span class='ocrx_word' id='word_1_212' title='bbox 2471 1562 2565 1614; x_wconf 69' lang='grc' dir='ltr'>καὶ</span> <span class='ocrx_word' id='word_1_213' title='bbox 2600 1562 2797 1630; x_wconf 78' lang='grc' dir='ltr'>ἐτάφη,</span> <span class='ocrx_word' id='word_1_214' title='bbox 2830 1561 2926 1613; x_wconf 71' lang='grc' dir='ltr'><strong>καὶ</strong></span> <span class='ocrx_word' id='word_1_215' title='bbox 2951 1562 3008 1613; x_wconf 87' lang='grc' dir='ltr'>τὸ</span> <span class='ocrx_word' id='word_1_216' title='bbox 3037 1560 3141 1630; x_wconf 73' lang='grc' dir='ltr'>μνῆ</span> <span class='ocrx_word' id='word_1_217' title='bbox 3152 1577 3227 1629; x_wconf 83' lang='grc' dir='ltr'><strong>μα</strong></span> <span class='ocrx_word' id='word_1_218' title='bbox 3258 1560 3428 1613; x_wconf 79' lang='grc' dir='ltr'>αὑτοῦ</span> <span class='ocrx_word' id='word_1_219' title='bbox 3465 1561 3622 1611; x_wconf 81' lang='grc' dir='ltr'>ἐστιν</span> <span class='ocrx_word' id='word_1_220' title='bbox 3652 1559 3705 1609; x_wconf 80' lang='grc' dir='ltr'>ὲν</span> 
     </span>
    </p>
   </div>
   <div class='ocr_carea' id='block_1_32' title="bbox 2122 1646 3705 1725">
    <p class='ocr_par' dir='ltr' id='par_1_32' title="bbox 2122 1646 3705 1725">
     <span class='ocr_line' id='line_1_32' title="bbox 2122 1646 3705 1725; baseline -0.004 -18"><span class='ocrx_word' id='word_1_221' title='bbox 2122 1657 2253 1725; x_wconf 79' lang='grc' dir='ltr'>ἡμῖν</span> <span class='ocrx_word' id='word_1_222' title='bbox 2291 1654 2417 1725; x_wconf 79' lang='grc' dir='ltr'>ἄχρι</span> <span class='ocrx_word' id='word_1_223' title='bbox 2442 1652 2539 1722; x_wconf 78' lang='grc' dir='ltr'>τῆς</span> <span class='ocrx_word' id='word_1_224' title='bbox 2562 1653 2775 1722; x_wconf 76' lang='grc' dir='ltr'>ἡμέρας</span> <span class='ocrx_word' id='word_1_225' title='bbox 2806 1650 3030 1719; x_wconf 85' lang='grc' dir='ltr'>ταύτης.</span> <span class='ocrx_word' id='word_1_226' title='bbox 3077 1650 3365 1721; x_wconf 73' lang='grc' dir='ltr'>Προφήτης</span> <span class='ocrx_word' id='word_1_227' title='bbox 3399 1646 3499 1702; x_wconf 71' lang='grc' dir='ltr'>οὖν</span> <span class='ocrx_word' id='word_1_228' title='bbox 3527 1648 3705 1720; x_wconf 83' lang='grc' dir='ltr'>ὑπάρ-</span> 
     </span>
    </p>
   </div>
   <div class='ocr_carea' id='block_1_33' title="bbox 2122 1739 3707 1815">
    <p class='ocr_par' dir='ltr' id='par_1_33' title="bbox 2122 1739 3707 1815">
     <span class='ocr_line' id='line_1_33' title="bbox 2122 1739 3707 1815; baseline -0.004 -17"><span class='ocrx_word' id='word_1_229' title='bbox 2122 1762 2254 1815; x_wconf 93' lang='grc' dir='ltr'>χων,</span> <span class='ocrx_word' id='word_1_230' title='bbox 2285 1745 2377 1797; x_wconf 77' lang='grc' dir='ltr'>καὶ</span> <span class='ocrx_word' id='word_1_231' title='bbox 2416 1742 2592 1805; x_wconf 84' lang='grc' dir='ltr'>εἰδὼς,</span> <span class='ocrx_word' id='word_1_232' title='bbox 2618 1743 2700 1795; x_wconf 85' lang='grc' dir='ltr'>ὅτι</span> <span class='ocrx_word' id='word_1_233' title='bbox 2746 1743 2892 1811; x_wconf 80' lang='grc' dir='ltr'>ὅρκῳ</span> <span class='ocrx_word' id='word_1_234' title='bbox 2941 1740 3155 1809; x_wconf 79' lang='grc' dir='ltr'>ὤμοσεν</span> <span class='ocrx_word' id='word_1_235' title='bbox 3200 1739 3349 1810; x_wconf 73' lang='grc' dir='ltr'>αὐτῷ</span> <span class='ocrx_word' id='word_1_236' title='bbox 3378 1741 3408 1794; x_wconf 81' lang='grc' dir='ltr'>ὁ</span> <span class='ocrx_word' id='word_1_237' title='bbox 3440 1740 3602 1801; x_wconf 74' lang='grc' dir='ltr'>Θεὸς,</span> <span class='ocrx_word' id='word_1_238' title='bbox 3646 1742 3707 1792; x_wconf 70' lang='grc' dir='ltr'>ἐκ</span> 
     </span>
    </p>
   </div>
   <div class='ocr_carea' id='block_1_34' title="bbox 451 1830 2020 1907">
    <p class='ocr_par' dir='ltr' id='par_1_34' title="bbox 451 1835 2016 1907">
     <span class='ocr_line' id='line_1_34' title="bbox 451 1835 2016 1907; baseline -0.001 -17"><span class='ocrx_word' id='word_1_239' title='bbox 451 1838 625 1892; x_wconf 76' lang='lat' dir='ltr'><strong>fructu</strong></span> <span class='ocrx_word' id='word_1_240' title='bbox 655 1838 818 1892; x_wconf 92' lang='lat' dir='ltr'><strong>lumbi</strong></span> <span class='ocrx_word' id='word_1_241' title='bbox 845 1839 962 1907; x_wconf 87' lang='lat' dir='ltr'><strong>ejus</strong></span> <span class='ocrx_word' id='word_1_242' title='bbox 986 1840 1174 1892; x_wconf 85' lang='lat' dir='ltr'><strong>sedere</strong></span> <span class='ocrx_word' id='word_1_243' title='bbox 1209 1853 1372 1907; x_wconf 84' lang='lat' dir='ltr'><strong>super</strong></span> <span class='ocrx_word' id='word_1_244' title='bbox 1401 1838 1583 1891; x_wconf 88' lang='lat' dir='ltr'><strong>sedem</strong></span> <span class='ocrx_word' id='word_1_245' title='bbox 1627 1836 1765 1902; x_wconf 89' lang='lat' dir='ltr'><strong>ejus,</strong></span> <span class='ocrx_word' id='word_1_246' title='bbox 1825 1835 2016 1904; x_wconf 56' lang='lat' dir='ltr'><strong>praevi-</strong></span> 
     </span>
    </p>
   </div>
   <div class='ocr_carea' id='block_1_35' title="bbox 2124 1830 3707 1907">
    <p class='ocr_par' dir='ltr' id='par_1_35' title="bbox 2124 1830 3707 1907">
     <span class='ocr_line' id='line_1_35' title="bbox 2124 1830 3707 1907; baseline -0.004 -18"><span class='ocrx_word' id='word_1_247' title='bbox 2124 1834 2341 1907; x_wconf 89' lang='grc' dir='ltr'>καρποῦ</span> <span class='ocrx_word' id='word_1_248' title='bbox 2382 1834 2486 1904; x_wconf 77' lang='grc' dir='ltr'>τῆς</span> <span class='ocrx_word' id='word_1_249' title='bbox 2532 1832 2733 1901; x_wconf 80' lang='grc' dir='ltr'>ὀσφύος</span> <span class='ocrx_word' id='word_1_250' title='bbox 2777 1831 2941 1883; x_wconf 86' lang='grc' dir='ltr'>αὑτοῦ</span> <span class='ocrx_word' id='word_1_251' title='bbox 2977 1830 3198 1883; x_wconf 84' lang='grc' dir='ltr'>καθίσαι</span> <span class='ocrx_word' id='word_1_252' title='bbox 3239 1831 3334 1882; x_wconf 75' lang='grc' dir='ltr'><strong>ἐπὶ</strong></span> <span class='ocrx_word' id='word_1_253' title='bbox 3377 1832 3476 1883; x_wconf 79' lang='grc' dir='ltr'>τὸν</span> <span class='ocrx_word' id='word_1_254' title='bbox 3515 1832 3707 1901; x_wconf 80' lang='grc' dir='ltr'>θρόνον</span> 
     </span>
    </p>
   </div>
   <div class='ocr_carea' id='block_1_36' title="bbox 450 1927 2021 1995">
    <p class='ocr_par' dir='ltr' id='par_1_36' title="bbox 450 1927 2021 1995">
     <span class='ocr_line' id='line_1_36' title="bbox 450 1927 2021 1995; baseline 0 -16"><span class='ocrx_word' id='word_1_255' title='bbox 450 1930 583 1983; x_wconf 89' lang='lat' dir='ltr'><strong>dens</strong></span> <span class='ocrx_word' id='word_1_256' title='bbox 611 1928 823 1983; x_wconf 89' lang='lat' dir='ltr'><strong>locutus</strong></span> <span class='ocrx_word' id='word_1_257' title='bbox 846 1938 926 1984; x_wconf 83' lang='lat' dir='ltr'><strong>est</strong></span> <span class='ocrx_word' id='word_1_258' title='bbox 958 1929 1025 1983; x_wconf 92' lang='lat' dir='ltr'><strong>de</strong></span> <span class='ocrx_word' id='word_1_259' title='bbox 1054 1930 1450 1983; x_wconf 87' lang='lat' dir='ltr'><strong>resurrectione</strong></span> <span class='ocrx_word' id='word_1_260' title='bbox 1478 1928 1700 1990; x_wconf 86' lang='lat' dir='ltr'><strong>Christi,</strong></span> <span class='ocrx_word' id='word_1_261' title='bbox 1756 1927 1878 1995; x_wconf 86' lang='lat' dir='ltr'><strong>quia</strong></span> <span class='ocrx_word' id='word_1_262' title='bbox 1926 1941 2021 1979; x_wconf 84' lang='lat' dir='ltr'><strong>ne-</strong></span> 
     </span>
    </p>
   </div>
   <div class='ocr_carea' id='block_1_37' title="bbox 447 2017 2022 2088">
    <p class='ocr_par' dir='ltr' id='par_1_37' title="bbox 447 2017 2022 2088">
     <span class='ocr_line' id='line_1_37' title="bbox 447 2017 2022 2088; baseline 0.001 -19"><span class='ocrx_word' id='word_1_263' title='bbox 447 2033 553 2084; x_wconf 90' lang='lat' dir='ltr'><strong>que</strong></span> <span class='ocrx_word' id='word_1_264' title='bbox 575 2017 836 2071; x_wconf 88' lang='lat' dir='ltr'><strong>derelicta</strong></span> <span class='ocrx_word' id='word_1_265' title='bbox 859 2030 942 2073; x_wconf 91' lang='lat' dir='ltr'><strong>est</strong></span> <span class='ocrx_word' id='word_1_266' title='bbox 978 2019 1030 2072; x_wconf 93' lang='lat' dir='ltr'><strong>in</strong></span> <span class='ocrx_word' id='word_1_267' title='bbox 1059 2018 1269 2072; x_wconf 80' lang='lat' dir='ltr'><strong>inferno</strong></span> <span class='ocrx_word' id='word_1_268' title='bbox 1296 2019 1474 2072; x_wconf 85' lang='lat' dir='ltr'><strong>anima</strong></span> <span class='ocrx_word' id='word_1_269' title='bbox 1504 2020 1641 2083; x_wconf 86' lang='lat' dir='ltr'><strong>ejus,</strong></span> <span class='ocrx_word' id='word_1_270' title='bbox 1670 2032 1847 2088; x_wconf 91' lang='lat' dir='ltr'><strong>neque</strong></span> <span class='ocrx_word' id='word_1_271' title='bbox 1893 2032 2022 2071; x_wconf 88' lang='lat' dir='ltr'><strong>caro</strong></span> 
     </span>
    </p>
   </div>
   <div class='ocr_carea' id='block_1_38' title="bbox 443 2104 2024 2177">
    <p class='ocr_par' dir='ltr' id='par_1_38' title="bbox 443 2104 2024 2177">
     <span class='ocr_line' id='line_1_38' title="bbox 443 2104 2024 2177; baseline 0.001 -17"><span class='ocrx_word' id='word_1_272' title='bbox 443 2109 565 2175; x_wconf 78' lang='lat' dir='ltr'><strong>ejus</strong></span> <span class='ocrx_word' id='word_1_273' title='bbox 590 2110 725 2161; x_wconf 89' lang='lat' dir='ltr'><strong>vidit</strong></span> <span class='ocrx_word' id='word_1_274' title='bbox 756 2110 1157 2177; x_wconf 89' lang='lat' dir='ltr'><strong>corruptionem</strong></span> <span class='ocrx_word' id='word_1_275' title='bbox 1186 2108 1254 2162; x_wconf 75' lang='grc'><strong>⁸³.</strong></span> <span class='ocrx_word' id='word_1_276' title='bbox 1288 2128 1305 2158; x_wconf 73' lang='grc' dir='ltr'><strong>ι</strong></span> <span class='ocrx_word' id='word_1_277' title='bbox 1351 2106 1533 2176; x_wconf 86' lang='lat' dir='ltr'><strong>Neque</strong></span> <span class='ocrx_word' id='word_1_278' title='bbox 1564 2107 1707 2161; x_wconf 94' lang='lat' dir='ltr'><strong>enim</strong></span> <span class='ocrx_word' id='word_1_279' title='bbox 1763 2108 1843 2161; x_wconf 80' lang='lat' dir='ltr'><strong>fas</strong></span> <span class='ocrx_word' id='word_1_280' title='bbox 1862 2104 2024 2161; x_wconf 80' lang='lat' dir='ltr'><strong>fuerit</strong></span> 
     </span>
    </p>
   </div>
   <div class='ocr_carea' id='block_1_39' title="bbox 449 2200 2024 2271">
    <p class='ocr_par' dir='ltr' id='par_1_39' title="bbox 449 2200 2024 2271">
     <span class='ocr_line' id='line_1_39' title="bbox 449 2200 2024 2271; baseline 0.001 -19"><span class='ocrx_word' id='word_1_281' title='bbox 449 2202 625 2255; x_wconf 77' lang='lat' dir='ltr'><strong>dicere</strong></span> <span class='ocrx_word' id='word_1_282' title='bbox 648 2213 916 2269; x_wconf 75' lang='lat' dir='ltr'><strong>perpetua:</strong></span> <span class='ocrx_word' id='word_1_283' title='bbox 947 2202 1585 2271; x_wconf 75' lang='lat' dir='ltr'><strong>corruptioniobnoxiam</strong></span> <span class='ocrx_word' id='word_1_284' title='bbox 1626 2215 1746 2254; x_wconf 86' lang='lat' dir='ltr'><strong>esse</strong></span> <span class='ocrx_word' id='word_1_285' title='bbox 1786 2200 2024 2269; x_wconf 91' lang='lat' dir='ltr'><strong>potuisse</strong></span> 
     </span>
    </p>
   </div>
   <div class='ocr_carea' id='block_1_40' title="bbox 444 2288 2023 2358">
    <p class='ocr_par' dir='ltr' id='par_1_40' title="bbox 444 2288 2023 2358">
     <span class='ocr_line' id='line_1_40' title="bbox 444 2288 2023 2358; baseline -0.001 -15"><span class='ocrx_word' id='word_1_286' title='bbox 444 2307 667 2344; x_wconf 81' lang='lat' dir='ltr'><strong>carnem</strong></span> <span class='ocrx_word' id='word_1_287' title='bbox 703 2288 875 2344; x_wconf 84' lang='lat' dir='ltr'><strong>Verbo</strong></span> <span class='ocrx_word' id='word_1_288' title='bbox 901 2292 1145 2355; x_wconf 89' lang='lat' dir='ltr'><strong>unitam;</strong></span> <span class='ocrx_word' id='word_1_289' title='bbox 1191 2306 1363 2358; x_wconf 86' lang='lat' dir='ltr'><strong>neque</strong></span> <span class='ocrx_word' id='word_1_290' title='bbox 1395 2306 1581 2344; x_wconf 89' lang='lat' dir='ltr'><strong>rursus</strong></span> <span class='ocrx_word' id='word_1_291' title='bbox 1634 2290 1868 2343; x_wconf 87' lang='lat' dir='ltr'><strong>divinam</strong></span> <span class='ocrx_word' id='word_1_292' title='bbox 1907 2291 2023 2343; x_wconf 81' lang='lat' dir='ltr'><strong>ani-</strong></span> 
     </span>
    </p>
   </div>
   <div class='ocr_carea' id='block_1_41' title="bbox 448 2380 2023 2450">
    <p class='ocr_par' dir='ltr' id='par_1_41' title="bbox 448 2380 2023 2450">
     <span class='ocr_line' id='line_1_41' title="bbox 448 2380 2023 2450; baseline -0.001 -17"><span class='ocrx_word' id='word_1_293' title='bbox 448 2398 589 2434; x_wconf 85' lang='lat' dir='ltr'><strong>mam</strong></span> <span class='ocrx_word' id='word_1_294' title='bbox 618 2383 787 2450; x_wconf 87' lang='lat' dir='ltr'><strong>portis</strong></span> <span class='ocrx_word' id='word_1_295' title='bbox 818 2382 1011 2435; x_wconf 79' lang='lat' dir='ltr'><strong>inferni</strong></span> <span class='ocrx_word' id='word_1_296' title='bbox 1042 2381 1360 2449; x_wconf 81' lang='lat' dir='ltr'><strong>subjectam.</strong></span> <span class='ocrx_word' id='word_1_297' title='bbox 1396 2381 1526 2434; x_wconf 88' lang='lat' dir='ltr'><strong>Nam</strong></span> <span class='ocrx_word' id='word_1_298' title='bbox 1552 2382 1605 2435; x_wconf 88' lang='lat' dir='ltr'><strong>in</strong></span> <span class='ocrx_word' id='word_1_299' title='bbox 1629 2380 1841 2434; x_wconf 82' lang='lat' dir='ltr'><strong>inferno</strong></span> <span class='ocrx_word' id='word_1_300' title='bbox 1869 2381 2023 2434; x_wconf 86' lang='lat' dir='ltr'><strong>dere—</strong></span> 
     </span>
    </p>
   </div>
   <div class='ocr_carea' id='block_1_42' title="bbox 446 2471 2019 2542">
    <p class='ocr_par' dir='ltr' id='par_1_42' title="bbox 446 2471 2019 2542">
     <span class='ocr_line' id='line_1_42' title="bbox 446 2471 2019 2542; baseline -0.001 -17"><span class='ocrx_word' id='word_1_301' title='bbox 446 2474 608 2526; x_wconf 69' lang='lat' dir='ltr'><strong>lictus</strong></span> <span class='ocrx_word' id='word_1_302' title='bbox 637 2482 863 2537; x_wconf 90' lang='lat' dir='ltr'><strong>nonest,</strong></span> <span class='ocrx_word' id='word_1_303' title='bbox 887 2482 943 2526; x_wconf 91' lang='lat' dir='ltr'><strong>ut</strong></span> <span class='ocrx_word' id='word_1_304' title='bbox 966 2473 1178 2526; x_wconf 88' lang='lat' dir='ltr'><strong>divinus</strong></span> <span class='ocrx_word' id='word_1_305' title='bbox 1210 2472 1372 2542; x_wconf 80' lang='lat'><strong>693</strong></span> <span class='ocrx_word' id='word_1_306' title='bbox 1396 2472 1587 2526; x_wconf 84' lang='lat' dir='ltr'><strong>Petrus</strong></span> <span class='ocrx_word' id='word_1_307' title='bbox 1612 2473 1706 2525; x_wconf 90' lang='lat' dir='ltr'><strong>ait.</strong></span> <span class='ocrx_word' id='word_1_308' title='bbox 1731 2471 1846 2526; x_wconf 85' lang='lat' dir='ltr'><strong>Non</strong></span> <span class='ocrx_word' id='word_1_309' title='bbox 1878 2472 2019 2525; x_wconf 91' lang='lat' dir='ltr'><strong>enim</strong></span> 
     </span>
    </p>
   </div>
   <div class='ocr_carea' id='block_1_43' title="bbox 448 2563 2021 2633">
    <p class='ocr_par' dir='ltr' id='par_1_43' title="bbox 448 2563 2021 2633">
     <span class='ocr_line' id='line_1_43' title="bbox 448 2563 2021 2633; baseline 0.002 -19"><span class='ocrx_word' id='word_1_310' title='bbox 448 2573 697 2616; x_wconf 85' lang='lat' dir='ltr'><strong>naturam</strong></span> <span class='ocrx_word' id='word_1_311' title='bbox 726 2578 845 2631; x_wconf 65' lang='lat' dir='ltr'><strong>quae</strong></span> <span class='ocrx_word' id='word_1_312' title='bbox 877 2578 905 2615; x_wconf 93' lang='lat' dir='ltr'><strong>a</strong></span> <span class='ocrx_word' id='word_1_313' title='bbox 932 2573 1103 2618; x_wconf 90' lang='lat' dir='ltr'><strong>morte</strong></span> <span class='ocrx_word' id='word_1_314' title='bbox 1121 2564 1506 2631; x_wconf 87' lang='lat' dir='ltr'><strong>comprehendi</strong></span> <span class='ocrx_word' id='word_1_315' title='bbox 1541 2572 1594 2617; x_wconf 89' lang='lat' dir='ltr'><strong>et</strong></span> <span class='ocrx_word' id='word_1_316' title='bbox 1620 2563 1761 2617; x_wconf 88' lang='lat' dir='ltr'><strong>vinci</strong></span> <span class='ocrx_word' id='word_1_317' title='bbox 1788 2579 1891 2617; x_wconf 92' lang='lat' dir='ltr'><strong>non</strong></span> <span class='ocrx_word' id='word_1_318' title='bbox 1928 2579 2021 2633; x_wconf 88' lang='lat' dir='ltr'><strong>p0-</strong></span> 
     </span>
    </p>
   </div>
   <div class='ocr_carea' id='block_1_44' title="bbox 449 2653 2020 2722">
    <p class='ocr_par' dir='ltr' id='par_1_44' title="bbox 449 2653 2020 2722">
     <span class='ocr_line' id='line_1_44' title="bbox 449 2653 2020 2722; baseline 0.003 -17"><span class='ocrx_word' id='word_1_319' title='bbox 449 2664 574 2717; x_wconf 88' lang='lat' dir='ltr'><strong>test,</strong></span> <span class='ocrx_word' id='word_1_320' title='bbox 605 2654 707 2709; x_wconf 86' lang='lat' dir='ltr'><strong>hoc</strong></span> <span class='ocrx_word' id='word_1_321' title='bbox 730 2664 835 2719; x_wconf 88' lang='lat' dir='ltr'><strong>est,</strong></span> <span class='ocrx_word' id='word_1_322' title='bbox 873 2654 1211 2708; x_wconf 84' lang='lat' dir='ltr'><strong>divinitatem</strong></span> <span class='ocrx_word' id='word_1_323' title='bbox 1244 2653 1535 2722; x_wconf 76' lang='lat' dir='ltr'><strong>Unigeniti,</strong></span> <span class='ocrx_word' id='word_1_324' title='bbox 1578 2668 1609 2709; x_wconf 90' lang='lat' dir='ltr'><strong>e</strong></span> <span class='ocrx_word' id='word_1_325' title='bbox 1650 2655 2020 2709; x_wconf 85' lang='lat' dir='ltr'><strong>subterraneis</strong></span> 
     </span>
    </p>
   </div>
   <div class='ocr_carea' id='block_1_45' title="bbox 442 2743 2019 2814">
    <p class='ocr_par' dir='ltr' id='par_1_45' title="bbox 442 2743 2019 2814">
     <span class='ocr_line' id='line_1_45' title="bbox 442 2743 2019 2814; baseline -0.001 -14"><span class='ocrx_word' id='word_1_326' title='bbox 442 2748 713 2813; x_wconf 84' lang='lat' dir='ltr'><strong>specubus</strong></span> <span class='ocrx_word' id='word_1_327' title='bbox 751 2748 1026 2800; x_wconf 90' lang='lat' dir='ltr'><strong>reductam</strong></span> <span class='ocrx_word' id='word_1_328' title='bbox 1080 2746 1175 2799; x_wconf 85' lang='lat' dir='ltr'><strong>ait.</strong></span> <span class='ocrx_word' id='word_1_329' title='bbox 1234 2744 1419 2814; x_wconf 87' lang='lat' dir='ltr'><strong>Neque</strong></span> <span class='ocrx_word' id='word_1_330' title='bbox 1480 2744 1622 2799; x_wconf 87' lang='lat' dir='ltr'><strong>enim</strong></span> <span class='ocrx_word' id='word_1_331' title='bbox 1657 2743 2019 2798; x_wconf 86' lang='lat' dir='ltr'><strong>admiratione</strong></span> 
     </span>
    </p>
   </div>
   <div class='ocr_carea' id='block_1_46' title="bbox 446 2834 2017 2908">
    <p class='ocr_par' dir='ltr' id='par_1_46' title="bbox 446 2834 2017 2908">
     <span class='ocr_line' id='line_1_46' title="bbox 446 2834 2017 2908; baseline -0.002 -20"><span class='ocrx_word' id='word_1_332' title='bbox 446 2838 602 2908; x_wconf 84' lang='lat' dir='ltr'><strong>digna</strong></span> <span class='ocrx_word' id='word_1_333' title='bbox 632 2852 718 2891; x_wconf 87' lang='lat' dir='ltr'><strong>res</strong></span> <span class='ocrx_word' id='word_1_334' title='bbox 736 2848 902 2901; x_wconf 90' lang='lat' dir='ltr'><strong>esset,</strong></span> <span class='ocrx_word' id='word_1_335' title='bbox 931 2837 977 2891; x_wconf 90' lang='lat' dir='ltr'><strong>si</strong></span> <span class='ocrx_word' id='word_1_336' title='bbox 1014 2853 1119 2891; x_wconf 91' lang='lat' dir='ltr'><strong>non</strong></span> <span class='ocrx_word' id='word_1_337' title='bbox 1170 2837 1367 2890; x_wconf 85' lang='lat' dir='ltr'><strong>mansit</strong></span> <span class='ocrx_word' id='word_1_338' title='bbox 1401 2836 1452 2889; x_wconf 93' lang='lat' dir='ltr'><strong>in</strong></span> <span class='ocrx_word' id='word_1_339' title='bbox 1510 2835 1723 2889; x_wconf 88' lang='lat' dir='ltr'><strong>inl‘erno</strong></span> <span class='ocrx_word' id='word_1_340' title='bbox 1756 2834 2017 2898; x_wconf 80' lang='lat' dir='ltr'><strong>Verbum,</strong></span> 
     </span>
    </p>
   </div>
   <div class='ocr_carea' id='block_1_47' title="bbox 442 2925 2019 2999">
    <p class='ocr_par' dir='ltr' id='par_1_47' title="bbox 442 2925 2019 2999">
     <span class='ocr_line' id='line_1_47' title="bbox 442 2925 2019 2999; baseline -0.003 -18"><span class='ocrx_word' id='word_1_341' title='bbox 442 2930 587 2999; x_wconf 83' lang='lat' dir='ltr'><strong>quod</strong></span> <span class='ocrx_word' id='word_1_342' title='bbox 624 2929 850 2983; x_wconf 85' lang='lat' dir='ltr'><strong>Deitatis</strong></span> <span class='ocrx_word' id='word_1_343' title='bbox 876 2928 1112 2982; x_wconf 85' lang='lat' dir='ltr'><strong>ellicacia</strong></span> <span class='ocrx_word' id='word_1_344' title='bbox 1137 2937 1191 2982; x_wconf 86' lang='lat' dir='ltr'><strong>et</strong></span> <span class='ocrx_word' id='word_1_345' title='bbox 1216 2938 1408 2981; x_wconf 86' lang='lat' dir='ltr'><strong>natura</strong></span> <span class='ocrx_word' id='word_1_346' title='bbox 1458 2925 1763 2980; x_wconf 89' lang='lat' dir='ltr'><strong>admirabili</strong></span> <span class='ocrx_word' id='word_1_347' title='bbox 1835 2934 1890 2978; x_wconf 85' lang='lat' dir='ltr'><strong>et</strong></span> <span class='ocrx_word' id='word_1_348' title='bbox 1934 2940 2019 2977; x_wconf 88' lang='lat' dir='ltr'><strong>ra-</strong></span> 
     </span>
    </p>
   </div>
   <div class='ocr_carea' id='block_1_48' title="bbox 448 3017 2017 3086">
    <p class='ocr_par' dir='ltr' id='par_1_48' title="bbox 448 3017 2017 3086">
     <span class='ocr_line' id='line_1_48' title="bbox 448 3017 2017 3086; baseline -0.004 -11"><span class='ocrx_word' id='word_1_349' title='bbox 448 3026 645 3076; x_wconf 89' lang='lat' dir='ltr'><strong>tionem</strong></span> <span class='ocrx_word' id='word_1_350' title='bbox 670 3024 966 3075; x_wconf 75' lang='lat' dir='ltr'><strong>excedente</strong></span> <span class='ocrx_word' id='word_1_351' title='bbox 994 3021 1346 3075; x_wconf 86' lang='lat' dir='ltr'><strong>modoomnia</strong></span> <span class='ocrx_word' id='word_1_352' title='bbox 1376 3020 1560 3085; x_wconf 87' lang='lat' dir='ltr'><strong>implet</strong></span> <span class='ocrx_word' id='word_1_353' title='bbox 1583 3017 1874 3086; x_wconf 86' lang='lat' dir='ltr'><strong>omniaque</strong></span> <span class='ocrx_word' id='word_1_354' title='bbox 1891 3031 2017 3084; x_wconf 89' lang='lat' dir='ltr'><strong>per-</strong></span> 
     </span>
    </p>
   </div>
   <div class='ocr_carea' id='block_1_49' title="bbox 447 3107 2017 3179">
    <p class='ocr_par' dir='ltr' id='par_1_49' title="bbox 447 3107 2017 3179">
     <span class='ocr_line' id='line_1_49' title="bbox 447 3107 2017 3179; baseline -0.001 -17"><span class='ocrx_word' id='word_1_355' title='bbox 447 3122 609 3164; x_wconf 78' lang='lat' dir='ltr'><strong>meat.</strong></span> <span class='ocrx_word' id='word_1_356' title='bbox 636 3110 894 3179; x_wconf 87' lang='lat' dir='ltr'><strong>Superior</strong></span> <span class='ocrx_word' id='word_1_357' title='bbox 917 3112 1059 3163; x_wconf 88' lang='lat' dir='ltr'><strong>enim</strong></span> <span class='ocrx_word' id='word_1_358' title='bbox 1094 3122 1175 3165; x_wconf 91' lang='lat' dir='ltr'><strong>est</strong></span> <span class='ocrx_word' id='word_1_359' title='bbox 1220 3111 1367 3164; x_wconf 80' lang='lat' dir='ltr'><strong>ornni</strong></span> <span class='ocrx_word' id='word_1_360' title='bbox 1405 3110 1521 3163; x_wconf 90' lang='lat' dir='ltr'><strong>loco</strong></span> <span class='ocrx_word' id='word_1_361' title='bbox 1571 3120 1623 3162; x_wconf 92' lang='lat' dir='ltr'><strong>et</strong></span> <span class='ocrx_word' id='word_1_362' title='bbox 1672 3107 2017 3161; x_wconf 85' lang='lat' dir='ltr'><strong>circumscri-</strong></span> 
     </span>
    </p>
   </div>
   <div class='ocr_carea' id='block_1_50' title="bbox 2126 1923 3707 1997">
    <p class='ocr_par' dir='ltr' id='par_1_50' title="bbox 2126 1923 3707 1997">
     <span class='ocr_line' id='line_1_50' title="bbox 2126 1923 3707 1997; baseline -0.001 -19"><span class='ocrx_word' id='word_1_363' title='bbox 2126 1926 2316 1989; x_wconf 85' lang='grc' dir='ltr'>αὐτοῦ,</span> <span class='ocrx_word' id='word_1_364' title='bbox 2362 1925 2599 1997; x_wconf 86' lang='grc' dir='ltr'>προϊδὼν</span> <span class='ocrx_word' id='word_1_365' title='bbox 2644 1924 2874 1993; x_wconf 82' lang='grc' dir='ltr'>ὲλάλησε</span> <span class='ocrx_word' id='word_1_366' title='bbox 2914 1924 3044 1993; x_wconf 69' lang='grc' dir='ltr'>περὶ</span> <span class='ocrx_word' id='word_1_367' title='bbox 3075 1923 3176 1992; x_wconf 79' lang='grc' dir='ltr'>τῆς</span> <span class='ocrx_word' id='word_1_368' title='bbox 3226 1923 3590 1985; x_wconf 75' lang='grc' dir='ltr'>ἀναστάσεως</span> <span class='ocrx_word' id='word_1_369' title='bbox 3616 1924 3707 1977; x_wconf 85' lang='grc' dir='ltr'><strong>τοῦ</strong></span> 
     </span>
    </p>
   </div>
   <div class='ocr_carea' id='block_1_51' title="bbox 2124 2012 3707 2087">
    <p class='ocr_par' dir='ltr' id='par_1_51' title="bbox 2124 2012 3707 2087">
     <span class='ocr_line' id='line_1_51' title="bbox 2124 2012 3707 2087; baseline 0 -19"><span class='ocrx_word' id='word_1_370' title='bbox 2124 2015 2384 2087; x_wconf 83' lang='grc' dir='ltr'>Χριστοῦ,</span> <span class='ocrx_word' id='word_1_371' title='bbox 2428 2017 2510 2068; x_wconf 81' lang='grc' dir='ltr'>ὅτι</span> <span class='ocrx_word' id='word_1_372' title='bbox 2549 2013 2671 2067; x_wconf 78' lang='grc' dir='ltr'>οῦτε</span> <span class='ocrx_word' id='word_1_373' title='bbox 2724 2012 3117 2083; x_wconf 76' lang='grc' dir='ltr'>ἐγκατελείφθη</span> <span class='ocrx_word' id='word_1_374' title='bbox 3174 2015 3254 2075; x_wconf 83' lang='grc' dir='ltr'><strong>είς</strong></span> <span class='ocrx_word' id='word_1_375' title='bbox 3288 2013 3426 2083; x_wconf 76' lang='grc' dir='ltr'>ᾅδην</span> <span class='ocrx_word' id='word_1_376' title='bbox 3469 2015 3504 2081; x_wconf 78' lang='grc' dir='ltr'><strong>ἡ</strong></span> <span class='ocrx_word' id='word_1_377' title='bbox 3564 2014 3707 2084; x_wconf 66' lang='grc' dir='ltr'>ψυχὴ</span> 
     </span>
    </p>
   </div>
   <div class='ocr_carea' id='block_1_52' title="bbox 2123 2100 3708 2177">
    <p class='ocr_par' dir='ltr' id='par_1_52' title="bbox 2123 2100 3708 2177">
     <span class='ocr_line' id='line_1_52' title="bbox 2123 2100 3708 2177; baseline -0.002 -16"><span class='ocrx_word' id='word_1_378' title='bbox 2123 2107 2310 2172; x_wconf 77' lang='grc' dir='ltr'>αὑτοῦ,</span> <span class='ocrx_word' id='word_1_379' title='bbox 2340 2106 2465 2160; x_wconf 74' lang='grc' dir='ltr'>οὔτε</span> <span class='ocrx_word' id='word_1_380' title='bbox 2490 2109 2523 2177; x_wconf 85' lang='grc' dir='ltr'><strong>ἡ</strong></span> <span class='ocrx_word' id='word_1_381' title='bbox 2560 2106 2697 2177; x_wconf 78' lang='grc' dir='ltr'>σὰρξ</span> <span class='ocrx_word' id='word_1_382' title='bbox 2722 2104 2887 2158; x_wconf 83' lang='grc' dir='ltr'>αὐτοῦ</span> <span class='ocrx_word' id='word_1_383' title='bbox 2925 2100 3034 2156; x_wconf 81' lang='grc' dir='ltr'>εἶδε</span> <span class='ocrx_word' id='word_1_384' title='bbox 3063 2103 3381 2174; x_wconf 79' lang='grc' dir='ltr'>διαφθοράν.</span> <span class='ocrx_word' id='word_1_385' title='bbox 3415 2123 3434 2155; x_wconf 70' lang='grc' dir='ltr'><strong>ι</strong></span> <span class='ocrx_word' id='word_1_386' title='bbox 3472 2106 3554 2156; x_wconf 77' lang='grc' dir='ltr'><strong>Οὐ</strong></span> <span class='ocrx_word' id='word_1_387' title='bbox 3605 2105 3708 2175; x_wconf 83' lang='grc' dir='ltr'><strong>γάρ</strong></span> 
     </span>
    </p>
   </div>
   <div class='ocr_carea' id='block_1_53' title="bbox 2122 2192 3711 2269">
    <p class='ocr_par' dir='ltr' id='par_1_53' title="bbox 2122 2192 3711 2269">
     <span class='ocr_line' id='line_1_53' title="bbox 2122 2192 3711 2269; baseline -0.004 -18"><span class='ocrx_word' id='word_1_388' title='bbox 2122 2216 2204 2253; x_wconf 92' lang='grc' dir='ltr'><strong>τοι</strong></span> <span class='ocrx_word' id='word_1_389' title='bbox 2231 2200 2390 2269; x_wconf 83' lang='grc' dir='ltr'>θέμις</span> <span class='ocrx_word' id='word_1_390' title='bbox 2417 2199 2613 2262; x_wconf 75' lang='grc' dir='ltr'>εἰπεῖν,</span> <span class='ocrx_word' id='word_1_391' title='bbox 2647 2196 2822 2266; x_wconf 74' lang='grc' dir='ltr'>φθορᾷ</span> <span class='ocrx_word' id='word_1_392' title='bbox 2858 2194 2957 2265; x_wconf 85' lang='grc' dir='ltr'>μὲν</span> <span class='ocrx_word' id='word_1_393' title='bbox 2988 2193 3246 2247; x_wconf 85' lang='grc' dir='ltr'>δύνασθαι</span> <span class='ocrx_word' id='word_1_394' title='bbox 3277 2192 3615 2263; x_wconf 79' lang='grc' dir='ltr'>κρατεῖσθαι</span> <span class='ocrx_word' id='word_1_395' title='bbox 3637 2194 3711 2245; x_wconf 88' lang='grc' dir='ltr'>δι-</span> 
     </span>
    </p>
   </div>
   <div class='ocr_carea' id='block_1_54' title="bbox 2123 2284 3712 2364">
    <p class='ocr_par' dir='ltr' id='par_1_54' title="bbox 2123 2284 3712 2364">
     <span class='ocr_line' id='line_1_54' title="bbox 2123 2284 3712 2364; baseline -0.003 -18"><span class='ocrx_word' id='word_1_396' title='bbox 2123 2296 2308 2364; x_wconf 89' lang='grc' dir='ltr'>ηνεκεῖ</span> <span class='ocrx_word' id='word_1_397' title='bbox 2334 2291 2433 2361; x_wconf 87' lang='grc' dir='ltr'>τὴν</span> <span class='ocrx_word' id='word_1_398' title='bbox 2462 2291 2756 2344; x_wconf 82' lang='grc' dir='ltr'>ὲνωθεῖσαν</span> <span class='ocrx_word' id='word_1_399' title='bbox 2779 2288 2859 2359; x_wconf 82' lang='grc' dir='ltr'>τῷ</span> <span class='ocrx_word' id='word_1_400' title='bbox 2884 2290 3043 2359; x_wconf 80' lang='grc' dir='ltr'>Λόγῳ</span> <span class='ocrx_word' id='word_1_401' title='bbox 3077 2288 3275 2356; x_wconf 84' lang='grc' dir='ltr'>σάρκα,</span> <span class='ocrx_word' id='word_1_402' title='bbox 3294 2286 3533 2356; x_wconf 84' lang='grc' dir='ltr'>κάτοχον</span> <span class='ocrx_word' id='word_1_403' title='bbox 3565 2287 3625 2340; x_wconf 83' lang='grc' dir='ltr'>δὲ</span> <span class='ocrx_word' id='word_1_404' title='bbox 3648 2284 3712 2341; x_wconf 71' lang='grc' dir='ltr'>αὖ</span> 
     </span>
    </p>
   </div>
   <div class='ocr_carea' id='block_1_55' title="bbox 2122 2380 3714 2456">
    <p class='ocr_par' dir='ltr' id='par_1_55' title="bbox 2122 2380 3714 2456">
     <span class='ocr_line' id='line_1_55' title="bbox 2122 2380 3714 2456; baseline -0.004 -17"><span class='ocrx_word' id='word_1_405' title='bbox 2122 2389 2241 2450; x_wconf 86' lang='grc' dir='ltr'>ταῖς</span> <span class='ocrx_word' id='word_1_406' title='bbox 2281 2385 2407 2456; x_wconf 70' lang='grc' dir='ltr'>ᾅδου</span> <span class='ocrx_word' id='word_1_407' title='bbox 2452 2383 2649 2446; x_wconf 82' lang='grc' dir='ltr'>πύλαις</span> <span class='ocrx_word' id='word_1_408' title='bbox 2687 2385 2787 2452; x_wconf 85' lang='grc' dir='ltr'>τὴν</span> <span class='ocrx_word' id='word_1_409' title='bbox 2838 2382 2991 2436; x_wconf 83' lang='grc' dir='ltr'>θείαν</span> <span class='ocrx_word' id='word_1_410' title='bbox 3031 2380 3283 2449; x_wconf 86' lang='grc' dir='ltr'>γενέσθαι</span> <span class='ocrx_word' id='word_1_411' title='bbox 3333 2380 3549 2450; x_wconf 72' lang='grc' dir='ltr'>ψυχήν.</span> <span class='ocrx_word' id='word_1_412' title='bbox 3602 2382 3714 2433; x_wconf 78' lang='grc' dir='ltr'><strong>Ούκ</strong></span> 
     </span>
    </p>
   </div>
   <div class='ocr_carea' id='block_1_56' title="bbox 2122 2472 3714 2547">
    <p class='ocr_par' dir='ltr' id='par_1_56' title="bbox 2122 2472 3714 2547">
     <span class='ocr_line' id='line_1_56' title="bbox 2122 2472 3714 2547; baseline -0.003 -18"><span class='ocrx_word' id='word_1_413' title='bbox 2122 2475 2518 2546; x_wconf 78' lang='grc' dir='ltr'>ἐγκατελείφθη</span> <span class='ocrx_word' id='word_1_414' title='bbox 2559 2476 2668 2547; x_wconf 82' lang='grc' dir='ltr'>γὰρ</span> <span class='ocrx_word' id='word_1_415' title='bbox 2714 2477 2793 2537; x_wconf 88' lang='grc' dir='ltr'><strong>εἰς</strong></span> <span class='ocrx_word' id='word_1_416' title='bbox 2830 2474 2980 2544; x_wconf 71' lang='grc' dir='ltr'>ᾅδου,</span> <span class='ocrx_word' id='word_1_417' title='bbox 3031 2472 3177 2526; x_wconf 89' lang='grc' dir='ltr'><strong>καθά</strong></span> <span class='ocrx_word' id='word_1_418' title='bbox 3221 2475 3316 2525; x_wconf 80' lang='grc' dir='ltr'>καὶ</span> <span class='ocrx_word' id='word_1_419' title='bbox 3347 2475 3375 2525; x_wconf 88' lang='grc' dir='ltr'>ὁ</span> <span class='ocrx_word' id='word_1_420' title='bbox 3417 2473 3714 2535; x_wconf 74' lang='grc' dir='ltr'>θεσπέσιος</span> 
     </span>
    </p>
   </div>
   <div class='ocr_carea' id='block_1_57' title="bbox 2122 2564 3715 2639">
    <p class='ocr_par' dir='ltr' id='par_1_57' title="bbox 2122 2564 3715 2639">
     <span class='ocr_line' id='line_1_57' title="bbox 2122 2564 3715 2639; baseline -0.002 -19"><span class='ocrx_word' id='word_1_421' title='bbox 2122 2568 2225 2637; x_wconf 83' lang='grc' dir='ltr'>ἔφη</span> <span class='ocrx_word' id='word_1_422' title='bbox 2250 2568 2475 2639; x_wconf 84' lang='grc' dir='ltr'>Πέτρος.</span> <span class='ocrx_word' id='word_1_423' title='bbox 2513 2567 2588 2619; x_wconf 87' lang='grc' dir='ltr'><strong>Οὐ</strong></span> <span class='ocrx_word' id='word_1_424' title='bbox 2629 2566 2737 2634; x_wconf 89' lang='grc' dir='ltr'><strong>γάρ</strong></span> <span class='ocrx_word' id='word_1_425' title='bbox 2771 2582 2870 2616; x_wconf 87' lang='grc' dir='ltr'><strong>που</strong></span> <span class='ocrx_word' id='word_1_426' title='bbox 2900 2566 3001 2633; x_wconf 76' lang='grc' dir='ltr'>τήν</span> <span class='ocrx_word' id='word_1_427' title='bbox 3044 2581 3109 2631; x_wconf 88' lang='grc' dir='ltr'><strong>γε</strong></span> <span class='ocrx_word' id='word_1_428' title='bbox 3150 2564 3391 2633; x_wconf 77' lang='grc' dir='ltr'>ἄληπτον</span> <span class='ocrx_word' id='word_1_429' title='bbox 3425 2564 3715 2626; x_wconf 77' lang='grc' dir='ltr'>παντελῶς</span> 
     </span>
    </p>
   </div>
   <div class='ocr_carea' id='block_1_58' title="bbox 2122 2656 3716 2727">
    <p class='ocr_par' dir='ltr' id='par_1_58' title="bbox 2122 2656 3716 2727">
     <span class='ocr_line' id='line_1_58' title="bbox 2122 2656 3716 2727; baseline -0.002 -15"><span class='ocrx_word' id='word_1_430' title='bbox 2122 2660 2215 2712; x_wconf 76' lang='grc' dir='ltr'>καὶ</span> <span class='ocrx_word' id='word_1_431' title='bbox 2248 2659 2520 2712; x_wconf 84' lang='grc' dir='ltr'>ἀνάλωτον</span> <span class='ocrx_word' id='word_1_432' title='bbox 2552 2656 2631 2727; x_wconf 80' lang='grc' dir='ltr'><strong>τῷ</strong></span> <span class='ocrx_word' id='word_1_433' title='bbox 2662 2656 2881 2726; x_wconf 84' lang='grc' dir='ltr'>θανάτῳ</span> <span class='ocrx_word' id='word_1_434' title='bbox 2921 2657 3103 2725; x_wconf 82' lang='grc' dir='ltr'>φύσιν,</span> <span class='ocrx_word' id='word_1_435' title='bbox 3139 2656 3415 2720; x_wconf 83' lang='grc' dir='ltr'>τουτέστι,</span> <span class='ocrx_word' id='word_1_436' title='bbox 3453 2656 3563 2727; x_wconf 75' lang='grc' dir='ltr'>τὴν</span> <span class='ocrx_word' id='word_1_437' title='bbox 3600 2656 3716 2710; x_wconf 74' lang='grc' dir='ltr'>θεο-</span> 
     </span>
    </p>
   </div>
   <div class='ocr_carea' id='block_1_59' title="bbox 2119 2748 3717 2823">
    <p class='ocr_par' dir='ltr' id='par_1_59' title="bbox 2119 2748 3717 2823">
     <span class='ocr_line' id='line_1_59' title="bbox 2119 2748 3717 2823; baseline -0.002 -18"><span class='ocrx_word' id='word_1_438' title='bbox 2119 2770 2259 2823; x_wconf 89' lang='grc' dir='ltr'>τητα</span> <span class='ocrx_word' id='word_1_439' title='bbox 2296 2751 2390 2804; x_wconf 84' lang='grc' dir='ltr'><strong>τοῦ</strong></span> <span class='ocrx_word' id='word_1_440' title='bbox 2436 2749 2798 2819; x_wconf 85' lang='grc' dir='ltr'>Μονογενοῦς,</span> <span class='ocrx_word' id='word_1_441' title='bbox 2846 2749 2955 2802; x_wconf 87' lang='grc' dir='ltr'><strong>τῶν</strong></span> <span class='ocrx_word' id='word_1_442' title='bbox 2988 2748 3090 2801; x_wconf 81' lang='grc' dir='ltr'>ὑπὸ</span> <span class='ocrx_word' id='word_1_443' title='bbox 3135 2748 3298 2817; x_wconf 85' lang='grc' dir='ltr'>χθόνα</span> <span class='ocrx_word' id='word_1_444' title='bbox 3340 2748 3545 2816; x_wconf 84' lang='grc' dir='ltr'>μυχῶν</span> <span class='ocrx_word' id='word_1_445' title='bbox 3588 2750 3717 2802; x_wconf 79' lang='grc' dir='ltr'>ἀνα-</span> 
     </span>
    </p>
   </div>
   <div class='ocr_carea' id='block_1_60' title="bbox 2121 2841 3713 2915">
    <p class='ocr_par' dir='ltr' id='par_1_60' title="bbox 2121 2841 3713 2915">
     <span class='ocr_line' id='line_1_60' title="bbox 2121 2841 3713 2915; baseline -0.004 -17"><span class='ocrx_word' id='word_1_446' title='bbox 2121 2845 2444 2915; x_wconf 83' lang='grc' dir='ltr'>κεκομίσθαι</span> <span class='ocrx_word' id='word_1_447' title='bbox 2476 2845 2661 2914; x_wconf 81' lang='grc' dir='ltr'>φησίν.</span> <span class='ocrx_word' id='word_1_448' title='bbox 2688 2845 2763 2896; x_wconf 72' lang='grc' dir='ltr'><strong>Οὐ</strong></span> <span class='ocrx_word' id='word_1_449' title='bbox 2792 2844 2897 2913; x_wconf 74' lang='grc' dir='ltr'><strong>γάρ</strong></span> <span class='ocrx_word' id='word_1_450' title='bbox 2929 2842 2994 2895; x_wconf 83' lang='grc' dir='ltr'>ἂν</span> <span class='ocrx_word' id='word_1_451' title='bbox 3020 2841 3226 2910; x_wconf 76' lang='grc' dir='ltr'>ἠξιώθη</span> <span class='ocrx_word' id='word_1_452' title='bbox 3254 2842 3316 2893; x_wconf 75' lang='grc' dir='ltr'><strong>τὸ</strong></span> <span class='ocrx_word' id='word_1_453' title='bbox 3346 2842 3549 2911; x_wconf 82' lang='grc' dir='ltr'>χρῆμα</span> <span class='ocrx_word' id='word_1_454' title='bbox 3584 2842 3713 2895; x_wconf 66' lang='grc' dir='ltr'>θαύ-</span> 
     </span>
    </p>
   </div>
   <div class='ocr_carea' id='block_1_61' title="bbox 2123 2932 3715 3005">
    <p class='ocr_par' dir='ltr' id='par_1_61' title="bbox 2123 2932 3715 3005">
     <span class='ocr_line' id='line_1_61' title="bbox 2123 2932 3715 3005; baseline -0.002 -19"><span class='ocrx_word' id='word_1_455' title='bbox 2123 2952 2311 3005; x_wconf 86' lang='grc' dir='ltr'>ματος,</span> <span class='ocrx_word' id='word_1_456' title='bbox 2351 2937 2397 2986; x_wconf 81' lang='grc' dir='ltr'>εξ</span> <span class='ocrx_word' id='word_1_457' title='bbox 2436 2934 2509 3004; x_wconf 85' lang='grc' dir='ltr'>μὴ</span> <span class='ocrx_word' id='word_1_458' title='bbox 2540 2935 2848 3004; x_wconf 81' lang='grc' dir='ltr'>μεμένηκεν</span> <span class='ocrx_word' id='word_1_459' title='bbox 2879 2935 2958 2995; x_wconf 88' lang='grc' dir='ltr'><strong>είς</strong></span> <span class='ocrx_word' id='word_1_460' title='bbox 2989 2934 3077 2985; x_wconf 76' lang='grc' dir='ltr'>τὸν</span> <span class='ocrx_word' id='word_1_461' title='bbox 3109 2932 3242 3002; x_wconf 77' lang='grc' dir='ltr'>ᾇδην</span> <span class='ocrx_word' id='word_1_462' title='bbox 3270 2934 3300 2985; x_wconf 84' lang='grc' dir='ltr'>ὁ</span> <span class='ocrx_word' id='word_1_463' title='bbox 3336 2933 3405 2984; x_wconf 84' lang='grc' dir='ltr'>ἐκ</span> <span class='ocrx_word' id='word_1_464' title='bbox 3440 2932 3589 2985; x_wconf 85' lang='grc' dir='ltr'>Θεοῦ</span> <span class='ocrx_word' id='word_1_465' title='bbox 3624 2934 3715 2985; x_wconf 71' lang='grc' dir='ltr'><strong>Λό-</strong></span> 
     </span>
    </p>
   </div>
   <div class='ocr_carea' id='block_1_62' title="bbox 2119 3023 3713 3096">
    <p class='ocr_par' dir='ltr' id='par_1_62' title="bbox 2119 3023 3713 3096">
     <span class='ocr_line' id='line_1_62' title="bbox 2119 3023 3713 3096; baseline -0.003 -17"><span class='ocrx_word' id='word_1_466' title='bbox 2119 3044 2235 3095; x_wconf 87' lang='grc' dir='ltr'>γος,</span> <span class='ocrx_word' id='word_1_467' title='bbox 2274 3029 2340 3096; x_wconf 79' lang='grc' dir='ltr'><strong>τῇ</strong></span> <span class='ocrx_word' id='word_1_468' title='bbox 2374 3026 2474 3096; x_wconf 84' lang='grc' dir='ltr'>τῆς</span> <span class='ocrx_word' id='word_1_469' title='bbox 2501 3025 2756 3093; x_wconf 80' lang='grc' dir='ltr'>θεότητος</span> <span class='ocrx_word' id='word_1_470' title='bbox 2785 3025 3037 3095; x_wconf 78' lang='grc' dir='ltr'>ἐνεργείᾳ</span> <span class='ocrx_word' id='word_1_471' title='bbox 3070 3042 3130 3077; x_wconf 88' lang='grc' dir='ltr'><strong>τε</strong></span> <span class='ocrx_word' id='word_1_472' title='bbox 3159 3024 3255 3077; x_wconf 77' lang='grc' dir='ltr'>καὶ</span> <span class='ocrx_word' id='word_1_473' title='bbox 3295 3023 3483 3091; x_wconf 82' lang='grc' dir='ltr'>φύσει,</span> <span class='ocrx_word' id='word_1_474' title='bbox 3528 3042 3713 3094; x_wconf 77' lang='grc' dir='ltr'>παρα-</span> 
     </span>
    </p>
   </div>
   <div class='ocr_carea' id='block_1_63' title="bbox 2117 3116 3716 3187">
    <p class='ocr_par' dir='ltr' id='par_1_63' title="bbox 2117 3116 3716 3187">
     <span class='ocr_line' id='line_1_63' title="bbox 2117 3116 3716 3187; baseline -0.003 -16"><span class='ocrx_word' id='word_1_475' title='bbox 2117 3117 2285 3182; x_wconf 80' lang='grc' dir='ltr'>δόξως</span> <span class='ocrx_word' id='word_1_476' title='bbox 2315 3118 2409 3171; x_wconf 59' lang='grc' dir='ltr'><strong>καὶ¹</strong></span> <span class='ocrx_word' id='word_1_477' title='bbox 2445 3118 2582 3187; x_wconf 82' lang='grc' dir='ltr'>ὑπὲρ</span> <span class='ocrx_word' id='word_1_478' title='bbox 2634 3117 2814 3185; x_wconf 86' lang='grc' dir='ltr'>λόγον,</span> <span class='ocrx_word' id='word_1_479' title='bbox 2858 3116 3083 3187; x_wconf 77' lang='grc' dir='ltr'>πληρῶν</span> <span class='ocrx_word' id='word_1_480' title='bbox 3128 3116 3226 3187; x_wconf 81' lang='grc' dir='ltr'>μὲν</span> <span class='ocrx_word' id='word_1_481' title='bbox 3259 3116 3328 3169; x_wconf 82' lang='grc' dir='ltr'>τὰ</span> <span class='ocrx_word' id='word_1_482' title='bbox 3369 3118 3588 3181; x_wconf 80' lang='grc' dir='ltr'>πάντα,</span> <span class='ocrx_word' id='word_1_483' title='bbox 3629 3121 3716 3170; x_wconf 71' lang='grc' dir='ltr'>καὶ</span> 
     </span>
    </p>
   </div>
   <div class='ocr_carea' id='block_1_64' title="bbox 446 3182 2020 3277">
    <p class='ocr_par' dir='ltr' id='par_1_64' title="bbox 446 3199 2020 3271">
     <span class='ocr_line' id='line_1_64' title="bbox 446 3199 2020 3271; baseline -0.001 -17"><span class='ocrx_word' id='word_1_484' title='bbox 446 3206 651 3271; x_wconf 84' lang='lat' dir='ltr'><strong>ptione,</strong></span> <span class='ocrx_word' id='word_1_485' title='bbox 679 3203 1152 3270; x_wconf 81' lang='lat' dir='ltr'><strong>magnitudineque</strong></span> <span class='ocrx_word' id='word_1_486' title='bbox 1184 3201 1537 3255; x_wconf 86' lang='lat' dir='ltr'><strong>mensurabili</strong></span> <span class='ocrx_word' id='word_1_487' title='bbox 1573 3201 1776 3263; x_wconf 86' lang='lat' dir='ltr'><strong>Deitas,</strong></span> <span class='ocrx_word' id='word_1_488' title='bbox 1809 3213 1906 3252; x_wconf 89' lang='lat' dir='ltr'><strong>nec</strong></span> <span class='ocrx_word' id='word_1_489' title='bbox 1953 3199 2020 3252; x_wconf 84' lang='lat' dir='ltr'><strong>ab</strong></span> 
     </span>
    </p>
   </div>
   <div class='ocr_carea' id='block_1_65' title="bbox 2124 3182 3715 3277">
    <p class='ocr_par' dir='ltr' id='par_1_65' title="bbox 2127 3182 3715 3277">
     <span class='ocr_line' id='line_1_65' title="bbox 2127 3182 3715 3277; baseline -0.002 -17"><span class='ocrx_word' id='word_1_490' title='bbox 2127 3210 2239 3269; x_wconf 85' lang='grc' dir='ltr'>τοῖς</span> <span class='ocrx_word' id='word_1_491' title='bbox 2286 3208 2453 3260; x_wconf 82' lang='grc' dir='ltr'>πᾶσιν</span> <span class='ocrx_word' id='word_1_492' title='bbox 2501 3182 2808 3275; x_wconf 79' lang='grc' dir='ltr'>ἐπιδημῶν.</span> <span class='ocrx_word' id='word_1_493' title='bbox 2881 3182 3163 3276; x_wconf 78' lang='grc' dir='ltr'>Ἀνωτέρω</span> <span class='ocrx_word' id='word_1_494' title='bbox 3219 3206 3326 3277; x_wconf 82' lang='grc' dir='ltr'>γὰρ</span> <span class='ocrx_word' id='word_1_495' title='bbox 3378 3208 3587 3272; x_wconf 75' lang='grc' dir='ltr'>τόπου,</span> <span class='ocrx_word' id='word_1_496' title='bbox 3631 3212 3715 3259; x_wconf 71' lang='grc' dir='ltr'>καὶ</span> 
     </span>
    </p>
   </div>
   <div class='ocr_carea' id='block_1_66' title="bbox 445 3293 2027 3362">
    <p class='ocr_par' dir='ltr' id='par_1_66' title="bbox 445 3293 2027 3362">
     <span class='ocr_line' id='line_1_66' title="bbox 445 3293 2027 3362; baseline 0 -17"><span class='ocrx_word' id='word_1_497' title='bbox 445 3295 553 3349; x_wconf 89' lang='lat' dir='ltr'><strong>ullo</strong></span> <span class='ocrx_word' id='word_1_498' title='bbox 583 3294 908 3347; x_wconf 90' lang='lat' dir='ltr'><strong>continetur.</strong></span> <span class='ocrx_word' id='word_1_499' title='bbox 941 3294 1068 3347; x_wconf 94' lang='lat' dir='ltr'><strong>Illud</strong></span> <span class='ocrx_word' id='word_1_500' title='bbox 1104 3308 1232 3347; x_wconf 89' lang='lat' dir='ltr'><strong>vero</strong></span> <span class='ocrx_word' id='word_1_501' title='bbox 1281 3293 1483 3345; x_wconf 76' lang='lat' dir='ltr'><strong>neruini</strong></span> <span class='ocrx_word' id='word_1_502' title='bbox 1532 3309 1637 3347; x_wconf 90' lang='lat' dir='ltr'><strong>non</strong></span> <span class='ocrx_word' id='word_1_503' title='bbox 1679 3307 2027 3362; x_wconf 88' lang='lat' dir='ltr'><strong>summopere</strong></span> 
     </span>
    </p>
   </div>
   <div class='ocr_carea' id='block_1_67' title="bbox 442 3385 2028 3455">
    <p class='ocr_par' dir='ltr' id='par_1_67' title="bbox 442 3385 2028 3455">
     <span class='ocr_line' id='line_1_67' title="bbox 442 3385 2028 3455; baseline -0.001 -17"><span class='ocrx_word' id='word_1_504' title='bbox 442 3386 816 3439; x_wconf 77' lang='lat' dir='ltr'><strong>admirandum</strong></span> <span class='ocrx_word' id='word_1_505' title='bbox 847 3393 949 3445; x_wconf 87' lang='lat' dir='ltr'><strong>est.</strong></span> <span class='ocrx_word' id='word_1_506' title='bbox 980 3386 1125 3455; x_wconf 88' lang='lat' dir='ltr'><strong>quod</strong></span> <span class='ocrx_word' id='word_1_507' title='bbox 1152 3400 1345 3454; x_wconf 89' lang='lat' dir='ltr'><strong>corpus</strong></span> <span class='ocrx_word' id='word_1_508' title='bbox 1379 3395 1568 3438; x_wconf 87' lang='lat' dir='ltr'><strong>natura</strong></span> <span class='ocrx_word' id='word_1_509' title='bbox 1624 3400 1716 3439; x_wconf 87' lang='lat' dir='ltr'><strong>sua</strong></span> <span class='ocrx_word' id='word_1_510' title='bbox 1763 3385 2028 3452; x_wconf 83' lang='lat' dir='ltr'><strong>corrupti-</strong></span> 
     </span>
    </p>
   </div>
   <div class='ocr_carea' id='block_1_68' title="bbox 445 3475 2028 3547">
    <p class='ocr_par' dir='ltr' id='par_1_68' title="bbox 445 3475 2028 3547">
     <span class='ocr_line' id='line_1_68' title="bbox 445 3475 2028 3547; baseline -0.002 -16"><span class='ocrx_word' id='word_1_511' title='bbox 445 3479 548 3531; x_wconf 84' lang='lat' dir='ltr'><strong>bile</strong></span> <span class='ocrx_word' id='word_1_512' title='bbox 578 3479 853 3541; x_wconf 84' lang='lat' dir='ltr'><strong>revixerit,</strong></span> <span class='ocrx_word' id='word_1_513' title='bbox 909 3478 1173 3547; x_wconf 88' lang='lat' dir='ltr'><strong>siquidem</strong></span> <span class='ocrx_word' id='word_1_514' title='bbox 1236 3476 1632 3546; x_wconf 88' lang='lat' dir='ltr'><strong>incorruptibili</strong></span> <span class='ocrx_word' id='word_1_515' title='bbox 1694 3478 1870 3532; x_wconf 84' lang='lat' dir='ltr'><strong>Verbo</strong></span> <span class='ocrx_word' id='word_1_516' title='bbox 1911 3475 2028 3530; x_wconf 87' lang='lat' dir='ltr'><strong>uni-</strong></span> 
     </span>
    </p>
   </div>
   <div class='ocr_carea' id='block_1_69' title="bbox 445 3569 2024 3640">
    <p class='ocr_par' dir='ltr' id='par_1_69' title="bbox 445 3569 2024 3640">
     <span class='ocr_line' id='line_1_69' title="bbox 445 3569 2024 3640; baseline 0.002 -20"><span class='ocrx_word' id='word_1_517' title='bbox 445 3581 557 3621; x_wconf 88' lang='lat' dir='ltr'><strong>tum</strong></span> <span class='ocrx_word' id='word_1_518' title='bbox 593 3580 731 3623; x_wconf 89' lang='lat' dir='ltr'><strong>erat.</strong></span> <span class='ocrx_word' id='word_1_519' title='bbox 759 3569 949 3623; x_wconf 82' lang='lat' dir='ltr'><strong>Anima</strong></span> <span class='ocrx_word' id='word_1_520' title='bbox 999 3579 1179 3623; x_wconf 89' lang='lat' dir='ltr'><strong>autem</strong></span> <span class='ocrx_word' id='word_1_521' title='bbox 1237 3570 1440 3633; x_wconf 88' lang='lat' dir='ltr'><strong>divina,</strong></span> <span class='ocrx_word' id='word_1_522' title='bbox 1490 3586 1611 3639; x_wconf 75' lang='lat' dir='ltr'><strong>qua:</strong></span> <span class='ocrx_word' id='word_1_523' title='bbox 1672 3584 2024 3640; x_wconf 88' lang='lat' dir='ltr'><strong>congressum</strong></span> 
     </span>
    </p>
   </div>
   <div class='ocr_carea' id='block_1_70' title="bbox 441 3660 2025 3729">
    <p class='ocr_par' dir='ltr' id='par_1_70' title="bbox 441 3660 2025 3729">
     <span class='ocr_line' id='line_1_70' title="bbox 441 3660 2025 3729; baseline 0.001 -17"><span class='ocrx_word' id='word_1_524' title='bbox 441 3670 605 3729; x_wconf 83' lang='lat' dir='ltr'><strong>atque</strong></span> <span class='ocrx_word' id='word_1_525' title='bbox 636 3662 895 3714; x_wconf 90' lang='lat' dir='ltr'><strong>unitatem</strong></span> <span class='ocrx_word' id='word_1_526' title='bbox 937 3677 1057 3715; x_wconf 89' lang='lat' dir='ltr'><strong>cum</strong></span> <span class='ocrx_word' id='word_1_527' title='bbox 1086 3660 1264 3715; x_wconf 83' lang='lat' dir='ltr'><strong>Verbo</strong></span> <span class='ocrx_word' id='word_1_528' title='bbox 1294 3672 1583 3715; x_wconf 88' lang='lat' dir='ltr'><strong>consecuta</strong></span> <span class='ocrx_word' id='word_1_529' title='bbox 1626 3672 1763 3726; x_wconf 89' lang='lat' dir='ltr'><strong>erat,</strong></span> <span class='ocrx_word' id='word_1_530' title='bbox 1799 3662 2025 3715; x_wconf 85' lang='lat' dir='ltr'><strong>descen-</strong></span> 
     </span>
    </p>
   </div>
   <div class='ocr_carea' id='block_1_71' title="bbox 442 3751 2024 3821">
    <p class='ocr_par' dir='ltr' id='par_1_71' title="bbox 442 3751 2024 3821">
     <span class='ocr_line' id='line_1_71' title="bbox 442 3751 2024 3821; baseline 0.002 -18"><span class='ocrx_word' id='word_1_531' title='bbox 442 3753 521 3805; x_wconf 87' lang='lat' dir='ltr'><strong>dit</strong></span> <span class='ocrx_word' id='word_1_532' title='bbox 550 3751 765 3819; x_wconf 87' lang='lat' dir='ltr'><strong>quidem</strong></span> <span class='ocrx_word' id='word_1_533' title='bbox 798 3754 849 3805; x_wconf 92' lang='lat' dir='ltr'><strong>in</strong></span> <span class='ocrx_word' id='word_1_534' title='bbox 885 3751 1174 3817; x_wconf 80' lang='lat' dir='ltr'><strong>infernum,</strong></span> <span class='ocrx_word' id='word_1_535' title='bbox 1209 3762 1262 3805; x_wconf 92' lang='lat' dir='ltr'><strong>et</strong></span> <span class='ocrx_word' id='word_1_536' title='bbox 1296 3754 1475 3807; x_wconf 86' lang='lat' dir='ltr'><strong>divina</strong></span> <span class='ocrx_word' id='word_1_537' title='bbox 1520 3754 1758 3821; x_wconf 88' lang='lat' dir='ltr'><strong>potentia</strong></span> <span class='ocrx_word' id='word_1_538' title='bbox 1801 3753 2024 3807; x_wconf 75' lang='lat' dir='ltr'><strong>faculta-</strong></span> 
     </span>
    </p>
   </div>
   <div class='ocr_carea' id='block_1_72' title="bbox 445 3844 2023 3913">
    <p class='ocr_par' dir='ltr' id='par_1_72' title="bbox 445 3844 2023 3913">
     <span class='ocr_line' id='line_1_72' title="bbox 445 3844 2023 3913; baseline 0.003 -17"><span class='ocrx_word' id='word_1_539' title='bbox 445 3856 604 3913; x_wconf 90' lang='lat' dir='ltr'><strong>teque</strong></span> <span class='ocrx_word' id='word_1_540' title='bbox 631 3854 811 3909; x_wconf 90' lang='lat' dir='ltr'><strong>utens,</strong></span> <span class='ocrx_word' id='word_1_541' title='bbox 835 3844 999 3897; x_wconf 90' lang='lat' dir='ltr'><strong>etiam</strong></span> <span class='ocrx_word' id='word_1_542' title='bbox 1038 3845 1320 3913; x_wconf 86' lang='lat' dir='ltr'><strong>spiritibus</strong></span> <span class='ocrx_word' id='word_1_543' title='bbox 1344 3845 1399 3897; x_wconf 88' lang='lat' dir='ltr'><strong>in</strong></span> <span class='ocrx_word' id='word_1_544' title='bbox 1438 3844 1650 3899; x_wconf 80' lang='lat' dir='ltr'><strong>inferno</strong></span> <span class='ocrx_word' id='word_1_545' title='bbox 1703 3846 2023 3900; x_wconf 84' lang='lat' dir='ltr'><strong>constitutis</strong></span> 
     </span>
    </p>
   </div>
   <div class='ocr_carea' id='block_1_73' title="bbox 438 3934 2019 4005">
    <p class='ocr_par' dir='ltr' id='par_1_73' title="bbox 438 3934 2019 4005">
     <span class='ocr_line' id='line_1_73' title="bbox 438 3934 2019 4005; baseline 0 -16"><span class='ocrx_word' id='word_1_546' title='bbox 438 3935 711 4004; x_wconf 78' lang='lat' dir='ltr'><strong>apparuit.</strong></span> <span class='ocrx_word' id='word_1_547' title='bbox 734 3934 939 3991; x_wconf 86' lang='lat' dir='ltr'><strong>Idcirco</strong></span> <span class='ocrx_word' id='word_1_548' title='bbox 965 3938 1137 3991; x_wconf 84' lang='lat' dir='ltr'><strong>etiam</strong></span> <span class='ocrx_word' id='word_1_549' title='bbox 1152 3936 1289 3989; x_wconf 81' lang='lat' dir='ltr'><strong>dixit</strong></span> <span class='ocrx_word' id='word_1_550' title='bbox 1319 3937 1385 3991; x_wconf 92' lang='lat' dir='ltr'><strong>iis</strong></span> <span class='ocrx_word' id='word_1_551' title='bbox 1407 3937 1496 4005; x_wconf 89' lang='lat' dir='ltr'><strong>qui</strong></span> <span class='ocrx_word' id='word_1_552' title='bbox 1520 3938 1571 3989; x_wconf 92' lang='lat' dir='ltr'><strong>in</strong></span> <span class='ocrx_word' id='word_1_553' title='bbox 1592 3937 1823 3990; x_wconf 85' lang='lat' dir='ltr'><strong>vinculis</strong></span> <span class='ocrx_word' id='word_1_554' title='bbox 1844 3947 2019 4001; x_wconf 86' lang='lat' dir='ltr'><strong>erant,</strong></span> 
     </span>
    </p>
   </div>
   <div class='ocr_carea' id='block_1_74' title="bbox 445 4026 2024 4097">
    <p class='ocr_par' dir='ltr' id='par_1_74' title="bbox 445 4026 2024 4097">
     <span class='ocr_line' id='line_1_74' title="bbox 445 4026 2024 4097; baseline 0.004 -20"><span class='ocrx_word' id='word_1_555' title='bbox 445 4045 466 4077; x_wconf 69' lang='grc' dir='ltr'><strong>ε</strong></span> <span class='ocrx_word' id='word_1_556' title='bbox 514 4026 706 4081; x_wconf 78' lang='lat' dir='ltr'><strong>Exite:</strong></span> <span class='ocrx_word' id='word_1_557' title='bbox 756 4038 811 4081; x_wconf 90' lang='lat' dir='ltr'><strong>et</strong></span> <span class='ocrx_word' id='word_1_558' title='bbox 858 4028 924 4082; x_wconf 86' lang='lat' dir='ltr'><strong>iis</strong></span> <span class='ocrx_word' id='word_1_559' title='bbox 954 4028 1047 4097; x_wconf 92' lang='lat' dir='ltr'><strong>qui</strong></span> <span class='ocrx_word' id='word_1_560' title='bbox 1078 4028 1130 4081; x_wconf 94' lang='lat' dir='ltr'><strong>in</strong></span> <span class='ocrx_word' id='word_1_561' title='bbox 1157 4028 1416 4092; x_wconf 88' lang='lat' dir='ltr'><strong>tenebris,</strong></span> <span class='ocrx_word' id='word_1_562' title='bbox 1441 4026 1770 4083; x_wconf 83' lang='lat' dir='ltr'><strong>Revelamini</strong></span> <span class='ocrx_word' id='word_1_563' title='bbox 1792 4030 1862 4083; x_wconf 71' lang='lat'><strong>“.</strong></span> <span class='ocrx_word' id='word_1_564' title='bbox 1900 4049 1917 4079; x_wconf 80' lang='grc'><strong>»</strong></span> <span class='ocrx_word' id='word_1_565' title='bbox 1947 4032 2024 4083; x_wconf 79' lang='lat' dir='ltr'><strong>Ac</strong></span> 
     </span>
    </p>
   </div>
   <div class='ocr_carea' id='block_1_75' title="bbox 445 4118 2020 4189">
    <p class='ocr_par' dir='ltr' id='par_1_75' title="bbox 445 4118 2020 4189">
     <span class='ocr_line' id='line_1_75' title="bbox 445 4118 2020 4189; baseline 0.002 -20"><span class='ocrx_word' id='word_1_566' title='bbox 445 4118 575 4171; x_wconf 91' lang='lat' dir='ltr'><strong>mihi</strong></span> <span class='ocrx_word' id='word_1_567' title='bbox 608 4118 823 4185; x_wconf 90' lang='lat' dir='ltr'><strong>quidem</strong></span> <span class='ocrx_word' id='word_1_568' title='bbox 856 4119 1181 4184; x_wconf 88' lang='lat' dir='ltr'><strong>ejuscemodi</strong></span> <span class='ocrx_word' id='word_1_569' title='bbox 1214 4119 1412 4189; x_wconf 89' lang='lat' dir='ltr'><strong>aliquid</strong></span> <span class='ocrx_word' id='word_1_570' title='bbox 1449 4120 1628 4175; x_wconf 83' lang='lat' dir='ltr'><strong>dicere</strong></span> <span class='ocrx_word' id='word_1_571' title='bbox 1654 4122 1867 4175; x_wconf 88' lang='lat' dir='ltr'><strong>videtur</strong></span> <span class='ocrx_word' id='word_1_572' title='bbox 1892 4122 2020 4175; x_wconf 78' lang='lat' dir='ltr'><strong>bea-</strong></span> 
     </span>
    </p>
   </div>
   <div class='ocr_carea' id='block_1_76' title="bbox 443 4207 2022 4281">
    <p class='ocr_par' dir='ltr' id='par_1_76' title="bbox 443 4207 2022 4281">
     <span class='ocr_line' id='line_1_76' title="bbox 443 4207 2022 4281; baseline 0.004 -21"><span class='ocrx_word' id='word_1_573' title='bbox 443 4219 529 4261; x_wconf 91' lang='lat' dir='ltr'><strong>tus</strong></span> <span class='ocrx_word' id='word_1_574' title='bbox 562 4208 753 4261; x_wconf 86' lang='lat' dir='ltr'><strong>Petrus</strong></span> <span class='ocrx_word' id='word_1_575' title='bbox 783 4209 848 4261; x_wconf 89' lang='lat' dir='ltr'><strong>de</strong></span> <span class='ocrx_word' id='word_1_576' title='bbox 868 4207 1042 4263; x_wconf 84' lang='lat' dir='ltr'><strong>Verbo</strong></span> <span class='ocrx_word' id='word_1_577' title='bbox 1070 4210 1184 4274; x_wconf 92' lang='lat' dir='ltr'><strong>Dei,</strong></span> <span class='ocrx_word' id='word_1_578' title='bbox 1214 4210 1387 4279; x_wconf 88' lang='lat' dir='ltr'><strong>deque</strong></span> <span class='ocrx_word' id='word_1_579' title='bbox 1424 4211 1603 4265; x_wconf 88' lang='lat' dir='ltr'><strong>anima</strong></span> <span class='ocrx_word' id='word_1_580' title='bbox 1658 4227 1777 4280; x_wconf 72' lang='lat' dir='ltr'><strong>quae</strong></span> <span class='ocrx_word' id='word_1_581' title='bbox 1815 4214 1864 4266; x_wconf 88' lang='lat' dir='ltr'><strong>ei</strong></span> <span class='ocrx_word' id='word_1_582' title='bbox 1923 4229 2022 4281; x_wconf 91' lang='lat' dir='ltr'><strong>per</strong></span> 
     </span>
    </p>
   </div>
   <div class='ocr_carea' id='block_1_77' title="bbox 443 4302 2017 4374">
    <p class='ocr_par' dir='ltr' id='par_1_77' title="bbox 443 4302 2017 4374">
     <span class='ocr_line' id='line_1_77' title="bbox 443 4302 2017 4374; baseline 0.004 -21"><span class='ocrx_word' id='word_1_583' title='bbox 443 4302 899 4369; x_wconf 82' lang='lat' dir='ltr'><strong>dispensationem</strong></span> <span class='ocrx_word' id='word_1_584' title='bbox 942 4304 1087 4356; x_wconf 86' lang='lat' dir='ltr'><strong>unita</strong></span> <span class='ocrx_word' id='word_1_585' title='bbox 1109 4312 1211 4356; x_wconf 91' lang='lat' dir='ltr'><strong>est.</strong></span> <span class='ocrx_word' id='word_1_586' title='bbox 1274 4321 1291 4353; x_wconf 77' lang='grc' dir='ltr'><strong>ι</strong></span> <span class='ocrx_word' id='word_1_587' title='bbox 1340 4302 1526 4357; x_wconf 80' lang='lat' dir='ltr'><strong>Melius</strong></span> <span class='ocrx_word' id='word_1_588' title='bbox 1584 4313 1688 4368; x_wconf 86' lang='lat' dir='ltr'><strong>est,</strong></span> <span class='ocrx_word' id='word_1_589' title='bbox 1747 4307 2017 4374; x_wconf 87' lang='lat' dir='ltr'><strong>inquiens,</strong></span> 
     </span>
    </p>
   </div>
   <div class='ocr_carea' id='block_1_78' title="bbox 443 4391 2020 4466">
    <p class='ocr_par' dir='ltr' id='par_1_78' title="bbox 443 4391 2020 4466">
     <span class='ocr_line' id='line_1_78' title="bbox 443 4391 2020 4466; baseline 0.003 -22"><span class='ocrx_word' id='word_1_590' title='bbox 443 4391 847 4448; x_wconf 79' lang='lat' dir='ltr'><strong>benefacientes</strong></span> <span class='ocrx_word' id='word_1_591' title='bbox 875 4392 944 4463; x_wconf 88' lang='lat' dir='ltr'><strong>(si</strong></span> <span class='ocrx_word' id='word_1_592' title='bbox 975 4393 1225 4447; x_wconf 89' lang='lat' dir='ltr'><strong>voluntas</strong></span> <span class='ocrx_word' id='word_1_593' title='bbox 1255 4393 1350 4448; x_wconf 90' lang='lat' dir='ltr'><strong>Dei</strong></span> <span class='ocrx_word' id='word_1_594' title='bbox 1384 4396 1531 4464; x_wconf 85' lang='lat' dir='ltr'><strong>velit)</strong></span> <span class='ocrx_word' id='word_1_595' title='bbox 1548 4396 1678 4464; x_wconf 89' lang='lat' dir='ltr'><strong>pati,</strong></span> <span class='ocrx_word' id='word_1_596' title='bbox 1712 4413 1872 4466; x_wconf 88' lang='lat' dir='ltr'><strong>quam</strong></span> <span class='ocrx_word' id='word_1_597' title='bbox 1906 4412 2020 4449; x_wconf 79' lang='lat' dir='ltr'><strong>ma-</strong></span> 
     </span>
    </p>
   </div>
   <div class='ocr_carea' id='block_1_79' title="bbox 442 4483 2021 4556">
    <p class='ocr_par' dir='ltr' id='par_1_79' title="bbox 442 4483 2021 4556">
     <span class='ocr_line' id='line_1_79' title="bbox 442 4483 2021 4556; baseline 0.003 -20"><span class='ocrx_word' id='word_1_598' title='bbox 442 4483 777 4547; x_wconf 82' lang='lat' dir='ltr'><strong>lefacientes,</strong></span> <span class='ocrx_word' id='word_1_599' title='bbox 830 4485 956 4553; x_wconf 87' lang='lat' dir='ltr'><strong>quia</strong></span> <span class='ocrx_word' id='word_1_600' title='bbox 1011 4493 1065 4539; x_wconf 90' lang='lat' dir='ltr'><strong>et</strong></span> <span class='ocrx_word' id='word_1_601' title='bbox 1116 4483 1365 4539; x_wconf 87' lang='lat' dir='ltr'><strong>Christus</strong></span> <span class='ocrx_word' id='word_1_602' title='bbox 1411 4488 1579 4540; x_wconf 88' lang='lat' dir='ltr'><strong>semel</strong></span> <span class='ocrx_word' id='word_1_603' title='bbox 1628 4503 1723 4556; x_wconf 85' lang='lat' dir='ltr'><strong>pro</strong></span> <span class='ocrx_word' id='word_1_604' title='bbox 1787 4489 2021 4555; x_wconf 83' lang='lat' dir='ltr'><strong>peccatis</strong></span> 
     </span>
    </p>
   </div>
   <div class='ocr_carea' id='block_1_80' title="bbox 443 4575 2010 4646">
    <p class='ocr_par' dir='ltr' id='par_1_80' title="bbox 443 4575 2010 4646">
     <span class='ocr_line' id='line_1_80' title="bbox 443 4575 2010 4646; baseline 0.004 -18"><span class='ocrx_word' id='word_1_605' title='bbox 443 4586 694 4629; x_wconf 88' lang='lat' dir='ltr'><strong>mortuus</strong></span> <span class='ocrx_word' id='word_1_606' title='bbox 717 4585 817 4639; x_wconf 89' lang='lat' dir='ltr'><strong>est,</strong></span> <span class='ocrx_word' id='word_1_607' title='bbox 841 4575 1020 4644; x_wconf 82' lang='lat' dir='ltr'><strong>justus</strong></span> <span class='ocrx_word' id='word_1_608' title='bbox 1056 4591 1153 4646; x_wconf 89' lang='lat' dir='ltr'><strong>pro</strong></span> <span class='ocrx_word' id='word_1_609' title='bbox 1174 4576 1408 4644; x_wconf 73' lang='lat' dir='ltr'><strong>iniustis,</strong></span> <span class='ocrx_word' id='word_1_610' title='bbox 1435 4587 1493 4631; x_wconf 91' lang='lat' dir='ltr'><strong>ut</strong></span> <span class='ocrx_word' id='word_1_611' title='bbox 1520 4593 1618 4632; x_wconf 92' lang='lat' dir='ltr'><strong>nos</strong></span> <span class='ocrx_word' id='word_1_612' title='bbox 1644 4578 1861 4633; x_wconf 80' lang='lat' dir='ltr'><strong>offerret</strong></span> <span class='ocrx_word' id='word_1_613' title='bbox 1882 4581 2010 4643; x_wconf 88' lang='lat' dir='ltr'><strong>Deo,</strong></span> 
     </span>
    </p>
   </div>
   <div class='ocr_carea' id='block_1_81' title="bbox 441 4665 2014 4740">
    <p class='ocr_par' dir='ltr' id='par_1_81' title="bbox 441 4665 2014 4740">
     <span class='ocr_line' id='line_1_81' title="bbox 441 4665 2014 4740; baseline 0.004 -23"><span class='ocrx_word' id='word_1_614' title='bbox 441 4665 798 4720; x_wconf 78' lang='lat' dir='ltr'><strong>mortiﬁcatus</strong></span> <span class='ocrx_word' id='word_1_615' title='bbox 845 4667 1061 4735; x_wconf 87' lang='lat' dir='ltr'><strong>quidem</strong></span> <span class='ocrx_word' id='word_1_616' title='bbox 1093 4682 1277 4732; x_wconf 89' lang='lat' dir='ltr'><strong>carne,</strong></span> <span class='ocrx_word' id='word_1_617' title='bbox 1310 4668 1616 4724; x_wconf 85' lang='lat' dir='ltr'><strong>viviﬁcatus</strong></span> <span class='ocrx_word' id='word_1_618' title='bbox 1646 4678 1827 4723; x_wconf 82' lang='lat' dir='ltr'><strong>autem</strong></span> <span class='ocrx_word' id='word_1_619' title='bbox 1890 4671 2014 4740; x_wconf 89' lang='lat' dir='ltr'><strong>Spi-</strong></span> 
     </span>
    </p>
   </div>
   <div class='ocr_carea' id='block_1_82' title="bbox 443 4757 2013 4830">
    <p class='ocr_par' dir='ltr' id='par_1_82' title="bbox 443 4757 2013 4830">
     <span class='ocr_line' id='line_1_82' title="bbox 443 4757 2013 4830; baseline 0.004 -20"><span class='ocrx_word' id='word_1_620' title='bbox 443 4758 546 4811; x_wconf 89' lang='lat' dir='ltr'><strong>ritu</strong></span> <span class='ocrx_word' id='word_1_621' title='bbox 579 4775 592 4811; x_wconf 91' lang='lat'><strong>:</strong></span> <span class='ocrx_word' id='word_1_622' title='bbox 630 4757 684 4811; x_wconf 91' lang='lat' dir='ltr'><strong>In</strong></span> <span class='ocrx_word' id='word_1_623' title='bbox 705 4773 831 4826; x_wconf 90' lang='lat' dir='ltr'><strong>quo,</strong></span> <span class='ocrx_word' id='word_1_624' title='bbox 872 4759 1063 4826; x_wconf 91' lang='lat' dir='ltr'><strong>inquit,</strong></span> <span class='ocrx_word' id='word_1_625' title='bbox 1092 4760 1230 4814; x_wconf 90' lang='lat' dir='ltr'><strong>etiis</strong></span> <span class='ocrx_word' id='word_1_626' title='bbox 1253 4761 1341 4829; x_wconf 87' lang='lat' dir='ltr'><strong>qui</strong></span> <span class='ocrx_word' id='word_1_627' title='bbox 1388 4761 1440 4814; x_wconf 93' lang='lat' dir='ltr'><strong>in</strong></span> <span class='ocrx_word' id='word_1_628' title='bbox 1472 4777 1694 4816; x_wconf 89' lang='lat' dir='ltr'><strong>carcere</strong></span> <span class='ocrx_word' id='word_1_629' title='bbox 1722 4764 2013 4830; x_wconf 86' lang='lat' dir='ltr'><strong>erant.spi-</strong></span> 
     </span>
    </p>
   </div>
   <div class='ocr_carea' id='block_1_83' title="bbox 441 4848 2009 4920">
    <p class='ocr_par' dir='ltr' id='par_1_83' title="bbox 441 4848 2009 4920">
     <span class='ocr_line' id='line_1_83' title="bbox 441 4848 2009 4920; baseline 0.003 -19"><span class='ocrx_word' id='word_1_630' title='bbox 441 4848 632 4902; x_wconf 89' lang='lat' dir='ltr'><strong>ritibus</strong></span> <span class='ocrx_word' id='word_1_631' title='bbox 660 4849 880 4903; x_wconf 88' lang='lat' dir='ltr'><strong>veniens</strong></span> <span class='ocrx_word' id='word_1_632' title='bbox 909 4849 1239 4919; x_wconf 73' lang='lat' dir='ltr'><strong>praedicavit,</strong></span> <span class='ocrx_word' id='word_1_633' title='bbox 1280 4851 1371 4920; x_wconf 90' lang='lat' dir='ltr'><strong>qui</strong></span> <span class='ocrx_word' id='word_1_634' title='bbox 1420 4852 1711 4920; x_wconf 90' lang='lat' dir='ltr'><strong>aliquando</strong></span> <span class='ocrx_word' id='word_1_635' title='bbox 1748 4853 2009 4906; x_wconf 90' lang='lat' dir='ltr'><strong>increduli</strong></span> 
     </span>
    </p>
   </div>
   <div class='ocr_carea' id='block_1_84' title="bbox 440 4939 2015 5009">
    <p class='ocr_par' dir='ltr' id='par_1_84' title="bbox 440 4939 2015 5009">
     <span class='ocr_line' id='line_1_84' title="bbox 440 4939 2015 5009; baseline 0.003 -18"><span class='ocrx_word' id='word_1_636' title='bbox 440 4940 652 4993; x_wconf 81' lang='lat' dir='ltr'><strong>fuerant</strong></span> <span class='ocrx_word' id='word_1_637' title='bbox 676 4940 742 4993; x_wconf 79' lang='lat'><strong>“&#39;.</strong></span> <span class='ocrx_word' id='word_1_638' title='bbox 772 4958 789 4991; x_wconf 77' lang='grc' dir='ltr'><strong>ι</strong></span> <span class='ocrx_word' id='word_1_639' title='bbox 820 4939 999 5009; x_wconf 85' lang='lat' dir='ltr'><strong>Neque</strong></span> <span class='ocrx_word' id='word_1_640' title='bbox 1014 4942 1181 5005; x_wconf 89' lang='lat' dir='ltr'><strong>enim,</strong></span> <span class='ocrx_word' id='word_1_641' title='bbox 1212 4950 1270 4995; x_wconf 92' lang='lat' dir='ltr'><strong>ut</strong></span> <span class='ocrx_word' id='word_1_642' title='bbox 1294 4944 1549 5006; x_wconf 88' lang='lat' dir='ltr'><strong>arbitror,</strong></span> <span class='ocrx_word' id='word_1_643' title='bbox 1576 4943 1796 5006; x_wconf 82' lang='lat' dir='ltr'><strong>dixerit,</strong></span> <span class='ocrx_word' id='word_1_644' title='bbox 1820 4944 2015 4996; x_wconf 87' lang='lat' dir='ltr'><strong>nudam</strong></span> 
     </span>
    </p>
   </div>
   <div class='ocr_carea' id='block_1_85' title="bbox 440 5030 2014 5102">
    <p class='ocr_par' dir='ltr' id='par_1_85' title="bbox 440 5030 2014 5102">
     <span class='ocr_line' id='line_1_85' title="bbox 440 5030 2014 5102; baseline 0.003 -19"><span class='ocrx_word' id='word_1_645' title='bbox 440 5030 719 5099; x_wconf 85' lang='lat' dir='ltr'><strong>solamque</strong></span> <span class='ocrx_word' id='word_1_646' title='bbox 748 5047 846 5102; x_wconf 88' lang='lat' dir='ltr'><strong>per</strong></span> <span class='ocrx_word' id='word_1_647' title='bbox 871 5045 930 5083; x_wconf 83' lang='lat' dir='ltr'><strong>se</strong></span> <span class='ocrx_word' id='word_1_648' title='bbox 953 5033 1212 5086; x_wconf 88' lang='lat' dir='ltr'><strong>Deitatem</strong></span> <span class='ocrx_word' id='word_1_649' title='bbox 1239 5032 1512 5101; x_wconf 87' lang='lat' dir='ltr'><strong>Unigeniti</strong></span> <span class='ocrx_word' id='word_1_650' title='bbox 1548 5035 1599 5087; x_wconf 90' lang='lat' dir='ltr'><strong>in</strong></span> <span class='ocrx_word' id='word_1_651' title='bbox 1619 5034 1886 5087; x_wconf 85' lang='lat' dir='ltr'><strong>infernum</strong></span> <span class='ocrx_word' id='word_1_652' title='bbox 1920 5034 2014 5088; x_wconf 85' lang='lat' dir='ltr'><strong>de-</strong></span> 
     </span>
    </p>
   </div>
   <div class='ocr_carea' id='block_1_86' title="bbox 438 5123 2019 5195">
    <p class='ocr_par' dir='ltr' id='par_1_86' title="bbox 438 5123 2019 5195">
     <span class='ocr_line' id='line_1_86' title="bbox 438 5123 2019 5195; baseline 0.001 -18"><span class='ocrx_word' id='word_1_653' title='bbox 438 5123 716 5177; x_wconf 83' lang='lat' dir='ltr'><strong>scendisse</strong></span> <span class='ocrx_word' id='word_1_654' title='bbox 758 5139 771 5174; x_wconf 90' lang='lat'><strong>:</strong></span> <span class='ocrx_word' id='word_1_655' title='bbox 806 5124 1074 5192; x_wconf 89' lang='lat' dir='ltr'><strong>siquidem</strong></span> <span class='ocrx_word' id='word_1_656' title='bbox 1104 5124 1391 5179; x_wconf 84' lang='lat' dir='ltr'><strong>invisibilis</strong></span> <span class='ocrx_word' id='word_1_657' title='bbox 1426 5126 1694 5179; x_wconf 81' lang='lat' dir='ltr'><strong>exsistens</strong></span> <span class='ocrx_word' id='word_1_658' title='bbox 1740 5126 2019 5195; x_wconf 88' lang='lat' dir='ltr'><strong>spiritibus</strong></span> 
     </span>
    </p>
   </div>
   <div class='ocr_carea' id='block_1_87' title="bbox 439 5210 2019 5286">
    <p class='ocr_par' dir='ltr' id='par_1_87' title="bbox 439 5210 2019 5286">
     <span class='ocr_line' id='line_1_87' title="bbox 439 5210 2019 5286; baseline 0.004 -22"><span class='ocrx_word' id='word_1_659' title='bbox 439 5211 531 5281; x_wconf 90' lang='lat' dir='ltr'><strong>qui</strong></span> <span class='ocrx_word' id='word_1_660' title='bbox 560 5210 671 5267; x_wconf 91' lang='lat' dir='ltr'><strong>illic</strong></span> <span class='ocrx_word' id='word_1_661' title='bbox 691 5224 870 5279; x_wconf 90' lang='lat' dir='ltr'><strong>erant,</strong></span> <span class='ocrx_word' id='word_1_662' title='bbox 894 5215 1193 5282; x_wconf 64' lang='lat' dir='ltr'><strong>praedicare</strong></span> <span class='ocrx_word' id='word_1_663' title='bbox 1222 5215 1448 5271; x_wconf 91' lang='lat' dir='ltr'><strong>omnino</strong></span> <span class='ocrx_word' id='word_1_664' title='bbox 1482 5232 1587 5270; x_wconf 91' lang='lat' dir='ltr'><strong>non</strong></span> <span class='ocrx_word' id='word_1_665' title='bbox 1650 5218 1843 5286; x_wconf 87' lang='lat' dir='ltr'><strong>potuit.</strong></span> <span class='ocrx_word' id='word_1_666' title='bbox 1872 5216 2019 5270; x_wconf 70' lang='lat' dir='ltr'><strong>Prae-</strong></span> 
     </span>
    </p>
   </div>
   <div class='ocr_carea' id='block_1_88' title="bbox 440 5303 2017 5378">
    <p class='ocr_par' dir='ltr' id='par_1_88' title="bbox 440 5303 2017 5378">
     <span class='ocr_line' id='line_1_88' title="bbox 440 5303 2017 5378; baseline 0.004 -21"><span class='ocrx_word' id='word_1_667' title='bbox 440 5303 669 5357; x_wconf 87' lang='lat' dir='ltr'><strong>stantior</strong></span> <span class='ocrx_word' id='word_1_668' title='bbox 698 5306 841 5359; x_wconf 87' lang='lat' dir='ltr'><strong>enim</strong></span> <span class='ocrx_word' id='word_1_669' title='bbox 873 5316 956 5361; x_wconf 84' lang='lat' dir='ltr'><strong>est</strong></span> <span class='ocrx_word' id='word_1_670' title='bbox 990 5306 1174 5362; x_wconf 90' lang='lat' dir='ltr'><strong>Deitas</strong></span> <span class='ocrx_word' id='word_1_671' title='bbox 1208 5322 1367 5377; x_wconf 88' lang='lat' dir='ltr'><strong>quam</strong></span> <span class='ocrx_word' id='word_1_672' title='bbox 1411 5316 1469 5362; x_wconf 91' lang='lat' dir='ltr'><strong>ut</strong></span> <span class='ocrx_word' id='word_1_673' title='bbox 1504 5310 1649 5363; x_wconf 90' lang='lat' dir='ltr'><strong>cerni</strong></span> <span class='ocrx_word' id='word_1_674' title='bbox 1689 5310 1887 5378; x_wconf 89' lang='lat' dir='ltr'><strong>possit:</strong></span> <span class='ocrx_word' id='word_1_675' title='bbox 1923 5310 2017 5364; x_wconf 86' lang='lat' dir='ltr'><strong>sed</strong></span> 
     </span>
    </p>
   </div>
   <div class='ocr_carea' id='block_1_89' title="bbox 440 5395 2015 5468">
    <p class='ocr_par' dir='ltr' id='par_1_89' title="bbox 440 5395 2015 5468">
     <span class='ocr_line' id='line_1_89' title="bbox 440 5395 2015 5468; baseline 0.004 -21"><span class='ocrx_word' id='word_1_676' title='bbox 440 5409 616 5463; x_wconf 88' lang='lat' dir='ltr'><strong>neque</strong></span> <span class='ocrx_word' id='word_1_677' title='bbox 646 5395 964 5466; x_wconf 88' lang='lat' dir='ltr'><strong>imaginaria</strong></span> <span class='ocrx_word' id='word_1_678' title='bbox 996 5399 1228 5467; x_wconf 90' lang='lat' dir='ltr'><strong>quadam</strong></span> <span class='ocrx_word' id='word_1_679' title='bbox 1257 5401 1568 5468; x_wconf 87' lang='lat' dir='ltr'><strong>apparentia</strong></span> <span class='ocrx_word' id='word_1_680' title='bbox 1597 5400 1933 5454; x_wconf 87' lang='lat' dir='ltr'><strong>divinitatem</strong></span> <span class='ocrx_word' id='word_1_681' title='bbox 1965 5400 2015 5453; x_wconf 90' lang='lat' dir='ltr'><strong>in</strong></span> 
     </span>
    </p>
   </div>
   <div class='ocr_carea' id='block_1_90' title="bbox 439 5484 2017 5556">
    <p class='ocr_par' dir='ltr' id='par_1_90' title="bbox 439 5484 2017 5556">
     <span class='ocr_line' id='line_1_90' title="bbox 439 5484 2017 5556; baseline 0.004 -19"><span class='ocrx_word' id='word_1_682' title='bbox 439 5484 636 5540; x_wconf 69' lang='lat' dir='ltr'><strong>animae</strong></span> <span class='ocrx_word' id='word_1_683' title='bbox 679 5486 916 5556; x_wconf 75' lang='lat' dir='ltr'><strong>Speciem</strong></span> <span class='ocrx_word' id='word_1_684' title='bbox 975 5486 1415 5543; x_wconf 81' lang='lat' dir='ltr'><strong>transformatam</strong></span> <span class='ocrx_word' id='word_1_685' title='bbox 1483 5492 1874 5555; x_wconf 88' lang='lat' dir='ltr'><strong>concedeums;</strong></span> <span class='ocrx_word' id='word_1_686' title='bbox 1925 5492 2017 5544; x_wconf 90' lang='lat' dir='ltr'><strong>sed</strong></span> 
     </span>
    </p>
   </div>
   <div class='ocr_carea' id='block_1_91' title="bbox 437 5575 2013 5648">
    <p class='ocr_par' dir='ltr' id='par_1_91' title="bbox 437 5575 2013 5648">
     <span class='ocr_line' id='line_1_91' title="bbox 437 5575 2013 5648; baseline 0.006 -21"><span class='ocrx_word' id='word_1_687' title='bbox 437 5575 667 5643; x_wconf 86' lang='lat' dir='ltr'><strong>perinde</strong></span> <span class='ocrx_word' id='word_1_688' title='bbox 694 5584 859 5646; x_wconf 88' lang='lat' dir='ltr'><strong>atque</strong></span> <span class='ocrx_word' id='word_1_689' title='bbox 885 5578 950 5633; x_wconf 84' lang='lat' dir='ltr'><strong>iis</strong></span> <span class='ocrx_word' id='word_1_690' title='bbox 978 5580 1071 5648; x_wconf 89' lang='lat' dir='ltr'><strong>qui</strong></span> <span class='ocrx_word' id='word_1_691' title='bbox 1105 5580 1281 5635; x_wconf 88' lang='lat' dir='ltr'><strong>adhuc</strong></span> <span class='ocrx_word' id='word_1_692' title='bbox 1318 5580 1370 5635; x_wconf 91' lang='lat' dir='ltr'><strong>in</strong></span> <span class='ocrx_word' id='word_1_693' title='bbox 1393 5596 1558 5636; x_wconf 90' lang='lat' dir='ltr'><strong>carne</strong></span> <span class='ocrx_word' id='word_1_694' title='bbox 1608 5590 1915 5645; x_wconf 89' lang='lat' dir='ltr'><strong>versantur,</strong></span> <span class='ocrx_word' id='word_1_695' title='bbox 1943 5584 2013 5637; x_wconf 87' lang='lat' dir='ltr'><strong>ita</strong></span> 
     </span>
    </p>
   </div>
   <div class='ocr_carea' id='block_1_92' title="bbox 406 5751 1587 5825">
    <p class='ocr_par' dir='ltr' id='par_1_92' title="bbox 406 5751 1587 5825">
     <span class='ocr_line' id='line_1_92' title="bbox 406 5751 1587 5825; baseline 0.019 -28"><span class='ocrx_word' id='word_1_696' title='bbox 406 5815 416 5825; x_wconf 37' lang='lat'><strong>.</strong></span> <span class='ocrx_word' id='word_1_697' title='bbox 514 5752 555 5785; x_wconf 71' lang='grc' dir='ltr'>δε</span> <span class='ocrx_word' id='word_1_698' title='bbox 588 5751 785 5811; x_wconf 84' lang='lat' dir='ltr'><strong>lJoan.</strong></span> <span class='ocrx_word' id='word_1_699' title='bbox 820 5772 904 5816; x_wconf 81' lang='lat' dir='ltr'><strong>tu.</strong></span> <span class='ocrx_word' id='word_1_700' title='bbox 952 5756 1033 5810; x_wconf 87' lang='lat' dir='ltr'><strong>l6.</strong></span> <span class='ocrx_word' id='word_1_701' title='bbox 1111 5758 1153 5791; x_wconf 68' lang='grc' dir='ltr'><strong>δ·</strong></span> <span class='ocrx_word' id='word_1_702' title='bbox 1191 5757 1350 5814; x_wconf 73' lang='lat' dir='ltr'><strong>llom.</strong></span> <span class='ocrx_word' id='word_1_703' title='bbox 1396 5774 1505 5823; x_wconf 74' lang='lat' dir='ltr'><strong>xw.</strong></span> <span class='ocrx_word' id='word_1_704' title='bbox 1536 5759 1587 5814; x_wconf 79' lang='lat'><strong>9.</strong></span> 
     </span>
    </p>
   </div>
   <div class='ocr_carea' id='block_1_93' title="bbox 1668 5758 2170 5819">
    <p class='ocr_par' dir='ltr' id='par_1_93' title="bbox 1668 5758 2170 5819">
     <span class='ocr_line' id='line_1_93' title="bbox 1668 5758 2170 5819; baseline 0 -6"><span class='ocrx_word' id='word_1_705' title='bbox 1668 5758 1853 5817; x_wconf 65' lang='lat' dir='ltr'><strong>“Act.</strong></span> <span class='ocrx_word' id='word_1_706' title='bbox 1889 5776 1948 5819; x_wconf 85' lang='lat' dir='ltr'><strong>tl.</strong></span> <span class='ocrx_word' id='word_1_707' title='bbox 1982 5760 2170 5817; x_wconf 65' lang='grc' dir='ltr'>εἶθ-51.</span> 
     </span>
    </p>
   </div>
   <div class='ocr_carea' id='block_1_94' title="bbox 2131 3295 3715 3366">
    <p class='ocr_par' dir='ltr' id='par_1_94' title="bbox 2131 3295 3715 3366">
     <span class='ocr_line' id='line_1_94' title="bbox 2131 3295 3715 3366; baseline -0.002 -17"><span class='ocrx_word' id='word_1_708' title='bbox 2131 3295 2513 3366; x_wconf 80' lang='grc' dir='ltr'>περιορισμοῦ,</span> <span class='ocrx_word' id='word_1_709' title='bbox 2544 3296 2637 3347; x_wconf 71' lang='grc' dir='ltr'>καὶ</span> <span class='ocrx_word' id='word_1_710' title='bbox 2670 3295 2937 3364; x_wconf 85' lang='grc' dir='ltr'>μεγέθους</span> <span class='ocrx_word' id='word_1_711' title='bbox 2971 3296 3240 3365; x_wconf 84' lang='grc' dir='ltr'>μετρητοῦ</span> <span class='ocrx_word' id='word_1_712' title='bbox 3273 3297 3332 3349; x_wconf 75' lang='grc' dir='ltr'>τὸ</span> <span class='ocrx_word' id='word_1_713' title='bbox 3361 3297 3556 3359; x_wconf 85' lang='grc' dir='ltr'>Θεῖον,</span> <span class='ocrx_word' id='word_1_714' title='bbox 3590 3300 3715 3351; x_wconf 62' lang='grc' dir='ltr'>αὐτὸ</span> 
     </span>
    </p>
   </div>
   <div class='ocr_carea' id='block_1_95' title="bbox 2126 3385 3713 3457">
    <p class='ocr_par' dir='ltr' id='par_1_95' title="bbox 2126 3385 3713 3457">
     <span class='ocr_line' id='line_1_95' title="bbox 2126 3385 3713 3457; baseline -0.001 -18"><span class='ocrx_word' id='word_1_715' title='bbox 2126 3387 2182 3439; x_wconf 87' lang='grc' dir='ltr'>δὲ</span> <span class='ocrx_word' id='word_1_716' title='bbox 2210 3387 2314 3438; x_wconf 83' lang='grc' dir='ltr'><strong>ὑπὸ</strong></span> <span class='ocrx_word' id='word_1_717' title='bbox 2345 3386 2571 3457; x_wconf 75' lang='grc' dir='ltr'>μηδενὸς</span> <span class='ocrx_word' id='word_1_718' title='bbox 2592 3385 2957 3457; x_wconf 81' lang='grc' dir='ltr'>χωρούμενον.</span> <span class='ocrx_word' id='word_1_719' title='bbox 2984 3387 3295 3456; x_wconf 81' lang='grc' dir='ltr'>Παράδοξον</span> <span class='ocrx_word' id='word_1_720' title='bbox 3317 3388 3395 3450; x_wconf 89' lang='grc' dir='ltr'>δὲ,</span> <span class='ocrx_word' id='word_1_721' title='bbox 3428 3391 3532 3441; x_wconf 77' lang='grc' dir='ltr'>καὶ</span> <span class='ocrx_word' id='word_1_722' title='bbox 3546 3391 3713 3442; x_wconf 59' lang='lat' dir='ltr'><strong>0565f:</strong></span> 
     </span>
    </p>
   </div>
   <div class='ocr_carea' id='block_1_96' title="bbox 2127 3477 3716 3548">
    <p class='ocr_par' dir='ltr' id='par_1_96' title="bbox 2127 3477 3716 3548">
     <span class='ocr_line' id='line_1_96' title="bbox 2127 3477 3716 3548; baseline -0.001 -15"><span class='ocrx_word' id='word_1_723' title='bbox 2127 3478 2234 3533; x_wconf 87' lang='grc' dir='ltr'><strong>τῶν</strong></span> <span class='ocrx_word' id='word_1_724' title='bbox 2267 3479 2434 3532; x_wconf 76' lang='grc' dir='ltr'>ὄντων</span> <span class='ocrx_word' id='word_1_725' title='bbox 2460 3477 2834 3547; x_wconf 84' lang='grc' dir='ltr'>ἀθαύμαστον,</span> <span class='ocrx_word' id='word_1_726' title='bbox 2875 3478 2956 3530; x_wconf 84' lang='grc' dir='ltr'>ὃτι</span> <span class='ocrx_word' id='word_1_727' title='bbox 2988 3478 3146 3547; x_wconf 90' lang='grc' dir='ltr'>σῶμα</span> <span class='ocrx_word' id='word_1_728' title='bbox 3183 3478 3280 3548; x_wconf 78' lang='grc' dir='ltr'>μὲν</span> <span class='ocrx_word' id='word_1_729' title='bbox 3314 3480 3531 3545; x_wconf 72' lang='grc' dir='ltr'>ἀνεϐίω</span> <span class='ocrx_word' id='word_1_730' title='bbox 3563 3482 3627 3533; x_wconf 73' lang='grc' dir='ltr'>τὸ</span> <span class='ocrx_word' id='word_1_731' title='bbox 3656 3483 3716 3548; x_wconf 68' lang='grc' dir='ltr'>τῇ</span> 
     </span>
    </p>
   </div>
   <div class='ocr_carea' id='block_1_97' title="bbox 2128 3568 3711 3641">
    <p class='ocr_par' dir='ltr' id='par_1_97' title="bbox 2128 3568 3711 3641">
     <span class='ocr_line' id='line_1_97' title="bbox 2128 3568 3711 3641; baseline 0 -18"><span class='ocrx_word' id='word_1_732' title='bbox 2128 3570 2285 3639; x_wconf 81' lang='grc' dir='ltr'>φύσει</span> <span class='ocrx_word' id='word_1_733' title='bbox 2342 3568 2598 3640; x_wconf 82' lang='grc' dir='ltr'>φθαρτὸν,</span> <span class='ocrx_word' id='word_1_734' title='bbox 2642 3571 2917 3639; x_wconf 81' lang='grc' dir='ltr'>συνήνωτο</span> <span class='ocrx_word' id='word_1_735' title='bbox 2945 3569 3054 3639; x_wconf 79' lang='grc' dir='ltr'><strong>γάρ</strong></span> <span class='ocrx_word' id='word_1_736' title='bbox 3089 3570 3165 3639; x_wconf 87' lang='grc' dir='ltr'>τῷ</span> <span class='ocrx_word' id='word_1_737' title='bbox 3208 3570 3479 3641; x_wconf 78' lang='grc' dir='ltr'>ἀφθάρτῳ</span> <span class='ocrx_word' id='word_1_738' title='bbox 3535 3574 3711 3641; x_wconf 71' lang='grc' dir='ltr'>Λόγῳ.</span> 
     </span>
    </p>
   </div>
   <div class='ocr_carea' id='block_1_98' title="bbox 2127 3659 3713 3734">
    <p class='ocr_par' dir='ltr' id='par_1_98' title="bbox 2127 3659 3713 3734">
     <span class='ocr_line' id='line_1_98' title="bbox 2127 3659 3713 3734; baseline 0.002 -21"><span class='ocrx_word' id='word_1_739' title='bbox 2127 3662 2287 3730; x_wconf 80' lang='grc' dir='ltr'>Ψυχὴ</span> <span class='ocrx_word' id='word_1_740' title='bbox 2321 3660 2378 3711; x_wconf 83' lang='grc' dir='ltr'>δὲ</span> <span class='ocrx_word' id='word_1_741' title='bbox 2416 3662 2448 3729; x_wconf 80' lang='grc' dir='ltr'>ἡ</span> <span class='ocrx_word' id='word_1_742' title='bbox 2496 3660 2637 3723; x_wconf 85' lang='grc' dir='ltr'>θεία,</span> <span class='ocrx_word' id='word_1_743' title='bbox 2689 3659 2786 3730; x_wconf 81' lang='grc' dir='ltr'>τὴν</span> <span class='ocrx_word' id='word_1_744' title='bbox 2819 3661 2955 3730; x_wconf 80' lang='grc' dir='ltr'>πρὸς</span> <span class='ocrx_word' id='word_1_745' title='bbox 3010 3661 3172 3713; x_wconf 77' lang='grc' dir='ltr'>αὑτὸν</span> <span class='ocrx_word' id='word_1_746' title='bbox 3205 3662 3454 3731; x_wconf 78' lang='grc' dir='ltr'>λαχοῦσα</span> <span class='ocrx_word' id='word_1_747' title='bbox 3494 3665 3713 3734; x_wconf 73' lang='grc' dir='ltr'>συνδρο-</span> 
     </span>
    </p>
   </div>
   <div class='ocr_carea' id='block_1_99' title="bbox 2129 3751 3714 3822">
    <p class='ocr_par' dir='ltr' id='par_1_99' title="bbox 2129 3751 3714 3822">
     <span class='ocr_line' id='line_1_99' title="bbox 2129 3751 3714 3822; baseline 0.001 -19"><span class='ocrx_word' id='word_1_748' title='bbox 2129 3754 2237 3820; x_wconf 84' lang='grc' dir='ltr'>μήν</span> <span class='ocrx_word' id='word_1_749' title='bbox 2267 3768 2324 3804; x_wconf 87' lang='grc' dir='ltr'><strong>τε</strong></span> <span class='ocrx_word' id='word_1_750' title='bbox 2356 3752 2449 3804; x_wconf 73' lang='grc' dir='ltr'>καὶ</span> <span class='ocrx_word' id='word_1_751' title='bbox 2470 3751 2663 3807; x_wconf 85' lang='grc' dir='ltr'>’ἐνωσιν</span> <span class='ocrx_word' id='word_1_752' title='bbox 2693 3751 3138 3821; x_wconf 84' lang='grc' dir='ltr'>καταπεφοίτηκε</span> <span class='ocrx_word' id='word_1_753' title='bbox 3167 3751 3267 3821; x_wconf 83' lang='grc' dir='ltr'>μὲν</span> <span class='ocrx_word' id='word_1_754' title='bbox 3292 3753 3372 3813; x_wconf 80' lang='grc' dir='ltr'>εἰς</span> <span class='ocrx_word' id='word_1_755' title='bbox 3408 3752 3572 3822; x_wconf 70' lang='grc' dir='ltr'>ᾅδου,</span> <span class='ocrx_word' id='word_1_756' title='bbox 3603 3754 3714 3805; x_wconf 81' lang='grc' dir='ltr'>θεο-</span> 
     </span>
    </p>
   </div>
   <div class='ocr_carea' id='block_1_100' title="bbox 2127 3842 3714 3915">
    <p class='ocr_par' dir='ltr' id='par_1_100' title="bbox 2127 3842 3714 3915">
     <span class='ocr_line' id='line_1_100' title="bbox 2127 3842 3714 3915; baseline 0.003 -20"><span class='ocrx_word' id='word_1_757' title='bbox 2127 3846 2329 3915; x_wconf 84' lang='grc' dir='ltr'>πρεπεῖ</span> <span class='ocrx_word' id='word_1_758' title='bbox 2362 3842 2419 3895; x_wconf 82' lang='grc' dir='ltr'>δὲ</span> <span class='ocrx_word' id='word_1_759' title='bbox 2440 3843 2667 3912; x_wconf 84' lang='grc' dir='ltr'>δυνάμει</span> <span class='ocrx_word' id='word_1_760' title='bbox 2720 3843 2813 3896; x_wconf 75' lang='grc' dir='ltr'>καὶ</span> <span class='ocrx_word' id='word_1_761' title='bbox 2852 3843 3069 3915; x_wconf 76' lang='grc' dir='ltr'>ἐξουσίᾳ</span> <span class='ocrx_word' id='word_1_762' title='bbox 3113 3844 3412 3914; x_wconf 81' lang='grc' dir='ltr'>χρωμένη,</span> <span class='ocrx_word' id='word_1_763' title='bbox 3465 3848 3576 3898; x_wconf 77' lang='grc' dir='ltr'>καὶ</span> <span class='ocrx_word' id='word_1_764' title='bbox 3612 3850 3714 3908; x_wconf 71' lang='grc' dir='ltr'>τοῖς</span> 
     </span>
    </p>
   </div>
   <div class='ocr_carea' id='block_1_101' title="bbox 2126 3928 3715 4006">
    <p class='ocr_par' dir='ltr' id='par_1_101' title="bbox 2126 3928 3715 4006">
     <span class='ocr_line' id='line_1_101' title="bbox 2126 3928 3715 4006; baseline 0.001 -18"><span class='ocrx_word' id='word_1_765' title='bbox 2126 3938 2306 3988; x_wconf 87' lang='grc' dir='ltr'>ὲκείσε</span> <span class='ocrx_word' id='word_1_766' title='bbox 2339 3928 2619 4004; x_wconf 86' lang='grc' dir='ltr'>πνεύμασι</span> <span class='ocrx_word' id='word_1_767' title='bbox 2650 3934 3028 4004; x_wconf 85' lang='grc' dir='ltr'>κατεφαίνετο.</span> <span class='ocrx_word' id='word_1_768' title='bbox 3058 3936 3352 4006; x_wconf 87' lang='grc' dir='ltr'>Τοιγάρτοι</span> <span class='ocrx_word' id='word_1_769' title='bbox 3380 3938 3478 3989; x_wconf 82' lang='grc' dir='ltr'>καὶ</span> <span class='ocrx_word' id='word_1_770' title='bbox 3509 3938 3715 4006; x_wconf 77' lang='grc' dir='ltr'>ἔφασκε</span> 
     </span>
    </p>
   </div>
   <div class='ocr_carea' id='block_1_102' title="bbox 2124 4010 3715 4097">
    <p class='ocr_par' dir='ltr' id='par_1_102' title="bbox 2124 4010 3715 4097">
     <span class='ocr_line' id='line_1_102' title="bbox 2124 4010 3715 4097; baseline 0.001 -18"><span class='ocrx_word' id='word_1_771' title='bbox 2124 4030 2233 4090; x_wconf 83' lang='grc' dir='ltr'>τοῖς</span> <span class='ocrx_word' id='word_1_772' title='bbox 2269 4028 2326 4079; x_wconf 86' lang='grc' dir='ltr'>ὲν</span> <span class='ocrx_word' id='word_1_773' title='bbox 2348 4026 2589 4097; x_wconf 85' lang='grc' dir='ltr'>δεσμοῖς,</span> <span class='ocrx_word' id='word_1_774' title='bbox 2620 4045 2643 4077; x_wconf 83' lang='grc'><em>‹</em></span> <span class='ocrx_word' id='word_1_775' title='bbox 2679 4026 2978 4093; x_wconf 76' lang='grc' dir='ltr'>Ἐξέλθετε,</span> <span class='ocrx_word' id='word_1_776' title='bbox 3014 4028 3109 4080; x_wconf 73' lang='grc' dir='ltr'>καὶ</span> <span class='ocrx_word' id='word_1_777' title='bbox 3144 4029 3255 4089; x_wconf 89' lang='grc' dir='ltr'>τοῖς</span> <span class='ocrx_word' id='word_1_778' title='bbox 3296 4029 3353 4079; x_wconf 80' lang='grc' dir='ltr'>ἐν</span> <span class='ocrx_word' id='word_1_779' title='bbox 3395 4028 3476 4097; x_wconf 82' lang='grc' dir='ltr'>τῷ</span> <span class='ocrx_word' id='word_1_780' title='bbox 3510 4010 3715 4091; x_wconf 41' lang='grc' dir='ltr'>σκότε-ι,</span> 
     </span>
    </p>
   </div>
   <div class='ocr_carea' id='block_1_103' title="bbox 2136 4120 3715 4191">
    <p class='ocr_par' dir='ltr' id='par_1_103' title="bbox 2136 4120 3715 4191">
     <span class='ocr_line' id='line_1_103' title="bbox 2136 4120 3715 4191; baseline 0 -18"><span class='ocrx_word' id='word_1_781' title='bbox 2136 4120 2600 4189; x_wconf 52' lang='grc' dir='ltr'>’Δναξιαλύφθητα</span> <span class='ocrx_word' id='word_1_782' title='bbox 2640 4138 2659 4171; x_wconf 73' lang='grc' dir='ltr'><strong>ι</strong></span> <span class='ocrx_word' id='word_1_783' title='bbox 2690 4120 2799 4173; x_wconf 82' lang='grc' dir='ltr'>Καί</span> <span class='ocrx_word' id='word_1_784' title='bbox 2851 4137 2942 4191; x_wconf 88' lang='grc' dir='ltr'><strong>μοι</strong></span> <span class='ocrx_word' id='word_1_785' title='bbox 2970 4120 3139 4185; x_wconf 88' lang='grc' dir='ltr'>δοκεῖ,</span> <span class='ocrx_word' id='word_1_786' title='bbox 3176 4121 3339 4188; x_wconf 87' lang='grc' dir='ltr'>φάναι</span> <span class='ocrx_word' id='word_1_787' title='bbox 3366 4138 3422 4173; x_wconf 89' lang='grc' dir='ltr'><strong>τι</strong></span> <span class='ocrx_word' id='word_1_788' title='bbox 3459 4122 3715 4175; x_wconf 78' lang='grc' dir='ltr'>τοιοῦτον</span> 
     </span>
    </p>
   </div>
   <div class='ocr_carea' id='block_1_104' title="bbox 2123 4212 3716 4291">
    <p class='ocr_par' dir='ltr' id='par_1_104' title="bbox 2123 4212 3716 4291">
     <span class='ocr_line' id='line_1_104' title="bbox 2123 4212 3716 4291; baseline 0.002 -26"><span class='ocrx_word' id='word_1_789' title='bbox 2123 4213 2218 4265; x_wconf 78' lang='grc' dir='ltr'>καὶ</span> <span class='ocrx_word' id='word_1_790' title='bbox 2248 4215 2277 4266; x_wconf 85' lang='grc' dir='ltr'>ὁ</span> <span class='ocrx_word' id='word_1_791' title='bbox 2308 4213 2581 4284; x_wconf 86' lang='grc' dir='ltr'>μακάριος</span> <span class='ocrx_word' id='word_1_792' title='bbox 2610 4215 2819 4285; x_wconf 82' lang='grc' dir='ltr'>Πέτρος</span> <span class='ocrx_word' id='word_1_793' title='bbox 2850 4212 2979 4283; x_wconf 86' lang='grc' dir='ltr'>περί</span> <span class='ocrx_word' id='word_1_794' title='bbox 3007 4230 3067 4265; x_wconf 87' lang='grc' dir='ltr'><strong>τε</strong></span> <span class='ocrx_word' id='word_1_795' title='bbox 3091 4212 3186 4266; x_wconf 89' lang='grc' dir='ltr'><strong>τοῦ</strong></span> <span class='ocrx_word' id='word_1_796' title='bbox 3214 4212 3347 4291; x_wconf 77' lang='grc' dir='ltr'>Θεοῦ</span> <span class='ocrx_word' id='word_1_797' title='bbox 3380 4214 3596 4281; x_wconf 79' lang='grc' dir='ltr'>Λόγου,</span> <span class='ocrx_word' id='word_1_798' title='bbox 3629 4217 3716 4267; x_wconf 60' lang='grc' dir='ltr'>καὶ</span> 
     </span>
    </p>
   </div>
   <div class='ocr_carea' id='block_1_105' title="bbox 2122 4304 3717 4376">
    <p class='ocr_par' dir='ltr' id='par_1_105' title="bbox 2122 4304 3717 4376">
     <span class='ocr_line' id='line_1_105' title="bbox 2122 4304 3717 4376; baseline 0.001 -19"><span class='ocrx_word' id='word_1_799' title='bbox 2122 4304 2221 4373; x_wconf 83' lang='grc' dir='ltr'>τῆς</span> <span class='ocrx_word' id='word_1_800' title='bbox 2280 4304 2404 4358; x_wconf 87' lang='grc' dir='ltr'>καθ’</span> <span class='ocrx_word' id='word_1_801' title='bbox 2453 4305 2650 4359; x_wconf 71' lang='grc' dir='ltr'>ἕνωσιν</span> <span class='ocrx_word' id='word_1_802' title='bbox 2711 4306 3063 4376; x_wconf 80' lang='grc' dir='ltr'>οἰκονομικὴν</span> <span class='ocrx_word' id='word_1_803' title='bbox 3106 4304 3492 4375; x_wconf 77' lang='grc' dir='ltr'>γεγενημένης</span> <span class='ocrx_word' id='word_1_804' title='bbox 3548 4307 3717 4360; x_wconf 70' lang='grc' dir='ltr'>αὑτοῦ</span> 
     </span>
    </p>
   </div>
   <div class='ocr_carea' id='block_1_106' title="bbox 2121 4394 3715 4467">
    <p class='ocr_par' dir='ltr' id='par_1_106' title="bbox 2121 4394 3715 4467">
     <span class='ocr_line' id='line_1_106' title="bbox 2121 4394 3715 4467; baseline 0 -20"><span class='ocrx_word' id='word_1_805' title='bbox 2121 4394 2317 4465; x_wconf 74' lang='grc' dir='ltr'>ψυχῆς,</span> <span class='ocrx_word' id='word_1_806' title='bbox 2350 4415 2367 4446; x_wconf 85' lang='grc'><strong>(</strong></span> <span class='ocrx_word' id='word_1_807' title='bbox 2395 4394 2656 4466; x_wconf 84' lang='grc' dir='ltr'>Κρείττον</span> <span class='ocrx_word' id='word_1_808' title='bbox 2701 4395 2808 4467; x_wconf 81' lang='grc' dir='ltr'><strong>γάρ</strong></span> <span class='ocrx_word' id='word_1_809' title='bbox 2860 4394 3347 4464; x_wconf 80' lang='grc' dir='ltr'>ἀγαθοποιοῦντας,</span> <span class='ocrx_word' id='word_1_810' title='bbox 3382 4396 3432 4447; x_wconf 76' lang='grc' dir='ltr'>εἰ</span> <span class='ocrx_word' id='word_1_811' title='bbox 3473 4395 3631 4449; x_wconf 83' lang='grc' dir='ltr'>θέλοι</span> <span class='ocrx_word' id='word_1_812' title='bbox 3663 4398 3715 4447; x_wconf 71' lang='grc' dir='ltr'>τὲ</span> 
     </span>
    </p>
   </div>
   <div class='ocr_carea' id='block_1_107' title="bbox 2123 4484 3715 4557">
    <p class='ocr_par' dir='ltr' id='par_1_107' title="bbox 2123 4484 3715 4557">
     <span class='ocr_line' id='line_1_107' title="bbox 2123 4484 3715 4557; baseline 0.001 -17"><span class='ocrx_word' id='word_1_813' title='bbox 2123 4487 2333 4557; x_wconf 78' lang='grc' dir='ltr'>θέλημα</span> <span class='ocrx_word' id='word_1_814' title='bbox 2358 4486 2452 4539; x_wconf 89' lang='grc' dir='ltr'><strong>τοῦ</strong></span> <span class='ocrx_word' id='word_1_815' title='bbox 2475 4486 2634 4550; x_wconf 86' lang='grc' dir='ltr'>Θεοῦ,</span> <span class='ocrx_word' id='word_1_816' title='bbox 2670 4487 2921 4557; x_wconf 89' lang='grc' dir='ltr'>πάσχειν,</span> <span class='ocrx_word' id='word_1_817' title='bbox 2946 4487 2979 4557; x_wconf 86' lang='grc' dir='ltr'>ἢ</span> <span class='ocrx_word' id='word_1_818' title='bbox 3016 4484 3474 4550; x_wconf 78' lang='grc' dir='ltr'>κακοποιοῦντας,</span> <span class='ocrx_word' id='word_1_819' title='bbox 3506 4488 3600 4540; x_wconf 82' lang='grc' dir='ltr'>ὅτι</span> <span class='ocrx_word' id='word_1_820' title='bbox 3628 4489 3715 4541; x_wconf 56' lang='grc' dir='ltr'>καὶ</span> 
     </span>
    </p>
   </div>
   <div class='ocr_carea' id='block_1_108' title="bbox 2120 4577 3717 4650">
    <p class='ocr_par' dir='ltr' id='par_1_108' title="bbox 2120 4577 3717 4650">
     <span class='ocr_line' id='line_1_108' title="bbox 2120 4577 3717 4650; baseline 0.001 -19"><span class='ocrx_word' id='word_1_821' title='bbox 2120 4580 2148 4631; x_wconf 91' lang='grc' dir='ltr'>ὁ</span> <span class='ocrx_word' id='word_1_822' title='bbox 2188 4579 2423 4650; x_wconf 86' lang='grc' dir='ltr'>Χριστὸς</span> <span class='ocrx_word' id='word_1_823' title='bbox 2468 4578 2617 4642; x_wconf 77' lang='grc' dir='ltr'>ἅπαξ</span> <span class='ocrx_word' id='word_1_824' title='bbox 2667 4580 2805 4650; x_wconf 80' lang='grc' dir='ltr'>ὑπὲρ</span> <span class='ocrx_word' id='word_1_825' title='bbox 2847 4579 3135 4649; x_wconf 73' lang='grc' dir='ltr'>ἁμαρτιῶν</span> <span class='ocrx_word' id='word_1_826' title='bbox 3175 4577 3415 4631; x_wconf 90' lang='grc' dir='ltr'>ἀπέθανε</span> <span class='ocrx_word' id='word_1_827' title='bbox 3440 4620 3455 4641; x_wconf 83' lang='grc'><strong>,</strong></span> <span class='ocrx_word' id='word_1_828' title='bbox 3502 4580 3717 4641; x_wconf 73' lang='grc' dir='ltr'>δίκαιος</span> 
     </span>
    </p>
   </div>
   <div class='ocr_carea' id='block_1_109' title="bbox 2122 4668 3713 4743">
    <p class='ocr_par' dir='ltr' id='par_1_109' title="bbox 2122 4668 3713 4743">
     <span class='ocr_line' id='line_1_109' title="bbox 2122 4668 3713 4743; baseline 0.002 -22"><span class='ocrx_word' id='word_1_829' title='bbox 2122 4670 2262 4740; x_wconf 84' lang='grc' dir='ltr'>ὑπὲρ</span> <span class='ocrx_word' id='word_1_830' title='bbox 2294 4670 2517 4732; x_wconf 86' lang='grc' dir='ltr'>ἀδίκων,</span> <span class='ocrx_word' id='word_1_831' title='bbox 2543 4670 2611 4723; x_wconf 81' lang='grc' dir='ltr'><strong>ἵν’</strong></span> <span class='ocrx_word' id='word_1_832' title='bbox 2645 4671 2792 4741; x_wconf 81' lang='grc' dir='ltr'>ἡμᾶς</span> <span class='ocrx_word' id='word_1_833' title='bbox 2814 4672 3143 4743; x_wconf 84' lang='grc' dir='ltr'>προσαγάγῃ</span> <span class='ocrx_word' id='word_1_834' title='bbox 3180 4669 3257 4738; x_wconf 82' lang='grc' dir='ltr'><strong>τῷ</strong></span> <span class='ocrx_word' id='word_1_835' title='bbox 3283 4668 3427 4739; x_wconf 83' lang='grc' dir='ltr'>Θεῷ,</span> <span class='ocrx_word' id='word_1_836' title='bbox 3455 4671 3713 4725; x_wconf 79' lang='grc' dir='ltr'>θανατω-</span> 
     </span>
    </p>
   </div>
   <div class='ocr_carea' id='block_1_110' title="bbox 2119 4753 3713 4832">
    <p class='ocr_par' dir='ltr' id='par_1_110' title="bbox 2119 4753 3713 4832">
     <span class='ocr_line' id='line_1_110' title="bbox 2119 4753 3713 4832; baseline 0.001 -18"><span class='ocrx_word' id='word_1_837' title='bbox 2119 4762 2232 4825; x_wconf 76' lang='grc' dir='ltr'>θεὶς</span> <span class='ocrx_word' id='word_1_838' title='bbox 2251 4764 2435 4832; x_wconf 72' lang='grc' dir='ltr'>σαρκὶ,</span> <span class='ocrx_word' id='word_1_839' title='bbox 2462 4762 2815 4832; x_wconf 75' lang='grc' dir='ltr'>ζωοποιηθεὶς</span> <span class='ocrx_word' id='word_1_840' title='bbox 2845 4764 2901 4814; x_wconf 81' lang='grc' dir='ltr'>δὲ</span> <span class='ocrx_word' id='word_1_841' title='bbox 2926 4762 3215 4831; x_wconf 68' lang='grc' dir='ltr'><strong>πνεύματι⁸</strong></span> <span class='ocrx_word' id='word_1_842' title='bbox 3234 4761 3319 4812; x_wconf 84' lang='grc' dir='ltr'>Ἐν</span> <span class='ocrx_word' id='word_1_843' title='bbox 3340 4753 3409 4827; x_wconf 82' lang='grc' dir='ltr'>ᾧ,</span> <span class='ocrx_word' id='word_1_844' title='bbox 3428 4764 3602 4832; x_wconf 61' lang='grc' dir='ltr'>φησι,</span> <span class='ocrx_word' id='word_1_845' title='bbox 3630 4763 3713 4815; x_wconf 54' lang='grc' dir='ltr'>καὶ</span> 
     </span>
    </p>
   </div>
   <div class='ocr_carea' id='block_1_111' title="bbox 2121 4853 3717 4926">
    <p class='ocr_par' dir='ltr' id='par_1_111' title="bbox 2121 4853 3717 4926">
     <span class='ocr_line' id='line_1_111' title="bbox 2121 4853 3717 4926; baseline 0.001 -19"><span class='ocrx_word' id='word_1_846' title='bbox 2121 4858 2233 4918; x_wconf 85' lang='grc' dir='ltr'>τοῖς</span> <span class='ocrx_word' id='word_1_847' title='bbox 2263 4857 2321 4907; x_wconf 84' lang='grc' dir='ltr'>ὲν</span> <span class='ocrx_word' id='word_1_848' title='bbox 2346 4856 2563 4926; x_wconf 83' lang='grc' dir='ltr'>φυλακῇ</span> <span class='ocrx_word' id='word_1_849' title='bbox 2600 4856 2871 4925; x_wconf 86' lang='grc' dir='ltr'>πνεύμασι</span> <span class='ocrx_word' id='word_1_850' title='bbox 2909 4854 3192 4924; x_wconf 65' lang='grc' dir='ltr'>πορευθεὶς</span> <span class='ocrx_word' id='word_1_851' title='bbox 3217 4853 3521 4922; x_wconf 73' lang='grc' dir='ltr'>ἐκήρυξεν,</span> <span class='ocrx_word' id='word_1_852' title='bbox 3557 4856 3717 4908; x_wconf 81' lang='grc' dir='ltr'>ἀπει-</span> 
     </span>
    </p>
   </div>
   <div class='ocr_carea' id='block_1_112' title="bbox 2122 4942 3717 5016">
    <p class='ocr_par' dir='ltr' id='par_1_112' title="bbox 2122 4942 3717 5016">
     <span class='ocr_line' id='line_1_112' title="bbox 2122 4942 3717 5016; baseline -0.002 -17"><span class='ocrx_word' id='word_1_853' title='bbox 2122 4946 2317 5016; x_wconf 87' lang='grc' dir='ltr'>θήσασί</span> <span class='ocrx_word' id='word_1_854' title='bbox 2350 4964 2502 4999; x_wconf 89' lang='grc' dir='ltr'>ποτε.</span> <span class='ocrx_word' id='word_1_855' title='bbox 2541 4968 2557 4996; x_wconf 74' lang='grc' dir='ltr'><strong>ι</strong></span> <span class='ocrx_word' id='word_1_856' title='bbox 2606 4947 2739 4998; x_wconf 76' lang='grc' dir='ltr'>Οὐδὲ</span> <span class='ocrx_word' id='word_1_857' title='bbox 2769 4947 2879 5016; x_wconf 77' lang='grc' dir='ltr'><strong>γάρ</strong></span> <span class='ocrx_word' id='word_1_858' title='bbox 2906 4942 3059 5015; x_wconf 79' lang='grc' dir='ltr'>οἶμαι</span> <span class='ocrx_word' id='word_1_859' title='bbox 3096 4947 3252 5013; x_wconf 82' lang='grc' dir='ltr'>φαῖεν</span> <span class='ocrx_word' id='word_1_860' title='bbox 3285 4945 3373 5007; x_wconf 79' lang='grc' dir='ltr'>ἂν,</span> <span class='ocrx_word' id='word_1_861' title='bbox 3408 4944 3495 5007; x_wconf 84' lang='grc' dir='ltr'>ὡς</span> <span class='ocrx_word' id='word_1_862' title='bbox 3530 4947 3717 5015; x_wconf 66' lang='grc' dir='ltr'>γυμνὴ</span> 
     </span>
    </p>
   </div>
   <div class='ocr_carea' id='block_1_113' title="bbox 2120 5035 3718 5108">
    <p class='ocr_par' dir='ltr' id='par_1_113' title="bbox 2120 5035 3718 5108">
     <span class='ocr_line' id='line_1_113' title="bbox 2120 5035 3718 5108; baseline 0 -19"><span class='ocrx_word' id='word_1_863' title='bbox 2120 5037 2213 5090; x_wconf 75' lang='grc' dir='ltr'>καὶ</span> <span class='ocrx_word' id='word_1_864' title='bbox 2240 5039 2359 5090; x_wconf 82' lang='grc' dir='ltr'>καθ’</span> <span class='ocrx_word' id='word_1_865' title='bbox 2385 5038 2582 5108; x_wconf 79' lang='grc' dir='ltr'>ἑαυτὴν</span> <span class='ocrx_word' id='word_1_866' title='bbox 2597 5040 2630 5107; x_wconf 79' lang='grc' dir='ltr'>ἡ</span> <span class='ocrx_word' id='word_1_867' title='bbox 2649 5038 2849 5106; x_wconf 87' lang='grc' dir='ltr'>Θεότης</span> <span class='ocrx_word' id='word_1_868' title='bbox 2871 5037 2963 5090; x_wconf 90' lang='grc' dir='ltr'><strong>τοῦ</strong></span> <span class='ocrx_word' id='word_1_869' title='bbox 2993 5035 3347 5104; x_wconf 81' lang='grc' dir='ltr'>Μονογενοῦς,</span> <span class='ocrx_word' id='word_1_870' title='bbox 3367 5039 3718 5105; x_wconf 63' lang='grc' dir='ltr'>καταπεφοᾷ</span> 
     </span>
    </p>
   </div>
   <div class='ocr_carea' id='block_1_114' title="bbox 2120 5130 3717 5201">
    <p class='ocr_par' dir='ltr' id='par_1_114' title="bbox 2120 5130 3717 5201">
     <span class='ocr_line' id='line_1_114' title="bbox 2120 5130 3717 5201; baseline -0.002 -18"><span class='ocrx_word' id='word_1_871' title='bbox 2120 5148 2252 5201; x_wconf 85' lang='grc' dir='ltr'>τηκε</span> <span class='ocrx_word' id='word_1_872' title='bbox 2283 5131 2381 5200; x_wconf 82' lang='grc' dir='ltr'>μὲν</span> <span class='ocrx_word' id='word_1_873' title='bbox 2421 5133 2501 5194; x_wconf 87' lang='grc' dir='ltr'><strong>εἰς</strong></span> <span class='ocrx_word' id='word_1_874' title='bbox 2539 5131 2687 5201; x_wconf 76' lang='grc' dir='ltr'>ᾅδου,</span> <span class='ocrx_word' id='word_1_875' title='bbox 2719 5131 3005 5201; x_wconf 81' lang='grc' dir='ltr'>διεκήρυξε</span> <span class='ocrx_word' id='word_1_876' title='bbox 3045 5130 3101 5183; x_wconf 80' lang='grc' dir='ltr'>δὲ</span> <span class='ocrx_word' id='word_1_877' title='bbox 3140 5131 3253 5190; x_wconf 88' lang='grc' dir='ltr'>τοῖς</span> <span class='ocrx_word' id='word_1_878' title='bbox 3300 5130 3497 5181; x_wconf 75' lang='grc' dir='ltr'>ἐκεῖσε</span> <span class='ocrx_word' id='word_1_879' title='bbox 3553 5132 3717 5183; x_wconf 64' lang='grc' dir='ltr'>πνεί-</span> 
     </span>
    </p>
   </div>
   <div class='ocr_carea' id='block_1_115' title="bbox 2119 5216 3717 5289">
    <p class='ocr_par' dir='ltr' id='par_1_115' title="bbox 2119 5216 3717 5289">
     <span class='ocr_line' id='line_1_115' title="bbox 2119 5216 3717 5289; baseline -0.002 -18"><span class='ocrx_word' id='word_1_880' title='bbox 2119 5236 2272 5289; x_wconf 87' lang='grc' dir='ltr'>μασι,</span> <span class='ocrx_word' id='word_1_881' title='bbox 2305 5219 2503 5282; x_wconf 85' lang='grc' dir='ltr'>άοπτος</span> <span class='ocrx_word' id='word_1_882' title='bbox 2533 5216 2667 5272; x_wconf 78' lang='grc' dir='ltr'>οὖσα</span> <span class='ocrx_word' id='word_1_883' title='bbox 2697 5219 2997 5281; x_wconf 81' lang='grc' dir='ltr'>παντελῶς.</span> <span class='ocrx_word' id='word_1_884' title='bbox 3022 5220 3289 5289; x_wconf 80' lang='grc' dir='ltr'>Κρεῖττον</span> <span class='ocrx_word' id='word_1_885' title='bbox 3320 5216 3434 5287; x_wconf 87' lang='grc' dir='ltr'><strong>γὰρ</strong></span> <span class='ocrx_word' id='word_1_886' title='bbox 3489 5219 3589 5271; x_wconf 75' lang='grc' dir='ltr'>ἀεὶ</span> <span class='ocrx_word' id='word_1_887' title='bbox 3628 5219 3717 5270; x_wconf 67' lang='grc' dir='ltr'><strong>τοῦ</strong></span> 
     </span>
    </p>
   </div>
   <div class='ocr_carea' id='block_1_116' title="bbox 2120 5307 3716 5379">
    <p class='ocr_par' dir='ltr' id='par_1_116' title="bbox 2120 5307 3716 5379">
     <span class='ocr_line' id='line_1_116' title="bbox 2120 5307 3716 5379; baseline -0.003 -18"><span class='ocrx_word' id='word_1_888' title='bbox 2120 5308 2349 5379; x_wconf 78' lang='grc' dir='ltr'>ὁρᾶσθαι</span> <span class='ocrx_word' id='word_1_889' title='bbox 2390 5308 2450 5361; x_wconf 75' lang='grc' dir='ltr'><strong>τὸ</strong></span> <span class='ocrx_word' id='word_1_890' title='bbox 2482 5308 2656 5372; x_wconf 89' lang='grc' dir='ltr'>Θεῖον,</span> <span class='ocrx_word' id='word_1_891' title='bbox 2687 5308 2799 5361; x_wconf 80' lang='grc' dir='ltr'>ἀλλ’</span> <span class='ocrx_word' id='word_1_892' title='bbox 2833 5308 2952 5360; x_wconf 80' lang='grc' dir='ltr'>οὐδὲ</span> <span class='ocrx_word' id='word_1_893' title='bbox 2988 5307 3226 5377; x_wconf 82' lang='grc' dir='ltr'>δοκήσει,</span> <span class='ocrx_word' id='word_1_894' title='bbox 3270 5309 3365 5359; x_wconf 74' lang='grc' dir='ltr'>καὶ</span> <span class='ocrx_word' id='word_1_895' title='bbox 3393 5307 3716 5377; x_wconf 74' lang='grc' dir='ltr'>ἐσχηματι-</span> 
     </span>
    </p>
   </div>
   <div class='ocr_carea' id='block_1_117' title="bbox 2127 5396 3715 5470">
    <p class='ocr_par' dir='ltr' id='par_1_117' title="bbox 2127 5396 3715 5470">
     <span class='ocr_line' id='line_1_117' title="bbox 2127 5396 3715 5470; baseline 0.001 -18"><span class='ocrx_word' id='word_1_896' title='bbox 2127 5400 2363 5469; x_wconf 86' lang='grc' dir='ltr'>σμένως,</span> <span class='ocrx_word' id='word_1_897' title='bbox 2400 5401 2481 5463; x_wconf 86' lang='grc' dir='ltr'>εἰς</span> <span class='ocrx_word' id='word_1_898' title='bbox 2501 5400 2562 5452; x_wconf 83' lang='grc' dir='ltr'>τὸ</span> <span class='ocrx_word' id='word_1_899' title='bbox 2591 5401 2768 5470; x_wconf 82' lang='grc' dir='ltr'>ψυχῆς</span> <span class='ocrx_word' id='word_1_900' title='bbox 2800 5396 2937 5461; x_wconf 76' lang='grc' dir='ltr'>εἶδος</span> <span class='ocrx_word' id='word_1_901' title='bbox 2961 5400 3130 5469; x_wconf 83' lang='grc' dir='ltr'>αὐτὴν</span> <span class='ocrx_word' id='word_1_902' title='bbox 3166 5398 3587 5470; x_wconf 80' lang='grc' dir='ltr'>μεμορφῶσθαι</span> <span class='ocrx_word' id='word_1_903' title='bbox 3618 5401 3715 5453; x_wconf 68' lang='grc' dir='ltr'><strong>δώ-</strong></span> 
     </span>
    </p>
   </div>
   <div class='ocr_carea' id='block_1_118' title="bbox 2127 5492 3713 5563">
    <p class='ocr_par' dir='ltr' id='par_1_118' title="bbox 2127 5492 3713 5563">
     <span class='ocr_line' id='line_1_118' title="bbox 2127 5492 3713 5563; baseline 0.003 -20"><span class='ocrx_word' id='word_1_904' title='bbox 2127 5509 2312 5561; x_wconf 82' lang='grc' dir='ltr'>σομεν,</span> <span class='ocrx_word' id='word_1_905' title='bbox 2346 5492 2712 5563; x_wconf 89' lang='grc' dir='ltr'>παραιτητέον</span> <span class='ocrx_word' id='word_1_906' title='bbox 2744 5492 2800 5544; x_wconf 86' lang='grc' dir='ltr'>δὲ</span> <span class='ocrx_word' id='word_1_907' title='bbox 2855 5493 3105 5562; x_wconf 87' lang='grc' dir='ltr'>πανταχῆ</span> <span class='ocrx_word' id='word_1_908' title='bbox 3144 5492 3239 5563; x_wconf 83' lang='grc' dir='ltr'>τὴν</span> <span class='ocrx_word' id='word_1_909' title='bbox 3275 5492 3517 5563; x_wconf 75' lang='grc' dir='ltr'>δόκησιν</span> <span class='ocrx_word' id='word_1_910' title='bbox 3542 5511 3557 5523; x_wconf 87' lang='grc'><strong>·</strong></span> 
     </span>
    </p>
   </div>
   <div class='ocr_carea' id='block_1_119' title="bbox 2123 5583 3715 5657">
    <p class='ocr_par' dir='ltr' id='par_1_119' title="bbox 2123 5583 3715 5657">
     <span class='ocr_line' id='line_1_119' title="bbox 2123 5583 3715 5657; baseline 0.003 -22"><span class='ocrx_word' id='word_1_911' title='bbox 2123 5584 2309 5655; x_wconf 81' lang='grc' dir='ltr'>ὥσπερ</span> <span class='ocrx_word' id='word_1_912' title='bbox 2330 5587 2440 5647; x_wconf 84' lang='grc' dir='ltr'>τοῖς</span> <span class='ocrx_word' id='word_1_913' title='bbox 2471 5584 2551 5637; x_wconf 75' lang='grc' dir='ltr'>ἔτι</span> <span class='ocrx_word' id='word_1_914' title='bbox 2592 5586 2733 5654; x_wconf 83' lang='grc' dir='ltr'><strong>μετά</strong></span> <span class='ocrx_word' id='word_1_915' title='bbox 2762 5584 2982 5655; x_wconf 78' lang='grc' dir='ltr'>σαρκὸς,</span> <span class='ocrx_word' id='word_1_916' title='bbox 3014 5583 3157 5637; x_wconf 84' lang='grc' dir='ltr'>οῦτω</span> <span class='ocrx_word' id='word_1_917' title='bbox 3183 5584 3275 5636; x_wconf 72' lang='grc' dir='ltr'>καὶ</span> <span class='ocrx_word' id='word_1_918' title='bbox 3304 5586 3431 5649; x_wconf 84' lang='grc' dir='ltr'>ταῖς</span> <span class='ocrx_word' id='word_1_919' title='bbox 3472 5588 3563 5650; x_wconf 80' lang='grc' dir='ltr'><strong>εἰς</strong></span> <span class='ocrx_word' id='word_1_920' title='bbox 3595 5587 3715 5657; x_wconf 60' lang='grc' dir='ltr'>ᾆδε-δ</span> 
     </span>
    </p>
   </div>
   <div class='ocr_carea' id='block_1_120' title="bbox 2250 5759 3354 5821">
    <p class='ocr_par' dir='ltr' id='par_1_120' title="bbox 2250 5759 3354 5821">
     <span class='ocr_line' id='line_1_120' title="bbox 2250 5759 3354 5821; baseline 0.003 -9"><span class='ocrx_word' id='word_1_921' title='bbox 2250 5760 2293 5792; x_wconf 60' lang='grc'>⁸³</span> <span class='ocrx_word' id='word_1_922' title='bbox 2318 5759 2416 5813; x_wconf 79' lang='lat' dir='ltr'><strong>Isa.</strong></span> <span class='ocrx_word' id='word_1_923' title='bbox 2451 5776 2592 5819; x_wconf 59' lang='grc' dir='ltr'>χιιι,</span> <span class='ocrx_word' id='word_1_924' title='bbox 2627 5761 2679 5815; x_wconf 89' lang='grc'><strong>9.</strong></span> <span class='ocrx_word' id='word_1_925' title='bbox 2758 5762 2800 5793; x_wconf 74' lang='grc'><strong>⁸⁸</strong></span> <span class='ocrx_word' id='word_1_926' title='bbox 2826 5759 3006 5817; x_wconf 78' lang='lat' dir='ltr'><strong>ll‘etr.</strong></span> <span class='ocrx_word' id='word_1_927' title='bbox 3049 5776 3129 5821; x_wconf 81' lang='lat' dir='ltr'><strong>In.</strong></span> <span class='ocrx_word' id='word_1_928' title='bbox 3164 5760 3354 5816; x_wconf 76' lang='lat' dir='ltr'><strong>l7-‘20.</strong></span> 
     </span>
    </p>
   </div>
  </div>
