3846 6210
197 338 322 398 liii

1307 334 1393 390 DE
1429 328 1944 390 INCARNATIONE
1987 323 2358 382 UNIGENITI.

3305 321 3328 374 Ι
3338 319 3444 376 2'19.

264 459 327 507 Δ.
372 452 481 507 Καὶ
513 453 625 523 μὴν
664 449 823 505 τοῦτό
863 449 927 522 γέ
972 451 1119 504 ἐστιν
1151 449 1184 521 ἡ
1230 447 1517 520 πλάνησις,
1558 446 1652 501 καὶ
1702 445 1796 507 τὸ,

1938 442 2003 496 Α.
2039 440 2201 510 Atqui
2228 439 2329 495 hoc
2358 437 2571 507 quidem
2602 442 2686 490 est
2708 446 2912 499 errare,
2940 442 2993 488 et
3037 448 3066 487 a
3092 431 3319 486 veritate
3349 435 3444 486 de-

197 548 465 617 ἀμαρτεῖν
491 544 586 599 τοῦ
643 545 949 615 πρέποντος
982 560 1042 597 τε
1096 541 1191 596 καὶ
1221 539 1476 611 ἀληθοῦς.
1522 538 1615 610 Μὴ
1655 537 1766 609 γάρ

200 658 288 711 μοι
312 639 515 711 διέλῃς,
540 637 676 710 μηδὲ
700 636 910 699 διῖστάς
937 636 1017 699 είς
1045 633 1331 704 ἄνθρωπον
1357 631 1541 695 ίδικῶς
1566 631 1661 685 κα)⁸
1685 630 1767 694 είς

197 731 328 784 Θεὸν
364 730 558 797 Λόγον,
582 729 931 799 διπρόσωπον
959 726 1090 796 ἡμῖν
1112 722 1392 778 ἀνατύπου
1430 721 1525 774 τὸν
1557 721 1769 791 Ἐμμα-

200 824 380 895 νουήλ.
412 822 505 894 Μὴ
533 823 641 893 ἀρα
668 837 753 883 τις
780 820 915 890 ἡμῖν
951 817 1177 879 εἰκότως
1201 814 1616 885 διαμωμήσαιτο
1638 827 1772 884 φροο

200 918 310 968 νεῖν
333 914 608 984 ἑλομένοις
636 910 793 982 ὀρθὸν
821 909 922 981 μὲν
951 908 1123 970 οὐδὲν,
1173 909 1357 961 ἐκεῖνα
1383 905 1439 958 δὲ
1479 902 1700 975 μᾶλλον,
1733 901 1771 957 ἀ

203 1007 297 1059 καὶ
322 1005 428 1077 ιδιά
466 1004 566 1074 τῆς
598 1003 760 1071 ἁγίας
793 998 1157 1069 κατεδικάσθη
1203 997 1463 1069 Γραφῆςς
1500 990 1627 1048 Ὧδε
1662 994 1772 1065 γάρ

203 1112 285 1158 τις
312 1095 416 1163 ἔφη
439 1092 547 1145 τῶν
568 1088 808 1162 Χριστοῦ
835 1087 1143 1160 μαθητῶν-ι
1166 1086 1351 1157 Ὑμεῖς
1376 1084 1456 1147 δέ,
1474 1082 1770 1154 ἀγαπητοὶ,

206 1185 484 1258 μνήσθητε
512 1183 622 1237 τῶν
655 1182 920 1254 ῥημάτων
954 1180 1063 1234 τῶν
1092 1177 1506 1251 προειρημένων
1536 1174 1641 1229 ὑπὸ
1664 1174 1774 1229 τῶν

204 1276 523 1331 ἀποστόλων
576 1274 670 1329 τοῦ
724 1274 932 1345 Κυρίου
974 1271 1132 1345 ἡμῶν
1164 1269 1337 1341 Ἰησοῦ
1384 1268 1644 1340 Χριστοῦ,
1692 1267 1774 1320 ὃτι

204 1374 390 1440 ελεγον
419 1372 572 1442 ὑμῖν,
601 1371 683 1423 ὅτι
712 1370 796 1422 ἐπ’
829 1367 1071 1438 ἐσχάτων
1098 1364 1205 1419 τῶν
1230 1364 1437 1435 χρόνων
1465 1361 1774 1416 ἐλεύσονται

207 1469 265 1520 ἐν
310 1464 664 1535 ἐμπαιγμονῇ
704 1461 1006 1532 ἐμπαῖκται
1048 1457 1189 1510 κατά
1216 1456 1316 1519 τὰς
1351 1454 1559 1508 ἑαυτῶν
1588 1453 1778 1506 ἐπιθυ-

211 1556 340 1628 μίας
369 1553 728 1626 πορευόμενοι
756 1551 866 1605 τῶν
889 1548 1178 1605 ἀσεϐειῶν.
1209 1542 1371 1600 Οὗτοί
1402 1547 1540 1599 εἰσιν
1561 1547 1611 1598 oi
1640 1547 1777 1599 ἀπο-

207 1648 531 1721 διορίζοντες
559 1644 801 1715 ψυχικοὶ,
826 1639 1043 1712 πνεῦμα
1075 1641 1150 1711 μὴ
1174 1638 1410 1709 ἔχοντες.
1438 1655 1457 1690 ι

279 1740 340 1794 Β.
382 1739 456 1792 Οὐ
495 1736 788 1809 διοριστέον
826 1731 920 1789 οὖν
957 1735 1065 1804 ἄρα
1102 1732 1221 1787 κατ’
1252 1731 1440 1784 οὐδένα
1478 1728 1707 1801 τρόπον;

1871 529 2111 587 ﬂectere.
2144 526 2333 598 Neque
2359 526 2501 583 enim
2528 527 2642 581 haec
2664 523 2963 579 divellenda
2998 533 3142 591 sunt,
3168 523 3239 577 ita
3264 532 3322 577 ιιι
3352 523 3449 578 ho-

1870 624 2069 679 minem
2099 621 2329 676 seorsim
2361 628 2591 681 statuas,
2618 625 2673 671 et
2704 615 2870 669 Deum
2932 615 3165 669 Verbum
3191 615 3446 678 seorsim,

1868 725 1925 771 et
1973 713 2169 784 duplici
2218 725 2452 780 persona
2501 709 2785 779 praeditum
2839 708 2997 763 nobis
3041 706 3447 761 Emmannclezn

1868 802 2330 876 elﬁugas.‘Nonne
2362 803 2510 858 enim
2551 800 2744 855 merito
2800 816 2899 854 nos
2958 796 3124 870 695
3183 798 3451 866 quispiam

1873 895 2254 966 reprehendat,
2282 895 2326 949 si
2362 894 2550 948 relicta
2576 908 2705 946 vera
2735 902 2991 961 rectaque
3044 892 3340 953 sententia,
3388 904 3450 941 ea

1872 990 2050 1059 potius
2076 999 2349 1044 sectemur
2382 1001 2502 1057 quae
2544 999 2701 1040 sacra
2748 983 3029 1052 Scriptura
3092 981 3456 1038 condemnat?

1873 1078 2008 1134 Nam
2039 1079 2113 1135 ita
2145 1078 2367 1150 quidam
2399 1076 2789 1146 discipulorum
2814 1073 3014 1131 Christi
3053 1074 3227 1143 inquit
3253 1089 3266 1127 :
3297 1090 3317 1125 ι
3347 1072 3455 1127 Vos

1874 1182 2076 1237 autem,
2104 1170 2310 1235 dilecti,
2341 1183 2606 1224 memores
2631 1178 2807 1224 estote
2837 1169 3125 1223 verborum
3176 1181 3294 1236 qua:
3316 1180 3454 1235 prae-

1876 1264 2020 1319 dicta
2049 1272 2172 1318 sunt
2219 1261 2288 1316 ab
2313 1260 2576 1332 apostolis
2610 1259 2823 1315 Domini
2856 1259 3028 1314 nostri
3056 1256 3182 1314 Jesn
3209 1256 3452 1313 Christi:

1877 1356 1967 1425 qui
1995 1354 2246 1409 dicebant
2276 1353 2449 1415 vobis,
2471 1353 2730 1420 quoniam
2769 1353 2823 1405 in
2858 1349 3167 1404 novissimis
3202 1349 3459 1417 tempori-

1879 1447 1979 1499 lms
2006 1443 2228 1499 venient
2253 1443 2500 1498 illusores
2527 1441 2823 1498 secundum
2849 1440 3116 1495 desideria
3145 1455 3238 1493 sua
3273 1439 3460 1492 ambu-

1879 1535 2052 1589 lantes
2087 1535 2139 1587 in
2180 1534 2568 1604 itnpietatibus.
2638 1531 2883 1586 Hi'sunt
2907 1535 2999 1601 qui
3054 1537 3343 1600 segregant
3375 1543 3462 1583 se-

1881 1627 2160 1695 netipsos,
2193 1625 2477 1693 animales,
2506 1624 2757 1695 spiritum
2792 1639 2899 1679 non
2937 1624 3194 1691 habentes
3229 1621 3295 1675 “.
3330 1639 3351 1674 ι

1954 1717 2016 1771 B.
2052 1715 2210 1771 Nulla
2244 1718 2407 1787 igitur
2438 1718 2648 1773 ratione
2677 1725 2805 1771 sunt
2838 1715 3142 1770 dirimenda
3182 1715 3309 1768 ista.

383 1788 826 1904 DiapsiJ—dﬁv.El;
870 1843 935 1896 γε
972 1788 1035 1896 5i)
1084 1824 1319 1896 μάλιστα
1367 1822 1429 1876 τὸ
1476 1788 1570 1875 δῦο
1617 1788 1784 1890 φάναι

1957 1812 2022 1867 Δ.
2069 1809 2138 1866 Ut
2192 1809 2431 1865 maxime
2484 1810 2592 1864 duo
2648 1809 2898 1864 dicantur
2959 1818 3245 1877 postquam
3307 1805 3460 1860 unita

211 1926 353 1998 μετά
402 1925 502 1996 τὴν
558 1922 772 1981 ἕνωσιν,
816 1921 912 1973 καὶ
944 1918 1216 1988 ἀναμέρος
1262 1914 1524 1985 ἑκάτερον
1563 1912 1785 1965 ἐννοεῖν.

222 2017 418 2073 ’Ῑστέον
438 2017 484 2070 δ’
513 2012 625 2082 οὖν,
657 2015 739 2068 ὃτι
769 2014 963 2083 θεωρεῖ
992 2013 1089 2082 μέν
1122 2027 1243 2063 τινα
1280 2009 1498 2077 φύσεων
1525 2006 1788 2075 διαφορὰν

208 2113 240 2166 ὸ
265 2110 420 2175 νοῦς·
442 2108 639 2164 ταυτὸν
674 2108 784 2178 γὰρ
821 2104 880 2157 οῦ
915 2103 969 2157 τί
1005 2120 1108 2157 που
1137 2102 1329 2172 θεότης
1353 2118 1413 2155 τε
1445 2100 1541 2154 καὶ⁵
1576 2098 1788 2170 ἀνθρω-

212 2202 382 2273 πάτης
399 2217 413 2232 .
444 2197 742 2262 εισδέξεται
769 2195 826 2248 δὲ
846 2193 983 2265 ὁμοῦ
1006 2195 1126 2256 ταῖς
1158 2190 1511 2263 περὶτούτων
1536 2189 1787 2252 ἐννοίαις,

212 2295 308 2350 καὶ
338 2297 451 2348 τοῖν
470 2293 671 2363 ἀμφοῖν
698 2291 777 2353 είς
807 2288 1039 2357 ἑνότητα
1065 2285 1396 2356 συνδρομήν.
1426 2282 1636 2338 Οὐκοῦν
1653 2279 1789 2334 Θεοῦ

217 2388 315 2459 μὲν
344 2385 509 2454 ἐξέφυ
541 2382 636 2437 τοῦ
668 2381 905 2453 Πατρὸς,
929 2380 1003 2444 ῶς
1030 2378 1185 2443 Θεὸς,
1213 2378 1288 2441 ὼς
1317 2380 1382 2432 ἐκ
1407 2374 1686 2447 Παρθένου
1710 2373 1788 2435 δέ,

214 2479 501 2551 ἄνθρωπος
528 2495 540 2506 ’
577 2478 605 2529 ὁ
640 2475 752 2547 γάρ
794 2473 929 2528 Θεοῦ
963 2472 1177 2542 [ἰατρὸς
1210 2470 1536 2541 ἀπορῤήτως
1587 2485 1648 2521 τε
1698 2466 1794 2520 καὶ

216 2575 356 2645 ὑπὲρ
408 2571 532 2627 νοῦν
585 2571 907 2641 ἀναλάμψας
940 2567 1133 2636 Λόγος,
1173 2563 1529 2635 γεγεννῆσθαι
1576 2561 1795 2630 λέγεται

215 2668 313 2721 καὶ
356 2664 445 2719 διά
494 2663 772 2732 γυναικὸς,
804 2660 1211 2730 καταφοιτήσας
1258 2659 1337 2719 είς
1377 2653 1793 2726 ἀνθρωπότητα,

217 2759 315 2811 καὶ
358 2755 545 2819 καθεὶς
593 2753 786 2808 ἐαυτὸν
814 2753 895 2816 είς
923 2752 1058 2822 ὅπερ
1104 2750 1203 2804 οὐκ
1233 2744 1324 2819 ἦν,
1351 2747 1451 2817 οὐχ
1505 2746 1594 2799 ἶνα
1640 2743 1799 2816 μείνῃ

218 2848 616 2919 κεκενωμένος,
645 2845 761 2901 ἀλλ’
790 2846 879 2900 ίνα
910 2844 1043 2909 Θεὸς
1069 2840 1207 2897 εἶναι
1240 2841 1565 2910 πιστεύηται
1616 2837 1711 2892 καὶ
1740 2839 1799 2892 ἐν

219 2943 352 2998 εῖδει
376 2941 454 3013 τῷ
487 2940 609 2994 καθ’
635 2940 784 3011 ἡμᾶς
822 2936 1080 3009 πεφηνὼς
1104 2936 1198 2988 ἐπὶ
1237 2935 1360 3006 γῆς,
1390 2933 1489 3004 οὐχ
1515 2932 1590 2997 ὼς
1619 2932 1676 2985 ἐν
1706 2931 1799 2983 ἀν-

221 3032 425 3105 θρώπῳ
459 3031 815 3101 κατοικήσας,
838 3026 954 3082 ἀλλ’
983 3026 1057 3090 ὡς
1081 3026 1214 3081 αὐτὸ
1239 3023 1381 3078 κατὰ
1401 3022 1563 3092 φύσιν
1586 3020 1799 3091 ἄνθρω-

222 3142 323 3189 πος
366 3121 625 3193 γεγονὼς,
659 3119 795 3192 μετά
812 3118 909 3173 τοῦ
930 3118 1028 3190 τὴν
1053 3118 1188 3171 ίδίαν
1209 3112 1595 3169 ἀνασώσασθαι
1619 3110 1794 3176 δόξαν.
1828 3139 1871 3196 C

222 3218 334 3271 Καὶ
363 3215 495 3285 γοῦν
518 3218 545 3267 ὁ
566 3211 855 3274 θεσπέσιος
890 3208 1123 3273 Παῦλος,
1165 3208 1234 3261 τὰ
1264 3207 1398 3260 πολὺ
1424 3206 1520 3277 τῆς
1561 3203 1803 3275 ἀλλήλων

223 3306 637 3379 ὁμοουσιότητος
665 3302 984 3371 διεστηκότα
1024 3317 1085 3353 τε
1123 3300 1215 3352 καὶ
1255 3299 1548 3368 ἀμετρήτῳ
1576 3296 1806 3366 διαφορᾷ

224 3398 685 3471 διεσχοινισμένα,
716 3394 945 3462 θεότητά
969 3409 1027 3446 τε
1054 3392 1151 3446 καὶ
1178 3390 1572 3461 ἀνθρωπότητα
1622 3387 1807 3441 συλλέ-

224 3510 339 3563 γων
365 3493 441 3553 είς
465 3488 522 3542 ἐν
550 3484 935 3557 οίκονομικῶς,
968 3484 1061 3536 καὶ
1087 3482 1147 3546 ἐξ
1173 3482 1375 3551 ἀμφοῖν
1404 3480 1494 3533 τὸν
1527 3480 1623 3532 ἐνα
1648 3495 1808 3532 κατα·

230 3583 510 3656 σημαίνων
557 3577 819 3653 Χριστὸν,
865 3578 961 3630 καὶ
1010 3575 1137 3628 Υίὸν
1185 3574 1280 3625 καὶ
1328 3572 1494 3634 Θεὸν,
1548 3589 1565 3621 ι
1598 3568 1808 3632 Παῦλος

227 3675 435 3737 δοῦλος,
476 3671 665 3742 φησὶν,
706 3665 881 3738 Ἰησοῦ
930 3662 1188 3736 Χριστοῦ,
1229 3660 1425 3732 κλητὸς
1475 3659 1768 3723 ἀπόστολος
1791 3700 1806 3724 ,

229 3763 611 3838 ἀφωρισμένος
639 3762 717 3825 εἰς
745 3757 1074 3828 Εὐαγγέλιον
1101 3754 1259 3819 Θεοῦ,
1285 3753 1313 3806 ὃ
1337 3752 1810 3824 προεπηγγείλατο

229 3861 318 3914 διά
362 3858 471 3911 τῶν
520 3852 813 3927 προφητῶν
847 3849 1014 3905 αὑτοῦ
1061 3852 1118 3902 ἐν
1165 3848 1203 3899 Γ
1211 3848 1406 3918 ραφαῖς
1454 3845 1657 3912 άγίαις,
1685 3844 1811 3911 περὶ

230 3948 327 4004 τοῦ
357 3948 485 4002 Υίοῦ
526 3947 690 4000 αὑτοῦ
728 3942 823 3997 τοῦ
858 3940 1150 4012 γενομένου
1195 3939 1259 3991 ἐκ
1309 3938 1620 4008 σπέρματος
1649 3934 1812 3987 Δαδὶδ

232 4042 376 4096 κατά
406 4042 604 4109 σάρκα,
632 4034 1080 4107 τοῦ’όρισθέντος
1116 4030 1248 4084 Υίοῦ
1295 4027 1430 4081 Θεοῦ
1483 4030 1539 4080 ἐν
1586 4026 1810 4096 δυνάμει

232 4132 375 4187 κατά
397 4131 621 4201 Πνεῦμα
647 4126 975 4197 ἁγιωσύνης.
1010 4144 1026 4176 ι
1047 4123 1179 4175 Ἰδοὺ
1204 4120 1266 4191 δὴ
1294 4118 1481 4187 σαφῶς
1503 4116 1813 4188 ἀφωρίσθαι

232 4226 399 4298 φησὶν
446 4223 634 4277 ἐαυτὸν
668 4223 747 4284 είς
791 4218 1121 4288 Εὑαγγέλιον
1171 4214 1327 4279 Θεοῦ,
1364 4214 1539 4266 καίτοι
1587 4212 1813 4283 γράφων

233 4315 571 4387 ἀναφανδόνο
633 4332 651 4365 ι
678 4311 819 4365 υῦτε
869 4311 977 4382 γὰρ
1029 4308 1254 4369 ἐαυτοὺς
1281 4304 1647 4374 κηρύσσομεν,
1679 4301 1815 4354 ἀλλά

233 4407 469 4480 Χριστὸν
522 4403 727 4475 Ἰησοῦν
789 4402 1013 4473 Κύριον.
1057 4419 1077 4453 ι
1125 4400 1236 4452 Καὶ
1285 4398 1477 4452 πάλιν·
1534 4417 1552 4447 ι
1584 4396 1658 4449 Οὐ
1705 4396 1815 4463 γὰρ

1886 1912 2033 1965 sunt.
2075 1911 2130 1957 et
2185 1902 2413 1957 seorsim
2474 1899 2684 1977 singula
2742 1899 3137 1970 intelligantur,
3186 1898 3462 1954 sciendum

1887 2003 1992 2059 est,
2024 1993 2165 2064 quod
2225 2008 2382 2048 mens
2431 1992 2652 2064 quidem
2716 2000 3034 2046 naturarum
3091 1990 3461 2045 diversitatem

1888 2088 2197 2143 considerat
2237 2086 2450 2159 (neque
2494 2084 2639 2140 enim
2690 2084 2833 2140 idem
2885 2094 3011 2139 sunt
3054 2082 3366 2138 humanitas
3410 2092 3466 2136 et

1891 2177 2190 2248 divinitas),
2223 2178 2317 2233 sed
2348 2177 2511 2232 simul
2548 2176 2715 2230 etiam
2746 2190 2867 2230 cum
2901 2174 3005 2229 hac
3036 2173 3468 2229 consideratione

1892 2272 2176 2340 utriusque
2225 2284 2548 2325 concursum
2596 2270 2662 2323 ad
2724 2268 2990 2322 unitatem
3048 2266 3464 2336 contemplatur.

1892 2362 2127 2418 Proinde
2159 2377 2221 2418 ex
2256 2362 2363 2416 Deo
2386 2361 2605 2429 quidem
2635 2359 2923 2429 processit,
2963 2368 3021 2413 ut
3049 2359 3189 2413 Deus
3215 2374 3231 2412 :
3258 2372 3327 2411 ex
3357 2356 3469 2412 Vir-

1894 2455 2019 2522 gine
2047 2464 2244 2523 autem,
2282 2463 2339 2508 ut
2378 2455 2561 2510 homo.
2597 2452 2827 2506 Verbum
2858 2453 3002 2506 enim
3031 2452 3171 2520 quod
3218 2450 3471 2505 iuell'abi-

1899 2546 2042 2610 liter,
2079 2558 2353 2613 supraque
2394 2543 2731 2597 intellectum
2767 2545 3059 2596 humanum
3095 2557 3125 2595 e
3159 2539 3271 2595 Deo
3308 2540 3473 2595 Patre

1899 2634 2123 2698 ell'ulsit,
2158 2646 2341 2686 natum
2381 2646 2502 2686 csse
2531 2632 2733 2686 dicitur
2760 2634 2926 2687 etiam
2962 2648 3026 2685 ex
3067 2631 3313 2697 muliere,
3348 2646 3470 2684 cum

1901 2727 2292 2781 humanitatem
2336 2727 2649 2793 assumpsit,
2691 2732 2745 2777 et
2786 2724 3022 2793 seipsum
3064 2724 3280 2778 demisit
3319 2725 3385 2777 ad
3418 2723 3473 2777 id

1899 2819 2043 2889 quod
2066 2832 2172 2872 non
2203 2826 2362 2881 erat;
2399 2832 2504 2870 non
2544 2826 2603 2869 ut
2633 2816 2965 2870 divinitatem
3005 2817 3239 2882 amittat,
3278 2814 3373 2870 sed
3415 2824 3476 2869 ut

1900 2911 2045 2966 Deus
2072 2925 2196 2966 esse
2240 2910 2520 2973 credatur,
2560 2919 2911 2977 nostramque
2945 2908 3175 2962 formam
3215 2910 3268 2961 in
3314 2910 3476 2963 terris

1903 3014 2167 3075 gestasse,
2213 3016 2320 3056 nou
2378 3010 2635 3071 tanquam
2692 3001 2749 3055 in
2798 2999 3016 3055 homine
3061 3001 3343 3064 habitans,
3377 3001 3476 3056 sed

1906 3107 2163 3166 tanquam
2217 3094 2320 3149 hoc
2380 3091 2585 3161 ipsum,
2641 3093 2802 3147 homo
2852 3090 3112 3145 nimirum
3157 3090 3478 3145 naturaliter

1905 3190 2103 3254 factus,
2132 3188 2350 3257 propria
2381 3194 2564 3240 tamen
2609 3198 2706 3239 sua
2752 3183 2923 3253 gloria
2958 3183 3167 3251 integra
3202 3194 3475 3237 manente.

1904 3281 2110 3336 Idcirco
2137 3280 2353 3333 divinus
2388 3278 2477 3331 ille
2508 3275 2743 3337 Paulus,
2775 3276 3162 3328 humanitatem
3190 3286 3243 3329 et
3279 3275 3473 3328 divini-

1907 3381 2070 3428 tatem
2117 3384 2238 3440 quze
2291 3369 2445 3437 longe
2499 3384 2529 3421 a
2587 3366 3157 3422 consubstantialitate
3221 3368 3361 3420 inter
3422 3384 3483 3422 se

1907 3465 2129 3528 distant,
2166 3472 2219 3518 et
2256 3464 2517 3517 immensa
2552 3461 2782 3530 quadam
2824 3458 3127 3514 diﬂ‘erentia
3165 3461 3483 3531 disjungun-

1910 3568 2017 3624 tur,
2049 3559 2101 3612 in
2127 3572 2291 3610 unum
2327 3557 2537 3609 ratione
2578 3555 2965 3608 incarnationis
2999 3554 3288 3624 collige-ns.
3321 3562 3483 3623 atque

1908 3664 1972 3703 ex
2006 3649 2215 3702 duobus
2244 3661 2405 3699 unum
2433 3645 2723 3714 designans
2757 3644 3056 3711 Christum,
3086 3655 3140 3698 et
3174 3644 3395 3709 Filium,
3430 3655 3486 3698 et

1912 3741 2101 3805 Deum,
2128 3743 2198 3793 ita
2229 3738 2406 3808 inquit
2438 3754 2452 3790 :
2492 3756 2511 3787 ι
2539 3735 2737 3790 Paulus
2768 3750 2961 3790 servus
2983 3733 3108 3790 Jesu
3138 3736 3370 3797 Christi,
3396 3751 3486 3788 vo-

1911 3843 2067 3886 catus
2124 3830 2435 3901 apostolus,
2480 3838 2795 3897 segregatus
2853 3824 2909 3878 in
2963 3826 3313 3896 Evangelium
3366 3827 3482 3881 Dei.

1911 3922 2062 3989 Quod
2088 3921 2417 3989 promiserat
2444 3934 2540 3987 per
2586 3919 2878 3987 prophetas
2920 3933 3050 3972 suos
3091 3920 3143 3971 in
3191 3916 3487 3987 Scriptnris

1912 4015 2115 4067 sanctis
2153 4012 2221 4066 de
2264 4010 2403 4064 Filio
2432 4025 2550 4074 suo,
2597 4010 2687 4078 qui
2736 4010 2911 4063 iactus
2950 4017 3032 4063 est
3077 4008 3126 4063 ei
3169 4024 3236 4063 ex
3276 4010 3487 4064 semine

1918 4107 2080 4158 Itavid
2142 4103 2435 4157 secundum
2484 4116 2726 4155 carnem.
2787 4101 2887 4165 Qui
2948 4099 3364 4168 praedestinalus
3405 4112 3490 4155 est

1914 4197 2084 4251 Filius
2113 4194 2205 4248 Dei
2242 4196 2293 4248 in
2325 4195 2523 4247 virtute
2550 4192 2848 4246 secundum
2892 4190 3156 4261 Spiritum
3190 4192 3491 4245 sanctiﬁca-

1917 4292 2077 4345 tionis
2105 4290 2171 4343 ⁸³.
2206 4307 2225 4339 ι
2260 4288 2395 4341 Ecce
2428 4285 2715 4339 manifeste
2744 4296 3085 4354 segregatum
3133 4300 3189 4338 se
3214 4300 3332 4339 esse
3360 4287 3491 4339 dicit

1917 4385 1969 4437 in
2000 4380 2346 4449 Evangelium
2395 4377 2508 4443 Dei,
2537 4387 2721 4445 aperte
2751 4376 2949 4445 alioqui
2984 4376 3228 4429 scribens
3268 4394 3281 4429 :
3319 4394 3338 4427 ι
3370 4377 3483 4429 Non

238 4465 429 4566 ἔκρινά
453 4514 505 4549 τι
538 4465 738 4548 εἰδέναι
770 4495 827 4545 ἐν
856 4465 1003 4562 ῦμίν,
1030 4492 1079 4542 ει
1104 4490 1182 4559 μὴ
1211 4488 1417 4558 Ἰησοῦν
1448 4486 1700 4558 Χριστὸν,
1720 4486 1796 4537 κα¹

1915 4472 2058 4526 enim
2122 4467 2485 4534 nosmetipsos
2528 4466 2906 4534 pradicamus,
2945 4468 3038 4518 sed
3094 4465 3368 4520 Christum
3402 4466 3487 4520 Je-

235 4589 426 4641 τοῦτον
483 4584 913 4656 ἐσταυρωμένον·
949 4600 967 4631 ›
1020 4580 1147 4633 Υίὸν
1205 4580 1263 4632 δὲ
1316 4577 1477 4632 αὑτὸν
1538 4578 1810 4646 ὀνομάσας

238 4680 395 4743 Θεοῦ,
429 4679 523 4731 καὶ
571 4679 634 4729 ἐκ
680 4676 995 4746 σπέρματος
1033 4671 1195 4724 Δαὸὶδ
1227 4668 1584 4741 γεγεννῆσθαί
1623 4684 1808 4736 φησιν,

238 4771 471 4843 ὡρίσθαι
522 4786 580 4821 τε
626 4767 1039 4837 διίσχυρίζεται,
1071 4762 1166 4817 καὶ⁵
1212 4763 1290 4824 είς
1321 4761 1447 4813 Υίὸν
1495 4759 1652 4813 Θεοῦ.
1688 4759 1810 4821 Πῶς

238 4859 355 4929 οῦν,
402 4863 525 4915 εἰπέ
571 4878 683 4932 μοι,
714 4860 868 4923 Θεὸς,
914 4860 943 4911 ό
988 4858 1053 4910 ἐκ
1105 4856 1417 4925 σπέρματος
1461 4854 1670 4920 ἀναφὺς
1714 4849 1808 4904 τοῦ

240 4952 434 5019 Δαϐίδ;
463 4952 491 5004 ό
510 4950 566 5003 δέ
588 4950 653 5019 δὴ
681 4950 774 5001 καί
805 4947 910 5018 πρὸ
934 4945 1141 5000 αἰώνων
1167 4944 1261 4997 καὶ
1290 4942 1473 5004 ἀϊδίως
1506 4942 1653 5005 Υἱὸς,
1678 4940 1813 4993 καθὸ

241 5043 483 5112 πέφηνεν
529 5040 593 5092 ἐκ
636 5036 793 5099 Θεοῦ,
829 5034 950 5089 τίνα
983 5032 1048 5105 δὴ
1089 5032 1287 5103 τρόπον
1329 5031 1407 5092 είς
1432 5028 1559 5081 Υίὸν
1602 5026 1811 5097 ὡρίσθη

240 5134 398 5196 Θεοῦ,
418 5131 671 5200 καθάπερ
693 5129 771 5189 είς
796 5125 965 5197 ἀρχὰς
986 5124 1081 5177 τοῦ
1106 5122 1404 5192 ὑφεστάναι
1428 5116 1811 5191 παρενεχθείς;

243 5228 391 5295 Ἔφη
436 5224 544 5293 γὰρ
587 5216 746 5282 αὐτὸς
793 5218 922 5290 περὶ
972 5214 1188 5280 ἐαυτοῦ,
1244 5232 1262 5266 ι
1290 5212 1493 5283 Κύριος
1527 5206 1646 5264 εἷπε
1680 5210 1813 5280 πρός

242 5333 330 5387 με·
365 5316 494 5377 Υίός
540 5329 640 5384 μου
697 5307 745 5363 εἷ
790 5310 877 5373 σὺ,
906 5306 1015 5377 ἐγὼ
1063 5308 1302 5379 σήμερον
1340 5303 1646 5374 γεγέννηκά
1680 5319 1759 5355 σε.
1792 5320 1809 5352 ι

240 5406 433 5461 Καίτοι
466 5404 560 5457 τοῦ
584 5401 849 5469 σήμερον
870 5400 958 5452 ἀεί
979 5415 1096 5460 πως
1119 5400 1270 5468 ἡμῖν,
1296 5396 1416 5466 οὐχὶ
1440 5396 1530 5448 τὸν
1561 5409 1819 5465 παρῳχη-

241 5500 405 5561 κότα,
450 5496 541 5549 τὸν
572 5492 841 5548 ἐνεστῶτα
882 5488 943 5543 δὲ
985 5489 1184 5561 μᾶλλον
1227 5484 1652 5557 καταδηλοῦντος
1700 5503 1821 5538 και-

250 5588 358 5643 οόν.

327 5784 368 5816 ⁸⁸
394 5784 517 5840 .lud.
552 5784 727 5837 l7-i‘J.
808 5781 850 5813 "
880 5781 1035 5836 Ilont.
1067 5795 1105 5844 ι,
1144 5779 1257 5835 1-5.
1332 5780 1377 5813 ¹²
1407 5777 1450 5832 ll
1482 5778 1607 5833 Cor.
1638 5792 1709 5844 tv,
1741 5778 1792 5831 5.

1916 4579 2034 4617 sum
2069 4562 2351 4616 Dominum
2382 4561 2451 4613 ⁵³.
2478 4578 2497 4610 ι
2527 4557 2593 4610 Ει
2642 4573 2828 4613 rursus
2855 4574 2870 4611 :
2910 4576 2930 4609 ι
2953 4557 3134 4627 Neque
3167 4559 3309 4613 enim
3350 4559 3493 4628 judi-

1916 4653 2032 4705 cavi
2075 4650 2369 4720 quidquam
2422 4651 2563 4703 scire
2613 4648 2666 4701 in
2719 4648 2893 4711 vobis,
2956 4647 3056 4702 nisi
3100 4647 3281 4703 .lesum
3332 4648 3493 4704 Chri-

1916 4755 2085 4808 stum,
2120 4755 2176 4799 et
2225 4743 2444 4813 quidem
2486 4740 2896 4796 cruciﬁxum".
2929 4758 2951 4792 ι
2984 4739 3176 4794 Filium
3222 4755 3348 4794 vero
3397 4740 3490 4795 Dei

1917 4837 2093 4906 ipsum
2124 4835 2444 4901 nominans,
2470 4833 2629 4888 etiam
2657 4848 2722 4887 ex
2753 4833 2964 4887 semine
2995 4833 3159 4885 David
3184 4843 3365 4886 natum
3394 4833 3489 4896 ait,

1919 4938 2374 4999 segregatumque
2415 4940 2475 4980 se
2516 4922 2779 4989 aﬂirmat,
2814 4924 2977 4978 etiam
3027 4924 3079 4978 in
3127 4921 3320 4977 Filium
3371 4922 3487 4978 Dei.

1919 5020 2198 5087 Quomodo
2230 5019 2391 5088 igitur
2418 5028 2501 5073 cst
2529 5018 2701 5079 Deus.
2736 5018 2825 5087 qui
2854 5032 2919 5071 ex
2948 5016 3154 5070 semine
3190 5015 3354 5069 David
3393 5034 3490 5075 ua-

1922 5120 2008 5165 tus
2035 5109 2156 5163 est?
2190 5109 2256 5164 Et
2282 5109 2371 5177 qui
2406 5120 2530 5163 ante
2558 5107 2725 5179 696
2761 5109 2953 5162 sarcula
2996 5118 3049 5159 et
3080 5109 3148 5161 ah
3172 5119 3378 5161 aeterno
3406 5121 3491 5164 est

1922 5202 2109 5266 Filius,
2145 5212 2412 5269 quatenus
2444 5214 2507 5254 ex
2557 5200 2668 5254 Deo
2713 5200 3016 5269 processit,
3056 5214 3164 5267 quo
3213 5212 3375 5266 pacto
3410 5214 3493 5253 est

1919 5302 2237 5363 segregatus
2275 5292 2327 5345 in
2369 5290 2563 5345 Filittm
2589 5290 2707 5353 Dei,
2757 5291 3091 5344 eXsistentite
3136 5305 3247 5344 sum
3289 5291 3491 5359 primi-

1917 5387 2062 5456 pium
2087 5383 2489 5455 quodammodo
2516 5385 2750 5437 nactus?
2780 5384 2868 5436 Ait
2890 5384 3032 5437 enim
3061 5385 3180 5453 ipse
3204 5384 3268 5437 de
3290 5386 3489 5452 seipso,

1920 5493 1940 5525 ι
1978 5473 2238 5527 Dominus
2285 5473 2422 5525 dixit
2456 5472 2523 5525 ad
2572 5488 2702 5527 me:
2752 5469 2921 5527 Filius
2973 5490 3127 5527 meus
3180 5488 3240 5527 es
3288 5483 3366 5537 tu,
3391 5489 3493 5541 ego

1915 5566 2075 5621 hodie
2114 5564 2271 5636 genui
2304 5574 2355 5619 te
2381 5564 2449 5621 “.
2486 5582 2506 5616 ι
2543 5562 2677 5619 Cum
2718 5565 2916 5634 alioqui
2954 5564 3105 5618 hodie
3137 5578 3242 5619 non
3273 5576 3496 5633 prater-

1916 5660 2072 5719 itum,
2100 5656 2193 5711 sed
2224 5671 2461 5724 prmsens
2494 5667 2707 5725 tempus
2735 5672 2951 5726 semper
2982 5658 3271 5728 significet.

1868 5775 1916 5808 ³³
1949 5770 1965 5823 l
1999 5770 2125 5825 Cor.
2150 5783 2211 5835 ιι,
2239 5767 2293 5822 2.
2369 5769 2416 5802 “
2442 5770 2582 5826 Psal.
2618 5787 2678 5837 ιι,
2709 5773 2778 5837 7;
2812 5770 2974 5828 llcbr.
3005 5785 3044 5838 ι,
3076 5770 3131 5828 3.
