  <div class='ocr_page' id='page_1' title='image "/cluster/home/n/w/nwhite01/storage/ocr_20150623/75/nnc1.0046980121/687.png"; bbox 0 0 3846 6210; ppageno 0'>
   <div class='ocr_carea' id='block_1_1' title="bbox 419 310 557 363">
    <p class='ocr_par' dir='ltr' id='par_1_1' title="bbox 419 310 557 363">
     <span class='ocr_line' id='line_1_1' title="bbox 419 310 557 363; baseline 0 0"><span class='ocrx_word' id='word_1_1' title='bbox 419 310 557 363; x_wconf 66' lang='grc' dir='ltr'><strong>ΙΞΞΞΞ</strong></span> 
     </span>
    </p>
   </div>
   <div class='ocr_carea' id='block_1_2' title="bbox 1411 316 2660 388">
    <p class='ocr_par' dir='ltr' id='par_1_2' title="bbox 1411 316 2660 388">
     <span class='ocr_line' id='line_1_2' title="bbox 1411 316 2660 388; baseline 0.013 -16"><span class='ocrx_word' id='word_1_2' title='bbox 1411 316 1469 373; x_wconf 90' lang='lat' dir='ltr'><strong>S.</strong></span> <span class='ocrx_word' id='word_1_3' title='bbox 1512 317 1782 375; x_wconf 75' lang='lat' dir='ltr'><strong>CYRlLLl</strong></span> <span class='ocrx_word' id='word_1_4' title='bbox 1826 323 2297 380; x_wconf 73' lang='lat' dir='ltr'><strong>ALEXANDRINI</strong></span> <span class='ocrx_word' id='word_1_5' title='bbox 2338 329 2660 388; x_wconf 68' lang='lat' dir='ltr'><strong>AliClillZP.</strong></span> 
     </span>
    </p>
   </div>
   <div class='ocr_carea' id='block_1_3' title="bbox 3543 346 3680 401">
    <p class='ocr_par' dir='ltr' id='par_1_3' title="bbox 3543 346 3680 401">
     <span class='ocr_line' id='line_1_3' title="bbox 3543 346 3680 401; baseline 0.015 -2"><span class='ocrx_word' id='word_1_6' title='bbox 3543 346 3680 401; x_wconf 66' lang='grc' dir='ltr'>ιεει</span> 
     </span>
    </p>
   </div>
   <div class='ocr_carea' id='block_1_4' title="bbox 486 423 1976 526">
    <p class='ocr_par' dir='ltr' id='par_1_4' title="bbox 486 423 1976 497">
     <span class='ocr_line' id='line_1_4' title="bbox 486 423 1976 497; baseline 0.009 -22"><span class='ocrx_word' id='word_1_7' title='bbox 486 423 544 477; x_wconf 83' lang='grc' dir='ltr'><strong>Β.</strong></span> <span class='ocrx_word' id='word_1_8' title='bbox 592 423 849 490; x_wconf 79' lang='lat' dir='ltr'><strong>Equidem</strong></span> <span class='ocrx_word' id='word_1_9' title='bbox 884 443 987 480; x_wconf 84' lang='lat' dir='ltr'><strong>non</strong></span> <span class='ocrx_word' id='word_1_10' title='bbox 1019 443 1208 497; x_wconf 86' lang='lat' dir='ltr'><strong>parum</strong></span> <span class='ocrx_word' id='word_1_11' title='bbox 1240 428 1599 485; x_wconf 75' lang='lat' dir='ltr'><strong>dubitaverim</strong></span> <span class='ocrx_word' id='word_1_12' title='bbox 1625 472 1639 495; x_wconf 96' lang='lat'><strong>,</strong></span> <span class='ocrx_word' id='word_1_13' title='bbox 1675 444 1729 488; x_wconf 93' lang='lat' dir='ltr'><strong>et</strong></span> <span class='ocrx_word' id='word_1_14' title='bbox 1758 435 1976 489; x_wconf 81' lang='lat' dir='ltr'><strong>diilicul-</strong></span> 
     </span>
    </p>
   </div>
   <div class='ocr_carea' id='block_1_5' title="bbox 2090 423 3678 526">
    <p class='ocr_par' dir='ltr' id='par_1_5' title="bbox 2162 441 3678 526">
     <span class='ocr_line' id='line_1_5' title="bbox 2162 441 3678 526; baseline 0.015 -34"><span class='ocrx_word' id='word_1_15' title='bbox 2162 441 2221 494; x_wconf 90' lang='lat' dir='ltr'><strong>B.</strong></span> <span class='ocrx_word' id='word_1_16' title='bbox 2262 444 2580 516; x_wconf 84' lang='grc' dir='ltr'>Διηπόρηκα</span> <span class='ocrx_word' id='word_1_17' title='bbox 2627 448 2723 516; x_wconf 76' lang='grc' dir='ltr'>μὲν</span> <span class='ocrx_word' id='word_1_18' title='bbox 2755 448 2815 500; x_wconf 70' lang='grc' dir='ltr'>οὐ</span> <span class='ocrx_word' id='word_1_19' title='bbox 2855 452 3094 522; x_wconf 80' lang='grc' dir='ltr'><strong>μετρίως</strong></span> <span class='ocrx_word' id='word_1_20' title='bbox 3137 454 3267 523; x_wconf 75' lang='grc' dir='ltr'>ἐγὼ,</span> <span class='ocrx_word' id='word_1_21' title='bbox 3299 457 3469 526; x_wconf 80' lang='grc' dir='ltr'>φαίην</span> <span class='ocrx_word' id='word_1_22' title='bbox 3512 460 3561 512; x_wconf 74' lang='grc' dir='ltr'>δ’</span> <span class='ocrx_word' id='word_1_23' title='bbox 3595 463 3678 523; x_wconf 79' lang='grc' dir='ltr'>ἄν,</span> 
     </span>
    </p>
   </div>
   <div class='ocr_carea' id='block_1_6' title="bbox 415 518 1700 593">
    <p class='ocr_par' dir='ltr' id='par_1_6' title="bbox 415 518 1700 593">
     <span class='ocr_line' id='line_1_6' title="bbox 415 518 1700 593; baseline 0.008 -25"><span class='ocrx_word' id='word_1_24' title='bbox 415 525 499 571; x_wconf 86' lang='grc' dir='ltr'>ιει·</span> <span class='ocrx_word' id='word_1_25' title='bbox 524 518 622 571; x_wconf 91' lang='lat' dir='ltr'><strong>hoc</strong></span> <span class='ocrx_word' id='word_1_26' title='bbox 649 518 700 570; x_wconf 94' lang='lat' dir='ltr'><strong>in</strong></span> <span class='ocrx_word' id='word_1_27' title='bbox 728 519 909 572; x_wconf 90' lang='lat' dir='ltr'><strong>multis</strong></span> <span class='ocrx_word' id='word_1_28' title='bbox 944 520 1167 591; x_wconf 76' lang='lat' dir='ltr'><strong>intelligi</strong></span> <span class='ocrx_word' id='word_1_29' title='bbox 1201 537 1355 590; x_wconf 83' lang='lat' dir='ltr'><strong>posse</strong></span> <span class='ocrx_word' id='word_1_30' title='bbox 1384 523 1700 593; x_wconf 86' lang='lat' dir='ltr'><strong>judicarim.</strong></span> 
     </span>
    </p>
   </div>
   <div class='ocr_carea' id='block_1_7' title="bbox 484 694 1989 769">
    <p class='ocr_par' dir='ltr' id='par_1_7' title="bbox 484 694 1989 769">
     <span class='ocr_line' id='line_1_7' title="bbox 484 694 1989 769; baseline 0.005 -22"><span class='ocrx_word' id='word_1_31' title='bbox 484 696 546 751; x_wconf 80' lang='grc' dir='ltr'><strong>Α.</strong></span> <span class='ocrx_word' id='word_1_32' title='bbox 588 694 656 750; x_wconf 82' lang='lat' dir='ltr'><strong>iis</strong></span> <span class='ocrx_word' id='word_1_33' title='bbox 683 705 832 749; x_wconf 89' lang='lat' dir='ltr'><strong>certe</strong></span> <span class='ocrx_word' id='word_1_34' title='bbox 861 695 952 762; x_wconf 89' lang='lat' dir='ltr'><strong>qui</strong></span> <span class='ocrx_word' id='word_1_35' title='bbox 996 696 1398 753; x_wconf 83' lang='lat' dir='ltr'><strong>Emmanuelem</strong></span> <span class='ocrx_word' id='word_1_36' title='bbox 1444 699 1691 753; x_wconf 85' lang='lat' dir='ltr'><strong>dividunt</strong></span> <span class='ocrx_word' id='word_1_37' title='bbox 1735 710 1898 769; x_wconf 88' lang='lat' dir='ltr'><strong>atque</strong></span> <span class='ocrx_word' id='word_1_38' title='bbox 1939 703 1989 755; x_wconf 90' lang='lat' dir='ltr'><strong>in</strong></span> 
     </span>
    </p>
   </div>
   <div class='ocr_carea' id='block_1_8' title="bbox 411 786 1989 861">
    <p class='ocr_par' dir='ltr' id='par_1_8' title="bbox 411 786 1989 861">
     <span class='ocr_line' id='line_1_8' title="bbox 411 786 1989 861; baseline 0.003 -21"><span class='ocrx_word' id='word_1_39' title='bbox 411 786 517 840; x_wconf 88' lang='lat' dir='ltr'><strong>duo</strong></span> <span class='ocrx_word' id='word_1_40' title='bbox 546 798 753 852; x_wconf 82' lang='lat' dir='ltr'><strong>secant,</strong></span> <span class='ocrx_word' id='word_1_41' title='bbox 785 786 1003 842; x_wconf 79' lang='lat' dir='ltr'><strong>dillicile</strong></span> <span class='ocrx_word' id='word_1_42' title='bbox 1036 790 1309 843; x_wconf 86' lang='lat' dir='ltr'><strong>intellectu</strong></span> <span class='ocrx_word' id='word_1_43' title='bbox 1349 789 1550 843; x_wconf 81' lang='lat' dir='ltr'><strong>fuerit:</strong></span> <span class='ocrx_word' id='word_1_44' title='bbox 1583 792 1673 861; x_wconf 90' lang='lat' dir='ltr'><strong>qui</strong></span> <span class='ocrx_word' id='word_1_45' title='bbox 1713 806 1842 846; x_wconf 88' lang='lat' dir='ltr'><strong>vero</strong></span> <span class='ocrx_word' id='word_1_46' title='bbox 1867 807 1989 845; x_wconf 88' lang='lat' dir='ltr'><strong>eum</strong></span> 
     </span>
    </p>
   </div>
   <div class='ocr_carea' id='block_1_9' title="bbox 411 878 1989 952">
    <p class='ocr_par' dir='ltr' id='par_1_9' title="bbox 411 878 1989 952">
     <span class='ocr_line' id='line_1_9' title="bbox 411 878 1989 952; baseline 0.003 -22"><span class='ocrx_word' id='word_1_47' title='bbox 411 893 575 931; x_wconf 90' lang='lat' dir='ltr'><strong>unum</strong></span> <span class='ocrx_word' id='word_1_48' title='bbox 612 886 857 933; x_wconf 89' lang='lat' dir='ltr'><strong>statuunt</strong></span> <span class='ocrx_word' id='word_1_49' title='bbox 897 878 1154 934; x_wconf 78' lang='lat' dir='ltr'><strong>facillime</strong></span> <span class='ocrx_word' id='word_1_50' title='bbox 1198 896 1382 935; x_wconf 82' lang='lat' dir='ltr'><strong>veram</strong></span> <span class='ocrx_word' id='word_1_51' title='bbox 1426 896 1704 935; x_wconf 84' lang='lat' dir='ltr'><strong>sacrorum</strong></span> <span class='ocrx_word' id='word_1_52' title='bbox 1763 884 1989 952; x_wconf 76' lang='lat' dir='ltr'><strong>dogma-</strong></span> 
     </span>
    </p>
   </div>
   <div class='ocr_carea' id='block_1_10' title="bbox 412 972 1987 1040">
    <p class='ocr_par' dir='ltr' id='par_1_10' title="bbox 412 972 1987 1040">
     <span class='ocr_line' id='line_1_10' title="bbox 412 972 1987 1040; baseline 0.003 -17"><span class='ocrx_word' id='word_1_53' title='bbox 412 981 522 1023; x_wconf 93' lang='lat' dir='ltr'><strong>tum</strong></span> <span class='ocrx_word' id='word_1_54' title='bbox 573 972 899 1024; x_wconf 88' lang='lat' dir='ltr'><strong>sententiam</strong></span> <span class='ocrx_word' id='word_1_55' title='bbox 948 982 1373 1040; x_wconf 89' lang='lat' dir='ltr'><strong>consequuntur.</strong></span> <span class='ocrx_word' id='word_1_56' title='bbox 1424 972 1591 1027; x_wconf 81' lang='lat' dir='ltr'><strong>Filius</strong></span> <span class='ocrx_word' id='word_1_57' title='bbox 1640 974 1784 1026; x_wconf 90' lang='lat' dir='ltr'><strong>enim</strong></span> <span class='ocrx_word' id='word_1_58' title='bbox 1838 974 1987 1029; x_wconf 90' lang='lat' dir='ltr'><strong>Patri</strong></span> 
     </span>
    </p>
   </div>
   <div class='ocr_carea' id='block_1_11' title="bbox 408 1066 1984 1136">
    <p class='ocr_par' dir='ltr' id='par_1_11' title="bbox 408 1066 1984 1136">
     <span class='ocr_line' id='line_1_11' title="bbox 408 1066 1984 1136; baseline 0.004 -20"><span class='ocrx_word' id='word_1_59' title='bbox 408 1073 743 1129; x_wconf 73' lang='lat' dir='ltr'><strong>comternus,</strong></span> <span class='ocrx_word' id='word_1_60' title='bbox 793 1074 957 1133; x_wconf 91' lang='lat' dir='ltr'><strong>atque</strong></span> <span class='ocrx_word' id='word_1_61' title='bbox 1017 1076 1141 1119; x_wconf 90' lang='lat' dir='ltr'><strong>ante</strong></span> <span class='ocrx_word' id='word_1_62' title='bbox 1187 1066 1367 1119; x_wconf 87' lang='lat' dir='ltr'><strong>omnia</strong></span> <span class='ocrx_word' id='word_1_63' title='bbox 1428 1067 1628 1121; x_wconf 69' lang='lat' dir='ltr'><strong>saecula</strong></span> <span class='ocrx_word' id='word_1_64' title='bbox 1683 1069 1984 1136; x_wconf 80' lang='lat' dir='ltr'><strong>exsistens,</strong></span> 
     </span>
    </p>
   </div>
   <div class='ocr_carea' id='block_1_12' title="bbox 408 1155 1988 1225">
    <p class='ocr_par' dir='ltr' id='par_1_12' title="bbox 408 1155 1988 1225">
     <span class='ocr_line' id='line_1_12' title="bbox 408 1155 1988 1225; baseline 0.008 -20"><span class='ocrx_word' id='word_1_65' title='bbox 408 1155 621 1221; x_wconf 84' lang='lat' dir='ltr'><strong>quando</strong></span> <span class='ocrx_word' id='word_1_66' title='bbox 647 1156 698 1209; x_wconf 92' lang='lat' dir='ltr'><strong>in</strong></span> <span class='ocrx_word' id='word_1_67' title='bbox 727 1156 1017 1209; x_wconf 85' lang='lat' dir='ltr'><strong>humanam</strong></span> <span class='ocrx_word' id='word_1_68' title='bbox 1050 1164 1298 1212; x_wconf 90' lang='lat' dir='ltr'><strong>naturam</strong></span> <span class='ocrx_word' id='word_1_69' title='bbox 1329 1160 1627 1225; x_wconf 88' lang='lat' dir='ltr'><strong>descendit,</strong></span> <span class='ocrx_word' id='word_1_70' title='bbox 1656 1175 1759 1213; x_wconf 90' lang='lat' dir='ltr'><strong>non</strong></span> <span class='ocrx_word' id='word_1_71' title='bbox 1788 1163 1988 1218; x_wconf 89' lang='lat' dir='ltr'><strong>amissa</strong></span> 
     </span>
    </p>
   </div>
   <div class='ocr_carea' id='block_1_13' title="bbox 408 1246 1988 1317">
    <p class='ocr_par' dir='ltr' id='par_1_13' title="bbox 408 1246 1988 1317">
     <span class='ocr_line' id='line_1_13' title="bbox 408 1246 1988 1317; baseline 0.005 -18"><span class='ocrx_word' id='word_1_72' title='bbox 408 1246 631 1308; x_wconf 87' lang='lat' dir='ltr'><strong>deltate,</strong></span> <span class='ocrx_word' id='word_1_73' title='bbox 669 1248 760 1301; x_wconf 90' lang='lat' dir='ltr'><strong>sed</strong></span> <span class='ocrx_word' id='word_1_74' title='bbox 810 1258 1081 1317; x_wconf 90' lang='lat' dir='ltr'><strong>assumpta</strong></span> <span class='ocrx_word' id='word_1_75' title='bbox 1140 1250 1498 1315; x_wconf 87' lang='lat' dir='ltr'><strong>humanitate,</strong></span> <span class='ocrx_word' id='word_1_76' title='bbox 1555 1253 1748 1308; x_wconf 89' lang='lat' dir='ltr'><strong>merito</strong></span> <span class='ocrx_word' id='word_1_77' title='bbox 1788 1268 1855 1307; x_wconf 82' lang='lat' dir='ltr'><strong>ex</strong></span> <span class='ocrx_word' id='word_1_78' title='bbox 1903 1269 1988 1307; x_wconf 85' lang='lat' dir='ltr'><strong>se-</strong></span> 
     </span>
    </p>
   </div>
   <div class='ocr_carea' id='block_1_14' title="bbox 409 1333 1986 1413">
    <p class='ocr_par' dir='ltr' id='par_1_14' title="bbox 409 1333 1986 1413">
     <span class='ocr_line' id='line_1_14' title="bbox 409 1333 1986 1413; baseline 0.009 -29"><span class='ocrx_word' id='word_1_79' title='bbox 409 1333 554 1386; x_wconf 89' lang='lat' dir='ltr'><strong>mine</strong></span> <span class='ocrx_word' id='word_1_80' title='bbox 614 1334 779 1387; x_wconf 80' lang='lat' dir='ltr'><strong>David</strong></span> <span class='ocrx_word' id='word_1_81' title='bbox 838 1344 996 1388; x_wconf 89' lang='lat' dir='ltr'><strong>natus</strong></span> <span class='ocrx_word' id='word_1_82' title='bbox 1052 1351 1171 1389; x_wconf 85' lang='lat' dir='ltr'><strong>esse</strong></span> <span class='ocrx_word' id='word_1_83' title='bbox 1234 1338 1466 1403; x_wconf 88' lang='lat' dir='ltr'><strong>dicitttr,</strong></span> <span class='ocrx_word' id='word_1_84' title='bbox 1527 1343 1986 1413; x_wconf 79' lang='lat' dir='ltr'><strong>novissimamque</strong></span> 
     </span>
    </p>
   </div>
   <div class='ocr_carea' id='block_1_15' title="bbox 408 1422 1984 1489">
    <p class='ocr_par' dir='ltr' id='par_1_15' title="bbox 408 1422 1984 1489">
     <span class='ocr_line' id='line_1_15' title="bbox 408 1422 1984 1489; baseline 0.008 -14"><span class='ocrx_word' id='word_1_85' title='bbox 408 1422 549 1477; x_wconf 88' lang='lat' dir='ltr'><strong>hanc</strong></span> <span class='ocrx_word' id='word_1_86' title='bbox 608 1425 904 1478; x_wconf 82' lang='lat' dir='ltr'><strong>secundum</strong></span> <span class='ocrx_word' id='word_1_87' title='bbox 962 1428 1252 1481; x_wconf 82' lang='lat' dir='ltr'><strong>humanam</strong></span> <span class='ocrx_word' id='word_1_88' title='bbox 1320 1442 1570 1484; x_wconf 90' lang='lat' dir='ltr'><strong>naturam</strong></span> <span class='ocrx_word' id='word_1_89' title='bbox 1647 1435 1984 1489; x_wconf 81' lang='lat' dir='ltr'><strong>nativitatem</strong></span> 
     </span>
    </p>
   </div>
   <div class='ocr_carea' id='block_1_16' title="bbox 404 1517 1987 1594">
    <p class='ocr_par' dir='ltr' id='par_1_16' title="bbox 404 1517 1987 1594">
     <span class='ocr_line' id='line_1_16' title="bbox 404 1517 1987 1594; baseline 0.009 -27"><span class='ocrx_word' id='word_1_90' title='bbox 404 1528 733 1570; x_wconf 85' lang='lat' dir='ltr'><strong>consecutus</strong></span> <span class='ocrx_word' id='word_1_91' title='bbox 769 1531 915 1571; x_wconf 86' lang='lat' dir='ltr'><strong>esse.</strong></span> <span class='ocrx_word' id='word_1_92' title='bbox 956 1517 1009 1571; x_wconf 84' lang='lat' dir='ltr'><strong>ld</strong></span> <span class='ocrx_word' id='word_1_93' title='bbox 1052 1535 1183 1572; x_wconf 87' lang='lat' dir='ltr'><strong>vero</strong></span> <span class='ocrx_word' id='word_1_94' title='bbox 1230 1521 1374 1590; x_wconf 89' lang='lat' dir='ltr'><strong>quod</strong></span> <span class='ocrx_word' id='word_1_95' title='bbox 1416 1526 1709 1594; x_wconf 83' lang='lat' dir='ltr'><strong>assumpsit</strong></span> <span class='ocrx_word' id='word_1_96' title='bbox 1752 1540 1857 1580; x_wconf 88' lang='lat' dir='ltr'><strong>non</strong></span> <span class='ocrx_word' id='word_1_97' title='bbox 1904 1536 1987 1581; x_wconf 85' lang='lat' dir='ltr'><strong>est</strong></span> 
     </span>
    </p>
   </div>
   <div class='ocr_carea' id='block_1_17' title="bbox 405 1605 1987 1683">
    <p class='ocr_par' dir='ltr' id='par_1_17' title="bbox 405 1605 1987 1683">
     <span class='ocr_line' id='line_1_17' title="bbox 405 1605 1987 1683; baseline 0.009 -26"><span class='ocrx_word' id='word_1_98' title='bbox 405 1605 637 1659; x_wconf 83' lang='lat' dir='ltr'><strong>alienum</strong></span> <span class='ocrx_word' id='word_1_99' title='bbox 665 1608 732 1659; x_wconf 90' lang='lat' dir='ltr'><strong>ab</strong></span> <span class='ocrx_word' id='word_1_100' title='bbox 769 1608 905 1676; x_wconf 83' lang='lat' dir='ltr'><strong>ipso,</strong></span> <span class='ocrx_word' id='word_1_101' title='bbox 944 1611 1037 1662; x_wconf 88' lang='lat' dir='ltr'><strong>sed</strong></span> <span class='ocrx_word' id='word_1_102' title='bbox 1082 1626 1269 1665; x_wconf 78' lang='lat' dir='ltr'><strong>revera</strong></span> <span class='ocrx_word' id='word_1_103' title='bbox 1306 1616 1605 1682; x_wconf 88' lang='lat' dir='ltr'><strong>proprium.</strong></span> <span class='ocrx_word' id='word_1_104' title='bbox 1648 1617 1765 1683; x_wconf 84' lang='lat' dir='ltr'><strong>Quo</strong></span> <span class='ocrx_word' id='word_1_105' title='bbox 1805 1619 1883 1678; x_wconf 82' lang='lat' dir='ltr'><strong>iit,</strong></span> <span class='ocrx_word' id='word_1_106' title='bbox 1930 1628 1987 1671; x_wconf 91' lang='lat' dir='ltr'><strong>ut</strong></span> 
     </span>
    </p>
   </div>
   <div class='ocr_carea' id='block_1_18' title="bbox 403 1698 1980 1773">
    <p class='ocr_par' dir='ltr' id='par_1_18' title="bbox 403 1698 1980 1773">
     <span class='ocr_line' id='line_1_18' title="bbox 403 1698 1980 1773; baseline 0.008 -23"><span class='ocrx_word' id='word_1_107' title='bbox 403 1713 567 1751; x_wconf 87' lang='lat' dir='ltr'><strong>unum</strong></span> <span class='ocrx_word' id='word_1_108' title='bbox 628 1698 1027 1767; x_wconf 85' lang='lat' dir='ltr'><strong>quodammodo</strong></span> <span class='ocrx_word' id='word_1_109' title='bbox 1088 1717 1209 1756; x_wconf 90' lang='lat' dir='ltr'><strong>cum</strong></span> <span class='ocrx_word' id='word_1_110' title='bbox 1265 1704 1386 1773; x_wconf 88' lang='lat' dir='ltr'><strong>ipso</strong></span> <span class='ocrx_word' id='word_1_111' title='bbox 1445 1718 1773 1772; x_wconf 86' lang='lat' dir='ltr'><strong>censeatur,</strong></span> <span class='ocrx_word' id='word_1_112' title='bbox 1825 1711 1980 1765; x_wconf 88' lang='lat' dir='ltr'><strong>sicuti</strong></span> 
     </span>
    </p>
   </div>
   <div class='ocr_carea' id='block_1_19' title="bbox 401 1789 2062 1857">
    <p class='ocr_par' dir='ltr' id='par_1_19' title="bbox 401 1789 2062 1857">
     <span class='ocr_line' id='line_1_19' title="bbox 401 1789 2062 1857; baseline 0.01 -16"><span class='ocrx_word' id='word_1_113' title='bbox 401 1790 563 1842; x_wconf 88' lang='lat' dir='ltr'><strong>etiam</strong></span> <span class='ocrx_word' id='word_1_114' title='bbox 621 1790 673 1843; x_wconf 93' lang='lat' dir='ltr'><strong>in</strong></span> <span class='ocrx_word' id='word_1_115' title='bbox 722 1792 1111 1847; x_wconf 86' lang='lat' dir='ltr'><strong>constitutione</strong></span> <span class='ocrx_word' id='word_1_116' title='bbox 1159 1796 1392 1851; x_wconf 85' lang='lat' dir='ltr'><strong>hominis</strong></span> <span class='ocrx_word' id='word_1_117' title='bbox 1425 1798 1609 1854; x_wconf 82' lang='lat' dir='ltr'><strong>videre</strong></span> <span class='ocrx_word' id='word_1_118' title='bbox 1656 1801 1801 1855; x_wconf 89' lang='lat' dir='ltr'><strong>licet.</strong></span> <span class='ocrx_word' id='word_1_119' title='bbox 1849 1803 1987 1857; x_wconf 67' lang='lat' dir='ltr'><strong>Cou~</strong></span> <span class='ocrx_word' id='word_1_120' title='bbox 2020 1789 2062 1845; x_wconf 77' lang='grc' dir='ltr'>Β</span> 
     </span>
    </p>
   </div>
   <div class='ocr_carea' id='block_1_20' title="bbox 402 1882 1983 1963">
    <p class='ocr_par' dir='ltr' id='par_1_20' title="bbox 402 1882 1983 1963">
     <span class='ocr_line' id='line_1_20' title="bbox 402 1882 1983 1963; baseline 0.009 -29"><span class='ocrx_word' id='word_1_121' title='bbox 402 1891 509 1934; x_wconf 88' lang='lat' dir='ltr'><strong>stat</strong></span> <span class='ocrx_word' id='word_1_122' title='bbox 541 1882 683 1935; x_wconf 90' lang='lat' dir='ltr'><strong>enim</strong></span> <span class='ocrx_word' id='word_1_123' title='bbox 739 1885 900 1937; x_wconf 90' lang='lat' dir='ltr'><strong>homo</strong></span> <span class='ocrx_word' id='word_1_124' title='bbox 954 1901 1020 1939; x_wconf 81' lang='lat' dir='ltr'><strong>ex</strong></span> <span class='ocrx_word' id='word_1_125' title='bbox 1074 1889 1428 1956; x_wconf 81' lang='lat' dir='ltr'><strong>dissimilibus</strong></span> <span class='ocrx_word' id='word_1_126' title='bbox 1482 1900 1671 1944; x_wconf 88' lang='lat' dir='ltr'><strong>natura</strong></span> <span class='ocrx_word' id='word_1_127' title='bbox 1708 1912 1721 1948; x_wconf 87' lang='lat'><strong>:</strong></span> <span class='ocrx_word' id='word_1_128' title='bbox 1755 1909 1983 1963; x_wconf 86' lang='lat' dir='ltr'><strong>corpore</strong></span> 
     </span>
    </p>
   </div>
   <div class='ocr_carea' id='block_1_21' title="bbox 403 1970 1987 2044">
    <p class='ocr_par' dir='ltr' id='par_1_21' title="bbox 403 1970 1987 2044">
     <span class='ocr_line' id='line_1_21' title="bbox 403 1970 1987 2044; baseline 0.009 -23"><span class='ocrx_word' id='word_1_129' title='bbox 403 1970 661 2023; x_wconf 88' lang='lat' dir='ltr'><strong>nimirum</strong></span> <span class='ocrx_word' id='word_1_130' title='bbox 690 1982 745 2024; x_wconf 89' lang='lat' dir='ltr'><strong>et</strong></span> <span class='ocrx_word' id='word_1_131' title='bbox 775 1974 972 2035; x_wconf 89' lang='lat' dir='ltr'><strong>anima,</strong></span> <span class='ocrx_word' id='word_1_132' title='bbox 1018 1986 1309 2044; x_wconf 88' lang='lat' dir='ltr'><strong>utrumque</strong></span> <span class='ocrx_word' id='word_1_133' title='bbox 1342 1988 1521 2032; x_wconf 89' lang='lat' dir='ltr'><strong>tamen</strong></span> <span class='ocrx_word' id='word_1_134' title='bbox 1562 1993 1818 2035; x_wconf 84' lang='lat' dir='ltr'><strong>censetur</strong></span> <span class='ocrx_word' id='word_1_135' title='bbox 1850 1998 1987 2035; x_wconf 88' lang='lat' dir='ltr'><strong>unus</strong></span> 
     </span>
    </p>
   </div>
   <div class='ocr_carea' id='block_1_22' title="bbox 402 2062 1987 2127">
    <p class='ocr_par' dir='ltr' id='par_1_22' title="bbox 402 2062 1987 2127">
     <span class='ocr_line' id='line_1_22' title="bbox 402 2062 1987 2127; baseline 0.009 -14"><span class='ocrx_word' id='word_1_136' title='bbox 402 2062 584 2125; x_wconf 89' lang='lat' dir='ltr'><strong>homo,</strong></span> <span class='ocrx_word' id='word_1_137' title='bbox 610 2063 745 2116; x_wconf 85' lang='lat' dir='ltr'><strong>adeo</strong></span> <span class='ocrx_word' id='word_1_138' title='bbox 774 2074 829 2115; x_wconf 89' lang='lat' dir='ltr'><strong>ut</strong></span> <span class='ocrx_word' id='word_1_139' title='bbox 868 2080 932 2118; x_wconf 78' lang='lat' dir='ltr'><strong>ex</strong></span> <span class='ocrx_word' id='word_1_140' title='bbox 976 2067 1088 2120; x_wconf 87' lang='lat' dir='ltr'><strong>sola</strong></span> <span class='ocrx_word' id='word_1_141' title='bbox 1117 2083 1283 2122; x_wconf 89' lang='lat' dir='ltr'><strong>carne</strong></span> <span class='ocrx_word' id='word_1_142' title='bbox 1337 2078 1508 2124; x_wconf 89' lang='lat' dir='ltr'><strong>totum</strong></span> <span class='ocrx_word' id='word_1_143' title='bbox 1556 2072 1825 2127; x_wconf 87' lang='lat' dir='ltr'><strong>interdum</strong></span> <span class='ocrx_word' id='word_1_144' title='bbox 1869 2078 1987 2127; x_wconf 90' lang='lat' dir='ltr'><strong>ani-</strong></span> 
     </span>
    </p>
   </div>
   <div class='ocr_carea' id='block_1_23' title="bbox 403 2151 1985 2228">
    <p class='ocr_par' dir='ltr' id='par_1_23' title="bbox 403 2151 1985 2228">
     <span class='ocr_line' id='line_1_23' title="bbox 403 2151 1985 2228; baseline 0.01 -25"><span class='ocrx_word' id='word_1_145' title='bbox 403 2151 508 2204; x_wconf 87' lang='lat' dir='ltr'><strong>mal</strong></span> <span class='ocrx_word' id='word_1_146' title='bbox 532 2162 781 2206; x_wconf 78' lang='lat' dir='ltr'><strong>vocetur:</strong></span> <span class='ocrx_word' id='word_1_147' title='bbox 813 2169 935 2208; x_wconf 92' lang='lat' dir='ltr'><strong>cum</strong></span> <span class='ocrx_word' id='word_1_148' title='bbox 965 2171 1092 2209; x_wconf 86' lang='lat' dir='ltr'><strong>vero</strong></span> <span class='ocrx_word' id='word_1_149' title='bbox 1121 2158 1357 2213; x_wconf 88' lang='lat' dir='ltr'><strong>animam</strong></span> <span class='ocrx_word' id='word_1_150' title='bbox 1386 2163 1752 2228; x_wconf 71' lang='lat' dir='ltr'><strong>nominamus,</strong></span> <span class='ocrx_word' id='word_1_151' title='bbox 1783 2174 1985 2218; x_wconf 89' lang='lat' dir='ltr'><strong>utrum-</strong></span> 
     </span>
    </p>
   </div>
   <div class='ocr_carea' id='block_1_24' title="bbox 399 2246 1984 2323">
    <p class='ocr_par' dir='ltr' id='par_1_24' title="bbox 399 2246 1984 2323">
     <span class='ocr_line' id='line_1_24' title="bbox 399 2246 1984 2323; baseline 0.011 -26"><span class='ocrx_word' id='word_1_152' title='bbox 399 2260 506 2310; x_wconf 88' lang='lat' dir='ltr'><strong>que</strong></span> <span class='ocrx_word' id='word_1_153' title='bbox 542 2246 893 2315; x_wconf 81' lang='lat' dir='ltr'><strong>intelligatur.</strong></span> <span class='ocrx_word' id='word_1_154' title='bbox 932 2251 1130 2306; x_wconf 81' lang='lat' dir='ltr'><strong>Eadem</strong></span> <span class='ocrx_word' id='word_1_155' title='bbox 1168 2254 1350 2323; x_wconf 82' lang='lat' dir='ltr'><strong>itaque</strong></span> <span class='ocrx_word' id='word_1_156' title='bbox 1402 2258 1609 2312; x_wconf 86' lang='lat' dir='ltr'><strong>ratione</strong></span> <span class='ocrx_word' id='word_1_157' title='bbox 1652 2259 1719 2311; x_wconf 88' lang='lat' dir='ltr'><strong>de</strong></span> <span class='ocrx_word' id='word_1_158' title='bbox 1767 2259 1984 2314; x_wconf 81' lang='lat' dir='ltr'><strong>Christo</strong></span> 
     </span>
    </p>
   </div>
   <div class='ocr_carea' id='block_1_25' title="bbox 394 2339 1984 2415">
    <p class='ocr_par' dir='ltr' id='par_1_25' title="bbox 394 2339 1984 2415">
     <span class='ocr_line' id='line_1_25' title="bbox 394 2339 1984 2415; baseline 0.011 -25"><span class='ocrx_word' id='word_1_159' title='bbox 394 2339 745 2407; x_wconf 72' lang='lat' dir='ltr'><strong>iudicandum</strong></span> <span class='ocrx_word' id='word_1_160' title='bbox 788 2353 889 2396; x_wconf 86' lang='lat' dir='ltr'><strong>est.</strong></span> <span class='ocrx_word' id='word_1_161' title='bbox 932 2344 1081 2401; x_wconf 85' lang='lat' dir='ltr'><strong>Unus</strong></span> <span class='ocrx_word' id='word_1_162' title='bbox 1122 2347 1266 2400; x_wconf 92' lang='lat' dir='ltr'><strong>enim</strong></span> <span class='ocrx_word' id='word_1_163' title='bbox 1317 2348 1506 2415; x_wconf 88' lang='lat' dir='ltr'><strong>Filius,</strong></span> <span class='ocrx_word' id='word_1_164' title='bbox 1538 2360 1592 2405; x_wconf 85' lang='lat' dir='ltr'><strong>et</strong></span> <span class='ocrx_word' id='word_1_165' title='bbox 1623 2367 1761 2405; x_wconf 88' lang='lat' dir='ltr'><strong>unus</strong></span> <span class='ocrx_word' id='word_1_166' title='bbox 1800 2350 1984 2407; x_wconf 88' lang='lat' dir='ltr'><strong>Domi-</strong></span> 
     </span>
    </p>
   </div>
   <div class='ocr_carea' id='block_1_26' title="bbox 402 2430 1985 2513">
    <p class='ocr_par' dir='ltr' id='par_1_26' title="bbox 402 2430 1985 2513">
     <span class='ocr_line' id='line_1_26' title="bbox 402 2430 1985 2513; baseline 0.012 -32"><span class='ocrx_word' id='word_1_167' title='bbox 402 2447 501 2484; x_wconf 92' lang='lat' dir='ltr'><strong>nus</strong></span> <span class='ocrx_word' id='word_1_168' title='bbox 528 2430 687 2488; x_wconf 87' lang='lat' dir='ltr'><strong>Jesus</strong></span> <span class='ocrx_word' id='word_1_169' title='bbox 714 2435 982 2501; x_wconf 84' lang='lat' dir='ltr'><strong>Christus,</strong></span> <span class='ocrx_word' id='word_1_170' title='bbox 1008 2447 1062 2491; x_wconf 90' lang='lat' dir='ltr'><strong>et</strong></span> <span class='ocrx_word' id='word_1_171' title='bbox 1103 2452 1227 2494; x_wconf 88' lang='lat' dir='ltr'><strong>ante</strong></span> <span class='ocrx_word' id='word_1_172' title='bbox 1269 2456 1488 2495; x_wconf 88' lang='lat' dir='ltr'><strong>carnem</strong></span> <span class='ocrx_word' id='word_1_173' title='bbox 1525 2456 1857 2513; x_wconf 85' lang='lat' dir='ltr'><strong>assumptam</strong></span> <span class='ocrx_word' id='word_1_174' title='bbox 1882 2488 1895 2512; x_wconf 86' lang='lat'><strong>,</strong></span> <span class='ocrx_word' id='word_1_175' title='bbox 1930 2456 1985 2502; x_wconf 88' lang='lat' dir='ltr'><strong>et</strong></span> 
     </span>
    </p>
   </div>
   <div class='ocr_carea' id='block_1_27' title="bbox 399 2524 1982 2606">
    <p class='ocr_par' dir='ltr' id='par_1_27' title="bbox 399 2524 1982 2606">
     <span class='ocr_line' id='line_1_27' title="bbox 399 2524 1982 2606; baseline 0.011 -31"><span class='ocrx_word' id='word_1_176' title='bbox 399 2538 521 2575; x_wconf 79' lang='lat' dir='ltr'><strong>cum</strong></span> <span class='ocrx_word' id='word_1_177' title='bbox 549 2524 722 2578; x_wconf 77' lang='lat' dir='ltr'><strong>factus</strong></span> <span class='ocrx_word' id='word_1_178' title='bbox 748 2538 832 2580; x_wconf 92' lang='lat' dir='ltr'><strong>est</strong></span> <span class='ocrx_word' id='word_1_179' title='bbox 855 2533 1037 2585; x_wconf 87' lang='lat' dir='ltr'><strong>homo.</strong></span> <span class='ocrx_word' id='word_1_180' title='bbox 1071 2530 1258 2600; x_wconf 86' lang='lat' dir='ltr'><strong>Neque</strong></span> <span class='ocrx_word' id='word_1_181' title='bbox 1292 2549 1420 2587; x_wconf 89' lang='lat' dir='ltr'><strong>vero</strong></span> <span class='ocrx_word' id='word_1_182' title='bbox 1453 2535 1739 2589; x_wconf 89' lang='lat' dir='ltr'><strong>Dominum</strong></span> <span class='ocrx_word' id='word_1_183' title='bbox 1766 2540 1855 2606; x_wconf 86' lang='lat' dir='ltr'><strong>qui</strong></span> <span class='ocrx_word' id='word_1_184' title='bbox 1888 2557 1982 2595; x_wconf 79' lang='lat' dir='ltr'><strong>nos</strong></span> 
     </span>
    </p>
   </div>
   <div class='ocr_carea' id='block_1_28' title="bbox 400 2620 1979 2698">
    <p class='ocr_par' dir='ltr' id='par_1_28' title="bbox 400 2620 1979 2698">
     <span class='ocr_line' id='line_1_28' title="bbox 400 2620 1979 2698; baseline 0.012 -31"><span class='ocrx_word' id='word_1_185' title='bbox 400 2620 625 2669; x_wconf 84' lang='lat' dir='ltr'><strong>redemit</strong></span> <span class='ocrx_word' id='word_1_186' title='bbox 666 2621 1013 2687; x_wconf 78' lang='lat' dir='ltr'><strong>negabimus,</strong></span> <span class='ocrx_word' id='word_1_187' title='bbox 1064 2623 1108 2676; x_wconf 90' lang='lat' dir='ltr'><strong>si</strong></span> <span class='ocrx_word' id='word_1_188' title='bbox 1151 2624 1322 2692; x_wconf 88' lang='lat' dir='ltr'><strong>ipsum</strong></span> <span class='ocrx_word' id='word_1_189' title='bbox 1376 2641 1439 2678; x_wconf 80' lang='lat' dir='ltr'><strong>ex</strong></span> <span class='ocrx_word' id='word_1_190' title='bbox 1493 2629 1743 2682; x_wconf 85' lang='lat' dir='ltr'><strong>humanis</strong></span> <span class='ocrx_word' id='word_1_191' title='bbox 1784 2632 1979 2698; x_wconf 73' lang='lat' dir='ltr'><strong>rebus,</strong></span> 
     </span>
    </p>
   </div>
   <div class='ocr_carea' id='block_1_29' title="bbox 398 2709 1609 2783">
    <p class='ocr_par' dir='ltr' id='par_1_29' title="bbox 398 2709 1609 2783">
     <span class='ocr_line' id='line_1_29' title="bbox 398 2709 1609 2783; baseline 0.012 -26"><span class='ocrx_word' id='word_1_192' title='bbox 398 2714 562 2773; x_wconf 84' lang='lat' dir='ltr'><strong>atque</strong></span> <span class='ocrx_word' id='word_1_193' title='bbox 598 2709 988 2765; x_wconf 80' lang='lat' dir='ltr'><strong>exinanitionis</strong></span> <span class='ocrx_word' id='word_1_194' title='bbox 1025 2718 1183 2766; x_wconf 86' lang='lat' dir='ltr'><strong>modo</strong></span> <span class='ocrx_word' id='word_1_195' title='bbox 1217 2716 1609 2783; x_wconf 74' lang='lat' dir='ltr'><strong>signiﬁcemus.</strong></span> 
     </span>
    </p>
   </div>
   <div class='ocr_carea' id='block_1_30' title="bbox 469 2796 1979 2885">
    <p class='ocr_par' dir='ltr' id='par_1_30' title="bbox 469 2796 1979 2885">
     <span class='ocr_line' id='line_1_30' title="bbox 469 2796 1979 2885; baseline 0.014 -36"><span class='ocrx_word' id='word_1_196' title='bbox 469 2796 528 2851; x_wconf 89' lang='grc' dir='ltr'><strong>Β.</strong></span> <span class='ocrx_word' id='word_1_197' title='bbox 572 2796 688 2853; x_wconf 92' lang='lat' dir='ltr'><strong>Non</strong></span> <span class='ocrx_word' id='word_1_198' title='bbox 722 2818 985 2873; x_wconf 82' lang='lat' dir='ltr'><strong>assequar</strong></span> <span class='ocrx_word' id='word_1_199' title='bbox 1011 2823 1023 2858; x_wconf 88' lang='lat'><strong>:</strong></span> <span class='ocrx_word' id='word_1_200' title='bbox 1052 2807 1211 2860; x_wconf 86' lang='lat' dir='ltr'><strong>velim</strong></span> <span class='ocrx_word' id='word_1_201' title='bbox 1247 2819 1427 2863; x_wconf 86' lang='lat' dir='ltr'><strong>autem</strong></span> <span class='ocrx_word' id='word_1_202' title='bbox 1468 2808 1521 2863; x_wconf 92' lang='lat' dir='ltr'><strong>id</strong></span> <span class='ocrx_word' id='word_1_203' title='bbox 1557 2811 1757 2868; x_wconf 84' lang='lat' dir='ltr'><strong>clarius</strong></span> <span class='ocrx_word' id='word_1_204' title='bbox 1805 2816 1979 2885; x_wconf 78' lang='lat' dir='ltr'><strong>expli-</strong></span> 
     </span>
    </p>
   </div>
   <div class='ocr_carea' id='block_1_31' title="bbox 398 2891 533 2947">
    <p class='ocr_par' dir='ltr' id='par_1_31' title="bbox 398 2891 533 2947">
     <span class='ocr_line' id='line_1_31' title="bbox 398 2891 533 2947; baseline 0.044 -6"><span class='ocrx_word' id='word_1_205' title='bbox 398 2891 533 2947; x_wconf 88' lang='lat' dir='ltr'><strong>cari.</strong></span> 
     </span>
    </p>
   </div>
   <div class='ocr_carea' id='block_1_32' title="bbox 466 2983 1975 3056">
    <p class='ocr_par' dir='ltr' id='par_1_32' title="bbox 466 2983 1975 3056">
     <span class='ocr_line' id='line_1_32' title="bbox 466 2983 1975 3056; baseline 0.015 -22"><span class='ocrx_word' id='word_1_206' title='bbox 466 2984 530 3034; x_wconf 83' lang='lat' dir='ltr'><strong>A.</strong></span> <span class='ocrx_word' id='word_1_207' title='bbox 579 2983 836 3038; x_wconf 89' lang='lat' dir='ltr'><strong>Dominus</strong></span> <span class='ocrx_word' id='word_1_208' title='bbox 869 2997 1054 3040; x_wconf 90' lang='lat' dir='ltr'><strong>noster</strong></span> <span class='ocrx_word' id='word_1_209' title='bbox 1078 2986 1234 3043; x_wconf 85' lang='lat' dir='ltr'><strong>Jesus</strong></span> <span class='ocrx_word' id='word_1_210' title='bbox 1256 2989 1507 3047; x_wconf 86' lang='lat' dir='ltr'><strong>Christus</strong></span> <span class='ocrx_word' id='word_1_211' title='bbox 1546 2996 1613 3050; x_wconf 88' lang='lat' dir='ltr'><strong>ad</strong></span> <span class='ocrx_word' id='word_1_212' title='bbox 1652 2997 1869 3054; x_wconf 68' lang='lat' dir='ltr'><strong>Judaeos</strong></span> <span class='ocrx_word' id='word_1_213' title='bbox 1904 3002 1975 3056; x_wconf 89' lang='lat' dir='ltr'><strong>ita</strong></span> 
     </span>
    </p>
   </div>
   <div class='ocr_carea' id='block_1_33' title="bbox 398 3072 1968 3151">
    <p class='ocr_par' dir='ltr' id='par_1_33' title="bbox 398 3072 1968 3151">
     <span class='ocr_line' id='line_1_33' title="bbox 398 3072 1968 3151; baseline 0.013 -27"><span class='ocrx_word' id='word_1_214' title='bbox 398 3074 474 3125; x_wconf 85' lang='lat' dir='ltr'><strong>ait</strong></span> <span class='ocrx_word' id='word_1_215' title='bbox 502 3092 514 3126; x_wconf 93' lang='lat'><strong>:</strong></span> <span class='ocrx_word' id='word_1_216' title='bbox 552 3092 570 3124; x_wconf 74' lang='grc' dir='ltr'><strong>ι</strong></span> <span class='ocrx_word' id='word_1_217' title='bbox 606 3072 662 3126; x_wconf 90' lang='lat' dir='ltr'><strong>Si</strong></span> <span class='ocrx_word' id='word_1_218' title='bbox 700 3077 790 3127; x_wconf 85' lang='lat' dir='ltr'><strong>lilii</strong></span> <span class='ocrx_word' id='word_1_219' title='bbox 821 3077 1093 3130; x_wconf 83' lang='lat' dir='ltr'><strong>Abraham</strong></span> <span class='ocrx_word' id='word_1_220' title='bbox 1120 3082 1336 3145; x_wconf 82' lang='lat' dir='ltr'><strong>essetis,</strong></span> <span class='ocrx_word' id='word_1_221' title='bbox 1365 3099 1527 3151; x_wconf 89' lang='lat' dir='ltr'><strong>opera</strong></span> <span class='ocrx_word' id='word_1_222' title='bbox 1565 3086 1801 3143; x_wconf 74' lang='lat' dir='ltr'><strong>Abrahae</strong></span> <span class='ocrx_word' id='word_1_223' title='bbox 1832 3091 1968 3145; x_wconf 73' lang='lat' dir='ltr'><strong>face-</strong></span> 
     </span>
    </p>
   </div>
   <div class='ocr_carea' id='block_1_34' title="bbox 398 3167 1974 3242">
    <p class='ocr_par' dir='ltr' id='par_1_34' title="bbox 398 3167 1974 3242">
     <span class='ocr_line' id='line_1_34' title="bbox 398 3167 1974 3242; baseline 0.013 -25"><span class='ocrx_word' id='word_1_224' title='bbox 398 3167 563 3233; x_wconf 86' lang='lat' dir='ltr'><strong>retis;</strong></span> <span class='ocrx_word' id='word_1_225' title='bbox 602 3183 743 3222; x_wconf 85' lang='lat' dir='ltr'><strong>nunc</strong></span> <span class='ocrx_word' id='word_1_226' title='bbox 779 3185 906 3223; x_wconf 89' lang='lat' dir='ltr'><strong>vero</strong></span> <span class='ocrx_word' id='word_1_227' title='bbox 937 3174 1179 3239; x_wconf 71' lang='lat' dir='ltr'><strong>quaeritis</strong></span> <span class='ocrx_word' id='word_1_228' title='bbox 1220 3190 1305 3227; x_wconf 86' lang='lat' dir='ltr'><strong>tne</strong></span> <span class='ocrx_word' id='word_1_229' title='bbox 1340 3176 1664 3242; x_wconf 80' lang='lat' dir='ltr'><strong>interﬁcere,</strong></span> <span class='ocrx_word' id='word_1_230' title='bbox 1703 3180 1974 3237; x_wconf 85' lang='lat' dir='ltr'><strong>hominem</strong></span> 
     </span>
    </p>
   </div>
   <div class='ocr_carea' id='block_1_35' title="bbox 398 3260 1973 3341">
    <p class='ocr_par' dir='ltr' id='par_1_35' title="bbox 398 3260 1973 3341">
     <span class='ocr_line' id='line_1_35' title="bbox 398 3260 1973 3341; baseline 0.013 -31"><span class='ocrx_word' id='word_1_231' title='bbox 398 3260 486 3329; x_wconf 88' lang='lat' dir='ltr'><strong>qui</strong></span> <span class='ocrx_word' id='word_1_232' title='bbox 522 3262 797 3313; x_wconf 79' lang='lat' dir='ltr'><strong>veritatem</strong></span> <span class='ocrx_word' id='word_1_233' title='bbox 830 3264 980 3316; x_wconf 85' lang='lat' dir='ltr'><strong>vobis</strong></span> <span class='ocrx_word' id='word_1_234' title='bbox 1006 3263 1212 3319; x_wconf 86' lang='lat' dir='ltr'><strong>locutus</strong></span> <span class='ocrx_word' id='word_1_235' title='bbox 1230 3282 1370 3333; x_wconf 87' lang='lat' dir='ltr'><strong>sum,</strong></span> <span class='ocrx_word' id='word_1_236' title='bbox 1391 3284 1551 3338; x_wconf 90' lang='lat' dir='ltr'><strong>quam</strong></span> <span class='ocrx_word' id='word_1_237' title='bbox 1577 3275 1755 3327; x_wconf 89' lang='lat' dir='ltr'><strong>audivi</strong></span> <span class='ocrx_word' id='word_1_238' title='bbox 1778 3291 1805 3327; x_wconf 89' lang='lat' dir='ltr'><strong>a</strong></span> <span class='ocrx_word' id='word_1_239' title='bbox 1828 3276 1973 3341; x_wconf 87' lang='lat' dir='ltr'><strong>Deo;</strong></span> 
     </span>
    </p>
   </div>
   <div class='ocr_carea' id='block_1_36' title="bbox 398 3351 1976 3437">
    <p class='ocr_par' dir='ltr' id='par_1_36' title="bbox 398 3351 1976 3437">
     <span class='ocr_line' id='line_1_36' title="bbox 398 3351 1976 3437; baseline 0.013 -34"><span class='ocrx_word' id='word_1_240' title='bbox 398 3351 500 3404; x_wconf 84' lang='lat' dir='ltr'><strong>huc</strong></span> <span class='ocrx_word' id='word_1_241' title='bbox 527 3352 797 3415; x_wconf 77' lang='lat' dir='ltr'><strong>Abraham</strong></span> <span class='ocrx_word' id='word_1_242' title='bbox 830 3370 933 3407; x_wconf 91' lang='lat' dir='ltr'><strong>non</strong></span> <span class='ocrx_word' id='word_1_243' title='bbox 970 3354 1097 3409; x_wconf 80' lang='lat' dir='ltr'><strong>fecit</strong></span> <span class='ocrx_word' id='word_1_244' title='bbox 1129 3357 1195 3409; x_wconf 87' lang='grc'><strong>⁵⁸.</strong></span> <span class='ocrx_word' id='word_1_245' title='bbox 1233 3376 1251 3407; x_wconf 77' lang='grc' dir='ltr'>ι</span> <span class='ocrx_word' id='word_1_246' title='bbox 1287 3360 1423 3424; x_wconf 83' lang='lat' dir='ltr'><strong>Quin</strong></span> <span class='ocrx_word' id='word_1_247' title='bbox 1460 3372 1513 3415; x_wconf 90' lang='lat' dir='ltr'><strong>et</strong></span> <span class='ocrx_word' id='word_1_248' title='bbox 1542 3361 1740 3419; x_wconf 84' lang='lat' dir='ltr'><strong>Paulus</strong></span> <span class='ocrx_word' id='word_1_249' title='bbox 1771 3369 1833 3422; x_wconf 88' lang='lat' dir='ltr'><strong>de</strong></span> <span class='ocrx_word' id='word_1_250' title='bbox 1861 3369 1976 3437; x_wconf 92' lang='lat' dir='ltr'><strong>ipso</strong></span> 
     </span>
    </p>
   </div>
   <div class='ocr_carea' id='block_1_37' title="bbox 395 3444 1974 3529">
    <p class='ocr_par' dir='ltr' id='par_1_37' title="bbox 395 3444 1974 3529">
     <span class='ocr_line' id='line_1_37' title="bbox 395 3444 1974 3529; baseline 0.009 -29"><span class='ocrx_word' id='word_1_251' title='bbox 395 3446 630 3500; x_wconf 88' lang='lat' dir='ltr'><strong>scribit:</strong></span> <span class='ocrx_word' id='word_1_252' title='bbox 679 3464 695 3496; x_wconf 80' lang='grc' dir='ltr'>ι</span> <span class='ocrx_word' id='word_1_253' title='bbox 736 3444 834 3510; x_wconf 83' lang='lat' dir='ltr'><strong>Qui</strong></span> <span class='ocrx_word' id='word_1_254' title='bbox 878 3447 928 3500; x_wconf 91' lang='lat' dir='ltr'><strong>in</strong></span> <span class='ocrx_word' id='word_1_255' title='bbox 958 3448 1146 3503; x_wconf 87' lang='lat' dir='ltr'><strong>diebus</strong></span> <span class='ocrx_word' id='word_1_256' title='bbox 1177 3452 1357 3504; x_wconf 82' lang='lat' dir='ltr'><strong>carnis</strong></span> <span class='ocrx_word' id='word_1_257' title='bbox 1400 3467 1515 3507; x_wconf 64' lang='lat' dir='ltr'><strong>suae</strong></span> <span class='ocrx_word' id='word_1_258' title='bbox 1555 3472 1745 3523; x_wconf 83' lang='lat' dir='ltr'><strong>preces</strong></span> <span class='ocrx_word' id='word_1_259' title='bbox 1772 3463 1974 3529; x_wconf 83' lang='lat' dir='ltr'><strong>suppli-</strong></span> 
     </span>
    </p>
   </div>
   <div class='ocr_carea' id='block_1_38' title="bbox 395 3540 1976 3611">
    <p class='ocr_par' dir='ltr' id='par_1_38' title="bbox 395 3540 1976 3611">
     <span class='ocr_line' id='line_1_38' title="bbox 395 3540 1976 3611; baseline 0.01 -20"><span class='ocrx_word' id='word_1_260' title='bbox 395 3541 745 3606; x_wconf 82' lang='lat' dir='ltr'><strong>catioiiesque</strong></span> <span class='ocrx_word' id='word_1_261' title='bbox 783 3540 851 3593; x_wconf 91' lang='lat' dir='ltr'><strong>ad</strong></span> <span class='ocrx_word' id='word_1_262' title='bbox 881 3544 1112 3610; x_wconf 89' lang='lat' dir='ltr'><strong>eumqui</strong></span> <span class='ocrx_word' id='word_1_263' title='bbox 1154 3546 1323 3611; x_wconf 84' lang='lat' dir='ltr'><strong>possit</strong></span> <span class='ocrx_word' id='word_1_264' title='bbox 1368 3547 1517 3600; x_wconf 88' lang='lat' dir='ltr'><strong>illum</strong></span> <span class='ocrx_word' id='word_1_265' title='bbox 1552 3549 1759 3601; x_wconf 86' lang='lat' dir='ltr'><strong>salvum</strong></span> <span class='ocrx_word' id='word_1_266' title='bbox 1798 3553 1976 3607; x_wconf 79' lang='lat' dir='ltr'><strong>lacere</strong></span> 
     </span>
    </p>
   </div>
   <div class='ocr_carea' id='block_1_39' title="bbox 396 3634 1971 3709">
    <p class='ocr_par' dir='ltr' id='par_1_39' title="bbox 396 3634 1971 3709">
     <span class='ocr_line' id='line_1_39' title="bbox 396 3634 1971 3709; baseline 0.01 -26"><span class='ocrx_word' id='word_1_267' title='bbox 396 3650 423 3683; x_wconf 85' lang='lat' dir='ltr'><strong>a</strong></span> <span class='ocrx_word' id='word_1_268' title='bbox 459 3644 632 3687; x_wconf 87' lang='lat' dir='ltr'><strong>morte</strong></span> <span class='ocrx_word' id='word_1_269' title='bbox 677 3650 796 3687; x_wconf 93' lang='lat' dir='ltr'><strong>cum</strong></span> <span class='ocrx_word' id='word_1_270' title='bbox 832 3634 1070 3688; x_wconf 84' lang='lat' dir='ltr'><strong>clamore</strong></span> <span class='ocrx_word' id='word_1_271' title='bbox 1116 3636 1295 3690; x_wconf 88' lang='lat' dir='ltr'><strong>valido</strong></span> <span class='ocrx_word' id='word_1_272' title='bbox 1331 3648 1387 3690; x_wconf 89' lang='lat' dir='ltr'><strong>et</strong></span> <span class='ocrx_word' id='word_1_273' title='bbox 1425 3640 1681 3709; x_wconf 84' lang='lat' dir='ltr'><strong>lacrymis</strong></span> <span class='ocrx_word' id='word_1_274' title='bbox 1717 3643 1971 3707; x_wconf 80' lang='lat' dir='ltr'><strong>oli&#39;creus,</strong></span> 
     </span>
    </p>
   </div>
   <div class='ocr_carea' id='block_1_40' title="bbox 393 3724 1970 3799">
    <p class='ocr_par' dir='ltr' id='par_1_40' title="bbox 393 3724 1970 3799">
     <span class='ocr_line' id='line_1_40' title="bbox 393 3724 1970 3799; baseline 0.011 -26"><span class='ocrx_word' id='word_1_275' title='bbox 393 3724 677 3778; x_wconf 79' lang='lat' dir='ltr'><strong>exauditus</strong></span> <span class='ocrx_word' id='word_1_276' title='bbox 729 3733 813 3778; x_wconf 88' lang='lat' dir='ltr'><strong>est</strong></span> <span class='ocrx_word' id='word_1_277' title='bbox 857 3740 954 3794; x_wconf 86' lang='lat' dir='ltr'><strong>pro</strong></span> <span class='ocrx_word' id='word_1_278' title='bbox 997 3740 1094 3780; x_wconf 92' lang='lat' dir='ltr'><strong>sua</strong></span> <span class='ocrx_word' id='word_1_279' title='bbox 1133 3730 1454 3782; x_wconf 76' lang='lat' dir='ltr'><strong>reverentia.</strong></span> <span class='ocrx_word' id='word_1_280' title='bbox 1498 3730 1561 3784; x_wconf 85' lang='lat' dir='ltr'><strong>Et</strong></span> <span class='ocrx_word' id='word_1_281' title='bbox 1597 3735 1811 3799; x_wconf 84' lang='lat' dir='ltr'><strong>quidem</strong></span> <span class='ocrx_word' id='word_1_282' title='bbox 1850 3752 1970 3790; x_wconf 85' lang='lat' dir='ltr'><strong>Cum</strong></span> 
     </span>
    </p>
   </div>
   <div class='ocr_carea' id='block_1_41' title="bbox 393 3816 1973 3893">
    <p class='ocr_par' dir='ltr' id='par_1_41' title="bbox 393 3816 1973 3893">
     <span class='ocr_line' id='line_1_41' title="bbox 393 3816 1973 3893; baseline 0.01 -24"><span class='ocrx_word' id='word_1_283' title='bbox 393 3826 537 3869; x_wconf 68' lang='lat' dir='ltr'><strong>esset</strong></span> <span class='ocrx_word' id='word_1_284' title='bbox 563 3816 729 3871; x_wconf 80' lang='lat' dir='ltr'><strong>Filius</strong></span> <span class='ocrx_word' id='word_1_285' title='bbox 756 3817 871 3881; x_wconf 89' lang='lat' dir='ltr'><strong>Dei,</strong></span> <span class='ocrx_word' id='word_1_286' title='bbox 901 3818 1086 3872; x_wconf 84' lang='lat' dir='ltr'><strong>didicit</strong></span> <span class='ocrx_word' id='word_1_287' title='bbox 1126 3834 1189 3872; x_wconf 79' lang='lat' dir='ltr'><strong>ex</strong></span> <span class='ocrx_word' id='word_1_288' title='bbox 1236 3824 1315 3875; x_wconf 89' lang='lat' dir='ltr'><strong>eis</strong></span> <span class='ocrx_word' id='word_1_289' title='bbox 1366 3840 1486 3891; x_wconf 64' lang='lat' dir='ltr'><strong>qua:</strong></span> <span class='ocrx_word' id='word_1_290' title='bbox 1532 3840 1721 3893; x_wconf 87' lang='lat' dir='ltr'><strong>passus</strong></span> <span class='ocrx_word' id='word_1_291' title='bbox 1763 3841 1845 3883; x_wconf 87' lang='lat' dir='ltr'><strong>cst</strong></span> <span class='ocrx_word' id='word_1_292' title='bbox 1877 3834 1973 3885; x_wconf 89' lang='lat' dir='ltr'><strong>ob-</strong></span> 
     </span>
    </p>
   </div>
   <div class='ocr_carea' id='block_1_42' title="bbox 392 3908 1970 3985">
    <p class='ocr_par' dir='ltr' id='par_1_42' title="bbox 392 3908 1970 3985">
     <span class='ocr_line' id='line_1_42' title="bbox 392 3908 1970 3985; baseline 0.01 -26"><span class='ocrx_word' id='word_1_293' title='bbox 392 3908 682 3960; x_wconf 84' lang='lat' dir='ltr'><strong>edientiam</strong></span> <span class='ocrx_word' id='word_1_294' title='bbox 718 3908 786 3961; x_wconf 83' lang='grc'><strong>⁸⁸.</strong></span> <span class='ocrx_word' id='word_1_295' title='bbox 825 3926 843 3959; x_wconf 77' lang='grc' dir='ltr'>ι</span> <span class='ocrx_word' id='word_1_296' title='bbox 891 3910 1046 3960; x_wconf 80' lang='lat' dir='ltr'><strong>Anne</strong></span> <span class='ocrx_word' id='word_1_297' title='bbox 1097 3909 1257 3977; x_wconf 83' lang='lat' dir='ltr'><strong>igitur</strong></span> <span class='ocrx_word' id='word_1_298' title='bbox 1292 3916 1360 3965; x_wconf 86' lang='lat' dir='ltr'><strong>ob</strong></span> <span class='ocrx_word' id='word_1_299' title='bbox 1410 3916 1511 3967; x_wconf 88' lang='lat' dir='ltr'><strong>hoc</strong></span> <span class='ocrx_word' id='word_1_300' title='bbox 1559 3918 1729 3985; x_wconf 86' lang='lat' dir='ltr'><strong>ipsum</strong></span> <span class='ocrx_word' id='word_1_301' title='bbox 1772 3926 1970 3975; x_wconf 89' lang='lat' dir='ltr'><strong>nudum</strong></span> 
     </span>
    </p>
   </div>
   <div class='ocr_carea' id='block_1_43' title="bbox 392 3998 1965 4080">
    <p class='ocr_par' dir='ltr' id='par_1_43' title="bbox 392 3998 1965 4080">
     <span class='ocr_line' id='line_1_43' title="bbox 392 3998 1965 4080; baseline 0.01 -30"><span class='ocrx_word' id='word_1_302' title='bbox 392 3998 687 4063; x_wconf 89' lang='lat' dir='ltr'><strong>hominem,</strong></span> <span class='ocrx_word' id='word_1_303' title='bbox 728 4000 974 4069; x_wconf 89' lang='lat' dir='ltr'><strong>nullaque</strong></span> <span class='ocrx_word' id='word_1_304' title='bbox 1005 4001 1170 4072; x_wconf 78' lang='lat'><strong>697</strong></span> <span class='ocrx_word' id='word_1_305' title='bbox 1208 4005 1417 4059; x_wconf 90' lang='lat' dir='ltr'><strong>ratione</strong></span> <span class='ocrx_word' id='word_1_306' title='bbox 1446 4010 1605 4064; x_wconf 91' lang='lat' dir='ltr'><strong>nobis</strong></span> <span class='ocrx_word' id='word_1_307' title='bbox 1628 4014 1965 4080; x_wconf 87' lang='lat' dir='ltr'><strong>superiorem</strong></span> 
     </span>
    </p>
   </div>
   <div class='ocr_carea' id='block_1_44' title="bbox 390 4089 1090 4149">
    <p class='ocr_par' dir='ltr' id='par_1_44' title="bbox 390 4089 1090 4149">
     <span class='ocr_line' id='line_1_44' title="bbox 390 4089 1090 4149; baseline 0.007 -5"><span class='ocrx_word' id='word_1_308' title='bbox 390 4089 670 4146; x_wconf 85' lang='lat' dir='ltr'><strong>Christum</strong></span> <span class='ocrx_word' id='word_1_309' title='bbox 703 4096 1090 4149; x_wconf 80' lang='lat' dir='ltr'><strong>censebimus?</strong></span> 
     </span>
    </p>
   </div>
   <div class='ocr_carea' id='block_1_45' title="bbox 457 4183 748 4240">
    <p class='ocr_par' dir='ltr' id='par_1_45' title="bbox 457 4183 748 4240">
     <span class='ocr_line' id='line_1_45' title="bbox 457 4183 748 4240; baseline 0.014 -4"><span class='ocrx_word' id='word_1_310' title='bbox 457 4183 516 4237; x_wconf 89' lang='grc' dir='ltr'><strong>Β.</strong></span> <span class='ocrx_word' id='word_1_311' title='bbox 557 4187 748 4240; x_wconf 81' lang='lat' dir='ltr'><strong>Absit!</strong></span> 
     </span>
    </p>
   </div>
   <div class='ocr_carea' id='block_1_46' title="bbox 459 4276 1965 4349">
    <p class='ocr_par' dir='ltr' id='par_1_46' title="bbox 459 4276 1965 4349">
     <span class='ocr_line' id='line_1_46' title="bbox 459 4276 1965 4349; baseline 0.009 -19"><span class='ocrx_word' id='word_1_312' title='bbox 459 4276 524 4330; x_wconf 79' lang='grc' dir='ltr'><strong>Δ.</strong></span> <span class='ocrx_word' id='word_1_313' title='bbox 565 4279 633 4330; x_wconf 86' lang='lat' dir='ltr'><strong>At</strong></span> <span class='ocrx_word' id='word_1_314' title='bbox 661 4292 789 4331; x_wconf 89' lang='lat' dir='ltr'><strong>vero</strong></span> <span class='ocrx_word' id='word_1_315' title='bbox 814 4279 1133 4348; x_wconf 89' lang='lat' dir='ltr'><strong>sapientiam</strong></span> <span class='ocrx_word' id='word_1_316' title='bbox 1164 4294 1227 4334; x_wconf 90' lang='lat' dir='ltr'><strong>ac</strong></span> <span class='ocrx_word' id='word_1_317' title='bbox 1250 4284 1546 4349; x_wconf 85' lang='lat' dir='ltr'><strong>potentiam</strong></span> <span class='ocrx_word' id='word_1_318' title='bbox 1582 4284 1673 4340; x_wconf 91' lang='lat' dir='ltr'><strong>Dei</strong></span> <span class='ocrx_word' id='word_1_319' title='bbox 1703 4302 1767 4341; x_wconf 91' lang='lat' dir='ltr'><strong>eo</strong></span> <span class='ocrx_word' id='word_1_320' title='bbox 1791 4287 1965 4342; x_wconf 86' lang='lat' dir='ltr'><strong>imbe-</strong></span> 
     </span>
    </p>
   </div>
   <div class='ocr_carea' id='block_1_47' title="bbox 384 4369 1972 4435">
    <p class='ocr_par' dir='ltr' id='par_1_47' title="bbox 384 4369 1972 4435">
     <span class='ocr_line' id='line_1_47' title="bbox 384 4369 1972 4435; baseline 0.008 -12"><span class='ocrx_word' id='word_1_321' title='bbox 384 4369 627 4423; x_wconf 89' lang='lat' dir='ltr'><strong>cillitatis</strong></span> <span class='ocrx_word' id='word_1_322' title='bbox 667 4371 882 4425; x_wconf 87' lang='lat' dir='ltr'><strong>venisse</strong></span> <span class='ocrx_word' id='word_1_323' title='bbox 926 4372 1239 4434; x_wconf 78' lang='lat' dir='ltr'><strong>fatebimur,</strong></span> <span class='ocrx_word' id='word_1_324' title='bbox 1273 4384 1329 4427; x_wconf 92' lang='lat' dir='ltr'><strong>nt</strong></span> <span class='ocrx_word' id='word_1_325' title='bbox 1379 4383 1610 4430; x_wconf 87' lang='lat' dir='ltr'><strong>mortem</strong></span> <span class='ocrx_word' id='word_1_326' title='bbox 1648 4380 1972 4435; x_wconf 76' lang='lat' dir='ltr'><strong>extimesce-</strong></span> 
     </span>
    </p>
   </div>
   <div class='ocr_carea' id='block_1_48' title="bbox 388 4462 2233 4545">
    <p class='ocr_par' dir='ltr' id='par_1_48' title="bbox 388 4462 2233 4545">
     <span class='ocr_line' id='line_1_48' title="bbox 388 4462 2233 4545; baseline 0.007 -29"><span class='ocrx_word' id='word_1_327' title='bbox 388 4473 490 4526; x_wconf 89' lang='lat' dir='ltr'><strong>ret,</strong></span> <span class='ocrx_word' id='word_1_328' title='bbox 518 4474 679 4532; x_wconf 86' lang='lat' dir='ltr'><strong>atque</strong></span> <span class='ocrx_word' id='word_1_329' title='bbox 704 4464 771 4516; x_wconf 90' lang='lat' dir='ltr'><strong>ab</strong></span> <span class='ocrx_word' id='word_1_330' title='bbox 803 4478 865 4516; x_wconf 93' lang='lat' dir='ltr'><strong>ea</strong></span> <span class='ocrx_word' id='word_1_331' title='bbox 898 4463 1113 4517; x_wconf 89' lang='lat' dir='ltr'><strong>liberari</strong></span> <span class='ocrx_word' id='word_1_332' title='bbox 1152 4479 1180 4516; x_wconf 89' lang='lat' dir='ltr'><strong>a</strong></span> <span class='ocrx_word' id='word_1_333' title='bbox 1207 4462 1371 4519; x_wconf 87' lang='lat' dir='ltr'><strong>Patre</strong></span> <span class='ocrx_word' id='word_1_334' title='bbox 1403 4475 1636 4535; x_wconf 86' lang='lat' dir='ltr'><strong>peteret,</strong></span> <span class='ocrx_word' id='word_1_335' title='bbox 1667 4478 1723 4521; x_wconf 89' lang='lat' dir='ltr'><strong>et</strong></span> <span class='ocrx_word' id='word_1_336' title='bbox 1754 4468 1971 4522; x_wconf 86' lang='lat' dir='ltr'><strong>Emma-</strong></span> <span class='ocrx_word' id='word_1_337' title='bbox 2002 4472 2052 4532; x_wconf 84' lang='grc' dir='ltr'><strong>Ι)</strong></span> <span class='ocrx_word' id='word_1_338' title='bbox 2076 4462 2233 4545; x_wconf 17' lang='grc' dir='ltr'><strong>ναντον</strong></span> 
     </span>
    </p>
   </div>
   <div class='ocr_carea' id='block_1_49' title="bbox 388 4557 1969 4628">
    <p class='ocr_par' dir='ltr' id='par_1_49' title="bbox 388 4557 1969 4628">
     <span class='ocr_line' id='line_1_49' title="bbox 388 4557 1969 4628; baseline 0.008 -21"><span class='ocrx_word' id='word_1_339' title='bbox 388 4557 597 4610; x_wconf 89' lang='lat' dir='ltr'><strong>nuelem</strong></span> <span class='ocrx_word' id='word_1_340' title='bbox 651 4571 835 4610; x_wconf 84' lang='lat' dir='ltr'><strong>veram</strong></span> <span class='ocrx_word' id='word_1_341' title='bbox 891 4558 1057 4610; x_wconf 82' lang='lat' dir='ltr'><strong>vitam</strong></span> <span class='ocrx_word' id='word_1_342' title='bbox 1104 4572 1224 4611; x_wconf 90' lang='lat' dir='ltr'><strong>esse</strong></span> <span class='ocrx_word' id='word_1_343' title='bbox 1278 4559 1641 4628; x_wconf 75' lang='lat' dir='ltr'><strong>negabimus?</strong></span> <span class='ocrx_word' id='word_1_344' title='bbox 1684 4572 1777 4617; x_wconf 89' lang='lat' dir='ltr'><strong>aut</strong></span> <span class='ocrx_word' id='word_1_345' title='bbox 1832 4564 1969 4619; x_wconf 88' lang='lat' dir='ltr'><strong>hanc</strong></span> 
     </span>
    </p>
   </div>
   <div class='ocr_carea' id='block_1_50' title="bbox 385 4649 1968 4726">
    <p class='ocr_par' dir='ltr' id='par_1_50' title="bbox 385 4649 1968 4726">
     <span class='ocr_line' id='line_1_50' title="bbox 385 4649 1968 4726; baseline 0.008 -25"><span class='ocrx_word' id='word_1_346' title='bbox 385 4650 671 4701; x_wconf 74' lang='lat' dir='ltr'><strong>verborum</strong></span> <span class='ocrx_word' id='word_1_347' title='bbox 706 4649 1065 4703; x_wconf 85' lang='lat' dir='ltr'><strong>humilitatem</strong></span> <span class='ocrx_word' id='word_1_348' title='bbox 1113 4651 1177 4703; x_wconf 90' lang='lat' dir='ltr'><strong>ad</strong></span> <span class='ocrx_word' id='word_1_349' title='bbox 1221 4652 1619 4708; x_wconf 85' lang='lat' dir='ltr'><strong>humanitatem</strong></span> <span class='ocrx_word' id='word_1_350' title='bbox 1663 4667 1968 4726; x_wconf 61' lang='lat' dir='ltr'><strong>nostr-mque</strong></span> 
     </span>
    </p>
   </div>
   <div class='ocr_carea' id='block_1_51' title="bbox 384 4740 1969 4808">
    <p class='ocr_par' dir='ltr' id='par_1_51' title="bbox 384 4740 1969 4808">
     <span class='ocr_line' id='line_1_51' title="bbox 384 4740 1969 4808; baseline 0.009 -17"><span class='ocrx_word' id='word_1_351' title='bbox 384 4748 591 4792; x_wconf 65' lang='lat' dir='ltr'><strong>natura:</strong></span> <span class='ocrx_word' id='word_1_352' title='bbox 632 4740 909 4792; x_wconf 89' lang='lat' dir='ltr'><strong>modulum</strong></span> <span class='ocrx_word' id='word_1_353' title='bbox 950 4740 1287 4808; x_wconf 82' lang='lat' dir='ltr'><strong>referentes,</strong></span> <span class='ocrx_word' id='word_1_354' title='bbox 1336 4753 1483 4798; x_wconf 88' lang='lat' dir='ltr'><strong>recte</strong></span> <span class='ocrx_word' id='word_1_355' title='bbox 1534 4747 1871 4804; x_wconf 86' lang='lat' dir='ltr'><strong>sentiemus:</strong></span> <span class='ocrx_word' id='word_1_356' title='bbox 1916 4763 1969 4805; x_wconf 85' lang='lat' dir='ltr'><strong>et</strong></span> 
     </span>
    </p>
   </div>
   <div class='ocr_carea' id='block_1_52' title="bbox 381 4829 1963 4908">
    <p class='ocr_par' dir='ltr' id='par_1_52' title="bbox 381 4829 1963 4908">
     <span class='ocr_line' id='line_1_52' title="bbox 381 4829 1963 4908; baseline 0.008 -26"><span class='ocrx_word' id='word_1_357' title='bbox 381 4845 446 4883; x_wconf 76' lang='lat' dir='ltr'><strong>ex</strong></span> <span class='ocrx_word' id='word_1_358' title='bbox 478 4830 675 4900; x_wconf 88' lang='lat' dir='ltr'><strong>quibus</strong></span> <span class='ocrx_word' id='word_1_359' title='bbox 703 4842 787 4884; x_wconf 83' lang='lat' dir='ltr'><strong>est</strong></span> <span class='ocrx_word' id='word_1_360' title='bbox 816 4829 980 4894; x_wconf 86' lang='lat' dir='ltr'><strong>Deus,</strong></span> <span class='ocrx_word' id='word_1_361' title='bbox 1005 4837 1500 4901; x_wconf 80' lang='lat' dir='ltr'><strong>supermuntlanam</strong></span> <span class='ocrx_word' id='word_1_362' title='bbox 1542 4837 1708 4905; x_wconf 81' lang='lat' dir='ltr'><strong>ipsius</strong></span> <span class='ocrx_word' id='word_1_363' title='bbox 1739 4840 1963 4908; x_wconf 81' lang='lat' dir='ltr'><strong>gloriam</strong></span> 
     </span>
    </p>
   </div>
   <div class='ocr_carea' id='block_1_53' title="bbox 380 4921 1966 4993">
    <p class='ocr_par' dir='ltr' id='par_1_53' title="bbox 380 4921 1966 4993">
     <span class='ocr_line' id='line_1_53' title="bbox 380 4921 1966 4993; baseline 0.007 -19"><span class='ocrx_word' id='word_1_364' title='bbox 380 4921 892 4989; x_wconf 84' lang='lat' dir='ltr'><strong>contemplabimur,</strong></span> <span class='ocrx_word' id='word_1_365' title='bbox 925 4922 1291 4992; x_wconf 76' lang='lat' dir='ltr'><strong>intelligentes</strong></span> <span class='ocrx_word' id='word_1_366' title='bbox 1324 4926 1496 4993; x_wconf 88' lang='lat' dir='ltr'><strong>ipsum</strong></span> <span class='ocrx_word' id='word_1_367' title='bbox 1540 4942 1664 4983; x_wconf 78' lang='lat' dir='ltr'><strong>esse</strong></span> <span class='ocrx_word' id='word_1_368' title='bbox 1707 4941 1763 4983; x_wconf 87' lang='lat' dir='ltr'><strong>et</strong></span> <span class='ocrx_word' id='word_1_369' title='bbox 1792 4932 1966 4985; x_wconf 88' lang='lat' dir='ltr'><strong>homi-</strong></span> 
     </span>
    </p>
   </div>
   <div class='ocr_carea' id='block_1_54' title="bbox 380 5007 1564 5073">
    <p class='ocr_par' dir='ltr' id='par_1_54' title="bbox 380 5007 1564 5073">
     <span class='ocr_line' id='line_1_54' title="bbox 380 5007 1564 5073; baseline 0.007 -13"><span class='ocrx_word' id='word_1_370' title='bbox 380 5023 507 5061; x_wconf 86' lang='lat' dir='ltr'><strong>nem</strong></span> <span class='ocrx_word' id='word_1_371' title='bbox 540 5017 595 5061; x_wconf 88' lang='lat' dir='ltr'><strong>et</strong></span> <span class='ocrx_word' id='word_1_372' title='bbox 623 5007 811 5073; x_wconf 87' lang='lat' dir='ltr'><strong>Deum,</strong></span> <span class='ocrx_word' id='word_1_373' title='bbox 848 5019 942 5062; x_wconf 82' lang='lat' dir='ltr'><strong>aut</strong></span> <span class='ocrx_word' id='word_1_374' title='bbox 978 5009 1144 5064; x_wconf 88' lang='lat' dir='ltr'><strong>Deum</strong></span> <span class='ocrx_word' id='word_1_375' title='bbox 1180 5012 1564 5068; x_wconf 82' lang='lat' dir='ltr'><strong>incarnatum?</strong></span> 
     </span>
    </p>
   </div>
   <div class='ocr_carea' id='block_1_55' title="bbox 448 5211 981 5285">
    <p class='ocr_par' dir='ltr' id='par_1_55' title="bbox 448 5211 981 5285">
     <span class='ocr_line' id='line_1_55' title="bbox 448 5211 981 5285; baseline 0.009 -21"><span class='ocrx_word' id='word_1_376' title='bbox 448 5212 508 5265; x_wconf 82' lang='grc' dir='ltr'><strong>Β.</strong></span> <span class='ocrx_word' id='word_1_377' title='bbox 554 5211 649 5267; x_wconf 92' lang='lat' dir='ltr'><strong>Dic</strong></span> <span class='ocrx_word' id='word_1_378' title='bbox 676 5228 783 5282; x_wconf 89' lang='lat' dir='ltr'><strong>quo</strong></span> <span class='ocrx_word' id='word_1_379' title='bbox 805 5226 981 5285; x_wconf 85' lang='lat' dir='ltr'><strong>pacto.</strong></span> 
     </span>
    </p>
   </div>
   <div class='ocr_carea' id='block_1_56' title="bbox 450 5305 1958 5385">
    <p class='ocr_par' dir='ltr' id='par_1_56' title="bbox 450 5305 1958 5385">
     <span class='ocr_line' id='line_1_56' title="bbox 450 5305 1958 5385; baseline 0.011 -25"><span class='ocrx_word' id='word_1_380' title='bbox 450 5306 517 5360; x_wconf 83' lang='lat' dir='ltr'><strong>A.</strong></span> <span class='ocrx_word' id='word_1_381' title='bbox 560 5305 866 5364; x_wconf 80' lang='lat' dir='ltr'><strong>Aﬂ&#39;eramus</strong></span> <span class='ocrx_word' id='word_1_382' title='bbox 923 5312 977 5365; x_wconf 90' lang='lat' dir='ltr'><strong>in</strong></span> <span class='ocrx_word' id='word_1_383' title='bbox 1030 5312 1262 5367; x_wconf 88' lang='lat' dir='ltr'><strong>medium</strong></span> <span class='ocrx_word' id='word_1_384' title='bbox 1317 5317 1772 5385; x_wconf 82' lang='lat' dir='ltr'><strong>sapientissimum</strong></span> <span class='ocrx_word' id='word_1_385' title='bbox 1821 5322 1958 5376; x_wconf 76' lang='lat' dir='ltr'><strong>Pau-</strong></span> 
     </span>
    </p>
   </div>
   <div class='ocr_carea' id='block_1_57' title="bbox 376 5399 1958 5481">
    <p class='ocr_par' dir='ltr' id='par_1_57' title="bbox 376 5399 1958 5481">
     <span class='ocr_line' id='line_1_57' title="bbox 376 5399 1958 5481; baseline 0.008 -27"><span class='ocrx_word' id='word_1_386' title='bbox 376 5399 513 5463; x_wconf 91' lang='lat' dir='ltr'><strong>lum,</strong></span> <span class='ocrx_word' id='word_1_387' title='bbox 556 5402 645 5468; x_wconf 91' lang='lat' dir='ltr'><strong>qui</strong></span> <span class='ocrx_word' id='word_1_388' title='bbox 694 5402 764 5455; x_wconf 90' lang='lat' dir='ltr'><strong>ita</strong></span> <span class='ocrx_word' id='word_1_389' title='bbox 810 5402 983 5457; x_wconf 89' lang='lat' dir='ltr'><strong>dicit:</strong></span> <span class='ocrx_word' id='word_1_390' title='bbox 1039 5422 1056 5455; x_wconf 83' lang='grc' dir='ltr'>ι</span> <span class='ocrx_word' id='word_1_391' title='bbox 1096 5406 1427 5474; x_wconf 83' lang='lat' dir='ltr'><strong>Sapientiam</strong></span> <span class='ocrx_word' id='word_1_392' title='bbox 1464 5420 1645 5463; x_wconf 90' lang='lat' dir='ltr'><strong>autem</strong></span> <span class='ocrx_word' id='word_1_393' title='bbox 1689 5410 1958 5481; x_wconf 87' lang='lat' dir='ltr'><strong>loquimur</strong></span> 
     </span>
    </p>
   </div>
   <div class='ocr_carea' id='block_1_58' title="bbox 376 5495 1951 5575">
    <p class='ocr_par' dir='ltr' id='par_1_58' title="bbox 376 5495 1951 5575">
     <span class='ocr_line' id='line_1_58' title="bbox 376 5495 1951 5575; baseline 0.012 -29"><span class='ocrx_word' id='word_1_394' title='bbox 376 5495 514 5548; x_wconf 86' lang='lat' dir='ltr'><strong>inter</strong></span> <span class='ocrx_word' id='word_1_395' title='bbox 546 5495 842 5564; x_wconf 79' lang='lat' dir='ltr'><strong>perfectos,</strong></span> <span class='ocrx_word' id='word_1_396' title='bbox 879 5498 1202 5567; x_wconf 88' lang='lat' dir='ltr'><strong>sapientiam</strong></span> <span class='ocrx_word' id='word_1_397' title='bbox 1241 5516 1366 5555; x_wconf 80' lang='lat' dir='ltr'><strong>vero</strong></span> <span class='ocrx_word' id='word_1_398' title='bbox 1410 5520 1512 5557; x_wconf 91' lang='lat' dir='ltr'><strong>non</strong></span> <span class='ocrx_word' id='word_1_399' title='bbox 1561 5507 1716 5573; x_wconf 82' lang='lat' dir='ltr'><strong>hujus</strong></span> <span class='ocrx_word' id='word_1_400' title='bbox 1741 5510 1951 5575; x_wconf 66' lang='lat' dir='ltr'><strong>sreculi,</strong></span> 
     </span>
    </p>
   </div>
   <div class='ocr_carea' id='block_1_59' title="bbox 352 5570 1950 5665">
    <p class='ocr_par' dir='ltr' id='par_1_59' title="bbox 352 5570 1950 5665">
     <span class='ocr_line' id='line_1_59' title="bbox 352 5570 1950 5665; baseline 0.012 -28"><span class='ocrx_word' id='word_1_401' title='bbox 352 5570 551 5652; x_wconf 41' lang='lat' dir='ltr'><strong>&#39;ncque</strong></span> <span class='ocrx_word' id='word_1_402' title='bbox 596 5585 899 5658; x_wconf 89' lang='lat' dir='ltr'><strong>principum</strong></span> <span class='ocrx_word' id='word_1_403' title='bbox 946 5590 1103 5660; x_wconf 86' lang='lat' dir='ltr'><strong>hujus</strong></span> <span class='ocrx_word' id='word_1_404' title='bbox 1160 5594 1368 5659; x_wconf 68' lang='lat' dir='ltr'><strong>smculi,</strong></span> <span class='ocrx_word' id='word_1_405' title='bbox 1416 5601 1504 5665; x_wconf 90' lang='lat' dir='ltr'><strong>qui</strong></span> <span class='ocrx_word' id='word_1_406' title='bbox 1559 5598 1950 5656; x_wconf 88' lang='lat' dir='ltr'><strong>destruuntur:</strong></span> 
     </span>
    </p>
   </div>
   <div class='ocr_carea' id='block_1_60' title="bbox 445 5762 1621 5845">
    <p class='ocr_par' dir='ltr' id='par_1_60' title="bbox 445 5762 1621 5845">
     <span class='ocr_line' id='line_1_60' title="bbox 445 5762 1621 5845; baseline 0.014 -27"><span class='ocrx_word' id='word_1_407' title='bbox 445 5762 491 5793; x_wconf 83' lang='grc'><strong><em>⁸⁸</em></strong></span> <span class='ocrx_word' id='word_1_408' title='bbox 515 5763 670 5825; x_wconf 85' lang='lat' dir='ltr'><strong>Joan.</strong></span> <span class='ocrx_word' id='word_1_409' title='bbox 706 5786 817 5836; x_wconf 77' lang='lat' dir='ltr'><strong>\‘lll,</strong></span> <span class='ocrx_word' id='word_1_410' title='bbox 846 5773 932 5837; x_wconf 74' lang='lat'><strong>3&#39;),</strong></span> <span class='ocrx_word' id='word_1_411' title='bbox 970 5774 1054 5830; x_wconf 75' lang='grc'><strong>40.</strong></span> <span class='ocrx_word' id='word_1_412' title='bbox 1137 5779 1181 5808; x_wconf 74' lang='grc'><strong>³⁸</strong></span> <span class='ocrx_word' id='word_1_413' title='bbox 1218 5777 1378 5831; x_wconf 86' lang='lat' dir='ltr'><strong>llebr.</strong></span> <span class='ocrx_word' id='word_1_414' title='bbox 1411 5797 1457 5844; x_wconf 82' lang='lat' dir='ltr'><strong>v,</strong></span> <span class='ocrx_word' id='word_1_415' title='bbox 1492 5780 1540 5845; x_wconf 82' lang='lat'><strong>7,</strong></span> <span class='ocrx_word' id='word_1_416' title='bbox 1572 5781 1621 5835; x_wconf 91' lang='lat'><strong>8.</strong></span> 
     </span>
    </p>
   </div>
   <div class='ocr_carea' id='block_1_61' title="bbox 2093 532 3681 621">
    <p class='ocr_par' dir='ltr' id='par_1_61' title="bbox 2093 532 3681 621">
     <span class='ocr_line' id='line_1_61' title="bbox 2093 532 3681 621; baseline 0.016 -39"><span class='ocrx_word' id='word_1_417' title='bbox 2093 532 2175 583; x_wconf 84' lang='grc' dir='ltr'><strong>ὅτι</strong></span> <span class='ocrx_word' id='word_1_418' title='bbox 2222 532 2548 603; x_wconf 82' lang='grc' dir='ltr'><strong>δυσέφικτον</strong></span> <span class='ocrx_word' id='word_1_419' title='bbox 2595 540 2791 611; x_wconf 83' lang='grc' dir='ltr'>κομιδῇ</span> <span class='ocrx_word' id='word_1_420' title='bbox 2842 542 2935 595; x_wconf 81' lang='grc' dir='ltr'>καὶ</span> <span class='ocrx_word' id='word_1_421' title='bbox 2975 544 3191 611; x_wconf 81' lang='grc' dir='ltr'><strong>πολλοῖς</strong></span> <span class='ocrx_word' id='word_1_422' title='bbox 3219 548 3428 621; x_wconf 80' lang='grc' dir='ltr'>ἑτέροις</span> <span class='ocrx_word' id='word_1_423' title='bbox 3455 552 3521 604; x_wconf 78' lang='grc' dir='ltr'><strong>τδ</strong></span> <span class='ocrx_word' id='word_1_424' title='bbox 3557 569 3681 606; x_wconf 80' lang='grc' dir='ltr'>συν-</span> 
     </span>
    </p>
   </div>
   <div class='ocr_carea' id='block_1_62' title="bbox 2096 622 2735 684">
    <p class='ocr_par' dir='ltr' id='par_1_62' title="bbox 2096 622 2735 684">
     <span class='ocr_line' id='line_1_62' title="bbox 2096 622 2735 684; baseline 0.016 -10"><span class='ocrx_word' id='word_1_425' title='bbox 2096 622 2232 676; x_wconf 83' lang='grc' dir='ltr'>ιέναι</span> <span class='ocrx_word' id='word_1_426' title='bbox 2268 625 2526 681; x_wconf 81' lang='grc' dir='ltr'>δύνασθαι</span> <span class='ocrx_word' id='word_1_427' title='bbox 2564 631 2735 684; x_wconf 87' lang='grc' dir='ltr'>τουτί.</span> 
     </span>
    </p>
   </div>
   <div class='ocr_carea' id='block_1_63' title="bbox 2165 718 3678 806">
    <p class='ocr_par' dir='ltr' id='par_1_63' title="bbox 2165 718 3678 806">
     <span class='ocr_line' id='line_1_63' title="bbox 2165 718 3678 806; baseline 0.015 -39"><span class='ocrx_word' id='word_1_428' title='bbox 2165 718 2225 769; x_wconf 85' lang='grc' dir='ltr'><strong>Α.</strong></span> <span class='ocrx_word' id='word_1_429' title='bbox 2269 718 2393 781; x_wconf 83' lang='grc' dir='ltr'><strong>Τοῖς</strong></span> <span class='ocrx_word' id='word_1_430' title='bbox 2426 720 2698 793; x_wconf 86' lang='grc' dir='ltr'>ἀναμέρος</span> <span class='ocrx_word' id='word_1_431' title='bbox 2730 722 2924 779; x_wconf 85' lang='grc' dir='ltr'>τιθεῖσι</span> <span class='ocrx_word' id='word_1_432' title='bbox 2972 730 3068 781; x_wconf 77' lang='grc' dir='ltr'>καὶ</span> <span class='ocrx_word' id='word_1_433' title='bbox 3107 730 3432 802; x_wconf 75' lang='grc' dir='ltr'><strong>διορίζουσι,</strong></span> <span class='ocrx_word' id='word_1_434' title='bbox 3478 736 3678 806; x_wconf 50' lang='grc' dir='ltr'>δυσέρ-</span> 
     </span>
    </p>
   </div>
   <div class='ocr_carea' id='block_1_64' title="bbox 2094 808 3677 898">
    <p class='ocr_par' dir='ltr' id='par_1_64' title="bbox 2094 808 3677 898">
     <span class='ocr_line' id='line_1_64' title="bbox 2094 808 3677 898; baseline 0.014 -41"><span class='ocrx_word' id='word_1_435' title='bbox 2094 808 2239 859; x_wconf 86' lang='grc' dir='ltr'>ικτόν</span> <span class='ocrx_word' id='word_1_436' title='bbox 2270 826 2329 860; x_wconf 83' lang='grc' dir='ltr'><strong>τε</strong></span> <span class='ocrx_word' id='word_1_437' title='bbox 2364 811 2457 863; x_wconf 73' lang='grc' dir='ltr'><strong>καὶ</strong></span> <span class='ocrx_word' id='word_1_438' title='bbox 2483 811 2685 883; x_wconf 84' lang='grc' dir='ltr'>ἄπορον</span> <span class='ocrx_word' id='word_1_439' title='bbox 2719 816 2952 885; x_wconf 77' lang='grc' dir='ltr'>ἀληθῶς·</span> <span class='ocrx_word' id='word_1_440' title='bbox 2978 822 3089 884; x_wconf 84' lang='grc' dir='ltr'>τοῖς</span> <span class='ocrx_word' id='word_1_441' title='bbox 3113 838 3176 889; x_wconf 85' lang='grc' dir='ltr'><strong>γε</strong></span> <span class='ocrx_word' id='word_1_442' title='bbox 3201 823 3307 894; x_wconf 76' lang='grc' dir='ltr'>μὴν</span> <span class='ocrx_word' id='word_1_443' title='bbox 3335 826 3418 887; x_wconf 84' lang='grc' dir='ltr'><strong>είς</strong></span> <span class='ocrx_word' id='word_1_444' title='bbox 3448 827 3677 898; x_wconf 81' lang='grc' dir='ltr'>ἑνότητα</span> 
     </span>
    </p>
   </div>
   <div class='ocr_carea' id='block_1_65' title="bbox 2092 898 3676 978">
    <p class='ocr_par' dir='ltr' id='par_1_65' title="bbox 2092 898 3676 978">
     <span class='ocr_line' id='line_1_65' title="bbox 2092 898 3676 978; baseline 0.014 -32"><span class='ocrx_word' id='word_1_445' title='bbox 2092 898 2525 966; x_wconf 74' lang='grc' dir='ltr'>κατασφίγγουσι</span> <span class='ocrx_word' id='word_1_446' title='bbox 2557 902 2646 953; x_wconf 84' lang='grc' dir='ltr'><strong>τὸν</strong></span> <span class='ocrx_word' id='word_1_447' title='bbox 2682 904 3049 978; x_wconf 70' lang='grc' dir='ltr'><strong>Ἐμμανουήλ,</strong></span> <span class='ocrx_word' id='word_1_448' title='bbox 3084 910 3250 978; x_wconf 73' lang='grc' dir='ltr'>ἐγγύς</span> <span class='ocrx_word' id='word_1_449' title='bbox 3295 930 3351 965; x_wconf 89' lang='grc' dir='ltr'><strong>τε</strong></span> <span class='ocrx_word' id='word_1_450' title='bbox 3401 914 3549 967; x_wconf 80' lang='grc' dir='ltr'>ἑλεῖν</span> <span class='ocrx_word' id='word_1_451' title='bbox 3584 919 3676 969; x_wconf 71' lang='grc' dir='ltr'><strong>καὶ</strong></span> 
     </span>
    </p>
   </div>
   <div class='ocr_carea' id='block_1_66' title="bbox 2091 986 3677 1076">
    <p class='ocr_par' dir='ltr' id='par_1_66' title="bbox 2091 986 3677 1076">
     <span class='ocr_line' id='line_1_66' title="bbox 2091 986 3677 1076; baseline 0.015 -40"><span class='ocrx_word' id='word_1_452' title='bbox 2091 986 2413 1058; x_wconf 81' lang='grc' dir='ltr'>ἑτοιμοτάτη</span> <span class='ocrx_word' id='word_1_453' title='bbox 2436 992 2556 1043; x_wconf 84' lang='grc' dir='ltr'>λίαν</span> <span class='ocrx_word' id='word_1_454' title='bbox 2586 995 2618 1063; x_wconf 83' lang='grc' dir='ltr'>ἡ</span> <span class='ocrx_word' id='word_1_455' title='bbox 2642 993 2750 1046; x_wconf 86' lang='grc' dir='ltr'><strong>τῶν</strong></span> <span class='ocrx_word' id='word_1_456' title='bbox 2782 997 2943 1066; x_wconf 77' lang='grc' dir='ltr'>ἱερῶν</span> <span class='ocrx_word' id='word_1_457' title='bbox 2972 998 3255 1069; x_wconf 84' lang='grc' dir='ltr'><strong>δογμάτων</strong></span> <span class='ocrx_word' id='word_1_458' title='bbox 3278 1004 3677 1076; x_wconf 81' lang='grc' dir='ltr'>ἀκιϐδήλευτος</span> 
     </span>
    </p>
   </div>
   <div class='ocr_carea' id='block_1_67' title="bbox 2089 1079 3677 1168">
    <p class='ocr_par' dir='ltr' id='par_1_67' title="bbox 2089 1079 3677 1168">
     <span class='ocr_line' id='line_1_67' title="bbox 2089 1079 3677 1168; baseline 0.016 -39"><span class='ocrx_word' id='word_1_459' title='bbox 2089 1079 2308 1145; x_wconf 86' lang='grc' dir='ltr'>γνῶσις.</span> <span class='ocrx_word' id='word_1_460' title='bbox 2328 1082 2384 1133; x_wconf 84' lang='grc'><strong>’0</strong></span> <span class='ocrx_word' id='word_1_461' title='bbox 2411 1083 2518 1155; x_wconf 77' lang='grc' dir='ltr'>γὰρ</span> <span class='ocrx_word' id='word_1_462' title='bbox 2544 1085 2621 1155; x_wconf 80' lang='grc' dir='ltr'>τῷ</span> <span class='ocrx_word' id='word_1_463' title='bbox 2645 1087 2871 1155; x_wconf 79' lang='grc' dir='ltr'>φύσαντι</span> <span class='ocrx_word' id='word_1_464' title='bbox 2905 1094 3171 1156; x_wconf 68' lang='grc' dir='ltr'>συναῖδιος</span> <span class='ocrx_word' id='word_1_465' title='bbox 3206 1096 3301 1149; x_wconf 81' lang='grc' dir='ltr'><strong>καὶ</strong></span> <span class='ocrx_word' id='word_1_466' title='bbox 3334 1099 3443 1168; x_wconf 77' lang='grc' dir='ltr'><strong>πρὸ</strong></span> <span class='ocrx_word' id='word_1_467' title='bbox 3472 1102 3677 1163; x_wconf 67' lang='grc' dir='ltr'>παντὸς</span> 
     </span>
    </p>
   </div>
   <div class='ocr_carea' id='block_1_68' title="bbox 2089 1172 3676 1260">
    <p class='ocr_par' dir='ltr' id='par_1_68' title="bbox 2089 1172 3676 1260">
     <span class='ocr_line' id='line_1_68' title="bbox 2089 1172 3676 1260; baseline 0.015 -38"><span class='ocrx_word' id='word_1_468' title='bbox 2089 1172 2282 1235; x_wconf 78' lang='grc' dir='ltr'>αἰῶνος</span> <span class='ocrx_word' id='word_1_469' title='bbox 2314 1174 2461 1237; x_wconf 72' lang='grc' dir='ltr'>Υἱὸς,</span> <span class='ocrx_word' id='word_1_470' title='bbox 2501 1178 2686 1249; x_wconf 83' lang='grc' dir='ltr'>ἐπειδὴ</span> <span class='ocrx_word' id='word_1_471' title='bbox 2723 1183 3102 1254; x_wconf 85' lang='grc' dir='ltr'>καταϐέϐηκεν</span> <span class='ocrx_word' id='word_1_472' title='bbox 3136 1188 3215 1250; x_wconf 78' lang='grc' dir='ltr'>εἰς</span> <span class='ocrx_word' id='word_1_473' title='bbox 3246 1188 3344 1259; x_wconf 80' lang='grc' dir='ltr'><strong>τὴν</strong></span> <span class='ocrx_word' id='word_1_474' title='bbox 3374 1191 3676 1260; x_wconf 65' lang='grc' dir='ltr'>ἀνθρώπων</span> 
     </span>
    </p>
   </div>
   <div class='ocr_carea' id='block_1_69' title="bbox 2089 1265 3677 1352">
    <p class='ocr_par' dir='ltr' id='par_1_69' title="bbox 2089 1265 3677 1352">
     <span class='ocr_line' id='line_1_69' title="bbox 2089 1265 3677 1352; baseline 0.014 -38"><span class='ocrx_word' id='word_1_475' title='bbox 2089 1265 2271 1331; x_wconf 80' lang='grc' dir='ltr'>φύσιν,</span> <span class='ocrx_word' id='word_1_476' title='bbox 2305 1268 2403 1319; x_wconf 73' lang='grc' dir='ltr'><strong>οὐκ</strong></span> <span class='ocrx_word' id='word_1_477' title='bbox 2448 1270 2816 1341; x_wconf 77' lang='grc' dir='ltr'>ἀπολισθήσας</span> <span class='ocrx_word' id='word_1_478' title='bbox 2843 1275 2936 1328; x_wconf 81' lang='grc' dir='ltr'>τοῦ</span> <span class='ocrx_word' id='word_1_479' title='bbox 2976 1272 3116 1330; x_wconf 79' lang='grc' dir='ltr'>εἶναι</span> <span class='ocrx_word' id='word_1_480' title='bbox 3158 1278 3312 1343; x_wconf 84' lang='grc' dir='ltr'>Θεὸς,</span> <span class='ocrx_word' id='word_1_481' title='bbox 3346 1283 3677 1352; x_wconf 80' lang='grc' dir='ltr'>προσλαϐὼν</span> 
     </span>
    </p>
   </div>
   <div class='ocr_carea' id='block_1_70' title="bbox 2087 1357 3679 1447">
    <p class='ocr_par' dir='ltr' id='par_1_70' title="bbox 2087 1357 3679 1447">
     <span class='ocr_line' id='line_1_70' title="bbox 2087 1357 3679 1447; baseline 0.013 -38"><span class='ocrx_word' id='word_1_482' title='bbox 2087 1357 2141 1410; x_wconf 85' lang='grc' dir='ltr'>δὲ</span> <span class='ocrx_word' id='word_1_483' title='bbox 2167 1359 2226 1411; x_wconf 82' lang='grc' dir='ltr'><strong>τὸ</strong></span> <span class='ocrx_word' id='word_1_484' title='bbox 2251 1360 2346 1413; x_wconf 84' lang='grc' dir='ltr'>ἀνθ</span> <span class='ocrx_word' id='word_1_485' title='bbox 2358 1361 2605 1430; x_wconf 85' lang='grc' dir='ltr'>ρὼπινον.</span> <span class='ocrx_word' id='word_1_486' title='bbox 2632 1367 2786 1418; x_wconf 86' lang='grc' dir='ltr'>νοοῖτ’</span> <span class='ocrx_word' id='word_1_487' title='bbox 2813 1369 2879 1421; x_wconf 84' lang='grc' dir='ltr'><strong>ἂν</strong></span> <span class='ocrx_word' id='word_1_488' title='bbox 2898 1371 3123 1435; x_wconf 69' lang='grc' dir='ltr'>εἰκότως</span> <span class='ocrx_word' id='word_1_489' title='bbox 3148 1373 3242 1426; x_wconf 80' lang='grc' dir='ltr'>καὶ</span> <span class='ocrx_word' id='word_1_490' title='bbox 3270 1376 3333 1427; x_wconf 83' lang='grc' dir='ltr'>ὲκ</span> <span class='ocrx_word' id='word_1_491' title='bbox 3352 1378 3679 1447; x_wconf 76' lang='grc' dir='ltr'>σπέρματος</span> 
     </span>
    </p>
   </div>
   <div class='ocr_carea' id='block_1_71' title="bbox 2087 1451 3679 1539">
    <p class='ocr_par' dir='ltr' id='par_1_71' title="bbox 2087 1451 3679 1539">
     <span class='ocr_line' id='line_1_71' title="bbox 2087 1451 3679 1539; baseline 0.015 -41"><span class='ocrx_word' id='word_1_492' title='bbox 2087 1451 2443 1521; x_wconf 78' lang='grc' dir='ltr'>γεγεννῆσθαι</span> <span class='ocrx_word' id='word_1_493' title='bbox 2463 1456 2646 1521; x_wconf 81' lang='grc' dir='ltr'>Δαϐὶδ,</span> <span class='ocrx_word' id='word_1_494' title='bbox 2677 1460 2771 1510; x_wconf 78' lang='grc' dir='ltr'><strong>καὶ</strong></span> <span class='ocrx_word' id='word_1_495' title='bbox 2798 1463 3072 1532; x_wconf 77' lang='grc' dir='ltr'><strong>νεωτάτην</strong></span> <span class='ocrx_word' id='word_1_496' title='bbox 3091 1463 3233 1534; x_wconf 74' lang='grc' dir='ltr'>ἔχειν</span> <span class='ocrx_word' id='word_1_497' title='bbox 3254 1465 3352 1535; x_wconf 82' lang='grc' dir='ltr'><strong>τὴν</strong></span> <span class='ocrx_word' id='word_1_498' title='bbox 3374 1470 3435 1518; x_wconf 79' lang='grc' dir='ltr'>ὲν</span> <span class='ocrx_word' id='word_1_499' title='bbox 3460 1468 3679 1539; x_wconf 79' lang='grc' dir='ltr'>ἀνθρω-</span> 
     </span>
    </p>
   </div>
   <div class='ocr_carea' id='block_1_72' title="bbox 2088 1541 3679 1625">
    <p class='ocr_par' dir='ltr' id='par_1_72' title="bbox 2088 1541 3679 1625">
     <span class='ocr_line' id='line_1_72' title="bbox 2088 1541 3679 1625; baseline 0.014 -35"><span class='ocrx_word' id='word_1_500' title='bbox 2088 1541 2280 1608; x_wconf 80' lang='grc' dir='ltr'>πότητι</span> <span class='ocrx_word' id='word_1_501' title='bbox 2330 1543 2604 1614; x_wconf 84' lang='grc' dir='ltr'>γέννησιν.</span> <span class='ocrx_word' id='word_1_502' title='bbox 2627 1547 2782 1601; x_wconf 85' lang='grc' dir='ltr'>Ἐστι</span> <span class='ocrx_word' id='word_1_503' title='bbox 2827 1551 2882 1602; x_wconf 79' lang='grc' dir='ltr'>δὲ</span> <span class='ocrx_word' id='word_1_504' title='bbox 2925 1552 3027 1604; x_wconf 80' lang='grc' dir='ltr'><strong>οὐκ</strong></span> <span class='ocrx_word' id='word_1_505' title='bbox 3074 1554 3350 1625; x_wconf 82' lang='grc' dir='ltr'>ἀλλότριον</span> <span class='ocrx_word' id='word_1_506' title='bbox 3399 1558 3574 1611; x_wconf 75' lang='grc' dir='ltr'>αὐτοϋ</span> <span class='ocrx_word' id='word_1_507' title='bbox 3619 1561 3679 1613; x_wconf 71' lang='grc' dir='ltr'>τὸ</span> 
     </span>
    </p>
   </div>
   <div class='ocr_carea' id='block_1_73' title="bbox 2087 1635 3678 1724">
    <p class='ocr_par' dir='ltr' id='par_1_73' title="bbox 2087 1635 3678 1724">
     <span class='ocr_line' id='line_1_73' title="bbox 2087 1635 3678 1724; baseline 0.014 -41"><span class='ocrx_word' id='word_1_508' title='bbox 2087 1635 2451 1704; x_wconf 57' lang='grc' dir='ltr'>προσλησθὲν,</span> <span class='ocrx_word' id='word_1_509' title='bbox 2482 1639 2597 1691; x_wconf 80' lang='grc' dir='ltr'>ἀλλ’</span> <span class='ocrx_word' id='word_1_510' title='bbox 2620 1641 2750 1695; x_wconf 79' lang='grc' dir='ltr'>ἴδιον</span> <span class='ocrx_word' id='word_1_511' title='bbox 2778 1643 3016 1715; x_wconf 85' lang='grc' dir='ltr'>ἀληθῶς.</span> <span class='ocrx_word' id='word_1_512' title='bbox 3032 1647 3350 1717; x_wconf 79' lang='grc' dir='ltr'>Λελόγισται</span> <span class='ocrx_word' id='word_1_513' title='bbox 3372 1655 3678 1724; x_wconf 75' lang='grc' dir='ltr'>τοιγαροῦν</span> 
     </span>
    </p>
   </div>
   <div class='ocr_carea' id='block_1_74' title="bbox 2087 1723 3677 1816">
    <p class='ocr_par' dir='ltr' id='par_1_74' title="bbox 2087 1723 3677 1816">
     <span class='ocr_line' id='line_1_74' title="bbox 2087 1723 3677 1816; baseline 0.016 -42"><span class='ocrx_word' id='word_1_514' title='bbox 2087 1723 2159 1786; x_wconf 66' lang='grc' dir='ltr'>ὡς</span> <span class='ocrx_word' id='word_1_515' title='bbox 2203 1724 2261 1777; x_wconf 80' lang='grc' dir='ltr'>ἓν</span> <span class='ocrx_word' id='word_1_516' title='bbox 2306 1728 2443 1797; x_wconf 72' lang='grc' dir='ltr'>πρὸς</span> <span class='ocrx_word' id='word_1_517' title='bbox 2487 1730 2669 1796; x_wconf 75' lang='grc' dir='ltr'>αὑτὸν,</span> <span class='ocrx_word' id='word_1_518' title='bbox 2702 1734 2952 1807; x_wconf 83' lang='grc' dir='ltr'>καθάπερ</span> <span class='ocrx_word' id='word_1_519' title='bbox 2978 1739 3166 1806; x_wconf 81' lang='grc' dir='ltr'>ἀμέλει</span> <span class='ocrx_word' id='word_1_520' title='bbox 3201 1743 3293 1793; x_wconf 81' lang='grc' dir='ltr'><strong>καὶ</strong></span> <span class='ocrx_word' id='word_1_521' title='bbox 3318 1743 3419 1812; x_wconf 78' lang='grc' dir='ltr'>τὴν</span> <span class='ocrx_word' id='word_1_522' title='bbox 3451 1723 3677 1816; x_wconf 67' lang='grc' dir='ltr'>ἀνδρὼ-</span> 
     </span>
    </p>
   </div>
   <div class='ocr_carea' id='block_1_75' title="bbox 2091 1818 3680 1909">
    <p class='ocr_par' dir='ltr' id='par_1_75' title="bbox 2091 1818 3680 1909">
     <span class='ocr_line' id='line_1_75' title="bbox 2091 1818 3680 1909; baseline 0.016 -42"><span class='ocrx_word' id='word_1_523' title='bbox 2091 1832 2193 1868; x_wconf 85' lang='grc' dir='ltr'><strong>που</strong></span> <span class='ocrx_word' id='word_1_524' title='bbox 2227 1818 2477 1873; x_wconf 77' lang='grc' dir='ltr'>σύνθεσιν</span> <span class='ocrx_word' id='word_1_525' title='bbox 2507 1824 2852 1894; x_wconf 81' lang='grc' dir='ltr'>καταθρήσαι</span> <span class='ocrx_word' id='word_1_526' title='bbox 2880 1846 2962 1892; x_wconf 88' lang='grc' dir='ltr'><strong>τις</strong></span> <span class='ocrx_word' id='word_1_527' title='bbox 2987 1830 3070 1885; x_wconf 84' lang='grc' dir='ltr'><strong>ἄν.</strong></span> <span class='ocrx_word' id='word_1_528' title='bbox 3097 1832 3402 1889; x_wconf 86' lang='grc' dir='ltr'>Πέπλεκται</span> <span class='ocrx_word' id='word_1_529' title='bbox 3438 1838 3549 1907; x_wconf 82' lang='grc' dir='ltr'>μὲν</span> <span class='ocrx_word' id='word_1_530' title='bbox 3566 1840 3680 1909; x_wconf 68' lang='grc' dir='ltr'><strong>γὰρ</strong></span> 
     </span>
    </p>
   </div>
   <div class='ocr_carea' id='block_1_76' title="bbox 2089 1907 3677 2000">
    <p class='ocr_par' dir='ltr' id='par_1_76' title="bbox 2089 1907 3677 2000">
     <span class='ocr_line' id='line_1_76' title="bbox 2089 1907 3677 2000; baseline 0.016 -41"><span class='ocrx_word' id='word_1_531' title='bbox 2089 1907 2147 1972; x_wconf 78' lang='grc' dir='ltr'><strong>ἐξ</strong></span> <span class='ocrx_word' id='word_1_532' title='bbox 2177 1911 2444 1980; x_wconf 78' lang='grc' dir='ltr'>ἀνομοίων</span> <span class='ocrx_word' id='word_1_533' title='bbox 2466 1915 2563 1984; x_wconf 81' lang='grc' dir='ltr'>τὴν</span> <span class='ocrx_word' id='word_1_534' title='bbox 2586 1918 2767 1984; x_wconf 74' lang='grc' dir='ltr'>φύσιν,</span> <span class='ocrx_word' id='word_1_535' title='bbox 2794 1920 2969 1991; x_wconf 70' lang='grc' dir='ltr'>ψυχῆς</span> <span class='ocrx_word' id='word_1_536' title='bbox 2993 1922 3055 1993; x_wconf 80' lang='grc' dir='ltr'>δὴ</span> <span class='ocrx_word' id='word_1_537' title='bbox 3097 1923 3242 1993; x_wconf 82' lang='grc' dir='ltr'>λέγω</span> <span class='ocrx_word' id='word_1_538' title='bbox 3273 1929 3365 1980; x_wconf 68' lang='lat' dir='ltr'><strong>atati.</strong></span> <span class='ocrx_word' id='word_1_539' title='bbox 3392 1907 3677 2000; x_wconf 64' lang='grc' dir='ltr'>σώματος,</span> 
     </span>
    </p>
   </div>
   <div class='ocr_carea' id='block_1_77' title="bbox 2088 1999 3680 2091">
    <p class='ocr_par' dir='ltr' id='par_1_77' title="bbox 2088 1999 3680 2091">
     <span class='ocr_line' id='line_1_77' title="bbox 2088 1999 3680 2091; baseline 0.015 -38"><span class='ocrx_word' id='word_1_540' title='bbox 2088 2001 2202 2053; x_wconf 85' lang='grc' dir='ltr'>ἀλλ’</span> <span class='ocrx_word' id='word_1_541' title='bbox 2233 1999 2324 2056; x_wconf 81' lang='grc' dir='ltr'><strong>οὖν</strong></span> <span class='ocrx_word' id='word_1_542' title='bbox 2363 1999 2443 2069; x_wconf 74' lang='grc' dir='ltr'>εἷς</span> <span class='ocrx_word' id='word_1_543' title='bbox 2473 2011 2673 2062; x_wconf 75' lang='grc' dir='ltr'>νοεῖται</span> <span class='ocrx_word' id='word_1_544' title='bbox 2714 2012 2774 2064; x_wconf 83' lang='grc' dir='ltr'><strong>τὸ</strong></span> <span class='ocrx_word' id='word_1_545' title='bbox 2811 2017 3215 2085; x_wconf 74' lang='grc' dir='ltr'>συναμφότερον</span> <span class='ocrx_word' id='word_1_546' title='bbox 3249 2020 3567 2091; x_wconf 81' lang='grc' dir='ltr'>ἄνθρωπος,</span> <span class='ocrx_word' id='word_1_547' title='bbox 3602 2024 3680 2087; x_wconf 75' lang='grc' dir='ltr'><strong>ὡς</strong></span> 
     </span>
    </p>
   </div>
   <div class='ocr_carea' id='block_1_78' title="bbox 2085 2095 3679 2184">
    <p class='ocr_par' dir='ltr' id='par_1_78' title="bbox 2085 2095 3679 2184">
     <span class='ocr_line' id='line_1_78' title="bbox 2085 2095 3679 2184; baseline 0.015 -38"><span class='ocrx_word' id='word_1_548' title='bbox 2085 2095 2192 2147; x_wconf 85' lang='grc' dir='ltr'>ἀπὸ</span> <span class='ocrx_word' id='word_1_549' title='bbox 2222 2096 2391 2167; x_wconf 85' lang='grc' dir='ltr'>μόνης</span> <span class='ocrx_word' id='word_1_550' title='bbox 2432 2100 2530 2169; x_wconf 77' lang='grc' dir='ltr'>τῆς</span> <span class='ocrx_word' id='word_1_551' title='bbox 2574 2104 2794 2174; x_wconf 80' lang='grc' dir='ltr'>σαρκὸς,</span> <span class='ocrx_word' id='word_1_552' title='bbox 2829 2106 2949 2159; x_wconf 77' lang='grc' dir='ltr'>ὅλον</span> <span class='ocrx_word' id='word_1_553' title='bbox 2983 2107 3095 2160; x_wconf 73' lang='grc' dir='ltr'><strong>ἐσθ’</strong></span> <span class='ocrx_word' id='word_1_554' title='bbox 3124 2110 3212 2163; x_wconf 85' lang='grc' dir='ltr'>ὅτε</span> <span class='ocrx_word' id='word_1_555' title='bbox 3242 2116 3679 2184; x_wconf 75' lang='grc' dir='ltr'>κατωνομάσθαι</span> 
     </span>
    </p>
   </div>
   <div class='ocr_carea' id='block_1_79' title="bbox 2084 2188 3681 2278">
    <p class='ocr_par' dir='ltr' id='par_1_79' title="bbox 2084 2188 3681 2278">
     <span class='ocr_line' id='line_1_79' title="bbox 2084 2188 3681 2278; baseline 0.015 -39"><span class='ocrx_word' id='word_1_556' title='bbox 2084 2188 2146 2239; x_wconf 69' lang='grc' dir='ltr'>τὸ</span> <span class='ocrx_word' id='word_1_557' title='bbox 2180 2188 2335 2254; x_wconf 83' lang='grc' dir='ltr'>ζῶον,</span> <span class='ocrx_word' id='word_1_558' title='bbox 2374 2191 2550 2263; x_wconf 69' lang='grc' dir='ltr'>ψυχῆς</span> <span class='ocrx_word' id='word_1_559' title='bbox 2573 2194 2629 2248; x_wconf 77' lang='grc' dir='ltr'>δὲ</span> <span class='ocrx_word' id='word_1_560' title='bbox 2659 2196 3074 2271; x_wconf 86' lang='grc' dir='ltr'>ὠνομασμένης,</span> <span class='ocrx_word' id='word_1_561' title='bbox 3105 2205 3339 2258; x_wconf 78' lang='grc' dir='ltr'>νοεῖσθαι</span> <span class='ocrx_word' id='word_1_562' title='bbox 3368 2208 3432 2258; x_wconf 83' lang='grc' dir='ltr'>τὸ</span> <span class='ocrx_word' id='word_1_563' title='bbox 3461 2225 3681 2278; x_wconf 72' lang='grc' dir='ltr'>συναμ-</span> 
     </span>
    </p>
   </div>
   <div class='ocr_carea' id='block_1_80' title="bbox 2086 2281 3681 2366">
    <p class='ocr_par' dir='ltr' id='par_1_80' title="bbox 2086 2281 3681 2366">
     <span class='ocr_line' id='line_1_80' title="bbox 2086 2281 3681 2366; baseline 0.016 -37"><span class='ocrx_word' id='word_1_564' title='bbox 2086 2281 2331 2353; x_wconf 81' lang='grc' dir='ltr'>φότερον.</span> <span class='ocrx_word' id='word_1_565' title='bbox 2369 2285 2529 2338; x_wconf 72' lang='grc' dir='ltr'>Κατὰ</span> <span class='ocrx_word' id='word_1_566' title='bbox 2554 2287 2643 2340; x_wconf 79' lang='grc' dir='ltr'>τὸν</span> <span class='ocrx_word' id='word_1_567' title='bbox 2671 2285 2787 2343; x_wconf 79' lang='grc' dir='ltr'>ἴσον</span> <span class='ocrx_word' id='word_1_568' title='bbox 2819 2288 2911 2345; x_wconf 80' lang='grc' dir='ltr'>οὖν</span> <span class='ocrx_word' id='word_1_569' title='bbox 2942 2294 3049 2365; x_wconf 74' lang='grc' dir='ltr'>ἄρα</span> <span class='ocrx_word' id='word_1_570' title='bbox 3083 2297 3303 2366; x_wconf 79' lang='grc' dir='ltr'>τρόπον,</span> <span class='ocrx_word' id='word_1_571' title='bbox 3335 2301 3431 2352; x_wconf 69' lang='grc' dir='ltr'><strong>καὶ</strong></span> <span class='ocrx_word' id='word_1_572' title='bbox 3460 2303 3557 2354; x_wconf 72' lang='grc' dir='ltr'><strong>ἐπ’</strong></span> <span class='ocrx_word' id='word_1_573' title='bbox 3580 2304 3681 2355; x_wconf 80' lang='grc' dir='ltr'><strong>αὑ·</strong></span> 
     </span>
    </p>
   </div>
   <div class='ocr_carea' id='block_1_81' title="bbox 2083 2372 3682 2466">
    <p class='ocr_par' dir='ltr' id='par_1_81' title="bbox 2083 2372 3682 2466">
     <span class='ocr_line' id='line_1_81' title="bbox 2083 2372 3682 2466; baseline 0.016 -43"><span class='ocrx_word' id='word_1_574' title='bbox 2083 2372 2178 2426; x_wconf 80' lang='grc' dir='ltr'>τοῦ</span> <span class='ocrx_word' id='word_1_575' title='bbox 2202 2375 2480 2449; x_wconf 80' lang='grc' dir='ltr'>παραδέξῃ</span> <span class='ocrx_word' id='word_1_576' title='bbox 2512 2380 2766 2448; x_wconf 75' lang='grc' dir='ltr'>Χριστοῦ.</span> <span class='ocrx_word' id='word_1_577' title='bbox 2804 2380 2899 2447; x_wconf 78' lang='grc' dir='ltr'><strong>Εἷς</strong></span> <span class='ocrx_word' id='word_1_578' title='bbox 2928 2386 3035 2456; x_wconf 83' lang='grc' dir='ltr'>γὰρ</span> <span class='ocrx_word' id='word_1_579' title='bbox 3061 2388 3208 2455; x_wconf 84' lang='grc' dir='ltr'>Υἱὸς,</span> <span class='ocrx_word' id='word_1_580' title='bbox 3232 2392 3325 2443; x_wconf 74' lang='grc' dir='ltr'><strong>καὶ</strong></span> <span class='ocrx_word' id='word_1_581' title='bbox 3348 2388 3432 2456; x_wconf 80' lang='grc' dir='ltr'>εἷς</span> <span class='ocrx_word' id='word_1_582' title='bbox 3463 2395 3682 2466; x_wconf 78' lang='grc' dir='ltr'>Κύριος</span> 
     </span>
    </p>
   </div>
   <div class='ocr_carea' id='block_1_82' title="bbox 2098 2466 3682 2557">
    <p class='ocr_par' dir='ltr' id='par_1_82' title="bbox 2098 2466 3682 2557">
     <span class='ocr_line' id='line_1_82' title="bbox 2098 2466 3682 2557; baseline 0.015 -41"><span class='ocrx_word' id='word_1_583' title='bbox 2098 2466 2302 2536; x_wconf 82' lang='grc' dir='ltr'>Ἰησοῦς</span> <span class='ocrx_word' id='word_1_584' title='bbox 2329 2470 2358 2519; x_wconf 84' lang='grc' dir='ltr'>ὁ</span> <span class='ocrx_word' id='word_1_585' title='bbox 2382 2470 2634 2540; x_wconf 80' lang='grc' dir='ltr'>Χριστὸς,</span> <span class='ocrx_word' id='word_1_586' title='bbox 2668 2474 2762 2526; x_wconf 75' lang='grc' dir='ltr'>καὶ</span> <span class='ocrx_word' id='word_1_587' title='bbox 2791 2476 2897 2546; x_wconf 77' lang='grc' dir='ltr'><strong>πρὸ</strong></span> <span class='ocrx_word' id='word_1_588' title='bbox 2923 2480 3141 2550; x_wconf 78' lang='grc' dir='ltr'>σαρκὸς,</span> <span class='ocrx_word' id='word_1_589' title='bbox 3175 2484 3266 2535; x_wconf 76' lang='grc' dir='ltr'><strong>καὶ</strong></span> <span class='ocrx_word' id='word_1_590' title='bbox 3306 2484 3396 2537; x_wconf 83' lang='grc' dir='ltr'>ὅτε</span> <span class='ocrx_word' id='word_1_591' title='bbox 3426 2486 3682 2557; x_wconf 66' lang='grc' dir='ltr'>πέφηνεν</span> 
     </span>
    </p>
   </div>
   <div class='ocr_carea' id='block_1_83' title="bbox 2083 2555 3681 2647">
    <p class='ocr_par' dir='ltr' id='par_1_83' title="bbox 2083 2555 3681 2647">
     <span class='ocr_line' id='line_1_83' title="bbox 2083 2555 3681 2647; baseline 0.016 -40"><span class='ocrx_word' id='word_1_592' title='bbox 2083 2555 2394 2627; x_wconf 72' lang='grc' dir='ltr'><strong>ἄνθρωπος⁸</strong></span> <span class='ocrx_word' id='word_1_593' title='bbox 2426 2563 2519 2614; x_wconf 77' lang='grc' dir='ltr'><strong>καὶ</strong></span> <span class='ocrx_word' id='word_1_594' title='bbox 2546 2564 2635 2616; x_wconf 82' lang='grc' dir='ltr'><strong>τὸν</strong></span> <span class='ocrx_word' id='word_1_595' title='bbox 2666 2566 3013 2636; x_wconf 76' lang='grc' dir='ltr'>ἀγοράσαντα</span> <span class='ocrx_word' id='word_1_596' title='bbox 3043 2573 3189 2642; x_wconf 77' lang='grc' dir='ltr'>ἡμᾶς</span> <span class='ocrx_word' id='word_1_597' title='bbox 3230 2578 3521 2647; x_wconf 78' lang='grc' dir='ltr'>Δεσπότην</span> <span class='ocrx_word' id='word_1_598' title='bbox 3573 2555 3681 2632; x_wconf 67' lang='grc' dir='ltr'>οὐκ</span> 
     </span>
    </p>
   </div>
   <div class='ocr_carea' id='block_1_84' title="bbox 2082 2648 3682 2732">
    <p class='ocr_par' dir='ltr' id='par_1_84' title="bbox 2082 2648 3682 2732">
     <span class='ocr_line' id='line_1_84' title="bbox 2082 2648 3682 2732; baseline 0.014 -35"><span class='ocrx_word' id='word_1_599' title='bbox 2082 2648 2455 2718; x_wconf 79' lang='grc' dir='ltr'>ἀρνησόμεθα,</span> <span class='ocrx_word' id='word_1_600' title='bbox 2494 2652 2595 2704; x_wconf 80' lang='grc' dir='ltr'>κᾶν</span> <span class='ocrx_word' id='word_1_601' title='bbox 2647 2655 2695 2707; x_wconf 77' lang='grc' dir='ltr'><strong>εί</strong></span> <span class='ocrx_word' id='word_1_602' title='bbox 2737 2655 2827 2709; x_wconf 75' lang='grc' dir='ltr'>διὰ</span> <span class='ocrx_word' id='word_1_603' title='bbox 2860 2658 2966 2711; x_wconf 83' lang='grc' dir='ltr'><strong>τῶν</strong></span> <span class='ocrx_word' id='word_1_604' title='bbox 3001 2660 3355 2731; x_wconf 81' lang='grc' dir='ltr'>ἀνθρωπίνων</span> <span class='ocrx_word' id='word_1_605' title='bbox 3387 2665 3551 2732; x_wconf 77' lang='grc' dir='ltr'>ἡμῖν,</span> <span class='ocrx_word' id='word_1_606' title='bbox 3585 2666 3682 2719; x_wconf 76' lang='grc' dir='ltr'>καὶ</span> 
     </span>
    </p>
   </div>
   <div class='ocr_carea' id='block_1_85' title="bbox 2081 2740 3491 2824">
    <p class='ocr_par' dir='ltr' id='par_1_85' title="bbox 2081 2740 3491 2824">
     <span class='ocr_line' id='line_1_85' title="bbox 2081 2740 3491 2824; baseline 0.013 -34"><span class='ocrx_word' id='word_1_607' title='bbox 2081 2740 2144 2791; x_wconf 82' lang='grc' dir='ltr'>ἐκ</span> <span class='ocrx_word' id='word_1_608' title='bbox 2169 2741 2279 2793; x_wconf 82' lang='grc' dir='ltr'><strong>τῶν</strong></span> <span class='ocrx_word' id='word_1_609' title='bbox 2308 2742 2409 2812; x_wconf 83' lang='grc' dir='ltr'>τῆς</span> <span class='ocrx_word' id='word_1_610' title='bbox 2440 2744 2724 2817; x_wconf 76' lang='grc' dir='ltr'>κενώσεως</span> <span class='ocrx_word' id='word_1_611' title='bbox 2757 2750 2970 2820; x_wconf 88' lang='grc' dir='ltr'>μέτρων</span> <span class='ocrx_word' id='word_1_612' title='bbox 3004 2755 3491 2824; x_wconf 85' lang='grc' dir='ltr'>κατασημαίνοιτο.</span> 
     </span>
    </p>
   </div>
   <div class='ocr_carea' id='block_1_86' title="bbox 2152 2833 3679 2921">
    <p class='ocr_par' dir='ltr' id='par_1_86' title="bbox 2152 2833 3679 2921">
     <span class='ocr_line' id='line_1_86' title="bbox 2152 2833 3679 2921; baseline 0.013 -36"><span class='ocrx_word' id='word_1_613' title='bbox 2152 2833 2213 2887; x_wconf 85' lang='grc' dir='ltr'><strong>Β.</strong></span> <span class='ocrx_word' id='word_1_614' title='bbox 2254 2835 2365 2905; x_wconf 79' lang='grc' dir='ltr'><strong>Οὐχ</strong></span> <span class='ocrx_word' id='word_1_615' title='bbox 2419 2838 2621 2909; x_wconf 74' lang='grc' dir='ltr'>ἕπομαι</span> <span class='ocrx_word' id='word_1_616' title='bbox 2667 2840 2806 2907; x_wconf 84' lang='grc' dir='ltr'>λίαν,</span> <span class='ocrx_word' id='word_1_617' title='bbox 2858 2844 3160 2913; x_wconf 80' lang='grc' dir='ltr'>ἀναμαθεῖν</span> <span class='ocrx_word' id='word_1_618' title='bbox 3207 2848 3252 2900; x_wconf 78' lang='grc' dir='ltr'>δ’</span> <span class='ocrx_word' id='word_1_619' title='bbox 3298 2848 3368 2901; x_wconf 84' lang='grc' dir='ltr'>ἂν</span> <span class='ocrx_word' id='word_1_620' title='bbox 3422 2849 3679 2921; x_wconf 76' lang='grc' dir='ltr'>ἐθέλοιμι</span> 
     </span>
    </p>
   </div>
   <div class='ocr_carea' id='block_1_87' title="bbox 2082 2926 2288 2991">
    <p class='ocr_par' dir='ltr' id='par_1_87' title="bbox 2082 2926 2288 2991">
     <span class='ocr_line' id='line_1_87' title="bbox 2082 2926 2288 2991; baseline 0.024 -18"><span class='ocrx_word' id='word_1_621' title='bbox 2082 2926 2288 2991; x_wconf 72' lang='grc' dir='ltr'>σαφῶς.</span> 
     </span>
    </p>
   </div>
   <div class='ocr_carea' id='block_1_88' title="bbox 2149 3018 3677 3106">
    <p class='ocr_par' dir='ltr' id='par_1_88' title="bbox 2149 3018 3677 3106">
     <span class='ocr_line' id='line_1_88' title="bbox 2149 3018 3677 3106; baseline 0.015 -39"><span class='ocrx_word' id='word_1_622' title='bbox 2149 3019 2213 3068; x_wconf 75' lang='grc' dir='ltr'><strong>Α.</strong></span> <span class='ocrx_word' id='word_1_623' title='bbox 2247 3018 2520 3083; x_wconf 80' lang='grc' dir='ltr'>Ἰουδαίοις</span> <span class='ocrx_word' id='word_1_624' title='bbox 2559 3020 2662 3091; x_wconf 77' lang='grc' dir='ltr'><strong>ἔφη</strong></span> <span class='ocrx_word' id='word_1_625' title='bbox 2708 3025 3028 3096; x_wconf 77' lang='grc' dir='ltr'>προσλαλῶν</span> <span class='ocrx_word' id='word_1_626' title='bbox 3061 3030 3089 3080; x_wconf 89' lang='grc' dir='ltr'><strong>ὀ</strong></span> <span class='ocrx_word' id='word_1_627' title='bbox 3129 3030 3329 3100; x_wconf 77' lang='grc' dir='ltr'>Κύριος</span> <span class='ocrx_word' id='word_1_628' title='bbox 3363 3034 3537 3103; x_wconf 77' lang='grc' dir='ltr'>ἡμῶν</span> <span class='ocrx_word' id='word_1_629' title='bbox 3572 3038 3677 3106; x_wconf 77' lang='grc' dir='ltr'><strong>’1η-</strong></span> 
     </span>
    </p>
   </div>
   <div class='ocr_carea' id='block_1_89' title="bbox 2004 3105 3676 3197">
    <p class='ocr_par' dir='ltr' id='par_1_89' title="bbox 2004 3105 3676 3197">
     <span class='ocr_line' id='line_1_89' title="bbox 2004 3105 3676 3197; baseline 0.016 -42"><span class='ocrx_word' id='word_1_630' title='bbox 2004 3134 2046 3190; x_wconf 76' lang='lat' dir='ltr'><strong>c</strong></span> <span class='ocrx_word' id='word_1_631' title='bbox 2081 3105 2207 3169; x_wconf 81' lang='grc' dir='ltr'>σοῦς</span> <span class='ocrx_word' id='word_1_632' title='bbox 2254 3112 2281 3161; x_wconf 84' lang='grc' dir='ltr'><strong>ὁ</strong></span> <span class='ocrx_word' id='word_1_633' title='bbox 2332 3111 2587 3180; x_wconf 85' lang='grc' dir='ltr'>Χριστὸς,</span> <span class='ocrx_word' id='word_1_634' title='bbox 2648 3133 2667 3164; x_wconf 79' lang='grc' dir='ltr'><strong>ι</strong></span> <span class='ocrx_word' id='word_1_635' title='bbox 2701 3115 2763 3168; x_wconf 81' lang='grc' dir='ltr'><strong>Εἰ</strong></span> <span class='ocrx_word' id='word_1_636' title='bbox 2813 3118 2977 3171; x_wconf 83' lang='grc' dir='ltr'>τέκνα</span> <span class='ocrx_word' id='word_1_637' title='bbox 3013 3119 3109 3171; x_wconf 80' lang='grc' dir='ltr'>τοῦ</span> <span class='ocrx_word' id='word_1_638' title='bbox 3142 3122 3397 3195; x_wconf 79' lang='grc' dir='ltr'>Ἀϐραὰμ</span> <span class='ocrx_word' id='word_1_639' title='bbox 3440 3121 3573 3197; x_wconf 81' lang='grc' dir='ltr'>ἦτε,</span> <span class='ocrx_word' id='word_1_640' title='bbox 3606 3130 3676 3182; x_wconf 75' lang='grc' dir='ltr'>τὰ</span> 
     </span>
    </p>
   </div>
   <div class='ocr_carea' id='block_1_90' title="bbox 2079 3197 3672 3288">
    <p class='ocr_par' dir='ltr' id='par_1_90' title="bbox 2079 3197 3672 3288">
     <span class='ocr_line' id='line_1_90' title="bbox 2079 3197 3672 3288; baseline 0.014 -39"><span class='ocrx_word' id='word_1_641' title='bbox 2079 3197 2215 3268; x_wconf 80' lang='grc' dir='ltr'>ἔργα</span> <span class='ocrx_word' id='word_1_642' title='bbox 2246 3200 2336 3253; x_wconf 76' lang='grc' dir='ltr'>τοῦ</span> <span class='ocrx_word' id='word_1_643' title='bbox 2377 3203 2628 3275; x_wconf 78' lang='grc' dir='ltr'>Ἀϐραὰμ</span> <span class='ocrx_word' id='word_1_644' title='bbox 2656 3209 2889 3261; x_wconf 72' lang='grc' dir='ltr'>ἐποιεῖτε</span> <span class='ocrx_word' id='word_1_645' title='bbox 2943 3210 3010 3263; x_wconf 77' lang='grc' dir='ltr'>ἄν</span> <span class='ocrx_word' id='word_1_646' title='bbox 3037 3226 3051 3241; x_wconf 86' lang='grc'><strong>·</strong></span> <span class='ocrx_word' id='word_1_647' title='bbox 3088 3211 3182 3264; x_wconf 86' lang='grc' dir='ltr'>νῦν</span> <span class='ocrx_word' id='word_1_648' title='bbox 3231 3214 3289 3266; x_wconf 81' lang='grc' dir='ltr'>δὲ</span> <span class='ocrx_word' id='word_1_649' title='bbox 3332 3215 3563 3285; x_wconf 79' lang='grc' dir='ltr'>ζητεῖτέ</span> <span class='ocrx_word' id='word_1_650' title='bbox 3606 3237 3672 3288; x_wconf 80' lang='grc' dir='ltr'><strong>με</strong></span> 
     </span>
    </p>
   </div>
   <div class='ocr_carea' id='block_1_91' title="bbox 2077 3290 3669 3380">
    <p class='ocr_par' dir='ltr' id='par_1_91' title="bbox 2077 3290 3669 3380">
     <span class='ocr_line' id='line_1_91' title="bbox 2077 3290 3669 3380; baseline 0.015 -40"><span class='ocrx_word' id='word_1_651' title='bbox 2077 3290 2416 3356; x_wconf 84' lang='grc' dir='ltr'>ἀποκτεῖναι,</span> <span class='ocrx_word' id='word_1_652' title='bbox 2438 3296 2723 3367; x_wconf 81' lang='grc' dir='ltr'>ἄνθρωπον</span> <span class='ocrx_word' id='word_1_653' title='bbox 2744 3299 2799 3362; x_wconf 84' lang='grc' dir='ltr'>ὃς</span> <span class='ocrx_word' id='word_1_654' title='bbox 2820 3302 2919 3371; x_wconf 75' lang='grc' dir='ltr'>τὴν</span> <span class='ocrx_word' id='word_1_655' title='bbox 2936 3303 3193 3374; x_wconf 81' lang='grc' dir='ltr'>ἀλήθειαν</span> <span class='ocrx_word' id='word_1_656' title='bbox 3212 3306 3341 3376; x_wconf 85' lang='grc' dir='ltr'>ὑμῖν</span> <span class='ocrx_word' id='word_1_657' title='bbox 3362 3307 3669 3380; x_wconf 78' lang='grc' dir='ltr'>λελάληκα,</span> 
     </span>
    </p>
   </div>
   <div class='ocr_carea' id='block_1_92' title="bbox 2078 3382 3673 3468">
    <p class='ocr_par' dir='ltr' id='par_1_92' title="bbox 2078 3382 3673 3468">
     <span class='ocr_line' id='line_1_92' title="bbox 2078 3382 3673 3468; baseline 0.015 -35"><span class='ocrx_word' id='word_1_658' title='bbox 2078 3382 2234 3436; x_wconf 82' lang='grc' dir='ltr'>τοῦτο</span> <span class='ocrx_word' id='word_1_659' title='bbox 2278 3386 2530 3457; x_wconf 74' lang='grc' dir='ltr'>’Λϐραὰμ</span> <span class='ocrx_word' id='word_1_660' title='bbox 2557 3391 2658 3443; x_wconf 86' lang='grc' dir='ltr'><strong>οὑκ</strong></span> <span class='ocrx_word' id='word_1_661' title='bbox 2685 3393 2926 3465; x_wconf 78' lang='grc' dir='ltr'>εποίησε.</span> <span class='ocrx_word' id='word_1_662' title='bbox 2961 3415 2979 3447; x_wconf 77' lang='grc' dir='ltr'>ι</span> <span class='ocrx_word' id='word_1_663' title='bbox 3014 3398 3219 3468; x_wconf 78' lang='grc' dir='ltr'>Γράφει</span> <span class='ocrx_word' id='word_1_664' title='bbox 3249 3400 3304 3452; x_wconf 81' lang='grc' dir='ltr'>δὲ</span> <span class='ocrx_word' id='word_1_665' title='bbox 3333 3404 3432 3453; x_wconf 77' lang='grc' dir='ltr'>καὶ</span> <span class='ocrx_word' id='word_1_666' title='bbox 3466 3405 3499 3456; x_wconf 81' lang='grc' dir='ltr'><strong>ό</strong></span> <span class='ocrx_word' id='word_1_667' title='bbox 3525 3404 3673 3457; x_wconf 78' lang='grc' dir='ltr'><strong>Παῦ-</strong></span> 
     </span>
    </p>
   </div>
   <div class='ocr_carea' id='block_1_93' title="bbox 2077 3471 3669 3564">
    <p class='ocr_par' dir='ltr' id='par_1_93' title="bbox 2077 3471 3669 3564">
     <span class='ocr_line' id='line_1_93' title="bbox 2077 3471 3669 3564; baseline 0.016 -42"><span class='ocrx_word' id='word_1_668' title='bbox 2077 3471 2166 3535; x_wconf 86' lang='grc' dir='ltr'><strong>λος</strong></span> <span class='ocrx_word' id='word_1_669' title='bbox 2200 3475 2327 3544; x_wconf 78' lang='grc' dir='ltr'>περὶ</span> <span class='ocrx_word' id='word_1_670' title='bbox 2374 3478 2557 3543; x_wconf 75' lang='grc' dir='ltr'>αὐτοῦ,</span> <span class='ocrx_word' id='word_1_671' title='bbox 2596 3483 2728 3545; x_wconf 74' lang='grc' dir='ltr'><strong>(Ὃς</strong></span> <span class='ocrx_word' id='word_1_672' title='bbox 2762 3485 2820 3535; x_wconf 81' lang='grc' dir='ltr'>ἐν</span> <span class='ocrx_word' id='word_1_673' title='bbox 2867 3488 2985 3549; x_wconf 80' lang='grc' dir='ltr'>ταῖς</span> <span class='ocrx_word' id='word_1_674' title='bbox 3032 3488 3264 3559; x_wconf 77' lang='grc' dir='ltr'>ἡμέραις</span> <span class='ocrx_word' id='word_1_675' title='bbox 3307 3493 3411 3560; x_wconf 83' lang='grc' dir='ltr'>τῆς</span> <span class='ocrx_word' id='word_1_676' title='bbox 3462 3496 3669 3564; x_wconf 70' lang='grc' dir='ltr'>σαρκὸς</span> 
     </span>
    </p>
   </div>
   <div class='ocr_carea' id='block_1_94' title="bbox 2076 3562 3669 3653">
    <p class='ocr_par' dir='ltr' id='par_1_94' title="bbox 2076 3562 3669 3653">
     <span class='ocr_line' id='line_1_94' title="bbox 2076 3562 3669 3653; baseline 0.017 -41"><span class='ocrx_word' id='word_1_677' title='bbox 2076 3562 2264 3627; x_wconf 79' lang='grc' dir='ltr'>αὑτοῦ,</span> <span class='ocrx_word' id='word_1_678' title='bbox 2294 3565 2507 3634; x_wconf 87' lang='grc' dir='ltr'>δεήσεις</span> <span class='ocrx_word' id='word_1_679' title='bbox 2534 3586 2594 3622; x_wconf 84' lang='grc' dir='ltr'><strong>τε</strong></span> <span class='ocrx_word' id='word_1_680' title='bbox 2645 3572 2739 3624; x_wconf 78' lang='grc' dir='ltr'><strong>καὶ</strong></span> <span class='ocrx_word' id='word_1_681' title='bbox 2786 3575 3065 3647; x_wconf 82' lang='grc' dir='ltr'>ἱκετηρίας</span> <span class='ocrx_word' id='word_1_682' title='bbox 3094 3579 3226 3649; x_wconf 77' lang='grc' dir='ltr'>πρὸς</span> <span class='ocrx_word' id='word_1_683' title='bbox 3250 3580 3338 3633; x_wconf 81' lang='grc' dir='ltr'><strong>τὸν</strong></span> <span class='ocrx_word' id='word_1_684' title='bbox 3361 3562 3669 3653; x_wconf 60' lang='grc' dir='ltr'>δυνάμενον</span> 
     </span>
    </p>
   </div>
   <div class='ocr_carea' id='block_1_95' title="bbox 2080 3657 3668 3748">
    <p class='ocr_par' dir='ltr' id='par_1_95' title="bbox 2080 3657 3668 3748">
     <span class='ocr_line' id='line_1_95' title="bbox 2080 3657 3668 3748; baseline 0.013 -39"><span class='ocrx_word' id='word_1_685' title='bbox 2080 3657 2273 3722; x_wconf 78' lang='grc' dir='ltr'>σώζειν</span> <span class='ocrx_word' id='word_1_686' title='bbox 2299 3662 2461 3715; x_wconf 86' lang='grc' dir='ltr'>αὑτὸν</span> <span class='ocrx_word' id='word_1_687' title='bbox 2488 3665 2552 3717; x_wconf 76' lang='grc' dir='ltr'>ἐκ</span> <span class='ocrx_word' id='word_1_688' title='bbox 2573 3666 2823 3734; x_wconf 82' lang='grc' dir='ltr'>θανάτου,</span> <span class='ocrx_word' id='word_1_689' title='bbox 2858 3670 2998 3741; x_wconf 81' lang='grc' dir='ltr'>μετὰ</span> <span class='ocrx_word' id='word_1_690' title='bbox 3028 3674 3275 3745; x_wconf 78' lang='grc' dir='ltr'>κραυγῆς</span> <span class='ocrx_word' id='word_1_691' title='bbox 3307 3678 3556 3748; x_wconf 71' lang='grc' dir='ltr'>ἰσχυρᾶς</span> <span class='ocrx_word' id='word_1_692' title='bbox 3576 3682 3668 3733; x_wconf 73' lang='grc' dir='ltr'><strong>καὶ</strong></span> 
     </span>
    </p>
   </div>
   <div class='ocr_carea' id='block_1_96' title="bbox 2077 3749 3668 3841">
    <p class='ocr_par' dir='ltr' id='par_1_96' title="bbox 2077 3749 3668 3841">
     <span class='ocr_line' id='line_1_96' title="bbox 2077 3749 3668 3841; baseline 0.017 -40"><span class='ocrx_word' id='word_1_693' title='bbox 2077 3749 2328 3822; x_wconf 78' lang='grc' dir='ltr'>δακρύων</span> <span class='ocrx_word' id='word_1_694' title='bbox 2381 3759 2772 3828; x_wconf 72' lang='grc' dir='ltr'>προσενέγκας,</span> <span class='ocrx_word' id='word_1_695' title='bbox 2828 3762 2923 3816; x_wconf 76' lang='grc' dir='ltr'><strong>καὶ</strong></span> <span class='ocrx_word' id='word_1_696' title='bbox 2978 3766 3354 3831; x_wconf 72' lang='grc' dir='ltr'>εἰσακουσθεὶς</span> <span class='ocrx_word' id='word_1_697' title='bbox 3407 3771 3528 3825; x_wconf 70' lang='grc' dir='ltr'>ἀπὸ</span> <span class='ocrx_word' id='word_1_698' title='bbox 3572 3774 3668 3841; x_wconf 73' lang='grc' dir='ltr'>τῆς</span> 
     </span>
    </p>
   </div>
   <div class='ocr_carea' id='block_1_97' title="bbox 2077 3844 3668 3929">
    <p class='ocr_par' dir='ltr' id='par_1_97' title="bbox 2077 3844 3668 3929">
     <span class='ocr_line' id='line_1_97' title="bbox 2077 3844 3668 3929; baseline 0.016 -36"><span class='ocrx_word' id='word_1_699' title='bbox 2077 3844 2379 3912; x_wconf 76' lang='grc' dir='ltr'>εὐλαϐείας,</span> <span class='ocrx_word' id='word_1_700' title='bbox 2432 3851 2632 3922; x_wconf 77' lang='grc' dir='ltr'>καίπερ</span> <span class='ocrx_word' id='word_1_701' title='bbox 2676 3852 2751 3905; x_wconf 77' lang='grc' dir='ltr'>ὢν</span> <span class='ocrx_word' id='word_1_702' title='bbox 2787 3854 2933 3920; x_wconf 76' lang='grc' dir='ltr'>Υίὸς,</span> <span class='ocrx_word' id='word_1_703' title='bbox 2982 3858 3185 3928; x_wconf 67' lang='grc' dir='ltr'>ἔμαθεν</span> <span class='ocrx_word' id='word_1_704' title='bbox 3240 3861 3332 3929; x_wconf 78' lang='grc' dir='ltr'><strong>ἀφ’</strong></span> <span class='ocrx_word' id='word_1_705' title='bbox 3371 3856 3450 3915; x_wconf 80' lang='grc' dir='ltr'>ὧν</span> <span class='ocrx_word' id='word_1_706' title='bbox 3497 3866 3668 3929; x_wconf 66' lang='grc' dir='ltr'>ἔπαθε</span> 
     </span>
    </p>
   </div>
   <div class='ocr_carea' id='block_1_98' title="bbox 2075 3934 3668 4023">
    <p class='ocr_par' dir='ltr' id='par_1_98' title="bbox 2075 3934 3668 4023">
     <span class='ocr_line' id='line_1_98' title="bbox 2075 3934 3668 4023; baseline 0.016 -39"><span class='ocrx_word' id='word_1_707' title='bbox 2075 3934 2173 4003; x_wconf 80' lang='grc' dir='ltr'>τὴν</span> <span class='ocrx_word' id='word_1_708' title='bbox 2222 3936 2487 4009; x_wconf 79' lang='grc' dir='ltr'>ὑπακοήν.</span> <span class='ocrx_word' id='word_1_709' title='bbox 2517 3958 2535 3989; x_wconf 78' lang='grc' dir='ltr'>ι</span> <span class='ocrx_word' id='word_1_710' title='bbox 2564 3937 2690 4013; x_wconf 74' lang='lat' dir='ltr'><strong>&#39;Ap‘</strong></span> <span class='ocrx_word' id='word_1_711' title='bbox 2719 3940 2813 3997; x_wconf 80' lang='grc' dir='ltr'>οὖν</span> <span class='ocrx_word' id='word_1_712' title='bbox 2869 3947 3155 4020; x_wconf 79' lang='grc' dir='ltr'>ἄνθρωπον</span> <span class='ocrx_word' id='word_1_713' title='bbox 3203 3952 3335 4004; x_wconf 81' lang='grc' dir='ltr'>αὐτὸ</span> <span class='ocrx_word' id='word_1_714' title='bbox 3386 3954 3451 4023; x_wconf 82' lang='grc' dir='ltr'>δὴ</span> <span class='ocrx_word' id='word_1_715' title='bbox 3510 3958 3668 4009; x_wconf 70' lang='grc' dir='ltr'>τοῦτο</span> 
     </span>
    </p>
   </div>
   <div class='ocr_carea' id='block_1_99' title="bbox 2075 4026 3670 4115">
    <p class='ocr_par' dir='ltr' id='par_1_99' title="bbox 2075 4026 3670 4115">
     <span class='ocr_line' id='line_1_99' title="bbox 2075 4026 3670 4115; baseline 0.016 -37"><span class='ocrx_word' id='word_1_716' title='bbox 2075 4026 2251 4096; x_wconf 73' lang='grc' dir='ltr'>ψιλὸν,</span> <span class='ocrx_word' id='word_1_717' title='bbox 2284 4031 2375 4083; x_wconf 80' lang='grc' dir='ltr'><strong>καὶ</strong></span> <span class='ocrx_word' id='word_1_718' title='bbox 2408 4035 2528 4086; x_wconf 88' lang='grc' dir='ltr'>κατ’</span> <span class='ocrx_word' id='word_1_719' title='bbox 2552 4035 2741 4089; x_wconf 83' lang='grc' dir='ltr'>οὐδένα</span> <span class='ocrx_word' id='word_1_720' title='bbox 2769 4040 2971 4110; x_wconf 83' lang='grc' dir='ltr'>τρόπον</span> <span class='ocrx_word' id='word_1_721' title='bbox 3001 4044 3339 4115; x_wconf 79' lang='grc' dir='ltr'>ἀνεστηκότα</span> <span class='ocrx_word' id='word_1_722' title='bbox 3380 4048 3497 4102; x_wconf 82' lang='grc' dir='ltr'><strong>τῶν</strong></span> <span class='ocrx_word' id='word_1_723' title='bbox 3536 4052 3670 4104; x_wconf 72' lang='grc' dir='ltr'>καθ’</span> 
     </span>
    </p>
   </div>
   <div class='ocr_carea' id='block_1_100' title="bbox 2079 4124 3019 4204">
    <p class='ocr_par' dir='ltr' id='par_1_100' title="bbox 2079 4124 3019 4204">
     <span class='ocr_line' id='line_1_100' title="bbox 2079 4124 3019 4204; baseline 0.019 -32"><span class='ocrx_word' id='word_1_724' title='bbox 2079 4124 2221 4191; x_wconf 73' lang='grc' dir='ltr'>ἡμᾶς</span> <span class='ocrx_word' id='word_1_725' title='bbox 2260 4124 2593 4197; x_wconf 75' lang='grc' dir='ltr'>λογιούμεοα</span> <span class='ocrx_word' id='word_1_726' title='bbox 2628 4132 2718 4185; x_wconf 82' lang='grc' dir='ltr'><strong>τὸν</strong></span> <span class='ocrx_word' id='word_1_727' title='bbox 2756 4134 3019 4204; x_wconf 78' lang='grc' dir='ltr'>Χριστόν;</span> 
     </span>
    </p>
   </div>
   <div class='ocr_carea' id='block_1_101' title="bbox 2149 4217 2605 4288">
    <p class='ocr_par' dir='ltr' id='par_1_101' title="bbox 2149 4217 2605 4288">
     <span class='ocr_line' id='line_1_101' title="bbox 2149 4217 2605 4288; baseline 0.022 -21"><span class='ocrx_word' id='word_1_728' title='bbox 2149 4217 2209 4271; x_wconf 91' lang='grc' dir='ltr'><strong>Β.</strong></span> <span class='ocrx_word' id='word_1_729' title='bbox 2250 4219 2339 4288; x_wconf 83' lang='grc' dir='ltr'><strong>Μὴ</strong></span> <span class='ocrx_word' id='word_1_730' title='bbox 2379 4222 2605 4287; x_wconf 81' lang='grc' dir='ltr'>γένοιτο.</span> 
     </span>
    </p>
   </div>
   <div class='ocr_carea' id='block_1_102' title="bbox 2146 4307 3669 4398">
    <p class='ocr_par' dir='ltr' id='par_1_102' title="bbox 2146 4307 3669 4398">
     <span class='ocr_line' id='line_1_102' title="bbox 2146 4307 3669 4398; baseline 0.017 -38"><span class='ocrx_word' id='word_1_731' title='bbox 2146 4307 2208 4361; x_wconf 83' lang='grc' dir='ltr'><strong>Α.</strong></span> <span class='ocrx_word' id='word_1_732' title='bbox 2253 4312 2363 4381; x_wconf 86' lang='grc' dir='ltr'><strong>Τὴν</strong></span> <span class='ocrx_word' id='word_1_733' title='bbox 2387 4313 2442 4366; x_wconf 84' lang='grc' dir='ltr'><strong>δὲ</strong></span> <span class='ocrx_word' id='word_1_734' title='bbox 2464 4316 2557 4369; x_wconf 76' lang='grc' dir='ltr'>τοῦ</span> <span class='ocrx_word' id='word_1_735' title='bbox 2592 4317 2724 4372; x_wconf 80' lang='grc' dir='ltr'>Θεοῦ</span> <span class='ocrx_word' id='word_1_736' title='bbox 2760 4322 2951 4390; x_wconf 64' lang='grc' dir='ltr'>σοφίαν</span> <span class='ocrx_word' id='word_1_737' title='bbox 2980 4325 3074 4378; x_wconf 69' lang='grc' dir='ltr'>καὶ</span> <span class='ocrx_word' id='word_1_738' title='bbox 3102 4321 3352 4398; x_wconf 74' lang='grc' dir='ltr'>δύναμιν,</span> <span class='ocrx_word' id='word_1_739' title='bbox 3372 4329 3669 4395; x_wconf 77' lang='grc' dir='ltr'>ἀσθενειας</span> 
     </span>
    </p>
   </div>
   <div class='ocr_carea' id='block_1_103' title="bbox 2074 4401 3669 4491">
    <p class='ocr_par' dir='ltr' id='par_1_103' title="bbox 2074 4401 3669 4491">
     <span class='ocr_line' id='line_1_103' title="bbox 2074 4401 3669 4491; baseline 0.018 -40"><span class='ocrx_word' id='word_1_740' title='bbox 2074 4401 2156 4463; x_wconf 88' lang='grc' dir='ltr'>εἰς</span> <span class='ocrx_word' id='word_1_741' title='bbox 2203 4403 2361 4457; x_wconf 80' lang='grc' dir='ltr'>τοῦτο</span> <span class='ocrx_word' id='word_1_742' title='bbox 2404 4408 2729 4465; x_wconf 81' lang='grc' dir='ltr'>καθικέσθαι</span> <span class='ocrx_word' id='word_1_743' title='bbox 2759 4414 3025 4486; x_wconf 81' lang='grc' dir='ltr'>δώσομεν,</span> <span class='ocrx_word' id='word_1_744' title='bbox 3059 4418 3134 4480; x_wconf 83' lang='grc' dir='ltr'>ὡς</span> <span class='ocrx_word' id='word_1_745' title='bbox 3167 4418 3397 4474; x_wconf 83' lang='grc' dir='ltr'>δεδιέναι</span> <span class='ocrx_word' id='word_1_746' title='bbox 3428 4423 3542 4491; x_wconf 81' lang='grc' dir='ltr'>μὲν</span> <span class='ocrx_word' id='word_1_747' title='bbox 3571 4425 3669 4481; x_wconf 63' lang='lat' dir='ltr'><strong>0d-</strong></span> 
     </span>
    </p>
   </div>
   <div class='ocr_carea' id='block_1_104' title="bbox 2077 4681 3667 4774">
    <p class='ocr_par' dir='ltr' id='par_1_104' title="bbox 2077 4681 3667 4774">
     <span class='ocr_line' id='line_1_104' title="bbox 2077 4681 3667 4774; baseline 0.019 -47"><span class='ocrx_word' id='word_1_748' title='bbox 2077 4681 2351 4751; x_wconf 82' lang='grc' dir='ltr'>μανουήλ;</span> <span class='ocrx_word' id='word_1_749' title='bbox 2408 4684 2441 4755; x_wconf 78' lang='grc' dir='ltr'>ἢ</span> <span class='ocrx_word' id='word_1_750' title='bbox 2492 4689 2914 4759; x_wconf 86' lang='grc' dir='ltr'>περιτρέποντες</span> <span class='ocrx_word' id='word_1_751' title='bbox 2963 4697 3043 4757; x_wconf 84' lang='grc' dir='ltr'>εἰς</span> <span class='ocrx_word' id='word_1_752' title='bbox 3085 4699 3185 4766; x_wconf 73' lang='grc' dir='ltr'>τὴν</span> <span class='ocrx_word' id='word_1_753' title='bbox 3227 4681 3667 4774; x_wconf 14' lang='grc' dir='ltr'>ἀνθρωπύτητῗα,</span> 
     </span>
    </p>
   </div>
   <div class='ocr_carea' id='block_1_105' title="bbox 2074 4772 3667 4864">
    <p class='ocr_par' dir='ltr' id='par_1_105' title="bbox 2074 4772 3667 4864">
     <span class='ocr_line' id='line_1_105' title="bbox 2074 4772 3667 4864; baseline 0.019 -43"><span class='ocrx_word' id='word_1_754' title='bbox 2074 4772 2168 4822; x_wconf 71' lang='grc' dir='ltr'><strong>καὶ</strong></span> <span class='ocrx_word' id='word_1_755' title='bbox 2216 4775 2294 4835; x_wconf 84' lang='grc' dir='ltr'><strong>είς</strong></span> <span class='ocrx_word' id='word_1_756' title='bbox 2345 4775 2543 4847; x_wconf 81' lang='grc' dir='ltr'>μέτρον</span> <span class='ocrx_word' id='word_1_757' title='bbox 2580 4781 2793 4849; x_wconf 81' lang='grc' dir='ltr'>φύσεως</span> <span class='ocrx_word' id='word_1_758' title='bbox 2820 4783 2922 4854; x_wconf 81' lang='grc' dir='ltr'>τῆς</span> <span class='ocrx_word' id='word_1_759' title='bbox 2954 4786 3072 4839; x_wconf 86' lang='grc' dir='ltr'>καθ’</span> <span class='ocrx_word' id='word_1_760' title='bbox 3101 4790 3246 4860; x_wconf 75' lang='grc' dir='ltr'>ἡμᾶς</span> <span class='ocrx_word' id='word_1_761' title='bbox 3289 4791 3352 4844; x_wconf 83' lang='grc' dir='ltr'><strong>τὸ</strong></span> <span class='ocrx_word' id='word_1_762' title='bbox 3387 4796 3448 4847; x_wconf 77' lang='grc' dir='ltr'>ἐν</span> <span class='ocrx_word' id='word_1_763' title='bbox 3483 4772 3667 4864; x_wconf 72' lang='grc' dir='ltr'>λόγοις</span> 
     </span>
    </p>
   </div>
   <div class='ocr_carea' id='block_1_106' title="bbox 2076 4869 3667 4953">
    <p class='ocr_par' dir='ltr' id='par_1_106' title="bbox 2076 4869 3667 4953">
     <span class='ocr_line' id='line_1_106' title="bbox 2076 4869 3667 4953; baseline 0.017 -40"><span class='ocrx_word' id='word_1_764' title='bbox 2076 4869 2508 4953; x_wconf 58' lang='grc' dir='ltr'>σμικροπρεπὲς,</span> <span class='ocrx_word' id='word_1_765' title='bbox 2540 4870 2811 4943; x_wconf 83' lang='grc' dir='ltr'>δράσομέν</span> <span class='ocrx_word' id='word_1_766' title='bbox 2847 4893 2898 4929; x_wconf 83' lang='grc' dir='ltr'><strong>τι</strong></span> <span class='ocrx_word' id='word_1_767' title='bbox 2945 4877 3051 4931; x_wconf 81' lang='grc' dir='ltr'><strong>τῶν</strong></span> <span class='ocrx_word' id='word_1_768' title='bbox 3100 4882 3547 4953; x_wconf 76' lang='grc' dir='ltr'>ἐπαινουμένων,</span> <span class='ocrx_word' id='word_1_769' title='bbox 3578 4894 3667 4943; x_wconf 72' lang='grc' dir='ltr'><strong>καὶ</strong></span> 
     </span>
    </p>
   </div>
   <div class='ocr_carea' id='block_1_107' title="bbox 2070 4947 3667 5048">
    <p class='ocr_par' dir='ltr' id='par_1_107' title="bbox 2070 4947 3667 5048">
     <span class='ocr_line' id='line_1_107' title="bbox 2070 4947 3667 5048; baseline 0.018 -45"><span class='ocrx_word' id='word_1_770' title='bbox 2070 4951 2129 5016; x_wconf 81' lang='grc' dir='ltr'>ἐξ</span> <span class='ocrx_word' id='word_1_771' title='bbox 2157 4947 2231 5006; x_wconf 79' lang='grc' dir='ltr'>ὧν</span> <span class='ocrx_word' id='word_1_772' title='bbox 2257 4956 2373 5008; x_wconf 83' lang='grc' dir='ltr'>ἐστι</span> <span class='ocrx_word' id='word_1_773' title='bbox 2401 4958 2549 5024; x_wconf 82' lang='grc' dir='ltr'>Θεὸς,</span> <span class='ocrx_word' id='word_1_774' title='bbox 2579 4961 2678 5032; x_wconf 82' lang='grc' dir='ltr'><strong>τὴν</strong></span> <span class='ocrx_word' id='word_1_775' title='bbox 2701 4964 3071 5037; x_wconf 83' lang='grc' dir='ltr'>ὑπερκόσμιον</span> <span class='ocrx_word' id='word_1_776' title='bbox 3100 4970 3265 5023; x_wconf 79' lang='grc' dir='ltr'>αὐτοῦ</span> <span class='ocrx_word' id='word_1_777' title='bbox 3297 4977 3667 5048; x_wconf 61' lang='grc' dir='ltr'>κατοψόμεθα</span> 
     </span>
    </p>
   </div>
   <div class='ocr_carea' id='block_1_108' title="bbox 2066 5044 3666 5134">
    <p class='ocr_par' dir='ltr' id='par_1_108' title="bbox 2066 5044 3666 5134">
     <span class='ocr_line' id='line_1_108' title="bbox 2066 5044 3666 5134; baseline 0.018 -38"><span class='ocrx_word' id='word_1_778' title='bbox 2066 5044 2243 5113; x_wconf 85' lang='grc' dir='ltr'>δόξαν,</span> <span class='ocrx_word' id='word_1_779' title='bbox 2279 5049 2369 5101; x_wconf 73' lang='grc' dir='ltr'><strong>τὸν</strong></span> <span class='ocrx_word' id='word_1_780' title='bbox 2420 5052 2582 5104; x_wconf 82' lang='grc' dir='ltr'>αὐτὸν</span> <span class='ocrx_word' id='word_1_781' title='bbox 2629 5049 2767 5109; x_wconf 86' lang='grc' dir='ltr'>εἶναι</span> <span class='ocrx_word' id='word_1_782' title='bbox 2823 5060 3070 5124; x_wconf 85' lang='grc' dir='ltr'>συνέντες</span> <span class='ocrx_word' id='word_1_783' title='bbox 3115 5062 3407 5134; x_wconf 83' lang='grc' dir='ltr'>ἄνθρωπόν</span> <span class='ocrx_word' id='word_1_784' title='bbox 3451 5086 3522 5122; x_wconf 84' lang='grc' dir='ltr'><strong>τε</strong></span> <span class='ocrx_word' id='word_1_785' title='bbox 3576 5076 3666 5125; x_wconf 67' lang='grc' dir='ltr'><strong>καὶ</strong></span> 
     </span>
    </p>
   </div>
   <div class='ocr_carea' id='block_1_109' title="bbox 2067 5135 3057 5221">
    <p class='ocr_par' dir='ltr' id='par_1_109' title="bbox 2067 5135 3057 5221">
     <span class='ocr_line' id='line_1_109' title="bbox 2067 5135 3057 5221; baseline 0.019 -36"><span class='ocrx_word' id='word_1_786' title='bbox 2067 5135 2218 5202; x_wconf 62' lang='lat' dir='ltr'><strong>eam,</strong></span> <span class='ocrx_word' id='word_1_787' title='bbox 2255 5139 2375 5209; x_wconf 73' lang='grc' dir='ltr'>ἦτοι</span> <span class='ocrx_word' id='word_1_788' title='bbox 2408 5142 2539 5196; x_wconf 84' lang='grc' dir='ltr'>Θεὸν</span> <span class='ocrx_word' id='word_1_789' title='bbox 2565 5146 3057 5221; x_wconf 73' lang='grc' dir='ltr'>ὲνηνθρωπηκότας</span> 
     </span>
    </p>
   </div>
   <div class='ocr_carea' id='block_1_110' title="bbox 2136 5227 2647 5301">
    <p class='ocr_par' dir='ltr' id='par_1_110' title="bbox 2136 5227 2647 5301">
     <span class='ocr_line' id='line_1_110' title="bbox 2136 5227 2647 5301; baseline 0.023 -24"><span class='ocrx_word' id='word_1_790' title='bbox 2136 5227 2195 5283; x_wconf 88' lang='grc' dir='ltr'>Β.</span> <span class='ocrx_word' id='word_1_791' title='bbox 2235 5231 2445 5301; x_wconf 84' lang='grc' dir='ltr'>Φράσον</span> <span class='ocrx_word' id='word_1_792' title='bbox 2482 5234 2647 5298; x_wconf 84' lang='grc' dir='ltr'>ὅπως.</span> 
     </span>
    </p>
   </div>
   <div class='ocr_carea' id='block_1_111' title="bbox 2133 5320 3663 5413">
    <p class='ocr_par' dir='ltr' id='par_1_111' title="bbox 2133 5320 3663 5413">
     <span class='ocr_line' id='line_1_111' title="bbox 2133 5320 3663 5413; baseline 0.02 -42"><span class='ocrx_word' id='word_1_793' title='bbox 2133 5320 2198 5373; x_wconf 79' lang='grc' dir='ltr'><strong>Α.</strong></span> <span class='ocrx_word' id='word_1_794' title='bbox 2231 5321 2440 5377; x_wconf 86' lang='grc' dir='ltr'>Ἦκέτω</span> <span class='ocrx_word' id='word_1_795' title='bbox 2482 5326 2546 5397; x_wconf 82' lang='grc' dir='ltr'>δὴ</span> <span class='ocrx_word' id='word_1_796' title='bbox 2590 5324 2684 5381; x_wconf 76' lang='grc' dir='ltr'><strong>οὖν</strong></span> <span class='ocrx_word' id='word_1_797' title='bbox 2724 5332 2803 5394; x_wconf 85' lang='grc' dir='ltr'>εἰς</span> <span class='ocrx_word' id='word_1_798' title='bbox 2837 5333 2999 5403; x_wconf 88' lang='grc' dir='ltr'>μέσον</span> <span class='ocrx_word' id='word_1_799' title='bbox 3029 5338 3184 5407; x_wconf 80' lang='grc' dir='ltr'>ἡμῖν,</span> <span class='ocrx_word' id='word_1_800' title='bbox 3214 5339 3242 5391; x_wconf 87' lang='grc' dir='ltr'><strong>ὁ</strong></span> <span class='ocrx_word' id='word_1_801' title='bbox 3271 5340 3663 5413; x_wconf 78' lang='grc' dir='ltr'>δοκιμώτατος</span> 
     </span>
    </p>
   </div>
   <div class='ocr_carea' id='block_1_112' title="bbox 2066 5410 3659 5508">
    <p class='ocr_par' dir='ltr' id='par_1_112' title="bbox 2066 5410 3659 5508">
     <span class='ocr_line' id='line_1_112' title="bbox 2066 5410 3659 5508; baseline 0.017 -46"><span class='ocrx_word' id='word_1_802' title='bbox 2066 5410 2296 5476; x_wconf 80' lang='grc' dir='ltr'>Παῦλος,</span> <span class='ocrx_word' id='word_1_803' title='bbox 2325 5418 2480 5468; x_wconf 80' lang='grc' dir='ltr'>ταυτὶ</span> <span class='ocrx_word' id='word_1_804' title='bbox 2506 5418 2644 5487; x_wconf 80' lang='grc' dir='ltr'>βοῶν</span> <span class='ocrx_word' id='word_1_805' title='bbox 2669 5438 2726 5474; x_wconf 86' lang='grc' dir='ltr'><strong>τε</strong></span> <span class='ocrx_word' id='word_1_806' title='bbox 2751 5427 2842 5477; x_wconf 77' lang='grc' dir='ltr'><strong>καὶ</strong></span> <span class='ocrx_word' id='word_1_807' title='bbox 2863 5425 3056 5495; x_wconf 84' lang='grc' dir='ltr'>λέγων·</span> <span class='ocrx_word' id='word_1_808' title='bbox 3093 5446 3112 5480; x_wconf 76' lang='grc' dir='ltr'>σ</span> <span class='ocrx_word' id='word_1_809' title='bbox 3143 5431 3346 5498; x_wconf 78' lang='grc' dir='ltr'>Σοφίαν</span> <span class='ocrx_word' id='word_1_810' title='bbox 3373 5410 3659 5508; x_wconf 71' lang='grc' dir='ltr'>λαλοῦμεν</span> 
     </span>
    </p>
   </div>
   <div class='ocr_carea' id='block_1_113' title="bbox 2064 5505 3653 5593">
    <p class='ocr_par' dir='ltr' id='par_1_113' title="bbox 2064 5505 3653 5593">
     <span class='ocr_line' id='line_1_113' title="bbox 2064 5505 3653 5593; baseline 0.018 -39"><span class='ocrx_word' id='word_1_811' title='bbox 2064 5505 2119 5556; x_wconf 83' lang='grc' dir='ltr'>ὲν</span> <span class='ocrx_word' id='word_1_812' title='bbox 2164 5509 2276 5569; x_wconf 83' lang='grc' dir='ltr'>τοῖς</span> <span class='ocrx_word' id='word_1_813' title='bbox 2321 5508 2567 5578; x_wconf 84' lang='grc' dir='ltr'>τελείοις,</span> <span class='ocrx_word' id='word_1_814' title='bbox 2603 5516 2796 5582; x_wconf 78' lang='grc' dir='ltr'>σοφίαν</span> <span class='ocrx_word' id='word_1_815' title='bbox 2837 5518 2895 5571; x_wconf 81' lang='grc' dir='ltr'>δὲ</span> <span class='ocrx_word' id='word_1_816' title='bbox 2940 5520 3000 5571; x_wconf 76' lang='grc' dir='ltr'>οὐ</span> <span class='ocrx_word' id='word_1_817' title='bbox 3047 5518 3141 5573; x_wconf 81' lang='grc' dir='ltr'>τοῦ</span> <span class='ocrx_word' id='word_1_818' title='bbox 3195 5523 3397 5589; x_wconf 76' lang='grc' dir='ltr'>αἰῶνος</span> <span class='ocrx_word' id='word_1_819' title='bbox 3429 5529 3653 5593; x_wconf 66' lang='grc' dir='ltr'>τούτου,</span> 
     </span>
    </p>
   </div>
   <div class='ocr_carea' id='block_1_114' title="bbox 2061 5598 3654 5692">
    <p class='ocr_par' dir='ltr' id='par_1_114' title="bbox 2061 5598 3654 5692">
     <span class='ocr_line' id='line_1_114' title="bbox 2061 5598 3654 5692; baseline 0.016 -40"><span class='ocrx_word' id='word_1_820' title='bbox 2061 5598 2177 5652; x_wconf 77' lang='grc' dir='ltr'>οὐδὲ</span> <span class='ocrx_word' id='word_1_821' title='bbox 2202 5600 2309 5655; x_wconf 84' lang='grc' dir='ltr'><strong>τῶν</strong></span> <span class='ocrx_word' id='word_1_822' title='bbox 2338 5603 2612 5674; x_wconf 86' lang='grc' dir='ltr'>ἀρχόντων</span> <span class='ocrx_word' id='word_1_823' title='bbox 2639 5608 2732 5660; x_wconf 74' lang='grc' dir='ltr'>τοῦ</span> <span class='ocrx_word' id='word_1_824' title='bbox 2764 5610 2957 5675; x_wconf 83' lang='grc' dir='ltr'>αἰῶνος</span> <span class='ocrx_word' id='word_1_825' title='bbox 2987 5613 3175 5666; x_wconf 81' lang='grc' dir='ltr'>τούτου</span> <span class='ocrx_word' id='word_1_826' title='bbox 3200 5615 3308 5669; x_wconf 84' lang='grc' dir='ltr'><strong>τῶν</strong></span> <span class='ocrx_word' id='word_1_827' title='bbox 3334 5635 3654 5692; x_wconf 74' lang='grc' dir='ltr'>καταργου-</span> 
     </span>
    </p>
   </div>
  </div>
