3846 6210
193 290 213 343 l
225 289 330 344 225

1284 296 1372 347 DL
1414 298 1926 358 IMAIitVA'I'IUMa
1968 306 2341 363 UNIGEMTI.

3300 327 3325 380 1
3337 328 3436 383 ἳὲθ

190 382 391 451 μένων,
419 380 557 436 ἀλλὰ
586 381 854 454 λαλοῦμεν
876 383 1011 438 Θεοῦ
1037 385 1229 455 σοφίαν
1259 387 1318 439 ὲν
1352 390 1635 460 μυστηρίῳ
1664 391 1757 462 τὴν

1865 395 1962 449 sed
2020 396 2291 468 loquimur
2357 399 2452 456 Dei
2507 403 2827 473 sapientiam
2879 406 2934 463 in
2987 414 3267 481 mysterio,
3320 380 3437 487 qu}-

185 472 706 543 ἀποκεκρυμμένην,
730 474 796 544 ἢν
830 473 1135 546 προώρισεν
1158 477 1185 529 6
1208 474 1340 538 Θεὸς
1370 477 1475 549 πρὸ
1506 479 1612 531 τῶν
1634 479 1763 532 αἰώ-

188 581 292 617 νων
336 565 415 627 είς
454 563 608 629 δόξαν
638 566 815 635 ὑμῶν,
859 568 927 637 ἣν
973 567 1149 632 οὐδεὶς
1182 569 1290 621 τῶν
1337 570 1614 641 ἀρχόντων
1664 573 1760 625 τοῦ

185 655 381 719 αἰῶνος
403 655 591 710 τούτου
620 658 875 726 ἔγνωκεν.
907 679 924 711 ι
949 659 1011 713 Εἰ
1036 662 1144 733 γὰρ
1160 661 1423 730 ἔγνωσαν,
1443 664 1542 717 οὐκ
1573 664 1638 718 ἂν
1669 665 1762 720 τὸν

184 748 389 820 Κύριον
418 750 521 821 τῆς
551 751 707 823 δόξης
741 752 1114 825 ἐσταύρωσαν,
1144 757 1253 809 Καὶ
1270 756 1383 829 μὴν
1409 758 1501 810 ἐπὶ
1528 756 1760 823 τούτοις,

188 858 208 892 ι
227 843 321 906 Ὃς
342 839 418 895 ὣν
437 843 779 915 ἀπαύγασμα
800 846 899 917 τῆς
916 846 1073 917 δόξης
1092 848 1187 901 καὶ
1203 849 1489 921 χαρακτὴρ
1508 854 1607 921 τῆς
1628 852 1761 904 ὐπο-

185 934 427 999 στάσεως
468 935 655 1001 αὑτοῦ,
690 938 871 1009 φέρων
899 956 958 993 τε
989 940 1058 993 τὰ
1088 941 1264 995 πάντα
1311 942 1389 1013 τῷ
1433 945 1636 1014 ῥήματι
1662 945 1760 1015 τῆς

182 1026 463 1099 δυνάμεως
496 1029 680 1092 αὑτοῦ,
714 1030 1056 1103 καθαρισμὸν
1081 1033 1189 1088 τῶν
1216 1034 1499 1105 ἁμαρτιῶν
1531 1038 1759 1106 ποιησά-

187 1137 367 1191 μενος,
394 1121 645 1176 ἐκάθισεν
678 1125 735 1176 ἐν
766 1123 914 1195 δεξιᾷ
940 1125 1038 1196 τῆς
1083 1127 1471 1197 μεγαλωσύνης
1518 1131 1576 1181 ὲν
1623 1129 1762 1202 ὑψη-

184 1209 313 1274 λοῑς,
345 1210 584 1283 τοσούτῳ
612 1213 874 1282 κρείττων
902 1214 1189 1285 γενόμενος
1224 1216 1335 1270 τῶν
1359 1217 1627 1287 ἀγγέλων,
1651 1221 1761 1291 ὅσῳ

180 1301 583 1374 διαφορώτερον
610 1306 741 1373 παρ’
774 1306 970 1369 αὐτοὺς
996 1307 1471 1379 κεκληρονόμηκεν
1508 1311 1698 1381 ὄνομα.
1733 1331 1752 1365 ι

182 1394 375 1449 Καίτοι
425 1396 485 1447 τό
529 1411 592 1463 γε
629 1391 765 1448 εἷναί
813 1413 872 1449 τε
922 1398 1016 1450 καὶ
1060 1398 1420 1468 ὀνομάζεσθαι
1460 1402 1562 1472 τῆς
1604 1403 1761 1475 δόξης

181 1486 407 1557 Κύριον,
427 1486 545 1550 πῶς
566 1488 690 1558 οὐχὶ
712 1486 830 1541 λίαν
856 1490 1146 1561 ὑπερτενὲς
1168 1493 1260 1545 καὶ
1283 1493 1484 1556 παντὸς
1505 1495 1759 1549 ἐπέκεινα

179 1578 409 1650 γενητοῦ
443 1580 538 1634 καὶ
568 1581 922 1651 παρηγμένου
954 1582 1091 1651 πρὸς
1115 1583 1358 1653 γένεσιν;
1380 1587 1489 1639 Kal.
1519 1587 1757 1658 παρίημι

1864 486 2178 544 abscondita
2212 502 2329 560 est,
2354 508 2516 562 quam
2558 496 2963 565 praedestinavit
3000 500 3141 558 Deus
3172 516 3297 563 ante

1862 577 1982 632 cula
2012 579 2066 634 in
2109 581 2335 652 gloriam
2390 595 2656 651 nostram,
2708 604 2870 657 quam
2925 606 3087 649 nemo
3134 599 3439 670 principum

1863 669 2022 738 hujus
2046 674 2231 728 smculi
2263 678 2537 744 cognovit.
2570 678 2626 733 Si
2659 681 2805 735 enim
2840 688 3260 755 cognovissent,
3300 669 3440 748 nun-

1862 777 2022 830 quam
2072 765 2360 820 Dominum
2399 768 2584 839 gloriae
2609 773 3094 833 cruciﬁxissent".
3144 800 3163 831 ι
3206 781 3439 838 Praeter-

1860 866 1966 907 ea:
2030 871 2048 905 ι
2076 852 2177 919 Qui
2226 870 2348 910 cum
2390 858 2463 912 sit
2502 859 2757 928 splendor
2786 862 2972 932 gloria:
3011 874 3067 920 et
3103 868 3273 938 figura
3311 874 3431 926 sub-

1861 946 2077 1000 stantia:
2107 946 2247 1015 ejus,
2279 958 2615 1023 portansque
2643 957 2826 1010 omnia
2859 960 3023 1014 verbo
3057 963 3273 1019 virtutis
3304 982 3436 1033 suae,

1864 1038 2237 1108 purgationem
2268 1051 2612 1111 peccatorum
2633 1044 2862 1114 faciens,
2885 1054 3037 1107 sedet
3060 1054 3126 1108 ad
3156 1057 3436 1116 dexteram

1864 1135 2160 1205 majestatis
2202 1137 2255 1190 in
2301 1138 2572 1207 excelsis;
2626 1149 2774 1196 tanto
2823 1144 3012 1200 melior
3056 1151 3265 1215 angelis
3307 1152 3439 1208 effe-

1862 1235 2007 1289 ctus,
2041 1236 2246 1294 quanto
2284 1229 2620 1286 dill'erentius
2668 1250 2779 1302 pra:
2830 1236 2933 1290 illis
2981 1254 3175 1295 nomen
3218 1243 3440 1299 haeredi-

1864 1317 1996 1371 tavit
2017 1316 2083 1371 ³⁸.
2115 1335 2134 1370 ›
2169 1318 2334 1375 Porro
2357 1336 2478 1376 cum
2516 1325 2589 1377 sit
2614 1334 2670 1377 et
2710 1328 3007 1396 appelletur
3031 1331 3288 1390 Dominus
3320 1338 3439 1404 glo-

1863 1409 1976 1475 riae,
2026 1413 2298 1478 quomodo
2347 1430 2452 1468 non
2500 1418 2751 1473 omnibus
2807 1424 3007 1477 creatis
3056 1433 3112 1479 et
3160 1426 3227 1479 ad
3260 1436 3437 1482 ortum

1863 1502 2123 1558 traductis
2146 1505 2217 1559 sit
2243 1506 2825 1580 excellentior?AIque
2858 1524 2917 1566 ut
2943 1515 3175 1569 humana
3209 1530 3440 1586 praeter-

1860 1608 1980 1648 eam
2003 1634 2018 1657 ,
2059 1609 2179 1664 qua:
2206 1596 2367 1651 exilia
2404 1598 2639 1669 vilisque
2672 1611 2818 1669 sunt,
2848 1603 2893 1658 si
2938 1606 3059 1673 quis
3096 1607 3332 1678 Angelos
3384 1617 3441 1664 et

181 1671 282 1741 μὲν
316 1670 385 1725 τὰ
426 1670 759 1742 ἀνθρώπινα’
792 1672 1001 1745 σμικρὰ
1027 1674 1134 1745 γὰρ
1178 1674 1243 1747 δὴ
1288 1675 1429 1730 λίαν·
1462 1678 1573 1747 ἐρῶ
1597 1679 1641 1732 δ’
1664 1675 1757 1734 οὖν

1864 1683 2225 1755 Priucipatus,
2253 1697 2307 1742 et
2337 1688 2585 1745 Thronos
2610 1706 2675 1746 ac
2696 1692 3107 1751 Dmninationes
3131 1712 3439 1766 recenseat,

176 1765 259 1818 ὃτι
293 1764 393 1818 κᾶν
432 1765 724 1833 Ἀγγέλους
756 1766 1041 1836 ὀνομάσαι,
1072 1744 1166 1820 καὶ
1194 1744 1393 1840 ⁹Αρχὰς
1415 1744 1508 1823 καί
1528 1772 1757 1842 Θρόνους

1862 1773 1995 1844 quin
2025 1744 2369 1846 entsupremze
2403 1780 2680 1851 dignitatis
2722 1782 3031 1854 Seraphim,
3066 1789 3329 1845 innnenso
3367 1744 3440 1845 ta:

177 1857 275 1915 καὶ
308 1856 649 1929 Κυριότητας
694 1857 1145 1930 ἀπαριθμήσαιτό
1172 1878 1276 1925 τις,
1310 1863 1403 1915 καὶ
1438 1862 1544 1934 μὴν
1585 1866 1678 1917 καὶ
1710 1868 1760 1920 εί

175 1948 285 2002 τῶν
314 1949 576 2003 ἀνωτάτω
602 1949 1028 2023 διαμεμνήσεται
1058 1953 1330 2024 Σεραφὶμ,
1350 1956 1582 2009 κατόπιν
1613 1957 1762 2011 ἰόντα

174 2039 276 2110 τῆς
294 2039 468 2104 οὕτως
494 2040 821 2113 ὑπερτενοῦς
841 2042 1225 2114 ὁμολογήσειεν
1248 2043 1314 2098 ἂν
1333 2046 1602 2110 εὐκλείας,
1624 2048 1678 2100 ετ
1695 2065 1759 2117 γε

173 2131 301 2187 νοῦν
330 2133 442 2203 ἔχοι
471 2132 545 2204 μὴ
576 2129 1359 2208 παρεφθαρμένον.”Εκκριτον
1386 2138 1495 2210 γὰρ
1533 2136 1671 2194 εἶναι
1698 2140 1762 2194 τὸ

173 2223 346 2295 γέρας
384 2225 547 2296 φημὶ,
587 2226 681 2279 καὶ
717 2225 827 2279 δεῖν
858 2227 1178 2281 ἀνακεῖσθαι
1210 2227 1345 2300 μόνῃ
1376 2231 1441 2301 τῇ
1477 2230 1586 2283 τῶν
1620 2232 1759 2288 ὅλων

173 2317 533 2388 παμϐασιλίδι
578 2318 757 2388 φύσει.
793 2318 915 2382 Πῶς
941 2315 1035 2373 οῦν
1081 2319 1148 2374 ἂν
1200 2321 1408 2390 γένοιτο
1459 2326 1559 2395 τῆς
1600 2324 1760 2395 δόξης

171 2407 381 2481 Κύριος
418 2410 447 2461 6
473 2408 917 2479 ἐσταυρωμένος
955 2410 1028 2462 Τὸ
1059 2410 1117 2463 δὲ
1146 2411 1488 2483 ἀπαύγασμα
1517 2413 1611 2466 τοῦ
1642 2416 1757 2469 Πα-

171 2500 321 2571 τρὸς,
351 2500 446 2554 καὶ
475 2500 572 2570 τῆς
598 2500 783 2565 οὐσίας
815 2502 843 2553 6
876 2503 1184 2573 χαρακτὴρ,
1213 2505 1241 2557 ό
1268 2505 1450 2575 φέρων
1478 2504 1545 2558 τὰ
1578 2505 1756 2559 πάντα

170 2591 253 2663 τῷ
297 2592 503 2663 ῥήματι
549 2592 649 2664 τῆς
679 2592 960 2663 δυνάμεως
986 2594 1173 2659 αὑτοῦ,
1208 2596 1472 2665 κρείττων
1508 2598 1756 2666 ἀγγέλων

169 2683 498 2756 γεγενῆσθαι
514 2684 753 2754 λέγεται,
771 2686 911 2757 τάχα
931 2703 1032 2740 που
1061 2686 1121 2739 τὸ
1148 2686 1387 2749 ἔλαττον,
1409 2688 1484 2752 ὡς
1515 2683 1753 2760 ἐγῷμαι,

170 2779 375 2845 λαὸὼν,
409 2781 498 2834 ὅτε
529 2780 769 2851 πέφηνεν
798 2781 1102 2851 ἄνθρωπος.
1136 2780 1448 2853 Γέγραπται
1494 2781 1622 2856 γάρ,
1670 2784 1754 2836 ὄτι

176 2894 195 2925 α
229 2874 331 2928 Τὸν
365 2872 420 2925 δὲ
456 2872 629 2946 βραχύ
660 2892 713 2926 τι
737 2875 866 2946 παρ’
898 2874 1162 2943 ἀγγέλους
1207 2875 1589 2946 ἠλαττωμένον
1631 2876 1755 2947 βλέ-

171 2983 349 3035 πομεν
390 2966 619 3035 Ἰησοῦν,
648 2966 736 3019 διὰ
763 2967 825 3020 τὸ
852 2966 1081 3038 πάθημα
1109 2968 1204 3021 τοῦ
1241 2969 1471 3023 θανάτου
1505 2970 1631 3041 δόξῃ
1658 2971 1754 3023 καὶ

1860 1882 1983 1922 men
2008 1868 2321 1926 discrimine
2351 1887 2381 1926 a
2409 1888 2620 1929 summa
2648 1876 2750 1932 hac
2781 1878 2948 1947 gloria
2980 1880 3201 1937 dill'erre
3227 1882 3441 1950 judica-

1861 1961 1957 2027 bit,
2015 1962 2060 2017 si
2114 1974 2345 2019 mentem
2396 1977 2711 2034 corruptam
2764 1985 2871 2024 non
2936 1973 3153 2028 habeat.
3193 1976 3439 2031 Eximius

1859 2053 2002 2107 enim
2032 2053 2206 2111 honor
2225 2067 2327 2124 est,
2353 2059 2554 2129 quique
2584 2062 2683 2116 ευιί
2723 2063 2919 2119 divinae
2944 2077 3155 2121 natura:
3184 2083 3312 2137 qua:
3339 2070 3436 2124 toti

1859 2148 2109 2202 universo
2144 2150 2374 2219 imperat
2392 2155 2665 2209 convenit.
2695 2155 2767 2209 At
2788 2171 2897 2226 quo
2922 2168 3079 2226 pacto
3107 2158 3272 2214 fuerit
3318 2161 3429 2216 Do-

1860 2238 2038 2293 minus
2063 2240 2267 2310 gloriae,
2302 2244 2346 2298 is
2367 2245 2456 2312 qui
2480 2247 2631 2300 cruci
2656 2247 2844 2305 nﬂixus
2874 2249 2991 2304 est?
3011 2250 3278 2320 Splendor
3305 2268 3433 2310 vero

1857 2329 2057 2398 Patris,
2105 2342 2161 2386 et
2212 2334 2496 2391 character
2558 2340 2813 2395 essentia
2863 2341 3052 2411 ipsius,
3106 2354 3439 2415 portansque

1858 2424 2040 2479 omnia
2087 2426 2252 2481 verbo
2295 2429 2510 2484 virtutis
2561 2446 2708 2495 suae,
2766 2434 2957 2489 melior
3005 2437 3211 2505 angelis
3261 2438 3437 2495 factus

1856 2532 1974 2572 esse
2001 2518 2217 2584 dicitur,
2246 2520 2427 2576 minor
2461 2523 2735 2593 nimirum,
2769 2536 2829 2580 ut
2866 2529 3122 2596 arbitror,
3148 2531 3228 2585 eis
3258 2533 3437 2587 decla-

1857 2619 2030 2674 ratus,
2073 2626 2195 2666 cum
2246 2613 2495 2681 apparuit
2539 2615 2719 2673 homo.
2776 2616 3051 2688 Scriptum
3105 2630 3187 2676 est
3231 2623 3373 2677 enim
3414 2643 3430 2680 :

1864 2719 1882 2751 ι
1923 2700 2087 2757 Paulo
2121 2704 2298 2758 minus
2326 2704 2395 2759 ab
2424 2708 2630 2775 angelis
2673 2708 2938 2764 minutum
2968 2711 3215 2768 videmus
3243 2713 3430 2769 Jesum

1855 2802 2077 2862 propter
2099 2794 2407 2862 passionem
2440 2800 2632 2854 mortis
2656 2808 2709 2854 et
2734 2800 2938 2856 honore
2969 2816 3287 2859 coronatum
3315 2807 3381 2861 ⁵⁸.
3407 2826 3427 2858 ο

1855 2883 1994 2950 Quid
2030 2885 2233 2953 igitur?
2275 2885 2690 2945 Privahimusne
2738 2890 2969 2947 Verbum
3021 2897 3163 2962 quod
3211 2912 3277 2952 ex
3321 2897 3435 2954 Deo

1856 2991 1920 3031 ac
1950 2976 2109 3032 Patre
2138 2980 2399 3046 processit
2431 2980 2748 3035 excellentia
2787 2984 2870 3037 illa
2903 2985 3072 3058 698
3098 3005 3217 3059 quae
3244 3005 3437 3045 essen-

168 3060 304 3129 τιμῇ
335 3058 799 3128 ἐστεφανωμένον.
825 3054 977 3129 »Ἆρ’
997 3052 1091 3112 ὀῦν
1114 3057 1388 3129 ἐξὼσομεν
1414 3060 1503 3115 τὸν
1529 3063 1593 3115 ἐκ
1617 3062 1751 3116 Θεοῦ

1860 3067 2057 3121 tialiter
2085 3067 2185 3136 ipsi
2223 3069 2385 3134 inest,
2408 3078 2463 3123 et
2492 3084 2521 3122 a
2550 3070 2791 3139 perfecta
2828 3052 2949 3127 cum
2971 3052 3141 3131 Etre
3174 3079 3432 3133 similitu-

171 3150 387 3222 Πατρός
411 3149 693 3219 πεφηνότα
717 3149 907 3217 Λόγον,
931 3150 1032 3218 τῆς
1058 3149 1207 3220 αὐτῷ
1231 3151 1542 3221 προσούσης
1561 3151 1754 3205 οὐσιῶ-

165 3242 294 3306 εους
342 3242 634 3312 ὑπεροχῆς,
669 3241 763 3293 καὶ
792 3240 892 3310 τῆς
920 3240 1057 3311 πρὸς
1082 3240 1243 3293 αὑτὸν
1280 3241 1542 3313 ἀκριϐοῦς
1588 3244 1757 3312 ὲμφε.

170 3336 347 3408 ρείας,
377 3335 473 3388 καὶ
514 3335 612 3405 τῆς
642 3332 889 3403 ἀγγέλων
921 3333 1170 3397 εὐκλείας
1200 3334 1508 3404 ἡττώμενον
1532 3333 1756 3403 βλέπον·

167 3445 262 3491 τες
288 3425 381 3481 διὰ
401 3425 463 3478 τὸ
488 3426 589 3496 τῆς
613 3424 925 3494 οἰκονομίας
954 3424 1397 3493 σμικροπρεπές;

242 3520 304 3573 Β.
345 3516 642 3588 Ούμενοῦν.
673 3512 842 3586 Οἶμαι
875 3515 984 3586 γὰρ
1014 3516 1143 3578 δεῖν,
1172 3515 1297 3568 οὔτε
1334 3516 1443 3570 τῶν
1476 3518 1756 3587 ἀνθρωπὶ-

169 3629 280 3665 νων
312 3607 671 3662 ἀπαλλάττειν
718 3604 999 3668 παντελῶς
1040 3605 1129 3658 τὸν
1158 3608 1223 3657 ὲκ
1252 3604 1386 3679 Θεοῦ
1412 3607 1584 3675 Λόγον
1616 3607 1753 3676 μετὰ

168 3703 269 3775 τὴν
303 3700 438 3771 πρὸς
461 3700 641 3771 σάρκα
666 3698 903 3763 σύνοδον,
929 3697 1056 3752 ούτε
1080 3698 1186 3769 μὴν
1209 3698 1367 3769 δόξης
1391 3699 1494 3765 τῆς
1526 3700 1756 3771 θεοπρε-

170 3795 308 3860 ποῦς
339 3795 663 3865 ἁπῡστερεῖν
687 3791 748 3847 τὺ
778 3790 1138 3860 ἀνθρώπινον,
1170 3792 1219 3844 εί
1245 3793 1304 3845 ὲν
1335 3792 1558 3863 Χριστῷ
1582 3797 1756 3847 νοοῖτο

1856 3160 2000 3224 dine,
2028 3174 2150 3214 cum
2188 3160 2337 3215 illum
2376 3162 2445 3215 ob
2470 3162 2863 3219 incarnationis
2888 3166 3252 3224 humiliutem
3290 3172 3428 3225 infe-

1858 3251 2057 3304 riorem
2089 3252 2296 3320 angelis
2321 3251 2523 3307 factum
2561 3254 2847 3310 videmus!

1925 3508 1987 3563 Β.
2030 3508 2403 3581 Nequaquam.
2437 3513 2701 3573 Existimo
2731 3518 2874 3573 enim
2899 3529 3150 3588 oportere
3178 3538 3353 3592 neque
3378 3524 3429 3579 in

1854 3602 2167 3659 universum
2195 3606 2546 3661 humanitatis
2573 3611 2997 3679 proprietatibus
3038 3613 3252 3682 privare
3294 3615 3430 3670 Ver-

1855 3694 1979 3748 bum
2018 3709 2083 3750 ex
2119 3690 2256 3761 Deo,
2296 3708 2581 3768 postquam
2634 3715 2851 3757 carnem
2889 3704 3225 3774 assumpsit:
3259 3721 3434 3776 neque

1855 3800 2045 3840 rursus
2090 3786 2483 3842 humanitatem
2532 3789 2714 3845 divina
2764 3789 2933 3861 gloria
2979 3791 3237 3861 Spoliare,
3291 3795 3336 3848 si
3376 3794 3433 3848 in

170 3889 268 3943 καὶ
296 3887 526 3957 λέγοιτο.
558 3885 706 3958 Πλὴν
735 3885 1029 3957 ὲρομὲνους
1083 3884 1191 3937 ἴσθι
1216 3883 1297 3937 τοί
1335 3901 1487 3947 τινας
1507 3901 1521 3915 ο
1557 3885 1651 3949 Τίς
1689 3885 1753 3957 δὴ

1860 3880 2069 3935 Christo
2096 3881 2429 3952 intelligatur
2457 3893 2512 3937 et
2543 3883 2775 3939 dicatur.
2804 3888 2877 3939 At
2914 3885 3100 3940 dicunt
3134 3887 3379 3942 nonnulli
3406 3910 3424 3944 ι

168 3984 281 4053 ἄρα
308 3982 455 4035 ἐστὶν
478 3978 707 4050 ἀληθῶς·
730 3977 936 4047 Ἰησοῦς
960 3979 989 4031 6
1012 3976 1279 4048 Χριστός;
1322 3976 1379 4031 '0
1408 3978 1472 4030 ἐκ
1494 3979 1753 4045 γυναικὸς

1860 3974 2114 4041 Quisnam
2149 3990 2275 4029 vere
2303 3984 2387 4029 est
2407 3973 2567 4030 Jesus
2591 3976 2882 4031 Christus?
2922 3976 3165 4033 Homone
3199 3994 3268 4034 ex
3309 3997 3432 4034 iuu-

169 4074 481 4145 ᾶνθρωπος,
514 4072 680 4143 ἤγουν
712 4070 741 4123 6
769 4071 833 4123 ὲκ
860 4066 997 4121 Θεοῦ
1024 4068 1231 4136 Λόγος;

1860 4069 1987 4124 liere
2019 4077 2201 4134 natus,
2229 4083 2297 4123 an
2324 4067 2559 4123 Verbum
2588 4084 2654 4124 ex
2696 4069 2850 4124 Deo?

239 4169 306 4220 Α.
336 4162 571 4217 Ἢλίθιον
594 4180 595 4183 η
621 4161 721 4231 μὲν
769 4159 991 4229 κομιδῇ·
1013 4157 1074 4211 τὸ
1101 4156 1462 4211 διατείνεσθαι
1494 4159 1748 4231 περιττὰ,

1922 4160 1988 4216 Α.
2032 4160 2239 4216 Stolida
2276 4159 2520 4231 profecto
2562 4176 2650 4216 res
2688 4172 2773 4216 est
2805 4162 2872 4216 de
2894 4163 3059 4217 rebus
3082 4164 3433 4233 supervacuis

169 4258 267 4311 καὶ
308 4254 609 4325 φληνάφοις
639 4249 1041 4320 είκαιομυθίαις
1079 4249 1503 4319 άνταναφωνείν.
1521 4249 1663 4320 Ἐρῶ
1703 4250 1751 4303 δ’

1860 4253 2053 4308 acriter
2085 4252 2448 4317 contendere,
2488 4254 2895 4323 nugacibusque
2939 4269 3004 4308 ac
3040 4255 3195 4309 vanis
3239 4255 3433 4310 verbo-

166 4347 285 4411 οὗν,
315 4350 397 4403 ὅτι
432 4344 700 4417 σφαλερόν
726 4359 784 4396 τε
824 4341 916 4396 καὶ
948 4340 1049 4394 οὐκ
1079 4340 1314 4410 ἀζήμιον
1346 4341 1407 4394 τὸ
1443 4342 1751 4412 διατέμνειν

1860 4359 1973 4397 rum
2006 4343 2330 4398 commentis
2371 4341 2713 4408 occlamare,
2768 4345 2897 4413 quin
2938 4346 3117 4414 potius
3162 4347 3432 4415 periculo-

168 4438 251 4501 είς
276 4437 371 4491 ὖυο
397 4436 490 4490 καὶ
534 4432 809 4502 ἀναμέρος
835 4430 987 4500 ίστᾷν
1036 4427 1320 4498 ἄνθρωπόν
1346 4448 1405 4483 τε
1434 4430 1529 4484 καὶ
1554 4431 1747 4500 Λόγον,

1860 4453 1972 4492 sum
2013 4436 2344 4505 noxiumque
2381 4450 2503 4491 esse
2544 4435 2856 4504 judicarim,
2905 4452 3091 4494 secare
3136 4439 3190 4493 in
3226 4441 3340 4495 duo
3378 4452 3435 4495 et

164 4531 270 4583 οὐκ
320 4527 653 4598 ἀνεχομένης
701 4523 799 4593 τῆς
847 4521 1177 4590 οἰκονομίας,
1225 4522 1319 4575 καὶ
1370 4522 1603 4593 Χριστὸν
1652 4523 1749 4577 ’ἐνα

1860 4531 2142 4600 separatim
2189 4538 2432 4584 statuere
2469 4528 2739 4583 hominem
2794 4540 2849 4583 et
2879 4529 3148 4596 Verbum,
3185 4532 3434 4587 cum-in-

171 4621 385 4693 βοώσης
411 4619 510 4689 τῆς
545 4615 899 4671 θεοπνεύστου
928 4612 1172 4684 Γραφῆς.
1202 4613 1411 4683 Χρῆναι
1441 4613 1550 4685 γὰρ
1571 4613 1749 4683 ἔγωγέ

1860 4620 2190 4676 carnationis
2227 4620 2363 4674 ratio
2410 4619 2462 4673 id
2510 4634 2615 4673 non
2668 4621 2928 4688 patiatur,
2984 4637 3217 4691 cumque
3270 4638 3429 4679 sacra

169 4728 336 4784 φημι,
374 4713 510 4783 μήτε
538 4710 640 4763 »τὸν
684 4712 748 4762 ἐκ
784 4706 922 4761 Θεοῦ
951 4705 1124 4774 Λόγον
1154 4703 1575 4775 ἀνθρωπότητος
1601 4706 1746 4777 δίχα,

1860 4712 2136 4780 Scriptura
2167 4726 2333 4766 unum
2371 4724 2494 4765 esse
2529 4709 2806 4765 Christum
2836 4714 3111 4781 pradicet.
3141 4713 3256 4785 Ego
3282 4716 3427 4770 enim

173 4808 311 4877 μήτε
332 4804 425 4858 τὸν
445 4805 510 4856 ὲκ
529 4802 784 4871 γυναικὸς
805 4797 1176 4868 ἀπο-τεχθέντα
1204 4797 1352 4859 ναὸν,
1368 4798 1463 4867 οὐχ
1487 4797 1755 4852 ἑνωθέντα

1860 4805 1929 4857 ita
1960 4813 2142 4858 statuo
2168 4812 2456 4869 Oportere,
2488 4815 2665 4870 neque
2694 4802 2931 4857 Verbum
2977 4818 3043 4858 ex
3074 4803 3194 4858 *Deo
3223 4804 3432 4875 absque

166 4896 249 4967 τῷ
266 4897 443 4967 Λόγῳ,
461 4895 697 4967 Χριστὸν
719 4891 927 4966 Ἰησοῦν
947 4890 1331 4962 ὀνομάζεσθαι.
1350 4890 1756 4961 Ἀνθρωπότητι

167 4990 281 5059 γὰρ
304 4987 426 5042 καθ’
444 4988 638 5041 ἕνωσιν
656 4983 1004 5055 οἰκονομικὴν
1020 4984 1348 5055 ἀπορῤήτως
1370 4984 1759 5053 συνενηνεγμέ-

169 5098 261 5143 νος
299 5082 328 5133 ό
370 5083 435 5133 ὲκ
476 5077 611 5132 Θεοῦ
652 5078 822 5146 Λόγος
848 5079 1051 5129 νοεῖται
1083 5074 1337 5146 Χριστὸς,
1368 5074 1628 5144 ἀνωτέρω
1658 5076 1757 5145 μὲν

168 5173 608 5245 ἀνθρωπότητος,
637 5170 712 5233 ὡς
742 5169 900 5240 φύσει
925 5169 1057 5232 Θεὸς
1087 5168 1180 5221 καὶ
1211 5166 1358 5231 Υἱὸς,
1390 5167 1670 5237 ύφιζάνων
1694 5167 1752 5221 δέ

167 5282 223 5317 τι
276 5263 449 5334 βραχὺ
498 5260 594 5315 τοῦ
641 5263 698 5314 ἐν
744 5259 874 5331 δόξῃ
916 5257 1273 5329 θεοπρεποῦς,
1322 5257 1397 5321 ὡς
1444 5257 1749 5330 ἄνθρωπος.

168 5356 483 5426 Τοιγάρτοι,
512 5354 644 5407 ποτὲ
695 5353 794 5422 μὲν
848 5351 1086 5421 ἔφασκεν
1115 5368 1130 5383 ·
1159 5370 1176 5401 ι
1199 5352 1259 5403 ὐ
1310 5348 1573 5421 ἑωρακὼς
1628 5350 1750 5421 ἐμὲ,

170 5448 385 5519 ἑώρακε
418 5448 507 5500 τὸν
538 5443 938 5518 Πατέρα.Ἐγὼ
978 5446 1074 5497 καὶ
1098 5446 1128 5497 6
1158 5443 1344 5515 Πατὴρ
1382 5444 1441 5497 ἓν
1488 5443 1655 5513 ἐσμεν
1681 5461 1693 5472 ·
1728 5461 1746 5493 ι

166 5542 263 5596 ὁτὲ
292 5544 349 5598 δὲ
377 5539 444 5597 αὖ
480 5539 639 5594 πάλιν
660 5557 674 5570 ·
711 5559 728 5590 ι
752 5537 807 5590 '0
835 5537 1022 5607 Πατήρ
1055 5552 1155 5607 μου
1186 5533 1385 5606 μείζων
1419 5533 1519 5606 μού
1547 5536 1747 5588 tactv.»

245 5720 288 5751 ⁸⁷
314 5719 332 5774 l
362 5718 485 5773 Cor.
518 5732 578 5778 ll,
612 5714 725 5769 6-8.
804 5711 850 5744 "
874 5712 1040 5767 llcbr.
1078 5729 1114 5776 ι,
1152 5711 1207 5777 '5,
1235 5714 1288 5766 4.
1366 5714 1412 5745 ⁸⁹
1437 5711 1599 5769 Hebr.
1635 5729 1694 5779 ll,
1726 5714 1777 5768 9.

495 5810 767 5872 Ρηιιυι,
811 5808 931 5868 Gs.
964 5805 1210 5867 LXXV.

1854 4893 2209 4958 humanitate,
2242 4907 2415 4961 neque
2435 4890 2691 4959 templum
2727 4894 2870 4961 quod
2895 4907 2962 4946 ex
2994 4892 3213 4964 Virgine
3242 4903 3427 4948 natum

1850 4996 1937 5043 est
1961 5000 2072 5040 non
2105 4986 2311 5039 unitum
2349 4983 2544 5047 Verbo,
2568 4980 2750 5038 Jesum
2775 4983 3051 5039 Christum
3079 4986 3284 5041 vocari.
3315 4985 3432 5039 Hu-

1855 5076 2102 5132 manitati
2132 5076 2275 5130 enim
2312 5076 2609 5129 secundum
2655 5075 2915 5130 unitatem
2942 5091 3057 5147 per
3090 5078 3428 5132 incarnatio-

1855 5183 1974 5223 nem
2008 5167 2204 5222 l‘actam
2230 5165 2581 5221 inell‘abiliter
2603 5166 2915 5235 c0pulatum
2942 5166 3179 5224 Verbum
3202 5182 3269 5224 ex
3298 5169 3427 5236 Deo,

1856 5262 2056 5317 dicitur
2081 5259 2350 5328 Christus,
2382 5261 2632 5329 superior
2662 5262 2877 5329 quidem
2914 5278 3076 5333 quam
3116 5272 3201 5317 est
3234 5263 3425 5316 huma-

1857 5351 2022 5417 nitas,
2054 5361 2113 5406 ut
2148 5360 2341 5406 natura
2368 5350 2513 5407 Deus
2537 5362 2593 5407 et
2613 5351 2783 5407 Filius
2810 5366 2826 5406 :
2855 5351 3083 5408 lnl‘erior
3126 5368 3254 5408 vero
3298 5370 3431 5408 nou-

1856 5444 1990 5499 nihil
2021 5444 2187 5515 gloria
2214 5445 2433 5508 divina,
2467 5454 2524 5498 ut
2564 5446 2746 5500 homo.
2800 5445 3014 5501 Idcirco
3050 5456 3107 5502 et
3143 5447 3258 5516 ipse
3303 5448 3428 5501 alibi

1858 5535 2032 5589 dixit:
2075 5554 2092 5586 ι
2124 5534 2226 5602 Qui
2276 5536 2410 5589 vidit
2454 5552 2572 5601 me,
2606 5538 2739 5592 vidit
2778 5547 2834 5592 et
2875 5537 3090 5592 Patrem
3123 5539 3188 5594 ‘°.
3224 5537 3335 5609 Ego
3378 5549 3433 5593 et

1856 5714 1900 5745 ⁶⁰
1923 5712 2079 5769 Joan.
2117 5729 2225 5779 xw,
2259 5712 2313 5767 9.

3026 5807 3099 5871 39
