3846 6210
405 309 549 366 4227
1395 304 1451 358 s.
1493 288 1763 360 CYRILLI
1802 303 2269 361 ALEXANDRINI
2309 303 2625 363 ARCHIEP.
3514 305 3649 360 usa

408 426 573 481 Pater
612 437 774 478 unum
831 434 1017 475 sumus
1041 420 1107 474 “.
1155 437 1172 471 ι
1208 418 1339 474 Cum
1390 436 1517 477 vero
1558 422 1690 477 dicit
1722 439 1734 473 :
1768 442 1786 475 ι
1819 423 1927 478 Pati

2131 424 2155 476 ύ
2198 423 2366 493 μείων
2409 424 2517 497 γὰρ
2559 425 2634 477 ὢν
2666 423 2758 478 τοῦ
2796 422 3006 494 Πατρὺς
3042 422 3179 476 κατά
3205 438 3268 491 γε
3303 421 3360 474 τὸ
3404 421 3463 474 ἐν
3495 421 3650 490 οὐσίᾳ

408 515 584 584 major
615 527 701 568 me
722 510 865 567 est"
895 527 910 563 :
948 528 967 563 ι
990 526 1112 565 cum
1137 525 1246 564 non
1279 511 1349 564 sit
1375 513 1549 567 minor
1575 512 1735 568 Patre
1766 515 1927 568 ration

2131 511 2292 576 ιυτδν,
2323 514 2418 567 καὶ
2452 515 2592 567 κατά
2626 516 2733 568 πᾶν
2763 513 2941 568 ὁτιοῦν
2966 514 3027 568 τὸ
3061 511 3392 577 ίσοστατοῦν,
3424 513 3483 563 ἐν
3510 513 3650 564 ἐλατ-

410 605 708 662 identitatis
760 603 1048 669 essentite,
1100 609 1154 656 et
1204 603 1529 656 omnimodo:
1580 605 1929 659 similitudini:

2129 623 2225 659 ›σιν
2271 593 2411 659 εἷναί
2441 623 2574 677 φησι
2616 606 2703 660 διὰ
2734 606 2793 660 τὸ
2822 605 3176 677 ἀνθρώπινον.
3208 603 3555 677 Κηρύττεται
3596 602 3648 655 δέ

406 697 669 752 minorem
708 708 767 749 se
798 707 918 746 esse
956 692 1086 746 dicit
1124 691 1334 746 ratione
1366 692 1735 748 humanitatis.
1767 692 1919 749 Praad

2130 696 2173 747 ιι).
2204 694 2290 747 διὰ
2319 695 2427 749 τῶν
2462 695 2623 767 ἱερῶν
2653 694 3023 769 Γραμμάτων,
3053 696 3183 750 ποτέ
3208 697 3304 765 μὲν
3333 695 3408 754 ὡς
3440 694 3561 755 ὅλος
3580 692 3649 743 ὢν

407 797 561 841 catur
581 799 708 840 vero
728 784 888 839 etiam
917 783 970 837 in
1004 783 1175 837 sacris
1199 781 1437 847 Litteris,
1459 784 1724 839 interdtrm
1755 786 1926 855 quidet

2131 783 2381 854 ιθρωπος,
2417 786 2838 857 σεσιωπημένης
2868 786 3033 840 αὐτοῦ
3078 787 3177 857 τῆς
3220 786 3476 856 θεότητος
3513 784 3650 836 οἰκο-

406 886 465 931 ιιι
491 880 701 945 integre
727 873 995 928 exsistens
1025 874 1206 935 homo,
1235 887 1338 925 non
1363 886 1617 941 expressa
1643 875 1810 944 ipsius
1836 874 1920 928 div

2132 876 2344 946 ιμικῶς·
2386 878 2519 931 ποτέ
2564 877 2620 931 δὲ
2666 872 2734 932 αὖ
2789 878 2949 932 πάλιν
2977 878 3070 933 καὶ
3097 878 3249 942 Θεὸς,
3284 875 3651 947 σεσιγημένης

403 969 605 1032 nitate,
658 966 867 1021 ratione
920 963 1353 1019 incarnationis:
1410 963 1674 1018 interdum
1727 980 1856 1019 vero
1910 980 1922 1019 ι

2135 966 2243 1021 ὅτοῦ
2289 967 2390 1037 ’τῆς
2424 968 2875 1039 ἀνθρωπότητος’
2910 970 3173 1023 ἀδικεῖται
3217 969 3274 1022 δέ
3315 969 3437 1021 κατ’
3464 965 3654 1020 οὐδένα.

408 1059 568 1122 Deus,
598 1071 702 1111 non
725 1069 981 1124 expressa
1030 1054 1363 1107 humanitate
1392 1070 1406 1106 :
1434 1063 1624 1107 neutra
1668 1063 1844 1108 tamen
1885 1070 1927 1109 r:

1925 1070 1972 1107 ι·
2076 1057 2276 1127 τρόπον
2309 1058 2396 1113 διὰ
2427 1059 2522 1113 καὶ
2553 1060 2752 1130 ἀμφοῖν
2781 1062 2861 1124 εἰς
2896 1061 3123 1132 ἑνότητα
3152 1061 3444 1132 σύμϐασιν.

406 1150 552 1205 tione
582 1146 911 1219 ipsi'injuria
958 1147 1035 1211 lit,
1070 1154 1290 1215 propter
1333 1146 1617 1214 utriusque
1656 1144 1971 1215 appellatio-

403 1241 490 1295 nis
513 1242 755 1294 in'nnum
779 1252 1126 1293 concursum.

472 1334 532 1389 Β.
569 1334 847 1400 Quomodo
878 1332 1001 1387 ais"?
1036 1332 1377 1400 nequeenim
1403 1332 1537 1386 satis
1560 1345 1821 1401 assequar
1844 1333 1970 1402 quid

1861 1333 1970 1402 [uid
2145 1328 2207 1381 Β.
2252 1326 2373 1392 Πῶς
2410 1328 2621 1397 λέγεις;
2660 1330 2881 1401 συνίημι
2914 1331 3022 1401 γὰρ
3054 1332 3116 1384 οὐ
3151 1331 3380 1404 σφόδρασ

401 1430 559 1484 velis.
1498 1464 1501 1465 ν

471 1521 534 1574 Δ.
580 1518 838 1575 Hebraeus
876 1532 943 1573 ex
969 1517 1223 1573 Hebraeis
1263 1526 1317 1573 et
1365 1517 1504 1573 tribu
1543 1517 1839 1590 Benjamin,
1876 1535 1972 1575 vo-

2149 1506 2213 1558 Α.
2243 1504 2302 1558 '0
2339 1503 2591 1575 Ἐϐραῖος
2628 1505 2687 1571 ἐξ
2718 1506 2987 1578 Ἐϐραίων
3022 1508 3115 1561 καὶ
3154 1508 3328 1579 φυλῆς
3369 1509 3655 1584 Βενιαμὶν,

399 1621 555 1669 catus
579 1611 1099 1683 apostolus,‘scribit
1128 1610 1195 1665 iis
1242 1612 1331 1679 qui
1377 1627 1474 1681 per
1500 1611 1657 1668 tidem
1693 1613 1918 1682 jnstilica

2136 1596 2332 1667 κλητὸς
2358 1597 2672 1662 ἀπόστολος,
2702 1600 3003 1653 ἐπιστέλλει
3040 1604 3150 1665 τοῖς
3176 1602 3260 1657 διὰ
3294 1606 3540 1668 πίστεως
3570 1606 3655 1659 δε-

401 1716 556 1773 sunt,
594 1714 651 1760 et
692 1705 1089 1761 mortiﬁcarunt
1127 1705 1365 1758 membra
1408 1704 1611 1768 carnis,
1637 1702 1920 1759 “fornicatit

2139 1688 2473 1758 καιωμένοις,
2511 1690 2605 1743 καὶ
2635 1691 3079 1762 κατανεκρώσασι
3122 1693 3187 1746 τὰ
3225 1695 3360 1767 μέλη
3389 1696 3492 1767 τῆς
3523 1714 3658 1768 σαρ-

398 1811 523 1851 nem
579 1795 846 1860 videlicet,
888 1795 1322 1859 inmunditiam,
1370 1794 1673 1858 libidinem,
1725 1810 1917 1865 concn;

2140 1796 2188 1842 ς,
2222 1780 2477 1850 πορνείαν
2509 1781 2571 1852 δὴ
2603 1781 2747 1851 λέγω
2778 1785 2874 1837 καὶ
2901 1784 3090 1849 πάθος,
3124 1784 3418 1856 ἐπιθυμίαν
3452 1789 3657 1860 κακὴν,

399 1887 660 1944 scentiam
715 1888 908 1941 malam
952 1897 1006 1941 et
1031 1886 1373 1939 avaritiam:
1412 1904 1431 1936 ι
1464 1884 1773 1941 Mortiﬁcali
1823 1888 1909 1941 eni

2139 1870 2164 1922 ,ὶ
2205 1870 2305 1942 τὴν
2344 1868 2687 1936 “πλεονεξίαν.
2742 1873 3106 1928 ιἈπεθάνετε
3155 1877 3283 1949 γὰρ,
3313 1880 3408 1931 καὶ
3456 1881 3495 1949 ἡ
3542 1878 3658 1949 ζωὴ

400 1978 552 2043 estis,
587 1986 640 2032 et
669 1978 982 2032 vita‘vestra
1008 1974 1344 2030 abscondita
1382 1984 1467 2029 est
1499 1990 1620 2029 cum
1660 1973 1883 2031 Christo
1914 1978 1919 2029 i

2141 1962 2223 2016 ,ὧν
2252 1963 2555 2033 κέκρυπται
2586 1967 2682 2018 σὺν
2709 1965 2786 2036 τῷ
2813 1966 3034 2038 Χριστῷ
3062 1968 3119 2020 ἐν
3152 1969 3230 2040 τῷ
3251 1970 3393 2040 Θεῷ.
3419 1990 3437 2023 ι
3481 1972 3660 2035 Αὐτός

401 2069 513 2124 Deo
535 2068 601 2123 ⁸³.
641 2086 660 2122 ι
692 2068 810 2138 ipse
838 2067 1001 2121 etiam
1034 2066 1098 2121 de
1132 2063 1407 2133 discipulis
1438 2066 1549 2120 suis
1579 2065 1703 2121 alibi
1748 2066 1920 2137 inquit

2158 2052 2262 2123 μὴν
2291 2051 2397 2123 ἔφη
2418 2055 2548 2125 περὶ
2576 2054 2686 2109 τῶν
2714 2056 2908 2109 ἑαυτοῦ
2945 2057 3222 2129 μαθητῶν·
3255 2078 3272 2110 t
3298 2061 3481 2131 Πάτερ
3510 2062 3657 2128 ἅγιε,

406 2180 424 2213 ι
461 2158 623 2217 Pater
648 2167 859 2223 sancte,
895 2172 1049 2211 serva
1083 2172 1176 2211 eos
1219 2158 1272 2209 in
1316 2156 1531 2210 nomine
1575 2163 1666 2211 tuo
1709 2172 1845 2227 quos
1877 2159 1925 2212 dt

2141 2158 2308 2211 ρησον
2336 2143 2535 2207 αὐτοὺς
2574 2146 2630 2197 ὲν
2660 2145 2737 2216 τῷ
2775 2147 2998 2217 ὀνόματι
3038 2166 3151 2213 σου,
3183 2143 3228 2218 ᾧ
3258 2150 3502 2215 δέδωκάς
3542 2169 3659 2221 μοι,

399 2253 527 2308 disti
560 2251 712 2317 mihi,
738 2249 906 2322 699
935 2258 992 2303 ut
1020 2248 1130 2302 sint
1169 2262 1366 2313 unum,
1397 2247 1536 2301 sicut
1567 2257 1622 2301 et
1660 2264 1777 2303 nos.
1834 2249 1909 2303 Cu

2143 2250 2158 2284 ι
2188 2227 2320 2286 ὦσιν
2340 2234 2429 2300 ἒν,
2447 2234 2628 2299 καθὼς
2644 2239 2959 2307 ἡμεῖς.⁸⁹οτε
2988 2241 3137 2312 ἥμην
3167 2242 3286 2312 μετ’
3313 2243 3662 2314 αὑτῶν,⁴ἐγὼ

398 2358 575 2400 essem
608 2356 732 2397 cum
757 2341 861 2405 eis,
888 2353 987 2408 ego
1026 2339 1308 2393 servabam
1356 2350 1449 2390 eos
1493 2336 1544 2390 in
1591 2338 1806 2391 nomine
1853 2346 1917 2391 ttn

2142 2324 2294 2395 ᾕρουν
2325 2325 2523 2389 αὐτοὺς
2552 2328 2611 2379 ἐν
2635 2327 2711 2398 τῷ
2728 2329 2965 2400 ’ὀνόματί
2999 2349 3112 2399 σου,
3144 2333 3237 2397 οὓς
3262 2334 3503 2399 δέδωκάς
3544 2353 3661 2406 μοι,

398 2437 546 2505 Quos
573 2436 766 2491 dedisti
794 2433 928 2487 mihi
954 2447 1053 2503 ego
1072 2431 1437 2497 custodivi,'et
1469 2446 1626 2485 nemo
1648 2443 1712 2483 ex
1744 2429 1810 2483 iis
1840 2444 1917 2498 pel

2142 2417 2163 2467 ὶ
2201 2417 2444 2487 ἐφύλαξα
2472 2420 2687 2485 αὐτοὺς,
2720 2422 2814 2475 καὶ
2850 2423 3025 2487 οὐδεὶς
3069 2425 3128 2491 ἐξ
3172 2426 3350 2479 αὐτῶν
3380 2428 3661 2490 ἀπώλετο.

395 2529 478 2594 iit,
521 2529 625 2583 nisi
664 2526 806 2581 ﬁlius
848 2524 1187 2595 perditionis,
1227 2533 1285 2576 ut
1320 2521 1602 2590 Scriptura
1651 2521 1907 2591 impleatu

2158 2509 2233 2582 μὴ
2261 2512 2289 2563 6
2317 2511 2430 2574 υίὸς
2474 2511 2575 2581 τῆς
2614 2512 2914 2578 ἀπωλείας,
2961 2515 3110 2586 ἴναή
3144 2516 3331 2589 Γραφὴ
3368 2520 3661 2591 πληρωθῇ.

394 2617 548 2673 Nunc
575 2625 754 2671 autem
788 2614 856 2669 ad
881 2626 934 2670 te
962 2614 1138 2675 venio,
1170 2622 1225 2666 et
1266 2612 1380 2666 haec
1420 2611 1614 2679 loquor
1646 2611 1700 2665 in
1745 2612 1913 2665 mund

2145 2618 2182 2653 »ν
2235 2602 2291 2656 δὲ
2338 2602 2473 2674 πρὸς
2523 2603 2584 2655 σὲ
2633 2602 2884 2674 ἔρχομαι,
2915 2606 3010 2659 καὶ
3056 2607 3232 2661 ταῦτα
3283 2608 3431 2662 λαλῶ
3478 2612 3541 2662 ἐν
3583 2613 3664 2681 τῷ

396 2722 456 2764 ιιι
496 2709 730 2765 habeant
788 2706 1041 2777 gaudium
1101 2719 1276 2758 meum
1323 2703 1596 2773 impletum
1666 2702 1719 2756 in
1765 2717 1912 2758 seme

2144 2714 2276 2769 σμῳ,
2315 2698 2401 2751 ἵνα
2439 2697 2604 2768 ἔχωσι
2645 2698 2745 2768 τὴν
2780 2699 2955 2771 χαρὰν
2982 2701 3081 2771 τὴν
3110 2703 3249 2774 ἐμὴν
3278 2705 3663 2777 πεπληρωμέ-

397 2802 531 2873 ipsis
552 2799 621 2855 “.
657 2817 677 2850 ι
711 2795 973 2865 intelligis
1002 2796 1207 2865 itaque,
1246 2807 1354 2863 quo
1386 2801 1542 2862 pacto
1567 2792 1618 2844 in
1652 2792 1735 2846 his
1757 2807 1823 2846 ex
1854 2807 1914 2847 so

2143 2805 2165 2840 ν
2195 2790 2253 2841 ἐν
2279 2790 2509 2853 ἑαυτοῖς.
2546 2810 2564 2842 ι
2598 2790 2792 2861 Συνίης
2821 2788 2935 2855 οὖν,
2960 2793 3108 2857 ὅπως
3137 2796 3244 2848 ἀπὸ
3275 2797 3442 2869 μόνης
3465 2798 3662 2868 ὥσπερ

394 2888 791 2962 quodammodo
847 2887 1182 2943 humanitate
1238 2883 1393 2939 nobis
1440 2881 1733 2954 significari
1784 2882 1913 2938 vide:

2145 2884 2198 2935 ,iv
2230 2881 2332 2952 τῆς
2363 2881 2785 2956 ἀνθρωπότητος
2821 2884 2877 2938 ἐν
2922 2900 2988 2954 γε
3033 2890 3271 2942 τουτοισὶ
3304 2892 3664 2963 κατασημαί-

397 2982 523 3038 tur?

2067 2972 2250 3027 νεσθαι
2288 2973 2438 3027 δοκεῖ
2455 2991 2468 3041 ;

446 3074 525 3130 νΒ.
566 3072 734 3129 Recte
762 3072 865 3127 ais.

2006 3134 2022 3136 _
2139 3063 2201 3115 Β.
2236 3064 2531 3136 Ὀρθότατα
2569 3064 2726 3136 ἔφης.

462 3168 530 3222 Α.
570 3165 923 3223 Censebimus
946 3164 1090 3218 enim
1134 3161 1368 3217 nondum
1404 3159 1781 3215 absconditum
1821 3173 1962 3224 esse,

2141 3161 2201 3209 Α.
2243 3134 2553 3227 οἰήσόμεθα
2770 3156 2886 3209 οῦτι
2941 3175 3044 3211 που
3092 3161 3401 3233 κεκρύφθαι
3450 3182 3515 3218 τε
3568 3167 3660 3221 καὶ

394 3272 570 3327 neque
630 3270 662 3312 e
703 3255 903 3310 mundo
947 3253 1287 3317 excessisse,
1331 3264 1456 3306 cum
1523 3260 1710 3320 aperte
1758 3249 1905 3305 dicat

2139 3249 2239 3319 ποδη
2248 3251 2366 3319 μεῖν
2383 3249 2475 3302 τοῦ
2498 3248 2726 3319 κόσμου,
2745 3251 2920 3304 καίτοι
2941 3251 3165 3320 λέγοντα
3185 3254 3430 3322 σαφῶς-ἰ
3455 3257 3658 3329 Ἀμὴν,

398 3366 420 3403 α
463 3348 658 3411 Amen,
695 3359 853 3401 amen
893 3344 1013 3398 dico
1039 3341 1213 3408 vobis,
1242 3342 1384 3411 quod
1425 3341 1514 3395 ubi
1553 3339 1662 3395 duo
1718 3350 1813 3394 aut
1855 3350 1917 3394 tri

2138 3341 2215 3411 ιὴν
2239 3340 2381 3409 λέγω
2403 3341 2555 3412 ὑμῖν,
2578 3342 2660 3395 ὅτι
2689 3342 2822 3396 ὅπου
2866 3344 2961 3397 ἐὰν
3000 3345 3304 3416 συναχθῶσι
3324 3347 3419 3401 δύο
3443 3350 3478 3420 ἢ
3508 3354 3657 3422 τρεῖς

391 3437 704 3509 congregati
744 3434 947 3490 fuerint
1004 3434 1056 3487 in
1103 3433 1322 3487 nomine
1377 3446 1530 3496 meo,
1582 3430 1692 3485 illic
1741 3445 1859 3485 sum

2139 3449 2148 3493 .'
2185 3431 2244 3484 τὸ
2278 3432 2413 3503 ἐμὸν
2451 3433 2645 3503 ὄνομα,
2680 3435 2798 3487 ἐκεῖ
2829 3436 2944 3505 εἰμι
2982 3437 3040 3491 ἐν
3078 3436 3224 3507 μέσῳ
3253 3439 3457 3493 αὐτῶν.
3492 3459 3512 3492 ι
3548 3443 3658 3497 Καὶ

394 3531 573 3586 medio
602 3543 789 3585 eorum
812 3526 876 3579 “.
918 3545 938 3579 ι
974 3525 1040 3580 Et
1069 3539 1255 3579 rursus
1285 3540 1299 3577 :
1342 3541 1360 3574 ι
1384 3522 1536 3577 Ecce
1563 3537 1663 3593 ego
1691 3521 1908 3577 vobiscu

2137 3522 2249 3575 ιλινο
2281 3541 2301 3573 ‹
2327 3521 2456 3576 ’ἰδοὺ
2488 3523 2602 3592 ἐγὼ
2624 3525 2742 3595 μεθ’
2772 3525 2926 3596 ὑμῶν
2951 3528 3067 3597 εἰμι
3090 3529 3267 3594 πάσας
3291 3529 3392 3594 τὰς
3415 3532 3656 3603 ἡμέρας.

392 3639 511 3678 sum
554 3619 805 3675 omnibus
858 3617 1067 3681 diebus,
1114 3630 1284 3684 usque
1332 3615 1399 3668 ad
1446 3615 1911 3669 consummatione

2144 3632 2172 3677 ς
2197 3614 2298 3683 τῆς
2332 3615 2642 3680 συντελείας
2671 3616 2766 3670 τοῦ
2786 3616 3016 3682 ναξῶνος.
3044 3620 3235 3684 »Ἴδοις
3250 3621 3301 3674 δ’
3331 3624 3399 3677 ἂν
3426 3625 3529 3678 καὶ
3562 3628 3660 3679 αὖ»

392 3713 574 3770 saeculi
598 3712 662 3765 ⁸⁸.
693 3729 712 3765 ι
743 3709 883 3778 Quin
905 3718 961 3765 et
987 3708 1413 3765 sacratissimum
1457 3706 1683 3760 Paulum
1710 3721 1911 3775 saepem

2141 3722 2157 3754 ν
2204 3703 2295 3756 τὸν
2343 3704 2634 3776 ἱερώτατον
2692 3705 2904 3780 Παῦλον
2936 3709 3473 3781 καταῤῥᾳθυμοῦντα
3530 3714 3660 3765 πολ-

393 3819 542 3861 mero
575 3802 762 3858 videas
797 3809 1085 3870 negantem
1111 3797 1306 3853 debere
1336 3797 1511 3868 ipsum
1554 3796 1912 3866 praedicari'ht

2139 3812 2226 3858 κις
2280 3796 2374 3849 τοῦ
2429 3798 2524 3851 καὶ
2547 3796 2842 3869 ἄνθρωπον
2883 3798 2994 3852 δεῖν
3031 3801 3430 3872 ἀνακηρύττειν
3467 3806 3656 3858 αὐτόν.

393 3898 588 3950 minem
618 3912 633 3950 :
675 3912 695 3946 ε
732 3891 934 3947 Paulus
966 3891 1133 3952 enim,
1167 3890 1361 3959 inquit,
1402 3890 1707 3959 apostolus,
1749 3904 1857 3944 non
1895 3905 1912 3943 ι

2141 3886 2331 3950 1αῦλος
2376 3887 2506 3959 γὰρ,
2536 3889 2723 3959 φησὶν,
2754 3889 2783 3940 6
2819 3889 3136 3955 ἀπόστολος,
3168 3892 3266 3944 οὐκ
3308 3894 3409 3945 ἀπ’
3441 3895 3660 3966 ἀνθρὼ-

393 3985 725 4048 hominibus,
773 3998 950 4053 neque
1004 3997 1100 4052 per
1152 3981 1421 4047 homines,
1478 3981 1572 4037 sed
1632 3997 1727 4050 per
1780 3979 1907 4036 Jesn

2134 3997 2205 4043 uv,
2241 3979 2360 4032 οὐδὲ
2379 3980 2453 4033 δι’
2480 3979 2807 4051 ἀνθρώπων,
2839 3981 2973 4035 ἀλλά
2998 3982 3088 4035 διὰ
3124 3982 3297 4053 Ἰησοῦ
3328 3986 3598 4056 Χριστοῦ.
3635 4009 3653 4038 ι

390 4076 666 4133 Christum
682 4075 748 4129 ".
772 4092 791 4125 ι
810 4074 876 4127 Ει
902 4072 1061 4143 paulo
1085 4081 1205 4143 post
1229 4088 1241 4123 :
1268 4092 1286 4124 ι
1311 4072 1507 4127 Notum
1540 4072 1857 4127 enimvobis
1893 4072 1909 4126 ί

2139 4069 2174 4122 ti
2194 4064 2259 4124 αὖ
2282 4069 2373 4122 ἐπὶ
2390 4070 2625 4135 τούτοιςο
2649 4090 2669 4123 ι
2693 4072 2949 4143 Γνωρίζω
2966 4073 3029 4126 ’δέ
3055 4074 3181 4144 ὑμῖν
3205 4074 3267 4127 τὸ
3292 4076 3658 4145 Εὑαγγέὶιον,

393 4169 500 4233 cio,
530 4168 746 4231 fratres,
782 4164 1132 4235 Evangelium
1157 4163 1299 4233 quod
1326 4163 1771 4234 'evangelizatum
1814 4173 1899 4220 est

2146 4163 2217 4226 σὶ,
2251 4161 2311 4213 τὸ
2338 4160 2721 4231 εὐαγγελισθὲν
2765 4163 2858 4216 ὑπ’
2881 4164 3037 4234 ἐμοῦ,
3066 4166 3146 4218 ὅτι
3196 4166 3295 4219 οὐκ
3340 4167 3461 4221 ἔστι
3516 4173 3662 4223 κατά

392 4273 503 4321 me,
530 4256 656 4326 quia
682 4270 788 4310 non
812 4262 894 4310 est
926 4254 1222 4310 secundum
1264 4254 1557 4309 hominem.
1592 4253 1774 4324 Neque
1818 4256 1903 4310 eni

2144 4253 2369 4324 ὂρωπον.
2414 4251 2549 4305 Οὐδὲ
2594 4253 2704 4323 γὰρ
2746 4253 2858 4321 ἐγὼ
2892 4254 3042 4321 παρά
3073 4254 3360 4326 ἀνθρώπου
3401 4260 3663 4331 παρέλα-

393 4362 494 4414 ego
517 4346 586 4401 ab
618 4345 836 4400 homine
866 4343 1049 4413 accepi
1078 4343 1224 4406 illud,
1273 4357 1445 4411 neque
1487 4343 1646 4397 didici
1681 4359 1694 4397 :
1738 4345 1832 4398 sed
1869 4359 1912 4412 pi

2144 4362 2159 4396 δ
2207 4344 2373 4409 αὐτὸ,
2427 4344 2548 4397 οὐδὲ
2603 4344 2886 4416 ἐδιδάχθην
2914 4386 2927 4409 ,
2983 4346 3121 4402 ἀλλὰ
3159 4348 3224 4401 δι’
3248 4351 3663 4421 ἀποκαλύψεως

394 4433 929 4491 revelationemdesu
959 4432 1160 4488 Christi
1192 4432 1258 4485 ⁸⁸.
1300 4450 1320 4485 ›
1344 4432 1494 4500 Quin
1525 4443 1580 4488 et
1612 4432 1721 4488 alio
1759 4434 1811 4487 in
1846 4435 1913 4489 loc

2146 4434 2254 4508 ισοῦ
2284 4436 2539 4507 Χριστοῦ.
2566 4456 2585 4489 ι
2622 4438 2735 4491 Καὶ
2765 4438 2869 4509 μὴν
2896 4439 2991 4492 καὶ
3020 4440 3244 4513 ἑτέρωθί
3288 4459 3462 4513 φησιν
3481 4461 3494 4473 ·
3541 4464 3559 4496 ι
3599 4447 3665 4499 ΕΞ

393 4527 516 4581 ait:
572 4544 593 4578 ε
632 4525 701 4581 Si.
738 4539 868 4580 vero
918 4524 1082 4579 etiam
1122 4523 1474 4594 cognovimus
1515 4526 1808 4579 secundum
1844 4542 1905 4580 ca

2148 4492 2268 4580 ’καὶ
2300 4492 2616 4599 ἐγνώκαμεν
2663 4492 2802 4583 κατά
2826 4492 3031 4602 ’σάρκα
3078 4492 3331 4603 ἐριστὸν,
3352 4492 3519 4588 ⁴ἀλλὰ

394 4632 519 4673 nem
552 4616 848 4680 Christum,
905 4616 998 4670 sed
1049 4630 1194 4670 nunc
1238 4615 1349 4682 jam
1401 4629 1506 4669 non
1558 4617 1805 4671 novimus
1829 4616 1896 4671 ".

2148 4637 2169 4672 ιι
2194 4620 2274 4673 ἔτι
2311 4619 2670 4691 γινώσκομεν.
2704 4640 2723 4673 ι
2755 4622 2850 4684 Τίς
2877 4617 2971 4675 οῦν
3004 4625 3152 4677 ἐστιν
3194 4624 3401 4694 Ἰησοῦς
3449 4626 3483 4677 6
3526 4628 3667 4699 Χρι-

394 4709 652 4777 Quisnam
682 4708 846 4777 igitur
890 4704 1161 4762 estsJesus
1188 4705 1471 4771 Christus,
1520 4707 1610 4777 qui
1655 4707 1791 4762 adeo
1828 4708 1913 4762 inc

2151 4719 2215 4772 5;,
2247 4712 2275 4762 6
2303 4710 2400 4780 τὴν
2441 4708 2615 4774 οὕτως
2646 4711 2957 4783 ἀπόρρητον
2985 4712 3195 4785 ἀπλανῆ
3244 4732 3303 4768 τε
3354 4717 3455 4769 καὶ
3512 4719 3670 4772 θείαν

396 4800 613 4856 labilem
660 4807 977 4869 certamque
1021 4808 1077 4854 et
1124 4799 1358 4852 divinam
1410 4799 1790 4869 mysteriorum
1835 4814 1915 4853 sui

2147 4799 2413 4869 τοκὰλυψιν
2478 4800 2587 4854 τῶν
2656 4802 2850 4855 ἑαυτοῦ
2903 4805 3211 4875 μυστηρίων
3256 4807 3666 4878 ἐναστράπτων

394 4908 515 4949 rum
541 4891 921 4947 revelationem
950 4891 1049 4959 ipsi
1075 4890 1349 4944 immittit?
1370 4905 1552 4945 nonne
1576 4888 1808 4945 Verbum
1832 4905 1913 4945 cai

2145 4889 2281 4959 υτῷ;
2329 4885 2418 4961 ἆρ’
2454 4891 2575 4962 οὐχὶ
2619 4892 2909 4962 γενόμενος
2944 4894 3081 4965 σὰρξ
3116 4896 3145 4948 6
3168 4896 3361 4966 Λόγος,
3412 4901 3522 4953 καὶ
3564 4902 3664 4972 τὴν

396 4984 619 5046 factum,
657 4980 908 5050 quodque
929 4988 1150 5049 propter
1186 4993 1283 5034 nos
1309 4992 1377 5034 ex
1402 4977 1623 5048 Virgine
1669 4979 1819 5034 nasci
1857 4994 1915 5033 no

1917 4995 1962 5033 in
2073 4983 2136 5033 ἐκ
2170 4982 2427 5049 γυναικὸς
2455 4982 2522 5036 δι’
2548 4984 2697 5053 ἡμᾶς
2721 4986 2822 5037 οὐκ
2851 4986 3124 5055 ἀτιμάσας
3148 4988 3436 5056 γέννησιν;

394 5082 478 5130 est
508 5072 858 5142 dedignatum
877 5071 900 5124 ?

412 5206 419 5211 .
465 5161 526 5218 Β.
567 5161 823 5218 Omnino.
861 5160 1077 5216 Memini
1109 5160 1253 5215 enim
1299 5161 1441 5215 beati
1477 5158 1745 5214 Gabrielis
1785 5159 1855 5213 ita
1897 5174 1925 5213 a

2153 5158 2203 5210 Β.
2245 5157 2393 5211 Πάνυ
2436 5158 2539 5228 μὲν
2568 5154 2680 5213 οὗν.
2713 5162 3162 5234 Διαμεμνήσομαι
3188 5165 3294 5237 γὰρ
3339 5166 3439 5219 τοῦ
3482 5188 3672 5240 μακε.

396 5265 640 5312 sanctam
704 5252 975 5321 Virginem
1002 5253 1281 5308 dicentis:
1322 5270 1340 5303 ι
1404 5250 1480 5306 Ne
1526 5253 1737 5316 timeas,
1765 5250 1915 5305 Mari:

2149 5269 2191 5303 iu
2235 5249 2483 5317 λέγοντος
2531 5251 2571 5302 Γ
2572 5250 2769 5323 ασριὴλ
2812 5254 2945 5325 πρὸς
2988 5256 3086 5326 τὴν
3130 5257 3289 5324 ἁγίαν
3341 5262 3668 5331 Παρθένον·

396 5362 521 5402 ecce
559 5346 706 5400 enim
748 5344 1023 5412 concipies
1057 5344 1109 5396 in
1158 5354 1331 5409 utero,
1362 5352 1417 5396 et
1460 5343 1637 5412 paries
1675 5342 1863 5408 lilium,
1910 5362 1915 5390 ι

2148 5341 2217 5413 νΙὴ
2242 5342 2428 5411 φοϐοῦ,
2458 5344 2713 5416 Μαριάμ·
2747 5346 2855 5399 ἰδοὺ
2887 5347 2995 5418 γὰρ
3030 5347 3272 5421 συλλήψει
3320 5352 3379 5402 ἐν
3433 5359 3667 5423 γαστρὶ,

393 5436 614 5492 vocabis
647 5451 840 5490 nomen
870 5435 986 5505 ejus
1015 5433 1198 5490 Jesum
1227 5435 1293 5487 ⁷ο.
1330 5454 1349 5486 ι
1397 5433 1603 5488 Novum
1649 5444 1827 5489 autem
1862 5435 1912 5487 ht

2141 5434 2163 5487 ὶ
2193 5432 2322 5507 τέξῃ
2345 5435 2485 5498 υἱὸν,
2519 5435 2612 5487 καὶ
2645 5435 2892 5507 καλέσεις
2917 5438 2978 5490 τὸ
3008 5438 3175 5509 ὄνομα
3201 5441 3369 5493 αὐτοῦ
3387 5442 3660 5515 Ἰησοῦν,ι

465 5637 685 5693 “Joan.
714 5653 768 5703 κ,
802 5637 890 5691 50.
967 5637 1184 5693 “Joan.
1218 5646 1327 5702 xlv,
1355 5637 1447 5691 28.
1552 5636 1831 5691 "Coloss.
1872 5652 1954 5701 ιιι,
1989 5634 2106 5690 5-5.
2211 5636 2256 5666 ⁸⁸
2302 5634 2458 5689 Joan.
2516 5651 2648 5699 xvn,
2689 5637 2882 5693 11-13.
2993 5640 3036 5670 ⁸⁸
3089 5638 3276 5697 Matth.
3350 5660 3514 5703 xvrtt.
3567 5647 3661 5701 ΞΟ.

394 5688 977 5773 ωλιὰιὶὗῖὶὶὗιὶιζεο.
1034 5688 1454 5771 ἶτίὰξιιὶίιέίξϊ.
1533 5688 1913 5767 σείιῖὠ.”ιι,“ι

1997 5688 2011 5690 ⁷
2055 5688 2098 5738 δε
2122 5705 2160 5759 ιι
2191 5705 2316 5760 Cor.
2348 5688 2406 5767 έν,
2437 5688 2545 5761 is.“
2589 5688 2880 5775 mox;
2906 5709 2999 5777 so,
3031 5688 3276 5765 διχ---ηη
