3846 6210
250 371 375 427 1229

1328 369 1416 424 DE
1455 368 1966 427 INCARNATIONE
2008 368 2377 425 UNIGENITI.

3350 379 3373 431 ί
3384 378 3487 433 εδο

247 486 437 540 Καινδν
458 486 513 540 δὲ
537 504 689 558 οιμαι
723 486 875 541 τουτί
910 486 1063 559 παρὰ
1110 486 1207 540 τοῦ
1238 488 1448 559 Πατρὸς
1476 488 1648 559 ὄνομα
1670 488 1814 542 δεδό-

1933 503 2115 545 ’10111811
2141 502 2341 543 censeo
2362 503 2392 541 a
2417 486 2578 542 Patre
2608 488 2792 541 datum
2821 503 2940 544 esse
2969 489 3143 545 Verbo
3181 505 3277 560 per
3304 506 3487 545 vocem

246 577 359 632 σθαι
408 578 485 650 τῷ
524 580 684 650 Λόγῳ
724 579 814 633 διά
848 579 950 649 τῆς
983 578 1215 648 ἀγγέλου
1266 581 1471 651 φωνῆς.
1499 581 1813 650 Προανακε-

244 670 431 742 κράγει
451 670 558 740 γάρ
587 668 728 723 οὕτω
752 670 847 723 καὶ
874 668 1257 741 χρησμῲδημα
1276 672 1632 740 προφητικὸν·
1661 689 1679 721 ι
1700 670 1812 723 Καὶ

245 763 522 816 καλέσουσι
554 762 613 814 16
644 761 814 832 ὄνομα
840 761 1003 816 αὐτοῦ
1058 762 1118 815 τὸ
1145 762 1327 815 καινὸν
1353 760 1454 834 (9),
1495 762 1525 815 6
1548 764 1575 815 6
1601 762 1804 834 Κύριος

242 854 489 926 όνομάσει
528 854 678 908 αὐτό.
719 872 738 905 ι

306 948 369 1002 Α.
396 947 524 1000 Ὅτε
570 946 749 1000 τοίνυν
795 945 824 997 6
871 946 1136 1010 auva‘i6t0;
1185 946 1262 1018 τῷ
1322 947 1519 1016 Πατρὶ,
1556 948 1651 1000 ml.
1709 947 1817 1018 πρὸ

244 1038 433 1102 παντὸς
464 1037 656 1102 αἰῶνος
690 1038 816 1100 Υἱὸς
870 1038 966 1091 καὶ
1002 1039 1332 1110 Μονογενὴς,
1361 1040 1419 1091 ὲν
1451 1039 1697 1109 ἐσχάτοις
1724 1038 1817 1092 τοῦ

245 1130 431 1192 αἰῶνος
466 1131 677 1200 καιροῖς
703 1128 926 1197 γέγονεν
962 1128 1273 1200 ἄνθρωπος,
1301 1129 1624 1200 γεγέννηται
1652 1130 1709 1183 δὲ
1728 1130 1817 1184 διά

244 1214 512 1284 γυναικὸς,
542 1216 634 1269 καὶ
663 1216 871 1286 ὡρίσθη
917 1216 1015 1286 μὲν
1045 1218 1181 1282 υἱὸς,
1215 1219 1592 1289 κεχρημάτικε
1631 1218 1688 1272 δὲ
1723 1220 1818 1272 καὶ

246 1306 601 1376 πρωτότοκος,
635 1307 731 1361 καὶ
764 1309 989 1376 γέγονεν
1026 1309 1084 1361 ὲν
1119 1309 1337 1372 πολλοῖς
1380 1308 1649 1379 ἀδελφοῖς
1699 1309 1819 1362 τότε

245 1398 331 1450 καὶ
359 1399 387 1450 6
416 1397 574 1466 φύσει
611 1397 809 1469 πατὴρ,
841 1396 1013 1468 ὁρίζει
1054 1397 1311 1470 τοῦνομα,
1341 1402 1451 1463 τοῖς
1484 1401 1581 1470 τῆς
1616 1399 1819 1471 πατρό-

244 1505 418 1559 τητος,
451 1489 516 1542 ἵν’
541 1486 714 1552 οὕτως
746 1489 1007 1561 εἴπωμεν,
1038 1492 1303 1562 ἑπόμενος
1342 1495 1550 1563 νόμοις.
1577 1492 1820 1562 Εὐφραί-

246 1598 349 1645 νοις
375 1582 469 1635 καὶ
497 1584 666 1653 ἡμᾶς,
701 1581 897 1651 ἄριστα
933 1584 1109 1646 συνεὶς
1126 1584 1224 1654 τῆς
1246 1584 1556 1653 οἰκονομίας
1585 1584 1674 1637 τὸν
1698 1584 1822 1655 τρό-

246 1691 363 1728 πον.

311 1761 371 1815 Β.
404 1764 463 1815 '0
491 1763 652 1826 αὐτὸς
676 1757 767 1816 οὖν
796 1763 905 1834 ἄρα
932 1763 1027 1817 καὶ
1054 1766 1349 1833 μονογενής
1376 1767 1493 1818 ἐστι
1534 1768 1627 1819 καὶ
1675 1784 1823 1837 πρω-

243 1852 477 1917 τότοκος.

310 1948 375 1999 Α.
413 1948 504 2017 Μὴ
559 1947 666 2019 γὰρ
716 1949 826 2001 οἵου
866 1948 1005 2002 κατὰ
1042 1948 1237 2003 σαυτὸν
1281 1950 1535 2020 ὲτεροίως
1582 1950 1821 2024 ἔχειν,ῆ

244 2035 431 2100 οὕτως,
461 2031 506 2090 ὦ
532 2038 647 2091 τᾶν.
666 2037 724 2091 ’0
753 2037 859 2108 γάρ
902 2056 985 2092 τοι
1004 2041 1316 2109 Μονογενὴς
1345 2039 1421 2105 ὡς
1437 2042 1590 2106 Θεὸς,
1615 2045 1826 2113 πρωτό-

244 2147 398 2197 τοκος
426 2131 483 2182 ἐν
507 2131 659 2201 ἡμῖν,
693 2130 813 2184 καθ’
840 2130 1034 2185 ἕνωσιν
1059 2132 1425 2204 οἰκονομικὴν,
1464 2135 1557 2187 καὶ
1595 2137 1652 2187 ἐν
1693 2136 1824 2189 πολ-

245 2222 351 2285 λοῖς
376 2222 621 2292 ἀδελφοῖς
647 2223 723 2286 ὡς
750 2222 1057 2294 ἄνθρωπος,
1090 2225 1179 2279 ἵνα
1228 2226 1321 2278 καὶ
1370 2228 1529 2297 ἡμεῖς
1575 2222 1726 2298 ὦμεν
1768 2230 1826 2281 ὲν

243 2314 389 2385 αὐτῷ
416 2331 474 2368 τε
498 2316 590 2367 καὶ
616 2316 682 2368 δι’
709 2315 869 2369 αὐτὸν
921 2318 1025 2370 υἱοὶ
1047 2317 1184 2370 Θεοῦ
1210 2320 1452 2386 φυσικῶς
1480 2337 1541 2372 τε
1572 2321 1665 2373 καὶ
1688 2322 1828 2375 κατά

245 2406 418 2478 χάριν.
460 2407 709 2479 Φυσικῶς
743 2409 860 2479 μὲν,
898 2408 974 2472 ὼς
1015 2411 1072 2463 ὲν
1106 2409 1256 2480 αύτῷ
1279 2428 1337 2462 τε
1370 2411 1463 2463 καὶ
1495 2411 1661 2482 μόνῳ,
1699 2412 1828 2485 μεθ-

243 2497 414 2561 εκτῶς
455 2498 511 2551 δὲ
558 2499 652 2551 καὶ
685 2499 824 2552 κατὰ
851 2498 1011 2570 χάριν
1068 2500 1229 2569 ἡμεῖς
1279 2499 1347 2552 δι’
1372 2499 1536 2551 αὑτοῦ
1569 2502 1627 2551 ἐν
1653 2500 1827 2553 Πνεύ-

247 2589 617 2661 ματι.”Ωσπερ
649 2586 743 2643 οὖν
775 2589 998 2658 γέγονεν
1025 2589 1153 2643 ἴδιον
1186 2590 1288 2659 τῆς
1320 2590 1738 2664 ἀνθρωπότητος
1770 2595 1829 2646 ἐν

244 2680 461 2752 Χριστῷ
491 2681 549 2734 τὸ
578 2681 904 2750 Μονογενὲς,
933 2681 1019 2734 διὰ
1050 2681 1110 2735 τὸ
1138 2681 1375 2753 ἡνῶσθαι
1410 2682 1485 2754 τῷ
1509 2684 1665 2755 Λόγῳ
1687 2686 1829 2739 κατά

245 2771 514 2843 σύμϐασιν
539 2774 909 2844 οἰκονομικήν⁸
939 2770 1113 2835 οὕτως
1158 2774 1287 2827 ῖδιον
1331 2774 1427 2827 τού
1461 2776 1636 2844 Λόγου
1677 2777 1739 2829 16
1767 2778 1824 2829 ὲν

244 2863 457 2927 πολλοῖς
487 2863 755 2933 ἀδελφοῖς,
779 2867 875 2917 καὶ
894 2864 974 2926 16,
1002 2865 1369 2935 πρωτότοκος,
1393 2865 1480 2919 διὰ
1502 2866 1561 2919 16
1587 2867 1828 2938 ἡνῶσθαι

247 2956 431 3025 σαρκί.
450 2956 871 3026 Ἐρηρεισμένον
909 2957 954 3009 δ’
981 2952 1073 3009 οὖν
1108 2956 1249 3026 ἔχων
1279 2958 1340 3010 τὸ
1368 2953 1507 3012 εἶναι
1552 2959 1705 3023 Θεὸς,
1736 2961 1831 3012 καὶ

243 3048 450 3118 τροπῆς
480 3048 719 3118 ἀμείνων
746 3048 1005 3118 ὑπάρχων
1028 3049 1133 3108 ἀεὶ,
1159 3049 1258 3119 τῆς
1286 3048 1419 3113 ἰδίας
1440 3050 1540 3103 ούκ
1563 3050 1829 3120 ἐξοίχεται

242 3137 420 3207 δόξης.
457 3139 744 3210 Τοιγάρτοι
792 3140 1142 3215 κεκέλευσται
1198 3140 1315 3211 μεθ’
1351 3141 1508 3211 ἡμῶν
1556 3142 1650 3195 καὶ
1692 3142 1829 3215 αύτὴ

1917 581 2117 651 angeli.
2157 579 2292 634 Nam
2333 580 2385 633 id
2439 579 2756 649 prophetico
2801 581 3020 635 oraculo
3067 583 3490 651 pramuutiatnm

1916 681 2070 727 erat:
2101 690 2120 723 ‹
2158 671 2225 725 Ει
2243 670 2513 725 vocabunt
2538 685 2731 724 nomen
2765 670 2932 739 ipsius
2968 687 3165 726 novum
3196 672 3364 743 (quod
3398 672 3494 726 Do-

1920 764 2098 819 minus
2127 762 2425 818 nominabit
2452 762 2648 831 ipsum)
2673 762 2741 815 7'.
2780 780 2797 813 ι

1991 938 2057 992 Α.
2098 938 2234 994 Cum
2275 937 2457 1007 itaque
2496 946 2797 992 eoa-ternas
2838 936 3009 1006 Patri,
3060 952 3113 997 et
3146 952 3270 998 ante
3312 948 3495 999 omnia

1920 1030 2118 1085 saecula
2136 1032 2408 1086 exsistens
2433 1030 2628 1093 Filius,
2658 1041 2822 1101 atque
2850 1032 3196 1103 Unigenilus,
3226 1036 3277 1089 in
3311 1036 3495 1090 novis.

1922 1122 2075 1177 simis
2119 1122 2301 1177 saeculi
2338 1123 2672 1192 temporibus
2701 1125 2876 1179 factus
2899 1135 2985 1180 est
3013 1126 3193 1192 homo,
3231 1138 3497 1197 natusque

1920 1223 2002 1268 est
2033 1230 2063 1268 e
2085 1214 2330 1279 muliere,
2359 1222 2413 1268 et
2444 1214 2749 1269 declaratus
2789 1225 2872 1269 est
2923 1215 3062 1271 filius
3084 1254 3101 1281 ,
3137 1228 3361 1273 vocatus
3405 1233 3501 1271 au-

1923 1315 2030 1360 tem
2053 1316 2138 1360 est
2155 1306 2566 1376 primogenitus,
2585 1316 2639 1359 et
2664 1307 2841 1363 factus
2862 1310 2913 1361 in
2939 1309 3123 1362 multis
3141 1308 3399 1364 fratribus
3414 1311 3460 1341 ⁷³
3483 1327 3499 1362 :

1923 1408 2048 1451 tunc
2069 1396 2230 1451 etiam
2270 1405 2461 1451 natura
2521 1409 2673 1466 pater
2720 1400 2954 1469 prmlinit
2997 1400 3097 1470 ipsi
3137 1416 3361 1464 nomen,
3404 1417 3503 1470 pa-

1923 1490 2211 1555 ternitatis,
2252 1501 2309 1543 nt
2344 1492 2413 1545 ita
2444 1492 2645 1554 dicam,
2682 1492 2826 1561 leges
2843 1493 3007 1563 700
3043 1508 3297 1562 sequens.
3332 1494 3498 1547 Exhi-

1923 1582 2185 1638 laraveris
2213 1584 2356 1637 ettim
2398 1598 2526 1648 nos,
2578 1584 2996 1653 dispensationis
3054 1586 3317 1641 rationem
3361 1596 3504 1641 recte

1924 1674 2248 1743 intelligens.

1996 1766 2056 1819 Β.
2099 1766 2243 1822 idem
2290 1767 2472 1835 itaque
2521 1777 2576 1823 et
2611 1767 2917 1839 unigenitus
2956 1776 3076 1833 est,
3125 1779 3182 1823 et
3232 1769 3504 1840 primoge-

1851 1867 1894 1920 Β
1924 1857 2090 1912 nilus.

1997 1949 2061 2002 A.
2103 1948 2263 2004 Certe
2296 1950 2455 2004 aliter
2499 1965 2661 2021 quam
2712 1951 2785 2005 ita
2826 1951 2965 2020 apud
3003 1962 3055 2006 te
3112 1960 3354 2007 statuere
3396 1965 3503 2006 non

1925 2041 2110 2097 debes.
2165 2041 2488 2113 Unigeuitus
2529 2045 2709 2107 enim,
2764 2053 2823 2096 ut
2878 2042 3058 2099 Dens:
3110 2044 3505 2114 primogenitns

1929 2135 2071 2190 inter
2113 2151 2233 2201 nos,
2282 2136 2487 2190 ratione
2537 2137 2761 2190 unitatis
2797 2152 2893 2207 per
2937 2137 3410 2198 incarnationem;
3449 2144 3504 2191 et

1928 2224 1981 2279 in
2014 2226 2198 2280 multis
2237 2226 2518 2291 fratribus,
2554 2237 2612 2280 ut
2639 2228 2799 2281 homo
2831 2227 3071 2292 dicitur,
3118 2236 3177 2281 ut
3208 2228 3370 2281 etiam
3407 2242 3505 2281 nos

1928 2315 2100 2371 simus
2127 2316 2181 2371 in
2210 2318 2347 2387 ipso,
2378 2328 2431 2372 et
2459 2332 2554 2387 per
2588 2319 2761 2387 ipsum
2804 2318 2898 2372 lilii
2942 2317 3034 2372 Dei
3079 2317 3419 2381 naturaliter,
3449 2328 3507 2372 et

1927 2411 2221 2462 secundum
2252 2408 2504 2477 gratiam.
2534 2405 2861 2461 Naturaliter
2880 2406 3117 2477 quidem,
3148 2416 3204 2459 ut
3230 2406 3283 2460 in
3311 2405 3426 2474 ipso
3451 2416 3506 2458 et

1927 2499 2075 2565 solo;
2112 2515 2208 2569 per
2251 2498 2719 2569 participationem
2759 2513 2911 2565 vero,
2948 2508 3000 2554 et
3029 2501 3326 2554 secundum
3376 2513 3504 2567 gra-

1931 2590 2081 2655 tiam,
2119 2605 2216 2661 per
2248 2591 2443 2660 ipsmn,
2481 2590 2535 2644 in
2568 2590 2797 2659 Spiritu.
2830 2589 3295 2655 Quemadmodum
3341 2588 3508 2658 igitur

1931 2680 2278 2750 Uuigenitum
2335 2685 2536 2737 factum
2586 2692 2670 2738 est
2719 2683 2995 2750 proprium
3048 2680 3402 2735 humanitatis
3452 2681 3504 2734 in

1927 2770 2165 2835 Christo,
2196 2773 2319 2842 quia
2361 2775 2570 2829 unitum
2614 2783 2701 2830 est
2751 2773 2952 2839 Verbo,
3004 2787 3100 2842 per
3157 2787 3505 2841 congressmn

1930 2862 2077 2916 illum
2110 2864 2528 2932 incarnationis;
2558 2868 2631 2921 ita
2658 2866 2933 2937 proprium
2965 2863 3125 2918 Verbi
3150 2872 3254 2925 est,
3291 2863 3342 2916 in
3369 2862 3507 2916 mul-

1931 2957 2003 3010 tis
2055 2956 2337 3024 fratribus,
2382 2968 2436 3013 et
2493 2958 2919 3028 primogenitus,
2967 2956 3092 3025 quia
3154 2954 3363 3008 unitqu
3425 2963 3510 3007 est

1929 3050 2113 3114 carni;
2153 3048 2366 3104 firmam
2402 3065 2532 3106 vero
2568 3066 2631 3106 ac
2680 3049 2930 3105 stabilem
2973 3047 3312 3102 divinitatem
3354 3060 3508 3099 suam

1932 3141 2175 3197 retinens
2205 3141 2516 3212 nullamque
2548 3159 2783 3211 unquam
2828 3141 3180 3196 mutationem
3216 3138 3507 3207 recipiens,

241 3228 350 3284 τῶν
380 3230 491 3284 ἄνω
518 3218 843 3300 πνευμάτων
872 3233 905 3301 ἡ
937 3232 1067 3300 ἁγία
1099 3249 1159 3284 τε
1199 3233 1294 3285 καὶ
1329 3232 1575 3305 μακαρία
1600 3233 1824 3305 πληθὺς,

1936 3231 2070 3286 nihil
2097 3234 2164 3287 de
2192 3248 2289 3286 sua
2318 3232 2487 3302 gloria
2526 3235 2748 3288 amittit.
2795 3232 3003 3287 idcirco
3036 3230 3221 3299 jussus
3258 3238 3342 3282 est
3385 3242 3511 3282 san-

244 3324 570 3391 προσκυνεῖν
617 3318 897 3392 αὐτῷ.*Ην
947 3323 1055 3394 γὰρ
1102 3323 1293 3394 δήπου,
1336 3324 1433 3378 καὶ
1474 3325 1621 3395 μάλα
1656 3326 1823 3393 εἰκὸς,

244 3413 546 3485 ἀνήνασθαι
584 3415 683 3485 τὴν
719 3414 1111 3486 προσκύνησιν,
1146 3416 1240 3468 καὶ
1282 3418 1616 3484 κατοκνῆσαι
1661 3418 1829 3488 τιμᾷν

242 3508 308 3561 τὸ
325 3507 423 3577 τῆς
447 3507 864 3578 ἀνθρωπότητος
884 3506 1128 3576 ὁρῶντας
1154 3510 1591 3579 σμικροπρεπὲς,
1617 3510 1711 3563 καὶ
1735 3510 1828 3563 τὸν

242 3600 311 3655 δι’
345 3602 491 3672 ἡμᾶς
535 3600 658 3653 καθ’
684 3601 832 3672 ἡμᾶς
883 3601 983 3653 ούκ
1012 3599 1239 3664 ἀξιῶσαι
1267 3601 1584 3669 δοξολογεῖν,
1612 3605 1834 3673 ἀποφοι·

244 3691 458 3756 τῶντας
475 3692 551 3755 ὼς
574 3692 845 3746 ἀπωτάτω
866 3690 959 3744 τοῦ
989 3692 1364 3763 πεπλανῆσθαι
1388 3693 1830 3748 δοκεῖν.”Αοπτον

246 3784 358 3857 γὰρ
404 3785 500 3838 καὶ
545 3783 725 3846 αύτοῖς
770 3780 839 3853 ἦν
892 3783 972 3835 ἔτι
1024 3783 1085 3836 τό
1128 3784 1221 3836 ὲπ).
1248 3784 1470 3854 Χριστῷ
1506 3789 1827 3857 μυστήριον,

246 3873 583 3942 ἐξεκάλυπτε
609 3873 665 3927 δὲ
696 3873 756 3926 16
784 3871 1009 3943 Πνεῦμα
1046 3873 1249 3935 αὐτοῖς,
1278 3873 1373 3931 καὶ
1400 3872 1681 3925 δυσσεϐεῖν
1730 3874 1830 3928 ούκ

246 3967 401 4038 ἠφίει
434 3967 562 4029 τοὺς
588 3964 973 4036 ἡγιασμένους.
991 3964 1281 4033 Τοιγάρτοι
1307 3964 1472 4035 φησὶν
1492 3966 1519 4018 6
1544 3964 1831 4028 θεσπέσιος

247 4057 482 4121 Παῦλοςο
507 4058 705 4111 ιὍταν
735 4056 792 4110 δὲ
823 4056 1093 4129 εἰσαγάγῃ
1120 4056 1209 4109 16v
1237 4056 1585 4127 Πρωτότοκον
1622 4059 1702 4120 εἰς
1733 4057 1834 4129 τὴν

246 4152 399 4204 οικου
408 4148 596 4220 μένην,
626 4148 794 4217 λέγει’
815 4150 924 4203 Καὶ
952 4149 1486 4220 προσκυνησάτωσαν
1513 4148 1662 4220 αύτῷ
1691 4150 1831 4204 πάν-

322 4333 367 4365 ⁷¹
395 4331 497 4386 lsa.
532 4347 662 4397 uti,
688 4331 742 4385 2.
819 4334 864 4364 ⁷³
891 4330 1050 4386 Rom.
1083 4347 1201 4395 ml,
1237 4330 1329 4386 29.

1931 3333 2053 3379 ctus
2087 3322 2178 3379 ille
2209 3339 2273 3379 ac
2302 3326 2493 3379 beatus
2528 3323 2832 3380 caelestium
2862 3323 3150 3393 Spirituum
3188 3328 3364 3375 ctetus
3402 3334 3509 3371 una

1932 3416 2212 3471 nobiscum
2262 3416 2435 3486 ipsum
2494 3416 2742 3470 adorare.
2796 3414 2979 3485 Neque
3039 3414 3181 3467 enim
3243 3410 3513 3465 immerito

1933 3505 2162 3561 adorare
2186 3506 2359 3576 ipsum
2394 3514 2758 3572 recusassent,
2784 3504 3071 3574 colereque
3094 3503 3507 3562 detrectassent,

1936 3597 2291 3653 humanitatis
2352 3598 2708 3653 humilitatem
2766 3599 3068 3659 intuentes,
3120 3607 3352 3661 eumque
3417 3591 3510 3661 qui

1934 3699 2155 3759 propter
2196 3705 2295 3744 nos
2334 3690 2502 3745 nostri
2554 3689 2749 3744 similis
2801 3688 2980 3743 factus
3034 3697 3152 3739 erat
3198 3686 3405 3739 honore
3446 3696 3511 3736 ac

1934 3782 2092 3837 laude
2142 3782 2417 3853 dcdignati
2465 3792 2685 3845 essent;
2741 3781 2993 3848 nullaque
3051 3778 3262 3832 ratione
3310 3775 3514 3829 erroris

1937 3892 2056 3932 eam
2088 3878 2159 3931 ob
2191 3892 2302 3931 rem
2338 3878 2488 3945 argui
2532 3878 2853 3947 potuissent.
2880 3873 3015 3928 Nam
3054 3882 3110 3926 et
3152 3871 3282 3941 ipsis
3306 3868 3510 3923 Christi

1939 3969 2253 4039 mysterium
2283 3969 2460 4022 adhuc
2493 3968 2823 4036 incognitum
2856 3975 3007 4030 erat;
3040 3963 3297 4019 rerelavit
3331 3970 3511 4014 autem

1938 4060 2019 4114 eis
2057 4059 2292 4128 Spiritus
2333 4069 2576 4123 sanctus,
2625 4074 2731 4113 non
2779 4057 3095 4126 permittens
3149 4054 3311 4123 impie
3352 4064 3514 4120 agere

1938 4151 2321 4208 sanctificatos.
2373 4149 2579 4205 Idcirco
2630 4150 2841 4205 divinus
2877 4148 2966 4204 ille
3025 4146 3225 4202 Paulus
3278 4146 3348 4198 ita
3392 4143 3512 4198 ait:

1483 4512 1638 4568 ΒΟΝ.
1679 4511 1998 4569 VULCANII
2036 4511 2265 4568 NOtm.

328 4698 404 4780 (‘9)
437 4697 671 4780 Cyrillus
697 4694 979 4780 Glaphyria
1011 4695 1065 4780 in
1091 4691 1359 4780 Genesim,
1390 4693 1501 4780 uhi_
1526 4691 1823 4780 deAJlacobo

251 4764 563 4840 pairiaréha
592 4764 961 4840 interrogante
1004 4778 1126 4818 eum
1175 4778 1299 4840 cum
1330 4780 1439 4840 quo
1488 4764 1822 4840 luctabatur,

251 4832 529 4909 quodnam
573 4838 672 4909 ipsi
709 4832 852 4909 esset
905 4850 1123 4909 nomen,
1158 4834 1275 4909 ait_:
1325 4832 1824 4909 φύκάπαγγέλλει

247 4902 492 4973 τοῦνομα
521 4909 550 4961 6
575 4902 727 4972 Θεὸς,
760 4908 841 4960 ὅτι
870 4903 1011 4959 κατά
1040 4903 1213 4973 φύσιν
1241 4904 1357 4973 ἐστὶ
1384 4903 1478 4958 καὶ
1509 4902 1597 4956 διὰ
1630 4902 1822 4973 τούτου

248 4972 489 5043 δεικνύς.
508 4979 717 5048 Ὀνομα
738 4978 842 5058 μὲν
872 4976 1002 5045 γὰρ,
1027 4974 1101 5037 ὼς
1130 4972 1402 5083 ἀνθρώπῳ
1421 4973 1582 5042 τυχὸν
1615 4972 1821 5036 Ξδικῶς,

249 5051 408 5083 ...οιιῒὶυ
441 5049 504 5083 π..
533 5048 613 5083 εἵς-ι
655 5047 774 5083 Rem
828 5045 971 5083 Πῖἆιιυ
1010 5044 1065 5083 EF
1096 5038 1170 5083 ιῖιυ
1201 5061 1224 5083 ε
1251 5060 1332 5083 wn
1384 5043 1595 5083 πέωιινρ
1628 5042 1821 5083 πολλα-

248 5051 408 5105 οὐδὲν
440 5038 504 5103 ἀν
531 5048 617 5117 εἴη
642 5038 792 5118 Ὁεῷ.
825 5038 971 5118 Πλὴν
1010 5044 1068 5118 εξ
1096 5038 1170 5097 ὧν
1189 5038 1345 5118 ἐἶναι
1375 5038 1596 5118 ’πέφυκε
1615 5042 1827 5118 ,πολλα-

249 5111 759 5193 ﬂammei
810 5111 938 5193 Φῶς
964 5113 1211 5193 γὰρκκςιὶ
1251 5112 1401 5193 (sui.
1438 5114 1532 5165 καὶ
1571 5111 1821 5193 δνᾷναμις,

252 5183 357 5245 Ξὶαἲ
377 5183 627 5260 ἀλὴθέια,
661 5184 991 5260 Μονογενὴς,
1025 5183 1120 5236 καὶ
1150 5183 1509 5260 ἀπαύγασμα,
1542 5184 1825 5260 κιαῖχαρα-

250 5262 400 5331 κτὴρ
427 5252 1110 5331 τοῦγεννήσαντοςζὲλεος,
1142 5256 1235 5307 καὶ
1269 5252 1450 5331 σοφία,
1498 5253 1592 5306 καὶ
1619 5252 1824 5331 δικαιο-

253 5324 417 5402 σύνὴ,
442 5324 972 5402 καῖ’άπολύτρωσις.
1009 5326 1119 5379 lloc
1140 5335 1262 5378 est:
1296 5324 1418 5402 Non
1457 5324 1696 5402 eituntiat
1729 5340 1824 5376 no-

250 5394 593 5460 men'rDeus,
641 5394 957 5451 naturaliter
998 5410 1050 5447 se
1089 5410 1199 5447 esse
1249 5409 1340 5460 per
1386 5394 1481 5445 hoc
1523 5395 1819 5446 declarans.

254 5470 471 5525 Nomen
509 5469 646 5522 enim
705 5468 832 5530 Deo,
875 5463 1317 5533 quemadmodum
1366 5461 1566 5515 homini
1605 5462 1827 5527 fortasse

249 5540 614 5608 peculiariter,
646 5538 848 5608 nullum
892 5543 986 5588 est.
1029 5533 1287 5608 Craterum
1332 5548 1396 5608 ea:
1438 5534 1505 5585 iis
1542 5547 1658 5608 quia
1716 5548 1827 5587 esse

251 5600 544 5673 consuevit,
580 5600 929 5676 multifariam
960 5604 1289 5676 nominatur.
1323 5600 1542 5676 _Lumen
1574 5603 1740 5676 enim,
1778 5613 1827 5657 et

252 5684 388 5743 vita,
406 5690 455 5733 et
495 5670 747 5746 potentia,
777 5685 822 5729 et
864 5675 1075 5746 veritas,
1110 5670 1457 5746 unigenitus,
1487 5680 1535 5724 et
1557 5670 1824 5746 splendor,

253 5761 306 5803 et
332 5743 605 5802 character
623 5747 738 5815 ejus
759 5746 847 5816 qui
881 5744 1081 5816 genuit,
1124 5743 1511 5816 misericordia,
1535 5752 1582 5795 et
1614 5743 1826 5816 sapien-

255 5822 359 5886 tia,
379 5830 425 5874 et
447 5812 680 5889 justitid,
710 5812 1098 5888 etgredemptio.
1124 5812 1412 5883 Eleganter
1433 5826 1563 5868 vero
1596 5813 1830 5884 explicat

1929 4692 2169 4748 Isidorus
2200 4690 2499 4746 Pelusiotes
2528 4689 2687 4758 epist.
2714 4690 2817 4745 453
2845 4689 2936 4744 lib.
2964 4689 3146 4757 primi,
3183 4690 3277 4745 Del
3313 4706 3510 4746 nomen

1932 4775 2056 4816 ante
2093 4762 2521 4817 incarnationem
2576 4759 2744 4813 fuisse
2776 4760 3239 4829 ἀκατονόμαστον,
3285 4771 3342 4815 et
3383 4761 3519 4817 facit.

1928 4833 2185 4887 .lacobnm
2231 4847 2354 4887 cum
2400 4830 2529 4893 Deo,
2579 4829 2854 4885 Geneseos
2885 4846 3063 4893 xxxn,
3100 4829 3428 4893 luctantem.
3457 4844 3518 4889 et

1933 4904 2355 4971 interrogantem
2403 4900 2799 4971 quodnamipsi
2847 4911 2993 4971 esset
3024 4916 3243 4971 nomen,
3288 4902 3389 4954 hoc
3428 4918 3515 4955 re-

1933 4974 2118 5037 sponsi
2143 4965 2452 5042 aecepisse':
2484 4969 2680 5042 06105
2714 4965 2881 5042 νόμου
2909 4965 3071 5042 εἶναι,
3103 4970 3225 5023 οὐδὲ
3264 4970 3374 5022 τῶν
3407 4972 3515 5042 πρὸ

1932 5043 2099 5112 νόμου
2131 5038 2290 5096 τοῦτο
2326 5038 2688 5112 μαθεῖν,γΝοη
2713 5038 2824 5092 esse
2845 5040 2996 5112 legis.
3030 5055 3191 5112 neque
3210 5056 3393 5112 eorum
3420 5038 3514 5109 qui

1932 5109 2050 5166 ante
2075 5113 2239 5179 legem
2272 5109 2507 5180 fuerunt,
2531 5111 2627 5162 hoc
2661 5125 2844 5180 nosse;
2873 5109 3129 5180 etMDeum
3158 5110 3229 5180 ita
3261 5113 3326 5161 ad
3354 5110 3516 5164 Jaco-

1933 5184 2058 5237 lmm
2083 5177 2349 5235 dicentem
2369 5179 2496 5233 facit
2521 5180 2677 5248 ιὈψὲ
2695 5179 2749 5231 δὲ
2770 5177 2982 5248 καιροῦ,
3002 5180 3091 5231 ὅτε
3110 5177 3389 5233 ἐλεύσεται
3407 5182 3517 5234 τῶν

1932 5252 2139 5322 χρόνων
2150 5252 2210 5304 16
2226 5250 2519 5322 πλήρωμα,
2538 5251 2631 5322 καὶ
2646 5248 2994 5322 πληθυνθῶσι
3008 5249 3114 5301 τῶν
3126 5249 3430 5322 ἀνθρώπων
3449 5250 3517 5303 τὰ

1933 5318 2039 5393 πλη
2050 5322 2226 5393 μμελὴ
2237 5318 2403 5393 ματα,
2427 5318 2649 5393 Ἰησοῦς
2682 5318 2837 5393 ἐνανθ
2848 5320 3002 5393 ρωπὴ
3013 5334 3112 5381 σας
3142 5318 3384 5393 κληθὴσο
3391 5338 3471 5393 μα
3475 5339 3488 5371 ι
3497 5362 3512 5385 ,

1930 5389 2066 5463 ὅπερ
2094 5389 2309 5463 ’Σωτὴρ
2356 5390 2746 5463 ἑρμηνεύεταιο
2788 5390 2894 5463 ’ἐπὶ
2924 5389 3192 5463 *σωτηρίᾳ
3251 5390 3359 5463 γάρ
3405 5391 3515 5442 τῶν

1933 5459 2355 5534 ἀμαρτανόντων
2389 5459 2507 5531 τὴν
2554 5459 2867 5534 οἰκονομίαν
2920 5459 3140 5534 εκείνην
3189 5461 3514 5534 ποιήσομαι.

1935 5481 1969 5516 α
2015 5481 2355 5534 αρτανοντων
2407 5481 2507 5531 την
2554 5481 2867 5530 οικονομιαν
2920 5481 3137 5527 εκεινην
3189 5481 3514 5529 ποιησυμαι.

1935 5481 2232 5587 mitissimo
2256 5542 2504 5597 tempore,
2529 5531 2742 5598 quando
2777 5530 2974 5583 venerit
3000 5529 3275 5596 plenitudo
3319 5540 3519 5595 lempo-

1936 5620 2072 5664 rum.
2099 5614 2145 5657 et
2183 5600 2531 5672 multiplicata
2556 5599 2755 5672 fuerint
2795 5599 3068 5672 hominum
3096 5607 3333 5666 peccata.
3358 5598 3517 5653 Jesns

1933 5674 2241 5727 incarnatus
2272 5666 2516 5735 vocabor,
2544 5666 2683 5739 quod
2712 5680 2864 5724 sonat
2900 5666 3259 5734 Servatorem,
3298 5685 3393 5739 pro
3427 5688 3518 5723 sa-

1936 5743 2041 5795 lute
2062 5744 2199 5797 enim
2234 5758 2415 5796 eorum
2448 5743 2537 5811 qui
2558 5738 2866 5809 peccarunt,
2892 5738 3333 5811 dispensationem
3366 5740 3516 5794 illaut

1938 5813 2077 5883 (sive
2097 5806 2627 5882 adininiatrationem)
2650 5812 2705 5866 in
2736 5825 2907 5895 carne
2918 5806 3130 5888 subibo.
