3846 6210
314 349 446 403 Ι-’Ἶὶ

349 385 408 402 συ

349 385 408 402 συ

1394 347 1483 401 DE
1523 344 2035 403 INCARNATLONE
2075 343 2450 403 UNIGENITI.

3422 346 3561 401 {234

306 473 442 541 μονῇ
474 469 569 540 τῆς
604 467 939 536 θεοπρεποῦς
968 467 1239 531 εὐκλείας.
1272 468 1441 521 Ταυτὶ
1476 468 1796 539 φρονοῦντες
1832 470 1882 521 οἱ

1990 467 2252 538 integram
2292 478 2452 537 atque
2482 467 2854 522 inconcussam
2888 464 3103 521 retinet.
3146 464 3296 531 Quod
3341 463 3561 534 quidem

305 560 564 633 μαθηταὶ,
590 558 957 630 προσεκύνουν
980 559 1247 628 λέγοντες·
1283 579 1300 610 ι
1326 560 1561 629 ’Δληθῶς
1590 559 1726 613 Θεοῦ
1754 558 1880 623 Υἱὸς

301 648 370 706 εἶ’
405 672 424 703 ι
459 651 636 705 καίτοι
667 651 831 721 βάδην
868 652 1014 704 ίόντα
1046 650 1350 720 βλέποντες,
1370 651 1465 703 καὶ
1489 652 1547 703 ὲν
1572 652 1735 722 σαρκὶ
1757 651 1877 704 καθ’

298 743 472 812 ἡμᾶς’
508 741 593 794 ἐπ’
619 740 789 811 ἄκρου
824 740 932 812 γάρ
974 740 1039 810 δὴ
1078 740 1241 793 διέθει
1269 740 1509 811 κύματος
1539 742 1878 813 παραδόξως,

296 832 373 897 ὼς
410 833 560 897 Θεός.

375 1012 435 1065 Β.
477 1014 586 1066 Καὶ
617 1013 703 1075 τίς
730 1008 796 1082 ἦν
823 1011 853 1063 6
878 1011 1053 1079 λέγων
1088 1012 1227 1082 πρὸς
1260 1029 1357 1085 την
1404 1016 1460 1067 ὲν
1484 1017 1547 1084 τῇ
1594 1014 1876 1086 Σαμαρείᾳ

301 1106 561 1171 γυναῖκα·
603 1122 622 1155 ‹
645 1104 835 1174 Ὑμεῖς
886 1106 1242 1174 προσκυνεῖτε
1278 1104 1306 1156 δ
1350 1105 1450 1157 οὐκ
1488 1104 1689 1169 οἴδατε,
1721 1106 1881 1175 ἡμεῖς

301 1193 713 1263 προσκυνοῦμεν
738 1194 767 1247 ὃ
792 1193 1048 1265 οἷδαμεν;
1085 1214 1103 1247 ι
1137 1191 1270 1249 Εἶτα
1299 1198 1418 1260 πῶς
1445 1196 1599 1256 ἔσται
1634 1216 1879 1269 προσκυ-

301 1286 483 1356 νητὸς,
511 1288 539 1339 6
564 1289 679 1349 τοῖς
700 1285 1066 1358 προσκυνοῦσι
1097 1289 1560 1359 συντεταγμένος;

370 1381 435 1430 Α.
477 1379 587 1431 Καὶ
612 1378 737 1449 μὴν,
753 1373 796 1430 ὦ
814 1378 1054 1450 φιλότης,
1086 1380 1146 1432 τὸ
1177 1380 1270 1445 Τίς
1294 1381 1358 1450 δὴ
1380 1380 1539 1433 τοῦτο
1561 1381 1880 1445 πλειστάκις

300 1470 600 1537 ἁναφωνεῑς
637 1471 699 1523 τὸ
727 1469 999 1535 λεξείδιον,
1030 1472 1128 1525 οὐκ
1157 1468 1254 1527 οἷδ’
1283 1474 1429 1537 ὅπως
1459 1476 1572 1538 τοῖς
1602 1476 1880 1540 άσυνέτοις

302 1562 683 1635 ἐξευρημένον.
731 1563 1075 1635 Μεμέρισται
1110 1564 1218 1636 γὰρ
1252 1566 1502 1637 οὐδαμῶς
1548 1569 1577 1621 6
1621 1568 1875 1640 Χριστός.

315 1652 373 1705 Ὁ
396 1652 451 1705 δὲ
470 1651 549 1723 τῷ
574 1652 783 1723 γυναίῳ
811 1654 1150 1725 προσλαλῶν,
1175 1656 1203 1708 6
1236 1650 1316 1720 είς
1350 1674 1411 1709 τε
1441 1657 1535 1710 καὶ
1567 1657 1729 1728 μόνος
1763 1658 1879 1711 Κύ-

302 1762 416 1815 ριος
463 1740 531 1815 ἦν
568 1746 772 1816 Ἰησοῦς
804 1749 831 1800 6
860 1747 1113 1818 Χριστὸς,
1147 1747 1211 1801 ἐκ
1246 1765 1303 1801 τε
1340 1750 1437 1819 τῆς
1468 1752 1881 1819 προσκυνούσης

301 1832 722 1905 ἁνθρωπότητος
773 1837 866 1889 καὶ
902 1838 966 1890 ὲκ
992 1837 1090 1909 τῆς
1120 1839 1600 1912 προσκυνουμένης
1631 1841 1880 1912 θεότητος
1913 1821 1955 1876 Β

303 1925 661 1995 συγκείμενος
687 1928 1033 1999 ἀπορρήτως,
1063 1930 1315 2001 καθάπερ
1335 1931 1529 1999 ἀμέλει
1552 1934 1683 2000 φαίη
1711 1950 1791 1996 τις
1815 1932 1881 1986 ἂν

301 2016 395 2075 καὶ
424 2016 623 2086 ἑτέρως
659 2019 782 2089 περὶ
813 2013 1080 2092 αύτοῦῖῌ
1109 2021 1207 2091 μὲν
1244 2021 1353 2093 γάρ
1396 2024 1511 2076 ἐστι
1542 2023 1695 2088 Θεὸς,
1724 2026 1881 2081 νοοίτ’

300 2107 367 2161 ἂν
414 2107 674 2177 ὑπάρχων
703 2110 864 2174 αὐτὸς
892 2114 919 2164 ὁ
954 2112 1053 2181 τῆς
1097 2112 1255 2183 δόξης
1293 2113 1517 2185 Κύριος·
1607 2116 1663 2169 δὲ
1691 2118 1880 2190 γέγονε

301 2199 442 2252 κατὰ
475 2200 688 2269 μέθεξιν
729 2200 826 2273 τὴν
854 2204 1005 2272 παρὰ
1029 2202 1161 2256 Θεοῦ
1191 2204 1543 2277 δοξαζόμενος
1572 2207 1880 2279 ἄνθρωπος,

303 2289 471 2341 ἐδεῖτο
518 2290 611 2342 καὶ
654 2291 832 2360 δόξης,
861 2291 1036 2359 λέγων
1058 2309 1071 2321 ·
1122 2313 1141 2344 ι
1172 2292 1375 2365 Πάτερ,
1414 2295 1637 2363 δόξασόν
1668 2315 1760 2350 σου
1789 2299 1882 2352 τὸν

304 2380 448 2434 Υἱόν.
478 2400 496 2433 ι
519 2381 678 2445 Ἀλλ’,
704 2401 721 2433 ι
748 2379 839 2445 Εἷς
859 2382 1081 2452 Κύριος,
1109 2384 1206 2455 μία
1229 2386 1430 2451 πίστις,
1457 2387 1515 2447 ἓν
1539 2388 1874 2460 βάπτισμα,ν

303 2470 444 2523 κατὰ
467 2472 528 2523 τὸ
554 2472 1176 2544 γεγραμμένον.”Ωσπερ
1202 2471 1293 2530 οὗν
1328 2477 1443 2529 ἐστι
1470 2478 1567 2548 μία
1605 2477 1810 2543 πίστις,
1848 2482 1881 2550 ἡ

302 2566 380 2626 είς
408 2564 663 2634 Χριστὸν,
704 2566 798 2618 καὶ
827 2565 885 2617 ἓν
916 2566 1131 2635 ἀληθῶς
1153 2567 1213 2619 τὸ
1239 2567 1544 2639 βάπτισμα,
1578 2571 1754 2623 καίτοι
1791 2570 1882 2640 βα-

303 2655 641 2725 πτιζομένων
666 2658 759 2710 καὶ
791 2658 1232 2712 πεπιστευκότων
1256 2662 1287 2730 ἡ
1296 2659 1413 2728 μῶν
1434 2662 1513 2724 είς
1542 2662 1761 2731 Πατέρα
1787 2663 1882 2715 καὶ

310 2748 432 2800 Υἱὸν
458 2750 551 2801 καὶ
575 2748 729 2815 ἆγιον
751 2750 975 2819 Πνεῦμα
992 2768 1003 2780 ·
1036 2752 1177 2804 κατὰ
1198 2752 1289 2805 τὸν
1309 2752 1882 2826 αὑτὸν,οἶμαι,τρόπον

304 2857 361 2891 τε
380 2840 473 2892 καὶ
498 2840 652 2907 λόγον
674 2841 770 2911 μία
787 2842 1153 2913 προσκύνησις
1170 2844 1399 2915 Πατρὺς,
1419 2847 1509 2899 καὶ
1528 2846 1883 2919 ἐνανθρωπή-

307 2948 498 2995 σαντος
516 2932 669 2998 Υίοῦ,
691 2950 784 2986 και
803 2934 961 3002 ἁγίου
987 2936 1323 3004 Πνεύματος.
1358 2938 1755 3009 Ἐξωσθήσεται
1776 2940 1882 3012 γὰρ

303 3023 554 3093 οὐδαμῶς
580 3025 674 3078 τοῦ
704 3026 1274 3096 προσκυνεῖσθαιδεῖν,
1315 3029 1452 3100 πρός
1492 3047 1551 3083 τε
1589 3030 1746 3101 ἡμῶν
1787 3033 1883 3085 αύ-

302 3114 411 3168 τῶν
437 3118 531 3215 καὶἶ
558 3116 665 3215 τῶν
698 3118 870 3185 ἁγίων
899 3118 1146 3186 ἀγγέλων
1171 3121 1197 3173 ὁ
1230 3121 1560 3193 Μονογενὴς,
1593 3124 1688 3176 καὶ
1716 3126 1764 3176 εί
1791 3124 1882 3192 γέ·
1910 3160 1952 3215 C

304 3222 428 3273 γονε
477 3206 632 3277 σὰρξ,
661 3208 754 3260 καὶ
794 3209 1105 3277 ἐσκήνωσεν
1142 3211 1199 3261 ἐν
1241 3212 1391 3281 ἡμῖν,
1421 3213 1793 3283 κεχρημάτικέ
1822 3231 1883 3267 τε

304 3299 648 3368 πρωτότοκος
677 3301 733 3352 ὲν
760 3300 973 3364 πολλοῖς
1000 3301 1265 3371 ἀδελφοῖς.
1286 3305 1438 3358 Ἐπεὶ
1466 3306 1549 3366 τίς
1588 3285 1653 3358 ἂν
1675 3306 1885 3374 γένοιτο

308 3390 490 3442 λοιπὸν
515 3392 543 3443 6
572 3390 671 3459 τῆς
700 3393 786 3443 ἐπ’
811 3391 959 3463 αύτῷ
985 3394 1217 3456 πίστεως
1247 3394 1422 3463 λόγος,
1451 3397 1567 3461 πῶς
1597 3397 1699 3450 οὐκ
1735 3399 1886 3464 ἄξιον

310 3482 437 3534 ιδεῖν
455 3499 469 3546 ;
490 3480 624 3535 Οὐδὲ
650 3480 779 3553 γὰρ,
802 3479 974 3554 οἶμαι,
995 3487 1151 3551 φαῖεν
1173 3484 1239 3538 ἂν
1263 3485 1419 3555 οἵπερ
1442 3487 1510 3541 ἂν
1533 3488 1736 3543 ἕλοιντο
1760 3508 1889 3561 φρο-

306 3573 416 3624 νεῖν
446 3569 640 3641 ὀρθῶς,
668 3571 742 3635 ὡς
774 3572 854 3635 είς
895 3572 1053 3642 μόνον
1077 3574 1523 3645 πεπιστεύκαμεν
1547 3577 1638 3630 τὸν
1661 3580 1725 3632 ὲκ
1745 3580 1883 3635 Θεοῦ

310 3662 483 3732 φύντα
510 3664 702 3732 Λόγον,
727 3665 1168 3734 ἁπογυμνοῦντες
1201 3667 1362 3719 αὐτὸν
1393 3668 1494 3737 τῆς
1532 3670 1751 3741 σαρκόςο
1775 3672 1885 3726 οὐδ’

308 3749 373 3806 αὖ
415 3756 589 3805 ἐκεῖνο
630 3754 950 3825 παρήσομεν
988 3756 1183 3807 εἰπεῖν’
1216 3756 1489 3823 λελέξεται
1529 3760 1661 3831 γάρ.

377 3846 437 3900 B.
478 3845 551 3897 Τδ
588 3845 640 3897 τί
677 3845 739 3916 δὴ
778 3847 919 3916 φής;

376 3939 442 3991 Α.
483 3937 556 3989 Οὐ
597 3937 705 4007 γὰρ
743 3938 819 4000 ώς
864 3940 944 3999 εἰς
974 3938 1070 3999 ἕνα
1114 3938 1221 3991 τῶν
1264 3940 1385 3993 καθ’
1416 3942 1583 4011 ἡμᾶς,
1611 3939 1734 3994 οὔτε
1778 3944 1886 4013 μὴν

307 4029 383 4092 ώς
425 4029 505 4090 είς
543 4028 829 4099 ἄνθρωπον
863 4032 893 4103 ἡ
928 4030 1126 4095 πίστις,
1157 4031 1270 4085 ἀλλ’
1298 4034 1377 4096 εἰς
1421 4033 1553 4086 Θεὸν
1590 4034 1886 4105 πράττεται

309 4120 399 4175 τὸν
437 4120 593 4189 φύσει
635 4122 729 4177 καὶ
774 4122 987 4192 άληθῶς
1016 4124 1075 4175 ἐν
1102 4122 1381 4195 προσώπῳ
1405 4126 1664 4195 Χριστοῦ·
1693 4128 1886 4199 συλλή-

306 4214 466 4285 ψεται
500 4214 557 4267 δὲ
581 4213 659 4283 τῷ
694 4214 837 4284 λόγῳ
870 4215 964 4267 καὶ
995 4217 1023 4267 6
1051 4216 1211 4283 σοφὸς
1238 4218 1465 4287 γράφων
1491 4218 1723 4282 Παῦλος·
1759 4240 1777 4271 ι
1808 4222 1884 4274 Οὐ

309 4308 417 4376 γὰρ
462 4306 687 4369 ἑαυτοὺς
736 4306 1154 4377 ὲκηρύσσομεν,
1218 4308 1353 4363 ἀλλὰ
1401 4311 1633 4378 Χριστὸν
1677 4313 1887 4381 Ἰησοῦν

313 4397 533 4468 Κύριον·
570 4398 798 4461 ἑαυτοὺς
836 4397 892 4449 δὲ
929 4397 1146 4461 δούλους
1190 4398 1344 4468 ὑμῶν
1382 4399 1469 4469 διὰ
1506 4401 1763 4472 Χριστοῦ,
1804 4405 1886 4457 ὅτι

309 4488 439 4552 Θεὸς
462 4490 490 4541 6
513 4487 680 4540 εἰπὼν
716 4490 782 4541 ὲκ
820 4488 1041 4550 σκότους
1068 4487 1177 4557 φῶς
1210 4488 1440 4560 λάμψαι,
1464 4491 1521 4554 ὃς
1556 4492 1797 4563 ἔλαμψεν
1830 4495 1887 4547 ὲν
1922 4504 1964 4558 [)

312 4584 429 4643 ταῖς
464 4580 712 4650 καρδίαις
751 4578 909 4649 ἡμῶν
941 4581 1075 4649 πρὸς
1094 4581 1371 4648 φωτισμὸν
1396 4583 1492 4652 τῆς
1514 4583 1767 4650 γνώσεως
1790 4585 1891 4653 τῆς

311 4672 468 4741 δόξης
509 4670 673 4724 αὐτοῦ
716 4672 773 4722 ὲν
824 4670 1100 4740 προσώπῳ
1135 4671 1391 4741 Χριστοῦ.
1422 4692 1439 4721 ι
1462 4672 1592 4725 Ἰδοὺ
1614 4671 1677 4742 δὴ
1708 4672 1892 4741 σαφῶς

314 4780 369 4814 τε
410 4764 503 4816 καὶ
544 4762 788 4833 ἐναργῶς
833 4763 861 4813 6
885 4762 1163 4831 φωτισμὸς
1202 4762 1299 4832 τῆς
1339 4762 1591 4830 γνώσεως
1625 4763 1718 4815 τοῦ
1753 4763 1888 4816 Θεοῦ

314 4857 406 4909 καὶ
441 4857 654 4927 Πατρὸς
688 4858 745 4911 ὲν
780 4854 1058 4925 προσώπῳ
1089 4854 1350 4924 διέλαμψε
1370 4854 1463 4907 τοῦ
1486 4857 1743 4927 Χριστοῦ.
1769 4858 1891 4910 Τοι-

314 4949 503 5018 γάρτοι
540 4950 634 5001 καὶ
676 4947 913 5015 ἔφασκεν
940 4962 954 4975 ⁸
985 4964 1007 4999 (
1025 4946 1083 4998 Ὀ
1129 4946 1387 5016 ἑωρακὼς
1410 4946 1531 5015 ἐμὲ.
1558 4944 1770 5018 ἑώρακε
1792 4947 1884 4999 τὸν

314 5040 549 5111 Πατέραο
577 5038 686 5105 ἐγὼ
711 5039 805 5092 καὶ
825 5039 853 5089 6
874 5035 1061 5107 Πατὴρ
1087 5036 1145 5088 ἓν
1166 5039 1354 5105 ἐσμεν.
1390 5055 1408 5087 ο
1454 5037 1757 5107 Χαρακτὴρ
1777 5036 1833 5089 δὲ
1855 5038 1885 5088 6

314 5134 455 5197 θεῖος
490 5133 548 5185 οὐ
592 5130 919 5201 σωματικὸς,
944 5129 1060 5182 ἀλλ’
1084 5129 1141 5180 ὲν
1164 5127 1391 5196 δυνάμει
1411 5129 1502 5180 καὶ
1521 5125 1649 5201 δόξῃ
1669 5132 1736 5200 τῇ
1764 5127 1883 5181 θεο-

315 5226 688 5299 πρεπεστάτῃ,
707 5224 864 5277 τοῦτο
894 5223 951 5276 δὲ
981 5218 1049 5293 ἦν
1081 5220 1380 5291 ἀκραιφνὲς
1404 5223 1461 5273 ὲν
1481 5220 1717 5291 Χριστῷ·
1745 5238 1886 5289 γνω-

318 5315 560 5387 ρίζεσθαί
596 5332 654 5367 τε
698 5315 790 5368 καὶ
828 5313 916 5367 διὰ
953 5313 1155 5367 τούτων
1195 5310 1369 5381 ἠξίου,
1396 5311 1489 5363 καὶ
1518 5310 1608 5364 διὰ
1642 5312 1739 5381 τῆς
1776 5311 1883 5363 τῶν

316 5408 607 5479 δρωμένων
646 5407 952 5477 ὑπεροχῆς,
1000 5405 1081 5467 εἰς
1132 5403 1342 5467 ἐννοίας
1380 5402 1754 5474 άναθρώσκειν
1790 5404 1889 5465 τὰς

318 5503 403 5553 ἐπ’
432 5499 580 5568 αύτῷ
602 5498 727 5560 τοὺς
748 5495 1127 5567 ἀκροωμένους
1148 5494 1326 5565 ἤθελε,
1341 5493 1887 5564 κατασμικρυνούσης

318 5592 479 5646 αὑτὸν
500 5591 686 5662 ἠρέμα
713 5590 810 5660 τῆς
835 5587 1119 5659 ὀρωμένης
1145 5585 1367 5657 σαρκός.
1400 5604 1418 5638 ι
1449 5586 1511 5639 Εἰ
1532 5584 1640 5655 γὰρ
1660 5584 1720 5637 οὐ
1746 5583 1884 5637 ποιῶ

398 5771 443 5803 "
466 5767 619 5825 loan.
663 5784 734 5836 ιν,
770 5768 860 5823 22.

1984 562 2275 613 sentientes
2333 558 2613 629 discipuli,
2657 559 2950 612 adorarunt
2993 558 3233 612 dicentes
3274 573 3288 610 :
3341 574 3359 607 ι
3424 552 3565 609 Vero

1983 649 2149 704 Filius
2198 649 2290 703 Dei
2343 665 2432 713 es,
2473 668 2491 701 ι
2552 663 2675 703 cum
2715 648 2862 702 illum
2924 646 3343 702 inambulantem
3408 643 3565 715 aquis

1982 751 2287 803 cernerent,
2315 738 2528 795 tametsi
2554 739 2606 793 in
2632 753 2795 793 carne
2825 747 3135 793 versaretur
3168 746 3226 790 ut
3252 752 3349 790 nos
3376 752 3390 789 :
3414 750 3562 791 sum-

1983 846 2104 885 mos
2158 832 2301 886 enim
2362 831 2558 889 ﬂuctus
2616 829 2963 902 percurrebat
3026 825 3455 891 admirabiliter,
3505 834 3563 878 ut

1986 921 2149 976 Deus.

2052 1014 2113 1069 Β.
2144 1014 2306 1085 Atqui
2339 1014 2585 1083 quisnam
2618 1022 2736 1068 erat
2763 1012 2950 1067 dicens
2973 1012 3045 1066 ad
3062 1010 3341 1067 mulierem
3375 1007 3568 1064 Sama-

1984 1108 2212 1161 ritanam
2258 1125 2272 1162 :
2327 1126 2346 1159 ‹
2402 1108 2509 1163 Vos
2551 1109 2787 1163 adoratis
2824 1108 2966 1176 quod
3009 1106 3277 1161 nescitis:
3320 1118 3418 1157 nos
3465 1101 3561 1156 ad-

1982 1215 2202 1255 oramus
2230 1202 2374 1269 quod
2414 1200 2615 1255 scimus
2660 1200 2706 1231 ⁷⁷
2736 1200 2759 1253 ?
2794 1219 2812 1252 ι
2847 1202 3113 1253 Praeterea
3161 1194 3429 1267 quomodo
3463 1194 3565 1247 erit

1983 1292 2313 1357 adorandus,
2346 1293 2437 1362 qui
2476 1302 2559 1347 est
2590 1294 2639 1346 in
2680 1308 2907 1347 numero
2933 1306 3118 1346 eorum
3147 1289 3239 1359 qui
3287 1288 3515 1342 adorant
3542 1286 3565 1338 ?

2051 1384 2118 1438 A.
2153 1383 2516 1454 Frequenter,
2555 1399 2588 1437 o
2610 1384 2812 1447 amice,
2841 1384 2981 1437 hanc
3009 1395 3218 1442 vocem,
3251 1378 3407 1445 Quis,
3435 1378 3561 1431 mihi

1982 1475 2211 1538 occinis,
2264 1476 2444 1530 nescio
2482 1475 2749 1546 quomodo
2815 1477 2884 1529 ab
2932 1473 3197 1544 imperitis
3264 1472 3560 1525 inventam.

1983 1565 2137 1621 Nulla
2164 1566 2324 1639 702
2355 1566 2498 1620 enim
2528 1567 2732 1621 ratione
2778 1566 2980 1621 divisus
3022 1572 3106 1619 est
3141 1560 3411 1617 Christus.
3459 1558 3560 1625 Qui

1982 1660 2121 1711 vero
2156 1656 2435 1710 mulierem
2484 1655 2804 1726 alloquitur,
2834 1670 2974 1709 unus
3006 1668 3070 1707 ac
3118 1651 3263 1706 solus
3304 1649 3562 1704 Dominus

1982 1758 2101 1803 erat
2131 1747 2287 1804 Jesus
2332 1746 2602 1815 Christus,
2652 1765 2715 1802 ex
2750 1749 3081 1803 humanitate
3113 1760 3231 1815 qua:
3261 1743 3480 1806 adorat,
3510 1751 3565 1796 et

1985 1841 2268 1897 divinitate
2297 1855 2417 1910 quas
2441 1841 2695 1893 adorator
2725 1838 2979 1894 ineliabili
3016 1840 3172 1891 modo
3204 1835 3559 1904 compositus.

1983 1932 2443 2000 Quemadmodum
2467 1931 2696 1985 fortasse
2736 1930 3003 2000 quispiam
3046 1928 3202 1982 aliter
3241 1939 3454 1995 quoque
3500 1926 3567 1979 de

1986 2026 2101 2093 ipso
2135 2024 2351 2077 dixerit.
2381 2022 2657 2089 Quatenus
2676 2022 2819 2075 enim
2850 2030 2932 2075 est
2957 2021 3117 2083 Deus,
3138 2025 3423 2074 censeatur
3445 2032 3566 2073 esse

1987 2115 2241 2169 Dominus
2288 2114 2517 2182 glorize:
2571 2124 2835 2183 quatenus
2880 2127 3010 2167 vero
3057 2111 3228 2166 factus
3275 2117 3357 2165 est
3404 2110 3565 2164 homo

1984 2210 2278 2262 secundum
2308 2205 2776 2276 participationem
2809 2219 2842 2261 a
2872 2204 2978 2257 Deo
3007 2202 3359 2269 gloriﬁcatus,
3388 2200 3561 2271 gloria

1984 2296 2193 2366 egebat,
2229 2296 2451 2351 dicens:
2486 2313 2505 2347 ι
2535 2293 2718 2358 Pater,
2754 2294 2992 2364 glorilica
3027 2292 3220 2349 Filium
3258 2301 3407 2345 tuum
3432 2290 3499 2343 ".
3540 2306 3558 2341 ι

1982 2389 2271 2455 Czeterum,
2310 2406 2327 2439 ι
2369 2386 2517 2442 Unus
2547 2397 2627 2442 est
2659 2386 2939 2447 Dominus,
2964 2401 3066 2439 una
3089 2385 3242 2449 ﬁdes,
3276 2398 3439 2437 unum
3470 2381 3565 2435 ba—

1985 2482 2205 2551 ptisma,
2232 2500 2250 2532 »
2272 2481 2413 2537 sicut
2433 2482 2693 2550 scriptum
2710 2489 2792 2534 est
2820 2480 2886 2535 ".
2909 2478 3369 2546 Quemadmodum
3405 2476 3565 2546 igitur

1986 2586 2090 2626 una
2150 2581 2234 2627 est
2291 2572 2422 2627 lides
2473 2571 2527 2625 in
2584 2570 2893 2636 Christum,
2931 2580 3091 2640 atque
3148 2584 3313 2625 unum
3374 2581 3562 2622 revera

1985 2664 2283 2735 baptisma,
2323 2663 2535 2718 tametsi
2571 2662 2827 2731 baptizati
2864 2663 3032 2717 simus
3074 2670 3130 2716 et
3177 2661 3461 2717 credamus
3508 2659 3561 2712 in

1987 2756 2223 2823 Patrem,
2258 2755 2476 2819 Filium,
2502 2765 2555 2809 et
2582 2754 2841 2823 Spiritum
2869 2763 3115 2808 sanctum
3144 2770 3157 2807 :
3190 2752 3381 2806 endam
3408 2751 3565 2818 plane

1986 2849 2196 2903 ratione
2232 2863 2298 2903 ac
2360 2848 2517 2901 modo
2582 2862 2685 2900 una
2725 2856 2808 2900 est
2868 2846 3110 2901 adoratio
3156 2842 3331 2898 Patris
3360 2850 3415 2897 et
3442 2841 3563 2896 Filii

1988 2938 2276 3003 incarnati,
2320 2947 2373 2991 et
2404 2935 2638 3007 Spiritus
2667 2935 2864 2990 sancti.
2896 2934 3079 3003 Neque
3104 2934 3246 2989 enim
3276 2931 3385 2985 ullo
3405 2940 3565 3001 pacto

1987 3045 2015 3083 a
2069 3027 2223 3082 nobis
2258 3029 2462 3096 pariter
2510 3036 2566 3083 et
2618 3028 2818 3082 sanctis
2874 3028 3078 3096 angelis
3134 3027 3201 3080 ab
3253 3023 3567 3079 adoratione

1986 3119 2348 3175 excludendos
2377 3128 2460 3176 est
2486 3120 2836 3190 Unigenitus,
2869 3122 3080 3175 tametsi
3112 3119 3287 3174 factus
3310 3117 3380 3173 sit
3408 3130 3561 3181 caro,

1984 3222 2039 3266 et
2068 3210 2326 3266 habitarit
2360 3214 2411 3266 in
2436 3214 2612 3278 nobis,
2634 3222 2963 3281 vocatusque
2991 3213 3061 3266 sit
3091 3208 3481 3281 primogenitae
3506 3207 3559 3260 in

1985 3302 2167 3357 multis
2194 3302 2447 3359 fratribus
2466 3304 2533 3357 ⁸⁸.
2555 3303 2635 3358 Ad
2654 3305 2768 3358 haec
2796 3319 3042 3374 quaenam
3072 3302 3140 3357 sit
3172 3301 3293 3355 ﬁdei
3316 3301 3366 3353 in
3390 3299 3561 3368 ipsum

1985 3394 2155 3457 ratio,
2185 3398 2457 3463 quomodo
2496 3409 2601 3449 non
2642 3396 2713 3449 sit
2740 3409 2918 3464 operae
2960 3394 3190 3462 pretium
3237 3390 3564 3461 inquirere?

1983 3484 2100 3539 Non
2154 3488 2296 3543 enim
2353 3487 2708 3555 dixerint,‘ut
2751 3487 2970 3555 opinor,
3024 3486 3113 3557 qui
3168 3495 3312 3538 recte
3363 3482 3565 3537 sentire

1985 3576 2187 3639 velint,
2225 3589 2323 3629 nos
2357 3574 2409 3629 in
2442 3574 2613 3630 solum
2650 3571 2883 3628 Verbum
2912 3575 3053 3641 quod
3085 3588 3149 3628 ex
3178 3571 3287 3626 Deo
3323 3570 3564 3640 procedit

1985 3666 2316 3731 credidisse,
2345 3667 2609 3719 nudantes
2647 3666 2822 3735 ipsum
2863 3679 3046 3719 carne.
3079 3663 3185 3719 Sed
3215 3676 3390 3732 neque
3433 3661 3561 3715 illud

1987 3774 2199 3819 rursum
2230 3759 2408 3812 dicere
2433 3759 2764 3813 omittemus.
2796 3757 3014 3815 Dicetur
3037 3758 3180 3813 enim
3210 3755 3415 3810 statim.

2057 3850 2119 3906 Β.
2147 3850 2413 3917 Quidnam
2443 3851 2613 3905 dicis?

2056 3938 2121 3991 A.
2148 3938 2335 4007 Neque
2362 3938 2507 3992 enim
2539 3947 2793 4008 tanquam
2831 3939 2882 3991 in
2908 3953 3068 3992 unum
3098 3952 3165 3993 ex
3194 3936 3370 4003 nobis,
3390 3949 3564 4005 neque

1987 4039 2047 4085 ut
2084 4031 2138 4084 in
2170 4031 2370 4084 nudum
2418 4029 2690 4084 hominem
2724 4031 3028 4093 credimus,
3060 4030 3153 4084 sed
3189 4029 3242 4082 in
3280 4028 3446 4082 Deum
3469 4027 3562 4098 qui

1990 4121 2306 4177 naturaliter
2366 4136 2430 4176 ac
2483 4136 2612 4175 vere
2664 4130 2749 4176 est
2793 4122 2845 4175 in
2893 4134 3118 4190 persona
3181 4119 3381 4175 Christi
3430 4118 3565 4173 ﬁdes

1990 4223 2178 4269 nostra
2227 4213 2420 4280 vergit.
2483 4212 2581 4268 Cui
2635 4213 2849 4281 quidem
2905 4211 3185 4267 sententia:
3242 4210 3563 4281 astipulatue

1988 4304 2203 4374 sapiens
2229 4303 2314 4358 ille
2340 4302 2540 4358 Paulus
2564 4304 2634 4357 ita
2659 4304 2905 4357 scribens
2936 4302 3123 4359 :rNon
3152 4304 3297 4357 enim
3322 4312 3560 4359 nosmet-

1990 4395 2135 4463 ipsos
2160 4392 2584 4462 praedicabamus
2604 4431 2619 4453 ,
2649 4390 2741 4445 sed
2765 4388 2947 4445 Jesum
2976 4390 3247 4444 Christum
3276 4387 3560 4445 Dominum

1990 4488 2279 4543 nostrum;
2328 4492 2427 4532 nos
2484 4487 2660 4531 autem
2711 4493 2896 4532 SCI'VOS
2946 4488 3150 4533 VCSII‘OS
3206 4492 3302 4547 per
3353 4475 3555 4539 Jesum.

1989 4570 2252 4636 Quoniam
2304 4569 2444 4623 Deus
2477 4570 2569 4638 qui
2617 4570 2752 4624 dixit
2781 4570 2848 4623 de
2896 4569 3139 4627 tenebris
3170 4568 3345 4624 lucem
3377 4569 3567 4638 splen-.

1992 4663 2232 4725 descere,
2252 4661 2366 4730 ipse
2397 4660 2571 4714 illuxit
2603 4660 2657 4714 in
2677 4661 2927 4715 cordibus
2955 4663 3155 4717 nostris
3191 4662 3256 4714 ad
3291 4659 3562 4714 illumina-

1987 4754 2187 4808 tionem
2236 4754 2475 4808 scientia:
2508 4753 2771 4809 claritatis
2800 4753 2925 4821 Dei,
2959 4755 3011 4808 in
3043 4753 3181 4808 facie
3234 4752 3365 4808 Jesu
3403 4753 3561 4813 Chri-
3650 4806 3653 4809 γ

1987 4845 2055 4900 sti
2081 4844 2147 4897 ⁸⁸.
2187 4862 2207 4896 ι
2262 4842 2399 4898 Ecce
2420 4860 2581 4915 quam
2627 4854 2811 4914 aperte
2834 4861 2897 4900 ac
2930 4843 3211 4900 manifeste
3243 4845 3561 4899 illuminatio

1990 4937 2235 4992 scientize
2271 4935 2363 4991 Dei
2396 4952 2459 4991 ac
2509 4937 2684 4995 Patris
2739 4939 2790 4992 in
2842 4953 3070 5007 persona
3116 4936 3315 4994 Christi
3366 4938 3560 4992 illuxit.

1992 5030 2195 5086 Idcirco
2219 5033 2380 5085 etiam
2408 5032 2541 5085 dixit
2572 5046 2586 5085 :
2619 5050 2639 5083 ‹
2674 5032 2773 5097 Qui
2804 5032 2937 5086 vidit
2957 5046 3062 5099 me,
3090 5031 3222 5087 vidit
3247 5040 3298 5085 et
3324 5031 3557 5085 Patrem.

1993 5117 2105 5191 Ego
2122 5130 2176 5176 et
2198 5118 2356 5174 Pater
2385 5136 2546 5177 unum
2568 5136 2803 5176 sumus.»
2836 5122 3127 5177 Character
3147 5132 3326 5177 autem
3349 5122 3561 5178 divinus

1992 5230 2100 5271 non
2127 5223 2212 5268 est
2238 5228 2549 5282 corporeus,
2577 5213 2669 5267 sed
2707 5213 2759 5267 in
2794 5214 2991 5269 virtute
3017 5228 3080 5268 ac
3111 5214 3279 5283 gloria
3306 5228 3428 5285 quae
3451 5214 3559 5268 Deo

1993 5306 2224 5361 maxime
2252 5304 2569 5369 conveniat,
2607 5306 2707 5359 hoc
2731 5314 2814 5360 est
2843 5306 2893 5359 in
2933 5305 3150 5359 Christo
3180 5324 3192 5371 ;
3226 5315 3279 5361 et
3316 5321 3412 5376 per
3447 5306 3559 5361 haec

1991 5398 2327 5453 innotescere
2378 5400 2574 5463 voluit,
2627 5409 2683 5454 et
2736 5414 2831 5467 per
2888 5400 3151 5455 factorum
3183 5402 3556 5455 excellentiam

1990 5490 2265 5545 auditores
2304 5491 2370 5544 ad
2401 5491 2481 5545 sui
2510 5492 2755 5545 notitiam
2795 5493 2969 5557 evehi,
2998 5509 3118 5547 cum
3152 5493 3347 5563 alioqui
3376 5493 3558 5551 carnis

1986 5593 2237 5654 aspectus
2293 5583 2466 5651 ipsum
2524 5583 2765 5637 nonnihil
2810 5585 3142 5641 obscuraret.
3202 5604 3221 5638 ι
3280 5585 3336 5642 Si
3388 5588 3555 5655 enim,

958 5764 1180 5822 "Joan.
1211 5781 1343 5829 xvn,
1381 5764 1427 5820 Ι.
1506 5766 1547 5797 ⁷⁸
1573 5765 1768 5835 Eplies.
1806 5779 1880 5832 ιν,

2050 5762 2095 5795 ⁸ο
2119 5761 2278 5819 Rom.
2316 5778 2429 5829 vm,
2462 5760 2551 5817 29.
2630 5761 2673 5793 ⁸¹
2696 5761 2738 5818 ll
2770 5762 2897 5820 Cor.
2934 5777 3013 5830 ιν,
3036 5763 3091 5829 5,
3127 5764 3180 5818 6.
