3846 6210
395 347 534 404 1255

1387 346 1442 401 S.
1485 346 1761 403 CYRILLI
1798 345 2266 404 ALEXANDRINI
2304 347 2620 405 ARCIHEP.

3508 353 3627 407 19.36

388 470 598 541 inquit,
648 485 750 525 non
808 470 946 525 facio
976 485 1139 539 opera
1194 469 1371 525 Patris
1396 473 1535 537 mei,
1588 472 1745 543 703
1805 472 1962 526 nolite

2070 474 2134 528 τὰ
2159 472 2293 546 ἔργα
2323 474 2415 526 τοῦ
2456 474 2665 544 Πατρός
2691 490 2815 544 μου,
2842 473 2997 543 φησὶ,
3026 473 3101 543 μὴ
3126 470 3408 525 πιστεύετέ
3449 488 3550 539 μοι.
3575 474 3626 525 Εἰ

385 566 610 620 credere
638 564 787 618 mihi.
817 564 872 618 Si
902 572 1079 619 autem
1112 562 1282 626 facio,
1320 572 1375 617 et
1405 565 1448 617 si
1483 564 1609 617 mihi
1651 580 1754 618 non
1804 563 1965 617 vultis

386 656 641 720 credere,
685 654 938 724 operibus
974 654 1107 709 meis
1154 652 1358 707 credite
1389 654 1454 705 δ’.
1489 672 1506 705 ι
1540 652 1711 708 Porro
1738 668 1965 709 censue-

385 748 486 803 rim
526 748 797 803 Christum
844 756 954 800 tum
1002 746 1258 815 temporis
1287 746 1386 801 hoc
1418 747 1655 813 dixisse,
1689 747 1829 815 quod
1861 761 1965 799 non

387 841 578 895 inutile
618 840 669 893 id
714 840 827 893 fore
860 839 1041 893 sciret.
1080 838 1214 892 Cum
1258 837 1399 891 euim
1440 839 1811 892 existimarent
1861 853 1966 890 non

386 946 510 987 esse
558 931 879 985 naturaliter
938 928 1140 992 Deum,
1176 930 1268 999 qui
1319 945 1415 1000 pro
1465 930 1615 985 nobis
1657 930 1968 985 incarnatus

388 1035 503 1080 erat
540 1045 553 1079 :
590 1025 682 1079 sed
711 1023 1028 1093 simpliciter
1063 1023 1264 1077 nudum
1310 1023 1578 1078 hominem
1603 1062 1619 1087 ,
1647 1023 1786 1077 sicut
1823 1037 1964 1087 nos;

387 1134 615 1189 eamque
666 1117 736 1173 ob
786 1131 1004 1173 causam
1059 1115 1300 1170 nonnulli
1340 1114 1497 1169 fidem
1536 1115 1584 1169 ei
1626 1115 1963 1184 derogarent,

390 1211 591 1265 utiliter
624 1224 689 1264 ac
729 1208 1038 1264 necessario
1071 1214 1270 1260 metunt
1311 1204 1522 1260 illorum
1551 1207 1968 1272 tarditatemque

387 1292 483 1355 ad'
529 1302 856 1357 credendum
925 1314 1265 1371 praeseeaus,
1310 1310 1365 1352 et
1408 1308 1611 1353 naturae
1673 1299 1968 1354 divinitatis

386 1392 545 1447 ﬁdem
580 1394 848 1457 tribuens,
892 1401 1143 1461 tanquam
1176 1392 1227 1445 in
1253 1406 1478 1461 persona
1524 1390 1701 1444 Patris
1733 1407 1749 1456 ;
1780 1398 1832 1443 et
1861 1405 1964 1444 non

388 1494 589 1539 nostra:
617 1484 904 1538 humilitati
949 1484 1260 1547 aseribens,
1293 1482 1427 1537 dixit
1457 1498 1472 1534 :
1502 1500 1521 1533 ‹
1564 1481 1663 1549 Qui
1704 1483 1873 1537 credit
1914 1483 1964 1536 in

387 1591 495 1638 me,
523 1590 626 1629 non
661 1575 711 1628 in
749 1590 834 1629 me
860 1574 1053 1638 credit,
1086 1572 1179 1629 sed
1212 1574 1263 1629 in
1290 1588 1411 1627 eum
1438 1574 1525 1643 qui
1562 1572 1707 1628 misit
1736 1588 1820 1626 me
1840 1573 1905 1627 ".
1943 1591 1961 1624 ι

385 1664 575 1721 Nonne
614 1667 716 1721 hoc
740 1667 964 1736 perinde
986 1674 1068 1721 est
1093 1680 1157 1719 ac
1183 1666 1227 1720 si
1258 1666 1405 1720 dicat
1432 1682 1444 1716 :
1477 1664 1521 1719 0
1545 1679 1644 1719 vos
1669 1665 1761 1734 qui
1786 1665 1964 1720 verbis

387 1758 521 1813 meis
579 1757 737 1812 iidem
792 1757 1094 1820 adhibetis.
1132 1772 1236 1810 non
1299 1756 1500 1810 humile
1543 1763 1637 1809 aut
1696 1752 1962 1822 abiectum

386 1847 584 1917 aliquid
620 1847 685 1901 de
715 1862 799 1901 me
827 1847 1061 1916 eugitate
1093 1865 1105 1900 :
1136 1845 1263 1917 quin
1306 1846 1481 1916 potius
1517 1846 1616 1898 hoc
1643 1858 1961 1913 persuasum

386 1937 607 2002 habete,
650 1938 793 2006 quod
841 1938 934 2007 qui
976 1936 1108 1991 mihi
1153 1951 1312 2005 quem
1360 1934 1411 1989 in
1445 1949 1606 1990 carne
1656 1933 1969 2005 conspicitis

385 2030 747 2096 credideritis,
777 2045 881 2085 non
917 2030 968 2084 in
1002 2029 1273 2084 hominem
1320 2027 1636 2097 simpliciter
1681 2027 1967 2080 credentes

384 2120 572 2187 eritis,
615 2124 708 2177 sed
754 2122 805 2175 in
862 2121 1035 2191 ipsum
1077 2119 1327 2185 Patrem,
1382 2134 1479 2189 per
1513 2133 1597 2173 me
1639 2116 1833 2174 Filium
1875 2121 1965 2189 qui

384 2213 748 2268 omnimodam
800 2211 1165 2282 aequalitatem
1219 2211 1743 2281 similitudinemque
1796 2212 1968 2266 habeo

383 2322 507 2361 cum
540 2305 699 2361 Patre
732 2325 747 2361 :
779 2315 939 2375 atque
974 2306 1289 2362 incarnatus
1335 2306 1551 2375 quidem
1580 2320 1698 2359 sum
1750 2318 1969 2376 propter

382 2413 501 2464 vos,
537 2398 905 2468 humilemque
935 2398 1193 2452 amictum
1236 2396 1367 2451 mihi
1433 2397 1625 2462 ascivi,
1656 2396 1968 2450 humanita-

383 2498 493 2545 tem
523 2492 778 2545 nimirum
799 2532 815 2556 ,
839 2489 1145 2559 aequalitate
1174 2499 1351 2544 tamen
1393 2499 1598 2544 natura:
1619 2498 1673 2545 et
1695 2490 1966 2559 Operatio-

385 2583 490 2648 nis,
520 2591 680 2653 atque
709 2584 990 2638 identitate
1015 2582 1198 2655 gloriae
1227 2581 1619 2652 perfectissime
1650 2580 1795 2635 Patri
1818 2582 1967 2635 simi-

384 2671 454 2728 lis
482 2689 599 2728 sum
631 2689 695 2729 ac
732 2690 846 2745 par.

456 2764 519 2819 Β.
555 2766 630 2820 Ita
664 2767 898 2822 videtur.

453 2853 521 2906 A.
550 2853 709 2921 Atqui
744 2853 850 2908 alio
874 2855 1037 2909 etiam
1063 2856 1223 2909 modo
1249 2855 1551 2926 intelligere
1578 2856 1755 2925 possis
1785 2854 1960 2926 ipsum

384 2944 543 2999 ﬁdem
574 2961 680 2998 non
711 2944 1060 3016 repellentem
1085 2965 1098 3000 :
1125 2947 1217 3002 sed
1243 2949 1450 3016 absque
1472 2948 1653 3017 aliqua
1692 2948 1961 3003 dirisiOne

385 3046 546 3105 atque
569 3035 872 3090 diﬂ'erentia
912 3037 1260 3107 recipientem
1296 3038 1466 3107 ipsam
1504 3039 1556 3092 in
1588 3039 1805 3109 propria
1844 3055 1959 3108 per-

2068 565 2123 618 δὲ
2148 565 2307 631 ποιῶ,
2332 566 2437 619 κᾶν
2458 568 2582 635 ἐμοὶ
2620 566 2695 637 μὴ
2734 563 3051 635 πιστεύητε,
3074 566 3187 626 τοῖς
3210 563 3399 634 ἔργοις
3426 580 3523 632 μου
3554 581 3627 617 πι-

2074 656 2315 711 στεύετε.
2336 676 2356 709 ι
2379 658 2548 713 Φάναι
2584 658 2641 711 δὲ
2676 653 2831 728 οἶμαι
2854 657 3013 711 ταυτὶ
3034 655 3095 709 τὸ
3111 654 3365 726 τηνικάδε
3394 655 3437 706 Χ
3446 655 3625 725 ριστὸν,

2070 748 2166 800 οὐκ
2210 748 2504 812 ἁσυντελὲς
2542 750 2622 811 εἰς
2661 748 2847 819 ὄνησιν
2888 747 3068 801 εἰδότα
3099 744 3162 797 τὸ
3206 744 3417 816 χρῆμα.
3434 743 3627 812 Ἐπειδὴ

2067 837 2177 909 γὰρ
2206 838 2371 909 ῷοντο
2397 838 2528 893 Θεὸν
2557 839 2653 910 μὲν
2674 839 2776 892 οὐκ
2793 835 2932 892 εἶναι
2957 836 3099 892 κατὰ
3118 835 3279 906 φύσιν
3300 836 3389 888 τὸν
3413 834 3479 887 δι’
3500 837 3628 906 ἡμᾶς

2073 929 2726 1002 ἐνηνθρωπηκότα,ψιλδν
2750 930 2806 983 δὲ
2832 930 3017 995 ἁπλῶς
3036 929 3323 1001 ἄνθρωπον
3345 926 3627 995 καθ’ἡμᾶς,

2068 1020 2444 1090 ἀπαράδεκτόν
2496 1038 2556 1074 τε
2606 1021 2696 1075 διὰ
2738 1022 2897 1075 τοῦτο
2957 1020 3061 1091 τὴν
3121 1020 3208 1072 ἐπ’
3263 1016 3412 1087 αὐτῷ
3466 1018 3628 1069 πίστιν

2068 1111 2519 1175 ὲποιοῦντότινες·
2534 1113 2845 1181 ἀναγκαίως
2863 1112 2922 1165 τὸ
2934 1112 3094 1181 δεῖμα
3117 1110 3209 1164 καὶ
3230 1110 3319 1163 τὸν
3342 1111 3434 1163 ἐπὶ
3444 1108 3631 1173 τούτοις

2070 1201 2227 1255 δκνον
2257 1203 2714 1273 ὑποτεμνόμενος,
2737 1206 2802 1274 τῇ
2838 1204 2936 1273 τῆς
2970 1200 3226 1271 θεότητος
3250 1200 3410 1269 φύσει
3432 1200 3525 1272 τὴν
3551 1200 3630 1252 πί-

2071 1309 2186 1346 στιν
2221 1294 2513 1357 ἁνατιθεὶς,
2536 1296 2610 1358 ὡς
2648 1296 2707 1347 ὲν
2745 1293 3023 1367 προσώπῳ
3061 1294 3295 1365 Πατρὸς,
3318 1293 3411 1346 καὶ
3435 1294 3552 1363 οὐχὶ
3573 1297 3630 1363 τῇ

2069 1384 2191 1437 καθ’
2212 1386 2361 1455 ἡμᾶς
2402 1387 2845 1459 σμικροπρεπείᾳ
2885 1389 3227 1460 προσνέμων,
3250 1387 3486 1457 ἔφασκεν
3508 1402 3522 1417 ·
3547 1404 3565 1438 ι
3583 1387 3633 1439 ’0

2070 1475 2345 1530 πιστεύων
2381 1480 2462 1541 εἰς
2501 1478 2626 1548 ἐμὲ,
2648 1478 2710 1530 ού
2754 1479 3000 1533 πιστεύει
3044 1480 3124 1542 εἰς
3164 1477 3283 1548 ἐμὲ.
3309 1476 3524 1540 ἁλλέξς
3556 1476 3635 1529 τὸν

2069 1567 2364 1638 πέμψαντά
2396 1586 2486 1638 με.
2514 1588 2531 1621 ι
2557 1565 2683 1641 Ἆρ’
2719 1570 2818 1623 οὐκ
2861 1570 2974 1624 ἴσον
3017 1572 3221 1624 εἰπεῖν·
3246 1565 3316 1621 Ὦ
3360 1568 3469 1621 τῶν
3504 1568 3637 1639 ἐμῶν

2070 1662 2330 1731 κατήκοοι
2355 1662 2550 1729 λόγων,
2580 1662 2655 1732 μὴ
2681 1662 2854 1732 μικρὰ
2874 1663 2968 1715 καὶ
2994 1661 3340 1734 χαμαιρριφῆ
3362 1659 3435 1712 τὰ
3455 1662 3532 1722 εἰς
3551 1662 3638 1729 ἐμὲ

2067 1753 2317 1819 δοξάζετε
2335 1770 2348 1785 ·
2377 1753 2492 1807 ἴστε
2521 1754 2577 1808 δὲ
2621 1755 2703 1807 ὅτι
2738 1755 2839 1826 τὴν
2862 1758 2942 1818 εἰς
2964 1754 3125 1808 αὐτὸν
3148 1754 3246 1824 ἐμὲ
3265 1752 3355 1805 τὺν
3376 1751 3639 1823 ὁρώμενον

2069 1845 2127 1897 ἐν
2152 1846 2317 1917 σαρκὶ
2338 1845 2651 1917 προϊέμενοι
2676 1846 2882 1911 πίστι-ν,
2906 1847 3005 1900 οὐκ
3039 1847 3120 1909 εἰς
3152 1844 3439 1916 ἄνθρωπον
3468 1843 3640 1907 ἁπλῶς

2070 1938 2259 1992 ἔσεσθε
2286 1938 2737 2003 πεπιστευκότες,
2762 1939 2876 1992 ἀλλ’
2901 1940 2981 2003 εἰς
3016 1938 3177 1992 αὐτὸν
3200 1937 3292 1991 τὸν
3321 1936 3561 2006 Πατέρα,
3579 1933 3638 1987 δι’

2068 2031 2205 2101 ἐμοῦ
2229 2030 2323 2083 τοῦ
2347 2030 2494 2084 κατὰ·
2508 2033 2615 2084 πᾶν
2649 2030 2846 2083 ὁτιοῦν.
2862 2031 2992 2094 ἴσως
3015 2048 3073 2085 τε
3098 2030 3194 2084 καὶ
3215 2028 3640 2100 ἀπαραλλάκτως

2068 2123 2286 2195 ἔχοντος
2309 2120 2474 2190 Υἱοῦ,
2499 2122 2873 2194 σαρκωθέντος
2911 2121 3009 2191 μὲν
3044 2121 3111 2174 δι’
3136 2121 3280 2190 ὑμᾶς
3298 2160 3312 2181 ,
3353 2118 3453 2171 καὶ
3493 2116 3636 2187 περὶ·

2069 2217 2256 2289 ϐλημα
2307 2214 2722 2287 σμικροπρεπὲς
2772 2210 3144 2283 οἰκειουμένου
3173 2250 3187 2277 ,
3229 2210 3325 2282 τὴν
3362 2207 3637 2280 ἀνθρωπό-

2067 2326 2207 2380 τητα
2225 2348 2241 2373 ,
2262 2308 2324 2361 τό
2349 2325 2413 2377 γε
2433 2307 2539 2379 μὴν
2568 2305 2788 2377 ἰσοφυές
2808 2323 2864 2359 τε
2893 2306 2983 2360 καὶ
3009 2304 3278 2376 ἰσουργδν,
3306 2303 3402 2358 καὶ
3434 2304 3492 2354 ἐν
3519 2318 3639 2353 ταυ-

2067 2401 2253 2470 τότητι
2293 2400 2450 2470 δόξης
2494 2397 2865 2469 ἀδιαλώεητον
2913 2397 3191 2462 παντελῶς
3246 2396 3461 2468 ἔχοντος
3517 2392 3641 2467 πρὸς

2068 2490 2251 2544 αὐτόν.

2141 2759 2201 2812 Β.
2248 2760 2483 2811 Ἔοικεν.

2141 2854 2207 2908 Α.
2260 2850 2657 2923 Ἀναμόιθοιςδ
2683 2852 2749 2905 ἂν
2772 2853 2867 2905 καὶ
2899 2849 3099 2921 ἑτέρως
3130 2850 3293 2902 αύτὺν
3332 2848 3432 2919 τὴν
3474 2849 3649 2901 arietis.

2068 2948 2129 3000 ού
2166 2946 2549 3016 διωθούμενον,
2587 2946 2741 3010 ἀλλὰ,
2781 2944 2956 3016 τομῆς
2982 2961 3128 3007 τινος
3161 2942 3284 3013 δίχα
3317 2943 3417 2996 καὶ
3466 2942 3640 3009 διαφο-

2073 3036 2192 3103 ρᾶς,
2227 3033 2629 3104 εἰσδεδεγμένον
2659 3034 2828 3105 αὐτὴν
2868 3033 2944 3097 ὡς
2986 3033 3043 3085 ὲν
3078 3032 3192 3103 ἰδίῳ
3228 3032 3528 3105 προσώπῳ,
3560 3030 3642 3082 καὶ

384 3144 540 3192 sona,
565 3130 778 3183 tametsi
806 3128 981 3185 factus
1006 3131 1077 3185 sit
1100 3145 1248 3185 caro.
1278 3130 1568 3200 Postquam
1592 3133 1737 3185 enim
1760 3146 1960 3186 cmcum

2070 3129 2119 3180 εἰ
2156 3128 2347 3196 γέγονε
2380 3127 2536 3195 σάρξ.
2582 3126 2800 3193 Ἐπειδὴ
2832 3126 2941 3198 γὰρ
2963 3125 3054 3178 τὸν
3080 3126 3143 3177 ἐκ
3172 3125 3447 3194 γεπητῆς
3477 3124 3643 3188 ἐξιᾶτο

385 3220 534 3274 illum
567 3236 595 3274 a
634 3222 918 3275 nativitate
948 3224 1163 3278 sanavit
1192 3220 1263 3290 “,
1295 3232 1351 3277 et
1383 3222 1540 3278 dulce
1580 3222 1965 3292 insolitumque

386 3314 564 3367 lumen
635 3317 683 3369 ei
741 3316 1008 3382 immisit,
1065 3317 1317 3372 omnibus
1375 3317 1571 3371 merito
1617 3317 1959 3371 admirationi

383 3415 521 3460 erat.
563 3408 739 3477 Atque
785 3408 874 3463 hic
916 3408 1133 3478 quidem
1181 3408 1311 3462 vitio
1351 3408 1442 3463 illo
1484 3408 1745 3463 liberatus
1794 3424 1821 3462 a
1870 3407 1963 3462 Ju-

382 3498 513 3552 dzeis
545 3499 915 3570 judicabatur,
963 3510 1020 3555 et
1056 3501 1323 3555 medicum
1367 3502 1762 3570 profitebatur:
1804 3501 1961 3556 Chri-

383 3601 501 3646 stus
535 3607 663 3647 vero
697 3607 818 3646 eum
875 3594 1181 3648 accedens:
1224 3613 1241 3644 ‹
1290 3592 1373 3648 Tu
1414 3595 1688 3661 credisne,
1762 3594 1959 3664 inquit,

384 3682 436 3734 in
470 3680 664 3736 Filium
704 3681 839 3735 Dei?
874 3700 893 3735 ο
925 3682 1027 3750 Qui
1070 3698 1193 3737 cum
1221 3683 1592 3738 exclamaret:
1627 3702 1645 3734 ι
1685 3684 1818 3752 Quis
1857 3694 1959 3745 est,

384 3774 634 3837 Domine,
665 3783 723 3828 ut
766 3776 984 3830 credam
1037 3776 1087 3828 in
1124 3774 1345 3844 ipsum?
1369 3794 1386 3826 ι
1420 3776 1702 3844 respondit
1732 3776 1955 3830 dicens:

390 3881 409 3913 ι
447 3863 509 3916 Et
542 3863 722 3918 vidisti
753 3863 952 3933 ipsum,
977 3873 1031 3918 et
1059 3864 1149 3933 qui
1186 3865 1426 3933 loquitur
1454 3874 1657 3930 tecum,
1687 3865 1776 3919 ille
1799 3874 1901 3920 est.
1936 3885 1953 3916 ι

382 3955 481 4021 Qui
508 3957 813 4023 respondit:
839 3974 858 4008 ‹
881 3955 1077 4021 Credo,
1101 3956 1346 4012 Domine.
1369 3957 1437 4011 Et
1455 3958 1702 4012 adoravit
1718 3960 1920 4013 eum”.
1937 3980 1954 4011 ι

382 4047 668 4114 Quomodo
696 4048 860 4118 igitur
890 4063 995 4103 non
1042 4050 1113 4103 sit
1140 4049 1393 4104 omnibus
1424 4050 1796 4116 manifestum,
1822 4052 1961 4106 divi-

385 4155 510 4193 nam
540 4155 603 4194 ac
624 4155 935 4210 supremam
970 4151 1220 4195 naturam
1243 4140 1419 4196 oculis
1447 4143 1598 4196 cerni
1632 4158 1659 4196 a
1686 4158 1957 4213 quoquam

383 4248 489 4288 non
524 4233 720 4302 posse?
757 4251 775 4283 ι
823 4233 988 4287 Deum
1016 4232 1161 4285 enim
1192 4247 1355 4287 nemo
1390 4233 1525 4287 vidit
1552 4249 1813 4304 unquam,
1851 4254 1869 4287 ι
1901 4243 1960 4289 ut

381 4326 643 4395 scriptum
674 4336 759 4379 est
794 4324 860 4378 ⁸³.
909 4323 963 4379 Si
998 4340 1128 4395 ergo
1160 4325 1499 4394 distinguens
1523 4340 1675 4379 suam
1707 4326 1958 4380 Immani-

383 4426 570 4481 tatem,
604 4426 660 4470 ut
696 4417 795 4470 hoc
832 4416 1009 4484 ipsum
1048 4430 1316 4485 apparens
1353 4430 1418 4469 ex
1471 4415 1578 4469 Deo
1615 4414 1776 4472 Patre
1825 4417 1959 4471 Ver-

2067 3219 2287 3288 τυφλὸν,
2326 3220 2418 3271 καὶ
2447 3218 2508 3271 τὸ
2536 3218 2709 3286 γλυκὺ
2741 3217 2861 3288 μὲν,
2888 3216 3057 3286 ἄηθες
3097 3216 3140 3267 δ’
3169 3214 3284 3281 οῦν,
3315 3215 3641 3284 ἐπειξύτευσε

2069 3310 2187 3381 φῶς
2216 3308 2388 3381 αὐτῷ,
2420 3309 2572 3380 παρὰ
2598 3309 2813 3363 πάντων
2847 3309 3074 3372 εἰκότως
3102 3308 3472 3379 ἐθαυμάζετο.
3517 3308 3642 3360 Ἀλλ’

2065 3406 2093 3457 ὁ
2141 3404 2241 3473 μὲν
2291 3402 2385 3456 τοῦ
2428 3403 2637 3467 πάθους
2687 3402 3109 3473 ἀπηλλαγμένος
3162 3402 3315 3472 παρὰ
3352 3406 3475 3465 τοῖς
3528 3404 3642 3455 Ἰοδ-

2064 3494 2236 3557 δαίοις
2282 3492 2552 3567 ἐκρίνετο,
2593 3493 2689 3545 καὶ
2725 3492 2996 3562 ὡμολόγει
3040 3492 3131 3545 τὸν
3172 3491 3378 3562 ἰατρόν·
3422 3490 3643 3559 Χριστὸς

2064 3586 2120 3639 δὲ
2152 3585 2299 3655 αὐτῷ
2345 3584 2685 3656 περιτυχὼν,
2734 3603 2753 3634 ι
2797 3584 2869 3637 Σὺ
2926 3582 3224 3647 πιστεύεις,
3280 3583 3544 3652 ἔφασκεν,
3578 3584 3643 3643 εἰς

2065 3684 2157 3737 τὸν
2186 3683 2317 3737 Υἱὸν
2347 3682 2441 3736 τοῦ
2459 3681 2595 3735 Θεοῦ
2622 3698 2636 3743 ;
2679 3701 2696 3731 ›
2732 3680 2837 3733 Τοῦ
2861 3679 2937 3745 δὲ,
2967 3682 3048 3746 τὺ,
3074 3701 3093 3733 ι
3121 3681 3216 3744 Τίς
3243 3681 3389 3746 ἐστι,
3410 3680 3599 3751 Κύριε,
3624 3700 3639 3731 ι

2063 3774 2510 3847 διακεκραγότος,
2540 3793 2563 3826 r
2600 3775 2687 3826 ἵνα
2720 3773 2994 3827 πιστεύσω
3020 3776 3099 3836 εἰς
3122 3771 3321 3837 αὐτόνς
3356 3792 3378 3823 ι
3414 3773 3643 3842 ἀντεφώ-

2064 3885 2145 3920 νει
2178 3866 2374 3936 λέγων·
2416 3885 2433 3919 ι
2482 3866 2594 3921 Καὶ
2629 3865 2879 3935 ἑώρακας
2917 3866 3099 3929 αὐτὸν,
3130 3868 3220 3918 καὶ
3249 3867 3277 3916 ὁ
3309 3864 3495 3918 λαλῶν
3522 3865 3643 3936 μετὰ

2064 3956 2181 4022 σοῦ,
2213 3957 2414 4020 ἐκεῖνός
2446 3958 2613 4010 ἐστιν,
2654 3976 2672 4007 ›
2720 3955 2780 4007 Ὃ
2810 3955 2865 4007 δὲ
2923 3954 3047 4023 ἔφη·
3085 3973 3102 4005 ι
3155 3953 3432 4017 Πιστεύω,
3464 3954 3638 4023 Κύριε.

2063 4048 2174 4102 Καὶ
2208 4047 2610 4118 προσεκύνησεν
2656 4046 2824 4117 αὐτῷ.
2869 4065 2887 4098 ι
2932 4046 3121 4099 Καίτοι
3165 4045 3279 4109 πῶς
3331 4048 3440 4115 οὐχ
3488 4045 3641 4098 ἅπασι

2067 4141 2368 4210 συμφανὲς,
2396 4138 2473 4203 ὡς
2519 4140 2720 4201 ἄοπτος
2748 4136 3027 4202 παντελῶς
3054 4138 3087 4208 ἡ
3123 4137 3241 4190 θεία
3270 4154 3330 4190 τε
3384 4138 3482 4190 καὶ
3515 4138 3637 4190 ἀντυ-

2063 4232 2211 4285 τάτω
2260 4232 2459 4302 φύσις;
2510 4249 2529 4283 ‹
2580 4231 2713 4284 Θεὸν
2741 4230 2851 4302 γὰρ
2891 4230 3062 4293 οὐδεὶς
3096 4230 3302 4300 ἑώρακε
3341 4230 3585 4294 πώποτε,
3619 4246 3634 4277 ι

2061 4323 2205 4377 κατὰ
2232 4324 2293 4377 τὸ
2326 4324 2730 4395 γεγραμμένον.
2762 4324 2931 4393 Εἴπερ
2980 4318 3073 4376 οῦν
3118 4323 3323 4387 διιστὰς
3367 4322 3563 4376 ἑαυτοῦ
3593 4321 3643 4373 τὸ

2064 4415 2431 4488 ἀνθρώπινον,
2464 4415 2539 4479 ὡς
2578 4416 2712 4469 αὐτὸ
2757 4416 2821 4484 δὴ
2870 4414 3027 4468 τοῦτο
3062 4413 3319 4484 πεφηνὼς
3354 4416 3385 4466 ὁ
3422 4417 3488 4467 ἐκ
3523 4410 3643 4465 Θεοῦ

377 4506 531 4571 bum,
564 4508 738 4560 nudus
782 4522 848 4560 ac
890 4506 1037 4562 solus
1080 4507 1226 4562 credi
1274 4507 1463 4573 voluit,
1500 4517 1554 4562 et
1594 4523 1799 4563 caecum
1842 4508 1955 4577 jam

2070 4506 2287 4578 Πατρδς
2310 4505 2502 4575 Λόγος,
2536 4506 2743 4577 γυμνὸς
2771 4506 2865 4559 καὶ
2893 4506 3051 4575 μόνος
3086 4505 3236 4575 ἠξίου
3273 4504 3642 4565 πιστεύεσθαι,

380 4605 627 4653 curatum
675 4598 958 4664 hortatur,
1002 4615 1069 4652 ne
1117 4600 1295 4668 potius
1328 4614 1577 4668 quaenam
1638 4598 1710 4655 sit
1765 4611 1956 4655 natura

382 4688 475 4741 Dei
525 4702 708 4742 secum
751 4688 991 4757 cogitet:
1019 4688 1112 4742 sed
1148 4690 1328 4757 potius
1372 4688 1736 4755 corporaliter
1776 4700 1959 4746 osten-

378 4780 478 4845 dit,
506 4779 577 4833 ita
598 4787 657 4833 ut
673 4778 846 4833 oculis
871 4779 1001 4850 ipsis
1024 4780 1342 4849 conspicere
1366 4780 1555 4835 liceret
1593 4781 1747 4851 (dixit
1775 4782 1957 4837 enim:

380 4872 545 4945 704
576 4873 641 4925 Ει
674 4872 823 4928 vides
856 4872 1058 4942 ipsum,
1111 4883 1167 4928 et
1204 4873 1295 4943 qui
1341 4874 1581 4944 loquitur
1617 4886 1824 4943 tecum,
1871 4877 1960 4934 ille

379 4964 485 5034 est)
515 4983 529 5020 :
558 4981 738 5021 nonne
768 4981 986 5021 carnem
1018 4966 1323 5022 ostendisse
1345 4968 1731 5022 censebimus?

451 5146 512 5201 Β.
538 5144 794 5202 Omnino.

450 5239 518 5291 A.
558 5236 721 5305 Atqui
761 5239 1033 5308 quomodo
1067 5237 1323 5309 deinceps
1365 5238 1481 5308 ipse
1539 5238 1610 5294 sit
1653 5254 1816 5305 caro,
1858 5238 1961 5294 nisi

380 5328 713 5399 intelligatur
738 5329 1036 5383 secundum
1066 5331 1344 5395 unionem,
1375 5336 1634 5399 tauquam
1670 5329 1786 5400 ipse
1815 5331 1962 5385 exsi-

381 5433 531 5476 stens
576 5421 849 5492 proprium
886 5422 1055 5490 ipsius
1092 5438 1107 5475 :
1142 5410 1597 5491 quemadmodum
1647 5420 1761 5476 fere
1792 5422 1958 5476 etiam

383 5513 439 5568 in
484 5513 639 5569 nobis
674 5512 912 5568 accidit?
959 5512 1144 5584 Neque
1195 5513 1339 5568 enim
1382 5514 1669 5587 quisquam
1705 5514 1961 5568 ostendat

381 5607 673 5677 separatim
700 5648 715 5673 ,
747 5622 923 5677 neque
952 5606 1271 5679 imperfecte
1304 5610 1576 5663 hominem
1610 5608 1768 5664 nobis
1801 5608 1956 5663 simi-

450 5782 674 5839 ”Joan.
709 5800 764 5845 κ.
796 5784 885 5850 57,
916 5782 1009 5841 58.
1083 5783 1303 5841 "Joan.
1340 5800 1438 5850 xtl,
1487 5784 1566 5838 Η.
1644 5783 1864 5863 "Joan.
1897 5800 1969 5855 Ix,
2012 5784 2122 5839 1-7.

2066 4596 2128 4647 τὸ
2178 4598 2252 4667 μὴ
2309 4597 2508 4666 μᾶλλον
2556 4597 2655 4668 τὴν
2700 4597 2793 4650 τοῦ
2844 4595 2978 4649 Θεοῦ
3033 4596 3195 4666 φύσιν
3236 4594 3647 4665 ἀναλογίζεσθαι

2066 4687 2196 4751 δεῖν,
2244 4689 2368 4757 ἥτις
2411 4686 2540 4741 ποτέ
2580 4689 2718 4753 ἐστι,
2764 4688 2853 4740 τὸν
2899 4684 2957 4742 εὖ
3002 4687 3246 4742 παθόντα
3290 4687 3643 4747 διεκελεύετο.

2069 4780 2353 4849 παρέδειξε
2405 4780 2461 4833 δὲ
2512 4780 2872 4850 σωματικῶς,
2933 4781 3008 4843 ὡς
3057 4780 3151 4833 καὶ
3198 4780 3387 4843 αὐτοῖς
3444 4779 3647 4850 δμῖιασι

2065 4870 2436 4925 καταθεᾶσθαι
2483 4872 2655 4942 παρὸν
2697 4871 2823 4941 (ἔφη
2855 4873 2991 4943 γὰρ,
3024 4873 3107 4925 ὅτι
3135 4874 3247 4926 Καὶ
3276 4873 3536 4944 ἑώρακας
3562 4876 3649 4927 αύ-

2062 4962 2175 5027 τὸν,
2216 4962 2308 5015 καὶ
2355 4964 2385 5014 ὁ
2430 4963 2606 5016 λαλῶν
2639 4964 2776 5033 μετὰ
2813 4964 2928 5028 σοῦ,
2973 4964 3179 5029 ἐκεῖνός
3224 4965 3428 5038 ὲστιν)·
3460 4963 3498 5039 ἦ
3540 4968 3647 5037 οὐχὶ

2066 5054 2164 5126 τὴν
2200 5055 2381 5126 σάρκα
2411 5053 2734 5125 παραδεῖξαι
2762 5057 3049 5126 φήσομεν;

2136 5149 2197 5199 Β.
2238 5148 2348 5201 Καὶ
2381 5149 2543 5203 πάνυ.

2137 5243 2200 5294 Α.
2243 5235 2375 5293 Εἶτα
2420 5240 2536 5303 πῶς
2569 5240 2730 5305 αὐτὸς
2763 5241 2828 5295 ἂν
2857 5240 2943 5313 εἴη
2998 5241 3182 5296 λοιπὸν
3214 5245 3248 5315 ἢ
3291 5246 3456 5315 σὰρξ,
3495 5248 3541 5297 εἰ
3583 5243 3646 5313 μὴ

2064 5334 2234 5385 νοοῖτο
2269 5331 2391 5386 καθ’
2413 5331 2606 5385 ἕνωσιν
2628 5332 2703 5397 ὡς
2740 5334 2901 5398 αὐτὸς
2922 5335 3182 5408 ὑπάρχων
3209 5337 3271 5390 τὸ
3301 5338 3444 5391 ἴδιον
3470 5336 3645 5399 αὐτοῦ,

2071 5425 2322 5497 καθάπερ
2352 5426 2543 5496 ἀμέλει
2592 5428 2687 5482 καὶ
2732 5429 2818 5498 ἐφ’
2868 5428 3026 5499 ἡμῶν
3070 5430 3269 5498 γένοιτ’
3314 5432 3424 5498 iv;
3489 5448 3646 5487 κατα-

2069 5516 2257 5585 δείξειε
2292 5515 2399 5588 γὰρ
2436 5517 2501 5570 ἄν
2537 5534 2621 5581 τις
2681 5518 2740 5570 οὐ
2801 5519 3216 5590 μεμερισμένως
3258 5521 3384 5575 οὐδὲ
3451 5521 3645 5584 ἀτελῶς

2066 5609 2159 5662 τόν
2205 5609 2326 5663 καθ’
2364 5611 2513 5680 ἡμᾶς
2549 5609 2857 5680 ἄνθρωπον,
2916 5611 3008 5664 τὸν
3062 5615 3127 5665 ἐκ
3171 5612 3351 5684 ψυχῆς
3402 5614 3471 5687 δὴ
3517 5614 3645 5681 λέγω

2204 5786 2248 5817 η
2272 5786 2402 5843 ibid.
2433 5786 2620 5841 35-58.
2699 5785 2924 5844 "Joan.
2965 5806 3003 5858 ι,
3044 5791 3129 5847 ts.
