3846 6210
205 394 344 450 ηδτ
1304 389 1393 445 DE
1428 385 1939 447 INCARNATIONE
1984 391 2358 452 UNIGENITI.
3322 387 3457 442 1258

205 513 302 570 καὶ
353 512 624 579 σώματος,
674 514 768 569 καὶ
816 514 924 569 ἀπὸ
971 514 1140 586 μόνης
1171 514 1349 568 αὑτοῦ
1398 515 1501 585 τῆς
1556 512 1724 583 σαρκό

1940 532 2011 580 m,
2051 533 2118 573 ex
2158 518 2363 583 anima,
2392 520 2631 587 inquam,
2660 523 2715 572 et
2747 526 2977 583 corpore
3014 519 3377 577 constantem,
3402 521 3455 565 et

1884 625 1951 665 ex
1979 609 2093 664 sola
2132 609 2323 679 ipsius
2348 623 2533 664 carne.

275 693 336 748 Β.
381 694 666 764 Σύμφημιο
698 695 879 763 λέγεις
904 695 1013 767 γὰρ
1042 694 1236 768 ὀρθῶς.

1954 701 2014 755 B.
2058 701 2358 757 Assentior.
2392 701 2560 755 Recte
2590 699 2735 755 enim
2768 698 2924 753 dicis.

273 787 337 841 Α.
382 786 633 857 Γέγραφε
665 788 725 842 δέ
757 805 874 842 που,
909 788 1003 842 καὶ
1053 791 1081 842 6
1129 789 1291 859 σοφὸς
1329 791 1460 861 ἡμῖν
1507 789 1779 861 Ἰωάννης,

1952 794 2019 848 Α.
2047 792 2605 848 εει-ἱιιῑιονειοηειὶιιηι
2636 789 2764 846 alibi
2792 790 3010 859 sapiens
3047 788 3135 843 ille
3176 785 3450 843 Joannes:

203 878 285 929 ὅτι
332 896 350 929 r
393 878 573 931 Πολλὰ
621 879 721 949 μὲν
778 874 873 933 οῦν
916 881 1008 934 καὶ
1048 880 1183 934 ἄλλα
1215 883 1418 953 σημεῖα
1453 883 1708 954 ἐποίησεν

1941 884 2105 941 Multa
2144 886 2359 956 quidem
2405 894 2460 941 et
2503 884 2607 940 alia
2649 883 2802 954 signa
2849 882 2975 937 fecit
3012 879 3170 937 Jesus
3224 879 3277 934 in
3327 891 3459 934 con-

219 968 427 1038 Ὶησοῦς
471 969 702 1025 ἐνώπιον
749 970 858 1024 τῶν
906 971 1163 1042 μαθητῶν
1201 974 1386 1033 αὐτοῦ.
1434 974 1471 1028 δι
1519 975 1618 1028 οὐκ
1666 973 1738 1027 ἐσ·

1937 988 2072 1034 iectu
2103 978 2487 1049 discipulorum
2521 992 2772 1041 suorum,
2799 991 2919 1046 qua:
2953 988 3061 1029 non
3097 982 3223 1027 sunt
3254 972 3456 1039 scripta

207 1060 571 1131 γεγραμμένα
607 1062 665 1114 ὲν
708 1062 787 1132 τῷ
821 1063 1012 1134 βιϐλίῳ
1044 1064 1237 1135 τούτῳ.
1270 1064 1455 1118 Ταῦτα
1483 1065 1538 1118 δὲ
1578 1065 1726 1136 γέγρ‹

1935 1093 1939 1125 ι
1973 1072 2111 1127 libro
2138 1072 2261 1126 hoc.
2301 1070 2424 1124 [hec
2456 1079 2638 1123 autem
2685 1067 2884 1137 scripta
2937 1075 3085 1128 sunt,
3116 1073 3174 1118 ut
3219 1062 3454 1117 credatis

206 1166 356 1213 πται,
396 1150 482 1203 τνα
544 1151 834 1223 πιστεύητε
874 1153 955 1205 ὃτι
1006 1152 1211 1224 Ἰησοῦς
1258 1154 1405 1207 ἐστιν
1434 1156 1462 1206 6
1492 1154 1725 1225 Χριστὸς

1934 1159 2015 1214 uia
2047 1158 2203 1214 Jesus
2227 1168 2310 1214 est
2333 1158 2502 1213 Filius
2528 1158 2620 1212 Dei
2647 1157 2778 1222 vivi,
2807 1164 2862 1211 et
2889 1164 2947 1209 nt
2972 1154 3258 1209 credentes
3288 1151 3453 1206 vitam

206 1242 336 1305 Υἱὸς
382 1242 475 1296 τοῦ
523 1242 658 1296 Θεοῦ
700 1245 793 1298 τοῦ
846 1245 1066 1310 ζῶντος,
1114 1246 1207 1299 καὶ
1254 1246 1341 1299 ἵνα
1393 1245 1725 1300 πιστεύσαντ-

1945 1252 2132 1307 theatis
2165 1253 2217 1305 in
2252 1252 2472 1305 nomine
2502 1250 2675 1320 ipsius
2702 1249 2768 1303 ".
2811 1267 2832 1301 ι
2862 1245 3178 1301 Admiretur
3208 1259 3336 1299 vero
3370 1244 3464 1298 ali-

205 1330 350 1403 ζωὴν
384 1332 544 1404 ἔχητε
577 1334 638 1385 ὲν
666 1334 742 1403 τῷ
772 1335 995 1406 ὀνόματι
1035 1336 1223 1391 αὑτοῦ.
1270 1357 1288 1390 ι
1325 1338 1707 1409 Κατατεθήποι

1941 1343 2009 1396 ιίε
2049 1356 2153 1395 non
2181 1342 2361 1396 minus
2397 1341 2639 1395 divinum
2674 1338 2914 1403 Petrum,
2944 1338 3011 1392 ad
3048 1335 3267 1392 Iudaeos
3299 1349 3460 1404 aper-

205 1424 272 1475 ἅν
304 1441 386 1487 τις
435 1426 507 1478 ού.
561 1427 711 1495 μεῖον
768 1429 862 1480 καὶ
912 1429 1001 1481 τὸν
1058 1429 1343 1484 Θεσπέσιον
1394 1432 1597 1501 Πέτρον
1658 1431 1724 1483 ‘lo

1939 1459 1943 1488 ι
1981 1436 2056 1491 ita
2091 1437 2437 1505 loquentem:
2467 1454 2489 1488 ι
2527 1435 2809 1504 Principes
2840 1431 3047 1503 populi,
3086 1439 3141 1486 et
3170 1429 3415 1485 seniores
3444 1470 3458 1493 ,

204 1512 373 1576 ἃαίοις
407 1516 911 1587 προσπεφωνηκότα
943 1518 1131 1588 σαφῶς
1164 1520 1258 1572 καὶ
1274 1520 1597 1590 ἀναφανδόν·
1622 1521 1720 1573 «Ἀ

1945 1542 2072 1581 -ιιοε
2131 1527 2301 1582 hodie
2336 1526 2648 1597 iudicamur
2693 1526 2747 1579 in
2784 1523 3071 1579 benefacta
3104 1521 3342 1576 hominis
3380 1520 3464 1574 in-

206 1621 392 1675 χοντες
417 1604 511 1659 τοῦ
541 1607 671 1661 λαοῦ
709 1608 806 1662 καὶ
844 1608 1227 1681 πρεσϐύτεροι,
1265 1613 1313 1665 εί
1346 1615 1505 1684 ἡμεῖς
1548 1614 1725 1685 σήμερ

1945 1620 2057 1684 τῑῐιί,
2108 1620 2159 1673 in
2195 1633 2303 1688 quo
2338 1619 2443 1673 iste
2469 1618 2652 1673 salvus
2691 1616 2866 1672 factus
2890 1625 2993 1682 est,
3027 1624 3213 1669 notum
3245 1613 3317 1667 sit
3348 1626 3464 1666 om-

208 1703 614 1774 ἀνακρινόμεθα
666 1707 758 1759 ἐπὶ
807 1706 1128 1777 εὐεργεσίαν
1168 1707 1455 1777 ἀνθρώπου
1502 1708 1727 1762 ἀσθενοῦ

1954 1709 2055 1767 bus
2086 1712 2261 1776 vobis,
2304 1721 2359 1767 et
2388 1711 2534 1767 omni
2570 1709 2712 1781 plebi
2752 1708 2941 1775 Israel,
2986 1709 3113 1777 quia
3159 1706 3211 1760 in
3246 1702 3465 1760 nomine

206 1798 265 1848 ὲν
300 1796 408 1849 τίνι
452 1790 607 1862 οὗτος
661 1799 949 1866 σέσωσται,
981 1801 1223 1869 γνωστὸν
1254 1802 1395 1855 ἔστω
1437 1804 1600 1856 πᾶσιν
1633 1803 1725 1873 ύμῖ

1945 1804 2107 1857 omini
2140 1804 2324 1858 nostri
2378 1801 2504 1859 Jesu
2557 1801 2763 1858 Christi
2823 1799 3113 1865 Nazareni,
3156 1811 3317 1867 quem
3367 1810 3464 1851 vos

207 1888 302 1941 καὶ
338 1890 496 1943 παντὶ
524 1890 602 1961 τῷ
640 1890 754 1962 λαῷ
798 1892 1034 1964 Ἰσραὴλ,
1070 1894 1150 1946 ὅτι
1195 1895 1253 1946 ὲν
1290 1893 1366 1964 τῷ
1395 1894 1620 1965 ὀνόματι
1683 1896 1726 1947 ’l'

1943 1893 2272 1959 'ucifixistis,
2302 1906 2462 1962 quem
2510 1890 2655 1947 Deus
2699 1891 2985 1946 suscitavit
3030 1904 3060 1941 a
3109 1886 3360 1950 mortuis.
3406 1886 3462 1942 in

207 1979 304 2033 σοῦ
360 1981 595 2052 Χριστοῦ
645 1983 740 2036 τοῦ
794 1984 1138 2056 Ναζωραίου,
1180 1986 1240 2039 ὃν
1298 1987 1455 2056 ὑμεῖς
1506 1988 1726 2056 ἐσταυρι

1944 2000 1994 2040 >c
2017 1985 2119 2041 iste
2142 1994 2283 2039 astat
2319 1984 2470 2039 vobis
2502 1998 2667 2038 sanus
2698 1982 2767 2038 “.
2804 2001 2822 2034 ι
2857 1980 2923 2036 Ει
2956 1978 3115 2051 paulo
3142 1986 3262 2050 post
3292 1995 3307 2033 :
3345 1995 3365 2029 ι
3396 1976 3463 2033 Et

208 2089 361 2136 σατε,
393 2072 451 2126 ὃν
483 2076 511 2126 6
548 2074 681 2139 Θεὸς
703 2077 929 2148 ἤγειρεν
960 2079 1023 2131 ὲκ
1064 2080 1293 2151 νεκρῶν,
1336 2083 1393 2132 ὲν
1425 2077 1601 2150 τούτῳ
1632 2073 1725 2133 ob:

1944 2093 1996 2134 ιιι
2024 2087 2112 2133 est
2138 2078 2190 2131 in
2226 2075 2335 2132 alio
2358 2076 2542 2147 aliquo
2586 2074 2755 2131 salus.
2800 2072 2988 2144 Neque
3019 2073 3164 2128 enim
3197 2080 3284 2127 est
3314 2069 3463 2126 aliud

208 2165 551 2236 παρέστηκεν
578 2166 808 2221 ἐνώπιον
848 2168 1002 2241 ὑμῶν
1031 2171 1209 2241 ὑγιής.
1253 2189 1270 2221 ι
1311 2172 1421 2225 Καὶ
1464 2169 1582 2242 μεθ’
1624 2171 1727 2241 ἔτει

1944 2185 2085 2226 tmen
2117 2170 2217 2225 sub
2247 2170 2387 2225 caelo
2419 2168 2605 2223 datum
2639 2165 2969 2232 hominibus,
3008 2165 3061 2219 in
3080 2179 3187 2234 quo
3214 2171 3463 2234 oporteat

207 2255 370 2308 πάλιν
393 2273 406 2286 ·
445 2275 463 2307 t
502 2258 612 2311 Kai
640 2260 741 2313 ούκ
776 2258 925 2315 ἔστιν
958 2263 1017 2315 ὲν
1044 2262 1189 2335 ἄλλῳ
1218 2264 1393 2319 οὐδενὶ
1436 2266 1469 2335 ή
1521 2263 1723 2333 σωτηρί

1947 2277 1989 2318 ιε
2030 2261 2213 2317 salvos
2256 2261 2372 2317 fieri
2419 2261 2486 2316 ⁸⁸.
2542 2280 2561 2313 ι
2598 2259 2861 2327 Quisnam
2914 2258 3078 2328 igitur
3120 2264 3223 2322 est,
3271 2255 3360 2324 qui
3410 2263 3466 2310 et

205 2348 347 2402 osos
393 2351 499 2421 γὰρ
549 2352 719 2423 ὄνομα
759 2353 948 2427 ἕτερόν
993 2357 1140 2409 ἐστιν
1185 2357 1290 2410 ὑπὸ
1332 2357 1425 2409 τὸν
1470 2357 1699 2428 οὐρανὸν

1947 2364 2120 2407 ortem
2165 2352 2301 2407 obiit
2336 2360 2392 2407 et
2424 2351 2722 2406 resurrexit
2754 2350 2809 2404 in
2842 2347 3035 2419 gloria,
3066 2354 3230 2417 atque
3263 2360 3330 2400 ex
3356 2343 3466 2398 Na-

205 2441 485 2514 δεδομένον
531 2447 589 2497 ὲν
621 2445 948 2517 ἀνθρώποις,
982 2448 1040 2501 ὲν
1071 2442 1115 2516 ᾧ
1156 2448 1237 2501 δεῖ
1282 2448 1522 2521 σωθῆναι
1552 2450 1720 2520 ἡμᾶς.

1944 2446 2109 2510 ιτειιι,
2136 2444 2236 2499 nisi
2269 2442 2429 2499 Jesus
2458 2442 2728 2507 Christus,
2757 2440 2860 2496 hoc
2882 2450 2984 2507 est,
3016 2441 3107 2510 qui
3137 2449 3263 2494 ante
3284 2440 3463 2493 omnia

208 2535 304 2601 Τίς
334 2532 425 2591 οῦν
468 2538 576 2609 ἀρα
608 2539 776 2607 ἐστὶν,
806 2544 835 2595 6
875 2542 972 2594 καὶ
1002 2541 1234 2597 θάνατον
1269 2543 1487 2608 ὑποδὺς,
1525 2543 1619 2596 καὶ
1655 2543 1727 2611 ἐγ

1948 2536 2081 2591 acula
2139 2552 2207 2591 ex
2253 2536 2416 2591 Patre
2458 2533 2803 2590 ineﬂ'abiliter
2856 2533 3074 2602 genitus
3104 2533 3223 2588 est?
3264 2530 3467 2589 Ultimo

207 2628 469 2700 γερμένος
508 2632 564 2683 ἐν
592 2631 740 2703 δόξῃ,
770 2634 865 2686 καὶ
909 2634 973 2686 ὲκ
1021 2631 1295 2705 Ναζαρὲτ,
1344 2636 1391 2688 ει
1437 2634 1514 2705 μὴ
1574 2634 1726 2705 Ἰησοη

1945 2644 2020 2684 ero
2061 2638 2118 2684 et
2168 2631 2234 2683 ad
2287 2630 2491 2685 exitum
2543 2639 2800 2697 vergente
2832 2627 3151 2682 saeculorum
3203 2636 3464 2695 tempore,

208 2721 459 2792 Χριστὸς,
493 2724 792 2791 τουτέστιν,
843 2725 872 2777 6
925 2725 1032 2797 πρὸ
1084 2725 1287 2790 παντὸς
1333 2725 1434 2795 μὲν
1480 2726 1677 2790 αἰῶνος
1724 2750 1727 2774 λ

1951 2721 2249 2790 ντροτειιίιει·
2292 2723 2456 2777 etiam
2508 2736 2571 2775 ex
2626 2720 2846 2791 Virgine
2888 2728 3049 2774 natus
3081 2728 3186 2774 est.
3237 2718 3470 2774 Proinde

209 2812 423 2883 Πατρὸς
446 2814 772 2887 ἀπορρήτως
808 2818 1202 2889 γεγεννημένος
1235 2858 1250 2883 ,
1294 2819 1353 2871 ὲν
1380 2816 1438 2871 δέ
1468 2834 1530 2887 γε
1571 2816 1649 2888 τῷ
1676 2817 1728 2871 λο

1948 2816 1980 2868 ti
2015 2816 2067 2868 in
2096 2813 2270 2884 ipsum
2299 2814 2493 2880 credit,
2520 2813 2778 2869 eximium
2801 2811 3082 2881 praemium
3113 2808 3342 2876 auferet;
3371 2824 3467 2862 vo-

209 2901 319 2972 σθῳ
354 2904 449 2956 καὶ
494 2904 574 2967 είς
623 2905 795 2976 πέρας
836 2906 1025 2976 ἥκοντι
1066 2904 1161 2958 τοῦ
1210 2906 1406 2969 αίῶνος
1462 2904 1659 2974 καιρῷ,
1695 2922 1727 2956 κ

1950 2904 2101 2959 ηΙιίιιιι·
2150 2907 2295 2960 enim
2356 2904 2496 2959 filius
2538 2905 2653 2959 Dei.
2686 2923 2703 2956 ι
2738 2903 3012 2972 Quotquot
3053 2902 3198 2957 enim
3242 2915 3469 2970 accepe-

210 2995 536 3065 σωματικῶς
569 2998 635 3050 ὲκ
663 2998 942 3066 γυναικός
984 2998 1045 3051 Ὀ
1082 2998 1265 3051 πίστιν
1303 2994 1397 3051 οὖν
1437 2997 1546 3067 ἄρα
1575 2998 1674 3069 τὴν
1707 3013 1729 3049 ε

1946 3006 2017 3052 ιιιι
2055 3011 2201 3059 eum,
2234 2997 2384 3050 dedit
2425 2997 2508 3052 eis
2554 3004 2899 3064 potestatem,
2950 2994 3150 3065 inquit,
3198 2993 3337 3048 ﬁlios
3372 2993 3465 3047 Dei

207 3087 369 3141 αὑτὸν
398 3090 776 3160 προσιέμενος,
824 3091 992 3161 γέρας
1038 3091 1325 3144 ἀποίσεται
1381 3092 1442 3143 τὸ
1486 3090 1726 3162 ἐξαίρετα

1950 3089 2029 3153 :ri,
2045 3091 2135 3158 qui
2156 3104 2259 3143 non
2278 3104 2343 3143 ex
2362 3088 2739 3158 sanguinibus,
2765 3103 2939 3157 neque
2964 3101 3029 3142 es
3056 3087 3332 3141 voluntate
3348 3099 3469 3139 car-

206 3180 622 3252 διακεκλήσεται
666 3181 775 3253 γὰρ
815 3181 929 3246 υἱὸς
974 3182 1149 3236 Θεοῦ⁶
1202 3202 1219 3234 t
1253 3183 1407 3236 Ὅσοι
1445 3182 1553 3254 γὰρ
1598 3181 1725 3235 ἑλαϐ

1942 3179 1999 3244 is,
2029 3195 2202 3248 neque
2221 3194 2287 3234 ex
2308 3179 2580 3233 voluntate
2599 3179 2721 3246 viri,
2746 3180 2839 3233 sed
2862 3194 2927 3233 ex
2949 3179 3057 3234 Deo
3083 3177 3192 3232 nati
3214 3186 3341 3231 sunt
3361 3173 3461 3229 ⁸⁸.»

207 3272 392 3333 αὑτὸν,
429 3272 628 3327 ἔδωκεν
660 3274 842 3338 αὐτοῖς
869 3275 1140 3341 ἐξουσίαν,
1175 3276 1331 3347 φησὶ,
1352 3276 1517 3329 τέκνα
1538 3274 1674 3328 Θεοῦ
1699 3293 1726 3343 γ

1947 3290 2025 3326 am
2100 3282 2159 3327 ut
2236 3272 2330 3327 fiat
2405 3274 2696 3343 primatum
2775 3282 2969 3328 tenens
3055 3272 3111 3325 in
3175 3269 3466 3333 omnibus,

208 3365 415 3431 νέσθαι,
448 3366 497 3420 οἳ
526 3368 627 3420 ούκ
657 3367 715 3434 ὲξ
746 3368 1014 3437 αἱμάτων,
1058 3369 1179 3421 οὐδὲ
1217 3370 1280 3422 ὲκ
1327 3368 1628 3439 θελήματος
1661 3386 1727 3421 σα

1947 3373 2029 3419 cut
2059 3364 2512 3434 scriptumest“,
2534 3373 2691 3417 natus
2713 3364 2929 3431 quidem
2959 3372 3130 3417 estex
3156 3360 3466 3416 muliere".

208 3462 325 3524 κὸς,
365 3460 486 3513 οὐδὲ
532 3462 597 3516 ὲκ
637 3460 942 3532 θελήματος
980 3461 1190 3531 ἀνδρὸς,
1219 3461 1333 3513 ἀλλ’
1373 3464 1437 3514 ὲκ
1464 3460 1599 3515 Θεοῦ
1642 3464 1727 3529 ὲγε

1950 3474 2027 3511 :tm
2061 3472 2190 3512 vero
2242 3457 2311 3511 sit
2367 3457 2616 3523 primitiae
2646 3456 2697 3488 ω
2728 3466 2993 3511 creatura:
3042 3454 3348 3507 reformatae
3401 3452 3469 3507 ad

208 3552 473 3623 γήθησαν.
531 3573 550 3606 ι
612 3554 729 3607 Ἵνα
765 3554 873 3627 γάρ
918 3554 1141 3623 γένηται
1184 3553 1479 3624 πρωτεύων
1530 3555 1589 3607 ἐν
1628 3556 1727 3606 πᾶς

1952 3562 2059 3603 eum
2094 3564 2191 3618 per
2239 3547 2753 3612 sanctiﬁcationem,
2790 3547 2907 3614 ipse
2953 3546 3117 3600 etiam
3164 3552 3292 3597 ante
3333 3542 3471 3598 alios

209 3646 391 3711 αὐτὸς,
426 3644 571 3699 καθά
601 3646 935 3717 γέγραπται,
970 3645 1295 3716 γεγέννηται
1348 3645 1446 3715 μὲν
1488 3645 1576 3698 διὰ
1603 3662 1728 3713 γυνο

1953 3652 2054 3696 itus
2089 3655 2157 3694 ex
2218 3639 2423 3709 Spiritu
2471 3638 2781 3693 declaratus
2827 3648 2933 3703 est,
2981 3636 3080 3690 viri
3130 3643 3186 3691 et
3231 3632 3472 3688 mulieris

210 3738 327 3801 κός.
370 3737 674 3809 Ἐπειδὴδὲ
702 3739 851 3791 ἐστιν
900 3737 1123 3808 ἀπαρχὴ
1167 3738 1267 3804 τῆς
1300 3738 1729 3809 ἀναμορφουμένλ

1952 3746 2243 3802 ingressum
2278 3732 2590 3797 excedens;
2624 3745 2729 3783 non
2779 3729 2923 3799 quod
2958 3740 3207 3781 naturam
3239 3726 3471 3796 alicujus

211 3830 443 3893 κτίσεως
470 3830 537 3883 δι’
564 3830 838 3901 ἀγιασμοῦ
870 3830 1004 3902 πρὸς
1030 3829 1185 3894 Θεὸν,
1205 3830 1300 3884 καὶ
1336 3830 1445 3901 πρό
1469 3847 1531 3898 γε
1566 3829 1675 3883 τῶν
1698 3831 1730 3884 ἃ

1950 3824 2178 3879 :decoris
2207 3832 2301 3877 aut
2325 3822 2459 3876 labis
2485 3831 2697 3876 notaret
2732 3836 2793 3875 ac
2823 3823 3101 3874 damnaret
3129 3817 3469 3888 (honoranda

212 3922 321 3974 λων
367 3922 530 3987 αὐτὸς
564 3924 787 3992 γενητὸς
820 3922 1033 3993 ἐδείχθη
1082 3922 1424 3992 Πνεύματος,
1460 3923 1557 3991 τὴν
1602 3922 1731 3990 ἀνδρ

1956 3916 2043 3969 tim
2116 3931 2201 3969 res
2239 3924 2328 3969 est
2375 3913 2708 3984 conjugium,
2753 3923 2808 3966 et
2855 3912 2946 3981 qui
3002 3911 3272 3966 hominem
3323 3911 3475 3965 initio

212 4032 271 4067 τε
303 4015 399 4069 καὶ
426 4014 684 4084 γυναικὸς
727 4013 1135 4086 ύπερθρώσκων
1168 4013 1403 4079 σύνοδον,
1436 4014 1528 4067 καὶ
1557 4014 1657 4066 οὐκ
1681 4013 1731 4066 ἀπ

1952 4006 2123 4071 'eavit,
2154 4006 2453 4060 masculum
2501 4013 2557 4060 et
2598 4004 2851 4059 feminam
2884 4004 3012 4059 fecit
3040 4002 3159 4057 illos
3180 4002 3271 4071 "),
3311 4000 3471 4073 705

218 4109 316 4179 μίᾳ
345 4109 439 4161 καὶ
472 4110 647 4179 μῶμῳ
692 4108 1072 4172 καταδικάζων
1100 4105 1199 4175 τὴν
1241 4106 1404 4175 φύσιν
1452 4106 1651 4176 (τίμιος
1690 4122 1737 4174 γε

1957 4097 1994 4149 ιιι
2026 4099 2169 4166 quod
2191 4096 2303 4164 jam
2339 4097 2571 4151 humana
2618 4096 2875 4163 majorem
2927 4106 3089 4166 atque
3135 4097 3476 4166 incompara-

213 4199 243 4250 6
273 4197 469 4268 γάμος,
502 4197 597 4251 καὶ
628 4199 655 4249 ὁ
690 4197 903 4261 πλάσας
936 4197 1209 4268 ἀπαρχῆς,
1244 4196 1410 4269 ἄρσεν
1435 4196 1529 4250 καὶ
1546 4194 1678 4266 θῆλυ
1706 4214 1732 4249 π

1965 4192 2085 4247 liter
2107 4189 2549 4247 excellentiorem
2574 4188 2621 4243 ei
2666 4188 2951 4243 tribueret.
2989 4186 3157 4243 Natos
3186 4190 3330 4243 enim
3380 4202 3484 4261 nos

216 4290 445 4361 ποίηκεν
491 4289 732 4356 αὐτοὺς),
772 4289 909 4345 ἀλλά
937 4291 1014 4361 τῷ
1064 4290 1272 4361 μείζονι
1311 4290 1407 4343 καὶ
1452 4288 1735 4360 ἀσυγκρίτι

1957 4301 1967 4338 t
2002 4284 2219 4353 spiritu,
2258 4298 2364 4338 non
2390 4298 2457 4336 ex
2490 4281 2621 4336 viris
2640 4296 2953 4350 nuncupare
2980 4279 3164 4335 voluit.
3202 4296 3220 4330 ι
3246 4278 3476 4344 idcirco,

217 4383 599 4454 ύπερκειμένῳ
656 4384 978 4454 προσνέμων
1028 4384 1127 4453 ἥδη
1184 4400 1300 4447 πως
1344 4383 1413 4436 τὰ
1458 4380 1736 4452 ἀνθρώπιν

1954 4385 2141 4444 utrem,
2182 4375 2377 4447 inquit,
2411 4373 2578 4428 nolite
2611 4386 2805 4427 vocare
2847 4370 3000 4425 vobis
3042 4380 3473 4453 supenterratii:

217 4476 514 4546 Γεννητοὺς
568 4476 673 4546 γὰρ
720 4476 1060 4545 Πνεύματος,
1113 4477 1212 4529 οὐκ
1266 4473 1496 4545 ἀνδρῶν,
1548 4473 1736 4543 ήμᾶςὲ

1953 4484 2042 4523 aus
2082 4476 2168 4523 est
2210 4466 2355 4522 enim
2402 4466 2566 4520 Pater
2607 4475 2810 4526 vester,
2861 4463 2951 4530 qui
2992 4463 3046 4516 in
3072 4462 3365 4517 .cmlisest
3407 4461 3472 4515 ".

220 4570 577 4641 χρηματίζειν
614 4569 795 4639 ἤθελε.
843 4588 861 4618 ‹
920 4568 1029 4621 Καὶ
1061 4566 1212 4635 γοῦν,
1248 4568 1486 4637 Πατέρα,
1524 4570 1677 4637 φησὶ,
1725 4586 1739 4638 ι

1959 4575 2107 4615 mnes
2136 4568 2319 4614 autem
2358 4573 2456 4612 vos
2505 4556 2705 4611 fratres
2737 4556 2875 4611 estis
2915 4554 2997 4610 “.7
3021 4574 3039 4605 ι
3081 4552 3478 4622 lrreprehensi-

222 4661 487 4733 καλέσητε
518 4661 673 4731 ὑμῶν
715 4660 808 4713 ἐπὶ
832 4660 927 4730 τῆς
953 4658 1057 4729 γῆς
1076 4675 1090 4689 ’
1129 4652 1209 4722 εἷς
1240 4659 1348 4731 γάρ
1377 4660 1525 4712 ἐστιν
1552 4662 1579 4712 6
1613 4660 1741 4713 Πατῆ

1966 4653 2013 4708 le
2046 4653 2229 4721 itaque
2257 4663 2482 4719 prorsus
2516 4658 2603 4701 est
2631 4649 2684 4701 in
2717 4649 2892 4714 ipsum
2918 4646 3170 4700 credere.
3220 4641 3334 4698 lmo
3378 4658 3477 4713 po-

223 4756 352 4825 ὑμῖν
384 4757 411 4808 6
458 4755 745 4826 οὐράνιοςο
783 4754 985 4815 πάντες
1031 4751 1089 4805 δὲ
1134 4753 1290 4824 ὑμεῖς
1343 4751 1559 4820 ἀδελφοί
1594 4754 1736 4806 ἐστε.

1959 4759 2011 4797 us
2044 4750 2389 4813 peccatorum
2424 4738 2699 4792 oblivione
2756 4736 2890 4790 fides
2938 4736 2991 4789 in
3043 4735 3217 4803 ipsum
3252 4732 3478 4787 decora-

224 4845 433 4900 Οὺκοῦν
461 4845 761 4917 ἀμώμητον
795 4843 1073 4907 παντελῶς
1116 4844 1176 4896 τὸ
1204 4842 1482 4897 πιστεύειν
1513 4847 1591 4908 είς
1619 4846 1743 4898 αὐτὸ

1968 4851 1994 4889 r
2020 4844 2191 4904 atque
2231 4831 2568 4901 rependitur.
2597 4827 2675 4881 lta
2722 4830 2867 4882 enim
2916 4826 3073 4881 nobis
3119 4825 3353 4881 eximius
3395 4824 3482 4882 ille

227 4940 427 5009 μᾶλλον
457 4940 514 4993 δὲ
540 4916 634 4994 καὶ
664 4942 730 5011 τῇ
757 4939 866 4993 τῶν
900 4938 1391 5010 πλημμελημάτων
1417 4938 1693 5010 ἀμνηστίᾳ
1722 4956 1746 4991 τ

1967 4923 2362 4995 ιιιιιιενεωὶιιίιε
2396 4940 2414 4973 t
2453 4919 2698 4975 Scientes
2725 4920 2868 4989 quod
2899 4934 3005 4972 non
3028 4916 3359 4986 justiﬁeatur
3389 4919 3486 4973 ho-

222 5034 470 5105 τίμηται.
517 5008 728 5105 Γράφει
754 5032 862 5103 γάρ
892 5008 1195 5085 ὧδεπάλιν
1224 5032 1252 5083 6
1278 5008 1528 5100 ἔκκριτος
1561 5008 1739 5083 Παῦλο

1968 5033 2000 5073 o
2038 5034 2103 5073 ex
2130 5015 2388 5086 operibus
2432 5013 2589 5081 legis,
2630 5012 2736 5066 nisi
2775 5026 2872 5081 per
2907 5009 3067 5063 fidem
3100 5008 3228 5064 Jesu
3254 5010 3482 5076 Christi,

231 5147 249 5180 t
283 5100 509 5191 -Είδότες
553 5100 609 5180 δὲ
637 5127 719 5179 ὅτι
754 5100 1144 5178 (δύ-δικαιοῦται
1196 5122 1481 5194 ἄνθρωπος
1525 5122 1591 5187 ἐξ
1631 5122 1750 5194 ἕργι

1959 5156 1966 5167 .
2006 5127 2105 5167 nos
2142 5110 2195 5165 in
2230 5107 2450 5164 Christo
2486 5103 2615 5161 Iesu
2648 5103 2977 5159 credidimus
3015 5101 3107 5155 °“.
3148 5120 3166 5152 ι
3213 5100 3478 5156 Cancrum

226 5223 412 5294 νόμου,
435 5223 529 5276 ἐὰν
556 5221 629 5293 μὴ
657 5219 746 5273 διὰ
776 5219 1011 5282 πίστεως
1044 5217 1216 5288 Ἰησοῦ
1247 5192 1504 5287 Χριστοῦ,
1528 5216 1622 5269 καὶ

1969 5218 2254 5275 :quaquam
2281 5200 2546 5273 gravabor
2575 5212 2639 5252 ea
2663 5212 2784 5266 quae
2816 5194 2992 5249 fusius
3017 5210 3048 5249 a
3076 5208 3163 5248 me
3197 5193 3345 5249 dicta
3363 5204 3488 5248 sunt

228 5287 308 5380 εἰς
347 5287 583 5386 Χριστὸν
618 5287 829 5383 Ἰησοῦν
867 5287 1287 5380 ἐπιστεύσαμεν,
1329 5328 1346 5358 ι
1388 5292 1725 5377 Κατοκνήσω

1995 5311 2262 5352 summam
2290 5293 2543 5362 colligere
2579 5309 2593 5345 :
2629 5290 2884 5345 nimirum
2920 5288 3061 5357 quod
3105 5287 3357 5343 Christus
3382 5300 3488 5340 non

229 5377 502 5478 οὐδαμῶς,
531 5377 811 5476 amp-i161;
856 5403 1068 5471 φθάσας
1108 5377 1263 5472 ἔφην,
1306 5400 1689 5468 ἀνακυκλήσας
1731 5416 1748 5451 ε

1965 5399 1985 5445 ι
2022 5389 2227 5444 nudum
2264 5402 2329 5441 ac
2353 5401 2448 5455 per
2491 5400 2549 5439 se
2576 5400 2643 5439 ex
2684 5381 2841 5437 Patre
2879 5380 3178 5453 procedens
3210 5377 3441 5434 Verbum
3472 5397 3482 5431 :

230 5470 379 5567 πεῖν,
405 5501 485 5554 ὅτι
513 5470 748 5569 Χριστὸς
789 5470 997 5567 ίιησοῦς
1022 5496 1081 5548 ού
1113 5470 1319 5565 γυμνὸς
1348 5494 1443 5547 καὶ
1473 5491 1593 5546 καθ’
1620 5494 1748 5545 ὲαυτ

1967 5483 2013 5538 ιιι
2037 5479 2335 5550 assumpsit
2368 5476 2763 5531 humanitatem
2814 5481 2868 5525 et
2914 5486 3081 5525 carne
3109 5470 3353 5524 indutum
3383 5479 3486 5533 est,

227 5556 514 5650 δέκ’Θεοῦ
546 5556 748 5644 νοεῖται
791 5556 985 5656 Λύγος,
1015 5556 1135 5640 ἀλλ’·
1168 5556 1269 5653 έτε,
1289 5586 1590 5657 προσέλαϐε
1619 5584 1678 5637 τὸ
1716 5584 1746 5637 ἀ

1978 5589 2083 5645 que
2108 5571 2182 5626 ita
2210 5585 2269 5625 se
2295 5569 2582 5625 habentem
2610 5573 2772 5632 atque
2814 5569 3201 5632 apparentem,
3232 5556 3493 5613 fet-mam-

317 5797 359 5827 "
389 5795 543 5851 Juan.
576 5809 669 5852 xx.
694 5790 785 5852 30.
821 5790 912 5844 5|.
988 5789 1033 5825 ⁸³
1059 5791 1178 5843 Aut.
1213 5803 1283 5848 Iv,
1316 5787 1465 5843 8-10.
1545 5785 1588 5817 δ’
1616 5782 1748 5839 Ibid.
1781 5781 1833 5837 ll

1979 5822 1987 5833 -
2068 5774 2299 5852 "1029-.
2324 5766 2632 5852 ιιηιὲῖνοη
2677 5756 2956 5852 .“.C9.'°‘:’.;
2988 5772 3029 5826 ’ν
3068 5758 3153 5815 ¹⁸·
3246 5756 3498 5821 ’³⁶³¹⁸⁶’

338 5827 555 5925 (“ﬁt
581 5827 957 5929 ‘2‘».
1036 5827 1465 5926 et‘a';..'.‘:,“eat"
1511 5827 1748 5910 um;

1511 5855 1556 5887 ι’·
1577 5827 2043 5923 ιιέίέἦ.ἰὶἱιῐιζ’9.
2091 5827 2323 5926 fliam.
2350 5827 2402 5900 '8.
2472 5827 2769 5912 "°‘_Galat.
2798 5845 2858 5899 ιι,
2892 5827 3001 5889 16..
