3846 6210
464 381 599 436 1239

1439 384 1495 439 S.
1536 385 1807 441 CYRILLI
1843 387 2309 443 ALEXANDRINI
2344 390 2659 447 ARCHIEP.

3574 404 3697 459 i230

462 516 567 567 que
622 509 861 553 nostram
911 506 1235 566 gestantem,
1296 498 1455 552 Pater
1510 502 1719 555 sanctis
1769 502 2025 569 apostolis

2139 502 2423 572 θρὼπινον,
2466 506 2737 577 ἐνεπλάκη
2764 509 2945 577 σαρκί·
2990 509 3163 572 οὕτως
3208 510 3400 581 ἔχοντα
3435 516 3536 567 καὶ
3566 519 3676 585 ὀρὼ

462 590 729 656 ostendit,
782 590 1145 658 hujuscemodi
1190 604 1320 642 voce
1371 590 1586 645 ccelitus
1613 593 1753 645 edita
1808 609 1824 647 :
1868 612 1887 644 ε
1931 591 2028 646 Hic

464 692 542 735 est
575 680 742 734 Filius
774 696 928 734 meus
964 681 1214 745 dilectus,
1248 683 1298 735 in
1329 698 1439 751 quo
1472 684 1602 738 mihi
1634 684 1767 740 bene
1791 686 2030 754 compla-

464 774 585 826 cui:
624 774 795 842 ipsum
842 773 1024 827 audite
1054 776 1125 828 ⁸⁷.
1162 794 1180 826 1
1221 773 1483 845 lntelligis
1518 778 1720 848 itaque,
1760 782 2029 848 quomodo

463 880 569 919 non
607 866 750 919 dicat
776 889 787 919 :
823 866 875 918 In
902 868 1004 920 hoc
1029 876 1113 919 est
1143 866 1311 921 Filius
1342 883 1512 933 meus,
1548 886 1615 924 ne
1644 870 1881 924 vicissim
1912 883 2029 925 tan-

461 970 623 1024 quam
658 955 794 1009 alter
842 956 892 1009 in
923 958 1093 1010 altero
1118 972 1239 1011 esse
1265 969 1603 1023 censeretur,
1642 961 1735 1014 sed
1775 977 1914 1016 unus
1942 973 2027 1016 at-

462 1062 567 1115 que
616 1048 757 1101 idem
802 1046 1101 1101 secundum
1131 1049 1390 1103 unitatem
1437 1050 1843 1107 incarnationis.
1876 1053 2027 1118 Quod

464 1154 591 1192 vero
620 1138 981 1209 periculosum
1028 1138 1453 1209 damnosumque
1494 1142 1760 1210 imprimis
1788 1143 1859 1196 sit
1904 1145 2030 1198 huic

464 1229 749 1283 sententia:
781 1229 1060 1295 reluctari,
1099 1226 1336 1285 Joannes
1372 1230 1530 1286 facile
1561 1235 1911 1302 persuaserit,
1954 1234 2027 1288 ita

461 1322 670 1383 dicens,
702 1320 845 1387 quod
876 1319 1017 1373 idem
1047 1318 1119 1372 sit
1151 1321 1527 1375 testimonium
1575 1323 1665 1376 Dei
1692 1323 1838 1391 quod
1870 1333 2029 1378 testa-

462 1424 549 1467 tus
583 1423 669 1467 est
702 1414 767 1467 de
814 1411 952 1468 Filio
993 1428 1131 1467 suo:
1160 1432 1178 1464 r
1210 1411 1313 1479 Qui
1370 1412 1540 1466 credit
1582 1412 1633 1465 in
1678 1412 1871 1467 Filium
1912 1415 2026 1479 Dei,

463 1512 627 1565 habet
670 1510 1032 1565 testimonium
1068 1508 1159 1564 Dei
1194 1510 1244 1562 in
1299 1523 1376 1563 se.
1424 1508 1522 1574 Qui
1557 1522 1662 1562 non
1693 1510 1866 1563 credit
1899 1509 2026 1572 Deo,

463 1604 779 1656 mendacem
812 1602 943 1654 facit
978 1616 1102 1653 eum
1130 1618 1144 1665 ;
1182 1599 1308 1669 quia
1350 1614 1454 1652 non
1499 1600 1671 1653 credit
1704 1600 1756 1653 in
1790 1600 2029 1654 testimo-

462 1694 609 1747 nium
629 1693 773 1761 quod
788 1692 1106 1745 testificatus
1119 1702 1202 1745 est
1219 1692 1358 1745 Deus
1374 1692 1438 1744 de
1456 1688 1591 1744 Filio
1606 1705 1722 1744 suo.
1738 1709 1759 1741 ι
1778 1689 2028 1746 Testatus

463 1796 641 1838 autem
679 1794 763 1837 est
802 1783 941 1853 quod
972 1783 1069 1837 ilic
1095 1782 1185 1852 qui
1238 1783 1290 1836 in
1322 1798 1488 1837 carne
1526 1792 1581 1835 et
1627 1785 1679 1836 iu
1713 1782 1882 1836 forma
1912 1798 2027 1837 scr-

462 1876 513 1928 vi
539 1874 895 1944 conspicitur,
930 1882 1012 1927 est
1041 1871 1391 1942 singulariter
1416 1886 1478 1925 ac
1506 1871 1849 1940 peculiariter
1870 1885 2028 1924 verus

462 1980 613 2019 meus
643 1964 830 2019 Filius.
865 1964 1001 2031 Quid
1030 1979 1155 2018 vero
1172 1963 1200 2015 ξι
1224 1978 1402 2017 nonne
1439 1972 1494 2015 et
1527 1963 1754 2031 gratiam
1784 1979 1903 2033 qua:
1933 1978 2031 2032 per

460 2072 674 2113 sacrum
700 2058 1019 2127 baptismum
1067 2055 1360 2122 confertur,
1386 2065 1439 2110 et
1473 2056 1889 2109 vivificationem
1911 2070 2030 2124 quae

462 2152 516 2204 in
554 2151 671 2219 ipso
696 2160 819 2213 est,
858 2157 913 2203 et
961 2147 1428 2218 participationem
1467 2146 1558 2201 Dei
1592 2160 1689 2216 per
1723 2146 2030 2201 sanctiﬁca-

462 2244 664 2297 tionem
702 2241 756 2295 in
793 2240 1023 2313 Spiritu,
1054 2256 1150 2309 per
1190 2238 1375 2295 .lesum
1420 2240 1695 2295 Christum
1740 2240 1877 2293 facta
1909 2252 2029 2292 esse

460 2335 700 2390 dicemus
716 2334 742 2388 τ

534 2512 1122 2572 Β.Οιηηίηο.κΜει11ἰιιὶ
1160 2511 1303 2565 enim
1328 2508 1552 2565 Joannis
1575 2511 1803 2566 dicentis
1830 2530 1842 2563 :
1878 2529 1896 2561 1
1927 2510 2026 2576 Qui

464 2618 587 2678 post
616 2624 700 2662 me
735 2608 898 2669 venit,
934 2608 1127 2662 fortior
1173 2620 1258 2659 me
1296 2614 1417 2667 est,
1462 2604 1616 2673 cujus
1660 2617 1763 2656 nou
1801 2618 1919 2655 smn
1951 2603 2030 2655 di-

465 2717 601 2768 gnus
635 2701 1004 2755 calceameuta
1049 2708 1265 2768 portare
1308 2716 1319 2750 :
1368 2696 1481 2763 ipse
1526 2708 1619 2747 vos
1651 2692 1945 2761 baptizabit
1974 2695 2026 2747 In

465 2792 667 2859 Spiritu
702 2802 891 2846 sancto
919 2799 973 2844 et
1008 2788 1130 2858 igne
1161 2787 1226 2839 ”.
1267 2806 1285 2838 ›

536 2976 603 3030 Δ.
637 2971 1072 3028 Iiutnanitatisne
1114 2970 1275 3041 igitur
1317 2980 1513 3023 nostra:
1568 2982 1704 3036 opus
1740 2981 1860 3019 esse
1902 2980 2030 3018 ceu-

465 3069 753 3132 sebimus,
814 3066 868 3119 in
948 3065 1153 3135 Spiritu
1212 3073 1403 3117 sancto
1470 3070 1523 3114 et
1576 3062 1697 3129 igne
1754 3057 2030 3127 baptizare

464 3152 655 3229 posse?

538 3252 599 3307 Β.
626 3250 744 3316 Quo
766 3258 923 3318 pacto
955 3248 1004 3300 id
1036 3246 1153 3305 fieri
1177 3244 1387 3313 possit?

533 3346 696 3417 706
714 3346 776 3397 A.
796 3344 955 3412 Atqui
993 3344 1163 3395 virum
1186 3337 1406 3407 jamjatn
1434 3347 1717 3392 venturum
1746 3347 1908 3405 atque
1934 3351 2029 3405 ap-

464 3442 759 3508 pariturum
814 3436 1020 3500 dicens,
1054 3434 1227 3501 ipsum
1278 3432 1331 3485 in
1368 3431 1488 3501 igne
1522 3438 1577 3483 et
1612 3428 1813 3496 Spiritu
1845 3439 2033 3481 sancto

466 3533 740 3602 baptizare
772 3529 1215 3592 allirmat,neque
1254 3523 1485 3578 alienum
1535 3522 1821 3592 baptizatis
1857 3520 2031 3589 Spiri-

467 3638 578 3680 tum
609 3626 902 3679 immittere
928 3619 1105 3675 servili
1127 3632 1193 3671 ac
1209 3614 1602 3673 ministratorio
1636 3613 1823 3674 modo,
1854 3612 1949 3666 sed
1976 3620 2033 3663 ut

470 3718 633 3770 Deum
687 3711 980 3767 secundum
1041 3720 1286 3763 naturam
1333 3721 1454 3760 cum
1495 3718 1704 3758 summa
1743 3709 2027 3771 potestate,

467 3804 727 3875 Spiritum
753 3818 818 3856 ex
848 3817 907 3855 se
934 3800 1143 3868 sibique
1181 3798 1458 3867 proprium
1501 3794 1707 3864 largiri.
1734 3808 1832 3863 per
1867 3808 2029 3863 quem

464 3896 624 3949 etiam
668 3892 881 3946 divinus
920 3889 1206 3945 character
1255 3888 1408 3942 nobis
1454 3886 1795 3953 iusigniatur.
1834 3883 2028 3940 Refor-

467 4000 675 4038 mamur
716 3983 859 4037 enim
910 3983 975 4035 ad
1024 3980 1311 4050 imaginem
1358 3979 1592 4032 divinam
1642 3977 1695 4031 in
1754 3976 2028 4031 Christum

464 4072 671 4137 Iesum,
713 4087 821 4127 non
867 4070 1199 4139 corporalem
1256 4068 1695 4123 reformationem
1741 4068 2032 4123 subeuntes

466 4167 613 4237 (nam
671 4164 721 4217 id
777 4164 1125 4216 vehementer
1166 4159 1457 4214 absurdum
1502 4160 1646 4215 dictu
1685 4159 1893 4228 fuerit),
1938 4158 2031 4213 sed

467 4274 561 4327 per
591 4255 1061 4325 participationem
1094 4252 1267 4307 sancti
1293 4251 1529 4322 Spiritus
1577 4252 1748 4319 ipsum
1783 4252 1834 4305 in
1878 4251 2033 4305 nobis

466 4351 596 4419 ipsis
647 4350 910 4403 habentes
947 4362 961 4399 :
1016 4349 1150 4400 adeo
1196 4354 1256 4399 ut
1284 4344 1529 4399 laetantes
1556 4342 1684 4396 illud
1726 4342 2033 4397 exclamare

466 4443 736 4511 possimus
784 4458 799 4496 :
850 4459 869 4491 1
924 4437 1227 4493 Exsultabit
1278 4436 1462 4491 anima
1505 4451 1621 4490 mea
1676 4436 1727 4490 in
1778 4436 2028 4502 Domino,

2131 611 2310 662 μενον,
2341 598 2432 649 καὶ
2468 599 2525 649 ἐν
2560 598 2688 651 εῐδει
2734 598 2812 668 τῷ
2854 599 2977 653 καθ’
3002 602 3147 670 ἡμᾶς
3177 605 3553 673 τυγχάνοντα,
3590 612 3696 673 τοῖς

2128 686 2303 753 ἁγίοις
2327 688 2644 752 ἀποστόλοις
2666 689 2981 761 παρέδειξεν
3002 692 3030 744 ὁ
3055 692 3263 763 Πατὴρ,
3291 696 3477 765 φωνῆς
3498 696 3695 751 ἄνωθεν

2128 777 2565 849 ἐκπεποιημένης
2611 781 2823 833 τοιᾶσδε
2846 797 2859 810 ·
2898 800 2918 831 ι
2955 777 3123 844 Οὗτός
3153 785 3301 837 ἐστιν
3325 787 3353 837 6
3387 786 3520 849 Υίός
3551 788 3695 856 μουό

2127 870 2428 939 ἀγαπητὸς,
2460 871 2517 923 ἐν
2545 865 2589 937 ᾧ
2635 872 2931 942 ηύδόκησα,
2974 874 3134 927 αὐτοῦ
3179 877 3426 930 ἀκούετε.
3482 898 3503 931 ι
3540 880 3699 943 Σύνες

2128 958 2220 1013 οῦν
2275 963 2420 1024 ὅπως
2449 964 2549 1015 οὐκ
2594 965 2652 1015 tv
2680 964 2876 1033 τούτῳ,
2906 966 3090 1035 φησὶν,
3138 968 3346 1020 ἐστὶννό
3399 969 3530 1032 Υἱός
3579 988 3700 1039 μου,

2131 1050 2215 1103 ἴνα
2247 1051 2321 1121 μὴ
2355 1053 2629 1124 ἀναμέρος
2673 1053 2749 1116 ὡς
2774 1053 2959 1124 ἕτερος
2983 1056 3044 1108 ἐν
3074 1057 3244 1127 ἑτέρῳ
3271 1059 3452 1128 τυχὸν,
3482 1060 3603 1119 ἀλλ’
3627 1057 3705 1125 εἷς

2129 1143 2313 1211 νοῆται
2353 1145 2446 1196 καὶ
2474 1146 2502 1196 6
2541 1145 2697 1207 αὐτὸς
2739 1146 2863 1199 καθ’
2891 1147 3082 1200 ’ἐνωσιν
3115 1150 3481 1218 οἰκονομικήν.
3518 1151 3702 1221 Πλημο

2133 1235 2289 1304 μελὲς
2313 1236 2371 1289 δὲ
2406 1237 2571 1290 ὅτιτὸ
2597 1239 2912 1291 ἀντιτείνειν
2940 1241 3078 1305 ἐστὶ,
3106 1241 3198 1293 καὶ
3226 1241 3333 1293 τῶν
3353 1243 3435 1295 ὅτι
3466 1244 3705 1313 μάλιστα

2129 1326 2596 1397 σφαλερωτάτων,
2651 1329 2933 1381 ἀναπείσει
2979 1330 3207 1400 γράφων
3275 1331 3531 1401 Ἰωάννης
3584 1332 3704 1394 ιῖῆι,

2126 1417 2209 1469 ὃτι
2244 1418 2378 1488 αὕτη
2416 1418 2622 1487 ἐστὶνή
2667 1420 2934 1490 μαρτυρία
2965 1420 3058 1473 τοῦ
3106 1420 3260 1483 Θεοῦ,
3300 1423 3383 1475 ὅτι
3428 1423 3688 1492 μεμαρτύ

2132 1525 2263 1579 ρηκε
2293 1508 2422 1580 περὶ
2452 1510 2546 1562 τοῦ
2568 1510 2699 1562 Υίοῦ
2719 1511 2903 1565 αὐτοῦ’
2929 1530 2947 1563 ι
2971 1513 3029 1564 '0
3050 1512 3317 1565 πιστεύων
3346 1516 3427 1576 είς
3458 1514 3557 1567 τὸν
3580 1514 3707 1567 Tib-4

2127 1599 2221 1652 τοῦ
2264 1600 2422 1663 Θεοῦ,
2457 1600 2572 1671 ἔχει
2607 1600 2707 1673 τὴν
2757 1602 3063 1674 μαρτυρίαν
3101 1604 3194 1656 τοῦ
3224 1603 3357 1657 Θεοῦ
3402 1606 3462 1656 ἐν
3502 1606 3707 1674 ἐαυτῷ.

2140 1688 2199 1741 '0
2244 1688 2318 1760 μὴ
2369 1689 2640 1743 πιστεύων
2677 1690 2759 1761 τῷ
2788 1690 2925 1761 Θεῷ,
2974 1690 3213 1761 ψεύστην
3256 1693 3564 1762 πεποίηκεν
3610 1695 3709 1747 αὖ·

2128 1780 2239 1844 τὸν,
2278 1781 2359 1835 ὃτι
2402 1782 2500 1834 οὐκ
2536 1781 2855 1835 ἐπίστευσεν
2885 1784 2966 1845 είς
3006 1782 3109 1853 τὴν
3140 1782 3462 1852 μαρτυρίαν,
3511 1786 3581 1854 ἦν
3622 1802 3709 1853 μεο

2134 1872 2484 1944 μαρτύρηκεν
2519 1874 2549 1925 6
2576 1874 2709 1936 Θεὸς
2737 1876 2867 1944 περὶ
2894 1873 2990 1927 τοῦ
3020 1873 3146 1927 Υίοῦ
3176 1873 3359 1928 αὐτοῦ.
3402 1893 3422 1925 ι
3468 1876 3709 1945 Metap-

2128 1963 2337 2033 τύρηκε
2374 1963 2451 2029 δὲ,
2489 1964 2572 2017 ὅτι
2603 1956 2789 2027 Οὗτος,
2821 1966 2850 2018 6
2880 1964 3018 2034 μετὰ
3062 1964 3261 2034 σαρκὸς
3289 1964 3387 2017 καὶ
3424 1965 3486 2017 tv
3511 1967 3579 2034 τῇ
3611 1965 3707 2019 τοῦ

2128 2056 2316 2109 δούλου
2346 2060 2550 2127 μορφῇ,
2581 2056 2877 2126 μοναδικῶς
2905 2073 2964 2109 τε
2996 2055 3089 2108 καὶ
3121 2054 3299 2118 ίδικῶς
3320 2056 3450 2125 ἐμὸς
3487 2055 3709 2127 ἀληθῶς

2131 2145 2279 2209 Υἱός.
2312 2146 2377 2199 Τί
2407 2146 2499 2211 δέ;
2533 2147 2651 2215 οὐχὶ
2668 2146 2762 2199 καὶ
2780 2145 2879 2216 τὴν
2907 2144 2993 2198 διὰ
3020 2143 3116 2197 τοῦ
3142 2143 3296 2212 ἁγίου
3326 2144 3709 2213 βαπτίσματος

2129 2236 2330 2291 εὐκλεᾶ
2364 2238 2544 2307 χάριν,
2577 2236 2671 2290 καὶ
2698 2234 2798 2307 τὴν
2822 2236 2879 2288 tv
2900 2232 3050 2304 αὐτῷ
3091 2234 3434 2303 ζωοποίησιν,
3477 2234 3578 2286 καὶ
3610 2236 3708 2304 τὴν

2129 2329 2267 2384 Θεοῦ
2301 2328 2514 2398 μέθεξιν
2551 2328 2617 2380 δι’
2649 2327 2923 2396 ἁγιασμοῦ
2964 2326 3022 2379 tv
3065 2322 3361 2393 Πνεύματι,
3390 2323 3481 2376 διὸ.
3528 2325 3709 2395 Ἰησοῦ

2130 2421 2365 2494 Χριστοῦ
2401 2420 2714 2491 πεπρᾶχθαι
2754 2418 3031 2487 δώσομενς

2202 2514 2259 2565 Β.
2324 2512 2691 2579 Ἀναγκαίως·
2746 2513 3095 2581 μεμνήσομαι
3144 2509 3255 2579 γὰρ
3306 2509 3560 2562 Ἰωάννου
3617 2512 3705 2561 λέ-

2130 2622 2348 2673 γοντος·
2395 2623 2414 2655 1
2461 2604 2521 2656 '0
2565 2603 2623 2655 6t
2655 2603 2829 2655 ὀπίσω
2861 2619 2965 2672 μου
3014 2601 3322 2672 ἐρχόμενος,
3358 2601 3709 2672 ἰσχυρότερός

2133 2694 2233 2765 μού
2268 2696 2432 2753 ἐστιν,
2466 2688 2525 2748 οὗ
2550 2695 2651 2746 οὐκ
2679 2693 2797 2762 εἰμὶ
2833 2692 3015 2756 ἱκανὸς
3042 2693 3110 2746 τὰ
3134 2691 3456 2762 ὑποδήματα
3501 2691 3708 2761 βαστὰο

2132 2805 2253 2841 σαι’
2296 2788 2502 2850 ἐκεῖνος
2534 2787 2676 2857 ὑμᾶς
2717 2785 2966 2838 ϐαπτίσει
3012 2787 3070 2837 tv
3113 2783 3392 2856 Πνεύματι
3431 2784 3579 2855 ἁγίῳ
3618 2785 3711 2837 καὶ

2129 2880 2284 2952 πυρί.
2329 2898 2346 2929 1

2199 2973 2264 3026 Α.
2282 2967 2406 3041 'Ap"
2436 2965 2550 3032 οῦν,
2567 2963 2612 3022 ὦ
2638 2970 2954 3039 ἐταῖρε,τῆς
2983 2967 3102 3022 καθ’
3125 2968 3269 3038 ἡμᾶς
3288 2966 3709 3040 ἅνθρωπύτητος

2130 3062 2289 3133 ἔργον
2329 3056 2466 3112 εἶναι
2507 3056 2718 3128 φῶμεν,
2753 3058 2815 3110 τὸ
2848 3058 2906 3109 ἐν
2946 3055 3222 3127 Πνεύματι
3251 3056 3395 3126 ἁγίῳ
3423 3055 3711 3125 βαπτίζειν

2132 3151 2391 3208 δύνασθαι
2422 3152 2515 3204 καὶ
2562 3150 2695 3220 πυρί
2714 3168 2728 3215 ;

2204 3244 2263 3296 Β.
2304 3243 2416 3297 Καὶ
2447 3241 2562 3305 πῶς
2589 3241 2654 3294 ἂν
2692 3241 2777 3311 είη
2816 3240 2971 3294 τοῦτό
3004 3257 3106 3309 γε;

2202 3338 2268 3389 Δ.
2309 3337 2419 3390 Καὶ
2448 3335 2553 3407 μὴν
2579 3335 2745 3405 ἄνδρα
2772 3334 2964 3401 λέγων,
3005 3333 3094 3386 τὸν
3125 3336 3248 3387 ὅσον
3303 3333 3520 3386 οὐδέπω
3578 3348 3714 3401 παρ-

2134 3428 2388 3499 εσόμενόν
2429 3445 2487 3480 τε
2510 3429 2602 3481 καὶ
2646 3426 3035 3498 ὀφθησόμενον,
3068 3426 3228 3479 αὑτὸν
3274 3425 3377 3495 ἔφη
3425 3425 3711 3494 βαπτίζειν

2133 3525 2191 3574 ἐν
2243 3522 2375 3592 πυρὶ
2428 3521 2522 3575 καὶ
2561 3520 2700 3590 ἁγίῳ
2749 3518 3046 3588 Πνεύματι,
3093 3517 3215 3572 οὕτε
3258 3518 3545 3590 ἀλλότριον
3596 3519 3713 3577 τοῖς

2130 3613 2553 3685 βαπτιζομένους
2611 3613 2821 3665 ἐνιέντα
2875 3610 3100 3681 Πνεῦμα
3152 3609 3539 3681 δουλοπρεπῶς
3616 3609 3719 3662 καὶ

2134 3703 2503 3776 ύπουργικῶς,
2534 3704 2647 3758 ἀλλ’
2674 3703 2748 3768 ὼς
2786 3703 2919 3756 Θεὸν
2949 3702 3087 3756 κατὰ
3119 3701 3277 3771 φύσιν
3312 3703 3432 3771 μετ’
3456 3703 3713 3768 ἐξουσίας

2132 3795 2232 3865 τῆς
2258 3794 2537 3858 ἀνωτάτω,
2569 3795 2629 3848 τὸ
2663 3794 2720 3861 ἐξ
2758 3795 2923 3849 αὑτοῦ
2954 3812 3012 3848 τε
3054 3796 3146 3848 καὶ
3175 3793 3304 3847 ἴδιον
3335 3792 3527 3857 αὑτοῦ,
3552 3793 3625 3845 δι’
3653 3789 3717 3855 οὗ

2133 3888 2228 3940 καὶ
2262 3889 2291 3940 6
2325 3886 2467 3949 θεῖος
2506 3888 2636 3956 ἡμῖν
2679 3886 3062 3957 ἐνσημαίνεται
3090 3886 3395 3956 χαρακτήρ.
3443 3885 3714 3955 Ἀναμορ-

2135 3977 2383 4049 φούμεθα
2411 3977 2519 4049 γὰρ
2553 3978 2629 4041 ὡς
2672 3981 2752 4041 είς
2783 3978 2966 4032 είκόνα
3010 3977 3108 4050 τὴν
3146 3978 3313 4040 θείαν,
3356 3980 3435 4040 είς
3474 3978 3713 4047 Χριστὸν

2146 4070 2373 4141 Ἰησοῦν,
2398 4072 2457 4123 ού
2485 4070 2796 4139 σωματικὸν
2837 4070 3197 4141 ὑπομένοντες
3238 4070 3327 4123 τὸν
3348 4068 3712 4138 ἀναπλασμδν

2137 4161 2353 4233 (κομιδῇ
2382 4162 2491 4231 γὰρ
2514 4160 2707 4232 εὔηθες
2743 4161 2949 4215 οἴεσθαι
2984 4161 3286 4231 τουτὶ),διὰ
3317 4162 3375 4214 δὲ
3404 4161 3502 4214 τοῦ
3540 4178 3721 4231 μετα-ν

2134 4253 2318 4325 λαχεῖν
2344 4253 2499 4321 ἁγίου
2526 4254 2862 4325 Πνεύματος,
2892 4254 3054 4308 αὐτὸν
3083 4255 3141 4307 tv
3170 4255 3380 4317 ἑαυτοῖς
3408 4253 3714 4307 πλουτοῦν-

2133 4364 2223 4410 τες
2278 4346 2545 4417 Χριστὸν,
2600 4345 2676 4410 ὡς
2730 4346 2833 4417 ήδη
2892 4346 3179 4418 χαίροντας
3235 4348 3409 4398 ἐκεῖνο
3475 4350 3709 4416 φωνεῖν·

2142 4461 2159 4491 ι
2217 4438 2587 4507 Ἀγαλλιάσθω
2628 4439 2661 4507 ἡ
2688 4437 2833 4508 ψυχή
2876 4455 2976 4507 μου
3007 4438 3100 4491 ἐπὶ
3127 4437 3203 4507 τῷ
3246 4438 3458 4507 Κυρίῳ·
3497 4438 3711 4490 ἐνέδυσε

464 4539 591 4604 quia
630 4536 803 4589 induit
844 4547 930 4587 me
977 4529 1318 4586 vestimentis
1363 4530 1575 4594 salutis,
1622 4539 1677 4583 et
1716 4530 2029 4584 indumento

2139 4534 2245 4604 γάρ
2276 4550 2342 4603 με
2379 4532 2593 4602 ἱμάτιον
2619 4532 2909 4601 σωτηρίου,
2941 4532 3037 4585 καὶ
3066 4530 3265 4603 χιτῶνα
3288 4530 3660 4602 εὐφροσύνης.
3692 4550 3708 4580 1

460 4626 681 4695 iustitiae
708 4622 1064 4679 circumdedit
1091 4636 1178 4675 me
1204 4621 1242 4675 ί.
1282 4639 1300 4672 1
1325 4620 1603 4687 Quotquot
1630 4620 1771 4674 enim
1800 4620 1850 4673 in
1874 4618 2028 4674 Chri-

466 4729 609 4772 stum
636 4716 888 4786 baptizati
917 4713 1072 4780 estis,
1102 4712 1379 4767 Christum
1409 4711 1657 4765 induistis
1688 4712 1730 4764 ’.

536 4811 596 4867 Β.
623 4810 678 4864 111
715 4809 984 4864 hominem
1012 4822 1140 4876 ergo
1186 4805 1444 4876 baptizati
1471 4820 1656 4859 sumtis
1676 4844 1689 4869 ,
1730 4805 1891 4874 idque
1940 4820 2030 4859 vero

464 4920 579 4958 rum
616 4916 736 4954 esse
766 4897 1051 4954 dicemus?

532 4994 597 5050 A.
633 4993 777 5047 Bona
834 4992 1035 5057 verba,
1098 4990 1295 5051 amice.
1342 4988 1479 5055 Quid
1525 4988 1683 5059 agis?
1741 4989 2031 5043 Trausfers

462 5086 606 5140 enim
638 5093 876 5140 nostram
919 5098 1067 5152 spem
1096 5082 1149 5136 in
1193 5092 1415 5137 terram.
1458 5079 1725 5150 Baptizati
1766 5081 2030 5150 siquidem

462 5192 669 5240 sumus,
703 5191 809 5230 nou
843 5174 894 5229 in
930 5173 1203 5230 hominem
1251 5172 1589 5243 simpliciter,
1631 5174 1725 5227 sed
1764 5173 1816 5227 in
1864 5173 2030 5228 Deum

467 5271 843 5326 incarnatum.
900 5275 956 5321 et
1001 5267 1364 5319 remittentem
1418 5280 1629 5333 poenam
1686 5276 2031 5334 veteremque

464 5357 679 5425 culpam
708 5356 774 5409 iis
802 5356 892 5425 qui
934 5356 986 5415 in
1016 5356 1188 5424 ipsum
1222 5354 1586 5409 crediderunt.
1628 5354 1779 5410 Unde
1809 5365 1861 5408 et
1895 5355 2031 5407 divi-

414 5450 417 5451 ⁷
466 5463 567 5503 nus
593 5447 683 5501 ille
713 5445 905 5507 Petrus
930 5444 1145 5500 Judaeos
1171 5445 1452 5515 alloquens
1480 5444 1657 5498 dixit:
1697 5463 1714 5495 ι
1754 5443 2031 5496 Pmuiteu-

467 5540 600 5594 tiam
645 5540 809 5609 agite,
850 5548 906 5592 et
941 5538 1243 5606 baptiZetur
1273 5537 1645 5605 unusquisque
1682 5544 1921 5589 vestrum
1975 5535 2026 5587 in

469 5634 684 5686 nomine
724 5632 847 5687 Jesu
893 5631 1093 5687 Christi
1151 5633 1203 5687 in
1256 5631 1628 5687 remissionem
1685 5640 2025 5697 peccatorum

2140 4625 2293 4681 ’Ὀσοι
2340 4622 2448 4693 γὰρ
2496 4622 2854 4692 είςιΧριστὸν
2920 4621 3300 4691 ἐϐαπτίσθητε,
3348 4622 3596 4690 Χριστὸν
3644 4624 3714 4675 ἐν-

2136 4715 2423 4782 εδύσασθε,
2468 4716 2651 4785 φησίν.

2208 4810 2268 4864 Β.
2309 4804 2435 4879 'Ap‘
2489 4803 2583 4869 οὖν
2641 4808 2719 4867 εἰς
2773 4805 3058 4875 ἄνθρωπον
3112 4803 3568 4873 βεϐαπτίσμεθα,
3628 4804 3715 4858 καὶ

2137 4901 2291 4953 τοῦτο
2321 4895 2459 4953 εἶναι
2486 4900 2729 4968 φήσομεν
2765 4896 2996 4967 ἀληθές;

2204 4993 2269 5042 Α.
2311 4989 2581 5058 Εὐφήμει,
2616 4986 2888 5055 ἄνθρωπε.
2928 4985 2995 5038 Τί
3026 4984 3176 5055 δρᾷς,
3202 4978 3248 5037 ὧ
3288 4978 3482 5049 οὗτοςς
3531 4986 3711 5039 K323-

2135 5078 2381 5149 κομίζεις
2422 5077 2578 5147 ἡμῶν
2630 5076 2709 5139 είς
2753 5078 2853 5145 γῆν
2898 5074 2995 5145 τὴν
3038 5073 3245 5127 ἐλπίδα.
3284 5072 3710 5141 Βεϐαπτίσμεθα

2135 5172 2244 5243 γὰρ
2274 5171 2372 5223 οὐκ
2395 5172 2474 5231 είς
2501 5168 2787 5239 ἄνθρωπον
2815 5165 3021 5232 ἁπλῶς,
3043 5166 3157 5220 ἀλλ’
3180 5168 3261 5227 εἰς
3285 5164 3421 5217 Θεὸν
3448 5165 3711 5235 ὲνηνθρω

2134 5260 2369 5330 πηκότα,
2400 5258 2493 5311 καὶ
2522 5258 2742 5310 ἀνιέντα
2770 5257 2959 5327 ποινῆς
2998 5257 3093 5311 καὶ
3132 5254 3243 5307 τῶν
3269 5254 3523 5325 ἀρχαίων
3547 5256 3707 5307 αἰτια-

2137 5353 2322 5422 μάτων
2380 5352 2507 5413 τοὺς
2545 5350 2644 5421 τὴν
2687 5351 2767 5413 εἰς
2810 5348 2969 5402 αὑτὸν
3011 5347 3192 5401 πίστιν
3238 5345 3705 5416 εἰσδεδεγμὲνους.

2132 5443 2244 5495 Καὶ
2286 5440 2416 5511 γοῦν
2463 5443 2490 5492 6
2530 5440 2813 5502 θεσπέσιος
2850 5439 3050 5509 Πέτρος
3088 5437 3365 5499 Ἰουδαίοις
3408 5436 3522 5508 ἔφη
3558 5452 3705 5507 1:903-

2133 5539 2309 5592 λαλῶν
2329 5556 2341 5569 ·
2381 5559 2398 5590 ι
2434 5538 2817 5607 Μετανοήσατε
2845 5530 2955 5595 οὖν,
2989 5534 3079 5586 καὶ
3104 5530 3464 5601 βαπτισθήτω
3485 5531 3707 5590 ἕκαστος

2134 5631 2289 5701 ὑμῶν
2330 5631 2421 5683 ἐπὶ
2465 5628 2543 5699 τῷ
2580 5629 2804 5698 ὀνόματι
2846 5626 3015 5696 Ἰησοῦ
3062 5622 3319 5694 Χριστοῦ,
3370 5623 3456 5687 είς
3520 5622 3704 5690 ἄφεσιν

542 5813 586 5846 ⁸⁷
614 5812 798 5868 Matth.
837 5829 966 5877 χιιι,
1136 5817 1181 5848 ³⁸
1206 5812 1224 5868 ι
1252 5812 1402 5867 Joan.
1441 5831 1492 5877 γ,
1529 5815 1577 5876 9,
1623 5814 1704 5867 10.
1781 5811 2029 5871 "Matth.

2141 5852 2156 5873 ,
2188 5813 2271 5867 ll.
2353 5808 2493 5865 'lsa.
2520 5825 2629 5873 ut,
2672 5807 2756 5861 lO.
2834 5804 3049 5859 'Galat.
3087 5818 3169 5871 111,
3191 5804 3278 5857 Ἦ.
