3846 6210
250 352 380 405 ιειιι

1323 341 1413 395 υΕ
1451 341 1789 394 L‘LAHNA'I
1802 341 1959 392 10M.
1988 341 2367 395 .UNGLM'I‘I.

3340 348 3476 400 12ὸῖ

244 470 356 522 τῶν
399 465 681 537 ἁμαρτιῶν
724 462 898 535 ὑμῶν,
947 464 1039 515 καὶ
1069 457 1304 530 λήψεσθε
1346 457 1446 528 τὴν
1472 455 1678 528 δωρεὰν
1716 472 1805 508 του

1919 464 2263 522 vestrorum,
2283 466 2337 511 et
2372 456 2651 526 accipietis
2678 458 2875 513 donum
2917 458 3154 528 Spiritus
3179 461 3349 513 sancti
3378 460 3419 515 ³.
3451 481 3470 512 ι

246 558 403 625 ἁγίου
453 555 785 627 Πνεῦματος.
845 574 863 607 ι
922 549 1203 605 -Ἀπολύων
1250 548 1358 620 γὰρ
1384 546 1677 619 ⁴ἁμαρτίαις
1719 546 1809 599 τὸν

246 648 395 719 αὐτῷ
430 647 842 717 προσκείμενον,
885 644 964 713 τῷ
994 643 1104 713 ἰδίῳ
1132 641 1316 694 λοιπον
1345 639 1624 709 καταχρίει
1648 637 1809 691 Πνεῦ-

248 758 399 811 ματι,
435 740 572 809 ὅπερ
616 738 794 808 ἐνίησι
839 738 937 807 μὲν
978 735 1159 800 αὐτὸς,
1202 733 1277 797 ὡς
1320 734 1393 785 ἐκ
1418 730 1555 784 Θεοῦ
1600 729 1808 801 Πατρὸς

244 831 439 898 Λόγος,
468 830 561 883 καὶ
585 829 643 896 ἐξ
672 828 808 891 ἰδίας
835 829 965 899 ἡμῖν
1001 825 1339 895 ἁναπηγάζει
1367 822 1599 892 φύσεως·
1629 821 1807 874 κοινὸν

246 921 307 974 δὲ
341 919 532 991 ὥσπερ
564 920 627 973 τὸ
650 919 837 990 χρῆμα
874 918 1044 981 τιθεὶς
1087 919 1153 987 τῇ
1197 915 1333 985 μετὰ
1374 912 1571 985 σαρκὸς
1602 914 1806 966 οἰκονο-

251 1009 351 1081 μίᾳ
391 1010 479 1063 διὰ
505 1010 606 1081 τὴν
650 1010 862 1072 ἕνωσιν,
892 1008 988 1061 καὶ
1030 1009 1107 1070 ὡς
1134 1006 1418 1075 ἄνθρωπος
1457 1004 1668 1057 ἐνέπνει
1710 1020 1810 1055 σω-

250 1100 512 1171 ματικῶς.
574 1099 904 1170 Ἐνεφύσησε
930 1097 1037 1170 γάρ
1070 1099 1183 1160 τοῖς
1229 1094 1579 1158 ἀποστόλοις,
1616 1091 1806 1145 εἰπών’

249 1209 270 1242 ι
292 1190 495 1243 Λάϐετε
531 1190 753 1260 Πνεῦμα
780 1190 933 1257 ἅγιον
953 1206 967 1221 ο
1005 1208 1023 1241 ι
1056 1190 1149 1242 καὶ
1172 1188 1270 1240 οὐκ
1295 1187 1363 1239 ἐκ
1397 1185 1597 1256 μέτρου
1626 1183 1808 1236 δίδωσι

241 1278 311 1331 τὸ
343 1277 589 1347 Πνεῦμα,
630 1278 772 1332 κατὰ
809 1278 909 1347 τὴν
955 1278 1202 1331 Ἰωάννου
1242 1274 1448 1345 φωνὴν,
1496 1273 1612 1327 ἀλλ’
1650 1272 1810 1334 αὐτὸς

242 1370 449 1440 ἐνίησιν
490 1368 550 1435 ἐξ
598 1367 810 1430 ἑαυτοῦ,
856 1366 1107 1437 καθάπερ
1154 1366 1349 1436 ἀμέλει
1390 1364 1488 1419 καὶ
1529 1366 1557 1417 ὁ
1596 1363 1803 1431 Πατήρ.

244 1459 356 1513 Καὶ
379 1458 514 1528 γοῦν
545 1460 575 1511 ό
600 1458 881 1522 θεσπέσιος
923 1458 1155 1523 Παῦλος,
1179 1458 1490 1527 ἀποστήσας
1521 1456 1622 1526 τὴν
1650 1455 1705 1507 ἐν
1746 1470 1808 1521 γε

242 1550 415 1622 τούτῳ
440 1551 724 1623 διαφορὰν,
753 1553 884 1606 ποτέ
921 1551 1019 1621 μὲν
1052 1550 1201 1622 αὑτῷ
1233 1550 1313 1621 τῷ
1356 1548 1473 1619 Θεῷ
1498 1550 1591 1602 καὶ
1634 1548 1809 1618 Πατρὶ

244 1644 564 1715 προσνέμων
585 1646 799 1716 ὁρᾶται,
829 1645 961 1699 ποτέ
990 1644 1047 1698 δὲ
1092 1640 1161 1699 αὖ
1200 1643 1278 1714 τῷ
1304 1644 1437 1714 Υίῷ.
1472 1643 1676 1713 Γράφει
1700 1641 1806 1711 γὰρ

242 1731 343 1790 ὧδε
366 1754 381 1767 ο
416 1754 435 1788 ι
485 1736 676 1809 Ὑμεῖς
706 1737 762 1790 δὲ
803 1737 905 1791 οὐκ
941 1736 1064 1790 ἐστὲ
1104 1739 1162 1789 ἐν
1193 1737 1378 1808 σαρκὶ,
1416 1735 1533 1787 ἀλλ’
1560 1737 1618 1787 ἐν
1647 1734 1809 1787 πνεύ-

1915 547 2223 603 Dissolvens
2283 550 2427 603 enim
2480 559 2700 618 peccata
2757 551 2877 619 ejus
2920 551 3012 620 qui
3068 550 3165 619 ipsi
3217 550 3475 617 ωηιξη-ει,

1912 640 2131 709 proprio
2156 656 2256 694 suo
2286 641 2489 708 Spiritu
2517 640 2749 711 innugit,
2778 658 2938 712 quem
2986 643 3201 710 quidem
3238 632 3477 697 immittit

1912 729 2048 797 ipse,
2081 740 2139 783 ut
2167 729 2399 785 Verbum
2435 745 2498 784 ex
2543 730 2654 784 Deo
2701 731 2879 796 Patre,
2929 742 3091 786 etvex
3138 732 3359 801 prapria.
3380 746 3476 786 sua

1914 832 2104 875 natura
2152 823 2203 875 in
2247 838 2343 876 nos
2374 822 2722 878 transfundit.
2756 822 3109 878 Communem
3166 839 3313 878 vero.
3346 840 3478 892 quo-

1913 907 2199 963 dammodo
2220 910 2359 964 hanc
2389 926 2502 965 rem
2535 911 2737 965 faciens
2765 928 2885 966 eum
2923 912 3392 966 administratione
3423 913 3475 965 in

1912 1012 2076 1052 carne
2114 1008 2330 1066 propter
2360 1000 2647 1066 unitatem,
2681 1002 2846 1057 etiam
2879 1011 2937 1056 ut
2981 1004 3142 1056 homo
3190 1003 3479 1072 inspiravit

1909 1090 2280 1157 corporaliter.
2331 1091 2606 1160 lnspiravit
2690 1094 2832 1148 enim
2898 1092 3201 1162 apostolis,
3257 1095 3475 1146 dicens:

1917 1199 1937 1233 ι
1988 1182 2231 1251 Accipite
2272 1181 2537 1251 Spiritum
2581 1194 2834 1238 sanctum
2866 1184 2908 1237 ⁸.
2950 1204 2975 1236 ι
3003 1182 3187 1253 Neque
3225 1200 3295 1238 ex
3331 1200 3478 1237 men-

1910 1290 2035 1329 sura
2064 1275 2158 1329 dat
2187 1274 2474 1344 Spiritum,
2508 1285 2566 1329 ut
2602 1277 2778 1346 inquit
2804 1275 3061 1339 Joannes,
3091 1277 3183 1331 sed
3218 1276 3329 1344 ipse
3354 1289 3481 1328 eum

1910 1366 2155 1422 immittit
2182 1383 2248 1422 ex
2280 1370 2483 1436 seipso,
2518 1369 2656 1423 sicut
2688 1379 2745 1424 et
2782 1369 2963 1423 Pater.
3006 1369 3210 1424 Idcirco
3238 1379 3293 1422 et
3339 1371 3479 1423 divi.

1913 1474 2015 1514 nus
2066 1458 2261 1513 Paulus
2306 1460 2497 1514 tollens
2524 1475 2739 1515 omnem
2787 1460 2886 1514 hac
2921 1461 2973 1514 in
3009 1476 3067 1515 re
3099 1459 3476 1525 dillerentiam,

1913 1550 2179 1603 interdum
2206 1550 2308 1619 ipsi
2340 1551 2447 1604 Deo
2474 1564 2537 1603 ac
2570 1549 2719 1603 Patri
2749 1549 2800 1604 id
2844 1550 3079 1605 tribuere
3110 1550 3370 1614 cernitur,
3397 1550 3479 1602 iu-

1914 1646 2123 1698 terdum
2150 1654 2353 1709 autem,
2381 1643 2540 1699 Filio.
2570 1642 2648 1697 Ita
2674 1643 2818 1697 enim
2847 1643 3035 1698 scribit
3060 1661 3075 1698 :
3112 1662 3131 1695 ι
3168 1640 3274 1697 Vos
3297 1653 3476 1695 autem

1914 1752 2019 1792 non
2043 1738 2176 1792 estis
2196 1736 2249 1791 in
2276 1752 2459 1801 carne,
2488 1736 2580 1791 sed
2607 1736 2660 1789 in
2694 1734 2921 1804 spiritu,
2953 1734 3214 1803 siquidem
3246 1733 3487 1801 Spiritus

246 1845 397 1897 ματι,
428 1827 588 1899 εἴπερ
613 1828 837 1899 πνεῦμα-
860 1827 995 1881 Θεοῦ
1042 1829 1182 1880 οἰκεῖ
1224 1829 1283 1880 ἐν
1329 1827 1490 1895 ὑμῖν·
1534 1827 1584 1878 εί
1625 1824 1683 1880 δέ
1722 1843 1805 1889 τις

1919 1829 2017 1883 Dei
2048 1827 2258 1882 habitat
2287 1828 2339 1881 in
2388 1828 2561 1883 vobis.
2595 1827 2651 1881 Si
2683 1841 2811 1881 vero
2835 1826 2956 1896 quis
3000 1823 3257 1894 Spiritum
3279 1822 3487 1877 Christi

244 1916 465 1987 Πνεῦμα
493 1917 729 1989 Χριστοῦ
751 1918 857 1971 οὐκ
881 1917 1016 1987 ἔχει,
1040 1910 1196 1981 οὗτος
1218 1918 1317 1970 οὐκ
1345 1916 1489 1969 εστιν
1516 1914 1700 1970 αὑτοῦ.
1742 1916 1805 1970 Εἰ

238 2007 296 2060 δὲ
332 2009 581 2079 Χριστὸς
608 2010 666 2062 ἐν
705 2010 851 2078 ὑμῖν,
894 2010 956 2062 τὸ
1003 2009 1103 2078 μὲν
1134 2007 1309 2079 σῶμα
1351 2008 1544 2077 νεκρὸν
1581 2006 1670 2061 διὰ
1706 2007 1806 2077 τὴν

240 2100 534 2170 ἁμαρτίαν,
564 2101 624 2153 τὺ
646 2101 705 2154 δέ
733 2100 979 2170 Πνεῦμα,
1017 2100 1131 2170 ζωὴ
1155 2100 1246 2153 διὰ
1275 2100 1639 2169 δικαιοσύνην.
1676 2117 1695 2150 ι

309 2189 368 2242 Β.
413 2190 650 2260 Ἀραρεν
688 2185 817 2256 οῦν,
867 2190 949 2244 ὅτι
990 2188 1125 2243 ῐδιόν
1168 2190 1285 2241 ἐστι
1336 2187 1397 2241 τὸ
1446 2186 1669 2257 Πνεῦμα
1710 2185 1804 2239 τοῦ

238 2279 392 2337 Υίοῦ.
416 2280 509 2332 καὶ
552 2278 669 2333 οῦτι
703 2297 807 2333 που
835 2281 1014 2350 μόνον,
1047 2274 1279 2353 ᾖΛόγος
1312 2280 1429 2333 ἐστί
1455 2276 1709 2348 πεφηνὼς
1741 2279 1805 2331 ἐκ

239 2368 472 2436 Πατρὸς,
503 2368 636 2423 ἀλλά
661 2371 753 2424 καὶ
828 2373 1003 2423 νοοῖτο
1029 2369 1154 2423 καθ’
1177 2371 1323 2440 ἡμᾶς
1344 2368 1632 2439 ἄνθρωπος
1661 2368 1807 2437 γενό-

241 2478 418 2531 μενος.

308 2553 372 2605 Α.
416 2553 572 2606 Ἴδιον
595 2554 670 2617 ὡς
695 2555 760 2607 ἐκ
788 2553 1019 2627 Πατρὸς,
1038 2554 1096 2607 ἐν
1115 2553 1386 2624 ὁμοουσίῳ
1409 2554 1706 2623 γεννήματι
1730 2552 1804 2623 τῷ

237 2644 497 2712 ἐξ·αὑτοῦ
524 2645 679 2714 φύντι
710 2646 887 2717 Λόγῳ,
917 2648 1013 2700 καὶ
1045 2648 1094 2699 εί
1120 2645 1330 2714 λέγοιτο
1362 2645 1566 2709 λαϐεῖν,
1597 2646 1686 2699 ὅτε
1714 2644 1805 2713 γέ-

236 2752 392 2801 γονεν
414 2735 710 2807 ἄνθρωπος
739 2739 768 2790 ὁ
789 2737 897 2791 τῶν
917 2737 1019 2807 τῆς
1043 2737 1296 2807 θεότητος
1337 2738 1640 2809 ἰδιωμάτων
1658 2737 1732 2802 ὡς
1750 2740 1805 2791 ἐν

243 2824 349 2897 ἰδίᾳ
388 2825 546 2893 φύσει
577 2825 904 2897 τητώμενος.
939 2827 1051 2879 Καὶ
1087 2826 1219 2895 γοῦν
1264 2826 1427 2890 αὐτὸς
1472 2826 1733 2897 ὑπάρχων
1770 2828 1802 2897 ἡ

240 2917 457 2971 πάντων
479 2916 611 2989 ζωὴ,
630 2918 719 2972 διὰ
748 2919 849 2990 τὴν
873 2921 937 2972 ἐκ
959 2918 1158 2984 ζῶντος
1186 2919 1397 2990 Πατρδς
1426 2918 1663 2991 ἄρρητον
1691 2920 1807 2988 γέν-

239 3026 410 3081 νησιν,
440 3010 825 3076 ζωοποιεῖσθαι-
847 3011 1064 3081 λέγεται
1098 2995 1216 3083 μεθ’
1246 3011 1423 3082 ἡμῶν.
1458 3012 1619 3083 Πάρα
1642 3011 1686 3064 δ’
1712 3007 1805 3066 οὖν

238 3102 386 3172 ὅμως
426 3102 573 3169 ἰδεῖν,
606 3102 959 3174 χαριζόμενον
992 3104 1088 3174 μὲν
1114 3104 1181 3175 τῇ
1237 3103 1341 3175 ίδίᾳ
1374 3104 1534 3177 σαρκὶ
1562 3104 1659 3174 τῆς
1691 3104 1807 3156 θεο-

240 3192 480 3263 πρεποῦς
510 3193 789 3262 ἐνεργείας
820 3194 919 3265 τὴν
946 3194 1123 3260 δόξαν,
1149 3194 1523 3264 οἰκειούμενον
1551 3194 1609 3247 δὲ
1645 3188 1711 3248 αὖ
1737 3196 1807 3247 τὰ

240 3282 461 3352 σαρκὸς,
489 3283 582 3335 καὶ
607 3282 771 3335 οἱονεί
798 3300 914 3347 πως
941 3284 1065 3337 καθ’
1099 3284 1290 3339 ἕνωσιν
1319 3284 1687 3355 οἰκονομικὴν,
1713 3284 1806 3338 καὶ⁸

238 3374 307 3444 τῇ
341 3373 449 3444 ἰδία
470 3372 815 3445 περιτιθέντα
850 3373 1029 3443 φύσει.

311 3549 371 3603 Β.
412 3549 547 3602 Τίνα
575 3549 681 3620 φὴς
708 3548 940 3620 τρόπον;

310 3645 374 3696 Α.
413 3638 492 3695 Ἷι
521 3642 642 3713 οὐχ).
670 3642 734 3713 δὴ
771 3641 1006 3711 μάλιστα
1037 3638 1270 3711 πρέπειν
1308 3640 1453 3711 ἐρεῖς
1491 3640 1571 3711 τῷ
1601 3658 1663 3710 γε
1696 3642 1809 3695 ὄντι

243 3736 381 3789 κατὰ
414 3733 574 3803 φύσιν
606 3734 670 3786 ἐκ
694 3732 830 3786 Θεοῦ
863 3732 1075 3804 Πατρὸς
1123 3731 1300 3803 Λόγῳ,
1330 3731 1389 3786 τὸ
1420 3731 1626 3787 ἄνωθεν
1654 3733 1810 3804 ἥκειν

242 3829 333 3883 καὶ
367 3826 425 3892 ἐξ
464 3822 722 3897 οὐρανοῦ,
757 3825 854 3877 καὶ
888 3823 949 3877 τὸ
988 3824 1270 3893 ζωογονεῖν
1318 3821 1575 3879 δύνασθαι
1604 3824 1703 3890 τὰ,
1730 3820 1811 3888 οἷς

245 3921 309 3973 ἂν
347 3920 549 3973 ἐνιέναι
582 3916 822 3987 βούλοιτο
850 3914 949 3985 τὴν
982 3914 1163 3984 ζωήνς

315 4012 374 4065 Β.
413 4009 580 4080 Φημί.
1122 4078 1125 4083 Ι

242 4126 245 4129 ·
313 4105 377 4156 Α.
419 4103 484 4155 Τί
507 4102 598 4167 δέ;
633 4101 693 4155 τὸ
717 4099 1093 4172 δημιουργεῖν,
1125 4096 1245 4150 εἰπέ
1272 4112 1381 4169 μοι,
1409 4094 1628 4161 θεῖκῶς,
1664 4097 1811 4171 δοίης

243 4195 307 4262 ay
344 4193 483 4249 εἷναί
520 4211 572 4248 τι
596 4193 706 4247 τῶν
748 4192 1137 4265 ἀνθρωπίνων;

312 4286 373 4343 Β.
414 4287 526 4340 Οὐκ
563 4286 757 4356 ἔγωγε.

308 4381 373 4431 Δ.
414 4378 479 4431 Τί
521 4377 698 4431 τοίνυν
749 4379 894 4449 ἡμᾶς
937 4378 1193 4444 ζωοποιεῖ
1222 4382 1349 4453 μένῖ
1378 4384 1456 4448 ὼς
1482 4381 1636 4445 Θεὸς,
1672 4377 1810 4450 πλὴν

1914 1934 2018 1974 non
2057 1920 2237 1983 habet,
2258 1919 2345 1973 hic
2372 1934 2476 1973 non
2514 1928 2596 1973 est
2617 1918 2806 1988 ipsius.
2833 1916 2891 1970 Si
2918 1924 3095 1970 autem
3124 1912 3372 1968 Christus
3396 1923 3481 1967 est

1916 2012 1967 2065 iu
2001 2012 2172 2077 vobis,
2200 2026 2400 2079 corpus
2430 2011 2648 2079 quidem
2691 2018 2959 2062 mortuum
2988 2017 3073 2061 est
3107 2014 3327 2076 propter
3354 2020 3481 2072 pec-

1915 2116 2124 2168 catum,
2154 2103 2379 2172 spiritus
2401 2117 2529 2156 vero
2555 2101 2663 2155 vita
2686 2110 2906 2170 propter
2923 2096 3363 2169 justilicationem
3382 2095 3425 2149 ⁸,
3453 2113 3471 2143 ι

1984 2193 2048 2248 Β.
2079 2193 2317 2261 Spiritus
2352 2192 2531 2261 itaque
2579 2192 2739 2262 707
2776 2192 3023 2261 proprius
3058 2198 3140 2243 est
3184 2188 3328 2253 Filii,
3372 2203 3476 2241 non

1912 2287 2085 2341 solum
2123 2293 2389 2353 quatenus
2435 2290 2519 2336 est
2564 2279 2800 2335 Verbum
2845 2294 2911 2334 ex
2956 2277 3118 2332 Patre
3158 2277 3479 2346 procedens,

1912 2391 2098 2432 verum
2154 2376 2317 2430 etiam
2382 2382 2651 2442 quatenus
2700 2380 2783 2427 est
2844 2371 3005 2425 homo
3060 2368 3231 2423 nostri
3284 2368 3483 2424 similis

1908 2468 2086 2535 [actus

1980 2562 2047 2616 A.
2110 2559 2367 2628 Proprias
2406 2572 2623 2627 qutoem
2654 2564 2713 2610 ut
2736 2570 2799 2609 ex
2826 2554 2989 2609 Patre
3026 2555 3079 2608 in
3112 2553 3476 2608 consubstan-

1911 2654 2027 2708 tiali
2061 2651 2199 2707 Filio
2231 2667 2296 2707 ex
2355 2664 2477 2705 sese
2520 2650 2703 2719 genito
2758 2647 2957 2711 'Verbo,
2987 2645 3201 2700 tametsi
3262 2643 3477 2699 dicatur

1894 2759 2032 2800 eum
2088 2743 2336 2811 accipere
2369 2743 2583 2810 quando
2618 2741 2792 2794 factus
2846 2748 2931 2793 est
2975 2738 3158 2802 homo,
3227 2735 3315 2804 qui
3346 2749 3472 2805 pro-

1913 2836 2240 2905 prietatibus
2279 2834 2580 2888 divinitatis
2631 2833 2685 2886 in
2738 2846 2832 2886 sua
2867 2840 3056 2885 natura
3082 2836 3251 2882 caret.
3300 2829 3480 2895 Atque

1912 2927 2113 2981 idcirco
2156 2926 2272 2995 ipse
2314 2940 2435 2978 cum
2471 2924 2542 2978 sit
2596 2921 2837 2977 omnium
2883 2921 3012 2988 vita,
3048 2919 3172 2989 quia
3223 2916 3477 2973 inell'abili

1913 3019 2071 3071 modo
2123 3032 2189 3071 ex
2250 3017 2374 3070 vivo
2428 3013 2587 3068 Patre
2638 3012 2850 3084 genitus
2886 3021 2987 3074 est,
3048 3025 3152 3064 una
3200 3008 3478 3063 nobiscum

1911 3110 2211 3163 viviﬁcatus
2234 3122 2354 3162 esse
2396 3106 2612 3162 dicitur.
2660 3101 2855 3159 Videre
2910 3113 3088 3157 tamen
3136 3111 3251 3166 est,
3302 3103 3477 3170 ipsum

1913 3199 2062 3254 carni
2089 3214 2199 3253 sua:
2250 3198 2447 3251 divina:
2494 3196 2823 3265 Operationis
2854 3194 3080 3265 gloriam
3120 3192 3398 3255 tribuisse,
3425 3201 3480 3244 et

1913 3292 2149 3347 vicissim
2176 3290 2353 3345 carnis
2371 3290 2725 3358 proprietates
2754 3303 2849 3357 per
2887 3287 3144 3341 unitatem
3190 3284 3332 3339 illam
3360 3299 3481 3353 quae

1909 3398 1977 3439 ex
2029 3383 2404 3437 incarnatione
2456 3381 2597 3436 facta
2650 3389 2734 3435 est
2774 3380 2841 3435 ad
2889 3378 3161 3449 propriam
3202 3391 3354 3432 suam
3384 3390 3482 3429 na-

1911 3485 2085 3529 turam
2125 3474 2407 3528 ascivisse.
2462 3504 2469 3509 -

1979 3565 2040 3619 Β.
2070 3565 2187 3631 Quo
2207 3573 2364 3634 pacto
2385 3563 2465 3618 ais
2494 3564 2518 3616 ?

1980 3659 2046 3712 Α.
2085 3656 2276 3711 Nonne
2319 3656 2553 3711 maxime
2607 3653 2900 3708 convenire
2938 3650 3086 3705 dices
3120 3648 3295 3703 Verbo
3334 3649 3483 3718 quod

1910 3757 1996 3803 est
2024 3748 2321 3802 secundum
2347 3753 2594 3799 naturam
2622 3759 2686 3796 ex
2722 3744 2850 3806 Deo,
2897 3755 3131 3809 superne
3158 3751 3213 3794 et
3250 3755 3315 3793 ex
3342 3738 3489 3793 ctelo

1910 3844 2117 3905 venire,
2169 3848 2220 3892 ct
2270 3835 2546 3889 viviﬁcare
2609 3845 2764 3902 posse
2817 3847 2877 3885 ea
2935 3829 3131 3899 quibus
3168 3829 3334 3882 vitam
3383 3829 3453 3881 im

1912 3933 2127 3987 mittere
2171 3926 2399 3982 voluerit
2428 3925 2450 3979 ?

1981 4023 2044 4077 Β.
2077 4019 2330 4075 Omnino.

1982 4117 2045 4170 A.
2108 4112 2243 4178 Quid
2294 4106 2697 4166 vero?Creare
2753 4104 2936 4161 divino
2994 4120 3165 4171 more,
3209 4106 3484 4161 dixerisno

1911 4207 2073 4263 etiam
2098 4220 2163 4259 ex
2196 4204 2447 4258 humanis
2476 4201 2729 4273 operibus
2753 4212 2874 4253 esse
2902 4197 2926 4251 ?

1984 4298 2044 4352 Β.
2086 4298 2200 4367 Ego
2228 4306 2374 4352 certe
2408 4306 2768 4364 nequaquam.

1982 4388 2048 4444 A.
2083 4388 2221 4457 Quid
2268 4386 2455 4456 igitur,
2503 4383 2740 4439 viviﬁcat
2790 4382 3006 4451 quidem
3053 4398 3152 4438 nos
3196 4392 3253 4436 ut
3316 4383 3485 4445 Dens,

242 4470 302 4522 οὔ
361 4469 521 4540 μόνον
566 4468 669 4539 τῷν
695 4470 1016 4540 μεταλαχεῖν
1080 4472 1234 4539 ἁγίου
1294 4475 1643 4545 Πνεύματος,
1693 4470 1805 4525 ἀλλ’

1919 4494 2169 4539 ueterum
2218 4496 2321 4535 non
2374 4479 2483 4533 sola
2535 4475 2943 4546 participatione
2989 4474 3221 4545 Spiritus
3262 4474 3431 4529 sancti
3460 4490 3486 4537 ί

244 4560 462 4633 ἑδεστὴν
510 4560 778 4632 παραθεὶς
839 4563 933 4615 καὶ
988 4562 1086 4633 τὴν
1141 4564 1540 4634 ἀναληφθεῖσαν
1594 4566 1808 4637 σάρκας

251 4650 392 4721 Ἔφη
429 4649 558 4721 γὰρ,
592 4652 674 4704 ὅτι
726 4668 745 4702 ι
808 4650 997 4721 Ἀμὴν,
1034 4638 1190 4723 ἀμὴν
1233 4654 1376 4722 λέγω
1408 4656 1556 4725 ὑμῖν,
1592 4656 1685 4709 ἐάν
1731 4657 1811 4726 μὴ

245 4742 451 4813 φάγητε
473 4743 572 4813 τὴν
595 4742 772 4812 σάρκα
794 4742 889 4802 τοῦ
915 4742 1043 4797 Υἰοῦ
1068 4744 1162 4805 τοῦ
1187 4743 1502 4814 ἀνθρώπου,
1527 4746 1621 4798 καὶ
1645 4746 1806 4815 πίητε

243 4834 405 4893 αὐτοῦ
441 4836 502 4888 τδ
531 4830 691 4906 αἷμα,
723 4835 827 4895 οὒκ
848 4833 999 4905 ἔχετε
1034 4833 1177 4907 ζωὴν
1208 4835 1267 4888 ἐν
1296 4837 1524 4898 ἑαυτοῖς.
1565 4854 1584 4887 ι
1621 4838 1805 4891 Κατα-

244 4928 651 5002 κερτομούντων
680 4928 736 4981 δὲ
770 4929 931 4983 αὑτὸν
954 4929 1062 4982 τῶν
1106 4929 1374 4984 Ἰουδαίων
1407 4929 1557 4990 ποτὲ.
1586 4929 1679 4983 καὶ
1705 4928 1804 4999 τὴν

244 5022 337 5075 ἐπὶ
384 5024 503 5086 τοῖς,
546 5020 795 5090 ἀμείνοσι
822 5020 1000 5092 ψῆφον
1046 5020 1328 5085 ἀνάπτειν,
1372 5020 1474 5073 οὐκ
1497 5014 1595 5073 οἷδ’
1630 5021 1809 5086 ὅπως,

245 5111 737 5182 ἐπικεχειρηκότων
782 5110 862 5181 τῷ
894 5111 1151 5183 μακαρίῳ
1184 5113 1392 5179 Μωσεῖ,
1428 5111 1727 5183 εἰρηκότων
1756 5112 1819 5174 δὲ,

244 5202 571 5271 ἀναφανδόνιι
604 5219 629 5257 ι
668 5204 730 5256 Οἱ
774 5186 1006 5274 πατέρες
1034 5202 1190 5273 ἡμῶν
1218 5202 1418 5272 ἔφαγον
1446 5203 1507 5257 τὸ
1542 5205 1715 5274 μάννα
1750 5204 1808 5255 ὲν

245 5295 307 5363 τῇ
347 5293 561 5364 ἐρήμῳ,
599 5292 781 5357 καθώς
802 5296 916 5348 ἐστι
949 5294 1331 5367 γεγραμμένον
1351 5310 1364 5324 ο
1398 5296 1595 5365 ’Ἄρτον
1619 5296 1685 5348 ἐκ
1712 5293 1805 5347 τοῦ

243 5386 471 5456 οὐρανοῦ
505 5386 704 5440 ιδωκεν
730 5388 909 5453 αὐτοῖς
930 5390 1157 5459 φαγεῖνο
1188 5389 1239 5441 τί
1270 5391 1441 5451 ποιεῖς
1474 5388 1538 5440 σὺ
1561 5390 1803 5458 σημεῖον,

247 5479 331 5531 ἵνα
368 5478 745 5551 πιστεύσωμέν
796 5495 913 5545 σοι;
955 5480 1007 5533 τί
1058 5477 1288 5552 ἐργάζῃ,
1318 5479 1394 5543 ὠς
1427 5479 1629 5533 ἄνωθεν
1677 5482 1806 5550 ἡμῖν

247 5572 338 5625 καὶ
379 5572 438 5637 ἐξ
486 5573 714 5641 οὐρανοῦ
749 5573 1120 5643 κατακομίσας
1167 5573 1227 5624 τὸ
1279 5571 1471 5641 σῶμας
1528 5592 1547 5622 ι
1606 5571 1800 5642 φησίν·

315 5747 475 5803 'At‘t.
500 5761 557 5815 II,
587 5749 677 5804 38.
758 5749 774 5779 ⁸
796 5748 951 5804 Junii.
984 5764 1083 5816 xx,
1109 5750 1197 5804 99.
1270 5751 1470 5806 “lium.
1506 5768 1622 5815 vati,
1653 5754 1716 5818 9,,
1748 5752 1828 5807 l0.

1914 4580 2009 4632 sed
2061 4571 2452 4630 cumestibilem
2519 4568 2763 4639 praebens
2817 4568 2981 4623 etiam
3038 4582 3253 4621 carnem
3318 4582 3477 4634 quam

1912 4666 2223 4736 assumpsit.
2255 4664 2401 4718 Dixit
2463 4662 2605 4717 enim
2656 4661 2817 4729 ipse:
2856 4678 2874 4711 ι
2910 4660 3102 4723 Amen,
3154 4674 3308 4713 amen
3358 4658 3489 4711 dico

1911 4761 2087 4825 vobis,
2137 4756 2242 4812 nisi
2289 4752 2633 4811 comederitis
2684 4765 2902 4807 carnem
2955 4748 3076 4804 Filii
3114 4748 3368 4815 hominis,
3424 4758 3484 4802 et

1912 4849 2158 4906 biberitis
2186 4845 2302 4915 eius
2328 4845 2669 4914 sanguinem,
2733 4856 2839 4895 non
2892 4840 3159 4895 habebitis
3204 4840 3368 4893 vitam
3425 4839 3485 4893 in

1906 4941 2060 4994 vobis
2092 4937 2133 4992 ‘.
2172 4956 2191 4989 ι
2236 4936 2370 4991 Cum
2400 4950 2527 4989 vero
2558 4931 2726 4987 Judaai
2777 4947 2902 4985 eum
2952 4930 3209 4986 conviciis
3254 4929 3481 4983 lacesse-

1909 5041 2051 5096 rent,
2095 5039 2149 5085 et
2189 5028 2322 5083 Mosi
2382 5027 2639 5081 doctrinae
2698 5024 2986 5095 plurimum
3034 5022 3157 5091 ﬁdei
3183 5021 3482 5084 deferrent,

1909 5131 2199 5193 aperteque
2260 5118 2558 5173 clamarent
2604 5135 2617 5172 :
2693 5135 2713 5168 ι
2772 5113 2960 5169 Patres
3022 5114 3187 5168 nostri
3252 5114 3477 5167 inauda-

1913 5221 2171 5267 caverunt
2206 5225 2401 5263 manna
2455 5209 2507 5262 in
2566 5211 2800 5271 deserto,
2834 5208 2973 5261 sicut
3026 5206 3283 5275 scriptum
3335 5213 3417 5257 est
3456 5222 3477 5259 ι

1913 5300 2110 5355 Panem
2163 5300 2229 5353 de
2272 5301 2410 5354 caelo
2461 5297 2604 5353 dedit
2656 5298 2737 5351 eis
2778 5297 3106 5351 manducare
3155 5313 3168 5350 :
3208 5305 3264 5349 tu
3332 5296 3475 5365 quod

1911 5393 2121 5459 signum
2152 5390 2306 5453 facis,
2347 5399 2402 5442 ut
2429 5390 2712 5444 credamus
2746 5388 2888 5443 tibi?
2936 5388 3065 5457 quid
3118 5388 3380 5455 operaris,
3415 5396 3477 5441 ιιι

1910 5496 2143 5552 superne
2192 5479 2348 5534 nobis
2413 5488 2468 5533 et
2532 5493 2596 5532 ex
2648 5477 2785 5533 cmlo
2838 5476 3069 5533 aﬂ‘erens
3114 5492 3307 5547 corpus
3336 5475 3405 5528 7?
3448 5495 3478 5529 ι.

1915 5574 2189 5644 respondit
2222 5571 2419 5627 Jesus:
2460 5588 2479 5622 ι
2521 5571 2711 5634 Amen,
2761 5586 2916 5624 amen
2968 5572 3085 5626 dico
3142 5571 3329 5635 vobis;
3364 5583 3478 5623 non

1909 5753 1929 5783 °
1955 5750 2111 5811 luan.
2148 5768 2222 5819 γι,
2254 5752 2341 5808 54.
2437 5751 2456 5781 ⁷
2478 5750 2606 5805 ibid.
2636 5748 2726 5817 50,
2753 5748 2842 5805 31.
