3846 6210
425 348 561 408 [263

1446 341 1505 396 S.
1545 339 1818 397 CYRILLI
1856 340 2325 397 ALEXANDRINI
2363 341 2683 399 ARCIIIEP.

3557 347 3692 403 ΙΞΗ

420 464 569 519 dedit
623 461 774 515 vobis
820 459 1032 529 Moyses
1082 471 1278 525 panem
1316 471 1381 511 ex
1411 456 1552 511 caelo
1601 471 1811 511 verum.
1862 455 1994 511 Nam

2120 476 2123 507 :
2172 457 2364 529 Ἀμὴν,
2396 458 2544 531 ἀμὴν
2575 458 2719 528 λέγω
2757 460 2907 530 ὑμῖν,
2954 458 3015 512 ού
3047 459 3251 530 Μωσῆς
3277 458 3515 513 δέδωκεν
3561 462 3692 530 ὑμῖν

418 558 583 629 panis
610 557 700 611 Dei
743 566 828 611 est
854 554 944 623 qui
982 554 1046 607 de
1081 552 1220 607 coelo
1253 552 1553 615 descendit,
1590 562 1644 607 et
1696 554 1787 607 dat
1833 554 1997 607 vitam

422 651 624 705 mundo
653 648 696 701 ⁸.
736 665 754 699 ›
796 646 863 700 Ει
890 645 1049 714 paulo
1100 653 1219 714 post
1250 653 1459 698 tantum
1490 660 1593 697 non
1625 644 1817 713 digito,
1854 645 1996 715 quod

424 744 597 806 aiunt,
653 746 1091 794 commonstrans
1116 737 1351 804 seipsum
1404 737 1744 791 incarnatum
1770 755 1784 791 :
1814 755 1833 789 ι
1866 737 1999 806 Ego,

424 832 621 901 inquit,
651 844 769 885 sum
797 828 953 897 panis
978 828 1151 892 vivus,
1178 828 1267 897 qui
1318 828 1386 881 de
1441 827 1578 882 cmlo
1612 827 1885 881 descendi.
1940 825 1999 881 Si

420 926 545 992 quis
573 922 984 977 manducaverit
1013 936 1078 975 ex
1114 921 1216 975 hoc
1251 935 1408 989 pane,
1445 921 1586 974 vivet
1618 920 1670 973 in
1701 928 1996 975 :eternum:

420 1027 470 1070 et
507 1016 662 1085 panis
702 1030 862 1084 quem
890 1028 990 1081 ego
1030 1013 1190 1075 dabo,
1220 1028 1349 1067 caro
1387 1026 1503 1065 mea
1544 1020 1627 1065 est
1671 1027 1769 1080 pro
1816 1012 2001 1065 mundi

420 1107 527 1160 vita
554 1108 597 1161 '.
645 1105 747 1171 Qui
790 1104 1080 1159 manducat
1103 1117 1276 1158 meam
1308 1116 1550 1167 carnem,
1586 1111 1639 1155 et
1665 1102 1797 1156 bibit
1824 1118 1999 1156 meum

421 1198 762 1268 sanguinem,
803 1197 854 1250 in
899 1211 987 1249 me
1020 1206 1224 1259 manet,
1286 1205 1341 1249 et
1374 1210 1472 1263 ego
1508 1196 1561 1248 in
1588 1194 1695 1248 illo.
1754 1195 1821 1249 Et
1862 1194 2001 1249 sicut

422 1289 568 1343 misit
601 1302 683 1341 me
723 1288 909 1341 vivens
930 1287 1110 1351 Pater,
1141 1295 1309 1354 etego
1336 1285 1459 1339 vivo
1505 1295 1723 1354 propter
1762 1284 1997 1339 Patrem.

422 1380 491 1437 Et
519 1382 607 1451 qui
644 1381 939 1434 manducat
986 1394 1090 1441 me,
1140 1387 1196 1433 et
1243 1379 1355 1448 ipse
1400 1379 1543 1432 vivet
1588 1387 1810 1445 propter
1839 1377 2003 1447 703

425 1489 511 1528 me
540 1474 601 1527 '°.
645 1491 663 1523 ι
724 1470 885 1537 Atqui
919 1469 1191 1539 quomodo
1245 1485 1350 1523 non
1415 1484 1541 1522 vere
1592 1469 1806 1523 dicatur
1857 1467 1999 1537 quod

423 1579 529 1618 non
579 1561 918 1617 descenderit
965 1576 995 1612 e
1044 1560 1182 1615 cmlo
1248 1575 1395 1623 caro,
1448 1559 1543 1613 scd
1585 1560 1726 1629 quod
1762 1567 1879 1614 erat
1933 1574 1999 1613 ex

422 1654 663 1722 Virgine,
701 1654 843 1708 sicut
869 1652 1127 1720 scriptum
1153 1659 1237 1706 est
1268 1652 1317 1682 ¹¹·
1341 1652 1364 1705 ?
1421 1651 1572 1718 Quod
1599 1666 1725 1706 vero
1754 1667 1857 1705 non
1892 1652 2001 1705 sint

420 1755 705 1815 separatae,
770 1744 862 1799 sed
913 1745 964 1798 in
1030 1760 1196 1799 unum
1228 1754 1442 1811 coeant,
1497 1753 1551 1799 et
1602 1745 2000 1813 quodammodo

2101 549 2193 603 τὸν
2220 550 2382 621 ἄρτον
2410 554 2477 605 ἐκ
2500 550 2595 605 τοῦ
2630 550 2864 624 ούρανοῦ
2903 550 2995 603 τὸν
3023 549 3295 622 ἀληθινόν.
3343 550 3404 604 '0
3442 550 3557 621 γὰρ
3592 551 3695 622 ἄρ·

2101 659 2192 706 τος
2221 643 2315 697 τοῦ
2358 643 2492 697 Θεοῦ
2525 647 2670 697 ἐστιν
2722 644 2751 697 6
2802 642 3145 697 καταϐαίνων
3175 644 3239 695 ὲκ
3284 642 3389 696 τοῦ
3429 643 3691 715 ούρανοῦ,

2105 737 2201 788 καὶ
2238 735 2384 805 ζωὴν
2415 736 2595 799 διδοὺς
2622 735 2701 805 τῷ
2731 735 2944 805 κόσμῳ.
2998 752 3017 785 ι
3052 733 3161 787 Καὶ
3188 733 3325 804 πρός
3359 750 3425 801 γε
3449 731 3695 784 τουτοισὶ

2103 826 2285 893 πάλιν,
2333 827 2613 897 μονονουχὶ
2659 826 2753 880 καὶ
2788 824 3038 895 δακτύλῳ
3082 825 3444 887 καταδεικνῦς
3495 822 3696 879 ἑαυτὸν

2103 919 2450 989 ὲνσώματον,
2487 938 2506 971 t
2558 917 2699 988 Ἐγώ
2746 919 2882 989 είμι,
2931 917 3118 987 φησὶν,
3165 916 3194 969 6
3225 916 3389 987 ἄρτος
3424 917 3457 968 6
3504 914 3640 979 ζῶν,
3671 917 3699 967 6

2104 1010 2171 1063 ὲκ
2199 1010 2294 1063 τοῦ
2321 1009 2547 1079 οὐρανοῦ
2591 1009 2856 1072 καταϐάς.
2904 1009 3029 1062 Ἐάν
3057 1025 3139 1071 τις
3168 1007 3318 1079 φάγῃ
3346 1007 3410 1061 ἐκ
3454 1004 3555 1057 τοῦ
3596 1004 3699 1073 ἁρ-

2103 1121 2195 1157 του
2226 1103 2437 1167 τούτου,
2470 1103 2693 1174 ζήσεται
2737 1103 2818 1166 εἰς
2854 1101 2945 1155 τὸν
2978 1100 3182 1155 αἱῶνα’
3216 1098 3309 1152 καὶ
3356 1099 3384 1151 6
3411 1099 3588 1169 ἄρτος
3615 1096 3697 1159 δὲ,

2104 1193 2162 1246 ὃν
2187 1192 2296 1261 ἐγὼ
2319 1192 2495 1258 δώσω,
2528 1194 2561 1263 ή
2593 1192 2729 1264 σάρξ
2763 1192 2863 1261 μού
2897 1195 3045 1245 ἐστιν
3071 1190 3209 1262 ὑπὲρ
3235 1192 3333 1261 τῆς
3354 1188 3455 1242 τοῦ
3482 1188 3699 1258 κόσμου

2105 1284 2250 1355 ζωῆς
2269 1302 2283 1315 '
2322 1287 2352 1338 6
2378 1284 2606 1356 τρώγων
2648 1302 2751 1354 μου
2780 1284 2885 1355 τὴν
2916 1284 3114 1354 σάρκα,
3144 1281 3237 1337 καί
3282 1281 3453 1334 πίνων
3497 1297 3608 1350 μου
3638 1279 3700 1330 τὸ

2103 1371 2262 1446 αἷμα,
2309 1377 2364 1428 ὲν
2414 1375 2541 1445 ἐμοὶ
2589 1375 2764 1444 μένει,
2815 1373 2970 1441 κάγὼ
3012 1374 3069 1425 ὲν
3118 1370 3286 1442 αὐτῷ.
3340 1370 3449 1423 Καὶ
3502 1367 3697 1432 καθὼς

2102 1465 2389 1519 ἀπέστειλέ
2424 1483 2492 1536 με
2535 1468 2564 1518 6
2593 1463 2702 1527 ζῶν
2749 1465 2957 1535 Πατὴρ.
2991 1462 3153 1531 κάγὼ.
3186 1460 3264 1526 ζῶ
3303 1460 3393 1514 διά
3439 1460 3538 1514 τὸν
3584 1461 3701 1513 Πα-

2102 1559 2267 1630 τέρα·
2317 1559 2411 1611 καὶ
2437 1555 2718 1627 ὁτρώγων
2742 1574 2831 1627 με,
2884 1556 3133 1619 κάκεῖνος
3179 1554 3333 1625 ζήσει
3380 1552 3451 1606 δι’
3490 1552 3639 1623 ἐμέ-
3678 1571 3698 1604 ι

2102 1653 2297 1706 Καίτοι
2323 1651 2439 1716 πῶς
2464 1652 2565 1704 οὐκ
2596 1650 2829 1722 ἀτρεκὲς
2854 1653 3048 1713 εἰπεῖν,
3078 1648 3154 1711 ώς
3190 1648 3253 1701 οὐ
3281 1646 3705 1715 κατα-πεφοίτη-

2103 1763 2197 1799 κεν
2224 1745 2285 1809 ἐξ
2317 1743 2562 1815 οὐρανῶν
2599 1745 2632 1814 ή
2668 1742 2825 1814 σὰρξ,
2856 1742 2971 1797 ἀλλ’
3007 1738 3077 1814 ἦν
3106 1745 3169 1796 ἐκ
3195 1739 3503 1812 Παρθένου,
3552 1740 3704 1791 κατὰ

421 1840 566 1893 inter
616 1853 674 1891 se
723 1836 1180 1891 commisreantur
1239 1848 1560 1891 naturarum
1614 1838 1998 1905 proprietates,

2120 1837 2201 1900 ςάς
2232 1814 2487 1905 Γραφάςς
2531 1837 2686 1889 Ἔστι
2715 1835 2772 1889 δὲ
2802 1836 2885 1888 ὅτι
2930 1835 2991 1888 οὐ
3035 1833 3243 1896 διιστὰς
3281 1835 3310 1886 6
3338 1832 3541 1900 Λόγος.
3581 1831 3703 1884 ἀλλ’

419 1944 453 1983 e
484 1926 896 1997 quamplurimis
934 1926 1069 1980 locis
1117 1935 1349 1981 constat.
1396 1927 1686 1981 Nicodemo
1719 1928 1859 1981 enim
1895 1942 2001 1982 non

422 2019 742 2085 intelligenti
798 2020 1139 2089 mysterium,
1194 2020 1286 2074 sed
1336 2020 1587 2089 imperite
1631 2019 2000 2074 reclamanti:

424 2130 446 2164 ς
482 2112 764 2178 Quomodo
804 2120 1031 2182 possunt
1060 2110 1179 2167 ﬁeri
1226 2112 1339 2165 haec
1365 2111 1389 2164 ?
1420 2109 1477 2165 Si
1514 2119 1750 2176 terrena,
1806 2110 2003 2178 inquit,

419 2204 533 2258 dixi
565 2203 739 2267 vobis,
776 2212 833 2259 et
870 2218 975 2257 non
1026 2204 1250 2257 creditis
1284 2220 1299 2257 :
1334 2218 1442 2272 quo
1488 2212 1647 2272 pacto
1705 2202 1750 2256 si
1812 2202 2003 2256 dixero

419 2296 577 2350 vobis
636 2294 899 2361 cmleSIia,
944 2293 1246 2349 credetis?
1304 2292 1371 2347 Et
1427 2308 1587 2347 nemo
1641 2292 1884 2347 ascendit
1946 2295 1999 2347 in

419 2389 639 2453 caelum,
692 2388 794 2442 nisi
824 2387 915 2456 qui
957 2402 990 2443 e
1026 2387 1164 2441 caelo
1205 2385 1488 2440 descendit
1529 2384 1701 2439 Filius
1736 2386 1829 2439 Dei
1867 2386 1933 2441 ¹¹.
1975 2404 1995 2437 ›

417 2478 617 2534 Iudaeis
654 2494 780 2533 vero
825 2492 977 2548 aeque
1022 2487 1179 2547 atque
1230 2477 1316 2532 ille
1365 2476 1650 2544 imperitis.
1717 2477 2001 2547 ipsumque

421 2570 774 2625 irridentibus
826 2587 840 2625 :
883 2571 927 2625 si
988 2570 1269 2625 viviﬁcans
1340 2578 1502 2638 atque
1555 2581 1621 2621 ex
1680 2568 1817 2622 cmlo
1869 2583 1995 2636 pro-

418 2664 596 2733 prium
625 2677 841 2732 corpus,
867 2681 885 2713 ι
916 2660 1027 2716 Hoc
1056 2675 1153 2716 vos
1167 2659 1520 2724 scandalizat,
1549 2658 1744 2728 inquit,
1800 2659 1843 2713 si
1869 2674 1998 2729 ergo

420 2754 667 2808 videritis
721 2751 913 2807 Filium
988 2752 1223 2807 hominis
1297 2750 1678 2806 ascendentem
1735 2751 1825 2806 ubi
1881 2760 2002 2805 erat

420 2845 569 2914 prius
601 2845 695 2897 ”?
763 2862 782 2896 ι
842 2843 1038 2909 Annon
1113 2852 1299 2897 natum
1355 2857 1421 2897 ex
1480 2841 1706 2897 muliere
1756 2843 2001 2898 dicemus

420 2936 818 2992 Emmanuelem
848 2937 869 2989 ?

2105 1930 2185 1992 είς
2212 1928 2272 1983 ἓν
2301 1928 2467 1999 ἄμφω
2502 1927 2802 1997 συλλέγων,
2836 1928 2931 1981 καὶ
2965 1926 3154 1998 ὥσπερ
3184 1924 3436 1997 ἀλλήλοις
3472 1925 3704 1992 ἀνακιρο

2104 2018 2200 2083 νάς
2238 2018 2307 2072 τὰ
2338 2018 2446 2072 τῶν
2480 2018 2695 2087 φύσεων
2730 2018 3017 2089 ἰδιώματα,
3042 2018 3129 2073 διὰ
3155 2016 3364 2088 μυρίων
3391 2017 3542 2069 ὅσων
3563 2016 3703 2085 ἡμῖν

2104 2112 2297 2183 ὁρᾶται
2326 2110 2519 2180 λόγων.
2562 2111 2859 2182 Νικοδήμῳ
2911 2110 3010 2181 μὲν
3056 2110 3186 2182 γὰρ,
3233 2109 3311 2163 οὐ.
3348 2107 3598 2161 συνιέντι
3644 2106 3705 2159 τὸ

2106 2204 2428 2275 μυστήριον,
2459 2203 2865 2275 άνακεκραγότι
2883 2202 2941 2256 δὲ
2969 2201 3214 2272 ἀμαθῶς·
3253 2219 3289 2251 (ν
3313 2201 3441 2264 Πῶς
3469 2199 3705 2251 δύναται

2104 2295 2275 2349 ταῦτα
2316 2296 2608 2363 γενέσθαι;
2652 2294 2715 2349 El
2742 2294 2813 2349 τὰ
2840 2294 3077 2362 ἐπίγεια,
3132 2293 3318 2363 φησὶν,
3351 2287 3514 2344 εἷπον
3542 2291 3701 2359 ὑμῖν,

2104 2387 2199 2441 καὶ
2235 2387 2294 2440 οὐ
2324 2386 2631 2451 πιστεύετε,
2665 2387 2783 2450 πῶς
2811 2386 2907 2440 ὲάν
2939 2386 3076 2438 εἴπω
3108 2385 3239 2453 ὑμῖν
3266 2384 3335 2436 τὰ
3364 2384 3701 2452 ἐπουράνια.

2103 2477 2425 2542 πιστεύετε;
2470 2476 2580 2530 Καὶ
2625 2476 2803 2540 οὐδεὶς
2836 2475 3175 2546 ἀναϐέϐηκεν
3204 2475 3285 2538 εἰς
3316 2473 3407 2526 τὸν
3438 2471 3701 2542 οὐρανὸν.

2103 2571 2152 2623 εί
2181 2570 2255 2640 μὴ
2293 2571 2323 2623 ὁ
2350 2570 2413 2622 ὲκ
2437 2568 2533 2622 τοῦ
2563 2568 2799 2641 ούρανοῦ
2827 2567 3093 2633 καταϐὰς,
3123 2570 3151 2622 6
3180 2567 3309 2630 Υίὸς
3356 2565 3457 2619 τοῦ
3485 2564 3653 2618 Θεοῦ.
3679 2583 3698 2615 ι

2118 2660 2393 2725 Ἰουδαίοις
2419 2660 2477 2714 δὲ
2518 2660 2704 2727 πάλιν,
2736 2659 2833 2731 τὴν
2863 2661 2987 2730 ῐσην
3015 2658 3207 2731 ἐκείνῳ
3235 2656 3491 2713 νοσοῦσιν
3528 2658 3701 2708 ἁπαι-

2103 2753 2343 2816 δευσίαν,
2391 2755 2491 2807 καὶ-
2523 2755 2797 2827 διαγελᾷν,
2828 2755 2928 2809 οὐκ
2958 2750 3053 2808 οἷδ’
3078 2755 3247 2821 ὅπως,
3286 2752 3578 2821 ἑλομένοις
3603 2752 3703 2807 αὑ-

2101 2846 2227 2910 τὸν,
2280 2848 2508 2923 ἐπείπερ
2582 2847 2685 2920 ἔφη
2754 2849 3017 2913 ζωοποιὸν
3087 2849 3181 2901 καὶ
3223 2846 3282 2912 ἐξ
3328 2843 3574 2917 οὐρανοῦ
3645 2844 3702 2895 τὸ

2108 2939 2239 2993 ἴδιον
2270 2940 2449 3010 σῶμα,
2475 2959 2493 2993 t
2513 2941 2681 2995 Τοῦτο
2698 2943 2841 3012 ὑμᾶς
2869 2940 3232 3005 σκανδαλίζει,
3267 2938 3579 3010 φησὶν,έάν
3611 2932 3702 2990 οὖν

420 3029 660 3101 θεωρῆτε
696 3030 787 3084 τὸν
833 3030 961 3084 Υίδν
990 3031 1083 3084 τοῦ
1130 3029 1417 3099 ἀνθρώπου
1484 3030 1847 3086 ἀναϐαίνοντα
1893 3034 2027 3088 ὅπου
2064 3029 2133 3106 ἦν
2161 3036 2222 3089 τὸ
2252 3036 2555 3108 πρότερον-ς
2600 3057 2618 3088 ι
2651 3032 2729 3090 Ἦ
2757 3037 2878 3108 οὐχὶ
2935 3037 3192 3107 τετάχθαι
3222 3036 3477 3106 φήσομεν
3507 3035 3575 3087 ὲκ
3603 3050 3702 3099 γυ-

417 3125 603 3189 ναικὸς
636 3125 726 3178 τὸν
774 3125 1122 3199 Ἐμμανουήλ
1139 3143 1153 3194 ;

489 3217 548 3271 Β.
591 3218 843 3272 Omnino.

490 3308 555 3363 A.
607 3307 837 3363 Ubinam
896 3310 1057 3380 igitur
1108 3314 1261 3382 prius
1319 3316 1487 3368 erat?
1533 3325 1628 3369 aut
1686 3330 1795 3386 quo
1846 3326 2005 3386 pacto

418 3400 709 3467 ascendit,
752 3416 872 3455 cum
918 3417 981 3457 se
1028 3403 1099 3457 ibi
1155 3418 1276 3459 esse
1324 3405 1492 3470 dicat,
1537 3406 1701 3459 etiam
1760 3418 1887 3463 nato
1938 3424 2003 3463 ex

419 3502 607 3545 sancta
654 3492 875 3561 Virgine
915 3508 1145 3563 corpore
1180 3497 1282 3552 sibi
1334 3498 1535 3552 unito?
1572 3496 1763 3554 Nonne
1823 3508 2003 3553 antem

417 3598 638 3639 carnem
665 3601 785 3656 qua:
823 3602 890 3641 ex
931 3596 1074 3641 terra
1109 3598 1345 3655 constat,
1374 3589 1655 3645 viviﬁcare
1681 3604 1786 3644 non
1822 3604 2002 3658 posse,

419 3687 689 3745 quatenus
761 3680 828 3734 ad
903 3679 1175 3749 propriam
1220 3696 1374 3736 suam
1447 3692 1695 3735 naturam
1787 3681 2001 3746 attinet,

419 3771 704 3825 dicemus?

488 3858 550 3912 Β.
585 3856 684 3914 Ita.

490 3954 556 4003 Α.
616 3949 898 4015 Quomodo
960 3952 1124 4019 igitur
1178 3963 1259 4007 est
1318 3952 1643 4007 vivitiCatrix
1700 3955 2004 4009 caro?aut

418 4043 688 4111 quomodo
759 4053 1046 4098 censeatur
1123 4058 1190 4099 ex
1256 4048 1396 4100 coelo
1456 4060 1597 4111 esse,
1651 4061 1773 4099 cum
1815 4048 1887 4101 sit
1938 4064 2001 4103 ex

419 4142 559 4185 terra
585 4133 607 4185 ?

495 4222 556 4279 Β.
586 4223 816 4280 Ratione
867 4229 1112 4292 unitatis,
1171 4239 1227 4281 ut
1274 4231 1530 4299 arbitror,
1589 4248 1709 4286 cum
1768 4234 1890 4289 vivo
1947 4243 2001 4289 et

416 4315 634 4370 caelitus
657 4317 892 4373 demisso
926 4317 1121 4373 Verbo.

493 4411 561 4464 A.
604 4409 770 4466 Recte
792 4412 1080 4466 admodum
1110 4414 1303 4475 sentis,
1328 4424 1384 4467 et
1416 4414 1805 4477 convenienter
1827 4418 2000 4471 sacris

2031 3226 2074 3283 C
2179 3220 2239 3275 B.
2285 3221 2411 3286 Πῶς
2442 3220 2551 3294 γὰρ
2582 3220 2680 3287 οῦ;

2177 3315 2243 3366 Α.
2284 3312 2395 3367 Ποῦ
2427 3312 2714 3387 τοιγαροῦν
2741 3313 2802 3366 τὸ
2834 3313 3098 3384 πρότερον
3129 3309 3221 3384 ἦνς
3256 3313 3289 3381 ἥ
3337 3313 3462 3376 πῶς
3498 3314 3702 3369 ἀνασί-

2108 3405 2275 3476 δηκεν
2320 3404 2557 3476 ἔνθαπερ
2585 3400 2725 3458 εἶναί
2772 3421 2937 3475 φησιν
2966 3405 3147 3468 αὐτὸς,
3179 3404 3359 3457 καίτοι
3407 3406 3701 3476 τεχθέντος

2106 3496 2193 3550 διὰ
2220 3496 2320 3566 τῆς
2351 3496 2511 3565 ἁγίας
2542 3496 2819 3569 Παρθένου
2854 3497 2950 3549 τοῦ
2992 3497 3281 3559 ἑνωθέντος
3315 3496 3471 3568 αὒτῷ
3512 3497 3701 3569 σώμα-

2104 3606 2230 3655 τος;
2273 3588 2408 3659 Οὐχὶ
2439 3588 2498 3641 δὲ
2544 3589 2639 3643 καὶ
2686 3589 2989 3660 ἀπρακτεῖν
3025 3588 3469 3660 ὁμολογήσαιμεν
3501 3588 3571 3644 ἀν
3604 3590 3702 3660 τὴν

2106 3680 2214 3735 ἀπὸ
2252 3679 2357 3749 γῆς
2407 3680 2584 3751 σάρκα
2643 3680 2778 3750 πρὸς
2818 3680 2880 3733 τὸ
2928 3679 3186 3734 δύνασθαι
3229 3678 3543 3746 ζωοποιεῖν,
3578 3682 3703 3735 ὅσον

2105 3768 2239 3847 ἧκεν
2273 3775 2352 3836 είς
2391 3773 2528 3826 ἰδίαν
2568 3772 2771 3841 φύσιν;

2177 3866 2240 3920 Β.
2294 3864 2538 3935 Ἀληθές.

2178 3962 2242 4013 Α.
2288 3959 2412 4023 Πῶς
2440 3954 2553 4022 οὖν,
2590 3960 2712 4012 είπέ
2755 3977 2863 4030 μοι,
2896 3958 3151 4023 ζωοποιὸς
3181 3960 3213 4029 ή
3252 3958 3428 4028 σάρξς
3472 3960 3546 4012 Ἥ
3580 3959 3697 4022 πῶς

2104 4050 2171 4105 ἂν
2196 4054 2368 4106 νοοῖτο
2396 4052 2492 4105 καὶ
2535 4050 2594 4117 ἐξ
2620 4052 2850 4124 ούρανοῦ
2878 4052 2936 4105 τὸ
2958 4050 3066 4105 ἀπὸ
3094 4051 3192 4120 τῆς
3230 4050 3369 4122 γῆς;

2176 4234 2235 4287 Β.
2276 4234 2413 4286 Καθ’
2434 4232 2648 4298 ἕνωσιν,
2675 4227 2849 4302 οἶμαι,
2870 4231 2968 4303 τὴν
2997 4230 3132 4303 πρὸς
3164 4230 3254 4284 τὸν
3287 4229 3474 4295 ζῶντά
3509 4249 3572 4285 τε
3605 4234 3697 4287 καὶ

2102 4326 2393 4397 οὐρανόθεν
2438 4326 2630 4393 Λόγον.

2174 4418 2239 4475 Α.
2276 4416 2647 4488 Πεφρονηκὼς
2694 4415 2804 4469 ίσθι
2832 4415 2902 4470 τὰ
2934 4414 3057 4469 λίαν
3076 4414 3234 4487 ὀρθὰ,
3263 4414 3358 4467 καὶ
3382 4418 3503 4479 τοῖς
3533 4415 3696 4486 ἱεροῖς

416 4502 736 4570 Scripturis.
793 4501 977 4572 Neque
1025 4505 1169 4558 enim
1220 4505 1384 4561 aliter
1433 4506 1621 4571 fuerit,
1683 4515 1736 4560 et
1785 4517 1999 4562 creator

2120 4509 2471 4582 τυμόαίνοντα
2513 4507 2713 4575 λόγοις.
2763 4506 2861 4577 Εῖη
2916 4505 3025 4575 γὰρ
3076 4505 3144 4560 ἂν
3192 4506 3287 4576 οὐχ
3338 4506 3569 4577 ἑτέρως,
3609 4510 3698 4560 καὶ

417 4594 628 4648 ratione
667 4594 987 4662 divinitatis,
1016 4606 1230 4652 etcum
1282 4614 1385 4652 non
1439 4600 1647 4669 absque
1699 4614 1865 4654 carne
1915 4601 1996 4655 in-

2120 4601 2434 4674 ἰημιουργὸς
2471 4599 2689 4664 θεῖκῶς,
2726 4600 2820 4652 καὶ
2850 4599 2939 4652 ὅτε
2973 4599 3046 4668 μὴ
3078 4598 3203 4667 δίχα
3246 4601 3422 4651 νοοῖτο
3472 4600 3696 4670 σαρκός.

418 4685 692 4753 telligitur.
724 4685 857 4740 Nam
880 4696 934 4743 et
975 4688 1189 4744 divinus
1220 4689 1416 4745 Paulus
1450 4707 1545 4760 pro
1590 4692 1689 4746 hac
1726 4692 1993 4746 sententia

2120 4693 2460 4765 Βυλλήπτορα
2489 4692 2546 4745 δὲ
2583 4691 2679 4745 τοῦ
2722 4691 2881 4758 λόγου
2918 4691 3213 4761 ποιήσομαι
3246 4690 3411 4743 πάλιν
3459 4690 3565 4743 ὡδὶ
3613 4710 3700 4760 γε.

417 4776 568 4840 facit,
620 4776 693 4831 ita
746 4778 1044 4835 scribens:
1121 4800 1139 4832 ι
1210 4779 1427 4837 Gratias
1490 4793 1712 4851 agentes
1771 4784 1882 4839 Deo
1933 4800 1997 4839 ac

2120 4787 2355 4858 γραφότα
2402 4785 2496 4838 τὸν
2543 4784 2828 4838 θεσπέσιον
2862 4782 3108 4836 Παῦλον·
3153 4802 3171 4834 ι
3225 4784 3698 4853 Εὑχαριστοῦντες

418 4868 586 4931 Patri,
628 4871 717 4940 qui
742 4872 932 4941 dignos
979 4889 1076 4928 nos
1103 4874 1229 4928 fecit
1262 4876 1313 4928 in
1345 4885 1552 4945 partem
1584 4877 1745 4930 sortis
1782 4888 1998 4933 sancto—

2212 4880 2332 4950 Θεῷ
2369 4879 2465 4933 καὶ
2494 4879 2690 4947 Πατρὶ,
2721 4877 2799 4946 τῷ
2834 4876 3159 4929 ἱκανώσαντι
3191 4878 3339 4945 ἡμᾶς
3365 4878 3450 4940 είς
3610 4897 3698 4949 με·

419 4974 561 5022 rum,
596 4961 647 5013 in
679 4961 901 5016 lumine.
932 4962 1033 5029 Qui
1064 4966 1264 5034 eripuit
1294 4983 1391 5020 nos
1426 4967 1491 5021 de
1535 4977 1809 5034 potestate
1843 4977 1998 5023 tene-

2120 4970 2225 5024 >ίδα
2253 4971 2351 5024 τοῦ
2381 4970 2584 5043 κλήρου
2611 4968 2720 5021 τῶν
2751 4968 2919 5037 ἁγίων
2950 4969 3007 5020 ἐν
3034 4968 3112 5038 τῷ
3138 4970 3296 5038 φωτὶ,
3327 4968 3385 5031 ὃς
3419 4970 3697 5040 ἐρρύσατο

417 5052 661 5118 brarum,
728 5062 783 5107 et
834 5056 1112 5110 transtulit
1142 5058 1192 5111 in
1240 5073 1464 5128 regnum
1520 5058 1641 5114 Filii
1695 5060 2000 5115 dilectionis

2120 5065 2252 5136 ῇμᾶς
2285 5064 2348 5116 ὲκ
2383 5065 2481 5133 τῆς
2525 5060 2775 5126 ἐξουσίας
2804 5059 2898 5114 τοῦ
2943 5060 3188 5123 σκότους,
3226 5061 3321 5112 καὶ
3355 5061 3695 5131 μετέστησεν

415 5158 547 5199 sum.
605 5144 663 5199 ln
698 5162 805 5216 quo
845 5148 1104 5203 habemus
1135 5151 1580 5220 redemptionem,
1627 5160 1680 5205 et
1725 5152 2000 5207 remissio-

2120 5155 2184 5218 ιίς
2210 5153 2309 5223 τὴν
2339 5151 2617 5223 βασιλείαν
2650 5149 2744 5203 τοῦ
2790 5148 2920 5203 Υίοῦ
2953 5150 3052 5219 τῆς
3084 5149 3304 5219 ἀγάπης
3338 5150 3535 5215 αὐτοῦ,
3571 5154 3632 5206 ὲν
3658 5146 3697 5218 ᾧ

416 5253 537 5291 nem
592 5249 939 5307 peccatorum
983 5258 998 5295 :
1036 5242 1127 5311 qui
1180 5252 1264 5297 est
1305 5243 1482 5313 imago
1542 5242 1635 5298 Dei
1686 5243 1997 5309 invisibilis,

2120 5244 2300 5316 Ξχομεν
2326 5244 2424 5315 τὴν
2454 5241 2850 5313 ἀπολύτρωσιν,
2881 5239 2976 5312 τὴν
3007 5239 3198 5308 ἄςεσιν
3227 5241 3337 5294 τῶν
3376 5243 3693 5314 ἁμαρτιῶν.

416 5331 806 5401 primogenitus
854 5334 1030 5389 omnis
1089 5346 1371 5390 creaturae.
1428 5336 1697 5403 Quoniam
1752 5337 1804 5390 in
1882 5337 1998 5405 ipso

2120 5339 2161 5400 ig
2194 5338 2341 5389 ἐστιν
2375 5335 2538 5387 εἰκὼν
2584 5333 2679 5385 τοῦ
2711 5330 2848 5385 Θεοῦ
2891 5331 2983 5383 τοῦ
3033 5331 3289 5402 ἀοράτου,
3344 5336 3694 5403 πρωτότοκος

416 5424 633 5477 condita
662 5434 787 5477 sunt
821 5426 1095 5493 universa,
1124 5428 1176 5481 in
1210 5429 1362 5483 caelis
1381 5439 1435 5482 et
1470 5431 1522 5481 in
1555 5440 1721 5493 terra,
1760 5428 1993 5483 visibiiia

2120 5428 2285 5498 πάσης
2328 5427 2580 5488 κτίσεως,
2617 5425 2700 5477 ὅτι
2733 5424 2792 5477 ἐν
2822 5423 2972 5494 αὐτῷ
3016 5424 3236 5493 ἐκτίσθη
3279 5422 3350 5477 τά
3385 5425 3601 5487 πάντα,
3633 5430 3692 5481 τά

415 5524 472 5566 et
508 5516 818 5581 invisibilia,
860 5519 975 5573 sive
1002 5518 1226 5583 Tltroni.
1266 5521 1380 5575 sive
1412 5520 1845 5586 Dominationes,
1880 5521 1997 5575 sive

2120 5536 2160 5572 τε
2208 5520 2265 5571 ἐν
2302 5520 2412 5580 τοῖς
2445 5517 2693 5587 οὐρανοῖς
2723 5517 2818 5572 καὶ
2848 5516 2915 5569 τὰ
2948 5516 3040 5569 ἐπὶ
3090 5516 3187 5586 τῆς
3234 5518 3361 5585 γῆς,
3396 5516 3474 5571 τὰ
3523 5520 3687 5588 ὁρατὰ

2630 5714 2847 5774 "Joan.
2897 5730 2976 5785 ιιι,
3012 5714 3193 5785 9,13,
3248 5716 3334 5772 i5.
3460 5716 3683 5775 "Joan.

490 5708 900 5785 'Joan.v1,52,
932 5720 1020 5775 35.
1099 5722 1118 5753 ο
1145 5721 1274 5778 ibid.
1307 5722 1395 5790 ει,
1427 5722 1511 5777 52.
1594 5723 1636 5755 ιο
1669 5722 1799 5779 ibid.
1837 5722 1925 5781 57.
1953 5722 2000 5777 δε

425 5796 499 5848 γι,
532 5782 620 5849 62,
643 5783 731 5838 65.

2125 5722 2163 5753 ¹¹
2191 5719 2321 5776 Luc.
2355 5732 2393 5786 t,
2423 5716 2512 5773 3|.
