3846 6210
108 323 271 381 ιειδ
1242 336 1332 392 DE
1370 338 1879 398 INCARNATIONE
1915 342 2289 400 UNIGENITI.
3261 346 3397 401 P266

105 448 216 498 καὶ
269 449 350 501 τὰ
394 447 621 520 ἀόρατα,
648 452 756 506 εἴτε
790 454 1002 527 Θρόνοι,
1041 457 1149 510 εἴτε
1202 459 1559 532 Κυριότητες,
1610 464 1680 517 sl“:

1823 463 2185 535 Principatus,
2222 464 2339 519 sive
2392 462 2721 524 Potestates,
2770 459 2952 514 omnia
2990 473 3089 531 per
3144 459 3398 531 ipsumet

102 536 170 587 Ἀ
182 538 352 607 ρχαὶ,
374 541 782 611 εῐτεἘξονσῐαι,
809 548 877 601 τὰ
908 548 1085 604 πάντα
1108 550 1174 604 δι’
1208 552 1373 606 αὑτοῦ
1399 554 1490 607 καὶ
1517 555 1595 618 εἰς
1620 556 1680 609 αὖ

1824 558 1878 611 ἱιι
1904 556 2022 626 ipso
2044 565 2226 611 creata
2260 564 2409 611 sunt.
2438 556 2505 610 Et
2534 555 2646 623 ipse
2680 564 2765 610 est
2798 563 2924 609 ante
2966 569 3176 618 omnes,
3199 562 3253 609 et
3278 568 3397 608 om-

97 628 204 681 τὸν
234 630 517 699 ἔκτισται,
555 637 649 690 καὶ
698 639 859 703 αὑτός
899 641 1016 693 ἐστι
1063 642 1171 713 πρὸ
1216 645 1456 712 πάντων,
1509 646 1602 699 καὶ
1644 665 1673 701 τ

1818 648 1908 703 nia
1965 648 2019 702 in
2076 647 2201 717 ipso
2233 656 2507 703 constant.
2540 645 2602 700 Et
2638 645 2751 714 ipse
2802 654 2886 701 est
2936 653 3098 714 caput
3149 644 3396 712 corporis

100 720 324 822 sttit-vsa-
342 725 399 775 ὲν
428 725 575 797 αὐτῷ
604 728 918 801 συνέστηκε,
948 733 1044 785 καὶ
1073 733 1235 795 αὐτός
1262 735 1411 788 ἐστιν
1437 737 1469 807 ἡ
1504 736 1680 805 κεφαλλ

1814 734 2090 800 Ecclesiae,
2116 734 2205 804 qui
2234 745 2317 789 est
2342 734 2693 804 principium,
2717 734 3107 803 primogenitus
3140 732 3303 803 709
3322 748 3390 788 ex

97 814 207 865 τοῦ
249 814 515 887 σώματος
571 820 671 890 τῆς
711 821 1058 894 Ἐκκλησίας,
1092 825 1151 888 ὃς
1183 827 1331 879 ἐστιν
1363 828 1529 899 ἁρχὴ,
1556 845 1680 898 πρω

1815 828 2068 890 mortuis,
2115 837 2174 881 ut
2197 828 2270 881 sit
2318 830 2383 881 in.
2411 827 2663 881 omnibus
2703 829 2817 896 ipse
2852 828 3143 896 primatum
3174 835 3393 880 tenens.

95 903 351 969 τότοκος
384 908 583 964 ἐκτῶν
617 912 848 982 νεκρῶν,
883 914 969 967 ἵνα
1002 916 1225 986 γένηται
1264 918 1321 971 ὲν
1356 920 1521 971 πᾶσιν
1548 920 1679 973 αὐτὸ

1811 920 1945 987 Quia
1973 920 2025 974 in
2058 921 2173 991 ipso
2193 919 2519 989 complacuit
2542 934 2754 973 omnem
2787 918 3170 987 plenitudinem
3206 916 3395 970 divini-

100 999 453 1065 πρωτεύων,
499 1001 582 1054 ὅτι
613 1003 669 1057 ὲν
703 1004 849 1075 αὺτῷ
884 1006 1154 1077 ηὐδόκησε
1201 1010 1307 1061 πᾶν
1333 1009 1395 1062 τὸ
1434 1011 1680 1081 πλήρωμι

1812 1011 1939 1067 talis
1971 1011 2294 1075 inhabitare,
2340 1021 2395 1066 et
2441 1026 2536 1080 per
2561 1026 2683 1063 eum
2735 1008 3070 1064 reconciliari
3110 1006 3291 1061 omnia
3335 1006 3393 1061 in

94 1086 173 1139 δι’
212 1088 397 1143 αὑτοῦ
444 1096 788 1165 κατοικῆσαι,
838 1097 932 1149 καὶ
965 1097 1031 1151 δι’
1060 1098 1225 1151 αὐτοῦ
1267 1101 1680 1166 ἁποκαταλλάξα

1811 1101 1947 1168 ipso,
1981 1100 2358 1171 paciﬁcantem
2410 1116 2508 1171 per
2562 1100 2877 1170 sanguinem
2910 1100 3087 1153 crucis
3128 1096 3245 1166 ejus
3280 1096 3394 1151 sive

95 1178 171 1231 τὰ
208 1180 401 1235 πάντα
435 1183 516 1247 εἰς
559 1184 741 1251 αὑτὸν,
775 1188 1194 1261 εἰρηνοποιήσας
1224 1189 1312 1243 διὰ
1350 1190 1445 1243 τοῦ
1475 1192 1680 1261 αἴματο

1808 1206 1928 1260 qua:
1968 1192 2021 1246 in
2072 1190 2253 1258 terris,
2313 1191 2429 1246 sive
2487 1207 2608 1260 qua:
2653 1190 2885 1245 incmlis
2937 1199 3064 1243 sunt
3093 1188 3158 1242 “.
3198 1207 3218 1239 ›
3254 1187 3394 1242 Ecce

94 1269 203 1322 τοῦ
244 1273 491 1345 σταυροῦ
522 1275 709 1342 αὑτοῦ,
743 1278 853 1331 εἴτε
878 1279 946 1333 τὰ
978 1280 1070 1333 ἐπὶ
1096 1279 1196 1349 τῆς
1234 1280 1359 1351 γῆς,
1402 1280 1512 1334 εἴτε
1540 1282 1611 1334 τὰ
1646 1283 1680 1335 ὲ⁴

1806 1298 1966 1352 quam
2000 1291 2186 1351 aperte
2215 1283 2378 1342 dicat.
2407 1299 2503 1353 per
2532 1284 2707 1351 ipsum
2737 1290 2791 1336 et
2825 1282 2877 1335 in
2910 1283 3027 1350 ipso
3057 1288 3235 1335 creata
3271 1292 3393 1333 esse

92 1364 222 1425 τοῖς
256 1363 533 1431 οὐρανοῖς.
570 1385 588 1417 ι
637 1366 767 1420 Ἰδοὺ
798 1368 861 1438 δὴ
890 1369 1053 1423 πάλιν
1104 1371 1405 1439 ἀναφανδὸν
1436 1372 1501 1424 δι’
1536 1371 1701 1426 αὐτοῦ

94 1469 249 1522 φησι
308 1456 405 1508 καὶ
438 1457 517 1520 εις
542 1457 703 1510 αὐτὸν
733 1459 975 1513 ἐκτίσθαι
1003 1460 1070 1514 τὰ
1099 1461 1308 1516 πάντα⁶
1341 1463 1435 1515 καὶ
1470 1461 1595 1533 μὴν,
1622 1463 1703 1515 ὅτι

92 1543 215 1611 πρὸ
265 1542 492 1598 πάντων
523 1546 661 1613 ἐστὶ,
704 1548 799 1601 καὶ¹
843 1549 926 1602 ὅτι
954 1551 1023 1604 τὰ
1055 1551 1232 1605 πάντα
1272 1553 1600 1622 συνέστηκεν
1645 1554 1703 1605 ἐν

90 1630 293 1701 αὐτῷ’
334 1635 431 1688 καὶ
459 1635 621 1690 αὑτὸν
645 1631 783 1691 εἶναί
828 1656 961 1709 φησι
1007 1641 1348 1710 πρωτότοκον
1378 1642 1443 1694 ἐκ
1472 1641 1698 1712 νεκρῶν,

90 1722 615 1796 εἰρηνοποιήσαντα
661 1728 750 1781 διὰ
796 1729 886 1783 τοῦ
940 1732 1170 1801 αἵματος
1222 1732 1411 1799 αὑτοῦ,
1436 1733 1505 1787 τά
1534 1750 1594 1785 τε
1642 1735 1698 1785 ὲν

1805 1375 1983 1428 omnia
2016 1391 2030 1427 :
2057 1375 2307 1443 quodque
2328 1386 2453 1429 ante
2479 1388 2672 1429 omnes
2692 1374 2782 1438 sit,
2808 1374 3030 1441 etquod
3050 1371 3228 1425 omnia
3262 1385 3392 1425 cono

1805 1471 1951 1518 stant
1984 1464 2039 1518 in
2068 1464 2202 1532 ipso.
2238 1463 2506 1519 Prmterea
2552 1464 2684 1519 dicit
2713 1464 2883 1532 ipsum
2918 1477 3038 1516 esse
3059 1461 3389 1531 primogeni-

1806 1564 1914 1610 tum
1947 1570 2013 1611 ex
2056 1557 2306 1618 mortuis,
2343 1556 2589 1625 quodque
2624 1554 2928 1624 paciﬁcarit
2961 1569 3055 1623 per
3073 1553 3386 1622 sanguinem

1805 1661 1961 1701 suum
2009 1660 2341 1716 quaecunque
2370 1646 2423 1700 in
2453 1645 2607 1700 caelis
2646 1654 2792 1707 sunt,
2844 1652 2899 1699 et
2949 1658 3280 1713 quaecunque
3334 1644 3388 1696 in

1806 1739 1987 1793 terris.
2047 1738 2209 1807 Atqui
2258 1738 2381 1808 quis
2435 1746 2522 1792 est
2577 1737 2966 1807 primogenitus
3022 1750 3088 1790 ex
3132 1734 3385 1797 mortuis,

88 1817 217 1878 τοῖς
244 1815 537 1887 οὐρανοῖς,
561 1820 654 1874 καὶ
684 1821 753 1875 τὰ
783 1824 874 1877 ἐπὶ
898 1824 996 1894 τῆς
1025 1826 1149 1896 γῆς.
1184 1822 1317 1878 Εἶτα
1340 1826 1423 1889 τίς
1454 1828 1482 1879 6
1520 1828 1582 1879 ἐκ
1613 1843 1680 1879 νε-

1807 1829 1910 1884 ηἱεί
1962 1828 2209 1884 Christus
2238 1828 2425 1895 Jesus,
2452 1829 2556 1885 hoc
2600 1838 2703 1895 est,
2766 1828 2998 1884 Verbum
3049 1828 3103 1882 in
3136 1841 3300 1881 carne
3332 1838 3388 1880 et

89 1904 259 1977 κρῶν
287 1909 661 1978 πρωτότοκος,
690 1914 740 1965 εἰ
767 1913 843 1985 μὴ
874 1915 1106 1985 Χριστὸς
1145 1914 1371 1986 Ἰησοῦς,
1400 1917 1697 1980 τουτέστιν,

90 1996 154 2048 ἐν
196 1996 382 2068 σαρκὶ
413 1999 510 2052 καὶ
558 2000 696 2071 μετὰ
744 2003 947 2075 σαρκὸς
993 2005 1022 2057 6
1052 2005 1259 2073 Λόγος;
1315 2005 1546 2077 Τεθναίη
1593 2006 1700 2079 γὰρ

85 2087 162 2139 ἂν
191 2086 325 2142 οὔτι
356 2107 462 2143 που
486 2090 621 2155 Θεὸς
647 2091 721 2146 ὢν
746 2096 775 2147 6
802 2095 992 2163 Λόγος,
1024 2096 1131 2150 οὐδ’
1156 2096 1221 2150 ἂν
1245 2099 1416 2151 νοοῖτο
1436 2098 1545 2151 τῶν
1566 2098 1701 2151 ὅλων

83 2178 452 2251 δημιουργὸς
490 2182 612 2236 καθ’
660 2186 808 2255 ἡμᾶς
849 2184 925 2240 ὢν
975 2187 1283 2259 ἄνθρωπος.
1331 2190 1379 2242 εἰ
1429 2188 1503 2261 μὴ
1550 2189 1701 2261 δεδη-

88 2270 424 2344 μιούργηκε
477 2275 578 2344 μὲν
623 2276 700 2340 ὡς
746 2278 897 2342 Θεὸς.
944 2281 1038 2333 καὶ
1089 2282 1137 2333 εἰ
1194 2281 1269 2352 μὴ
1316 2281 1440 2350 δίχα
1494 2282 1702 2353 σαρκὸς

83 2365 276 2417 νοοῖτο
315 2363 467 2434 μετὰ
497 2364 597 2436 τὴν
628 2366 845 2422 ἕνωσιν.
877 2370 1226 2442 Πρωτότοκος
1272 2373 1329 2426 δὲ
1371 2374 1466 2427 καὶ
1506 2376 1570 2428 ὲκ
1613 2393 1701 2428 νε-

83 2451 271 2522 κρῶν,
330 2454 475 2508 καθὸ
514 2458 753 2529 πέφηνεν
803 2460 1108 2531 ἄνθρωπος,
1163 2463 1264 2517 οὑκ
1312 2463 1603 2519 ἀποϐαλὼν
1639 2466 1702 2519 τὸ

83 2541 238 2598 εἶναι
287 2545 454 2611 Θεὸς,
502 2547 590 2602 διὰ
618 2548 720 2621 τὴν
763 2552 1193 2624 ὲνανθρώπησιν.
1240 2555 1354 2608 Οἴει
1400 2572 1452 2609 τι
1505 2557 1701 2628 χρῆναι

87 2635 316 2700 τούτοις
351 2639 614 2710 ἐπιτιμᾷν
639 2658 653 2707 ;

166 2752 233 2807 B.
280 2752 413 2805 Οὐδ’
446 2754 769 2810 ὁπωστιοῦν.

163 2868 234 2919 Δ.
284 2864 449 2929 Ἴδοις
487 2866 534 2919 δ’
562 2867 627 2921 ἂν
657 2868 751 2922 καὶ
778 2871 1008 2942 ἑτέρωθι
1040 2873 1129 2927 διὰ
1171 2876 1279 2929 τῶν
1310 2877 1489 2931 αὐτῶν
1524 2879 1702 2942 ἰόντας

1801 1937 1923 1976 cum
1950 1922 2160 1976 carne?
2185 1921 2368 1991 Neque
2396 1923 2539 1977 enim
2589 1921 2728 1975 mori
2758 1930 2922 1990 queat
2952 1919 3093 1974 Deus
3119 1919 3387 1973 exsistens

1805 2011 2038 2066 Verbum
2076 2031 2090 2067 :
2128 2027 2302 2083 neque
2342 2021 2556 2067 creator
2584 2012 2749 2066 totius
2786 2010 3025 2065 universi
3057 2008 3160 2063 dici
3215 2008 3387 2076 possit

1803 2100 1966 2156 homo
1994 2102 2162 2157 nostri
2193 2102 2407 2166 similis,
2441 2103 2542 2157 nisi
2566 2102 2835 2158 creaverit
2868 2100 3106 2171 quidem,
3137 2108 3194 2151 ut
3220 2096 3380 2162 Dens,

1803 2194 2019 2250 tametsi
2046 2210 2151 2250 non
2202 2194 2408 2263 absque
2429 2209 2591 2249 carne
2638 2193 2862 2263 intelligi
2894 2199 3087 2261 potest,
3112 2198 3234 2260 post
3259 2188 3383 2245 uni-

1804 2295 1990 2341 tatem.
2027 2286 2421 2355 Primogenitus
2443 2301 2573 2341 vero
2608 2301 2672 2342 ex
2726 2284 2956 2339 mortuis
2976 2291 3082 2347 est,
3116 2291 3384 2353 quatenus

1803 2375 2052 2445 apparuit
2074 2376 2255 2437 homo,
2289 2376 2499 2430 tametsi
2524 2384 2743 2445 propter
2790 2372 3220 2429 incarnationem
3274 2385 3380 2424 non

1802 2465 2023 2519 desierit
2059 2480 2180 2519 esse
2228 2463 2392 2522 Deus.
2452 2464 2747 2519 Videturne
2801 2461 2895 2517 tibi
2944 2460 3147 2531 aliquid
3196 2460 3247 2513 in
3293 2457 3380 2514 his

1805 2553 2304 2621 reprehendendum
2333 2554 2354 2607 ξ

1874 2756 1935 2813 Β.
1965 2755 2337 2828 Nequaquam.

1873 2872 1940 2925 A.
1979 2871 2086 2927 Sed
2119 2879 2175 2926 et
2206 2870 2331 2924 alibi
2357 2871 2460 2924 hoc
2490 2870 2662 2939 ipsum
2700 2877 3003 2923 asserentes
3051 2865 3234 2920 videas
3286 2880 3382 2921 eos

86 2958 277 3027 λόγων
310 2957 439 3022 τοὺς
467 2962 961 3035 πνευματοφόρονς.
1007 2966 1258 3037 Ἰωάννης
1290 2968 1387 3039 μὲν
1412 2971 1542 3041 γὰρ,
1571 2990 1590 3022 ι
1614 2972 1680 3025 Ἐ

1803 2965 1893 3033 qui
1926 2964 2107 3018 divino
2157 2964 2360 3032 Spiritu
2406 2961 2569 3015 aﬂlati
2620 2959 2860 3015 fuerunt.
2911 2958 3147 3015 Joannes
3193 2959 3378 3013 enim:

87 3052 267 3121 ἀρχῇ,
304 3050 495 3119 φησὶν,
528 3052 557 3104 6
596 3053 769 3121 Λόγος
798 3050 886 3124 ἦν,
925 3058 1019 3110 καὶ
1058 3059 1087 3110 6
1126 3059 1298 3127 Λόγος
1344 3056 1411 3132 ἦν
1444 3063 1581 3133 πρὸς
1610 3062 1680 3115 τὸε

1811 3071 1829 3104 ι
1873 3054 1927 3107 In
1950 3052 2233 3123 principio,
2271 3053 2463 3121 inquit,
2486 3062 2603 3107 erat
2629 3050 2883 3113 Verbum,
2917 3060 2970 3103 et
3000 3049 3231 3104 Verbum
3264 3058 3383 3103 erat

86 3144 255 3207 Θεὸν,
306 3143 406 3197 καὶ
438 3143 571 3207 Θεὸς
598 3139 666 3214 ἦν
697 3147 725 3198 ό
758 3146 951 3216 Λόγος.
998 3144 1166 3215 Οὗτος
1196 3152 1263 3223 ἦν
1298 3154 1357 3205 ὲν
1398 3155 1539 3226 ἀρχῇ
1569 3155 1680 3226 πρὸ

1806 3145 1945 3212 apud
1982 3144 2168 3207 Deum,
2229 3154 2283 3197 et
2330 3144 2467 3197 Deus
2511 3153 2629 3197 erat
2687 3140 2936 3197 Verbum.
2992 3139 3107 3195 lloc
3159 3150 3277 3195 erat
3326 3142 3377 3193 in

86 3234 187 3285 τὸν
225 3233 391 3286 Θεόν.
422 3234 605 3287 Πάντα
646 3234 714 3287 δι’
751 3236 914 3290 αὐτοῦ
943 3238 1180 3307 ἐγένετο,
1213 3243 1307 3295 καὶ
1334 3245 1502 3313 χωρὶς
1537 3243 1680 3297 αὐτοξ

1807 3235 2071 3303 principio
2096 3236 2233 3303 apud
2266 3235 2453 3290 Deum.
2479 3235 2671 3289 Omnia
2700 3249 2796 3301 per
2829 3233 3003 3303 ipsum
3039 3232 3177 3287 facta
3230 3242 3377 3294 sunt,

88 3324 325 3391 ἐγένετο
384 3322 504 3375 οὐδὲ
529 3322 607 3376 ἓν.
641 3342 661 3376 ι
693 3324 903 3389 Παῦλος
925 3326 983 3379 δὲ
1008 3323 1101 3380 αῦο
1137 3325 1261 3393 «Εἷς
1283 3331 1411 3395 Θεὸς
1434 3333 1462 3383 6
1491 3333 1680 3403 Πατὴρ

1805 3336 1861 3380 et
1903 3327 2024 3381 sine
2074 3327 2191 3394 ipso
2220 3327 2421 3381 factum
2477 3337 2559 3381 est
2613 3326 2743 3379 nihil
2774 3326 2837 3378 ¹⁵.
2882 3344 2901 3377 ι
2945 3324 3143 3379 Paulus
3193 3337 3323 3377 vero
3360 3340 3376 3378 :

87 3415 153 3479 se
185 3409 250 3468 οῦ
288 3413 360 3466 τὰ
394 3413 569 3467 πάντα
592 3432 604 3445 ⁸
637 3412 717 3479 εἷς
756 3415 959 3488 Κύριος
1003 3418 1207 3489 Ἰησοῦς
1243 3420 1494 3490 Χριστὸς,
1531 3422 1599 3475 δι’
1640 3416 1680 3475 οἳ

1810 3436 1829 3469 ι
1874 3416 2048 3483 Unus,
2108 3419 2304 3488 inquit,
2343 3420 2486 3474 Deus
2530 3420 2709 3483 Pater,
2752 3433 2816 3473 ex
2852 3431 2959 3487 quo
2982 3415 3203 3481 omnia;
3238 3428 3379 3468 unus

89 3511 163 3563 τὰ
200 3508 412 3561 πάντα.
442 3525 461 3558 ι
508 3508 649 3560 Ἀλλ’
676 3510 833 3580 εἴπερ
872 3506 940 3580 ἦν
981 3511 1043 3563 τὸ
1089 3512 1421 3581 μεσολαϐοῦν
1469 3514 1607 3585 μετὰ
1641 3515 1680 3566 τὲ

1803 3508 2062 3565 Dominus
2114 3510 2273 3566 Jesus
2330 3511 2602 3575 Christus,
2663 3526 2760 3581 per
2825 3525 2985 3578 quem
3042 3508 3222 3561 omnia
3248 3508 3313 3561 “.
3350 3525 3373 3559 ι

88 3600 351 3673 ἡνῶσθαι
386 3601 549 3671 σαρκὶ
584 3601 674 3654 τὸν
720 3602 905 3670 Λόγον,
950 3602 1043 3655 καὶ
1075 3604 1153 3666 εἰς
1186 3605 1479 3676 ἑτερότητα
1527 3623 1680 3659 κατα·

1802 3603 1965 3673 Atqui
1988 3605 2031 3659 si
2064 3615 2183 3659 erat
2212 3605 2415 3673 aliquid
2437 3605 2787 3668 discriminis,
2818 3611 3100 3673 postquam
3133 3601 3369 3656 Verbum

90 3692 374 3765 διαιροῦν,
392 3691 489 3763 τὴν
514 3693 589 3757 ὡς
606 3693 738 3747 υἱῶν
762 3694 927 3749 δυάδα
949 3696 1110 3765 φημὶ,
1138 3697 1278 3749 κατὰ
1300 3697 1360 3750 τὸ
1384 3699 1465 3750 σοὶ
1484 3698 1675 3751 δοκοῦν

1803 3698 2008 3751 unitum
2038 3707 2122 3751 est
2171 3698 2345 3761 carni,
2397 3698 2649 3767 quodque
2706 3695 2852 3749 illum
2903 3694 2956 3748 in
3005 3693 3372 3748 diversitatem

94 3785 220 3851 πῶς
256 3786 328 3839 ἂν
359 3785 581 3855 ἐκτίσθη
609 3785 677 3838 τὰ
704 3786 880 3840 πάντα
900 3786 989 3840 διὰ
1028 3788 1199 3858 Ἰησοῦ
1220 3788 1455 3859 Χριστοῦ
1483 3808 1496 3854 ;
1536 3790 1680 3843 Ἀλλὲ

1800 3791 2089 3859 quamdam
2122 3789 2341 3853 dividat,
2366 3789 2439 3842 ita
2479 3798 2534 3841 ut
2562 3788 2872 3842 dualitatem
2907 3786 3195 3855 quatndatn
3233 3786 3372 3839 lilio-

95 3877 211 3948 μὴν
244 3875 473 3948 ἐκτίσθη
508 3876 574 3929 δι’
618 3878 783 3931 αὑτοῦ
813 3878 880 3932 τὰ
928 3880 1127 3934 πάντα.
1162 3881 1438 3952 Πρόδηλον
1492 3878 1585 3936 οῦν
1613 3884 1680 3936 ὅτι

1800 3896 1915 3934 rum
1939 3882 2253 3945 constituat,
2302 3882 2441 3935 sicut
2464 3879 2560 3933 tibi
2593 3880 2802 3934 videtur
2834 3896 2848 3932 :
2887 3878 3155 3944 quomodo
3190 3876 3369 3930 omnia

91 3969 164 4021 τὰ
198 3968 369 4038 φύσει
399 3984 456 4020 τε
486 3967 578 4021 καὶ
608 3968 789 4032 ἱδικῶς
833 3970 1206 4042 ἐνυπάρχοντα
1250 3971 1329 4042 τῷ
1368 3974 1433 4025 ἐκ
1482 3975 1695 4045 Πατρὸς

91 4060 211 4113 ΰντι
263 4061 451 4129 Λόγῳ,
497 4061 793 4131 τετήρηται
850 4062 1012 4116 πάλιν
1054 4063 1201 4135 αὐτῷ
1244 4066 1339 4118 καὶ
1377 4066 1465 4118 ὅτε
1503 4066 1691 4135 γέγονε

94 4152 263 4224 σάρξ.
303 4150 634 4221 Ἐπισφαλὲς
659 4148 755 4205 οὖν’
777 4152 907 4225 ἄρα,
935 4154 997 4208 τὸ
1024 4155 1332 4226 διατέμνειν
1353 4157 1686 4229 ἀποτολμᾷν.

92 4240 193 4308 Εἷς
217 4244 334 4317 γὰρ
366 4244 569 4315 Κύριος
627 4245 833 4314 Ἰησοῦς
872 4247 1124 4317 Χριστὸς,
1174 4250 1269 4302 καὶ
1310 4250 1376 4302 δι’
1408 4250 1574 4305 αὑτοῦ
1620 4250 1691 4305 τὰ

94 4337 277 4391 πάντα
314 4338 442 4409 δεδη
452 4336 575 4407 μιού
584 4355 797 4408 ργηκεν
813 4339 841 4390 ὁ
870 4340 1082 4411 Πατήρ.

166 4632 228 4685 B.
279 4629 529 4700 Ἀληθές.

160 4744 230 4796 Α.
262 4743 426 4797 Ἔστι
470 4741 758 4813 τοιγαροῦν
806 4740 901 4794 καὶ
949 4739 1301 4813 δημιουργὸς,
1343 4743 1560 4811 θεῖκῶς,
1588 4749 1684 4807 καὶ

91 4835 383 4902 ζωοποιὸς,
428 4834 502 4897 ὡς
543 4833 678 4907 ζωὴ,
721 4833 1139 4907 ἐνανθρωπίνως
1189 4834 1246 4888 δὲ
1316 4830 1382 4889 αὖ
1430 4838 1524 4890 καὶ
1569 4840 1683 4900 τοῖς

88 4930 235 5001 ὑπὲρ
290 4928 579 5000 ἄνθρωπον
641 4926 928 4999 ἰδιώμασιν
990 4928 1071 4992 εἰς
1120 4927 1179 4981 ἓν
1238 4945 1291 4982 τι
1354 4929 1416 4982 τὸ
1474 4930 1676 5000 μεταξὺ

97 5020 474 5091 συγκείμενος.
500 5020 744 5090 Μεσίτης
771 5020 878 5090 γάρ
905 5019 1019 5073 ἐστι
1057 5018 1191 5073 Θεοῦ
1220 5021 1313 5075 καὶ
1354 5021 1675 5094 ἀνθρώπων,

88 5112 235 5165 κατὰ
258 5111 362 5174 τὰς
397 5110 644 5182 Γραφᾶις,
690 5109 851 5179 φύσει
895 5112 995 5181 μὲν
1023 5112 1281 5184 ὑπάρχων
1309 5113 1462 5180 Θεὸς,
1494 5114 1585 5168 καὶ
1616 5115 1675 5167 οὒ

88 5202 214 5274 ἇίχα
250 5204 476 5275 σαρκὸς,
546 5203 836 5275 ἄνθρωπος
888 5204 944 5257 δὲ
990 5204 1226 5275 ἀληθῶς,
1274 5206 1367 5259 καὶ
1415 5207 1474 5259 οὑ
1523 5205 1677 5277 ψιλὸς

90 5295 217 5349 καθ’
248 5295 419 5371 ἡμᾶς,
479 5294 595 5348 ἀλλ’
653 5295 727 5348 ὢν
755 5296 895 5366 ὅπερ
934 5292 1022 5367 ἦν,
1061 5299 1154 5350 καὶ
1182 5299 1230 5351 εξ
1278 5298 1473 5366 γέγονε
1519 5283 1676 5369 σάρξ.

96 5386 413 5457 Γέγραπται
475 5385 602 5457 γὰρ,
654 5386 736 5439 ὅτι
778 5405 795 5438 ι
857 5384 1060 5458 Ἰησοῦς
1126 5390 1361 5460 Χριστὸς
1412 5388 1537 5459 χθὲς
1587 5390 1680 5442 καὶ

91 5477 356 5542 σήμερον,
396 5473 609 5537 ὁαὺτὸς
656 5475 752 5529 καὶ
812 5476 891 5541 εἰς
948 5478 1074 5542 τοὺς
1128 5479 1351 5543 αἰῶνας.
1387 5475 1508 5531 ιἿΙ
1570 5479 1678 5550 γὰρ

88 5564 211 5634 οὐχὶ
257 5564 349 5618 διὰ
398 5568 495 5637 τῆς
550 5567 712 5635 ἁγίας
736 5568 1016 5640 Παρθένον
1053 5571 1302 5641 τετέχθαι
1347 5571 1675 5643 πιστεύομεν

165 5766 439 5827 “Coloss.
472 5785 513 5831 ι.
556 5770 740 5828 12-20.
823 5770 1040 5831 "Joan.
1075 5792 1110 5831 ι.
1152 5775 1264 5830 1-5.
1347 5778 1429 5834 ¹⁸1
1460 5778 1583 5834 Cor.
1614 5794 1731 5839 Vlll,
1762 5780 1813 5834 6.

1795 3985 1975 4029 creata
2008 3984 2131 4028 sunt
2174 3988 2270 4043 per
2315 3971 2497 4028 Jesum
2530 3970 2804 4026 Christum
2833 3969 3041 4039 ?Atqni
3074 3966 3252 4022 omnia
3276 3982 3373 4035 per

1796 4066 1970 4135 ipsum
2000 4073 2181 4119 creata
2214 4073 2356 4117 sunt.
2383 4062 2723 4117 Manifestum
2759 4062 2919 4131 igitur
2949 4070 3031 4114 est
3063 4059 3205 4128 quod
3244 4073 3369 4127 qme

1794 4167 1985 4211 natura
2017 4166 2071 4210 et
2102 4155 2448 4224 peculiariter
2502 4154 2686 4207 insunt
2740 4153 2913 4208 Verbo
2943 4151 3085 4221 quod
3113 4164 3178 4205 ex
3208 4147 3370 4203 Patre

1792 4249 2055 4320 procedit,
2085 4259 2303 4305 manent
2327 4249 2488 4304 etiam
2519 4248 2570 4302 in
2596 4248 2713 4316 ipso
2744 4261 2869 4301 cum
2890 4245 3089 4300 factum
3112 4251 3197 4298 est
3220 4257 3368 4298 caro.

1790 4342 2161 4399 Periculosum
2218 4344 2399 4413 itaque
2458 4349 2541 4397 est
2595 4342 2708 4395 hzec
2743 4339 2929 4411 partiri
2976 4353 3041 4393 ac
3092 4350 3364 4406 separare.

1789 4435 1944 4494 Unus
1966 4437 2110 4490 enim
2144 4436 2405 4489 Dominus
2433 4432 2590 4489 Jesus
2625 4432 2892 4490 Christus.
2949 4441 3002 4484 et
3041 4443 3136 4498 per
3188 4426 3364 4496 ipsum

1717 4504 1765 4562 θ
1790 4529 1971 4584 omnia
2002 4528 2207 4582 ereavit
2234 4526 2413 4582 Pater.

1862 4644 1921 4699 Β.
1953 4643 2027 4697 lla
2054 4652 2157 4698 est.

1861 4753 2067 4816 A.,Est
2120 4756 2285 4825 igitur
2323 4763 2376 4808 et
2420 4765 2655 4817 creator,
2692 4751 2991 4806 divinitatis
3049 4750 3365 4817 ratione;ct

1790 4843 2091 4909 vivilicaus,
2144 4853 2327 4912 utpote
2381 4845 2533 4898 vita:
2591 4842 2821 4897 humana
2887 4852 3067 4895 autem
3126 4840 3363 4895 vicissim

1792 4935 2021 4998 ratione,
2067 4951 2130 4988 cx
2163 4934 2583 5004 proprietatibus
2635 4949 2754 5002 quae
2788 4932 3057 4987 hominem
3091 4931 3362 4986 excedunt

1788 5024 1840 5078 in
1881 5040 2044 5078 unum
2080 5024 2206 5093 quid
2248 5023 2623 5077 intermedium
2669 5021 3016 5089 compositus.
3098 5018 3362 5075 Mediatnr

1786 5112 1929 5166 enim
1966 5122 2050 5166 est
2075 5112 2167 5167 Dei
2201 5119 2255 5167 et
2280 5112 2578 5176 hominum,
2620 5111 2912 5166 secundum
2945 5109 3257 5179 Scripturas
3289 5110 3358 5174 ",

1786 5213 1974 5259 natura
2007 5204 2224 5273 quidem
2257 5202 2529 5257 exsisteus
2554 5200 2714 5264 Deus,
2739 5210 2792 5255 et
2818 5216 2921 5255 non
2944 5200 3149 5268 absque
3172 5213 3356 5261 carne,

1782 5294 1944 5350 homo
1978 5307 2155 5350 autem
2193 5310 2338 5362 vere,
2376 5309 2479 5349 non
2521 5293 2665 5348 nude
2712 5301 2873 5362 atque
2922 5291 3259 5360 simpliciter,
3298 5302 3358 5345 ut

1782 5402 1900 5451 nos,
1928 5387 2021 5442 sed
2049 5386 2317 5441 exsistens
2362 5386 2413 5440 id
2444 5386 2586 5455 quod
2622 5396 2763 5451 erat,
2812 5383 3022 5437 etiamsi
3072 5381 3250 5436 factus
3287 5384 3358 5437 sit

1780 5494 1929 5533 caro.
1983 5478 2256 5548 Scriptum
2303 5486 2386 5533 est
2430 5481 2597 5542 enim,
2650 5476 2794 5539 quod
2838 5493 2856 5526 ι
2909 5473 3065 5530 Jesus
3105 5474 3357 5531 Christus

1782 5572 1892 5626 lteri
1931 5580 1985 5626 et
2016 5571 2177 5625 hodie
2206 5587 2220 5637 ;
2252 5569 2391 5625 idetn
2436 5570 2550 5640 ipse
2598 5578 2651 5623 et
2701 5568 2864 5638 710
2909 5568 2962 5623 in
3002 5567 3195 5625 saecula
3229 5568 3297 5624 ".
3324 5584 3351 5623 ι

1911 5780 1947 5811 ’⁷
1974 5778 1991 5833 Ι
2026 5777 2165 5835 Tim.
2198 5792 2259 5840 ιι.
2289 5777 2341 5832 5.
2425 5776 2465 5808 ’⁸
2489 5774 2655 5832 Hebr.
2686 5788 2808 5840 xm,
2838 5771 2889 5830 8.
