3846 6210
546 348 680 401 ΗΠ

1528 344 1585 398 5.
1626 342 1900 397 (ηιιιιιι
1939 335 2401 397 ALEXANDRINI
2440 335 2762 392 ARCHIEP.

3657 319 3779 373 12i8

544 473 732 522 Annon
785 466 927 519 enim
957 478 1020 517 ex
1050 472 1232 517 sancta
1268 463 1483 533 Virgine
1513 472 1695 517 natum
1746 464 2014 518 credimus
2056 462 2106 515 in

2232 478 2269 512 :v
2327 458 2574 527 ἐσχάτοις
2621 455 2715 507 τοῦ
2771 452 2962 515 αἰῶνος
3025 449 3231 519 διαιροῖς
3276 444 3367 497 τὸν
3411 439 3778 511 Ἐμμανουήλς

545 560 747 615 ultimis
799 554 980 611 saeculi
1026 556 1360 622 temporibus
1382 554 1829 609 Emmanuelem?

612 650 673 704 Β.
733 648 984 702 Omnino.
1033 646 1225 716 Neque
1256 648 1399 703 enim
1451 646 1621 702 sacris
1672 646 1970 717 Scripturis
2024 662 2109 699 re-

543 738 858 808 pugnamus.

611 829 676 881 Α.
703 829 769 882 At
796 842 944 889 vero,
970 826 1054 879 dic
1080 826 1233 893 mihi,
1255 827 1444 889 amice,
1478 825 1607 880 illud
1637 844 1657 879 ι
1689 827 1805 881 heri
1822 835 1875 880 et
1901 825 2058 879 hodie
2088 843 2107 877 ι

544 929 720 968 nonne
776 929 1011 982 praesens
1056 924 1111 967 et
1158 916 1269 984 jam
1306 916 1637 984 praeteritum
1689 915 2113 985 tempussigni-

543 1004 709 1058 ﬁcat?

611 1096 670 1149 B.
704 1095 797 1150 Ita.

610 1188 1005 1255 A.‘Quomodo
1060 1188 1224 1258 igitur
1282 1187 1421 1242 idem
1478 1188 1587 1243 erit
1642 1204 1763 1243 cum
1817 1190 2111 1257 praeterito,

542 1280 752 1331 tametsi
778 1279 1011 1332 nondum
1041 1280 1334 1333 secundum
1375 1294 1591 1333 carnem
1621 1289 1782 1333 natus
1813 1280 1925 1334 sit?

609 1362 672 1420 B.
702 1363 837 1430 Quia
862 1376 977 1420 erat
1008 1364 1244 1420 Verbum
1284 1367 1443 1420 etiam
1486 1368 1539 1421 in
1568 1368 1855 1437 principio,
1878 1394 1881 1399 -
1904 1378 1958 1422 et
1992 1379 2112 1423 tau-

539 1469 701 1521 quam
760 1470 826 1509 ex
867 1466 1070 1510 aeterno
1122 1467 1288 1526 atque
1338 1458 1659 1513 immutabili
1703 1459 1812 1514 Deo
1845 1475 1909 1513 ac
1955 1459 2113 1516 Patre

542 1546 857 1612 procedens,
911 1549 1268 1603 aeternitatem
1317 1564 1533 1620 quoque
1561 1561 1721 1622 atque
1752 1552 2107 1608 immutabili-

541 1647 703 1691 tatem
741 1637 793 1690 in
823 1652 881 1692 se
910 1639 1090 1693 habet.

609 1730 674 1782 A.
741 1729 926 1783 Laudo
985 1739 1130 1785 tuam
1186 1734 1562 1802 sententiam;
1608 1737 1909 1792 rectissima
1964 1737 2108 1793 enim

539 1830 641 1873 est.
672 1819 939 1875 Caeterum
969 1822 1069 1877 hoc
1096 1825 1257 1879 etiam
1289 1826 1418 1880 mihi
1455 1826 1626 1883 dicas.

612 1998 671 2053 B.
706 1998 968 2065 Quidnam
996 2000 1020 2054 ?

611 2093 678 2145 A.
728 2089 916 2147 Nonne
971 2109 1161 2149 recens
1206 2099 1493 2152 admodum
1546 2109 1629 2154 est
1693 2117 1888 2155 nomen
1953 2100 2108 2157 Jesus

539 2182 805 2249 Christus,
858 2195 1019 2253 atque
1071 2191 1186 2255 ipso
1235 2188 1621 2246 incarnationis
1664 2202 1901 2262 tempore
1933 2193 2109 2249 Verbo

540 2274 769 2327 inditum
795 2276 818 2328 ?

608 2364 669 2419 Β.
730 2365 842 2421 Hoc
899 2380 1045 2424 certe
1092 2374 1505 2440 quamplurimis
1554 2362 1891 2444 argumentis
1954 2379 2109 2433 nobis

537 2468 812 2511 CSiCI‘lSUIIl
854 2472 957 2513 CSl.

608 2570 675 2625 Δ.
727 2569 984 2642 lntelligis
1048 2575 1229 2644 itaque
1285 2578 1424 2644 quod
1474 2577 1749 2633 Christum
1803 2580 2009 2649 Jesum,
2056 2597 2110 2638 et

539 2678 642 2715 non
679 2663 995 2733 simpliciter
1020 2666 1251 2721 Verbum
1279 2670 1391 2723 heri
1442 2680 1495 2724 et
1533 2672 1691 2724 hodie
1716 2675 1963 2729 eumdem
1990 2691 2111 2731 esse

538 2750 700 2815 dicat,
736 2764 788 2807 et
819 2755 869 2807 in
906 2756 1121 2813 saacnla.
1159 2756 1276 2823 Quo
1310 2768 1465 2826 pacto
1498 2772 1674 2816 autem
1735 2764 1805 2818 sit
1860 2766 2112 2821 immuta-

541 2840 684 2908 bilis,
720 2855 771 2898 et
800 2846 853 2898 in
892 2849 1077 2900 eodem
1102 2864 1315 2918 semper
1346 2860 1488 2905 statu
1537 2866 1851 2922 permaneat
1879 2858 2112 2913 hominis

540 2944 753 2999 natura,
819 2952 939 2989 cum
985 2940 1189 3006 alioqui
1235 2951 1437 2995 motum
1474 2946 1761 3014 sustineat,
1812 2950 2108 3019 etquidem

538 3036 647 3089 prae
686 3022 805 3077 aliis
831 3040 951 3078 emn
981 3028 1071 3096 qui
1106 3028 1165 3081 ﬁt
1190 3044 1218 3081 a
1248 3045 1351 3083 non
1379 3046 1500 3086 esse
1542 3040 1608 3087 ad
1643 3050 1764 3091 esse
1790 3052 1853 3092 ac
1878 3040 2061 3095 vivere
2088 3040 2111 3092 τ

2285 634 2345 684 Β.
2377 630 2505 685 Nai.
2535 630 2667 691 Ταῖς
2699 627 2805 698 γάρ
2839 644 2920 678 τοι
2951 622 3126 685 θείαις
3163 613 3641 687 οὐκνάντεροῦμεν
3660 614 3774 682 Γριο

2204 723 2357 789 ηφαῖς.

2282 813 2349 871 Α.
2377 812 2449 865 Τὸ
2476 812 2533 867 δὲ
2561 812 2625 883 δὴ
2657 811 2805 881 χθὲς,
2849 809 2971 862 εἰπέ
3004 824 3114 877 μοι,
3159 804 3255 859 καλ⁸
3298 803 3567 873 τήμερον,
3612 797 3784 865 nam

2213 907 2365 975 ἡμῖν,
2399 898 2446 957 ὧ
2475 904 2719 974 φιλότης,
2746 904 2866 971 οὐχὶ
2908 901 2998 953 τὸν
3036 899 3365 968 ὲνεστήκοτα
3406 893 3508 953 καὶ
3556 891 3653 942 τὸν
3699 888 3783 957 ηδτ

2215 995 2579 1068 παρῳχηκότα
2608 994 3051 1064 κατασημήνειαν
3080 991 3177 1053 av;

2284 1089 2344 1143 Β.
2379 1089 2544 1158 Φημί.

2283 1182 2349 1233 Α.
2387 1180 2509 1243 Πῶς
2532 1175 2623 1232 οὖν
2651 1179 2679 1231 ὁ
2700 1176 2859 1239 αὐτὸς
2879 1174 2965 1244 εἴη
2997 1172 3063 1226 ἂν
3091 1171 3171 1234 εἷς
3199 1186 3262 1237 γε
3289 1167 3787 1239 τὸνπαρῳχηκότα,

2214 1272 2393 1326 καίτοι
2416 1272 2627 1339 γένεσιν
2653 1267 2803 1322 οὔπω
2838 1267 2935 1337 τὴν
2973 1263 3114 1317 κατὰ
3150 1263 3327 1331 σάρκα
3358 1259 3550 1313 λαϐὼν
3576 1277 3592 1326 ;

2284 1361 2345 1414 Β.
2374 1361 2495 1413 Ὀτι
2520 1355 2586 1430 ἦν
2607 1361 2634 1411 ό
2660 1358 2829 1426 Λόγος
2854 1356 2949 1410 καὶ
2994 1357 3051 1408 ὲν
3091 1355 3255 1423 ἀρχῇ,
3292 1351 3387 1405 καὶ
3416 1351 3501 1414 ὡς
3540 1350 3605 1415 ἐξ
3634 1349 3792 1402 ἀϊδίου

2214 1454 2307 1507 καὶ
2332 1452 2603 1523 ἁτρέπτου
2626 1448 2879 1520 πεφηνὼς
2910 1446 3005 1500 τοῦ
3026 1445 3161 1499 Θεοῦ
3177 1445 3270 1497 καὶ
3289 1443 3533 1513 Πατρὸς,
3565 1442 3683 1511 ἔχει
3714 1442 3796 1492 καί

2216 1543 2378 1605 αὐτὸς
2404 1543 2478 1606 ὡς
2502 1544 2557 1594 ὲν
2590 1541 2697 1610 ιδεᾳ
2722 1538 2879 1608 φύσει
2910 1537 2970 1590 τὸ
2986 1535 3153 1590 ἀΐδιόν
3180 1551 3237 1588 τε
3273 1535 3373 1588 καὶ
3392 1534 3706 1604 ἄτρεπτον.

2283 1742 2347 1793 Α.
2395 1737 2631 1793 Ἐπαινῶ
2671 1737 2771 1807 τὴν
2814 1733 2991 1798 δόξαν
3045 1733 3158 1803 ἔχει
3203 1733 3312 1803 γὰρ
3342 1725 3477 1793 ὧδε,
3534 1733 3640 1786 καὶ
3691 1733 3793 1785 λίαν

2212 1832 2407 1905 ὀρθῶς
2445 1826 2887 1901 φιλοπευστοὼτι
2927 1825 2973 1877 δ’
3004 1820 3095 1878 οὖν
3132 1825 3280 1895 ὅμως
3337 1826 3591 1897 φράσαις
3626 1825 3714 1887 ἂν,

2212 1924 2406 1992 ἀγαθέ.

2284 2014 2344 2065 Β.
2377 2011 2449 2064 Τὸ
2476 2012 2563 2075 τί,

2284 2106 2347 2159 Α.
2373 2100 2450 2156 Ἦ
2487 2104 2607 2173 οὐχὶ
2645 2103 2910 2158 νεώτατον
2948 2104 3161 2174 κομιδῇ,
3206 2103 3298 2156 καὶ
3336 2102 3458 2164 τοῖς
3505 2099 3617 2169 τῆς
3654 2100 3786 2153 δην.

2215 2197 2551 2270 θρωπήσεως
2582 2198 2792 2267 χρόνοις
2817 2195 3250 2267 συνδεδραμηκδς
3294 2194 3475 2264 δνομα
3511 2192 3598 2263 τῷ
3622 2192 3788 2261 Δάτῳ.

2213 2289 2297 2351 τὸ,
2340 2289 2544 2359 Ἰησοῦς
2581 2288 2849 2359 Χριστόςς

2290 2380 2344 2435 Β.
2401 2380 2514 2433 Καὶ
2577 2378 2683 2449 μὴν
2766 2378 2926 2432 τοῦτο
2987 2380 3118 2448 ἡμῖν
3167 2375 3258 2429 διὰ
3319 2375 3608 2427 πλείστων
3670 2375 3788 2426 δων

2216 2472 2453 2543 ἐδείχθη.

2288 2587 2353 2639 Α.
2385 2586 2549 2649 Σύνες
2580 2584 2693 2648 οὖν,
2724 2586 2806 2638 ὅτι
2834 2584 3067 2655 Χριστὸν
3109 2581 3318 2655 Ἰησοῦν
3346 2582 3448 2636 καὶ
3478 2582 3542 2634 οὐ
3595 2597 3785 2651 pavos:-

2216 2677 2321 2740 δῶς
2344 2676 2433 2731 τὸν
2461 2677 2632 2745 Λόγον
2665 2676 2790 2747 χθές
2841 2692 2901 2728 τε
2940 2675 3035 2736 καὶ
3071 2676 3313 2745 σήμερον
3348 2673 3441 2726 τὸν
3474 2671 3650 2725 αὑτὸν
3670 2668 3783 2723 εἶναι

2219 2787 2370 2844 φησι,
2400 2772 2754 2836 mitigaret;
2778 2770 2998 2833 αἰῶνας.
3041 2769 3164 2831 Πῶς
3192 2768 3236 2819 δ’
3266 2766 3334 2820 ἂν
3373 2766 3495 2837 ἔχοι
3539 2765 3609 2818 τὸ
3648 2764 3783 2835 ἄτρε-

2218 2866 2352 2918 πτόν
2376 2883 2435 2917 τε
2468 2866 2564 2918 καὶ
2584 2864 2681 2935 τὴν
2711 2865 2768 2915 ὲν
2800 2864 3086 2933 ταυτότητι
3115 2859 3377 2931 διαμονὴν
3428 2861 3465 2928 ἡ
3507 2856 3781 2929 ἁνθρώπυ

2220 2958 2380 3025 φύσις
2408 3000 2422 3023 ,
2466 2955 2645 3009 καίτοι
2682 2954 2894 3022 κίνησιν
2929 2950 3293 3021 ὑπομένουσα,
3336 2950 3434 3001 καὶ
3472 2950 3585 3019 πρό
3608 2964 3672 3016 γε
3698 2947 3779 2999 τίοι

2219 3049 2448 3112 ἄλλλων,
2476 3047 2574 3117 τὴν
2602 3045 2661 3109 ἐξ
2692 3046 2791 3098 οὐκ
2817 3045 2988 3098 ὄντων
3016 3045 3095 3106 εις
3116 3042 3177 3095 τὸ
3198 3036 3339 3094 εἶναι
3365 3041 3467 3093 καὶ
3490 3040 3597 3110 ζῇν
3625 3058 3641 3105 ;

608 3131 669 3186 B.
727 3132 1011 3189 Aberravit
1052 3138 1230 3206 itaque
1261 3155 1289 3191 a
1328 3156 1455 3195 vero
1504 3158 1659 3199 sacra
1703 3146 2008 3218 Scriptura,
2053 3162 2106 3207 et

2283 3164 2343 3214 Β.
2374 3160 2757 3230 Διημάρτηκεν
2784 3151 2881 3209 οὖν
2898 3155 3005 3225 ἄρα
3021 3151 3284 3219 τάληθοῦς
3304 3153 3444 3221 ἡμῖν
3473 3152 3537 3204 τὸ
3567 3152 3781 3221 Γραμμσ

537 3225 628 3293 qui
665 3224 824 3278 hodie
856 3242 957 3279 non
978 3237 1081 3290 est,
1115 3230 1266 3298 prius
1299 3234 1573 3289 exstitisse
1604 3239 1733 3292 dicit
1760 3238 1784 3290 ?

604 3315 669 3368 A.
705 3312 966 3382 Equidem
1008 3318 1058 3372 id
1092 3333 1427 3389 nequaquam
1452 3324 1704 3379 dixerim.
1751 3326 1933 3399 Longe
1961 3332 2106 3386 enim

537 3409 709 3462 abest.
748 3404 873 3459 Heri
906 3416 959 3461 et
1004 3411 1160 3463 hodie
1198 3411 1359 3475 idem,
1423 3416 1551 3468 etin
1602 3418 1797 3472 saecula
1859 3419 2109 3478 Christus

536 3497 709 3557 Jesus.
781 3496 943 3553 Verbi
970 3510 1148 3555 autem
1207 3505 1583 3573 antiquitatem
1654 3519 1709 3562 et
1767 3511 2111 3567 immutabili-

540 3594 700 3639 tatem
746 3601 1082 3657 nequaquam
1140 3594 1473 3661 negaverim,
1531 3596 1744 3651 tametsi
1784 3597 1984 3653 factum
2037 3601 2109 3656 sit

536 3693 665 3730 caro
699 3685 795 3730 :at
856 3680 1038 3745 potius
1098 3684 1400 3738 censuerim
1449 3686 1653 3741 ratione
1714 3690 1933 3745 unitatis
1983 3709 2105 3746 cum

537 3771 751 3839 pi-Opria
803 3788 896 3825 sua
956 3788 1139 3837 earne,
1195 3790 1316 3828 eum
1349 3776 1441 3843 qui
1498 3778 1614 3830 heri
1653 3789 1792 3845 erat,
1842 3791 2108 3854 anteaque

537 3861 855 3928 exsistebat,
913 3879 1100 3917 rursus
1147 3867 1410 3921 declarari
1478 3880 1639 3937 atque
1689 3873 1896 3927 ostendi
1947 3889 2107 3929 eum-

537 3956 679 4007 dem.
734 3954 942 4010 Idcirco
993 3959 1221 4012 oderant
1274 3961 1419 4013 ἰΙΙιιιιι
1473 3971 1527 4016 et
1566 3963 1831 4032 lapidibus
1873 3966 2109 4024 obruere

538 4044 783 4098 volebant
806 4047 1080 4103 dementes
1100 4048 1294 4115 Judmi,
1321 4053 1478 4107 [idem
1506 4055 1605 4124 ipsi
1639 4072 1742 4111 non
1764 4058 2105 4121 adhibentes.

540 4134 652 4190 Hoc
681 4138 823 4191 enim
858 4138 975 4194 illos
1009 4143 1265 4195 attoaitos
1316 4145 1550 4211 tenebat,
1584 4149 1726 4216 quod
1774 4164 1893 4203 cum
1940 4166 2105 4221 appa-

543 4239 685 4282 reret
717 4230 880 4284 homo
926 4234 1095 4287 nostri
1140 4235 1353 4298 similis,
1394 4237 1767 4306 antiquitatem
1801 4240 1902 4294 sibi
1938 4243 2105 4309 majo-

541 4335 651 4371 rem
684 4334 844 4389 quam
871 4337 993 4392 quae
1022 4324 1073 4377 in
1097 4325 1368 4379 hominem
1413 4328 1558 4381 cadit
1590 4340 1889 4398 arrogaret,
1920 4333 2106 4389 dicens

2209 3258 2270 3310 τὸ
2302 3258 2466 3327 ἱερὸν,
2497 3256 2587 3308 καὶ
2624 3252 2713 3306 τὸν
2741 3252 2866 3323 χθὲς
2890 3251 2989 3303 οὐκ
3010 3250 3138 3303 ὄντα
3166 3247 3417 3318 προεῖναι
3449 3262 3663 3317 φησινς

2279 3353 2344 3402 Δ.
2371 3347 2543 3418 Φαίην
2576 3345 2640 3400 ἂν
2680 3345 2800 3415 οὐχὶ
2835 3342 2995 3396 τοῦτο
3036 3341 3167 3409 ἐγώ.
3214 3338 3418 3393 Πολλοῦ
3457 3355 3523 3407 γε
3571 3339 3672 3391 καὶ
3700 3338 3781 3390 δεῖ-

2211 3441 2353 3502 Χθὲς
2400 3440 2496 3493 καὶ
2546 3439 2787 3508 σήμερον
2834 3435 2863 3487 ὁ
2905 3434 3065 3494 αὐτὸς
3110 3434 3202 3486 καὶ
3242 3434 3322 3495 εἰς
3372 3431 3511 3493 τοὺς
3572 3430 3779 3491 αἰῶνας,

2210 3528 2442 3599 Χριστὸς
2485 3526 2710 3597 Ἰησοῦς.
2754 3525 2826 3578 Τὸ
2857 3524 2913 3577 δὲ
2946 3522 3041 3576 τοῦ
3073 3523 3245 3591 Λόγου
3286 3520 3681 3592 πρεσϐύτατον
3706 3524 3775 3571 καί

2211 3621 2451 3685 ἀκλινὲς,
2480 3621 2679 3689 ἥκιστα
2712 3617 2810 3685 μὲν
2849 3616 3178 3687 ἀρνήσομαι,
3210 3614 3305 3667 καὶ
3335 3615 3384 3666 εἰ
3413 3612 3621 3682 γέγονε
3645 3613 3775 3681 σάρξ

2209 3715 2466 3782 οἰήσομαι
2497 3710 2555 3763 δὲ
2584 3708 2704 3763 καθ’
2743 3708 2938 3762 ἕνωσιν
2974 3706 3111 3775 μετὰ
3142 3706 3241 3777 τῆς
3280 3705 3423 3768 ιδίας
3453 3707 3688 3776 σαρκὸς,
3720 3707 3777 3763 ἐς

2209 3803 2338 3875 χθὲς
2371 3803 2499 3856 ὄντα
2530 3800 2625 3854 καὶ
2658 3798 3098 3871 προϋπάρχοντα,
3148 3796 3598 3865 καταδηλοῦσθαι

2210 3896 2391 3949 αὐτόν.
2420 3893 2531 3946 Καὶ
2558 3891 2688 3960 γοῦν
2742 3889 3075 3960 ἐμυσάττετο
3111 3890 3207 3955 μὲν
3243 3890 3272 3940 ὁ
3304 3890 3630 3959 παράφρων
3666 3892 3775 3943 Ἰοα-

2208 3988 2354 4049 δαῖος
2388 3985 2484 4038 καὶ
2508 3983 2828 4038 καταλιθοῢν
2857 3981 3149 4051 ἐπεχείρει,
3186 3981 3285 4049 τὴν
3319 3981 3509 4033 πίστιν
3526 3982 3595 4034 οὐ
3632 3998 3775 4051 apes.

2211 4081 2440 4150 ιέμενος.
2503 4075 2885 4147 Κατατεθήπει
2929 4074 3070 4145 γὰρ,
3125 4075 3206 4126 ὅτι
3250 4072 3433 4126 καίτοι
3477 4072 3608 4126 καθ’
3652 4076 3775 4143 ἡμᾶς

2207 4170 2483 4241 ὁρώμενος
2505 4167 2808 4239 ἄνθρωπος,
2836 4166 2936 4235 τῆς
2958 4166 3096 4236 ὑπὲρ
3115 4164 3401 4235 ἄνθρωπον
3427 4165 3774 4234 ἀρχαιότητας

2211 4260 2386 4331 ἑαυτῷ
2415 4260 2475 4313 τὸ
2502 4258 2868 4331 πρεσϐύτερον
2894 4255 3284 4328 ἐπεμαρτύρει,
3327 4255 3505 4322 λέγων
3540 4254 3623 4319 ὡς
3644 4256 3771 4317 Θεός·

2214 4372 2233 4403 ι
2269 4352 2460 4423 Ἀμὴν,
2495 4351 2659 4422 ἀμὴν,
2691 4350 2834 4418 λέγω
2859 4350 3009 4418 ὑμῖν,
3041 4349 3170 4418 πρὶν
3215 4346 3471 4417 ’Δϐραὰμ
3509 4349 3769 4415 γενέσθαε

538 4420 595 4463 ut
649 4411 831 4466 Dens:
871 4432 888 4464 ι
952 4415 1147 4478 Amen,
1193 4432 1346 4470 arnen
1418 4420 1538 4472 dico
1590 4421 1762 4484 vobis,
1811 4432 2099 4494 antequam

2232 4411 2485 4514 ,ytb'elpt.
2513 4411 2546 4494 3'
2587 4411 2715 4495 ἐστε
2753 4411 2847 4494 παὶ
3066 4411 3224 4493 τοῦτο
3272 4411 3538 4506 ἐφεισποιιο⁷
3575 4440 3767 4491 Axs-ias:

533 4504 804 4559 Abraham
839 4506 1013 4570 ﬁeret,
1046 4521 1143 4577 ego
1166 4524 1281 4561 sum
1326 4510 1388 4563 η.
1430 4529 1449 4561 ι
1484 4510 1567 4565 Ad
1594 4516 1740 4581 quod
1778 4514 1852 4568 illi
1880 4490 2100 4585 respou-

2620 4490 2726 4599 ῑξτη
2761 4490 3121 4600 οὖπωὶέχεις,
3167 4530 3261 4583 καὶ
3313 4490 3584 4599 ἒΑϐρειιὰμ.
3628 4530 3767 4597 ὲὼρπο

534 4598 725 4649 derunt
763 4613 777 4649 :
811 4615 829 4648 ι
877 4597 1276 4667 Quinquaginta
1326 4617 1496 4656 annos
1550 4606 1787 4658 nondum
1831 4606 2015 4673 habes,
2047 4618 2102 4663 et

533 4687 804 4742 Abraham
862 4689 1036 4742 vidisti
1069 4690 1177 4741 ὀἳ
1230 4710 1249 4742 ι
1301 4691 1437 4758 Quin
1499 4704 1551 4747 et
1589 4694 1826 4748 Joannes
1851 4698 1921 4751 ita
1976 4702 2097 4753 ait:

538 4795 558 4831 ι
591 4777 690 4844 Qui
711 4788 830 4847 post
852 4795 937 4833 me
965 4793 1223 4835 venturus
1244 4791 1346 4845 est,
1378 4796 1501 4837 ante
1527 4803 1611 4839 me
1643 4785 1820 4841 factus
1842 4800 1944 4853 est,
1972 4791 2097 4859 quia

533 4871 679 4940 prior
712 4887 796 4927 me
822 4874 1027 4928 erat“.
1063 4892 1083 4925 ι
1127 4875 1286 4943 Atqui
1322 4880 1589 4945 quomodo
1616 4895 1774 4948 quem
1828 4881 2096 4936 hominem

533 4976 651 5015 esse
706 4974 860 5016 uorat
912 4972 967 5017 et
1011 4966 1237 5019 vocabat
1299 4965 1727 5034 Emmanuelem,
1777 4981 1902 5025 ante
1942 4986 1999 5025 se
2041 4981 2096 5028 et

534 5054 761 5121 priorem
792 5056 990 5110 iactum
1027 5072 1148 5111 esse
1192 5060 1342 5124 dicit,
1390 5076 1511 5113 cum
1567 5071 1687 5129 post
1735 5063 1909 5132 ipsum
1940 5074 2097 5121 natus

533 5146 736 5200 fuerit?

602 5265 664 5318 Β.
688 5265 830 5321 Ante
864 5267 1037 5335 ipsum
1090 5269 1291 5322 factum
1342 5284 1463 5325 esse
1492 5280 1623 5326 uicit
1656 5272 1862 5327 ratione
1891 5273 2091 5344 gloriae,

533 5366 590 5411 ιιι
624 5372 723 5428 ego
754 5361 965 5427 quidem
1016 5360 1172 5429 711
1206 5361 1463 5433 intelligo.

599 5471 664 5525 A.
708 5470 875 5526 Porro
921 5470 1111 5525 falsum
1161 5472 1561 5546 absurdumque
1608 5494 1727 5535 esse
1777 5480 1846 5534 ita
1897 5483 2100 5537 sentire

535 5562 721 5633 paucis
750 5564 1037 5631 intelliges.
1069 5563 1200 5617 Nam
1232 5565 1276 5619 si
1309 5566 1469 5635 illud,
1499 5580 1652 5637 ante,
1681 5572 2100 5641 interpretemur

609 5735 823 5794 "luam.
858 5740 1091 5805 “11,58,
1168 5743 1211 5771 ”
1239 5741 1365 5798 ibid.
1405 5742 1491 5797 57.
1568 5745 1608 5776 ¹¹
1639 5741 1792 5799 Joan.
1832 5746 1984 5811 1,27.

2207 4644 2372 4691 κας;›
2409 4627 2552 4696 Ἔφη
2580 4625 2637 4678 δὲ
2670 4625 2763 4677 καὶ
2806 4623 3079 4693 Ἰωάννης*
3136 4642 3153 4673 ι
3196 4624 3251 4673 '0
3286 4621 3467 4674 όπξσω
3497 4639 3613 4691 μου
3644 4622 3765 4690 ἐρχέ-

2208 4736 2389 4791 μενος,
2423 4716 2730 4789 ἔμπροσθέν
2762 4733 2862 4786 μου
2885 4716 3128 4784 γέγονεν,
3152 4714 3232 4766 ὅτι
3266 4714 3488 4783 πρῶτός
3523 4732 3632 4784 μου
3659 4710 3758 4783 ἦν.)

2202 4809 2400 4864 Καίτοι
2428 4808 2547 4872 πῶς
2574 4807 2737 4879 ἄνδρα
2758 4824 2815 4859 τε
2843 4805 2995 4869 εἰδὼς
3018 4807 3110 4857 καὶ
3137 4803 3422 4873 ὀνομάζων
3444 4804 3545 4857 τὸν
3574 4806 3761 4872 Ἐμμε-

2207 4902 2387 4972 νουὴλ,
2434 4899 2738 4971 ἔμπροσθέν
2791 4916 2850 4951 τε
2917 4896 3077 4953 αὐτοῦ
3131 4896 3225 4951 καὶ
3266 4897 3489 4968 πρῶτον
3540 4898 3757 4973 γενὶσὲε

2206 4994 2339 5064 φησὶ
2368 4994 2458 5047 τὸν
2486 4992 2708 5063 ὀψιγενῆ
2732 5009 2790 5045 τε
2820 4991 2914 5043 καὶ
2943 4990 3059 5062 μετ’
3080 4988 3275 5055 αὐτόν;

2277 5280 2336 5331 Β.
2378 5278 2722 5348 Ἐμπροσθεν
2760 5274 2921 5329 αὑτὸν
2964 5275 3056 5327 καὶ
3084 5272 3299 5343 πρῶτον
3325 5271 3596 5339 γενέσθαι
3636 5287 3745 5338 φης’.

2207 5370 2347 5422 κατά
2379 5385 2441 5436 γε
2475 5367 2571 5438 τὴν
2600 5366 2777 5432 δόξαν,
2802 5366 2989 5434 ῶσπερ
3019 5357 3110 5415 οὖν
3144 5358 3322 5413 ἔπεισε
3350 5376 3445 5428 μοι
3478 5364 3643 5413 νοεῖν.

2277 5484 2341 5536 Α.
2370 5480 2480 5534 Καὶ
2524 5481 2629 5551 μὴν
2686 5480 2767 5533 ὅτι
2804 5476 3053 5548 κίϐδηλόν
3098 5491 3156 5527 τε
3194 5473 3290 5526 καὶ
3321 5470 3544 5541 ἀμαθὲς
3571 5472 3629 5523 τὺ

2208 5576 2363 5638 νοεῖν,
2394 5572 2492 5625 οὐκ
2514 5575 2575 5625 ἐκ
2601 5570 2823 5643 μακρῶν
2846 5569 2965 5640 εἴσῃ
2983 5567 3176 5635 λόγων.
3199 5562 3648 5635 Παραδεξάμενοι
3666 5574 3741 5625 71.5
