3846 6210
115 337 249 393 €249

1200 340 1287 395 DE
1325 338 1846 397 INCARNATIONE
1884 339 2255 397 UNIGENITI.

3222 349 3361 404 1250

109 454 169 508 τὸ
195 451 503 524 ἔμπροσθεν
526 453 614 517 τίς
643 452 704 507 τὸ
728 452 952 525 ἄμεινον
988 456 1047 508 ἐν
1093 456 1239 530 δόξῃ,
1270 459 1410 511 κατὰ
1448 459 1539 512 τὸν
1565 460 1676 512 ἴσον

1791 460 1856 513 de
1887 460 2412 529 praestantiaglorize
2443 478 2457 514 :
2490 460 2677 515 eadem
2709 474 2923 531 quoque
2956 460 3165 516 ratione
3194 463 3358 515 etiam

112 562 211 597 που
240 544 397 612 λόγον
424 544 520 597 καὶ
551 545 612 597 τὸ
642 544 819 598 ὀπίσω
857 546 1127 617 φήσομεν,
1160 550 1222 602 τὸ
1255 550 1330 614 ὡς
1362 551 1418 601 ἐν
1444 550 1672 619 εὐκλείᾳ

107 636 356 707 δεύτερον
388 632 447 690 εὖ
476 636 625 706 μάλα
655 638 1011 707 καταδηλοῦν.

175 727 236 780 Β.
268 727 534 797 Περιέστη
557 726 620 797 δὴ
655 722 769 793 οὖν,
800 728 876 791 ὡς
912 728 1079 795 ἔοικε,
1108 730 1207 800 τῆς
1250 731 1494 786 Ἰωάννου
1524 734 1685 805 δόξης

107 820 366 889 ἡττᾶσθαι
428 819 680 890 Χριστὸν,
743 821 838 873 καὶ
904 820 1077 873 ὀπίσω
1130 821 1356 892 δραμεῖν
1409 823 1687 888 ἀσυνέτως

106 914 371 966 ὑπονοείνο
400 911 501 981 ἔφη
526 912 655 982 γὰρ,
678 913 761 965 ὃτι
801 911 1004 965 Ὀπίσω
1032 929 1131 982 μου
1166 912 1381 984 ἔρχεται
1415 916 1577 985 ἁνήρ.

174 1006 239 1057 Α.
286 1003 392 1056 Φεῦ
442 1004 541 1073 τῆς
593 1003 842 1065 ἀτοπίαςί
902 1002 1211 1073 Οίησόμεθα
1268 1005 1375 1075 γὰρ
1435 1006 1531 1075 οὐχ
1583 999 1685 1060 ὧδε

104 1096 270 1167 ἐχειν,
298 1097 674 1167 ἐννενοηκότες
706 1096 883 1168 ὀρθῶς
928 1096 988 1150 τὸ
1036 1100 1093 1150 ἐν
1136 1097 1391 1168 Ψαλμοῖς
1436 1116 1683 1170 γεγραμ-

105 1188 289 1258 μένον,
328 1188 411 1239 ὃτι
444 1206 464 1237 ι
490 1187 586 1250 Τίς
610 1188 669 1239 ἐν
696 1187 947 1254 νεφέλαις
997 1186 1326 1257 ίσωθήσεται
1354 1187 1433 1259 τῷ
1460 1190 1681 1260 Κυρίῳ;

101 1280 197 1332 καὶ
222 1279 305 1341 τίς
336 1262 735 1348 ὁμοιωθήσεται
761 1278 837 1348 τῷ
867 1278 985 1349 Θεῷ
1020 1282 1077 1333 ἐν
1107 1282 1246 1344 υἱοῖς
1272 1281 1441 1346 Θεοῦς
1468 1301 1486 1333 ι
1527 1283 1682 1335 Ἀναο

102 1368 285 1423 θετέον
326 1365 419 1421 οὖν
456 1369 564 1439 ἄρα
604 1370 698 1422 καὶ⁴
734 1369 871 1439 μετὰ
920 1369 1119 1440 σαρκὸς
1167 1370 1318 1442 αὐτῷ
1354 1371 1416 1424 τὸ
1450 1373 1686 1444 πρεσϐύ-

98 1477 289 1523 τατον,
332 1459 406 1523 ὡς
444 1459 562 1530 Θεῷ
607 1461 748 1513 κατὰ
786 1459 946 1528 φύσιν
976 1459 1229 1513 ὲνωθὲντι
1261 1461 1444 1531 σαρκὶ,
1490 1462 1581 1514 καὶ
1618 1462 1685 1515 τὰ

98 1551 201 1618 τῆς
231 1550 369 1613 ἰδίας
396 1549 611 1619 φύσεως
664 1551 845 1619 ἀγαθὰ
874 1554 1200 1615 κοινοποιείν
1229 1551 1440 1605 εἰωθότι
1462 1552 1539 1623 τῷ
1571 1553 1684 1624 ίδίῳ

99 1640 341 1712 σώματι.

168 1734 231 1788 Β.
264 1736 493 1805 Ἀριστα
528 1733 685 1804 ἔφης.

166 1826 234 1878 Α.
268 1825 441 1878 Τοῦτο
467 1825 510 1877 δ’
547 1825 614 1878 ἂν
652 1825 862 1896 μάθοις,
894 1820 995 1879 ὧδέ
1023 1843 1087 1878 τε
1122 1825 1241 1895 ἔχον
1278 1826 1373 1879 κα)⁸
1397 1827 1683 1897 εἰρημένον

94 1916 297 1987 ὀρθῶς,
330 1917 423 1969 καὶ
450 1915 509 1981 ἐξ
536 1918 755 1988 ἐτέρων,
772 1912 817 1969 ὦ
841 1919 959 1982 τᾶν,
983 1918 1144 1988 εἴπερ
1163 1918 1321 1982 ἕλοιο,
1350 1918 1682 1990 μαρτυριῶν.

97 2009 247 2079 Ἔφη
308 2008 410 2077 μὲν
449 2009 559 2078 γάρ
607 2025 712 2060 που
763 2008 895 2071 Θεὸς
942 2011 1077 2079 περὶ
1125 2008 1219 2061 τοῦ
1269 2012 1332 2063 ἐκ
1372 2010 1685 2080 σπέρματος

90 2099 285 2161 Δαδὶδ.
326 2099 391 2152 τὸ
417 2099 557 2153 κατὰ
588 2100 767 2170 σάρκα
798 2101 1065 2171 Χριστοῦ,
1108 2100 1177 2153 δι’
1212 2101 1327 2164 ἐνὸς
1371 2104 1480 2155 τῶν
1514 2103 1684 2171 ἁγίων

92 2192 420 2263 προφητῶνο
460 2211 477 2241 ε
503 2192 611 2245 Καὶ
646 2194 731 2257 σὺ,
768 2193 1032 2264 Βηθλεέμ,
1081 2189 1230 2257 οἶκος
1268 2194 1362 2248 τοῦ
1417 2196 1679 2267 Ἐφραθᾶ,

90 2284 379 2352 ὀλιγοστὸς
425 2280 474 2335 ei
520 2282 614 2337 τοῦ
657 2280 796 2337 εἶναι
844 2287 901 2337 ἐν
954 2285 1195 2355 χιλιάσιν
1248 2286 1434 2339 Ἰούδα·
1484 2290 1548 2340 ἐκ
1587 2287 1680 2341 σοῦ

92 2392 187 2443 μοι
215 2374 564 2441 ἐξελεύσεται
584 2374 678 2427 τοῦ
709 2371 846 2429 εἶναι
875 2378 955 2440 είς
981 2378 1222 2448 ἄρχοντα
1250 2380 1309 2429 ἐν
1338 2378 1414 2448 τῷ
1445 2380 1678 2450 Ἰσραὴλ,

86 2469 187 2519 καὶ
226 2469 285 2520 αἱ
327 2467 493 2531 ἔξοδοι
542 2467 705 2521 αὑτοῦ
749 2469 1001 2539 ἀπαρχῆς
1042 2468 1105 2533 ἐξ
1155 2470 1376 2540 ἡμερῶν
1416 2470 1631 2533 αἰῶνος.
1656 2490 1677 2523 ι

85 2562 232 2633 Περὶ
260 2560 322 2615 δέ
352 2577 418 2629 γε
464 2560 572 2614 τῶν
610 2560 740 2613 υἱῶν
786 2560 1021 2631 Ἰσραὴλ,
1057 2564 1089 2614 6
1129 2560 1416 2632 ἱερώτατος
1451 2562 1678 2625 Παῦλος·

90 2674 111 2705 ι
145 2656 273 2708 ’Ότι
326 2654 530 2717 πάντες
571 2654 649 2716 είς
700 2654 788 2707 τὸν
837 2654 1044 2723 Μωσῆν
1086 2652 1497 2724 ἐϐαπτίσθησαν
1531 2655 1588 2707 ἐν
1614 2657 1681 2726 τῇ

84 2747 295 2818 νεφέλῃ
341 2745 439 2799 καὶ
487 2748 544 2799 ἐν
588 2748 653 2816 τῇ
696 2745 961 2818 θαλάσσῃ,
1004 2755 1101 2797 και
1143 2745 1343 2807 πάντες
1377 2745 1571 2816 βρῶμα
1622 2746 1683 2797 τὸ

1790 550 1938 615 illud,
1966 562 2105 620 post,
2136 553 2375 608 dicemus
2401 552 2706 622 significare
2734 553 3045 607 inferiorem
3074 553 3266 624 gloria.

1860 750 1920 803 B.
1963 751 2314 804 Statuendnm
2346 751 2525 819 itaque
2545 751 2673 815 erit,
2696 766 2816 805 meo
2835 750 3058 818 judicio,
3086 750 3357 809 Christum

1786 841 1991 897 Joanne
2018 842 2327 897 inferiorem
2355 842 2522 912 gloria
2551 858 2694 898 esse.
2726 843 2873 898 Dixit
2898 844 3039 897 enim
3073 862 3086 897 :
3119 845 3244 900 Post
3274 864 3359 903 me

1787 935 1964 989 veniet
1992 935 2091 990 vir.

1857 1026 1924 1082 A.
1963 1025 2118 1079 Absit
2154 1033 2299 1079 tanta
2333 1025 2673 1080 absurditas!
2704 1025 2884 1081 Facile
2915 1028 3058 1082 enim
3091 1028 3359 1099 iudicabi-

1788 1132 1907 1169 mus
1937 1132 2046 1169 rem
2076 1116 2145 1170 ita
2174 1131 2233 1170 se
2264 1133 2367 1171 non
2398 1118 2617 1183 habere,
2643 1119 2686 1173 si
2720 1120 2928 1173 illud'in
2958 1120 3188 1177 Psalmis
3214 1124 3355 1178 scri-

1786 1213 1934 1273 ptum
1970 1215 2114 1259 recte
2149 1206 2510 1275 intelligamus
2542 1225 2555 1261 :
2595 1225 2613 1258 ι
2653 1207 2917 1274 Quoniam
2953 1210 3074 1279 quis
3106 1211 3159 1265 in
3194 1212 3354 1265 nubi-

1787 1298 1886 1349 bus
1917 1298 2220 1365 aequabitur
2252 1296 2521 1351 Domino?
2553 1308 2607 1351 ct
2640 1299 2762 1367 quis
2795 1299 2989 1353 similis
3021 1303 3124 1355 erit
3160 1302 3271 1356 Deo
3303 1305 3355 1356 in

1789 1388 1910 1443 liliis
1940 1390 2029 1443 Dei
2050 1390 2133 1441 "?
2170 1408 2187 1441 ι
2224 1389 2529 1443 Tribuenda
2564 1389 2742 1457 itaque
2772 1401 2856 1445 est
2887 1390 3008 1459 ipsi,
3042 1396 3202 1445 etiam
3235 1409 3357 1446 cum

1786 1495 1973 1546 carne,
2006 1481 2345 1550 antiquitatis
2362 1482 2743 1551 praerogativa,
2775 1483 3027 1536 nimirum
3050 1494 3107 1537 ut
3128 1484 3237 1539 Deo
3268 1501 3361 1538 na-

1789 1572 2033 1627 turaliter
2074 1575 2227 1626 nnito
2271 1575 2445 1636 carni,
2485 1575 2684 1643 quique
2733 1576 2963 1644 propria:
3004 1591 3113 1630 sua!
3162 1586 3362 1631 natum

1787 1662 1925 1716 bona
1956 1664 2165 1731 corpori
2198 1664 2360 1721 etiam
2391 1680 2489 1717 suo
2518 1666 2921 1719 communicare
2948 1668 3253 1723 consuevit.

1859 1752 1919 1805 Β.
1960 1751 2173 1821 Optime
2203 1755 2359 1808 dicis.

1858 1845 1925 1899 A.
1967 1842 2079 1898 Hoc
2103 1860 2230 1899 vero
2258 1846 2327 1899 ita
2356 1860 2413 1900 se
2439 1846 2659 1913 habere,
2689 1856 2941 1917 recteque
2967 1850 3071 1905 dici
3101 1850 3264 1904 etiam
3292 1864 3359 1904 ex

1787 1934 1906 1989 aliis
1937 1935 2258 1989 testimoniis
2284 1936 2496 1989 discere
2523 1937 2742 2006 poteris.
2771 1936 2845 1989 Ita
2875 1938 3019 1992 enim
3050 1939 3192 1993 Deus
3223 1939 3354 1993 alibi

1787 2039 1881 2092 per
1914 2025 2201 2094 quemdam
2248 2028 2631 2094 praphetarum
2676 2027 2742 2080 de
2782 2028 2997 2081 Christo
3041 2043 3107 2083 ex
3155 2030 3362 2083 semine

1788 2113 1953 2167 David
1988 2114 2281 2167 secundum
2319 2130 2539 2167 carnem
2582 2116 2815 2181 loquitur
2849 2134 2861 2169 :
2904 2136 2921 2167 ι
2966 2116 3032 2170 Et
3072 2126 3159 2184 tu,
3198 2117 3362 2173 Beth-

1785 2203 1979 2268 lehem,
2004 2204 2190 2257 domus
2214 2202 2510 2271 Ephratha,
2533 2207 2753 2259 minima
2778 2221 2835 2261 es
2858 2206 2912 2260 in
2941 2207 3173 2262 millibus
3190 2205 3358 2274 Juda;

1785 2309 1849 2349 ex
1888 2304 1939 2348 te
1973 2295 2100 2347 mihi
2137 2296 2446 2363 egredietur
2478 2297 2567 2363 qui
2606 2297 2677 2350 sit
2714 2277 3021 2353 dominator
3054 2300 3107 2353 in
3142 2298 3308 2355 Israel
3342 2315 3357 2352 :

1784 2393 1838 2438 et
1871 2399 2122 2453 egressus
2154 2386 2270 2453 ejus
2303 2387 2370 2440 ab
2408 2386 2560 2441 initio
2593 2402 2621 2439 a
2660 2388 2851 2444 diebus
2883 2390 3294 2445 aeternitatis“.
3333 2409 3354 2443 ι

1786 2475 1860 2529 De
1895 2475 2020 2529 ﬁliis
2058 2486 2234 2529 autem
2278 2474 2438 2530 Israel
2479 2477 2846 2531 divinissimus
2886 2477 3083 2534 Paulus
3108 2480 3190 2533 ita
3228 2481 3305 2535 ait
3339 2501 3355 2534 ξ

1791 2585 1809 2617 ι
1842 2565 1977 2632 Quia
2008 2581 2195 2621 omnes
2218 2567 2278 2619 in
2313 2568 2493 2638 Moyse
2526 2568 2779 2637 baptizati
2810 2578 2936 2624 sunt
2969 2571 3020 2624 in
3055 2571 3196 2625 nube
3221 2581 3273 2626 et
3302 2572 3357 2625 in

1786 2656 1943 2720 mari,
1976 2665 2031 2709 et
2058 2671 2248 2710 omnes
2274 2658 2519 2710 eamdem
2551 2672 2733 2710 escam
2765 2657 3099 2725 spiuitualcm
3134 2660 3357 2712 mandu—

1785 2756 2069 2810 caverunt,
2104 2756 2159 2800 et
2189 2762 2377 2800 omnes
2411 2747 2661 2800 eumdem
2698 2760 2880 2814 petum
2916 2747 3244 2816 spiritualem
3278 2747 3358 2802 bi-

1784 2835 1997 2891 berunt.
2046 2836 2307 2889 Bibehant
2361 2837 2504 2890 enim
2553 2836 2622 2890 de
2670 2837 2933 2904 spirituali
2989 2850 3358 2905 consequente

1784 2939 1876 2979 eos
1911 2934 2081 2993 petra.
2116 2922 2273 2975 Petra
2307 2930 2487 2976 autem
2519 2932 2634 2976 erat
2664 2923 2911 2979 Christus
2934 2925 3002 2979 ".
3043 2944 3061 2977 ι
3098 2924 3359 2979 Animad-

86 2834 474 2906 πνευματικὸν
524 2834 748 2903 ἔφαγον,
799 2836 894 2887 καὶ
942 2838 1146 2896 πάντες
1187 2834 1248 2886 τὸ
1280 2834 1410 2887 αὐτὸ
1442 2852 1683 2905 πνευμα-

78 2928 243 2982 τικὸν
283 2928 442 2981 ἔπιον
472 2928 645 2998 πόμα.
687 2929 909 2981 Ἐπινον
935 2930 1041 2998 γὰρ
1064 2928 1130 2980 ἐκ
1151 2929 1525 2998 πνευματικῆς
1549 2929 1680 2981 ἀκο-

80 3018 401 3086 λουθούσης
455 3018 681 3088 πέτρας.
745 3019 808 3070 Ἦ
861 3019 1034 3089 πέτρα
1081 3017 1140 3070 δὲ
1190 3014 1257 3089 ἦν
1298 3019 1327 3070 6
1373 3020 1624 3089 Χριστός.
1657 3039 1675 3070 ι

1791 3025 1934 3069 verte
1964 3016 2145 3082 itaque
2175 3015 2227 3067 in
2258 3013 2476 3068 Christo
2503 3013 2630 3068 Jesu
2663 3016 2872 3069 ratione
2900 3016 3121 3069 unitatis
3150 3030 3250 3084 per
3276 3018 3357 3070 in-

83 3109 292 3182 "AGper
326 3108 395 3178 δὴ
429 3104 520 3161 οὖν
543 3110 599 3160 ἐν
624 3108 845 3180 Χριστῷ
882 3107 1056 3177 Ἰησοῦ
1093 3106 1215 3160 καθ’
1250 3108 1443 3161 ἕνωσιν
1476 3110 1676 3161 οἰκονο-

1791 3108 2152 3160 carnationem
2199 3104 2352 3158 factae
2395 3104 2721 3173 peculiarem
2756 3105 2915 3160 Verbi
2962 3107 3355 3175 antiquitatem.

81 3201 265 3273 μικήν
312 3200 379 3253 τὸ
430 3199 611 3263 ίδικῶς
649 3200 745 3252 τοῦ
788 3200 960 3268 Λόγου
1017 3198 1407 3270 πρεσϐύτατον.
1462 3196 1537 3253 Ἦ
1586 3202 1676 3254 οὐκ

1791 3196 1977 3251 Nonne
2023 3197 2115 3250 tibi
2160 3197 2291 3249 satis
2335 3206 2521 3264 aperte
2565 3197 2681 3251 haec
2724 3197 2863 3251 dicta
2902 3199 3183 3254 videntur?
3223 3198 3355 3253 Nam

76 3295 338 3367 ἐναργὴς
402 3295 430 3346 6
478 3292 673 3361 λόγος;
724 3292 826 3344 Τὸν
877 3293 983 3362 γάρ
1034 3308 1118 3344 τοι
1178 3293 1555 3365 Βηθλεεμίτην
1610 3294 1676 3358 ὡς

1791 3289 2255 3352 Bethlehemitam,
2275 3301 2331 3341 ut
2352 3289 2620 3343 hominem
2648 3297 2701 3342 et
2728 3302 2794 3342 ex
2821 3288 3042 3344 muliere
3069 3301 3271 3354 natum,
3290 3293 3359 3345 ah

74 3388 392 3458 ἄνθρωπον
423 3384 517 3437 καὶ
546 3385 611 3436 ἐκ
637 3382 920 3451 γυναικὸς,
952 3384 1205 3453 άπαρχῆς
1252 3384 1445 3445 αἰῶνος
1469 3385 1567 3449 τὰς
1596 3385 1676 3451 ἐξ·

1791 3384 1941 3439 initio
1988 3381 2167 3435 saeculi
2219 3395 2471 3449 egressus
2524 3380 2718 3432 habere
2775 3380 2924 3433 dicit.
2980 3381 3036 3434 In
3093 3383 3359 3452 principii.

75 3480 243 3541 όδους
275 3476 429 3547 ἔχειν
456 3472 516 3528 εὖ
543 3475 687 3546 μάλα
716 3476 898 3545 φησίν.
916 3476 1005 3529 Ἐν
1033 3478 1175 3547 ἀρχῇ
1204 3476 1312 3545 γὰρ
1338 3472 1427 3548 ἦν,
1464 3479 1557 3531 καὶ
1580 3480 1687 3550 πρὸ

74 3569 301 3634 παντὸς
337 3567 557 3633 αἰῶνος,
594 3570 622 3621 6
647 3568 1070 3638 ἐνανθρωπήσας
1101 3569 1293 3635 Λόγος,
1311 3571 1405 3623 καὶ
1430 3571 1593 3634 αὐτὸς
1617 3567 1686 3641 ἦν

73 3665 109 3733 ἠ
153 3660 385 3729 πέτρα,
425 3656 747 3727 δεδιψηκότα
787 3657 878 3709 τὸν
922 3656 1137 3727 Ἰσραὴλ
1185 3660 1298 3720 τοῖς
1328 3658 1458 3729 παρ’
1497 3660 1686 3713 ἐλπίδα

71 3756 177 3811 καὶ
208 3750 510 3821 ἀδοκήτοις
535 3749 890 3821 ἐκμεθῦσκων
928 3748 1152 3819 νάμασι,
1185 3750 1363 3803 καίτοι
1404 3751 1685 3821 γεννηθεὶς

71 3844 232 3902 κατά
274 3860 347 3911 γε
384 3842 482 3913 τὴν
510 3842 691 3911 σάρκα
731 3841 824 3894 καὶ
866 3841 927 3893 τὸ
954 3840 1295 3911 ἀνθρώπινον
1335 3843 1392 3894 ἐν
1434 3844 1685 3913 ἐσχάτοις

68 3937 331 4007 καιροῖς,
368 3933 462 3985 καὶ⁵
489 3931 844 4002 κεχρισμένος
873 3932 952 3993 εἰς
982 3930 1083 4002 τὴν
1112 3933 1191 3995 είς
1223 3931 1429 4001 κόσμον
1454 3933 1685 3988 ἀποστο-

67 4029 177 4102 λὴν
210 4024 381 4097 παρὰ
413 4023 507 4077 τοῦ
533 4023 666 4077 Θεοῦ
697 4025 791 4078 καλ⁵
821 4022 1053 4093 Πατρός.
1102 4022 1536 4090 Κατωνόμασται
1575 4026 1683 4096 γὰρ

65 4125 177 4195 οὐχ
235 4120 441 4190 ἐτέρου
491 4135 586 4171 του
635 4116 815 4188 χάριν,
864 4114 979 4169 ἀλλ’
1019 4115 1051 4185 ἢ
1102 4114 1189 4169 διὰ
1237 4119 1397 4172 τοῦτο
1425 4120 1680 4189 Χριστός·

67 4214 332 4288 Χριστὸς
402 4209 458 4262 δὲ
496 4204 563 4279 ἦν
611 4209 644 4277 ἠ
694 4209 889 4278 πέτρα,
918 4207 1057 4260 κατὰ
1094 4208 1185 4262 τὸν
1223 4210 1453 4265 Παῦλον.
1479 4206 1557 4263 Ἦ
1593 4213 1684 4263 ἑν-

65 4306 341 4363 δοιαστὸν
366 4303 430 4355 τὸ
463 4303 651 4373 χρῆμα
674 4303 818 4373 ἐρεῖς
839 4318 853 4365 ;

1791 4302 2014 4356 censes?

142 4400 212 4453 B.
251 4395 555 4464 Οὐδαμῶς.

1858 4394 1919 4445 Β.
1963 4392 2332 4462 Nequaquam.

140 4494 216 4546 Δ.
271 4488 702 4555 Ἐπαγωνιεῖται
730 4486 786 4539 δὲ
823 4488 914 4541 καὶ
960 4486 1280 4558 συναθλήσει
1309 4487 1553 4559 τῷλόγῳ
1588 4490 1676 4541 καὶ

1860 4487 1924 4538 Δ.
1963 4485 2265 4538 Continuat
2310 4497 2437 4536 vero
2484 4482 2624 4536 hanc
2670 4484 3030 4550 sententiam,
3075 4493 3129 4537 et
3166 4492 3355 4541 tuetur

62 4585 97 4638 6
157 4581 341 4649 σοφὸς
400 4576 693 4646 Ἰωάννης,
744 4579 1027 4647 μονονουχὶ
1068 4580 1159 4630 καὶ
1205 4579 1538 4649 συναγείρων
1581 4580 1676 4644 τὰς

1791 4575 2039 4640 Joannes,
2067 4577 2228 4646 712
2260 4584 2467 4628 tantum
2500 4589 2601 4627 non
2630 4590 2961 4644 congregans
2988 4577 3037 4628 in
3066 4593 3228 4632 unum
3252 4594 3363 4632 na-~

61 4675 303 4745 φύσεις,
342 4670 443 4724 καὶ
480 4670 560 4732 είς
587 4670 947 4739 μισγάγκειαν
974 4670 1121 4737 ἄγων
1144 4669 1249 4722 τῶν
1282 4671 1517 4742 ἑκατέρᾳ
1543 4689 1676 4742 πρε-

1791 4678 1933 4723 turas
1952 4705 1967 4730 ,
2000 4678 2053 4720 ct
2085 4668 2469 4737 proprietatum
2503 4678 2620 4731 qua!
2650 4666 2862 4735 utrique
2888 4668 3217 4721 conveniunt
3244 4671 3349 4721 vim

62 4766 303 4819 πόντων
335 4761 647 4829 ἰδιωμάτων
695 4760 796 4831 τὴν
826 4759 1075 4830 δυνάμιν.
1126 4760 1235 4813 Θέα
1264 4761 1371 4832 γάρ
1410 4762 1439 4814 ὃ
1476 4778 1674 4832 φησιν·

1791 4774 1849 4813 ac
1874 4759 2124 4811 virtutem
2154 4758 2205 4810 in
2236 4772 2395 4809 unam
2426 4756 2781 4811 conﬂuentem
2808 4758 3031 4810 ducens.
3054 4757 3184 4811 Vide
3209 4758 3351 4811 enim

1783 4849 1913 4919 quid
1959 4849 2102 4902 dicat
2140 4865 2153 4901 :
2205 4865 2223 4896 ι
2267 4848 2418 4912 Quod
2459 4858 2577 4902 erat
2623 4848 2690 4901 ab
2736 4846 2919 4911 initio;
2962 4850 3105 4915 quod
3148 4848 3352 4901 audivi-

1788 4958 1925 5005 mus,
1960 4942 2103 5009 quod
2144 4940 2375 4993 vidimus
2414 4937 2586 4993 oculis
2632 4939 2862 5005 nostris;
2899 4946 3039 5007 quod
3078 4940 3352 5008 perspexi-

1784 5047 1938 5095 nms,
1980 5041 2033 5084 et
2077 5046 2267 5083 manus
2311 5038 2507 5083 nostra!
2550 5037 3026 5082 contrectaverunt
3071 5033 3139 5082 de
3173 5028 3351 5083 Verbo

1782 5124 1926 5176 vitae.
1956 5120 2023 5175 Et
2053 5124 2159 5175 vita
2194 5120 2537 5175 manifestata
2572 5130 2683 5185 est,
2718 5131 2773 5173 et
2804 5121 3068 5184 vidimus,
3100 5130 3154 5173 et
3188 5130 3351 5175 testa-

1786 5229 1926 5278 mur,
1970 5214 2350 5267 annuntintntts
2393 5213 2543 5268 vobis
2581 5213 2743 5267 vitam
2783 5222 3038 5266 aeternam
3080 5227 3197 5280 quae
3234 5221 3348 5265 erat

1783 5305 1921 5373 apud
1954 5305 2189 5371 Patrem,
2220 5317 2276 5360 et
2304 5306 2550 5376 apparuit
2580 5306 2733 5360 nobis
2753 5307 2820 5361 ".
2861 5324 2880 5357 ι
2918 5302 3075 5358 Vides
3106 5320 3226 5358 eum
3257 5306 3347 5372 qui

1784 5394 1884 5449 fuit
1909 5395 1976 5448 ab
2004 5395 2177 5460 initio,
2209 5395 2493 5451 manifeste
2517 5397 2690 5451 visum
2720 5396 2905 5459 fuisse,
2935 5406 2988 5448 et
3016 5396 3157 5464 tangi
3186 5396 3348 5448 susti-

1785 5486 1985 5540 nuisse.
2011 5484 2341 5541 Exclamavit
2366 5489 2506 5541 enim
2529 5485 2765 5541 Thomas
2793 5504 2806 5539 :
2839 5506 2857 5537 ι
2893 5486 3147 5539 Dominus
3175 5499 3348 5549 meus,

1784 5587 1839 5630 ct
1882 5576 2023 5631 Deus
2066 5592 2216 5631 meus
2244 5579 2310 5643 ",
2363 5597 2381 5629 ι
2430 5594 2549 5631 cum
2601 5588 2955 5647 pertentassct
2995 5578 3161 5648 digito
3206 5576 3345 5631 latutl

1785 3476 1927 3530 enim
1967 3483 2107 3537 erat,
2145 3484 2199 3527 et
2239 3482 2364 3526 ante
2400 3473 2577 3525 omnia
2618 3470 2812 3524 saacula
2860 3471 3195 3525 iucarnatum
3229 3473 3356 3528 Ver-

1785 3568 1933 3632 bum,
1973 3576 2027 3619 et
2073 3567 2245 3635 ipsum
2288 3574 2406 3617 crat
2451 3574 2623 3630 petra,
2664 3565 2918 3618 lsraelem
2966 3566 3055 3618 siti
3103 3564 3355 3620 affectum

1786 3658 2064 3728 repentina
2102 3665 2266 3725 atque
2301 3655 2574 3725 inopinata
2609 3670 2872 3725 aquarum
2906 3658 3235 3727 scaturigine
3269 3673 3359 3713 sa-

1786 3752 1946 3815 tians,
1978 3750 2186 3805 tametsi
2219 3758 2401 3803 natum
2429 3748 2497 3803 sit
2525 3748 2817 3802 secundum
2846 3764 3059 3804 carnem
3086 3760 3140 3802 et
3166 3751 3361 3804 huma-'

1785 3843 2006 3897 nitatem
2056 3843 2107 3895 in
2156 3840 2465 3895 novissimis
2512 3842 2841 3907 temporibus
2886 3857 2900 3893 :
2952 3850 3252 3910 unctusque
3300 3842 3356 3895 in

1785 3933 2144 4004 apostolatum
2186 3934 2237 3985 in
2276 3933 2532 3985 mundum
2574 3946 2603 3985 a
2638 3930 2748 3985 Deo
2791 3947 2854 3985 ac
2891 3931 3068 3987 Patre.
3104 3933 3237 3986 Nam
3278 3933 3358 3988 id-

1785 4029 1951 4089 circo,
1985 4039 2162 4093 neque
2191 4024 2354 4077 aliam
2384 4026 2454 4078 ob
2482 4038 2698 4077 causam
2728 4033 2947 4078 vocatus
2972 4034 3054 4078 est
3081 4024 3352 4088 Christus,
3379 4022 3382 4027 ’

1784 4120 1897 4172 sive
1934 4129 2147 4171 unctus.
2181 4115 2429 4170 Christus
2458 4125 2636 4169 autem
2666 4128 2784 4171 erat
2816 4125 2994 4184 petra,
3024 4117 3175 4186 juxta
3214 4118 3353 4173 Pau-

1786 4213 1914 4266 lum.
1956 4211 2111 4265 Anne
2160 4210 2509 4264 dubitandum
2557 4210 2657 4264 hac
2703 4210 2755 4263 in
2799 4223 2857 4263 re
2901 4210 3192 4279 quidquam
3234 4226 3353 4267 esse

66 4876 88 4909 ι
118 4858 193 4908 ὐ
240 4849 319 4924 ἦν
364 4850 643 4922 ἀπαρχῆς,
677 4851 706 4903 6
752 4852 1090 4921 ἀκηκόαμεν,
1131 4852 1160 4904 6
1202 4853 1529 4921 ἑωράκαμεν
1566 4857 1677 4916 τοῖς

59 4944 405 5018 ὀφθαλμοῖς
432 4941 609 5010 ἡμῶν,
637 4941 665 4994 6
694 4940 1056 5011 ἐθεασάμεθα,
1097 4943 1189 4995 καὶ
1216 4942 1270 4993 αί
1312 4945 1494 5012 χεῖρες
1518 4944 1551 5011 ἡ
1562 4943 1676 5011 μῶν

60 5036 467 5108 ἐψηλάφησαν
507 5032 635 5103 περὶ
676 5031 770 5084 τοῦ
805 5033 980 5100 Λόγου
1017 5034 1114 5101 τῆς
1156 5032 1323 5101 ζωῆς.
1371 5032 1468 5085 καὶ
1494 5036 1528 5102 ὴ
1563 5034 1675 5104 ζωὴ

60 5122 450 5199 ἐφανερώθη,
474 5121 567 5173 καὶ
586 5121 803 5190 ἐωράκα
812 5138 931 5189 μεν,
950 5122 1042 5173 καὶ
1069 5120 1471 5193 μαρτυροῦμεν,
1500 5123 1678 5189 ἀπαγ-

59 5220 367 5290 γέλλομεν
403 5214 531 5282 ὑμῖν
556 5210 657 5282 τὴν
702 5210 847 5280 ζωὴν
872 5212 971 5281 τὴν
1000 5211 1235 5277 αἰώνιον,
1271 5213 1390 5281 ἥτις
1432 5207 1499 5278 ἦν
1541 5213 1677 5282 πρὸς

57 5314 164 5367 τὸν
208 5306 475 5375 Πατέρα,
519 5304 613 5355 καὶ
649 5296 968 5374 ἐφανερώθή
1010 5306 1159 5374 ἡμῖν.
1189 5323 1207 5353 ι
1254 5303 1386 5355 Ἰδοὺ
1427 5303 1517 5356 τὸν
1554 5303 1681 5356 ὅντα

58 5397 383 5471 ἁπαρχῆς.
432 5387 612 5461 ὦφθαι
645 5396 711 5462 γέ
766 5412 928 5465 φησιν
975 5394 1240 5464 ἐναργῶς,
1286 5394 1571 5463 ὑπομεῖναί
1622 5412 1681 5447 τε

60 5497 169 5552 καὶ
195 5488 389 5559 ἁφήν.
442 5484 825 5556 Ἀνεκεκράγει
852 5486 959 5557 γὰρ
999 5488 1027 5538 6
1078 5486 1297 5555 Θωμᾶς·
1328 5506 1345 5537 ι
1377 5488 1433 5541 Ὀ
1476 5485 1681 5557 Κύριός

63 5604 181 5661 μου
199 5626 216 5651 ,
275 5577 385 5635 καὶ
413 5576 441 5629 ὀ
463 5576 594 5640 Θεός
622 5595 743 5648 μου,
770 5597 789 5631 ι
824 5580 1206 5651 άναμετρήσας
1236 5580 1484 5650 δακτύλῳ
1519 5580 1681 5632 πλευο

144 5761 198 5795 ³⁸
222 5753 395 5814 Psal.
430 5768 691 5817 Lxxxvm,
719 5752 770 5808 7.
868 5755 912 5786 ’³
945 5753 1103 5809 Mich.
1138 5768 1193 5819 ν,
1229 5755 1284 5811 2.
1360 5756 1405 5787 ⁸⁵
1433 5755 1448 5808 l
1474 5755 1601 5810 Cor.
1634 5770 1676 5807 ιη

1791 5754 1842 5811 ι.
1921 5754 1966 5787 ’⁸
1995 5756 2011 5809 ι
2042 5754 2194 5810 Joan.
2229 5772 2263 5823 ι,
2302 5757 2352 5819 l,
2388 5757 2440 5810 Ξ.
2516 5758 2561 5788 ’⁸
2592 5755 2748 5810 Joan.
2783 5771 2871 5819 xx,
2898 5756 2989 5812 28.
