3846 6210
457 291 590 348 1251

1447 283 1508 340 S.
1548 277 1825 336 CYRlLLl
1864 271 2340 331 ALEXANDRINI
2378 270 2692 327 ARCHIEP.

3592 268 3731 322 1252

458 408 728 482 corporis,
770 415 826 463 et
872 405 1217 477 pertuslones
1260 404 1375 459 sive
1425 400 1692 456 foramina
1738 397 2033 453 clavorum.

2156 391 2240 445 νάν
2262 407 2321 443 τε
2356 389 2455 462 τὴν
2507 388 2759 461 σώματος
2800 390 2896 443 καὶ
2927 388 3028 453 τάς
3060 388 3375 461 διατρήσεις
3407 388 3524 441 τῶν
3561 388 3724 459 ἥλων.

456 502 595 570 Quin
628 511 684 556 et
716 500 929 555 divinus
962 496 1134 550 Lucas
1165 496 1242 549 ait
1272 502 1490 549 sanctos
1520 491 1793 561 apostolos
1826 498 2039 559 specta-

460 607 606 648 tore-5
642 602 697 646 et
740 591 1016 645 ministros
1043 587 1202 643 Verbi
1240 586 1407 640 fuisse
1429 584 1497 637 ".
1535 581 1734 638 Factus
1772 590 1856 635 est
1890 580 2036 634 enim

457 686 785 755 conspicuus
832 683 921 751 qui
973 689 1056 735 est
1102 680 1486 748 incorporeus,
1531 684 1587 730 et
1633 671 2039 730 contrectabilis

459 777 549 846 qui
586 773 729 843 tangi
763 772 981 842 nequit,
1014 785 1237 825 carnem
1268 783 1428 838 quam
1462 765 1640 821 induit
1671 780 1776 818 non
1808 763 2037 818 alienam

458 882 490 921 a
525 880 582 920 se
615 864 853 929 habens,
891 862 985 917 sed
1019 861 1296 930 pr0primn
1332 858 1433 912 sibi
1473 856 1728 926 templum
1762 853 2036 918 elﬁciens;

460 968 514 1011 et
563 972 685 1011 cum
733 970 797 1010 ea
848 952 1095 1023 cognitus
1149 962 1206 1005 ut
1258 951 1399 1005 Deus
1448 958 1503 1003 et
1555 949 1835 1027 Dominus.
1887 945 2038 999 Nosti

461 1051 624 1102 etiam
650 1048 777 1117 quid
804 1046 1184 1102 sanctissimus
1210 1044 1297 1097 ille
1323 1042 1520 1096 Paulus
1544 1040 1736 1095 scribit
1760 1058 1774 1094 :
1800 1057 1820 1090 ι
1850 1036 2038 1104 Nemo,

465 1142 662 1210 inquit,
705 1151 947 1196 nostrum
989 1136 1093 1191 sibi
1135 1137 1289 1197 vivit,
1333 1144 1388 1186 et
1430 1147 1591 1186 nemo
1636 1130 1741 1185 sibi
1789 1131 2037 1183 moritur.

466 1234 592 1287 Sive
618 1232 763 1285 enim
789 1231 1041 1292 vivimus,
1072 1225 1581 1289 Domino'vivimus;
1609 1224 1724 1277 sive
1754 1224 2036 1285 morimur,

470 1322 694 1376 Domino
718 1322 998 1375 morimur.
1030 1319 1155 1372 Sive
1180 1331 1307 1384 ergo
1336 1312 1587 1378 vivimus,
1616 1314 1730 1367 sive
1760 1310 2038 1377 morimur,

463 1414 674 1469 Dumlnl
712 1428 921 1467 smnus.
959 1412 1012 1464 ln
1053 1411 1155 1464 hoc
1192 1409 1334 1461 enim
1368 1406 1620 1461 Christus
1655 1414 1899 1456 mortuus
1934 1412 2037 1466 est,

462 1517 518 1560 et
548 1505 868 1567 resurrexit,
897 1511 954 1557 ut
985 1512 1038 1556 et
1070 1502 1313 1554 vivorum
1347 1507 1400 1552 et
1430 1507 1765 1550 mortuorum
1798 1493 2043 1547 domine-

463 1609 552 1653 tur
586 1598 652 1652 ³⁸.
688 1615 710 1648 ι
745 1595 971 1651 Constat
1005 1594 1185 1662 itaque
1222 1591 1363 1659 quod
1399 1604 1586 1643 revera
1620 1588 1929 1642 dominatus
1974 1585 2043 1639 sit

466 1702 803 1744 mortuorum
835 1697 889 1741 et
919 1686 1241 1748 viventium,
1272 1682 1360 1752 qui
1395 1697 1499 1735 non
1531 1679 1600 1735 ob
1630 1680 1789 1735 aliam
1821 1692 2039 1733 causam

465 1798 626 1853 quam
655 1782 723 1837 ob
753 1782 894 1835 hanc
924 1779 1091 1834 solam
1126 1789 1374 1832 mortuus
1404 1787 1487 1830 est
1519 1786 1573 1829 et
1605 1773 1923 1829 resurrexit.

535 1958 599 2014 Β.
640 1959 892 2014 Omnino.

536 2055 600 2104 Α.
644 2051 943 2117 Quemnam
999 2048 1161 2118 igitur
1203 2047 1446 2101 dicemus
1494 2044 1726 2100 subiisse
1778 2052 2043 2108 mortem,

467 2157 793 2211 rursumque
822 2138 1219 2195 resurrexisse?

537 2232 598 2286 Β.
638 2232 836 2286 Filimn
866 2231 1130 2301 profecto.

538 2326 604 2378 A.
645 2322 839 2377 Filium
874 2324 1091 2393 quidem
1131 2332 1276 2379 recte
1313 2323 1473 2388 dicis,
1504 2332 1668 2392 atque
1698 2336 1799 2392 ego
1838 2322 1890 2376 id
1925 2335 2049 2391 pro-

466 2415 663 2470 harim.
698 2413 971 2470 Caeterum
1011 2414 1117 2469 hoc
1160 2430 1225 2469 ex
1273 2425 1324 2469 te
1368 2415 1524 2468 velim
1571 2425 1934 2482 cognoscere,
1979 2426 2046 2465 an

469 2504 704 2559 Verbum
732 2522 801 2560 ex
829 2507 937 2560 Deo
965 2503 1129 2560 Patre
1157 2504 1230 2560 sit
1263 2503 1492 2560 mortale
1515 2513 1571 2558 et
1598 2504 1927 2573 corruptioni
1954 2503 2050 2557 ob-

466 2599 721 2659 noxium;
760 2613 827 2651 an
866 2598 1044 2667 potius
1084 2606 1259 2653 morte
1297 2605 1351 2651 et
1389 2595 1737 2666 corruptione
1774 2598 2046 2666 superius,

468 2698 525 2742 ut
554 2688 683 2744 vita.

539 2782 600 2838 Β.
640 2782 917 2838 Posterius
945 2799 1048 2840 noc
1076 2782 1478 2839 allirmaverim.

539 2876 602 2927 Α.
646 2872 923 2940 Quomodo
952 2875 1115 2944 igitur
1142 2876 1371 2930 mortuis
1398 2882 1785 2929 annumeratus
1810 2883 1892 2929 est
1910 2918 1923 2941 ,
1954 2877 2045 2946 qui

469 2963 605 3017 liber
626 2974 709 3018 est
737 2966 1031 3018 secundum
1058 2963 1406 3034 Scripturas?
1432 2962 1615 3034 Neque
1641 2964 1785 3018 enim
1807 2961 2045 3020 Verbum

468 3072 563 3124 per
586 3070 644 3111 se
672 3057 806 3110 mori
837 3068 1020 3125 queat.

540 3145 598 3199 Β.
641 3146 776 3212 Quia
821 3158 1031 3200 mortua
1076 3146 1243 3217 ipsius
1281 3162 1467 3216 carne,
1504 3149 1621 3220 ipse
1662 3151 1763 3204 hoc
1808 3151 1916 3220 pali
1960 3148 2045 3204 di-

467 3236 627 3292 citur.

540 3330 606 3383 A.
648 3328 969 3386 [lectissime
993 3332 1186 3386 sentis.
1211 3334 1469 3396 Proinde,
1497 3349 1604 3389 non
1631 3334 1833 3404 absque
1856 3349 2041 3401 carne,

467 3421 562 3476 scd
591 3422 768 3492 potius
796 3424 955 3477 simul
981 3440 1102 3478 cum
1131 3425 1222 3479 illa
1249 3426 1636 3482 dominationis
1663 3427 1889 3498 gloriam
1915 3442 2044 3481 con-

468 3526 687 3570 secutus
713 3525 828 3579 est,
857 3517 948 3585 qui
981 3515 1093 3584 lege
1122 3519 1309 3572 carnis
1339 3528 1393 3573 et
1424 3531 1617 3573 natura
1650 3521 1810 3573 simili
1845 3530 2045 3575 nostra:

468 3616 713 3662 mortuus
750 3618 833 3663 est
871 3619 925 3662 et
964 3610 1278 3665 resurrexit.
1319 3610 1564 3666 llmnana
1602 3611 1820 3682 quidem
1864 3614 2045 3683 passio

467 3706 552 3752 est
586 3699 756 3760 mori;
793 3697 953 3768 713
989 3700 1227 3753 divinam
1264 3716 1391 3755 vero
1426 3702 1533 3754 vim
1571 3713 1735 3770 atque
1768 3706 2047 3770 operatio-

468 3804 593 3844 nem
622 3796 953 3860 resurgendo
980 3793 1219 3844 ostendit
1252 3811 1265 3846 :
1299 3803 1358 3845 ut
1384 3807 1481 3861 per
1507 3803 1798 3863 utrumque
1828 3796 1927 3849 hoc
1955 3811 2045 3849 co-

467 3888 781 3948 gnoscatur,
821 3889 878 3933 et
919 3880 1112 3934 similis
1152 3881 1339 3946 nobis,
1379 3892 1437 3937 et
1480 3884 1638 3938 nobis
1681 3886 1946 3954 superior,
1991 3898 2047 3942 υι

471 3974 614 4029 Deus
664 3974 1059 4037 universorum,
1104 3984 1156 4027 et
1216 3974 1502 4028 nobiscum
1556 3975 1749 4041 factus,
1793 3989 2047 4032 cernatur

469 4082 590 4121 cum
621 4065 801 4119 Patre.
831 4065 941 4119 lloc
972 4076 1127 4134 pacto
1157 4065 1332 4134 ipsum
1362 4083 1695 4138 cognoscens
1721 4068 2044 4133 Nathauael,

468 4153 605 4208 dixit
661 4170 675 4207 :
731 4172 749 4205 ι
812 4153 1087 4222 Magister,
1150 4162 1203 4208 tu
1247 4170 1306 4211 es
1344 4156 1514 4212 Filius
1556 4159 1681 4225 Dei;
1748 4169 1802 4213 tu
1848 4177 1907 4214 es
1952 4177 2045 4215 rex

467 4243 634 4299 Israel
650 4244 718 4299 ³⁸.
752 4264 771 4297 ι
805 4245 922 4316 Ipse
977 4260 1107 4299 vero
1151 4246 1265 4301 suis
1319 4247 1602 4317 discipulis
1644 4250 1858 4318 inquit:
1892 4270 1909 4301 ‹
1936 4250 2047 4307 Vos

468 4345 650 4390 autem
674 4336 879 4389 vocatis
909 4351 992 4389 me
1021 4332 1309 4388 Dominum
1341 4346 1394 4389 et
1428 4337 1777 4407 magistrum;
1815 4352 1871 4396 et
1902 4355 2050 4398 recte

2139 482 2471 553 Γεγενῆσθαι
2517 482 2577 535 δέ
2610 498 2741 551 φησι
2780 482 2908 545 τοὺς
2941 481 3135 550 ἀγ-ίους
3177 480 3520 545 ἀποστόλους
3564 483 3663 535 καὶ
3702 484 3732 535 6

2140 574 2281 636 θεῖος
2309 576 2442 644 ⁴ἡμῖν
2476 574 2695 636 Λουκᾶς
2748 572 3025 636 αὐτόπτας
3070 590 3133 626 τε
3174 572 3272 626 καὶ
3304 569 3604 643 ’ὑπηρέτας
3638 573 3729 625 τοῦ

2140 666 2337 734 Λόγου.
2362 667 2557 734 Γέγονε
2586 665 2695 737 γάρ
2712 665 2962 737 ἐμφανὴς
2990 668 3018 719 6
3040 663 3352 736 ἀσώματος,
3389 666 3488 717 καὶ
3517 665 3733 727 ἀπτὸςό

2141 758 2373 830 ἀναφὴς,
2400 758 2501 811 οὐκ
2528 756 2734 811 ὀθνεῖον
2754 757 2894 827 ἔχων
2922 758 3001 810 ἔτι
3029 756 3344 829 περίὸλημα
3373 757 3475 827 τὴν
3497 755 3611 809 ἀπὺ
3630 756 3734 825 γῆς

2143 849 2340 920 σάρκα,
2369 848 2482 902 ἀλλ’
2519 848 2647 901 ἴδιον
2680 848 2853 919 αὐτὴν
2884 849 3254 919 ποιησάμενος
3300 849 3449 914 ναὸν,
3493 848 3596 901 καὶ
3640 850 3734 900 σὺν

2141 942 2278 1012 αὑτῇ
2312 940 2733 1012 γνωριζόμενος,
2763 940 2840 1004 ὡς
2868 940 3003 1004 Θεὸς
3028 940 3123 993 καὶ
3150 939 3374 1011 Κύριος.
3407 939 3737 1009 Γεγραψότα

2141 1032 2199 1085 δὲ
2234 1028 2393 1086 οἶσθά
2440 1050 2542 1086 που
2592 1032 2684 1085 τὸν
2726 1032 3021 1103 ἱερώτατον
3072 1032 3304 1085 Παῦλον·
3355 1032 3599 1095 «Οὐδεὶς
3632 1032 3734 1101 γάρ

2144 1125 2302 1196 ἡμῶν
2329 1125 2513 1197 ἐαυτῷ
2540 1124 2630 1196 ζῇ,
2659 1126 2755 1178 καὶ
2789 1125 2965 1189 οὐδεὶς
2995 1124 3173 1195 ἑαυτῷ
3207 1124 3572 1196 ἀποθνήσκει.
3615 1124 3733 1176 Ἐάν

2144 1235 2202 1271 τε
2235 1217 2344 1287 γὰρ
2372 1216 2574 1287 ζῶμεν,
2597 1214 2674 1287 τῷ
2704 1216 2894 1288 Κυρίῳ
2925 1217 3131 1287 ζῶμεν·
3164 1216 3257 1269 ἐάν
3284 1232 3343 1268 τε
3376 1215 3739 1285 ἀποθνήσκει)-

2147 1326 2265 1379 μεν,
2307 1306 2385 1378 τῷ
2428 1308 2622 1379 Κυρίῳ
2661 1308 3100 1378 ἀποθνήσκομεν.
3138 1307 3264 1360 Ἐάν
3296 1323 3355 1359 τε
3395 1302 3492 1359 οὖν
3534 1305 3739 1375 ζῶμεν,

2144 1400 2240 1453 ἐάν
2272 1417 2331 1453 τε
2363 1399 2822 1471 ἀποθνήσκωμεν,
2867 1399 2963 1452 τοῦ
2989 1401 3196 1469 Κυρίου
3230 1400 3419 1471 ἐσμέν.
3460 1400 3563 1462 Εἰς
3588 1399 3742 1452 τοῦτο

2145 1492 2253 1562 γὰρ
2281 1490 2516 1560 Χριστὸς
2544 1488 2808 1552 ἀπέθανε,
2856 1490 2950 1543 καὶ
2996 1489 3211 1561 ἔζησεν,
3258 1490 3345 1543 ἵνα
3392 1490 3491 1543 καὶ
3529 1490 3743 1561 νεκρῶν

2145 1583 2241 1636 καὶ⁸
2271 1581 2487 1645 ζώντων
2518 1580 2804 1654 κυριεύσῃ.
2838 1601 2855 1631 ι
2904 1582 3139 1652 Ἀραρεν
3168 1575 3281 1645 οὖν,
3319 1581 3401 1634 ὅτι
3447 1581 3745 1652 κεκυρίευ-

2148 1694 2243 1731 κεν
2270 1676 2486 1746 ἀληθῶς
2516 1677 2732 1748 νεκρῶν
2760 1693 2821 1728 τε
2854 1676 2948 1729 καὶ⁸
2988 1676 3207 1740 ζώντων
3233 1676 3260 1728 6
3311 1675 3387 1746 μὴ
3419 1676 3621 1747 ἑτέρου
3650 1692 3741 1728 του

2078 1746 2122 1800 Β
2151 1773 2330 1843 χάριν,
2366 1770 2398 1841 ἧ
2431 1746 2695 1824 61570665
2751 1772 2847 1823 καὶ
2882 1769 3050 1840 μόνου
3083 1766 3313 1832 τεθνεὼς
3355 1770 3455 1822 καὶ
3503 1770 3743 1839 ἐγηγερο

2153 1864 2332 1935 μένος.

2223 1956 2286 2010 Β.
2320 1956 2580 2026 Ἀραρεν.

2221 2048 2284 2098 Α.
2317 2046 2453 2099 Τίνα
2480 2045 2544 2116 δὴ
2577 2040 2688 2109 οὗν,
2734 2040 2779 2099 ὦ
2815 2048 3055 2114 γενναῖε,
3083 2044 3286 2116 φαμὲν,
3308 2043 3387 2107 ὡς
3426 2042 3611 2096 ὑπέδυ
3648 2041 3739 2112 μὲν

2150 2138 2403 2204 θάνατον,
2435 2138 2634 2192 ἀνεϐίω
2663 2138 2722 2191 δὲ
2751 2134 2851 2204 αὖ,

2220 2232 2281 2285 Β.
2315 2231 2417 2284 Τὸν
2444 2230 2573 2284 Υίδν
2598 2229 2857 2302 δηλονότι.

2210 2326 2278 2379 Α.
2328 2322 2467 2376 Ἀλλ’
2494 2324 2577 2377 ὃτι
2611 2323 2710 2394 μὲν
2740 2323 2831 2376 τὸν
2872 2322 3021 2387 Υἱδν,
3055 2317 3115 2376 εὖ
3143 2322 3342 2389 λέγεις·
3374 2323 3739 2390 ἐπαινέσομαι

2147 2414 2255 2487 γὰρ
2280 2410 2394 2470 οὖν.
2427 2414 2703 2486 Ἐθέλοιμι
2731 2415 2775 2469 δ’
2792 2416 2856 2471 ἄν
2886 2433 2977 2468 σου
3003 2415 3312 2485 διαμαθεῖν,
3345 2414 3589 2486 πότερον
3624 2413 3739 2483 θνῆ-

2147 2506 2238 2571 τὸς
2303 2508 2396 2561 καὶ
2431 2507 2609 2579 φθορᾷ
2648 2508 2881 2578 κάτοχος
2907 2509 2936 2560 6
2977 2510 3043 2560 ὲκ
3070 2507 3203 2561 Θεοῦ
3232 2507 3447 2578 Harpx
3484 2506 3736 2576 Λόγος,ἢ

2149 2599 2292 2669 πέρα
2326 2599 2555 2653 θανάτου
2583 2601 2678 2654 καὶ
2709 2600 2913 2670 φθοράς
2941 2598 3202 2668 ἀμείνων,
3236 2598 3311 2661 ώς
3336 2597 3472 2669 ζωή.

2219 2778 2281 2833 Β.
2318 2777 2474 2832 Οὕτω
2502 2779 2665 2850 φημί.

2218 2874 2282 2924 Α.
2315 2866 2451 2924 Εἶτα
2493 2870 2611 2935 πῶς
2657 2871 2880 2939 γέγονεν
2937 2871 2994 2923 ἐν
3032 2873 3265 2941 νεκροῖς,
3307 2871 3406 2923 καὶ
3453 2871 3736 2942 ἑλειὶθεμ

2148 2961 2244 3029 ῶν,
2288 2961 2431 3016 κατά
2473 2962 2574 3024 τὰς
2625 2962 2881 3032 Γραφάςς
2932 2961 3167 3032 Τεθναίη
3207 2962 3315 3032 γὰρ
3352 2962 3421 3015 ἂν
3466 2962 3594 3015 οὔτι
3641 2980 3735 3016 που

2073 3085 2115 3142 C
2149 3054 2271 3109 καθ’
2297 3054 2487 3108 ἑαυτὸν
2515 3056 2544 3107 6
2572 3055 2765 3122 Λόγος.

2221 3156 2283 3208 Β.
2316 3155 2438 3207 Ὅτι
2458 3152 2765 3225 τεθνεώσης
2797 3152 2960 3206 αὑτοῦ
2987 3152 3088 3223 τῆς
3132 3152 3353 3224 σαρκὸς,
3386 3152 3553 3215 αὐτὸς
3587 3152 3738 3205 τοῦτο

2146 3241 2364 3310 λέγεται
2392 3240 2608 3295 παθεῖν.

2216 3336 2281 3390 Α.
2320 3332 2620 3406 Ὀρθότατά
2663 3351 2727 3404 γε
2774 3334 2867 3388 καὶ
2901 3333 3173 3397 ἀπλανῶς.
3229 3335 3462 3399 οὐκοῦν,
3507 3337 3572 3388 οὐ
3618 3336 3739 3405 δέκα

2145 3427 2369 3497 σαρκὸς.
2399 3427 2495 3480 σὺν
2522 3427 2660 3497 αὐτῇ
2691 3427 2748 3480 δὲ
2780 3425 2983 3497 μᾶλλον
3006 3427 3109 3480 καὶο
3136 3427 3254 3497 μετ’
3281 3427 3474 3496 αὐτῆς,
3513 3428 3615 3497 τὴν
3643 3430 3738 3496 τῆς

2145 3517 2467 3587 κυριότητος
2514 3515 2815 3588 ἀνεδήσατο
2870 3516 3052 3582 δόξαν,
3098 3522 3128 3571 ό
3188 3518 3338 3588 νόμῳ
3396 3502 3605 3587 σαρκδς
3648 3517 3737 3569 καὶ

2147 3608 2305 3679 φύσει
2338 3611 2405 3680 τῇ
2437 3608 2561 3662 καθ’
2594 3610 2740 3679 ἡμᾶς
2771 3609 3004 3672 τεθνεὼς
3050 3611 3141 3663 καὶ
3172 3611 3571 3682 ἐγηγερμένος.
3616 3611 3735 3662 Ἂν-

2147 3700 2419 3773 θρώπινον
2442 3701 2540 3771 μὲν
2560 3700 2619 3754 τὸ
2640 3700 2892 3755 τεθνάναι
2922 3702 3115 3767 πάθος,
3164 3703 3446 3773 ἐνέργημα
3471 3703 3529 3755 δὲ
3558 3702 3736 3756 θεῐκδν

2146 3796 2205 3847 τὸ
2249 3793 2550 3847 ἀναϐιῶναι
2600 3793 2836 3860 δεικνὺς,
2894 3795 2979 3848 ἵνα
3009 3795 3079 3848 δι’
3127 3796 3327 3865 ἀμφοῖν
3372 3795 3734 3867 γνωρξζηται,

2149 3885 2271 3940 καθ’
2305 3887 2458 3957 ἡμᾶς
2484 3903 2544 3938 τε
2571 3885 2689 3956 ἅμα
2716 3887 2811 3938 καῖ⁵
2839 3887 2980 3957 ὑπὲρ
3006 3890 3039 3958 η
3050 3888 3155 3957 μᾶς
3184 3888 3259 3951 ὡς
3283 3889 3419 3951 Θεὸς
3441 3890 3553 3942 τῶν
3576 3891 3733 3953 ὅλων,

2149 3980 2241 4033 καὶ
2267 3979 2388 4046 μεθ’
2418 3978 2580 4049 ἡμῶν
2606 3982 2870 4048 γεγονὼς,
2900 3980 3073 4051 ὁρῷτο
3104 3983 3245 4052 μετά
3280 3983 3519 4052 Πατρός.
3549 3984 3736 4048 Οὕτως

2147 4070 2309 4123 αὑτὸν
2336 4073 2364 4124 6
2398 4069 2695 4142 Ναθαναὴλ
2738 4073 3139 4139 ἐπιγινώσκων,
3176 4074 3404 4143 ἔφασκεο
3459 4096 3477 4127 ι
3522 4078 3735 4139 Ῥαϐσὶ,

2149 4164 2215 4215 σὺ
2275 4159 2326 4216 εἴ
2384 4166 2413 4215 6
2479 4163 2605 4227 Υἱὸς
2664 4163 2761 4216 τοῦ
2818 4164 2988 4231 Θεοῦ,
3051 4168 3117 4220 σὺ
3166 4163 3217 4219 εἷ
3261 4170 3290 4220 6
3331 4167 3592 4237 βασιλεὺς
3644 4171 3735 4223 τοῦ

2147 4255 2387 4327 Ἰσραήλ.
2418 4276 2436 4306 ι
2460 4256 2629 4319 Αὐτὸς
2653 4258 2709 4309 δὲ
2733 4260 2847 4322 τοῖς
2865 4258 3059 4311 ἑαυτοῦ
3083 4258 3372 4332 μαθηταῖς·
3404 4281 3422 4313 ι
3455 4262 3653 4332 Ὑμεῖς
3684 4265 3735 4316 δὲ

2149 4347 2362 4400 καλεῖτέ
2405 4365 2493 4417 με,
2539 4349 2726 4419 φησιν,
2771 4350 2800 4400 6
2848 4349 3051 4421 Κύριος
3098 4352 3192 4405 καὶ
3238 4353 3599 4418 διδάσκαλος,
3645 4357 3734 4407 καὶ

468 4426 677 4492 dicitis,
714 4441 831 4481 smn
871 4427 1014 4480 enim
1045 4426 1111 4478 ³⁸.
1159 4445 1177 4476 ι
1218 4426 1295 4482 Re
1330 4442 1509 4482 autem
1548 4430 1661 4498 ipsa
1698 4431 1753 4486 id
1788 4448 2039 4504 compro-

2156 4439 2329 4503 καλῶς
2359 4440 2570 4508 λέγετεο
2601 4428 2718 4511 εἰμί
2742 4441 2869 4512 γάρ.
2903 4461 2920 4493 ι
2960 4443 3151 4513 Ἔργῳ
3165 4444 3219 4496 δὲ
3244 4445 3374 4497 αὐτὸ
3403 4448 3735 4517 πιστευόμε-

467 4522 622 4582 hans,
653 4519 879 4574 remittit
906 4529 1148 4588 peccata,
1177 4530 1230 4574 et
1260 4532 1580 4589 potestatem
1610 4524 1758 4578 dedit
1785 4527 2042 4583 adversus

466 4611 691 4681 spiritus
720 4611 1045 4676 immundos,
1076 4612 1149 4665 ita
1179 4622 1240 4666 ut
1270 4615 1475 4681 possint
1505 4615 1703 4681 ejicere
1731 4633 1844 4685 eos,
1875 4629 1930 4674 et
1955 4636 2045 4676 sa-

469 4716 600 4755 nare
625 4714 784 4753 omne
810 4715 980 4770 genus
1010 4702 1181 4756 morbi
1211 4703 1486 4773 popularis
1504 4706 1571 4760 ".
1598 4704 1789 4765 Nonne
1816 4712 1959 4765 enim
1988 4713 2040 4766 in

467 4792 683 4846 nomine
721 4790 846 4846 Jesu
890 4794 1088 4848 Christi
1133 4792 1398 4849 Nazareni
1444 4810 1672 4853 sanatur
1708 4801 1934 4858 claudus
1974 4820 2040 4858 ex

466 4895 697 4954 utroque
736 4886 889 4953 pede,
929 4888 1121 4941 sedens
1159 4888 1226 4941 ad
1267 4901 1478 4958 portam
1518 4906 1638 4959 qua:
1677 4894 1875 4948 dicitur
1912 4895 2045 4965 Spe—

465 4976 609 5030 ciosa
632 4976 715 5030 “‘2
742 4976 816 5030 Ita
845 4979 1009 5031 etiam
1042 4994 1071 5031 ιι
1104 4979 1360 5035 diuturno
1390 4984 1819 5055 gravissimoque
1853 4988 2042 5042 morbo

466 5066 727 5123 liberatus
756 5078 838 5123 est
866 5068 1089 5136 Ᾱξιιειιε,
1116 5070 1329 5127 dicente
1357 5073 1424 5127 ad
1454 5086 1576 5128 eum
1609 5076 1790 5132 divino
1821 5077 1986 5133 Paulo
2024 5097 2037 5132 :

472 5177 490 5211 ι
525 5157 723 5225 .Enea,
755 5169 914 5215 sanat
945 5172 997 5216 te
1026 5161 1186 5219 Jesus
1217 5163 1469 5221 Christus
1483 5163 1550 5219 ⁸³.
1589 5184 1609 5218 ι

538 5337 601 5391 Β.
639 5337 713 5392 lta
743 5348 847 5395 est.

539 5431 604 5484 A.
644 5426 803 5485 Omni
831 5429 994 5502 igitur
1019 5448 1083 5488 ex
1112 5445 1267 5505 parte
1291 5439 1553 5509 compulsi
1583 5442 1648 5497 ad
1678 5444 1956 5500 veritatem
1986 5456 2041 5500 et

2145 4550 2255 4596 νος,
2291 4534 2474 4603 ἀνίησι
2522 4533 2620 4604 μὲν
2663 4534 2958 4605 ἁμαρτίας,
2990 4535 3241 4601 ἐξουσίαν
3277 4536 3336 4589 δὲ
3380 4536 3559 4591 ἔδωκε
3600 4540 3734 4592 κατὰ

2147 4626 2474 4697 πνευμάτων
2521 4626 2870 4697 ἀκαθάρτων,
2922 4626 3060 4680 ὣστε
3102 4627 3385 4681 ἐκϐάλλειν
3426 4631 3598 4693 αὐτὰ,
3648 4632 3732 4684 καὶ

2146 4717 2475 4789 θεραπεύειν
2506 4720 2685 4772 πᾶσαν
2724 4719 2876 4771 νόσον
2908 4720 3001 4771 καὶ
3033 4721 3213 4773 πᾶσαν
3250 4720 3535 4789 μαλακίαν
3571 4724 3631 4777 ὲν
3664 4724 3731 4793 τῷ

2146 4806 2281 4877 λαῷ.
2308 4803 2383 4858 Ἦ
2415 4808 2517 4860 οὐκ
2542 4809 2598 4859 ἐν
2624 4806 2851 4875 ὀνόματι
2897 4808 3070 4879 Ἰησοῦ
3106 4808 3344 4879 Χριστοῦ
3378 4811 3726 4883 Ναζωραίου.

2144 4898 2541 4965 τεθεράπευται
2591 4898 2689 4968 μὲν
2727 4899 2755 4950 6
2791 4897 2872 4951 τὼ
2912 4901 3041 4953 πόδε
3074 4896 3478 4971 λελωϐημένος,
3530 4906 3635 4958 καὶ
3669 4910 3726 4975 τῇ

2142 4991 2321 5063 ὡραία
2360 4990 2708 5063 προσιζάνων
2753 4992 2939 5065 πύλῃ;
2986 4993 3298 5063 ἀρρωστίαν
3339 4993 3396 5047 δὲ
3457 4996 3566 5067 τὴν
3602 4998 3728 5049 οὕτω

2144 5080 2361 5151 μακράν
2391 5082 2743 5147 ἀπεσείσατο,
2770 5081 2867 5135 καὶ
2909 5082 3102 5154 κομιδῇ
3132 5082 3531 5150 δυσδιάφυκτον
3558 5086 3729 5155 διέδρα

2141 5173 2294 5225 νόσον
2349 5172 2570 5238 Αἰνέας,
2629 5174 2766 5245 πρὸς
2810 5174 2868 5227 ὃν
2922 5176 2951 5227 6
2993 5173 3279 5239 θεσπέσιος
3329 5175 3435 5247 ἔφη
3496 5178 3725 5242 Παῦλος·

2147 5284 2163 5315 ι
2188 5266 2373 5331 Αἰνέα,
2400 5267 2544 5320 ἰᾶταί
2569 5283 2628 5318 σε
2667 5268 2876 5337 Ἰησοῦς
2897 5269 2924 5320 6
2948 5268 3204 5339 Χριστός.
3245 5288 3264 5321 ι

2217 5358 2277 5410 Β.
2317 5356 2562 5427 Ἀληθές.

2219 5452 2282 5503 Λ.
2323 5450 2668 5521 Πανταχόθεν
2705 5447 2798 5503 οὖν
2841 5450 2950 5522 ἄρα
2994 5436 3394 5523 συνωθούμενοι
3423 5456 3569 5527 πρὸς
3607 5456 3729 5526 ἀλή-

793 5637 897 5732 ιᾶιῖ
995 5640 1039 5671 ³⁸
1062 5639 1218 5697 Rom.
1253 5658 1363 5711 xw,
1384 5643 1502 5698 7-9.
1580 5646 1624 5677 "
1648 5643 1804 5701 Joan.
1838 5662 1876 5713 l,
1904 5647 1995 5706 49.

2156 5650 2298 5708 loan.
2337 5668 2456 5722 xm,
2489 5653 2581 5708 15.
2662 5654 2705 5685 ⁸⁸
2731 5653 2923 5711 Matth.
2956 5670 3011 5722 ι,
3038 5654 3091 5709 8.
3168 5656 3213 5688 ³³
3234 5657 3356 5714 Act.
3386 5675 3475 5728 ιιι,
3509 5660 3546 5714 2
3576 5674 3725 5732 seqq.

471 5708 657 5762 “Act.
697 5722 772 5773 Ix,
804 5706 895 5763 δι.
