3846 6210
172 304 305 361 1253

1294 306 1479 373 QUOD
1519 306 1709 364 UNUS
1748 304 1856 361 SIT
1894 305 2267 362 CHRISTUS.

3270 306 3405 363 1354

168 423 337 487 θειαν,
374 422 469 476 καὶ
497 420 559 475 τδ
597 422 708 487 τοῖς
745 422 910 496 ιεροϊς
942 423 1237 497 Γράμμασι
1273 424 1464 480 δοκοῦν
1510 428 1730 497 ἰχνηλα-

1848 438 2108 485 ;acrarum
2150 423 2553 494 Scripturarum
2590 422 2896 478 auctoritati
2933 420 3279 491 acquiescere
3310 437 3406 477 vo-

165 515 276 565 τετν
314 506 372 565 εὖ
427 511 572 583 μάλα
610 513 1022 583 σπουδάζοντες,
1059 514 1153 569 καὶ¹
1192 518 1312 579 ταῖς
1356 515 1465 569 τῶν
1512 517 1734 587 πατρῶν

166 605 419 675 ἑπόμενοι
458 605 658 670 δόξαις,
684 606 773 659 τὸν
796 607 862 660 ὲκ
886 604 1041 678 ῥίζης
1083 608 1302 671 Ἰεσσαὶ,
1342 609 1431 662 τὸν
1470 611 1533 662 ὲκ
1565 610 1735 680 σπέρ-

168 714 334 767 ματος
364 695 548 759 Δαὸὶδ,
575 695 668 749 τὸν
698 699 760 751 ὲκ
796 697 1052 764 γυναικὸς
1089 698 1229 751 κατὰ
1262 698 1461 768 σάρκα,
1495 699 1585 751 τὸν
1618 701 1735 769 μεθ’

165 788 320 858 ἡμῶν
350 788 453 840 ὑπὸ
491 788 655 857 νόμον
693 787 768 850 ὼς
796 789 1102 860 ἄνθρωπον,
1138 790 1233 842 καὶ
1264 790 1403 861 ὑπὲρ
1430 792 1574 860 ἡμᾶς
1598 792 1736 861 ὑπὲρ

165 880 326 948 νόμον
353 880 428 942 ὡς
455 878 606 943 Θεὸν,
652 879 744 932 τὸν
767 879 833 932 δι’
881 880 1029 950 ἡμᾶς
1080 898 1137 934 τε
1182 881 1275 935 καὶ
1308 882 1440 952 μεθ’
1490 884 1647 953 ἡμῶν
1681 887 1736 937 ὲν

166 971 394 1039 νεκροῖς,
420 969 511 1020 τὸν
540 968 680 1039 ὑπὲρ
700 969 847 1039 ἡμᾶς
860 968 925 1022 δι’
950 968 1139 1022 ἑαυτὸν
1165 969 1424 1033 ζωοποιδν
1447 972 1539 1024 καὶ
1571 970 1722 1041 ζωὴκι

167 1060 290 1113 Υῑὸν
325 1054 466 1113 εἶναι
494 1059 588 1113 τοῦ
615 1059 749 1113 Θεοῦ
782 1058 924 1113 κατὰ
955 1060 1213 1133 ἀλήθειαν
1242 1062 1589 1133 πιστεύομεν,
1615 1063 1732 1115 οὔτε

164 1152 444 1221 ψιλοῦντες
477 1152 728 1221 Θεότητος
751 1151 811 1205 τὸ
839 1151 1202 1224 ἀνθρώπινον,
1231 1154 1354 1207 οὔτε
1384 1156 1490 1226 μὴν
1523 1155 1735 1226 ἀνθρω-

165 1241 396 1310 πότητος
425 1240 896 1310 ἀπαμφιεννύντες
928 1243 1020 1295 τὸν
1046 1244 1216 1312 Λόγον
1261 1245 1397 1314 μετὰ
1428 1246 1527 1315 τὴν
1563 1245 1738 1314 ἄφρα-

166 1349 289 1385 στον
319 1331 657 1402 συμπλοκὴν,
684 1332 800 1386 ἀλλ’
828 1333 925 1387 ἕνα
949 1334 1152 1388 καὶτὸν
1171 1335 1331 1389 αὑτὸν
1350 1336 1737 1407 ὁμολογοῦντες

166 1425 313 1490 Υἱδν,
345 1426 409 1477 ὲκ
435 1424 581 1478 δυοῖν
633 1425 1003 1496 πραγμάτοιν.
1039 1428 1118 1489 εἰς
1161 1427 1217 1479 ἕν
1253 1445 1305 1480 τι
1342 1428 1403 1480 τὸ
1441 1428 1501 1493 ἐξ
1536 1430 1736 1499 ἀμφοῖν

165 1519 493 1587 ἁπορρήτως
550 1518 912 1587 ὲκπεφηνότα,
963 1517 1085 1572 καθ’
1134 1518 1324 1573 ἕνωσιν
1367 1520 1605 1590 δηλονότι
1640 1521 1737 1592 τὴν

166 1606 456 1668 ἀνωτάτω,
508 1606 602 1659 καὶ
647 1607 707 1659 οὐ
755 1607 966 1676 φύσεως
1006 1612 1384 1682 παρατροπήν.
1426 1612 1588 1665 Ὅσον
1630 1612 1738 1682 γάρ

165 1692 306 1747 οὕτω
340 1693 621 1760 δοξάζουσι
645 1696 928 1767 περιέσται
956 1698 1016 1749 τὸ
1042 1699 1249 1770 κέρδος,
1284 1704 1538 1771 σαφηνιεῖ
1564 1701 1737 1770 λέγων

1836 514 2036 580 lentes,
2074 525 2129 570 ει
2158 515 2376 570 Patrum
2418 515 2738 570 sententiam
2777 524 3096 583 sequentes,
3135 513 3408 567 credimus

1834 622 1956 661 cum
1989 608 2079 669 qui
2112 624 2176 662 ex
2211 608 2391 662 radice
2418 606 2607 671 Jessze,
2638 605 2727 675 qui
2760 620 2824 659 ex
2856 605 3060 659 semine
3090 604 3279 667 David,
3310 605 3403 673 qui

1836 714 1897 753 ex
1942 699 2158 769 Virgine
2202 700 2497 753 secundum
2545 712 2797 759 carnem,
2845 696 2935 766 qui
2982 697 3259 751 nobiscum
3308 696 3409 751 sub

1837 789 1953 859 lege
1992 799 2076 843 est
2115 800 2172 842 ut
2218 791 2395 854 homo,
2438 799 2493 843 et
2536 804 2694 856 supra
2742 804 2858 848 nos,
2903 802 3063 856 supra
3115 787 3308 857 legem,
3352 798 3410 840 ut

1837 880 2001 943 Deus,
2034 881 2121 948 qui
2155 891 2373 949 prepter
2403 894 2498 934 nos
2529 879 2804 933 uobiscum
2835 888 2919 932 est
2954 879 3096 932 inter
3127 889 3406 942 mortuos;

1836 973 1924 1042 qui
1956 987 2114 1039 supra
2148 986 2241 1025 nos
2271 986 2365 1041 per
2389 972 2621 1040 seipsum
2651 980 2735 1025 est
2760 969 3036 1023 vivificaris
3065 980 3118 1021 et
3146 970 3287 1035 vita;
3324 983 3411 1023 re-

1838 1079 1963 1118 vera
2005 1078 2124 1118 esse
2165 1062 2359 1116 Filium
2405 1064 2517 1117 Dei.
2554 1060 2738 1130 Neque
2778 1059 3167 1113 humanitatem
3213 1060 3404 1113 divini-

1841 1164 1949 1208 tate
1993 1156 2278 1217 nudantes,
2323 1168 2496 1223 neque
2538 1167 2725 1205 rursus
2766 1161 3024 1205 ementes
3069 1152 3411 1205 humanitate

1838 1243 2097 1309 Verbum,
2132 1256 2252 1314 post
2284 1244 2424 1298 illam
2459 1242 2781 1297 ineﬂabilem
2814 1243 3083 1311 copulam,
3119 1245 3209 1296 sed
3244 1259 3409 1296 unum

1837 1345 1996 1404 atque
2022 1342 2267 1390 euunlem
2302 1325 2614 1403 proﬁtentes
2643 1349 2766 1389 esse
2800 1333 3017 1393 Filium,
3052 1334 3140 1401 qui
3174 1348 3241 1387 ex
3279 1334 3415 1387 dna-

1838 1429 1938 1481 bus
1976 1427 2137 1481 rebus
2180 1429 2231 1480 in
2276 1442 2438 1480 unum
2486 1426 2612 1495 quid
2656 1440 2723 1479 ex
2770 1424 3031 1478 ambobus
3072 1422 3416 1478 ineﬂ'abiliter

1838 1520 2168 1589 apparuerit,
2208 1519 2501 1572 secundum
2541 1518 2790 1571 unionem
2833 1515 3084 1569 nimirum
3124 1530 3411 1578 summam,

1839 1625 1944 1664 non
1974 1618 2151 1663 autem
2177 1608 2473 1663 secundum
2494 1617 2707 1662 natura:
2735 1608 3115 1660 mutationem.
3138 1605 3411 1671 Quantum

1839 1702 1983 1756 enim
2028 1702 2116 1770 qui
2165 1702 2238 1755 ita
2282 1702 2525 1755 sentiunt
2566 1699 2899 1754 iucril‘acturi
2943 1699 3081 1763 sint,
3122 1697 3413 1751 manifeste

166 1784 193 1834 6
214 1782 450 1855 Χριστοῦ
492 1784 764 1854 μαθητήςο
800 1804 817 1837 ι
843 1787 939 1849 Ὃς
971 1786 1036 1840 ἂν
1069 1770 1499 1860 ὀμολογήσῃ,ῦτι
1532 1790 1737 1862 Ἰησοῦς

1848 1792 2077 1846 declarat
2110 1789 2311 1844 Christi
2347 1789 2639 1857 discipulus
2671 1790 2856 1842 dicens
2888 1805 2901 1841 :
2937 1807 2955 1836 ι
2989 1786 3249 1855 Quisquis
3277 1802 3413 1840 con—

165 1875 313 1927 ὲστιν
342 1876 369 1927 6
417 1874 541 1930 Υῑδς
572 1874 664 1927 τοῦ
695 1874 852 1941 Θεοῦ,
904 1878 932 1929 6
981 1876 1113 1940 Θεὸς
1147 1880 1203 1930 ὲν
1246 1880 1397 1949 αὐτῷ
1433 1881 1604 1951 μένει,
1642 1882 1737 1937 καὶ

165 1964 330 2029 αὐτὸς
369 1967 427 2018 ὲν
465 1966 543 2037 τῷ
580 1965 716 2036 Θεῷ.
747 1985 766 2017 ι
819 1967 942 2021 Ὀτι
983 1968 1038 2020 δὲ
1086 1969 1290 2039 Ἰησοῦς
1319 1972 1551 2043 Χριστὸς
1593 1975 1621 2026 6
1672 1975 1736 2027 ὲκ

165 2056 331 2110 Δαῦὶδ
357 2057 497 2110 κατὰ
530 2058 731 2129 σάρκα,
763 2058 905 2111 κατὰ
937 2059 1097 2128 φύσιν
1124 2062 1217 2115 καὶ
1237 2062 1452 2133 ἀληθῶς
1473 2064 1598 2129 Υἱός
1621 2066 1737 2119 ἐστι

164 2147 261 2201 τοῦ
290 2147 447 2211 Θεοῦ,
470 2147 604 2201 καθὸ
625 2150 817 2217 γέγονε
852 2150 989 2222 σὰρξ
1038 2152 1066 2203 6
1090 2152 1279 2219 Λόγος,
1311 2155 1403 2206 καὶ
1429 2156 1737 2226 ἐσκήνωσεν

166 2244 225 2294 ὲν
271 2242 439 2312 ἡμῖν,
505 2246 908 2313 κατασφραγιεῖ
948 2243 1121 2311 λέγων
1166 2245 1194 2297 6
1245 2246 1403 2314 σοφὸς
1468 2248 1740 2319 Ἰωάννης·

173 2351 191 2383 ι
217 2332 328 2385 Καὶ
362 2331 584 2403 οἴδαμεν
616 2334 697 2386 ὅτι
731 2336 759 2386 6
795 2334 922 2399 Υἱὸς
957 2335 1047 2389 τοῦ
1080 2336 1216 2390 Θεοῦ
1246 2339 1391 2408 ἥκει,
1419 2341 1512 2393 καὶ
1546 2340 1745 2396 ἔδωκεν

167 2425 303 2492 ἡμῖν
341 2422 601 2485 διάνοιαν,
636 2424 723 2476 ἵνα
766 2424 1127 2495 γινώσκωμεν
1167 2426 1257 2479 τὸν
1295 2427 1549 2499 ἀληθινὸν
1592 2430 1743 2492 Θεὺν,

169 2514 266 2566 καὶ
300 2511 467 2582 ὲσμὲν
498 2513 555 2564 ὲν
598 2512 675 2584 τῷ
707 2512 968 2584 ἀληθινῷ,
1016 2516 1073 2567 ὲν
1108 2513 1186 2584 τῷ
1216 2514 1330 2585 Υῐῷ
1360 2515 1526 2569 αὑτοῦ
1569 2515 1743 2586 Ἰησοῦ

168 2601 410 2674 Χριστῷ.
439 2597 607 2666 Οὗτός
655 2605 803 2656 ἐστιν
829 2606 858 2657 6
884 2604 1135 2675 ἀληθινὸς
1165 2604 1295 2669 Θεδς
1333 2588 1427 2659 και
1456 2605 1568 2676 ζωὴ
1614 2606 1744 2659 αἰώ-

168 2710 303 2757 νιος,
332 2712 351 2745 ›
387 2694 481 2746 καὶ
510 2694 577 2747 δι’
612 2694 778 2748 αὐτοῦ
807 2712 889 2760 τε,
933 2696 1025 2749 καὶ
1058 2696 1154 2750 σὺν
1181 2696 1349 2766 αὐτῷ,
1386 2695 1463 2767 τῷ
1497 2696 1615 2767 Θεῷ
1652 2697 1746 2751 καὶ

170 2784 348 2855 Πατρὶ
386 2787 418 2855 ἡ
452 2784 578 2849 δόξα
622 2786 720 2839 σὺν
763 2785 904 2857 ἁγίῳ
946 2786 1243 2857 Πνεύματι,
1275 2789 1354 2850 εἰς
1383 2788 1509 2848 τοὺς
1546 2786 1747 2849 αἰῶνας

168 2876 281 2927 τῶν
315 2874 545 2930 αἰώνων.
598 2876 790 2947 ’Δμήν.

244 3012 289 3045 ⁸⁵⁵
313 3013 333 3067 Ι
356 3012 509 3069 Joan.
542 3029 615 3081 tv,
644 3014 729 3072 l5.
806 3015 852 3048 ³⁸
870 3014 1024 3071 Joan.
1060 3034 1096 3082 I,
1132 3016 1219 3070 14.
1296 3017 1339 3047 ³⁸
1365 3016 1380 3068 Ι
1408 3015 1562 3070 Jnan.
1598 3033 1645 3079 ν,
1678 3015 1768 3072 ‘20.

199 3204 939 3236 mw——~—
934 3210 1055 3233 -:__--

555 3221 939 3234 *ᾑ-

1844 1884 2019 1938 fessus
2052 1883 2211 1935 fuerit
2244 1886 2495 1952 quoniam
2527 1880 2683 1936 Jesus
2714 1890 2797 1934 est
2829 1880 2994 1934 Filius
3032 1880 3152 1942 Dei;
3194 1879 3332 1932 Deus
3364 1881 3416 1931 in

1843 1990 1909 2030 eo
1948 1986 2171 2038 manet,
2214 1984 2270 2029 et
2314 1974 2428 2044 ipse
2474 1974 2525 2027 in
2575 1973 2682 2027 Deo
2708 1972 2773 2026 “.
2828 1993 2846 2025 ι
2897 1972 3051 2039 Quod
3097 1987 3221 2026 vero
3261 1971 3420 2026 Jcsus

1844 2068 2095 2122 Christus
2120 2066 2209 2134 qui
2241 2077 2319 2119 est
2351 2082 2414 2120 ex
2448 2066 2610 2120 David
2642 2066 2936 2119 secundum
2960 2080 3202 2127 carnem,
3229 2064 3294 2117 sit
3326 2080 3418 2115 na-

1849 2158 2093 2211 turaliter
2122 2172 2184 2209 διε
2213 2172 2338 2211 vere
2374 2157 2542 2212 Filius
2576 2157 2693 2222 Dei,
2728 2166 2992 2227 quatenus
3020 2154 3250 2209 Verbum
3292 2170 3421 2209 caro

1846 2248 2045 2301 factum
2082 2257 2195 2309 est,
2233 2258 2287 2301 et
2328 2248 2589 2301 habitavit
2630 2247 2682 2300 in
2727 2247 2880 2301 nobis
2904 2247 2970 2310 ⁸⁸,
3007 2247 3288 2300 conﬁrmat
3331 2262 3420 2299 sa-

1844 2339 1996 2407 piens
2039 2337 2128 2390 ille
2173 2336 2408 2391 Joannes
2451 2338 2637 2391 dicens
2676 2354 2691 2390 :
2742 2354 2759 2387 ι
2813 2336 2877 2390 Ει
2920 2336 3124 2390 scimus
3163 2335 3418 2405 quoniam

1854 2428 2022 2482 Filius
2050 2428 2139 2482 Dei
2169 2428 2341 2490 venit,
2367 2437 2421 2481 et
2446 2427 2591 2481 dedit
2620 2427 2775 2481 nobis
2800 2442 3021 2481 sensum
3047 2439 3106 2479 ut
3133 2440 3422 2494 cognosca-

1850 2535 1969 2575 mus
2019 2534 2205 2573 verum
2258 2518 2472 2584 Deum,
2524 2528 2576 2571 et
2619 2519 2791 2573 simus
2835 2520 2887 2572 in
2940 2533 3064 2571 vero
3106 2516 3223 2586 ejus
3266 2514 3420 2569 Filio.

2040 2608 2137 2665 llic
2163 2619 2245 2664 est
2270 2624 2430 2663 verus
2458 2610 2618 2673 Dens,
2645 2618 2699 2661 et
2726 2610 2831 2663 vita
2859 2616 3059 2663 mlerna
3079 2607 3158 2672 ⁸⁶;
3196 2625 3214 2657 ι
3247 2615 3301 2660 ει
3330 2622 3424 2674 per

1849 2700 2057 2769 ipsum,
2087 2710 2141 2754 et
2173 2715 2295 2754 eum
2330 2699 2444 2768 ipso
2479 2700 2585 2752 Deo
2617 2715 2678 2753 ac
2707 2698 2854 2753 Patri
2886 2698 3050 2768 gloria
3083 2713 3205 2751 cum
3238 2706 3425 2750 sancto

1853 2790 2077 2861 Spiritu,
2113 2792 2163 2845 in
2200 2791 2391 2846 smcula
2426 2791 2764 2847 surculorum.
2797 2793 2984 2844 Amen.

1972 3206 2394 3217 —-———.—-—.—.——

2406 3204 3407 3233 m

1363 3368 1661 3484 ΤΟΥ
1742 3366 2231 3482 ΑΥΤΟΥ

884 3618 1181 3756 ΟΤΙ
1277 3623 1537 3750 ΕΙΣ
1624 3620 1741 3754 Ο
1835 3619 2564 3754 ΧΡΙΣΤΟΣ
2632 3616 2711 3742 ⁸.

1481 4030 1630 4144 EJ
1644 4029 2115 4146 USDEM

962 4264 1294 4373 QUOD
1369 4268 1686 4359 UNUS
1755 4268 1946 4359 SIT
2019 4268 2641 4360 CHRISTUS.

1748 4492 1821 4506 ‘a

255 4606 324 4659 Δ.
364 4604 719 4677 καθημάτων
758 4619 857 4677 μεν
895 4622 1005 4658 των
1033 4604 1196 4677 ιερῶν
1230 4606 1392 4679 κόρος
1442 4608 1508 4662 ἂν
1549 4610 1743 4678 γένοιτ(

1931 4611 2223 4667 Sacrarum
2279 4611 2684 4681 disciplinarum
2742 4618 2904 4679 atque
2960 4608 3223 4664 doctrina:
3282 4607 3425 4662 nulla

177 4696 461 4762 παντελῶς
504 4698 679 4762 οὐδεὶς
728 4700 842 4761 τοῖς
893 4714 957 4765 γε
1006 4698 1220 4769 άληθῶς
1282 4702 1604 4773 άρτῑφροσι,
1662 4706 1756 4757 καὶ

177 4789 382 4858 γνῶσιν
414 4791 492 4853 εις
517 4789 642 4845 νοῦν
670 4791 769 4860 τὴν
796 4789 1058 4853 ζωοποιδν
1084 4793 1526 4863 συνεγηγερκόσι.
1551 4795 1756 4865 Γέγραο

180 4898 317 4935 πται
340 4880 467 4951 γάρ·
515 4900 535 4932 ι
564 4882 685 4936 Ὀτι
706 4882 808 4935 οὐκ
827 4883 913 4935 ἐπ’
944 4883 1094 4953 ἄρτῳ
1122 4883 1266 4953 μόνῳ
1294 4882 1518 4953 ζήσεται
1549 4885 1761 4956 ἄνθρω-

183 4991 309 5037 πος,
350 4974 467 5027 ἀλλ’
498 4973 591 5027 ἐπὶ
646 4974 809 5026 παντὶ
838 4975 1045 5045 ῥήματι
1068 4975 1485 5045 ἐκπορευομένῳ
1521 4975 1608 5028 διὰ
1638 4976 1760 5028 στό-

182 5079 359 5133 ματος
384 5062 540 5115 Θεοῦ.
572 5082 591 5115 ι
624 5062 810 5133 Τροφὴ
836 5062 947 5134 γάρ
972 5062 1090 5128 νοῦ,
1128 5065 1157 5116 6
1181 5062 1336 5131 λόγος
1366 5065 1395 5116 6
1423 5064 1577 5134 παρὰ
1603 5063 1760 5134 Θεοῦ,

178 5150 279 5203 καὶ
304 5148 469 5220 ἄρτος
492 5132 880 5222 πνευματικὸς,
908 5132 1179 5221 στηρίζων
1198 5151 1482 5223 ἀνθρώπου
1506 5132 1767 5224 καρδίαν,

177 5238 327 5292 κατὰ
354 5239 417 5293 τὸ
442 5243 502 5295 ὲν
530 5240 695 5313 βίϐλῳ
725 5240 972 5311 Ψαλμῶν
1011 5242 1363 5314 ὑμνούμενον.

250 5331 314 5384 Β.
351 5327 425 5385 Εὖ
454 5333 655 5400 λέγεις.

251 5421 320 5473 Α.
375 5421 643 5495 Ἐλλήνων
667 5425 765 5495 μὲν
812 5420 903 5479 οῦν
932 5428 980 5479 οἱ
1006 5426 1158 5495 σοφοὶ
1186 5427 1280 5479 καὶ
1318 5425 1537 5495 λογάδες
1563 5427 1755 5480 τεθαυ-

268 5577 313 5608 ³⁷
344 5575 535 5635 Matth.
563 5596 633 5645 tv,
658 5581 711 5635 4.
797 5582 840 5613 ³³
864 5580 1004 5637 Psal.
1038 5597 1155 5647 mn,
1192 5582 1277 5638 l5.

1862 4703 2019 4774 plane
2046 4714 2131 4757 est
2160 4703 2417 4768 satietas,
2452 4704 2518 4757 iis
2549 4702 2639 4773 qui
2677 4716 2865 4756 revera
2900 4710 3049 4755 recte
3078 4700 3348 4760 sentiunt.
3378 4708 3434 4753 et

1862 4794 2222 4847 viviﬁcantem
2270 4794 2513 4847 notitiam
2564 4802 2745 4847 mente
2796 4792 3113 4846 hauserunt.
3161 4790 3431 4858 Scriptum

1864 4892 1949 4938 est
1975 4885 2121 4939 enim
2152 4903 2165 4939 :
2204 4903 2222 4936 ι
2259 4884 2393 4952 Quia
2426 4901 2529 4940 non
2566 4885 2616 4938 in
2649 4883 2765 4938 solo
2793 4898 2930 4952 pane
2960 4881 3103 4934 vivet
3134 4881 3315 4946 homo,
3344 4880 3437 4934 sed

1865 4974 1919 5028 in
1949 4974 2094 5029 omni
2126 4976 2291 5029 verbo
2320 4975 2461 5042 quod
2495 4973 2735 5043 procedit
2764 4987 2827 5026 ea
2857 4987 2951 5025 ore
2986 4972 3077 5025 Dei
3100 4971 3166 5025 ".
3204 4989 3223 5024 ι
3254 4968 3441 5024 Nutri-

1865 5074 2105 5120 meutum
2134 5067 2277 5120 enim
2309 5066 2506 5120 mentis
2536 5074 2622 5118 est
2646 5063 2869 5118 verbum
2906 5064 3024 5126 Dei,
3053 5072 3106 5117 et
3138 5063 3293 5131 panis
3324 5060 3437 5130 spi-

1864 5157 2078 5211 ritualis
2101 5156 2434 5211 conﬁrmans
2459 5172 2523 5211 ac
2552 5157 2815 5210 roborans
2840 5169 2933 5209 cor
2956 5153 3221 5217 hominis;
3250 5167 3438 5221 quent-

1864 5249 2153 5304 admodum
2183 5251 2234 5304 in
2261 5249 2495 5305 Psalmis
2524 5249 2823 5305 canitur“.

1938 5339 1998 5394 Β.
2041 5338 2205 5395 Recte
2237 5342 2335 5394 ais.

1937 5429 2000 5482 Α.
2041 5426 2333 5483 Gentilium
2385 5427 2599 5499 quidem
2651 5434 2921 5497 sapientes
2969 5431 3303 5478 venustatem
3352 5420 3437 5475 di-

258 5758 276 5778 '
310 5756 569 5822 Dialoaus
600 5763 686 5817 hic
724 5764 773 5818 iu
798 5763 1031 5819 editione
1058 5764 1284 5819 Auberti
1322 5779 1604 5827 perperam
1630 5772 1946 5819 numeratur
1972 5777 2143 5819 nonus
2170 5777 2235 5817 ex
2266 5761 2353 5817 his
2387 5762 2476 5830 qui
2510 5776 2629 5816 cum
2654 5758 2868 5816 llermia
2903 5760 3071 5815 habiti
3105 5768 3247 5816 sunt.
3276 5756 3430 5812 Ευιτ.
