3846 6210
415 256 555 312 1255

1404 250 1463 308 S.
1504 249 1776 306 CYRILLI
1816 243 2281 301 ALEXANDRINI
2319 242 2640 301 ARCHlEP.

3532 241 3675 294 ιεδδ

412 370 568 426 cendi
595 366 841 423 admirati
868 367 1085 422 fuerunt
1100 409 1114 430 ,
1142 366 1614 436 eloquentiamque
1636 380 1847 419 suntmo
1870 372 1979 427 stu-

2111 362 2298 415 ιάκασι
2339 361 2408 430 τὸ,
2446 358 2767 421 καλλιεπὲς,
2818 358 2923 411 καὶ.
2948 356 3058 410 τῶν
3097 357 3180 409 δτι
3234 355 3471 426 μάλιστα
3541 370 3675 405 κατ-

410 463 501 519 dio
527 458 799 524 aﬂ'ectant,
824 467 879 513 et
904 458 1086 512 subtili
1117 459 1402 511 verborum
1433 467 1627 510 ornatu
1655 454 1979 525 gloriantur,

410 552 782 619 orationisque
812 564 1005 618 pompa
1034 564 1097 603 ac
1129 549 1267 603 fastu
1300 548 1660 602 delectantur.
1691 548 1767 600 Ac
1798 554 1982 613 poeta-

412 659 528 699 rum
560 641 777 711 quidem
807 641 1062 694 materies
1093 651 1178 694 est
1211 640 1571 703 mendacium,
1600 638 1685 691 cui
1719 637 1985 707 rhythmis

410 735 521 788 suis
554 748 618 787 ac
653 732 893 787 numeris
927 733 1154 801 gratiam
1190 742 1245 787 et
1274 740 1607 785 venustatem
1639 726 1988 783 addunt.Ve-

413 822 593 877 ritatis
630 831 810 875 autem
843 836 1102 891 perquam
1132 821 1324 891 exigua
1358 822 1424 875 ab
1454 820 1533 874 eis
1568 820 1704 873 ratio
1737 818 1987 882 habetur,

410 913 539 979 quin
585 913 764 981 potius
806 928 1016 966 summa
1053 912 1300 967 laborant
1336 911 1513 981 inopia
1551 926 1694 965 verte
1734 908 1991 978 utilisque

412 1004 717 1067 sententiis,
748 1004 815 1057 de
849 1003 979 1065 Deo,
1013 1004 1255 1073 inquam,
1291 1002 1619 1057 naturaliter
1646 1016 1710 1056 ac
1737 1016 1865 1055 vere
1892 1016 1992 1054 ex-

413 1096 658 1161 sistente,
688 1104 744 1149 et
777 1104 835 1149 ut
867 1094 1071 1149 Paulus
1106 1095 1281 1163 inquit
1316 1113 1330 1147 :
1368 1113 1386 1145 (
1430 1093 1780 1147 Evanuerunt
1814 1091 1866 1144 iu
1900 1105 1994 1145 co-

414 1188 763 1256 gitationibus
807 1187 950 1251 suis,
989 1194 1044 1240 et
1082 1186 1431 1240 obscuratum
1474 1194 1558 1238 est
1598 1183 1862 1251 insipiens
1900 1196 1996 1235 cor

412 1293 624 1335 eorum.
657 1279 907 1334 Dicentes
935 1280 1082 1334 enim
1115 1294 1173 1333 se
1202 1294 1324 1333 esse
1354 1281 1650 1346 sapientes,
1681 1277 1831 1330 stulti
1868 1275 1995 1330 facti

417 1381 576 1434 sunt,
610 1380 661 1425 et
698 1378 1044 1425 mutaverunt
1082 1369 1309 1440 gloriam
1348 1367 1776 1436 incorruptibilis
1811 1365 1906 1419 Dei
1944 1367 1995 1419 in

416 1460 821 1516 similitudinem
852 1461 1103 1531 imaginis
1131 1458 1503 1527 corruptibilis
1535 1458 1795 1521 hominis,
1821 1465 1877 1511 et
1906 1471 2000 1509 vo-

419 1552 648 1614 lucrum,
679 1560 734 1605 et
763 1551 1196 1621 quadrupedum,
1228 1561 1281 1604 et
1313 1550 1648 1619 serpentium
1673 1550 1738 1601 '9.
1782 1567 1801 1600 ι

496 1767 560 1822 Β.
600 1766 676 1822 Ita
707 1776 811 1823 est.

488 1899 554 1956 Α.
598 1900 673 1955 De
699 1901 764 1956 iis
792 1901 971 1969 itaque
998 1916 1094 1970 per
1112 1918 1301 1959 vocem
1325 1903 1476 1959 Isaia:
1507 1904 1645 1961 Deus
1675 1907 1747 1962 ita
1780 1908 1952 1975 inquit
1978 1926 1994 1962 :

422 1997 626 2053 Scitote
653 1997 777 2067 quia
801 1996 939 2051 cinis
960 2007 1045 2051 est
1067 2014 1161 2052 cor
1181 2014 1391 2066 eorum,
1414 2010 1465 2054 et
1490 2011 1695 2055 errant.
1720 2001 1880 2072 715
1903 2002 1999 2057 At-

423 2104 528 2159 que
560 2089 611 2142 lti
648 2090 861 2157 quidem
898 2089 967 2142 ita
1005 2088 1179 2143 allecti
1221 2102 1368 2145 sunt.
1405 2091 1504 2157 Qui
1542 2107 1671 2146 vero
1711 2094 1997 2163 impiarum

424 2181 711 2235 baeresium
754 2190 1005 2235 auctores
1039 2182 1400 2247 exstiterunt,
1439 2184 1633 2253 impuri
1670 2194 1833 2254 atque
1872 2201 2001 2254 apo-

425 2281 617 2335 statas,
668 2270 868 2339 quique
922 2271 1187 2326 adversus
1236 2273 1471 2326 divinam
1525 2273 1750 2343 gloriam
1804 2276 2001 2328 buccas

426 2381 554 2418 suas
597 2365 857 2430 dilatant,
903 2378 1157 2435 perversa
1215 2366 1532 2436 ttel‘ariaque
1585 2367 1902 2438 loquentes,
1947 2368 1999 2421 in

430 2459 595 2511 nihilo
624 2460 910 2523 minorem,
939 2462 1047 2512 imo
1079 2459 1335 2528 majorem
1366 2476 1525 2529 quam
1556 2460 1807 2530 gentiles,
1836 2461 2004 2528 inme-

430 2547 608 2601 ritiant
640 2547 875 2616 prolapsi
924 2563 1043 2603 esse
1092 2562 1406 2605 cernuntur.
1455 2549 1639 2620 Longe
1663 2552 1806 2605 enim
1835 2553 2004 2605 satius

431 2638 617 2693 luisset
650 2654 744 2693 eos
770 2641 913 2693 viam
944 2641 1190 2695 veritatis
1222 2657 1324 2696 non
1356 2644 1676 2712 cognovisse
1697 2685 1712 2710 ,
1742 2660 1904 2712 quam
1939 2661 2000 2699 ea

429 2731 676 2800 cognita,
726 2742 1020 2786 retrorsum
1076 2733 1361 2788 deﬂectere
1414 2751 1442 2787 a
1498 2747 1686 2789 sancto
1737 2745 2003 2805 praecepto

429 2826 574 2890 qmd
608 2824 739 2893 ipsis
770 2827 950 2878 datum
982 2835 1086 2880 est.
1110 2825 1324 2879 Accidit
1355 2828 1499 2880 enim
1535 2828 1640 2881 illis
1665 2828 1817 2894 juxta
1841 2830 2007 2882 veris-

430 2916 625 2968 simum
661 2917 1002 2984 proverbium
1038 2932 1053 2969 :
1091 2934 1110 2967 ι
1148 2917 1315 2971 Canis
1350 2934 1599 2973 reversus
1633 2921 1698 2972 ad
1733 2935 1886 2974 suum
1919 2935 2005 2974 vo-

434 3008 645 3072 mitum,
679 3016 730 3061 et
752 3022 844 3062 sus
890 3007 995 3061 lota
1020 3009 1071 3062 in
1092 3008 1600 3078 volutabrumIcosui
1627 3012 1863 3065 revoluta
1883 3011 1948 3064 ⁸ο.
1981 3031 1998 3061 ι

2086 448 2542 520 εσπουδασμένων
2572 450 2703 520 παρ’
2725 448 2912 513 αὐτοῖς
2952 451 3073 501 ἐστι
3111 447 3175 500 τὸ
3202 445 3544 516 ἀλληγορεῖν,
3576 445 3678 496 καὶ

2084 545 2269 613 ψιλαῖς
2314 543 2574 613 ῥημάτων
2618 540 2917 610 ὲπαυχοῦσι
2970 538 3281 610 κομψείαιςν
3322 537 3418 589 καὶ
3464 535 3543 606 τῷ
3572 535 3679 604 τῆς

2087 635 2285 702 λέξεως
2314 632 2705 703 ὲναϐρύνονται
2730 632 2949 703 κόμπῳ.
3007 630 3118 684 Καὶ
3140 628 3237 699 ῦλη
3273 629 3369 699 μὲν
3398 629 3679 697 ποιηταῖς,

2088 725 2150 778 τὸ
2178 724 2392 793 ψεῦδος,
2420 723 2651 794 ῥυθμοῖς
2679 724 2775 775 καὶ
2805 721 3025 791 μέτροις
3050 722 3133 783 είς
3160 718 3223 771 τὸ
3243 709 3467 788 ὲπίίαρί
3493 734 3553 769 τε
3582 718 3683 769 καὶ

2090 816 2324 886 ἐμμελὲς
2375 814 2847 886 ὲκτετορευμένον,
2913 812 3066 882 ὀλίγη
3128 810 3185 865 δὲ
3239 809 3519 872 παντελῶς
3576 809 3685 877 τῆς

2093 908 2351 979 ἀληθείας
2374 908 2614 979 φροντὶς,
2640 906 3028 979 ὴρῥωστήκασι
3054 904 3112 956 δὲ
3141 903 3233 956 καὶ
3278 905 3477 956 σπάνιν
3502 901 3686 969 ὀρθῆς

2093 1002 2190 1055 καὶ
2233 1000 2559 1071 ὀνησιφόρον
2604 999 2782 1068 δόξης,
2834 996 2934 1067 τῆς
2978 994 3071 1050 ὲπί
3102 1008 3189 1062 γε,
3234 993 3398 1063 φημὶ,
3428 992 3509 1061 τῷ
3532 989 3690 1043 κατά

2096 1092 2258 1161 φύσιν
2291 1092 2384 1144 καὶ
2414 1090 2631 1161 ἀληθῶς
2658 1089 2771 1142 ὄντι
2796 1088 2937 1159 Θεῷ,
2972 1086 3172 1157 μᾶλλον
3197 1085 3255 1139 δὲ
3285 1085 3429 1138 καθά
3456 1100 3632 1153 φησιν
3661 1083 3692 1132 ό

2099 1182 2387 1254 ἱερώτατος
2439 1181 2678 1243 Παῦλος*
2745 1199 2765 1232 ί
2798 1176 3250 1250 Ἐματαιώθησαν
3298 1178 3357 1229 ὲν
3397 1178 3513 1237 τοῖς
3560 1175 3693 1226 δια-

2097 1275 2375 1343 λογισμοῖς
2416 1270 2616 1335 αὐτῶν,
2658 1272 2753 1325 καὶ
2794 1270 3080 1341 ἐσκοτίσθη
3122 1270 3156 1339 ἡ
3195 1269 3452 1330 ἀσύνετος
3496 1265 3691 1319 αὐτῶν

2100 1364 2315 1435 καρδία.
2355 1364 2658 1426 Φάσκοντες
2700 1360 2838 1417 εἶναι
2879 1362 3052 1431 σοφοὶ,
3107 1360 3529 1432 ἐμωράνθησαν,
3589 1362 3692 1413 καί⁵

2100 1455 2336 1527 ἤλλαξαν
2362 1457 2462 1527 τὴν
2483 1456 2643 1521 δόξαν
2676 1454 2771 1507 τοῦ
2806 1452 3083 1524 ἀφθάρτου
3121 1452 3257 1506 Θεοῦ
3285 1454 3343 1505 ἐν
3372 1452 3692 1522 ὁμοιώματι

2102 1549 2309 1611 εἰκόνος
2337 1547 2577 1618 φθαρτοῦ
2598 1546 2908 1619 ἀνθρώπου,
2933 1546 3028 1600 καὶ
3050 1545 3335 1613 πετεινῶν,
3367 1547 3464 1600 καὶ
3488 1562 3693 1614 τετρα-

2104 1641 2301 1704 πόδων,
2329 1643 2424 1693 καὶ
2453 1639 2720 1711 ἑρπετῶν.
2743 1658 2761 1691 ι

2176 1776 2236 1829 Β.
2292 1772 2535 1845 Ἀληθές.

2173 1908 2237 1960 Α.
2290 1907 2435 1977 Ἔφη
2489 1905 2619 1973 γοῦν
2663 1904 2792 1974 περὶ
2835 1904 3012 1958 αὐτῶν
3060 1903 3149 1957 διὰ
3190 1903 3372 1974 φωνῆς
3421 1902 3688 1964 Ἡσαΐου,

2104 1999 2269 2061 Θεός·
2308 1998 2487 2050 Γνῶτε
2532 1997 2613 2049 ὅτι
2649 1996 2842 2059 σποδὸς
2873 1998 2906 2065 ἡ
2948 1995 3147 2066 καρδία
3176 1994 3375 2058 αὐτῶν,
3408 1996 3505 2048 καὶ
3540 1995 3693 2047 πλα-

2106 2091 2325 2145 νῶνται.
2368 2088 2507 2142 Ἀλλ’
2550 2082 2652 2142 ὧδε
2688 2088 2788 2157 μὲν
2815 2087 2885 2141 τὰ
2914 2088 3155 2142 ἐκείνων,
3207 2087 3275 2140 Οῖ
3313 2103 3377 2154 γε
3429 2085 3540 2157 μὴν
3579 2086 3696 2139 τῶν

2106 2181 2336 2238 ἀνοσίων
2366 2180 2633 2252 αἱρέσεων
2662 2180 2885 2250 εὑρεταὶ
2922 2180 3227 2247 γεγονότες,
3274 2178 3324 2230 oi
3364 2175 3592 2247 βέϐηλοί
3635 2193 3700 2229 τε

2109 2275 2204 2329 καὶ
2253 2273 2574 2339 ἀποστάται,
2628 2272 2725 2325 καὶ
2779 2273 2879 2340 τῆς
2934 2272 3085 2335 θείας
3135 2270 3291 2342 δόξης
3329 2269 3391 2323 τὸ
3448 2270 3699 2342 ἀκρατὲς

2109 2368 2315 2423 ἑαυτῶν
2368 2367 2793 2434 κατευρύνοντες
2856 2366 3066 2437 στόμα,
3131 2365 3225 2420 καὶ
3286 2364 3582 2427 λαλοῦντες
3632 2364 3701 2417 τὰ

2108 2461 2553 2532 διεστραμμένα,
2627 2458 3075 2529 καταφωραθεῖεν
3134 2457 3201 2511 ἂν
3249 2457 3350 2509 οὐκ
3394 2458 3454 2509 ὲν
3507 2455 3700 2525 μεξοσι

2108 2555 2346 2623 γραφαῖς
2378 2548 2480 2621 τῆς
2529 2550 2797 2621 Ἑλλήνων
2820 2548 3168 2620 ἀΰελτηρίας,
3198 2547 3255 2614 se
3277 2546 3539 2609 ἀπονοίας
3569 2546 3702 2599 ὠλι-

2113 2645 2394 2716 σθηκότες,
2420 2643 2453 2714 ἧ
2477 2642 2617 2712 τάχα
2642 2658 2743 2694 που
2783 2643 2878 2694 καὶ
2926 2642 2987 2694 ὲν
3016 2643 3132 2704 τοῖς
3166 2640 3440 2693 ἐπέκεινα.
3496 2639 3701 2707 Κρεῖτο

2109 2753 2201 2789 τον
2224 2734 2331 2805 γὰρ
2358 2729 2427 2803 ἦν
2459 2734 2641 2796 αὐτοῖς
2675 2733 2748 2803 μὴ
2773 2733 3145 2800 ἐπεγνωκέναι
3172 2730 3273 2801 τήν
3294 2731 3412 2783 ὁδὸν
3430 2729 3535 2795 τῆς
3566 2728 3702 2796 ἀλη-

2113 2828 2284 2891 θείας,
2316 2827 2349 2896 ἢ
2379 2825 2769 2894 ὲπεγνωκόσιν,
2804 2825 2883 2887 είς
2916 2823 2986 2877 τά
3032 2823 3204 2876 ὀπίσω
3231 2821 3558 2891 ἀνακάμψαι
3590 2821 3702 2874 ἀπὸ

2110 2920 2209 2990 τῆς
2232 2918 2475 2988 δοθείσης
2501 2919 2683 2980 αὐτοῖς
2710 2916 2871 2983 ἁγίας
2899 2915 3136 2985 ἐντολῆς.
3158 2914 3350 2983 Γέγονε
3372 2914 3487 2985 γὰρ
3510 2914 3701 2975 αὐτοῖς

2112 3008 2172 3061 τὸ
2196 3008 2293 3077 τῆς
2319 3006 2550 3077 ἀληθοῦς
2569 3007 2884 3077 παροιμίας,
2909 3024 2929 3057 ε
2955 3006 3115 3059 Κύων
3139 3005 3477 3075 ἐπιστρέψας
3509 3004 3608 3057 ἐπὶ
3642 3003 3699 3057 ὀὺ

435 3099 783 3168 ltlasphemize
807 3102 950 3155 enim
979 3103 1028 3154 in
1051 3102 1328 3156 Christum
1354 3104 1602 3168 obnoxii,
1630 3104 1789 3158 veluti
1820 3114 2000 3157 truces

2111 3100 2237 3154 ἴδιον
2278 3098 2543 3170 ἐξέραμα,
2595 3099 2690 3152 καὶ
2723 3091 2785 3162 ὗς
2820 3098 3128 3168 λουσαμένη
3163 3100 3243 3160 είς
3276 3096 3525 3167 κύλισμα
3575 3096 3699 3166 βορ-

432 3190 649 3257 quidam
673 3201 831 3258 atque
854 3191 1113 3245 immanes
1141 3192 1271 3259 lupi,
1290 3194 1572 3246 devastant
1594 3209 1784 3263 greges
1806 3194 2007 3260 ovium,

436 3296 531 3347 pro
565 3281 762 3349 quibus
795 3282 1044 3337 Christus
1081 3293 1328 3339 mortuus
1365 3294 1480 3349 est,
1514 3295 1567 3337 et
1599 3287 1860 3354 diripiunt
1891 3303 2011 3354 qua:

436 3372 603 3439 ipsius
646 3381 803 3439 sunt,
849 3387 1231 3430 coacervantes
1262 3376 1365 3429 sibi
1411 3378 1543 3446 ipsis
1573 3393 1693 3446 qua:
1734 3394 1841 3432 non
1888 3390 2013 3433 sunt

436 3464 707 3534 ipsorum,
749 3466 890 3520 sicut
933 3467 1191 3536 scriptum
1242 3477 1356 3533 est;
1406 3479 1459 3522 et
1503 3480 1790 3539 gravantes
1825 3472 2010 3541 jungunt

437 3556 676 3624 ipsorum
705 3556 935 3623 fortiter,
961 3558 1026 3611 de
1052 3559 1248 3628 quibus
1277 3563 1471 3615 merito
1492 3563 1613 3616 diei
1638 3565 1807 3631 possit
1834 3580 1847 3619 :
1878 3582 1899 3615 ι
1932 3563 2010 3618 Ex

438 3645 593 3697 nobis
623 3644 888 3710 exierunt,
913 3647 1005 3699 sed
1025 3664 1127 3701 non
1146 3658 1307 3702 erant
1332 3664 1401 3703 ex
1422 3652 1623 3715 :ntvbis,
1660 3673 1687 3704 .a
1713 3666 2015 3722 opportune

437 3734 579 3787 cnim
617 3735 715 3788 hoc
746 3735 811 3788 de
845 3734 1170 3802 cjuscemodi
1204 3738 1512 3794 homiuilms
1543 3758 1571 3793 a
1608 3743 1761 3797 nobis
1794 3744 2009 3799 dicitur.

439 3821 578 3877 Sunt
614 3825 756 3879 enim
799 3828 1038 3881 nonnulli
1081 3828 1170 3897 qui
1216 3829 1463 3898 imperite
1505 3834 1790 3887 admodum
1831 3838 2015 3907 unige-

441 3916 609 3969 nitum
638 3916 731 3969 Dei
755 3916 987 3971 Verbum
1015 3935 1268 3988 suprema
1294 3920 1383 3976 illa
1407 3923 1728 3979 excellentia
1755 3926 2012 3995 spoliare,

437 4015 493 4059 et
529 4007 598 4059 ab
639 4007 943 4076 :equalitate
984 4024 1106 4063 cum
1151 4010 1259 4065 Deo
1300 4027 1365 4066 ac
1403 4011 1562 4068 Patre
1599 4016 1888 4073 excludere
1925 4033 2016 4072 co-

438 4104 656 4160 nantur,
696 4098 1211 4154 consubstantialem
1260 4103 1433 4171 ipsum
1478 4118 1598 4158 esse
1644 4117 1923 4176 negantes,
1961 4118 2015 4162 et

443 4188 741 4241 naturalem
785 4188 1261 4260 oumimodamque
1302 4193 1732 4250 idetttitatemtei
1782 4199 2017 4252 tribuere

443 4289 775 4333 recusantes.
817 4280 918 4333 Alii
962 4296 1089 4335 vero
1132 4281 1375 4337 eamdem
1420 4282 1535 4339 fere
1580 4297 1742 4354 atque
1786 4287 1838 4341 hi
1881 4303 2016 4357 quos

442 4372 677 4423 diximus
712 4372 850 4423 viam
888 4372 1232 4439 insistentes,
1269 4385 1432 4443 atque
1471 4376 1523 4429 in
1564 4378 1695 4430 retia
1736 4380 1927 4433 mortis
1961 4392 2016 4434 et

2112 3191 2295 3260 ϐόρου.
2322 3210 2339 3240 ι
2375 3191 2762 3261 Διεμερίσαντο
2790 3190 2898 3261 γάρ
2925 3191 3022 3259 τῆς
3057 3189 3196 3242 κατά
3224 3187 3464 3260 Χριστοῦ
3489 3187 3699 3256 δυσφη-

2115 3283 2242 3351 μίας
2264 3282 2332 3334 τά
2356 3281 2526 3351 ὲγκλή
2536 3299 2703 3352 ματα,
2740 3282 2837 3335 καὶ⁸
2860 3275 2949 3335 οἶά
2978 3298 3120 3344 τινες
3154 3280 3308 3333 λύκοι
3354 3280 3579 3350 δριμεῖς
3605 3278 3701 3331 καὶ

2114 3373 2321 3444 πικροὶ,
2346 3373 2779 3443 διαλυμαίνονται
2804 3375 2919 3436 τοῖς
2942 3374 3235 3444 ποιμνίοις,
3284 3373 3426 3442 ὑπὲρ
3457 3365 3534 3425 ὧν
3562 3372 3698 3444 Χρι-

2114 3465 2235 3527 στὸς
2274 3464 2535 3531 ἀπέθανε,
2571 3466 2664 3519 καὶ
2708 3466 3071 3537 διαρπάζουσι
3118 3465 3187 3517 τὰ
3254 3464 3440 3528 αὐτοῦ,
3487 3462 3698 3532 πληθύ-

2113 3573 2301 3618 νοντες
2330 3558 2549 3620 ἑαυτοῖς
2585 3558 2653 3612 τὰ
2673 3557 3157 3623 ούκνῦνιταιαύτῶν,
3187 3557 3328 3609 καθὰ
3362 3557 3697 3627 γέγραπται,

2115 3650 2211 3702 καὶ
2244 3649 2571 3720 βαρύνοντες
2594 3651 2687 3703 τὸν
2711 3650 2890 3703 κλοιὸν
2906 3650 3094 3705 αὐτῶν
3136 3649 3426 3720 στιϐαρῶς,
3472 3649 3603 3717 περὶ
3626 3642 3697 3701 ὧν

2114 3740 2180 3794 ἂν
2223 3742 2433 3809 λέγοιτο
2469 3743 2565 3796 καὶ
2595 3742 2742 3812 μάλα
2778 3743 3022 3804 εἰκότως·
3074 3760 3095 3793 ‹
3129 3741 3219 3805 Ἐξ
3256 3741 3414 3811 ἡμῶν
3452 3739 3699 3808 ἐξῆλθον,

2116 3832 2230 3887 ἀλλ’
2286 3834 2388 3886 οὐκ
2449 3829 2590 3903 ἦσαν
2644 3834 2703 3899 ἐξ
2764 3835 2942 3905 ημῶν.
2977 3854 2995 3886 ι
3060 3831 3364 3905 Οὑγαροῦν.
3426 3830 3572 3884 Ἀλλ’
3622 3832 3700 3891 εἰς

2116 3924 2304 3995 καιρὸν
2334 3926 2465 3994 ημῖν
2494 3927 2522 3978 ὁ
2556 3926 2681 3995 περί
2713 3943 2776 3994 γε
2806 3925 2912 3978 τῶν
2941 3925 3197 3978 τοιούτων
3225 3924 3474 3995 κρίνεται
3518 3921 3695 3990 λόγος.

2117 4015 2565 4083 Κατακομίζουσι
2600 4016 2701 4086 μὲν
2741 4017 2848 4089 γὰρ
2883 4016 3157 4079 ἀσυνέτως
3199 4015 3345 4078 τινὲς
3392 4014 3489 4068 τὸν
3532 4030 3699 4084 povo-

2115 4106 2246 4176 γενῆ
2274 4104 2365 4158 τοῦ
2423 4105 2557 4159 Θεοῦ
2599 4108 2770 4174 Λόγον
2803 4108 2903 4177 τῆς
2942 4109 3253 4178 ύπερτάτης
3281 4105 3583 4175 ὑπεροχῆς,
3607 4106 3704 4158 καὶ

2117 4196 2507 4261 ύποὸισάζουσι
2532 4197 2631 4266 τῆς
2663 4200 2907 4268 ἰσότητος
2930 4203 3029 4270 τῆς
3065 4200 3201 4270 πρὸς
3229 4199 3320 4252 τὸν
3350 4198 3582 4269 Πατέρα
3611 4198 3703 4250 καὶ

2116 4287 2269 4351 Θεὸν,
2298 4290 2407 4358 ζοὺχ
2434 4288 2718 4357 ὁμοούσιον
2755 4286 2892 4343 εἶναι
2926 4291 3175 4359 λέγοντες
3202 4290 3383 4353 αὐτὸν,
3430 4288 3561 4341 οὔτε
3592 4289 3699 4359 μὴν

2120 4382 2321 4451 φυσικῇ
2392 4380 2485 4432 καὶ
2561 4381 2967 4452 ἀπαραλλάκτῳ
3041 4383 3329 4452 ταυτότητι
3396 4381 3703 4450 στεφανοῦν

440 4459 688 4527 laqueum
733 4461 929 4515 inferni
976 4437 1229 4533 prolapsi,
1268 4437 1539 4535 Uti-igenlti
1583 4470 1900 4537 mysterium
1944 4473 2004 4527 ab

2112 4437 2414 4533 ἐθέλοντες.
2456 4437 2693 4542 ’Έτεροι⁸
2714 4473 2772 4525 δὲ
2814 4437 3369 4544 τοίςιώνομασμένοις
3397 4437 3703 4543 τὴνΙαὼὴν

440 4552 911 4607 administratione
959 4555 1010 4607 in
1058 4570 1223 4608 carne
1268 4559 1381 4609 sive
1428 4559 1796 4614 incarnatione
1838 4562 2013 4616 seclu-

442 4644 575 4696 dunt
598 4658 667 4697 ae
684 4654 963 4712 separant.
988 4657 1042 4699 et
1069 4648 1232 4700 simili
1265 4650 1653 4719 propemodum
1685 4662 1843 4718 atque
1870 4654 2012 4709 alliui

442 4752 565 4788 cum
596 4734 864 4803 prioribus
896 4737 1000 4791 illis
1029 4739 1263 4794 amentia
1295 4740 1564 4798 laborant.
1600 4744 1680 4798 Illi
1713 4746 2016 4801 enim'Ver-

442 4824 570 4880 bum
607 4843 672 4879 ex
716 4828 822 4882 Deo
860 4827 1022 4884 Patre
1054 4831 1295 4899 geuitunt
1330 4835 1493 4886 etiatn
1527 4846 1652 4890 ante
1687 4837 2015 4893 incarnatio-

444 4934 588 4979 nem,
635 4919 934 4974 divinitatis
974 4922 1297 4975 excellentia
1345 4934 1607 4993 quantum
1656 4928 1710 4981 in
1760 4930 1891 4999 ipsis
1922 4938 2018 4984 est

445 5011 675 5078 spoliant
712 5028 738 5065 .:
791 5012 843 5065 lii
888 5027 1018 5067 vero
1068 5016 1230 5068 etiam
1280 5020 1565 5073 lncarnato
1608 5018 1790 5075 Verbo
1836 5022 2015 5076 infesti

445 5108 600 5163 sunt,
643 5109 697 5154 et
741 5100 1035 5157 beneficam
1086 5104 1256 5173 ipsius
1303 5107 1531 5175 gratiam
1577 5125 1682 5177 qua
1720 5110 2013 5165 humanam

447 5200 690 5243 naturam
727 5192 1039 5262 complexus
1073 5206 1178 5259 est,
1212 5206 1416 5251 tantum
1454 5215 1557 5254 non
1595 5201 1901 5269 improbant
1934 5213 2018 5256 at-

446 5297 550 5351 que
585 5285 833 5337 incusant
864 5303 877 5339 :
914 5300 1017 5339 non
1053 5298 1199 5340 recte
1228 5286 1328 5341 sibi
1360 5290 1697 5346 consuluisse
1726 5307 1849 5347 eum
1883 5309 2014 5349 con-

449 5374 727 5429 tendentes
753 5376 893 5445 quod
921 5392 1137 5431 carnem
1169 5382 1550 5449 assumpserit,
1576 5398 1743 5453 seque
1769 5385 2017 5441 exinani-

446 5464 613 5532 vet-it;
647 5466 759 5520 sive
793 5467 933 5536 quod
971 5466 1148 5523 factus
1180 5470 1251 5523 sit
1287 5472 1465 5538 hctuo,
1499 5475 1749 5543 quodque
1782 5477 1831 5528 in
1869 5486 2011 5532 terra

516 5640 564 5672 ³⁸
587 5639 740 5697 Rom.
777 5658 814 5711 ι,
844 5643 904 5697 2i
941 5643 1030 5701 23.
1108 5645 1152 5678 “
1175 5647 1211 5700 ll
1241 5645 1384 5703 Petr.
1420 5664 1477 5714 ll,
1512 5649 1602 5715 ει,
1628 5652 1722 5705 22.

2120 4559 2308 4631 ὥσπερ
2361 4561 2646 4631 ἐρχόμενοι
2686 4563 2890 4633 τρίϐον,
2939 4567 3035 4617 καὶ
3065 4566 3147 4628 εἰς
3192 4564 3391 4630 παγίδα
3444 4563 3701 4625 θανάτου,

2121 4651 2213 4703 καὶ
2260 4654 2338 4714 είς
2375 4652 2647 4723 πέταυρον
2689 4651 2817 4723 ᾅδου
2861 4654 3386 4717 κατολισθαίνοντες,
3422 4654 3528 4723 τῆς
3574 4655 3705 4725 μετά

2122 4744 2325 4815 σαρκὸς
2352 4746 2664 4815 οἰκονομίας
2708 4746 2803 4800 τοῦ
2828 4746 3174 4816 Μονογενοῦς
3206 4746 3618 4819 παρευθύνουσι
3653 4748 3705 4799 τὲ

2126 4835 2445 4906 μυστήριον,
2478 4836 2572 4889 καὶ
2602 4837 2843 4909 ἀδελφὴν
2867 4838 3054 4909 ὥσπερ
3087 4841 3199 4902 τοῖς
3230 4838 3474 4908 πρώτοις
3518 4841 3705 4909 ἐπιτη-

2120 4926 2336 4980 δεύουσι
2378 4928 2477 4999 τὴν
2513 4931 2792 4985 ἀπόνοιαν.
2838 4935 2902 4986 Oi
2936 4935 3039 5005 μὲν
3067 4935 3197 5005 γάρ,
3232 4934 3385 4987 οὔπω
3422 4952 3703 5007 σεςιίιρκω⁹

2126 5015 2285 5084 μένον
2333 5016 2428 5069 τὸν
2475 5019 2539 5071 ὲκ
2580 5020 2719 5073 Θεοῦ
2762 5022 2972 5093 Πατρὸς
3007 5022 3404 5091 φύνταλΛόγον,
3457 5024 3573 5077 τῶν
3618 5027 3704 5092 τῆς

2124 5104 2377 5176 θεότητος
2410 5108 2721 5180 ὐψωμάτων
2768 5114 3048 5183 μονονουχὶ
3088 5114 3518 5185 κατασύροντες.
3554 5118 3615 5169 τό
3648 5133 3702 5183 γε

2120 5194 2255 5269 ἧκον
2284 5201 2370 5253 ἐπ’
2403 5201 2607 5267 αὐτοῖς,
2640 5203 2822 5256 ἀλοῖεν
2850 5204 2950 5257 ἀν’
2985 5206 3034 5257 οἱ
3062 5203 3140 5269 δὲ,
3177 5206 3271 5258 καὶ
3298 5210 3703 5278 σεσαρκωμένῳ

2122 5292 2379 5362 πολεμεῖν
2426 5293 2724 5363 ἐγνώκασι,
2771 5297 3052 5367 μονονουχὶ
3098 5297 3191 5350 καὶ
3222 5298 3614 5368 ,ἐπιτιμῶντες
3661 5300 3701 5349 οἱ

2122 5382 2341 5454 θρασεῖς
2384 5388 2450 5455 τῇ
2505 5384 2873 5457 φιλανθρώπῳ
2935 5388 3141 5457 χάριτι,
3190 5389 3291 5440 οὐκ
3340 5388 3484 5458 ὀρθὰ
3528 5390 3701 5459 βεϐου-

2120 5474 2342 5529 λεῦσθαι
2379 5477 2519 5547 τάχα
2559 5494 2661 5531 που
2710 5477 3119 5549 διατεινόμενοι,
3158 5478 3247 5533 διὰ
3278 5479 3341 5533 τὸ
3379 5480 3700 5551 ἀνασχέσθαι
