3846 6210
152 368 288 425 1257

1306 359 1493 426 QUOD
1535 357 1723 415 UNUS
1764 357 1872 413 SIT
1910 356 2276 414 CHRISTUS.

3273 353 3410 409 1238

151 482 375 555 σαρκὸς,
416 481 509 534 καὶ
550 482 659 533 τῶν
695 480 792 550 τῆς
827 477 1106 540 κενώσεως
1154 476 1395 548 μέτρων,
1442 477 1609 547 ἡγουν
1649 476 1731 529 ὃτι

1857 477 2169 547 ipparuerit.
2193 486 2389 530 etcum
2415 471 2724 527 hominibus
2746 480 2992 527 versatus
3016 470 3107 533 sit,
3130 484 3252 523 cum
3279 470 3413 524 alio-

148 576 367 644 γέγονεν
410 572 717 642 ἅνθρωπος,
756 571 851 624 καὶ
885 570 978 625 ἐπὶ
1019 571 1117 641 τῆς
1146 570 1248 640 γῆς
1277 569 1456 639 ὤφθη,
1501 570 1731 632 καὶτοῖς

148 665 457 736 ἀνθρώποις
490 661 928 731 συνανεστράφη,
960 660 1138 714 καίτοι
1168 660 1299 724 Θεὸς
1318 659 1394 712 ῶν
1424 657 1608 729 φύσει,
1640 657 1733 711 καὶ

100 815 107 829 ,
150 756 401 827 σύνεδρος
427 753 506 824 τῷ
541 754 734 823 Πατρί.

217 848 278 900 Β.
314 847 490 916 Ἐφης
536 845 635 916 μὲν
674 844 871 915 ὀρθῶς.

215 942 279 993 Α.
315 936 803 1007 Κατακεκράξεται
828 939 872 991 δ’
897 934 991 992 οῦν
1017 938 1118 1008 τῆς
1152 938 1210 990 ἐν
1240 938 1447 1009 ἀμφοῖν
1491 936 1734 1007 ἀμαθίας

146 1034 181 1103 ἡ
220 1032 575 1095 θεόπνευστος
627 1032 843 1104 Γραφὴ,
894 1032 1274 1103 πρεσϐεύουσα
1323 1030 1591 1101 τάληθὲς,
1637 1029 1734 1081 καὶ

148 1124 237 1177 τὸν
270 1123 369 1193 μὲν
412 1122 523 1193 γὰρ
584 1122 814 1184 ἐκείνοις
856 1121 1013 1189 λόγον
1059 1122 1268 1193 ἀδρανῆ
1318 1122 1412 1173 καί⁵
1454 1119 1734 1189 ἀσύφηλον

146 1214 544 1283 ἀποφαίνουσα,
572 1214 839 1281 ἐφιστᾶσα
866 1213 922 1266 δὲ
944 1216 1063 1275 ταῖς
1090 1214 1191 1282 τῆς
1219 1212 1473 1283 θεότητος
1501 1211 1730 1282 τρίὸοις,

146 1307 269 1369 τοὺς
314 1305 481 1376 ἰσχνῷ
528 1322 587 1356 τε
638 1304 733 1356 καὶ
792 1304 1012 1374 ἀκριϐεῖ
1049 1304 1289 1367 διανοίας
1336 1304 1545 1375 ὄμματι
1596 1318 1731 1356 κατ-

146 1393 333 1464 αθριῖν
361 1394 620 1456 εἰωθότας
649 1393 711 1445 τὸ
736 1394 823 1446 ἐπ’
846 1394 997 1462 αύτῴ
1026 1395 1345 1466 μυστήριον.

215 1483 274 1538 Β.
315 1482 468 1544 Τίνες
498 1482 541 1535 δ’
567 1482 633 1536 ἂν
662 1480 795 1549 εἷεν,
820 1485 869 1536 οἱ
899 1485 998 1554 τὴν
1024 1484 1167 1537 οὕτω
1196 1487 1404 1555 σεπτὴν
1437 1484 1532 1537 καὶ
1558 1483 1732 1555 ἀπόρο

148 1574 309 1644 ρητον
337 1573 429 1625 τοῦ
462 1573 714 1646 Σωτῆρος
742 1576 1075 1646 οἰκονομίαν,
1120 1575 1351 1640 ἀνοσίως
1379 1575 1733 1645 κεκιϐδηλευ-

146 1662 299 1725 κότες
334 1660 538 1733 (ἔοικας
584 1663 694 1735 γὰρ
742 1664 803 1716 ού
843 1665 1079 1735 μετρίως
1127 1667 1213 1718 ἐπ’
1254 1666 1406 1738 αὐτῷ
1449 1666 1514 1737 δὴ
1558 1665 1733 1736 τούτῳ

144 1754 477 1825 δυσφορεῖν),
512 1754 749 1826 ἐθέλοιμ’
777 1754 843 1809 ἂν
868 1756 1230 1812 διαπυθέσθαι
1264 1776 1380 1812 σου.

214 1850 278 1900 Α.
313 1848 690 1920 Διατεκμαίρῃ
746 1847 951 1912 καλῶς.
1004 1850 1194 1920 Ζηλῶν
1238 1850 1347 1922 γὰρ
1378 1852 1626 1924 ἐζήλωσα
1655 1854 1735 1924 τῷ

143 1938 356 2010 Κυρίῳ,
390 1939 485 1992 καὶ
518 1940 655 2010 πρός
677 1956 741 2009 γε
772 1942 924 1995 τουτὶ
954 1944 1430 2015 κατατεθηγμένος
1458 1946 1609 1999 ἀλύω
1638 1946 1735 1999 καὶ

148 2031 373 2113 σφόδρα.
417 2030 490 2083 Τὸ
534 2031 590 2083 δὲ
640 2033 763 2084 ὅποι
809 2033 939 2085 ποτὲ
994 2036 1464 2106 καταστρέψωσιν
1511 2037 1561 2089 οἱ
1603 2036 1734 2109 παρ’

146 2124 369 2176 ἐκείνων
407 2123 555 2192 λόγοι
578 2164 593 2189 ,
630 2124 777 2177 δέδια
827 2126 1100 2196 καθορῶν.
1134 2127 1245 2197 Τὴν
1290 2128 1398 2199 γάρ
1429 2146 1513 2182 τοι
1552 2147 1733 2202 παρα-

145 2215 393 2269 δοθεῖσαν
421 2218 556 2287 ήμίν
600 2216 883 2270 νοθεύουσι
932 2219 1139 2282 πίστιν,
1169 2220 1463 2291 δράκοντος
1497 2221 1733 2291 ἁρτιφα-

144 2306 273 2369 νοῦς
305 2306 578 2377 εὑρήμασι
613 2307 969 2377 κεχρημένοι,
1002 2311 1099 2361 καὶ
1137 2311 1260 2371 ταῖς
1293 2308 1402 2361 τῶν
1438 2309 1736 2363 ἁπλουστέ-

150 2414 258 2466 ρων
304 2397 504 2468 ψυχαῖς
550 2398 630 2451 ἰοῦ
665 2399 822 2469 δίκην
871 2402 1191 2470 ἐγχέοντες,
1238 2402 1427 2473 ψυχρά.
1472 2419 1595 2455 τινα
1642 2404 1736 2455 καὶ

146 2488 555 2560 διεστραμμένα
578 2493 671 2543 καὶ
700 2491 1032 2561 ἀϐελτηρίας
1060 2491 1285 2563 ἕμπλεω

222 2581 283 2635 Β.
326 2579 465 2636 Εἶτα
506 2583 588 2645 τίς
621 2584 649 2635 6
692 2584 998 2655 ἁρτιφανής
1038 2586 1155 2637 ἐστι
1191 2584 1429 2655 δράκων,
1478 2586 1639 2637 ὁποῖα
1682 2584 1737 2636 δὲ

146 2672 289 2731 ἄττα
321 2675 388 2729 τὰ
434 2677 566 2747 παρ’
607 2676 773 2730 αὐτοῦ
818 2677 1249 2748 πεφλυαρημένα
1299 2677 1441 2732 κατά
1479 2676 1588 2731 τῶν
1639 2680 1739 2749 τῆς

146 2767 410 2839 ἀληθείας
437 2768 747 2840 δογμάτων,
784 2771 1028 2841 ἐρομένῳ
1058 2771 1290 2842 φράσον.

220 2864 287 2916 Α.
338 2862 669 2933 Ἀρτιφανὴς
703 2863 801 2933 μὲν
824 2862 1063 2934 δράκων,
1096 2865 1123 2916 ό
1158 2862 1371 2926 σκολιὸς
1406 2864 1613 2927 οὑτοσὶ,
1644 2864 1739 2917 καί⁵

149 2953 217 3026 ιῷ
248 2952 553 3024 μεθύουσαν
575 2954 714 3025 ἔχων
739 2954 839 3026 τὴν
867 2954 1137 3023 γλῶτταν,
1159 2957 1188 3008 6
1212 2958 1279 3027 τῇ
1310 2957 1604 3030 παραδόσει
1629 2958 1739 3011 τῶν

147 3047 252 3117 τῆς
296 3046 623 3117 οἰκουμένης
664 3047 1067 3116 μυσταγωγῶν,
1109 3047 1308 3119 μᾶλλον
1353 3049 1411 3102 δὲ
1456 3050 1550 3103 καὶ
1589 3051 1741 3123 πάσῃ

150 3142 220 3209 τῇ
251 3138 594 3209 θεοπνεύστῳ
625 3140 815 3211 Γραφῇ
847 3141 1130 3211 μονονουχὶ
1157 3141 1370 3213 χαίρειν
1393 3142 1583 3207 εἰπὼν,
1617 3160 1743 3196 και-

148 3233 459 3303 νοτομήσας
484 3231 542 3284 δὲ
568 3231 629 3283 τὸ
659 3232 810 3301 αύτῷ
838 3233 1050 3299 δοκοῦν,
1096 3235 1188 3286 καὶ
1214 3234 1476 3288 Θεοτόκον
1510 3235 1608 3304 μὲν
1639 3236 1741 3288 οὐκ

148 3317 289 3375 εἶναι
337 3320 513 3390 λέγων
564 3322 663 3391 τὴν
704 3323 867 3391 ἀγίαν
921 3324 1220 3395 Παρθένον,
1269 3326 1636 3395 Χριστοτόκον
1683 3326 1739 3378 δέ

152 3415 358 3484 μᾶλλον
402 3416 497 3469 καὶ
525 3415 940 3486 ἀνθρωποτόκον
970 3433 985 3448 ·
1034 3416 1201 3487 ἕτερα
1240 3418 1298 3469 δὲ
1346 3418 1483 3488 πρὸς
1528 3418 1741 3480 τούτοις

148 3509 343 3580 ἀπηχῆ
393 3509 486 3561 καὶ
533 3508 888 3578 ἀπόπληκτα,
919 3511 1031 3571 τοῖς
1063 3509 1245 3580 ὀρθοῖς
1277 3512 1371 3564 καὶ⁵
1418 3511 1739 3582 εἰλικρινέσι

147 3600 253 3671 τῆς
285 3602 577 3672 καθολικῆς
614 3600 941 3671 Ἐκκλησίας
966 3602 1345 3673 ἐπεισφρήσας
1375 3603 1629 3673 δόγμασι.

226 3781 289 3836 Β.
324 3780 639 3853 Νεστόριον,
663 3776 839 3851 οἶμαι,
875 3782 999 3852 φής.
1044 3781 1274 3853 Συνίημι
1304 3783 1411 3853 γὰρ
1454 3784 1552 3855 ἤδη
1588 3803 1735 3849 πως,

151 3871 293 3925 ἀλλά
332 3872 385 3925 τί
419 3873 477 3925 τὸ
506 3874 716 3943 χρῆμα,
744 3866 789 3925 ὦ
813 3874 931 3935 τᾶν,
980 3872 1089 3925 τῶν
1134 3873 1345 3926 ἐκείνου
1401 3874 1593 3943 λόγων,
1630 3873 1741 3930 ὀὐκ

150 3966 264 4038 ἔχω
293 3969 455 4020 νοεῖν·
482 3966 744 4021 Θεοτόκον
772 3966 829 4019 δὲ
859 3966 977 4031 πῶς
1001 3967 1103 4020 οὐκ
1128 3963 1268 4019 εἷναί
1294 3984 1428 4037 φησι
1454 3968 1552 4039 τὴν
1578 3969 1741 4038 ἁγίαν

148 4058 433 4130 Παρθένον
450 4076 465 4124 ;

226 4154 293 4203 Α.
329 4152 404 4204 Ού
439 4150 548 4221 γάρ
580 4168 683 4219 τοι,
716 4150 871 4222 φησὶ,
916 4148 1050 4203 Θεὸν
1083 4150 1394 4205 ἐκτέτοκεν.
1422 4146 1531 4204 Ἦν
1573 4154 1684 4225 γὰρ
1711 4157 1741 4207 6

151 4244 328 4313 Λόγος
364 4244 459 4297 καὶ
505 4243 612 4314 πρὸ
664 4244 855 4314 αὐτῆς,
912 4244 1118 4314 μᾶλλον
1166 4243 1225 4297 δὲ
1260 4244 1354 4297 καὶ
1390 4244 1499 4313 πρὸ
1534 4245 1741 4309 παντὸς

152 4336 352 4400 αἰῶνος
382 4336 476 4390 καὶ
512 4336 727 4408 χρόνου,
770 4336 1039 4400 συναῖδιος
1070 4334 1145 4389 ὢν
1169 4336 1249 4407 τῷ
1277 4335 1395 4407 Θεῷ
1421 4337 1515 4389 καί
1542 4338 1737 4409 Πατρί.

154 4431 609 4500 Καταρνήσονται
635 4429 700 4499 δὴ
731 4423 826 4482 οὖν
855 4429 949 4482 xa‘t
975 4428 1145 4482 τοῦτο»
1162 4429 1485 4497 ἀναφανδὸν,
1518 4428 1594 4493 ὡς
1625 4430 1741 4483 ἐστι

1764 1840 1807 1895 Β

1768 3186 1810 3243 C

1837 569 1925 637 qui
1954 568 2026 622 sit
2056 579 2244 621 natura
2274 564 2444 628 Deus,
2472 575 2525 618 et
2553 564 2727 618 Patris
2754 578 3018 618 assessor.

1906 836 1966 891 Β.
2008 836 2173 893 Recte
2204 835 2420 904 quidem
2454 834 2591 888 dicis

1907 930 1971 982 A.
2013 926 2291 984 Occlamat
2324 942 2453 981 vero
2488 926 2770 979 amborum
2809 924 3091 993 imperitia:
3132 922 3412 995 Scriptura

1836 1018 2095 1073 divinitus
2143 1018 2443 1088 inspirata,
2503 1017 2789 1071 veritatem
2855 1015 3009 1069 nobis
3060 1015 3410 1078 edisserens,

1835 1122 2000 1182 atque
2034 1111 2245 1165 illorum
2271 1111 2489 1179 quidem
2523 1108 2761 1163 rationes
2788 1123 2953 1163 vanas
2979 1124 3042 1162 ac
3063 1109 3287 1164 stolidas
3317 1111 3411 1161 ili--

1835 1202 2051 1258 clarans
2084 1242 2099 1266 ,
2121 1203 2287 1274 716
2315 1218 2406 1257 eos
2441 1217 2567 1255 vero
2602 1202 2692 1269 qui
2726 1200 2910 1255 subtili
2955 1211 3119 1270 atque
3154 1214 3414 1257 accurato

1835 1297 2035 1350 mentis
2058 1296 2216 1350 oculo
2248 1297 2565 1365 mysterium
2599 1293 2738 1364 quod
2777 1294 2828 1347 in
2862 1294 2963 1349 hoc
3001 1294 3130 1349 latet
3161 1306 3411 1350 contem-

1834 1391 1971 1462 plari
2007 1393 2204 1454 solent,
2233 1393 2297 1445 ad
2337 1392 2584 1446 semitam
2622 1390 2920 1444 divinitatis
2952 1388 3243 1444 deducens.

1906 1482 1968 1538 B.
2006 1483 2234 1550 Quinam
2291 1496 2419 1537 vero
2471 1483 2581 1536 sint
2625 1479 2658 1533 ii
2711 1480 2802 1551 qui
2855 1483 2989 1537 adeo
3050 1483 3416 1538 venerandam

1833 1588 1997 1648 atque
2039 1575 2368 1631 iuell'abilem
2401 1573 2712 1629 Servatoris
2756 1575 2925 1628 nostri
2958 1575 3416 1643 dispensationem

1834 1670 2209 1725 adulterarunt
2243 1666 2468 1740 (videris
2496 1667 2638 1721 enim
2679 1667 2806 1720 mihi
2853 1683 2956 1721 non
2995 1682 3183 1736 parum
3221 1667 3323 1723 hac
3351 1670 3419 1722 de

1835 1779 1999 1819 causa
2027 1772 2334 1817 commotus
2363 1761 2528 1830 esse).
2559 1761 2717 1814 velim
2742 1775 2808 1814 ex
2839 1769 2890 1813 te
2919 1774 3271 1829 cnguoscere.

1914 1857 1980 1909 Α.
2025 1854 2193 1909 Recte
2218 1852 2453 1924 judicas.
2486 1854 2615 1910 Zelo
2647 1856 2791 1909 enim
2837 1855 3044 1909 zelatus
3080 1871 3200 1910 sum
3236 1855 3421 1911 Domi-

1838 1963 1988 2002 num.
2024 1948 2187 2017 Angit
2220 1962 2347 2002 vero
2387 1962 2471 2001 me
2517 1958 2573 2001 et
2618 1947 2835 2016 quidem
2880 1938 3252 2010 vehementer.
3294 1964 3415 2003 cum

1838 2054 2051 2093 mecum
2081 2054 2184 2093 non
2214 2040 2416 2108 absque
2458 2039 2649 2092 timore
2700 2039 2877 2108 cogito
2913 2054 3148 2107 quonam
3204 2040 3418 2093 illorum

1838 2148 2117 2187 sermones
2149 2135 2261 2188 sint
2290 2133 2531 2188 evasuri.
2566 2130 2750 2186 Fidem
2781 2132 2925 2186 enim
2974 2134 3129 2187 nobis
3161 2133 3420 2188 traditam

1837 2238 2214 2295 corrumpunt,
2245 2225 2497 2279 dracnnis
2525 2239 2714 2279 recens
2744 2226 2873 2279 editi
2915 2226 3147 2280 inventis
3184 2236 3420 2289 utentes,

1838 2328 1892 2372 et
1924 2318 2105 2371 inania
2135 2318 2381 2387 quaedam
2408 2332 2471 2372 ac
2497 2332 2657 2379 vana,
2680 2317 3076 2386 dementizeque
3111 2322 3265 2388 plena
3291 2320 3424 2390 αοε-

1843 2421 1987 2464 mata
2016 2410 2407 2485 simpliciorum
2446 2409 2642 2463 animis
2666 2407 3029 2464 infundentes.

1913 2588 1973 2643 Β.
2017 2587 2277 2654 Quisnam
2324 2604 2487 2657 porro
2538 2589 2608 2643 sit
2654 2588 2820 2643 draco
2866 2589 2969 2644 iste
3003 2604 3192 2644 recens
3226 2592 3423 2654 editus,

1840 2689 1894 2732 et
1918 2679 2097 2749 qualia
2125 2682 2340 2734 tandem
2375 2681 2483 2734 sint
2511 2695 2573 2735 ea
2597 2696 2717 2750 qua:
2735 2683 2994 2737 adversus
3022 2685 3268 2740 veritatis
3294 2687 3426 2756 (ltig-

1843 2784 1989 2828 mata
2018 2774 2340 2837 deblaterat,
2369 2773 2602 2843 explica,
2632 2775 2881 2829 obsecro.

1906 2867 1972 2920 A.
2012 2865 2222 2920 Recens
2262 2867 2478 2935 quidem
2517 2866 2679 2921 draco
2717 2878 2800 2921 est
2846 2882 3078 2937 nequam
3122 2868 3211 2924 ille
3249 2880 3305 2925 et
3334 2886 3426 2925 ve-

1842 2975 1983 3013 neno
2007 2961 2352 3012 temulentam
2378 2958 2580 3013 habens
2605 2957 2862 3027 linguam,
2883 2962 3422 3032 quique,coutempta

1845 3048 2134 3103 traditione
2177 3063 2367 3103 eorum
2415 3049 2506 3118 qui
2562 3049 2755 3103 orbem
2794 3062 3060 3105 terrarum
3102 3067 3258 3107 sacra
3308 3070 3425 3123 my-

1844 3140 2009 3195 steria
2045 3141 2365 3203 docuerunt,
2416 3140 2526 3194 imo
2570 3139 2751 3207 potius
2798 3141 3049 3195 ttniversa
3085 3156 3239 3197 sacra
3278 3142 3428 3198 Scri-

1844 3243 2001 3302 ptura
2030 3234 2209 3286 valere
2233 3233 2409 3300 jussa,
2449 3231 2719 3300 rebusque
2750 3233 2902 3285 novis
2938 3248 3034 3300 pro
3080 3249 3174 3287 sua
3205 3233 3425 3293 libidini,-

1843 3321 2201 3383 introductis,
2241 3331 2485 3373 sanctam
2529 3317 2803 3389 Virginem
2849 3319 3132 3387 Deiparam
3167 3336 3285 3378 esse
3331 3340 3424 3376 ne-

1842 3426 1954 3487 gat,
1990 3416 2084 3469 sed
2118 3415 2297 3483 potius
2324 3412 2605 3467 Christum
2649 3413 2765 3466 sive
2801 3413 3074 3467 hominem
3111 3417 3419 3481 peperisse,

1842 3510 2056 3578 aliaque
2090 3506 2175 3561 his
2203 3504 2381 3560 afﬁnia
2414 3520 2673 3574 perquam
2722 3505 2954 3557 absurda
3001 3515 3165 3574 atque
3206 3509 3421 3576 stupida

1845 3603 2012 3657 rectis
2048 3616 2111 3656 ac
2139 3600 2289 3670 puris
2320 3597 2641 3653 universalis
2675 3594 2930 3651 Ecclesia:
2957 3596 3297 3666 dogmatibus
3327 3614 3420 3651 su-

1841 3693 2201 3764 perinfereus.

1916 3786 1977 3839 B.
2018 3783 2351 3847 Nestorium,
2389 3791 2449 3834 ut
2476 3779 2733 3839 arbitror,
2785 3777 3082 3847 signiﬁcas.
3123 3776 3243 3831 Jatn
3278 3779 3424 3832 enim

1844 3878 2107 3947 intelligo.
2160 3874 2446 3945 Opinionis
2491 3886 2622 3925 vero
2664 3869 2783 3939 ejus
2834 3870 2973 3922 ratio
3027 3870 3159 3924 mihi
3204 3875 3423 3940 engnita

1843 3987 1951 4028 non
1990 3983 2093 4025 est.
2132 3970 2379 4036 Quonam
2423 3973 2609 4021 autem
2658 3972 2818 4033 pacto
2851 3973 3093 4018 sanctam
3148 3962 3423 4035 Virginem

1843 4063 2127 4134 Deiparam
2158 4075 2279 4116 esse
2309 4059 2509 4129 negat?

1914 4155 1983 4208 A.
2024 4152 2208 4223 Neque
2234 4151 2399 4216 enim,
2427 4150 2621 4220 inquit,
2650 4150 2817 4205 Deum
2850 4164 2917 4204 ex
2940 4164 3001 4205 se
3027 4150 3257 4218 peperit.
3289 4147 3423 4203 Nam

1844 4247 2086 4303 Verbum
2128 4257 2254 4301 ante
2296 4245 2470 4315 ipsam
2511 4253 2649 4310 erat,
2682 4255 2846 4314 atque
2897 4244 3031 4298 adeo
3072 4253 3198 4297 ante
3240 4246 3423 4297 omnia

1843 4341 2038 4397 saecula
2064 4349 2119 4395 et
2146 4349 2409 4409 tempora,
2445 4348 2628 4407 utpote
2663 4348 2990 4393 coaeternum
3032 4335 3139 4390 Deo
3161 4350 3226 4391 ac
3254 4334 3421 4390 Patri.

1841 4437 2173 4507 Negaveriut
2203 4437 2385 4505 itaque
2417 4434 2581 4488 etiam
2615 4435 2719 4489 hoc
2760 4442 2967 4501 aperte,
3016 4432 3159 4501 quod
3199 4431 3425 4486 Emma-

152 4522 291 4586 Θεὸς
329 4526 357 4577 6
392 4523 769 4594 Ἐμμανουὴλ,
815 4524 938 4594 εἰκῆ
982 4524 1039 4576 δὲ
1078 4523 1153 4587 ὡς
1201 4523 1345 4577 ἔοικε
1390 4524 1734 4595 διερμηνεύει

1857 4529 1973 4583 nuel
2007 4528 2079 4581 sit
2109 4526 2273 4583 Deus.
2313 4526 2496 4595 Inepte
2526 4526 2690 4595 igitur
2723 4524 2853 4580 illud
2894 4525 3283 4595 interpretatus
3306 4525 3424 4578 fue-

152 4614 413 4684 τοῦνομα,
463 4614 635 4684 λέγων
674 4617 703 4669 6
749 4614 1174 4683 εὐαγγελιστῇ·
1212 4634 1229 4665 ι
1264 4617 1332 4667 ’Ὀ
1378 4618 1493 4668 ἐστι
1543 4616 1739 4688 μεθερ-

157 4706 551 4777 μηνευόμενον,
586 4705 721 4759 Μεθ’
749 4706 909 4775 ἡμῶν
933 4707 961 4757 6
992 4705 1177 4768 Θεός.»
1213 4705 1371 4759 υῦτω
1403 4708 1512 4779 γὰρ
1536 4709 1740 4781 χρῆναι

152 4798 630 4869 κατονομάζεσθαι
682 4798 1053 4852 διε6ε6αιοῦτο
1108 4798 1291 4867 σαφῶς
1340 4799 1430 4852 διὰ
1480 4800 1579 4870 τῆς
1643 4801 1739 4854 τοῦ

155 4892 443 4961 προφήτου
474 4890 661 4960 φωνῆς
686 4894 715 4944 6
739 4890 873 4953 Θεὸς
899 4891 993 4943 καὶ
1018 4890 1229 4962 Πατὴρ,
1252 4891 1342 4944 τὸν
1364 4893 1428 4944 ἐκ
1454 4893 1553 4964 τῆς
1580 4893 1741 4961 ἁγίας

150 4983 435 5056 Παρθένου
461 4984 603 5037 κατά
634 4983 810 5053 σάρκα
840 4988 1255 5055 γεγεννημένον,
1290 4984 1363 5047 ὡς
1394 4985 1746 5059 ἐνανθρωπή-

152 5095 328 5131 σαντα
356 5076 514 5130 Θεὸν.

226 5169 289 5222 Β.
324 5168 516 5221 Καίτοι
545 5167 693 5220 δοκεῖ
741 5168 837 5237 μὲν
868 5168 1095 5231 ἐκείνοις
1126 5167 1225 5237 ούχ
1255 5160 1355 5221 ὧδε
1389 5166 1543 5220 ταῦτ’
1574 5167 1737 5236 ἔχειν,

154 5261 278 5331 μεθ’
303 5259 461 5331 ήμῶν
489 5259 547 5311 δὲ
578 5262 736 5327 φαῖεν
767 5260 1019 5328 γενέσθαι
1049 5260 1199 5325 Θεὸν,
1234 5261 1354 5331 ἦτοι
1386 5258 1477 5312 τὸν
1506 5262 1569 5312 ἐκ
1601 5260 1739 5313 Θεοῦ

147 5353 347 5420 Λόγον,
382 5353 523 5405 κατά
572 5368 636 5419 γε
676 5351 803 5415 τοὺς
833 5352 932 5421 τῆς
980 5353 1299 5424 ἐπικουρίας
1346 5353 1604 5424 τρόπους.
1648 5354 1745 5406 Σέ-

152 5463 305 5500 σωκε
342 5446 450 5519 γὰρ
484 5446 582 5517 τὴν
615 5447 707 5499 ὑπ’
734 5446 961 5517 οὐρανὸν
1002 5447 1091 5502 διὰ
1136 5448 1231 5501 τοῦ
1279 5447 1633 5518 γεννηθέντος
1678 5447 1744 5501 ἐκ

150 5539 441 5607 γυναικός.

229 5632 294 5684 Α.
328 5632 402 5685 Ού
436 5632 542 5703 γὰρ
574 5628 661 5703 ἦν,
712 5633 833 5687 εἰπέ
872 5652 984 5703 μοι,
1031 5636 1124 5687 καὶ
1178 5633 1316 5703 μετὰ
1355 5634 1599 5699 Μωσέως
1638 5634 1737 5706 τῆς

230 5807 271 5837 δ’
298 5808 485 5864 Matth.
519 5826 557 5874 I,
588 5810 679 5863 9.3.

479 5908 743 5968 I’A't‘nutn
791 5908 905 5966 Gn.
959 5908 1176 5970 LXXV.

1850 4624 1921 4676 rit
1955 4621 2284 4689 evangelista
2310 4658 2326 4683 ,
2363 4620 2549 4672 dicens
2581 4631 2595 4670 :
2632 4635 2651 4669 ι
2680 4617 2834 4683 Quod
2881 4618 3299 4685 interpretatur,
3328 4614 3428 4669 Νυ-

1848 4714 2056 4768 biseum
2090 4712 2230 4766 Deus
2254 4711 2320 4765 "‘.
2353 4730 2372 4762 ι
2408 4711 2483 4764 Ita
2519 4710 2664 4765 enim
2693 4707 2978 4764 manifeste
3009 4708 3148 4765 Deus
3174 4724 3238 4763 ac
3267 4707 3429 4762 Pater

1849 4820 1946 4875 per
1980 4820 2167 4859 vocem
2197 4803 2583 4874 prophetarum
2629 4802 2918 4857 aﬂirtnavit
2950 4812 3202 4871 oportere
3243 4804 3424 4857 vocari

1849 4909 1974 4950 eum
2004 4895 2094 4965 qui
2131 4909 2193 4949 ex
2225 4902 2412 4948 sancta
2436 4890 2661 4963 Virgine
2687 4891 2984 4947 secundum
3015 4906 3239 4947 carnem
3270 4903 3434 4946 natus

1852 4996 2016 5053 esset,
2047 4998 2103 5041 ut
2134 4986 2301 5040 Deum
2330 4986 2693 5039 incarnatutu.

1922 5170 1983 5225 Β.
2024 5167 2181 5236 Atqui
2210 5165 2313 5222 illis
2344 5181 2433 5221 res
2469 5181 2574 5220 non
2607 5166 2678 5220 ita
2714 5180 2771 5220 se
2806 5164 3007 5219 habere
3037 5165 3248 5219 videtur
3277 5182 3292 5219 :
3325 5182 3429 5219 uo-

1847 5263 2053 5317 biscum
2105 5275 2232 5316 vero
2285 5263 2483 5314 factum
2532 5275 2653 5314 esse
2712 5260 2877 5313 Deum
2930 5260 3267 5312 contendunt
3312 5258 3430 5311 sive

1854 5354 2085 5409 Verbum
2123 5366 2189 5407 ex
2222 5352 2351 5415 Deo,
2397 5352 2607 5406 ratione
2629 5350 2842 5405 auxilii.
2881 5348 3122 5403 Salvavit
3150 5350 3296 5405 enim
3335 5366 3425 5403 or-

1846 5447 1969 5503 bem
2010 5458 2279 5502 terrarum
2314 5461 2409 5515 per
2442 5460 2565 5499 eum
2609 5446 2701 5514 qui
2746 5460 2814 5499 ex
2847 5443 3073 5498 muliere
3130 5451 3289 5498 natus
3319 5455 3426 5498 est.

1916 5633 1983 5688 A.
2025 5630 2201 5699 Anne,
2249 5629 2500 5697 obsecro,
2548 5636 2603 5683 et
2634 5642 2759 5683 cum
2806 5624 2989 5697 Idoyse
3030 5634 3182 5689 erat,
3216 5640 3246 5679 e
3280 5633 3428 5679 terra

3038 5904 3113 5965 [ιθ
