3846 6210
447 383 583 437 12ῗῖ9

1421 386 1477 441 S.
1518 386 1803 443 CYRILLI‘
1825 389 2292 445 ALEXANDRINI
2327 392 2642 449 ARCHIEP.

3549 409 3569 461 Ι
3580 408 3676 462 210

446 516 551 568 quc
606 510 845 554 nostram
894 507 1217 567 gestantem,
1278 500 1437 554 Pater
1492 504 1701 556 sanctis
1751 504 2008 571 apostolis

2121 504 2406 574 θρώπινον,
2449 508 2719 579 ὲνεπλάκη
2746 511 2928 581 σαρκί·
2973 512 3146 575 οὕτως
3192 513 3382 584 ἔχοντα
3418 520 3513 571 καὶ
3541 522 3655 590 opt-3

446 591 712 657 ostendit,
765 590 1129 659 hujuscemodi
1173 605 1302 644 voce
1353 591 1567 646 cmlitus
1594 594 1735 647 edita
1791 611 1807 650 :
1850 613 1870 646 ι
1914 592 2011 648 Hic

447 692 526 735 est
559 681 726 735 Filius
758 697 911 735 tuens
947 682 1196 745 dilectus,
1230 684 1281 737 in
1312 700 1420 752 quo
1454 686 1584 739 mihi
1616 685 1748 742 bene
1773 688 2012 756 compla-

448 774 569 827 cui:
608 775 778 842 ipsum
825 774 1007 828 audite
1037 776 1107 829 ⁸⁷.
1144 794 1162 827 ι
1203 774 1465 846 lntelligis
1500 780 1702 849 itaque,
1743 784 2011 850 quomodo

446 880 552 920 non
590 866 733 919 dicat
760 888 770 919 :
807 866 858 918 In
886 868 986 920 hoc
1013 877 1097 920 est
1126 867 1293 922 Filius
1324 884 1494 934 meus,
1530 887 1597 925 ne
1627 872 1863 926 vicissim
1895 884 2011 926 tan-

445 971 605 1025 quam
641 955 777 1009 alter
824 957 875 1009 in
905 957 1076 1011 altero
1100 973 1222 1011 esse
1247 970 1585 1025 censeretur,
1624 963 1717 1016 sed
1758 979 1896 1018 unus
1924 975 2010 1017 at-

444 1064 550 1115 que
599 1048 740 1101 idem
785 1047 1084 1101 secundum
1114 1050 1372 1104 unitatem
1419 1051 1825 1109 incarnationis.
1858 1055 2009 1120 Quod

446 1154 574 1193 vero
602 1139 964 1209 periculosum
1011 1139 1436 1210 damnosumque
1476 1143 1742 1211 imprimis
1771 1145 1842 1198 sit
1886 1146 2012 1201 huic

447 1229 731 1283 sententia:
765 1229 1043 1295 reluctari,
1081 1226 1319 1286 Joannes
1354 1231 1512 1287 facile
1543 1237 1894 1303 persuaserit,
1936 1237 2009 1290 ita

444 1322 653 1383 dicens,
684 1320 828 1387 quod
858 1319 999 1372 idem
1030 1319 1101 1373 sit
1133 1322 1509 1375 testimonium
1557 1324 1648 1377 Dei
1674 1325 1821 1392 quod
1852 1334 2011 1380 testae

444 1423 531 1467 tus
565 1423 651 1467 est
685 1414 750 1467 de
797 1410 934 1468 Filio
977 1428 1114 1468 suo:
1142 1432 1160 1464 ι
1193 1411 1295 1479 Qui
1352 1413 1523 1467 credit
1564 1412 1616 1467 in
1660 1414 1854 1469 Filium
1894 1416 2008 1481 Dei,

446 1511 610 1564 habet
652 1510 1015 1565 testimonium
1050 1509 1141 1564 Dei
1175 1510 1226 1562 in
1281 1524 1358 1564 se.
1406 1509 1505 1575 Qui
1540 1524 1645 1564 non
1676 1512 1849 1565 credit
1881 1511 2008 1575 Deo,

446 1603 761 1655 mendacem
793 1601 926 1655 facit
962 1616 1084 1655 eum
1113 1618 1126 1667 ;
1164 1600 1291 1670 quia
1333 1615 1437 1653 non
1481 1602 1654 1654 credit
1688 1602 1738 1654 in
1773 1602 2016 1656 testimo-

445 1695 591 1747 nium
612 1692 755 1761 quod
771 1692 1089 1746 testificatus
1102 1703 1184 1746 est
1202 1693 1341 1746 Deus
1356 1693 1421 1745 de
1439 1691 1574 1746 Filio
1589 1707 1705 1746 suo.
1720 1711 1741 1743 ι
1760 1691 2010 1747 Testatus

445 1796 623 1838 autem
662 1795 746 1838 est
784 1784 924 1853 quod
954 1784 1052 1839 Hic
1077 1784 1167 1852 qui
1220 1784 1272 1837 iu
1305 1799 1470 1838 carne
1509 1794 1563 1838 et
1610 1786 1661 1839 in
1695 1784 1864 1838 forma
1895 1800 2009 1839 ser—

444 1877 496 1928 vi
522 1875 877 1944 conspicitur,
912 1882 994 1927 est
1024 1872 1375 1943 singulariter
1398 1887 1461 1926 ac
1489 1873 1831 1941 peculiariter
1852 1887 2010 1927 verus

444 1980 595 2019 meus
626 1964 812 2020 Filius.
847 1965 984 2031 Quid
1013 1979 1136 2019 vero
1154 1964 1183 2017 ?'
1205 1979 1385 2018 nonne
1422 1974 1477 2017 et
1510 1964 1737 2033 gratiam
1766 1980 1885 2034 qua:
1916 1980 2012 2034 per

442 2073 656 2112 sacrum
682 2058 1001 2127 baptismum
1049 2056 1344 2124 confertur,
1368 2067 1422 2112 et
1456 2057 1871 2111 vivificationetn
1893 2072 2012 2126 qua:

445 2152 499 2204 in
536 2152 653 2219 ipso
680 2161 802 2214 est,
841 2158 895 2204 et
943 2148 1410 2219 participationem
1450 2148 1541 2203 Dei
1574 2162 1671 2218 per
1705 2148 2012 2202 sanctiﬁca-

446 2244 647 2297 tionem
684 2242 738 2296 in
776 2240 1005 2311 Spiritu,
1036 2257 1132 2309 per
1172 2239 1357 2296 lesum
1402 2242 1675 2296 Christum
1722 2241 1859 2295 facta
1891 2254 2011 2294 esse

444 2336 683 2390 dicemus
699 2335 723 2388 τ

517 2516 579 2573 Β.
598 2515 867 2572 011111ἰηο.
884 2513 1105 2568 Memini
1142 2513 1286 2567 enim
1310 2510 1534 2566 Joannis
1557 2512 1785 2567 dicentis
1812 2531 1824 2565 :
1860 2530 1877 2563 ι
1909 2512 2009 2577 Qui

447 2619 570 2678 post
598 2624 683 2663 me
718 2608 880 2670 venit,
916 2609 1109 2663 fortior
1155 2621 1240 2660 me
1279 2616 1400 2668 est,
1444 2605 1598 2674 cujus
1643 2619 1745 2657 non
1784 2619 1901 2657 sum
1933 2605 2012 2656 di-

447 2718 584 2769 gnus
618 2701 986 2755 calceamenta
1031 2710 1247 2769 portare
1290 2718 1301 2750 :
1350 2697 1462 2764 ipse
1507 2709 1601 2748 vos
1633 2693 1927 2761 baptizabit
1957 2697 2008 2748 in

448 2793 650 2859 Spiritu
684 2802 873 2847 sancto
901 2799 955 2845 et
990 2789 1111 2859 igne
1143 2788 1209 2841 θ’,
1248 2808 1267 2839 ›

519 2977 585 3030 A.
619 2972 1055 3029 Humanitatisne
1095 2971 1258 3041 igitur
1298 2981 1495 3024 nostra:
1550 2983 1686 3037 opus
1722 2982 1842 3019 esse
1884 2981 2012 3019 ceu-

447 3069 735 3133 scbimus,
796 3066 850 3119 in
931 3065 1135 3134 Spiritu
1194 3074 1385 3117 sancto
1451 3072 1504 3115 et
1557 3062 1679 3129 igne
1736 3059 2012 3128 baptizare

445 3152 638 3229 posse?

519 3252 581 3307 Β.
608 3250 726 3316 Quo
748 3258 906 3318 pacto
937 3248 985 3300 id
1018 3246 1139 3299 fieri
1159 3244 1370 3313 possit?-

515 3345 678 3417 Ὶθθ
696 3344 936 3412 A.Atqui
974 3344 1144 3395 virum
1168 3337 1387 3407 jamjatn
1415 3348 1699 3392 venturum
1728 3348 1888 3405 atque
1916 3353 2010 3406 ap-

446 3441 740 3508 pariturum
796 3436 1001 3500 dicens,
1036 3434 1208 3501 ipsum
1260 3432 1313 3485 in
1349 3431 1470 3501 igne
1504 3439 1559 3484 et
1595 3428 1795 3497 Spiritu
1827 3440 2014 3482 sancto

447 3532 722 3602 baptizare
753 3528 1196 3592 aflirmat,neque
1236 3523 1467 3579 alienum
1517 3523 1802 3593 baptizatis
1839 3520 2012 3590 Spiri-

448 3638 560 3680 tum
591 3625 884 3679 immittere
910 3619 1087 3675 servili
1109 3633 1175 3672 ac
1192 3616 1584 3674 ministratorio
1618 3613 1805 3675 modo,
1836 3612 1931 3667 sed
1958 3620 2015 3664 ut

452 3718 614 3771 Deum
668 3711 961 3767 secundum
1023 3720 1267 3763 naturam
1314 3721 1435 3761 cum
1477 3718 1685 3759 summa
1725 3709 2009 3771 potestate,

448 3805 709 3875 Spiritqu
735 3818 801 3857 ex
830 3818 889 3855 se
916 3801 1125 3869 sihique
1163 3798 1440 3867 proprium
1482 3795 1689 3865 largiri.
1715 3809 1814 3864 per
1848 3808 2010 3863 quem

446 3896 606 3949 etiam
649 3893 863 3946 divinus
902 3890 1188 3945 character
1236 3890 1389 3943 nobis
1434 3887 1777 3955 iusigniatur.
1816 3884 2009 3941 Refor-

449 4000 656 4038 mamur
697 3984 840 4038 enim
891 3984 957 4035 ad
1007 3980 1293 4051 imaginem
1340 3980 1573 4033 divinam
1624 3978 1676 4032 in
1734 3977 2010 4033 Christum

445 4073 652 4137 Sesum,
694 4087 802 4126 non
849 4070 1181 4139 corporalem
1238 4069 1676 4124 reformationem
1721 4070 2013 4124 subeuntes

448 4167 594 4237 (nam
652 4165 702 4217 id
758 4164 1106 4217 vehementer
1148 4160 1438 4215 absurdum
1482 4161 1626 4215 dictu
1666 4160 1875 4229 fuerit),
1919 4160 2013 4214 sed

448 4274 542 4326 per
572 4255 1042 4325 participationem
1075 4253 1248 4308 sancti
1274 4252 1510 4322 Spiritus
1558 4253 1729 4320 ipsum
1764 4253 1815 4306 in
1860 4252 2014 4307 nobis

448 4350 577 4418 ipsis
628 4350 892 4403 habentes
929 4362 943 4399 :
997 4349 1132 4401 adeo
1178 4354 1238 4399 ut
1265 4344 1509 4399 halantes
1537 4343 1665 4397 illud
1706 4344 2015 4399 exclamare

447 4442 718 4511 possimus
765 4458 780 4496 :
831 4459 850 4491 ι
905 4438 1209 4493 Exsultabit
1260 4437 1445 4491 anima
1486 4452 1601 4491 mea
1656 4437 1708 4491 in
1760 4437 2010 4504 Domino,

2114 613 2292 664 μενον,
2323 600 2415 651 καὶ
2451 601 2508 651 ὲν
2542 600 2670 653 εἴδει
2716 601 2795 671 τῷ
2836 601 2959 655 καθ’
2985 604 3131 674 ἡμᾶς
3161 608 3529 677 τυγχάνοντα,
3567 616 3674 677 τοῖς

2110 687 2286 755 ἁγίοις
2310 690 2627 754 ἀποστόλοις
2649 692 2964 764 παρέδειξεν
2985 695 3013 747 6
3037 695 3247 767 Πατὴρ,
3274 700 3461 768 φωνῆς
3479 701 3675 754 ἄνωθεν

2110 778 2548 851 ὲκπεποιημένης
2594 784 2807 836 τοιᾶσδε
2830 800 2843 813 ο
2882 803 2901 833 ι
2938 780 3106 847 Οὗτός
3136 787 3284 840 ἐστιν
3309 790 3338 840 ὁ
3370 789 3498 853 Υἱός
3529 792 3675 861 potat

2109 871 2411 941 ἀγαπητὸς,
2442 873 2500 926 ὲν
2528 867 2572 940 ᾧ
2617 875 2914 945 ηὐδόκησα,
2957 877 3117 930 αὐτοῦ
3162 879 3408 933 ἀκούετε.
3464 902 3483 933 ι
3518 884 3680 947 Σῦνες

2110 960 2203 1016 οὖν
2257 964 2404 1026 ὅπως
2432 965 2532 1019 οὐκ
2577 967 2635 1018 ὲν
2663 966 2858 1036 τούτῳ,
2890 970 3073 1039 φησὶν,
3121 970 3269 1023 ἐστὶν
3300 972 3329 1023 ὁ
3382 972 3508 1036 Υἱός
3558 992 3681 1042 μου,

2113 1052 2197 1106 ἵνα
2230 1053 2303 1123 μὴ
2339 1055 2612 1126 ἀναμὲρος
2656 1056 2731 1119 ὡς
2756 1057 2942 1126 ἕτερος
2966 1059 3027 1112 ὲν
3057 1060 3226 1130 ἑτέρῳ
3253 1062 3435 1131 τυχὸν,
3464 1063 3585 1122 ἀλλ’
3608 1060 3685 1129 εἷς

2111 1145 2296 1214 νοῆται
2336 1147 2429 1198 καὶ
2457 1148 2484 1198 6
2524 1148 2680 1210 αὐτὸς
2722 1148 2846 1201 καθ’
2874 1150 3066 1203 ’ἐνωσιν
3098 1153 3464 1222 οἰκονομικήν.
3496 1154 3681 1225 Πλημ-

2115 1238 2272 1307 μελὲς
2295 1239 2354 1292 δὲ
2389 1240 2553 1292 ὅτιτὸ
2580 1242 2895 1295 ἀντιτείνειν
2922 1244 3061 1308 ἐστὶ,
3089 1244 3180 1296 καὶ
3208 1244 3317 1297 τῶν
3335 1247 3418 1298 ὅτι
3451 1247 3687 1316 μάλιστα

2111 1329 2579 1400 σφαλερωτάτων,
2634 1331 2916 1383 ἀναπείσει
2963 1333 3188 1404 γράφων
3258 1335 3511 1405 Ἰωάννης
3567 1336 3687 1399 ὡδὶ,

2109 1420 2191 1472 ὃτι
2227 1420 2361 1490 αὕτη
2397 1421 2604 1490 ἐστινὴ
2650 1422 2917 1493 μαρτυρία
2949 1422 3041 1476 τοῦ
3089 1424 3242 1486 Θεοῦ,
3282 1425 3365 1477 ὅτι
3411 1425 3671 1495 μεμαρτῦ

2115 1527 2245 1581 ρηκε
2275 1511 2404 1582 περὶ
2434 1512 2528 1565 τοῦ
2550 1512 2681 1565 Υἱοῦ
2702 1514 2887 1568 αὑτοῦ·
2912 1533 2931 1565 r
2955 1515 3012 1566 ὐ
3032 1515 3301 1568 πιστεύων
3330 1519 3410 1579 είς
3442 1517 3539 1570 τὸν
3564 1517 3695 1570 Υἱδν

2109 1601 2204 1654 τοῦ
2247 1602 2403 1665 Θεοῦ,
2440 1602 2555 1673 ἔχει
2590 1603 2690 1675 τὴν
2740 1604 3045 1676 μαρτυρίαν
3083 1606 3177 1658 τοῦ
3206 1605 3340 1659 Θεοῦ
3384 1608 3445 1659 ἐν
3480 1608 3693 1677 ἑαυτῷ..

2123 1691 2181 1744 '0
2226 1690 2299 1762 μὴ
2351 1692 2622 1746 πιστεύων
2660 1693 2740 1763 τῷ
2771 1692 2907 1764 Θεῷ,
2957 1692 3195 1764 ψεύστην
3239 1696 3548 1764 πεποίηκεν
3597 1698 3693 1749 αὖ·

2110 1782 2221 1846 τὸν,
2260 1782 2341 1837 ὅτι
2384 1784 2483 1836 οὐκ
2519 1783 2837 1838 ἐπίστευσεν
2868 1786 2948 1847 είς
2989 1784 3087 1856 τὴν
3122 1785 3444 1855 μαρτυρίαν,
3489 1789 3566 1857 ἢν
3607 1804 3693 1857 με·

2116 1875 2466 1946 μαρτύρηκεν
2501 1877 2531 1928 6
2558 1876 2693 1939 Θεὸς
2720 1879 2848 1947 περὶ
2876 1876 2971 1930 τοῦ
3002 1876 3129 1930 Υίοῦ
3159 1876 3342 1931 αὐτοῦ.
3384 1896 3405 1929 ›
3450 1879 3695 1949 Mettum

2110 1965 2318 2036 τύρηκε
2356 1966 2433 2031 δὲ,
2470 1966 2554 2019 ὅτι
2585 1959 2772 2029 Οὗτος,
2803 1969 2832 2021 6
2863 1967 3000 2037 μετά
3044 1966 3244 2037 σαρκὸς
3273 1967 3368 2020 καὶ
3406 1968 3465 2021 ἐν
3488 1970 3564 2037 τῇ
3596 1967 3693 2021 τοῦ

2110 2058 2297 2111 δούλου
2328 2062 2532 2130 μορφῇ,
2563 2059 2860 2129 μοναδικῶς
2887 2076 2946 2111 τε
2978 2058 3072 2111 καὶ
3103 2058 3282 2121 ίδικῶς
3303 2058 3433 2128 ἐμὸς
3466 2058 3693 2130 ἀληθῶς

2113 2147 2260 2212 Υἱός.
2293 2148 2359 2201 Τί
2389 2148 2481 2213 δέ;
2515 2150 2633 2217 οὐχὶ
2650 2149 2745 2201 καὶ
2762 2147 2861 2219 τὴν
2889 2146 2976 2200 διὰ
3002 2146 3098 2199 τοῦ
3124 2146 3279 2215 ἁγίου
3310 2146 3695 2217 βαπτίσματος

2111 2239 2311 2293 εὐκλεᾶ
2346 2240 2526 2310 χάριν,
2559 2238 2653 2292 καὶ
2680 2237 2780 2310 τὴν
2804 2239 2861 2291 ὲν
2882 2235 3032 2306 αὐτῷ
3073 2236 3417 2306 ζωοποίησιν,
3456 2237 3563 2289 καὶ
3594 2239 3693 2307 τὴν

2111 2331 2248 2386 Θεοῦ
2282 2331 2496 2400 μέθεξιν
2533 2330 2599 2383 δι’
2631 2330 2904 2398 ἀγιασμοῦ
2945 2329 3003 2381 ἐν
3047 2325 3343 2396 Πνεῦματι,
3372 2326 3459 2379 διὰ.
3507 2328 3691 2398 Ἰησοῦ

2112 2423 2347 2495 Χριστοῦ
2383 2423 2696 2493 πεπρᾶχθαι
2737 2421 3013 2489 δώσομεν;

2183 2516 2241 2567 Β.
2306 2515 2673 2581 Ἀναγκαίως·
2728 2515 3077 2583 μεμνήσομαι
3127 2512 3237 2581 γὰρ
3289 2512 3540 2565 Ἰωάννου
3600 2514 3690 2564 λέ-

2111 2624 2331 2675 γοντος·
2378 2625 2396 2656 ‹
2444 2606 2502 2658 '0
2547 2605 2605 2657 δὲ
2636 2605 2810 2657 ὀπίσω
2844 2621 2947 2674 μου
2995 2603 3305 2674 ἐρχόμενος,
3340 2603 3694 2674 ἰσχυρότερός

2115 2696 2215 2767 μού
2249 2698 2414 2755 ἐστιν,
2448 2689 2507 2749 οὗ
2532 2697 2632 2748 οὐκ
2660 2695 2779 2764 εἰμὶ
2815 2694 2997 2758 ἱκανὸς
3024 2695 3092 2748 τὰ
3117 2692 3437 2765 ὑποδήματα
3477 2693 3693 2763 βαστά-

2114 2806 2235 2842 σαι·
2277 2790 2484 2851 ὲκεῖνος
2516 2789 2658 2859 ὑμᾶς
2699 2787 2948 2840 ϐαπτίσει
2994 2789 3052 2840 ἐν
3096 2786 3372 2858 Πνεῦματι
3413 2787 3560 2857 ἁγίῳ
3600 2788 3695 2840 καὶ

2111 2882 2265 2953 πυρί.
2311 2900 2327 2931 1

2182 2974 2246 3027 Δ.
2263 2968 2389 3043 Ἀρ*
2418 2967 2531 3036 οὖν,
2548 2965 2595 3025 ὦ
2620 2972 2936 3042 ἐταῷε,τῆς
2964 2969 3084 3025 καθ’
3108 2971 3251 3041 ἡμᾶς
3269 2968 3701 3042 ἀνθρωπότηιρος.

2112 3064 2270 3134 ἔργον
2310 3057 2448 3113 εἶναι
2489 3059 2700 3130 φῶμεν,
2736 3060 2797 3113 τὸ
2830 3061 2888 3111 ὲν
2927 3058 3204 3129 Πνεῦματι
3233 3058 3373 3129 ἁγίῳ
3403 3058 3696 3128 βαπτίζειν

2115 3152 2374 3209 δύνασθαι
2404 3153 2497 3205 καὶ
2545 3152 2677 3222 πυρί
2696 3170 2710 3217 ;

2186 3246 2245 3298 Β.
2286 3244 2398 3299 Καὶ
2429 3242 2544 3307 πῶς
2571 3242 2637 3296 ἂν
2674 3244 2759 3313 εῐη
2798 3242 2952 3296 τοῦτό
2985 3260 3087 3311 γε;

2184 3340 2250 3391 Α.
2290 3339 2401 3391 Καὶ
2430 3336 2535 3408 μὴν
2561 3336 2727 3407 ἄνδρα
2754 3336 2945 3404 λέγων,
2986 3336 3076 3389 τὸν
3107 3338 3230 3389 ὅσον
3284 3336 3497 3389 οὐδέπω
3561 3351 3700 3404 παρ-

2115 3430 2370 3501 εσόμενόν
2411 3430 2584 3482 τεκαὶ
2628 3428 3017 3500 ὀφθησόμενον,
3049 3429 3210 3482 αὑτὸν
3255 3428 3357 3499 ἔφη
3406 3428 3696 3497 βαπτίζειν

2115 3526 2173 3576 ὲν
2224 3524 2357 3593 πυρὶ
2410 3523 2505 3577 καὶ
2543 3523 2682 3592 ἁγίῳ
2731 3521 3028 3591 Πνεύματι,
3075 3520 3196 3574 οὔτε
3240 3520 3525 3592 ἀλλότριον
3579 3522 3698 3582 τοῖς

2112 3614 2535 3686 βαπτιζομένοις
2594 3615 2803 3667 ἐνιέντα
2858 3612 3082 3684 Πνεῦμα
3134 3611 3519 3683 δουλοπρεπῶς
3600 3612 3704 3666 καὶ

2116 3705 2486 3777 ὑπουργικῶς,
2516 3705 2629 3759 ἀλλ’
2656 3705 2730 3770 ὡς
2768 3705 2900 3758 Θεὸν
2930 3705 3069 3758 κατὰ
3101 3704 3258 3774 φύσιν
3295 3705 3412 3773 μετ’
3435 3705 3699 3771 ἐξουσίας

2114 3796 2213 3866 τῆς
2240 3796 2519 3859 ἀνωτάτω,
2551 3797 2611 3850 τὸ
2645 3796 2703 3863 ἐξ
2740 3797 2905 3851 αὐτοῦ
2936 3815 2994 3851 τε
3035 3799 3128 3851 καὶ
3156 3796 3286 3849 ἴδιον
3316 3795 3504 3859 αὑτοῦ,
3533 3796 3607 3849 δι’
3636 3790 3705 3861 οὗ,

2114 3889 2209 3942 καὶ
2244 3890 2273 3941 ὁ
2307 3888 2449 3950 θεῖος
2488 3890 2618 3958 ἡμῖν
2660 3888 3044 3959 ἐνσημαίνεται
3072 3889 3375 3959 χαρακτήρ.
3423 3887 3698 3957 Ἀναμορ·

2116 3978 2365 4051 φούμεθα
2393 3978 2501 4051 γὰρ
2536 3980 2611 4043 ὡς
2653 3982 2734 4043 είς
2765 3980 2947 4034 είκόνα
2991 3979 3089 4052 τὴν
3127 3980 3296 4043 θείαν,
3336 3983 3416 4042 είς
3452 3980 3701 4050 Χριστὸν

2128 4072 2355 4143 Ἰησοῦν,
2380 4074 2439 4125 οὐ
2467 4072 2778 4142 σωματικὸν
2818 4073 3179 4143 ὑπομένοντες
3220 4072 3310 4125 τὸν
3328 4070 3696 4141 ἀναπλασμδν

2118 4163 2335 4235 (κομιδῇ
2364 4164 2472 4233 γὰρ
2496 4162 2689 4234 εῡηθες
2725 4163 2930 4227 οἴεσθαι
2966 4163 3268 4234 τουτὶ),διά
3300 4163 3354 4217 δὲ
3384 4163 3478 4217 τοῦ
3518 4181 3701 4234 μετα-ν

2115 4254 2300 4327 λαχεῖν
2325 4256 2481 4323 ἁγίου
2508 4256 2843 4327 Πνεῦματος,
2874 4256 3035 4310 αὐτὸν
3063 4257 3123 4310 ὲν
3152 4257 3360 4319 ἑαυτοῖς
3389 4255 3695 4310 πλουτοῦν-

2114 4366 2205 4412 τες
2260 4348 2527 4419 Χριστὸν,
2581 4347 2657 4412 ὡς
2712 4348 2813 4419 ἤδη
2873 4349 3161 4420 χαίροντας
3217 4350 3389 4401 ἐκεῖνο
3453 4352 3658 4417 φωνεῖν
3677 4367 3699 4389 ·η

2123 4462 2140 4493 ι
2198 4439 2569 4510 ’Δγαλλιάσθω
2609 4441 2643 4509 ἡ
2670 4439 2815 4510 ψυχή
2857 4457 2957 4509 μου
2988 4440 3081 4493 ἐπὶ
3109 4439 3185 4510 τῷ
3226 4439 3437 4510 Κυρίῳ·
3472 4440 3693 4493 ἐνέδυσε

446 4538 573 4604 quia
612 4535 785 4588 induit
826 4547 911 4587 me
958 4530 1299 4587 vestimentis
1344 4530 1555 4594 salutis,
1603 4540 1658 4584 et
1697 4530 2010 4585 indumento

2121 4535 2227 4606 γάρ
2257 4552 2324 4604 με
2360 4534 2574 4604 ἱμάτιον
2601 4534 2889 4603 σωτηρίου,
2923 4534 3018 4587 καὶ
3047 4532 3246 4605 χιτῶνα
3268 4532 3637 4603 εὐφροσύνης.
3670 4552 3689 4582 ›

441 4625 663 4695 justitire
689 4622 1045 4678 circumdedit
1073 4636 1160 4675 me
1186 4620 1223 4675 ¹.
1262 4640 1281 4672 ι
1306 4620 1583 4687 Quotquot
1611 4621 1753 4675 enim
1781 4621 1832 4674 in
1856 4619 2010 4675 Chri-

446 4728 589 4771 stum
617 4715 870 4785 baptiuti
899 4713 1055 4781 estis,
1084 4712 1360 4767 Christum
1389 4712 1638 4766 induistis
1669 4714 1711 4765 ².

516 4810 577 4865 Β.
605 4810 660 4863 In
697 4809 965 4863 hominem
994 4822 1122 4877 ergo
1168 4806 1424 4876 haptizati
1451 4821 1670 4869 sumus,
1711 4807 1873 4875 idque
1921 4822 2011 4860 ve-

445 4920 559 4958 rum
598 4916 717 4955 esse
748 4900 983 4955 dicemus
1005 4898 1032 4951 ?-

512 4995 578 5051 Α.
614 4994 758 5047 Bona
816 4993 1017 5058 verba,
1080 4991 1277 5051 arnice.
1322 4989 1460 5056 Quid
1506 4990 1664 5059 agis?
1722 4990 2012 5044 Trausfers

443 5087 587 5141 enim
619 5094 857 5141 nostram
901 5098 1049 5153 spem
1077 5084 1131 5137 in
1174 5092 1396 5138 terram.
1438 5080 1705 5151 Baptizati
1748 5082 2011 5151 siquidem

444 5192 650 5241 sumus,
684 5192 791 5231 non
824 5176 876 5229 in
913 5174 1185 5231 hominem
1232 5173 1569 5244 simpliciter,
1612 5175 1705 5228 sed
1745 5174 1797 5228 in
1845 5174 2011 5229 Deum

448 5271 824 5327 iur-amatum.
882 5276 938 5321 et
982 5268 1345 5320 remittentem
1399 5280 1609 5334 poenam
1667 5277 2011 5334 veteremque

446 5357 661 5426 culpam
690 5356 755 5410 iis
784 5358 873 5425 qui
915 5357 968 5417 in
997 5357 1169 5425 ipsum
1204 5355 1567 5409 crediderunt.
1608 5355 1759 5410 Unde
1790 5366 1841 5408 et
1876 5356 2011 5409 divi—

447 5463 549 5503 nus
574 5447 664 5501 ille
695 5445 885 5507 Petrus
911 5444 1126 5501 Judteos
1152 5446 1433 5515 alloquens
1461 5445 1597 5498 dixit
1621 5459 1637 5498 :
1677 5464 1695 5496 ι
1735 5444 2011 5498 Pteniteu-

449 5539 581 5593 tiam
627 5539 789 5608 agite,
831 5548 887 5593 et
923 5538 1224 5607 baptizetur
1253 5537 1625 5605 unusquisque
1662 5545 1902 5591 vestrum
1955 5537 2006 5589 iu

451 5633 667 5685 nomine
706 5630 829 5687 Iesu
875 5631 1074 5687 Christi
1132 5634 1185 5688 in
1236 5631 1609 5687 remissionem
1666 5641 2006 5699 peccatorum

2121 4627 2274 4683 Ὅσοι
2321 4624 2429 4695 γὰρ
2476 4623 2835 4693 είςιΧριστὸν
2902 4623 3281 4693 ἐϐαπτίσθητε,
3327 4622 3571 4692 Χριστὸν
3619 4625 3694 4676 tv-

2118 4717 2403 4783 εδύσασθε,
2448 4717 2633 4786 φησίν.

2188 4811 2249 4865 B.
2289 4805 2416 4880 Ἆρ’
2470 4804 2563 4869 οῦν
2622 4809 2700 4869 εἰς
2754 4807 3040 4878 ἄνθρωπον
3092 4804 3544 4876 βεδαπτίσμεθα,
3601 4805 3694 4861 καὶ

2118 4902 2271 4955 τοῦτο
2302 4896 2440 4954 εἶναι
2467 4902 2709 4969 φήσομεν
2745 4898 2977 4969 ἀληθὲς;

2185 4995 2249 5043 Α.
2292 4990 2561 5059 Εὐφήμει,
2597 4988 2870 5057 ἄνθρωπε.
2910 4987 2975 5040 Τί
3006 4986 3157 5058 δρᾷς,
3183 4980 3228 5039 ὦ
3268 4980 3456 5051 oin-oc;
3506 4987 3690 5041 Κατα-

2116 5079 2362 5150 κομίζεις
2402 5078 2559 5148 ἡμῶν
2610 5078 2690 5140 είς
2733 5079 2834 5146 γῆν
2878 5075 2976 5147 τὴν
3019 5075 3226 5130 ἐλπίδα.
3265 5073 3689 5142 Βεϐαπτίσμεθα

2116 5173 2225 5244 γὰρ
2255 5173 2353 5224 οὐκ
2375 5173 2455 5233 εἰς
2482 5170 2768 5240 ἄνθρωπον
2795 5167 3001 5234 ἁπλῶς,
3024 5168 3138 5221 ἀλλ’
3162 5169 3241 5229 εἰς
3266 5166 3399 5219 Θεὸν
3424 5167 3688 5237 ἑνηνθρω-

2115 5261 2349 5332 πηκότα,
2380 5260 2473 5312 καὶ
2502 5259 2722 5312 ἀνιέντα
2751 5259 2941 5328 ποινῆς
2979 5259 3074 5313 καὶ
3114 5256 3223 5310 τῶν
3250 5255 3495 5327 ἀρχαίων
3521 5256 3687 5308 αἰτια-

2118 5354 2302 5424 μάτων
2360 5353 2488 5414 τοὺς
2525 5351 2625 5423 τὴν
2667 5353 2748 5414 εἰς
2790 5349 2950 5404 αὐτὸν
2992 5348 3173 5402 πίστιν
3219 5347 3683 5417 εἰσδεδεγμένους.

2114 5445 2224 5497 Καὶ
2267 5442 2397 5513 γοῦν
2444 5445 2471 5495 ὁ
2511 5442 2794 5504 θεσπέσιος
2830 5441 3031 5511 Πέτρος
3070 5439 3344 5501 Ἰουδαίοις
3387 5438 3493 5508 ἔφη
3532 5453 3683 5509 προσ-

2114 5541 2289 5594 λαλῶν
2309 5557 2321 5570 ο
2362 5560 2379 5592 ι
2414 5540 2797 5609 Μετανοήσατε
2826 5532 2937 5597 οὖν,
2969 5536 3060 5588 καὶ
3085 5532 3437 5604 βαπτισθήτω
3458 5530 3685 5592 ἕκαστος

2114 5633 2268 5703 ὑμῶν
2309 5632 2402 5684 ἐπὶ
2446 5630 2524 5701 τῷ
2561 5630 2784 5700 ὀνόματι
2826 5628 2996 5698 Ἰησοῦ
3043 5623 3298 5696 Χριστοῦ,
3348 5624 3431 5687 εἰς
3491 5622 3683 5690 ἄφεσιν

523 5812 569 5845 ⁸⁷
594 5810 779 5867 Matth.
818 5829 948 5876 xm.
1118 5813 1383 5869 "lluan.
1422 5831 1473 5879 v,
1509 5816 1558 5877 9,
1604 5815 1685 5868 10.
1761 5815 1805 5845 ’³
1828 5812 2014 5871 Matth.
2054 5829 2139 5875 ut.
2170 5814 2251 5869 ll.
2333 5810 2474 5867 'lsa.
2501 5826 2610 5875 uti,
2653 5809 2737 5863 lO.
2815 5806 3029 5861 'Galal.
3068 5820 3147 5872 111,
3171 5805 3257 5859 27.
