3846 6210
237 352 383 406 1241

1325 342 1415 395 DE
1452 342 1791 395 lNLAlil‘tA'l
1804 342 1961 393 IUL“.
1988 343 2368 395 -UNGLLVI'I‘I.

3342 350 3477 402 1269

231 471 358 523 τῶν
402 465 684 538 ἁμαρτιῶν
726 464 900 535 ὑμῶν,
949 464 1041 516 καὶ
1070 458 1307 531 λήψεσθε
1348 459 1448 530 τὴν
1474 457 1680 529 δωρεὰν
1718 473 1806 509 του

1920 466 2265 523 vestrorum,»
2284 467 2337 512 et
2374 458 2652 527 accipietis
2681 460 2876 514 donum
2919 459 3351 530 Spiritussancti
3380 462 3421 517 ⁸.
3452 482 3472 513 ι

234 558 406 625 ἁγίου
456 555 787 628 Πνεύματος.
847 575 865 607 ι
926 551 1205 606 -Ἀπολύων
1252 549 1360 620 γὰρ
1386 547 1679 620 έάμαρτίας
1720 548 1811 601 τὸν

234 648 398 719 αὐτῷ
433 648 844 717 προσκείμενον,
888 644 966 714 τῷ
996 644 1107 713 ἰδίῳ
1134 642 1317 696 λοιπὸν
1347 640 1626 710 καταχρίει
1650 638 1812 691 Πνεῦ-

237 758 402 811 ματι,
438 740 574 810 ὅπερ
618 739 796 809 ἐνίησι
841 738 939 807 μὲν
981 736 1161 801 αὐτὸς,
1204 734 1279 797 ὡς
1322 735 1393 787 ὲκ
1420 731 1556 785 Θεοῦ
1602 730 1810 801 Πατρὺς

235 830 442 898 Λόγος,
470 831 564 883 καὶ
587 829 645 896 te
675 830 811 892 ἰδίας
838 830 967 900 ἡμῖν
1003 826 1341 895 άναπηγάζει
1369 822 1601 892 φύσεως*
1631 822 1809 875 κοινὸν

236 921 306 974 δὲ
342 920 534 991 ὥσπερ
567 920 630 974 τὸ
652 920 839 990 χρῆμα
876 918 1046 982 τιθεὶς
1089 921 1155 988 τῇ
1198 916 1335 985 μετὰ
1376 913 1572 986 σαρκὸς
1604 915 1808 967 οἰκονο-

242 1009 352 1081 μίᾳ
393 1010 482 1063 διὰ
508 1010 608 1081 τὴν
652 1010 864 1073 ἕνωσιν,
895 1009 990 1061 καὶ
1033 1010 1109 1071 ὡς
1137 1007 1421 1076 ἄνθρωπος
1459 1006 1669 1058 ὲνέπνει
1712 1021 1812 1056 σω-

241 1100 514 1171 ματικῶς.
576 1099 909 1171 Ἐνεφύσησε
932 1098 1040 1170 γὰρ
1072 1099 1185 1161 τοῖς
1231 1095 1581 1159 ἀποστόλοις,
1618 1092 1807 1146 εἰπών·

240 1209 263 1242 ε
288 1190 497 1244 Λάϐετε
526 1190 757 1261 Πνεῦμα
782 1190 936 1258 ἅγιον
955 1207 969 1221 ·
1007 1208 1026 1241 ι
1059 1190 1152 1243 καὶ
1173 1189 1272 1241 οὐκ
1297 1188 1365 1240 ἐκ
1399 1186 1599 1257 μέτρου
1628 1184 1810 1238 δίδωσι

232 1278 311 1330 τὸ
344 1278 591 1348 Πνεῦμα,
633 1279 774 1333 κατὰ
811 1278 911 1348 τὴν
957 1279 1205 1332 Ἰωάννου
1244 1276 1450 1346 φωνὴν,
1498 1273 1627 1328 ἀλλ’
1652 1273 1812 1335 αὐτὸς

234 1370 451 1440 ἐνίησιν
493 1368 552 1435 ἐξ
600 1367 812 1430 ἑαυτοῦ,
859 1367 1110 1438 καθάπερ
1155 1367 1351 1437 ἀμέλει
1392 1365 1489 1419 καὶ
1530 1366 1559 1418 ὁ
1598 1364 1805 1433 Πατήρ.

235 1460 356 1513 Καὶ
381 1458 516 1528 γοῦν
548 1461 577 1512 ὁ
602 1459 884 1522 θεσπέσιος
926 1459 1157 1524 Παῦλος,
1181 1459 1491 1529 ἀποστήσας
1524 1456 1624 1527 τὴν
1652 1455 1707 1508 ἐν
1747 1472 1810 1523 γε

234 1550 417 1622 τούτῳ
441 1551 726 1624 διαφορὰν,
755 1554 886 1606 ποτὲ
923 1552 1022 1622 μὲν
1055 1550 1203 1623 αὐτῷ
1235 1551 1315 1621 τῷ
1357 1549 1475 1621 Θεῷ
1500 1551 1592 1603 καὶ
1636 1550 1811 1619 Πατρὶ

236 1644 566 1715 προσνέμων
586 1646 801 1716 ὁρᾶται,
831 1646 963 1699 ποτὲ
992 1645 1050 1699 δὲ
1094 1642 1164 1700 αὖ
1202 1644 1280 1714 τῷ
1306 1644 1439 1715 Υίῷ.
1473 1644 1677 1715 Γράφει
1701 1643 1808 1712 γὰρ

235 1732 343 1790 ὦδε
368 1754 383 1768 ·
417 1754 438 1788 ι
486 1736 678 1809 Ὑμεῖς
707 1738 763 1791 δὲ
806 1737 906 1791 οὐκ
943 1737 1066 1791 ἐστὲ
1107 1739 1164 1790 ἐν
1195 1738 1381 1808 σαρκὶ,
1419 1735 1536 1789 ἀλλ’
1562 1737 1620 1789 ἐν
1648 1735 1811 1788 πνεύ-

1917 548 2225 605 Dissolvens
2285 551 2428 605 enim
2481 560 2702 620 peccata
2759 552 2879 621 ejus
2922 552 3014 622 qui
3069 552 3167 620 ipsi
3218 553 3476 619 adhaeret,

1914 641 2133 710 proprio
2159 657 2258 695 suo
2288 642 2490 709 Spiritu
2518 641 2750 713 inungit,
2781 659 2940 713 quem
2988 645 3202 712 quidem
3238 644 3478 698 immittit

1914 730 2050 799 ipse,
2083 741 2141 784 ut
2168 730 2401 786 Verbum
2437 746 2500 785 ex
2544 732 2655 786 Deo
2703 732 2881 797 Patre,
2931 744 3092 788 etex
3139 734 3359 802 prapria.
3382 748 3478 787 sua

1915 833 2107 876 natura
2154 823 2204 876 in
2249 840 2345 877 nos
2377 823 2724 880 translundit.
2757 823 3111 880 Communem
3168 840 3295 879 vero
3347 841 3480 893 quo-

1915 908 2200 964 dammodo
2222 912 2361 965 hanc
2392 927 2503 966 rem
2536 912 2739 967 faciens
2767 929 2887 967 cum
2924 914 3394 968 administratiOne
3424 914 3477 967 in

1914 1013 2078 1053 carne
2116 1010 2332 1068 propter
2362 1002 2649 1067 unitatem,
2682 1004 2847 1058 etiam
2881 1012 2939 1057 ut
2982 1005 3144 1058 homo
3190 1004 3480 1074 inspiravit

1911 1092 2282 1159 corporaliter.
2332 1092 2608 1161 Inspiravil
2691 1095 2833 1149 enim
2900 1093 3202 1164 apostolis,
3258 1096 3476 1148 dicens:

1919 1200 1938 1234 ι
1990 1183 2232 1252 Accipite
2274 1182 2539 1251 Spiritum
2583 1195 2835 1239 sanctum
2867 1187 2909 1239 *.
2952 1206 2976 1238 ι
3004 1183 3188 1255 Neque
3226 1202 3297 1239 ex
3332 1202 3480 1239 men-

1912 1290 2037 1330 sura
2066 1276 2160 1330 dat
2189 1275 2476 1345 Spiritum,
2510 1287 2567 1330 ut
2604 1279 2780 1347 inquit
2805 1277 3062 1341 Joannes,
3093 1279 3185 1332 sed
3219 1278 3330 1346 ipse
3356 1291 3482 1330 eum

1912 1368 2157 1423 immittit
2184 1384 2250 1424 ex
2282 1372 2485 1437 seipso,
2520 1370 2659 1425 sicut
2690 1381 2747 1426 et
2784 1370 2965 1424 Pater.
3007 1371 3211 1425 Idcirco
3240 1381 3295 1424 et
3340 1373 3480 1425 divi-

1914 1475 2017 1515 nus
2067 1460 2263 1515 Paulus
2308 1461 2499 1515 tollens
2527 1476 2740 1516 onmem
2789 1461 2888 1515 hac
2923 1462 2974 1515 in
3011 1477 3068 1517 re
3101 1460 3487 1527 differentiam,

1915 1550 2181 1605 interdum
2208 1551 2310 1621 ipsi
2341 1552 2448 1605 Deo
2476 1566 2539 1605 ac
2572 1551 2721 1605 Patri
2750 1551 2801 1605 id
2845 1552 3081 1607 tribuere
3112 1552 3371 1615 cernitur,
3399 1552 3480 1604 in-

1916 1647 2125 1699 terdum
2152 1655 2355 1711 autem,
2382 1645 2542 1700 Filio.
2572 1644 2650 1699 Ita
2676 1644 2820 1698 enim
2849 1645 3037 1699 scribit
3062 1663 3077 1699 :
3113 1664 3132 1696 ι
3169 1642 3275 1698 Vos
3299 1654 3477 1697 autem

1915 1753 2022 1793 non
2045 1739 2178 1793 estis
2197 1738 2251 1792 in
2277 1753 2461 1802 carne,
2490 1738 2582 1792 sed
2608 1737 2662 1790 in
2695 1735 2885 1805 spiritu
2908 1776 2923 1800 ,
2954 1736 3216 1804 siquidem
3247 1735 3489 1803 Spiritus

240 1845 399 1897 ματι,
430 1827 589 1899 εἰπερ
615 1829 837 1899 πνεῦμα¹
862 1828 996 1882 Θεοῦ
1044 1830 1184 1881 οἰκεῖ
1226 1830 1284 1881 ὲν
1331 1828 1492 1897 ὑμῖνο
1537 1828 1587 1879 εί
1627 1826 1684 1880 δέ
1724 1844 1806 1889 τις

1920 1830 2011 1884 Dei
2050 1828 2260 1883 habitat
2289 1830 2341 1882 in
2390 1830 2563 1884 vobis.
2597 1829 2653 1882 Si
2685 1843 2812 1883 vero
2837 1828 2957 1897 quis
3002 1824 3258 1896 Spiritum
3281 1824 3487 1878 Christi
3526 1864 3529 1865 ν

238 1916 469 1988 Πνεῦμα
495 1918 731 1989 Χριστοῦ
752 1919 857 1972 οὐκ
883 1918 1017 1987 ἔχει,
1042 1911 1198 1982 οὗτος
1219 1918 1319 1971 οὐκ
1347 1917 1491 1970 ἔστιν
1518 1914 1702 1971 αὑτοῦ.
1744 1918 1807 1971 Εἰ

233 2008 294 2060 δὲ
332 2010 583 2080 Χριστὸς
610 2011 668 2062 ἐν
707 2011 853 2079 ὑμῖν,
896 2010 958 2063 τὸ
1005 2010 1105 2079 μὲν
1136 2008 1311 2080 σῶμα
1352 2008 1545 2078 νεκρὸν
1583 2008 1672 2061 διὰ
1708 2008 1807 2078 τὴν

236 2100 535 2171 ἁμαρτίαν,
567 2102 625 2155 τὸ
647 2101 706 2155 δὲ
734 2101 981 2171 Πνεῦμα,
1018 2101 1133 2171 ζωὴ
1156 2101 1248 2155 διὰ
1276 2100 1640 2170 δικαιοσύνην.
1678 2118 1697 2151 ι

309 2190 370 2243 Β.
415 2190 651 2262 Ἀραρεν
691 2185 818 2257 οὖν,
868 2191 950 2245 ὅτι
992 2189 1127 2244 ίδιόν
1170 2191 1288 2242 ὲστι
1338 2188 1399 2242 τὸ
1448 2187 1671 2258 Πνεῦμα
1712 2186 1805 2240 τοῦ

236 2279 394 2337 Υίοῦ.
418 2281 511 2333 καὶ
553 2279 671 2334 οῦτι
705 2282 1016 2351 πουνμόνον,
1110 2281 1280 2348 Λόγος
1314 2281 1430 2333 ἐστί
1456 2277 1710 2349 πεφηνὼς
1742 2280 1807 2333 ἐκ

236 2370 473 2437 Πατρὸς,
505 2369 638 2423 ἀλλὰ
662 2372 755 2425 καὶ
830 2374 1007 2425 νοοῖτο
1032 2370 1156 2424 καθ’
1178 2373 1324 2442 ἡμᾶς
1345 2370 1444 2425 ἄνθ
1452 2386 1634 2441 ρωπος
1662 2369 1809 2438 γενό·

240 2479 420 2531 μενος.

309 2554 374 2606 A.
418 2554 574 2607 Ἶδιον
596 2555 672 2617 ὡς
697 2557 761 2608 ἐκ
789 2554 1021 2628 Πατρὸς,
1040 2555 1098 2608 ὲν
1117 2554 1388 2626 ὁμοουσίῳ
1410 2555 1708 2625 γεννήματι
1732 2553 1806 2624 τῷ

236 2645 499 2713 ὲξάὒτοῦ
525 2646 680 2715 φύντι
711 2647 890 2718 Λόγῳ,
919 2650 1015 2700 καὶ⁵
1046 2649 1096 2700 εἰ
1122 2646 1332 2715 λέγοιτο
1363 2647 1569 2711 λαϐεῖν,
1598 2647 1688 2700 ὅτε
1715 2646 1808 2715 γέ-

236 2753 394 2802 γονεν
416 2736 711 2808 ἄνθρωπος’
740 2740 769 2791 ὁ
791 2738 899 2792 τῶν
919 2738 1021 2808 τῆς
1045 2738 1297 2809 θεότητος
1338 2739 1641 2810 ἰδιωμάτων
1660 2738 1734 2803 ὡς
1752 2741 1807 2792 ὲν

243 2825 351 2898 ἰδίᾳ
390 2825 549 2895 φύσει
578 2826 906 2898 τητώμενος.
940 2828 1052 2881 Καὶ
1089 2827 1221 2896 γοῦν
1265 2827 1429 2892 αὐτὸς
1473 2827 1734 2897 ὑπάρχων
1772 2830 1804 2898 ἠ

240 2918 458 2973 πάντων
480 2917 612 2991 ζωὴ,
632 2920 721 2974 διὰ
750 2920 850 2991 τὴν
875 2921 939 2974 ἐκ
961 2919 1160 2984 ζῶντος
1188 2920 1399 2991 Πατρὸς
1427 2920 1663 2991 ἄρρητον
1692 2920 1808 2989 γέν-

240 3027 413 3082 νησιν,
442 3012 825 3077 ζιειειοποιεῖσθαι¹
849 3013 1066 3082 λέγεται
1100 3011 1217 3085 μεθ’
1248 3011 1425 3083 ἡμῶν.
1458 3013 1619 3084 Πάρα
1643 3013 1687 3066 δ’
1714 3009 1807 3068 οῦν

240 3103 388 3173 ὅμως
428 3103 575 3170 ἰδεῖν,
608 3104 961 3175 χαριζόμενον
994 3104 1090 3174 μὲν
1116 3106 1183 3175 τῇ
1239 3104 1343 3176 ἰδίᾳ
1375 3105 1535 3179 σαρκὶ
1563 3105 1661 3175 τῆς
1692 3105 1807 3158 θεο-

242 3163 482 3264 πρεποῦς
512 3163 921 3265 ἐνεργείας-τὴν
947 3163 1125 3260 δόξαν,
1151 3163 1524 3265 όῑκειοθύμενον
1552 3163 1712 3248 at};
1739 3197 1809 3247 τὰ
1836 3163 1880 3220 C

242 3282 463 3353 σαρκὸς,
492 3285 584 3336 καὶ
609 3284 773 3336 οἱονεί
799 3301 916 3347 πως
943 3285 1067 3337 καθ’
1098 3285 1293 3339 ἕνωσιν
1321 3285 1689 3356 οἰκονομικὴν,
1714 3284 1808 3339 καὶ

242 3376 309 3445 τῇ
343 3373 449 3445 ἰδίᾳ
472 3374 817 3446 περιτιθέντα
852 3374 1030 3445 φύσει.

314 3550 373 3604 Β.
414 3549 549 3603 Τίνα
577 3550 683 3621 φὴς
709 3549 942 3621 τρόπον;

313 3646 376 3696 A.
415 3639 493 3696 Ἦ
523 3643 643 3714 οὐχὶ
672 3642 736 3713 δὴ
773 3642 1007 3712 μάλιστα
1038 3639 1272 3712 πρέπειν
1310 3641 1455 3712 ἐρεῖς
1492 3641 1573 3712 τῷ
1602 3659 1664 3711 γε
1697 3642 1811 3695 ὄντι

248 3736 384 3789 κατά
416 3734 576 3804 φύσιν
608 3735 671 3787 ὲκ
696 3732 831 3787 Θεοῦ
864 3733 1077 3804 Πατρὸς
1123 3731 1301 3804 Λόγῳ,
1332 3732 1390 3786 τὸ
1422 3732 1627 3787 ἄνωθεν
1656 3734 1811 3805 ἥκειν

248 3829 336 3886 καὶ
370 3826 426 3893 ἐξ
465 3823 723 3897 οὐρανοῦ,
759 3825 856 3878 καὶ
890 3824 950 3877 τὸ
989 3824 1272 3893 ζωογονεῖν
1319 3822 1577 3880 δύνασθαι
1606 3825 1704 3891 τὰ,
1731 3820 1812 3889 οἷς

250 3922 312 3973 ἂν
348 3920 551 3973 ἐνιέναι
583 3917 824 3989 βούλοιτο
851 3915 950 3985 τὴν
983 3915 1165 3984 ζωήν;

316 4012 376 4075 Β.
415 4010 581 4081 Φημί·
1122 4078 1125 4083 .

248 4124 254 4129 θ
315 4106 378 4157 Α.
421 4103 486 4156 Τί
509 4103 600 4167 δέ;
635 4102 695 4155 τὸ
718 4100 1094 4173 δημιουργεῖν,
1125 4097 1247 4151 εἰπέ
1274 4113 1384 4170 μοι,
1411 4095 1630 4163 θεῖκῶς,
1665 4098 1813 4171 δοίης

250 4195 311 4263 ᾂν
347 4194 485 4249 εἷναί
521 4212 574 4248 τι
598 4194 707 4248 τῶν
749 4193 1137 4265 ἀνθρωπίνων;

315 4286 375 4343 Β.
415 4288 528 4340 Οὐκ
565 4286 758 4355 ἔγωγε.

312 4381 375 4431 Δ.
416 4378 481 4431 Τί
523 4378 700 4432 τοίνυν
750 4379 895 4449 ἡμᾶς
938 4379 1194 4443 ζωοποιεῖ
1223 4383 1353 4453 μὲνῖ
1380 4384 1457 4448 ὡς
1484 4381 1637 4446 Θεὸς,
1673 4378 1815 4450 πλὴν

1916 1935 2020 1975 non
2060 1921 2239 1984 habet,
2260 1920 2347 1974 hic
2374 1935 2477 1973 non
2516 1930 2598 1974 est
2619 1919 2807 1989 ipsius.
2834 1918 2892 1971 Si
2919 1926 3097 1971 autem
3125 1913 3373 1969 Christus
3397 1925 3483 1968 est-

1917 2013 1969 2066 in
2003 2013 2174 2078 vobis,
2202 2027 2401 2080 corpus
2432 2012 2650 2080 quidem
2692 2019 2961 2063 mortuum
2990 2018 3074 2062 est
3110 2015 3328 2077 propter
3356 2021 3481 2074 pec-

1917 2117 2125 2169 catum,
2156 2104 2380 2173 spiritus
2403 2118 2531 2157 vero
2556 2103 2665 2155 vita
2688 2111 2907 2171 propter
2924 2098 3365 2169 justiiicalionem
3383 2097 3426 2151 ⁸.
3455 2114 3472 2145 ι

1986 2195 2050 2250 Β.
2081 2194 2319 2261 Spiritus
2354 2194 2532 2262 itaque
2581 2193 2741 2263 707
2778 2192 3025 2261 proprius
3059 2199 3141 2244 est
3186 2189 3329 2254 Filii,
3372 2205 3478 2243 non

1914 2288 2087 2342 solum
2124 2294 2391 2355 quatenus
2436 2291 2521 2337 est
2565 2280 2801 2336 Verbum
2846 2296 2912 2335 ex
2957 2278 3120 2333 Patre
3159 2278 3481 2347 procedens,

1915 2392 2100 2433 verum
2156 2376 2318 2431 etiam
2383 2383 2652 2444 quatenus
2702 2381 2785 2428 est
2844 2372 3006 2426 homo
3062 2369 3233 2425 nostri
3286 2369 3484 2425 similis

1910 2470 2088 2535 factus

1982 2563 2049 2617 A.
2112 2560 2369 2629 Proprias
2407 2573 2625 2628 qumem
2656 2565 2715 2611 ut
2737 2570 2800 2610 ex
2828 2556 2990 2611 Patre
3028 2557 3080 2609 in
3114 2554 3477 2609 consubstan-

1914 2655 2028 2709 tiali
2064 2652 2201 2708 Filio
2233 2668 2297 2706 ex
2357 2665 2479 2706 sese
2522 2652 2704 2721 genito
2759 2648 2961 2713 Verbo,
2989 2646 3202 2701 tametsi
3263 2644 3478 2700 dicatur

1898 2760 2034 2800 eum
2090 2744 2338 2811 accipere
2371 2744 2584 2811 quando
2620 2742 2794 2795 factus
2847 2749 2932 2794 est
2977 2739 3159 2803 homo,
3228 2736 3317 2806 qui
3348 2750 3473 2806 pro-

1915 2836 2241 2906 prietatibus
2280 2836 2582 2889 divinitatis
2633 2834 2686 2887 in
2740 2847 2833 2887 sua
2868 2841 3057 2886 natura
3084 2838 3253 2884 caret.
3301 2829 3482 2896 Atque

1914 2928 2114 2982 idcirco
2158 2927 2273 2997 ipse
2316 2940 2437 2979 cum
2473 2925 2543 2979 sit
2598 2922 2838 2978 omnium
2884 2921 3013 2989 vita,
3049 2920 3174 2990 quia
3225 2917 3479 2973 ineﬂ'abili

1914 3020 2073 3073 modo
2124 3033 2190 3072 ex
2253 3017 2376 3071 vivo
2430 3014 2589 3069 Patre
2640 3013 2851 3084 genitus
2886 3022 2988 3075 est,
3049 3026 3153 3065 una
3202 3009 3479 3064 nobiscum

1912 3111 2212 3165 viviﬁcatns
2235 3123 2356 3163 esse
2398 3108 2613 3162 dicitur.
2661 3103 2856 3159 Videre
2911 3115 3089 3159 tamen
3137 3112 3253 3167 est,
3304 3104 3479 3172 ipsum

1915 3200 2063 3255 carni
2090 3214 2200 3255 sua:
2250 3199 2449 3252 divinae
2496 3197 2824 3266 Operationis
2855 3195 3081 3265 gloriam
3121 3192 3399 3256 tribuisse,
3426 3202 3481 3245 et

1914 3293 2150 3348 vicissim
2177 3291 2355 3346 carnis
2372 3290 2727 3359 proprietates
2755 3304 2850 3358 per
2888 3288 3146 3342 unitatem
3193 3284 3334 3340 illam
3362 3300 3483 3354 quas

1910 3399 1979 3439 ex
2030 3383 2406 3438 incarnatione
2457 3382 2599 3437 facta
2651 3390 2735 3436 est
2775 3381 2842 3436 ad
2890 3378 3162 3450 propriam
3203 3392 3355 3433 suam
3385 3391 3484 3431 na-

1913 3485 2087 3530 turam
2127 3474 2427 3547 ascivisse.‘
2464 3506 2469 3509 -

1980 3566 2041 3620 B.
2070 3566 2187 3632 Quo
2208 3574 2365 3634 pacto
2385 3564 2467 3619 ais
2496 3564 2519 3617 ?

1981 3660 2047 3713 A.
2086 3657 2277 3711 Nonne
2320 3656 2554 3711 maxime
2608 3654 2902 3709 convenire
2940 3652 3087 3706 dices
3121 3648 3297 3705 Verbo
3336 3650 3485 3719 quod

1911 3758 1997 3805 est
2025 3748 2323 3803 secundum
2348 3754 2595 3800 naturam
2623 3759 2688 3797 ex
2723 3744 2852 3807 Deo,
2899 3756 3131 3811 superne
3160 3752 3214 3795 et
3251 3756 3317 3794 ex
3343 3739 3490 3794 ctelo

1911 3844 2117 3906 venire,
2170 3849 2222 3892 et
2271 3836 2547 3889 vivificare
2611 3846 2765 3903 posse
2818 3848 2879 3887 ea
2936 3830 3132 3901 quibus
3170 3830 3335 3883 vitam
3385 3830 3456 3883 im

1913 3933 2128 3988 mittere
2172 3926 2401 3982 voluerit
2429 3926 2452 3979 ?

1982 4023 2045 4078 B.
2078 4019 2331 4075 Omnino.

1982 4117 2047 4171 A.
2109 4113 2245 4178 Quid
2296 4107 2699 4167 verOYCreare
2754 4105 2937 4161 divino
2995 4120 3166 4172 more,
3210 4106 3486 4166 dixerisne

1912 4208 2075 4263 etiam
2099 4221 2163 4259 ex
2198 4204 2448 4259 humanis
2478 4201 2731 4273 operibus
2754 4213 2875 4253 esse
2903 4198 2927 4252 ?

1985 4299 2045 4353 Β.
2088 4299 2201 4367 Ego
2229 4307 2376 4353 certe
2409 4307 2769 4365 nequaquam.

1983 4390 2050 4445 A.
2085 4389 2223 4456 Quid
2270 4386 2457 4457 igitur,
2505 4383 2742 4439 viviticat
2791 4382 3007 4451 quidem
3054 4399 3153 4439 nos
3196 4393 3254 4437 ut
3316 4384 3487 4447 Deus,

250 4470 306 4523 οὐ
364 4470 523 4540 μόνον
568 4468 647 4539 τῷ
696 4470 1017 4541 μεταλαχεῖν
1081 4473 1234 4540 ἁγίου
1296 4476 1645 4546 Πνεύματος,
1695 4471 1806 4525 ἀλλ’

1920 4494 2170 4539 caeterum
2219 4497 2323 4536 non
2374 4479 2485 4534 sola
2536 4476 2944 4547 participatione
2990 4476 3222 4546 Spiritus
3263 4476 3432 4531 sancti
3461 4491 3487 4539 ί

251 4561 464 4633 ὲδεστὴν
512 4560 779 4633 παραθεὶς
840 4564 934 4616 καὶ
990 4562 1087 4641 τὴν
1141 4565 1541 4635 ἀναληφθεῖσαν
1595 4566 1809 4638 σάρκα;

258 4651 394 4722 Ἔφη
430 4650 559 4722 γὰρ,
594 4652 675 4705 ὅτι
728 4669 747 4703 ι
810 4651 998 4722 Ἀμὴν,
1045 4653 1191 4723 ἀμὴν
1234 4654 1377 4723 λέγω
1410 4657 1558 4725 ὑμῖν,
1593 4656 1687 4709 ἐάν
1732 4656 1811 4727 μὴ

253 4743 453 4813 φάγητε
475 4743 574 4814 τὴν
596 4742 773 4813 σάρκα
796 4742 890 4803 τοῦ
916 4743 1044 4798 Υίοῦ
1069 4745 1162 4797 τοῦ
1188 4744 1284 4798 ἀνθ
1293 4744 1503 4815 ρώπου,
1528 4747 1622 4799 καὶ
1646 4747 1807 4815 πίητε

251 4835 407 4893 αὐτοῦ
443 4837 504 4889 τὸ
533 4830 692 4906 αἷμα,
725 4835 829 4895 οὐκ
850 4834 1001 4906 ἔχετε
1035 4834 1178 4908 ζωὴν
1209 4836 1267 4889 έν
1297 4838 1525 4899 ἑαυτοῖς.
1566 4855 1585 4887 ι
1622 4839 1806 4892 Κατα-

252 4928 653 5002 κερτομούντων
681 4929 738 4982 δὲ
772 4930 932 4983 αὑτὸν
955 4929 1063 4983 τῶν
1107 4929 1375 4984 Ἰουδαίων
1409 4930 1559 4990 ποτὲ,
1586 4930 1680 4984 καὶ
1705 4929 1804 4999 τὴν

253 5022 338 5075 ἐπὶ
385 5024 505 5087 τοῖς,
548 5020 797 5091 ἀμείνοσι
824 5020 1002 5092 ψῆφον
1047 5020 1329 5085 ἀνάπτειν,
1373 5021 1474 5074 οὐκ
1498 5014 1595 5073 οἶδ’
1630 5022 1809 5087 ὅπως,

254 5111 739 5183 ἐπικεχειρηκότων
784 5111 863 5182 τῷ
897 5112 1152 5183 μακαρίῳ
1184 5113 1392 5179 Μωσεῖ,
1430 5112 1728 5184 εἰρηκότων
1756 5112 1819 5175 δὲ,

255 5203 573 5272 ἀναφανδόν-ι
605 5220 631 5259 ι
670 5205 732 5257 Οἱ
776 5188 1008 5274 πατέρες
1036 5203 1191 5274 ἡμῶν
1219 5202 1419 5273 ἔφαγον
1446 5204 1509 5257 τὸ
1543 5205 1716 5274 μάννα
1750 5205 1808 5255 ὲν

1400 5296 1421 5317 α

254 5296 312 5365 τῇ
349 5294 563 5365 ἐρήμῳ,
601 5294 782 5359 καθώς
804 5297 917 5349 ἐστι
951 5294 1331 5368 γεγραμμένον
1352 5311 1365 5325 ·
1400 5296 1596 5365 ’Δρ-ιον
1619 5296 1685 5349 ὲκ
1712 5293 1805 5348 τοῦ

254 5388 472 5458 οὐρανοῦ
507 5388 706 5442 ἔδωκεν
732 5389 911 5454 αὐτοῖς
932 5391 1124 5460 φαγεῖν
1142 5405 1159 5422 ο
1189 5390 1241 5442 τί
1270 5391 1442 5452 ποιεῖς
1475 5388 1538 5441 σὺ
1562 5390 1804 5459 σημεῖον,

257 5480 334 5532 ἶνα
370 5480 746 5551 πιστεύσωμέν
798 5496 915 5546 σοι;
957 5481 1009 5533 τί
1059 5477 1289 5553 ἐργάζῃ,
1319 5479 1394 5543 ὡς
1427 5480 1630 5541 ἄνωθεν
1677 5482 1806 5550 ἡμῖν

258 5574 339 5625 καὶ
380 5573 439 5638 ἐξ
488 5574 716 5642 οὐρανοῦ
751 5574 1121 5643 κατακομίσας
1168 5573 1228 5625 τὸ
1280 5571 1472 5641 σῶμας
1529 5592 1549 5622 ι
1607 5572 1801 5643 φησίν·

319 5748 337 5780 ⁸
358 5748 477 5803 Act.
502 5761 560 5815 tt,
590 5749 679 5804 58.
760 5750 776 5781 ⁸
798 5749 953 5807 .luan.
986 5765 1083 5816 xx,
1110 5751 1198 5805 99.
1271 5751 1470 5806 “lium.
1507 5769 1623 5815 vnn
1653 5754 1716 5818 9,,
1748 5753 1828 5807 l0.

1915 4580 2010 4633 sed
2063 4572 2453 4630 comestibilem
2519 4569 2764 4640 praebens
2818 4568 2982 4623 etiam
3040 4582 3254 4622 carnem
3319 4583 3478 4635 quam

1913 4667 2225 4737 assumpsit.
2257 4665 2403 4719 Dixit
2464 4663 2606 4717 enim
2657 4663 2818 4730 ipse:
2857 4679 2875 4711 ι
2912 4662 3103 4724 Amen,
3156 4674 3309 4714 amen
3359 4659 3491 4713 dico

1913 4761 2089 4825 vobis,
2138 4757 2243 4812 nisi
2290 4753 2635 4812 comederitis
2685 4766 2903 4807 carnem
2957 4749 3077 4805 Filii
3116 4749 3369 4816 hominis,
3426 4759 3485 4802 et

1913 4849 2159 4906 biberitis
2187 4846 2303 4916 eius
2329 4846 2670 4914 sanguinem,
2734 4857 2840 4896 non
2893 4841 3160 4896 habebitis
3206 4840 3369 4893 vitam
3426 4839 3487 4893 in

1908 4941 2061 4994 vobis
2093 4937 2134 4992 ⁸.
2174 4956 2193 4990 ι
2238 4937 2371 4991 Cum
2401 4950 2529 4989 vero
2559 4931 2728 4988 Judaei
2779 4948 2903 4986 eum
2954 4931 3210 4987 conviciis
3255 4930 3482 4984 lacesse-

1910 5041 2052 5096 rent,
2096 5039 2150 5084 et
2190 5028 2324 5083 Mosi
2384 5027 2641 5081 doctrina:
2700 5024 2988 5095 plurimmn
3036 5023 3485 5091 ﬁdeidel‘errent,

1910 5131 2201 5193 aperteque
2262 5119 2619 5174 clamarent:
2695 5135 2713 5169 ι
2773 5114 2962 5170 Patres
3023 5116 3189 5169 nostri
3254 5114 3478 5168 mandu-

1913 5221 2171 5268 cavernnt
2207 5225 2402 5263 manna
2456 5208 2509 5262 in
2567 5210 2801 5273 deserto,
2835 5208 2975 5262 sicut
3028 5206 3285 5276 scriptum
3337 5214 3418 5258 est
3458 5224 3479 5260 ι

1913 5300 2111 5355 Panem
2163 5300 2230 5353 de
2274 5301 2411 5354 creto
2462 5298 2606 5353 dedit
2658 5298 2739 5353 eis
2781 5298 3107 5352 manducare
3156 5315 3170 5351 :
3210 5305 3266 5351 tu
3333 5297 3476 5366 quod

1912 5394 2122 5460 signum
2152 5391 2307 5453 facis,
2348 5399 2403 5443 ut
2430 5391 2715 5444 credamus
2747 5389 2890 5443 tibi?
2937 5389 3066 5457 quid
3119 5388 3381 5456 operaria,
3416 5397 3479 5442 nt

1910 5497 2143 5553 superne
2193 5480 2349 5534 nobis
2413 5489 2469 5534 et
2533 5494 2598 5534 ex
2650 5478 2787 5534 caelo
2840 5477 3071 5533 aﬂerens
3115 5493 3309 5547 corpus
3338 5477 3406 5529 7?
3450 5496 3479 5529 ι.

1916 5575 2189 5645 respondit
2221 5572 2420 5627 Jesus:
2461 5589 2479 5623 ι
2521 5572 2713 5635 Amen,
2763 5586 2917 5625 amen
2969 5572 3087 5627 dico
3144 5572 3330 5636 vobis;
3365 5584 3479 5623 non

1909 5754 1929 5783 ⁸
1956 5750 2111 5809 loan.
2148 5768 2223 5819 γι,
2255 5752 2342 5809 54.
2439 5752 2458 5783 ⁷
2479 5750 2608 5807 ibid.
2638 5749 2729 5818 50,
2755 5749 2843 5809 51.
