3846 6210
393 353 529 411 1245

1414 345 1473 399 S.
1513 343 1786 400 CYRILLI
1825 342 2291 400 ALEXANDRINI
2330 344 2650 403 ARCIII’EP.

3518 352 3654 408 Ill-5

388 467 537 523 dedit
591 465 742 519 vobis
788 463 1000 533 Moyses
1049 475 1245 530 panem
1284 475 1349 515 ex
1379 460 1520 515 coelo
1568 474 1779 515 verum.
1830 459 1962 515 Nam

2078 479 2091 512 ι
2140 461 2331 533 Ἀμὴν,
2363 461 2511 534 ἀμὴν
2542 462 2685 532 λέγω
2724 464 2874 533 ὑμῖν,
2922 462 2982 516 οὐ
3014 463 3220 534 Μωσῆς
3246 462 3476 517 δέδωκεν
3522 467 3654 534 ὑμῖν

386 562 552 632 panis,
578 560 668 615 Dei
711 569 796 614 est
822 558 912 627 qui
949 557 1014 611 de
1048 556 1188 612 cmlo
1221 557 1521 619 descendit,
1558 565 1612 611 et
1664 557 1755 610 dat
1802 557 1965 610 vitam

389 655 592 708 mundo
621 652 664 705 ⁸.
704 669 722 703 ι
764 650 831 704 Ει
858 649 1016 718 paulo
1067 656 1187 717 post
1218 656 1427 702 tantum
1458 664 1560 702 non
1593 649 1784 717 digito,
1821 649 1965 719 quod

391 747 565 809 aiunt,
620 750 1059 797 commonstrans
1084 740 1319 807 seipsum
1372 740 1711 794 iucarnatum
1739 758 1751 794 :
1782 758 1801 792 ι
1833 741 1966 809 Ego,

392 836 589 905 inquit,
619 847 736 888 sum
765 831 920 900 panis
945 831 1118 895 vivus,
1146 831 1235 900 qui
1286 830 1354 884 de
1409 830 1546 885 ccelo
1579 830 1854 885 descendi.
1908 828 1967 884 Si

388 929 513 995 quis
541 925 952 980 manducaverit
981 939 1045 979 ex
1081 924 1184 978 hoc
1218 938 1376 993 pane,
1413 924 1554 977 vivet
1586 923 1637 977 in
1668 931 1964 977 :eternum:

387 1030 439 1074 et
475 1019 629 1088 panis
670 1033 830 1087 quem
858 1031 958 1085 ego
998 1017 1158 1079 dabo,
1188 1030 1317 1070 caro
1354 1030 1470 1069 mea
1512 1023 1594 1068 est
1638 1030 1737 1083 pro
1784 1015 1969 1068 mundi

387 1110 495 1163 vita
522 1111 565 1165 ’.
613 1108 714 1175 Qui
758 1108 1243 1163 manducatmeam
1276 1119 1517 1170 carnem,
1553 1114 1606 1158 et
1633 1105 1765 1159 bibit
1792 1121 1966 1160 meum

388 1202 730 1272 sanguinem,
770 1201 821 1253 io
867 1214 955 1253 me
987 1208 1192 1261 manet,
1254 1208 1309 1253 et
1342 1214 1440 1267 ego
1476 1200 1528 1251 in
1556 1198 1663 1251 illo.
1722 1198 1788 1252 Et
1830 1198 1969 1253 sicut

390 1292 535 1346 misit
568 1306 650 1345 me
690 1292 877 1345 vivens
898 1291 1079 1355 Pater,
1108 1299 1277 1358 etego
1304 1288 1427 1342 vivo
1473 1298 1690 1358 propter
1729 1287 1964 1342 Patrem.

390 1384 458 1440 Et
486 1385 574 1454 qui
612 1384 909 1438 mamlucat
953 1398 1058 1445 me,
1108 1391 1163 1436 et
1211 1383 1323 1451 ipse
1367 1382 1511 1435 vivet
1555 1390 1777 1449 propter
1807 1379 1971 1450 708

392 1477 568 1531 me“.
612 1494 631 1526 ι
692 1474 853 1542 Atqui
886 1474 1158 1543 quomodo
1212 1489 1318 1527 non
1382 1488 1509 1526 vere
1559 1473 1774 1527 dicatur
1825 1471 1967 1540 quod

391 1582 497 1621 non
546 1564 886 1621 descenderit
932 1580 962 1616 e
1012 1564 1149 1618 cmlo
1216 1579 1363 1627 caro,
1415 1563 1510 1617 sed
1551 1564 1693 1632 quod
1730 1572 1846 1618 erat
1900 1578 1967 1617 ex

390 1657 631 1726 Virgine,
668 1658 810 1711 sicut
836 1655 1094 1724 scriptum
1120 1663 1205 1710 est
1235 1656 1333 1709 “'1'-
1388 1654 1540 1722 Quod
1567 1669 1693 1709 vero
1721 1670 1825 1709 non
1860 1655 1968 1709 sint

388 1758 673 1818 separatur,
738 1748 829 1803 sed
880 1749 931 1802 in
997 1764 1163 1802 unum
1195 1758 1409 1815 coeant,
1464 1757 1519 1803 et
1569 1748 1968 1817 quodammodo

2069 553 2161 606 τὸν
2187 554 2348 625 ἄρτον
2377 558 2444 608 ἐκ
2466 554 2563 608 τοῦ
2598 554 2831 628 οὐρανοῦ
2870 554 2963 608 τὸν
2990 553 3264 626 ἀληθινόν.
3312 554 3371 608 '0
3410 554 3519 626 γὰρ
3554 556 3656 627 ἀρ-

2068 663 2160 710 τος
2188 646 2282 701 τοῦ
2325 647 2459 701 Θεοῦ
2492 651 2637 701 ἐστιν
2688 648 2718 701 6
2768 646 3113 702 καταϐαίνων
3145 647 3207 699 ὲκ
3252 647 3359 701 τοῦ
3398 647 3653 720 οὐρανοῦ,

2072 741 2169 791 καὶ
2206 738 2351 809 ζωὴν
2381 739 2562 803 διδοὺς
2589 738 2668 809 τῷ
2698 738 2911 809 κόσμῳ.
2966 755 2984 789 ι
3020 737 3129 791 Καὶ
3157 738 3294 808 πρός
3328 754 3395 805 γε
3416 736 3657 789 τουτοισὶ

2070 830 2253 896 πάλιν,
2300 831 2581 901 μονονουχὶ
2627 830 2720 884 καὶ
2756 828 3006 899 δακτύλῳ
3050 829 3412 892 καταδεικνὺς
3459 827 3657 883 ἑαυτὸν

2070 923 2417 992 ὲνσώματον,
2454 942 2472 974 ι
2525 921 2666 991 Ἐγώ
2714 923 2850 992 είμι,
2900 922 3086 991 φησὶν,
3133 921 3162 973 6
3193 921 3358 990 ἄρτος
3393 921 3424 973 6
3466 918 3600 985 ζῶν,
3629 922 3659 972 ό

2072 1013 2141 1066 ὲκ
2167 1014 2261 1066 τοῦ
2288 1012 2514 1083 οὐρανοῦ
2558 1012 2824 1075 καταϐάς.
2871 1012 2997 1066 Ἐάν
3025 1029 3107 1075 τις
3136 1011 3288 1084 φάγῃ
3315 1011 3379 1068 ὲκ
3422 1008 3517 1063 τοῦ
3558 1008 3660 1079 ἄρ-

2071 1124 2163 1160 του
2194 1106 2404 1171 τούτου,
2437 1107 2661 1177 ζήσεται
2704 1107 2785 1169 είς
2822 1105 2912 1159 τὸν
2946 1104 3151 1159 αἰῶνα·
3184 1102 3279 1157 καὶ
3324 1104 3353 1155 6
3380 1103 3549 1173 ἄρτος
3575 1101 3656 1165 δὲ,

2072 1196 2130 1251 ὃν
2155 1196 2265 1265 ἐγὼ
2287 1196 2461 1261 δώσω,
2496 1198 2529 1266 ή
2560 1196 2697 1267 σάρξ
2730 1196 2831 1265 μού
2866 1199 3013 1250 ἐστιν
3040 1195 3179 1267 ὑπὲρ
3204 1196 3302 1265 τῆς
3323 1192 3421 1247 τοῦ
3446 1192 3657 1263 κόσμου

2072 1288 2218 1358 ζωῆς
2237 1306 2250 1319 ο
2290 1290 2318 1342 6
2345 1288 2573 1360 τρώγων
2615 1305 2717 1357 μου
2747 1288 2853 1359 τὴν
2884 1288 3083 1359 σάρκα,
3113 1286 3205 1341 καὶ
3250 1285 3419 1338 πίνων
3459 1301 3569 1354 μου
3598 1283 3660 1335 τὸ

2071 1374 2228 1448 αἷμα,
2276 1381 2331 1431 ὲν
2382 1378 2508 1449 ἐμοὶ
2557 1379 2731 1448 μένει,
2784 1377 2938 1446 κάγὼ
2981 1378 3037 1429 ὲν
3087 1374 3254 1445 αὐτῷ.
3309 1374 3416 1428 Καὶ
3465 1372 3656 1437 καθὼς

2071 1469 2356 1523 ἀπέστειλέ
2391 1486 2459 1539 με
2502 1471 2531 1522 6
2560 1467 2670 1531 ζῶν
2717 1469 2925 1539 Πατὴρ,
2959 1466 3121 1534 κάγὼ.
3154 1464 3233 1531 ζῶ
3273 1465 3361 1519 διά
3406 1464 3499 1517 τὸν
3544 1465 3661 1518 Πα-

2070 1562 2233 1633 τέρα·
2285 1559 2685 1631 καὶὸτρώγων
2709 1577 2798 1631 με,
2853 1560 3102 1622 κάκεῖνος
3148 1557 3302 1629 ζήσει
3348 1556 3417 1610 δι’
3452 1556 3579 1627 ἐμέ.
3636 1575 3657 1609 ι

2070 1656 2265 1709 Καίτοι
2290 1654 2407 1719 πῶς
2432 1655 2533 1707 οὐκ
2564 1654 2796 1725 ἀτρεκὲς
2821 1656 3017 1716 εἰπεῖν,
3047 1653 3123 1715 ὡς
3160 1652 3222 1705 οὐ
3251 1650 3665 1721 καταπεφοίτη-

2071 1767 2164 1803 κεν
2192 1749 2252 1813 ἐξ
2284 1746 2529 1819 οὐρανῶν
2567 1748 2600 1817 ἠ
2635 1746 2793 1818 σὰρξ,
2824 1747 2940 1801 ἀλλ’
2976 1742 3045 1818 ἦν
3074 1748 3138 1799 ὲκ
3164 1743 3463 1816 Παρθένου,
3514 1744 3665 1796 κατά

389 1844 534 1896 inter
584 1857 642 1895 se
690 1840 1147 1895 commisceantur
1206 1851 1527 1894 naturarum
1582 1842 1965 1909 proprietates,

2078 1840 2167 1903 τὰς
2200 1840 2455 1908 Γραφάς;
2499 1841 2654 1893 Ἔστι
2682 1839 2740 1893 δὲ
2770 1840 2853 1891 ὅτι
2898 1839 2959 1892 οὐ
3004 1837 3212 1900 διιστὰς
3252 1838 3280 1890 6
3308 1836 3502 1904 Λόγος.
3540 1835 3661 1888 ἀλλ’

387 1948 421 1987 e
451 1930 863 2001 quamplurimis
901 1929 1037 1984 locis
1084 1939 1315 1985 constat.
1363 1930 1654 1985 Nicotlemo
1686 1932 1826 1983 enim
1862 1945 1969 1984 non

390 2022 710 2088 intelligeuti
766 2023 1107 2093 mysterium,
1161 2024 1253 2077 sed
1303 2024 1555 2091 imperite
1600 2021 1968 2076 reclamanti:

392 2134 414 2168 ς
452 2116 731 2181 Quomodo
772 2122 999 2185 possunt
1027 2113 1147 2169 ﬁeri
1193 2115 1305 2167 haec
1332 2114 1356 2166 ?
1386 2112 1444 2167 Si
1482 2121 1718 2179 terrena,
1773 2113 1970 2181 inquit,

388 2207 501 2261 dixi
533 2206 707 2269 vobis,
743 2214 800 2261 et
837 2221 942 2260 non
992 2206 1217 2260 creditis
1251 2222 1266 2259 :
1301 2220 1409 2275 quo
1455 2214 1614 2274 pacto
1672 2205 1717 2258 si
1779 2204 1970 2259 dixero

387 2298 544 2353 vobis
603 2296 866 2363 cmlestia,
911 2295 1213 2351 credetis?
1270 2294 1337 2351 Et
1394 2311 1554 2350 nemo
1608 2295 1851 2350 ascendit
1914 2298 1967 2350 in

387 2391 606 2455 ccelum,
659 2390 761 2444 nisi
792 2389 882 2459 qui
924 2404 957 2445 e
994 2389 1131 2444 caelo
1172 2388 1455 2444 descendit
1497 2387 1668 2442 Filius
1702 2388 1796 2442 Dei
1834 2389 1901 2444 “.
1943 2407 1962 2440 ›

384 2480 585 2536 Iudaeis
622 2496 748 2535 vero
792 2495 944 2550 aeque
988 2490 1147 2550 atque
1197 2480 1284 2535 ille
1332 2480 1617 2548 imperitis.
1684 2481 1969 2551 ipsumque

389 2573 741 2628 irridentibus
792 2589 807 2627 :
850 2573 894 2628 si
956 2573 1236 2627 viviﬁcans
1307 2580 1470 2641 atque
1523 2585 1588 2625 ex
1648 2571 1785 2626 ctelo
1836 2586 1963 2641 pro-

386 2667 563 2735 prium
593 2680 808 2735 corpus,
834 2683 852 2716 ι
884 2663 994 2719 Hoc
1022 2678 1120 2719 vos
1135 2663 1487 2728 scandalizat,
1516 2662 1711 2732 inquit,
1768 2663 1811 2717 si
1836 2678 1966 2733 ergo

388 2756 634 2811 videritis
688 2754 880 2810 Filium
954 2755 1190 2810 hominis
1264 2754 1645 2810 ascendentem
1703 2755 1792 2810 ubi
1849 2765 1970 2810 erat

388 2848 537 2916 prius
569 2847 663 2900 "?
731 2865 749 2899 ι
810 2846 1005 2911 Annon
1081 2856 1266 2900 natum
1322 2861 1388 2901 ex
1448 2846 1673 2901 muliere
1723 2847 1969 2902 dicemus

388 2938 786 2995 Emmanuelem
814 2940 837 2991 ?

2072 1933 2152 1995 είς
2180 1931 2239 1987 ἓν
2268 1932 2435 2002 ἄμφω
2470 1931 2769 2000 συλλέγων,
2804 1932 2898 1985 καὶ
2933 1930 3123 2002 ὥσπερ
3152 1928 3403 2000 ἀλλήλοις
3435 1928 3665 1997 ἀνακιρο

2071 2021 2167 2086 νὰς
2205 2021 2274 2075 τά
2305 2022 2414 2075 τῶν
2448 2022 2663 2091 φύσεων
2697 2020 2985 2093 ἰδιώματα,
3011 2021 3098 2076 διὰ
3124 2020 3333 2092 μυρίων
3359 2020 3503 2073 ὅσων
3524 2021 3662 2089 ἡμῖν

2071 2114 2264 2185 ὁρᾶται
2293 2113 2487 2183 λόγων.
2530 2114 2827 2185 Νικοδήμῳ
2878 2114 2978 2185 μὲν
3025 2114 3155 2186 γὰρ,
3203 2113 3279 2167 οὐ.
3317 2111 3557 2166 συνιέντι
3598 2110 3664 2164 τὸ

2074 2206 2395 2277 μυστήριον,
2427 2207 2833 2278 ἀνακεκραγότιν
2851 2205 2909 2259 δὲ
2937 2204 3183 2275 ἀμαθῶς·
3223 2222 3241 2255 ι
3283 2204 3406 2267 Πῶς
3432 2202 3664 2255 δύναται

2071 2298 2242 2353 ταῦτα
2284 2299 2576 2367 γενέσθαι;
2620 2298 2683 2353 Et
2710 2298 2780 2352 τὰ
2808 2296 3046 2367 ἐπίγεια,
3100 2296 3287 2367 φησὶν,
3320 2290 3473 2348 εἷπον
3502 2294 3661 2362 ὑμῖν,

2071 2390 2166 2444 καὶ
2203 2391 2261 2443 οὐ
2292 2390 2599 2454 πιστεύετε,
2632 2390 2750 2453 πῶς
2778 2389 2874 2444 ὲάν
2907 2390 3044 2442 εῖπω
3077 2389 3208 2457 ὑμῖν
3236 2388 3304 2441 τὰ
3333 2387 3662 2456 ἐπουράνια,

2071 2480 2392 2546 πιστεύετε;
2438 2480 2548 2534 Καὶ
2593 2480 2771 2545 οὐδεὶς
2804 2479 3143 2549 ἀναϐέϐηκεν
3173 2480 3254 2543 είς
3285 2478 3375 2532 τὸν
3404 2474 3662 2546 οὐρανὸν,

2070 2575 2119 2627 εί
2149 2573 2223 2644 μὴ
2261 2575 2291 2627 6
2318 2574 2381 2626 ἐκ
2406 2572 2501 2626 τοῦ
2531 2572 2766 2645 οὐρανοῦ
2795 2572 3062 2637 καταϐὰς,
3091 2574 3120 2626 6
3149 2571 3278 2633 Υἱὸς
3324 2569 3421 2623 τοῦ
3447 2568 3609 2622 Θεοῦ.
3638 2587 3659 2620 ι

2085 2664 2360 2729 Ἰουδαίοις
2387 2664 2445 2718 δὲ
2486 2665 2671 2731 πάλιν,
2704 2664 2801 2735 τὴν
2831 2665 2955 2735 ἴσην
2983 2663 3175 2734 ἐκείνῳ
3204 2660 3455 2715 νοσοῦσιν
3491 2662 3663 2713 ἀπαι-

2071 2757 2310 2820 δευσίαν,
2359 2758 2459 2811 καὶ·
2491 2758 2764 2830 διαγελᾷν,
2797 2759 2896 2812 οὐκ
2925 2753 3021 2811 οἵδ’
3046 2759 3215 2825 ὅπως,
3255 2756 3540 2825 ἑλομένοις
3562 2756 3666 2811 αὖ·

2068 2850 2195 2914 τὸν,
2247 2853 2475 2925 ἐπείπερ
2550 2850 2651 2923 ἔφη
2722 2852 2985 2916 ζωοποιὸν
3055 2852 3150 2905 καὶ
3191 2850 3250 2916 ἐξ
3297 2846 3537 2920 οὐρανοῦ
3603 2848 3666 2899 τὸ

2076 2942 2206 2996 ῖδιον
2238 2944 2416 3013 σῶμα,
2442 2962 2460 2996 t
2480 2944 2648 2998 Τοῦτο
2666 2945 2810 3015 ὑμᾶς
2838 2944 3200 3009 σκανδαλίζει,
3235 2941 3539 3013 φησὶν,ὲάν
3570 2935 3665 2994 οῦν

387 3032 627 3103 θεωρῆτε
663 3033 755 3086 τὸν
802 3033 928 3087 Υίὸν
958 3034 1050 3087 τοῦ
1098 3033 1385 3103 ἀνθρώπου
1451 3033 1814 3090 ἀναϐαίνοντα
1860 3038 1994 3091 ὅπου
2032 3032 2100 3110 ἦν
2128 3040 2189 3093 τὸ
2220 3039 2521 3112 πρότερον·;
2568 3061 2586 3091 ι
2619 3035 2697 3094 Ἦ
2725 3040 2846 3112 οὐχὶ
2903 3040 3161 3111 τετάχθαι
3190 3040 3439 3110 φήσομεν
3466 3038 3535 3090 ὲκ
3562 3053 3665 3103 γυ-

384 3128 570 3192 ναικὸς
604 3128 693 3181 τὸν
741 3128 1089 3201 Ἐμμανουήλ
1107 3146 1120 3197 ;

457 3220 515 3274 Β.
559 3220 811 3275 Omnino.

458 3312 523 3366 A.
576 3309 805 3366 Ubinam
863 3313 1025 3382 igitur
1075 3318 1228 3385 prius
1286 3318 1455 3372 erat?
1501 3328 1595 3373 aut
1653 3333 1762 3389 quo
1814 3329 1972 3388 pacto

385 3403 676 3470 ascendit,
719 3419 839 3457 cum
886 3420 949 3459 se
997 3406 1067 3460 ibi
1123 3422 1243 3462 esse
1292 3408 1459 3474 dicat,
1504 3409 1668 3463 etiam
1727 3421 1854 3466 nato
1906 3427 1970 3466 ex

387 3504 575 3548 sancta
622 3495 843 3564 Virgine
883 3512 1113 3566 corpore
1148 3500 1249 3555 sibi
1302 3501 1502 3555 unito?
1539 3500 1729 3557 Nonne
1790 3512 1969 3557 autem

385 3600 605 3642 Carnem
632 3604 753 3658 quae
791 3604 858 3644 ex
898 3599 1042 3645 terra
1077 3601 1313 3659 constat,
1341 3592 1621 3648 viviﬁcare
1648 3607 1752 3648 non
1789 3608 1969 3661 posse,

386 3689 656 3748 quatenus
728 3683 795 3737 ad
871 3682 1143 3752 propriam
1188 3699 1341 3739 suam
1414 3696 1662 3739 naturam
1754 3684 1968 3749 attinet,

386 3773 672 3828 dicemus?

455 3861 517 3915 Β.
553 3859 651 3917 Ita.

458 3957 523 4006 A.
583 3951 867 4018 Quomodo
928 3955 1092 4022 igitur
1146 3966 1227 4010 est
1286 3956 1609 4010 vivilicatrix
1667 3958 1971 4013 caro?aut

386 4046 655 4114 quomodo
726 4056 1014 4102 censeatur
1091 4062 1158 4102 ex
1224 4051 1364 4103 coelo
1423 4063 1563 4115 esse,
1617 4065 1740 4102 eum
1782 4051 1854 4104 sit
1904 4067 1968 4106 ex

386 4146 528 4189 terra
553 4137 575 4189 ?

463 4226 524 4282 Β.
553 4227 784 4284 Ratione
835 4232 1080 4294 unitatis,
1138 4241 1195 4285 ut
1242 4233 1497 4301 arbitror,
1556 4251 1676 4289 cum
1735 4237 1857 4292 vivo
1914 4246 1969 4293 et

384 4318 603 4373 cwlitus
625 4320 860 4377 demisso
894 4320 1089 4376 Verbo.

460 4415 529 4467 A.
571 4412 739 4470 Recte
760 4415 1047 4469 admodum
1078 4417 1271 4479 sentis,
1296 4427 1350 4471 et
1383 4417 1772 4472 convenienter
1794 4422 1967 4474 sacris

384 4505 704 4573 Scripturis.
761 4505 945 4576 Neque
993 4509 1137 4561 enim
1187 4508 1351 4564 aliter
1400 4509 1588 4574 fuerit,
1649 4518 1703 4563 et
1752 4520 1966 4565 creator

1998 3229 2041 3286 C
2146 3224 2206 3277 B.
2252 3224 2379 3289 Πῶς
2410 3224 2518 3297 γὰρ
2549 3223 2648 3290 ob;

2144 3317 2210 3369 A.
2251 3316 2362 3371 Ποῦ
2394 3316 2681 3391 τοιγαροῦν
2707 3318 2769 3370 τὸ
2802 3316 3067 3388 πρότερον
3098 3312 3189 3388 ἧν;
3223 3317 3257 3385 ἢ
3304 3317 3425 3381 πῶς
3457 3318 3665 3372 ἀναϐό-

2075 3409 2242 3479 ϐηκεν
2287 3406 2524 3480 ἔνθαπερ
2552 3405 2692 3461 εἷναί
2739 3425 2905 3479 φησιν
2934 3409 3115 3472 αὐτὸς,
3147 3408 3325 3461 καίτοι
3373 3409 3664 3478 τεχθέντος

2073 3500 2161 3554 διὰ
2188 3500 2287 3570 τῆς
2317 3500 2479 3569 ἁγίας
2509 3500 2787 3573 Παρθένου
2822 3500 2918 3553 τοῦ
2961 3500 3250 3563 ὲνωθὲντος
3282 3499 3432 3571 αὒτῷ
3471 3500 3664 3571 σώμα-

2071 3609 2197 3659 τος;
2240 3592 2375 3663 Οὐχὶ
2406 3592 2464 3645 δὲ
2511 3592 2606 3647 καὶ
2654 3592 2957 3664 ἀπρακτεῖν
2993 3592 3430 3663 ὁμολογήσαιμεν
3460 3591 3529 3647 ἄν
3562 3594 3664 3663 τὴν

2074 3683 2181 3738 ἀπὸ
2219 3683 2324 3752 γῆς
2373 3684 2551 3754 σάρκα
2609 3683 2745 3754 πρὸς
2786 3684 2847 3736 τὸ
2896 3683 3155 3737 δύνασθαι
3196 3683 3502 3751 ζωοποιεῖν,
3537 3685 3667 3738 ὅσον

2001 3798 2005 3800 Ἴ
2072 3772 2207 3851 ἦκεν
2240 3779 2319 3840 είς
2358 3776 2495 3829 ίδίαν
2535 3776 2738 3845 φύσιν;

2145 3869 2207 3924 Β.
2262 3868 2505 3924 Ἀληθές.

2145 3886 2207 3924 υ.
2267 3886 2353 3923 ἈΛ
2395 3886 2450 3922 σε
2492 3911 2505 3923 .

2145 3965 2210 4016 Α.
2254 3886 2389 4027 Πῶὲ
2406 3886 2520 4025 οὖῖι,
2557 3964 2679 4016 εἰπέ
2722 3981 2830 4033 μοι,
2862 3962 3119 4027 ζωοποιὸς
3149 3963 3180 4032 ἡ
3220 3960 3390 4032 adipi;
3432 3962 3505 4015 Ἦ
3540 3962 3661 4025 πῶς

2071 4053 2138 4109 ἂν
2164 4058 2334 4109 νοοῖτο
2362 4056 2459 4109 καὶ¹
2501 4054 2561 4120 ἐξ
2587 4055 2816 4128 οὐρανοῦ
2845 4056 2903 4109 τὸ
2926 4054 3033 4108 ἀπὸ
3062 4055 3159 4124 τῆς
3197 4053 3335 4125 γῆς;

2143 4237 2203 4290 Β.
2243 4236 2380 4290 Καθ’
2401 4235 2614 4301 ἕνωσιν,
2643 4230 2816 4305 οἶμαι,
2837 4235 2934 4306 τὴν
2964 4234 3100 4307 πρὸς
3131 4234 3221 4287 τὸν
3255 4232 3434 4298 ζῶντά
3468 4252 3531 4287 τε
3564 4236 3663 4290 καὶ

2069 4329 2360 4401 οὐρανόθεν
2405 4330 2597 4398 Λόγον.

2142 4422 2207 4479 Α.
2243 4420 2613 4492 Πεφρονηκὼς
2660 4418 2770 4473 ῐσθι
2798 4419 2869 4473 τὰ
2901 4418 3023 4473 λίαν
3043 4417 3202 4491 όρθά,
3231 4418 3324 4471 καὶ
3347 4420 3461 4481 τοῖς
3493 4418 3662 4490 ἱεροῖς

2072 4513 2438 4584 συμϐαίνοντα
2480 4512 2679 4580 λόγοις.
2729 4510 2827 4580 Εῐη
2882 4508 2992 4580 γὰρ
3043 4510 3110 4563 ἂν
3159 4510 3256 4580 οὐχ
3303 4509 3530 4581 ἑτέρως,
3568 4512 3666 4564 καὶ

385 4597 596 4652 ratione
635 4597 955 4666 divinitatis,
984 4608 1040 4654 et
1075 4616 1197 4655 cum
1249 4618 1352 4655 non
1406 4603 1614 4672 absque
1666 4617 1833 4657 carne
1882 4603 1963 4657 in-

2078 4605 2402 4676 Βημιουργὸς
2438 4603 2656 4668 θεῖκῶς,
2692 4604 2785 4656 καὶ
2817 4603 2905 4656 ὅτε
2940 4603 3013 4673 μὴ
3045 4601 3169 4671 δίχα
3213 4604 3385 4655 νοοῖτο
3433 4603 3662 4673 σαρκός.

386 4688 660 4757 telligitur.
692 4689 825 4744 Nam
848 4699 902 4746 et
943 4691 1156 4747 divinus
1189 4692 1383 4748 Paulus
1418 4709 1513 4762 pro
1557 4694 1656 4749 hac
1692 4696 1961 4749 sententia

384 4779 536 4843 facit,
588 4780 661 4834 ita
715 4782 1012 4838 scribens:
1089 4803 1106 4835 ι
1176 4782 1393 4839 Gratias
1458 4796 1679 4854 agentes
1738 4786 1849 4842 Deo
1899 4803 1964 4841 ac

385 4872 555 4933 Patri,
596 4874 684 4943 qui
711 4875 900 4945 dignos
947 4892 1044 4931 nos
1071 4877 1196 4931 fecit
1229 4879 1279 4931 in
1312 4888 1520 4948 partem
1551 4879 1712 4933 sortis
1748 4890 1964 4935 sancto-

386 4978 529 5026 rum,
564 4964 615 5016 in
647 4964 869 5019 lumine.
900 4965 1001 5032 Qui
1032 4968 1230 5036 eripuit
1260 4986 1357 5023 nos
1392 4969 1458 5023 de
1502 4980 1776 5038 potestate
1809 4979 1964 5025 tene-

385 5056 629 5119 brarum,
696 5065 751 5109 et
802 5060 1079 5113 transtulit
1109 5060 1159 5114 in
1207 5075 1431 5130 regnum
1486 5061 1609 5117 Filii
1662 5062 1966 5118 dilectionis

382 5162 514 5201 suae.
573 5146 630 5201 ln
667 5164 773 5218 quo
813 5150 1071 5205 habemus
1101 5154 1547 5223 redemptionem,
1594 5163 1647 5208 et
1693 5155 1967 5209 remissio-

384 5256 504 5294 nem
560 5250 907 5309 peccatorum
950 5260 965 5297 :
1003 5245 1094 5313 qui
1147 5255 1232 5300 est
1272 5246 1449 5315 imago
1508 5244 1602 5301 Dei
1652 5246 1963 5312 invisibilis,

382 5334 774 5404 primogenitus
821 5336 997 5391 omnis
1056 5348 1339 5392 creatum.
1395 5339 1664 5405 Quoniam
1719 5340 1771 5393 in
1848 5340 1965 5407 ipso

382 5426 600 5480 condita
630 5437 755 5480 sunt
789 5429 1061 5495 universa,
1090 5430 1143 5483 in
1178 5432 1329 5485 caelis
1348 5441 1403 5484 et
1438 5433 1489 5484 in
1522 5442 1689 5495 terra,
1727 5430 1960 5485 visibilia

382 5527 440 5570 et
475 5519 787 5584 invisibilia,
827 5522 942 5575 sive
969 5520 1193 5585 Turoni,
1233 5524 1347 5578 sive
1380 5523 1811 5590 Dominatioues,
1846 5523 1964 5578 sive

457 5712 477 5742 ⁸
500 5714 758 5792 hall-ft,
780 5721 867 5787 32,
898 5723 988 5778 35.
1067 5724 1086 5756 ⁰
1113 5724 1241 5781 ibid.
1274 5724 1362 5792 5i,
1394 5724 1479 5780 52.
1562 5726 1604 5757 ¹⁰
1636 5724 1767 5781 ibid.
1804 5724 1892 5784 5'7.
1918 5724 2011 5783 58.
2092 5724 2130 5756 ¹¹
2157 5721 2288 5779 Luc.
2322 5735 2360 5789 t,
2390 5720 2479 5775 3|.

391 5800 466 5853 vr,
500 5785 588 5851 62,
611 5786 699 5841 65.

2073 4696 2427 4768 Συλλήπτορα
2455 4696 2513 4749 δὲ
2550 4695 2645 4748 τοῦ
2688 4695 2848 4761 λόγου
2885 4695 3179 4764 ποιήσομαι
3211 4692 3374 4747 πάλιν
3420 4693 3524 4745 ὡδὶ
3574 4712 3666 4763 γε-

2072 4790 2323 4861 γραφότα
2370 4788 2463 4841 τὸν
2510 4788 2794 4841 θεσπέσιον
2828 4786 3074 4839 Παῦλον·
3118 4806 3138 4837 ι
3190 4787 3663 4856 Εὑχαριστσῦντες

2069 4881 2149 4952 τῷ
2181 4882 2300 4952 Θεῷ
2338 4881 2433 4936 καὶ
2460 4882 2657 4950 Πατρὶ,
2687 4879 2765 4949 τῷ
2801 4880 3125 4933 ἱκανώσαντι
3158 4881 3304 4949 ἡμᾶς
3330 4881 3411 4943 είς
3433 4880 3539 4951 τὴν
3570 4899 3662 4951 με·

2073 4973 2193 5047 ρίδα
2221 4974 2319 5026 τοῦ
2349 4972 2551 5045 κλήρου
2578 4971 2686 5024 τῶν
2716 4971 2886 5040 ἁγίων
2916 4972 2973 5023 ἐν
3000 4970 3078 5040 τῷ
3105 4972 3262 5041 φωτὶ,
3292 4971 3349 5033 ὃς
3382 4971 3661 5042 ἐρρύσατο

2068 5067 2219 5139 ἡμᾶς
2253 5067 2317 5119 ὲκ
2351 5067 2449 5135 τῆς
2492 5063 2741 5129 ἐξουσίας
2770 5061 2864 5116 τοῦ
2909 5062 3154 5125 σκότους,
3192 5063 3286 5115 καὶ
3319 5063 3659 5133 μετέστησεν

2071 5158 2152 5221 εἰς
2178 5156 2277 5226 τὴν
2307 5154 2584 5225 βασιλείαν
2616 5152 2709 5206 τοῦ
2756 5150 2887 5205 Υίοῦ
2919 5153 3019 5222 τῆς
3051 5153 3270 5223 ἀγάπης
3304 5152 3495 5217 αὐτοῦ,
3529 5156 3589 5207 ὲν
3616 5148 3659 5221 ᾧ

2070 5248 2267 5319 ἔχομεν
2293 5246 2392 5317 τὴν
2422 5244 2817 5316 ἀπολύτρωσιν,
2847 5242 2942 5315 τὴν
2973 5242 3165 5311 ἄφεσιν
3194 5243 3301 5297 τῶν
3340 5245 3655 5316 ἁμαρτιῶν,

2068 5341 2128 5403 ὃς
2162 5342 2308 5392 ἐστιν
2342 5337 2505 5390 εἰκὼν
2551 5335 2644 5387 τοῦ
2678 5334 2814 5388 Θεοῦ
2857 5334 2949 5386 τοῦ
3000 5334 3255 5406 ἀοράτου,
3309 5337 3657 5406 πρωτότοκος

2071 5431 2252 5500 πάσης
2295 5430 2547 5491 κτίσεως,
2583 5427 2667 5480 ὅτι
2699 5427 2758 5481 ἐν
2788 5426 2938 5497 αὑτῷ
2982 5427 3203 5497 ἐκτίσθη
3246 5426 3315 5480 τὰ
3349 5427 3556 5489 πάντα.
3589 5430 3654 5481 τά

2069 5539 2127 5575 τε
2175 5523 2232 5574 ἐν
2269 5522 2379 5583 τοῖς
2412 5520 2660 5590 οὐρανοῖς
2689 5520 2785 5574 καὶ
2815 5519 2881 5573 τά
2914 5519 3007 5572 ἐπὶ
3058 5520 3155 5589 τῆς
3201 5521 3324 5589 γῆς,
3360 5518 3432 5573 τά
3478 5520 3650 5589 όρατὶ

2598 5717 2813 5777 "Joan.
2863 5734 2943 5788 ιιι,
2980 5720 3032 5789 9,
3073 5718 3160 5789 ﬂ,
3214 5720 3298 5775 l3.
3418 5718 3646 5777 ".loau.
