3846 6210
156 298 309 354 ηιδ
1267 306 1357 362 DE
1395 309 1904 369 INCARNATIONE
1940 312 2314 370 UNlGENlTl.
3286 316 3422 371 ιεισ

151 420 263 472 καὶ
308 420 375 472 τὰ
420 418 646 491 ἀόρατα,
674 423 783 477 εἴτε
816 425 1028 498 Θρόνοι,
1066 427 1175 481 εἴτε
1227 430 1584 503 κυριότητες,
1635 434 1722 487 εῐτι

1849 433 2210 505 Principatus,
2247 434 2363 490 sive
2418 432 2746 495 Potestates,
2796 429 2977 484 omnia
3014 443 3114 501 per
3170 429 3344 500 ipsum
3370 441 3423 485 ct

147 508 378 581 Ἀρχαὶ,
400 512 808 582 εἴτεἘξουσίαι,
834 519 903 571 τὰ
934 519 1111 575 πάντα
1134 521 1200 574 δι’
1234 522 1399 577 αὐτοῦ
1425 525 1515 578 xui
1542 526 1620 589 εἰς
1645 526 1722 579 αὖε

1850 528 1904 581 in
1931 527 2047 596 ipso
2070 535 2251 581 creata
2286 534 2434 581 sunt.
2464 526 2531 581 Et
2558 525 2671 593 ipse
2705 534 2790 580 est
2823 533 2949 579 ante
2991 538 3201 588 omnes,
3224 532 3279 579 et
3303 538 3423 578 om-

141 601 252 654 τὸν
278 603 543 670 ἔκτισται,
581 608 674 661 καὶ
724 610 886 675 αὑτός
925 612 1042 665 ἐστι
1089 613 1196 684 πρὸ
1243 616 1482 683 πάντων,
1534 617 1627 670 καὶ
1669 617 1722 671 τέ

1844 618 1933 673 nia
1992 618 2044 672 i'n
2101 617 2227 687 ipso
2258 626 2532 673 constant.
2565 615 2627 670 Et
2663 615 2776 684 ipse
2827 623 2911 670 est
2960 622 3123 683 caput
3174 613 3422 682 corporis

144 693 342 746 πάντα
368 696 426 747 ὲν
454 696 601 769 αὐτῷ
629 700 945 771 συνέστηκε,
974 704 1070 755 xui
1098 703 1261 766 αὐτός
1289 706 1437 759 ἐστιν
1462 708 1494 777 ἠ
1530 706 1722 775 κεφαλί

1840 705 2115 771 Ecclesiae,
2141 705 2231 774 qui
2260 714 2342 758 est
2368 704 2717 774 principium,
2742 704 3132 773 primogenitus
3165 702 3329 772 709
3348 718 3415 758 ex

140 785 254 838 τοῦ
290 786 541 858 σώματος
597 792 697 860 τῆς
737 792 1083 864 Ἔκκλησίας,
1118 796 1176 858 ὃς
1209 797 1356 849 ἐστιν
1389 798 1554 870 ἁρχὴ,
1582 816 1722 869 πρω·

1841 798 2094 861 mortuis,
2140 807 2199 851 ut
2223 798 2296 851 sit
2343 800 2410 851 in»
2437 797 2688 852 omnibus
2727 798 2842 866 ipse
2877 797 3168 866 primatum
3200 804 3418 850 tenens.

138 876 377 940 τότοκος
410 880 609 936 ἐκτῶν
643 883 874 953 νεκρῶν,
909 885 995 938 ἵνα
1027 886 1251 957 γένηται
1290 889 1347 941 ὲν
1382 891 1547 942 πᾶσιν
1573 890 1722 953 αὐτὸς

1837 890 1971 957 Quia
1999 890 2051 945 in
2084 891 2200 961 ipso
2218 889 2544 960 complacuit
2568 904 2779 943 omnem
2812 887 3195 957 plenitudinem
3230 886 3420 940 divini-

143 970 479 1037 πρωτεύων,
525 972 608 1025 ὅτι
639 974 695 1028 ἐν
729 975 876 1046 αὐτῷ
910 977 1180 1047 ηὐδόκησε
1227 981 1333 1032 πᾶν
1359 980 1420 1032 τὸ
1460 981 1722 1052 πλήρωμα

1837 982 1965 1037 tatis
1997 981 2319 1045 inhabitare,
2366 992 2421 1035 et
2467 996 2562 1050 per
2586 996 2708 1033 eum
2759 978 3095 1033 reconciliari
3135 977 3317 1031 omnia
3361 976 3418 1031 in

136 1059 223 1111 δι’
258 1060 422 1115 αὐτοῦ
471 1067 814 1136 κατοικῆσαι,
864 1068 959 1120 xui
991 1067 1057 1122 δι’
1085 1069 1250 1123 αὐτοῦ
1293 1072 1722 1137 ἀποκαταλλάξαι

1837 1072 1972 1139 ipso,
2007 1070 2384 1141 paciﬁcantem
2435 1085 2534 1140 per
2588 1070 2903 1140 sanguinem
2935 1070 3112 1123 crucis
3153 1067 3271 1136 ejus
3305 1066 3419 1120 sive

137 1151 221 1203 τὰ
254 1152 427 1206 πάντα
461 1155 541 1218 είς
585 1155 767 1223 αὐτὸν,
801 1159 1220 1232 εἰρηνοποιήσας
1250 1160 1337 1213 διὰ
1377 1160 1470 1214 τοῦ
1501 1162 1731 1231 αἵματος

136 1242 250 1295 τοῦ
285 1245 517 1316 σταυροῦ
548 1246 735 1313 αὐτοῦ,
769 1249 878 1302 εἴτε
904 1250 972 1303 τὰ
1004 1251 1096 1304 ἐπὶ
1122 1251 1222 1320 τῆς
1260 1251 1385 1322 γῆς,
1428 1252 1537 1305 εἴτε
1566 1253 1637 1305 τὰ
1672 1254 1729 1305 ἐν

134 1335 267 1396 τοῖς
295 1334 560 1402 οὐρανοῖς.
596 1356 614 1389 ι
663 1338 793 1392 Ἰδοὺ
824 1338 888 1409 δὴ
917 1340 1078 1395 πάλιν
1130 1342 1432 1410 ἀναφανδὸν
1461 1342 1527 1395 δι’
1562 1342 1727 1396 αὑτοῦ

136 1442 289 1494 φησι
340 1427 431 1479 xui
464 1428 543 1491 είς
568 1427 729 1482 αὐτὸν
759 1430 1001 1484 ἐκτίσθαι
1029 1432 1096 1485 τὰ
1124 1432 1334 1486 πάντα·
1367 1434 1461 1485 xui
1496 1432 1621 1503 μὴν,
1648 1434 1729 1486 ὅτι

133 1515 259 1583 πρὸ
302 1514 518 1570 πάντων
548 1518 686 1585 ἐστὶ,
731 1519 826 1571 xui
869 1520 952 1573 ὅτι
981 1521 1050 1575 τὰ
1080 1522 1258 1575 πάντα
1297 1523 1626 1592 συνέστηκεν
1671 1525 1728 1575 ὲν

132 1602 328 1673 αὐτῷ’
364 1606 457 1659 xui
485 1606 646 1660 αὐτὸν
671 1602 809 1663 εἶναί
855 1627 987 1680 φησι
1032 1612 1375 1681 πρωτότοκον
1404 1612 1470 1665 ὲκ
1498 1612 1724 1682 νεκρῶν,

131 1695 641 1767 εἰρηνοποιήσαντα
687 1699 776 1752 διὰ
823 1700 912 1754 τοῦ
967 1703 1197 1772 αἵματος
1249 1703 1437 1769 αὑτοῦ,
1462 1703 1532 1757 τά
1560 1720 1621 1755 τε
1668 1705 1725 1756 ὲν

1834 1177 1953 1230 quae
1994 1162 2046 1216 iu
2098 1160 2279 1227 terris,
2340 1161 2454 1216 sive
2513 1176 2633 1231 qua:
2678 1160 2911 1215 inccelis
2962 1169 3089 1213 sunt
3118 1158 3184 1212 “.
3224 1177 3244 1208 ι
3279 1156 3419 1212 Ecce

1832 1268 1992 1323 quam
2026 1262 2212 1322 aperte
2241 1253 2403 1312 dicat.
2432 1269 2528 1323 per
2559 1254 2733 1321 ipsum
2762 1261 2817 1306 et
2852 1252 2903 1305 in
2936 1253 3053 1319 ipso
3082 1259 3260 1304 creata
3296 1262 3418 1303 esse

1831 1345 2008 1398 omnia
2042 1361 2056 1398 :
2083 1344 2333 1413 quodque
2354 1356 2479 1399 ante
2505 1359 2698 1400 omnes
2718 1344 2808 1407 sit,
2833 1343 3057 1410 etquod
3075 1340 3254 1395 omnia
3288 1355 3417 1394 con-

1831 1441 1977 1488 stant
2010 1434 2065 1488 in
2094 1434 2228 1502 ipso.
2263 1433 2532 1489 Prwterea
2578 1434 2710 1489 dicit
2738 1434 2909 1502 ipsum
2944 1446 3063 1486 esse
3086 1431 3415 1501 primogeni-

1832 1534 1940 1580 tum
1973 1540 2040 1581 ex
2082 1526 2331 1588 mortuis,
2369 1526 2615 1595 quodque
2650 1524 2954 1594 paciﬁcarit
2987 1539 3081 1593 per
3099 1522 3412 1591 sanguinem

1831 1632 1987 1671 suum
2035 1630 2367 1686 quaecunque
2396 1616 2449 1670 in
2479 1615 2632 1670 caelis
2672 1624 2818 1677 sunt,
2870 1622 2926 1668 et
2975 1627 3306 1683 quaecunque
3360 1614 3414 1666 in

1832 1709 2014 1763 terris.
2074 1708 2235 1777 Atqui
2284 1708 2406 1778 quis
2461 1716 2547 1762 est
2602 1707 2992 1778 primogenitus
3047 1720 3114 1760 ex
3158 1704 3411 1767 mortuis,

128 1788 262 1850 ’τοῖς
285 1787 563 1859 οὐρανοῖς,
587 1792 680 1845 καὶ
710 1791 779 1845 τὰ
810 1794 901 1848 ἐπὶ
924 1796 1022 1864 τῆς
1051 1796 1174 1866 γῆς.
1209 1792 1343 1849 Εἶτα
1367 1797 1450 1860 τίς
1480 1798 1508 1850 ό
1546 1798 1609 1850 ἐκ
1639 1814 1722 1850 νε-

1833 1799 1937 1854 nisi
1988 1798 2235 1854 Christus
2264 1798 2440 1864 Jesus,
2478 1799 2582 1854 hoc
2626 1808 2729 1865 est,
2792 1798 3024 1853 Verbum
3075 1798 3129 1852 in
3162 1811 3326 1850 carne
3358 1808 3414 1850 et

130 1876 299 1949 κρῶν
324 1880 688 1949 πρωτότοκος,
717 1885 766 1935 εί
793 1885 869 1956 μὴ
900 1885 1133 1956 Χριστὸς
1171 1885 1398 1957 Ἰησοῦς,
1426 1887 1724 1950 τουτέστιν,

132 1968 202 2019 ἐν
243 1967 408 2039 σαρκὶ
440 1970 536 2023 xui
584 1971 722 2041 μετὰ
770 1974 973 2045 σαρκὸς
1019 1977 1048 2028 ό
1078 1976 1285 2044 Λόγος;
1342 1976 1572 2047 Τεθναίη
1619 1977 1726 2049 γὰρ

127 2058 211 2111 ἂν
240 2058 358 2114 οὔτι
386 2078 488 2115 που
512 2061 647 2126 θεὸς
674 2063 748 2117 ὢν
773 2067 802 2119 ό
829 2066 1018 2134 Λόγος,
1050 2067 1158 2121 οὐδ’
1182 2067 1247 2121 ἂν
1271 2070 1442 2122 νοοῖτο
1462 2069 1572 2121 τῶν
1593 2068 1728 2122 ὅλων

125 2151 479 2222 δημιουργὸς
516 2154 638 2207 καθ’
687 2157 835 2227 ἡμᾶς
876 2155 951 2211 ὥν
1002 2158 1310 2229 ἄνθρωπος,
1357 2161 1405 2213 εἰ
1455 2159 1529 2232 μὴ
1576 2160 1728 2231 δεδη-

131 2241 451 2316 μιούργηκε
503 2246 604 2316 μὲν
650 2247 726 2312 ὡς
772 2249 923 2314 Θεὸς.
970 2252 1065 2304 καὶ
1116 2254 1164 2305 εἰ
1221 2252 1296 2322 μὴ
1342 2252 1466 2321 δίχα
1520 2252 1728 2323 σαρκὸς

126 2336 317 2388 νοοῖτο
353 2334 494 2405 μετὰ
524 2336 623 2408 τὴν
655 2337 871 2393 ἕνωσιν.
904 2342 1253 2413 Πρωτότοκος
1299 2344 1356 2397 δὲ
1397 2345 1493 2398 xui
1532 2346 1597 2398 ὲκ
1639 2363 1728 2398 νε-

127 2422 314 2493 κρῶν,
367 2426 502 2480 καθὸ
540 2429 780 2501 πέφηνεν
830 2431 1134 2503 ἄνθρωπος,
1190 2434 1290 2488 οὐκ
1339 2434 1630 2490 ἀποϐαλὼν
1665 2437 1727 2490 τὸ

125 2512 283 2569 εἶναι
327 2516 481 2583 Θεὸς,
529 2519 617 2575 διὰ
645 2520 747 2592 τὴν
790 2523 1220 2595 ἐνανθρώπησιν.
1250 2526 1380 2579 Οἴει
1426 2543 1479 2580 τι
1531 2528 1727 2598 χρῆναι

1828 1907 1949 1945 cum
1977 1892 2186 1947 carne?
2210 1891 2395 1962 Neque
2422 1892 2565 1947 enim
2615 1891 2753 1945 mori
2784 1899 2948 1960 queat
2977 1889 3118 1944 Deus
3145 1888 3413 1953 exsistens

1832 1981 2064 2036 Verbum
2103 2001 2116 2038 :
2154 1998 2328 2053 neque
2368 1991 2582 2037 creator
2610 1982 2775 2036 totius
2812 1980 3051 2035 universi
3083 1978 3186 2033 dici
3241 1978 3413 2045 possit

1830 2070 1992 2126 homo
2021 2073 2188 2127 nostri
2219 2073 2433 2136 similis,
2467 2073 2568 2127 nisi
2593 2071 2861 2127 creaverit
2894 2069 3132 2141 quidem,
3163 2077 3221 2121 ut
3246 2066 3406 2132 Dens,

1830 2164 2046 2220 tametsi
2072 2180 2177 2220 non
2228 2164 2434 2232 absque
2455 2178 2617 2219 carne
2663 2162 2887 2232 intelligi
2920 2168 3113 2231 potest,
3139 2168 3260 2229 post
3286 2158 3409 2215 uni-

1830 2265 2016 2311 tatem.
2052 2256 2446 2325 Primogenitus
2470 2270 2599 2310 vero
2634 2271 2698 2311 ex
2752 2254 2982 2309 mortuis
3002 2261 3108 2316 est,
3142 2260 3410 2323 quatenus

1830 2346 2078 2415 apparuit
2100 2346 2281 2407 homo,
2315 2346 2526 2400 tametsi
2550 2353 2769 2415 propter
2816 2341 3246 2399 incarnationem
3300 2354 3406 2394 non

1828 2435 2048 2489 desierit
2084 2450 2206 2490 esse
2255 2433 2418 2492 Deus.
2478 2434 2773 2489 Videturne
2827 2431 2921 2487 tibi
2970 2430 3173 2501 aliquid
3221 2429 3273 2483 in
3319 2427 3406 2483 his

1830 2523 2330 2591 reprehendendum
2358 2524 2380 2577 ἲ

126 2605 351 2671 τούτοις
381 2611 641 2682 ἐπιτιμᾷν
666 2629 680 2678 ;

1900 2726 1960 2783 Β.
1992 2726 2363 2798 Nequaquam.

206 2838 274 2890 Λ.
321 2835 476 2901 ’Ίδοις
515 2838 561 2891 δ’
588 2838 654 2893 ἂν
684 2840 778 2893 xui
806 2842 1034 2913 ἑτέρωθι
1067 2844 1156 2898 διὰ
1198 2846 1304 2899 τῶν
1337 2847 1516 2901 αὐτῶν
1551 2848 1722 2913 ἰόντας

1898 2842 1967 2896 Λ.
2006 2842 2112 2897 Sed
2145 2850 2201 2897 et
2232 2841 2356 2895 alibi
2383 2842 2485 2895 hoc
2516 2840 2688 2909 ipsum
2726 2848 3029 2893 asserentes
3077 2835 3260 2890 videas
3312 2850 3409 2890 eos

123 2929 314 2998 λόγων
342 2928 467 2994 τοὺς
494 2934 988 3006 πνευματοφόρους.
1034 2937 1284 3008 Ἰωάννης
1316 2938 1414 3009 μὲν
1440 2941 1569 3012 γὰρ,
1598 2960 1616 2993 ι
1641 2942 1722 2994 Ἐν

1831 2935 1919 3003 qui
1952 2934 2134 2988 divino
2183 2934 2386 3003 Spiritu
2432 2932 2595 2986 aﬂlati
2646 2930 2886 2985 fuerunt.
2937 2929 3173 2985 Joannes
3219 2928 3404 2983 enim:

124 3022 305 3091 ἀρχῇ,
337 3022 522 3091 φησιν,
555 3024 584 3075 ό
623 3024 796 3092 Λόγος
825 3021 913 3095 ἦν,
952 3029 1046 3081 καὶ
1085 3030 1113 3081 ὁ
1153 3030 1325 3098 Λόγος
1371 3027 1439 3103 ἦν
1472 3033 1609 3103 πρὸς
1637 3032 1722 3086 τὸν

1838 3042 1855 3075 ι
1899 3024 1953 3077 In
1977 3023 2259 3093 principio,
2297 3024 2489 3091 inquit,
2512 3033 2629 3078 erat
2655 3020 2908 3083 Verbum,
2943 3030 2996 3073 et
3026 3018 3257 3074 Verbum
3289 3028 3409 3072 erat

122 3115 292 3177 Θεὸν,
338 3114 433 3168 xui
466 3115 598 3179 Θεὸς
625 3111 693 3187 ἦν
725 3118 753 3169 ό
786 3118 978 3188 Λόγος.
1024 3115 1193 3185 Οὗτος
1223 3123 1290 3194 ἦν
1326 3126 1384 3176 ὲν
1426 3126 1565 3196 ἀρχῇ
1596 3126 1722 3196 πρὸς

1833 3116 1971 3183 apud
2009 3114 2194 3179 Deum,
2255 3124 2309 3167 et
2356 3114 2493 3167 Dens
2537 3123 2655 3167 erat
2713 3111 2961 3167 Verbmn.
3019 3110 3133 3165 lloc
3185 3119 3303 3164 erat
3351 3112 3404 3162 in

121 3205 229 3256 τὸν
264 3203 418 3258 Θεόν.
448 3205 632 3259 Πάντα
673 3205 741 3258 δι’
777 3208 941 3261 αὐτοῦ
971 3209 1207 3277 ἐγένετο,
1239 3215 1334 3265 καὶ
1361 3215 1529 3284 χωρὶς
1564 3214 1722 3267 αὐτοῦ

1834 3205 2097 3274 principio
2122 3207 2260 3274 apud
2292 3206 2479 3261 Deum.
2505 3206 2697 3260 Omnia
2726 3220 2822 3272 per
2855 3204 3029 3273 ipsum
3065 3202 3203 3257 facta
3256 3211 3402 3263 sunt,

124 3294 355 3362 ἐγένετο
410 3294 531 3347 οὐδὲ
556 3294 634 3347 ἓν.
667 3314 687 3348 ι
721 3296 930 3361 Παῦλος
952 3297 1009 3350 δὲ
1036 3295 1128 3352 αὖ’
1164 3296 1288 3364 «Εἷς
1310 3302 1438 3366 Θεὸς
1461 3304 1489 3354 ό
1518 3303 1722 3374 Πατὴρ,

1832 3307 1887 3351 et
1930 3298 2050 3352 sine
2100 3298 2217 3365 ipso
2246 3298 2446 3352 factum
2503 3308 2586 3351 est
2639 3297 2770 3350 mhil
2800 3297 2864 3349 "‘.
2909 3314 2927 3347 ι
2971 3294 3168 3349 Paulus
3219 3307 3350 3347 vero
3386 3309 3402 3348 :

121 3386 191 3449 ἐξ
224 3379 287 3438 οὗ
322 3385 387 3438 τὰ
420 3385 596 3439 πάντα
618 3403 630 3416 ·
664 3384 744 3451 εἷς
782 3387 985 3460 Κύριος
1030 3390 1235 3460 Ἰησοῦς
1270 3392 1521 3461 Χριστὸς,
1558 3394 1627 3446 δι’
1668 3386 1722 3446 οὗ

1837 3406 1855 3440 ι
1901 3388 2075 3454 Unus,
2135 3391 2329 3459 inquit,
2368 3391 2513 3445 Dens
2556 3391 2735 3455 Pater,
2778 3404 2842 3443 ex
2879 3402 2985 3457 quo
3008 3385 3228 3451 omnia;
3264 3398 3405 3438 unus

123 3482 201 3534 τὰ
238 3478 438 3532 πάντα.
469 3497 487 3530 ι
535 3480 676 3532 Ἀλλ’
703 3480 859 3552 εἴπερ
898 3477 967 3552 ἦν
1008 3482 1070 3535 τὸ
1116 3484 1449 3553 μεσολαὸοὖν
1496 3485 1634 3556 μετὰ
1668 3485 1722 3538 τὸ

1831 3478 2088 3537 Dominus
2141 3480 2300 3537 Jesus
2356 3482 2629 3547 Christus,
2690 3497 2786 3552 per
2851 3495 3011 3549 quem
3069 3479 3248 3532 omnia
3274 3477 3338 3531 “.
3376 3494 3399 3529 ι

123 3570 379 3644 ἡνῶσθαι
413 3573 575 3643 σαρκὶ
610 3573 700 3625 τὸν
746 3573 932 3641 Λόγον,
978 3573 1071 3627 xui
1102 3576 1179 3637 εἰς
1213 3576 1507 3647 ἑτερότητα
1554 3594 1722 3630 κατα-

1831 3574 1991 3643 Atqui
2014 3576 2058 3630 si
2091 3585 2210 3629 erat
2239 3576 2441 3644 aliquid
2464 3576 2813 3639 discriminis,
2844 3582 3126 3644 postquam
3158 3572 3395 3626 Verbum

124 3663 402 3734 διαιροῦν,
419 3662 516 3735 τὴν
541 3664 616 3729 ὡς
633 3664 765 3718 υἱῶν
789 3665 953 3720 δυάδα
976 3667 1137 3737 φημὶ,
1165 3668 1306 3721 κατά
1327 3669 1387 3721 τὸ
1411 3670 1491 3721 σοὶ
1510 3669 1721 3733 δοκοῦν,

1831 3670 2035 3722 unitum
2065 3678 2149 3723 est
2198 3669 2372 3732 carni,
2424 3668 2675 3737 quodque
2733 3666 2878 3720 illmn
2929 3665 2982 3719 in
3030 3664 3399 3719 diversitatem

128 3756 258 3821 πῶς
292 3757 357 3809 ἂν
386 3756 608 3827 ἐκτίσθη
637 3756 703 3810 τὰ
731 3757 907 3812 πάντα
928 3757 1015 3811 διὰ
1054 3759 1227 3830 Ἰησσῦ
1248 3760 1483 3831 Χριστοῦ
1510 3779 1523 3825 ;
1564 3761 1722 3815 Ἀλλὰ

1831 3762 2115 3829 quamdam
2149 3760 2367 3824 dividat,
2393 3760 2465 3813 ita
2505 3769 2561 3811 ut
2589 3759 2899 3813 dualitatem
2933 3756 3221 3826 quamdam
3259 3756 3398 3809 lilio-

130 3847 249 3918 μὴν
281 3847 501 3920 ἐκτίσθη
537 3848 601 3901 δι’
646 3850 810 3903 αὑτοῦ
840 3850 908 3904 τὰ
956 3852 1155 3905 πάντα.
1190 3852 1465 3924 Πρόδηλον
1519 3849 1613 3907 οὖν
1640 3855 1722 3908 ὅτι

1831 3867 1942 3905 rum
1966 3853 2281 3917 constituat,
2328 3852 2468 3906 sicut
2491 3850 2586 3904 tibi
2619 3850 2829 3905 videtur
2861 3866 2875 3902 :
2913 3848 3181 3914 quomodo
3217 3846 3396 3900 omnia

124 3940 200 3991 τὰ
236 3937 397 4007 φύσει
426 3956 484 3992 τε
513 3938 605 3992 xui
635 3939 816 4004 ἰδικῶς
860 3941 1234 4013 ἐνυπάρχοντα
1278 3943 1356 4013 τῷ
1396 3945 1461 3996 ἐκ
1509 3946 1721 4017 Πατρὸς

1831 3956 2002 4000 creata
2035 3955 2157 3999 sunt
2201 3959 2296 4013 per
2342 3942 2523 3999 Jesum
2556 3941 2831 3996 Christum
2859 3939 3067 4009 ?Atqni
3100 3936 3279 3992 omnia
3302 3952 3399 4005 per

125 4030 248 4083 ΰντι
297 4031 479 4100 Λόγῳ,
524 4032 820 4102 τετήρηται
878 4033 1039 4087 πάλιν
1081 4034 1228 4105 αὐτῴ
1272 4037 1366 4089 xui.
1404 4037 1491 4089 ὅτε
1531 4037 1718 4106 γέγονε

1831 4037 1997 4106 ipsum
2026 4044 2208 4089 creata
2240 4044 2383 4088 sunt.
2410 4032 2750 4087 Manifestum
2785 4032 2945 4102 igitur
2975 4040 3057 4084 est
3089 4029 3231 4098 quod
3272 4043 3395 4097 qnse

128 4121 297 4194 σάρξ.
334 4122 662 4192 Ἐπισφαλὲς
686 4119 785 4177 οὖν
805 4124 935 4195 ἄρα,
962 4125 1024 4179 τὸ
1051 4126 1359 4197 διατέμνειν
1380 4128 1713 4200 ἁποτολμᾷν.

1831 4138 2013 4182 natura
2044 4136 2097 4181 et
2129 4126 2475 4195 peculiariter
2530 4125 2712 4178 insunt
2766 4124 2940 4178 Verbo
2970 4121 3111 4191 quod
3139 4134 3205 4175 ex
3235 4118 3397 4173 Patre

126 4209 229 4278 Εἷς
254 4214 363 4287 γὰρ
394 4215 596 4287 Κύριος
655 4216 861 4285 Ἰησοῦς
898 4218 1152 4287 Χριστὸς,
1202 4220 1297 4273 xui
1338 4220 1403 4273 δι’
1436 4221 1601 4276 αὐτοῦ
1647 4221 1718 4277 τὰ

1831 4220 2081 4289 procedit,
2112 4230 2330 4275 manent
2354 4220 2515 4274 etiam
2546 4218 2597 4272 in
2623 4219 2740 4286 ipso
2772 4232 2895 4272 cum
2916 4215 3116 4270 factum
3139 4221 3225 4268 est
3247 4227 3395 4268 caro.

128 4307 311 4361 πάντα
345 4308 868 4380 δεδημιούργηκεινό
898 4311 1110 4382 Πατήρ.

1831 4314 2188 4370 Periculosum
2244 4314 2426 4383 itaque
2484 4320 2568 4367 est
2622 4312 2735 4365 haec
2770 4309 2956 4381 partiri
3002 4324 3067 4363 ac
3118 4320 3391 4376 separare.

1816 4406 1971 4465 Unus
1993 4407 2137 4461 enim
2170 4407 2432 4460 Dominus
2460 4402 2617 4459 Jesns
2653 4402 2919 4460 Christus.
2975 4411 3029 4454 et
3068 4413 3163 4469 per
3215 4396 3392 4466 ipsum

1745 4475 1792 4533 Ῑ)
1818 4500 1998 4555 omnia
2030 4499 2234 4553 ereavit
2260 4497 2440 4553 Pater.

1889 4614 1949 4669 Β.
1980 4614 2054 4668 lla
2081 4623 2183 4669 est.

1888 4724 2094 4787 A.,Est
2148 4726 2311 4795 igitur
2350 4734 2404 4779 et
2447 4736 2682 4787 creator,
2719 4721 3019 4777 divinitatis
3076 4720 3393 4788 ratione;ct

1818 4814 2117 4879 vivilicans,
2171 4824 2354 4883 utpote
2408 4815 2560 4868 vita:
2618 4813 2849 4867 humana
2915 4823 3094 4866 autem
3153 4810 3390 4865 vicissim

1819 4906 2048 4969 ratione,
2094 4922 2157 4959 ex
2190 4904 2611 4975 proprietatibus
2662 4918 2782 4972 quae
2816 4902 3085 4957 hominem
3118 4901 3389 4956 excedunt

209 2722 274 2777 Β.
317 2723 440 2776 Οὐδ’
473 2726 795 2781 ὁπωστιοῦν.

202 4602 263 4655 B.
312 4600 551 4671 Ἀληθές.

196 4714 264 4767 Α.
296 4713 453 4767 Ἐστι
498 4712 786 4784 τοιγαροῦν
833 4712 929 4766 καὶ
976 4711 1328 4784 δημιουργὸς,
1371 4715 1587 4782 θεϊκῶς,
1616 4720 1711 4778 xui

124 4806 410 4873 ζωοποιὸς,
455 4805 530 4868 ὼς
571 4804 706 4879 ζωὴ,
749 4805 1167 4878 ὲνανθρωπίνως
1217 4806 1273 4859 δὲ
1344 4801 1410 4861 αὖ
1457 4809 1551 4861 xui
1597 4811 1711 4871 τοῖς

120 4900 268 4971 ὑπὲρ
321 4898 607 4971 ἄνθρωπον
668 4897 955 4969 ίδιώμασιν
1017 4900 1098 4963 εἰς
1148 4899 1207 4953 ἓν
1266 4917 1319 4954 τι
1382 4900 1443 4954 τὸ
1502 4901 1704 4971 μεταξὺ

129 4990 501 5060 συγκείμενος.
528 4990 771 5061 Μεσίτης
799 4991 905 5061 γάρ
933 4990 1047 5044 ἐστι
1085 4990 1219 5045 Θεοῦ
1248 4992 1341 5047 καὶ
1382 4992 1702 5065 ἀνθρώπων,

1839 5013 1867 5049 ιι
1908 5011 2072 5049 unum
2107 4995 2233 5064 quid
2276 4994 2651 5048 intermedium
2697 4992 3044 5060 compositus.
3126 4988 3389 5046 Mediator

121 5081 267 5134 κατὰ
290 5081 388 5144 τὰς
425 5080 672 5152 Γραφὰς,
717 5080 879 5149 φύσει
923 5083 1023 5153 μὲν
1051 5084 1309 5155 ὑπάρχων
1337 5084 1490 5151 Θεὸς,
1522 5085 1613 5139 xui
1644 5086 1703 5138 οὐ

1831 5084 1957 5137 anim
1994 5092 2077 5137 est
2103 5083 2195 5137 Dei
2228 5090 2282 5137 et
2307 5082 2606 5146 hominum,
2648 5081 2940 5136 secundum
2973 5079 3285 5149 Scripturas
3317 5079 3386 5144 ³⁷,

119 5170 246 5243 ἇξχα
281 5174 503 5246 σαρκὸς,
573 5173 863 5246 ἄνθρωπος
916 5175 973 5228 δὲ
1019 5176 1254 5247 ἀληθῶς,
1303 5177 1394 5231 xui
1442 5178 1502 5230 οὑ
1551 5176 1705 5248 ψιλὸς

1831 5184 2002 5229 natura
2035 5174 2251 5244 quidem
2284 5173 2557 5227 exsistens
2582 5171 2741 5234 Dens,
2767 5180 2821 5225 et
2846 5186 2949 5225 non
2972 5170 3177 5238 absque
3199 5183 3383 5231 carne,

121 5264 249 5318 καθ’
278 5267 446 5342 ἡμᾶς,
505 5266 621 5319 ἀλλ’
681 5266 755 5319 ὢν
783 5268 922 5337 ὅπερ
963 5263 1051 5339 ἦν,
1090 5270 1183 5321 xui
1210 5270 1258 5322 εξ
1306 5269 1501 5337 γέγονε
1548 5268 1704 5340 σάρξ.

1831 5281 1972 5321 nomo
2006 5277 2183 5320 autem
2221 5280 2366 5332 vere,
2404 5280 2506 5319 non
2549 5263 2693 5318 nude
2740 5271 2901 5332 atque
2950 5261 3287 5330 simpliciter,
3325 5272 3386 5315 ut

126 5355 440 5427 Γέγραπται
501 5357 630 5429 γὰρ,
682 5357 763 5411 ὅτι
805 5376 823 5410 ι
885 5355 1089 5429 Ἰησοῦς
1154 5361 1389 5431 Χριστὸς
1440 5360 1566 5430 χθὲς
1615 5361 1708 5413 xui

1831 5373 1928 5421 IOS,
1956 5358 2049 5412 sed
2076 5357 2345 5412 exsistens
2389 5356 2441 5410 id
2472 5356 2613 5425 quod
2650 5366 2791 5421 erat,
2840 5353 3051 5407 etiamsi
3100 5351 3278 5406 factus
3315 5354 3386 5407 sit

122 5446 382 5514 σήμερον,
423 5445 636 5509 ὁαύτὸς
684 5447 780 5501 καὶ
840 5448 920 5511 είς
976 5449 1103 5513 τοὺς
1156 5450 1379 5514 αἰῶνας.
1415 5446 1535 5503 »ἾΙ
1598 5450 1706 5520 γὰρ

1831 5464 1957 5503 raro.
2011 5448 2284 5519 Scriptum
2331 5457 2413 5503 est
2458 5452 2625 5512 enim,
2679 5446 2822 5510 quod
2866 5463 2884 5496 ι
2937 5443 3093 5500 Jesns
3134 5444 3385 5500 Christus

118 5534 241 5604 οὐχὶ
286 5537 375 5590 διὰ
424 5538 522 5609 τῆς
577 5539 739 5607 ἁγίας
765 5539 1044 5611 Παρθένου
1082 5542 1330 5613 τετέχθαι
1376 5542 1703 5614 πιστεύομεν

1831 5543 1920 5597 ιειὶ
1959 5551 2013 5596 et
2044 5542 2248 5607 hodie;
2280 5540 2419 5595 idem
2465 5540 2578 5611 ipse
2626 5549 2679 5594 et
2729 5538 2892 5608 710
2937 5538 2990 5593 in
3030 5536 3223 5594 saecula
3257 5537 3326 5593 ".
3353 5553 3379 5592 ι

193 5736 467 5798 "Coloss.
500 5756 541 5802 ι.
585 5741 769 5799 12-20.
852 5740 1069 5802 "Joan.
1103 5764 1139 5803 ι.
1181 5747 1293 5802 1-5.
1376 5749 1458 5806 ¹⁶Ι
1488 5750 1611 5805 Cor.
1643 5765 1716 5805 vn

1831 5790 1841 5804 .
1939 5751 1975 5781 *7
2003 5748 2019 5803 l
2054 5748 2193 5805 Tim.
2227 5762 2287 5811 ιι,
2317 5747 2369 5802 5.
2453 5747 2493 5779 ³⁸
2518 5744 2683 5803 llehr.
2714 5758 2837 5811 xm,
2866 5742 2917 5800 8.
