  <div class='ocr_page' id='page_1' title='image "/cluster/home/n/w/nwhite01/storage/ocr_20150623/75/nnc1.0046980121/709.png"; bbox 0 0 3846 6210; ppageno 0'>
   <div class='ocr_carea' id='block_1_1' title="bbox 534 363 668 416">
    <p class='ocr_par' dir='ltr' id='par_1_1' title="bbox 534 363 668 416">
     <span class='ocr_line' id='line_1_1' title="bbox 534 363 668 416; baseline 0.007 -1"><span class='ocrx_word' id='word_1_1' title='bbox 534 363 668 416; x_wconf 67' lang='grc' dir='ltr'><strong>ΗΠ</strong></span> 
     </span>
    </p>
   </div>
   <div class='ocr_carea' id='block_1_2' title="bbox 1516 362 2749 420">
    <p class='ocr_par' dir='ltr' id='par_1_2' title="bbox 1516 362 2749 420">
     <span class='ocr_line' id='line_1_2' title="bbox 1516 362 2749 420; baseline -0.001 -2"><span class='ocrx_word' id='word_1_2' title='bbox 1516 365 1573 419; x_wconf 80' lang='grc'><strong>5.</strong></span> <span class='ocrx_word' id='word_1_3' title='bbox 1614 364 1886 420; x_wconf 73' lang='grc' dir='ltr'>ογιιιιιι</span> <span class='ocrx_word' id='word_1_4' title='bbox 1926 362 2388 420; x_wconf 69' lang='grc' dir='ltr'><strong>ΑιιςΧΑΝοιιιΝι</strong></span> <span class='ocrx_word' id='word_1_5' title='bbox 2428 362 2749 418; x_wconf 77' lang='lat' dir='ltr'><strong>ARCHIEP.</strong></span> 
     </span>
    </p>
   </div>
   <div class='ocr_carea' id='block_1_3' title="bbox 3636 356 3769 409">
    <p class='ocr_par' dir='ltr' id='par_1_3' title="bbox 3636 356 3769 409">
     <span class='ocr_line' id='line_1_3' title="bbox 3636 356 3769 409; baseline -0.008 0"><span class='ocrx_word' id='word_1_6' title='bbox 3636 356 3769 409; x_wconf 69' lang='lat' dir='ltr'><strong>12i8</strong></span> 
     </span>
    </p>
   </div>
   <div class='ocr_carea' id='block_1_4' title="bbox 530 474 2074 553">
    <p class='ocr_par' dir='ltr' id='par_1_4' title="bbox 530 481 2074 552">
     <span class='ocr_line' id='line_1_4' title="bbox 530 481 2074 552; baseline 0.001 -16"><span class='ocrx_word' id='word_1_7' title='bbox 530 486 719 536; x_wconf 82' lang='lat' dir='ltr'><strong>Annon</strong></span> <span class='ocrx_word' id='word_1_8' title='bbox 772 481 914 534; x_wconf 89' lang='lat' dir='ltr'><strong>enim</strong></span> <span class='ocrx_word' id='word_1_9' title='bbox 944 495 1007 534; x_wconf 78' lang='lat' dir='ltr'><strong>ex</strong></span> <span class='ocrx_word' id='word_1_10' title='bbox 1037 490 1219 534; x_wconf 88' lang='lat' dir='ltr'><strong>sancta</strong></span> <span class='ocrx_word' id='word_1_11' title='bbox 1255 482 1469 552; x_wconf 77' lang='lat' dir='ltr'><strong>Virgine</strong></span> <span class='ocrx_word' id='word_1_12' title='bbox 1499 493 1681 538; x_wconf 88' lang='lat' dir='ltr'><strong>natum</strong></span> <span class='ocrx_word' id='word_1_13' title='bbox 1732 487 2000 541; x_wconf 85' lang='lat' dir='ltr'><strong>credimus</strong></span> <span class='ocrx_word' id='word_1_14' title='bbox 2043 486 2074 538; x_wconf 78' lang='lat' dir='ltr'><strong>ii</strong></span> 
     </span>
    </p>
   </div>
   <div class='ocr_carea' id='block_1_5' title="bbox 2201 474 3767 553">
    <p class='ocr_par' dir='ltr' id='par_1_5' title="bbox 2201 474 3767 553">
     <span class='ocr_line' id='line_1_5' title="bbox 2201 474 3767 553; baseline -0.008 -16"><span class='ocrx_word' id='word_1_15' title='bbox 2201 485 2256 537; x_wconf 74' lang='grc' dir='ltr'>ἐν</span> <span class='ocrx_word' id='word_1_16' title='bbox 2314 484 2561 553; x_wconf 81' lang='grc' dir='ltr'><strong>ἐσχάτοις</strong></span> <span class='ocrx_word' id='word_1_17' title='bbox 2608 483 2702 536; x_wconf 82' lang='grc' dir='ltr'><strong>τοῦ</strong></span> <span class='ocrx_word' id='word_1_18' title='bbox 2757 481 2949 545; x_wconf 76' lang='grc' dir='ltr'><strong>αἰῶνος</strong></span> <span class='ocrx_word' id='word_1_19' title='bbox 3010 481 3218 550; x_wconf 63' lang='grc' dir='ltr'>διαιροῖς</span> <span class='ocrx_word' id='word_1_20' title='bbox 3263 477 3353 530; x_wconf 82' lang='grc' dir='ltr'><strong>τὸν</strong></span> <span class='ocrx_word' id='word_1_21' title='bbox 3395 474 3767 546; x_wconf 75' lang='grc' dir='ltr'>Ἑμμανουήὶς</span> 
     </span>
    </p>
   </div>
   <div class='ocr_carea' id='block_1_6' title="bbox 532 571 1815 640">
    <p class='ocr_par' dir='ltr' id='par_1_6' title="bbox 532 571 1815 640">
     <span class='ocr_line' id='line_1_6' title="bbox 532 571 1815 640; baseline 0.001 -12"><span class='ocrx_word' id='word_1_22' title='bbox 532 574 734 629; x_wconf 88' lang='lat' dir='ltr'><strong>ultimis</strong></span> <span class='ocrx_word' id='word_1_23' title='bbox 785 571 965 627; x_wconf 67' lang='lat' dir='ltr'><strong>saeculi</strong></span> <span class='ocrx_word' id='word_1_24' title='bbox 1012 574 1346 640; x_wconf 81' lang='lat' dir='ltr'><strong>temporibus</strong></span> <span class='ocrx_word' id='word_1_25' title='bbox 1368 575 1815 631; x_wconf 81' lang='lat' dir='ltr'><strong>Emmanueiem?</strong></span> 
     </span>
    </p>
   </div>
   <div class='ocr_carea' id='block_1_7' title="bbox 598 662 2094 740">
    <p class='ocr_par' dir='ltr' id='par_1_7' title="bbox 598 662 2094 740">
     <span class='ocr_line' id='line_1_7' title="bbox 598 662 2094 740; baseline 0.005 -23"><span class='ocrx_word' id='word_1_26' title='bbox 598 664 659 718; x_wconf 91' lang='grc' dir='ltr'>Β.</span> <span class='ocrx_word' id='word_1_27' title='bbox 719 663 969 717; x_wconf 82' lang='lat' dir='ltr'><strong>Omnino.</strong></span> <span class='ocrx_word' id='word_1_28' title='bbox 1019 662 1210 733; x_wconf 86' lang='lat' dir='ltr'><strong>Neque</strong></span> <span class='ocrx_word' id='word_1_29' title='bbox 1242 667 1385 723; x_wconf 84' lang='lat' dir='ltr'><strong>enim</strong></span> <span class='ocrx_word' id='word_1_30' title='bbox 1437 668 1607 723; x_wconf 84' lang='lat' dir='ltr'><strong>sacris</strong></span> <span class='ocrx_word' id='word_1_31' title='bbox 1658 668 1955 740; x_wconf 88' lang='lat' dir='ltr'><strong>Scripturis</strong></span> <span class='ocrx_word' id='word_1_32' title='bbox 2010 686 2094 724; x_wconf 85' lang='lat' dir='ltr'><strong>re-</strong></span> 
     </span>
    </p>
   </div>
   <div class='ocr_carea' id='block_1_8' title="bbox 527 767 843 821">
    <p class='ocr_par' dir='ltr' id='par_1_8' title="bbox 527 767 843 821">
     <span class='ocr_line' id='line_1_8' title="bbox 527 767 843 821; baseline 0 -18"><span class='ocrx_word' id='word_1_33' title='bbox 527 767 843 821; x_wconf 78' lang='lat' dir='ltr'><strong>pugnamus.</strong></span> 
     </span>
    </p>
   </div>
   <div class='ocr_carea' id='block_1_9' title="bbox 595 843 2090 911">
    <p class='ocr_par' dir='ltr' id='par_1_9' title="bbox 595 843 2090 911">
     <span class='ocr_line' id='line_1_9' title="bbox 595 843 2090 911; baseline 0.005 -18"><span class='ocrx_word' id='word_1_34' title='bbox 595 843 660 895; x_wconf 80' lang='grc' dir='ltr'><strong>Α.</strong></span> <span class='ocrx_word' id='word_1_35' title='bbox 687 843 754 896; x_wconf 85' lang='lat' dir='ltr'><strong>At</strong></span> <span class='ocrx_word' id='word_1_36' title='bbox 780 857 928 905; x_wconf 75' lang='lat' dir='ltr'><strong>vero,</strong></span> <span class='ocrx_word' id='word_1_37' title='bbox 954 843 1038 896; x_wconf 87' lang='lat' dir='ltr'><strong>dic</strong></span> <span class='ocrx_word' id='word_1_38' title='bbox 1064 844 1217 911; x_wconf 89' lang='lat' dir='ltr'><strong>mihi,</strong></span> <span class='ocrx_word' id='word_1_39' title='bbox 1239 846 1428 909; x_wconf 86' lang='lat' dir='ltr'><strong>amice,</strong></span> <span class='ocrx_word' id='word_1_40' title='bbox 1462 846 1590 901; x_wconf 88' lang='lat' dir='ltr'><strong>illud</strong></span> <span class='ocrx_word' id='word_1_41' title='bbox 1622 865 1641 900; x_wconf 81' lang='grc' dir='ltr'><strong>ι</strong></span> <span class='ocrx_word' id='word_1_42' title='bbox 1674 849 1789 903; x_wconf 88' lang='lat' dir='ltr'><strong>heri</strong></span> <span class='ocrx_word' id='word_1_43' title='bbox 1807 858 1858 903; x_wconf 86' lang='lat' dir='ltr'><strong>et</strong></span> <span class='ocrx_word' id='word_1_44' title='bbox 1884 849 2042 903; x_wconf 86' lang='lat' dir='ltr'><strong>hodie</strong></span> <span class='ocrx_word' id='word_1_45' title='bbox 2072 868 2090 901; x_wconf 77' lang='grc' dir='ltr'>ι</span> 
     </span>
    </p>
   </div>
   <div class='ocr_carea' id='block_1_10' title="bbox 527 934 2095 1008">
    <p class='ocr_par' dir='ltr' id='par_1_10' title="bbox 527 934 2095 1008">
     <span class='ocr_line' id='line_1_10' title="bbox 527 934 2095 1008; baseline 0.008 -28"><span class='ocrx_word' id='word_1_46' title='bbox 527 943 703 983; x_wconf 86' lang='lat' dir='ltr'><strong>nonne</strong></span> <span class='ocrx_word' id='word_1_47' title='bbox 760 944 995 998; x_wconf 63' lang='lat' dir='ltr'><strong>prasens</strong></span> <span class='ocrx_word' id='word_1_48' title='bbox 1040 941 1095 985; x_wconf 92' lang='lat' dir='ltr'><strong>et</strong></span> <span class='ocrx_word' id='word_1_49' title='bbox 1142 934 1253 1002; x_wconf 86' lang='lat' dir='ltr'><strong>jam</strong></span> <span class='ocrx_word' id='word_1_50' title='bbox 1291 936 1621 1002; x_wconf 60' lang='lat' dir='ltr'><strong>praeteritum</strong></span> <span class='ocrx_word' id='word_1_51' title='bbox 1673 939 2095 1008; x_wconf 72' lang='lat' dir='ltr'><strong>tempussigni-</strong></span> 
     </span>
    </p>
   </div>
   <div class='ocr_carea' id='block_1_11' title="bbox 526 1018 693 1072">
    <p class='ocr_par' dir='ltr' id='par_1_11' title="bbox 526 1018 693 1072">
     <span class='ocr_line' id='line_1_11' title="bbox 526 1018 693 1072; baseline 0 -1"><span class='ocrx_word' id='word_1_52' title='bbox 526 1018 693 1072; x_wconf 79' lang='lat' dir='ltr'><strong>ﬁcat?</strong></span> 
     </span>
    </p>
   </div>
   <div class='ocr_carea' id='block_1_12' title="bbox 594 1109 779 1165">
    <p class='ocr_par' dir='ltr' id='par_1_12' title="bbox 594 1109 779 1165">
     <span class='ocr_line' id='line_1_12' title="bbox 594 1109 779 1165; baseline 0.011 -2"><span class='ocrx_word' id='word_1_53' title='bbox 594 1110 653 1163; x_wconf 90' lang='lat' dir='ltr'><strong>B.</strong></span> <span class='ocrx_word' id='word_1_54' title='bbox 686 1109 779 1165; x_wconf 85' lang='lat' dir='ltr'><strong>Ita.</strong></span> 
     </span>
    </p>
   </div>
   <div class='ocr_carea' id='block_1_13' title="bbox 576 1202 2092 1279">
    <p class='ocr_par' dir='ltr' id='par_1_13' title="bbox 576 1202 2092 1279">
     <span class='ocr_line' id='line_1_13' title="bbox 576 1202 2092 1279; baseline 0.009 -24"><span class='ocrx_word' id='word_1_55' title='bbox 576 1202 988 1270; x_wconf 58' lang='lat' dir='ltr'><strong>&#39;A.~Quomod0</strong></span> <span class='ocrx_word' id='word_1_56' title='bbox 1042 1206 1207 1276; x_wconf 79' lang='lat' dir='ltr'><strong>igitur</strong></span> <span class='ocrx_word' id='word_1_57' title='bbox 1265 1206 1403 1261; x_wconf 85' lang='lat' dir='ltr'><strong>idem</strong></span> <span class='ocrx_word' id='word_1_58' title='bbox 1460 1208 1568 1263; x_wconf 90' lang='lat' dir='ltr'><strong>erit</strong></span> <span class='ocrx_word' id='word_1_59' title='bbox 1624 1226 1745 1263; x_wconf 88' lang='lat' dir='ltr'><strong>cum</strong></span> <span class='ocrx_word' id='word_1_60' title='bbox 1798 1213 2092 1279; x_wconf 66' lang='lat' dir='ltr'><strong>praeterito,</strong></span> 
     </span>
    </p>
   </div>
   <div class='ocr_carea' id='block_1_14' title="bbox 523 1295 1906 1356">
    <p class='ocr_par' dir='ltr' id='par_1_14' title="bbox 523 1295 1906 1356">
     <span class='ocr_line' id='line_1_14' title="bbox 523 1295 1906 1356; baseline 0.009 -13"><span class='ocrx_word' id='word_1_61' title='bbox 523 1295 734 1346; x_wconf 77' lang='lat' dir='ltr'><strong>tametsi</strong></span> <span class='ocrx_word' id='word_1_62' title='bbox 759 1295 992 1348; x_wconf 92' lang='lat' dir='ltr'><strong>nondum</strong></span> <span class='ocrx_word' id='word_1_63' title='bbox 1023 1298 1315 1351; x_wconf 87' lang='lat' dir='ltr'><strong>secundum</strong></span> <span class='ocrx_word' id='word_1_64' title='bbox 1357 1313 1572 1354; x_wconf 83' lang='lat' dir='ltr'><strong>carnem</strong></span> <span class='ocrx_word' id='word_1_65' title='bbox 1603 1310 1763 1354; x_wconf 85' lang='lat' dir='ltr'><strong>natus</strong></span> <span class='ocrx_word' id='word_1_66' title='bbox 1794 1302 1906 1356; x_wconf 86' lang='lat' dir='ltr'><strong>sit?</strong></span> 
     </span>
    </p>
   </div>
   <div class='ocr_carea' id='block_1_15' title="bbox 591 1376 2093 1458">
    <p class='ocr_par' dir='ltr' id='par_1_15' title="bbox 591 1376 2093 1458">
     <span class='ocr_line' id='line_1_15' title="bbox 591 1376 2093 1458; baseline 0.012 -29"><span class='ocrx_word' id='word_1_67' title='bbox 591 1376 653 1434; x_wconf 90' lang='grc' dir='ltr'><strong>Β.</strong></span> <span class='ocrx_word' id='word_1_68' title='bbox 684 1377 817 1445; x_wconf 91' lang='lat' dir='ltr'><strong>Quia</strong></span> <span class='ocrx_word' id='word_1_69' title='bbox 843 1392 958 1435; x_wconf 87' lang='lat' dir='ltr'><strong>erat</strong></span> <span class='ocrx_word' id='word_1_70' title='bbox 990 1381 1225 1437; x_wconf 86' lang='lat' dir='ltr'><strong>Verbum</strong></span> <span class='ocrx_word' id='word_1_71' title='bbox 1264 1386 1424 1438; x_wconf 84' lang='lat' dir='ltr'><strong>etiam</strong></span> <span class='ocrx_word' id='word_1_72' title='bbox 1467 1387 1519 1440; x_wconf 92' lang='lat' dir='ltr'><strong>in</strong></span> <span class='ocrx_word' id='word_1_73' title='bbox 1550 1389 1861 1458; x_wconf 65' lang='lat' dir='ltr'><strong>principio,</strong></span> <span class='ocrx_word' id='word_1_74' title='bbox 1885 1401 1938 1445; x_wconf 92' lang='lat' dir='ltr'><strong>et</strong></span> <span class='ocrx_word' id='word_1_75' title='bbox 1973 1402 2093 1447; x_wconf 91' lang='lat' dir='ltr'><strong>tan-</strong></span> 
     </span>
    </p>
   </div>
   <div class='ocr_carea' id='block_1_16' title="bbox 500 1478 2092 1543">
    <p class='ocr_par' dir='ltr' id='par_1_16' title="bbox 500 1478 2092 1543">
     <span class='ocr_line' id='line_1_16' title="bbox 500 1478 2092 1543; baseline 0.013 -24"><span class='ocrx_word' id='word_1_76' title='bbox 500 1483 681 1535; x_wconf 79' lang='lat' dir='ltr'><strong>quam</strong></span> <span class='ocrx_word' id='word_1_77' title='bbox 740 1485 807 1524; x_wconf 80' lang='lat' dir='ltr'><strong>ex</strong></span> <span class='ocrx_word' id='word_1_78' title='bbox 847 1483 1049 1527; x_wconf 66' lang='lat' dir='ltr'><strong>aeterno</strong></span> <span class='ocrx_word' id='word_1_79' title='bbox 1102 1484 1268 1543; x_wconf 89' lang='lat' dir='ltr'><strong>atque</strong></span> <span class='ocrx_word' id='word_1_80' title='bbox 1319 1478 1639 1534; x_wconf 86' lang='lat' dir='ltr'><strong>immutabili</strong></span> <span class='ocrx_word' id='word_1_81' title='bbox 1683 1480 1793 1536; x_wconf 84' lang='lat' dir='ltr'><strong>Deo</strong></span> <span class='ocrx_word' id='word_1_82' title='bbox 1825 1497 1889 1536; x_wconf 89' lang='lat' dir='ltr'><strong>ac</strong></span> <span class='ocrx_word' id='word_1_83' title='bbox 1935 1481 2092 1540; x_wconf 87' lang='lat' dir='ltr'><strong>Patre</strong></span> 
     </span>
    </p>
   </div>
   <div class='ocr_carea' id='block_1_17' title="bbox 522 1561 2086 1642">
    <p class='ocr_par' dir='ltr' id='par_1_17' title="bbox 522 1561 2086 1642">
     <span class='ocr_line' id='line_1_17' title="bbox 522 1561 2086 1642; baseline 0.013 -32"><span class='ocrx_word' id='word_1_84' title='bbox 522 1561 836 1626; x_wconf 74' lang='lat' dir='ltr'><strong>procedens,</strong></span> <span class='ocrx_word' id='word_1_85' title='bbox 891 1566 1248 1621; x_wconf 68' lang='lat' dir='ltr'><strong>aeternitatem</strong></span> <span class='ocrx_word' id='word_1_86' title='bbox 1296 1583 1511 1640; x_wconf 89' lang='lat' dir='ltr'><strong>quoque</strong></span> <span class='ocrx_word' id='word_1_87' title='bbox 1540 1582 1700 1642; x_wconf 86' lang='lat' dir='ltr'><strong>atque</strong></span> <span class='ocrx_word' id='word_1_88' title='bbox 1730 1574 2086 1631; x_wconf 82' lang='lat' dir='ltr'><strong>immutabili-</strong></span> 
     </span>
    </p>
   </div>
   <div class='ocr_carea' id='block_1_18' title="bbox 520 1652 1069 1709">
    <p class='ocr_par' dir='ltr' id='par_1_18' title="bbox 520 1652 1069 1709">
     <span class='ocr_line' id='line_1_18' title="bbox 520 1652 1069 1709; baseline 0.013 -7"><span class='ocrx_word' id='word_1_89' title='bbox 520 1661 682 1705; x_wconf 83' lang='lat' dir='ltr'><strong>tatem</strong></span> <span class='ocrx_word' id='word_1_90' title='bbox 721 1652 772 1705; x_wconf 91' lang='lat' dir='ltr'><strong>in</strong></span> <span class='ocrx_word' id='word_1_91' title='bbox 802 1668 861 1707; x_wconf 85' lang='lat' dir='ltr'><strong>se</strong></span> <span class='ocrx_word' id='word_1_92' title='bbox 889 1655 1069 1709; x_wconf 78' lang='lat' dir='ltr'><strong>habet.</strong></span> 
     </span>
    </p>
   </div>
   <div class='ocr_carea' id='block_1_19' title="bbox 588 1744 2085 1822">
    <p class='ocr_par' dir='ltr' id='par_1_19' title="bbox 588 1744 2085 1822">
     <span class='ocr_line' id='line_1_19' title="bbox 588 1744 2085 1822; baseline 0.012 -26"><span class='ocrx_word' id='word_1_93' title='bbox 588 1744 652 1796; x_wconf 82' lang='grc' dir='ltr'><strong>Α.</strong></span> <span class='ocrx_word' id='word_1_94' title='bbox 720 1744 905 1799; x_wconf 87' lang='lat' dir='ltr'><strong>Laudo</strong></span> <span class='ocrx_word' id='word_1_95' title='bbox 964 1756 1109 1802; x_wconf 89' lang='lat' dir='ltr'><strong>tuam</strong></span> <span class='ocrx_word' id='word_1_96' title='bbox 1165 1754 1541 1822; x_wconf 89' lang='lat' dir='ltr'><strong>sententiam;</strong></span> <span class='ocrx_word' id='word_1_97' title='bbox 1587 1758 1887 1813; x_wconf 80' lang='lat' dir='ltr'><strong>rectissima</strong></span> <span class='ocrx_word' id='word_1_98' title='bbox 1943 1762 2085 1817; x_wconf 86' lang='lat' dir='ltr'><strong>enim</strong></span> 
     </span>
    </p>
   </div>
   <div class='ocr_carea' id='block_1_20' title="bbox 517 1833 1603 1904">
    <p class='ocr_par' dir='ltr' id='par_1_20' title="bbox 517 1833 1603 1904">
     <span class='ocr_line' id='line_1_20' title="bbox 517 1833 1603 1904; baseline 0.017 -19"><span class='ocrx_word' id='word_1_99' title='bbox 517 1844 619 1887; x_wconf 84' lang='lat' dir='ltr'><strong>est.</strong></span> <span class='ocrx_word' id='word_1_100' title='bbox 651 1833 917 1890; x_wconf 64' lang='lat' dir='ltr'><strong>Caeterum</strong></span> <span class='ocrx_word' id='word_1_101' title='bbox 946 1838 1046 1893; x_wconf 73' lang='lat' dir='ltr'><strong>hoc</strong></span> <span class='ocrx_word' id='word_1_102' title='bbox 1074 1842 1235 1897; x_wconf 86' lang='lat' dir='ltr'><strong>etiam</strong></span> <span class='ocrx_word' id='word_1_103' title='bbox 1266 1844 1395 1898; x_wconf 90' lang='lat' dir='ltr'><strong>mihi</strong></span> <span class='ocrx_word' id='word_1_104' title='bbox 1433 1845 1603 1904; x_wconf 85' lang='lat' dir='ltr'><strong>dicas.</strong></span> 
     </span>
    </p>
   </div>
   <div class='ocr_carea' id='block_1_21' title="bbox 589 2012 997 2079">
    <p class='ocr_par' dir='ltr' id='par_1_21' title="bbox 589 2012 997 2079">
     <span class='ocr_line' id='line_1_21' title="bbox 589 2012 997 2079; baseline 0.012 -14"><span class='ocrx_word' id='word_1_105' title='bbox 589 2012 649 2066; x_wconf 87' lang='grc' dir='ltr'><strong>Β.</strong></span> <span class='ocrx_word' id='word_1_106' title='bbox 683 2014 945 2079; x_wconf 84' lang='lat' dir='ltr'><strong>Quidnam</strong></span> <span class='ocrx_word' id='word_1_107' title='bbox 973 2017 997 2070; x_wconf 88' lang='lat'><strong>?</strong></span> 
     </span>
    </p>
   </div>
   <div class='ocr_carea' id='block_1_22' title="bbox 586 2104 2085 2180">
    <p class='ocr_par' dir='ltr' id='par_1_22' title="bbox 586 2104 2085 2180">
     <span class='ocr_line' id='line_1_22' title="bbox 586 2104 2085 2180; baseline 0.015 -22"><span class='ocrx_word' id='word_1_108' title='bbox 586 2108 653 2159; x_wconf 81' lang='grc' dir='ltr'><strong>Α.</strong></span> <span class='ocrx_word' id='word_1_109' title='bbox 704 2104 891 2163; x_wconf 84' lang='lat' dir='ltr'><strong>Nonne</strong></span> <span class='ocrx_word' id='word_1_110' title='bbox 948 2125 1136 2166; x_wconf 86' lang='lat' dir='ltr'><strong>recens</strong></span> <span class='ocrx_word' id='word_1_111' title='bbox 1182 2117 1468 2171; x_wconf 85' lang='lat' dir='ltr'><strong>admodum</strong></span> <span class='ocrx_word' id='word_1_112' title='bbox 1522 2130 1605 2175; x_wconf 85' lang='lat' dir='ltr'><strong>est</strong></span> <span class='ocrx_word' id='word_1_113' title='bbox 1668 2138 1864 2177; x_wconf 86' lang='lat' dir='ltr'><strong>nomen</strong></span> <span class='ocrx_word' id='word_1_114' title='bbox 1929 2123 2085 2180; x_wconf 70' lang='lat' dir='ltr'><strong>Iesus</strong></span> 
     </span>
    </p>
   </div>
   <div class='ocr_carea' id='block_1_23' title="bbox 514 2196 2084 2284">
    <p class='ocr_par' dir='ltr' id='par_1_23' title="bbox 514 2196 2084 2284">
     <span class='ocr_line' id='line_1_23' title="bbox 514 2196 2084 2284; baseline 0.017 -37"><span class='ocrx_word' id='word_1_115' title='bbox 514 2196 780 2265; x_wconf 79' lang='lat' dir='ltr'><strong>Christus,</strong></span> <span class='ocrx_word' id='word_1_116' title='bbox 834 2210 994 2269; x_wconf 85' lang='lat' dir='ltr'><strong>atque</strong></span> <span class='ocrx_word' id='word_1_117' title='bbox 1046 2208 1161 2272; x_wconf 90' lang='lat' dir='ltr'><strong>ipso</strong></span> <span class='ocrx_word' id='word_1_118' title='bbox 1211 2207 1596 2266; x_wconf 84' lang='lat' dir='ltr'><strong>incarnationis</strong></span> <span class='ocrx_word' id='word_1_119' title='bbox 1639 2223 1877 2284; x_wconf 88' lang='lat' dir='ltr'><strong>tempore</strong></span> <span class='ocrx_word' id='word_1_120' title='bbox 1908 2216 2084 2272; x_wconf 87' lang='lat' dir='ltr'><strong>Verbo</strong></span> 
     </span>
    </p>
   </div>
   <div class='ocr_carea' id='block_1_24' title="bbox 515 2287 793 2344">
    <p class='ocr_par' dir='ltr' id='par_1_24' title="bbox 515 2287 793 2344">
     <span class='ocr_line' id='line_1_24' title="bbox 515 2287 793 2344; baseline 0.011 -3"><span class='ocrx_word' id='word_1_121' title='bbox 515 2287 743 2342; x_wconf 72' lang='lat' dir='ltr'><strong>i&#39;uditum‘</strong></span> <span class='ocrx_word' id='word_1_122' title='bbox 770 2291 793 2344; x_wconf 88' lang='lat'><strong>?</strong></span> 
     </span>
    </p>
   </div>
   <div class='ocr_carea' id='block_1_25' title="bbox 582 2378 2083 2465">
    <p class='ocr_par' dir='ltr' id='par_1_25' title="bbox 582 2378 2083 2465">
     <span class='ocr_line' id='line_1_25' title="bbox 582 2378 2083 2465; baseline 0.017 -33"><span class='ocrx_word' id='word_1_123' title='bbox 582 2378 643 2432; x_wconf 87' lang='grc' dir='ltr'><strong>Β.</strong></span> <span class='ocrx_word' id='word_1_124' title='bbox 705 2380 817 2437; x_wconf 85' lang='lat' dir='ltr'><strong>Hoc</strong></span> <span class='ocrx_word' id='word_1_125' title='bbox 873 2396 1019 2441; x_wconf 88' lang='lat' dir='ltr'><strong>certe</strong></span> <span class='ocrx_word' id='word_1_126' title='bbox 1067 2392 1478 2458; x_wconf 86' lang='lat' dir='ltr'><strong>quamplurimis</strong></span> <span class='ocrx_word' id='word_1_127' title='bbox 1528 2383 1864 2465; x_wconf 75' lang='lat' dir='ltr'><strong>argumentis</strong></span> <span class='ocrx_word' id='word_1_128' title='bbox 1928 2403 2083 2457; x_wconf 87' lang='lat' dir='ltr'><strong>nobis</strong></span> 
     </span>
    </p>
   </div>
   <div class='ocr_carea' id='block_1_26' title="bbox 511 2481 931 2529">
    <p class='ocr_par' dir='ltr' id='par_1_26' title="bbox 511 2481 931 2529">
     <span class='ocr_line' id='line_1_26' title="bbox 511 2481 931 2529; baseline 0.014 -6"><span class='ocrx_word' id='word_1_129' title='bbox 511 2481 786 2525; x_wconf 80' lang='lat' dir='ltr'><strong>cstensum</strong></span> <span class='ocrx_word' id='word_1_130' title='bbox 828 2487 931 2529; x_wconf 73' lang='lat' dir='ltr'><strong>CSl.</strong></span> 
     </span>
    </p>
   </div>
   <div class='ocr_carea' id='block_1_27' title="bbox 581 2584 2083 2671">
    <p class='ocr_par' dir='ltr' id='par_1_27' title="bbox 581 2584 2083 2671">
     <span class='ocr_line' id='line_1_27' title="bbox 581 2584 2083 2671; baseline 0.017 -35"><span class='ocrx_word' id='word_1_131' title='bbox 581 2585 649 2639; x_wconf 81' lang='grc' dir='ltr'><strong>Α.</strong></span> <span class='ocrx_word' id='word_1_132' title='bbox 700 2584 957 2658; x_wconf 76' lang='lat' dir='ltr'><strong>lntelligis</strong></span> <span class='ocrx_word' id='word_1_133' title='bbox 1021 2591 1201 2661; x_wconf 86' lang='lat' dir='ltr'><strong>itaque</strong></span> <span class='ocrx_word' id='word_1_134' title='bbox 1258 2597 1397 2662; x_wconf 87' lang='lat' dir='ltr'><strong>quod</strong></span> <span class='ocrx_word' id='word_1_135' title='bbox 1447 2597 1721 2654; x_wconf 86' lang='lat' dir='ltr'><strong>Christum</strong></span> <span class='ocrx_word' id='word_1_136' title='bbox 1776 2602 1981 2671; x_wconf 83' lang='lat' dir='ltr'><strong>Jesum,</strong></span> <span class='ocrx_word' id='word_1_137' title='bbox 2028 2620 2083 2661; x_wconf 87' lang='lat' dir='ltr'><strong>et</strong></span> 
     </span>
    </p>
   </div>
   <div class='ocr_carea' id='block_1_28' title="bbox 511 2678 2082 2754">
    <p class='ocr_par' dir='ltr' id='par_1_28' title="bbox 511 2678 2082 2754">
     <span class='ocr_line' id='line_1_28' title="bbox 511 2678 2082 2754; baseline 0.017 -27"><span class='ocrx_word' id='word_1_138' title='bbox 511 2692 614 2729; x_wconf 90' lang='lat' dir='ltr'><strong>non</strong></span> <span class='ocrx_word' id='word_1_139' title='bbox 651 2678 968 2747; x_wconf 82' lang='lat' dir='ltr'><strong>simpliciter</strong></span> <span class='ocrx_word' id='word_1_140' title='bbox 992 2682 1223 2738; x_wconf 79' lang='lat' dir='ltr'><strong>Verbum</strong></span> <span class='ocrx_word' id='word_1_141' title='bbox 1251 2688 1363 2741; x_wconf 77' lang='lat' dir='ltr'><strong>beri</strong></span> <span class='ocrx_word' id='word_1_142' title='bbox 1415 2700 1467 2743; x_wconf 90' lang='lat' dir='ltr'><strong>et</strong></span> <span class='ocrx_word' id='word_1_143' title='bbox 1505 2692 1663 2745; x_wconf 80' lang='lat' dir='ltr'><strong>hodie</strong></span> <span class='ocrx_word' id='word_1_144' title='bbox 1688 2697 1935 2751; x_wconf 89' lang='lat' dir='ltr'><strong>eumdem</strong></span> <span class='ocrx_word' id='word_1_145' title='bbox 1963 2714 2082 2754; x_wconf 77' lang='lat' dir='ltr'><strong>esse</strong></span> 
     </span>
    </p>
   </div>
   <div class='ocr_carea' id='block_1_29' title="bbox 509 2764 2083 2844">
    <p class='ocr_par' dir='ltr' id='par_1_29' title="bbox 509 2764 2083 2844">
     <span class='ocr_line' id='line_1_29' title="bbox 509 2764 2083 2844; baseline 0.018 -28"><span class='ocrx_word' id='word_1_146' title='bbox 509 2764 672 2829; x_wconf 85' lang='lat' dir='ltr'><strong>dicat,</strong></span> <span class='ocrx_word' id='word_1_147' title='bbox 708 2780 759 2822; x_wconf 90' lang='lat' dir='ltr'><strong>et</strong></span> <span class='ocrx_word' id='word_1_148' title='bbox 790 2770 841 2822; x_wconf 90' lang='lat' dir='ltr'><strong>in</strong></span> <span class='ocrx_word' id='word_1_149' title='bbox 878 2774 1092 2831; x_wconf 64' lang='lat' dir='ltr'><strong>saecula.</strong></span> <span class='ocrx_word' id='word_1_150' title='bbox 1131 2773 1248 2840; x_wconf 90' lang='lat' dir='ltr'><strong>Quo</strong></span> <span class='ocrx_word' id='word_1_151' title='bbox 1282 2788 1436 2844; x_wconf 90' lang='lat' dir='ltr'><strong>pacto</strong></span> <span class='ocrx_word' id='word_1_152' title='bbox 1469 2792 1646 2836; x_wconf 87' lang='lat' dir='ltr'><strong>autem</strong></span> <span class='ocrx_word' id='word_1_153' title='bbox 1706 2785 1776 2839; x_wconf 86' lang='lat' dir='ltr'><strong>sit</strong></span> <span class='ocrx_word' id='word_1_154' title='bbox 1832 2788 2083 2844; x_wconf 87' lang='lat' dir='ltr'><strong>immuta-</strong></span> 
     </span>
    </p>
   </div>
   <div class='ocr_carea' id='block_1_30' title="bbox 512 2854 2082 2941">
    <p class='ocr_par' dir='ltr' id='par_1_30' title="bbox 512 2854 2082 2941">
     <span class='ocr_line' id='line_1_30' title="bbox 512 2854 2082 2941; baseline 0.018 -34"><span class='ocrx_word' id='word_1_155' title='bbox 512 2854 655 2922; x_wconf 88' lang='lat' dir='ltr'><strong>bilis,</strong></span> <span class='ocrx_word' id='word_1_156' title='bbox 691 2870 742 2912; x_wconf 92' lang='lat' dir='ltr'><strong>et</strong></span> <span class='ocrx_word' id='word_1_157' title='bbox 772 2861 824 2914; x_wconf 89' lang='lat' dir='ltr'><strong>in</strong></span> <span class='ocrx_word' id='word_1_158' title='bbox 863 2865 1048 2917; x_wconf 88' lang='lat' dir='ltr'><strong>eodem</strong></span> <span class='ocrx_word' id='word_1_159' title='bbox 1072 2881 1286 2935; x_wconf 89' lang='lat' dir='ltr'><strong>semper</strong></span> <span class='ocrx_word' id='word_1_160' title='bbox 1317 2878 1459 2924; x_wconf 91' lang='lat' dir='ltr'><strong>statu</strong></span> <span class='ocrx_word' id='word_1_161' title='bbox 1509 2888 1821 2941; x_wconf 85' lang='lat' dir='ltr'><strong>permaneat</strong></span> <span class='ocrx_word' id='word_1_162' title='bbox 1849 2880 2082 2936; x_wconf 90' lang='lat' dir='ltr'><strong>hominis</strong></span> 
     </span>
    </p>
   </div>
   <div class='ocr_carea' id='block_1_31' title="bbox 511 2956 2079 3041">
    <p class='ocr_par' dir='ltr' id='par_1_31' title="bbox 511 2956 2079 3041">
     <span class='ocr_line' id='line_1_31' title="bbox 511 2956 2079 3041; baseline 0.02 -45"><span class='ocrx_word' id='word_1_163' title='bbox 511 2958 724 3014; x_wconf 84' lang='lat' dir='ltr'><strong>natura,</strong></span> <span class='ocrx_word' id='word_1_164' title='bbox 790 2968 909 3004; x_wconf 88' lang='lat' dir='ltr'><strong>cum</strong></span> <span class='ocrx_word' id='word_1_165' title='bbox 956 2956 1158 3023; x_wconf 79' lang='lat' dir='ltr'><strong>alioqui</strong></span> <span class='ocrx_word' id='word_1_166' title='bbox 1206 2969 1407 3014; x_wconf 89' lang='lat' dir='ltr'><strong>motum</strong></span> <span class='ocrx_word' id='word_1_167' title='bbox 1444 2966 1731 3035; x_wconf 88' lang='lat' dir='ltr'><strong>sustineat,</strong></span> <span class='ocrx_word' id='word_1_168' title='bbox 1782 2972 2079 3041; x_wconf 88' lang='lat' dir='ltr'><strong>etquidem</strong></span> 
     </span>
    </p>
   </div>
   <div class='ocr_carea' id='block_1_32' title="bbox 508 3037 2080 3117">
    <p class='ocr_par' dir='ltr' id='par_1_32' title="bbox 508 3037 2080 3117">
     <span class='ocr_line' id='line_1_32' title="bbox 508 3037 2080 3117; baseline 0.022 -33"><span class='ocrx_word' id='word_1_169' title='bbox 508 3049 617 3102; x_wconf 66' lang='lat' dir='ltr'><strong>prae</strong></span> <span class='ocrx_word' id='word_1_170' title='bbox 655 3037 774 3092; x_wconf 87' lang='lat' dir='ltr'><strong>aliis</strong></span> <span class='ocrx_word' id='word_1_171' title='bbox 801 3055 921 3093; x_wconf 88' lang='lat' dir='ltr'><strong>eum</strong></span> <span class='ocrx_word' id='word_1_172' title='bbox 951 3045 1041 3112; x_wconf 87' lang='lat' dir='ltr'><strong>qui</strong></span> <span class='ocrx_word' id='word_1_173' title='bbox 1076 3045 1135 3098; x_wconf 82' lang='lat' dir='ltr'><strong>(it</strong></span> <span class='ocrx_word' id='word_1_174' title='bbox 1160 3061 1188 3098; x_wconf 94' lang='lat' dir='ltr'><strong>a</strong></span> <span class='ocrx_word' id='word_1_175' title='bbox 1218 3063 1321 3101; x_wconf 91' lang='lat' dir='ltr'><strong>non</strong></span> <span class='ocrx_word' id='word_1_176' title='bbox 1348 3064 1470 3105; x_wconf 87' lang='lat' dir='ltr'><strong>esse</strong></span> <span class='ocrx_word' id='word_1_177' title='bbox 1511 3059 1577 3107; x_wconf 90' lang='lat' dir='ltr'><strong>ad</strong></span> <span class='ocrx_word' id='word_1_178' title='bbox 1613 3070 1733 3111; x_wconf 84' lang='lat' dir='ltr'><strong>esse</strong></span> <span class='ocrx_word' id='word_1_179' title='bbox 1760 3074 1823 3113; x_wconf 90' lang='lat' dir='ltr'><strong>ac</strong></span> <span class='ocrx_word' id='word_1_180' title='bbox 1847 3037 2030 3117; x_wconf 82' lang='lat' dir='ltr'><strong>vivere</strong></span> <span class='ocrx_word' id='word_1_181' title='bbox 2057 3063 2080 3116; x_wconf 87' lang='lat'><strong>?</strong></span> 
     </span>
    </p>
   </div>
   <div class='ocr_carea' id='block_1_33' title="bbox 2270 649 3761 727">
    <p class='ocr_par' dir='ltr' id='par_1_33' title="bbox 2270 649 3761 727">
     <span class='ocr_line' id='line_1_33' title="bbox 2270 649 3761 727; baseline -0.006 -18"><span class='ocrx_word' id='word_1_182' title='bbox 2270 659 2330 710; x_wconf 89' lang='grc' dir='ltr'><strong>Β.</strong></span> <span class='ocrx_word' id='word_1_183' title='bbox 2363 656 2490 712; x_wconf 85' lang='grc' dir='ltr'>Ναί.</span> <span class='ocrx_word' id='word_1_184' title='bbox 2521 657 2652 719; x_wconf 81' lang='grc' dir='ltr'><strong>Ταῖς</strong></span> <span class='ocrx_word' id='word_1_185' title='bbox 2684 656 2790 727; x_wconf 81' lang='grc' dir='ltr'>γάρ</span> <span class='ocrx_word' id='word_1_186' title='bbox 2824 673 2905 708; x_wconf 89' lang='grc' dir='ltr'><strong>τοι</strong></span> <span class='ocrx_word' id='word_1_187' title='bbox 2936 653 3111 717; x_wconf 82' lang='grc' dir='ltr'><strong>θείαις</strong></span> <span class='ocrx_word' id='word_1_188' title='bbox 3148 649 3617 721; x_wconf 76' lang='grc' dir='ltr'>οὒκ-ἀντεροῦμεν</span> <span class='ocrx_word' id='word_1_189' title='bbox 3636 649 3761 719; x_wconf 71' lang='grc' dir='ltr'><strong>Γριι⁹</strong></span> 
     </span>
    </p>
   </div>
   <div class='ocr_carea' id='block_1_34' title="bbox 2199 764 2342 815">
    <p class='ocr_par' dir='ltr' id='par_1_34' title="bbox 2199 764 2342 815">
     <span class='ocr_line' id='line_1_34' title="bbox 2199 764 2342 815; baseline 0.028 -18"><span class='ocrx_word' id='word_1_190' title='bbox 2199 764 2342 815; x_wconf 80' lang='grc' dir='ltr'>(ραις.</span> 
     </span>
    </p>
   </div>
   <div class='ocr_carea' id='block_1_35' title="bbox 2266 834 3770 911">
    <p class='ocr_par' dir='ltr' id='par_1_35' title="bbox 2266 834 3770 911">
     <span class='ocr_line' id='line_1_35' title="bbox 2266 834 3770 911; baseline -0.005 -21"><span class='ocrx_word' id='word_1_191' title='bbox 2266 839 2333 897; x_wconf 74' lang='grc' dir='ltr'><strong>Δ.</strong></span> <span class='ocrx_word' id='word_1_192' title='bbox 2361 838 2433 891; x_wconf 82' lang='grc' dir='ltr'><strong>Τὸ</strong></span> <span class='ocrx_word' id='word_1_193' title='bbox 2460 839 2517 893; x_wconf 86' lang='grc' dir='ltr'><strong>δὲ</strong></span> <span class='ocrx_word' id='word_1_194' title='bbox 2545 838 2609 911; x_wconf 83' lang='grc' dir='ltr'><strong>δὴ</strong></span> <span class='ocrx_word' id='word_1_195' title='bbox 2642 839 2789 909; x_wconf 82' lang='grc' dir='ltr'><strong>χθὲς,</strong></span> <span class='ocrx_word' id='word_1_196' title='bbox 2833 839 2955 891; x_wconf 79' lang='grc' dir='ltr'>εἰπέ</span> <span class='ocrx_word' id='word_1_197' title='bbox 2988 855 3097 908; x_wconf 84' lang='grc' dir='ltr'>μοι,</span> <span class='ocrx_word' id='word_1_198' title='bbox 3143 836 3238 891; x_wconf 85' lang='lat' dir='ltr'><strong>xui</strong></span> <span class='ocrx_word' id='word_1_199' title='bbox 3282 836 3543 905; x_wconf 80' lang='grc' dir='ltr'><strong>τήμερον,</strong></span> <span class='ocrx_word' id='word_1_200' title='bbox 3588 834 3770 901; x_wconf 67' lang='grc' dir='ltr'>καιρὸν</span> 
     </span>
    </p>
   </div>
   <div class='ocr_carea' id='block_1_36' title="bbox 2196 924 3769 1003">
    <p class='ocr_par' dir='ltr' id='par_1_36' title="bbox 2196 924 3769 1003">
     <span class='ocr_line' id='line_1_36' title="bbox 2196 924 3769 1003; baseline -0.007 -18"><span class='ocrx_word' id='word_1_201' title='bbox 2196 933 2348 1000; x_wconf 73' lang='grc' dir='ltr'>ἡμῖν,</span> <span class='ocrx_word' id='word_1_202' title='bbox 2383 924 2429 983; x_wconf 80' lang='grc' dir='ltr'><strong>ὦ</strong></span> <span class='ocrx_word' id='word_1_203' title='bbox 2459 931 2702 1003; x_wconf 83' lang='grc' dir='ltr'><strong>φιλότης,</strong></span> <span class='ocrx_word' id='word_1_204' title='bbox 2730 932 2850 1001; x_wconf 79' lang='grc' dir='ltr'><strong>οὐχὶ</strong></span> <span class='ocrx_word' id='word_1_205' title='bbox 2892 931 2981 983; x_wconf 83' lang='grc' dir='ltr'>τὸν</span> <span class='ocrx_word' id='word_1_206' title='bbox 3020 931 3347 1000; x_wconf 71' lang='grc' dir='ltr'>ἑνεστήκοτα</span> <span class='ocrx_word' id='word_1_207' title='bbox 3388 928 3484 986; x_wconf 78' lang='lat' dir='ltr'><strong>xui</strong></span> <span class='ocrx_word' id='word_1_208' title='bbox 3532 925 3627 978; x_wconf 84' lang='grc' dir='ltr'>τὸν</span> <span class='ocrx_word' id='word_1_209' title='bbox 3673 924 3769 994; x_wconf 65' lang='grc' dir='ltr'><strong>ήδη</strong></span> 
     </span>
    </p>
   </div>
   <div class='ocr_carea' id='block_1_37' title="bbox 2198 1022 3162 1094">
    <p class='ocr_par' dir='ltr' id='par_1_37' title="bbox 2198 1022 3162 1094">
     <span class='ocr_line' id='line_1_37' title="bbox 2198 1022 3162 1094; baseline -0.001 -19"><span class='ocrx_word' id='word_1_210' title='bbox 2198 1022 2563 1093; x_wconf 79' lang='grc' dir='ltr'><strong>παρῳχηκότα</strong></span> <span class='ocrx_word' id='word_1_211' title='bbox 2591 1023 3034 1094; x_wconf 78' lang='grc' dir='ltr'>κατασημήνειαν</span> <span class='ocrx_word' id='word_1_212' title='bbox 3062 1022 3162 1086; x_wconf 71' lang='grc' dir='ltr'><strong>ἀνί</strong></span> 
     </span>
    </p>
   </div>
   <div class='ocr_carea' id='block_1_38' title="bbox 2266 1115 2526 1184">
    <p class='ocr_par' dir='ltr' id='par_1_38' title="bbox 2266 1115 2526 1184">
     <span class='ocr_line' id='line_1_38' title="bbox 2266 1115 2526 1184; baseline 0.023 -19"><span class='ocrx_word' id='word_1_213' title='bbox 2266 1115 2326 1168; x_wconf 90' lang='grc' dir='ltr'>Β.</span> <span class='ocrx_word' id='word_1_214' title='bbox 2361 1115 2526 1184; x_wconf 82' lang='grc' dir='ltr'>Φημί.</span> 
     </span>
    </p>
   </div>
   <div class='ocr_carea' id='block_1_39' title="bbox 2264 1201 3767 1274">
    <p class='ocr_par' dir='ltr' id='par_1_39' title="bbox 2264 1201 3767 1274">
     <span class='ocr_line' id='line_1_39' title="bbox 2264 1201 3767 1274; baseline -0.004 -15"><span class='ocrx_word' id='word_1_215' title='bbox 2264 1206 2331 1259; x_wconf 79' lang='grc' dir='ltr'><strong>Α.</strong></span> <span class='ocrx_word' id='word_1_216' title='bbox 2369 1206 2491 1269; x_wconf 82' lang='grc' dir='ltr'><strong>Πῶς</strong></span> <span class='ocrx_word' id='word_1_217' title='bbox 2514 1202 2605 1259; x_wconf 81' lang='grc' dir='ltr'>οὖν</span> <span class='ocrx_word' id='word_1_218' title='bbox 2632 1207 2661 1259; x_wconf 99' lang='lat'><strong>6</strong></span> <span class='ocrx_word' id='word_1_219' title='bbox 2681 1205 2841 1268; x_wconf 78' lang='grc' dir='ltr'>αὐτὸς</span> <span class='ocrx_word' id='word_1_220' title='bbox 2862 1205 2947 1274; x_wconf 80' lang='grc' dir='ltr'><strong>εἴη</strong></span> <span class='ocrx_word' id='word_1_221' title='bbox 2978 1203 3045 1257; x_wconf 81' lang='grc' dir='ltr'>ἂν</span> <span class='ocrx_word' id='word_1_222' title='bbox 3072 1202 3152 1266; x_wconf 76' lang='grc' dir='ltr'><strong>εἷς</strong></span> <span class='ocrx_word' id='word_1_223' title='bbox 3180 1218 3244 1269; x_wconf 84' lang='grc' dir='ltr'>γε</span> <span class='ocrx_word' id='word_1_224' title='bbox 3270 1201 3359 1263; x_wconf 72' lang='grc' dir='ltr'>τὸν</span> <span class='ocrx_word' id='word_1_225' title='bbox 3375 1202 3767 1272; x_wconf 76' lang='grc' dir='ltr'>παρῳχηκότα,</span> 
     </span>
    </p>
   </div>
   <div class='ocr_carea' id='block_1_40' title="bbox 2195 1293 3564 1366">
    <p class='ocr_par' dir='ltr' id='par_1_40' title="bbox 2195 1293 3564 1366">
     <span class='ocr_line' id='line_1_40' title="bbox 2195 1293 3564 1366; baseline -0.004 -16"><span class='ocrx_word' id='word_1_226' title='bbox 2195 1297 2373 1350; x_wconf 84' lang='grc' dir='ltr'>καίτοι</span> <span class='ocrx_word' id='word_1_227' title='bbox 2398 1297 2608 1365; x_wconf 84' lang='grc' dir='ltr'>γένεσιν</span> <span class='ocrx_word' id='word_1_228' title='bbox 2634 1296 2785 1350; x_wconf 72' lang='grc' dir='ltr'>οὔπω</span> <span class='ocrx_word' id='word_1_229' title='bbox 2820 1296 2916 1366; x_wconf 79' lang='grc' dir='ltr'>τὴν</span> <span class='ocrx_word' id='word_1_230' title='bbox 2954 1294 3094 1348; x_wconf 85' lang='grc' dir='ltr'>κατὰ</span> <span class='ocrx_word' id='word_1_231' title='bbox 3131 1294 3309 1363; x_wconf 82' lang='grc' dir='ltr'><strong>σάρκα</strong></span> <span class='ocrx_word' id='word_1_232' title='bbox 3339 1293 3521 1346; x_wconf 82' lang='grc' dir='ltr'>λαϐὼν</span> <span class='ocrx_word' id='word_1_233' title='bbox 3549 1312 3564 1359; x_wconf 91' lang='grc'><strong>;</strong></span> 
     </span>
    </p>
   </div>
   <div class='ocr_carea' id='block_1_41' title="bbox 2265 1382 3770 1457">
    <p class='ocr_par' dir='ltr' id='par_1_41' title="bbox 2265 1382 3770 1457">
     <span class='ocr_line' id='line_1_41' title="bbox 2265 1382 3770 1457; baseline -0.004 -16"><span class='ocrx_word' id='word_1_234' title='bbox 2265 1387 2325 1441; x_wconf 84' lang='grc' dir='ltr'>Β.</span> <span class='ocrx_word' id='word_1_235' title='bbox 2354 1387 2475 1439; x_wconf 81' lang='grc' dir='ltr'><strong>’Ότι</strong></span> <span class='ocrx_word' id='word_1_236' title='bbox 2501 1382 2567 1457; x_wconf 81' lang='grc' dir='ltr'>ἦν</span> <span class='ocrx_word' id='word_1_237' title='bbox 2588 1388 2615 1439; x_wconf 87' lang='lat'><strong>6</strong></span> <span class='ocrx_word' id='word_1_238' title='bbox 2641 1386 2810 1455; x_wconf 84' lang='grc' dir='ltr'><strong>Λόγος</strong></span> <span class='ocrx_word' id='word_1_239' title='bbox 2835 1386 2929 1439; x_wconf 86' lang='lat' dir='ltr'><strong>xui</strong></span> <span class='ocrx_word' id='word_1_240' title='bbox 2975 1387 3032 1438; x_wconf 85' lang='grc' dir='ltr'>ὲν</span> <span class='ocrx_word' id='word_1_241' title='bbox 3072 1387 3235 1455; x_wconf 84' lang='grc' dir='ltr'>ἀρχῇ,</span> <span class='ocrx_word' id='word_1_242' title='bbox 3273 1384 3365 1437; x_wconf 87' lang='lat' dir='ltr'><strong>xui</strong></span> <span class='ocrx_word' id='word_1_243' title='bbox 3396 1384 3473 1448; x_wconf 81' lang='grc' dir='ltr'><strong>ὡς</strong></span> <span class='ocrx_word' id='word_1_244' title='bbox 3511 1384 3575 1449; x_wconf 81' lang='grc' dir='ltr'><strong>ἐξ</strong></span> <span class='ocrx_word' id='word_1_245' title='bbox 3602 1383 3770 1436; x_wconf 79' lang='grc' dir='ltr'><strong>ἀϊδίου</strong></span> 
     </span>
    </p>
   </div>
   <div class='ocr_carea' id='block_1_42' title="bbox 2194 1475 3773 1549">
    <p class='ocr_par' dir='ltr' id='par_1_42' title="bbox 2194 1475 3773 1549">
     <span class='ocr_line' id='line_1_42' title="bbox 2194 1475 3773 1549; baseline -0.004 -17"><span class='ocrx_word' id='word_1_246' title='bbox 2194 1479 2286 1532; x_wconf 87' lang='lat' dir='ltr'><strong>xui</strong></span> <span class='ocrx_word' id='word_1_247' title='bbox 2311 1479 2581 1549; x_wconf 85' lang='grc' dir='ltr'>ἀτρέπτου</span> <span class='ocrx_word' id='word_1_248' title='bbox 2606 1477 2860 1548; x_wconf 79' lang='grc' dir='ltr'>πεφηνὼς</span> <span class='ocrx_word' id='word_1_249' title='bbox 2891 1475 2985 1530; x_wconf 83' lang='grc' dir='ltr'>τοῦ</span> <span class='ocrx_word' id='word_1_250' title='bbox 3006 1476 3141 1529; x_wconf 77' lang='grc' dir='ltr'>Θεοῦ</span> <span class='ocrx_word' id='word_1_251' title='bbox 3156 1477 3250 1528; x_wconf 85' lang='lat' dir='ltr'><strong>xui</strong></span> <span class='ocrx_word' id='word_1_252' title='bbox 3269 1476 3503 1546; x_wconf 75' lang='grc' dir='ltr'>Πατρὺς,</span> <span class='ocrx_word' id='word_1_253' title='bbox 3536 1476 3649 1545; x_wconf 74' lang='grc' dir='ltr'><strong>ἔχει</strong></span> <span class='ocrx_word' id='word_1_254' title='bbox 3681 1476 3773 1527; x_wconf 77' lang='lat' dir='ltr'><strong>xui</strong></span> 
     </span>
    </p>
   </div>
   <div class='ocr_carea' id='block_1_43' title="bbox 2196 1566 3671 1638">
    <p class='ocr_par' dir='ltr' id='par_1_43' title="bbox 2196 1566 3671 1638">
     <span class='ocr_line' id='line_1_43' title="bbox 2196 1566 3671 1638; baseline -0.001 -15"><span class='ocrx_word' id='word_1_255' title='bbox 2196 1568 2358 1631; x_wconf 84' lang='grc' dir='ltr'>αὐτὸς</span> <span class='ocrx_word' id='word_1_256' title='bbox 2384 1569 2459 1632; x_wconf 84' lang='grc' dir='ltr'><strong>ὡς</strong></span> <span class='ocrx_word' id='word_1_257' title='bbox 2482 1570 2537 1621; x_wconf 77' lang='grc' dir='ltr'>ὲν</span> <span class='ocrx_word' id='word_1_258' title='bbox 2570 1568 2677 1638; x_wconf 70' lang='grc' dir='ltr'>ἰδίᾳ.</span> <span class='ocrx_word' id='word_1_259' title='bbox 2702 1566 2859 1637; x_wconf 89' lang='grc' dir='ltr'>φύσει</span> <span class='ocrx_word' id='word_1_260' title='bbox 2890 1567 2949 1619; x_wconf 86' lang='grc' dir='ltr'>τὸ</span> <span class='ocrx_word' id='word_1_261' title='bbox 2966 1566 3134 1620; x_wconf 78' lang='grc' dir='ltr'>ἀΐδιόν</span> <span class='ocrx_word' id='word_1_262' title='bbox 3160 1582 3217 1619; x_wconf 87' lang='grc' dir='ltr'><strong>τε</strong></span> <span class='ocrx_word' id='word_1_263' title='bbox 3253 1566 3350 1621; x_wconf 82' lang='grc' dir='ltr'><strong>καὶ</strong></span> <span class='ocrx_word' id='word_1_264' title='bbox 3369 1567 3671 1638; x_wconf 79' lang='grc' dir='ltr'><strong>ἄτρεπτον.</strong></span> 
     </span>
    </p>
   </div>
   <div class='ocr_carea' id='block_1_44' title="bbox 2261 1758 3769 1836">
    <p class='ocr_par' dir='ltr' id='par_1_44' title="bbox 2261 1758 3769 1836">
     <span class='ocr_line' id='line_1_44' title="bbox 2261 1758 3769 1836; baseline 0 -17"><span class='ocrx_word' id='word_1_265' title='bbox 2261 1767 2325 1819; x_wconf 83' lang='grc' dir='ltr'><strong>Α.</strong></span> <span class='ocrx_word' id='word_1_266' title='bbox 2374 1765 2610 1819; x_wconf 82' lang='grc' dir='ltr'>Ἐπαινῶ</span> <span class='ocrx_word' id='word_1_267' title='bbox 2649 1765 2750 1836; x_wconf 82' lang='grc' dir='ltr'>τὴν</span> <span class='ocrx_word' id='word_1_268' title='bbox 2793 1762 2968 1827; x_wconf 82' lang='grc' dir='ltr'>δόξαν·</span> <span class='ocrx_word' id='word_1_269' title='bbox 3023 1763 3136 1833; x_wconf 79' lang='grc' dir='ltr'><strong>ἔχει</strong></span> <span class='ocrx_word' id='word_1_270' title='bbox 3183 1765 3291 1835; x_wconf 82' lang='grc' dir='ltr'>γὰρ</span> <span class='ocrx_word' id='word_1_271' title='bbox 3320 1758 3448 1826; x_wconf 81' lang='grc' dir='ltr'>ὦδε,</span> <span class='ocrx_word' id='word_1_272' title='bbox 3502 1768 3603 1820; x_wconf 78' lang='grc' dir='ltr'><strong>καὶ</strong></span> <span class='ocrx_word' id='word_1_273' title='bbox 3654 1768 3769 1821; x_wconf 81' lang='grc' dir='ltr'>λίαν</span> 
     </span>
    </p>
   </div>
   <div class='ocr_carea' id='block_1_45' title="bbox 2190 1850 3768 1930">
    <p class='ocr_par' dir='ltr' id='par_1_45' title="bbox 2190 1850 3768 1930">
     <span class='ocr_line' id='line_1_45' title="bbox 2190 1850 3768 1930; baseline 0.001 -19"><span class='ocrx_word' id='word_1_274' title='bbox 2190 1858 2385 1930; x_wconf 81' lang='grc' dir='ltr'><strong>ὀρθῶς·</strong></span> <span class='ocrx_word' id='word_1_275' title='bbox 2422 1854 2865 1927; x_wconf 78' lang='grc' dir='ltr'>φιλοπευστοῦντι</span> <span class='ocrx_word' id='word_1_276' title='bbox 2904 1855 2949 1908; x_wconf 88' lang='grc' dir='ltr'><strong>δ’</strong></span> <span class='ocrx_word' id='word_1_277' title='bbox 2981 1850 3073 1908; x_wconf 82' lang='grc' dir='ltr'><strong>οὖν</strong></span> <span class='ocrx_word' id='word_1_278' title='bbox 3111 1856 3258 1926; x_wconf 85' lang='grc' dir='ltr'>ὅμως</span> <span class='ocrx_word' id='word_1_279' title='bbox 3314 1859 3556 1929; x_wconf 80' lang='grc' dir='ltr'>φράσαις</span> <span class='ocrx_word' id='word_1_280' title='bbox 3588 1861 3679 1923; x_wconf 80' lang='grc' dir='ltr'>ἂν,</span> <span class='ocrx_word' id='word_1_281' title='bbox 3728 1857 3768 1913; x_wconf 76' lang='grc' dir='ltr'><strong>ὦ</strong></span> 
     </span>
    </p>
   </div>
   <div class='ocr_carea' id='block_1_46' title="bbox 2190 1949 2383 2017">
    <p class='ocr_par' dir='ltr' id='par_1_46' title="bbox 2190 1949 2383 2017">
     <span class='ocr_line' id='line_1_46' title="bbox 2190 1949 2383 2017; baseline 0 -14"><span class='ocrx_word' id='word_1_282' title='bbox 2190 1949 2383 2017; x_wconf 76' lang='grc' dir='ltr'><strong>ἀγαθέ.</strong></span> 
     </span>
    </p>
   </div>
   <div class='ocr_carea' id='block_1_47' title="bbox 2261 2037 2540 2103">
    <p class='ocr_par' dir='ltr' id='par_1_47' title="bbox 2261 2037 2540 2103">
     <span class='ocr_line' id='line_1_47' title="bbox 2261 2037 2540 2103; baseline -0.004 -12"><span class='ocrx_word' id='word_1_283' title='bbox 2261 2039 2321 2091; x_wconf 86' lang='grc' dir='ltr'>Β.</span> <span class='ocrx_word' id='word_1_284' title='bbox 2353 2037 2426 2090; x_wconf 81' lang='grc' dir='ltr'><strong>Τὸ</strong></span> <span class='ocrx_word' id='word_1_285' title='bbox 2452 2038 2540 2103; x_wconf 87' lang='grc' dir='ltr'><strong>τί,</strong></span> 
     </span>
    </p>
   </div>
   <div class='ocr_carea' id='block_1_48' title="bbox 2260 2125 3760 2206">
    <p class='ocr_par' dir='ltr' id='par_1_48' title="bbox 2260 2125 3760 2206">
     <span class='ocr_line' id='line_1_48' title="bbox 2260 2125 3760 2206; baseline 0.001 -22"><span class='ocrx_word' id='word_1_286' title='bbox 2260 2131 2323 2184; x_wconf 79' lang='grc' dir='ltr'><strong>Α.</strong></span> <span class='ocrx_word' id='word_1_287' title='bbox 2350 2125 2426 2182; x_wconf 82' lang='grc' dir='ltr'>Ἦ</span> <span class='ocrx_word' id='word_1_288' title='bbox 2463 2131 2583 2201; x_wconf 77' lang='grc' dir='ltr'><strong>οὐχὶ</strong></span> <span class='ocrx_word' id='word_1_289' title='bbox 2620 2131 2885 2187; x_wconf 82' lang='grc' dir='ltr'><strong>νεώτατον</strong></span> <span class='ocrx_word' id='word_1_290' title='bbox 2923 2135 3139 2206; x_wconf 85' lang='grc' dir='ltr'>κομιδῇ,</span> <span class='ocrx_word' id='word_1_291' title='bbox 3184 2134 3275 2187; x_wconf 85' lang='lat' dir='ltr'><strong>xui</strong></span> <span class='ocrx_word' id='word_1_292' title='bbox 3312 2135 3427 2196; x_wconf 74' lang='grc' dir='ltr'>τοῖς</span> <span class='ocrx_word' id='word_1_293' title='bbox 3470 2132 3578 2203; x_wconf 82' lang='grc' dir='ltr'><strong>τῆς</strong></span> <span class='ocrx_word' id='word_1_294' title='bbox 3612 2134 3760 2188; x_wconf 60' lang='grc' dir='ltr'>ἔναν-</span> 
     </span>
    </p>
   </div>
   <div class='ocr_carea' id='block_1_49' title="bbox 2191 2222 3763 2297">
    <p class='ocr_par' dir='ltr' id='par_1_49' title="bbox 2191 2222 3763 2297">
     <span class='ocr_line' id='line_1_49' title="bbox 2191 2222 3763 2297; baseline 0.004 -23"><span class='ocrx_word' id='word_1_295' title='bbox 2191 2222 2527 2295; x_wconf 78' lang='grc' dir='ltr'>θρωπήσεως</span> <span class='ocrx_word' id='word_1_296' title='bbox 2557 2225 2768 2294; x_wconf 79' lang='grc' dir='ltr'><strong>χρόνοις</strong></span> <span class='ocrx_word' id='word_1_297' title='bbox 2792 2226 3227 2297; x_wconf 79' lang='grc' dir='ltr'>συνδεδραμηκδς</span> <span class='ocrx_word' id='word_1_298' title='bbox 3270 2226 3442 2297; x_wconf 71' lang='grc' dir='ltr'>ὄνομα</span> <span class='ocrx_word' id='word_1_299' title='bbox 3476 2226 3558 2296; x_wconf 79' lang='grc' dir='ltr'>τῷ</span> <span class='ocrx_word' id='word_1_300' title='bbox 3586 2226 3763 2296; x_wconf 79' lang='grc' dir='ltr'>Λόγῳ,</span> 
     </span>
    </p>
   </div>
   <div class='ocr_carea' id='block_1_50' title="bbox 2187 2314 2823 2386">
    <p class='ocr_par' dir='ltr' id='par_1_50' title="bbox 2187 2314 2823 2386">
     <span class='ocr_line' id='line_1_50' title="bbox 2187 2314 2823 2386; baseline 0.003 -19"><span class='ocrx_word' id='word_1_301' title='bbox 2187 2314 2270 2376; x_wconf 84' lang='grc' dir='ltr'>τὸ,</span> <span class='ocrx_word' id='word_1_302' title='bbox 2314 2314 2519 2385; x_wconf 82' lang='grc' dir='ltr'><strong>Ἰησοῦς</strong></span> <span class='ocrx_word' id='word_1_303' title='bbox 2556 2316 2789 2386; x_wconf 84' lang='grc' dir='ltr'>Χριστός</span> <span class='ocrx_word' id='word_1_304' title='bbox 2807 2334 2823 2382; x_wconf 90' lang='lat'><strong>;</strong></span> 
     </span>
    </p>
   </div>
   <div class='ocr_carea' id='block_1_51' title="bbox 2264 2405 3765 2478">
    <p class='ocr_par' dir='ltr' id='par_1_51' title="bbox 2264 2405 3765 2478">
     <span class='ocr_line' id='line_1_51' title="bbox 2264 2405 3765 2478; baseline 0.002 -22"><span class='ocrx_word' id='word_1_305' title='bbox 2264 2405 2319 2460; x_wconf 89' lang='grc' dir='ltr'>Β.</span> <span class='ocrx_word' id='word_1_306' title='bbox 2376 2406 2488 2459; x_wconf 75' lang='grc' dir='ltr'><strong>Καὶ</strong></span> <span class='ocrx_word' id='word_1_307' title='bbox 2551 2405 2657 2475; x_wconf 79' lang='grc' dir='ltr'>μὴν</span> <span class='ocrx_word' id='word_1_308' title='bbox 2741 2406 2899 2460; x_wconf 82' lang='grc' dir='ltr'>τοῦτο</span> <span class='ocrx_word' id='word_1_309' title='bbox 2962 2409 3093 2478; x_wconf 85' lang='grc' dir='ltr'><strong>ήμῖν</strong></span> <span class='ocrx_word' id='word_1_310' title='bbox 3143 2407 3232 2460; x_wconf 81' lang='grc' dir='ltr'><strong>διὰ</strong></span> <span class='ocrx_word' id='word_1_311' title='bbox 3294 2407 3568 2460; x_wconf 78' lang='grc' dir='ltr'>πλείστων</span> <span class='ocrx_word' id='word_1_312' title='bbox 3627 2408 3765 2461; x_wconf 75' lang='grc' dir='ltr'>ὅσων</span> 
     </span>
    </p>
   </div>
   <div class='ocr_carea' id='block_1_52' title="bbox 2189 2496 2427 2569">
    <p class='ocr_par' dir='ltr' id='par_1_52' title="bbox 2189 2496 2427 2569">
     <span class='ocr_line' id='line_1_52' title="bbox 2189 2496 2427 2569; baseline 0.008 -21"><span class='ocrx_word' id='word_1_313' title='bbox 2189 2496 2427 2569; x_wconf 76' lang='grc' dir='ltr'><strong>ἐδείχθη.</strong></span> 
     </span>
    </p>
   </div>
   <div class='ocr_carea' id='block_1_53' title="bbox 2260 2610 3761 2687">
    <p class='ocr_par' dir='ltr' id='par_1_53' title="bbox 2260 2610 3761 2687">
     <span class='ocr_line' id='line_1_53' title="bbox 2260 2610 3761 2687; baseline 0.003 -24"><span class='ocrx_word' id='word_1_314' title='bbox 2260 2612 2326 2665; x_wconf 83' lang='grc' dir='ltr'><strong>Α.</strong></span> <span class='ocrx_word' id='word_1_315' title='bbox 2358 2612 2523 2676; x_wconf 85' lang='grc' dir='ltr'>Σύνες</span> <span class='ocrx_word' id='word_1_316' title='bbox 2553 2610 2665 2676; x_wconf 77' lang='grc' dir='ltr'>οὖν,</span> <span class='ocrx_word' id='word_1_317' title='bbox 2696 2614 2779 2666; x_wconf 88' lang='grc' dir='ltr'><strong>ὄτι</strong></span> <span class='ocrx_word' id='word_1_318' title='bbox 2806 2614 3041 2683; x_wconf 81' lang='grc' dir='ltr'>Χριστὸν</span> <span class='ocrx_word' id='word_1_319' title='bbox 3084 2612 3291 2687; x_wconf 58' lang='grc' dir='ltr'>Ἰησοῦν</span> <span class='ocrx_word' id='word_1_320' title='bbox 3318 2614 3415 2667; x_wconf 80' lang='grc' dir='ltr'><strong>καὶ</strong></span> <span class='ocrx_word' id='word_1_321' title='bbox 3443 2615 3505 2667; x_wconf 79' lang='grc' dir='ltr'>οὐ</span> <span class='ocrx_word' id='word_1_322' title='bbox 3554 2632 3761 2685; x_wconf 86' lang='grc' dir='ltr'>μονοει-</span> 
     </span>
    </p>
   </div>
   <div class='ocr_carea' id='block_1_54' title="bbox 2188 2701 3761 2777">
    <p class='ocr_par' dir='ltr' id='par_1_54' title="bbox 2188 2701 3761 2777">
     <span class='ocr_line' id='line_1_54' title="bbox 2188 2701 3761 2777; baseline 0.001 -22"><span class='ocrx_word' id='word_1_323' title='bbox 2188 2702 2293 2765; x_wconf 84' lang='grc' dir='ltr'><strong>δῶς</strong></span> <span class='ocrx_word' id='word_1_324' title='bbox 2316 2702 2406 2756; x_wconf 84' lang='grc' dir='ltr'>τὸν</span> <span class='ocrx_word' id='word_1_325' title='bbox 2433 2704 2605 2772; x_wconf 87' lang='grc' dir='ltr'><strong>Λόγον</strong></span> <span class='ocrx_word' id='word_1_326' title='bbox 2636 2704 2762 2774; x_wconf 80' lang='grc' dir='ltr'><strong>χθές</strong></span> <span class='ocrx_word' id='word_1_327' title='bbox 2813 2721 2873 2757; x_wconf 90' lang='grc' dir='ltr'><strong>τε</strong></span> <span class='ocrx_word' id='word_1_328' title='bbox 2911 2705 3007 2765; x_wconf 60' lang='grc' dir='ltr'><strong>καὶ</strong></span> <span class='ocrx_word' id='word_1_329' title='bbox 3044 2707 3285 2777; x_wconf 79' lang='grc' dir='ltr'><strong>σήμερον</strong></span> <span class='ocrx_word' id='word_1_330' title='bbox 3320 2705 3409 2758; x_wconf 83' lang='grc' dir='ltr'>τὸν</span> <span class='ocrx_word' id='word_1_331' title='bbox 3438 2705 3608 2758; x_wconf 73' lang='grc' dir='ltr'>αὐτὸν</span> <span class='ocrx_word' id='word_1_332' title='bbox 3629 2701 3761 2757; x_wconf 78' lang='grc' dir='ltr'>εἷναί</span> 
     </span>
    </p>
   </div>
   <div class='ocr_carea' id='block_1_55' title="bbox 2190 2798 3758 2869">
    <p class='ocr_par' dir='ltr' id='par_1_55' title="bbox 2190 2798 3758 2869">
     <span class='ocr_line' id='line_1_55' title="bbox 2190 2798 3758 2869; baseline 0 -19"><span class='ocrx_word' id='word_1_333' title='bbox 2190 2812 2340 2869; x_wconf 78' lang='grc' dir='ltr'>φησι,</span> <span class='ocrx_word' id='word_1_334' title='bbox 2372 2798 2726 2863; x_wconf 58' lang='grc' dir='ltr'><strong>καΥεῒς-’τοὺς</strong></span> <span class='ocrx_word' id='word_1_335' title='bbox 2750 2798 2971 2862; x_wconf 75' lang='grc' dir='ltr'>αἰῶνας.</span> <span class='ocrx_word' id='word_1_336' title='bbox 3014 2799 3137 2862; x_wconf 83' lang='grc' dir='ltr'><strong>Πῶς</strong></span> <span class='ocrx_word' id='word_1_337' title='bbox 3165 2799 3209 2851; x_wconf 78' lang='grc' dir='ltr'><strong>δ’</strong></span> <span class='ocrx_word' id='word_1_338' title='bbox 3238 2799 3306 2852; x_wconf 83' lang='grc' dir='ltr'>ἂν</span> <span class='ocrx_word' id='word_1_339' title='bbox 3344 2798 3458 2869; x_wconf 75' lang='grc' dir='ltr'><strong>ἔχοι</strong></span> <span class='ocrx_word' id='word_1_340' title='bbox 3502 2798 3567 2851; x_wconf 85' lang='grc' dir='ltr'>τὸ</span> <span class='ocrx_word' id='word_1_341' title='bbox 3606 2798 3758 2869; x_wconf 73' lang='grc' dir='ltr'>ἀτρε-</span> 
     </span>
    </p>
   </div>
   <div class='ocr_carea' id='block_1_56' title="bbox 2189 2890 3759 2962">
    <p class='ocr_par' dir='ltr' id='par_1_56' title="bbox 2189 2890 3759 2962">
     <span class='ocr_line' id='line_1_56' title="bbox 2189 2890 3759 2962; baseline 0.001 -20"><span class='ocrx_word' id='word_1_342' title='bbox 2189 2890 2323 2942; x_wconf 86' lang='grc' dir='ltr'>πτόν</span> <span class='ocrx_word' id='word_1_343' title='bbox 2346 2908 2406 2943; x_wconf 89' lang='grc' dir='ltr'><strong>τε</strong></span> <span class='ocrx_word' id='word_1_344' title='bbox 2439 2892 2533 2944; x_wconf 78' lang='grc' dir='ltr'><strong>καὶ</strong></span> <span class='ocrx_word' id='word_1_345' title='bbox 2555 2891 2652 2961; x_wconf 82' lang='grc' dir='ltr'>τὴν</span> <span class='ocrx_word' id='word_1_346' title='bbox 2682 2893 2740 2942; x_wconf 84' lang='grc' dir='ltr'>ὲν</span> <span class='ocrx_word' id='word_1_347' title='bbox 2772 2894 3059 2962; x_wconf 84' lang='grc' dir='ltr'>ταυτότητι</span> <span class='ocrx_word' id='word_1_348' title='bbox 3087 2891 3347 2962; x_wconf 84' lang='grc' dir='ltr'>διαμονὴν</span> <span class='ocrx_word' id='word_1_349' title='bbox 3395 2893 3430 2961; x_wconf 83' lang='grc' dir='ltr'>ἡ</span> <span class='ocrx_word' id='word_1_350' title='bbox 3468 2890 3759 2962; x_wconf 76' lang='grc' dir='ltr'>ἀνθρώπου</span> 
     </span>
    </p>
   </div>
   <div class='ocr_carea' id='block_1_57' title="bbox 2190 2981 3758 3051">
    <p class='ocr_par' dir='ltr' id='par_1_57' title="bbox 2190 2981 3758 3051">
     <span class='ocr_line' id='line_1_57' title="bbox 2190 2981 3758 3051; baseline -0.003 -16"><span class='ocrx_word' id='word_1_351' title='bbox 2190 2982 2350 3049; x_wconf 82' lang='grc' dir='ltr'><strong>φύσις</strong></span> <span class='ocrx_word' id='word_1_352' title='bbox 2378 3025 2392 3048; x_wconf 91' lang='grc'><strong>,</strong></span> <span class='ocrx_word' id='word_1_353' title='bbox 2437 2981 2615 3035; x_wconf 86' lang='grc' dir='ltr'>καίτοι</span> <span class='ocrx_word' id='word_1_354' title='bbox 2653 2981 2865 3051; x_wconf 85' lang='grc' dir='ltr'>κίνησιν</span> <span class='ocrx_word' id='word_1_355' title='bbox 2899 2981 3265 3051; x_wconf 79' lang='grc' dir='ltr'><strong>ὑπομένουσα,</strong></span> <span class='ocrx_word' id='word_1_356' title='bbox 3306 2982 3400 3033; x_wconf 91' lang='lat' dir='ltr'><strong>xui</strong></span> <span class='ocrx_word' id='word_1_357' title='bbox 3434 2982 3545 3051; x_wconf 87' lang='grc' dir='ltr'><strong>πρό</strong></span> <span class='ocrx_word' id='word_1_358' title='bbox 3566 2998 3631 3049; x_wconf 87' lang='grc' dir='ltr'>γε</span> <span class='ocrx_word' id='word_1_359' title='bbox 3660 2981 3758 3034; x_wconf 71' lang='grc' dir='ltr'><strong>τῶν</strong></span> 
     </span>
    </p>
   </div>
   <div class='ocr_carea' id='block_1_58' title="bbox 2188 3068 3597 3144">
    <p class='ocr_par' dir='ltr' id='par_1_58' title="bbox 2188 3068 3597 3144">
     <span class='ocr_line' id='line_1_58' title="bbox 2188 3068 3597 3144; baseline -0.001 -17"><span class='ocrx_word' id='word_1_360' title='bbox 2188 3074 2417 3139; x_wconf 79' lang='grc' dir='ltr'>άλλλων,</span> <span class='ocrx_word' id='word_1_361' title='bbox 2445 3073 2543 3144; x_wconf 85' lang='grc' dir='ltr'>τὴν</span> <span class='ocrx_word' id='word_1_362' title='bbox 2572 3071 2632 3137; x_wconf 78' lang='grc' dir='ltr'><strong>ἐξ</strong></span> <span class='ocrx_word' id='word_1_363' title='bbox 2662 3074 2761 3126; x_wconf 80' lang='grc' dir='ltr'><strong>οὐκ</strong></span> <span class='ocrx_word' id='word_1_364' title='bbox 2788 3072 2958 3127; x_wconf 81' lang='grc' dir='ltr'>όντων</span> <span class='ocrx_word' id='word_1_365' title='bbox 2986 3075 3066 3136; x_wconf 88' lang='grc' dir='ltr'>είς</span> <span class='ocrx_word' id='word_1_366' title='bbox 3088 3073 3148 3126; x_wconf 81' lang='grc' dir='ltr'>τὸ</span> <span class='ocrx_word' id='word_1_367' title='bbox 3169 3068 3308 3125; x_wconf 79' lang='grc' dir='ltr'>εῖναι</span> <span class='ocrx_word' id='word_1_368' title='bbox 3334 3072 3430 3125; x_wconf 87' lang='lat' dir='ltr'><strong>xui</strong></span> <span class='ocrx_word' id='word_1_369' title='bbox 3452 3072 3555 3143; x_wconf 71' lang='grc' dir='ltr'>ζῇν</span> <span class='ocrx_word' id='word_1_370' title='bbox 3582 3091 3597 3138; x_wconf 90' lang='lat'>;</span> 
     </span>
    </p>
   </div>
   <div class='ocr_carea' id='block_1_59' title="bbox 578 3144 2074 3256">
    <p class='ocr_par' dir='ltr' id='par_1_59' title="bbox 578 3144 2074 3240">
     <span class='ocr_line' id='line_1_59' title="bbox 578 3144 2074 3240; baseline 0.02 -42"><span class='ocrx_word' id='word_1_371' title='bbox 578 3144 639 3199; x_wconf 87' lang='grc' dir='ltr'>Β.</span> <span class='ocrx_word' id='word_1_372' title='bbox 696 3146 980 3205; x_wconf 82' lang='lat' dir='ltr'><strong>Aberravit</strong></span> <span class='ocrx_word' id='word_1_373' title='bbox 1022 3154 1199 3223; x_wconf 87' lang='lat' dir='ltr'><strong>itaque</strong></span> <span class='ocrx_word' id='word_1_374' title='bbox 1229 3173 1258 3209; x_wconf 94' lang='lat' dir='ltr'><strong>a</strong></span> <span class='ocrx_word' id='word_1_375' title='bbox 1298 3174 1425 3213; x_wconf 86' lang='lat' dir='ltr'><strong>vero</strong></span> <span class='ocrx_word' id='word_1_376' title='bbox 1473 3178 1628 3218; x_wconf 82' lang='lat' dir='ltr'><strong>sacra</strong></span> <span class='ocrx_word' id='word_1_377' title='bbox 1672 3166 1977 3240; x_wconf 85' lang='lat' dir='ltr'><strong>Scriptura,</strong></span> <span class='ocrx_word' id='word_1_378' title='bbox 2022 3185 2074 3230; x_wconf 89' lang='lat' dir='ltr'><strong>et</strong></span> 
     </span>
    </p>
   </div>
   <div class='ocr_carea' id='block_1_60' title="bbox 2201 3144 3758 3256">
    <p class='ocr_par' dir='ltr' id='par_1_60' title="bbox 2252 3179 3758 3256">
     <span class='ocr_line' id='line_1_60' title="bbox 2252 3179 3758 3256; baseline -0.002 -18"><span class='ocrx_word' id='word_1_379' title='bbox 2252 3188 2311 3239; x_wconf 89' lang='lat' dir='ltr'><strong>B.</strong></span> <span class='ocrx_word' id='word_1_380' title='bbox 2342 3186 2727 3256; x_wconf 85' lang='grc' dir='ltr'>Διημάρτηκεν</span> <span class='ocrx_word' id='word_1_381' title='bbox 2754 3179 2849 3237; x_wconf 79' lang='grc' dir='ltr'><strong>οὖν</strong></span> <span class='ocrx_word' id='word_1_382' title='bbox 2868 3184 2974 3253; x_wconf 81' lang='grc' dir='ltr'>ἄρα</span> <span class='ocrx_word' id='word_1_383' title='bbox 2990 3182 3254 3250; x_wconf 71' lang='grc' dir='ltr'><strong>τάληθοῦς</strong></span> <span class='ocrx_word' id='word_1_384' title='bbox 3273 3185 3407 3253; x_wconf 79' lang='grc' dir='ltr'>ἡμῖν</span> <span class='ocrx_word' id='word_1_385' title='bbox 3434 3184 3499 3236; x_wconf 79' lang='grc' dir='ltr'>τὸ</span> <span class='ocrx_word' id='word_1_386' title='bbox 3525 3184 3758 3255; x_wconf 76' lang='grc' dir='ltr'>Γράμμσ</span> 
     </span>
    </p>
   </div>
   <div class='ocr_carea' id='block_1_61' title="bbox 505 3238 1751 3315">
    <p class='ocr_par' dir='ltr' id='par_1_61' title="bbox 505 3238 1751 3315">
     <span class='ocr_line' id='line_1_61' title="bbox 505 3238 1751 3315; baseline 0.019 -27"><span class='ocrx_word' id='word_1_387' title='bbox 505 3238 596 3306; x_wconf 79' lang='lat' dir='ltr'><strong>qui</strong></span> <span class='ocrx_word' id='word_1_388' title='bbox 634 3238 792 3293; x_wconf 88' lang='lat' dir='ltr'><strong>hodie</strong></span> <span class='ocrx_word' id='word_1_389' title='bbox 824 3254 1049 3307; x_wconf 84' lang='lat' dir='ltr'><strong>nonest,</strong></span> <span class='ocrx_word' id='word_1_390' title='bbox 1084 3247 1234 3315; x_wconf 84' lang='lat' dir='ltr'><strong>prius</strong></span> <span class='ocrx_word' id='word_1_391' title='bbox 1267 3253 1541 3308; x_wconf 84' lang='lat' dir='ltr'><strong>exstitisse</strong></span> <span class='ocrx_word' id='word_1_392' title='bbox 1572 3258 1702 3312; x_wconf 87' lang='lat' dir='ltr'><strong>dicit</strong></span> <span class='ocrx_word' id='word_1_393' title='bbox 1729 3259 1751 3311; x_wconf 86' lang='lat'><strong>?</strong></span> 
     </span>
    </p>
   </div>
   <div class='ocr_carea' id='block_1_62' title="bbox 572 3326 2073 3422">
    <p class='ocr_par' dir='ltr' id='par_1_62' title="bbox 572 3326 2073 3422">
     <span class='ocr_line' id='line_1_62' title="bbox 572 3326 2073 3422; baseline 0.019 -43"><span class='ocrx_word' id='word_1_394' title='bbox 572 3328 637 3381; x_wconf 80' lang='grc' dir='ltr'><strong>Α.</strong></span> <span class='ocrx_word' id='word_1_395' title='bbox 674 3326 934 3397; x_wconf 85' lang='lat' dir='ltr'><strong>Equidem</strong></span> <span class='ocrx_word' id='word_1_396' title='bbox 976 3334 1026 3388; x_wconf 92' lang='lat' dir='ltr'><strong>id</strong></span> <span class='ocrx_word' id='word_1_397' title='bbox 1060 3350 1394 3407; x_wconf 86' lang='lat' dir='ltr'><strong>nequaquam</strong></span> <span class='ocrx_word' id='word_1_398' title='bbox 1420 3342 1671 3401; x_wconf 79' lang='lat' dir='ltr'><strong>dixerim.</strong></span> <span class='ocrx_word' id='word_1_399' title='bbox 1718 3348 1901 3422; x_wconf 77' lang='lat' dir='ltr'><strong>Longe</strong></span> <span class='ocrx_word' id='word_1_400' title='bbox 1929 3355 2073 3409; x_wconf 84' lang='lat' dir='ltr'><strong>enim</strong></span> 
     </span>
    </p>
   </div>
   <div class='ocr_carea' id='block_1_63' title="bbox 504 3418 2077 3502">
    <p class='ocr_par' dir='ltr' id='par_1_63' title="bbox 504 3418 2077 3502">
     <span class='ocr_line' id='line_1_63' title="bbox 504 3418 2077 3502; baseline 0.02 -33"><span class='ocrx_word' id='word_1_401' title='bbox 504 3422 676 3476; x_wconf 57' lang='lat' dir='ltr'><strong>abest.</strong></span> <span class='ocrx_word' id='word_1_402' title='bbox 715 3418 841 3473; x_wconf 85' lang='lat' dir='ltr'><strong>Heri</strong></span> <span class='ocrx_word' id='word_1_403' title='bbox 872 3432 925 3476; x_wconf 90' lang='lat' dir='ltr'><strong>et</strong></span> <span class='ocrx_word' id='word_1_404' title='bbox 971 3426 1127 3480; x_wconf 83' lang='lat' dir='ltr'><strong>hodie</strong></span> <span class='ocrx_word' id='word_1_405' title='bbox 1165 3429 1326 3494; x_wconf 89' lang='lat' dir='ltr'><strong>idem,</strong></span> <span class='ocrx_word' id='word_1_406' title='bbox 1390 3436 1519 3488; x_wconf 89' lang='lat' dir='ltr'><strong>etin</strong></span> <span class='ocrx_word' id='word_1_407' title='bbox 1569 3439 1764 3493; x_wconf 70' lang='lat' dir='ltr'><strong>stecula</strong></span> <span class='ocrx_word' id='word_1_408' title='bbox 1826 3418 2077 3502; x_wconf 66' lang='lat' dir='ltr'><strong>Christus</strong></span> 
     </span>
    </p>
   </div>
   <div class='ocr_carea' id='block_1_64' title="bbox 502 3510 2077 3591">
    <p class='ocr_par' dir='ltr' id='par_1_64' title="bbox 502 3510 2077 3591">
     <span class='ocr_line' id='line_1_64' title="bbox 502 3510 2077 3591; baseline 0.019 -29"><span class='ocrx_word' id='word_1_409' title='bbox 502 3510 675 3570; x_wconf 80' lang='lat' dir='ltr'><strong>Jesus.</strong></span> <span class='ocrx_word' id='word_1_410' title='bbox 747 3510 910 3570; x_wconf 82' lang='lat' dir='ltr'><strong>Verbi</strong></span> <span class='ocrx_word' id='word_1_411' title='bbox 936 3526 1115 3571; x_wconf 85' lang='lat' dir='ltr'><strong>autem</strong></span> <span class='ocrx_word' id='word_1_412' title='bbox 1173 3523 1549 3591; x_wconf 81' lang='lat' dir='ltr'><strong>antiquitatem</strong></span> <span class='ocrx_word' id='word_1_413' title='bbox 1621 3540 1675 3583; x_wconf 91' lang='lat' dir='ltr'><strong>et</strong></span> <span class='ocrx_word' id='word_1_414' title='bbox 1732 3532 2077 3591; x_wconf 85' lang='lat' dir='ltr'><strong>immutabili-</strong></span> 
     </span>
    </p>
   </div>
   <div class='ocr_carea' id='block_1_65' title="bbox 506 3608 2075 3680">
    <p class='ocr_par' dir='ltr' id='par_1_65' title="bbox 506 3608 2075 3680">
     <span class='ocr_line' id='line_1_65' title="bbox 506 3608 2075 3680; baseline 0.018 -30"><span class='ocrx_word' id='word_1_415' title='bbox 506 3608 666 3653; x_wconf 85' lang='lat' dir='ltr'><strong>tatem</strong></span> <span class='ocrx_word' id='word_1_416' title='bbox 712 3616 1048 3673; x_wconf 89' lang='lat' dir='ltr'><strong>nequaquam</strong></span> <span class='ocrx_word' id='word_1_417' title='bbox 1107 3613 1438 3678; x_wconf 74' lang='lat' dir='ltr'><strong>negaverim,</strong></span> <span class='ocrx_word' id='word_1_418' title='bbox 1498 3618 1711 3672; x_wconf 79' lang='lat' dir='ltr'><strong>tametsi</strong></span> <span class='ocrx_word' id='word_1_419' title='bbox 1750 3618 1949 3677; x_wconf 82' lang='lat' dir='ltr'><strong>factum</strong></span> <span class='ocrx_word' id='word_1_420' title='bbox 2002 3625 2075 3680; x_wconf 86' lang='lat' dir='ltr'><strong>sit</strong></span> 
     </span>
    </p>
   </div>
   <div class='ocr_carea' id='block_1_66' title="bbox 502 3696 2070 3770">
    <p class='ocr_par' dir='ltr' id='par_1_66' title="bbox 502 3696 2070 3770">
     <span class='ocr_line' id='line_1_66' title="bbox 502 3696 2070 3770; baseline 0.017 -26"><span class='ocrx_word' id='word_1_421' title='bbox 502 3706 630 3744; x_wconf 88' lang='lat' dir='ltr'><strong>caro</strong></span> <span class='ocrx_word' id='word_1_422' title='bbox 664 3709 677 3744; x_wconf 93' lang='lat'>:</span> <span class='ocrx_word' id='word_1_423' title='bbox 706 3699 760 3744; x_wconf 85' lang='lat' dir='ltr'><strong>at</strong></span> <span class='ocrx_word' id='word_1_424' title='bbox 822 3696 1003 3761; x_wconf 91' lang='lat' dir='ltr'><strong>potius</strong></span> <span class='ocrx_word' id='word_1_425' title='bbox 1063 3703 1365 3756; x_wconf 88' lang='lat' dir='ltr'><strong>censuerim</strong></span> <span class='ocrx_word' id='word_1_426' title='bbox 1414 3706 1618 3761; x_wconf 89' lang='lat' dir='ltr'><strong>ratione</strong></span> <span class='ocrx_word' id='word_1_427' title='bbox 1679 3712 1899 3767; x_wconf 88' lang='lat' dir='ltr'><strong>unitatis</strong></span> <span class='ocrx_word' id='word_1_428' title='bbox 1948 3732 2070 3770; x_wconf 88' lang='lat' dir='ltr'><strong>cmn</strong></span> 
     </span>
    </p>
   </div>
   <div class='ocr_carea' id='block_1_67' title="bbox 501 3784 2073 3877">
    <p class='ocr_par' dir='ltr' id='par_1_67' title="bbox 501 3784 2073 3877">
     <span class='ocr_line' id='line_1_67' title="bbox 501 3784 2073 3877; baseline 0.018 -44"><span class='ocrx_word' id='word_1_429' title='bbox 501 3784 715 3851; x_wconf 78' lang='lat' dir='ltr'><strong>pwpria</strong></span> <span class='ocrx_word' id='word_1_430' title='bbox 767 3802 861 3839; x_wconf 82' lang='lat' dir='ltr'><strong>sua</strong></span> <span class='ocrx_word' id='word_1_431' title='bbox 921 3803 1103 3854; x_wconf 79' lang='lat' dir='ltr'><strong>carne,</strong></span> <span class='ocrx_word' id='word_1_432' title='bbox 1160 3808 1282 3845; x_wconf 89' lang='lat' dir='ltr'><strong>eum</strong></span> <span class='ocrx_word' id='word_1_433' title='bbox 1315 3795 1405 3861; x_wconf 88' lang='lat' dir='ltr'><strong>qui</strong></span> <span class='ocrx_word' id='word_1_434' title='bbox 1463 3797 1578 3850; x_wconf 87' lang='lat' dir='ltr'><strong>heri</strong></span> <span class='ocrx_word' id='word_1_435' title='bbox 1618 3810 1756 3866; x_wconf 89' lang='lat' dir='ltr'><strong>erat,</strong></span> <span class='ocrx_word' id='word_1_436' title='bbox 1806 3814 2073 3877; x_wconf 86' lang='lat' dir='ltr'><strong>anteaque</strong></span> 
     </span>
    </p>
   </div>
   <div class='ocr_carea' id='block_1_68' title="bbox 501 3875 2071 3956">
    <p class='ocr_par' dir='ltr' id='par_1_68' title="bbox 501 3875 2071 3956">
     <span class='ocr_line' id='line_1_68' title="bbox 501 3875 2071 3956; baseline 0.017 -30"><span class='ocrx_word' id='word_1_437' title='bbox 501 3875 819 3943; x_wconf 68' lang='lat' dir='ltr'><strong>exsistebat,</strong></span> <span class='ocrx_word' id='word_1_438' title='bbox 877 3894 1064 3934; x_wconf 88' lang='lat' dir='ltr'><strong>rursus</strong></span> <span class='ocrx_word' id='word_1_439' title='bbox 1111 3884 1375 3939; x_wconf 88' lang='lat' dir='ltr'><strong>declarari</strong></span> <span class='ocrx_word' id='word_1_440' title='bbox 1442 3900 1603 3956; x_wconf 90' lang='lat' dir='ltr'><strong>atque</strong></span> <span class='ocrx_word' id='word_1_441' title='bbox 1652 3896 1860 3949; x_wconf 89' lang='lat' dir='ltr'><strong>ostendi</strong></span> <span class='ocrx_word' id='word_1_442' title='bbox 1912 3875 2071 3952; x_wconf 84' lang='lat' dir='ltr'><strong>eum-</strong></span> 
     </span>
    </p>
   </div>
   <div class='ocr_carea' id='block_1_69' title="bbox 501 3968 2072 4052">
    <p class='ocr_par' dir='ltr' id='par_1_69' title="bbox 501 3968 2072 4052">
     <span class='ocr_line' id='line_1_69' title="bbox 501 3968 2072 4052; baseline 0.018 -33"><span class='ocrx_word' id='word_1_443' title='bbox 501 3968 643 4020; x_wconf 91' lang='lat' dir='ltr'><strong>dem.</strong></span> <span class='ocrx_word' id='word_1_444' title='bbox 698 3969 906 4025; x_wconf 82' lang='lat' dir='ltr'><strong>Idcirco</strong></span> <span class='ocrx_word' id='word_1_445' title='bbox 956 3976 1185 4029; x_wconf 85' lang='lat' dir='ltr'><strong>oderant</strong></span> <span class='ocrx_word' id='word_1_446' title='bbox 1237 3979 1383 4031; x_wconf 93' lang='lat' dir='ltr'><strong>illum</strong></span> <span class='ocrx_word' id='word_1_447' title='bbox 1437 3990 1491 4035; x_wconf 90' lang='lat' dir='ltr'><strong>et</strong></span> <span class='ocrx_word' id='word_1_448' title='bbox 1530 3983 1794 4052; x_wconf 88' lang='lat' dir='ltr'><strong>lapidibus</strong></span> <span class='ocrx_word' id='word_1_449' title='bbox 1836 3988 2072 4047; x_wconf 89' lang='lat' dir='ltr'><strong>obruere</strong></span> 
     </span>
    </p>
   </div>
   <div class='ocr_carea' id='block_1_70' title="bbox 500 4058 2068 4143">
    <p class='ocr_par' dir='ltr' id='par_1_70' title="bbox 500 4058 2068 4143">
     <span class='ocr_line' id='line_1_70' title="bbox 500 4058 2068 4143; baseline 0.022 -35"><span class='ocrx_word' id='word_1_450' title='bbox 500 4058 747 4113; x_wconf 69' lang='lat' dir='ltr'><strong>volebant</strong></span> <span class='ocrx_word' id='word_1_451' title='bbox 769 4062 1044 4119; x_wconf 87' lang='lat' dir='ltr'><strong>dementes</strong></span> <span class='ocrx_word' id='word_1_452' title='bbox 1063 4065 1257 4132; x_wconf 63' lang='lat' dir='ltr'><strong>Judari,</strong></span> <span class='ocrx_word' id='word_1_453' title='bbox 1285 4071 1441 4126; x_wconf 84' lang='lat' dir='ltr'><strong>[idem</strong></span> <span class='ocrx_word' id='word_1_454' title='bbox 1470 4074 1569 4143; x_wconf 84' lang='lat' dir='ltr'><strong>ipsi</strong></span> <span class='ocrx_word' id='word_1_455' title='bbox 1602 4093 1705 4132; x_wconf 88' lang='lat' dir='ltr'><strong>non</strong></span> <span class='ocrx_word' id='word_1_456' title='bbox 1726 4080 2068 4143; x_wconf 88' lang='lat' dir='ltr'><strong>adhibentes.</strong></span> 
     </span>
    </p>
   </div>
   <div class='ocr_carea' id='block_1_71' title="bbox 502 4147 2067 4243">
    <p class='ocr_par' dir='ltr' id='par_1_71' title="bbox 502 4147 2067 4243">
     <span class='ocr_line' id='line_1_71' title="bbox 502 4147 2067 4243; baseline 0.017 -40"><span class='ocrx_word' id='word_1_457' title='bbox 502 4147 614 4204; x_wconf 83' lang='lat' dir='ltr'><strong>Hoc</strong></span> <span class='ocrx_word' id='word_1_458' title='bbox 644 4152 786 4205; x_wconf 86' lang='lat' dir='ltr'><strong>enim</strong></span> <span class='ocrx_word' id='word_1_459' title='bbox 820 4154 938 4210; x_wconf 87' lang='lat' dir='ltr'><strong>illos</strong></span> <span class='ocrx_word' id='word_1_460' title='bbox 972 4160 1228 4213; x_wconf 84' lang='lat' dir='ltr'><strong>attonitos</strong></span> <span class='ocrx_word' id='word_1_461' title='bbox 1280 4164 1513 4231; x_wconf 87' lang='lat' dir='ltr'><strong>tenebat,</strong></span> <span class='ocrx_word' id='word_1_462' title='bbox 1547 4171 1689 4236; x_wconf 92' lang='lat' dir='ltr'><strong>quod</strong></span> <span class='ocrx_word' id='word_1_463' title='bbox 1737 4185 1855 4225; x_wconf 89' lang='lat' dir='ltr'><strong>cum</strong></span> <span class='ocrx_word' id='word_1_464' title='bbox 1903 4189 2067 4243; x_wconf 87' lang='lat' dir='ltr'><strong>appa-</strong></span> 
     </span>
    </p>
   </div>
   <div class='ocr_carea' id='block_1_72' title="bbox 505 4244 2067 4333">
    <p class='ocr_par' dir='ltr' id='par_1_72' title="bbox 505 4244 2067 4333">
     <span class='ocr_line' id='line_1_72' title="bbox 505 4244 2067 4333; baseline 0.019 -40"><span class='ocrx_word' id='word_1_465' title='bbox 505 4252 647 4296; x_wconf 84' lang='lat' dir='ltr'><strong>reret</strong></span> <span class='ocrx_word' id='word_1_466' title='bbox 678 4244 842 4300; x_wconf 83' lang='lat' dir='ltr'><strong>homo</strong></span> <span class='ocrx_word' id='word_1_467' title='bbox 888 4250 1057 4303; x_wconf 88' lang='lat' dir='ltr'><strong>nostri</strong></span> <span class='ocrx_word' id='word_1_468' title='bbox 1102 4252 1315 4316; x_wconf 91' lang='lat' dir='ltr'><strong>similis,</strong></span> <span class='ocrx_word' id='word_1_469' title='bbox 1357 4256 1729 4326; x_wconf 87' lang='lat' dir='ltr'><strong>antiquitatem</strong></span> <span class='ocrx_word' id='word_1_470' title='bbox 1763 4262 1863 4316; x_wconf 90' lang='lat' dir='ltr'><strong>sibi</strong></span> <span class='ocrx_word' id='word_1_471' title='bbox 1899 4266 2067 4333; x_wconf 86' lang='lat' dir='ltr'><strong>majo-</strong></span> 
     </span>
    </p>
   </div>
   <div class='ocr_carea' id='block_1_73' title="bbox 502 4340 2066 4419">
    <p class='ocr_par' dir='ltr' id='par_1_73' title="bbox 502 4340 2066 4419">
     <span class='ocr_line' id='line_1_73' title="bbox 502 4340 2066 4419; baseline 0.019 -36"><span class='ocrx_word' id='word_1_472' title='bbox 502 4348 612 4385; x_wconf 83' lang='lat' dir='ltr'><strong>iem</strong></span> <span class='ocrx_word' id='word_1_473' title='bbox 646 4348 807 4403; x_wconf 87' lang='lat' dir='ltr'><strong>quam</strong></span> <span class='ocrx_word' id='word_1_474' title='bbox 833 4352 954 4407; x_wconf 73' lang='lat' dir='ltr'><strong>quae</strong></span> <span class='ocrx_word' id='word_1_475' title='bbox 983 4340 1034 4394; x_wconf 89' lang='lat' dir='ltr'><strong>in</strong></span> <span class='ocrx_word' id='word_1_476' title='bbox 1058 4342 1330 4396; x_wconf 89' lang='lat' dir='ltr'><strong>hominem</strong></span> <span class='ocrx_word' id='word_1_477' title='bbox 1375 4348 1519 4401; x_wconf 86' lang='lat' dir='ltr'><strong>cadit</strong></span> <span class='ocrx_word' id='word_1_478' title='bbox 1552 4361 1851 4419; x_wconf 79' lang='lat' dir='ltr'><strong>arrogaret,</strong></span> <span class='ocrx_word' id='word_1_479' title='bbox 1882 4355 2066 4413; x_wconf 86' lang='lat' dir='ltr'><strong>dicens</strong></span> 
     </span>
    </p>
   </div>
   <div class='ocr_carea' id='block_1_74' title="bbox 2177 3279 3619 3352">
    <p class='ocr_par' dir='ltr' id='par_1_74' title="bbox 2177 3279 3619 3352">
     <span class='ocr_line' id='line_1_74' title="bbox 2177 3279 3619 3352; baseline -0.001 -18"><span class='ocrx_word' id='word_1_480' title='bbox 2177 3282 2238 3335; x_wconf 76' lang='grc' dir='ltr'>τὸ</span> <span class='ocrx_word' id='word_1_481' title='bbox 2271 3283 2434 3352; x_wconf 83' lang='grc' dir='ltr'>ἱερὸν,</span> <span class='ocrx_word' id='word_1_482' title='bbox 2465 3283 2556 3334; x_wconf 88' lang='lat' dir='ltr'><strong>xui</strong></span> <span class='ocrx_word' id='word_1_483' title='bbox 2592 3280 2682 3333; x_wconf 82' lang='grc' dir='ltr'>τὸν</span> <span class='ocrx_word' id='word_1_484' title='bbox 2710 3281 2836 3351; x_wconf 84' lang='grc' dir='ltr'><strong>χθὲς</strong></span> <span class='ocrx_word' id='word_1_485' title='bbox 2858 3280 2958 3332; x_wconf 85' lang='grc' dir='ltr'><strong>οὐκ</strong></span> <span class='ocrx_word' id='word_1_486' title='bbox 2979 3279 3108 3333; x_wconf 75' lang='grc' dir='ltr'>ὅντα</span> <span class='ocrx_word' id='word_1_487' title='bbox 3136 3279 3381 3349; x_wconf 74' lang='grc' dir='ltr'>προεῖναι</span> <span class='ocrx_word' id='word_1_488' title='bbox 3413 3296 3619 3349; x_wconf 60' lang='lat' dir='ltr'><strong>(manu</strong></span> 
     </span>
    </p>
   </div>
   <div class='ocr_carea' id='block_1_75' title="bbox 2248 3370 3755 3444">
    <p class='ocr_par' dir='ltr' id='par_1_75' title="bbox 2248 3370 3755 3444">
     <span class='ocr_line' id='line_1_75' title="bbox 2248 3370 3755 3444; baseline -0.001 -17"><span class='ocrx_word' id='word_1_489' title='bbox 2248 3378 2311 3427; x_wconf 83' lang='lat' dir='ltr'><strong>A.</strong></span> <span class='ocrx_word' id='word_1_490' title='bbox 2339 3373 2511 3444; x_wconf 84' lang='grc' dir='ltr'>Φαίην</span> <span class='ocrx_word' id='word_1_491' title='bbox 2544 3372 2609 3426; x_wconf 86' lang='grc' dir='ltr'>ἂν</span> <span class='ocrx_word' id='word_1_492' title='bbox 2649 3373 2768 3443; x_wconf 80' lang='grc' dir='ltr'><strong>οὐχὶ</strong></span> <span class='ocrx_word' id='word_1_493' title='bbox 2803 3372 2962 3425; x_wconf 78' lang='grc' dir='ltr'>τοῦτο</span> <span class='ocrx_word' id='word_1_494' title='bbox 3004 3371 3135 3440; x_wconf 84' lang='grc' dir='ltr'><strong>ὲγώ.</strong></span> <span class='ocrx_word' id='word_1_495' title='bbox 3180 3370 3381 3424; x_wconf 80' lang='grc' dir='ltr'><strong>Πολλοῦ</strong></span> <span class='ocrx_word' id='word_1_496' title='bbox 3420 3388 3485 3439; x_wconf 89' lang='grc' dir='ltr'>γε</span> <span class='ocrx_word' id='word_1_497' title='bbox 3528 3371 3628 3424; x_wconf 86' lang='lat' dir='ltr'><strong>xui</strong></span> <span class='ocrx_word' id='word_1_498' title='bbox 3660 3372 3755 3425; x_wconf 83' lang='grc' dir='ltr'><strong>δεῖ.</strong></span> 
     </span>
    </p>
   </div>
   <div class='ocr_carea' id='block_1_76' title="bbox 2178 3463 3752 3536">
    <p class='ocr_par' dir='ltr' id='par_1_76' title="bbox 2178 3463 3752 3536">
     <span class='ocr_line' id='line_1_76' title="bbox 2178 3463 3752 3536; baseline 0.001 -18"><span class='ocrx_word' id='word_1_499' title='bbox 2178 3466 2319 3528; x_wconf 85' lang='grc' dir='ltr'><strong>Χθὲς</strong></span> <span class='ocrx_word' id='word_1_500' title='bbox 2366 3466 2462 3519; x_wconf 84' lang='grc' dir='ltr'><strong>καὶ</strong></span> <span class='ocrx_word' id='word_1_501' title='bbox 2514 3466 2754 3536; x_wconf 85' lang='grc' dir='ltr'><strong>σήμερον</strong></span> <span class='ocrx_word' id='word_1_502' title='bbox 2802 3464 2830 3515; x_wconf 89' lang='grc' dir='ltr'>ὁ</span> <span class='ocrx_word' id='word_1_503' title='bbox 2873 3463 3033 3524; x_wconf 78' lang='grc' dir='ltr'>αὐτὸς</span> <span class='ocrx_word' id='word_1_504' title='bbox 3078 3464 3169 3517; x_wconf 87' lang='lat' dir='ltr'><strong>xui.</strong></span> <span class='ocrx_word' id='word_1_505' title='bbox 3210 3465 3289 3527; x_wconf 85' lang='grc' dir='ltr'>είς</span> <span class='ocrx_word' id='word_1_506' title='bbox 3339 3464 3471 3525; x_wconf 80' lang='grc' dir='ltr'>τοὺς</span> <span class='ocrx_word' id='word_1_507' title='bbox 3528 3463 3752 3529; x_wconf 72' lang='grc' dir='ltr'>αἰῶνας,</span> 
     </span>
    </p>
   </div>
   <div class='ocr_carea' id='block_1_77' title="bbox 2177 3552 3750 3625">
    <p class='ocr_par' dir='ltr' id='par_1_77' title="bbox 2177 3552 3750 3625">
     <span class='ocr_line' id='line_1_77' title="bbox 2177 3552 3750 3625; baseline 0 -18"><span class='ocrx_word' id='word_1_508' title='bbox 2177 3554 2408 3625; x_wconf 85' lang='grc' dir='ltr'>Χριστὸς</span> <span class='ocrx_word' id='word_1_509' title='bbox 2451 3554 2677 3624; x_wconf 79' lang='grc' dir='ltr'><strong>Ἰησοῦς.</strong></span> <span class='ocrx_word' id='word_1_510' title='bbox 2720 3554 2793 3606; x_wconf 81' lang='grc' dir='ltr'><strong>Τὸ</strong></span> <span class='ocrx_word' id='word_1_511' title='bbox 2823 3553 2880 3605; x_wconf 81' lang='grc' dir='ltr'>δὲ</span> <span class='ocrx_word' id='word_1_512' title='bbox 2912 3552 3008 3606; x_wconf 72' lang='grc' dir='ltr'>τοῦ</span> <span class='ocrx_word' id='word_1_513' title='bbox 3039 3553 3211 3621; x_wconf 83' lang='grc' dir='ltr'><strong>Λόγου</strong></span> <span class='ocrx_word' id='word_1_514' title='bbox 3253 3553 3636 3624; x_wconf 86' lang='grc' dir='ltr'>πρεσϐύτατον</span> <span class='ocrx_word' id='word_1_515' title='bbox 3664 3557 3750 3607; x_wconf 75' lang='lat' dir='ltr'><strong>xui</strong></span> 
     </span>
    </p>
   </div>
   <div class='ocr_carea' id='block_1_78' title="bbox 2177 3645 3748 3716">
    <p class='ocr_par' dir='ltr' id='par_1_78' title="bbox 2177 3645 3748 3716">
     <span class='ocr_line' id='line_1_78' title="bbox 2177 3645 3748 3716; baseline -0.003 -16"><span class='ocrx_word' id='word_1_516' title='bbox 2177 3647 2416 3712; x_wconf 84' lang='grc' dir='ltr'>άκλινὲς,</span> <span class='ocrx_word' id='word_1_517' title='bbox 2445 3648 2645 3716; x_wconf 81' lang='grc' dir='ltr'>ἥκιστα</span> <span class='ocrx_word' id='word_1_518' title='bbox 2678 3645 2776 3714; x_wconf 79' lang='grc' dir='ltr'>μὲν</span> <span class='ocrx_word' id='word_1_519' title='bbox 2815 3646 3145 3716; x_wconf 84' lang='grc' dir='ltr'><strong>ἀρνήσομαι,</strong></span> <span class='ocrx_word' id='word_1_520' title='bbox 3176 3646 3270 3699; x_wconf 78' lang='grc' dir='ltr'><strong>καὶ</strong></span> <span class='ocrx_word' id='word_1_521' title='bbox 3302 3647 3349 3698; x_wconf 86' lang='lat' dir='ltr'><strong>si</strong></span> <span class='ocrx_word' id='word_1_522' title='bbox 3375 3645 3573 3715; x_wconf 82' lang='grc' dir='ltr'>γέγονε</span> <span class='ocrx_word' id='word_1_523' title='bbox 3597 3647 3748 3715; x_wconf 71' lang='grc' dir='ltr'>σάρξ·</span> 
     </span>
    </p>
   </div>
   <div class='ocr_carea' id='block_1_79' title="bbox 2175 3736 3747 3809">
    <p class='ocr_par' dir='ltr' id='par_1_79' title="bbox 2175 3736 3747 3809">
     <span class='ocr_line' id='line_1_79' title="bbox 2175 3736 3747 3809; baseline 0 -18"><span class='ocrx_word' id='word_1_524' title='bbox 2175 3739 2432 3807; x_wconf 84' lang='grc' dir='ltr'><strong>οἰήσομαι</strong></span> <span class='ocrx_word' id='word_1_525' title='bbox 2462 3737 2519 3790; x_wconf 80' lang='grc' dir='ltr'><strong>δὲ</strong></span> <span class='ocrx_word' id='word_1_526' title='bbox 2549 3736 2670 3791; x_wconf 79' lang='grc' dir='ltr'>καθ’</span> <span class='ocrx_word' id='word_1_527' title='bbox 2709 3736 2903 3790; x_wconf 76' lang='grc' dir='ltr'>ἕνωσιν</span> <span class='ocrx_word' id='word_1_528' title='bbox 2939 3736 3076 3805; x_wconf 86' lang='grc' dir='ltr'>μετά</span> <span class='ocrx_word' id='word_1_529' title='bbox 3107 3736 3207 3808; x_wconf 87' lang='grc' dir='ltr'><strong>τῆς</strong></span> <span class='ocrx_word' id='word_1_530' title='bbox 3246 3737 3384 3799; x_wconf 84' lang='grc' dir='ltr'>ίδίας</span> <span class='ocrx_word' id='word_1_531' title='bbox 3414 3739 3641 3809; x_wconf 82' lang='grc' dir='ltr'>σαρκὸς,</span> <span class='ocrx_word' id='word_1_532' title='bbox 3678 3740 3747 3800; x_wconf 73' lang='grc' dir='ltr'><strong>ὡς</strong></span> 
     </span>
    </p>
   </div>
   <div class='ocr_carea' id='block_1_80' title="bbox 2175 3827 3745 3899">
    <p class='ocr_par' dir='ltr' id='par_1_80' title="bbox 2175 3827 3745 3899">
     <span class='ocr_line' id='line_1_80' title="bbox 2175 3827 3745 3899; baseline -0.001 -18"><span class='ocrx_word' id='word_1_533' title='bbox 2175 3829 2303 3899; x_wconf 85' lang='grc' dir='ltr'><strong>χθὲς</strong></span> <span class='ocrx_word' id='word_1_534' title='bbox 2336 3829 2463 3881; x_wconf 76' lang='grc' dir='ltr'>ὄντα</span> <span class='ocrx_word' id='word_1_535' title='bbox 2494 3827 2589 3881; x_wconf 89' lang='lat' dir='ltr'><strong>xui</strong></span> <span class='ocrx_word' id='word_1_536' title='bbox 2623 3827 3063 3898; x_wconf 81' lang='grc' dir='ltr'>προϋπάρχοντα,</span> <span class='ocrx_word' id='word_1_537' title='bbox 3114 3828 3549 3897; x_wconf 79' lang='grc' dir='ltr'>καταδηλοῢσθαι</span> <span class='ocrx_word' id='word_1_538' title='bbox 3590 3830 3745 3883; x_wconf 68' lang='grc' dir='ltr'>πάλιν</span> 
     </span>
    </p>
   </div>
   <div class='ocr_carea' id='block_1_81' title="bbox 2174 3919 3743 3991">
    <p class='ocr_par' dir='ltr' id='par_1_81' title="bbox 2174 3919 3743 3991">
     <span class='ocr_line' id='line_1_81' title="bbox 2174 3919 3743 3991; baseline 0.001 -18"><span class='ocrx_word' id='word_1_539' title='bbox 2174 3921 2355 3973; x_wconf 82' lang='grc' dir='ltr'>αὐτόν.</span> <span class='ocrx_word' id='word_1_540' title='bbox 2384 3920 2495 3972; x_wconf 79' lang='grc' dir='ltr'><strong>Καὶ</strong></span> <span class='ocrx_word' id='word_1_541' title='bbox 2522 3919 2652 3987; x_wconf 82' lang='grc' dir='ltr'><strong>γοῦν</strong></span> <span class='ocrx_word' id='word_1_542' title='bbox 2706 3919 3039 3989; x_wconf 79' lang='grc' dir='ltr'>ἐμυσάττετο</span> <span class='ocrx_word' id='word_1_543' title='bbox 3074 3921 3171 3985; x_wconf 76' lang='grc' dir='ltr'>μὲν</span> <span class='ocrx_word' id='word_1_544' title='bbox 3207 3921 3237 3971; x_wconf 91' lang='grc' dir='ltr'>ό</span> <span class='ocrx_word' id='word_1_545' title='bbox 3267 3922 3579 3991; x_wconf 80' lang='grc' dir='ltr'>παράφρων</span> <span class='ocrx_word' id='word_1_546' title='bbox 3616 3924 3743 3977; x_wconf 74' lang='grc' dir='ltr'>Ἴον·</span> 
     </span>
    </p>
   </div>
   <div class='ocr_carea' id='block_1_82' title="bbox 2171 4010 3742 4085">
    <p class='ocr_par' dir='ltr' id='par_1_82' title="bbox 2171 4010 3742 4085">
     <span class='ocr_line' id='line_1_82' title="bbox 2171 4010 3742 4085; baseline 0.002 -21"><span class='ocrx_word' id='word_1_547' title='bbox 2171 4012 2316 4073; x_wconf 85' lang='grc' dir='ltr'>δαῖος</span> <span class='ocrx_word' id='word_1_548' title='bbox 2352 4010 2447 4064; x_wconf 83' lang='grc' dir='ltr'>καὶ</span> <span class='ocrx_word' id='word_1_549' title='bbox 2471 4011 2791 4064; x_wconf 81' lang='grc' dir='ltr'>κατα).ιθοῦν</span> <span class='ocrx_word' id='word_1_550' title='bbox 2819 4011 3112 4080; x_wconf 78' lang='grc' dir='ltr'>ἐπεχείρει,</span> <span class='ocrx_word' id='word_1_551' title='bbox 3149 4012 3248 4081; x_wconf 86' lang='grc' dir='ltr'>τὴν</span> <span class='ocrx_word' id='word_1_552' title='bbox 3283 4013 3545 4066; x_wconf 83' lang='grc' dir='ltr'>πίστινοὺ</span> <span class='ocrx_word' id='word_1_553' title='bbox 3580 4031 3742 4085; x_wconf 76' lang='grc' dir='ltr'>προσ-</span> 
     </span>
    </p>
   </div>
   <div class='ocr_carea' id='block_1_83' title="bbox 2174 4103 3745 4177">
    <p class='ocr_par' dir='ltr' id='par_1_83' title="bbox 2174 4103 3745 4177">
     <span class='ocr_line' id='line_1_83' title="bbox 2174 4103 3745 4177; baseline 0.003 -23"><span class='ocrx_word' id='word_1_554' title='bbox 2174 4104 2403 4174; x_wconf 75' lang='grc' dir='ltr'>ιέμενος.</span> <span class='ocrx_word' id='word_1_555' title='bbox 2466 4103 2848 4175; x_wconf 84' lang='grc' dir='ltr'>Κατατεθήπει</span> <span class='ocrx_word' id='word_1_556' title='bbox 2891 4104 3032 4175; x_wconf 83' lang='grc' dir='ltr'>γὰρ,</span> <span class='ocrx_word' id='word_1_557' title='bbox 3087 4105 3170 4157; x_wconf 85' lang='grc' dir='ltr'><strong>ὅτι</strong></span> <span class='ocrx_word' id='word_1_558' title='bbox 3214 4104 3391 4158; x_wconf 84' lang='grc' dir='ltr'>καίτοι</span> <span class='ocrx_word' id='word_1_559' title='bbox 3434 4104 3558 4158; x_wconf 81' lang='grc' dir='ltr'>καθ’</span> <span class='ocrx_word' id='word_1_560' title='bbox 3602 4108 3745 4177; x_wconf 75' lang='grc' dir='ltr'><strong>ἡμᾶς</strong></span> 
     </span>
    </p>
   </div>
   <div class='ocr_carea' id='block_1_84' title="bbox 2169 4194 3749 4268">
    <p class='ocr_par' dir='ltr' id='par_1_84' title="bbox 2169 4194 3749 4268">
     <span class='ocr_line' id='line_1_84' title="bbox 2169 4194 3749 4268; baseline 0.003 -21"><span class='ocrx_word' id='word_1_561' title='bbox 2169 4194 2445 4266; x_wconf 83' lang='grc' dir='ltr'>ὁρώμενος</span> <span class='ocrx_word' id='word_1_562' title='bbox 2467 4194 2771 4264; x_wconf 76' lang='grc' dir='ltr'>ἄνθρωπος,</span> <span class='ocrx_word' id='word_1_563' title='bbox 2797 4194 2898 4265; x_wconf 82' lang='grc' dir='ltr'><strong>τῆς</strong></span> <span class='ocrx_word' id='word_1_564' title='bbox 2919 4195 3058 4266; x_wconf 86' lang='grc' dir='ltr'>ὑπὲρ</span> <span class='ocrx_word' id='word_1_565' title='bbox 3077 4194 3360 4266; x_wconf 81' lang='grc' dir='ltr'>ἄνθρωπον</span> <span class='ocrx_word' id='word_1_566' title='bbox 3383 4197 3749 4268; x_wconf 79' lang='grc' dir='ltr'>ἀρχαιότητος</span> 
     </span>
    </p>
   </div>
   <div class='ocr_carea' id='block_1_85' title="bbox 2172 4284 3741 4358">
    <p class='ocr_par' dir='ltr' id='par_1_85' title="bbox 2172 4284 3741 4358">
     <span class='ocr_line' id='line_1_85' title="bbox 2172 4284 3741 4358; baseline 0.003 -21"><span class='ocrx_word' id='word_1_567' title='bbox 2172 4285 2348 4356; x_wconf 79' lang='grc' dir='ltr'>ἐαυτῷ</span> <span class='ocrx_word' id='word_1_568' title='bbox 2377 4286 2437 4339; x_wconf 83' lang='grc' dir='ltr'>τὸ</span> <span class='ocrx_word' id='word_1_569' title='bbox 2465 4284 2829 4357; x_wconf 86' lang='grc' dir='ltr'>πρεσϐύτερον</span> <span class='ocrx_word' id='word_1_570' title='bbox 2855 4286 3246 4358; x_wconf 79' lang='grc' dir='ltr'>ἐπεμαρτύρει,</span> <span class='ocrx_word' id='word_1_571' title='bbox 3288 4286 3461 4354; x_wconf 83' lang='grc' dir='ltr'>λέγων</span> <span class='ocrx_word' id='word_1_572' title='bbox 3491 4287 3571 4351; x_wconf 78' lang='grc' dir='ltr'><strong>ὡς</strong></span> <span class='ocrx_word' id='word_1_573' title='bbox 3592 4288 3741 4353; x_wconf 74' lang='grc' dir='ltr'>Θεός</span> 
     </span>
    </p>
   </div>
   <div class='ocr_carea' id='block_1_86' title="bbox 2175 4377 3739 4449">
    <p class='ocr_par' dir='ltr' id='par_1_86' title="bbox 2175 4377 3739 4449">
     <span class='ocr_line' id='line_1_86' title="bbox 2175 4377 3739 4449; baseline 0.006 -23"><span class='ocrx_word' id='word_1_574' title='bbox 2175 4396 2193 4426; x_wconf 77' lang='grc' dir='ltr'>σ</span> <span class='ocrx_word' id='word_1_575' title='bbox 2230 4377 2420 4449; x_wconf 84' lang='grc' dir='ltr'>Ἀμὴν,</span> <span class='ocrx_word' id='word_1_576' title='bbox 2455 4378 2620 4449; x_wconf 83' lang='grc' dir='ltr'>ἀμὴν,</span> <span class='ocrx_word' id='word_1_577' title='bbox 2652 4378 2795 4446; x_wconf 84' lang='grc' dir='ltr'><strong>λέγω</strong></span> <span class='ocrx_word' id='word_1_578' title='bbox 2820 4379 2969 4447; x_wconf 82' lang='grc' dir='ltr'>ὑμῖν,</span> <span class='ocrx_word' id='word_1_579' title='bbox 3001 4379 3133 4449; x_wconf 75' lang='grc' dir='ltr'>πρὶν</span> <span class='ocrx_word' id='word_1_580' title='bbox 3176 4377 3426 4449; x_wconf 78' lang='grc' dir='ltr'>Ἀϐραὰμ</span> <span class='ocrx_word' id='word_1_581' title='bbox 3463 4381 3739 4447; x_wconf 78' lang='grc' dir='ltr'>γενέσθαι,</span> 
     </span>
    </p>
   </div>
   <div class='ocr_carea' id='block_1_87' title="bbox 498 4425 2074 4540">
    <p class='ocr_par' dir='ltr' id='par_1_87' title="bbox 498 4425 2059 4540">
     <span class='ocr_line' id='line_1_87' title="bbox 498 4425 2059 4516; baseline 0.015 -38"><span class='ocrx_word' id='word_1_582' title='bbox 498 4434 556 4477; x_wconf 80' lang='grc' dir='ltr'>ιιι</span> <span class='ocrx_word' id='word_1_583' title='bbox 610 4425 791 4481; x_wconf 88' lang='lat' dir='ltr'><strong>Deus:</strong></span> <span class='ocrx_word' id='word_1_584' title='bbox 832 4448 849 4479; x_wconf 78' lang='grc' dir='ltr'>ι</span> <span class='ocrx_word' id='word_1_585' title='bbox 913 4431 1107 4495; x_wconf 89' lang='lat' dir='ltr'><strong>Amen,</strong></span> <span class='ocrx_word' id='word_1_586' title='bbox 1154 4449 1307 4488; x_wconf 89' lang='lat' dir='ltr'><strong>amen</strong></span> <span class='ocrx_word' id='word_1_587' title='bbox 1379 4439 1499 4492; x_wconf 85' lang='lat' dir='ltr'><strong>dico</strong></span> <span class='ocrx_word' id='word_1_588' title='bbox 1550 4441 1723 4505; x_wconf 79' lang='lat' dir='ltr'><strong>vobis,</strong></span> <span class='ocrx_word' id='word_1_589' title='bbox 1772 4454 2059 4516; x_wconf 88' lang='lat' dir='ltr'><strong>antequam</strong></span> 
     </span>
     <span class='ocr_line' id='line_1_88' title="bbox 506 4518 1811 4540; baseline 0.015 -8"><span class='ocrx_word' id='word_1_590' title='bbox 506 4518 760 4540; x_wconf 43' lang='grc' dir='ltr'><strong>,ιη-,μω</strong></span> <span class='ocrx_word' id='word_1_591' title='bbox 1015 4538 1028 4540; x_wconf 86' lang='lat'>_</span> <span class='ocrx_word' id='word_1_592' title='bbox 1085 4539 1092 4540; x_wconf 59' lang='lat'><strong><em>,</em></strong></span> <span class='ocrx_word' id='word_1_593' title='bbox 1287 4528 1328 4540; x_wconf 78' lang='lat'><strong>.-</strong></span> <span class='ocrx_word' id='word_1_594' title='bbox 1460 4530 1473 4540; x_wconf 89' lang='lat'><strong>.</strong></span> <span class='ocrx_word' id='word_1_595' title='bbox 1512 4530 1525 4540; x_wconf 87' lang='lat'><strong>.</strong></span> <span class='ocrx_word' id='word_1_596' title='bbox 1687 4536 1698 4540; x_wconf 83' lang='lat'><strong>-</strong></span> 
     </span>
    </p>
   </div>
   <div class='ocr_carea' id='block_1_88' title="bbox 2201 4425 3739 4540">
    <p class='ocr_par' dir='ltr' id='par_1_88' title="bbox 2201 4425 3739 4540">
     <span class='ocr_line' id='line_1_89' title="bbox 2244 4425 3739 4449; baseline 0 -1"><span class='ocrx_word' id='word_1_597' title='bbox 2244 4425 2420 4449; x_wconf 66' lang='grc' dir='ltr'><strong>““Ί””Ὶ’¹</strong></span> <span class='ocrx_word' id='word_1_598' title='bbox 2458 4425 2620 4449; x_wconf 79' lang='lat' dir='ltr'><strong>&quot;r&quot;t&quot;</strong></span> <span class='ocrx_word' id='word_1_599' title='bbox 2653 4425 2792 4446; x_wconf 62' lang='lat'><strong>&quot;&#39;0&quot;</strong></span> <span class='ocrx_word' id='word_1_600' title='bbox 2826 4425 2969 4447; x_wconf 74' lang='lat' dir='ltr'><strong>&#39;r&#39;&quot;v</strong></span> <span class='ocrx_word' id='word_1_601' title='bbox 3008 4425 3124 4449; x_wconf 74' lang='lat' dir='ltr'><strong>&quot;I&#39;&quot;</strong></span> <span class='ocrx_word' id='word_1_602' title='bbox 3191 4425 3425 4449; x_wconf 67' lang='grc' dir='ltr'><strong>“””Γ’””Τ⁷</strong></span> <span class='ocrx_word' id='word_1_603' title='bbox 3474 4425 3739 4447; x_wconf 64' lang='lat' dir='ltr'><strong>l&quot;&quot;&quot;&#39;&quot;</strong></span> 
     </span>
     <span class='ocr_line' id='line_1_90' title="bbox 2201 4468 3739 4540; baseline 0.003 -19"><span class='ocrx_word' id='word_1_604' title='bbox 2201 4470 2280 4537; x_wconf 85' lang='grc' dir='ltr'><strong>γώ</strong></span> <span class='ocrx_word' id='word_1_605' title='bbox 2312 4470 2446 4540; x_wconf 76' lang='grc' dir='ltr'>ειμι.</span> <span class='ocrx_word' id='word_1_606' title='bbox 2473 4488 2492 4521; x_wconf 77' lang='grc' dir='ltr'>ι</span> <span class='ocrx_word' id='word_1_607' title='bbox 2548 4470 2675 4522; x_wconf 89' lang='grc' dir='ltr'>Ὅτε</span> <span class='ocrx_word' id='word_1_608' title='bbox 2714 4468 2807 4522; x_wconf 86' lang='lat' dir='ltr'><strong>xui</strong></span> <span class='ocrx_word' id='word_1_609' title='bbox 2849 4468 2985 4540; x_wconf 86' lang='grc' dir='ltr'>πρὸς</span> <span class='ocrx_word' id='word_1_610' title='bbox 3027 4469 3184 4523; x_wconf 78' lang='grc' dir='ltr'>τοῦτο</span> <span class='ocrx_word' id='word_1_611' title='bbox 3233 4468 3469 4538; x_wconf 76' lang='grc' dir='ltr'>ἔφασκον</span> <span class='ocrx_word' id='word_1_612' title='bbox 3522 4472 3739 4527; x_wconf 69' lang='grc' dir='ltr'><strong>ἐκεῖνοι·</strong></span> 
     </span>
    </p>
   </div>
   <div class='ocr_carea' id='block_1_89' title="bbox 493 4514 2138 4607">
    <p class='ocr_par' dir='ltr' id='par_1_89' title="bbox 493 4514 2138 4607">
     <span class='ocr_line' id='line_1_91' title="bbox 493 4514 2138 4607; baseline 0.016 -38"><span class='ocrx_word' id='word_1_613' title='bbox 493 4518 764 4573; x_wconf 70' lang='lat' dir='ltr'><strong>Abraham</strong></span> <span class='ocrx_word' id='word_1_614' title='bbox 800 4521 973 4586; x_wconf 79' lang='lat' dir='ltr'><strong>ﬁeret,</strong></span> <span class='ocrx_word' id='word_1_615' title='bbox 1006 4538 1103 4593; x_wconf 78' lang='lat' dir='ltr'><strong>ego</strong></span> <span class='ocrx_word' id='word_1_616' title='bbox 1126 4542 1242 4579; x_wconf 87' lang='lat' dir='ltr'><strong>sum</strong></span> <span class='ocrx_word' id='word_1_617' title='bbox 1287 4528 1349 4581; x_wconf 71' lang='grc' dir='ltr'><strong>η.</strong></span> <span class='ocrx_word' id='word_1_618' title='bbox 1391 4548 1409 4581; x_wconf 74' lang='grc' dir='ltr'>ι</span> <span class='ocrx_word' id='word_1_619' title='bbox 1445 4530 1528 4585; x_wconf 85' lang='lat' dir='ltr'><strong>Ad</strong></span> <span class='ocrx_word' id='word_1_620' title='bbox 1555 4536 1700 4601; x_wconf 90' lang='lat' dir='ltr'><strong>quod</strong></span> <span class='ocrx_word' id='word_1_621' title='bbox 1739 4536 1813 4590; x_wconf 90' lang='lat' dir='ltr'><strong>illi</strong></span> <span class='ocrx_word' id='word_1_622' title='bbox 1840 4514 2060 4607; x_wconf 80' lang='lat' dir='ltr'><strong>respou-</strong></span> <span class='ocrx_word' id='word_1_623' title='bbox 2090 4514 2138 4568; x_wconf 66' lang='grc' dir='ltr'><strong>θ</strong></span> 
     </span>
    </p>
   </div>
   <div class='ocr_carea' id='block_1_90' title="bbox 494 4611 2062 4695">
    <p class='ocr_par' dir='ltr' id='par_1_90' title="bbox 494 4611 2062 4695">
     <span class='ocr_line' id='line_1_92' title="bbox 494 4611 2062 4695; baseline 0.017 -35"><span class='ocrx_word' id='word_1_624' title='bbox 494 4611 684 4664; x_wconf 87' lang='lat' dir='ltr'><strong>derunt</strong></span> <span class='ocrx_word' id='word_1_625' title='bbox 722 4628 737 4664; x_wconf 90' lang='lat'><strong>:</strong></span> <span class='ocrx_word' id='word_1_626' title='bbox 771 4630 789 4663; x_wconf 76' lang='grc' dir='ltr'><strong>ι</strong></span> <span class='ocrx_word' id='word_1_627' title='bbox 836 4612 1236 4684; x_wconf 82' lang='lat' dir='ltr'><strong>Quinquaginta</strong></span> <span class='ocrx_word' id='word_1_628' title='bbox 1287 4637 1456 4675; x_wconf 87' lang='lat' dir='ltr'><strong>annos</strong></span> <span class='ocrx_word' id='word_1_629' title='bbox 1510 4626 1746 4680; x_wconf 84' lang='lat' dir='ltr'><strong>nomium</strong></span> <span class='ocrx_word' id='word_1_630' title='bbox 1790 4628 1974 4695; x_wconf 89' lang='lat' dir='ltr'><strong>habes,</strong></span> <span class='ocrx_word' id='word_1_631' title='bbox 2006 4641 2062 4685; x_wconf 83' lang='lat' dir='ltr'><strong>et</strong></span> 
     </span>
    </p>
   </div>
   <div class='ocr_carea' id='block_1_91' title="bbox 491 4702 2056 4776">
    <p class='ocr_par' dir='ltr' id='par_1_91' title="bbox 491 4702 2056 4776">
     <span class='ocr_line' id='line_1_93' title="bbox 491 4702 2056 4776; baseline 0.013 -21"><span class='ocrx_word' id='word_1_632' title='bbox 491 4702 762 4755; x_wconf 80' lang='lat' dir='ltr'><strong>Abraham</strong></span> <span class='ocrx_word' id='word_1_633' title='bbox 821 4705 995 4758; x_wconf 84' lang='lat' dir='ltr'><strong>vidisti</strong></span> <span class='ocrx_word' id='word_1_634' title='bbox 1028 4706 1136 4758; x_wconf 69' lang='grc' dir='ltr'><strong>ὀἳ</strong></span> <span class='ocrx_word' id='word_1_635' title='bbox 1190 4727 1209 4759; x_wconf 86' lang='grc'><strong>›</strong></span> <span class='ocrx_word' id='word_1_636' title='bbox 1260 4709 1396 4776; x_wconf 88' lang='lat' dir='ltr'><strong>Quin</strong></span> <span class='ocrx_word' id='word_1_637' title='bbox 1459 4723 1510 4767; x_wconf 90' lang='lat' dir='ltr'><strong>et</strong></span> <span class='ocrx_word' id='word_1_638' title='bbox 1549 4714 1784 4770; x_wconf 79' lang='lat' dir='ltr'><strong>Joannes</strong></span> <span class='ocrx_word' id='word_1_639' title='bbox 1810 4720 1880 4773; x_wconf 85' lang='lat' dir='ltr'><strong>ita</strong></span> <span class='ocrx_word' id='word_1_640' title='bbox 1935 4724 2056 4776; x_wconf 89' lang='lat' dir='ltr'><strong>ait:</strong></span> 
     </span>
    </p>
   </div>
   <div class='ocr_carea' id='block_1_92' title="bbox 496 4791 2055 4881">
    <p class='ocr_par' dir='ltr' id='par_1_92' title="bbox 496 4791 2055 4881">
     <span class='ocr_line' id='line_1_94' title="bbox 496 4791 2055 4881; baseline 0.015 -37"><span class='ocrx_word' id='word_1_641' title='bbox 496 4809 516 4844; x_wconf 76' lang='grc' dir='ltr'>ι</span> <span class='ocrx_word' id='word_1_642' title='bbox 549 4791 648 4857; x_wconf 91' lang='lat' dir='ltr'><strong>Qui</strong></span> <span class='ocrx_word' id='word_1_643' title='bbox 668 4803 788 4860; x_wconf 91' lang='lat' dir='ltr'><strong>post</strong></span> <span class='ocrx_word' id='word_1_644' title='bbox 811 4810 895 4849; x_wconf 91' lang='lat' dir='ltr'><strong>me</strong></span> <span class='ocrx_word' id='word_1_645' title='bbox 923 4809 1182 4852; x_wconf 85' lang='lat' dir='ltr'><strong>venturus</strong></span> <span class='ocrx_word' id='word_1_646' title='bbox 1203 4810 1305 4864; x_wconf 88' lang='lat' dir='ltr'><strong>est,</strong></span> <span class='ocrx_word' id='word_1_647' title='bbox 1336 4816 1460 4856; x_wconf 83' lang='lat' dir='ltr'><strong>ante</strong></span> <span class='ocrx_word' id='word_1_648' title='bbox 1486 4823 1569 4860; x_wconf 91' lang='lat' dir='ltr'><strong>me</strong></span> <span class='ocrx_word' id='word_1_649' title='bbox 1601 4806 1778 4863; x_wconf 80' lang='lat' dir='ltr'><strong>factus</strong></span> <span class='ocrx_word' id='word_1_650' title='bbox 1800 4822 1903 4875; x_wconf 89' lang='lat' dir='ltr'><strong>est,</strong></span> <span class='ocrx_word' id='word_1_651' title='bbox 1930 4814 2055 4881; x_wconf 85' lang='lat' dir='ltr'><strong>quia</strong></span> 
     </span>
    </p>
   </div>
   <div class='ocr_carea' id='block_1_93' title="bbox 490 4885 2054 4968">
    <p class='ocr_par' dir='ltr' id='par_1_93' title="bbox 490 4885 2054 4968">
     <span class='ocr_line' id='line_1_95' title="bbox 490 4885 2054 4968; baseline 0.015 -32"><span class='ocrx_word' id='word_1_652' title='bbox 490 4885 636 4953; x_wconf 89' lang='lat' dir='ltr'><strong>prior</strong></span> <span class='ocrx_word' id='word_1_653' title='bbox 670 4901 754 4941; x_wconf 92' lang='lat' dir='ltr'><strong>me</strong></span> <span class='ocrx_word' id='word_1_654' title='bbox 780 4890 985 4943; x_wconf 78' lang='lat' dir='ltr'><strong>erat“.</strong></span> <span class='ocrx_word' id='word_1_655' title='bbox 1022 4908 1041 4942; x_wconf 75' lang='grc' dir='ltr'>ι</span> <span class='ocrx_word' id='word_1_656' title='bbox 1085 4892 1244 4960; x_wconf 89' lang='lat' dir='ltr'><strong>Atqui</strong></span> <span class='ocrx_word' id='word_1_657' title='bbox 1280 4901 1547 4964; x_wconf 86' lang='lat' dir='ltr'><strong>quomodo</strong></span> <span class='ocrx_word' id='word_1_658' title='bbox 1575 4916 1731 4968; x_wconf 89' lang='lat' dir='ltr'><strong>quem</strong></span> <span class='ocrx_word' id='word_1_659' title='bbox 1784 4903 2054 4959; x_wconf 92' lang='lat' dir='ltr'><strong>hominem</strong></span> 
     </span>
    </p>
   </div>
   <div class='ocr_carea' id='block_1_94' title="bbox 489 4983 2053 5055">
    <p class='ocr_par' dir='ltr' id='par_1_94' title="bbox 489 4983 2053 5055">
     <span class='ocr_line' id='line_1_96' title="bbox 489 4983 2053 5055; baseline 0.015 -28"><span class='ocrx_word' id='word_1_660' title='bbox 489 4990 608 5029; x_wconf 84' lang='lat' dir='ltr'><strong>esse</strong></span> <span class='ocrx_word' id='word_1_661' title='bbox 663 4988 817 5030; x_wconf 87' lang='lat' dir='ltr'><strong>uorat</strong></span> <span class='ocrx_word' id='word_1_662' title='bbox 869 4989 925 5033; x_wconf 86' lang='lat' dir='ltr'><strong>et</strong></span> <span class='ocrx_word' id='word_1_663' title='bbox 968 4984 1195 5036; x_wconf 82' lang='lat' dir='ltr'><strong>vocabat</strong></span> <span class='ocrx_word' id='word_1_664' title='bbox 1258 4983 1684 5055; x_wconf 85' lang='lat' dir='ltr'><strong>Emmanuelem,</strong></span> <span class='ocrx_word' id='word_1_665' title='bbox 1734 5002 1860 5047; x_wconf 89' lang='lat' dir='ltr'><strong>ante</strong></span> <span class='ocrx_word' id='word_1_666' title='bbox 1899 5008 1956 5049; x_wconf 89' lang='lat' dir='ltr'><strong>se</strong></span> <span class='ocrx_word' id='word_1_667' title='bbox 1999 5005 2053 5051; x_wconf 91' lang='lat' dir='ltr'><strong>et</strong></span> 
     </span>
    </p>
   </div>
   <div class='ocr_carea' id='block_1_95' title="bbox 489 5068 2054 5153">
    <p class='ocr_par' dir='ltr' id='par_1_95' title="bbox 489 5068 2054 5153">
     <span class='ocr_line' id='line_1_97' title="bbox 489 5068 2054 5153; baseline 0.015 -35"><span class='ocrx_word' id='word_1_668' title='bbox 489 5068 718 5134; x_wconf 87' lang='lat' dir='ltr'><strong>priorem</strong></span> <span class='ocrx_word' id='word_1_669' title='bbox 749 5070 947 5126; x_wconf 71' lang='lat' dir='ltr'><strong>iactuum</strong></span> <span class='ocrx_word' id='word_1_670' title='bbox 984 5088 1105 5128; x_wconf 89' lang='lat' dir='ltr'><strong>esse</strong></span> <span class='ocrx_word' id='word_1_671' title='bbox 1149 5077 1299 5142; x_wconf 89' lang='lat' dir='ltr'><strong>dicit,</strong></span> <span class='ocrx_word' id='word_1_672' title='bbox 1347 5095 1468 5132; x_wconf 91' lang='lat' dir='ltr'><strong>cum</strong></span> <span class='ocrx_word' id='word_1_673' title='bbox 1524 5092 1644 5149; x_wconf 90' lang='lat' dir='ltr'><strong>post</strong></span> <span class='ocrx_word' id='word_1_674' title='bbox 1691 5084 1865 5153; x_wconf 90' lang='lat' dir='ltr'><strong>ipsum</strong></span> <span class='ocrx_word' id='word_1_675' title='bbox 1897 5097 2054 5144; x_wconf 87' lang='lat' dir='ltr'><strong>natus</strong></span> 
     </span>
    </p>
   </div>
   <div class='ocr_carea' id='block_1_96' title="bbox 488 5159 692 5215">
    <p class='ocr_par' dir='ltr' id='par_1_96' title="bbox 488 5159 692 5215">
     <span class='ocr_line' id='line_1_98' title="bbox 488 5159 692 5215; baseline 0.015 -3"><span class='ocrx_word' id='word_1_676' title='bbox 488 5159 692 5215; x_wconf 76' lang='lat' dir='ltr'><strong>fuerit?</strong></span> 
     </span>
    </p>
   </div>
   <div class='ocr_carea' id='block_1_97' title="bbox 557 5278 2047 5366">
    <p class='ocr_par' dir='ltr' id='par_1_97' title="bbox 557 5278 2047 5366">
     <span class='ocr_line' id='line_1_99' title="bbox 557 5278 2047 5366; baseline 0.014 -34"><span class='ocrx_word' id='word_1_677' title='bbox 557 5278 620 5332; x_wconf 89' lang='grc' dir='ltr'><strong>Β.</strong></span> <span class='ocrx_word' id='word_1_678' title='bbox 643 5280 785 5335; x_wconf 85' lang='lat' dir='ltr'><strong>Ante</strong></span> <span class='ocrx_word' id='word_1_679' title='bbox 819 5283 993 5351; x_wconf 86' lang='lat' dir='ltr'><strong>ipsum</strong></span> <span class='ocrx_word' id='word_1_680' title='bbox 1046 5286 1247 5340; x_wconf 84' lang='lat' dir='ltr'><strong>factum</strong></span> <span class='ocrx_word' id='word_1_681' title='bbox 1298 5303 1419 5344; x_wconf 84' lang='lat' dir='ltr'><strong>esse</strong></span> <span class='ocrx_word' id='word_1_682' title='bbox 1448 5300 1579 5345; x_wconf 83' lang='lat' dir='ltr'><strong>uicit</strong></span> <span class='ocrx_word' id='word_1_683' title='bbox 1611 5293 1816 5349; x_wconf 90' lang='lat' dir='ltr'><strong>ratione</strong></span> <span class='ocrx_word' id='word_1_684' title='bbox 1845 5295 2047 5366; x_wconf 64' lang='lat' dir='ltr'><strong>gloriae,</strong></span> 
     </span>
    </p>
   </div>
   <div class='ocr_carea' id='block_1_98' title="bbox 428 5375 1419 5467">
    <p class='ocr_par' dir='ltr' id='par_1_98' title="bbox 428 5375 1419 5467">
     <span class='ocr_line' id='line_1_100' title="bbox 428 5375 1419 5467; baseline 0.01 -44"><span class='ocrx_word' id='word_1_685' title='bbox 428 5448 439 5467; x_wconf 43' lang='grc' dir='ltr'><strong><em>Ι</em></strong></span> <span class='ocrx_word' id='word_1_686' title='bbox 487 5380 544 5426; x_wconf 89' lang='lat' dir='ltr'><strong>ut</strong></span> <span class='ocrx_word' id='word_1_687' title='bbox 579 5386 677 5442; x_wconf 79' lang='lat' dir='ltr'><strong>ego</strong></span> <span class='ocrx_word' id='word_1_688' title='bbox 708 5375 919 5442; x_wconf 87' lang='lat' dir='ltr'><strong>quidem</strong></span> <span class='ocrx_word' id='word_1_689' title='bbox 971 5377 1126 5446; x_wconf 78' lang='lat'><strong>711</strong></span> <span class='ocrx_word' id='word_1_690' title='bbox 1161 5379 1419 5452; x_wconf 72' lang='lat' dir='ltr'><strong>intelligo.</strong></span> 
     </span>
    </p>
   </div>
   <div class='ocr_carea' id='block_1_99' title="bbox 553 5484 2054 5564">
    <p class='ocr_par' dir='ltr' id='par_1_99' title="bbox 553 5484 2054 5564">
     <span class='ocr_line' id='line_1_101' title="bbox 553 5484 2054 5564; baseline 0.015 -27"><span class='ocrx_word' id='word_1_691' title='bbox 553 5485 618 5538; x_wconf 85' lang='lat' dir='ltr'><strong>A.</strong></span> <span class='ocrx_word' id='word_1_692' title='bbox 661 5484 829 5541; x_wconf 90' lang='lat' dir='ltr'><strong>Porro</strong></span> <span class='ocrx_word' id='word_1_693' title='bbox 875 5486 1064 5542; x_wconf 76' lang='lat' dir='ltr'><strong>falsum</strong></span> <span class='ocrx_word' id='word_1_694' title='bbox 1115 5490 1515 5564; x_wconf 86' lang='lat' dir='ltr'><strong>absurdumque</strong></span> <span class='ocrx_word' id='word_1_695' title='bbox 1562 5513 1682 5554; x_wconf 84' lang='lat' dir='ltr'><strong>esse</strong></span> <span class='ocrx_word' id='word_1_696' title='bbox 1731 5501 1801 5555; x_wconf 90' lang='lat' dir='ltr'><strong>ita</strong></span> <span class='ocrx_word' id='word_1_697' title='bbox 1851 5506 2054 5560; x_wconf 90' lang='lat' dir='ltr'><strong>sentire</strong></span> 
     </span>
    </p>
   </div>
   <div class='ocr_carea' id='block_1_100' title="bbox 488 5576 2054 5662">
    <p class='ocr_par' dir='ltr' id='par_1_100' title="bbox 488 5576 2054 5662">
     <span class='ocr_line' id='line_1_102' title="bbox 488 5576 2054 5662; baseline 0.017 -36"><span class='ocrx_word' id='word_1_698' title='bbox 488 5576 674 5645; x_wconf 79' lang='lat' dir='ltr'><strong>paucis</strong></span> <span class='ocrx_word' id='word_1_699' title='bbox 704 5578 991 5647; x_wconf 78' lang='lat' dir='ltr'><strong>intelliges.</strong></span> <span class='ocrx_word' id='word_1_700' title='bbox 1023 5580 1153 5635; x_wconf 86' lang='lat' dir='ltr'><strong>Nam</strong></span> <span class='ocrx_word' id='word_1_701' title='bbox 1185 5584 1229 5637; x_wconf 90' lang='lat' dir='ltr'><strong>si</strong></span> <span class='ocrx_word' id='word_1_702' title='bbox 1263 5584 1387 5640; x_wconf 89' lang='lat' dir='ltr'><strong>illud</strong></span> <span class='ocrx_word' id='word_1_703' title='bbox 1408 5629 1422 5654; x_wconf 93' lang='lat'><strong>,</strong></span> <span class='ocrx_word' id='word_1_704' title='bbox 1452 5599 1606 5656; x_wconf 83' lang='lat' dir='ltr'><strong>ante,</strong></span> <span class='ocrx_word' id='word_1_705' title='bbox 1634 5591 2054 5662; x_wconf 84' lang='lat' dir='ltr'><strong>interpretemur</strong></span> 
     </span>
    </p>
   </div>
   <div class='ocr_carea' id='block_1_101' title="bbox 561 5749 1937 5833">
    <p class='ocr_par' dir='ltr' id='par_1_101' title="bbox 561 5749 1937 5833">
     <span class='ocr_line' id='line_1_103' title="bbox 561 5749 1937 5833; baseline 0.012 -26"><span class='ocrx_word' id='word_1_706' title='bbox 561 5749 776 5808; x_wconf 76' lang='lat' dir='ltr'><strong>&quot;Joan.</strong></span> <span class='ocrx_word' id='word_1_707' title='bbox 810 5757 1044 5824; x_wconf 61' lang='lat'><strong>“11,58,</strong></span> <span class='ocrx_word' id='word_1_708' title='bbox 1121 5761 1164 5789; x_wconf 68' lang='grc' dir='ltr'><strong>’θ</strong></span> <span class='ocrx_word' id='word_1_709' title='bbox 1191 5758 1317 5817; x_wconf 83' lang='lat' dir='ltr'><strong>ibid.</strong></span> <span class='ocrx_word' id='word_1_710' title='bbox 1356 5761 1443 5817; x_wconf 83' lang='lat'><strong>57.</strong></span> <span class='ocrx_word' id='word_1_711' title='bbox 1521 5766 1561 5797; x_wconf 86' lang='grc'>¹¹</span> <span class='ocrx_word' id='word_1_712' title='bbox 1592 5762 1745 5821; x_wconf 79' lang='lat' dir='ltr'><strong>Joan.</strong></span> <span class='ocrx_word' id='word_1_713' title='bbox 1785 5781 1821 5833; x_wconf 80' lang='grc' dir='ltr'><strong>ι,</strong></span> <span class='ocrx_word' id='word_1_714' title='bbox 1848 5768 1937 5824; x_wconf 74' lang='lat'><strong>27.</strong></span> 
     </span>
    </p>
   </div>
   <div class='ocr_carea' id='block_1_102' title="bbox 2172 4558 3741 4633">
    <p class='ocr_par' dir='ltr' id='par_1_102' title="bbox 2172 4558 3741 4633">
     <span class='ocr_line' id='line_1_104' title="bbox 2172 4558 3741 4633; baseline 0.002 -20"><span class='ocrx_word' id='word_1_715' title='bbox 2172 4580 2189 4613; x_wconf 77' lang='grc' dir='ltr'>ι</span> <span class='ocrx_word' id='word_1_716' title='bbox 2214 4562 2552 4631; x_wconf 84' lang='grc' dir='ltr'>Πεντήκοντα</span> <span class='ocrx_word' id='word_1_717' title='bbox 2592 4559 2685 4627; x_wconf 75' lang='grc' dir='ltr'><strong>ἔτη</strong></span> <span class='ocrx_word' id='word_1_718' title='bbox 2720 4558 2871 4613; x_wconf 70' lang='grc' dir='ltr'>οὔπω</span> <span class='ocrx_word' id='word_1_719' title='bbox 2917 4559 3080 4630; x_wconf 74' lang='grc' dir='ltr'><strong>ἔχεις,</strong></span> <span class='ocrx_word' id='word_1_720' title='bbox 3128 4561 3221 4614; x_wconf 89' lang='lat' dir='ltr'><strong>xui</strong></span> <span class='ocrx_word' id='word_1_721' title='bbox 3276 4559 3531 4630; x_wconf 79' lang='grc' dir='ltr'>Ἀϐραάμ</span> <span class='ocrx_word' id='word_1_722' title='bbox 3574 4562 3741 4633; x_wconf 79' lang='grc' dir='ltr'>ἑώρα-</span> 
     </span>
    </p>
   </div>
   <div class='ocr_carea' id='block_1_103' title="bbox 2166 4652 3740 4725">
    <p class='ocr_par' dir='ltr' id='par_1_103' title="bbox 2166 4652 3740 4725">
     <span class='ocr_line' id='line_1_105' title="bbox 2166 4652 3740 4725; baseline 0.001 -19"><span class='ocrx_word' id='word_1_723' title='bbox 2166 4668 2330 4716; x_wconf 76' lang='grc' dir='ltr'><strong>καςς»</strong></span> <span class='ocrx_word' id='word_1_724' title='bbox 2368 4652 2510 4723; x_wconf 87' lang='grc' dir='ltr'><strong>Ἔφη</strong></span> <span class='ocrx_word' id='word_1_725' title='bbox 2539 4652 2596 4705; x_wconf 79' lang='grc' dir='ltr'>δὲ</span> <span class='ocrx_word' id='word_1_726' title='bbox 2629 4653 2722 4705; x_wconf 87' lang='lat' dir='ltr'><strong>xui</strong></span> <span class='ocrx_word' id='word_1_727' title='bbox 2765 4652 3038 4722; x_wconf 85' lang='grc' dir='ltr'>Ἰωάννης·</span> <span class='ocrx_word' id='word_1_728' title='bbox 3095 4672 3113 4703; x_wconf 75' lang='grc' dir='ltr'><strong>ι</strong></span> <span class='ocrx_word' id='word_1_729' title='bbox 3154 4655 3211 4704; x_wconf 86' lang='lat'>&#39;0</span> <span class='ocrx_word' id='word_1_730' title='bbox 3243 4652 3421 4705; x_wconf 84' lang='grc' dir='ltr'>ὀπίσω</span> <span class='ocrx_word' id='word_1_731' title='bbox 3450 4670 3559 4723; x_wconf 80' lang='grc' dir='ltr'>μου</span> <span class='ocrx_word' id='word_1_732' title='bbox 3592 4656 3740 4725; x_wconf 72' lang='grc' dir='ltr'>ἐρχό-</span> 
     </span>
    </p>
   </div>
   <div class='ocr_carea' id='block_1_104' title="bbox 2166 4743 3730 4818">
    <p class='ocr_par' dir='ltr' id='par_1_104' title="bbox 2166 4743 3730 4818">
     <span class='ocr_line' id='line_1_106' title="bbox 2166 4743 3730 4818; baseline 0.001 -21"><span class='ocrx_word' id='word_1_733' title='bbox 2166 4762 2347 4814; x_wconf 83' lang='grc' dir='ltr'>μενος,</span> <span class='ocrx_word' id='word_1_734' title='bbox 2381 4743 2689 4815; x_wconf 75' lang='grc' dir='ltr'>ἓμπροσθέν</span> <span class='ocrx_word' id='word_1_735' title='bbox 2721 4761 2821 4814; x_wconf 84' lang='grc' dir='ltr'><strong>μου</strong></span> <span class='ocrx_word' id='word_1_736' title='bbox 2844 4745 3086 4813; x_wconf 85' lang='grc' dir='ltr'>γέγονεν,</span> <span class='ocrx_word' id='word_1_737' title='bbox 3111 4746 3191 4797; x_wconf 86' lang='grc' dir='ltr'>ὅτι</span> <span class='ocrx_word' id='word_1_738' title='bbox 3224 4745 3442 4814; x_wconf 86' lang='grc' dir='ltr'>πρῶτός</span> <span class='ocrx_word' id='word_1_739' title='bbox 3471 4764 3578 4816; x_wconf 80' lang='grc' dir='ltr'>μου</span> <span class='ocrx_word' id='word_1_740' title='bbox 3608 4744 3730 4818; x_wconf 77' lang='grc' dir='ltr'><strong>ἦν.»</strong></span> 
     </span>
    </p>
   </div>
   <div class='ocr_carea' id='block_1_105' title="bbox 2160 4833 3736 4907">
    <p class='ocr_par' dir='ltr' id='par_1_105' title="bbox 2160 4833 3736 4907">
     <span class='ocr_line' id='line_1_107' title="bbox 2160 4833 3736 4907; baseline 0.001 -18"><span class='ocrx_word' id='word_1_741' title='bbox 2160 4833 2357 4889; x_wconf 83' lang='grc' dir='ltr'>Καίτοι</span> <span class='ocrx_word' id='word_1_742' title='bbox 2386 4834 2504 4898; x_wconf 83' lang='grc' dir='ltr'><strong>πῶς</strong></span> <span class='ocrx_word' id='word_1_743' title='bbox 2531 4835 2695 4906; x_wconf 86' lang='grc' dir='ltr'>ἄνδρα</span> <span class='ocrx_word' id='word_1_744' title='bbox 2716 4852 2774 4887; x_wconf 89' lang='grc' dir='ltr'><strong>τε</strong></span> <span class='ocrx_word' id='word_1_745' title='bbox 2801 4834 2953 4898; x_wconf 81' lang='grc' dir='ltr'><strong>εἰδὼς</strong></span> <span class='ocrx_word' id='word_1_746' title='bbox 2974 4836 3067 4887; x_wconf 90' lang='lat' dir='ltr'><strong>xui</strong></span> <span class='ocrx_word' id='word_1_747' title='bbox 3094 4835 3373 4905; x_wconf 76' lang='grc' dir='ltr'>ὀνομάζων</span> <span class='ocrx_word' id='word_1_748' title='bbox 3396 4837 3491 4889; x_wconf 83' lang='grc' dir='ltr'><strong>τὸν</strong></span> <span class='ocrx_word' id='word_1_749' title='bbox 3534 4838 3736 4907; x_wconf 78' lang='grc' dir='ltr'>Ἐμμα-</span> 
     </span>
    </p>
   </div>
   <div class='ocr_carea' id='block_1_106' title="bbox 2164 4926 3734 4999">
    <p class='ocr_par' dir='ltr' id='par_1_106' title="bbox 2164 4926 3734 4999">
     <span class='ocr_line' id='line_1_108' title="bbox 2164 4926 3734 4999; baseline 0.001 -19"><span class='ocrx_word' id='word_1_750' title='bbox 2164 4926 2343 4997; x_wconf 72' lang='grc' dir='ltr'>νουήλ,</span> <span class='ocrx_word' id='word_1_751' title='bbox 2390 4926 2695 4998; x_wconf 74' lang='grc' dir='ltr'>ἔμπροσθέν</span> <span class='ocrx_word' id='word_1_752' title='bbox 2749 4945 2808 4980; x_wconf 89' lang='grc' dir='ltr'><strong>τε</strong></span> <span class='ocrx_word' id='word_1_753' title='bbox 2875 4926 3033 4983; x_wconf 82' lang='grc' dir='ltr'>αὐτοῦ</span> <span class='ocrx_word' id='word_1_754' title='bbox 3088 4928 3181 4981; x_wconf 82' lang='lat' dir='ltr'><strong>xui</strong></span> <span class='ocrx_word' id='word_1_755' title='bbox 3223 4928 3441 4999; x_wconf 84' lang='grc' dir='ltr'>πρῶτον</span> <span class='ocrx_word' id='word_1_756' title='bbox 3486 4930 3734 4999; x_wconf 78' lang='grc' dir='ltr'>γενέσθαι</span> 
     </span>
    </p>
   </div>
   <div class='ocr_carea' id='block_1_107' title="bbox 2162 5018 3233 5091">
    <p class='ocr_par' dir='ltr' id='par_1_107' title="bbox 2162 5018 3233 5091">
     <span class='ocr_line' id='line_1_109' title="bbox 2162 5018 3233 5091; baseline -0.002 -18"><span class='ocrx_word' id='word_1_757' title='bbox 2162 5018 2296 5089; x_wconf 71' lang='grc' dir='ltr'>φησι</span> <span class='ocrx_word' id='word_1_758' title='bbox 2324 5020 2414 5073; x_wconf 85' lang='grc' dir='ltr'>τὸν</span> <span class='ocrx_word' id='word_1_759' title='bbox 2443 5019 2664 5090; x_wconf 75' lang='grc' dir='ltr'><strong>ὀψιγενῆ</strong></span> <span class='ocrx_word' id='word_1_760' title='bbox 2688 5037 2747 5073; x_wconf 87' lang='grc' dir='ltr'><strong>τε</strong></span> <span class='ocrx_word' id='word_1_761' title='bbox 2777 5020 2871 5072; x_wconf 84' lang='lat' dir='ltr'><strong>xui</strong></span> <span class='ocrx_word' id='word_1_762' title='bbox 2899 5021 3015 5091; x_wconf 88' lang='grc' dir='ltr'>μετ’</span> <span class='ocrx_word' id='word_1_763' title='bbox 3037 5019 3233 5086; x_wconf 84' lang='grc' dir='ltr'>αὖτόν;</span> 
     </span>
    </p>
   </div>
   <div class='ocr_carea' id='block_1_108' title="bbox 2232 5302 3724 5375">
    <p class='ocr_par' dir='ltr' id='par_1_108' title="bbox 2232 5302 3724 5375">
     <span class='ocr_line' id='line_1_110' title="bbox 2232 5302 3724 5375; baseline -0.001 -19"><span class='ocrx_word' id='word_1_764' title='bbox 2232 5305 2291 5356; x_wconf 91' lang='grc' dir='ltr'><strong>Β.</strong></span> <span class='ocrx_word' id='word_1_765' title='bbox 2333 5305 2676 5374; x_wconf 79' lang='grc' dir='ltr'>Ἐμπροσθεν</span> <span class='ocrx_word' id='word_1_766' title='bbox 2715 5304 2876 5357; x_wconf 83' lang='grc' dir='ltr'>αὐτὸν</span> <span class='ocrx_word' id='word_1_767' title='bbox 2918 5306 3011 5357; x_wconf 84' lang='lat' dir='ltr'><strong>xui</strong></span> <span class='ocrx_word' id='word_1_768' title='bbox 3040 5303 3254 5374; x_wconf 83' lang='grc' dir='ltr'>πρῶτον</span> <span class='ocrx_word' id='word_1_769' title='bbox 3280 5302 3539 5371; x_wconf 84' lang='grc' dir='ltr'>γενέσθαι</span> <span class='ocrx_word' id='word_1_770' title='bbox 3582 5306 3724 5375; x_wconf 62' lang='lat' dir='ltr'><strong>(mai,</strong></span> 
     </span>
    </p>
   </div>
   <div class='ocr_carea' id='block_1_109' title="bbox 2162 5388 3593 5464">
    <p class='ocr_par' dir='ltr' id='par_1_109' title="bbox 2162 5388 3593 5464">
     <span class='ocr_line' id='line_1_111' title="bbox 2162 5388 3593 5464; baseline -0.001 -18"><span class='ocrx_word' id='word_1_771' title='bbox 2162 5395 2302 5447; x_wconf 83' lang='grc' dir='ltr'>κατά</span> <span class='ocrx_word' id='word_1_772' title='bbox 2333 5410 2395 5462; x_wconf 85' lang='grc' dir='ltr'>γε</span> <span class='ocrx_word' id='word_1_773' title='bbox 2429 5394 2526 5464; x_wconf 84' lang='grc' dir='ltr'>τὴν</span> <span class='ocrx_word' id='word_1_774' title='bbox 2554 5393 2731 5459; x_wconf 81' lang='grc' dir='ltr'>δόξαν,</span> <span class='ocrx_word' id='word_1_775' title='bbox 2757 5394 2944 5464; x_wconf 83' lang='grc' dir='ltr'>ὥσπερ</span> <span class='ocrx_word' id='word_1_776' title='bbox 2973 5388 3065 5445; x_wconf 79' lang='grc' dir='ltr'>οὖν</span> <span class='ocrx_word' id='word_1_777' title='bbox 3100 5390 3276 5444; x_wconf 73' lang='grc' dir='ltr'>ἔπεισί</span> <span class='ocrx_word' id='word_1_778' title='bbox 3303 5408 3393 5461; x_wconf 92' lang='grc' dir='ltr'><strong>μοι</strong></span> <span class='ocrx_word' id='word_1_779' title='bbox 3427 5395 3593 5445; x_wconf 82' lang='grc' dir='ltr'>νοεῖν.</span> 
     </span>
    </p>
   </div>
   <div class='ocr_carea' id='block_1_110' title="bbox 2230 5502 3722 5577">
    <p class='ocr_par' dir='ltr' id='par_1_110' title="bbox 2230 5502 3722 5577">
     <span class='ocr_line' id='line_1_112' title="bbox 2230 5502 3722 5577; baseline -0.003 -18"><span class='ocrx_word' id='word_1_780' title='bbox 2230 5509 2295 5561; x_wconf 84' lang='grc' dir='ltr'><strong>Α.</strong></span> <span class='ocrx_word' id='word_1_781' title='bbox 2325 5506 2434 5561; x_wconf 83' lang='lat' dir='ltr'><strong>Kui</strong></span> <span class='ocrx_word' id='word_1_782' title='bbox 2477 5507 2582 5577; x_wconf 84' lang='grc' dir='ltr'>μὴν</span> <span class='ocrx_word' id='word_1_783' title='bbox 2639 5509 2721 5560; x_wconf 81' lang='grc' dir='ltr'><strong>ὅτι</strong></span> <span class='ocrx_word' id='word_1_784' title='bbox 2758 5505 3007 5577; x_wconf 85' lang='grc' dir='ltr'>κίϐδηλόν</span> <span class='ocrx_word' id='word_1_785' title='bbox 3052 5522 3111 5558; x_wconf 88' lang='grc' dir='ltr'><strong>τε</strong></span> <span class='ocrx_word' id='word_1_786' title='bbox 3148 5504 3243 5557; x_wconf 86' lang='lat' dir='ltr'><strong>xui</strong></span> <span class='ocrx_word' id='word_1_787' title='bbox 3273 5503 3484 5574; x_wconf 79' lang='grc' dir='ltr'>ἀμαθὲς</span> <span class='ocrx_word' id='word_1_788' title='bbox 3511 5504 3577 5557; x_wconf 82' lang='grc' dir='ltr'>τὸ</span> <span class='ocrx_word' id='word_1_789' title='bbox 3608 5502 3722 5573; x_wconf 74' lang='grc' dir='ltr'>τῇδε</span> 
     </span>
    </p>
   </div>
   <div class='ocr_carea' id='block_1_111' title="bbox 2161 5592 3723 5670">
    <p class='ocr_par' dir='ltr' id='par_1_111' title="bbox 2161 5592 3723 5670">
     <span class='ocr_line' id='line_1_113' title="bbox 2161 5592 3723 5670; baseline -0.004 -19"><span class='ocrx_word' id='word_1_790' title='bbox 2161 5602 2315 5663; x_wconf 86' lang='grc' dir='ltr'>νοεῖν,</span> <span class='ocrx_word' id='word_1_791' title='bbox 2347 5598 2445 5651; x_wconf 77' lang='grc' dir='ltr'><strong>οὐκ</strong></span> <span class='ocrx_word' id='word_1_792' title='bbox 2467 5600 2528 5651; x_wconf 81' lang='grc' dir='ltr'>ὲκ</span> <span class='ocrx_word' id='word_1_793' title='bbox 2554 5597 2777 5670; x_wconf 82' lang='grc' dir='ltr'>μακρῶν</span> <span class='ocrx_word' id='word_1_794' title='bbox 2800 5599 2919 5669; x_wconf 80' lang='grc' dir='ltr'>εἴσῃ</span> <span class='ocrx_word' id='word_1_795' title='bbox 2936 5596 3129 5665; x_wconf 79' lang='grc' dir='ltr'>λόγων.</span> <span class='ocrx_word' id='word_1_796' title='bbox 3152 5592 3599 5666; x_wconf 80' lang='grc' dir='ltr'>Παραδεξάμενοι</span> <span class='ocrx_word' id='word_1_797' title='bbox 3622 5594 3723 5662; x_wconf 73' lang='grc' dir='ltr'><strong>γὰρ</strong></span> 
     </span>
    </p>
   </div>
  </div>
