3846 6210
134 339 268 395 ΗΜ

1220 342 1308 397 DE
1345 343 1499 399 INCA
1511 340 1873 399 RNATIONE
1904 341 2275 398 UNIGENITI.

3242 350 3263 403 ί
3275 350 3381 404 250

128 456 188 510 τὸ
215 454 523 527 ἔμπροσθεν
552 455 633 519 είς
664 454 724 509 τὸ
747 454 971 527 ἄμεινον
1008 458 1067 510 ὲν
1112 458 1259 532 δόξῃ,
1290 460 1430 513 κατὰ
1468 460 1559 514 τὸν
1585 462 1700 514 ἴσον

1810 461 1876 515 de
1907 462 2213 531 praestantia
2247 460 2431 531 gloriae
2463 478 2476 515 :
2509 461 2697 516 eadem
2729 475 2944 531 quoque
2975 461 3184 517 ratione
3213 463 3377 515 etiam

131 565 231 599 που
260 547 416 615 λόγον
444 547 540 599 καὶ
571 546 632 599 τὸ
661 547 839 600 ὀπίσω
877 549 1147 619 φήσομεν,
1180 552 1242 603 τὸ
1275 552 1350 615 ὡς
1382 553 1439 603 ὲν
1464 551 1692 621 εὐκλείᾳ

128 638 376 709 δεύτερον
408 634 467 693 εὖ
496 640 645 709 μάλα
675 640 1031 710 καταδηλοῦν.

196 730 255 783 Β.
287 730 554 800 Περιέστη
576 729 640 800 δὴ
675 724 789 796 οὖν,
821 730 896 793 ὡς
933 730 1099 798 ἔοικε,
1128 732 1227 803 τῆς
1270 733 1514 788 Ἰωάννου
1544 736 1705 807 δόξης

128 823 387 891 ἡττᾶσθαι
448 822 700 893 Χριστὸν,
763 823 859 875 καὶ
924 822 1097 875 ὀπίσω
1150 823 1376 894 δραμεῖν
1430 826 1707 890 ἀσυνέτως

128 916 392 969 ὑπονοεῑνο
420 914 521 984 ἔφη
546 915 676 985 γὰρ,
699 915 781 967 ὅτι
821 914 1024 967 Ὀπίσω
1053 932 1151 983 μου
1186 914 1401 985 ἔρχεται
1436 917 1597 987 ἁνήρ.

196 1008 260 1059 Δ.
306 1005 412 1059 Φεῦ
462 1007 562 1075 τῆς
614 1005 863 1068 ἁτοπίαςί
923 1005 1230 1075 Οίησόμεθα
1288 1006 1396 1076 γὰρ
1455 1008 1552 1076 οὐχ
1603 1000 1705 1061 ὧδε

128 1098 291 1169 ἔχειν,
318 1100 694 1169 ὲννενοηκότες
726 1098 903 1170 ὀρθῶς
948 1098 1008 1152 τὸ
1056 1101 1113 1152 ὲν
1158 1099 1411 1170 Ψαλμοῖς
1456 1117 1704 1172 γεγραμ-

130 1192 310 1260 μένον,
350 1190 431 1242 ὄτι
464 1208 485 1240 ι
511 1190 552 1240 Τ
561 1190 607 1252 ίς
630 1191 689 1241 ὲν
717 1189 967 1257 νεφέλαις
1018 1188 1346 1259 ίσωθήσεται
1374 1189 1453 1261 τῷ
1480 1192 1702 1262 Κυρίῳ;

126 1282 221 1335 καὶ
244 1282 326 1344 τίς
357 1281 756 1350 ὁμοιωθήσεται
781 1280 858 1350 τῷ
887 1281 1006 1351 Θεῷ
1040 1284 1098 1335 ὲν
1127 1284 1267 1346 υἱοῖς
1292 1282 1424 1335 Θεοῦ
1447 1300 1462 1347 ;
1488 1302 1506 1334 ι
1548 1285 1703 1336 Ἀνα-

126 1372 307 1425 θετέον
347 1368 439 1424 οὖν
476 1371 584 1441 ἄρα
624 1372 719 1424 καὶ
754 1371 891 1441 μετὰ
940 1371 1140 1441 σαρκὸς
1188 1372 1338 1443 αὐτῷ
1374 1373 1437 1425 τὸ
1470 1374 1707 1445 πρεσϐύ-

124 1479 311 1527 τατον,
353 1461 427 1525 ὡς
465 1462 582 1532 Θεῷ
628 1463 768 1516 κατὰ
807 1462 966 1531 φύσιν
997 1462 1250 1515 ὲνωθέντι
1282 1463 1465 1533 σαρκὶ,
1510 1463 1602 1515 καὶ
1638 1463 1705 1516 τὰ

124 1553 225 1621 τῆς
255 1553 390 1616 ίδίας
416 1551 633 1623 φύσεως
684 1552 865 1621 ἀγαθὰ
894 1556 1221 1619 κοινοποιείν
1250 1553 1461 1606 εἰωθότι
1482 1554 1559 1624 τῷ
1591 1555 1705 1625 ίδίῳ

126 1643 363 1715 σώματι.

195 1736 256 1791 Β.
288 1738 514 1807 Ἀριστα
548 1735 706 1806 ἔφης.

194 1829 260 1881 Δ.
293 1827 462 1881 Τοῦτο
488 1827 531 1880 δ’
568 1828 634 1880 ἂν
673 1827 883 1898 μάθοις,
914 1822 1017 1881 ὧδέ
1044 1845 1107 1880 τε
1143 1827 1262 1897 ἔχον
1298 1828 1394 1880 καὶ
1418 1829 1705 1899 εἰρημένον

122 1918 320 1989 ὀρθῶς,
352 1919 444 1972 καὶ
471 1918 530 1983 ἐξ
556 1920 776 1990 ἑτέρων,
793 1913 838 1972 ὧ
861 1920 979 1983 τᾶν,
1004 1920 1165 1990 εἴπερ
1184 1920 1342 1984 ἕλοιο,
1371 1919 1703 1992 μαρτυριῶν.

127 2012 274 2082 Ἔφη
332 2010 431 2080 μὲν
470 2011 579 2081 γάρ
628 2027 733 2063 που
784 2010 915 2074 Θεὸς
963 2013 1097 2081 περὶ
1146 2010 1239 2063 τοῦ
1289 2014 1353 2064 ὲκ
1393 2012 1706 2082 σπέρματος

119 2101 310 2163 Δαὸὶδ,
348 2101 411 2155 τὸ
438 2102 578 2155 κατὰ
609 2102 788 2173 σάρκα
820 2103 1086 2173 Χριστοῦ,
1129 2102 1198 2155 δι’
1233 2103 1349 2165 ἑνὸς
1392 2105 1501 2157 τῶν
1534 2104 1705 2173 ἁγίων

123 2194 441 2266 προφητῶν·
481 2213 498 2244 ι
524 2195 631 2247 Καὶ
667 2196 752 2260 σὺ,
788 2195 1053 2266 Βηθλεὲμ,
1101 2191 1250 2259 οἶκος
1288 2196 1383 2249 τοῦ
1438 2198 1700 2269 Ἐφραϐᾶ.

116 2286 400 2355 ὀλιγοστὸς
446 2283 495 2338 εί
541 2285 635 2339 τοῦ
678 2282 817 2339 εἶναι
865 2289 922 2339 ἐν
975 2287 1216 2357 χιλιάσιν
1269 2288 1455 2341 Ἰούδα”
1506 2292 1569 2342 ὲκ
1607 2288 1701 2343 σοῦ

124 2394 219 2445 μοι
246 2376 586 2443 ἐξελεύσεται
606 2376 699 2430 τοῦ
730 2373 867 2431 εἶναι
896 2380 976 2442 είς
1002 2380 1243 2450 ἄρχοντα
1271 2381 1330 2431 ἐν
1359 2379 1435 2450 τῷ
1466 2382 1699 2452 Ἰσραὴλ,

119 2471 220 2522 καὶ
257 2471 312 2521 αί
351 2469 515 2533 ἔξοδοι
563 2469 727 2523 αὐτοῦ
770 2471 1022 2541 ἀπαρχῆς
1063 2470 1126 2535 ἐξ
1176 2472 1397 2542 ἡμερῶν
1437 2472 1651 2535 αίῶνος.
1677 2492 1697 2525 ι

120 2562 347 2635 Περὶδέ
375 2580 439 2631 γε
486 2563 594 2617 τῶν
632 2562 762 2616 υἱῶν
807 2562 1042 2634 Ἰσραὴλ,
1078 2566 1109 2616 6
1150 2562 1437 2634 ἱερώτατος
1472 2564 1699 2626 Παῦλος·

124 2675 147 2707 ν(
180 2658 303 2710 ’Ὁτι
352 2657 551 2719 πάντες
593 2657 670 2719 είς
721 2656 810 2709 τὸν
858 2656 1065 2724 Μωσῆν
1107 2654 1518 2726 ἐϐαπτίσθησαν
1551 2657 1609 2709 ὲν
1635 2659 1702 2727 τῇ

121 2749 324 2820 νεφέλῃ
366 2748 461 2802 καὶ
508 2750 565 2801 ὲν
610 2751 675 2818 τῇ
718 2748 982 2820 θαλάσσῃ,
1025 2757 1122 2799 και
1164 2747 1363 2809 πάντες
1398 2747 1593 2817 βρῶμα
1643 2748 1704 2799 τὸ

124 2837 495 2908 πνευματικὸν
546 2837 771 2906 ἔφαγον,
820 2838 916 2889 καὶ
964 2840 1167 2898 πάντες
1208 2836 1269 2888 τὸ
1300 2836 1431 2888 αὐτὸ
1463 2854 1704 2906 πνευμα-

118 2930 277 2983 τικὸν
314 2930 464 2983 ἔπιον
494 2930 667 3000 πόμα.
709 2931 931 2983 Ἐπινον
957 2931 1063 3000 γὰρ
1086 2930 1151 2982 ὲκ
1172 2930 1546 3000 πνευματικῆς
1570 2930 1700 2982 ἁκο-

118 3020 423 3088 λουθούσης
476 3022 703 3091 πέτρας.
767 3021 831 3072 Ἠ
883 3020 1057 3091 πέτρα
1103 3019 1162 3072 δὲ
1210 3015 1279 3090 ἦν
1320 3020 1348 3071 6
1394 3021 1645 3091 Χριστός.
1678 3040 1696 3071 ι

124 3110 322 3183 Ἀθρει
353 3111 416 3181 δὴ
451 3107 542 3164 οὖν
565 3113 621 3163 ὲν
647 3110 867 3182 Χριστῷ
904 3108 1078 3178 Ἰησοῦ
1115 3108 1237 3161 καθ’
1272 3110 1464 3163 ἕνωσιν
1497 3112 1702 3163 οίκονο-
1732 3134 1773 3189 C

122 3202 297 3274 μικὴν
340 3202 401 3255 τὸ
451 3202 633 3265 ίδικῶς
671 3202 767 3255 τοῦ
810 3202 982 3270 Λόγου
1038 3200 1429 3271 πρεσϐύτατον.
1483 3198 1559 3255 Ἦ
1608 3204 1707 3256 οὐκ

117 3298 363 3367 ἐναργὴς
423 3299 452 3349 6
500 3296 694 3364 λόγος;
746 3295 847 3347 Τὸν
899 3296 1005 3364 γάρ
1055 3311 1140 3345 τοι
1200 3294 1576 3366 Βηθλεεμίτην
1632 3296 1708 3360 ὡς

116 3388 414 3459 ἄνθρωπον
444 3387 538 3441 καὶ
567 3387 632 3439 ὲκ
659 3385 942 3455 γυναικὸς,
974 3386 1227 3455 άπαρχῆς
1274 3387 1466 3447 αίῶνος
1490 3387 1589 3451 τὰς
1618 3386 1707 3452 ἑξ-

116 3480 279 3543 όδους
307 3478 450 3549 ἐχειν
478 3476 537 3531 εὖ
564 3478 708 3549 μάλα
737 3478 919 3547 φησίν.
938 3478 1027 3532 Ἐν
1054 3480 1196 3549 ἀρχῇ
1225 3478 1333 3548 γὰρ
1360 3475 1449 3550 ἦν,
1485 3482 1579 3533 καὶ
1602 3482 1709 3552 πρὸ

116 3571 331 3636 παντὸς
363 3570 579 3636 αἰῶνος,
615 3573 643 3624 6
668 3570 1091 3641 ὲνανθρωπήσας
1122 3571 1314 3637 Λόγος,
1332 3574 1427 3625 καὶ
1452 3573 1614 3636 αὐτὸς
1638 3569 1707 3644 ἦν

117 3665 155 3732 ὴ
196 3661 407 3731 πέτρα,
447 3660 768 3730 δεδιψηκότα
808 3660 900 3712 τὸν
944 3659 1159 3730 Ἰσραὴλ
1207 3663 1319 3722 τοῖς
1349 3660 1479 3732 παρ’
1518 3662 1707 3715 ἐλπίδα

117 3756 222 3810 καὶ
249 3754 531 3824 ἀδοκήτοις
556 3752 911 3824 ὲκμεθύσκων
949 3751 1174 3821 νάμασι,
1206 3752 1384 3805 καίτοι
1426 3753 1706 3824 γεννηθεὶς

116 3844 270 3901 κατά
308 3861 372 3912 γε
406 3845 504 3916 τὴν
532 3845 713 3915 σάρκα
752 3844 845 3897 καὶ
886 3843 948 3896 τὸ
975 3843 1314 3914 ἀνθρώπινον
1356 3846 1414 3896 ὲν
1455 3846 1706 3915 ἐσχάτοις

115 3936 359 4007 καιροῖς,
391 3936 483 3988 καὶ
511 3934 866 4005 κεχρισμένος
895 3935 974 3996 εἰς
1005 3934 1105 4005 τὴν
1134 3936 1212 3998 είς
1245 3933 1451 4003 κόσμον
1475 3936 1707 3990 ἀποστοο

114 4027 221 4100 λὴν
253 4026 404 4098 παρὰ
435 4026 528 4080 τοῦ
554 4027 688 4081 Θεοῦ
719 4028 813 4080 καὶ
843 4025 1075 4095 Πατρός.
1124 4024 1558 4092 Κατωνόμασται
1596 4028 1705 4099 γὰρ

114 4122 222 4193 οὐχ
275 4121 463 4191 ἑτέρου
513 4138 607 4173 του
657 4118 837 4191 χάριν,
885 4117 1001 4171 ἀλλ’
1041 4117 1073 4187 ἢ
1123 4116 1210 4171 διὰ
1258 4121 1418 4174 τοῦτο
1446 4122 1702 4191 Χριστός

115 4213 360 4285 Χριστὸς
424 4212 480 4264 δὲ
517 4207 585 4281 ἦν
633 4212 665 4279 ὴ
716 4211 911 4281 πέτρα,
940 4210 1079 4262 κατὰ
1116 4211 1206 4264 τὸν
1244 4212 1474 4267 Παῦλον.
1502 4208 1579 4265 Ἦ
1614 4215 1706 4266 ὲν-

114 4305 370 4360 δοιαστὺν
392 4305 452 4357 τὸ
485 4305 673 4375 χρῆμα
695 4306 839 4376 ἐρεῖς
861 4320 874 4367 ;

190 4398 257 4450 Β.
292 4397 577 4467 Οὐδαμῶς.

1810 551 1957 617 illud,
1986 564 2125 621 post,
2155 555 2394 609 dicemus
2421 553 2726 623 signilicare
2754 554 3064 608 inferiorem
3094 554 3286 624 gloria.

1880 752 1939 804 B.
1983 752 2334 806 Statuendnm
2366 752 2544 820 itaque
2565 752 2693 816 erit,
2716 767 2836 806 meo
2855 751 3078 819 judicio.
3105 751 3377 808 Christum

1805 842 2011 898 Joanne
2038 844 2347 897 inferiorem
2376 844 2543 914 gloria
2571 859 2713 899 esse.
2746 844 2893 899 Dixit
2918 844 3060 898 enim
3093 863 3105 898 :
3138 845 3264 901 Post
3294 865 3379 903 me

1807 937 1983 991 veniet
2012 937 2111 992 vir.

1877 1027 1944 1083 A.
1983 1027 2138 1081 Absit
2174 1034 2320 1080 tanta
2353 1026 2693 1081 absnnlitas!
2724 1026 2904 1081 Facile
2935 1028 3078 1083 enim
3112 1029 3379 1099 iudicabi—

1808 1133 1927 1171 mus
1957 1133 2066 1171 rem
2096 1118 2165 1172 ita
2195 1133 2253 1171 se
2284 1134 2387 1172 non
2419 1119 2637 1184 habere,
2663 1120 2706 1174 si
2740 1120 2948 1174 illud°in
2977 1121 3208 1178 Psalmis
3235 1125 3375 1177 scri-

1806 1214 1955 1274 ptum
1990 1216 2135 1260 recte
2170 1208 2531 1276 intelligamus
2563 1226 2575 1262 :
2615 1226 2633 1259 ι
2673 1208 2937 1275 Quoniam
2973 1211 3094 1279 quis
3127 1211 3179 1265 in
3215 1212 3375 1266 nubi-

1807 1300 1906 1351 bns
1938 1299 2240 1366 aequabitur
2272 1298 2542 1353 Domino?
2574 1309 2627 1352 ct
2660 1300 2782 1368 quis
2816 1300 3009 1354 similis
3042 1304 3145 1356 erit
3180 1303 3291 1357 Deo
3323 1306 3375 1357 iu

1809 1390 1930 1444 ﬁliis
1961 1390 2153 1444 Dei"?
2190 1409 2207 1441 ι
2244 1390 2550 1444 Tribuenda
2584 1391 2762 1458 itaque
2792 1402 2876 1445 est
2907 1391 3028 1460 ipsi,
3061 1396 3222 1446 etiam
3256 1409 3378 1446 cum

1807 1496 1994 1547 carne,
2026 1482 2365 1551 antiquitatis
2382 1482 2764 1552 praerogativa,
2795 1484 3047 1536 nimirum
3071 1495 3128 1539 ut
3148 1484 3257 1540 Deo
3288 1501 3381 1539 na-

1810 1574 2053 1627 turaliter
2095 1576 2247 1627 unito
2292 1576 2466 1636 carni.
2505 1576 2705 1644 quique
2754 1576 2983 1644 propriae
3024 1592 3134 1630 sum
3182 1587 3382 1631 natura)

1702 1726 1703 1729 η
1807 1663 1946 1717 bona
1977 1665 2186 1732 corpori
2219 1665 2380 1723 etiam
2412 1680 2510 1718 suo
2540 1667 2942 1720 communicare
2968 1669 3273 1723 consuevit.

1880 1753 1940 1806 Β.
1982 1752 2194 1822 Optime
2224 1756 2379 1809 dicis.

1878 1846 1945 1900 A.
1988 1844 2100 1899 Hoc
2124 1861 2251 1900 vero
2278 1847 2348 1900 ita
2377 1862 2433 1901 se
2460 1847 2680 1915 habere,
2710 1856 2962 1917 recteque
2987 1850 3092 1905 dici
3121 1850 3284 1905 etiam
3313 1864 3379 1905 ex

1808 1935 1927 1990 aliis
1958 1936 2279 1990 testimoniis
2305 1937 2517 1990 discere
2544 1938 2763 2006 poteris.
2792 1936 2867 1990 lta
2896 1939 3039 1993 enim
3072 1940 3213 1994 Deus
3244 1939 3374 1993 alibi

1807 2041 1902 2093 per
1935 2026 2222 2096 quemdam
2270 2029 2652 2095 prophetarum
2697 2028 2763 2081 de
2803 2028 3018 2082 Christo
3061 2043 3127 2084 ex
3175 2030 3382 2083 semine

1808 2115 1973 2168 David
2009 2115 2302 2169 secundum
2341 2131 2561 2168 carnem
2603 2116 2837 2182 loquitur
2869 2135 2882 2170 :
2925 2136 2942 2167 ι
2986 2116 3053 2171 Ει
3092 2126 3180 2185 ιιι,
3219 2118 3382 2173 Beth-

1805 2204 2000 2269 lehem,
2025 2205 2211 2258 donms
2236 2203 2531 2272 Ephratba,
2555 2208 2773 2259 minima
2799 2222 2855 2262 es
2879 2206 2934 2260 in
2962 2208 3193 2262 millibus
3210 2205 3379 2274 Juda;

1805 2310 1869 2350 ex
1909 2305 1959 2349 te
1994 2296 2121 2348 mihi
2158 2297 2467 2364 egredietur
2499 2298 2589 2364 qui
2628 2298 2698 2351 sit
2735 2278 3041 2353 dominator
3075 2300 3128 2353 in
3162 2298 3328 2355 lsrael
3363 2315 3378 2352 :

1805 2394 1859 2440 et
1891 2400 2143 2455 egressus
2176 2386 2290 2453 ejus
2325 2388 2391 2441 ab
2430 2387 2582 2441 initio
2614 2403 2643 2440 a
2681 2388 2872 2444 diebus
2904 2391 3225 2446 :eternitatis
3243 2390 3315 2444 ”.
3354 2410 3374 2443 ι

1807 2476 1881 2531 De
1916 2476 2041 2530 ﬁliis
2079 2487 2255 2530 autem
2298 2475 2459 2530 Israel
2500 2478 2867 2531 divinissimus
2907 2477 3104 2534 Paulus
3128 2481 3211 2534 ita
3248 2482 3325 2535 ait
3359 2501 3375 2533 -.

1812 2587 1829 2619 ι
1863 2566 1998 2633 Quia
2029 2582 2216 2622 omnes
2240 2568 2299 2620 in
2334 2568 2514 2639 Moyse
2547 2570 2800 2639 baptizati
2831 2579 2957 2625 sunt
2990 2572 3040 2624 in
3076 2571 3217 2626 nube
3242 2581 3293 2627 et
3322 2573 3377 2626 in

1806 2658 1964 2722 mari,
1997 2667 2051 2711 et
2079 2673 2269 2712 omnes
2294 2660 2540 2711 eamdem
2572 2673 2754 2711 escam
2786 2658 3119 2726 spiuitualcm
3154 2660 3377 2713 mandu-

1806 2757 2089 2812 caverunt,
2125 2758 2179 2803 et
2210 2764 2398 2802 omnes
2432 2748 2682 2801 eumdem
2718 2761 2901 2816 p0tum
2936 2748 3265 2817 spiritualem
3298 2748 3379 2803 bi-

1806 2837 2018 2892 berunt.
2067 2838 2328 2891 Bibebaut
2381 2838 2525 2891 enim
2573 2838 2643 2892 de
2691 2838 2954 2905 spirituali
3010 2851 3379 2906 consequente

1806 2940 1898 2980 eos
1932 2936 2103 2994 petra.
2138 2923 2294 2977 Petra
2329 2932 2507 2977 autem
2540 2934 2655 2977 erat
2685 2924 2931 2980 Christus
2954 2926 3022 2979 ".
3065 2945 3082 2977 ι
3120 2926 3379 2980 Animad-

1806 3027 1955 3070 verte
1985 3017 2165 3084 itaque
2196 3017 2248 3069 in
2278 3015 2496 3069 Christo
2524 3014 2651 3069 Jesu
2684 3017 2893 3070 ratione
2921 3016 3141 3070 unitatis
3171 3031 3271 3085 per
3297 3018 3379 3070 in-

1807 3109 2173 3161 carnatiOuem
2221 3106 2373 3159 facta:
2416 3106 2742 3175 peculiarem
2777 3106 2936 3161 Verbi
2982 3108 3376 3176 antiquitatem.

1808 3198 1998 3252 Nonne
2044 3199 2136 3251 tibi
2181 3199 2312 3251 satis
2356 3208 2542 3267 aperte
2585 3198 2701 3252 hzec
2746 3199 2885 3253 dicta
2922 3200 3204 3254 videntur?
3244 3198 3376 3254 Nam

1806 3291 2276 3353 Bethlehemitam,
2296 3302 2352 3343 ut
2373 3291 2641 3345 hominem
2668 3299 2722 3343 et
2749 3304 2815 3343 ex
2842 3290 3063 3345 muliere
3090 3302 3291 3355 natum,
3311 3294 3380 3345 ab

1809 3386 1963 3440 initio
2010 3382 2188 3437 saeculi
2240 3397 2491 3451 egressus
2545 3382 2739 3434 habere
2796 3381 2945 3435 dicit.
3000 3382 3057 3435 In
3114 3384 3338 3453 principi
3360 3400 3379 3432 -σ

1806 3478 1949 3532 enim
1989 3485 2129 3539 erat,
2167 3486 2221 3529 et
2261 3484 2385 3527 ante
2421 3475 2599 3527 omnia
2640 3472 2834 3526 saecula
2882 3472 3216 3526 incarnatum
3250 3474 3377 3529 Ver-

1807 3570 1955 3633 bum,
1995 3577 2049 3621 et
2094 3569 2266 3636 ipsum
2310 3575 2427 3619 erat
2472 3575 2644 3631 petra,
2685 3566 2939 3619 lsraeletn
2987 3567 3075 3619 siti
3124 3566 3375 3622 allectum

1808 3660 2086 3730 repentina
2124 3668 2288 3727 atque
2323 3657 2595 3726 inopinata
2630 3672 2893 3727 aquarum
2927 3659 3256 3728 scaturigine
3290 3674 3379 3715 sa-

1808 3754 1969 3817 tians,
2000 3752 2209 3807 tametsi
2241 3759 2423 3804 natum
2450 3750 2519 3804 sit
2546 3748 2838 3803 secundum
2867 3764 3081 3805 carnem
3107 3761 3161 3803 et
3188 3752 3381 3805 ltumaa

1806 3845 2028 3899 nitatem
2078 3844 2130 3897 in
2178 3841 2487 3896 novissimis
2534 3843 2863 3908 temporibus
2907 3858 2921 3894 :
2973 3850 3273 3912 unctusque
3321 3842 3377 3897 In

1806 3935 2166 4006 apostolatum
2208 3936 2258 3987 in
2298 3934 2553 3987 mundum
2595 3948 2625 3986 a
2659 3932 2769 3987 Deo
2812 3949 2876 3987 ac
2912 3933 3089 3988 Patre.
3126 3934 3258 3987 Nam
3299 3934 3379 3990 id-

1807 4032 1973 4091 circo,
2007 4041 2184 4094 neque
2213 4026 2376 4079 aliam
2406 4028 2476 4079 ob
2504 4040 2719 4079 causam
2750 4035 2969 4079 vocatus
2993 4036 3075 4079 est
3102 4025 3373 4089 Christus,
3402 4026 3403 4029 “

1806 4123 1920 4175 sive
1956 4130 2168 4173 unctus.
2203 4117 2450 4172 Christus
2480 4126 2657 4171 autem
2688 4129 2805 4172 erat
2837 4126 3015 4185 petra,
3045 4118 3197 4187 juxta
3236 4119 3374 4174 Pau-

1808 4215 1936 4268 lum.
1978 4213 2134 4267 Anne
2182 4212 2531 4266 dubitandum
2579 4211 2679 4265 hac
2724 4212 2777 4264 in
2821 4224 2878 4265 re
2922 4211 3213 4281 quidquam
3255 4227 3375 4268 esse

1806 4303 2036 4358 censes?

1880 4395 1942 4448 Β.
1985 4394 2354 4463 Nequaquam.

189 4490 262 4543 Α.
310 4488 723 4557 Ἐπαγωνιεῖται
751 4489 808 4542 δὲ
845 4491 936 4543 καὶ
982 4486 1301 4561 συναθλήσει
1331 4491 1409 4561 τῷ
1433 4490 1575 4562 λόγῳ
1610 4492 1700 4544 καὶ

1882 4488 1947 4539 Δ.
1986 4486 2287 4540 Conﬁrmat
2332 4498 2459 4537 vero
2486 4483 2646 4537 hanc
2692 4485 3052 4551 sententiam,
3096 4494 3151 4538 et
3188 4494 3376 4541 tuetur

114 4580 147 4633 6
206 4580 371 4647 σοφὸς
425 4579 716 4649 Ἰωάννης,
766 4582 1049 4651 μονονουχὶ
1090 4583 1181 4633 καὶ
1226 4582 1559 4652 συναγείρων
1602 4582 1701 4647 τὰς

114 4670 339 4739 φύσεις,
374 4672 465 4723 καὶ
502 4673 581 4734 είς
610 4673 968 4741 μισγάγκειαν
996 4674 1142 4741 ἄγων
1165 4672 1271 4725 τῶν
1303 4674 1539 4745 ἑκατέρᾳ
1564 4692 1700 4745 πρε-

115 4760 340 4815 πόντων
368 4761 669 4831 ίδιωμάτων
717 4763 818 4833 τὴν
848 4762 1096 4833 δυνάμιν.
1149 4764 1256 4815 Θέα
1285 4764 1393 4835 γὰρ
1431 4764 1459 4816 ὅ
1498 4781 1661 4834 φησιν
1681 4782 1695 4796 ⁸

120 4870 142 4903 ι
170 4853 244 4903 Ὀ
286 4846 355 4921 ἦν
392 4852 665 4923 ἀπαρχῆς,
700 4853 728 4905 ὃ
774 4854 1111 4923 ἀκηκόαμεν,
1153 4854 1182 4907 ὂ
1224 4856 1549 4925 ἑωράκαμεν
1587 4859 1699 4919 τοῖς

112 4940 428 5012 ὀφθαλμοῖς
454 4942 632 5012 ήμῶν,
660 4943 688 4996 6
717 4942 1078 5013 ἐθεασάμεθα,
1119 4945 1211 4997 καὶ
1238 4944 1292 4996 αἱ
1334 4948 1515 5015 χεῖρες
1540 4946 1698 5014 ἡμῶν

114 5032 490 5102 ἐψηλάφησαν
530 5034 657 5104 περὶ
699 5033 792 5086 τοῦ
827 5035 1002 5102 Λόγου
1040 5036 1137 5103 τῆς
1179 5034 1344 5104 ζωῆς,
1393 5035 1490 5088 καὶ
1516 5038 1549 5105 ὴ
1585 5037 1697 5107 ζωὴ

112 5121 472 5192 ἐφανερώθη,
496 5122 589 5176 καὶ
609 5123 953 5193 ἑωράκαμεν,
972 5124 1064 5175 καὶ
1091 5123 1493 5196 μαρτυροῦμεν,
1522 5126 1700 5191 ἀπαγ-

112 5213 394 5284 γέλλομεν
424 5215 553 5285 ὑμῖν
578 5212 679 5284 τὴν
724 5212 869 5283 ζωὴν
895 5215 993 5284 τὴν
1022 5214 1258 5279 αίώνιον,
1293 5215 1413 5284 ἥτις
1454 5210 1521 5280 ἦν
1563 5216 1699 5285 πρὸς

112 5306 215 5359 τὸν
258 5305 496 5378 Πατέρα,
541 5307 635 5358 καὶ
671 5299 991 5377 ἐφανερώθη
1033 5308 1182 5376 ἡμῖν.
1212 5325 1229 5356 ι
1276 5306 1409 5358 Ἰδοὺ
1450 5306 1539 5358 τὸν
1575 5306 1703 5358 ὅντα

113 5396 407 5465 ἀπαρχῆς,
454 5391 634 5465 ὧφθαί
667 5399 733 5465 γέ
788 5415 951 5467 φησιν
998 5397 1263 5467 ἐναργῶς,
1309 5397 1594 5466 ὑπομεῖναί
1645 5415 1702 5450 τε

108 5489 213 5542 καὶ
238 5486 412 5558 ἁφήν.
463 5488 847 5560 Ἀνεκεκράγει
874 5488 982 5559 γὰρ
1022 5492 1050 5541 ό
1101 5489 1320 5558 Θωμᾶς⁸
1351 5508 1367 5540 ι
1400 5490 1456 5543 Ὀ
1499 5488 1702 5560 Κύριός

108 5594 221 5651 μου
239 5617 256 5643 ,
318 5580 411 5632 καὶ
435 5581 462 5633 ό
484 5579 616 5644 Θεός
644 5598 765 5651 μου,
792 5600 811 5633 ι
846 5582 1228 5653 ἀναμετρήσας
1260 5583 1507 5652 δακτύλῳ
1542 5582 1703 5634 πλευ-

198 5752 250 5785 ²¹
275 5749 420 5809 Psal.
452 5770 713 5819 Lxxxvut,
741 5755 792 5810 7.
890 5758 935 5788 "
968 5756 1127 5812 Mich.
1161 5771 1215 5821 ν,
1252 5757 1307 5813 2.

1808 4577 2061 4642 Joannes,
2090 4578 2250 4648 712
2282 4585 2489 4630 tantum
2522 4590 2624 4629 nou
2652 4591 2983 4645 congregans
3010 4578 3059 4630 in
3088 4594 3250 4633 unum
3276 4596 3385 4633 nat--

1808 4680 1955 4725 turas
1975 4707 1989 4731 ,
2022 4680 2075 4721 et
2107 4670 2491 4739 proprietatum
2526 4680 2642 4733 qua:
2672 4667 2884 4735 utrique
2911 4668 3238 4721 conveniunt
3266 4672 3371 4722 vim

1808 4777 1871 4815 ac
1896 4761 2147 4813 virtutem
2177 4760 2227 4812 in
2258 4774 2418 4811 unam
2449 4758 2803 4813 ronﬂuentem
2830 4759 3053 4811 ducens.
3076 4758 3206 4812 Vide
3231 4759 3373 4812 cnim

1805 4852 1936 4922 quid
1982 4852 2125 4905 dicat
2162 4868 2175 4904 :
2227 4868 2245 4899 ι
2290 4850 2440 4914 Quod
2481 4860 2600 4903 erat
2645 4850 2713 4902 ab
2758 4848 2941 4913 initio;
2985 4850 3127 4916 quod
3171 4850 3375 4902 audivi-

1810 4960 1947 5007 mus,
1983 4944 2125 5012 quod
2166 4942 2398 4995 vidimus
2437 4939 2608 4995 oculis
2654 4941 2884 5006 nostris;
2921 4946 3061 5009 quod
3100 4941 3374 5009 perspexi-

1806 5049 1960 5096 mus,
2002 5044 2056 5086 et
2099 5048 2289 5085 ntanus
2334 5040 2529 5084 nostra:
2573 5038 3048 5083 contrectaverunt
3094 5035 3161 5083 de
3196 5029 3374 5083 Verbo

1804 5126 1949 5178 vine.
1978 5122 2046 5177 Et
2075 5126 2182 5176 vita
2216 5122 2559 5177 manifestata
2595 5132 2707 5186 est,
2740 5133 2796 5175 et
2826 5122 3090 5184 vidimus,
3123 5131 3177 5175 et
3211 5131 3373 5176 testa‘

1807 5232 1948 5280 mnr,
1992 5216 2373 5269 annuntianms
2416 5214 2566 5269 vobis
2603 5214 2766 5268 vitam
2807 5223 3061 5267 arternam
3103 5228 3220 5281 qnze
3257 5221 3371 5266 erat

1804 5307 1943 5375 apud
1976 5307 2212 5372 Patrem,
2243 5318 2298 5361 et
2326 5308 2573 5377 apparuit
2603 5307 2756 5361 nobis
2776 5308 2843 5363 ".
2884 5325 2903 5358 ι
2940 5304 3098 5359 Vides
3129 5321 3249 5359 eum
3280 5306 3369 5372 qui

1806 5397 1906 5450 fuit
1931 5397 1998 5450 ab
2026 5396 2200 5461 initio,
2232 5396 2516 5451 manifeste
2540 5398 2713 5452 visum
2743 5397 2928 5461 fuisse,
2958 5407 3011 5449 et
3038 5396 3180 5465 tangi
3210 5396 3371 5449 susti-

1807 5488 2007 5542 nuisse.
2033 5486 2363 5541 Exclamavit
2389 5490 2529 5541 enim
2552 5486 2789 5542 Thomas
2816 5505 2829 5540 :
2862 5508 2880 5539 ι
2916 5487 3170 5540 Dominus
3198 5500 3371 5548 meus,

1806 5589 1861 5632 ct
1904 5578 2044 5633 Dens
2089 5594 2238 5633 meus
2266 5580 2333 5645 ",
2386 5598 2404 5631 ι
2453 5595 2572 5633 cum
2624 5589 2978 5649 pertentassct
3018 5579 3184 5649 digito
3229 5576 3368 5631 latu:I

1382 5758 1428 5788 “
1456 5757 1471 5810 l
1498 5757 1623 5812 Cor.
1656 5772 1712 5823 ι,
1741 5756 1865 5812 24.
1944 5756 1989 5788 ⁸⁸
2017 5758 2033 5811 Ι
2065 5756 2217 5813 Joan.
2252 5774 2286 5824 ι,
2326 5759 2375 5821 l,
2411 5759 2463 5811 2.
2540 5760 2585 5790 ’⁸
2615 5757 2771 5812 Juan.
2805 5772 2893 5821 xx,
2922 5757 3011 5813 28.
