3846 6210
442 262 574 319 1251

1431 252 1492 310 S.
1532 247 1809 306 CYRILLl
1848 239 2325 300 ALEXANDBINI
2363 239 2678 297 ARCHIEP.

3572 238 3597 289 1
3608 235 3722 290 252

443 380 713 452 corporis,
755 387 811 434 et
856 375 1201 447 pertnsiones
1244 373 1360 429 sive
1409 370 1676 427 foramina
1722 366 2017 422 clavorum.

2155 360 2224 414 κάν
2247 376 2306 412 τε
2341 358 2439 431 τὴν
2492 357 2743 429 σώματος
2784 358 2881 412 καὶ
2911 356 3013 421 τάς
3045 356 3360 429 διατρήσεις
3390 356 3503 409 τῶν
3538 356 3715 427 ἥλων.

441 473 580 541 Quin
613 482 669 527 et
701 471 914 526 divinus
945 467 1118 520 Lucas
1149 467 1227 520 ait
1256 471 1474 520 sanctos
1504 461 1778 531 apostolos
1810 468 2023 529 specta-

445 578 591 619 tores
627 574 681 617 et
724 561 1000 615 ministros
1027 557 1186 613 Verbi
1224 554 1482 610 fuisse".
1518 552 1719 607 Factus
1756 560 1841 605 est
1875 549 2022 603 enim

442 656 770 726 conspicuus
816 652 905 721 qui
957 660 1041 705 est
1086 650 1470 718 incorporeus,
1515 654 1571 700 et
1617 641 2024 699 contrectabiiis

444 748 534 817 qui
570 744 713 814 tangi
748 743 966 813 nequit,
999 755 1222 795 carnem
1253 754 1413 808 quam
1447 735 1625 790 induit
1655 750 1761 789 non
1793 733 2023 787 alienam

444 853 475 893 a
509 851 567 891 se
600 835 838 899 habens,
876 832 969 887 sed
1004 831 1281 901 pr0prinm
1316 828 1418 883 sibi
1458 827 1713 895 templum
1747 823 2021 888 elﬁciens;

445 939 499 982 et
548 943 669 981 cum
718 941 781 980 ea
834 923 1080 993 cognitus
1133 932 1190 976 ut
1242 922 1383 975 Deus
1433 927 1488 973 et
1540 918 1820 973 Dominus.
1872 914 2023 969 Nosti

446 1022 610 1073 etiam
636 1018 763 1088 quid
789 1016 1169 1072 sanctissimus
1195 1015 1282 1067 ille
1307 1012 1505 1067 Paulus
1528 1010 1721 1065 scribit
1746 1028 1759 1063 :
1786 1026 1805 1059 ‹
1834 1006 2023 1073 Nemo,

451 1113 647 1181 inquit,
691 1121 933 1167 nostrum
974 1107 1079 1162 sibi
1120 1107 1274 1167 vivit,
1318 1114 1373 1157 et
1415 1116 1576 1157 uento
1621 1100 1725 1154 sibi
1774 1100 2023 1153 moritur.

452 1204 577 1258 Sive
603 1203 748 1256 enim
774 1202 1026 1263 vivimus,
1058 1195 1566 1259 Dominn'vivimus;
1594 1193 1709 1247 sive
1739 1192 2021 1255 morimur,

456 1293 680 1347 Domino
702 1293 985 1346 morimur.
1016 1289 1140 1343 Sive
1165 1300 1292 1354 ergo
1321 1283 1573 1348 vivimus,
1601 1284 1716 1336 sive
1745 1280 2024 1346 morimur,

449 1385 660 1440 Domini
698 1398 906 1438 sumus.
944 1382 998 1434 ln
1039 1381 1140 1434 hoc
1177 1379 1319 1431 enini
1353 1375 1605 1431 Christus
1640 1383 1885 1426 mortuus
1920 1381 2023 1435 est,

448 1488 503 1530 et
534 1476 853 1538 resurrexit,
882 1482 939 1527 ut
971 1482 1023 1526 et
1055 1472 1299 1524 vivorum
1332 1477 1386 1522 et
1415 1477 1751 1520 mortuorum
1784 1462 2028 1516 domine-

448 1579 538 1623 tur
571 1568 638 1623 ³⁸.
674 1586 695 1619 ο
731 1565 956 1621 Constat
991 1563 1171 1632 itaque
1208 1561 1348 1629 quod
1384 1574 1572 1613 revera
1606 1557 1914 1612 dominatus
1959 1554 2029 1609 sit

452 1672 789 1714 mortuorum
822 1668 875 1710 et
904 1656 1227 1718 viventium,
1257 1652 1346 1722 qui
1380 1666 1485 1706 non
1517 1649 1585 1704 ob
1615 1650 1775 1703 aliam
1806 1662 2024 1703 causam

452 1769 612 1824 quam
640 1752 709 1808 ob
740 1753 880 1806 hanc
910 1749 1078 1805 solam
1112 1758 1360 1802 mortuus
1389 1756 1473 1800 est
1505 1755 1559 1799 et
1590 1743 1909 1798 resurrexit.

522 1928 585 1984 Β.
627 1929 878 1985 Omnino.

523 2025 587 2075 A.
630 2022 929 2088 Qneumam
985 2018 1148 2088 igitur
1189 2016 1433 2071 dicemus
1480 2013 1713 2070 subiisse
1765 2020 2029 2077 mortem,

453 2127 779 2182 rursumque
808 2108 1206 2165 resurrexisse?

524 2203 585 2256 Β.
626 2202 823 2257 Filitttn
853 2202 1117 2271 proiecto.

525 2296 591 2349 Α.
632 2292 825 2348 Filium
862 2294 1078 2363 quidem
1118 2303 1262 2349 recte
1299 2292 1460 2358 dicis,
1491 2301 1655 2361 atque
1684 2305 1785 2361 ego
1825 2291 1876 2346 id
1911 2304 2036 2361 pro-

453 2386 649 2440 barim.
688 2384 958 2440 Caeterum
998 2384 1104 2439 hoc
1146 2400 1211 2439 ex
1259 2394 1310 2439 te
1355 2384 1511 2438 velim
1558 2395 1921 2451 cognoscere,
1965 2396 2032 2434 an

456 2474 691 2529 Verbum
720 2492 787 2530 ex
816 2476 924 2530 Deo
952 2473 1116 2530 Patre
1144 2474 1217 2530 sit
1250 2472 1479 2529 mortale
1502 2482 1558 2527 et
1584 2473 1914 2542 corruptioni
1940 2472 2036 2527 ob-

454 2569 708 2630 noxium;
746 2583 814 2622 an
854 2568 1031 2637 potius
1071 2575 1245 2623 morte
1283 2574 1338 2621 et
1376 2565 1723 2636 corruptione
1761 2566 2032 2635 superius,

455 2668 512 2712 ut
540 2658 671 2714 vita.

526 2753 587 2809 l3.
628 2752 904 2809 Posterius
932 2769 1036 2810 noc
1063 2751 1465 2809 aliirmaverim.

526 2846 589 2897 Α.
633 2842 911 2910 Quomodo
939 2845 1103 2914 igitur
1128 2845 1358 2899 mortuis
1385 2850 1773 2898 annumeratus
1797 2852 1879 2897 est
1897 2886 1910 2910 ,
1941 2846 2032 2915 qui

456 2934 593 2987 liber
613 2945 697 2989 est
724 2936 1018 2988 secundum
1046 2933 1394 3004 Scriptores?
1420 2932 1603 3003 Neque
1628 2932 1773 2987 enim
1794 2930 2031 2988 Verbum

456 3042 551 3095 per
574 3040 632 3081 se
660 3026 793 3080 mori
824 3038 1007 3095 queat.

527 3115 586 3169 Β.
628 3116 764 3182 Quia
808 3128 1019 3170 mortua
1064 3116 1231 3187 ipsius
1268 3132 1455 3185 carne,
1493 3118 1608 3188 ipse
1650 3120 1751 3173 hoc
1796 3119 1903 3188 pati
1948 3117 2032 3172 di-

454 3206 561 3261 citu
572 3223 614 3262 r.

528 3301 593 3353 Α.
635 3299 956 3356 ltectissime
981 3301 1173 3357 sentis.
1198 3303 1457 3365 Proinde.
1484 3319 1592 3358 non
1619 3303 1821 3373 absque
1844 3317 2029 3369 carne,

455 3391 550 3446 sed
576 3392 756 3463 patius
783 3394 942 3447 simul
968 3410 1089 3448 cum
1119 3394 1209 3449 illa
1236 3395 1624 3451 dominationis
1651 3396 1877 3467 gloriam
1903 3410 2033 3450 con-

456 3496 675 3540 Secutus
701 3495 816 3549 est,
844 3487 936 3556 qui
969 3485 1081 3555 lege
1111 3488 1296 3542 carnis
1327 3496 1381 3542 et
1411 3500 1605 3543 natura
1639 3490 1798 3543 simili
1833 3498 2033 3544 nostra:

457 3586 700 3633 mortuus
737 3589 822 3634 est
859 3589 913 3633 et
952 3580 1265 3635 resurrexit.
1305 3580 1553 3636 llnmana
1590 3581 1808 3651 quidem
1852 3582 2033 3652 passio

455 3677 541 3723 est
575 3670 744 3731 mori;
782 3668 941 3739 713
977 3670 1214 3724 divinam
1252 3686 1379 3725 vero
1414 3672 1522 3723 vim
1560 3683 1723 3739 atque
1756 3675 2034 3739 Operatio-

457 3774 582 3815 nem
611 3766 940 3830 resurgendo
968 3762 1207 3814 ostendit
1240 3781 1253 3814 :
1287 3772 1345 3815 ut
1371 3776 1469 3831 per
1496 3773 1786 3832 utrumque
1817 3765 1915 3817 hoc
1942 3780 2033 3818 co-

456 3859 769 3919 gnoscatur,
808 3858 866 3903 et
907 3850 1100 3904 similis
1140 3850 1327 3916 nobis,
1367 3862 1425 3907 et
1469 3853 1626 3907 nobis
1669 3855 1934 3923 superior,
1980 3866 2037 3909 ut

459 3944 603 3998 Deus
653 3944 1047 4007 universorum,
1092 3953 1145 3997 et
1204 3944 1490 3998 nobiscum
1544 3945 1738 4010 factus,
1782 3957 2036 4001 cernatur

457 4052 580 4091 cum
611 4035 789 4089 Patre.
819 4035 929 4089 lloc
960 4045 1115 4103 pacto
1146 4035 1320 4104 ipsum
1351 4052 1683 4106 cognoscens
1710 4036 2032 4102 Nathanael,

457 4124 593 4178 dixit
649 4140 664 4177 :
720 4142 738 4175 ι
800 4123 1075 4192 Magister,
1138 4132 1191 4177 tu
1236 4140 1295 4181 es
1333 4125 1502 4181 Filius
1545 4128 1669 4195 Dei;
1737 4139 1791 4183 tu
1836 4145 1895 4183 es
1940 4146 2034 4184 rex

456 4213 707 4268 Israel”.
741 4234 760 4266 ι
792 4214 911 4285 Ipse
966 4230 1095 4269 vero
1139 4215 1253 4270 suis
1307 4217 1591 4287 discipulis
1633 4219 1847 4287 inquit:
1880 4239 1897 4271 ‹
1925 4219 2036 4276 Vos

2124 451 2457 521 Γεγενῆσθαι
2502 450 2561 504 δέ
2594 466 2727 520 φησι
2765 450 2893 513 τοὺς
2926 450 3120 519 ἀγίους
3162 447 3499 513 ἀποστόλους
3543 450 3646 502 καὶ
3690 451 3724 503 6

2125 543 2266 605 θεῖος
2293 545 2427 613 ἡμῖν
2462 543 2681 605 Λουκᾶς
2733 541 3009 604 αὐτόπτας
3055 558 3118 594 τε
3160 540 3258 594 καὶ
3289 537 3584 610 ’ὑπηρέτας
3619 540 3721 593 τοῦ

2125 635 2321 703 Λόγου.
2346 635 2542 702 Γέγονε
2571 634 2680 705 γάρ
2696 633 2946 705 ἐμφανὴς
2974 636 3003 688 ό
3025 631 3337 704 ἀσώματος,
3373 633 3470 685 καὶ
3496 632 3678 695 ἁπτὸς
3695 635 3726 685 6

2126 727 2358 799 ἀναφὴς,
2384 727 2486 779 οὐκ
2513 726 2719 779 ὀθνεῖον
2739 726 2879 795 ἔχων
2907 726 2987 779 ἔτι
3013 724 3330 797 περίϐλημα
3358 725 3459 795 τὴν
3478 723 3593 777 ἀπὸ
3612 724 3729 793 γῆς

2128 818 2325 889 σάρκα,
2353 817 2467 871 ἀλλ’
2504 817 2633 870 ἴδιον
2665 817 2838 887 αὐτὴν
2870 817 3239 887 ποιησάμενος
3285 817 3433 882 ναὸν,
3476 816 3576 868 καὶ
3623 817 3728 869 σὺν

2127 911 2263 981 αὐτῇ
2297 909 2718 980 γνωριζόμενος,
2749 908 2825 973 ὡς
2852 909 2987 972 Θεὸς
3013 908 3108 961 καὶ
3135 908 3359 980 Κύριος.
3391 906 3730 977 Γεγραςξότα

2127 1001 2184 1054 δὲ
2220 998 2378 1055 οἶσθά
2425 1019 2527 1054 που
2578 1000 2669 1054 τὸν
2712 1001 3007 1072 ἱερώτατον
3056 1000 3288 1053 Παῦλον·
3341 1000 3579 1062 «Οὐδεὶς
3613 999 3728 1068 γὰρ

2129 1094 2287 1165 ἡμῶν
2315 1094 2498 1165 ἑαυτῷ
2525 1093 2616 1164 ζῇ,
2644 1094 2740 1147 καὶ
2775 1094 2949 1157 οὐδεὶς
2980 1092 3159 1164 ἑαυτῷ
3191 1092 3551 1163 ἀποθνήσκει.
3597 1091 3726 1144 Ἐάν

2130 1204 2187 1240 τε
2220 1186 2329 1257 γὰρ
2357 1184 2560 1256 ζῶμεν,
2583 1184 2660 1255 τῷ
2689 1185 2880 1256 Κυρίῳ
2910 1185 3116 1255 ζῶμενο
3150 1184 3243 1237 ἐάν
3270 1200 3329 1236 τε
3360 1182 3733 1252 ἀποθνήσκω-

2133 1295 2251 1348 μεν,
2292 1276 2370 1347 τῷ
2413 1277 2608 1348 Κυρίῳ
2647 1276 3085 1346 ἀποθνήσκομεν.
3123 1275 3250 1328 Ἐάν
3281 1291 3342 1327 τε
3380 1269 3475 1327 οὗν
3514 1272 3731 1343 ζῶμεν,

2129 1368 2226 1422 ἐὰν
2257 1386 2317 1422 τε
2348 1368 2807 1439 ἀποθνήσκωμεν,
2852 1368 2948 1421 τοῦ
2974 1368 3181 1437 Κυρίου
3216 1368 3403 1439 ἐσμέν.
3444 1368 3544 1430 El;
3568 1366 3735 1420 τοῦτο

2130 1461 2238 1531 γὰρ
2267 1458 2502 1529 Χριστὸς
2530 1456 2794 1520 ἀπέθανε,
2842 1460 2934 1511 καὶ
2981 1458 3196 1529 ἔζησεν,
3244 1458 3331 1510 ἵνα
3377 1458 3475 1511 καί
3511 1458 3736 1529 νεκρῶν

2130 1552 2227 1605 καὶ
2256 1549 2473 1614 ζώντων
2504 1549 2790 1622 κυριεύσῃ.
2824 1569 2841 1599 ι
2890 1550 3125 1621 Ἀραρεν
3154 1544 3267 1613 οὖν,
3306 1549 3387 1602 ὅτι
3433 1549 3737 1620 κεκυρὶευ-

2134 1664 2229 1701 κεν
2256 1646 2472 1715 ἀληθῶς
2501 1645 2717 1716 νεκρῶν
2746 1661 2807 1696 τε
2839 1644 2934 1697 καί
2974 1644 3192 1708 ζώντων
3218 1644 3247 1696 6
3298 1642 3372 1714 μὴ
3404 1644 3602 1714 ἐτέρου
3634 1660 3734 1695 του

2064 1715 2107 1770 Β
2136 1742 2315 1812 χάριν,
2351 1740 2384 1809 ἢ
2417 1741 2499 1793 ὅτι
2526 1715 2680 1792 τοῖνδε
2737 1740 2832 1791 καὶ
2869 1738 3035 1809 μόνου
3069 1734 3301 1800 τεθνεὼς
3342 1738 3440 1790 καὶ
3485 1738 3734 1807 ὲγηγερο

2138 1833 2317 1903 μένος.

2208 1926 2271 1978 Β.
2306 1925 2566 1995 Ἀραρεν.

2207 2017 2271 2067 Δ.
2303 2015 2439 2067 Τίνα
2466 2014 2530 2085 δὴ
2564 2009 2675 2078 οὗν,
2720 2008 2766 2068 ὧ
2801 2016 3041 2083 γενναῖε,
3069 2012 3272 2084 φαμὲν,
3294 2011 3372 2076 ὠς
3411 2011 3593 2064 ὑπέδυ
3631 2009 3731 2080 μὲν

2136 2108 2389 2173 θάνατον,
2420 2106 2620 2161 ἀνεϐίω
2649 2107 2709 2160 δὲ
2737 2103 2838 2172 αὖς

2205 2201 2267 2254 Β.
2301 2200 2403 2253 Τὸν
2431 2199 2559 2253 Υίὸν
2584 2198 2844 2271 δηλονότι.

2196 2296 2263 2347 Δ.
2315 2290 2453 2345 Ἀλλ’
2480 2292 2564 2346 ὅτι
2597 2291 2697 2362 μὲν
2726 2292 2817 2345 τὸν
2858 2290 3008 2356 Υἰδν,
3042 2284 3101 2344 εὖ
3129 2290 3329 2357 λέγεις’
3361 2289 3730 2358 ἐπαινέσομαι

2134 2383 2242 2456 γὰρ
2267 2379 2381 2438 οὖν.
2413 2383 2691 2455 Ἐθέλοιμι
2718 2384 2843 2439 δ’ἄν
2873 2400 2964 2437 σου
2990 2382 3298 2453 διαμαθεῖν,
3332 2382 3571 2453 πότερον
3605 2380 3731 2450 θνῆ-

2133 2476 2224 2539 τδς
2289 2477 2383 2531 καὶ
2418 2476 2596 2549 φθορᾷ
2636 2477 2868 2547 κάτοχος
2894 2477 2923 2529 ό
2964 2478 3030 2528 ὲκ
3057 2475 3189 2529 Θεοῦ
3219 2475 3432 2546 Πατρὸς
3468 2473 3728 2542 Λόγος,ῆ

2136 2569 2277 2638 πέρα
2312 2568 2541 2622 θανάτου
2570 2569 2664 2622 καὶ
2696 2568 2899 2639 φθορᾶς
2928 2566 3189 2636 ἀμείνων,
3223 2566 3297 2629 ὠς
3322 2566 3458 2636 ζωή.

2207 2747 2267 2802 Β.
2304 2746 2461 2801 Οὕτω
2489 2748 2653 2819 φημί.

2205 2843 2268 2893 A.
2303 2835 2438 2893 Εἶτα
2480 2839 2599 2904 πῶς
2644 2840 2867 2908 γέγονεν
2924 2840 2982 2891 ἐν
3020 2841 3253 2910 νεκροῖς,
3294 2840 3391 2892 καὶ
3438 2838 3725 2909 ὲλεύθεμ

2135 2930 2230 2997 ὣν,
2275 2930 2418 2984 κατά
2461 2930 2561 2994 τὰς
2612 2930 2868 3001 Γραφάς;
2919 2929 3154 3001 Τεθναίη
3194 2930 3302 2999 γὰρ
3339 2930 3406 2983 ἂν
3450 2929 3577 2983 οὔτι
3628 2948 3723 2983 που

2060 3054 2103 3111 C
2136 3024 2258 3077 καθ’
2284 3024 2475 3077 ἑαυτὸν
2502 3025 2531 3076 ό
2559 3024 2751 3091 Λόγος.

2208 3124 2270 3176 Β.
2304 3124 2426 3176 Ὅτι
2446 3121 2751 3193 τεθνεώσης
2785 3120 2947 3175 αὐτοῦ
2975 3121 3076 3192 τῆς
3119 3121 3341 3192 σαρκὸς,
3373 3120 3538 3183 αὐτὸς
3570 3119 3725 3172 τοῦτο

2134 3210 2352 3279 λέγεται
2381 3209 2595 3263 παθεῖν.

2204 3305 2269 3359 Α.
2308 3301 2608 3375 Ὀρθότατά
2651 3320 2715 3372 γε
2762 3302 2854 3356 καὶ
2888 3302 3161 3365 ἀπλανῶς.
3216 3302 3449 3367 Οὐκοῦν,
3494 3304 3556 3355 οὐ
3604 3303 3723 3372 δέχα

2134 3395 2357 3465 σαρκὸς.
2387 3395 2482 3448 σὺν
2511 3394 2648 3465 αὐτῇ
2679 3395 2736 3448 δὲ
2769 3393 2971 3464 μᾶλλον
2994 3395 3096 3448 καὶι
3123 3395 3241 3465 μετ’
3268 3394 3463 3465 αὐτῆς,
3500 3396 3602 3465 τὴν
3628 3398 3721 3463 τῆς

2133 3485 2455 3555 κυριότητος
2503 3484 2803 3556 ἀνεδήσατο
2858 3484 3040 3550 δόξαν,
3086 3489 3115 3539 ό
3175 3486 3325 3556 νόμῳ
3383 3470 3592 3553 σαρκός
3633 3484 3720 3537 καὶ

2136 3576 2295 3648 φύσει
2326 3579 2394 3648 τῇ
2426 3576 2549 3631 καθ’
2582 3579 2729 3647 ἡμᾶς
2759 3576 2991 3640 τεθνεὼς
3037 3579 3128 3631 καὶ
3160 3578 3556 3649 ἐγηγερμένος.
3602 3578 3716 3629 Ἀν-

2135 3668 2408 3742 θρώπινον
2431 3669 2529 3738 μὲν
2548 3668 2608 3722 τὸ
2629 3669 2880 3724 τεθνάναι
2910 3670 3103 3735 πάθος,
3151 3671 3432 3740 ἐνέργημα
3460 3671 3517 3723 δὲ
3544 3669 3717 3723 θεῐκὺν

2134 3764 2193 3815 τὸ
2237 3761 2538 3816 ἀναϐιῶναι
2589 3761 2824 3827 δεικνὺς,
2882 3762 2967 3815 ἴνα
2998 3763 3067 3815 δι’
3114 3763 3315 3833 ἀμφοῖν
3360 3762 3714 3834 γνωρίζηται,

2136 3854 2259 3908 καθ’
2294 3855 2447 3925 ἡμᾶς
2473 3870 2533 3906 τε
2559 3853 2677 3924 ἅμα
2704 3855 2798 3906 καὶ
2827 3854 2967 3924 ὑπὲρ
2995 3857 3027 3924 ή
3038 3856 3142 3925 μᾶς
3172 3856 3246 3918 ὡς
3271 3856 3406 3919 Θεὸς
3426 3858 3539 3909 τῶν
3561 3858 3714 3919 ὅλων,

2136 3948 2230 4001 καὶ
2255 3947 2377 4015 μεθ’
2407 3949 2439 4017 ἡ
2450 3946 2568 4017 μῶν
2594 3949 2858 4016 γεγονὼς,
2889 3948 3062 4018 ὁρῷτο
3093 3949 3234 4019 μετὰ
3268 3950 3505 4019 Πατρός.
3536 3950 3719 4013 Οὕτως

2136 4038 2298 4091 αὐτὸν
2324 4040 2353 4091 ὁ
2386 4037 2683 4109 Ναθαναὴλ
2727 4041 3128 4106 ἐπιγινώσκων,
3165 4041 3391 4110 ἔφασκε·
3447 4062 3467 4093 r
3510 4045 3718 4105 Ῥαϐϐὶ,

2137 4133 2203 4184 σὺ
2263 4128 2315 4185 εἴ
2373 4134 2402 4183 6
2468 4131 2593 4194 Υἱὸς
2653 4131 2749 4184 τοῦ
2807 4131 2977 4199 Θεοῦ,
3039 4135 3106 4187 σὺ
3155 4130 3205 4187 εἷ
3250 4137 3279 4188 6
3320 4135 3580 4205 βασιλεὺς
3630 4137 3718 4190 τοῦ

2136 4224 2376 4295 Ἰσραήλ.
2407 4244 2425 4275 ι
2449 4224 2617 4287 Αὐτὸς
2642 4225 2698 4277 δὲ
2722 4228 2835 4289 τοῖς
2854 4226 3048 4279 ἑαυτοῦ
3072 4225 3362 4299 μαθηταῖς·
3391 4248 3409 4279 ι
3444 4229 3639 4299 Ὑμεῖς
3668 4232 3719 4284 δὲ

457 4316 638 4360 autem
664 4305 868 4358 vocatis
898 4320 981 4358 me
1009 4303 1298 4358 Dominum
1330 4317 1383 4359 et
1416 4307 1766 4376 magistrum;
1804 4322 1859 4365 et
1890 4324 2025 4367 recte

2155 4316 2351 4369 ιαλεῖτέ
2394 4333 2482 4385 με,
2528 4317 2715 4387 φησὶν,
2760 4318 2789 4369 6
2836 4317 3041 4389 Κύριος
3087 4319 3182 4373 καὶ
3228 4320 3587 4385 διδάσκαλος,
3632 4326 3720 4375 καὶ

457 4396 665 4462 dicitis,
703 4411 820 4451 sum
860 4397 1003 4449 enim
1034 4395 1100 4448 '°.
1147 4415 1165 4447 ι
1206 4395 1285 4451 Re
1318 4411 1498 4452 autem
1537 4400 1650 4467 ipsa
1687 4400 1742 4455 id
1777 4417 2025 4472 compro-

2155 4407 2317 4472 ιαλῶς
2348 4409 2558 4477 λέγετε·
2590 4396 2707 4478 εἰμί
2732 4409 2859 4480 γάρ.
2892 4429 2910 4462 ›
2950 4411 3140 4482 Ἔργῳ
3155 4411 3208 4464 δὲ
3234 4412 3364 4465 αὐτὸ
3391 4415 3722 4484 πιστευόμε-

457 4492 611 4552 bans,
642 4489 868 4544 remittit
896 4499 1136 4558 peccata,
1165 4499 1219 4543 et
1248 4501 1569 4559 [mleslaleni
1598 4494 1747 4547 dedit
1774 4496 2025 4552 adversus

2155 4518 2244 4565 νος,
2280 4502 2462 4572 ἀνίησι
2510 4501 2609 4572 μὲν
2652 4502 2948 4573 ἁμαρτίας,
2980 4503 3231 4569 ἐξουσίαν
3267 4503 3325 4557 δὲ
3370 4503 3547 4558 ἔδωκε
3588 4508 3721 4560 κατὰ

456 4581 680 4652 spiritus
709 4581 1034 4645 immundos,
1065 4582 1138 4634 ita
1167 4592 1229 4636 ut
1258 4585 1463 4651 possint
1494 4585 1692 4651 ejicere
1719 4602 1833 4654 eos,
1864 4598 1919 4643 et
1943 4605 2025 4645 sa-

2155 4594 2463 4664 τνευμάτων
2510 4593 2859 4665 ἀκαθάρτων,
2912 4594 3050 4648 ὥστε
3092 4595 3374 4649 ἐκϐάλλειν
3413 4598 3586 4661 αὐτὰ,
3635 4602 3720 4652 καὶ

458 4687 589 4725 nare
614 4685 773 4724 onme
798 4685 969 4740 genus
1000 4672 1170 4726 morbi
1200 4672 1560 4743 popularis".
1587 4674 1778 4734 Nonne
1804 4681 1947 4734 enim
1977 4681 2025 4735 in

2155 4686 2464 4758 ίεραπεύειν
2495 4688 2674 4740 πᾶσαν
2713 4687 2866 4739 νόσον
2897 4688 2992 4740 καὶ
3023 4689 3202 4742 πᾶσαν
3240 4687 3522 4758 μαλακίαν
3558 4691 3621 4744 ὲν
3652 4691 3719 4760 τῷ

457 4762 672 4817 nomine
710 4761 836 4817 Jesu
879 4764 1078 4818 Christi
1122 4762 1387 4820 Nazareni
1432 4780 1660 4822 sanatur
1697 4770 1923 4827 claudus
1963 4788 2025 4827 ex

2155 4775 2271 4845 iaC-.3.
2297 4772 2372 4827 *Η
2404 4777 2507 4829 οὐκ
2531 4777 2587 4828 ἐν
2614 4775 2839 4844 ὀνόματι
2887 4777 3061 4847 Ἰησοῦ
3095 4776 3333 4847 Χριστοῦ
3367 4779 3715 4851 Ναζωραίου,

455 4865 686 4925 utroque
725 4856 877 4924 pede.
918 4858 1110 4912 sedens
1148 4858 1215 4912 ad
1256 4871 1467 4928 portam
1508 4876 1627 4929 qum
1666 4863 1863 4917 dicitur
1900 4863 2025 4934 Spe-

2155 4866 2531 4934 ;εθεράπευται
2581 4866 2679 4937 μὲν
2717 4868 2746 4919 6
2780 4865 2862 4919 τὼ
2903 4869 3032 4921 πόδε
3066 4867 3471 4939 λελωϐημένος,
3520 4874 3625 4926 καὶ
3659 4878 3715 4943 τῇ

455 4947 599 5000 ciosa
621 4946 705 5000 "1’
731 4946 805 5001 lta
835 4948 998 5002 etiam
1031 4964 1060 5001 a
1093 4949 1349 5004 diuturno
1379 4954 1808 5024 gravissimoque
1842 4957 2025 5011 morbo

2155 4960 2310 5031 ὸραίᾳ
2350 4959 2698 5031 προσιζάνων
2743 4960 2929 5034 πέλτῃ
2977 4962 3287 5032 ἀρρωστίαν
3328 4962 3384 5015 δὲ
3448 4963 3553 5035 τὴν
3590 4966 3717 5018 οὕτω

456 5037 716 5093 liberatus
745 5048 827 5093 est
855 5038 1078 5106 Encas,
1106 5040 1317 5096 dicente
1347 5042 1413 5097 ad
1444 5055 1565 5097 eum
1598 5045 1780 5101 divino
1809 5046 1975 5102 Paulo
2013 5066 2027 5101 :

461 5148 480 5181 ι
514 5128 712 5196 JEnea,
744 5141 904 5185 sanat
935 5142 986 5187 tc
1016 5131 1175 5189 Jesus
1207 5133 1458 5190 Christus
1472 5133 1539 5188 ⁸³.
1579 5154 1597 5187 ι

528 5308 591 5362 Β.
629 5309 703 5363 Ita
733 5318 837 5365 est.

528 5402 593 5455 A.
633 5396 793 5456 Omni
821 5400 983 5472 igitur
1008 5418 1073 5458 οι
1102 5415 1256 5476 parte
1280 5408 1542 5478 compulsi
1572 5411 1638 5466 ad
1667 5413 1945 5469 veritatem
1974 5424 2031 5469 et

2133 5049 2350 5120 μακρὰν
2381 5050 2733 5116 ἀπεσείσατο,
2760 5050 2858 5102 καὶ
2899 5050 3093 5121 κομιδῇ
3123 5050 3520 5118 δυσδιάφυκτον
3544 5053 3717 5124 διέδρα

2130 5142 2284 5193 νόσον
2338 5141 2560 5205 Αἰνέας,
2619 5142 2756 5212 πρὸς
2800 5141 2859 5193 ὃν
2912 5143 2941 5195 6
2984 5141 3270 5207 θεσπέσιος
3319 5143 3425 5214 ἔφη
3488 5146 3712 5211 Παῦλος·

2136 5253 2153 5283 ι
2178 5234 2363 5299 Αἰνέα,
2390 5235 2534 5287 ἰᾶταί
2559 5252 2619 5287 σε
2657 5235 2867 5305 Ἰησοῦς
2887 5236 2914 5288 ό
2939 5235 3195 5307 Χριστός.
3236 5256 3256 5288 ι

2206 5326 2267 5377 B.
2307 5325 2552 5396 Ἀληθές.

2208 5419 2271 5471 Λ.
2313 5418 2658 5488 Πανταχόθεν
2696 5414 2788 5471 οὖν
2831 5418 2940 5490 ἄρα
2985 5404 3383 5490 συνωθούμενοι
3412 5423 3557 5494 πρὸς
3595 5424 3714 5493 ἀλή-

783 5607 887 5699 ιᾶιε
985 5610 1029 5641 ’⁸
1052 5609 1207 5668 Rom.
1242 5628 1352 5681 xw,
1373 5613 1492 5668 7-9.
1570 5615 1613 5647 ”
1637 5613 1792 5670 Joan.
1827 5631 1865 5681 ι,
1894 5616 1984 5675 49.

2155 5618 2288 5676 [0³η.
2328 5636 2447 5690 xm,
2479 5620 2572 5676 15.
2653 5621 2696 5652 ⁸¹
2722 5620 2913 5679 Matth.
2947 5637 3003 5688 ι,
3029 5621 3082 5676 8.
3159 5624 3205 5655 ³³
3226 5623 3349 5681 Act.
3377 5642 3466 5695 tu,
3500 5628 3534 5681 ‘3
3563 5642 3709 5699 seqq.

461 5678 508 5711 ⁸³
529 5679 648 5732 Act.
688 5693 762 5744 ιχ,
794 5677 884 5733 54.
