3846 6210
185 290 320 347 1253

1308 292 1494 359 QUOD
1534 292 1724 350 UNUS
1762 289 1871 347 SIT
1910 291 2281 348 CHRISTUS.

3284 292 3419 349 1254

183 408 351 473 θειαν,
388 408 483 462 καὶ
512 407 574 462 τὸ
612 408 723 473 τοῖς
760 408 925 481 ἱεροῖς
956 409 1252 483 Γράμμασι
1287 411 1479 465 δοκοῦν
1525 414 1745 483 ἰχνηλα⁹

1863 424 2123 471 tacrarum
2165 409 2568 480 Scripturarum
2604 408 2910 464 auctoritati
2948 406 3293 478 acquiescere
3324 423 3420 463 vo-

180 501 291 551 τεϊν
329 492 387 552 εὖ
442 497 587 570 μάλα
625 499 1037 568 σπουδάζοντες,
1074 501 1168 555 καὶ
1208 504 1327 565 ταῖς
1371 501 1479 556 τῶν
1527 503 1749 573 πατρῶν

180 591 433 661 ἑπόμενοι
473 591 672 655 δόξαις,
699 592 788 645 τὸν
811 592 876 646 ὲκ
901 591 1055 664 ῥίζης
1098 594 1317 657 Ἰεσσαὶ,
1356 595 1445 648 τὸν
1484 597 1548 648 ὲκ
1579 596 1749 666 σπέρ-

183 700 349 753 ματος
378 681 563 745 Δαΰὶδ,
590 682 683 735 τὸν
712 686 775 737 ὲκ
812 683 1067 751 γυναικὸς
1103 684 1244 737 κατὰ
1277 684 1476 754 σάρκα,
1510 685 1600 738 τὸν
1632 687 1750 756 μεθ’

179 774 335 844 ἡμῶν
364 774 467 826 ὑπὸ
506 774 669 844 νόμον
708 774 782 836 ὠς
810 774 1117 846 ἄνθρωπον,
1153 776 1247 829 καὶ
1279 777 1418 847 ὑπὲρ
1444 778 1589 847 ἡμᾶς
1613 778 1750 847 ὑπὲρ

179 866 341 935 νόμον
368 866 443 928 ὡς
470 865 621 929 Θεὸν,
667 866 759 918 τὸν
782 865 848 917 δι’
896 866 1043 936 ἡμᾶς
1095 884 1152 920 τε
1197 868 1290 921 καὶ
1323 869 1455 938 μεθ’
1505 870 1662 940 ἡμῶν
1696 873 1751 922 ὲν

180 957 408 1025 νεκροῖς,
435 955 526 1007 τὸν
555 954 695 1025 ὑπὲρ
714 954 940 1025 ἡμᾶςδι’
964 954 1154 1008 ἑαυτὸν
1180 956 1439 1019 ζωοποιὸν
1462 959 1554 1010 καὶ
1586 956 1737 1027 (what

182 1046 305 1099 Υῐὸν
340 1041 481 1099 εἶναι
509 1045 603 1099 τοῦ
630 1045 764 1099 Θεοῦ
796 1044 939 1099 κατά
970 1046 1228 1119 ἀλήθειαν
1257 1048 1604 1119 πιστεύομεν,
1630 1048 1747 1101 οὔτε

179 1138 459 1208 ψιλοῦντες
492 1138 743 1207 θεότητος
766 1137 826 1191 τὸ
854 1137 1217 1211 ἀνθρώπινον,
1246 1140 1369 1193 οὔτε
1399 1142 1505 1212 μὴν
1538 1140 1751 1212 ἀνθρω-

180 1227 411 1297 πότητος
439 1226 911 1296 ἀπαμφιεννύντες
943 1229 1036 1281 τὸν
1060 1230 1231 1298 Λόγον
1276 1231 1412 1300 μετά
1444 1232 1542 1301 τὴν
1578 1232 1753 1300 ἄφρα-

181 1335 304 1371 στον
334 1317 672 1388 συμπλοκὴν,
699 1318 815 1372 ἀλλ’
843 1319 941 1373 ἕνα
964 1320 1167 1374 καὶτὸν
1186 1321 1346 1375 αὑτὸν
1364 1322 1752 1393 ὁμολογοῦντες

180 1411 327 1477 Υἱὸν,
360 1412 423 1463 ὲκ
450 1410 596 1463 δυοῖν
648 1410 1019 1482 πραγμάτοιν.
1054 1414 1133 1475 εἰς
1176 1413 1232 1464 ἓν
1268 1431 1319 1466 τι
1357 1414 1418 1466 τὸ
1456 1414 1515 1479 ἐξ
1550 1416 1751 1485 ἀμφοῖν

180 1505 508 1574 ἀπορρήτοις
566 1503 926 1573 ὲκπεφηνότα,
978 1504 1100 1557 καθ’
1148 1504 1339 1559 ἕνωσιν
1381 1506 1620 1576 δηλονότι
1655 1507 1752 1577 τὴν

181 1592 471 1654 ἀνωτάτω,
523 1591 617 1646 καὶ
662 1593 722 1645 οὐ
770 1593 981 1663 φύσεως
1021 1598 1399 1668 παρατροπήν.
1440 1598 1602 1651 Ὅσον
1644 1598 1752 1668 γὰρ

181 1678 321 1733 οὓτω
355 1679 636 1746 δοξάζουσι
660 1682 943 1753 περιέσται
971 1684 1032 1735 τὸ
1057 1685 1263 1756 κέρδος,
1298 1689 1553 1757 σαφηνιεῖ
1579 1687 1752 1755 λέγων

181 1770 208 1820 δ
230 1768 465 1841 Χριστοῦ
507 1770 779 1840 μαθητής
814 1790 831 1822 ι
858 1773 954 1834 Ὃς
986 1772 1051 1826 ἂν
1084 1756 1514 1846 ὀμο).ογήσῃ,ὃτι
1546 1776 1752 1848 Ἰησοῦς
1784 1756 1825 1811 Β

181 1861 329 1913 ἑστιν
357 1862 384 1913 ὁ
432 1860 556 1917 Υἱὸς
588 1860 679 1913 τοῦ
710 1861 868 1927 Θεοῦ,
919 1864 947 1915 6
996 1862 1128 1926 Θεὸς
1161 1865 1218 1915 ὲν
1261 1866 1411 1935 αὐτῷ
1448 1867 1619 1937 μένει,
1657 1868 1752 1923 καὶ

181 1951 345 2015 αὐτὸς
384 1953 442 2004 ἐν
480 1952 558 2022 τῷ
595 1951 731 2022 Θεῷ.
762 1971 781 2003 ι
834 1953 957 2006 Ὅτι
999 1953 1054 2006 δὲ
1101 1954 1305 2025 Ἰησοῦς
1333 1958 1565 2029 Χριστὸς
1607 1961 1636 2011 6
1686 1961 1751 2013 ὲκ

182 2042 346 2096 Δαῦὶδ
372 2044 512 2096 κατά
545 2044 745 2115 σάρκα,
778 2044 921 2097 κατά
952 2045 1112 2114 φύσιν
1138 2048 1231 2100 καὶ
1252 2048 1466 2119 ἀληθῶς
1488 2050 1613 2115 Υἱός
1636 2052 1752 2105 ἐστι

181 2133 276 2187 τοῦ
305 2132 462 2197 Θεοῦ,
485 2133 619 2187 καθὸ
640 2136 832 2203 γέγονε
867 2136 1004 2208 σὰρξ
1052 2138 1081 2189 ό
1104 2137 1294 2205 Λόγος,
1326 2141 1417 2192 καὶ
1444 2142 1752 2212 ἐσκήνωσεν

184 2229 241 2279 ἐν
286 2228 455 2297 ἡμῖν,
520 2232 923 2299 κατασφραγιεῑ
963 2229 1136 2296 λέγων
1181 2231 1209 2283 6
1260 2233 1418 2300 σοφὸς
1483 2234 1754 2305 Ἰωάννης·

191 2337 209 2369 ι
234 2318 343 2371 Καὶ
377 2317 599 2388 οἴδαμεν
631 2320 711 2372 ὅτι
746 2322 774 2371 ὁ
810 2320 937 2384 Υἱὸς
972 2322 1062 2375 τοῦ
1095 2322 1231 2376 Θεοῦ
1260 2325 1406 2395 ἣκει,
1434 2327 1526 2379 καὶ
1561 2327 1760 2382 ἔδωκεν

185 2411 318 2479 ἡμῖν
356 2407 616 2471 διάνοιαν,
650 2409 738 2461 ἵνα
781 2410 1141 2482 γινώσκωμεν
1182 2412 1272 2465 τὸν
1310 2413 1563 2484 ἀληθινὸν
1607 2416 1758 2478 Θεὸν,

186 2500 281 2551 καὶ
315 2497 483 2568 ἐσμὲν
512 2499 570 2550 ὲν
613 2498 689 2570 τῷ
722 2498 983 2570 ἀληθινῷ,
1031 2502 1088 2553 ὲν
1122 2499 1201 2570 τῷ
1231 2500 1345 2571 Υιῷ
1374 2501 1540 2555 αὑτοῦ
1584 2501 1757 2572 Ἰησοῦ

187 2587 425 2660 Χριστῷ.
454 2583 622 2652 Οὗτός
670 2591 819 2643 ἐστιν
844 2592 873 2643 6
899 2590 1149 2661 ἀληθινὸς
1180 2591 1311 2655 Θεὸς
1348 2574 1442 2645 και
1471 2591 1583 2662 ζωὴ
1628 2592 1758 2646 αἰώ-

186 2695 319 2743 νιος,
348 2698 366 2731 ι
402 2680 496 2733 καὶ
525 2680 592 2733 δι’
627 2680 793 2734 αὑτοῦ
822 2698 904 2745 τε,
948 2683 1041 2735 καὶ
1072 2683 1169 2736 σὺν
1196 2682 1365 2751 αὐτῷ,
1401 2681 1477 2753 τῷ
1511 2682 1630 2753 Θεῷ
1666 2683 1761 2737 καὶ

188 2770 363 2841 Πατρὶ
402 2773 433 2841 ἡ
467 2770 593 2836 δόξα
637 2772 735 2825 σὺν
779 2771 919 2843 ἁγίῳ
961 2772 1259 2843 Πνεῦματι,
1290 2775 1369 2836 εἰς
1398 2774 1523 2834 τοὺς
1561 2772 1761 2835 αἰῶνας

185 2862 296 2913 τῶν
330 2860 561 2917 αἰώνων.
613 2862 805 2934 Ἀμήν.

260 2998 305 3031 ⁸⁵⁵
328 2998 348 3054 1
371 2998 524 3055 Joan.
557 3015 630 3067 tv,
659 3000 744 3058 l5.
821 3000 867 3034 ³⁸
885 3000 1038 3057 Joan.
1075 3020 1111 3067 ι,
1148 3002 1233 3056 Η.
1310 3002 1355 3033 "'
1379 3002 1395 3055 Ι
1423 3001 1577 3056 .lnan.
1613 3019 1660 3065 ι’,
1693 3001 1783 3057 ‘20.

216 3190 933 3221 ¢I==:=-_::=———~——
950 3196 1055 3207 —-—

571 3207 1055 3220 w—

571 3207 955 3220 Μ

1850 500 2051 566 lentes,
2088 511 2143 556 et
2173 501 2391 556 Patrum
2432 501 2753 556 sententiam
2792 510 3111 569 sequentes,
3150 499 3422 553 credimus

1849 608 1971 647 eum
2003 594 2093 655 qui
2126 610 2191 648 ex
2226 594 2405 648 radice
2433 591 2622 656 Jessaz,
2653 591 2741 661 qui
2774 606 2839 645 ex
2870 590 3074 645 semine
3105 590 3293 653 David,
3325 590 3418 659 qui

1851 701 1912 739 ex
1956 685 2173 755 Virgine
2217 686 2511 739 secundum
2560 698 2811 745 carnem,
2859 682 2949 752 qui
2997 683 3273 736 nobiscum
3322 682 3424 736 sub

1852 775 1967 845 lege
2007 785 2091 829 est
2130 786 2187 828 ut
2232 776 2409 840 homo,
2452 784 2507 828 et
2550 790 2709 842 supra
2757 789 2873 834 nos,
2917 788 3077 842 snpra
3129 772 3322 843 legem,
3366 784 3424 825 ut

1852 866 2015 929 Deus,
2048 867 2135 934 qui
2170 877 2388 935 propter
2417 880 2512 920 nos
2544 865 2819 918 nobiscum
2849 874 2933 917 est
2968 865 3110 918 inter
3142 874 3421 928 mortuos;

1850 959 1938 1028 qui
1970 973 2128 1025 supra
2163 973 2256 1011 nos
2285 972 2380 1027 per
2404 958 2636 1026 seipsum
2666 965 2750 1011 est
2774 955 3050 1009 viviticans
3080 965 3133 1007 ct
3160 955 3301 1020 vita;
3339 968 3425 1008 re-

1852 1065 1978 1104 vera
2020 1064 2138 1104 esse
2180 1048 2373 1102 Filium
2420 1050 2531 1103 Dei.
2568 1046 2752 1116 Neque
2792 1044 3181 1099 humanitatem
3228 1045 3419 1098 divini-

1855 1149 1963 1194 tate
2008 1142 2293 1203 nudantes,
2337 1153 2511 1209 neque
2552 1152 2740 1191 rursus
2781 1146 3038 1191 eruentes
3084 1137 3426 1191 humanitate

1852 1229 2111 1295 Verbum,
2146 1242 2267 1300 post
2298 1230 2439 1284 illam
2474 1227 2795 1283 ineﬂabilem
2828 1228 3097 1296 copulam,
3133 1230 3223 1281 sed
3258 1244 3423 1281 unum

1852 1331 2010 1390 atque
2037 1328 2282 1375 eunutem
2316 1310 2629 1389 proﬁtentes
2657 1335 2780 1375 esse
2815 1319 3031 1379 Filium,
3066 1320 3154 1387 qui
3189 1333 3256 1372 ex
3294 1319 3429 1371 dua-

1853 1414 1953 1467 bus
1991 1413 2151 1467 rebus
2195 1414 2246 1466 in
2290 1428 2453 1466 unum
2501 1412 2626 1481 quid
2671 1426 2738 1465 ex
2784 1410 3046 1464 ambobus
3086 1408 3431 1463 ineD‘abiliter

1853 1506 2183 1575 apparuerit,
2223 1505 2516 1558 secundum
2555 1503 2805 1557 unionem
2847 1501 3098 1555 nimirum
3138 1515 3426 1563 summam,

1854 1611 1959 1650 non
1989 1604 2165 1649 autem
2192 1594 2487 1649 secundum
2516 1602 2721 1648 natura:
2749 1594 3129 1646 mutationem.
3152 1590 3425 1657 Quantum

1853 1688 1997 1741 enim
2043 1688 2131 1757 qui
2179 1687 2252 1741 ita
2296 1687 2540 1741 sentiunt
2581 1684 2913 1739 lucrifacturi
2957 1685 3095 1748 sint,
3137 1682 3427 1738 manifeste

1855 1777 2091 1831 declarat
2124 1775 2326 1830 Christi
2361 1775 2654 1843 discipulus
2686 1776 2871 1828 dicens
2902 1791 2915 1826 :
2951 1793 2969 1821 ‹
3003 1772 3263 1841 Quisquis
3292 1788 3428 1826 οοιιο

1859 1870 2033 1924 fessus
2067 1868 2225 1921 fuerit
2258 1872 2509 1938 quoniam
2542 1866 2697 1921 Jesus
2728 1875 2812 1919 est
2844 1866 3009 1919 Filius
3047 1866 3166 1927 Dei;
3209 1865 3346 1917 Deus
3379 1866 3430 1916 in

1858 1976 1924 2016 eo
1963 1972 2185 2025 manet,
2229 1970 2284 2015 et
2329 1960 2442 2030 ipse
2488 1961 2540 2013 in
2590 1958 2697 2013 Deo
2723 1958 2788 2012 “.
2842 1978 2861 2010 ι
2912 1958 3065 2024 Quod
3111 1972 3235 2012 vero
3275 1957 3435 2011 Jesus

1859 2054 2110 2108 Christus
2135 2052 2224 2119 qui
2256 2063 2335 2105 est
2366 2068 2428 2105 ex
2463 2052 2625 2105 David
2656 2051 2950 2105 secundum
2974 2065 3217 2112 carnem,
3244 2050 3309 2103 sit
3341 2066 3433 2101 na-

1863 2144 2108 2197 turaliter
2137 2159 2199 2195 ac
2228 2158 2352 2197 vere
2389 2143 2557 2197 Filius
2591 2142 2707 2207 Dei,
2742 2152 3007 2213 quatenus
3035 2140 3264 2195 Verbum
3306 2155 3436 2193 caro

1861 2234 2059 2287 factum
2097 2243 2210 2294 est,
2248 2244 2302 2286 et
2342 2233 2603 2287 habitavit
2645 2233 2697 2286 in
2742 2233 2895 2287 nobis
2918 2232 2985 2295 ⁸⁸,
3022 2232 3303 2286 conﬁrmat
3346 2247 3434 2284 sa-

1859 2325 2011 2392 piens
2054 2323 2142 2376 ille
2188 2321 2423 2377 Joannes
2466 2323 2652 2377 dicens
2691 2340 2706 2375 :
2756 2340 2774 2373 ι
2828 2322 2891 2375 Ει
2934 2322 3139 2375 scimus
3178 2320 3433 2391 quoniam

1868 2414 2036 2468 Filius
2065 2414 2154 2468 Dei
2184 2414 2356 2476 venit,
2382 2423 2436 2467 et
2461 2413 2606 2466 dedit
2635 2412 2789 2466 nobis
2815 2427 3036 2467 sensum
3062 2425 3121 2465 ut
3147 2425 3437 2480 cognosca-

1865 2521 1983 2561 mus
2034 2520 2220 2559 verum
2273 2503 2486 2570 Deum,
2539 2514 2591 2557 ct
2634 2504 2806 2558 simus
2850 2505 2902 2558 in
2955 2518 3079 2557 vero
3121 2502 3238 2571 ejus
3281 2500 3435 2554 Filio.

1866 2595 2029 2669 714
2055 2594 2152 2651 llic
2178 2605 2259 2651 est
2285 2610 2444 2649 verus
2474 2595 2633 2659 Deus,
2660 2603 2714 2647 et
2741 2595 2846 2648 vita
2874 2601 3074 2649 teterna
3094 2593 3173 2656 ⁸⁶;
3211 2610 3229 2642 ι
3261 2600 3316 2645 et
3345 2608 3439 2659 ιιι-ι·

1863 2688 2071 2755 ipsum,
2102 2696 2156 2741 et
2188 2701 2309 2740 cum
2345 2686 2460 2754 ipso
2494 2686 2600 2738 Deo
2631 2701 2692 2738 ac
2721 2684 2868 2739 Patri
2900 2684 3065 2753 gloria
3098 2698 3219 2737 cum
3253 2691 3441 2735 sancto

1868 2777 2092 2848 Spiritu,
2127 2778 2178 2832 in
2214 2777 2406 2833 saecula
2440 2778 2779 2833 saeculorum.
2811 2778 2999 2830 Amen.

1986 3192 2409 3203 ———_—..——.———

2420 3190 3422 3219 Μ

1378 3354 1676 3469 TOY
1758 3352 2246 3468 ΑΥΤΟΥ

899 3605 1195 3743 ΟΤΙ
1291 3609 1551 3736 ΕΙΣ
1638 3606 1755 3740 Ο
1850 3605 2579 3740 ΧΡΙΣΤΟΣ
2648 3602 2726 3729 ³.

1495 4016 2130 4133 EJUSDEM

977 4251 1309 4359 QUOD
1384 4254 1701 4346 UNUS
1769 4254 1961 4345 SIT
2033 4254 2655 4347 CHRISTUS.

1763 4479 1837 4492 ‘J

274 4592 340 4646 Δ.
380 4590 734 4662 Μαθημάτων
773 4604 872 4662 μεν
910 4607 1020 4643 των
1048 4590 1210 4662 ιερῶν
1244 4592 1406 4665 κόρος
1456 4594 1522 4648 ἂν
1563 4596 1757 4664 γένοιτ(

1946 4597 2237 4653 Sacrarum
2294 4597 2699 4667 disciplinarum
2756 4604 2919 4666 atque
2975 4594 3237 4650 doctrinae
3297 4593 3440 4649 nulla

198 4682 475 4747 παντελῶς
518 4683 693 4747 οὐδεὶς
743 4685 856 4746 τοῖς
907 4699 972 4750 γε
1021 4684 1235 4755 ἀληθῶς
1297 4688 1619 4760 ἀρτίφροσι,
1676 4692 1771 4743 καὶ

199 4775 398 4844 γνῶσιν
428 4777 507 4839 εἰς
532 4775 658 4831 νοῦν
685 4777 783 4845 τὴν
809 4774 1072 4838 ζωοποιὸν
1098 4779 1539 4849 συνεγηγερκόσι.
1566 4781 1771 4851 Γέγρα-

202 4885 333 4921 πται
354 4866 481 4937 γάρ’
530 4885 550 4918 ι
578 4868 700 4921 Ὀτι
722 4867 821 4921 οὐκ
841 4869 928 4921 ἐπ’
959 4868 1109 4939 ἄρτῳ
1137 4869 1281 4939 μόνῳ
1309 4868 1532 4939 ζήσεται
1563 4871 1775 4942 ἀνθρω-

205 4976 325 5023 πος,
364 4960 481 5013 ἀλλ’
512 4959 606 5013 ἐπὶ
661 4960 822 5012 παντὶ
851 4961 1060 5031 ῥήματι
1084 4960 1499 5030 ἐκπορευομένῳ
1535 4960 1622 5014 διὰ
1653 4962 1775 5014 στό-

204 5066 374 5118 ματος
399 5047 554 5101 Θεοῦ.
586 5067 606 5100 ι
640 5047 824 5118 Τροφὴ
851 5048 962 5119 γὰρ
987 5047 1104 5114 νοῦ,
1143 5050 1171 5102 6
1195 5047 1351 5117 λόγος
1381 5051 1410 5102 6
1438 5050 1591 5119 παρά
1618 5049 1782 5127 Θεοῦ,

201 5136 297 5189 καὶ
320 5136 484 5207 ἄρτος
506 5136 895 5207 πνευματικὸς,
923 5137 1194 5207 στηρίζων
1212 5136 1496 5209 ἀνθρώπου
1525 5140 1773 5209 καρδίαν,

200 5224 343 5279 κατὰ
370 5224 432 5278 τό
457 5228 516 5280 ὲν
543 5226 709 5298 βίὀλῳ
740 5226 987 5297 1Ψαλμῶν
1025 5227 1377 5299 ὑμνούμενον.

271 5318 331 5371 Β.
367 5312 439 5371 Εὖ
468 5318 669 5385 λέγεις.

273 5409 338 5460 Α.
390 5407 657 5481 Ἐλλήνων
681 5411 779 5482 μὲν
826 5406 917 5466 οὖν
946 5414 995 5465 oi
1020 5411 1173 5482 σοφοὶ
1201 5413 1295 5465 καὶ
1333 5411 1552 5481 λογάδες
1578 5412 1769 5466 τεθαυ-

292 5566 334 5597 ³⁷
364 5565 549 5622 Matth.
578 5584 648 5633 ιν,
673 5567 725 5622 4.
810 5568 853 5599 ³⁸
878 5566 1018 5623 Psal.
1053 5583 1171 5633 cm,
1207 5568 1293 5624 l5.

1877 4689 2034 4760 plane
2060 4700 2145 4744 est
2175 4689 2432 4755 satietas,
2466 4690 2533 4744 iis
2563 4688 2654 4759 qui
2691 4702 2880 4743 revera
2914 4697 3063 4741 recte
3093 4686 3363 4746 sentiunt,
3394 4694 3449 4739 et

1878 4780 2237 4834 viviﬁcantem
2285 4781 2528 4833 notitiam
2578 4789 2759 4833 mente
2810 4779 3127 4832 hauserunt.
3176 4776 3446 4845 Scriptum

1879 4878 1964 4924 est
1990 4872 2136 4925 enim
2168 4889 2181 4924 :
2219 4890 2237 4923 ι
2274 4870 2407 4938 Quia
2440 4887 2544 4926 non
2580 4872 2630 4925 in
2663 4869 2779 4923 solo
2808 4884 2944 4939 pane
2974 4867 3117 4921 vivet
3149 4867 3330 4932 homo,
3359 4867 3451 4920 sed

1880 4960 1933 5014 in
1964 4961 2109 5015 omni
2141 4962 2306 5015 verbo
2335 4961 2476 5028 quod
2510 4959 2750 5030 procedit
2778 4974 2841 5012 ea
2871 4973 2964 5012 ore
3000 4958 3091 5011 Dei
3116 4957 3181 5011 ³⁷.
3218 4976 3238 5010 ι
3268 4954 3455 5010 Nutri-

1880 5061 2120 5106 mentum
2149 5053 2292 5106 enim
2324 5052 2521 5105 mentis
2551 5061 2636 5104 est
2661 5049 2884 5104 verbum
2920 5050 3038 5113 Dei,
3067 5059 3121 5104 et
3152 5048 3307 5116 panis
3339 5045 3452 5115 spi-

1879 5142 2093 5197 ritualis
2116 5142 2449 5197 conﬁrmans
2474 5157 2538 5196 ac
2566 5144 2830 5196 roborans
2854 5155 2948 5195 cor
2970 5139 3235 5203 hominis;
3264 5152 3452 5207 quem-

1878 5235 2168 5290 admodum
2198 5236 2248 5290 in
2276 5234 2510 5291 Psalmis
2539 5235 2838 5290 canitur”.

1953 5325 2013 5380 Β.
2055 5324 2220 5381 Recte
2252 5328 2351 5380 ais.

1951 5415 2015 5467 A.
2056 5412 2348 5469 Gentilium
2400 5412 2614 5484 quidem
2665 5419 2936 5483 sapientes
2983 5416 3317 5463 venustatem
3366 5406 3451 5461 di-

284 5746 301 5767 ·
335 5746 584 5809 Dialogus
614 5750 699 5804 hic
738 5751 787 5805 in
811 5750 1047 5806 editione
1073 5749 1299 5806 Auberti
1337 5765 1618 5813 perperam
1645 5758 1960 5805 numeratur
1987 5764 2158 5805 nonus
2185 5763 2249 5803 ex
2281 5748 2368 5803 his
2402 5748 2491 5816 qui
2524 5762 2644 5803 cum
2669 5743 2882 5801 Hermia
2918 5745 3085 5801 habiti
3119 5752 3261 5801 sunt.
3290 5742 3443 5797 EDIT.
