3846 6210
412 273 552 329 1255

1401 266 1460 325 S.
1501 265 1773 323 CYRILLI
1813 260 2278 318 ALEXANDRINI
2316 258 2637 318 ARCHIEP.

3525 258 3667 311 {356

409 386 565 443 cemli
592 383 839 439 admirati
866 384 1081 439 l'ueruut
1097 425 1111 447 ,
1138 383 1611 453 eloquentiamque
1632 397 1843 435 sununo
1867 389 1976 445 stu-

2107 379 2295 432 ιάκασι
2336 378 2406 447 τὸί
2443 374 2763 438 καλλιεπὲς.
2815 375 2919 428 καὶ
2946 373 3055 428 τῶν
3093 374 3177 427 ὅτι
3233 372 3466 443 μάλιστα
3536 387 3666 423 κατ-

407 480 498 535 dio
524 475 796 540 affectant,
821 485 877 530 et
901 476 1083 529 subtili
1114 476 1399 528 verborum
1430 484 1624 527 ornatu
1653 471 1976 542 gloriantur,

408 569 779 636 orationisque
811 581 1002 635 pompa
1032 580 1094 619 ac
1126 566 1264 620 fastu
1297 565 1657 619 delectantur.
1688 565 1765 617 Ac
1795 570 1978 630 poeta-

2082 465 2539 537 εσπουδασμένων
2570 467 2701 537 παρ’
2722 466 2909 529 αὐτοῖς
2949 467 3070 518 ἐστι
3109 464 3172 517 τὸ
3200 463 3539 533 ἀλληγορεῖν,
3572 462 3671 514 καὶ

2081 562 2267 631 ψιλαῖς
2311 559 2571 629 ῥημάτων
2615 556 2915 627 ἐπαυχοῦσι
2967 555 3278 627 κομψείαις,
3320 555 3413 607 καὶ
3459 554 3539 624 τῷ
3568 553 3670 622 τῆς

408 676 525 715 rum
557 658 773 728 quidem
804 658 1059 711 materies
1090 668 1175 711 est
1208 657 1569 720 mendacium,
1597 655 1682 708 cui
1716 654 1982 723 rhythmis

2107 652 2283 719 ,ἐξεως
2311 649 2702 720 ἐναϐρύνονται
2727 649 2946 719 κόμπῳ.
3004 647 3115 701 Καὶ
3137 646 3235 717 ὕλη
3270 646 3370 728 μὲν
3395 647 3669 715 ποιηταῖς,

407 751 519 806 suis
552 765 615 804 ac
650 749 890 804 numeris
924 751 1151 818 gratiam
1187 758 1242 803 et
1271 758 1605 801 venustatem
1636 746 1859 799 addunt.
1880 743 1985 799 Ve-

410 839 591 893 ritatis
627 848 808 892 autem
841 853 1100 907 perquam
1129 838 1321 908 exigua
1355 838 1421 891 ab
1451 837 1531 891 eis
1565 836 1701 890 ratio
1735 835 1984 899 habetur,

408 930 537 996 quin
582 929 761 998 potius
802 944 1013 983 summa
1050 929 1297 984 laborant
1333 928 1510 997 inopia
1548 942 1690 982 vera:
1732 925 1988 993 utilisque

410 1021 715 1083 sententiae,
746 1020 812 1073 de
846 1020 976 1081 Deo.
1010 1020 1252 1089 inquam,
1288 1018 1616 1073 naturaliter
1643 1032 1707 1072 ac
1734 1032 1862 1072 vere
1889 1032 1989 1071 ex-

410 1112 655 1178 sistente,
685 1121 741 1165 et
774 1120 833 1165 ut
864 1111 1067 1165 Paulus
1103 1112 1277 1179 inquit
1313 1129 1327 1163 :
1364 1129 1384 1162 ι
1426 1110 1777 1163 Evannerunt
1811 1107 1864 1161 in
1898 1122 1991 1161 co-

412 1204 760 1273 gitationibus
804 1203 947 1267 suis,
986 1210 1041 1257 et
1080 1203 1427 1256 obscuratum
1471 1210 1555 1255 est
1596 1200 1859 1268 insipiens
1897 1212 1993 1252 cor

409 1310 621 1351 eorum.
655 1295 905 1351 Dicentes
932 1297 1079 1350 enim
1112 1311 1170 1350 se
1200 1311 1321 1350 esse
1351 1297 1647 1363 sapientes,
1678 1293 1827 1347 stulti
1865 1291 1992 1345 facti

414 1397 573 1451 sunt,
607 1396 658 1442 et
695 1395 1042 1442 mutaverunt
1079 1385 1307 1457 gloriam
1345 1384 1773 1453 incorruptibilis
1808 1382 1903 1436 Dei
1941 1383 1991 1436 in

413 1477 818 1533 similitudinem
850 1478 1101 1548 imaginis
1128 1475 1499 1544 corruptibilis
1532 1474 1791 1538 hominis,
1818 1481 1873 1527 et
1904 1488 1997 1525 vo-

417 1567 645 1631 lucrum,
676 1576 731 1622 et
761 1567 1193 1638 quadrupedum,
1225 1577 1278 1621 et
1310 1567 1644 1636 serpentium
1669 1566 1735 1618 ".
1776 1584 1798 1616 ι

493 1783 557 1839 Β.
597 1783 617 1838 Ι
625 1796 673 1839 ta
703 1794 808 1841 est.

485 1916 551 1973 Δ.
595 1917 670 1972 De
696 1917 761 1972 iis
789 1918 968 1985 itaque
994 1933 1091 1987 per
1110 1935 1297 1975 vocem
1320 1920 1473 1977 lsaize
1503 1921 1642 1978 Deus
1672 1924 1744 1979 ita
1777 1924 1950 1992 inquit
1976 1943 1991 1979 :

419 2013 623 2069 Scitote
650 2014 774 2084 quia
798 2013 937 2068 cinis
958 2024 1042 2068 est
1064 2031 1158 2070 cor
1178 2030 1387 2083 eorum,
1411 2027 1462 2071 et
1487 2027 1692 2072 errant.
1716 2018 1877 2089 715
1900 2020 1996 2074 At-

419 2120 525 2175 que
557 2106 609 2159 bi
645 2106 859 2173 quidem
895 2106 964 2159 ita
1002 2105 1176 2159 aﬂ‘ecti
1219 2118 1365 2162 sunt.
1402 2108 1501 2174 Qui
1539 2124 1667 2163 vero
1707 2110 1994 2180 impiarum

421 2197 709 2251 haeresium
752 2206 1001 2252 auctores
1036 2198 1396 2264 exstiterunt,
1436 2201 1630 2270 impuri
1667 2212 1830 2271 atque
1869 2218 1998 2271 apo-

422 2297 614 2352 statte,
665 2287 865 2356 quique
919 2288 1183 2342 adversus
1233 2289 1467 2343 divinam
1522 2290 1746 2360 gloriam
1800 2293 1997 2345 buccas

423 2398 551 2434 suas
595 2382 854 2447 dilatant,
901 2396 1154 2451 perversa
1212 2382 1528 2453 nefariaque
1582 2384 1898 2454 loquentes,
1944 2384 1995 2437 in

427 2476 592 2528 nihilo
622 2476 907 2539 tuiuorem,
936 2478 1044 2529 imo
1075 2475 1333 2544 majorem
1363 2491 1521 2545 quam
1553 2476 1803 2546 gentiles,
1833 2477 2000 2544 impe-

427 2564 606 2617 ritiant
637 2564 872 2633 prolapsi
921 2580 1040 2620 esse
1089 2578 1403 2621 cernuntur.
1452 2565 1635 2636 Longe
1660 2568 1803 2621 enim
1832 2570 2000 2622 satius

428 2655 613 2710 luisset
647 2670 742 2709 eos
768 2657 909 2710 viam
942 2658 1187 2711 veritatis
1219 2673 1321 2712 non
1353 2660 1673 2728 c0gnovisse
1694 2702 1709 2727 ,
1739 2677 1901 2728 quam
1935 2678 1997 2715 ea

426 2747 674 2817 cognita,
724 2759 1017 2802 retrorsum
1072 2749 1358 2805 deflectere
1411 2767 1439 2803 a
1495 2762 1682 2806 sancto
1733 2761 1999 2822 praecepto

426 2841 572 2907 ιιιιιά
605 2842 736 2909 ipsis
766 2842 947 2893 datum
979 2850 1083 2896 est.
1107 2841 1321 2895 Accidit
1352 2844 1496 2896 enim
1531 2845 1636 2897 illis
1661 2844 1813 2911 juxta
1839 2847 2003 2899 veris-

427 2932 622 2985 simum
658 2933 999 3000 proverbium
1034 2948 1049 2985 :
1088 2950 1107 2983 ι
1144 2933 1311 2987 Canis
1347 2950 1596 2989 reversus
1630 2937 1694 2989 ad
1730 2951 1882 2990 sumn
1915 2952 2001 2991 vo-

430 3024 642 3087 mitum,
675 3032 727 3076 et
749 3038 840 3078 sus
886 3023 991 3077 lota
1017 3025 1068 3078 in
1089 3024 1597 3094 volutabrumjcosui
1623 3028 1859 3081 revoluta
1880 3027 1945 3081 “.
1978 3048 1995 3078 ι

2085 742 2146 795 τὸ
2175 741 2389 811 ψεῦδος,
2418 740 2649 811 ῥυθμοῖς
2676 741 2771 793 καὶ
2802 738 3022 809 μέτροις
3048 738 3130 800 είς
3157 736 3220 789 τὸ
3241 727 3463 805 ἐπίίαρί
3487 751 3549 787 τε
3577 736 3673 787 καὶ

2087 833 2321 904 ἐμμελὲς
2372 830 2845 903 ἐκτετορευμένον,
2910 829 3064 898 ὀλίγη
3125 828 3182 881 δὲ
3237 826 3513 889 παντελῶς
3572 827 3676 894 τῆς

2090 925 2348 995 ἀληθείας
2371 925 2611 996 φροντὶς,
2638 922 3026 995 ὴρρωστήκασι
3051 921 3110 973 δὲ
3138 920 3231 973 καὶ
3275 922 3473 973 σπάνιν
3496 918 3677 987 ὀρθῆς

2091 1020 2186 1071 καὶ
2230 1018 2555 1087 ὀνησιφόρου
2602 1015 2779 1084 δόξης,
2831 1013 2931 1083 τῆς
2976 1011 3068 1068 ἐπί
3098 1024 3187 1079 γε,
3231 1010 3395 1080 φημὶ,
3426 1009 3504 1078 τῷ
3529 1006 3683 1061 κατὰ

2093 1108 2255 1178 φύσιν
2287 1108 2380 1161 καὶ
2412 1106 2628 1178 ἀληθῶς
2655 1106 2767 1159 όντι
2792 1104 2933 1176 Θεῷ,
2969 1103 3170 1174 μᾶλλον
3194 1102 3251 1155 δέ
3283 1102 3428 1156 καθά
3453 1117 3623 1170 φησιν
3653 1101 3685 1150 ὁ

2096 1199 2383 1271 ἱερώτατος
2435 1198 2674 1260 Παῦλος⁹
2742 1216 2761 1249 ι
2794 1194 3247 1267 Ἐματαιὼθησαν
3296 1195 3354 1246 ἐν
3394 1195 3509 1255 τοῖς
3557 1192 3686 1243 δια-

2094 1291 2372 1360 λογισμοῖς
2412 1287 2613 1352 αὑτῶν,
2655 1289 2749 1342 καὶ
2791 1286 3077 1358 ἐσκοτίσθη
3120 1287 3153 1357 ἡ
3192 1286 3450 1346 ἀσύνετος
3492 1282 3685 1337 αὐτῶν

2096 1381 2312 1452 καρδία.
2352 1381 2654 1443 Φάσκοντες
2696 1377 2834 1433 εἷναι
2875 1380 3050 1448 σοφοὶ,
3104 1377 3527 1449 ἐμωράνθησαν,
3584 1378 3686 1431 καὶ

2097 1472 2333 1544 ἤλλαξαν
2359 1474 2458 1543 τὴν
2480 1473 2640 1538 δόξαν
2672 1471 2769 1524 τοῦ
2802 1469 3079 1542 ἀφθάρτου
3119 1468 3255 1522 Θεοῦ
3282 1471 3342 1522 ἐν
3368 1468 3687 1539 ὁμοιώματι

2099 1566 2305 1628 εἰκόνος
2334 1564 2573 1636 φθαρτοῦ
2596 1563 2905 1636 ἀνθρώπου,
2930 1564 3025 1616 καὶ
3047 1562 3334 1630 πετεινῶν,
3364 1564 3461 1617 καὶ
3483 1579 3691 1632 τετραο

2101 1658 2297 1721 πάδων,
2326 1660 2421 1710 καὶ
2450 1656 2717 1728 ἑρπετῶν.
2740 1675 2758 1707 ι

2173 1793 2233 1846 Β.
2289 1788 2531 1861 Ἀληθές.

2170 1924 2234 1977 Α.
2287 1923 2432 1993 Ἔφη
2486 1922 2617 1990 γοῦν
2660 1921 2789 1991 περὶ
2830 1921 3010 1975 αὐτῶν
3057 1920 3146 1973 διὰ
3188 1921 3369 1992 φωνῆς
3418 1918 3684 1982 Ἡσαΐου,

2101 2016 2266 2077 Θεός·
2305 2014 2484 2067 Γνῶτε
2528 2014 2611 2066 ὅτι
2646 2013 2839 2075 σποδὸς
2870 2014 2903 2082 ή
2945 2012 3144 2084 καρδία
3174 2011 3374 2074 αὐτῶν,
3407 2013 3502 2065 καὶ
3538 2011 3688 2064 πλα-

2103 2108 2321 2161 νῶνται.
2365 2105 2504 2158 Ἀλλ’
2548 2098 2649 2157 ὦδε
2685 2104 2785 2173 μὲν
2812 2104 2881 2157 τὰ
2911 2105 3153 2158 ἐκείνων.
3205 2104 3273 2157 Οῖ
3312 2120 3375 2171 γε
3427 2102 3537 2173 μὴν
3573 2103 3693 2156 τῶν

2103 2198 2333 2254 ἀνοσίων
2363 2197 2629 2268 αἱρέσεων
2660 2197 2882 2266 εὑρεταὶ
2918 2197 3224 2264 γεγονότες,
3273 2195 3322 2247 oi
3362 2192 3584 2264 βέϐηλοί
3628 2210 3696 2247 τε

2105 2292 2201 2346 καὶ
2251 2290 2570 2355 ἀποστάται,
2624 2286 2722 2342 καὶ
2776 2290 2876 2356 τῆς
2931 2288 3083 2352 θείας
3132 2286 3289 2359 δόξης
3327 2286 3389 2339 τὸ
3444 2287 3695 2359 ἀκρατὲς

2105 2385 2311 2439 ἑαυτῶν
2364 2383 2790 2451 κατευρύνοντες
2852 2382 3063 2453 στόμα,
3129 2382 3222 2436 καὶ
3285 2381 3575 2444 λαλοῦντες
3625 2380 3699 2433 τὰ

2104 2478 2550 2548 διεστραμμένα,
2623 2475 3073 2545 καταφωραθεῖεν
3132 2474 3199 2528 ἂν
3246 2473 3347 2526 οὐκ
3392 2475 3449 2526 ἐν
3504 2471 3695 2542 μείοσι

2105 2571 2343 2639 γραφαῖς
2375 2565 2477 2637 τῆς
2525 2566 2794 2637 Ἑλλήνων
2817 2565 3166 2637 ἀϐελτηρίας,
3196 2564 3252 2630 ἐξ
3274 2562 3537 2625 ἀπονοίας
3563 2562 3701 2615 ὠλι-

2109 2661 2390 2733 σθηκότες,
2417 2660 2449 2731 ἢ
2474 2658 2614 2729 τάχα
2639 2674 2741 2710 που
2780 2659 2875 2711 καὶ
2923 2658 2983 2711 ἐν
3014 2660 3129 2720 τοῖς
3163 2656 3436 2709 ἐπέκεινα.
3493 2656 3700 2723 Κρεῖτ-

2106 2770 2198 2806 τον
2220 2751 2328 2822 γάρ
2355 2746 2424 2821 ἦν
2456 2750 2638 2813 αὐτοῖς
2672 2750 2745 2819 μὴ
2770 2750 3142 2817 ἐπεγνωκέναι
3170 2746 3270 2818 τὴν
3293 2747 3410 2800 ὁδὸν
3427 2745 3533 2811 τῆς
3561 2745 3700 2813 ἀλη-

2110 2844 2281 2907 θείας,
2313 2844 2345 2913 ἢ
2376 2842 2766 2911 ἐπεγνωκόσιν,
2801 2842 2880 2904 είς
2912 2840 2982 2893 τὰ
3028 2840 3203 2893 ὀπίσω
3227 2838 3553 2908 ἀνακάμψαι
3582 2838 3699 2891 ἀπὸ

2106 2937 2205 3006 τῆς
2228 2935 2473 3004 δοθείσης
2498 2935 2680 2996 αὐτοῖς
2706 2933 2867 3000 ἁγίας
2896 2932 3133 3002 ἐντολῆς.
3155 2932 3346 3000 Γέγονε
3370 2931 3481 3001 γὰρ
3506 2931 3698 2991 αὐτοῖς

2108 3025 2168 3078 τὸ
2193 3024 2291 3094 τῆς
2316 3023 2546 3093 ἀληθοῦς
2566 3023 2881 3094 παροιμίας,
2906 3041 2926 3074 ι
2952 3022 3112 3076 Κύων
3136 3021 3473 3091 ἐπιστρέψας
3507 3021 3602 3073 ἐπὶ
3636 3020 3697 3073 τὸ

432 3115 779 3184 li-lasphenniae
803 3118 947 3170 enim
975 3119 1025 3170 in
1048 3117 1325 3172 Christum
1351 3119 1599 3184 obnoxii,
1627 3120 1786 3174 veluti
1817 3130 1997 3173 truces

2107 3116 2234 3170 ἴδιον
2274 3114 2540 3186 ἐξέραμα,
2591 3116 2687 3169 καὶ¹
2720 3108 2782 3178 ὃς
2817 3114 3126 3185 λουσαμένη
3160 3116 3239 3177 εἰς
3274 3113 3521 3183 κύλισμα
3568 3113 3696 3183 βορ-

429 3206 645 3273 q‘aidam
670 3216 827 3275 atque
851 3207 1110 3262 immanes
1137 3209 1267 3276 lupi,
1287 3209 1569 3263 devastant
1591 3226 1780 3279 greges
1803 3211 2003 3277 ovium,

432 3311 528 3363 pro
562 3297 759 3365 quibus
791 3298 1041 3353 Christus
1078 3309 1325 3355 mortuus
1361 3311 1475 3365 est,
1510 3311 1563 3354 et
1596 3303 1857 3370 diripiunt
1888 3319 2007 3371 qme

433 3387 600 3455 ipsius
642 3397 799 3454 sunt,
846 3403 1228 3447 coacervantes
1258 3392 1361 3446 sibi
1408 3394 1539 3463 ipsis
1570 3410 1689 3463 qua:
1732 3410 1838 3447 non
1885 3406 2009 3449 sunt

433 3480 704 3549 ipsorum,
746 3482 886 3536 sicut
930 3483 1189 3552 scriptum
1238 3493 1353 3549 est;
1402 3496 1457 3538 et
1500 3496 1787 3556 gravantes
1822 3488 2007 3557 jugnnt

434 3571 673 3640 ipsorum
701 3571 932 3638 fortiter,
957 3574 1022 3627 de
1050 3575 1244 3643 quibus
1274 3580 1468 3631 merito
1486 3580 1609 3632 dici
1634 3580 1803 3648 possit
1830 3596 1844 3634 :
1874 3598 1896 3631 ι
1930 3579 2007 3635 Es

435 3660 590 3713 nobis
620 3661 884 3726 exierunt,
910 3663 1002 3715 sed
1022 3679 1124 3717 non
1142 3674 1304 3718 erant
1330 3680 1398 3719 ex
1418 3668 1620 3731 :nabis,
1656 3689 1684 3721 ι
1709 3682 2010 3738 opportune

434 3748 576 3802 enim
613 3751 713 3803 hoc
743 3750 808 3804 de
842 3751 1167 3817 ejuscemodi
1201 3754 1509 3810 hominibus
1540 3774 1569 3809 a
1604 3760 1757 3813 nobis
1791 3761 2006 3815 dicitur.

435 3837 575 3893 Sunt
611 3840 753 3894 enim
796 3844 1034 3897 nonnulli
1078 3844 1167 3913 qui
1213 3845 1460 3914 imperite
1503 3850 1786 3904 admodum
1828 3854 2013 3923 unige-

438 3931 606 3984 nitum
635 3932 728 3985 Dei
752 3932 984 3987 Verbum
1011 3950 1265 4004 suprema
1291 3936 1379 3992 illa
1404 3940 1724 3995 excellentia
1752 3943 2008 4012 spoliare,

434 4030 490 4074 et
527 4022 595 4076 ab
636 4023 939 4092 aequalitate
980 4040 1103 4079 cum
1148 4025 1256 4082 Deo
1297 4043 1362 4082 ac
1400 4027 1558 4084 Patre
1596 4033 1884 4089 excludere
1920 4050 2012 4089 co-

436 4120 653 4175 nantur,
693 4114 1208 4171 consubstantialem
1256 4118 1430 4188 ipsmn
1475 4135 1595 4174 esse
1641 4133 1919 4192 negantes,
1958 4135 2011 4178 et

440 4204 737 4257 naturalem
782 4205 1258 4277 omnimodamque
1298 4210 1729 4266 identitatemiei
1778 4215 2013 4269 tribuere

441 4306 771 4349 recusantes.
814 4296 915 4349 Alii
959 4312 1085 4351 vero
1130 4298 1372 4354 eamdem
1418 4298 1537 4356 fere
1577 4313 1739 4370 atque
1783 4303 1834 4358 hi
1878 4320 2013 4373 quos

439 4388 673 4440 diximus
708 4388 847 4439 viam
885 4388 1229 4455 insistentes,
1266 4400 1429 4459 atque
1468 4393 1520 4445 iu
1560 4394 1692 4446 retia
1732 4397 1923 4450 mortis
1957 4409 2012 4451 et

437 4476 684 4544 laqueum
730 4476 925 4531 inferni
972 4453 1226 4549 prolapsi,
1265 4453 1535 4551 Un-igenlti
1580 4487 1896 4553 mysterium
1940 4489 2007 4543 ab
2045 4453 2089 4509 Β

437 4568 907 4623 administratione
956 4572 1008 4624 in
1055 4587 1220 4625 carne
1265 4575 1378 4625 sive
1425 4575 1793 4630 incarnatione
1835 4578 2008 4632 seclu-

439 4660 572 4712 dunt
594 4674 663 4713 ae
680 4671 960 4728 separant,
985 4673 1040 4716 et
1066 4664 1228 4717 simili
1262 4666 1650 4735 propemodum
1681 4678 1840 4734 atque
1867 4670 2009 4725 alliui

439 4768 561 4804 cum
592 4750 861 4820 prioribus
893 4754 998 4809 illis
1026 4756 1261 4811 amentia
1291 4757 1562 4814 laborant.
1601 4760 1677 4814 Illi
1709 4762 2012 4817 enim'Ver-

439 4841 567 4896 bum
603 4859 668 4896 ex
712 4845 819 4899 Deo
858 4844 1019 4901 Patre
1051 4848 1291 4916 genitum
1327 4851 1489 4902 etiam
1524 4864 1650 4906 ante
1684 4853 2011 4909 incarnatioo

440 4950 585 4995 nem,
632 4936 932 4991 divinitatis
970 4939 1293 4992 excellentia
1341 4950 1604 5010 quantum
1654 4944 1706 4997 in
1757 4946 1888 5014 ipsis
1932 4954 2014 5000 est.

442 5028 673 5094 spoliant
712 5044 735 5081 γι
789 5028 841 5082 hi
884 5044 1015 5083 vero
1065 5032 1227 5084 etiam
1277 5036 1563 5090 incarnato
1606 5034 1786 5091 Verbo
1833 5038 2012 5093 infesti

443 5125 596 5179 sunt,
640 5126 694 5171 et
738 5116 1032 5173 beneﬁcam
1082 5120 1253 5189 ipsius
1300 5124 1528 5191 gratiam
1574 5141 1679 5194 qua
1716 5126 2010 5182 humanam

444 5216 687 5259 naturam
724 5209 1035 5277 complexus
1070 5222 1174 5275 est,
1208 5222 1412 5267 tantum
1451 5232 1554 5270 non
1592 5217 1898 5286 improbant
1931 5230 2015 5272 at-

442 5314 546 5367 que
582 5302 829 5353 incusant
861 5319 875 5355 :
911 5317 1014 5355 non
1051 5313 1195 5357 recte
1225 5302 1325 5357 sibi
1357 5306 1694 5363 consuluisse
1723 5324 1845 5363 eum
1880 5326 2011 5365 con-

445 5391 724 5445 tendentes
749 5392 890 5461 quod
918 5408 1134 5447 carnem
1165 5398 1547 5465 assumpserit,
1574 5415 1739 5470 seque
1766 5402 2014 5457 exinani-

442 5480 611 5549 verit;
643 5483 756 5536 sive
789 5483 929 5553 quod
968 5483 1144 5539 factus
1176 5487 1247 5540 sit
1284 5488 1462 5554 homo,
1496 5492 1746 5560 quodque
1779 5494 1828 5544 in
1866 5503 2009 5549 terra

513 5657 560 5689 ³⁸
584 5657 737 5715 Rom.
774 5675 811 5728 ι.
841 5660 900 5714 2|
938 5661 1026 5718 25.
1104 5662 1148 5695 ’⁸⁸
1171 5663 1207 5717 ll
1237 5662 1380 5720 Petr.
1416 5681 1474 5731 ll,
1509 5666 1599 5731 2|,
1626 5669 1719 5722 22.

2109 3208 2290 3276 ϐόρου.
2318 3226 2336 3256 ι
2371 3207 2759 3277 Διεμερίσαντο
2788 3207 2895 3278 γὰρ
2922 3207 3018 3276 τῆς
3054 3204 3194 3259 κατά
3221 3204 3459 3277 Χριστοῦ
3485 3204 3697 3272 δυσφη-

2111 3299 2238 3367 μίας
2260 3298 2328 3351 τά
2352 3298 2700 3368 ἐγκλήματα,
2738 3298 2833 3351 καὶ
2857 3292 2946 3351 οἷὰ
2974 3314 3117 3360 τινες
3151 3296 3306 3350 λύκοι
3350 3296 3571 3367 δριμεῖς
3598 3294 3697 3347 καὶ

2110 3390 2317 3461 πικροὶ,
2342 3389 2776 3459 διαλυμαίνονται
2802 3392 2916 3453 τοῖς
2939 3390 3232 3460 ποιμνίοις,
3283 3390 3422 3458 ὑπὲρ
3451 3381 3531 3441 ὧν
3555 3388 3695 3461 Χρι-

2111 3481 2231 3543 στὸς
2270 3480 2532 3548 ἀπέθανε,
2568 3483 2661 3535 καὶ
2704 3482 3068 3553 διαρπάζουσι
3115 3481 3183 3534 τὰ
3251 3480 3434 3545 αὑτοῦ,
3481 3478 3695 3548 πληθύι

2109 3589 2298 3635 νοντες
2326 3575 2545 3637 ἑαυτοῖς
2582 3573 2650 3628 τὰ
2670 3574 2771 3627 οὐκ
2790 3574 2923 3627 ὖντα
2950 3574 3154 3639 αὐτῶν,
3185 3574 3323 3626 καθὰ
3358 3573 3693 3643 γέγραπται,

2111 3667 2209 3719 καὶ
2240 3666 2567 3737 βαρύνοντες
2591 3668 2683 3721 τὸν
2708 3667 2887 3721 κλοιὸν
2906 3666 3091 3720 αὐτῶν
3132 3665 3421 3737 στιϐαρῶς,
3467 3666 3597 3734 περὶ
3622 3659 3696 3717 ὧν

2111 3757 2177 3810 ἂν
2220 3758 2429 3826 λέγοιτο
2465 3760 2561 3812 καὶ
2591 3759 2739 3829 μάλα
2774 3759 3019 3820 είκότωςσ
3072 3777 3091 3810 ι
3126 3757 3216 3822 Ἐξ
3253 3758 3410 3828 ἡμῶν
3447 3756 3696 3825 ἐξῆλθον,

2112 3848 2225 3903 ἀλλ’
2282 3850 2385 3902 οὐκ
2446 3846 2585 3921 ἦσαν
2640 3850 2700 3915 ἐξ
2760 3852 2938 3921 ἡμῶν.
2973 3871 2992 3902 ι
3058 3848 3361 3921 Οὐγαροῦν.
3422 3847 3566 3900 Ἀλλ’
3618 3848 3696 3908 εἰς

2112 3940 2300 4011 καιρὸν
2330 3943 2462 4011 ἡμῖν
2490 3944 2518 3995 ὁ
2552 3942 2677 4012 περί
2709 3960 2773 4011 γε
2802 3942 2909 3995 τῶν
2936 3941 3195 3995 τοιούτων
3223 3940 3470 4012 κρίνεται
3515 3938 3693 4007 λόγος.

2113 4032 2561 4099 Κατακομίζουσι
2595 4033 2697 4102 μὲν
2737 4033 2845 4105 γὰρ
2879 4033 3155 4096 ἀσυνέτως
3197 4032 3341 4095 τινὲς
3390 4030 3485 4085 τὸν
3529 4047 3696 4101 μονο-

2112 4123 2242 4192 γενῆ
2270 4121 2361 4174 τοῦ
2419 4121 2552 4175 Θεοῦ
2595 4124 2766 4190 Λόγον
2799 4124 2898 4193 τῆς
2938 4125 3251 4195 ύπερτάτης
3279 4122 3578 4192 ὑπεροχῆς,
3603 4122 3701 4175 καὶ

2114 4212 2503 4277 ὑποὸιϐἀζουσι
2528 4213 2626 4283 τῆς
2658 4215 2903 4285 ἰσότητος
2926 4219 3026 4287 τῆς
3062 4217 3197 4287 πρὸς
3226 4215 3317 4269 τὸν
3348 4215 3575 4285 Πατέρα
3604 4216 3700 4267 καὶ

2112 4304 2266 4367 Θεὸν,
2295 4305 2403 4374 ζούχ
2430 4304 2714 4374 ὁμοούσιον
2751 4302 2889 4359 εἶναι
2923 4308 3173 4375 λέγοντες
3199 4306 3381 4369 αὐτὸν,
3425 4304 3552 4358 οὔτε
3586 4305 3697 4375 μὴν

2108 4398 2317 4466 ⁴φυσικῇ
2387 4396 2481 4448 καὶ
2557 4397 2963 4469 ἀπαραλλάκτῳ
3038 4400 3326 4469 ταυτότητι
3394 4398 3701 4466 στεφανοῦν

2115 4486 2410 4549 ἐθέλοντες.
2452 4487 2672 4558 Ἐτεροι
2710 4489 2768 4541 δὲ
2810 4492 2925 4553 τοῖς
2958 4489 3366 4560 ὠνομασμένοις
3395 4490 3499 4560 τὴν
3528 4488 3701 4558 αὐτὴν

2116 4576 2305 4648 ὥσπερ
2357 4577 2642 4647 ἐρχόμενοι
2682 4579 2886 4649 τρίϐον,
2936 4583 3031 4633 καὶ
3062 4582 3144 4644 είς
3190 4580 3389 4646 παγίδα
3439 4579 3699 4641 θανάτου,

2117 4668 2209 4719 καὶ
2256 4670 2334 4730 εἰς
2371 4668 2642 4740 πέταυρον
2685 4668 2814 4739 ᾅδου
2857 4671 3383 4733 κατολισθαίνοντες,
3417 4670 3523 4739 τῆς
3568 4671 3704 4740 μετά

2118 4760 2320 4831 σαρκὸς
2348 4762 2660 4831 οἰκονομίας
2704 4762 2799 4816 τοῦ
2826 4763 3171 4833 ’Μονογενοῦς
3201 4761 3613 4834 παρευθύνουσι
3648 4764 3704 4815 τὸ

2121 4852 2441 4923 μυστήριον,
2475 4854 2569 4905 καὶ
2598 4853 2841 4925 ἀδελφὴν
2863 4854 3051 4926 ὥσπερ
3083 4857 3195 4918 τοῖς
3226 4854 3469 4924 πρώτοις
3514 4857 3703 4923 ἐπιτη-

2116 4943 2332 4997 δεύουσι
2374 4944 2473 5016 τὴν
2510 4948 2787 5001 ἀπόνοιαν.
2834 4946 2899 5002 Οί
2932 4951 3035 5021 μὲν
3064 4950 3193 5021 γὰρ,
3228 4950 3383 5003 οὔπω
3416 4967 3701 5023 σεσαρκω-

2122 5033 2281 5101 μένον
2330 5033 2424 5086 τὸν
2472 5036 2535 5088 ἐκ
2576 5036 2714 5090 Θεοῦ
2757 5038 2968 5109 Πατρὸς
3003 5038 3176 5108 φύντα
3208 5039 3399 5104 Λόγον,
3451 5041 3565 5093 τῶν
3612 5042 3703 5109 τῆς

2120 5121 2372 5193 θεότητος
2406 5125 2717 5197 ύψωμάτων
2764 5130 3044 5200 μονονουχὶ
3084 5130 3513 5202 κατασύροντες,
3534 5133 3609 5185 ’τό
3643 5149 3698 5198 γε

2117 5210 2251 5285 ἧκον
2279 5218 2366 5269 ἐπ’
2400 5218 2604 5283 αὐτοῖς,
2636 5220 2818 5272 ἁλοῖεν
2846 5221 2910 5274 ἄν
2931 5235 2946 5250 ο
2982 5222 3029 5273 οἱ
3058 5220 3135 5287 δὲ,
3173 5222 3268 5275 καὶ
3295 5224 3702 5292 σεσαρκωμένῳ

2119 5309 2375 5379 πολεμεῖν
2423 5310 2720 5380 ἐγνώκασι,
2766 5314 3048 5383 μονονουχὶ
3094 5313 3186 5366 καὶ
3218 5314 3606 5384 ,ἐπιτιμῶντες
3656 5316 3699 5365 οξ

2119 5398 2337 5470 θρασεῖς
2380 5405 2446 5472 τῇ
2501 5401 2869 5474 φιλανθρώπῳ
2930 5403 3136 5474 χάριτι,
3185 5405 3288 5456 οὐκ
3336 5403 3478 5474 ὀρθὰ
3520 5405 3698 5473 $560:-

2116 5491 2338 5546 λεῦσθαι
2375 5493 2515 5564 τάχα
2555 5510 2657 5548 που
2705 5493 3115 5566 διατεινόμενοι,
3154 5494 3243 5551 διὰ
3274 5495 3336 5549 τὸ
3375 5496 3696 5566 ἀνασχέσθαι
