3846 6210
156 374 292 431 ﬂii?

1311 363 1498 431 QUOD
1540 362 1728 419 UNUS
1769 362 1876 417 SIT
1914 362 2281 419 CHRISTUS.

3277 358 3414 413 19.38

155 488 379 561 σαρκὸς,
420 487 513 540 καὶ
553 488 663 539 τῶν
700 485 797 556 τῆς
832 482 1111 545 κενώσεως
1158 482 1399 553 μέτρων,
1446 483 1613 553 ἣγουν
1654 481 1736 535 ὃτι

1860 482 2173 552 tpparuerit,
2197 491 2253 534 et
2274 493 2394 533 cum
2419 476 2729 532 hominibus
2750 485 2997 532 versatus
3020 475 3112 538 sit,
3135 489 3257 529 cum
3284 475 3417 528 alio-

152 582 371 649 γέγονεν
415 578 721 648 ἄνθρωπος,
760 577 855 629 καὶ
889 575 983 629 ἐπὶ
1024 576 1122 646 τῆς
1151 576 1253 645 γῆς
1282 574 1460 645 ὤφθη,
1505 575 1736 637 καὶτοῖς,

152 670 461 741 ἀνθρώποις
495 666 933 737 συνανεστρόιφη,
966 665 1143 719 καίτοι
1172 665 1302 729 Θεὸς
1322 664 1398 718 ὣν
1429 662 1612 734 φύσει,
1644 662 1738 716 καὶ

104 790 111 834 ς
153 761 405 833 σύνεδρος
432 759 511 829 τῷ
545 759 739 829 Πατρί.

98 873 111 909 i

100 910 111 922 ο

221 853 282 905 Β.
318 853 495 922 Ἐφης
540 850 639 922 μὲν
678 848 875 920 ὀρθῶς.

218 948 283 999 Α.
320 941 807 1013 Κατακεκράξεται
832 945 876 996 δ’
902 939 996 998 οῦν
1022 943 1122 1013 τῆς
1156 943 1215 995 ἐν
1244 943 1451 1015 ἀμφοῖν
1496 941 1739 1013 ἀμαθίας

150 1040 184 1109 ἡ
225 1038 579 1100 θεόπνευστος
630 1038 669 1088 Γ
675 1038 847 1109 ραφὴ,
898 1038 1278 1107 πρεσϐεύουσα
1327 1034 1595 1105 τάληθὲς,
1642 1034 1738 1086 καὶ

152 1129 242 1183 τὸν
275 1128 373 1199 μὲν
416 1128 527 1199 γὰρ
588 1127 819 1190 ἐκείνοις
861 1126 1017 1195 λόγον
1063 1127 1273 1198 ἀδρανῆ
1323 1126 1417 1179 καὶ
1458 1123 1738 1193 ἀσύφηλον

150 1220 549 1288 ἀποφαίνουσα,
577 1219 844 1287 ἐφιστᾶσα
870 1218 926 1271 δὲ
948 1221 1069 1280 ταῖς
1094 1219 1195 1288 τῆς
1223 1217 1477 1288 θεότητος
1505 1216 1734 1287 τρίϐοις,

149 1312 274 1374 τοὺς
319 1310 486 1382 ἰσχνῷ
532 1327 591 1362 τε
643 1310 737 1362 καὶ
797 1309 1017 1380 ἀκριϐεῖ
1055 1309 1293 1371 διανοίας
1340 1309 1549 1380 ὄμματι
1601 1323 1736 1361 κατ-

150 1398 337 1469 αθρείν
366 1399 625 1461 εἰωθότας
654 1398 715 1451 τὸ
741 1400 827 1451 ἐπ’
851 1399 1000 1467 αὐτῷ
1030 1400 1349 1471 μυστήριον.

220 1488 279 1544 Β.
320 1487 473 1550 Τίνες
502 1488 546 1540 δ’
572 1488 638 1541 ἂν
666 1486 800 1554 εἶεν,
825 1491 874 1542 οί
903 1490 1003 1559 τὴν
1029 1489 1172 1542 οὕτω
1201 1492 1409 1561 σεπτὴν
1441 1488 1536 1542 καὶ
1562 1489 1736 1560 ἀπόρο

150 1580 313 1649 ρητον
341 1578 433 1631 τοῦ
467 1578 718 1652 Σωτῆρος
747 1580 1080 1651 οἰκονομίαν,
1125 1580 1356 1644 ἀνοσίως
1383 1580 1738 1651 κεκιϐδηλευ-

150 1668 304 1730 κότες
338 1666 543 1738 (ἔοικας
588 1669 699 1740 γὰρ
747 1669 807 1721 ού
848 1670 1084 1741 μετρίως
1131 1672 1218 1724 ἐπ’
1258 1671 1410 1743 αύτῷ
1453 1672 1519 1743 δὴ
1562 1670 1737 1741 τούτῳ

147 1759 482 1831 δυσφορεῖν),
517 1760 754 1831 ἐθέλοιμ’
781 1760 847 1814 ἂν
873 1761 1234 1817 διαπυθέσθαι
1268 1782 1385 1817 σου.

1842 574 1930 642 qui
1959 573 2030 626 sit
2060 584 2249 626 natura
2278 569 2448 633 Deus,
2476 580 2529 623 et
2558 568 2731 623 Patris
2758 583 3023 623 assessor.

1909 840 1970 895 Β.
2012 841 2178 897 Recte
2208 840 2425 910 quidem
2458 839 2595 894 ilicis

1911 935 1975 988 A.
2017 931 2295 989 Occlamat
2328 946 2457 986 vero
2492 932 2774 984 amborum
2814 929 3096 998 imperitia:
3136 928 3417 1000 Scriptura

1840 1024 2100 1078 divinitus
2148 1024 2447 1093 inspirata,
2508 1022 2793 1076 veritatem
2860 1020 3014 1075 nobis
3064 1020 3370 1075 edisserens
3399 1061 3414 1083 ,

1840 1127 2005 1187 atque
2038 1116 2249 1171 illorum
2276 1116 2494 1185 quidem
2526 1113 2766 1169 rationes
2792 1128 2957 1168 vanas
2983 1128 3047 1167 ac
3067 1114 3291 1169 stolidas
3320 1116 3416 1167 dv-

1839 1208 2056 1263 clarans
2088 1247 2103 1271 ,
2126 1208 2291 1279 716
2319 1223 2411 1262 eos
2444 1222 2572 1260 vero
2607 1206 2696 1274 qui
2730 1204 2914 1260 subtili
2960 1216 3123 1275 atque
3158 1219 3419 1262 accurato

1839 1302 2039 1355 mentis
2062 1302 2220 1355 oculo
2252 1302 2569 1371 mysterium
2603 1298 2742 1368 quod
2781 1299 2833 1353 in
2866 1299 2967 1353 hoc
3005 1299 3134 1354 latet
3165 1311 3415 1355 contem-

1838 1396 1975 1467 plari
2012 1398 2208 1460 solent,
2237 1398 2302 1450 ad
2341 1398 2588 1451 semitam
2626 1395 2924 1449 divinitatis
2956 1394 3248 1449 deducens.

1910 1488 1971 1543 B.
2011 1488 2239 1555 Quinam
2296 1502 2424 1542 vero
2474 1489 2585 1541 sint
2629 1485 2662 1539 ii
2715 1485 2806 1555 qui
2858 1488 2993 1541 adeo
3056 1488 3420 1542 venerandam

1838 1593 2001 1653 atque
2044 1580 2373 1636 inell‘abilem
2405 1578 2717 1633 Servatoris
2760 1579 2928 1633 nostri
2962 1580 3420 1648 dispensationem

1839 1675 2214 1730 adulterarum
2247 1672 2472 1745 (videris
2500 1672 2642 1726 enim
2683 1672 2810 1725 mihi
2858 1687 2960 1725 non
2999 1686 3188 1741 parum
3225 1672 3328 1728 hac
3355 1674 3423 1727 de

1840 1784 2003 1824 causa
2032 1778 2338 1821 commotus
2367 1766 2532 1835 esse),
2563 1766 2722 1819 velim
2746 1779 2812 1819 ex
2844 1774 2895 1818 te
2924 1779 3275 1834 cognoscere.

218 1856 283 1905 A.
318 1853 694 1925 Διατεκμαίρῃ
751 1852 955 1917 καλῶς.
1008 1854 1198 1924 Ζηλῶν
1242 1855 1352 1927 γὰρ
1382 1857 1631 1929 ἐζήλωσα
1660 1858 1738 1928 τῷ

1918 1862 1984 1914 A.
2030 1860 2197 1915 Recte
2222 1858 2458 1929 judicas.
2490 1859 2620 1915 Zelo
2651 1860 2795 1913 enim
2842 1860 3048 1914 zelatus
3085 1875 3204 1915 sum
3240 1860 3425 1915 Domi-

146 1944 360 2015 Κυρίῳ,
396 1945 490 1998 καὶ
522 1945 660 2015 πρός
681 1962 746 2014 γε
776 1947 928 2000 τουτὶ
958 1950 1435 2020 κατατεθηγμένος
1464 1950 1613 2004 ἀλύω
1643 1951 1740 2004 καὶ

150 2037 377 2119 σφόδρα.
422 2035 495 2088 Τὸ
538 2036 595 2088 δὲ
645 2038 767 2089 ὅποι
813 2038 943 2090 ποτὲ
999 2041 1469 2111 καταστρέψωσιν
1516 2042 1565 2094 οἰ
1608 2042 1738 2114 παρ’

148 2129 373 2181 ἐκείνων
412 2129 597 2197 λόγοι,
634 2129 782 2182 δέδια
831 2131 1105 2201 καθορῶν.
1138 2133 1249 2202 Τὴν
1294 2133 1403 2204 γάρ
1433 2151 1517 2187 τοι
1557 2151 1738 2207 παρα-

148 2221 397 2274 δοθείσαν
426 2224 561 2291 ἡμῖν
604 2221 887 2275 νοθεύουσι
936 2224 1143 2287 πίστιν,
1174 2224 1467 2296 δράκοντος
1502 2226 1739 2296 ἁρτιφα-

148 2312 278 2374 νοῦς
310 2311 583 2383 εὑρήμασι
618 2312 973 2383 κεχρημένοι,
1007 2317 1104 2367 καὶ
1142 2316 1265 2376 ταῖς
1297 2313 1407 2367 τῶν
1443 2314 1741 2367 ἁπλουστέ-

154 2420 263 2472 ρων
309 2402 509 2474 ψυχαῖς
554 2404 635 2456 ίοῦ
670 2404 827 2475 δίκην
876 2407 1196 2475 ἐγχέοντες,
1242 2406 1431 2478 ψυχρά
1477 2424 1599 2460 τινα
1647 2409 1741 2460 καὶ

149 2494 560 2565 διεστραμμένα
583 2498 676 2549 καὶ
704 2496 1037 2567 ἁϐελτηρίας
1064 2497 1289 2568 ἔμπλεω

226 2586 288 2640 Β.
331 2585 470 2641 Εἶτα
510 2588 593 2651 τίς
626 2590 653 2640 ὁ
698 2590 1002 2660 ἀρτιφανής
1043 2591 1161 2643 ἐστι
1196 2589 1433 2660 δράκων,
1483 2591 1643 2641 ὁποῖα
1686 2588 1742 2641 δὲ

150 2678 294 2736 ἄττα
326 2681 392 2735 τὰ
439 2683 571 2753 παρ’
613 2682 778 2735 αὑτοῦ
823 2682 1255 2754 πεφλυαρημένα
1304 2682 1446 2737 κατά
1484 2681 1593 2735 τῶν
1643 2686 1743 2754 τῆς

149 2773 415 2844 ἀληθείας
442 2774 752 2845 δογμάτων,
790 2777 1033 2846 ἐρομένῳ
1063 2777 1294 2847 φράσον.

226 2870 293 2921 Α.
343 2867 674 2939 Ἀρτιφανὴς
708 2868 806 2939 μὲν
830 2866 1068 2939 δράκων,
1100 2870 1128 2921 0
1162 2867 1375 2931 σκολιὸς
1411 2869 1617 2932 οὐτοσὶ,
1648 2870 1743 2922 καὶ

152 2959 221 3031 ιῷ
254 2958 559 3029 μεθύουσαν
580 2960 719 3030 ἔχων
744 2959 844 3031 τὴν
872 2959 1141 3028 γλῶτταν,
1164 2961 1193 3013 0
1217 2963 1283 3032 τῇ
1314 2962 1609 3035 παραδόσει
1634 2963 1743 3016 τῶν

150 3052 257 3122 τῆς
301 3052 628 3122 οἰκουμένης
669 3052 1072 3121 μυσταγωγῶν,
1114 3053 1313 3124 μᾶλλον
1358 3054 1416 3107 δὲ
1461 3055 1555 3108 καὶ
1594 3055 1745 3128 πάσῃ

151 3148 225 3215 τῇ
244 3143 599 3214 θεοπνεύστῳ
630 3145 820 3215 Γραφῇ
852 3146 1136 3216 μονονουχὶ
1162 3146 1375 3218 χαίρειν
1398 3148 1587 3213 εἰπὼν,
1622 3166 1747 3201 και-

150 3238 465 3308 νοτομήσας
489 3237 547 3290 δὲ
573 3236 634 3288 τὸ
664 3237 815 3307 αύτῴ
844 3238 1055 3304 δοκοῦν,
1101 3240 1194 3291 καὶ
1219 3238 1481 3292 Θεοτόκον
1514 3240 1612 3309 μὲν
1643 3241 1746 3294 οὐκ

149 3323 294 3381 εἶναι
342 3325 518 3396 λέγων
568 3327 669 3397 τὴν
709 3329 872 3396 ἁγίαν
926 3328 1225 3400 Παρθένον,
1274 3331 1641 3401 Χριστοτόκον
1687 3331 1744 3384 δέ

154 3420 363 3490 μᾶλλον
407 3421 502 3474 καὶ
530 3420 945 3491 ἀνθρωποτόκον
975 3439 990 3454 ·
1039 3421 1205 3492 ἐτερα
1245 3422 1303 3475 δὲ
1351 3424 1487 3494 πρὸς
1533 3423 1746 3486 τούτοις

149 3514 347 3585 ἀπηχῆ
398 3515 492 3567 καί⁹
538 3514 893 3584 ἀπόπληκτα,
923 3516 1035 3577 τοῖς
1068 3515 1251 3586 ὀρθοῖς
1282 3517 1376 3570 καὶ
1423 3517 1744 3589 εἰλικρινέσι

149 3606 258 3677 τῆς
289 3607 582 3678 καθολικῆς
618 3606 947 3677 Ἐκκλησίας
971 3607 1349 3678 ἐπεισφρήσας
1380 3609 1635 3679 δόγμασι.

230 3787 294 3842 Β.
329 3786 644 3858 Νεστὸριον,
668 3782 844 3856 οἶμαι,
880 3787 1004 3857 φής.
1050 3787 1279 3858 Συνίημι
1308 3788 1416 3859 γὰρ
1459 3789 1556 3860 ἤδη
1592 3809 1739 3856 πως,

150 3876 298 3932 ἀλλὰ
337 3878 391 3930 τί
423 3878 483 3931 τὸ
512 3879 721 3949 χρῆμα,
749 3871 794 3930 ὦ
818 3880 935 3940 τᾶν,
985 3878 1093 3931 τῶν
1139 3879 1349 3931 ἐκείνου
1405 3879 1598 3948 λόγων,
1636 3878 1746 3935 ὀὐκ

150 3972 269 4044 ἔχω
298 3974 459 4025 νοεῖν·
487 3971 750 4025 Θεοτόκον
776 3971 834 4025 δὲ
864 3970 981 4036 πῶς
1006 3972 1108 4025 οὐκ
1133 3968 1273 4025 εἶναι
1300 3989 1433 4043 φησι
1460 3974 1557 4045 τὴν
1583 3975 1746 4043 ἁγίαν

150 4064 437 4135 Παρθένον
454 4081 470 4129 ;

229 4160 298 4209 Α.
335 4157 409 4209 Οὐ
444 4154 553 4227 γάρ
586 4173 687 4224 τοι,
721 4155 875 4227 φησι,
921 4153 1055 4208 Θεὸν
1088 4155 1399 4211 ἐκτέτοκεν.
1426 4151 1537 4210 Ἦν
1579 4159 1690 4230 γὰρ
1717 4162 1746 4213 0

151 4250 334 4317 Λόγος
369 4249 463 4302 καὶ⁸
510 4248 618 4319 πρὸ
669 4249 861 4319 αὐτῆς,
917 4248 1122 4319 μᾶλλον
1172 4248 1230 4302 δέ
1265 4249 1359 4302 καὶ
1395 4250 1505 4319 πρὸ
1540 4250 1746 4314 παντὸς

151 4342 356 4405 αἰῶνος
387 4341 481 4395 καὶ
518 4341 732 4413 χρόνου,
775 4341 1044 4405 συναῒδιος
1074 4339 1150 4394 ὢν
1174 4341 1255 4412 τῷ
1283 4340 1401 4412 Θεῷ
1427 4342 1521 4394 καί
1547 4343 1742 4415 Πατρί.

152 4436 614 4505 Καταρνήσονται
640 4434 705 4504 δὴ
736 4428 830 4487 οὖν
859 4435 954 4487 καὶ
980 4432 1150 4486 τοῦτον
1167 4434 1490 4501 ἀναφανδὸν,
1524 4433 1599 4498 ὡς
1630 4436 1747 4488 ἐστι

1842 1968 1992 2007 num.
2026 1953 2191 2022 Angit
2224 1967 2351 2007 vero
2392 1968 2475 2006 me
2521 1962 2577 2006 et
2622 1952 2839 2021 quidem
2885 1943 3256 2015 vehementer,
3298 1968 3419 2008 cum

1843 2059 2055 2098 mecum
2086 2060 2188 2098 non
2217 2045 2420 2113 absque
2462 2044 2653 2097 timore
2704 2044 2882 2112 cOgito
2917 2058 3152 2112 quonam
3208 2045 3423 2098 illorum

1842 2153 2122 2192 sermones
2153 2139 2265 2193 sint
2293 2138 2535 2193 evasuri.
2571 2135 2755 2191 Fidem
2785 2137 2929 2191 enim
2979 2138 3133 2192 nobis
3166 2138 3424 2193 traditam

1842 2242 2219 2300 corrumpunt,
2249 2230 2502 2285 draconis
2529 2244 2719 2283 recens
2748 2230 2877 2284 editi
2920 2231 3152 2285 inventis
3189 2241 3424 2293 utentes,

1842 2333 1896 2377 et
1928 2323 2109 2376 inania
2139 2322 2386 2392 quaedam
2412 2338 2477 2377 ac
2500 2336 2661 2384 vana,
2684 2322 3080 2391 dementizeque
3115 2326 3270 2393 plena
3295 2325 3428 2395 d03-

1847 2425 1991 2469 mata
2020 2415 2411 2492 simpliciorum
2450 2414 2646 2468 animis
2670 2412 3033 2469 infundentes.

1918 2593 1976 2648 Β.
2021 2592 2281 2659 Quisnam
2328 2609 2491 2662 porro
2542 2594 2613 2648 sit
2658 2593 2825 2648 draco
2870 2594 2973 2649 iste
3006 2609 3197 2649 recens
3230 2596 3427 2659 editus,

1844 2695 1898 2738 et
1922 2684 2101 2755 qualia
2129 2687 2344 2740 tandem
2378 2686 2487 2739 sint
2514 2700 2577 2741 ea
2601 2701 2721 2756 qua:
2739 2688 2998 2743 adversus
3027 2690 3272 2746 veritatis
3298 2692 3430 2761 (ltig-

1847 2789 1992 2833 mata
2022 2779 2344 2842 deblaterat,
2372 2778 2606 2848 eXplica,
2636 2780 2884 2835 obsecro.

1910 2873 1975 2925 A.
2016 2871 2226 2925 Recens
2265 2872 2482 2940 quidem
2521 2871 2683 2926 draco
2721 2883 2805 2927 est
2849 2886 3083 2942 nequam
3125 2874 3215 2930 ille
3254 2886 3310 2930 et
3338 2892 3430 2929 ve-

1847 2980 1987 3018 neno
2012 2966 2356 3018 temulentam
2382 2964 2584 3019 habeus
2608 2963 2866 3033 linguam,
2887 2967 3106 3035 quique,
3122 2976 3427 3037 contempta

1849 3053 2138 3108 traditione
2181 3068 2371 3107 eorum
2419 3054 2509 3123 qui
2566 3054 2759 3108 orbem
2798 3068 3064 3110 terrarum
3106 3072 3263 3111 sacra
3312 3075 3429 3128 my—

1849 3145 2013 3199 steria
2049 3146 2369 3208 docuerunt,
2420 3144 2531 3198 imo
2575 3144 2756 3212 potius
2802 3145 3053 3200 universa
3089 3161 3243 3202 sacra
3282 3146 3432 3203 Scri—

1848 3248 2005 3308 ptura
2033 3239 2213 3291 valere
2237 3239 2413 3305 jussa,
2453 3236 2724 3305 rebusque
2754 3238 2906 3290 novis
2942 3254 3038 3305 pro
3084 3254 3178 3292 sua
3209 3238 3429 3294 libidine

1847 3326 2205 3389 introductis,
2245 3336 2490 3379 sanctam
2533 3322 2807 3395 Virginem
2854 3324 3136 3393 Deiparam
3171 3341 3290 3383 esse
3336 3345 3428 3381 ne-

1846 3431 1958 3492 gat,
1995 3421 2088 3475 sed
2122 3420 2301 3488 potius
2328 3417 2609 3473 Christum
2654 3419 2769 3472 sive
2806 3418 3079 3472 hominem
3116 3422 3423 3486 peperisse,

1847 3516 2061 3583 aliaque
2094 3512 2179 3566 his
2208 3509 2385 3565 afﬁnia
2419 3525 2677 3579 perquam
2726 3510 2958 3563 absurda
3006 3520 3170 3580 atque
3211 3514 3425 3581 stupida

1849 3608 2017 3663 rectis
2052 3622 2115 3661 ac
2143 3606 2294 3677 puris
2324 3602 2645 3659 universalis
2679 3600 2935 3657 Ecclesiae
2961 3602 3302 3672 dogmatibus
3332 3619 3425 3656 su-

1846 3698 2205 3769 perinferens.

1921 3792 1981 3844 Β.
2023 3788 2356 3853 Nestorium,
2393 3795 2454 3840 ut
2481 3785 2737 3844 arbitror,
2789 3782 3087 3852 signiﬁcas.
3129 3781 3248 3837 Jam
3283 3785 3429 3838 enim

1849 3884 2110 3953 intelligo.
2164 3880 2450 3950 Opinionis
2496 3891 2627 3931 vero
2669 3875 2788 3945 ejus
2838 3876 2978 3928 ratio
3032 3876 3164 3931 mihi
3209 3880 3427 3945 cognita

1846 3993 1955 4034 non
1995 3989 2098 4031 est.
2137 3976 2383 4042 Quonam
2428 3978 2613 4027 autem
2662 3977 2822 4039 pacto
2855 3979 3098 4025 sanctam
3153 3968 3427 4040 Virginem

1848 4069 2132 4140 Deiparam
2162 4081 2282 4122 esse
2314 4065 2513 4134 negat?

1919 4161 1987 4214 A.
2028 4158 2213 4228 Neque
2238 4157 2404 4222 enim,
2432 4156 2625 4225 inquit,
2654 4156 2823 4211 Deum
2855 4169 2922 4209 ex
2945 4170 3006 4211 se
3032 4155 3261 4223 peperit.
3294 4153 3428 4208 Nam

1849 4252 2090 4309 Verbum
2133 4262 2258 4306 ante
2302 4250 2474 4320 ipsam
2516 4259 2654 4315 erat,
2687 4261 2851 4320 atque
2902 4250 3035 4303 adeo
3076 4258 3203 4303 ante
3244 4251 3428 4302 omnia

1848 4347 2042 4402 saecula
2069 4354 2125 4401 et
2151 4354 2414 4415 tempora,
2449 4353 2633 4413 utpote
2668 4353 2996 4398 coaeternum
3036 4340 3144 4395 Deo
3166 4356 3230 4396 ac
3258 4339 3426 4396 Patri.

1846 4443 2178 4512 Negaverint
2208 4443 2391 4510 itaque
2422 4439 2586 4494 etiam
2620 4441 2723 4494 hoc
2764 4447 2972 4507 aperte,
3021 4437 3163 4506 quod
3203 4436 3430 4491 Etuma-

151 4528 296 4591 Θεὸς
333 4531 362 4582 0
397 4528 774 4599 Ἐμμανουὴλ,
820 4528 942 4599 εἱκῆ
986 4528 1043 4581 δὲ
1084 4528 1159 4592 ὡς
1206 4528 1351 4582 ἔοικε
1396 4529 1738 4601 διερμηνεύει

1860 4534 1977 4589 nuel
2012 4533 2084 4587 sit
2114 4532 2278 4588 Deus.
2318 4532 2500 4600 Inepte
2530 4532 2696 4601 igitur
2728 4530 2857 4586 illud
2898 4531 3287 4600 interpretatus
3311 4530 3429 4583 fue-

151 4619 418 4689 τοῦνομα,
468 4620 640 4689 λέγων
678 4622 708 4673 0
754 4620 1179 4689 εὐαγγελιστής·
1217 4639 1235 4671 ι
1270 4622 1337 4673 Ὄ
1383 4622 1499 4674 ἐστι
1548 4622 1743 4693 μεθερ-

155 4712 556 4783 μηνευόμενον,
591 4710 727 4765 Μεθ’
754 4711 914 4781 ἡμῶν
938 4713 966 4763 0
997 4710 1182 4774 Θεός.»
1218 4710 1377 4765 υῦτω
1409 4713 1518 4784 γὰρ
1542 4714 1744 4785 χρῆναι

150 4803 635 4874 κατονομάζεσθαι
688 4803 1057 4858 διεϐεϐαιοῦτο
1113 4803 1297 4873 σαφῶς
1346 4804 1435 4858 διὰ
1486 4806 1585 4875 τῆς
1648 4806 1744 4860 τοῦ

153 4897 448 4967 προφήτου
479 4896 666 4967 φωνῆς
692 4899 720 4949 ὁ
745 4896 878 4958 Θεὸς
904 4896 998 4949 καὶ
1022 4895 1235 4967 Πατὴρ,
1257 4897 1348 4949 τὸν
1370 4898 1433 4949 ἐκ
1459 4898 1559 4969 τῆς
1585 4898 1746 4966 ἁγίας

148 4988 440 5061 Παρθένου
466 4989 608 5043 κατά
639 4989 816 5059 σάρκα
846 4993 1260 5060 γεγεννημένον,
1295 4990 1368 5053 ὡς
1400 4990 1752 5064 ἐνανθρωπή-

150 5099 334 5137 σαντα
362 5082 519 5136 Θεὸν.

226 5174 294 5226 Β.
330 5173 521 5226 Καίτοι
551 5173 698 5226 δοκεῖ
746 5174 842 5244 μέν
874 5174 1100 5237 ἐκείνοις
1132 5173 1229 5243 οὐχ
1260 5166 1360 5226 ὦδε
1395 5172 1549 5225 ταῦτ’
1579 5171 1742 5241 ἔχειν,

152 5266 282 5338 μεθ’
308 5264 466 5335 ἡμῶν
495 5264 553 5317 δὲ
583 5268 741 5334 φαῖεν
772 5265 1024 5333 γενέσθαι
1054 5265 1204 5331 Θεὸν,
1239 5267 1359 5336 ἦτοι
1392 5264 1483 5318 τὸν
1511 5267 1575 5318 ἐκ
1607 5264 1744 5318 Θεοῦ

146 5359 353 5425 Λόγον,
388 5358 529 5411 κατά
578 5374 641 5425 γε
681 5357 808 5420 τοὺς
838 5358 937 5427 τῆς
985 5358 1304 5429 ἐπικουρίας
1352 5358 1609 5430 τρόπους.
1653 5358 1751 5412 Σέ·

150 5466 309 5507 σωκε
347 5451 455 5524 γὰρ
489 5452 587 5523 τὴν
620 5453 712 5504 ὑπ’
739 5452 966 5523 οὐρανὸν
1007 5453 1096 5508 διὰ
1141 5453 1236 5507 τοῦ
1284 5453 1639 5524 γεννηθέντος
1684 5453 1750 5507 ὲκ

148 5545 447 5614 γυναικός.

223 5638 295 5690 Α.
332 5636 407 5690 Οὐ
440 5638 547 5708 γὰρ
580 5633 666 5708 ἦν,
717 5638 838 5692 εἰπέ
878 5657 989 5709 μοι,
1036 5641 1130 5693 καὶ
1183 5639 1322 5708 μετὰ
1360 5640 1605 5705 Μωσέως
1643 5640 1743 5712 τῆς

222 5814 267 5845 ’δ’
297 5811 490 5870 Matth.
524 5831 563 5878 ι,
593 5814 684 5868 9.3.

484 5912 749 5972 Ριιτιιυιη
797 5913 911 5970 Gn.
965 5913 1182 5975 LXXV.

1855 4628 1926 4682 rit
1961 4626 2289 4694 evangelista
2316 4662 2331 4687 ,
2368 4625 2554 4678 dicens
2585 4637 2600 4675 :
2636 4640 2656 4674 ι
2685 4622 2839 4687 Quod
2885 4623 3303 4690 interpretatur,
3332 4620 3433 4675 Nu-

1852 4719 2061 4773 biscum
2094 4717 2236 4771 Dens
2259 4716 2325 4770 “.
2358 4735 2377 4767 ι
2413 4716 2487 4769 Ita
2524 4716 2669 4770 enim
2698 4712 2983 4770 manifeste
3014 4714 3153 4770 Deus
3178 4729 3243 4769 ac
3271 4713 3435 4767 Pater

1854 4826 1951 4881 per
1985 4824 2172 4865 vocem
2202 4808 2587 4879 prophetarum
2634 4806 2924 4862 afﬁrmavit
2954 4817 3207 4877 oportere
3248 4810 3430 4862 vocari

1855 4914 1979 4954 eum
2009 4900 2099 4970 qui
2136 4914 2199 4954 ex
2231 4907 2417 4953 sancta
2442 4895 2666 4967 Virgine
2692 4896 2989 4952 secundum
3020 4912 3244 4953 carnem
3275 4908 3439 4952 natus

1857 5001 2021 5057 esset,
2052 5003 2109 5046 ut
2139 4991 2306 5045 Deum
2335 4991 2697 5044 iucarnatum.

1927 5175 1988 5230 Β.
2029 5172 2187 5241 Atqui
2215 5170 2319 5226 illis
2349 5186 2439 5226 res
2474 5185 2579 5225 non
2612 5172 2683 5225 ita
2719 5185 2777 5226 se
2812 5169 3012 5225 habere
3043 5170 3253 5223 videtur
3282 5187 3297 5223 :
3330 5187 3434 5224 no-

1853 5268 2058 5322 biscum
2110 5280 2237 5321 vero
2290 5268 2488 5319 factum
2538 5280 2658 5319 esse
2717 5265 2882 5318 Deum
2935 5265 3272 5317 contemtum
3318 5263 3435 5316 sive

1860 5359 2090 5414 Verbum
2128 5372 2194 5412 ex
2227 5356 2357 5421 Deo,
2402 5358 2612 5410 ratione
2634 5355 2847 5410 auxilii.
2886 5353 3128 5409 Salvavit
3155 5355 3301 5410 enim
3340 5371 3431 5407 ore

1852 5452 1974 5508 hem
2015 5463 2284 5507 terrarum
2320 5466 2414 5521 per
2447 5464 2570 5504 eum
2615 5451 2706 5518 qui
2751 5464 2819 5505 ex
2853 5449 3078 5503 muliere
3135 5456 3294 5503 natus
3325 5460 3431 5503 est.

1921 5638 1988 5694 A.
2030 5636 2206 5705 Anne,
2254 5634 2505 5702 obsecro,
2554 5641 2764 5689 etcum
2811 5629 2995 5703 Moyse
3035 5639 3187 5694 erat,
3221 5644 3251 5684 e
3285 5638 3433 5684 terra

3044 5910 3119 5971 40
