3846 6210
442 329 467 384 -Ι
478 330 581 385 259

1426 320 1482 374 S.
1522 316 1798 375 CYRll.Ll
1840 309 2311 370 ALEXANDRINI
2351 307 2670 363 ARClllEP.

3564 297 3709 350 1260

444 446 819 517 Egyptiorum
871 442 1034 514 711
1067 449 1122 495 et
1152 438 1415 494 servitute
1443 453 1548 507 qua
1577 437 1773 490 ibidem
1807 448 2020 504 preme-

2177 426 2443 497 ῑγυπτίων
2488 423 2671 493 χώρας
2706 421 2798 474 καὶ
2828 420 2925 489 τῆς
2952 415 3142 470 αὐτόθι
3187 410 3499 479 πλεονεξίας
3523 409 3708 461 ἀπαλ-

444 542 641 597 bautur
670 538 937 593 lsraelitas
980 536 1216 589 liberans
1245 534 1296 587 in
1334 548 1493 585 mauu
1537 530 1661 583 forti
1707 537 1761 581 et
1792 527 2014 581 brachio

444 633 699 696 excelso,
771 630 911 684 sicut
963 628 1221 695 scriptum
1274 624 1631 677 est“?anne
1680 636 1807 674 vero
1836 619 2015 675 etiam

444 726 699 792 deinceps
715 720 897 775 Jesum
926 718 1211 772 manifeste
1235 716 1501 770 dicentem
1528 712 1888 781 reperiemus:
1920 728 1937 759 ‹
1955 709 2019 762 Et

445 816 753 871 sicuteram
783 827 903 866 cum
936 809 1136 879 Moyse,
1162 808 1234 862 ita
1258 822 1352 862 ero
1386 806 1549 861 etiam
1584 803 1860 858 vobiscum
1875 799 2010 851 “‘?i

515 925 579 978 Β.
620 922 879 979 Omnino.

517 1021 584 1074 A.
622 1015 795 1081 Quam
826 1013 989 1081 igitur
1013 1010 1083 1066 ob
1112 1024 1331 1064 causam
1361 1020 1522 1061 nemo
1553 1004 1770 1073 quidem
1804 1002 2020 1057 illorum

447 1104 766 1162 Emmanuel
794 1110 1019 1158 vocatus
1046 1109 1149 1162 est,
1178 1099 1271 1153 sed
1303 1096 1375 1151 illi
1403 1095 1501 1151 soli
1537 1096 1637 1149 hoc
1665 1108 1858 1148 nomen
1891 1106 2022 1145 con-

448 1198 594 1253 venit
623 1196 717 1265 qui
750 1191 1061 1249 novissimis
1104 1189 1284 1245 saeculi
1317 1186 1654 1255 temporibus
1700 1197 1766 1236 ex
1799 1181 2025 1235 muliere

450 1288 744 1355 secundum
770 1296 989 1339 carnem
1022 1291 1185 1335 natus
1211 1279 1329 1335 est?

520 1380 586 1434 Β.
629 1379 873 1446 Quonam
910 1376 1067 1430 modo
1095 1374 1275 1441 itaque
1310 1368 1649 1424 censebimus
1680 1364 1879 1419 factum
1905 1376 2026 1418 esse

454 1471 621 1524 Deutn
658 1482 726 1521 ex
770 1462 1038 1518 muliere?
1063 1462 1143 1515 Au
1168 1471 1426 1528 tanquam
1462 1456 1779 1511 substantia:
1817 1466 1935 1521 qua!
1972 1452 2023 1505 in

451 1565 567 1632 ipsa
604 1568 658 1614 et
686 1573 750 1610 ex
791 1557 901 1624 ipsa
929 1560 1013 1607 est
1034 1550 1305 1621 particeps
1340 1547 1538 1601 factum
1567 1544 1728 1597 fuerit
1758 1540 2027 1596 Verbum?

521 1658 585 1709 A.
624 1650 780 1706 Absit
811 1658 870 1702 ιιι
901 1647 1036 1700 adeo
1075 1658 1266 1697 vanam
1297 1652 1461 1708 atque
1490 1637 1775 1691 absurdam
1819 1634 2029 1702 Opinio-

454 1760 576 1801 nem
628 1742 810 1795 animo
864 1734 1256 1802 concipiamus.
1314 1731 1610 1783 Erroneum
1656 1724 1799 1779 enim
1841 1722 2027 1787 fuerit,

454 1835 762 1901 mentisque
786 1829 944 1898 plane
979 1840 1008 1879 a
1033 1839 1165 1877 vero
1188 1835 1418 1883 aversm,
1449 1816 1760 1871 existimare
1788 1811 2033 1866 inell'abi-

454 1932 560 1983 lem
595 1920 865 1993 Unigeniti
894 1917 1185 1974 essentiam
1212 1912 1393 1967 carnis
1456 1909 1688 1963 fructum
1720 1908 1835 1960 sive
1868 1906 2031 1959 fetum

454 2034 595 2075 esse.
623 2016 895 2071 Caeterum
936 2019 1076 2074 erat,
1115 2017 1173 2059 ut
1223 2006 1387 2066 Deus,
1415 2012 1717 2056 comternus
1762 1997 1907 2051 Patri
1943 1996 2033 2063 qui

457 2113 631 2182 ipsum
660 2106 864 2178 genuit,
904 2109 958 2155 et
985 2115 1049 2154 ex
1091 2101 1205 2166 ipso
1233 2093 1528 2150 secundum
1568 2102 1814 2144 naturam
1844 2088 2034 2143 ineffa-

458 2204 551 2260 bili
608 2204 767 2255 modo
816 2196 1030 2268 genitus
1083 2198 1186 2243 est.
1243 2186 1559 2240 Volentibus
1618 2194 1794 2237 autem
1852 2190 2036 2250 aperte

457 2305 788 2367 cognoscere
848 2284 1116 2356 quomodo
1147 2292 1198 2335 et
1226 2294 1330 2346 qua
1371 2278 1580 2331 ratione
1615 2276 1666 2327 in
1698 2284 1877 2327 nostra
1911 2285 2035 2340 spe-

458 2392 541 2445 cie
567 2383 879 2456 apparuerit
911 2389 964 2433 et
1017 2375 1192 2429 factus
1232 2374 1303 2425 sit
1333 2375 1516 2433 homo,
1561 2368 1774 2420 divinus
1810 2377 2038 2432 evange-

461 2483 584 2535 lista
633 2477 869 2531 Joannes
914 2468 1175 2530 declarat,
1211 2465 1397 2517 dicens
1428 2478 1441 2513 :
1481 2479 1498 2510 ι
1533 2460 1598 2512 Et
1631 2457 1863 2511 Verbum
1910 2469 2038 2510 caro

460 2576 662 2628 factum
706 2576 807 2629 est,
850 2573 904 2617 et
935 2559 1200 2615 habitavit
1241 2557 1293 2608 itt
1340 2552 1515 2613 nobis,
1559 2560 1612 2604 et
1655 2551 1889 2602 vidimus
1927 2548 2040 2616 glo-

462 2667 597 2719 riam
644 2660 798 2729 ejus,
852 2653 1076 2726 gloriam
1132 2659 1388 2714 tanquam
1441 2642 1711 2711 Unigeniti
1758 2656 1787 2693 a
1841 2638 2037 2702 Patre,

463 2760 676 2827 plenum
705 2749 893 2822 gratim
918 2755 972 2800 et
998 2743 1240 2795 veritatis
1265 2737 1330 2790 ‘3.
1364 2755 1382 2788 ι

535 2847 597 2901 Β.
638 2846 711 2899 At
737 2843 779 2896 si
814 2837 1070 2898 Verbum,
1102 2831 1378 2900 inquiunt,
1414 2828 1612 2881 factunt
1648 2835 1730 2880 est
1754 2840 1901 2887 caro,
1928 2823 2039 2893 jam

463 2956 570 2995 non
608 2934 838 3004 amplius
870 2926 1068 2983 tnausit
1099 2921 1360 2987 Verbum,
1396 2920 1487 2973 sed
1516 2917 1696 2987 potius
1737 2916 1895 2970 desiit
1921 2929 2042 2969 esse

466 3033 517 3086 id
547 3028 689 3100 quod
714 3032 855 3079 erat.

536 3099 602 3177 Α.
640 3117 801 3186 Atqui
839 3115 941 3168 hoc
981 3123 1186 3164 merum
1230 3102 1478 3159 delirium
1528 3110 1583 3155 et
1620 3099 1890 3155 dementia
1937 3107 2040 3163 est,
2071 3128 2113 3186 ε

467 3215 711 3283 nihilque
740 3208 884 3262 aliud
912 3219 1072 3274 quam
1116 3198 1314 3253 mentis
1343 3204 1533 3250 emota:
1561 3194 1873 3248 ludibrium.
1903 3191 2045 3246 Ceu-

468 3316 587 3362 sent
618 3304 785 3363 enim,
816 3308 874 3350 ut
904 3294 1135 3356 videtur,
1160 3305 1256 3359 per
1284 3289 1387 3342 hoc
1423 3306 1440 3337 t
1463 3286 1661 3339 factum
1697 3296 1831 3348 est,»
1854 3297 2044 3337 neces-

467 3400 613 3455 saria
655 3392 884 3463 quadam
929 3387 1141 3441 ratione
1174 3382 1524 3436 mutationem
1561 3376 2046 3443 alterationemque

468 3487 787 3561 significari.

544 3587 602 3640 Β.
645 3582 723 3636 lta
757 3578 860 3634 sibi
898 3570 1224 3643 persuadent
1255 3576 1308 3621 et
1346 3564 1656 3635 opinionem
1690 3576 1842 3615 suam
1875 3572 2048 3613 saera:

471 3678 769 3748 Scriptura:
801 3667 1125 3725 auctoritate
1159 3660 1462 3717 stabiliunt.
1505 3657 1716 3710 Dictum
1746 3653 1891 3707 enim
1939 3660 2047 3716 est,

473 3745 744 3844 inquiunt,
800 3762 925 3816 alibi
968 3761 1033 3813 de
1080 3770 1249 3810 uxore
1290 3752 1411 3816 Lot,
1461 3748 1602 3818 quod
1640 3746 1779 3800 facta
1833 3745 1903 3797 sit
1952 3758 2047 3798 co-

474 3838 652 3919 lumna
684 3859 815 3913 salis
836 3855 916 3919 “;
943 3851 1079 3907 etde
1108 3849 1257 3917 virga
1280 3842 1473 3913 Moysi,
1509 3840 1649 3910 quod
1679 3838 1901 3908 projecit
1926 3851 2048 3890 eam

474 3960 527 4012 in
558 3966 780 4013 terram,
810 3959 862 4001 et
894 3946 1033 4001 facta
1062 3950 1147 3995 est
1174 3950 1397 4005 serpens
1419 3933 1486 3987 ⁸⁵.
1517 3930 1792 3986 Naturalis
1814 3931 1959 3984 enim
1993 3929 2048 3982 in

476 4052 623 4105 hisce
655 4042 876 4098 mutatio
912 4038 1048 4090 facta
1081 4041 1182 4087 est.

546 4146 615 4196 A.
654 4138 797 4208 Ergo
850 4147 970 4186 cum
1024 4125 1258 4196 psallunt
1294 4119 1511 4190 quidam
1548 4135 1562 4171 :
1597 4136 1615 4169 ι
1646 4116 1712 4170 Ει
1749 4115 1919 4169 factus
1969 4121 2052 4168 est

476 4234 608 4291 mihi
651 4206 909 4286 Dominus
956 4223 1010 4275 in
1060 4211 1393 4286 refugiunt“
1425 4227 1438 4275 ;
1473 4230 1491 4262 ι
1527 4218 1581 4263 et
1617 4222 1847 4261 rursus:
1899 4222 1917 4255 ι
1948 4206 2051 4259 Do-

476 4330 646 4390 mine,
683 4320 949 4388 rcfugium
992 4312 1166 4367 factus
1214 4323 1273 4361 es
1327 4304 1482 4357 nobis
1528 4303 1582 4355 in
1615 4298 1959 4370 generatione
1998 4303 2054 4349 et

476 4387 827 4489 generatione
846 4408 913 4471 ‘7,
952 4422 971 4457 ι
1001 4401 1128 4473 qttid
1163 4392 1603 4468 respondebunt?
1629 4406 1767 4444 anne
1792 4388 1934 4443 Deus
1959 4387 2051 4457 qui

2112 521 2325 573 ’λάττων
2354 517 2445 569 τὸν
2477 514 2711 586 Ἰσραὴλ,
2754 515 2811 566 ὲν
2848 512 2995 583 χειρὶ
3035 508 3271 580 κραταιᾷ
3308 505 3403 558 καὶ
3452 506 3509 556 ὲν
3560 501 3707 571 βρα-

2116 611 2253 681 χίονι
2300 606 2517 678 ὑψηλῷ,
2572 605 2715 659 καθὰ
2752 602 3110 672 γέγραπται;
3160 597 3283 666 οὐχὶ
3323 595 3382 647 δὲ
3424 594 3519 645 καὶ
3562 588 3710 658 μετὰ

2117 678 2305 766 ταῦτα,
2353 698 2560 768 Ἰησοῦν
2591 696 2819 763 λέγοντα
2850 690 3037 760 σαφῶς
3065 689 3391 761 εὑρήσομεν,
3432 703 3450 734 ι
3484 681 3599 734 Καὶ
3626 678 3709 739 ῶς

2118 792 2268 863 ἤμην
2306 790 2446 859 μετὰ
2474 788 2667 858 Μωσῆ,
2699 785 2873 848 οὕτως
2899 782 3095 851 ἔσομαι
3119 779 3215 833 καὶ
3248 776 3388 847 μετὰ
3418 772 3547 839 σοῦς
3574 788 3595 821 ι

2191 881 2539 952 Β.Ἀληθές.

2190 975 2255 1025 Α.
2288 948 2435 1042 Ἄρα
2466 970 2538 1040 ’δὴ
2584 963 2693 1032 οὖν,
2735 966 2908 1027 οὐδεὶς
2950 962 3049 1033 μὲν
3093 962 3314 1013 ὲκεινων
3358 948 3724 1025 Ἐμμανουὴλ

2121 1064 2457 1135 ὠνόμασται,
2481 1064 2688 1133 ἥρμοσε
2715 1059 2771 1111 δὲ
2800 1057 2944 1128 μόνῳ
2973 1052 3229 1123 τοῦνομα,
3257 1048 3336 1119 τῷ
3362 1046 3504 1100 κατὰ
3528 1044 3723 1113 σάρκα

2124 1159 2190 1211 ὲκ
2226 1157 2482 1226 γυναικὸς
2517 1158 2574 1207 ἐν
2611 1154 2857 1221 ἐσχάτοις
2890 1148 2985 1201 τοῦ
3028 1146 3221 1207 αἰῶνος
3274 1143 3486 1213 καιροῖς
3527 1150 3726 1205 παρα-

2131 1251 2299 1317 δόξως
2337 1246 2719 1318 γεγεννημένῳ
2744 1262 2757 1307 ;

2198 1343 2259 1397 Β.
2295 1340 2610 1412 Οἱησόμεϐα
2632 1338 2696 1407 δὴ
2712 1334 2804 1389 οὖν
2830 1335 2951 1388 τίνα
2977 1332 3176 1402 τρόπον
3200 1322 3565 1397 γεγεννῆσθαι
3583 1317 3733 1371 Θεὸν

2127 1438 2193 1489 ἐκ
2230 1434 2507 1503 γυναικὸς,
2542 1428 2629 1501 ἆρ’
2657 1430 2732 1492 ὡς
2770 1429 2867 1498 τῆς
2900 1422 3184 1495 ὑπάρξεως
3234 1421 3332 1487 τῆς
3378 1419 3437 1469 έν
3469 1414 3619 1481 αὐτῇ
3668 1426 3735 1461 τε

2130 1527 2224 1579 καὶ¹
2254 1527 2312 1591 ἐξ
2345 1525 2513 1593 αὐτῆς
2548 1519 2945 1589 μετεσχηκότας
2973 1514 3064 1567 τοῦ
3099 1513 3302 1580 Λόγου;

2199 1616 2264 1667 Α.
2301 1616 2517 1680 Ἄπαγε
2548 1612 2645 1679 τῆς
2685 1610 2825 1661 οὕτω
2847 1606 3059 1677 ψυχρᾶς
3086 1598 3500 1658 εἰκαιοὸουλίας.
3534 1595 3743 1661 Παρα-

2131 1707 2386 1767 παίοντος
2418 1704 2526 1773 γὰρ
2561 1703 2609 1753 οἱ
2648 1701 2832 1768 λόγοι,
2880 1699 2973 1750 καὶ
3008 1695 3099 1749 νοῦ
3134 1686 3643 1761 ωτηρρωσηκότος
3676 1684 3740 1734 τό

2066 1791 2105 1843 Β
2134 1798 2216 1865 ἐφ’
2257 1795 2292 1849 ’ἁ
2330 1797 2404 1865 μὴ
2456 1794 2732 1864 προσῆκεν
2774 1786 3236 1857 ἐκτετραμμένον,
3280 1782 3341 1833 τὸ
3376 1778 3593 1848 σαρκὸς
3625 1774 3738 1826 οἴε-

2137 1890 2261 1943 σθαι
2306 1885 2559 1956 γενέσθαι
2613 1882 2862 1954 καρπὸν,
2912 1880 3011 1949 τὴν
3053 1878 3290 1947 ἄρρητον
3341 1869 3591 1940 ὓπαρξιν
3640 1865 3738 1919 ’τοῦ

2135 1979 2496 2049 Μονογενοῦς.
2531 1976 2671 2029 Ἀλλ’
2708 1971 2795 2045 ἦν,
2837 1973 2911 2034 ὡς
2940 1969 3094 2033 θεὸς,
3130 1967 3390 2027 συναΐδιος
3418 1964 3499 2030 τῷ
3530 1961 3739 2028 γεννή-

2139 2091 2293 2127 σαντι
2325 2072 2517 2142 Πατρὶ,
2546 2070 2642 2123 καὶ
2687 2068 2747 2131 ἐξ
2778 2064 2939 2119 αὑτοῦ
2981 2062 3124 2115 κατὰ
3176 2058 3336 2129 φύσιν
3389 2054 3739 2125 ἁπορρἠως

2136 2165 2559 2238 γεγεννημένος.
2585 2158 2857 2214 Ἐθέλουσί
2885 2174 2947 2226 γε
2986 2155 3090 2226 μὴν
3112 2153 3307 2206 εἰδέναι
3328 2147 3543 2216 σαφῶς,
3586 2148 3738 2205 ὅπως

2136 2275 2195 2310 τε
2229 2259 2321 2310 καὶ
2358 2256 2477 2308 τίνα
2517 2252 2715 2324 τρόπον
2746 2253 2802 2303 ἐν
2839 2249 2971 2300 εἴδει
3017 2245 3224 2312 πέφηνε
3262 2240 3339 2307 τῷ
3372 2238 3498 2292 καθ’
3547 2238 3734 2306 ἡμᾶς,

2140 2350 2235 2404 καὶ
2270 2349 2490 2417 γέγονεν
2528 2345 2842 2413 ἄνθρωπος,
2889 2339 3142 2408 σαφηνιεῖ
3174 2336 3345 2401 λέγων
3373 2335 3402 2384 ὁ
3439 2330 3736 2387 Θεσπέσιος

2140 2440 2529 2510 εὐαγγελιστὴς
2564 2437 2838 2507 Ἰωάννης·
2874 2453 2890 2483 ι
2918 2433 3033 2485 Καὶ
3056 2432 3083 2483 ό
3113 2428 3282 2496 Λόγος
3313 2424 3457 2497 σὰρξ
3492 2424 3736 2489 ἐγένετο,

2141 2540 2234 2588 καὶ
2274 2534 2582 2603 ἐσκήνωσεν
2618 2532 2673 2581 ὲν
2710 2531 2861 2598 ἡμῖν,
2905 2525 2998 2577 καὶ
3043 2517 3387 2588 ἐθεασάμεθα
3428 2515 3535 2585 τὴν
3582 2514 3739 2579 δόξαν

2142 2626 2327 2689 αὑτοῦ,
2357 2625 2511 2688 δόξαν
2544 2624 2617 2685 ὼς
2648 2618 2987 2686 Μονογενοῦς
3029 2614 3181 2686 παρὰ
3220 2610 3465 2681 Πατρός,
3518 2607 3740 2676 πλῂρης

2142 2721 2365 2791 χάριτος
2405 2719 2500 2771 καὶ
2535 2716 2866 2784 ἀληθείας.»
3026 2692 3031 2698 ’

2214 2815 2274 2865 Β.
2322 2810 2462 2863 Ἀλλ’
2490 2812 2537 2862 εἰ
2575 2810 2787 2877 γέγονε,
2826 2804 2989 2873 φασὶ,
3033 2800 3202 2872 σὰρξ,
3234 2802 3262 2851 ὁ
3293 2808 3493 2864 Λόγος,
3523 2795 3632 2848 οὐκ
3664 2793 3740 2844 ἔτι

2147 2904 2424 2975 μεμένηκε
2460 2902 2651 2969 Λόγος,
2683 2895 3092 2965 ἀποπεφοίτηκε
3130 2891 3187 2945 δὲ
3221 2888 3427 2960 μᾶλλον
3456 2886 3559 2940 τοῦ
3607 2882 3741 2937 εἶναι

2144 3000 2171 3051 δ
2203 2996 2290 3069 ἦν.

2219 3092 2282 3141 Α.
2324 3088 2431 3141 Καὶ
2470 3086 2574 3156 μὴν
2625 3081 2782 3137 τοῦτό
2836 3078 2900 3149 γέ
2955 3079 3073 3130 ἐστι
3115 3074 3370 3147 τερθρεια
3421 3070 3520 3123 καὶ
3554 3070 3741 3138 λῆρος,

2154 3182 2248 3235 καὶ
2304 3178 2658 3248 ἐξεστηκότος
2700 3174 2976 3244 εὑρέματα
3019 3169 3133 3231 νοῦ,
3182 3168 3275 3219 καὶ
3320 3164 3518 3233 ἕτερον
3564 3160 3745 3213 asas».

2154 3278 2370 3330 Οῗονται
2400 3272 2531 3343 γὰρ,
2562 3271 2637 3333 ὡς
2676 3269 2870 3332 ἔοικεν,
2898 3266 2971 3328 ὡς
2990 3264 3049 3327 ἐξ
3064 3260 3307 3330 ἀφύκτου
3342 3274 3407 3309 τε
3436 3254 3539 3307 καὶ
3576 3255 3746 3321 ἀναγ-

2155 3368 2309 3422 καίου
2341 3367 2523 3433 λόγου,
2564 3361 2770 3434 τροπῆς
2811 3376 2871 3412 τε
2913 3358 3009 3412 καὶ
3037 3353 3374 3413 ἀλλοιώσεως
3403 3344 3749 3418 σημαντικὸν

2154 3458 2293 3515 εἶναι
2324 3460 2403 3522 τὸ,
2440 3478 2457 3509 ι
2501 3457 2736 3526 ἐγένετο.
2776 3473 2795 3504 ι

2227 3552 2268 3603 Β
2323 3550 2449 3613 Ναὶ,
2482 3548 2636 3617 φασὶ,
2665 3546 2759 3598 καὶ
2789 3544 2853 3614 δὴ
2889 3542 2980 3595 τὸν
3010 3542 3208 3594 οἰκεῖον
3238 3536 3541 3608 ἐμπεδοῦσι
3569 3535 3743 3602 λόγον,

2156 3643 2214 3709 ἐξ
2246 3642 2415 3712 αὐτῆς
2450 3639 2660 3701 ἑλόντες
2690 3637 2789 3705 τῆς
2836 3632 3191 3687 Θεοπνεόστου
3235 3629 3483 3699 Γραφῆς.
3518 3627 3746 3696 Εἴρηται

2156 3737 2265 3804 γάρ
2300 3751 2427 3797 που,
2462 3733 2645 3802 φασὶν,
2672 3730 2766 3782 ἐπὶ
2799 3728 2898 3799 μὲν
2928 3726 3028 3795 τῆς
3060 3724 3152 3778 τοῦ
3183 3721 3305 3776 Λὼτ
3340 3720 3637 3789 γυναικὸς,
3671 3721 3746 3771 ὅτι

2156 3829 2373 3897 ἐγένετο
2413 3826 2581 3896 στήλη
2617 3824 2762 3886 ἁλός.
2804 3822 2915 3875 Καὶ
2956 3820 3060 3891 μὴν
3103 3818 3197 3869 καὶ
3237 3816 3329 3868 ἐπὶ
3360 3814 3463 3884 τῆς
3498 3814 3745 3873 Μωσέως

2159 3920 2378 3992 ῥάϐδου,
2405 3920 2486 3972 ὄτι
2515 3918 2739 3990 ἔρριψεν
2778 3915 2948 3985 αὐτὴν
2978 3912 3069 3964 ἐπὶ
3094 3912 3193 3979 τὴν
3224 3908 3347 3978 γῆν,
3383 3907 3480 3959 καὶ
3524 3906 3745 3974 ἐγένετο

2157 4012 2300 4079 ὄφις.
2328 4008 2534 4078 Φυσικὴ
2565 4007 2670 4077 γὰρ
2699 4007 2756 4057 ἐν
2788 4005 2998 4066 τούτοις
3030 4000 3254 4069 γέγονεν
3287 4001 3320 4069 ἡ
3354 3998 3579 4067 τροπή..

2232 4105 2294 4155 Α.
2328 4101 2556 4163 Οὐκοῦν,
2598 4100 2687 4152 ὅτε
2715 4096 2976 4167 ψάλλουσι
3002 4111 3167 4157 τινες,
3207 4111 3226 4144 ι
3258 4092 3368 4145 Καὶ
3396 4090 3630 4159 ἐγένετό
3660 4107 3746 4159 tu:

2158 4195 2363 4266 Κύριος
2399 4196 2479 4258 εἰς
2514 4192 2854 4261 καταφυγήν·
2887 4210 2905 4242 ι
2952 4189 3044 4243 καὶ
3074 4186 3255 4249 πάλιν,
3293 4204 3310 4237 ι
3338 4184 3541 4253 Κύριε,
3574 4200 3746 4236 κατα-

2159 4287 2306 4357 φυγὴ
2357 4285 2623 4356 ὲγενήθης
2668 4285 2822 4353 ἡμῖν,
2871 4282 2926 4332 ὲν
2958 4280 3121 4348 γενεᾷ
3168 4276 3260 4331 καὶ
3300 4276 3535 4344 γενεᾷ,›
3581 4276 3637 4326 τί
3688 4274 3746 4342 δὴ

2161 4384 2318 4451 φαῖεν
2344 4379 2408 4432 ἂν
2428 4396 2442 4445 ;
2463 4374 2662 4448 ἄρατὸ
2694 4371 2831 4427 εἶναι
2852 4374 2983 4435 Θεὸς
3014 4372 3172 4440 ἀφεὶς
3201 4371 3229 4421 ὁ
3250 4366 3632 4438 ὑμνούμενος,
3655 4382 3746 4435 με·

480 4454 568 4564 hic
598 4507 944 4565 deeantatur,
978 4494 1231 4550 desinens
1277 4503 1398 4544 esse
1418 4487 1582 4547 Deus,
1619 4491 1855 4536 mutatus
1887 4487 1969 4535 est
2002 4480 2041 4533 it

2168 4469 2546 4539 τακεχώρηκεν
2594 4468 2657 4519 ὲκ
2700 4464 3001 4536 μεταϐολῆς
3043 4463 3121 4523 εἰς
3153 4460 3213 4513 τὸ
3245 4454 3387 4510 εἶναι
3427 4456 3744 4524 καταφυγὴ,

480 4598 788 4667 refugium,
839 4602 895 4645 et
950 4585 1249 4641 translatus
1293 4590 1378 4635 est
1422 4575 1741 4633 naturaliter
1808 4573 1860 4626 in
1914 4570 2059 4625 aliud

480 4664 624 4761 quod
653 4686 808 4740 initio
834 4697 938 4736 ttou
962 4677 1121 4732 erat?
1154 4677 1222 4728 At
1247 4688 1376 4729 vero
1397 4668 1664 4740 quomodo
1695 4682 1798 4720 non
1827 4664 1878 4719 id
1901 4664 2059 4733 plane

480 4753 715 4838 alienum
745 4779 814 4829 sit
853 4788 880 4825 a
906 4770 1072 4842 718
1092 4767 1207 4821 Deo
1236 4762 1565 4819 naturaliter
1589 4755 1920 4812 exsistente?
1949 4753 2059 4807 lm-

487 4869 762 4927 tnutabilis
792 4865 937 4919 enim
979 4860 1272 4915 secundum
1314 4863 1560 4908 naturam
1594 4863 1715 4903 cum
1754 4847 1842 4910 sit,
1881 4853 2063 4897 manet

484 4965 726 5036 profecto
756 4959 807 5013 id
838 4956 980 5026 quod
1010 4962 1151 5014 erat,
1193 4957 1358 5004 etest
1389 4958 1623 5014 semper,
1658 4937 1869 4994 tametsi
1908 4937 2056 4991 dica-

486 5075 575 5115 tur
601 5056 776 5110 factus
800 5064 920 5104 esse
953 5045 1244 5113 refugium.

554 5151 616 5203 Β.
657 5145 873 5215 Optime
901 5148 1048 5194 certe
1076 5132 1485 5199 rectissimeque
1513 5127 1718 5182 dixisti.

553 5250 619 5299 Α.
664 5212 797 5295 (lum
833 5236 1015 5303 itaque
1054 5229 1147 5283 Dei
1178 5225 1381 5281 mentio
1416 5224 1495 5287 fit,
1522 5221 1567 5275 si
1598 5218 1666 5272 ab
1703 5214 1884 5283 aliquo
1909 5212 2057 5266 dica-

494 5353 572 5389 ‘ll‘
604 5330 755 5394 illud,
796 5326 999 5381 Factus
1025 5330 1107 5376 est
1139 5361 1153 5384 ,
1187 5331 1293 5388 quo
1319 5323 1477 5385 pacto
1505 5326 1609 5365 non
1644 5309 1716 5362 sit
1742 5304 2056 5365 absurdum,

488 5439 648 5497 itque
678 5423 813 5477 adeo
851 5418 1201 5473 vehementer
1242 5408 1556 5463 absurdum.
1583 5402 1896 5455 existimare
1936 5410 2057 5447 mu-

490 5487 743 5574 gationetn
789 5512 1021 5581 aliquant
1054 5521 1148 5577 per
1195 5504 1247 5557 id
1282 5498 1600 5570 significari,
1634 5502 1689 5547 et
1734 5506 1838 5544 non
1880 5487 2059 5555 potius

491 5612 670 5664 t-tntari
719 5609 767 5661 id
799 5607 902 5659 alia
937 5602 1147 5656 ratione
1191 5596 1515 5663 intelligere,
1552 5586 1951 5658 prudenterque
1993 5580 2059 5634 ad

560 5725 603 5756 “
638 5722 789 5774 Deut.
824 5735 878 5775 ν,
915 5717 998 5769 15.
1094 5713 1159 5743 "'
1184 5710 1364 5774 105.1,
1392 5706 1444 5761 5.

493 5794 535 5827 ‘7
561 5793 701 5850 Psal.
734 5803 953 5855 Luttx,
988 5787 1037 5840 l.

2160 4565 2256 4617 καὶ
2290 4563 2522 4634 μετέστη
2555 4558 2798 4630 φυσικῶς
2834 4556 2970 4627 πρὸς
3004 4553 3190 4624 ἕτερόν
3215 4569 3267 4604 τι
3309 4549 3444 4619 παρ’
3479 4550 3627 4619 ὅπερ
3659 4550 3745 4600 οὐκ

2159 4654 2228 4728 ἦν
2255 4657 2313 4709 ἐν
2337 4656 2561 4726 ἀρχαῖς;
2594 4653 2703 4706 Καὶ
2732 4649 2848 4711 πῶς
2875 4648 2973 4699 οὐκ
2999 4644 3252 4705 ἀπεοικὸς
3282 4642 3377 4694 καὶ
3404 4642 3746 4712 ἀνάρμοστον

2161 4750 2239 4821 τῷ
2269 4767 2331 4819 γε
2361 4751 2475 4802 ὄντι
2505 4746 2646 4800 κατὰ
2685 4742 2845 4813 φύσιν
2874 4740 2991 4810 Θεῷ
3027 4738 3087 4791 τὸ
3122 4735 3313 4807 χρῆμά
3340 4736 3536 4797 sat-tv;
3566 4737 3747 4800 Ἀτρε-

2163 4858 2293 4904 πτος
2339 4842 2448 4911 γὰρ
2479 4838 2553 4891 ὢν
2598 4835 2740 4891 κατά
2785 4834 2969 4903 φύσιν,
3019 4830 3168 4900 μένει
3212 4844 3315 4879 που
3352 4825 3589 4887 πάντως
3625 4826 3745 4891 ὅπερ

2164 4929 2255 5005 ἦν,
2286 4933 2380 4985 καὶ
2405 4934 2551 4984 ἔστιν
2581 4930 2688 4993 ἀεὶ,
2715 4927 2819 4980 κᾶν
2848 4927 2896 4978 εἰ
2927 4923 3137 4991 λέγοιτο
3154 4920 3263 4973 τισὶ
3292 4917 3563 4987 γενέσθαι
3593 4934 3746 4969 κατα·

2167 5024 2335 5094 φυγή.

2239 5116 2299 5168 Β.
2344 5112 2579 5185 Ἀριστά
2614 5128 2677 5180 γε
2717 5108 2813 5163 καὶ
2844 5106 2985 5178 μάλα
3019 5103 3192 5174 ορθῶς
3224 5117 3387 5170 εφης.

2237 5210 2282 5259 Α
2339 5204 2549 5260 Οὐκοῦν
2600 5198 3086 5272 παρενηνεγμένης
3133 5196 3213 5257 εἰς
3261 5194 3430 5264 μέσον
3477 5194 3584 5264 τῆς,
3624 5191 3741 5245 Θεοῦ

2169 5300 2420 5369 μνήμης,
2461 5299 2508 5350 εἰ
2543 5295 2647 5348 ὑπό
2690 5310 2782 5347 του
2828 5292 3037 5358 λέγοιτο
3068 5288 3148 5351 τὸ,
3191 5285 3463 5353 Ἐγένετο,
3504 5286 3624 5345 πῶς
3658 5284 3742 5333 οὐκ

2168 5391 2377 5463 ἀμαθὲς
2408 5395 2502 5443 καὶ
2544 5389 2754 5442 ἀνόσιον
2786 5384 3016 5455 κομιδῇ,
3061 5379 3267 5452 τροπὴν
3304 5376 3523 5430 οἴεσθαι
3561 5375 3740 5446 σημαέ-

2108 5498 2117 5505 ’
2168 5503 2278 5538 νειν
2311 5483 2463 5548 αὐτὸ,
2502 5483 2595 5533 καὶ
2625 5480 2746 5549 οὐχὶ
2780 5478 2843 5548 δὴ
2880 5476 3079 5547 μᾶλλον
3108 5471 3229 5526 καθ’
3253 5470 3445 5541 ἕτερόν
3478 5486 3604 5521 τινα
3636 5468 3740 5535 τρό-

2170 5593 2270 5628 πον
2303 5573 2595 5643 πειρᾶσθαι
2625 5573 2785 5632 νοεῖν,
2816 5570 2909 5621 καὶ
2945 5563 3294 5636 περιτρέπειν
3339 5560 3635 5628 ἐμφρόνως
3675 5556 3741 5614 εἰς

1545 5702 1589 5734 ’⁵³
1612 5700 1765 5755 Joau.
1798 5713 1837 5764 t,
1872 5698 1954 5751 ll.

2173 5710 2259 5749 en.
2295 5709 2405 5759 ius,
2436 5690 2524 5745 ΞΟ.
2628 5688 2669 5719 π
2700 5684 2866 5741 Exod.
2898 5700 2967 5750 tv,
3003 5682 3059 5747 5,
3091 5680 3144 5734 4.
3196 5677 3266 5763 ,εδ
3291 5674 3437 5731 Psal.
3475 5687 3628 5728 3cm.
3661 5666 3745 5724 ‘12.

2746 5845 2771 5852 υ
