3846 6210
192 422 320 477 1261

1313 414 1501 484 QUOD
1540 413 1728 472 UNUS
1763 413 1870 472 SIT
1907 412 2276 474 CHRISTUS.

3295 417 3431 472 1'26"}

119 530 125 539 ’
185 536 245 591 τὸ
285 537 368 591 δτι
400 551 633 607 μαλιστα
684 533 891 608 πρέπον
927 551 985 588 τε
1033 535 1126 588 καὶ
1159 533 1333 599 ἐοικὸς
1379 535 1454 605 τῷ
1506 534 1754 605 ἀτρέπτῳ

1865 535 1916 590 id
1952 535 2094 605 quod
2137 536 2247 590 Deo
2283 530 2600 588 immutabili
2654 534 2887 590 maxime
2933 534 3186 590 convenit
3219 552 3432 590 accom-

185 627 332 699 Θεῷ;
361 628 484 692 Πῶς
509 629 575 700 δὴ
601 625 694 682 οὖν
721 629 829 697 ἄρα
856 628 935 690 εἰς
968 628 1146 696 σάρκα
1176 626 1355 696 φαμὲν
1383 625 1636 694 γενέσθαι
1670 624 1760 678 τὸν

184 720 371 788 Λόγον,
411 720 474 773 τὸ
503 720 770 791 ἄτρεπτόν
803 737 857 771 τε
904 719 998 771 καὶ
1027 718 1380 771 ἀναλλοίωτον
1417 718 1493 780 ὡς
1541 716 1670 770 ἴδιόν
1700 734 1760 769 τε

150 835 154 868 ξ
184 813 274 865 καὶ
300 811 553 874 οὐσιῶδες
580 811 676 863 καὶ
720 810 1039 880 ἐμπεφυκὸς
1078 807 1228 879 αὑτῷ
1273 808 1564 878 τηροῦντες
1597 807 1704 872 ἀεὶ,
1733 809 1761 860 6

139 917 148 952 ς
184 903 452 974 πάνσοφος
481 903 712 968 Παῦλος,
738 904 766 955 6
797 901 904 955 τῶν
930 899 1098 954 αὑτοῦ
1137 899 1447 971 μυστηρίων
1477 899 1699 967 ταμίας,
1732 899 1760 949 6

184 995 286 1047 τῶν
319 993 692 1064 εὑαγγελικῶν
742 993 1119 1065 κηρυγμάτων
1169 991 1471 1062 ἱερουργὸς,
1510 992 1762 1060 σαφηνιεί

183 1087 371 1155 λέγων·
412 1108 429 1137 ‹
459 1087 630 1140 Τοῦτο
669 1089 917 1157 φρονεῖτε
974 1084 1205 1146 ἕκαστος
1233 1087 1290 1135 ἐν
1326 1085 1455 1153 ὑμῖν
1495 1083 1697 1145 αὑτοῖς,
1731 1081 1760 1132 ὃ

182 1181 272 1232 καὶ
301 1182 357 1232 ἐν
395 1180 617 1249 Χριστῷ
654 1178 851 1248 Ἰησοῦ,
894 1177 953 1240 ὃς
997 1179 1054 1230 ὲν
1088 1179 1269 1248 μορφῇ
1309 1175 1443 1227 Θεοῦ
1475 1174 1756 1243 ὑπάρχων,

181 1268 276 1338 οὑχ
304 1268 598 1340 ἁρπαγμὸν
625 1269 866 1339 ἡγήσατο
897 1266 958 1320 τὸ
983 1263 1121 1319 εἶναι
1155 1267 1244 1318 ἴσα
1265 1264 1404 1334 Θεῷ,
1432 1263 1543 1317 ἀλλ’
1569 1263 1758 1316 ἑαυτὸν

181 1359 432 1424 ἐκένωσε,
486 1358 699 1429 μορφὴν
749 1356 936 1410 δούλου
981 1356 1179 1422 λαϐὼν,
1225 1357 1283 1409 ἐν
1325 1355 1628 1424 ὁμοιώματι
1661 1354 1758 1406 άν-

180 1450 410 1520 θρώπων
441 1452 753 1524 γενόμενος,
783 1452 878 1503 καὶ¹
914 1453 1152 1522 σχήματι
1180 1449 1422 1521 εὑρεθεὶς
1453 1448 1527 1512 ὡς
1552 1445 1760 1517 ἄνθρω-

178 1558 298 1605 πος,
338 1541 701 1594 ἐταπείνωσεν
732 1540 945 1604 ἑαυτὸν,
993 1540 1281 1610 γενόμενος
1322 1539 1562 1609 ὑπήκοος
1597 1537 1757 1608 μέχρι

177 1634 427 1698 θανάτου,
459 1633 687 1688 Θανάτου
717 1634 774 1688 δὲ
806 1632 1061 1704 σταυροῦ.
1091 1651 1107 1681 ι
1149 1629 1342 1684 Καίτοι
1385 1629 1494 1699 γὰρ
1519 1629 1651 1691 Θεός
1695 1645 1756 1680 τε

177 1727 273 1780 καὶ
298 1729 362 1781 ἐκ
389 1727 522 1780 Θεοῦ
557 1727 700 1781 κατά
746 1728 904 1796 φύσιν
931 1724 1191 1795 ὑπάρχων
1214 1724 1242 1775 6
1272 1721 1563 1792 μονογενὴς
1593 1717 1756 1773 αὑτοῦ

178 1821 374 1889 Λόγος,
418 1821 480 1874 τὸ
516 1819 857 1890 ἀπαύγασμα
899 1820 998 1888 τῆς
1033 1819 1214 1889 δόξης,
1266 1817 1357 1870 καὶ
1404 1817 1432 1868 ὁ
1468 1815 1757 1886 Χαρακτὴρ

176 1905 274 1982 τῆς
304 1911 654 1974 ὑποστάσεως
680 1910 774 1979 τοῦ
799 1912 1178 1981 γεννήσαντος,
1207 1908 1427 1977 γέγονεν
1449 1907 1750 1977 ἅνθρωπος,

176 2005 269 2057 καὶ
299 2004 399 2057 οὑκ
427 2005 506 2067 είς
544 2005 721 2076 σάρκα
761 2003 1021 2073 τραπεὶς,
1061 2002 1093 2070 ἢ
1131 2001 1365 2070 φυρμὸν,
1403 1999 1434 2070 ἢ
1467 2000 1684 2067 κρᾶσιν,
1721 1999 1754 2068 ἧ

175 2115 228 2152 τι
260 2099 366 2151 τῶν
393 2097 648 2152 τοιούτων
687 2097 871 2168 ἕτερον
907 2095 1225 2165 ὑπομείνας,
1255 2093 1442 2157 καθεὶς
1468 2093 1524 2145 δὲ
1555 2091 1755 2163 μᾶλλον

177 2192 366 2244 ἑαυτὸν
399 2193 477 2255 εἰς
507 2191 756 2253 κένωσιν,
791 2189 883 2242 καὶ
921 2189 1041 2241 ἀντί
1071 2190 1168 2259 τῆς
1207 2185 1574 2258 προκειμένης
1605 2183 1755 2254 αὑτῷ

176 2286 370 2355 χαρᾶς,
395 2283 655 2354 αἰσχύνης
680 2281 1121 2351 καταφρονήσας,
1153 2279 1247 2332 καὶ
1274 2279 1372 2349 τὴν
1411 2278 1509 2348 τῆς
1539 2277 1752 2348 ἀνθρω·

174 2379 408 2448 πότητος
446 2376 720 2447 πτωχείαν
764 2376 863 2428 οὑκ
895 2373 1186 2444 ἀτιμάσας.
1219 2371 1478 2442 Ἦθέλησε
1513 2371 1643 2443 γάρ,
1679 2372 1755 2435 ὡς

173 2471 329 2535 Θεὸς,
369 2472 466 2542 τὴν
505 2470 720 2541 θανάτῳ
759 2470 853 2524 καὶ
897 2469 1140 2540 ἁμαρτίᾳ
1184 2467 1511 2538 ὲνεχομένην
1553 2466 1752 2536 σάρκα,

173 2566 269 2619 καὶ
308 2564 539 2618 θανάτου
585 2563 679 2617 καὶ
726 2564 957 2634 αἵματος
1000 2559 1276 2631 ἀποφῆναι
1324 2559 1630 2630 κρείττονα,
1661 2559 1754 2611 καὶ

173 2658 504 2728 ἀνακομίσαι
538 2657 674 2728 πρὸς
717 2655 776 2708 τὸ
814 2657 872 2707 ἐν
900 2655 1118 2725 ἀρχαῖς,
1151 2653 1286 2706 ἰδίαν
1320 2650 1490 2721 αὑτήν
1523 2651 1754 2720 ποιησά-

177 2765 366 2819 μενος,
411 2749 506 2800 καὶ
546 2748 645 2800 οὑκ
677 2746 881 2816 ἄψυχόν
915 2762 978 2814 γε
1010 2744 1151 2798 κατά
1182 2761 1354 2808 τινας,
1395 2743 1755 2813 ἐψυχωμένην

171 2840 232 2895 δὲ
270 2840 470 2911 μᾶλλον
501 2839 645 2909 ψυχῇ
680 2839 866 2908 νοερᾷ·
914 2837 1050 2890 ἱέναι
1097 2853 1160 2904 γε
1195 2836 1301 2906 μὴν
1347 2835 1445 2906 τὴν
1485 2833 1561 2904 τῷ
1608 2835 1753 2904 πρά-

171 2951 346 3003 γματι
392 2932 706 3003 πρέπουσαν
754 2932 854 2983 οὑκ
901 2925 1220 2993 ἀπαξιώσας
1263 2926 1470 2998 τρίϐον,
1501 2926 1597 2997 τὴν
1632 2925 1754 2980 καθ’

171 3026 321 3095 ἡμᾶς
366 3023 618 3092 γέννησιν
650 3022 939 3089 ὑπομεῖναι
981 3019 1222 3088 λέγεται,
1257 3017 1581 3089 μεμενηκὼς
1617 3018 1755 3088 ὅπερ

169 3113 261 3188 ἦν.
312 3115 635 3184 Γεγέννηται
667 3113 776 3183 γάρ
816 3111 1136 3181 παραδόξως
1187 3111 1326 3164 κατὰ
1376 3111 1597 3181 σάρκα”,
1633 3109 1665 3180 ἦ
1698 3112 1755 3163 έν

171 3207 304 3258 εἴδει
334 3204 442 3274 τῷν
470 3203 590 3256 καθ’
616 3203 765 3272 ἡμᾶς
793 3201 1020 3271 ὀφθῆναι
1047 3203 1158 3264 τοῖς
1185 3201 1292 3253 ἐπὶο
1308 3200 1430 3270 γῆς,
1459 3201 1549 3254 τὸν
1574 3201 1753 3268 ἀναφῆ

171 3297 268 3351 καὶ
298 3293 629 3365 ἀσώματον“.
649 3292 794 3362 Πλὴν
825 3291 1244 3361 ὲνανθρωπῆσαι
1275 3291 1562 3362 κρίναντα,
1591 3291 1685 3344 καὶ
1702 3294 1758 3344 ἐν

169 3387 352 3457 ἑαυτῷ
393 3386 487 3439 καὶ
531 3384 676 3456 μόνῳ
722 3386 832 3445 τοῖς
874 3382 975 3452 τῆς
1021 3382 1272 3453 θεότητος
1319 3382 1624 3448 ἀξιώμασιν
1661 3384 1756 3434 ὲκ-

170 3479 362 3549 πρεπῆ
390 3477 486 3548 τὴν
525 3475 680 3547 ἡμῶν
710 3474 986 3545 ἀποφῆναι
1027 3473 1222 3543 φύσιν·
1257 3469 1325 3543 ἦν
1367 3474 1473 3545 γάρ
1502 3475 1530 3525 ὁ
1569 3474 1754 3537 αὑτὸς,

169 3573 306 3634 Θεός
336 3588 400 3640 γε
445 3569 579 3642 όμοῦ
623 3569 719 3622 καὶ
747 3567 1065 3637 ἄνθρωπος,
1095 3567 1188 3619 καὶ
1232 3568 1289 3620 ὲν
1321 3565 1624 3636 ὁμοιώματι
1657 3565 1756 3635 μὲν

168 3661 482 3733 ἀνθρώπου,
514 3658 648 3714 καθὸ
684 3657 823 3728 μετὰ
862 3656 1050 3710 τούτου
1082 3657 1177 3710 καὶ
1221 3657 1353 3719 Θεὸς
1393 3653 1482 3726 ἦν,
1515 3657 1755 3726 σχήματι

168 3756 229 3809 δὲ
254 3755 328 3818 ὡς
356 3754 657 3827 ἄνθρωπος.
685 3750 817 3813 Θεὸς
845 3749 954 3821 γὰρ
989 3745 1057 3821 ἦν
1079 3750 1136 3801 ὲν
1167 3748 1297 3802 εῖδει
1326 3747 1404 3817 τῷ
1433 3748 1554 3800 καθ’
1584 3748 1753 3818 ἡμᾶς,

168 3847 268 3902 καὶ
322 3847 381 3899 ὲν
426 3844 613 3899 δούλου
656 3846 873 3915 μορφῇ,
919 3842 1215 3912 Δεσπότης.
1245 3841 1434 3912 Σάρκα
1474 3841 1582 3910 γὰρ
1614 3838 1757 3891 οὑτω

169 3940 355 4013 φαμὲν
384 3938 660 4008 γενέσθαι.
691 3939 959 4010 Ταύτῃτοι
995 3938 1088 3990 καὶ
1116 3937 1374 3991 Θεοτόκον
1409 3933 1550 3990 εἶναι
1577 3935 1757 3990 διαϐε-

169 4033 476 4105 ϐαιούμεθα
503 4033 600 4105 τὴν
629 4032 790 4101 ἁγίαν
821 4031 1114 4101 Παρθένον.

1863 625 2122 680 modare?
2180 625 2423 692 Quonam
2472 626 2634 695 igitur
2684 637 2840 695 pacto
2899 628 2951 681 in
3002 642 3166 682 carne
3229 629 3430 683 factum

1863 715 2030 771 fuisse
2056 715 2289 772 Verbum
2328 717 2591 780 dicamus,
2636 717 3127 772 immutabilitatem
3177 734 3298 788 qua:
3331 721 3434 789 ipsi

1861 810 2079 877 propria
2124 820 2286 878 atque
2335 807 2638 866 essentialis
2699 819 2756 864 et
2791 809 2987 875 insita,
3037 820 3119 864 est
3172 819 3433 880 perpetuo

1861 911 2274 968 conservantes,
2324 902 2756 969 sapientissimus
2799 902 3020 968 Paulus,
3056 904 3432 973 mysteriorum

1860 991 2031 1060 ipsius
2127 993 2468 1062 dispensator
2543 994 2975 1064 evangelicreque
3037 997 3435 1064 praedicationis

1865 1085 2137 1153 minister,
2164 1085 2423 1150 declarat,
2462 1088 2682 1141 dicens:
2718 1105 2736 1137 ι
2775 1087 2887 1141 Hoc
2923 1091 3120 1143 sentite
3143 1093 3436 1160 unusquis-

1862 1190 1967 1245 que
1999 1177 2048 1229 in
2083 1179 2233 1231 vobis
2261 1180 2398 1246 quod
2449 1189 2505 1233 et
2549 1180 2600 1232 in
2633 1179 2852 1235 Christo
2883 1179 3032 1246 Jesu,
3062 1182 3176 1250 qui,
3219 1197 3341 1237 cum
3379 1185 3432 1237 in

1862 1264 2036 1318 forma
2087 1264 2176 1319 Dei
2228 1275 2393 1329 esset,
2445 1282 2548 1320 non
2603 1269 2846 1337 rapinam
2893 1271 3194 1325 arbitratus
3245 1281 3329 1326 est
3375 1289 3435 1326 se

1859 1372 1981 1412 esse
2030 1359 2286 1427 mqualcm
2340 1359 2446 1414 Deo
2489 1378 2502 1412 :
2544 1361 2636 1414 sed
2686 1362 3036 1432 semetipsum
3095 1364 3431 1424 exinanivit.

1859 1446 2084 1502 formam
2117 1439 2269 1502 servi
2297 1450 2584 1518 accipiens.
2621 1450 2672 1503 itt
2707 1450 3110 1506 similitudinem
3156 1454 3432 1508 hominum

1860 1538 2056 1606 factus,
2102 1549 2156 1593 et
2189 1540 2374 1594 habitu
2412 1543 2661 1595 inventus
2703 1552 2761 1595 ut
2790 1543 2972 1608 homo,
3004 1544 3312 1599 humiliavit
3345 1561 3433 1601 se-

1859 1628 2056 1698 ipsum,
2090 1629 2261 1683 factus
2293 1627 2552 1682 obediens
2587 1645 2756 1699 usque
2793 1632 2860 1683 ad
2893 1642 3119 1685 mortem
3155 1672 3170 1697 ,
3204 1645 3433 1690 mortem

1858 1728 2038 1774 autem
2084 1721 2262 1774 crucis
2283 1718 2347 1770 ⁸⁸.
2380 1738 2399 1769 ι
2437 1721 2574 1773 Deus
2612 1722 2756 1774 enim
2792 1729 2846 1774 et
2886 1735 2948 1775 et
2990 1721 3100 1776 Deo
3138 1725 3434 1779 secundum

1858 1821 2107 1866 naturam
2157 1814 2424 1866 exsisteus
2467 1812 2800 1879 unigenitum
2861 1813 3030 1881 ipsius
3068 1811 3332 1881 Verbum,
3380 1831 3438 1872 et

1860 1904 2112 1974 splendor
2167 1904 2381 1974 gloriae,
2429 1913 2483 1958 et
2529 1903 2812 1958 character
2860 1906 3174 1962 substantia:
3211 1907 3435 1964 Genito-

1861 1995 1939 2050 ris
1958 1993 2028 2059 ‘9,
2065 1995 2262 2048 factum
2290 2004 2370 2048 est
2399 1994 2585 2057 homo,
2605 2004 2659 2047 et
2691 2009 2794 2048 non
2827 1993 2878 2048 in
2907 2012 3126 2052 carnem
3149 2009 3434 2062 mutatum,

1862 2101 2036 2156 neque
2067 2088 2228 2141 ullam
2281 2097 2376 2141 aut
2419 2087 2724 2152 misturam,
2769 2098 2863 2142 aut
2898 2100 3314 2158 temperaturam
3344 2103 3438 2145 aut

1863 2178 2007 2234 aliud
2041 2178 2314 2249 quidpiam
2358 2178 2729 2246 hujuscemodi
2777 2179 2962 2244 subiit,
3007 2180 3100 2233 sed
3128 2182 3306 2248 potius
3337 2184 3435 2236 de-

1861 2271 2083 2325 mittens
2135 2284 2194 2324 se
2229 2269 2295 2322 ad
2343 2268 2765 2324 exinanitiouem
2791 2308 2806 2332 ,
2845 2279 2899 2323 et
2951 2285 3050 2338 pro
3101 2273 3298 2342 gaudio
3333 2274 3436 2328 sibi

1861 2361 2173 2432 proposito,
2234 2361 2468 2416 dedecus
2526 2371 2917 2422 contemnens,
2971 2363 3436 2434 humanitatisque

1862 2456 2134 2509 miseriam
2187 2465 2349 2523 atque
2395 2454 2743 2521 indigentiam
2787 2470 2892 2509 non
2943 2467 3282 2526 aspernatus.
3327 2457 3432 2514 Vo-

1861 2547 1962 2601 luit
2007 2551 2150 2602 enim
2203 2557 2260 2601 ut
2307 2545 2446 2601 Deus
2480 2562 2698 2602 carnem
2758 2549 2918 2601 morti
2970 2559 3023 2602 et
3068 2561 3294 2618 peccato
3341 2555 3435 2608 ob-

1862 2639 2105 2703 noxiam,
2152 2648 2326 2694 morte
2378 2655 2440 2704 ac
2483 2650 2708 2708 peccato
2751 2641 3084 2709 superiorem
3135 2643 3434 2708 declarare,

1861 2733 2212 2804 pristinzeque
2264 2716 2560 2800 integritati
2625 2733 2934 2799 restituere,
2993 2736 3263 2803 propriam
3315 2752 3435 2792 eam

1861 2825 1964 2879 sibi
1994 2823 2217 2886 faciens,
2249 2832 2304 2876 et
2338 2823 2553 2891 quidem
2590 2821 2733 2875 illam
2776 2839 2879 2876 non
2923 2825 3100 2897 anima
3137 2839 3433 2896 carentem,

1863 2925 1918 2967 ut
1947 2912 2164 2981 quidam
2201 2912 2516 2980 opinantur,
2545 2911 2653 2964 imo
2685 2914 2864 2981 potius
2896 2915 3075 2968 anima
3102 2917 3436 2991 intelligente

1863 3005 2177 3058 animatam.
2235 3003 2404 3057 Porro
2461 3003 2544 3055 via
2598 3018 2717 3071 qme
2777 3005 2901 3058 huic
2943 3009 3157 3076 negotio
3203 3014 3436 3080 gerendo

1864 3095 2180 3150 conveniret
2233 3094 2487 3148 incedere
2540 3108 2643 3148 non
2706 3093 3047 3166 dedignatus,
3097 3103 3436 3160 nativitatem

1865 3189 2023 3243 nobis
2057 3186 2286 3243 similem
2325 3187 2557 3242 subiisse
2603 3186 2822 3253 dicitur,
2857 3205 3183 3258 permanens
3218 3190 3346 3250 vero
3387 3198 3439 3250 id

1862 3283 2006 3353 quod
2056 3293 2194 3336 erat.
2232 3280 2404 3335 Natus
2431 3281 2576 3334 enim
2624 3289 2706 3335 est
2737 3281 3045 3337 admirabili
3100 3287 3310 3342 ratione
3349 3304 3438 3344 se-

1863 3376 2098 3432 cundum
2143 3389 2363 3429 carnem
2392 3390 2459 3428 ex
2507 3373 2730 3428 muliere
2762 3393 2775 3428 :
2812 3390 2984 3445 neque
3031 3380 3175 3433 enim
3225 3393 3441 3450 poterat

1863 3470 2042 3533 aliter,
2073 3468 2214 3523 Deus
2255 3466 2551 3521 secundum
2586 3474 2833 3521 naturam
2861 3469 3153 3535 exsistens,
3190 3487 3349 3542 quam
3385 3477 3437 3530 in

1864 3562 2044 3633 specie
2083 3575 2202 3629 quae
2244 3569 2442 3612 nostrae
2488 3557 2683 3613 similis
2734 3568 2876 3613 esset
2919 3562 3235 3619 mortalibus
3265 3581 3438 3636 appa-

1865 3669 2008 3718 rere,
2052 3651 2148 3723 qui
2183 3653 2539 3720 incorporeus
2589 3660 2673 3705 est
2712 3663 2766 3705 et
2803 3654 2944 3723 tagi
2998 3659 3204 3724 nequit.
3253 3657 3440 3729 Neque

1859 3745 2002 3800 enim
2041 3752 2252 3812 poterat
2285 3742 2443 3796 aliter
2465 3757 2626 3811 quam
2661 3756 2758 3809 per
2790 3743 3242 3813 incarnationem,
3272 3760 3436 3821 atque

1861 3838 1915 3892 in
1949 3837 2127 3904 seipso
2162 3844 2214 3889 et
2244 3833 2461 3904 quidem
2513 3833 2628 3888 solo
2661 3845 2900 3889 nostram
2932 3848 3180 3893 naturam
3220 3842 3439 3898 deitatis

1862 3927 2214 4000 dignitatibus
2259 3927 2538 3980 decorare.
2587 3923 2717 3980 Erat
2757 3929 2900 3981 enim
2936 3929 3048 3998 ipse
3089 3931 3231 3988 Deus
3274 3936 3437 3991 simul

1863 4039 1918 4082 et
1949 4026 2132 4083 homo,
2168 4017 2333 4089 719
2359 4029 2412 4072 et
2436 4018 2489 4072 iit
2517 4019 2872 4076 snuilitudine
2915 4025 3136 4093 quidem
3177 4028 3434 4094 hominis,

171 4139 443 4200 quatenus
487 4143 592 4182 una
627 4143 752 4183 cum
807 4128 908 4182 hac
957 4128 1119 4182 etiam
1175 4127 1316 4181 Deus
1374 4137 1526 4194 erat;
1600 4127 1788 4184 habitu
1828 4140 1978 4192 vero,
2026 4129 2085 4174 ut
2136 4118 2321 4173 h0m0-
2359 4114 2500 4170 Deus
2565 4115 2708 4168 enim
2752 4127 2870 4172 erat
2921 4119 2972 4172 itt
3023 4123 3204 4190 specie
3240 4135 3438 4179 nostrae

172 4223 364 4286 simili,
405 4231 458 4275 et
487 4221 538 4275 in
568 4220 739 4276 forma
766 4219 928 4284 servi,
960 4219 1241 4274 Dominus.
1275 4218 1388 4275 lloc
1415 4221 1562 4275 enim
1598 4223 1756 4277 modo
1795 4233 2012 4277 carnem
2041 4213 2242 4269 factum
2274 4224 2397 4266 esse
2437 4210 2669 4264 dicimus
2695 4227 2708 4264 :
2739 4226 2804 4266 ac
2862 4215 3084 4283 proinde
3149 4216 3436 4288 Deiparam

172 4333 390 4388 Quoque
412 4317 687 4370 exstitisse
713 4327 1112 4372 sacrosanctam
1137 4315 1408 4385 Virginem
1433 4318 1749 4372 asserimus.

245 4410 306 4462 Β.
349 4407 570 4473 Βούλει,
597 4410 708 4470 τοῖς
753 4408 864 4470 σοῖς
907 4408 1434 4478 ἀντιπαρεξάγοντες
1463 4410 1644 4478 λόγοις
1681 4411 1750 4464 τὰ

1933 4402 1995 4456 Β.
2025 4399 2280 4456 Placetne
2307 4408 2389 4463 ut,
2420 4397 2630 4453 illorum
2653 4397 2988 4468 objectiones
3018 4402 3124 4456 tuis
3151 4404 3309 4462 dictis
3333 4422 3432 4477 0p-

174 4503 308 4572 παρ’
341 4502 589 4565 ἐκείνων,
627 4500 940 4570 ἱσχνοτέραν
989 4501 1346 4571 άποτελῶμεν
1394 4503 1502 4555 τῶν
1535 4502 1754 4556 ἐννοιῶν

1865 4503 2141 4566 ponentes,
2172 4491 2560 4546 accuratiorem
2595 4499 2650 4546 ct
2675 4490 3014 4545 subtiliorem
3049 4494 3434 4564 reipl'Oposilu:

169 4583 275 4668 τὴν
322 4595 575 4665 βάσανον,
617 4593 650 4664 ἦ
688 4593 1110 4665 παραχωρῶμεν
1145 4595 1334 4659 ἀπλῶς
1382 4596 1593 4663 λέγοντί
1644 4611 1750 4660 σοι,

169 4685 238 4742 τὸ
262 4681 320 4738 εὖ
349 4685 493 4758 ἔχειν
531 4685 970 4756 ὑπειλημμένον;

244 4865 312 4918 Δ.
364 4861 792 4932 ’Λνεπίπληκτον
827 4859 950 4930 μὲν,
980 4859 1055 4922 ὣς
1079 4876 1142 4928 γε
1175 4853 1350 4929 οἶμαι,
1382 4860 1489 4912 πᾶν
1517 4859 1654 4930 ὅπερ
1686 4858 1752 4912 ἂν

170 4956 389 5024 λέγοιτο
422 4954 562 5026 πρὸς
607 4952 763 5024 ήμῶν
793 4952 972 5021 σοφῶς
1003 4969 1063 5004 τε
1093 4952 1187 5005 καὶ
1219 4951 1630 5022 ἐπιστημόνως,
1660 4951 1754 5004 καὶ

168 5049 275 5102 οὐκ
320 5046 638 5117 άπαδόντως
686 5045 810 5116 ἔχον
877 5048 998 5109 ταῖς
1063 5043 1440 5107 θεοπνεύστοις
1485 5044 1748 5115 Γραφαῖς.

168 5134 352 5203 Φράζε
391 5133 448 5185 δὲ
480 5133 576 5187 καὶ
609 5134 770 5197 αὑτὸς
818 5133 880 5186 τὸ
913 5132 1125 5188 δοκοῦν.
1160 5133 1406 5187 Ἐκτέκοι
1445 5134 1555 5205 γάρ
1603 5133 1670 5186 ἀν
1695 5149 1749 5186 τι

165 5227 282 5279 τῶν
308 5226 648 5300 ὀνησιφόρων
675 5229 709 5298 ή
733 5228 1067 5292 ἀντίστασις.

247 5413 308 5465 Β.
362 5411 421 5462 '0
453 5408 743 5472 θεσπέσιος
785 5410 1006 5481 γράφει,
1038 5408 1194 5478 φασὶ,
1247 5407 1459 5471 Παῦλος
1503 5408 1630 5480 περὶ
1657 5406 1752 5461 τοῦ

168 5501 309 5556 Υἱοῦ
336 5545 350 5566 ,
385 5504 477 5556 ἆτε
509 5503 574 5575 δὴ
621 5502 908 5571 γεγονότος
944 5502 1188 5572 κατάρας
1237 5518 1295 5553 τε
1330 5503 1425 5554 καὶ
1459 5500 1750 5571 ἁμαρτίας.

170 5594 322 5664 Ἔφη
367 5593 507 5666 γὰρ,
566 5595 649 5646 ὅτι
708 5612 726 5644 ι
761 5593 863 5645 Τὸν
912 5592 986 5662 μὴ
1031 5592 1228 5660 γνόντα
1281 5591 1578 5662 ἁμαρτίαν,
1614 5591 1754 5660 ὑπὲρ

167 5689 332 5756 ἡμῶν
380 5685 653 5759 ἁμαρτίαν
699 5685 940 5755 ἐποίησε,
979 5704 996 5734 ι
1063 5683 1166 5738 Καὶ
1213 5684 1405 5736 πάλιν·
1459 5702 1478 5734 ι
1519 5683 1753 5754 Χριστὸς

249 5865 296 5896 δ’
329 5864 536 5935 Philipp
596 5880 654 5920 :t.
688 5864 803 5918 5-8.

895 5864 933 5892 ’³⁸³
961 5859 1120 5916 Hebr.
1154 5878 1190 5925 1,
1230 5862 1280 5915 ’5.

1860 4587 2340 4657 investigationem
2375 4583 2724 4638 instituamus
2750 4622 2766 4647 ,
2793 4600 2858 4638 an
2896 4586 3074 4654 potius
3102 4589 3428 4658 simpliciter

1859 4680 2093 4736 orationi
2134 4687 2239 4731 tua:
2281 4677 2436 4731 iidem
2462 4676 2803 4741 adhibentes,
2832 4678 2904 4730 ita
2934 4693 3058 4734 sese
3087 4696 3199 4735 rem
3227 4683 3431 4740 habere

1857 4769 2194 4826 statuamus?

1933 4860 1999 4913 A.
2031 4859 2194 4913 Extra
2223 4856 2699 4926 reprehensionem
2730 4873 2945 4913 omnem
2975 4861 3213 4930 positqu
3247 4874 3350 4931 est,
3373 4878 3430 4919 ut

1860 4952 2116 5015 arbitror,
2145 4951 2290 5019 quod
2330 4963 2360 5002 a
2392 4949 2547 5002 nobis
2597 4950 2735 5004 scite
2784 4950 3167 5022 sapienterque
3223 4957 3426 5011 dictum

1860 5055 1968 5110 est,
1993 5058 2166 5113 neque
2205 5057 2312 5095 uua
2345 5041 2558 5095 ratione
2589 5058 2618 5094 a
2665 5043 2836 5096 sacris
2868 5041 3164 5113 Scripturis
3212 5048 3426 5103 dissen-

1859 5136 1944 5190 tit.
1978 5135 2069 5188 Dic
2119 5147 2246 5187 vero
2288 5133 2454 5186 etiam
2495 5141 2549 5186 tu
2591 5133 2734 5202 quod
2789 5133 2883 5186 tibi
2927 5135 3140 5190 videtur
3182 5153 3196 5190 :
3239 5139 3428 5194 aﬂ‘eret

1859 5227 2002 5281 enim
2039 5226 2288 5281 nonnihil
2321 5225 2567 5281 utilitatis
2597 5228 2884 5282 contraria:
2917 5232 3200 5286 sententia:
3259 5251 3428 5303 oppo-

1853 5319 1998 5374 sitio.

1928 5413 1988 5466 B.
2023 5411 2246 5466 Divinus
2267 5412 2482 5476 Paulus,
2535 5413 2708 5479 aiunt,
2770 5414 2960 5468 scribit
2995 5416 3060 5468 de
3099 5415 3260 5480 Filio,
3319 5427 3429 5472 tan-

1856 5518 2020 5573 quam
2075 5503 2162 5571 qui
2201 5502 2374 5558 factus
2399 5503 2472 5556 sit
2532 5504 2838 5559 maledictio
2865 5515 2918 5558 et
2976 5517 3276 5574 peccatum.
3342 5509 3428 5562 ln-

1857 5596 1974 5665 quit
2002 5597 2330 5665 enim,quod
2368 5615 2385 5647 ι
2423 5597 2553 5650 Eum
2583 5598 2674 5666 qni
2704 5614 2808 5653 non
2833 5599 2981 5652 novit
3007 5610 3308 5668 peccatum,
3333 5617 3430 5670 pro

1860 5690 2014 5746 nobis
2051 5699 2331 5761 peccatum
2390 5689 2516 5744 fecit
2547 5691 2613 5745 ⁸ο.
2659 5709 2675 5741 ι
2718 5691 2779 5744 Et
2829 5707 3060 5748 rursus:
3112 5711 3129 5744 ι
3183 5693 3433 5750 Christus

1362 5863 1405 5892 δυ
1443 5862 1481 5916 ιι
1513 5862 1735 5934 αυτκν,
1773 5861 1863 5915 ει.
