3846 6210
167 361 305 417 1265

235 478 294 533 Β.
350 478 458 532 Ὠδὶ
489 480 579 533 καὶ
613 482 766 534 αὐτοί
796 500 978 552 φασιν.

232 572 299 624 Δ.
340 571 547 624 Οὐκοῦν
584 575 740 646 εἴπερ
766 574 913 627 ἐστὶν
943 574 1139 647 ἀληθὲς
1159 620 1172 641 ,
1207 578 1346 631 κατά
1377 596 1438 647 γε
1465 580 1525 633 τὸ
1551 582 1733 647 αὐτοῖς

166 656 222 714 εὖ
272 659 416 731 ἔχειν
463 661 896 734 ὑπειλημμένον,
947 666 1027 719 ὅτι
1083 664 1306 735 γέγονεν
1351 669 1493 723 οὕτω
1530 670 1667 742 σὰρξ
1706 675 1735 727 6

168 752 353 822 Λόγος,
386 753 529 807 καθά
558 757 651 808 καὶ¹
693 757 909 827 κατάρα
934 758 1027 810 καλ⁸
1055 759 1317 829 ἁμαρτία,
1349 762 1435 813 ἐπ’
1462 763 1736 835 ἀναιρέσει

167 845 390 916 σαρκὸς,
421 841 538 897 εἶτα
568 845 685 910 πῶς
710 846 983 918 ἄφθαρτόν
1009 866 1069 901 τε
1098 852 1193 902 καὶ
1222 850 1526 924 ἀνώλεθρον
1567 855 1737 927 αὐτὴν

166 936 492 1005 ἀποᾳαίνει,
522 938 597 1002 ὡς
647 938 704 991 ἕν
746 956 807 1008 γε
858 940 1048 1014 πρώτῃ
1098 943 1452 1014 κατορθώσας
1480 946 1639 999 τοῦτο
1672 950 1737 1018 τῇ

171 1027 276 1092 ἰδία
309 1029 502 1100 σαρκί;
536 1031 595 1083 οὐ
648 1030 754 1101 γάρ
788 1049 868 1085 τοι
918 1031 1118 1103 θνητὴν
1161 1035 1452 1105 ἀπομεῖναι
1496 1036 1590 1089 καὶ
1634 1037 1741 1090 ὑπὸ

169 1120 373 1191 φθορὰν
401 1122 611 1192 ἀφῆκεν
639 1122 808 1195 αὐτὴν
850 1124 1333 1196 (παραπέμποντος
1366 1130 1445 1192 είς
1469 1131 1616 1198 ἡμᾶς
1643 1127 1739 1183 τοῦ

179 1215 351 1284 Ἀδὰμ
386 1216 482 1287 τὴν
514 1217 606 1269 ἐπὶ
645 1219 709 1287 τῇ
759 1218 1066 1287 παραόάσει
1114 1220 1329 1290 δίκην),
1357 1220 1433 1283 ὡς
1468 1221 1647 1292 σάρκα
1684 1222 1741 1276 δὲ

170 1307 367 1378 μᾶλλον
419 1308 694 1381 ἀφθάρτου
744 1310 914 1377 Θεοῦ,
968 1312 1274 1378 τουτέστιν,
1335 1313 1509 1380 ίδίαν,
1573 1315 1742 1385 ἤγουν

170 1398 362 1453 ἐαυτοῦ
388 1400 481 1453 κα)⁵
507 1400 736 1456 Θανάτου
764 1403 856 1455 καὶ
880 1403 1084 1475 φθορᾶς
1114 1405 1373 1461 ἐπέκεινα
1402 1405 1512 1469 θείς
1538 1422 1553 1471 ;

238 1581 297 1634 Β.
339 1577 414 1635 Εὖ
454 1580 611 1651 ἔφης.

236 1674 301 1726 Α.
346 1672 489 1745 Ἔφη
535 1674 592 1727 δέ
641 1691 742 1728 που
791 1676 850 1730 τὸ
895 1676 1134 1749 Γράμμα
1181 1679 1245 1734 τὸ
1290 1680 1457 1753 ἱερὸν,
1502 1681 1594 1735 τδν
1646 1682 1747 1753 μὲν

174 1764 383 1836 πρῶτον
427 1764 714 1837 ἄνθρωπον
738 1807 752 1831 ,
788 1768 1063 1823 τουτέστιν
1098 1771 1269 1843 Ἀδὰμ
1288 1812 1303 1836 ,
1336 1774 1417 1837 είς
1446 1773 1626 1845 ψυχὴν
1656 1791 1747 1843 γε·

1294 366 1480 435 QUOD
1519 366 1707 424 UNUS
1748 368 1853 428 SIT
1891 370 2256 430 CHRISTUS.

1762 495 1810 552 Α
1907 490 1969 547 Β.
1999 490 2073 546 lla
2104 492 2268 546 etiam
2303 492 2405 561 ipsi
2433 493 2641 547 dicunt.

3284 375 3416 429 H66

1906 581 1971 636 Α.
2001 582 2266 650 Quocirca
2296 582 2343 636 si
2379 595 2464 636 res
2504 582 2576 635 ita
2610 596 2669 636 se
2698 580 2877 644 habet,
2937 590 3097 650 prout
3131 582 3260 652 ipsis
3303 584 3420 652 pla-

1837 681 1943 734 cet,
1964 674 2103 740 quod
2131 672 2361 726 Verbum
2389 672 2573 725 eadem
2605 672 2813 725 ratione
2831 672 2902 725 sit
2933 670 3132 727 factum
3158 688 3286 727 caro
3311 689 3416 741 qua

1837 762 2142 817 maledictio
2174 774 2228 817 et
2255 773 2558 832 peccaturo,
2588 763 2653 815 ad
2683 762 3042 817 sublationem
3063 764 3263 830 carnis,
3286 779 3420 835 quo-

1840 856 1997 909 modo
2033 853 2495 923 incorruptibilcm
2530 862 2694 921 atque
2722 853 2971 909 interitus
3024 862 3301 923 expertem
3352 856 3417 908 il-

1840 943 1947 998 lam
1976 943 2171 1007 eﬂ'ecit,
2204 946 2401 1013 quippe
2431 944 2520 1012 qui
2553 944 2604 996 in
2642 945 2818 1012 prima
2847 946 3063 1013 propria
3113 961 3210 1001 sua
3250 961 3418 1001 carne

1840 1034 1943 1088 hoc
1978 1034 2326 1101 praestiterit?
2350 1032 2533 1103 Neque
2556 1035 2702 1087 enim
2726 1035 3007 1090 mortalem
3041 1035 3187 1090 illam
3223 1053 3416 1092 corru-

1843 1124 2120 1193 ptiouiqne
2165 1126 2455 1179 obnoxiam
2540 1139 2759 1179 manere
2809 1127 3051 1194 permisit
3106 1127 3424 1196 (transmit-

1842 1220 1989 1269 tente
2018 1214 2069 1267 iu
2103 1228 2201 1268 nos
2262 1214 2469 1268 Adamo
2506 1215 2955 1281 transgressionis
3010 1215 3287 1288 poenam):
3330 1220 3424 1271 sed

1844 1304 2024 1375 potius
2050 1313 2303 1374 tauquam
2336 1320 2559 1361 carnem
2587 1305 3013 1375 iucurruptibilis
3052 1306 3168 1375 Dei,
3189 1309 3288 1363 hoc
3317 1319 3423 1370 est,

1844 1398 2139 1465 propriam,
2180 1396 2295 1451 sive
2332 1412 2483 1452 suam
2536 1410 2711 1453 morte
2763 1399 3221 1470 corruptioneque
3265 1416 3426 1469 supe-

1846 1485 2044 1540 riorem
2075 1485 2275 1542 eﬂ'ecit.

1917 1577 1979 1632 Β.
2014 1576 2179 1633 Recte
2198 1580 2299 1635 ais.

1919 1672 1986 1726 Α.
2029 1672 2190 1742 Atqui
2254 1688 2408 1728 sacra
2454 1674 2736 1744 Scriptura
2765 1674 2960 1730 alicubi
3002 1676 3153 1744 dicit,
3181 1676 3416 1746 primum

1849 1762 2144 1825 hominem,
2168 1764 2271 1819 hoc
2295 1764 2705 1830 est,Adamum,
2732 1767 2928 1820 factum
2958 1780 3080 1821 esse
3110 1766 3161 1819 in
3192 1768 3427 1821 animam

171 1834 355 1909 νέσθαι
407 1834 610 1922 ζῶσαν,
654 1858 747 1911 τὸν
792 1858 849 1912 δὲ
894 1858 1141 1932 ὕστερον.
1197 1834 1340 1933 φἠμὶ
1383 1834 1639 1934 Χριστόν,
1668 1834 1747 1928 είς

1863 1855 2120 1908 viventem
2154 1874 2168 1922 ;
2202 1855 2429 1911 alterum
2471 1872 2601 1911 vero
2633 1857 3014 1927 posteriorem,
3047 1856 3320 1912 Christum
3346 1856 3430 1912 ln-

174 1949 390 2019 πνεῦμα
441 1946 878 2022 ζωοποιόν.*Αρ’
932 1948 1047 2017 οὖν,
1090 1951 1278 2025 ὥσπερ
1332 1956 1419 2008 ἐπ’
1469 1956 1748 2026 ἀναιρέσει

172 2041 414 2111 κατάρας
449 2043 542 2094 καὶ
569 2042 843 2112 ἁμαρτίας
860 2084 873 2107 ,
897 2044 1087 2113 γέγονε
1123 2046 1336 2118 κατάρα
1365 2049 1457 2100 καὶ
1482 2049 1749 2119 ἁμαρτία,

171 2131 344 2195 οὕτως
394 2134 481 2187 ἐπ’
528 2134 807 2206 ἀνατροπῇ
853 2134 947 2188 τοῦ
995 2132 1133 2188 εἶναι
1186 2138 1267 2201 είς
1310 2138 1489 2209 ψυχὴν
1542 2138 1745 2203 ζῶσαν,

172 2225 423 2292 γενέσθαι
469 2226 652 2297 φαμὲν
704 2227 865 2280 αὐτὸν
917 2230 996 2290 εἰς
1052 2228 1268 2300 πνεῦμα
1316 2230 1598 2294 ζωοποιόν.
1640 2232 1751 2304 Τὴν

174 2315 275 2387 γάρ
318 2332 399 2369 τοι
428 2315 520 2369 τοῦ
565 2315 815 2385 γενέσθαι
859 2316 1087 2388 δύναμιν
1116 2321 1195 2383 είς
1226 2320 1287 2373 τὸ
1332 2320 1543 2390 ἀπηχὲς
1588 2338 1746 2393 περι-

172 2406 481 2478 τρέποντες,
506 2407 648 2461 οῦτω
674 2408 951 2479 γενέσθαι
989 2412 1165 2481 σάρκα
1189 2412 1352 2482 φασὶν
1382 2413 1563 2478 αὑτὸν,
1605 2414 1750 2468 καθά

173 2499 263 2552 καὶ
289 2499 428 2571 ἀράν
458 2516 516 2552 τε
550 2501 643 2553 καὶ
674 2501 969 2573 ἁμαρτίαν.
1012 2504 1347 2575 Ἀναιρετέον
1379 2501 1471 2559 οὖν
1502 2507 1611 2577 ἄρα
1652 2506 1746 2560 τοῦ

174 2590 346 2659 Λόγου
373 2590 472 2662 τὴν
500 2592 797 2664 σάρκωσιν,
826 2596 994 2666 ἤγουν
1020 2596 1450 2668 ἐνανθρώπησιν·
1476 2592 1538 2651 οὗ
1567 2616 1748 2669 παρα-

172 2682 452 2752 δεχθέντος
485 2686 561 2747 εἰς
595 2685 874 2757 ἀλήθειαν,
911 2686 1116 2758 οἴχεται
1151 2689 1249 2757 μὲν
1278 2689 1420 2754 ἄπας
1447 2692 1579 2760 ἡμῖν
1603 2693 1631 2744 6
1654 2692 1747 2745 τοῦ

178 2779 479 2846 μυστηρίου
526 2778 720 2846 λόγος·
766 2778 891 2832 οὔτε
935 2781 992 2834 δὲ
1037 2781 1301 2853 ἐγεννήθη
1330 2784 1592 2854 Χριστὸς,
1624 2783 1751 2838 οὔτε

177 2868 463 2931 ἀπέθανεν,
512 2869 636 2923 οῦτε
666 2874 983 2944 ἐγήγερται,
1041 2874 1182 2927 κατά
1214 2874 1311 2937 τὰς
1354 2874 1595 2946 Γραφάς.
1638 2876 1748 2930 Ποῦ

1853 1963 2037 2019 quam,
2066 1945 2269 2002 factum
2304 1964 2427 2004 esse
2456 1950 2507 2002 in
2532 1951 2781 2018 spiritum
2806 1951 3190 2005 viviﬁcantem.
3219 1950 3419 2005 Proin-

1853 2039 1939 2103 de,
1970 2038 2419 2107 quemadmodum
2443 2040 2511 2093 ad
2553 2039 2842 2094 tollendam
2894 2040 3321 2095 maledictionem
3377 2047 3432 2093 et

1851 2140 2157 2201 peccatum,
2193 2130 2370 2188 factus
2404 2142 2487 2187 est
2531 2134 2837 2189 maledictio
2866 2144 2922 2189 et
2977 2143 3256 2205 peccatum
3290 2150 3305 2187 :
3357 2135 3429 2189 ita

1852 2224 1918 2277 ad
1946 2224 2351 2279 subversiouem
2402 2214 2793 2303 exsistendi'in
2854 2227 3090 2280 animam
3136 2228 3428 2289 viventem,

1851 2316 2054 2371 factum
2087 2317 2261 2388 ipsum
2280 2332 2398 2373 esse
2431 2318 2660 2372 dicimus
2689 2318 2741 2372 in
2761 2317 3009 2387 spiritum
3041 2318 3426 2373 viviﬁcantem.

1851 2408 2183 2465 Facultatem
2214 2410 2359 2464 enim
2389 2427 2454 2466 ac
2484 2414 2589 2464 vim
2618 2411 2790 2475 verbi,
2832 2410 3029 2480 factum
3082 2428 3212 2476 esse,
3241 2412 3308 2466 ad
3333 2411 3431 2466 ab-

1850 2500 2073 2556 surdum
2101 2512 2501 2567 convertentes,
2526 2504 2594 2555 ita
2630 2518 2802 2572 ipsum
2822 2518 3038 2557 carnem
3080 2502 3277 2557 factum
3312 2518 3434 2558 esse

1851 2593 2024 2656 aiunt,
2054 2594 2193 2647 sicut
2223 2604 2279 2648 et
2329 2576 2763 2649 exsecrationem
2825 2606 2880 2648 et
2940 2602 3242 2663 peccatum.
3305 2590 3428 2648 Tol-

1851 2683 2008 2737 lenda
2037 2685 2219 2753 itaque
2248 2685 2352 2739 erit
2374 2683 2535 2739 Verbi
2572 2685 2899 2752 incarnatio,
2956 2685 3069 2740 sive
3097 2686 3431 2740 humanatio.

1851 2774 2004 2841 Quod
2041 2775 2086 2830 si
2118 2784 2176 2829 ut
2209 2791 2395 2830 verum
2437 2776 2781 2840 admittatur,
2814 2778 3061 2829 universa
3126 2775 3281 2830 nobis
3314 2790 3432 2847 my-

1850 2867 1999 2922 sterii
2037 2867 2175 2920 ratio
2210 2877 2447 2921 corruet.
2487 2868 2670 2937 Neque
2700 2878 2857 2920 natus
2892 2875 2978 2921 est
3016 2867 3286 2931 Christus,
3333 2883 3429 2924 ne-

177 2962 526 3035 τοιγαροῦνή
562 2965 763 3030 πίστις,
816 2968 933 3037 ἦτοι
981 2967 1041 3020 τὸ
1082 2969 1230 3038 ῥῆμα
1273 2970 1372 3037 τῆς
1413 2968 1682 3032 πίστεως,
1722 2968 1750 3021 δ

1863 2973 1957 3028 que
1982 2970 2224 3013 mortuus
2257 2966 2363 3023 est,
2382 2974 2555 3025 neque
2584 2959 2900 3023 resurrexit,
2941 2958 3239 3012 secundum
3290 2956 3441 3011 Scri-

179 3052 564 3125 κηρύσσομεν;
618 3056 743 3120 Πῶς
787 3058 894 3129 γάρ
940 3059 1161 3129 ἤγειρεν
1207 3060 1370 3112 αὑτὸν
1415 3062 1444 3113 6
1501 3059 1634 3124 Θεὸς
1687 3062 1750 3112 ἐκ

1863 3058 2060 3119 pturas.
2091 3046 2348 3113 Qumnam
2379 3048 2540 3116 igitur
2563 3049 2667 3103 erit
2694 3048 2825 3103 ﬁdes
2848 3058 3055 3109 nostra,
3082 3048 3197 3102 sive
3214 3048 3435 3102 verbum

178 3147 410 3219 νεκρῶν,
435 3151 482 3202 εἰ
510 3150 585 3222 μὴ
611 3153 706 3204 καὶ
732 3152 1000 3219 ἀπέθανε;
1023 3152 1140 3216 πῶς
1169 3152 1214 3206 δ’
1248 3153 1314 3207 ἂν
1341 3155 1434 3207 καὶ
1455 3154 1748 3221 ἀπέθανεν,

1863 3137 1982 3191 fidei
2011 3138 2152 3206 quod
2185 3136 2581 3205 praedicamus?
2637 3137 2917 3203 Quomodo
2968 3137 3111 3189 enim
3162 3137 3441 3191 suscitavit

179 3241 227 3292 εί
271 3240 345 3312 μὴ
380 3240 701 3310 γεγέννηται
740 3244 882 3296 κατά
914 3244 1123 3314 σάρκα;
1172 3244 1272 3297 ποῦ
1318 3244 1375 3297 δὲ
1426 3246 1521 3298 καὶ
1566 3247 1599 3315 ἡ
1644 3246 1753 3299 τῶν

181 3335 390 3403 νεκρῶν
443 3334 772 3399 ἀναϐίωσις,
814 3336 1001 3390 ἐλπίδα
1043 3341 1157 3401 τοῖς
1204 3337 1380 3405 ἁγίοις
1428 3338 1754 3409 εἰσφέρουσα

177 3432 280 3500 τῆς
322 3429 681 3500 ἀτελευτήτου
728 3430 871 3502 ζωῆς
896 3472 910 3495 ,
962 3433 1011 3483 εί
1048 3432 1121 3502 μὴ
1153 3434 1455 3502 ἐγήγερται
1488 3434 1752 3505 Χριστόςς

181 3520 287 3575 ποῦ
326 3522 382 3576 δὲ
413 3524 507 3576 καὶ
537 3524 568 3593 ὴ
599 3523 706 3577 τῶν
732 3525 1090 3595 ἀνθρωπίνων
1118 3525 1382 3595 σωμάτων
1407 3524 1752 3596 ζωοποίησις,

181 3616 216 3685 ἡ
250 3614 390 3669 κατὰ
424 3614 639 3685 μέθεξιν
667 3616 964 3688 τελουμένη
1007 3617 1106 3686 τῆς
1139 3617 1302 3686 ἁγίας
1334 3616 1500 3671 αὑτοῦ
1551 3616 1756 3689 σαρκὸς

184 3706 277 3760 καὶ
307 3706 543 3779 αἵματος
566 3726 581 3775 ;

254 3971 318 4027 Β.
358 3973 543 4043 Σάρκα
571 3972 635 4043 δὴ
664 3966 756 4026 οῦν
791 3989 970 4043 φαμεν
999 3973 1250 4041 γενέσθαι
1277 3974 1368 4027 τὸν
1401 3974 1597 4044 Λόγον,
1616 3978 1759 4030 κατά

184 4078 249 4133 τε
279 4062 379 4135 τὴν
428 4065 494 4117 ἐκ
532 4065 786 4131 γυναικὸς
831 4066 973 4119 κατά
1021 4065 1202 4136 σάρκα
1257 4065 1532 4137 γέννησιν,
1586 4069 1653 4139 ἣν
1702 4071 1760 4122 ἐν

184 4157 436 4228 ἐσχάτοις
483 4158 578 4210 τοῦ
632 4159 827 4221 αἰῶνος
885 4163 1099 4227 καιροῖς
1157 4161 1447 4230 ὑπομεῖναι
1504 4160 1757 4229 λέγεταν

186 4254 364 4306 καίτοι
391 4251 495 4325 πρὸ
526 4252 721 4316 παντὸς
748 4252 842 4305 τοῦ
883 4253 1074 4317 αίῶνος
1107 4254 1367 4324 ὑπάρχων
1396 4254 1471 4318 ώς
1499 4255 1632 4319 Θεός

258 4427 322 4480 Α.
366 4428 513 4481 Πάνυ
545 4427 643 4497 μὲν
672 4422 783 4481 οῦν.
818 4427 973 4480 Οῦτω
1002 4428 1111 4499 γὰρ
1138 4429 1359 4497 γέγονεν
1403 4430 1462 4482 ἐν
1504 4430 1762 4501 ὁμοιώσει

1856 3243 1978 3283 eum
2011 3227 2151 3283 Deus
2180 3243 2210 3283 e
2242 3229 2491 3291 mortuis,
2524 3229 2626 3282 nisi
2656 3238 2710 3282 et
2743 3237 2986 3281 mortuus
3009 3226 3131 3281 est?
3188 3235 3280 3279 aut
3307 3241 3442 3296 quo-

1854 3322 2015 3376 modo
2047 3321 2209 3374 etiam
2236 3332 2484 3376 mortuus
2516 3330 2620 3383 est,
2655 3321 2757 3374 nisi
2795 3332 2952 3375 natus
3002 3332 3089 3376 est
3139 3321 3438 3375 secundum-

1856 3413 2119 3467 carnem?
2148 3422 2241 3466 aut
2283 3429 2530 3484 quaenam
2557 3412 2773 3467 tandem
2797 3414 2902 3467 erit
2937 3413 3263 3468 resurrecrio
3288 3426 3436 3467 mer-

1860 3514 2098 3569 tuorum,
2122 3520 2242 3574 quae
2274 3504 2530 3573 perennis
2563 3504 2683 3556 vita:
2718 3518 2869 3572 spem
2915 3504 3124 3558 sanctis
3172 3503 3436 3565 immittit,

1858 3595 1905 3649 si
1938 3596 2186 3651 Christus
2215 3612 2318 3649 non
2344 3594 2680 3650 resurrexit?
2707 3593 2968 3659 Quaenam
3014 3608 3156 3648 vero
3210 3594 3314 3649 erit
3340 3591 3440 3647 hu-

1858 3701 2141 3741 manorum
2204 3702 2491 3755 corporqu
2542 3687 2853 3750 viviﬁcatio,
2916 3700 3035 3755 quae
3088 3698 3183 3754 per
3240 3693 3440 3739 sancta:

1861 3780 2028 3849 ipsius
2067 3780 2249 3835 carnis
2291 3788 2345 3834 et
2405 3778 2683 3850 sanguinis
2750 3778 3215 3849 participationem
3270 3776 3435 3831 elﬁci-

1863 3869 1994 3924 tur?

1933 3960 2091 4031 721
2141 3959 2201 4017 Β.
2252 3960 2493 4016 Dicimus
2547 3958 2733 4029 itaque
2783 3958 3020 4014 Verbum
3056 3973 3275 4013 carnem
3318 3971 3441 4011 esse

1862 4051 2085 4115 factum,
2157 4051 2367 4105 ratione
2430 4051 2727 4105 nativitatis
2771 4051 3065 4105 secundum
3115 4064 3332 4103 carnem
3373 4064 3440 4104 ex

1862 4141 2113 4205 muliere,
2137 4154 2298 4209 quam
2318 4139 2371 4192 in
2390 4139 2701 4193 novissimis
2722 4137 2903 4193 saeculi
2947 4138 3281 4206 temporibus
3321 4138 3442 4191 sub-

1864 4233 1994 4288 iisse
2025 4232 2242 4297 dicitur,
2275 4232 2491 4285 tametsi
2522 4239 2648 4285 ante
2686 4229 2866 4285 omnia
2907 4230 3101 4284 saecula
3146 4226 3436 4291 exstiterit,

1864 4335 1924 4379 ut
1945 4325 2107 4380 Deus.

1936 4418 2003 4471 Α.
2050 4415 2307 4473 Omnino.
2341 4415 2418 4469 Ita
2449 4416 2591 4470 enim
2616 4413 2790 4469 factus
2816 4421 2897 4467 est
2929 4410 3242 4468 omnimode
3288 4410 3442 4465 nobis

187 4520 255 4589 τῇ
288 4518 423 4591 πρὸς
446 4522 595 4591 ἡμᾶς
635 4522 703 4590 τῇ
748 4519 891 4572 κατά
934 4522 1038 4573 πᾶν
1064 4520 1263 4581 ὁτιοῦν.
1301 4524 1425 4594 δίχα
1457 4524 1553 4595 τῆς
1581 4526 1750 4595 ἁμαρ-

1868 4511 2078 4577 similis,
2112 4521 2337 4577 excepto
2392 4518 2631 4578 peccato.
2689 4506 2845 4575 Quod
2903 4516 2958 4561 et
3010 4504 3441 4575 sapientissimus

187 4611 333 4673 τίας.
379 4611 490 4663 Καὶ
540 4611 879 4682 μαρτυρήσει
920 4610 1091 4679 λέγων
1134 4614 1161 4665 6
1207 4615 1482 4683 πάνσοφος
1518 4616 1757 4680 Παῦλος·

196 4720 217 4754 ι
242 4702 457 4774 Ἐπειδὴ
488 4702 594 4775 γὰρ
628 4702 697 4755 τὰ
742 4702 929 4755 παιδία
965 4702 1359 4775 κεκοινώνηκεν
1402 4708 1634 4777 αἵματος
1666 4709 1763 4763 καὶ

194 4793 420 4865 σαρκὸς,
473 4796 566 4847 καὶ
613 4794 772 4858 αὐτὸς
811 4795 1204 4864 παραπλησίως
1258 4798 1485 4869 μετέσχε
1516 4799 1624 4853 τῶν
1667 4802 1762 4854 αὑο

192 4885 325 4949 τῶν,
370 4886 457 4939 ἵνα
504 4884 592 4938 διά
620 4885 714 4937 τοῦ
748 4884 976 4938 θανάτου
1011 4888 1327 4956 καταργήσῃ
1358 4887 1449 4939 τὸν
1472 4889 1533 4941 τὸ
1566 4890 1765 4958 κράτος

195 4977 387 5049 ἔχοντα
414 4977 508 5031 τοῦ
543 4977 796 5041 θανάτου,
823 4978 1089 5041 τουτέστι,
1118 4978 1209 5030 τὸν
1238 4977 1500 5040 διάϐολον,
1529 4979 1623 5031 καὶ
1661 4981 1767 5033 ἀπο

195 5067 401 5141 αλλάξῃ
430 5068 651 5131 τούτους
673 5108 687 5130 ,
732 5068 844 5121 ὅσοι
874 5068 1023 5139 φόϐῳ
1052 5067 1283 5120 θανάτου
1312 5067 1403 5120 διὰ
1437 5068 1638 5131 παντὸς
1673 5068 1768 5121 τοῦ

199 5163 299 5233 ζῇν
341 5162 512 5231 ἔνοχοι
560 5156 699 5231 ἦσαν
740 5160 1000 5222 δουλείας.
1050 5162 1121 5213 Οὐ
1167 5160 1275 5231 γὰρ
1322 5160 1492 5229 δήπου
1523 5160 1772 5229 ἀγγέλων

200 5253 630 5322 ἐπιλαμϐάνεται
654 5291 669 5316 ,
715 5251 853 5305 ἀλλά
898 5252 1212 5322 σπέρματος
1251 5251 1502 5323 Ἀϐραάμ
1536 5252 1769 5323 ἐπιλαμ-

200 5345 423 5398 6άνεται
462 5362 476 5375 ·
544 5344 666 5398 ὅθεν
715 5342 913 5412 ὤφειλε
968 5342 1036 5396 τὰ
1099 5343 1279 5395 πάντα
1348 5344 1460 5404 τοῖς
1522 5340 1771 5410 ἀδελφοῖς

199 5436 551 5507 ὁμοιωθῆναι.
580 5455 598 5487 ι
642 5435 706 5488 Ἥ
725 5434 781 5487 δὲ
819 5455 834 5486 ι
869 5433 1011 5487 κατά
1030 5433 1206 5487 πάντα
1242 5452 1260 5485 ι
1301 5433 1577 5501 ὁμοίωσις,
1600 5430 1773 5503 ἀρχὴν

202 5528 393 5599 ὥσπερ
418 5527 538 5580 τινὰ
564 5526 655 5579 καὶ
685 5524 1039 5596 προεισϐο).ὴν
1069 5524 1160 5577 τοῦ
1194 5524 1520 5594 πράγματος
1538 5565 1551 5587 ,
1582 5524 1681 5594 τὴν
1707 5525 1772 5577 ἐκ

204 5620 465 5690 γυναικὸς
496 5619 750 5686 ἀπότεξιν
779 5620 912 5688 ἔχει,
941 5619 1035 5670 καὶ
1060 5618 1157 5688 τὴν
1192 5619 1250 5671 ὲν
1275 5617 1437 5691 σαρκὶ
1466 5616 1771 5688 φανέρωσιν

277 5802 343 5833 ³⁸·
372 5800 387 5855 Ι
418 5799 543 5853 Cor.
580 5815 664 5864 sv,
702 5799 788 5853 lii.
868 5800 909 5829 °’
944 5794 1105 5851 llcbr.
1130 5811 1187 5861 ιι,
1225 5792 1408 5851 ιι-ιτ.

1868 4602 2070 4657 Paulus
2102 4612 2353 4666 testatur,
2373 4599 2625 4669 inquiens
2657 4614 2671 4651 :
2710 4616 2728 4647 ι
2757 4597 2891 4665 Quia
2922 4611 3051 4666 ergo
3108 4596 3259 4666 pueri
3287 4609 3441 4649 com-

1869 4691 2449 4749 municaveruutcarui
2520 4700 2573 4745 et
2626 4688 2897 4759 sanguini,
2946 4698 3001 4743 et
3063 4685 3445 4757 ipsesimiliter

1872 4787 2212 4856 participavit
2242 4784 2481 4847 eisdem;
2525 4792 2582 4836 ut
2608 4797 2703 4851 per
2738 4791 2967 4836 mortem
2993 4782 3299 4833 destrueret
3320 4792 3440 4832 eum

1878 4878 1962 4948 qui
1990 4878 2219 4932 habebat
2251 4878 2440 4931 mortis
2480 4876 2789 4944 imperium,
2826 4875 2876 4927 id
2908 4885 2994 4926 est
3045 4872 3341 4933 diabolum,
3390 4877 3446 4923 et

1876 4970 2133 5024 liberaret
2196 4982 2291 5022 eos
2349 4966 2442 5036 qui
2494 4966 2686 5019 timore
2720 4966 2910 5018 mortis
2963 4977 3057 5033 per
3083 4971 3248 5015 totam
3278 4962 3440 5013 vitam

1877 5068 2032 5114 erant
2064 5058 2280 5113 obnoxii
2316 5058 2587 5112 servituti.
2622 5056 2895 5126 Nusquam
2927 5055 3068 5109 enim
3104 5052 3323 5123 angelos
3351 5066 3447 5121 ap-

1880 5154 2184 5223 prehendit,
2211 5153 2302 5207 sed
2333 5167 2518 5205 semen
2575 5151 2804 5205 Abraha:
2864 5146 3236 5217 apprehendit.
3292 5144 3447 5198 Unde

1877 5246 2059 5299 debuit
2088 5261 2183 5315 per
2199 5245 2379 5298 omnia
2406 5244 2660 5299 fratribus
2691 5242 2978 5298 assimilari
3007 5243 3111 5295 ³⁸.»
3135 5240 3445 5294 Similitudo

1877 5347 2057 5391 autem
2092 5357 2110 5389 ι
2149 5353 2245 5405 per
2295 5337 2506 5402 omnia,
2548 5354 2567 5387 ι
2602 5336 2814 5389 initium
2862 5332 3255 5403 quodammodo
3288 5342 3448 5399 atque

1875 5431 2227 5499 primordium
2253 5430 2410 5483 habet
2444 5428 2775 5482 nativitatem
2802 5442 2866 5481 ex
2906 5426 3149 5487 muliere,
3179 5432 3233 5475 et
3277 5421 3448 5475 mani-

1876 5521 2217 5577 festationem
2241 5521 2293 5575 in
2322 5534 2485 5575 carne
2505 5519 2618 5589 ejus
2641 5518 2729 5589 qui
2762 5519 2911 5588 juxta
2981 5515 3252 5584 propriam
3288 5522 3448 5566 natu-

1878 5629 1993 5671 ram
2024 5613 2170 5671 cerni
2224 5613 2429 5683 nequit,
2474 5621 2529 5667 et
2584 5610 3001 5682 dispensativam
3058 5606 3447 5664 habitationem
