3846 6210
427 300 564 359 1267

1378 328 1383 332 ·
1449 305 1507 362 S.
1547 306 1819 362 CYRILLI
1857 306 2324 366 ALEXANDRINI
2364 309 2683 366 ARCHIEP.

3533 304 3665 361 1268

424 423 566 475 inter
617 435 736 487 nos,
765 419 883 492 ejus
939 421 1028 491 qui
1091 421 1604 478 excellentissimum
1653 439 1850 479 nomen
1905 438 1965 479 es

2089 423 2182 476 τοῦ
2217 423 2360 477 κατά
2405 423 2568 494 φύσιν
2620 423 2753 477 ίδίαν
2787 423 2884 492 οὑχ
2929 419 3157 491 ὁρατοῦ,
3192 418 3286 471 καὶ
3328 417 3426 486 τὴν
3461 419 3519 470 ἐν
3553 420 3667 480 τοῖς

422 521 764 578 consecutus,
797 524 852 568 et
893 513 1251 569 humilitatem
1271 514 1324 568 in
1359 515 1720 581 humanitate,
1750 515 1867 585 ejus
1894 515 1986 584 qui

421 602 476 657 in
503 603 771 672 supremis
827 603 1036 658 thronis
1055 603 1308 675 ell‘ulget;
1337 615 1391 660 et
1421 605 1634 660 servilis
1661 605 1987 661 conditionis

415 693 614 749 factum
671 709 810 760 esse,
861 695 947 750 cui
979 695 1272 750 dominium
1320 697 1638 752 naturaliter
1680 697 1982 767 competit:

421 805 438 836 ‹
474 786 612 840 Deus
641 786 784 841 enim
814 794 930 841 erat
959 786 1192 842 Verbum
1232 788 1297 840 ⁸³.
1329 807 1347 838 ι

484 965 542 1018 Β.
570 966 736 1021 Recte
765 965 982 1036 quidem
1038 967 1276 1022 disseris.
1333 966 1599 1022 Caeterum
1645 967 1773 1022 illud
1818 968 1982 1023 etiam

411 1059 560 1127 ipsos
590 1059 768 1112 dicere
803 1059 962 1123 scito,
999 1072 1176 1127 neque
1207 1058 1350 1113 enim
1375 1058 1598 1126 intelligi
1621 1073 1798 1127 posse,
1824 1071 1984 1127 atque

410 1148 547 1201 adeo
569 1148 863 1203 absurdum
893 1165 1015 1205 esse
1045 1150 1358 1205 existimare
1405 1159 1459 1206 et
1493 1151 1671 1206 dicere
1723 1151 1978 1218 Verbum,

410 1240 549 1308 quod
568 1239 824 1294 ineffabili
860 1243 1090 1309 quadam
1117 1242 1324 1296 ratione
1352 1253 1516 1312 atque
1537 1242 1864 1298 intellectum
1887 1258 1984 1298 ex-

409 1331 632 1386 cedente
658 1346 721 1385 ex
756 1332 864 1386 Deo
890 1331 1051 1388 Patre
1077 1342 1178 1400 est,
1202 1335 1492 1387 secundam
1523 1348 1736 1403 quoque
1765 1349 1832 1389 ex
1864 1351 1982 1390 mu-

407 1421 540 1476 liere
569 1423 903 1478 nativitatem
934 1424 1186 1480 subiisse.
1221 1423 1476 1479 Sullicere
1507 1427 1648 1479 enim
1683 1426 1782 1495 ipsi
1807 1427 1979 1492 aiunt,

405 1515 546 1583 quod
591 1515 758 1569 semel
817 1531 883 1570 ex
922 1515 1083 1569 Patre
1115 1515 1297 1570 divino
1327 1532 1477 1572 more
1505 1519 1716 1586 genitus
1743 1519 1833 1574 sit.

475 1603 542 1659 Α.
577 1603 843 1660 lusultant
869 1605 1048 1674 itaque
1073 1605 1246 1673 Filio;
1280 1623 1456 1676 neque
1489 1591 1639 1663 recte
1671 1608 1845 1678 ipsum
1874 1609 1977 1664 sibi

404 1697 746 1752 consuluisse
777 1697 947 1762 aiunt,
993 1699 1083 1767 qui
1116 1697 1470 1753 voluntariam
1507 1714 1604 1768 pro
1657 1700 1810 1755 nobis
1877 1714 1976 1755 ex-

2089 515 2214 568 καθ’
2257 518 2408 587 ἡμᾶς
2457 515 2681 569 κάθεσιν
2707 513 3056 584 οἰκονομικὴν
3091 509 3183 566 τοῦ
3231 512 3289 563 ἐν
3337 509 3666 578 ὑπερτάταις

2087 605 2237 671 ὄντος
2261 606 2509 676 ὀνόμασι,
2539 607 2634 660 καὶ
2662 606 2722 658 τὸ
2755 607 2812 657 ἐν
2843 603 3223 674 ἀνθρωπότητι
3252 603 3535 665 ταπεινὸν,
3563 600 3664 655 τοῦ

2084 701 2196 762 τοῖς
2237 699 2502 752 ἀνωτάτω
2532 697 2741 767 θρόνοις
2772 697 3150 767 ἐμπρέποντος
3176 733 3191 756 ,
3232 694 3328 748 καὶ
3366 693 3426 746 τὸ
3470 694 3528 746 ὲν
3564 692 3664 762 μέ-

2086 803 2235 858 τροις
2270 787 2524 856 γενέσθαι
2560 789 2672 850 τοῖς
2715 789 3006 849 οἰκετικοίς
3037 785 3132 839 τὸν
3161 786 3218 839 ὲν
3242 783 3524 856 κυριότητι
3568 802 3667 852 φυ-

2088 880 2212 948 σικῇ
2233 893 2250 910 ⁸
2281 897 2300 930 ί
2334 879 2466 942 Θεὸς
2497 879 2606 949 γὰρ
2640 878 2810 946 Λόγος
2840 873 2929 948 ἦν.
2964 897 2982 927 ι

2153 971 2213 1024 Β.
2238 972 2430 1042 Διανοῇ
2456 971 2553 1041 μὲν
2579 970 2753 1042 ὀρθῶς
2770 987 2783 1000 ο
2825 969 2966 1040 πλὴν
2991 968 3100 1022 ἴσθι
3125 986 3207 1022 τοι
3235 969 3458 1022 κάκεῖνο
3477 967 3668 1039 ἐροῦν-

2082 1079 2183 1125 τας
2205 1106 2218 1128 ,
2270 1062 2346 1126 ὡς
2387 1063 2675 1130 ἀνέφικτον
2713 1062 2796 1133 εἴη
2828 1061 2970 1130 τάχα
2998 1078 3105 1114 που
3134 1061 3230 1114 καὶ
3257 1061 3487 1123 ἀκαλλὲς
3514 1104 3529 1126 ,
3565 1060 3664 1114 τὸν

2083 1153 2148 1205 ὲκ
2170 1152 2302 1205 Θεοῦ
2336 1152 2570 1222 Πατρὸς.
2600 1192 2614 1206 .
2646 1195 2660 1207 ,
2700 1193 2714 1206 .
2755 1192 2770 1205 .
2809 1153 2880 1204 τὰ
2905 1153 3098 1218 Λόγον,
3128 1153 3459 1223 ἀποῤῥήτως
3479 1170 3540 1206 τε
3562 1153 3666 1221 καὶ

2085 1243 2222 1313 ὑπὲρ
2262 1243 2407 1305 νοῦν,
2437 1242 2644 1296 οἴεσθαί
2687 1259 2748 1294 τε
2781 1241 2880 1294 καὶ
2901 1241 3101 1310 λέγειν,
3150 1243 3245 1294 καὶ
3269 1243 3524 1313 δευτέραν
3558 1243 3663 1313 τὴν

2081 1335 2146 1386 ἐκ
2177 1333 2436 1402 γυναικὸς
2461 1334 2754 1404 ὑπομεῖναι
2786 1335 3061 1404 γέννησιν.
3081 1333 3324 1404 Ἀπόχρη
3349 1333 3459 1403 γὰρ
3481 1335 3660 1406 αὑτῷ,

2083 1425 2233 1493 φασὶ,
2271 1424 2330 1477 τὸ
2357 1423 2504 1489 ἅπαξ
2543 1426 2607 1479 ὲκ
2637 1427 2848 1497 Πατρδς
2878 1426 3205 1496 γεννηθῆναι
3237 1425 3586 1496 θεοπρεπῶς.

2152 1612 2214 1662 Δ.
2252 1610 2482 1677 Οὐκοῦν,
2527 1613 2914 1683 ἐπιπλήττουσι
2941 1613 3018 1683 τῷ
3047 1614 3163 1684 Υἱῷ
3186 1656 3202 1680 ,
3233 1614 3328 1667 καὶ
3371 1615 3472 1667 οὐκ
3521 1613 3666 1685 ὀρθὰ.

2086 1700 2436 1770 βεϐουλεῦθαί
2472 1721 2636 1772 φασιν
2667 1705 2849 1767 αὑτὸν,
2875 1706 2973 1777 τὴν
2997 1707 3062 1761 δι’
3097 1708 3244 1777 ἡμᾶς
3277 1707 3506 1761 κένωσιν
3533 1708 3664 1761 ἐθε-

403 1788 760 1843 iuanitionem
817 1787 1067 1843 subierit.
1121 1787 1328 1843 Vanum
1385 1798 1562 1843 autem
1625 1789 1965 1860 iueritatqut

2078 1790 2288 1846 λούσιον
2339 1795 2729 1865 ὑπομείναντα.
2778 1797 3135 1868 Κατήργηται
3183 1799 3261 1863 δὲ,
3309 1800 3401 1851 καὶ
3446 1801 3663 1852 εἰκαῖον

403 1883 560 1935 inane
587 1881 949 1936 venerandum
973 1896 1035 1935 ac
1058 1896 1308 1947 maguum
1335 1881 1606 1951 religionis
1636 1881 1972 1951 mysterium,

399 1985 453 2031 et
477 1974 789 2042 praeclaram
822 1973 964 2027 illam
996 1989 1059 2028 ac
1083 1973 1408 2044 singularem
1429 1971 1696 2043 Uuigeuiti
1731 1973 1783 2027 in
1813 1986 1975 2028 carne

401 2066 854 2135 dispensationem
890 2065 1443 2135 iufrugil'eramplaue
1497 2065 1802 2122 hominibus
1852 2081 1974 2123 esse

400 2169 665 2214 statuunt.
695 2159 963 2215 Caeterum
1026 2160 1239 2214 illorum
1311 2174 1481 2229 nugas
1530 2158 1707 2214 locum
1765 2159 1972 2214 nullum

399 2253 603 2308 habere
632 2253 829 2307 debere
857 2252 1072 2306 Veritas
1100 2253 1214 2320 ipsa
1246 2251 1614 2321 evincit,quin
1646 2253 1822 2321 potius
1851 2251 1972 2309 illos

399 2345 672 2414 redarguit
703 2345 1035 2414 ineptissime
1075 2345 1364 2410 blaterare,
1420 2354 1476 2398 et
1507 2343 1710 2397 Christi
1772 2353 1972 2414 myste-

395 2438 535 2489 rium
572 2436 715 2490 nullo
734 2438 946 2504 penitus
1005 2437 1162 2491 modo
1235 2437 1549 2506 intelligere.
1599 2434 1734 2490 Nam
1785 2437 1972 2505 genuit

394 2529 609 2597 quidem
648 2526 792 2584 Deus
822 2544 883 2582 ac
917 2528 1075 2583 Pater
1123 2527 1319 2582 Filium
1377 2545 1444 2582 ex
1506 2529 1704 2597 seipso,
1746 2543 1972 2596 genera-

394 2622 542 2675 tione
571 2635 694 2673 una.
735 2621 999 2674 Caeterum
1039 2621 1239 2689 placuit
1285 2621 1334 2673 ei
1383 2620 1694 2675 instaurare
1743 2623 1794 2674 in
1853 2620 1969 2689 ipso

393 2726 560 2781 genus
592 2712 880 2768 humanum
909 2727 1006 2781 per
1033 2713 1454 2766 incarnationem
1535 2713 1650 2767 sive
1705 2713 1966 2769 humana-

393 2804 617 2868 tionem,
675 2819 834 2872 quam
887 2803 1106 2859 omnino
1160 2804 1274 2857 ﬁeri
1325 2805 1565 2874 oportuit
1615 2820 1712 2874 per
1767 2806 1966 2860 nativi-

393 2906 556 2950 tatem
587 2911 654 2955 ex
683 2895 928 2957 muliere,
954 2895 1114 2965 722
1145 2905 1202 2948 ut
1230 2911 1325 2966 per
1360 2896 1768 2951 similitudinem
1803 2912 1966 2966 quant

391 2989 668 3043 nobiscum
701 2987 862 3042 habet
883 2985 1112 3042 Verbum
1142 3005 1210 3041 ex
1246 2987 1352 3041 Deo
1383 2997 1588 3054 ortum,
1631 2989 1966 3044 condemne-

393 3092 480 3134 tur
512 3081 728 3149 quidem
760 3081 809 3133 iu
833 3079 1088 3134 membris
1122 3081 1304 3134 carnis
1354 3090 1555 3134 nostra:
1604 3080 1687 3134 lex
1717 3082 1960 3150 peccati;

389 3173 446 3224 in
487 3171 842 3225 similitudine
877 3180 1056 3224 autem
1089 3169 1278 3225 mortis
1323 3169 1440 3237 ejus
1462 3171 1551 3240 qui
1599 3181 1828 3226 mortem
1853 3187 1962 3226 non
1993 3141 2035 3200 Ε

391 3260 562 3322 novit,
591 3269 883 3312 evacuetur
914 3274 1080 3312 mors.
1117 3278 1136 3309 ι
1176 3259 1231 3312 Si
1258 3261 1399 3312 enim
1435 3259 1784 3328 complantati
1832 3261 1964 3316 facti

391 3366 599 3414 sumus,
632 3349 829 3419 inquit,
877 3349 1215 3403 similitudini
1266 3351 1457 3405 mortis
1516 3350 1630 3418 ejus
1663 3368 1676 3402 :
1705 3351 1867 3406 simul
1910 3362 1967 3408 et

388 3441 771 3495 resurrectioni
806 3441 1008 3494 erimus
1032 3441 1103 3494 ⁵⁸.
1145 3460 1162 3492 ι
1208 3439 1527 3495 Necessario
1557 3445 1740 3511 itaque
1780 3443 1828 3498 is
1872 3444 1964 3513 qui

387 3548 603 3602 Semper
631 3534 866 3597 exsistit.
902 3543 1152 3588 natuscst
1186 3535 1483 3588 secundum
1509 3551 1751 3600 carnem,
1777 3546 1963 3592 nostra

387 3628 439 3682 iu
466 3627 698 3694 seipsum
735 3625 1084 3692 transferens,
1123 3635 1181 3679 ut
1219 3627 1471 3680 nimirum
1502 3629 1775 3697 genimina
1839 3643 1962 3682 car-

390 3719 493 3780 nis,
521 3718 621 3771 hoc
649 3725 749 3780 est,
778 3732 896 3780 nos,
923 3717 1255 3786 corruptioni
1287 3718 1684 3786 perditionique
1715 3718 1958 3784 obnoxii,

387 3825 703 3864 maneamus
729 3809 780 3862 in
841 3809 977 3878 ipso,
1037 3808 1234 3878 quippe
1277 3809 1390 3876 qui,
1435 3823 1556 3877 quae
1588 3820 1774 3864 nostra
1810 3820 1955 3876 smul,

386 3902 602 3972 propria
633 3901 734 3955 sibi
770 3899 982 3966 fecerit,
1005 3910 1060 3953 et
1088 3915 1186 3954 sua
1215 3900 1391 3954 nobis.
1426 3901 1651 3970 l‘ropter
1681 3918 1780 3958 nos
1809 3904 1954 3958 enim

385 3995 552 4062 eguit,
588 4008 708 4046 cum
763 4001 908 4046 esset
964 3992 1144 4057 dives,
1207 4001 1265 4044 ut
1310 4008 1407 4046 nos
1428 3993 1593 4062 ipsius
1617 3994 1794 4062 inopia
1819 3996 1957 4050 dites

385 4084 740 4141 eVaderemus
765 4084 833 4140 ⁸⁵.
861 4083 960 4150 Qui
988 4099 1117 4138 vero
1172 4093 1423 4137 asserunt
1474 4099 1580 4136 non
1620 4085 1793 4152 ipsum
1823 4084 1958 4140 Ver-

383 4179 511 4231 bum
541 4191 604 4230 ex
632 4175 741 4230 lleo
775 4175 974 4229 factum
1003 4189 1122 4229 esse
1151 4189 1368 4229 carnem
1386 4190 1449 4228 ex
1480 4175 1955 4240 mulierc,_omnem

384 4269 576 4323 salutis
597 4277 797 4322 nostra:
844 4267 1308 4336 dispensationem
1363 4267 1576 4321 tollunt.
1636 4267 1748 4322 Nisi
1809 4269 1954 4322 enim

384 4362 536 4415 dives
566 4375 684 4414 cum
717 4368 862 4414 esset
889 4359 1179 4427 egtlil,prte
1204 4361 1463 4412 in'unensa
1498 4374 1592 4412 sua
1623 4358 1954 4428 benignitate

2079 1884 2178 1956 ἤδη
2214 1885 2328 1950 πώς
2356 1889 2472 1940 ἐστι
2508 1889 2568 1941 τὸ
2600 1890 2797 1943 σεπτὸν
2830 1891 2922 1942 καὶ
2949 1890 3090 1960 μέγα
3115 1890 3218 1961 τῆς
3239 1891 3522 1954 εὐσεϐείας
3553 1910 3664 1962 μυ-

2077 1977 2297 2048 στήριον
2316 2019 2332 2044 ,
2359 1978 2419 2030 τὸ
2446 1979 2546 2049 τῆς
2596 1980 2736 2050 μετά
2783 1980 2982 2050 σαρκὸς
3008 1981 3317 2051 οἰκονομίας
3350 1980 3443 2034 τοῦ
3475 1983 3661 2034 Μονο-

2075 2071 2266 2136 γενοῦς
2293 2071 2544 2142 εὐτεχνὲς
2564 2113 2579 2137 ,
2612 2073 2870 2145 ἀνόνητον
2902 2073 3259 2141 ἀποφαίνουσι
3287 2076 3398 2136 τοῖς
3431 2073 3525 2128 ἐπὶ
3556 2074 3662 2142 τῆς

2073 2161 2206 2231 γῆς·
2263 2162 2379 2215 ἀλλ’
2430 2165 2490 2216 οὑ
2538 2167 2649 2228 τοῖς
2679 2165 2903 2219 ἐκείνων
2946 2165 3334 2236 βατταρισμοῖς
3358 2164 3419 2216 τὸ
3454 2164 3664 2234 χρῆναι

2073 2256 2295 2322 κρατεῖν
2340 2258 2368 2310 ὁ
2411 2255 2510 2325 τῆς
2562 2255 2820 2326 ἀληθείας
2873 2257 3058 2327 ἐφίησι
3098 2257 3293 2324 λόγος,
3347 2255 3561 2323 ἐλέγξει
3600 2254 3664 2310 δὲ

2080 2345 2301 2412 μᾶλλον,
2330 2347 2712 2401 ἀσυνετώτατα
2745 2350 2840 2419 μὲν
2865 2348 3339 2419 πεφλυαρηκὸτας,
3365 2347 3580 2409 εἰδότας
3601 2347 3663 2404 δὲ

2072 2437 2192 2487 κατ’
2211 2435 2398 2488 οὑδένα
2416 2437 2615 2508 τρόπον
2644 2438 2703 2491 τὸ
2730 2438 2965 2510 Χριστοῦ
3001 2439 3315 2508 μυστήριον.
3346 2437 3662 2507 Γεγέννηκε

2075 2529 2172 2598 μὲν
2196 2527 2304 2598 γὰρ
2333 2530 2360 2581 ὁ
2393 2529 2524 2592 Θεὸς
2554 2530 2648 2584 καὶ
2683 2531 2873 2602 Πατὴρ
2920 2531 3010 2584 τὸν
3050 2531 3178 2585 Υίὸν
3205 2529 3263 2594 ἐξ
3293 2529 3661 2596 ἐαυτοῦ,γεν-

2069 2623 2221 2692 νήσει
2273 2623 2397 2693 μιᾷ·
2442 2623 2579 2694 πλὴν
2620 2623 2910 2694 εὐδόκησεν
2943 2626 3002 2677 ἐν
3037 2624 3186 2694 αὑτῴ
3215 2623 3276 2675 τὸ
3307 2622 3659 2694 ἀνθρώπινον

2068 2713 2346 2766 ἀνασῶσαι
2401 2715 2598 2783 γένος,
2646 2717 2833 2788 τρόπῳ
2883 2715 2961 2787 τῷ
3016 2716 3157 2770 κατά
3199 2715 3296 2784 τὴν
3346 2717 3655 2787 σάρκωσιν,

2068 2805 2236 2874 ἤγουν
2266 2805 2708 2878 ἐνανθρώπησιν,
2739 2809 2805 2878 ἦν
2831 2811 3009 2879 πάντη
3037 2825 3097 2861 τε
3131 2809 3224 2862 καὶ
3249 2807 3466 2872 πάντως
3494 2807 3658 2876 γενέ-

2070 2896 2194 2949 σθαι
2223 2897 2414 2967 ἐχρῆν,
2441 2897 2530 2951 διὰ
2558 2901 2864 2969 γεννήσεως
2885 2900 3124 2969 δηλονότι
3151 2899 3247 2969 τὴν
3279 2901 3343 2952 ἐκ
3365 2899 3652 2966 γυναικὸς,

2067 2991 2158 3043 ἵνα
2189 2994 2255 3062 τῇ
2288 2992 2424 3061 πρὸς
2449 2994 2596 3062 ἡμᾶς
2628 2993 2887 3064 ὁμοιώσει
2914 2993 3005 3047 τοῦ
3043 2995 3106 3046 ὲκ
3136 2993 3270 3046 Θεοῦ
3301 2994 3497 3062 φύντος
3541 2993 3656 3046 Λό-

2069 3104 2190 3154 γου,
2240 3087 2639 3158 κατακρίνηται
2689 3088 2790 3156 μὲν
2830 3091 2886 3140 ἐν
2922 3089 3033 3149 τοῖς
3069 3086 3254 3157 μέλεσι
3294 3087 3394 3155 τῆς
3445 3086 3654 3156 σαρκὸς

2070 3181 2171 3249 τῆς
2199 3180 2473 3249 ἁμαρτίας
2505 3182 2533 3232 ὁ
2562 3180 2745 3250 νόμος,
2783 3181 2839 3232 έν
2864 3177 3170 3249 ὁμοιώματι
3195 3178 3250 3231 δὲ
3277 3178 3510 3231 θανάτου
3553 3178 3652 3231 τοῦ

2073 3271 2149 3342 μὴ
2211 3271 2413 3334 εἰδότος
2469 3271 2632 3325 αὑτὸν
2680 3271 3027 3339 καταργῆται
3077 3269 3326 3333 θάνατος.
3381 3286 3402 3320 ε
3437 3270 3502 3322 Εἰ
3538 3269 3654 3340 γὰρ

2074 3364 2349 3433 σύμφυτοι
2396 3369 2733 3435 γεγόναμεν,
2767 3363 2902 3432 φησὶ
2924 3404 2938 3426 ,
2970 3361 3048 3432 τῷ
3080 3361 3386 3432 ὁμοιώματι
3426 3362 3522 3414 τοῦ
3554 3363 3656 3423 θα.

2068 3455 2228 3508 νάτου
2258 3455 2422 3508 αὑτοῦ
2449 3498 2464 3520 ,
2498 3455 2630 3507 ἀλλὰ
2661 3455 2754 3506 καὶ
2789 3454 2886 3523 τῆς
2923 3454 3270 3516 ἀναστάσεως
3311 3452 3572 3522 ἐσόμεθα.
3625 3473 3644 3504 ι

2068 3546 2274 3600 Οὐκοῦν
2315 3547 2629 3615 ἀναγκαίως
2661 3548 2687 3597 ὁ
2716 3543 2790 3597 ὢν
2829 3545 2977 3597 καὶὸ
3016 3544 3274 3615 ὑπάρχων
3316 3543 3653 3613 γεγέννηται

2067 3638 2206 3691 κατὰ
2243 3638 2442 3707 σάρκα,
2473 3637 2544 3689 τὰ
2577 3636 2736 3707 ἡμῶν
2771 3639 2852 3698 εἰς
2897 3636 3086 3689 ἑαυτὸν
3117 3637 3390 3706 μεταθεὶς,
3442 3637 3532 3688 ἵνα
3581 3636 3655 3690 τά

2070 3729 2275 3800 σαρκὸς
2299 3729 2637 3798 γεννήματα,
2661 3728 2961 3792 τουτέστιν,
3013 3729 3176 3798 ἡμεῖς
3219 3730 3267 3780 οί
3319 3728 3555 3798 φθαρτοί
3588 3745 3652 3779 τε

2067 3823 2161 3876 καὶ
2203 3821 2567 3889 ἀπολλύμενοι
2593 3862 2606 3884 ,
2680 3819 2932 3889 μένωμεν
2980 3821 3038 3871 έν
3083 3818 3253 3889 αὑτῷ,
3301 3819 3410 3872 ἴδια
3454 3819 3650 3872 λοιπόν

2064 3913 2238 3982 ἔχοντι
2269 3912 2336 3965 τὰ
2378 3911 2558 3982 ἡμῶν,
2593 3911 2678 3963 ἵνα
2710 3910 2802 3964 καὶ
2840 3912 3001 3980 ἡμεῖς
3048 3909 3118 3962 τά
3156 3909 3339 3962 αὑτοῦ.
3383 3908 3462 3962 Δι’
3493 3913 3649 3980 ἡμᾶς

2064 4005 2172 4074 γὰρ
2216 4001 2528 4073 ἐπτώχευσε
2560 4003 2814 4064 πλούσιος
2857 4000 2954 4069 ὢν,
2991 4002 3077 4054 ἵνα
3123 4003 3283 4072 ἡμεῖς
3329 4005 3396 4072 τῇ
3432 4003 3649 4055 ἐκείνου

2063 4094 2308 4165 πτωχείᾳ
2333 4095 2746 4165 πλουτήσωμεν.
2777 4093 3081 4156 Φάσκοντές
3104 4081 3169 4161 γε
3194 4093 3320 4163 μὴν,
3348 4093 3451 4146 οὑκ
3476 4093 3650 4146 αὑτὸν

2058 4187 2308 4256 γενέσθαι
2348 4187 2526 4257 σάρκα
2567 4187 2657 4239 τὸν
2690 4187 2753 4246 ἐκ
2797 4185 2932 4238 Θεοῦ
2977 4184 3171 4253 Λόγον,
3209 4184 3326 4254 ἦτοι
3377 4184 3646 4252 γέννησιν

2061 4280 2353 4350 ὑπομεῖναι
2387 4280 2485 4349 τὴν
2519 4278 2662 4331 κατὰ
2703 4281 2881 4349 σάρκα
2932 4278 2995 4328 ὲκ
3036 4275 3310 4343 γυναικὸς,
3354 4275 3650 4344 ἀναιροῦσι

2060 4371 2159 4440 τὴν
2191 4371 2523 4441 οἰκονομίαν.
2566 4371 2628 4423 Εἰ
2659 4371 2768 4442 γάρ
2799 4371 2874 4440 μὴ
2902 4369 3156 4431 πλούσιος
3190 4367 3263 4420 ὣν
3303 4367 3649 4437 ἐπτώχευσε,

385 4467 446 4505 se
484 4451 550 4503 ad
582 4459 764 4503 nostra
785 4449 1097 4514 demitteus,
1133 4465 1199 4502 ne
1229 4463 1324 4502 nos
1363 4448 1579 4517 quidem
1610 4464 1731 4517 quae
1785 4450 1954 4518 ipsius

2073 4461 2249 4524 καθεὶς
2282 4462 2471 4517 ἑαυτὸν
2499 4465 2611 4525 τοῖς
2642 4462 2760 4515 καθ’
2789 4463 2936 4533 ἡμᾶς
2962 4463 3029 4514 ἐκ
3055 4460 3486 4531 φιλανθρωπίας,
3521 4461 3649 4516 οὐδὲ

383 4552 509 4595 sunt
532 4541 807 4610 consecuti
837 4555 1022 4594 sumus
1053 4560 1065 4594 :
1093 4542 1183 4594 sed
1215 4542 1387 4595 adhuc
1413 4543 1466 4595 iu
1499 4542 1665 4596 veteri
1716 4553 1957 4611 egestate

382 4648 689 4696 versamur,
741 4633 1216 4701 exsecrationique
1272 4642 1327 4686 et
1385 4634 1550 4687 morti
1604 4649 1666 4688 ac
1731 4645 1954 4701 peccato

381 4724 604 4780 obnoxii
627 4738 836 4781 sumus.
887 4722 1021 4777 Nam
1075 4738 1140 4778 eo
1201 4724 1316 4794 ipso
1374 4729 1516 4793 quod
1561 4725 1794 4782 Verbum
1829 4742 1956 4783 caro

383 4819 586 4872 factum
620 4827 724 4882 est,
747 4815 958 4871 sublata
986 4825 1112 4871 sunt
1149 4832 1211 4870 ea
1241 4834 1362 4887 quae
1385 4832 1450 4871 ex
1487 4819 1868 4875 maledictione
1898 4831 1955 4874 et

381 4909 834 4986 condemnatione
870 4909 1355 4964 humanmnaturaa
1412 4910 1745 4964 acciderant.
1806 4911 1954 4978 Quo-

379 5003 528 5074 circa
564 5001 608 5055 si
638 4999 830 5055 salutis
855 5009 1058 5057 nostra:
1091 5000 1328 5056 radicem
1369 5003 1698 5066 convellunt,
1753 5013 1807 5057 et
1837 5003 1950 5072 spei

378 5094 1009 5149 nortrzel'undamentum
1067 5095 1406 5157 subvertuut,
1433 5094 1560 5164 quid
1611 5097 1864 5165 deinceps
1891 5095 1956 5149 de

378 5187 534 5242 nobis
562 5185 688 5239 (iet?
730 5183 863 5238 Nam
891 5186 935 5239 si
965 5184 1202 5239 Verbum
1233 5201 1364 5240 caro
1397 5186 1594 5239 factum
1622 5203 1726 5241 non
1773 5196 1875 5251 est,
1898 5196 1957 5242 ut

377 5279 511 5340 dixi,
547 5292 613 5331 ne
642 5276 834 5330 mortis
865 5276 1084 5345 quidem
1134 5274 1418 5344 imperium
1452 5290 1736 5330 excussum
1761 5286 1862 5336 est,
1893 5287 1949 5328 et

376 5379 658 5437 peccatum
711 5367 852 5421 nulla
873 5369 1080 5421 ratione
1114 5366 1373 5421 abolitum
1412 5367 1594 5432 fuerit,
1643 5368 1735 5422 sed
1781 5367 1961 5422 adhuc

378 5461 542 5527 primi
567 5458 828 5529 parentis,
865 5459 966 5513 hoc
993 5469 1096 5524 est,
1122 5459 1336 5523 Adami,
1372 5458 1804 5528 praevaricationi
1857 5460 1952 5514 0b-

378 5553 524 5606 noxii
557 5568 764 5616 sumus,
815 5566 987 5620 neque
1017 5551 1071 5604 in
1130 5551 1403 5606 meliorem
1451 5561 1650 5606 statum
1712 5551 1953 5608 translati

1381 5735 1420 5765 ⁵⁵
1447 5731 1489 5787 ΙΙ
1518 5733 1641 5789 Car.
1675 5750 1788 5802 \‘tu,
1819 5736 1866 5788 9..

450 5731 496 5767 ’³
526 5731 679 5795 Joan.
704 5748 740 5800 ι,
773 5734 818 5788 ι.
897 5733 939 5764 ⁵³
970 5731 1120 5787 Rom.
1147 5748 1216 5800 vn,

2062 4556 2222 4624 ἡμεῖς
2269 4554 2335 4607 τὰ
2370 4554 2534 4612 αὑτοῦ
2585 4555 3064 4624 πεπλουτήκαμεν,
3115 4553 3228 4608 ἀλλ’
3260 4553 3428 4623 ἐσμὲν
3464 4555 3527 4607 ἐν
3567 4554 3649 4624 τῷ

2059 4646 2358 4716 πτωχεύειν
2414 4647 2494 4701 ἔτι
2545 4649 2640 4702 καὶ
2685 4649 2794 4718 ἀρᾷ
2842 4647 2940 4700 καὶ
2986 4647 3201 4717 θανάτῳ
3247 4648 3340 4699 καὶ
3389 4647 3648 4718 ἁμαρτίᾳ

2059 4739 2426 4808 ἐνισχημένοι.
2461 4741 2534 4793 Τὸ
2567 4740 2758 4810 γάρτοι
2807 4739 3059 4806 γενέσθαι
3093 4741 3270 4810 σάρκα
3315 4739 3409 4794 τὸν
3441 4740 3647 4809 Λόγον,

2063 4830 2216 4884 λύσιν
2255 4831 2366 4900 ἔχει
2397 4833 2490 4885 καὶ
2521 4831 2832 4903 ἀνατροπὴν
2863 4832 2972 4888 τῶν
2997 4830 3058 4896 ὲξ
3085 4831 3222 4903 ἀρᾶς
3247 4833 3341 4884 καὶ
3369 4831 3534 4902 δίκης
3577 4838 3645 4904 τῇ

2061 4922 2154 4974 τοῦ
2215 4922 2500 4994 ἀνθρώπου
2559 4924 2717 4994 φύσει
2771 4923 3214 4994 συμϐεὸηκότων,
3271 4924 3522 4988 Οὐκοῦν,
3596 4929 3645 4979 εί

2061 5013 2484 5084 ἁναὸοθρεύουσι
2515 5018 2612 5084 τῆς
2657 5016 2931 5086 σωτηρίας
2965 5014 3121 5085 ἡμῶν
3163 5015 3260 5086 τὴν
3311 5014 3503 5084 ῥίζαν,
3551 5019 3643 5070 καῖ

2062 5103 2152 5156 τὸν
2194 5105 2293 5174 τῆς
2328 5104 2541 5170 ἐλπίδος
2574 5105 2822 5176 θεμέλιον
2855 5105 3241 5177 ἀνορύττουσι,
3272 5107 3375 5160 ποῦ
3404 5108 3475 5164 τὰ
3522 5110 3641 5178 μετ’

2062 5195 2223 5249 αὑτὸν
2273 5195 2352 5248 ἔτι
2403 5196 2678 5262 κείσεται;
2729 5199 2804 5251 Οὑ
2851 5199 2956 5268 γὰρ
3000 5201 3304 5267 γεγονότος,
3353 5199 3430 5264 ὡς
3473 5200 3637 5272 ἔφην,

2063 5287 2262 5358 σαρκὸς
2292 5286 2388 5342 τοῦ
2417 5289 2613 5357 Λόγου,
2640 5287 2762 5342 οὔτε
2799 5289 2892 5343 τοῦ
2945 5290 3176 5344 θανάτου
3211 5291 3542 5362 κατεσείσθη
3582 5292 3635 5346 τὶ

2059 5379 2280 5448 κράτος,
2316 5380 2658 5450 κατήργηται
2701 5379 2758 5432 δὲ
2787 5381 2907 5432 κατ’
2939 5382 3132 5434 οὐδένα
3161 5382 3358 5452 τρόπον
3384 5383 3418 5452 ἡ
3451 5382 3628 5452 ἀμαρ-

2057 5468 2164 5532 τία,
2214 5469 2307 5523 καὶ
2355 5470 2523 5540 ἐσμὲν
2567 5470 2648 5524 ἔτι
2693 5475 2814 5534 ταῖς
2854 5473 2946 5526 τοῦ
2986 5473 3204 5543 πρώτου
3256 5475 3628 5544 παραϐάσεσιι

2062 5557 2267 5629 ἔνοχοι,
2340 5561 2614 5613 τουτέστιν
2677 5563 2882 5633 Ἀδὰμ,
2947 5565 3202 5635 οὐδεμίαν
3277 5565 3628 5636 ἀναφοίτησιι
