3846 6210
139 337 157 387 -ι
168 335 270 390 259

1256 344 1448 412 QUOD
1487 347 1675 406 UNUS
1715 350 1824 407 Sl'l'
1863 353 2234 416 CHRISTUS.

3237 355 3374 422 1276

135 455 343 520 ἔχοντες
375 455 454 517 είς
485 456 548 509 τὸ
567 457 810 527 ἄμεινον,
837 460 935 533 τὴν
972 462 1060 516 διά
1085 465 1148 532 γέ
1193 483 1335 539 φημι
1364 469 1458 522 τοῦ
1486 471 1703 528 πάντων

1823 493 2010 543 minus,
2051 497 2146 550 per
2185 481 2480 551 Christum,
2533 484 2771 554 inquam,
2820 485 3059 540 onmium
3121 485 3375 543 Servato-

130 544 160 610 ή
171 542 283 610 μῶν
312 544 563 614 Σωτῆρος
590 549 849 618 Χριστοῦ.

200 633 259 685 Β.
303 635 536 706 Συνίημι
564 638 593 690 ὃ
616 643 743 709 φής.

197 727 259 777 Α.
303 727 400 791 Τίς
429 729 476 782 δ’
504 731 570 783 ἂν
600 733 694 786 καὶ
746 738 919 789 νοοῖτο
965 739 1103 811 πρὸς
1140 741 1299 812 ἡμῶν
1331 745 1361 797 6
1408 749 1700 820 παραπλη-

133 815 260 880 σίως
288 821 422 890 ἡμῖν
450 825 805 896 μετεσχηκὼς
846 830 1078 900 αἵματος
1100 834 1192 886 καὶ
1223 837 1443 908 σαρκὸς,
1481 815 1555 904 ὧς
1585 815 1702 894 ἓτε-

135 909 325 1003 ροςγῶν
359 915 488 984 παρ’
520 916 665 986 ἡμᾶς
699 919 842 973 κατὰ
875 923 1069 990 φύσιν;
1099 926 1172 979 Οὑ
1198 927 1307 999 γάρ
1337 945 1418 982 τοι
1454 933 1588 1003 φαίη
1617 950 1704 997 τις

132 998 196 1052 ἂν
221 1001 492 1075 ἀνθρώπῳ
524 1007 778 1078 πρέπειν,
827 1012 886 1064 τὸ
932 998 1346 1087 ἀνθρωπότητος
1389 998 1698 1093 μετασγεω.

137 1093 200 1144 Ὅ
229 1095 338 1164 γάρ
381 1097 499 1150 ἐστι
543 1100 684 1154 κατὰ
725 1103 908 1171 φύσιν,
938 1106 1055 1170 πῶς
1083 1108 1148 1163 ἄν
1175 1127 1259 1174 τις
1292 1115 1464 1166 νοοῖτο
1495 1113 1700 1184 λαϐὼν,

131 1184 205 1244 ὼς
250 1187 435 1258 ἕτερον
476 1190 535 1243 δν
579 1209 632 1245 τι
666 1196 795 1268 παρ’
835 1199 972 1270 ὅπερ
1012 1201 1187 1268 ἐστίν;
1215 1198 1341 1275 'Ap‘
1379 1206 1439 1258 οὐ
1481 1207 1616 1260 πολὺ
1644 1209 1703 1264 τὸ

131 1279 276 1343 εἰκὸς
302 1283 329 1334 6
361 1282 514 1352 λόγος
545 1285 693 1356 exet;

200 1459 261 1513 B.
302 1461 452 1514 Πάνυ
490 1463 586 1533 μὲν
619 1458 731 1518 οὖν.

200 1552 263 1606 Α.
301 1553 493 1624 ’Λθρει
514 1555 570 1608 δὲ
603 1557 666 1628 δὴ
708 1559 801 1612 καὶ
849 1559 1071 1632 ἑτέρως,
1111 1564 1187 1628 ὡς
1235 1565 1452 1622 ἀνόσιόν
1482 1569 1540 1624 τέ
1590 1571 1705 1625 ἐστι

131 1647 225 1699 καὶ
263 1649 500 1720 ἀπηχὲς.
533 1653 595 1705 τὸ
622 1654 867 1728 ἀναιρεῖν
901 1659 1197 1730 πειρᾶσθαι
1227 1662 1321 1716 τοῦ
1353 1664 1489 1718 Θεοῦ
1527 1667 1702 1736 Λόγου

129 1738 228 1806 τὴν
284 1741 348 1792 ὲκ
380 1745 638 1809 γυναικὸς
695 1749 837 1802 κατὰ
894 1751 1070 1822 σάρκα
1117 1754 1390 1826 γέννησιν.
1444 1757 1562 1811 Τίνι
1597 1760 1705 1831 γὰρ

1800 584 1933 627 rem.

1872 662 1932 720 Β.
1963 664 2205 736 Intelligo
2224 667 2353 736 quid
2385 668 2540 723 velis.

1870 755 1938 810 A.
1975 756 2109 822 Quis
2135 773 2262 812 vero
2294 758 2626 829 intelligatur
2657 775 2686 814 a
2718 760 2873 814 nobis
2899 761 2990 830 qui
3021 761 3244 832 perinde
3295 771 3376 816 at-

1802 862 1906 917 que
1928 862 2025 902 nos
2051 849 2332 918 sanguinis
2382 865 2448 905 ac
2504 851 2688 905 carnis
2726 851 2995 922 particeps
3047 851 3224 908 factus
3280 855 3374 918 sit,

1804 946 2057 1008 tanquam
2093 939 2340 994 diversus
2367 955 2396 994 a
2429 940 2584 995 nobis
2613 941 2907 996 secundum
2953 943 3243 996 naturam?
3273 943 3378 998 Ne-

1802 1039 1907 1094 que
1932 1026 2076 1081 enim
2109 1029 2373 1097 quispiam
2413 1029 2930 1085 dixeritcouvenire
2989 1030 3220 1098 homini,
3281 1032 3382 1085 lm-

1803 1118 2080 1172 manitatis
2119 1120 2436 1190 participem
2493 1119 2788 1175 ﬁeri.Nam
2834 1121 2886 1174 id
2927 1122 3070 1191 quod
3106 1122 3378 1189 naturali-

1807 1219 1888 1263 ter
1918 1217 2025 1275 est,
2051 1225 2160 1280 quo
2189 1222 2347 1280 pacto
2388 1212 2511 1282 quis
2541 1212 2817 1282 accepisse
2852 1211 3206 1282 intelligatur,
3226 1213 3378 1280 quasi

1804 1300 1948 1355 aliud
1971 1302 2041 1355 sit
2063 1317 2222 1370 quam
2247 1305 2388 1372 quod
2414 1305 2539 1360 est?
2580 1301 2770 1360 Nonne
2817 1303 2914 1359 tibi
2973 1312 3380 1359 consentaneus

1804 1405 1934 1447 vero
1961 1407 2140 1448 sermo
2173 1410 2324 1450 meus
2347 1397 2599 1452 videtur?

1875 1482 1935 1537 Β.
1967 1483 2218 1541 Omnino.

1873 1576 1936 1632 A.
1969 1579 2102 1633 Vide
2125 1588 2306 1634 autem
2330 1581 2494 1634 etiam
2539 1581 2641 1637 alia
2695 1581 2907 1638 ratione
2929 1595 3091 1652 quam
3126 1581 3375 1651 impium,

1805 1683 2074 1738 quamque
2099 1671 2391 1726 absurdum
2419 1673 2489 1727 sit
2515 1672 2677 1728 Verbi
2724 1689 2789 1730 ex
2823 1674 3048 1730 muliere
3074 1672 3374 1729 secundum

1805 1773 2026 1814 carnem
2057 1761 2391 1816 nativitatem
2425 1763 2612 1819 tollere
2649 1765 2856 1818 conari.
2893 1764 3010 1830 Quo
3047 1765 3193 1819 enim
3223 1773 3382 1834 pacto

130 1831 315 1902 τρόπῳ
347 1832 736 1907 ζωοποιήσειεν
760 1839 824 1894 ἂν
851 1842 913 1894 τὸ
947 1842 1107 1914 σῶμα
1145 1846 1331 1913 αὐτοῦ,
1366 1851 1413 1902 εἰ
1444 1850 1518 1922 μὴ
1554 1852 1702 1906 ἔστιν

1823 1850 2082 1907 riviticare
2112 1857 2281 1922 possit
2313 1868 2509 1923 corpus
2537 1870 2716 1920 suum,
2750 1856 2851 1911 nisi
2874 1855 2946 1910 sit
2989 1855 3268 1925 proprium
3297 1855 3381 1924 ip-

133 1921 262 1974 ῖδιον
289 1923 474 1986 αὑτοῦ,
501 1925 558 1988 ὃς
585 1928 702 1979 ἐστι
739 1927 886 1999 {cui};
920 1929 1038 1994 πῶς
1070 1932 1129 1985 τὸ
1152 1929 1291 2003 αἷμα
1331 1921 1515 2006 Ἰησοῦ
1535 1937 1707 1992 καθα-

136 2014 270 2084 ρίζει
298 2017 448 2085 ἡμᾶς
476 2017 584 2070 ἀπὸ
611 2021 791 2090 πάσης
822 2023 1114 2094 ἁμαρτίας,
1137 2025 1297 2096 εἴπερ
1325 2028 1476 2080 ἐστὶν
1497 2029 1710 2101 ἀνθρώ-

131 2124 234 2159 που
257 2108 437 2160 κοινοῦ
473 2111 568 2163 καὶ
592 2111 745 2175 ὄντος
774 2114 865 2183 ὑφ’
897 2116 1207 2186 ἁμαρτίαν;
1241 2119 1360 2183 πῶς
1383 2121 1708 2175 ἀπέστειλεν

128 2198 157 2247 6
187 2198 319 2261 Θεὸς
353 2202 445 2253 καὶ
474 2204 664 2273 Πατὴρ
691 2204 780 2257 τὸν
813 2207 940 2258 Υἱὸν
962 2208 1151 2272 αὑτοῦ,
1184 2211 1476 2282 γενόμενον
1514 2213 1578 2266 ὲκ
1607 2231 1709 2282 γυ-

131 2290 340 2353 ναικὸς,
374 2294 663 2363 γενόμενον
721 2297 826 2350 ὑπὸ
873 2299 1071 2369 νόμον;
1115 2301 1230 2366 πῶς
1277 2304 1565 2375 κατέκρινε
1610 2306 1710 2377 τὴν

131 2382 408 2452 ἁμαρτίαν
439 2385 497 2436 ὲν
526 2390 592 2457 τῇ
624 2390 822 2458 σαρκί;
851 2392 926 2444 Οὐ
954 2393 1062 2464 γὰρ
1093 2389 1162 2464 ἦν
1184 2395 1473 2467 ἀνθρώπου
1503 2398 1708 2464 κοινοῦ,

133 2474 226 2525 καὶ
278 2479 718 2550 τυραννουμένην
781 2481 999 2552 ἔχοντος
1061 2487 1180 2555 μεθ’
1240 2487 1396 2557 ἡμῶν
1453 2489 1559 2542 ὑπὸ
1611 2491 1711 2561 τῆς

132 2565 405 2638 ἁμαρτίαις
447 2569 546 2638 τὴν
584 2571 768 2639 φύσιν,
811 2575 873 2627 τὸ
915 2580 1242 2648 κατακρῖναι
1279 2579 1377 2649 τὴν
1411 2581 1708 2652 ἁμαρτίαν.

145 2659 298 2710 Ἐπεὶ
322 2659 377 2712 δὲ
411 2661 570 2732 σῶμα
615 2665 808 2733 γέγονε
854 2667 950 2720 τοῦ
984 2669 1323 2740 πλημμελεῖν
1362 2673 1462 2726 οὐκ
1488 2675 1710 2741 εἰδότος,

141 2749 390 2821 εαύτῃτοι
434 2755 528 2806 καὶ
568 2757 713 2825 μάλα
751 2761 976 2825 εἰκότως
1005 2761 1104 2834 τὴν
1143 2764 1245 2833 τῆς
1289 2766 1565 2839 ἁμαρτίας
1608 2769 1713 2820 ἀπ-

134 2843 384 2896 εσείσατο
425 2849 737 2918 τυραννίδα,
780 2853 874 2904 καὶ
923 2855 1023 2924 τὴν
1072 2855 1307 2925 ἰδιότητα
1365 2859 1588 2911 πλουτεί
1618 2860 1710 2913 τοῦ

133 2934 429 3003 ἀφράστως
456 2940 592 3010 αὐτῇ
643 2943 738 2994 καὶ
770 2945 846 3005 ὡς
885 2945 985 2998 οὐκ
1013 2945 1160 2999 ἔστιν
1192 2947 1481 3013 ἐνωθέντος
1511 2950 1710 3018 Λόγου,

135 3026 293 3093 ἅγιόν
339 3033 531 3112 τεκαὶ
587 3032 850 3096 ζωοποιόν
907 3039 1046 3099 ἐστι.
1094 3041 1186 3093 καὶ
1235 3043 1333 3111 τῆς
1377 3041 1714 3113 θεοπρεποῦς

135 3120 418 3189 ἐνεργείας
447 3122 720 3192 ἔμπλεων.
759 3128 846 3190 Ὠς
879 3130 936 3181 ὲν
966 3130 1189 3202 ἀπαρχῇ
1223 3133 1279 3185 δὲ
1308 3134 1548 3204 Χριστῷ,
1588 3151 1713 3204 μετ-

136 3215 563 3284 εστοιχειώμεθα
593 3219 688 3270 καὶ
709 3221 892 3289 ἡμεῖς,
917 3224 998 3285 εἰς
1023 3223 1084 3276 τὸ
1107 3221 1244 3276 εἶναι
1274 3227 1367 3278 καὶ
1392 3226 1597 3298 φθορᾶς
1620 3227 1717 3281 καὶ
1744 3207 1786 3263 C

136 3306 418 3375 ἁμαρτίας
449 3309 778 3377 κρείττονες.
803 3313 914 3364 Καὶ
943 3313 1163 3382 ἀληθὲς,
1196 3316 1298 3381 ὅτι,
1324 3317 1466 3371 κατὰ
1495 3318 1594 3388 τὴν
1623 3319 1716 3371 τοῦ

139 3399 413 3468 μακαρίου
460 3400 671 3452 Παύλου
704 3405 908 3471 φωνὴν,
949 3423 966 3454 ι
998 3405 1575 3477 Ὣσπερὲφορέσαμεν
1621 3407 1719 3476 τὴν

135 3490 326 3542 εἰκόνα
369 3491 463 3540 τοῦ
512 3492 728 3560 χοϊκοῦ,
764 3493 1072 3565 φορέσομεν
1105 3497 1198 3550 καὶ
1246 3497 1344 3567 τὴν
1399 3499 1584 3552 εἰκόνα
1623 3498 1718 3551 τοῦ

137 3579 487 3648 ἐπουρανίου,
525 3601 543 3632 ι
571 3583 817 3635 τουτέστι
850 3584 1106 3654 Χριστοῦ.
1145 3587 1492 3658 Ἐπουράνιος
1529 3588 1585 3640 δὲ
1629 3588 1721 3642 ἄν-

138 3670 362 3740 θρωπος
388 3673 586 3724 νοεῖται
621 3673 881 3745 Χριστὸς,
907 3676 1112 3746 οὐχιὼς
1143 3678 1348 3732 ἄνωθεν
1371 3681 1502 3750 ἡμῖν
1533 3682 1629 3733 καὶ
1663 3681 1721 3748 ἐξ

135 3761 375 3833 οὐρανοῦ
409 3764 508 3834 τὴν
545 3765 723 3837 σάρκα
767 3769 1135 3837 κατενεγκὼν,
1178 3771 1295 3824 ἀλλ’
1326 3773 1409 3824 ὅτι
1435 3772 1570 3836 Θεὸς
1594 3772 1670 3826 ὢν
1695 3776 1724 3826 ὀ

139 3860 338 3927 Λόγος,
368 3859 745 3928 καταϐέϐηκεν
779 3861 837 3926 ἐξ
858 3862 1125 3933 οὐρανῶν.
1151 3863 1246 3916 καὶ
1280 3864 1379 3936 τὴν
1407 3866 1542 3936 πρὸς
1575 3869 1724 3937 ἡμᾶς

142 3951 406 4022 ὁμοίωσιν
435 3952 702 4019 ὑπελθὼν,
725 3954 996 4018 τουτέστι,
1021 3955 1275 4024 γέννησιν
1304 3958 1604 4027 ὑπομείνας
1625 3961 1725 4030 τὴν

143 4043 288 4096 κατὰ
320 4043 494 4114 σάρκα
523 4045 586 4097 ὲκ
606 4046 883 4113 γυναικὸς,
906 4047 1220 4117 μεμένηκεν
1248 4050 1382 4120 ὅπερ
1413 4048 1501 4122 ἦν,
1521 4051 1725 4104 ἄνωθεν

142 4140 392 4210 δηλονότι
413 4143 507 4194 καὶ
541 4141 600 4206 ἐξ
620 4144 884 4213 οὐρανῶν,
909 4144 1004 4197 καὶ
1037 4144 1220 4197 ἐπάνω
1240 4146 1456 4199 πάντων
1477 4147 1553 4210 ὡς
1572 4148 1724 4213 Θεὸς,

145 4237 246 4289 καὶ
279 4236 416 4306 μετὰ
447 4237 669 4307 σαρκός.
711 4237 867 4290 Οὕτω
911 4238 1020 4310 γάρ
1066 4237 1168 4292 πού
1192 4256 1356 4311 φησιν
1383 4241 1411 4293 ὀ
1441 4239 1728 4305 θεσπέσιος

160 4330 416 4399 Ἰωάννης
440 4331 569 4401 περὶ
594 4331 782 4384 αὑτοῦ·
817 4352 834 4382 ι
875 4314 1173 4386 Ὀιᾶνωθεν
1205 4335 1521 4404 ἐρχόμενος,
1542 4336 1728 4390 ἐπάνω

151 4422 372 4475 πάντων
413 4423 580 4476 ἐστίν.
614 4441 632 4474 ι
679 4424 1095 4495 Ἀπομεμένηκε
1145 4426 1252 4498 γὰρ
1285 4427 1396 4479 τῶν
1436 4427 1572 4480 ὅλων
1617 4429 1730 4482 Κό-

1809 1941 1943 2005 sius,
1970 1941 2060 2011 qui
2084 1951 2166 1997 est
2189 1943 2334 1997 vita?
2354 1955 2449 1998 aut
2469 1945 2738 2013 quomodo
2762 1943 2985 2014 sanguis
3006 1943 3210 1998 Christi
3228 1959 3383 1996 mun-

1809 2031 1960 2088 dabit
2023 2049 2120 2090 nos
2172 2034 2239 2088 ab
2277 2034 2424 2089 omni
2475 2043 2718 2104 peccato,
2749 2033 2910 2104 723
2950 2033 2994 2088 si
3047 2033 3120 2087 sit
3150 2031 3386 2087 hominis

1807 2127 2110 2182 communis
2137 2135 2191 2181 et
2213 2137 2440 2196 peccato
2463 2126 2682 2181 obnoxii
2706 2126 2730 2180 ?
2768 2141 2877 2196 quo
2893 2133 3048 2194 pacto
3078 2123 3227 2178 misit
3246 2122 3386 2178 Deus

1808 2234 1872 2276 ac
1891 2219 2052 2274 Pater
2077 2217 2270 2272 Filium
2299 2233 2456 2271 suum
2489 2218 2690 2272 factum
2741 2233 2806 2271 ex
2865 2214 3110 2281 muliere,

1809 2313 1909 2367 sub
1942 2312 2056 2381 lege
2074 2313 2155 2365 “‘1
2174 2312 2440 2382 quomodo
2467 2311 2789 2365 condemnat
2807 2316 3085 2379 peccatum
3117 2305 3172 2361 in
3199 2305 3388 2362 carne?

1809 2401 1994 2472 Neque
2021 2405 2163 2457 enim
2203 2413 2320 2456 erat
2347 2402 2580 2456 hominis
2601 2400 2865 2471 vulgaris,
2897 2410 2953 2455 et
2976 2397 3130 2468 cujus
3185 2407 3378 2452 natura

1811 2512 1917 2551 una
1947 2495 2222 2550 nobiscum
2252 2495 2353 2549 sub
2380 2493 2586 2564 peccati
2620 2493 2848 2561 imperio
2881 2507 2944 2545 ac
2975 2489 3104 2560 jugo
3157 2488 3386 2543 teneba-

1813 2597 1918 2655 tur,
1943 2590 2305 2644 coudenmare
2332 2585 2780 2658 peceatum.Cum
2805 2601 2935 2641 vero
2958 2601 3154 2655 corpus
3186 2583 3387 2639 factum

1812 2680 1886 2734 sit
1915 2680 2030 2750 ejus
2059 2680 2149 2749 qui
2176 2690 2454 2750 peccatum
2488 2695 2592 2734 non
2631 2679 2800 2745 novit,
2830 2677 3054 2739 idcirco,
3090 2683 3146 2731 et
3172 2675 3388 2745 quidem

1812 2773 2016 2840 optimo
2042 2773 2162 2842 jure
2192 2774 2394 2841 peccati
2453 2772 2792 2842 tyrannidem
2832 2770 3092 2837 excussit,
3145 2784 3390 2824 commu-

1814 2864 2118 2932 nicatisque
2145 2879 2267 2918 cum
2295 2865 2386 2918 illo
2423 2863 2842 2933 proprietatibus
2873 2861 3037 2918 Verbi
3097 2861 3239 2931 quod
3301 2859 3388 2914 iu-

1813 2952 2010 3009 eli'abili
2045 2956 2202 3010 modo
2225 2957 2328 3026 ipsi
2356 2956 2564 3010 unitum
2595 2965 2700 3021 est,
2730 2965 2977 3011 sanctum
3012 2969 3076 3010 ac
3104 2954 3380 3010 vivilicum

1814 3048 2064 3103 eﬂ'ectum
2123 3060 2227 3112 est,
2272 3058 2327 3104 et
2379 3048 2578 3102 divina:
2619 3049 2895 3104 facultatis
2944 3047 3387 3118 operationisque

1815 3147 2056 3216 plenum.
2081 3144 2189 3199 Nos
2218 3159 2346 3198 vero
2364 3144 2416 3196 in
2439 3143 2655 3198 Christo
2679 3153 2932 3212 tauquam
2950 3140 3201 3208 primitiis
3220 3151 3394 3195 trans-

1821 3235 2034 3289 formati
2080 3235 2240 3288 etiam
2270 3249 2478 3297 sunms,
2508 3241 2563 3286 et
2597 3231 2817 3285 interitu
2848 3241 3012 3299 atque
3059 3237 3280 3298 peccato
3301 3243 3396 3282 su-

1820 3327 2062 3397 periores
2093 3324 2369 3379 declarati.
2405 3324 2482 3379 Ae
2501 3339 2682 3377 verum
2704 3325 2924 3376 omnino
2949 3329 3054 3384 est,
3076 3320 3229 3391 juxta
3252 3319 3393 3374 beati

1821 3416 2337 3480 Paulisenteutiatn,
2369 3415 2510 3484 quod
2559 3433 2576 3466 ι
2620 3412 3092 3480 Quemadmodum
3145 3411 3398 3479 portavi—

1823 3527 1943 3564 mus
1974 3509 2259 3579 imaginem
2291 3506 2513 3572 terreui,
2540 3507 2874 3574 portabimus
2908 3504 3068 3557 etiam
3107 3501 3396 3572 imaginem

1824 3602 2081 3668 caelestis,
2111 3602 2156 3634 ⁸⁷
2188 3621 2208 3655 ι
2248 3600 2352 3655 hoc
2373 3609 2478 3665 est,
2509 3597 2734 3653 Christi.
2763 3595 3019 3651 Caelestis
3043 3601 3219 3648 autem
3241 3593 3400 3648 boum

1825 3695 2143 3766 intelligitur
2165 3692 2447 3757 Christus;
2482 3707 2589 3746 non
2623 3700 2878 3760 tanquam
2898 3701 3132 3757 superne
3159 3695 3322 3754 atque
3363 3702 3418 3738 at

1826 3787 1965 3842 caelo
2015 3800 2235 3842 carnem
2262 3787 2327 3840 ad
2361 3800 2458 3841 nos
2491 3782 2774 3847 detulerit,
2809 3781 2904 3837 sed
2947 3780 3090 3851 quod
3135 3779 3276 3834 Deus
3303 3795 3400 3832 ea-

1825 3880 2024 3934 sistens
2055 3877 2310 3940 Verbum,
2339 3876 2671 3931 descendite
2699 3873 2852 3929 caelis
2872 3889 2888 3939 ;
2912 3881 2967 3928 et
2993 3871 3397 3926 similitudinem

1827 3971 1999 4025 nostri
2033 3969 2273 4033 Subiens,
2311 3969 2412 4022 hoc
2435 3975 2537 4031 est,
2555 3966 2848 4020 secundum
2874 3978 3089 4019 carnem
3121 3977 3150 4018 e
3178 3962 3402 4017 muiiere

1829 4064 1970 4115 sicut
2003 4075 2100 4114 nos
2137 4069 2320 4121 natus,
2359 4054 2657 4127 permansit
2679 4055 2732 4109 id
2759 4055 2900 4124 quod
2917 4064 3054 4120 erat,
3085 4069 3116 4109 e
3154 4054 3420 4122 supernis-

1831 4151 2083 4204 nimirum
2112 4159 2274 4218 atque
2299 4163 2331 4202 e
2361 4147 2536 4214 ccelis,
2566 4159 2621 4201 et
2647 4161 2808 4216 supra
2858 4160 3048 4201 omnes
3109 4153 3167 4197 ut
3220 4144 3361 4198 Deus
3384 4183 3420 4207 ,,

1831 4245 1994 4298 etiam
2027 4259 2147 4298 cum
2171 4257 2354 4297 carne.
2386 4241 2460 4295 Ita
2489 4240 2631 4293 enim
2668 4237 2793 4292 alibi
2822 4237 3036 4291 divinus
3057 4235 3293 4290 Joannes
3324 4237 3406 4288 in-

1831 4337 1948 4405 quit
1975 4352 1988 4387 :
2035 4353 2054 4388 ι
2083 4335 2185 4402 Qui
2221 4350 2253 4389 e
2283 4332 2532 4404 supernis
2556 4330 2725 4394 venit,
2751 4343 2910 4397 supra
2944 4342 3133 4382 omnes
3155 4335 3239 4382 est
3272 4325 3339 4380 ⁸⁸.
3383 4345 3401 4377 ι

1833 4427 2140 4482 Permansit
2199 4425 2343 4480 enim
2397 4424 2558 4478 totius
2597 4421 2836 4476 universi
2873 4418 3155 4484 Dominus,
3193 4419 3407 4472 tametsi

156 4531 293 4583 ριος,
325 4516 418 4567 καὶ
445 4516 504 4568 ὲν
545 4518 614 4587 τῇ
653 4516 748 4569 τοῦ
787 4516 977 4569 δούλου
1030 4523 1213 4590 μορφῇ
1243 4518 1482 4587 γεγονὼς
1518 4521 1718 4574 οἱκονο·

1835 4521 2045 4573 ratione
2075 4517 2464 4572 incarnationis
2492 4516 2722 4569 formam
2787 4511 2930 4566 servi
2971 4509 3262 4577 acceperit,
3323 4519 3407 4562 at-

157 4603 356 4673 μικῶς,
391 4605 483 4656 καὶ
513 4605 813 4675 παράδοξον
836 4607 1050 4676 άληθῶς
1067 4607 1154 4660 διὰ
1184 4609 1359 4662 ταῦτὰ
1387 4610 1502 4662 ἐστι
1525 4609 1584 4662 τὸ
1600 4611 1734 4681 Χρι-

154 4695 285 4748 στοῦ
324 4700 641 4769 μυστήριον.
675 4700 785 4751 Καὶ
817 4699 946 4766 γοῦν
980 4700 1082 4770 ἔφη
1116 4717 1218 4752 που
1270 4702 1405 4770 πρὸς
1447 4703 1734 4765 Ἰουδαίους

150 4790 222 4841 δι’
249 4790 364 4853 ἑνὸς
392 4791 500 4843 τῶν
533 4793 829 4862 προςητῶν
853 4795 880 4844 ὁ
909 4792 1039 4855 Θεὸς
1067 4795 1162 4846 καὶ
1186 4795 1394 4863 Πατήρ·
1423 4813 1441 4843 σ
1468 4795 1658 4857 Ἴδετε,
1683 4798 1731 4846 οἱ

153 4883 589 4952 καταφρονηταὶ,
623 4885 714 4934 καὶ
752 4885 1110 4954 ἀφανίσθητε,
1143 4886 1236 4937 καὶ
1277 4885 1622 4954 θαυμάσατε,
1649 4889 1731 4940 ὅτι

151 4973 318 5042 ἔργον
351 4973 462 5041 ἐγὼ
489 4973 792 5044 ἐργάζομαι
833 4977 890 5028 ἐν
923 4980 1042 5040 ταῖς
1077 4978 1310 5046 ἡμέραις
1344 4978 1518 5048 ὑμῶν,
1571 4979 1732 5051 ἔργον

150 5057 198 5130 ᾧ
247 5065 307 5117 οὐ
343 5065 418 5136 μὴ
461 5066 813 5136 πιστεύσητε,
842 5070 936 5122 ὲάν
977 5087 1060 5132 τις
1100 5069 1492 5141 ὲκδιηγήσηται
1528 5071 1674 5139 ὑμῖν.
1709 5089 1727 5120 ι

154 5155 512 5208 Κινδυνεῦσει
539 5155 646 5227 γὰρ
671 5158 1016 5213 ἀπιστεῖσθαι
1052 5160 1112 5214 τὸ
1137 5160 1373 5230 Χριστοῦ
1410 5163 1728 5232 μυστήριον,

152 5246 244 5300 διὰ
266 5247 363 5318 τὴν
381 5248 475 5300 τοῦ
495 5248 770 5319 θαύματος
788 5251 889 5303 ὑπε
899 5251 1117 5322 ρὸολήν.
1139 5253 1272 5315 Θεὸς
1291 5248 1359 5323 ἦν
1377 5254 1434 5305 ἐν
1452 5253 1549 5306 ἀνθ
1558 5254 1738 5324 ρωπό-

155 5355 283 5408 τητι
319 5341 410 5392 καὶ
441 5341 501 5393 ἐν
535 5344 648 5405 τοῖς
681 5343 802 5395 καθ’
843 5345 1011 5414 ἡμᾶς,
1044 5347 1072 5396 6
1114 5345 1253 5416 ὑπὲρ
1283 5349 1463 5399 πᾶσαν
1495 5347 1593 5418 τὴν
1619 5349 1737 5400 κτί-

158 5447 248 5481 σιν
270 5447 282 5459 ο
313 5432 568 5503 ἀόρατος,
593 5436 787 5504 ὁρατὸς
828 5438 968 5489 κατά
1015 5439 1212 5508 σάρκα.
1242 5440 1269 5491 ό
1292 5439 1351 5504 ἐξ
1377 5440 1604 5510 οὐρανοῦ
1644 5441 1740 5493 καὶ

160 5522 392 5587 ἄνωθεν,
438 5527 495 5577 ἐν
526 5527 654 5579 εἴδει
689 5529 795 5580 τῶν
842 5531 1064 5598 χοϊκῶν·
1119 5531 1307 5593 ἁπτὸς,
1354 5535 1382 5584 6
1415 5533 1662 5602 ἀναφὴς·
1708 5533 1736 5582 ὁ

165 5616 308 5670 κατὰ
348 5617 508 5686 φύσιν
550 5619 684 5673 ἰδίαν
737 5621 1034 5691 ἐλεύθερος,
1089 5625 1143 5674 ἐν
1193 5623 1377 5675 δούλου
1439 5627 1656 5695 μορφῇ·
1709 5625 1736 5674 6

243 5799 288 5828 ’θ
321 5798 476 5853 G.-l.:t
539 5814 607 5864 tv,
652 5798 697 5852 ι.
781 5798 870 5852 ⁵⁷1
918 5800 1038 5855 Cor.
1081 5816 1165 5865 XV,
1221 5803 1302 5856 ἆυ.

1384 5803 1426 5831 ⁸³
1453 5801 1584 5857 Joan
1656 5817 1734 5867 ιιι,
1785 5801 1869 5856 51.

1837 4629 1941 4682 que
1964 4613 2338 4666 admirandum
2365 4625 2547 4663 revera
2574 4616 2658 4662 est
2680 4608 2750 4660 ob
2782 4605 2896 4658 haec
2951 4603 3154 4658 Christi
3207 4615 3409 4671 myste—

1837 4708 1998 4761 rium.
2037 4705 2241 4759 Idcirco
2286 4702 2427 4756 Deus
2457 4716 2519 4755 ac
2552 4701 2711 4754 Pater
2755 4699 2880 4752 alibi
2935 4700 3017 4751 ad
3055 4697 3268 4752 .Iudaaos
3315 4713 3409 4766 per

1836 4798 2120 4868 quemdam
2165 4798 2480 4864 prophetam
2509 4795 2625 4848 ait:
2667 4811 2687 4845 ι
2739 4790 2951 4854 Videte,
2979 4800 3403 4861 contemptores,

1839 4899 1894 4943 et
1922 4887 2285 4952 admiramiui,
2314 4895 2367 4938 et
2394 4884 2765 4952 disperdimini
2799 4899 2815 4936 :
2862 4885 2986 4953 quia
3040 4897 3175 4952 Opus
3212 4895 3410 4949 operor

1839 4996 1939 5049 ego
1974 4981 2026 5032 in
2049 4979 2237 5051 diebus
2266 4977 2480 5039 vestris,
2519 4991 2653 5044 Opus
2714 4977 2856 5045 quod
2920 4989 3025 5027 non
3080 4971 3300 5026 creditis
3366 4974 3409 5026 si

1839 5071 1960 5138 quis
1987 5069 2325 5125 enarraverit
2353 5069 2505 5123 vobis
2529 5067 2592 5120 ⁵³.
2620 5085 2638 5118 ι
2669 5065 2975 5120 Periculum
2999 5064 3144 5119 enim
3182 5063 3288 5117 erit
3345 5079 3411 5117 ne

1843 5162 2132 5231 derogetur
2178 5161 2312 5216 ﬁdes
2345 5160 2605 5231 mysterio
2639 5158 2866 5224 Christi,
2901 5158 2970 5211 ob
3000 5156 3243 5209 miraculi
3293 5171 3407 5208 ma-

1840 5252 2198 5321 gnitudinem.
2235 5249 2374 5304 Deus
2406 5257 2523 5303 erat
2563 5249 2723 5301 homo
2762 5245 2930 5299 nostri
2961 5243 3155 5298 similis
3200 5241 3407 5305 factus,

1841 5342 1933 5411 qui
1971 5357 2128 5410 supra
2164 5357 2378 5396 omnem
2411 5352 2716 5395 creaturam
2737 5347 2847 5404 est;
2911 5335 3218 5401 invisibilis,
3240 5335 3413 5387 factus

1842 5444 1924 5486 est
1951 5435 2173 5487 visibilis
2207 5433 2504 5487 secundum
2540 5447 2790 5486 carnem:
2826 5431 2918 5500 qui
2967 5445 3030 5482 ex
3087 5427 3224 5482 caelo
3255 5437 3413 5495 atque

1843 5545 1872 5580 e
1910 5528 2179 5595 superuis,
2213 5526 2438 5581 formum
2495 5525 2830 5580 terrestrium
2893 5523 3098 5575 induit:
3141 5520 3414 5589 tangibilis

1845 5633 1944 5683 est,
1988 5620 2077 5689 qui
2116 5621 2259 5688 tangi
2304 5618 2487 5687 nequit
2526 5635 2540 5672 :
2575 5617 2664 5687 qui
2706 5633 2771 5669 ex
2833 5615 3048 5684 propria
3093 5628 3185 5668 sua
3221 5621 3412 5665 natura

1952 5804 1992 5834 ⁸⁹
2039 5803 2238 5857 llabac.
2289 5818 2325 5865 ι,
2367 5801 2426 5866 5,
2484 5804 2596 5855 Art.
2633 5815 2750 5867 xm,
2793 5798 2880 5852 41.

3184 2215 3384 2269 factum
3473 2219 3478 2223 ’
