3846 6210
499 325 624 382 1271
1472 322 1532 382 S.
1572 323 1850 381 CYRILLI
1888 319 2356 377 ALEXANDRINI
2396 321 2716 379 ARCHIEP.
3579 327 3685 381 {272

497 444 631 499 tiber
651 452 756 509 est,
797 445 936 500 servi
973 446 1197 501 formam
1218 444 1425 515 accepit
1459 461 1474 498 :
1507 444 1599 515 qui
1658 442 1923 499 creaturis
1974 442 2016 498 bi

2172 443 2411 514 εὐλογῶν
2442 444 2540 515 τὴν
2584 444 2781 508 κτίσιν,
2813 444 3107 516 ἐπάρατος,
3140 446 3235 500 καὶ
3264 445 3324 498 δν
3350 446 3459 508 τοῖς
3487 444 3684 516 ἀνόμοις,

496 536 720 599 nedicit,
752 535 929 591 factus
960 547 1045 592 est
1080 536 1465 601 exsecrabilis;
1504 543 1925 603 numeratusque
1979 548 2015 587 e:

2169 538 2202 607 ἡ
2240 539 2387 591 πᾶσα
2413 537 2752 609 δικαιοσύνη,
2776 540 2870 592 καὶ
2892 541 2949 591 ὲν
2986 539 3203 610 δοκήσει
3249 538 3473 593 Θανάτου
3507 539 3686 607 γέγονεν

494 640 633 683 inter
656 631 1093 699 praevaricatores
1134 631 1265 700 legis
1288 632 1333 685 is
1360 630 1452 699 qui
1480 638 1563 684 est
1610 629 1787 683 omnis
1828 628 2013 696 justiti:

2167 629 2200 700 ὴ
2232 628 2343 699 ζωή
2393 630 2466 683 Οὐ
2504 630 2612 701 γὰρ
2644 625 2711 700 ἦν
2735 631 2922 700 ἐτέρου
2944 630 3109 697 τινὸς,
3141 630 3306 683 αὑτοῦ
3327 630 3384 683 δὲ
3419 630 3593 700 μᾶλλον
3613 630 3685 685 τοῦ

494 724 999 793 mortemquesubiit
1036 727 1146 779 vita
1168 726 1303 795 ipsa.
1332 724 1515 793 Neque
1530 726 1672 779 enim
1696 736 1809 781 erat
1837 724 2011 778 alterit

2169 719 2311 772 κατὰ
2355 720 2517 788 φύσιν
2546 719 2700 784 Υίοῦ,
2736 720 2797 773 τὸ
2823 720 2919 774 τοῦ
2942 720 3172 775 θανάτου
3193 723 3516 791 γευσάμενον
3544 722 3684 792 σῶμα.

492 813 808 885 cuiuspiam,
830 818 921 870 sed
956 818 1133 885 potius
1161 817 1331 887 ipsius
1369 818 1660 872 secundum
1692 826 1939 871 naturam
1967 813 2008 867 F

2168 805 2293 882 ’Ἆρ’
2338 810 2413 873 ὡς
2444 812 2546 864 οὐκ
2582 807 2640 864 εὗ
2673 811 2974 879 γεγονόσιν,
3023 812 3189 882 ἡγουν
3233 811 3370 881 πρὸς
3402 812 3545 882 ἡμῶν
3567 814 3687 883 εἰρη-

491 903 543 956 lii
573 919 792 973 corpus,
817 906 869 961 id
889 908 1034 975 quod
1060 918 1286 962 mortem
1315 906 1478 980 724,
1510 910 1696 965 subiit.
1752 909 1908 963 Anne
1930 924 2010 962 vel

1659 919 1696 965 t.
1752 909 1908 963 Anne
1930 923 2059 962 vero
2168 902 2353 972 μένοις
2376 901 2521 973 ἔχεις
2552 922 2601 956 τι
2638 904 2849 968 τούτοις
2876 904 3168 975 ἐπιτιμᾷ-ις

490 1003 748 1063 tanquam
791 1012 896 1052 non
932 1009 1077 1053 recte
1109 999 1287 1064 factis,
1331 1004 1443 1057 sive
1490 1018 1518 1055 a
1571 1002 1728 1057 nobis
1752 1002 1929 1065 dictis,
1960 999 2058 1054 ali-

488 1085 615 1154 quid
645 1086 812 1142 habes
850 1090 994 1157 quod
1020 1090 1103 1145 his
1136 1093 1398 1159 objicias?

553 1174 617 1231 Β.
658 1180 1030 1248 Nequaquam.

2234 1172 2294 1225 Β.
2336 1168 2598 1240 Οὐδαμῶς

551 1269 619 1322 Α.
660 1268 925 1326 Caeterum
969 1275 1070 1329 hoc
1099 1275 1228 1328 mihi
1265 1287 1525 1345 praeterea
1593 1277 1981 1332 animadverte.

1895 1285 1981 1331 rte,
2235 1266 2300 1318 A.
2337 1263 2529 1334 Ἀθρει
2558 1262 2620 1331 δή
2654 1278 2742 1330 μοι
2774 1261 2993 1314 κάκεῖνο
3023 1258 3157 1329 πρὸς
3186 1256 3414 1320 τούτοις.

553 1358 615 1414 B.
639 1360 925 1431 Quidnam,
949 1365 1211 1421 obsecro?

2232 1356 2293 1408 Β.
2338 1354 2411 1407 Τὸ
2438 1353 2491 1406 τί
2518 1351 2582 1423 δὴ
2609 1352 2750 1420 φής;

556 1452 618 1502 Α.
647 1450 890 1507 Christus
944 1454 1140 1509 alicubi
1201 1457 1267 1511 ad
1332 1473 1425 1512 eos
1463 1458 1552 1527 qui
1599 1460 2051 1515 resurrectionem

2232 1449 2298 1500 A.
2343 1446 2487 1515 Ἔφη
2525 1460 2628 1495 που
2660 1442 2894 1513 Χριστὸς
2925 1443 3037 1505 τοῖς
3074 1441 3316 1509 ἀναιρεῖν
3356 1436 3585 1491 ἐθέλουσι
3619 1435 3699 1505 τὴν

484 1552 817 1598 mortuorum
861 1546 1047 1602 tollere
1098 1548 1368 1614 nituntur,
1391 1551 1528 1604 dixit
1566 1569 1577 1603 :
1614 1570 1632 1602 ‹
1692 1549 1809 1605 Non
1848 1552 2003 1622 legist

2180 1541 2458 1595 ὶνάστασιν
2496 1535 2603 1589 τῶν
2638 1535 2876 1605 νεκρῶν
2915 1552 2933 1585 ι
2964 1534 3079 1586 Οὐκ
3107 1532 3398 1599 ἀνέγνωτε,
3422 1530 3543 1581 ὅτιὸ
3572 1529 3699 1595 ποιή-

482 1633 607 1700 quia
628 1635 718 1703 qui
749 1636 873 1691 fecit
904 1639 1175 1694 hominem
1219 1644 1285 1695 ab
1313 1642 1486 1706 initio,
1531 1643 1828 1697 masculum
1886 1617 1939 1698 et
1973 1643 2001 1696 ll

2184 1642 2261 1689 ιας
2289 1625 2381 1678 τὸν
2410 1623 2695 1693 ἄνθρωπον
2720 1622 2778 1673 ὲν
2802 1621 3019 1691 ἀρχαῖς,
3058 1621 3224 1691 ἄρσεν
3260 1618 3355 1671 καὶ
3383 1617 3511 1687 θῆλυ
3543 1617 3703 1685 ἐποίη-

481 1723 681 1778 minam
739 1728 1072 1784 leciteos“?
1135 1750 1153 1783 ι
1213 1732 1412 1786 Scribit
1459 1749 1588 1789 vero
1647 1735 1810 1789 etiam
1840 1735 2000 1788 divini

2179 1736 2253 1771 rev
2278 1714 2509 1780 αὐτούς
2545 1734 2563 1765 ι
2618 1713 2823 1785 Γράφει
2861 1713 2918 1767 δὲ
2959 1714 3053 1767 καὶ
3098 1714 3126 1765 6
3155 1711 3439 1774 θεσπέσιος
3486 1708 3698 1771 Παῦλος·

484 1813 714 1871 Paulus:
750 1838 767 1869 ι
793 1819 1113 1877 llonorabile
1136 1825 1465 1879 connubium
1505 1826 1558 1879 in
1586 1826 1857 1892 omnibus,
1889 1835 1943 1880 et
1970 1835 2003 1882 ll

2209 1808 2402 1878 Τίμιος
2428 1807 2458 1859 6
2485 1806 2662 1876 γάμος
2679 1808 2736 1857 ἐν
2753 1805 2906 1868 πᾶσι,
2932 1804 3026 1855 καὶ
3042 1803 3075 1873 ἡ
3092 1800 3245 1871 κοίτη
3270 1798 3541 1870 ἀμίαντος.
3555 1817 3571 1847 ι
3587 1793 3702 1892 ΔΕἶτα

482 1918 574 1958 rus
619 1909 995 1965 tmmaculatus
1024 1912 1088 1967 ⁶¹.
1129 1931 1147 1963 ι
1204 1912 1322 1980 Quo
1349 1924 1505 1983 pacto
1544 1931 1672 1970 vero
1702 1916 1996 1987 runigenitu

2180 1900 2275 1962 τῶς
2310 1900 2338 1951 6
2383 1896 2675 1968 μονογενὴς
2709 1893 2798 1948 τοῦ
2838 1892 2972 1946 Θεοῦ
3017 1893 3209 1959 Λόγος,
3251 1889 3347 1960 τὴν
3402 1889 3534 1987 πρὸς
3577 1888 3699 1987 ἡμας

481 1994 572 2048 Dei
600 1995 850 2063 Verbum,
875 2017 994 2055 cum
1038 2015 1281 2058 nostram
1311 2006 1715 2062 similitudinem
1737 2009 1919 2063 subire
1951 2024 2000 2064 ve

2181 1991 2413 2062 ιμοίωσιν
2452 1986 2697 2041 ἐπελθεῖν
2731 1986 3015 2057 ἐθελήσας,
3052 1985 3113 2037 οὐ
3160 1987 3271 2047 τοῖς
3318 1985 3422 2053 τῆς
3450 1980 3700 2051 ἀνθρωπό-

480 2089 576 2151 let,
603 2092 669 2142 ad
692 2093 1133 2152 constitutionem
1164 2100 1276 2152 sive
1299 2102 1701 2169 generationem
1722 2116 1833 2155 suae
1850 2104 1999 2155 carni

2180 2096 2316 2151 ῖητος
2346 2080 2532 2148 νόμοις
2561 2078 2731 2147 ἐφῆκε
2758 2080 2998 2147 κρατεῖν,
3039 2076 3119 2138 εἰς
3154 2073 3436 2137 σύστασιν,
3462 2074 3570 2142 ἦτοι
3596 2072 3699 2138 γέν-

479 2180 728 2237 humanae
757 2198 962 2241 natura:
991 2188 1134 2258 leges
1187 2190 1369 2246 valere
1421 2192 1627 2247 noluit?
1679 2191 1863 2262 Neque
1909 2194 1994 2247 eni

2182 2191 2310 2245 νησιν
2340 2176 2439 2244 τῆς
2466 2172 2601 2235 ἰδίας
2628 2169 2793 2223 αὑτοῦ
2820 2168 3021 2240 σαρκός
3046 2185 3058 2233 ;
3096 2169 3168 2221 Οὐ
3203 2169 3311 2238 γὰρ
3347 2169 3412 2219 ὲκ
3436 2166 3607 2233 κοίτης
3628 2164 3701 2217 καὶ

477 2285 542 2323 ex
577 2280 694 2328 toro
718 2285 771 2330 et
802 2279 1050 2349 conjugio
1076 2282 1226 2336 nasci
1252 2283 1441 2349 voluit,
1484 2286 1577 2339 sed
1610 2300 1676 2339 ex
1709 2285 1930 2355 Virgine
1950 2287 1996 2339 vi

2181 2266 2350 2336 ’ἁμων
2392 2263 2651 2333 ¹ὴνέσχετο
2696 2261 2879 2315 λαϐεῖν
2924 2262 3131 2331 αὐτὴν,
3176 2260 3292 2314 ἀλλ’
3344 2262 3411 2313 ἐκ
3458 2260 3700 2330 Παρθένου

477 2362 691 2428 nescia,
731 2348 1040 2438 prmgnante
1088 2385 1153 2424 ex
1224 2370 1452 2442 Spiritu.
1515 2348 1880 2429 obumbrante
1953 2375 1996 2443 ip

2181 2358 2363 2428 τεμνῆς
2416 2356 2511 2409 καὶ
2565 2353 2966 2423 ἁπειρογὰμου,
3003 2352 3427 2423 κυοφορησάσης
3472 2354 3532 2404 ἐκ
3558 2348 3700 2403 Πνεῦ-

477 2452 675 2509 virtute
699 2454 817 2520 Dei,
859 2459 999 2513 sicut
1033 2440 1291 2531 scriptum
1319 2475 1404 2519 est
1423 2466 1488 2518 ⁶².
1513 2466 1648 2520 Cum
1704 2466 1886 2536 itaque
1912 2440 1996 2519 De:

2181 2468 2359 2514 ιατος,
2415 2448 2816 2516 ἐπισκιασάσης
2870 2447 3007 2515 αὐτῇ
3052 2445 3335 2515 δυνάμεως
3374 2443 3536 2507 Θεοῦ,
3584 2440 3700 2495 καθὰ

474 2546 778 2613 coniugium
800 2565 904 2603 non
950 2565 1290 2620 aspernetur,
1312 2558 1406 2610 sed
1447 2558 1626 2626 potius
1676 2557 1993 2612 benedictio:

2181 2543 2485 2613 ’ἐγραπται.
2521 2540 2657 2592 Θεοῦ
2700 2538 2993 2609 τοιγαροῦν
3031 2537 3123 2591 τὸν
3171 2538 3351 2606 γάμον
3402 2539 3501 2589 οὐκ,
3538 2534 3700 2604 ἀτιμά·

474 2650 570 2689 sua
596 2638 721 2691 illud
748 2642 1354 2713 decoret,quamobrem
1376 2647 1651 2719 Virginem
1683 2660 1992 2720 praegnante

2180 2651 2370 2699 ταντος,
2400 2632 2600 2703 μᾶλλον
2641 2631 2700 2685 δὲ
2734 2632 2827 2683 καὶ
2860 2630 3080 2700 εὐλογία
3112 2630 3471 2699 τιμήσαντος,
3508 2627 3699 2680 ἀνθότου

477 2742 538 2781 ex
569 2728 795 2796 Spiritu,
859 2736 1040 2789 carnis
1081 2752 1193 2791 sua:
1234 2747 1462 2793 matrem
1505 2755 1627 2795 esse
1653 2741 1996 2796 volueritDet

2181 2725 2430 2797 Ιαρθένον
2460 2723 2831 2794 κυοφοροῦσαν
2864 2726 2927 2775 ἐκ
2950 2722 3089 2776 Πνεύ
3101 2740 3286 2791 ματος,
3309 2722 3412 2790 τῆς
3447 2720 3573 2783 ἰδίας
3594 2736 3700 2789 σαρ-

475 2822 739 2877 exsisteus
766 2823 1145 2891 Verbum,non
1178 2828 1335 2884 facile
1362 2831 1617 2886 dixerim.
1644 2831 1883 2887 Tametsi
1911 2849 1994 2903 qui

2179 2818 2249 2882 :6;
2281 2818 2575 2887 ἐποιήσατο
2610 2816 2819 2887 μητέρα
2856 2813 2988 2867 Θεοῦ
3034 2815 3063 2866 6
3094 2814 3285 2881 Λόγος,
3325 2814 3431 2865 οὐκ
3461 2811 3563 2882 ἔχω
3585 2811 3698 2903 (apii:

475 2915 634 2966 modo
660 2930 765 2968 non
795 2918 965 2972 cuivis
996 2920 1278 2974 manifesta
1317 2921 1483 2976 fuerit
1513 2923 1628 2991 ejus
1682 2924 1755 2978 rei
1808 2926 1994 2980 occasii

2181 2928 2266 2963 ται.
2309 2910 2505 2963 Καίτοι
2540 2907 2657 2971 πῶς
2702 2907 2801 2977 οὐχ
2850 2907 3055 2960 ἅπασιν
3089 2904 3324 2976 ἐναργὴς
3355 2904 3548 2972 γένοιτ’
3586 2902 3641 2955 ἂν
3675 2902 3700 2967 ἡ

474 3003 599 3057 illud
626 3009 1033 3065 consideranti?
1069 3012 1357 3068 Descendit
1386 3016 1552 3080 enim,
1596 3017 1710 3071 sive
1770 3016 1931 3072 homo
1970 3018 1993 3071 Γ

2180 3002 2305 3055 ὀῦδε
2329 3001 2623 3070 πρόφασις,
2648 3001 2824 3052 έκεῖνο
2852 2998 3074 3067 διεσκεμ
3086 2997 3265 3067 μένοις
3284 3015 3298 3062 ;
3317 2997 3567 3063 Ἀφίκετο
3594 2993 3699 3061 γὰρ,

477 3104 593 3148 ctus
617 3107 701 3152 est
746 3098 936 3166 Filius,
984 3102 1388 3161 instauraturus
1444 3118 1625 3162 nostra
1679 3118 1933 3178 tanquam
1991 3113 1996 3165 i

2178 3098 2227 3156 ος
2255 3093 2414 3164 ἔφην,
2445 3093 2615 3163 ἤγουν
2649 3090 3073 3162 ἐνηνθρώπησεν
3108 3090 3136 3141 ὁ
3173 3089 3319 3154 Υἱὸς,
3352 3083 3697 3157 ἀναστοιχειὼ-

2178 3204 2198 3207 .-
2233 3203 2259 3207 _.
2294 3188 2356 3207 ,λ
2377 3185 2496 3207 -.μιν
2524 3186 2670 3207 .1--:_
2706 3184 2779 3207 Α.-
2806 3182 3060 3207 1-.:.._.._.".
3118 3183 3203 3207 --.Α
3235 3181 3453 3207 --ἔ-.--η
3478 3183 3551 3207 -:-
3574 3178 3691 3207 imi...

476 3186 688 3256 seipse;
732 3206 795 3245 ac
824 3194 1058 3261 primum
1110 3198 1328 3266 quidem
1391 3198 1445 3252 in
1481 3210 1721 3254 sanctam
1755 3202 1989 3269 quamda

2179 3203 2261 3239 ’ων
2291 3188 2359 3239 τὰ
2376 3185 2496 3238 καθ’
2524 3186 2670 3253 ἡμᾶς
2703 3184 2779 3248 ὡς
2804 3185 2859 3236 ὲν
2885 3182 3085 3254 ἐαυτῷ,
3118 3183 3208 3235 καὶ
3233 3181 3453 3253 πρῶτον
3476 3183 3551 3243 εἰς
3570 3178 3698 3247 ἁγίαν

476 3287 639 3347 atque
671 3282 1040 3340 admirabilem
1114 3290 1449 3343 nativitatem
1500 3300 1553 3345 et
1606 3294 1796 3345 vitam.
1845 3292 1995 3347 Facti

2185 3276 2270 3329 ινᾶι
2298 3278 2392 3330 καὶ
2430 3275 2890 3346 τεθαυμασμένην
2924 3274 2998 3337 ὡς
3032 3277 3089 3327 ὲν
3134 3274 3337 3344 ἐαυτῷ,
3378 3274 3469 3326 καὶ
3502 3269 3696 3342 παράδο

475 3382 659 3426 autem
687 3380 770 3428 est
794 3377 955 3429 etiam
987 3380 1192 3447 primus
1219 3383 1334 3450 ipse
1373 3391 1535 3435 natus
1575 3396 1642 3436 ex
1692 3382 1897 3451 Spiritu
1938 3384 1994 3450 (ε‹

2178 3387 2240 3427 ,ον
2266 3368 2478 3438 ἀληθῶς
2511 3366 2763 3432 ἁπότεξιν
2810 3369 2903 3421 καὶ¹
2932 3366 3078 3437 ζωήν
3100 3383 3113 3396 ·
3153 3366 3346 3434 γέγονε
3376 3366 3435 3419 δὲ
3471 3366 3562 3417 καὶ
3586 3362 3697 3432 πρῶ·

473 3465 706 3518 cuudum
752 3480 972 3520 carnem
1036 3468 1300 3539 inquam),
1359 3481 1416 3525 ut
1484 3473 1586 3526 hac
1651 3481 1905 3540 tauquam
1959 3489 1990 3523 ν

2179 3476 2235 3521 ος
2271 3458 2431 3521 αὐτὸς
2475 3459 2732 3527 γεννητὸς
2761 3458 2855 3511 τοῦ
2897 3457 3052 3525 ἁγίου
3088 3456 3407 3526 Πνεύματος
3442 3456 3597 3524 (κατᾶ
3623 3468 3697 3521 γε,

471 3555 637 3607 etiam
662 3556 712 3608 in
740 3571 837 3610 nos
874 3558 1026 3624 ipsos
1078 3568 1394 3614 transeunte
1423 3563 1614 3630 gratia,
1645 3579 1749 3615 non
1808 3580 1874 3616 ex
1916 3578 1990 3616 sai

2177 3551 2314 3621 ›ημὶ,
2344 3550 2441 3620 τὴν
2464 3550 2682 3620 σάρκα),
2706 3550 2770 3601 ἵν’
2794 3548 2983 3619 ὥσπερ
3005 3546 3108 3617 ὀδῷ
3128 3548 3222 3600 καὶ
3246 3550 3325 3609 εἰς
3347 3548 3499 3618 ἡμᾶς
3522 3545 3696 3601 αὐτοὺς

480 3645 936 3718 guiuibusmeque
962 3665 1024 3703 ex
1058 3650 1329 3705 voluntate
1350 3655 1549 3716 carnis,
1577 3668 1747 3721 neque
1761 3669 1827 3708 ex
1854 3654 1999 3708 volui

2174 3642 2527 3707 ῖιαὸαινούσης
2560 3644 2659 3711 τῆς
2689 3642 2930 3711 χάριτος,
2971 3641 3071 3693 οῦκ
3102 3639 3161 3704 ἐξ
3192 3641 3471 3709 αἱμάτων,
3515 3635 3627 3690 οὐδὲ
3650 3636 3693 3685 ἐν

475 3745 584 3791 late
612 3738 733 3803 viri,
754 3741 848 3795 sed
883 3756 947 3795 ex
980 3740 1087 3796 Deo
1124 3758 1220 3811 per
1250 3745 1510 3805 Spiritum
1571 3748 1994 3816 regenerationel

2175 3734 2454 3805 θελήματος
2484 3734 2706 3805 σαρκὸς,
2728 3732 2848 3786 οὐδὲ
2874 3736 2937 3786 ἐκ
2962 3732 3266 3801 θελήματος
3295 3730 3511 3800 ἀνδρὸς,
3528 3728 3630 3782 ἀλλ’
3650 3725 3694 3775 ὲκ

472 3828 890 3885 intellectualem
932 3834 1208 3889 consecuti
1242 3835 1305 3901 ⁸³,
1342 3845 1397 3888 et
1448 3836 1881 3892 conformitatem
1942 3854 1991 3910 ει

2175 3825 2285 3878 ὶεοῦ
2317 3824 2409 3878 διὰ
2443 3826 2759 3893 Πνεύματος
2798 3824 2897 3893 τὴν
2936 3823 3135 3893 νοητὴν
3176 3822 3398 3892 ἔχοντες
3437 3818 3694 3910 ἀναγένντι-

475 3920 720 3976 ritualem
743 3940 864 3978 cum
894 3941 960 3981 eo
987 3927 1078 3997 qui
1120 3936 1314 3981 natura
1345 3942 1410 3984 ac
1433 3943 1562 3984 vere
1589 3929 1859 3985 estFilius
1881 3930 1994 4000 ade]

2176 3934 2254 3981 τιν,
2287 3916 2381 3969 καὶ
2428 3916 2527 3987 τὴν
2562 3916 2698 3986 πρός
2745 3932 2809 3984 γε
2858 3916 2949 3968 τὸν
3003 3914 3161 3984 φύσει
3193 3915 3287 3966 καὶ
3335 3911 3551 3981 ἀληθῶς
3596 3907 3695 3961 Υίδι

473 4012 535 4077 ti,
566 4011 734 4069 Deum
790 4029 1046 4071 vocemus
1067 4016 1316 4084 Patrem,
1350 4027 1512 4089 atque
1535 4021 1607 4075 ita
1660 4020 1992 4091 incorruptib

2175 4005 2501 4076 ὐμμορφίαν
2521 4007 2918 4077 πνευματικὴν,
2939 4006 3158 4077 Πατέρα
3186 4004 3449 4076 καλῶμεν
3468 4005 3554 4057 τὸν
3570 4001 3694 4061 Θεὸν,

470 4103 547 4159 les
574 4120 1016 4174 pennaneamus;
1046 4126 1150 4163 non
1167 4107 1279 4178 jam
1310 4112 1539 4180 amplius
1602 4113 1833 4183 priorem
1870 4115 1989 4167 illun

2177 4102 2288 4156 ὒτω
2314 4117 2373 4153 τε
2413 4097 2679 4170 ἄφθαρτοι
2732 4098 3097 4168 διαμένωμεν,
3140 4098 3215 4160 ὡς
3254 4098 3361 4149 οὐκ
3405 4096 3486 4149 ἒτι
3519 4092 3696 4157 πατέρα

469 4198 573 4253 hoc
607 4208 712 4261 est.
742 4202 1003 4254 Adamum
1030 4214 1237 4272 patrem
1274 4203 1554 4268 habentes,
1591 4208 1643 4258 in
1695 4221 1802 4276 quo
1842 4217 1896 4262 et
1918 4223 1981 4262 co

2177 4198 2236 4247 δν
2263 4196 2477 4265 πρῶτον
2503 4193 2739 4262 ἔχοντες,
2778 4189 3059 4242 τουτέστιν
3108 4188 3299 4258 ’Δδὰμ,
3331 4190 3392 4241 ὲν
3434 4180 3478 4255 ᾧ
3506 4186 3694 4276 xui???

471 4292 613 4361 rupti
647 4308 883 4346 eramus.
908 4271 1113 4347 idcirco
1136 4305 1186 4348 et
1214 4295 1462 4349 Christus
1489 4296 1685 4364 inquit,
1711 4271 1864 4352 —allbi
1922 4314 1990 4368 qu

2172 4285 2418 4357 ιάρμεθα.
2444 4284 2554 4337 Καὶ
2594 4282 2724 4351 γοῦν
2757 4280 2859 4351 ἔφη
2895 4279 3150 4350 Χριστὸς,
3184 4279 3264 4347 πῆ
3297 4279 3424 4368 μὲν,
3451 4278 3530 4368 ὅτι
3564 4271 3691 4368 ilia!

467 4385 588 4436 dem
620 4398 633 4437 :
672 4400 691 4433 ι
732 4382 1115 4438 anitevocare
1132 4396 1337 4454 patrem
1360 4398 1595 4441 vestrum
1623 4388 1675 4441 in
1708 4389 1986 4445 terris.Uni

2174 4378 2360 4449 ιατέρα
2395 4376 2469 4446 μὴ
2489 4373 2752 4442 καλέσητε
2775 4371 2928 4441 ὑμῶν
2958 4371 3052 4422 ἐπὶ
3065 4369 3166 4439 τῆς
3186 4370 3311 4437 γῆς,
3340 4363 3423 4431 εἷς
3445 4367 3549 4437 γάρ
3572 4366 3693 4415 ἐστιν

465 4476 611 4527 erilm
660 4484 743 4529 est
769 4473 931 4530 Pater
976 4486 1157 4530 vester
1192 4477 1247 4531 in
1278 4478 1431 4533 caelis
1448 4480 1519 4545 “,
1556 4499 1575 4531 ι
1610 4479 1736 4534 alibi
1778 4496 1928 4546 vero,
1980 4498 1984 4531 ι

2174 4497 2176 4514 ι
2193 4470 2385 4540 Πατὴρ
2418 4467 2571 4539 ὑμῶν
2589 4467 2615 4518 6
2636 4467 2693 4517 ἐν
2709 4466 2820 4527 τοῖς
2840 4463 3108 4533 οὐρανοῖς.
3127 4481 3143 4511 ι
3162 4463 3245 4532 Πῆ
3267 4461 3323 4513 δὲ
3344 4460 3520 4532 δὴ,ὡς
3538 4461 3587 4511 ἐν
3606 4457 3693 4516 τοῖς

468 4564 556 4631 qui
592 4565 790 4619 idcirco
815 4567 880 4619 ad
910 4582 1005 4621 nos
1032 4567 1330 4634 descendit,
1375 4579 1433 4623 ut
1486 4586 1585 4625 nos
1632 4571 1927 4626 transferat
1973 4590 1987 4626 ι

2172 4564 2270 4618 ιαθ’
2286 4567 2317 4634 ἡ
2326 4565 2432 4634 μᾶς
2459 4561 2547 4615 διὰ
2570 4560 2726 4613 τοῦτο
2743 4557 3093 4627 καθιγμένος,
3122 4554 3188 4608 ἵν’
3213 4557 3363 4625 ἡμᾶς
3383 4547 3691 4622 ἀγάγῃ’πρ>›ς

468 4656 736 4724 propriam
763 4671 916 4711 suam
948 4670 1011 4709 ac
1032 4658 1273 4711 divinam
1323 4659 1637 4729 dignitatem
1666 4679 1679 4715 :
1707 4680 1725 4713 ι
1778 4661 1927 4718 Vado
1972 4679 1987 4716 ι

2175 4657 2207 4710 ’ὸ
2242 4656 2371 4709 ἴδιον
2410 4654 2573 4707 αὑτοῦ
2603 4652 2697 4706 καὶ
2720 4648 3021 4721 θεοπρεπὲς
3060 4647 3311 4716 ἀξίωμα’
3355 4665 3375 4697 ι
3412 4642 3694 4715 Πορεὺομαι

466 4745 679 4800 Patrem
716 4765 912 4813 meum,
941 4760 994 4804 et
1028 4748 1240 4805 Patrem
1276 4761 1511 4807 vestrum
1539 4793 1553 4817 ,
1582 4765 1637 4808 et
1667 4752 1833 4809 Deum
1862 4772 1980 4810 meu

2173 4750 2284 4819 πρὸς
2301 4748 2390 4800 τὸν
2408 4747 2627 4816 Πατέρα
2657 4760 2757 4815 μου
2785 4743 2878 4795 καὶ
2901 4740 3119 4809 Πατέρα
3139 4738 3434 4809 ὑμῶν,⁴κα“ι
3459 4735 3586 4788 Θεόν
3612 4746 3692 4802 μου

466 4850 518 4893 et
548 4839 714 4894 Deum
752 4851 989 4896 vestrum
1020 4844 1086 4896 ⁸⁵.
1125 4862 1143 4894 ι
1177 4844 1353 4913 Ipsius
1395 4844 1539 4899 enim
1593 4856 1677 4901 est
1720 4857 1912 4902 natura
1944 4847 1985 4901 Ρ

2173 4842 2239 4892 ιαὶ
2265 4838 2395 4891 Θεὸν
2428 4836 2601 4906 ὑμῶν.
2632 4854 2650 4885 ι
2674 4832 2846 4886 Αὑτοῦ
2894 4833 2991 4902 μὲν
3028 4831 3135 4901 γὰρ
3164 4831 3323 4899 φύσει
3356 4829 3549 4897 Πατὴρ
3590 4828 3616 4877 ὁ
3650 4825 3692 4873 ἐν

465 4944 567 5001 ter,
605 4936 695 5004 qui
730 4936 781 4989 in
810 4937 963 4995 ccelis
1003 4946 1117 5002 est,
1166 4947 1348 4993 noster
1368 4949 1545 4993 autem
1573 4938 1733 4995 Deus.
1785 4940 1920 4996 Cum
1953 4957 1982 4994 v

2169 4933 2255 4993 τοῖς
2287 4930 2567 5000 οὐρανοῖς,
2604 4925 2758 4997 ἡμῶν
2811 4924 2865 4976 δὲ
2914 4923 3064 4984 Θεός.
3130 4920 3353 4990 Ἐπειδὴ
3394 4919 3450 4971 δὲ
3490 4919 3517 4969 6
3560 4916 3688 4983 φύσει

464 5041 524 5081 ro
556 5027 645 5095 qui
673 5036 863 5080 natura
895 5042 959 5082 ac
985 5043 1111 5082 vere
1151 5038 1233 5083 est
1258 5029 1448 5096 Filius,
1491 5031 1668 5086 factus
1720 5040 1806 5086 est
1873 5033 1983 5087 hon

2169 5024 2236 5075 :a‘t
2264 5021 2479 5091 ἀληθῶς
2503 5020 2627 5081 Υἱὸς
2655 5018 2848 5085 γέγονε
2892 5016 3010 5069 καθ’
3041 5016 3209 5084 ἡμᾶς,
3247 5014 3383 5066 Θεὸν
3429 5010 3688 5082 ἐσχηκέναι

461 5119 633 5173 nostri
672 5120 885 5183 similis,
921 5120 1087 5175 Deum
1113 5121 1282 5189 ipsum
1310 5122 1561 5178 habuisse
1594 5125 1742 5189 dicit,
1777 5125 1973 5178 nimiru

2167 5114 2305 5185 ›ησὶν
2344 5112 2526 5174 αὐτὸν,
2557 5110 2698 5164 κατά
2726 5126 2790 5179 γε
2814 5108 2904 5161 τὸν
2938 5110 3003 5178 τῇ
3040 5105 3263 5159 κενώσει
3308 5105 3584 5175 πρέποντα
3619 5099 3686 5150 ὶόο

461 5211 623 5281 725
648 5213 855 5266 ratione
885 5213 1292 5269 exinanitinnis.
1321 5215 1476 5269 Dedit
1505 5226 1682 5269 autem
1739 5217 1901 5270 etiam
1934 5232 1980 5270 ni

2165 5224 2253 5259 ὀν.
2284 5206 2492 5258 Δέδωκε
2514 5203 2569 5255 δὲ
2602 5202 2695 5254 καὶ
2721 5203 2852 5272 ἡμῖν
2884 5199 2973 5253 τὸν
3004 5197 3197 5253 ἑαυτοῦ
3227 5198 3452 5268 Πατέρα
3472 5212 3485 5225 ·
3518 5196 3684 5262 γέγρα-

459 5302 543 5355 his
572 5318 729 5356 suum
765 5301 1006 5357 Patrem.
1042 5304 1313 5374 Scriptum
1341 5318 1424 5360 est
1461 5309 1604 5361 enim
1633 5326 1647 5364 :
1679 5326 1697 5359 ι
1758 5308 1978 5376 Quotqm

2160 5316 2268 5351 ιται
2311 5298 2446 5368 γὰρ,
2490 5298 2571 5349 ὅτι
2607 5315 2624 5346 ι
2647 5295 2802 5345 Ὅσοι
2826 5292 2882 5344 δὲ
2911 5291 3100 5345 ἔλαϐον
3137 5289 3336 5353 αὑτὸν,
3374 5289 3570 5341 ἔδωκεν
3605 5283 3679 5336 αὖ·

459 5398 640 5441 autem
667 5401 989 5458 receperunt
1024 5407 1170 5456 eum,
1224 5394 1373 5448 dedit
1420 5396 1501 5450 eis
1525 5406 1846 5467 potestatem
1892 5397 1978 5451 ﬁlii

2163 5395 2248 5456 οῖς
2278 5390 2528 5457 ἐξουσίαν
2557 5388 2723 5441 τέκνα
2763 5384 2899 5438 Θεοῦ
2922 5382 3176 5452 γενέσθαι
3204 5384 3315 5444 τοῖς
3364 5379 3682 5467 πιστεύουσιν

458 5475 550 5530 Dei
584 5478 724 5543 ﬁeri,
745 5479 828 5533 his
844 5480 932 5548 qui
964 5482 1188 5536 credunt
1217 5483 1267 5536 iu
1301 5485 1518 5540 nomine
1552 5487 1720 5555 ipsius
1741 5487 1879 5539 ⁸⁸⁸⁸⁷.
1908 5505 1926 5539 ι
1961 5492 1977 5541 Α

2169 5490 2212 5550 ξς
2250 5486 2314 5538 τὸ
2340 5484 2510 5553 ὄνομα
2538 5478 2723 5533 αὐτοῦ.
2752 5496 2769 5528 ι
2802 5477 2866 5529 Εἰ
2893 5475 2950 5528 δὲ
2990 5475 3357 5543 ἀναιρήσομεν
3390 5470 3606 5542 ἀμαθῶς
3636 5461 3680 5514 τὸ

460 5581 592 5621 vet'o
631 5568 677 5623 si
704 5568 953 5639 imperite
973 5587 1228 5641 negemus
1259 5576 1324 5627 ad
1352 5584 1588 5629 nostram
1620 5576 1979 5632 similitmline

2162 5597 2190 5630 ν
2221 5575 2475 5642 ἁποτέξει
2518 5570 2773 5641 γενέσθαι
2808 5570 2873 5638 τῇ
2906 5565 3028 5620 καθ’
3081 5566 3227 5634 ἡμᾶς
3260 5564 3350 5617 τὸν
3389 5565 3459 5617 ἐκ
3507 5558 3680 5627 Πατρδς

528 5682 571 5711 "°
615 5682 799 5737 Mallit.
837 5701 949 5745 xix.
984 5685 1033 5738 4.
1112 5684 1152 5716 ⁶¹
1187 5687 1342 5743 Hebr.
1374 5706 1492 5755 xm,
1524 5690 1553 5742 -ὶ
1660 5693 1701 5723 ⁸³
1732 5690 1862 5746 Luc.
1906 5706 1941 5756 ι,

456 5753 522 5794 l7
620 5754 737 5794 “-07
770 5754 922 5803 Junii.
966 5771 1001 5805 Ι.
1040 5756 1118 5805 ίξὶ.

2156 5732 2159 5742 .
2238 5690 2283 5719 ⁸³
2316 5687 2465 5743 Joau.
2507 5702 2540 5751 ι,
2576 5684 2655 5738 15.
2734 5679 2777 5711 ⁸⁵
2809 5677 2994 5733 Matth.
3027 5692 3158 5732 mit
3183 5719 3196 5742 ,
3226 5677 3278 5732 9.
3356 5677 3400 5707 "
3431 5675 3573 5729 ,Ιικιιν⁸
3605 5683 3675 5727 ιιι

620 5762 736 5794 δδ-(ντ
770 5762 922 5803 .limtt.
966 5771 1001 5805 Ι.
1040 5762 1118 5805 ίξὶ.
