3846 6210
262 299 401 353 1275

1383 298 1575 366 QL‘OD
1614 295 1805 354 ΠΝυὸ
1845 294 1955 352 SIT
1987 296 2347 355 CHRISTUS.

3372 298 3507 353 Ιῖτι

256 415 394 468 Θεοῦ
422 414 613 483 Λόγον,
653 414 744 467 τὸν
775 418 832 469 ἐν
864 418 996 469 πᾶσι
1028 431 1398 485 πρωτευοντα,
1430 415 1573 469 κατὰ
1614 414 1711 486 τὴν
1740 413 1817 466 τοῐ

1939 423 2121 469 natum
2151 430 2270 469 esse
2304 413 2540 469 Verbum
2566 414 2656 468 Dei
2680 429 2745 467 ex
2777 414 2959 478 Patre,
2990 414 3205 482 quodin
3253 418 3507 470 omnibus

257 508 579 575 σοφωτάτου
620 507 833 560 Παύλου
865 506 1067 578 φωνὴν,
1115 507 1250 577 πρὸς
1303 507 1424 560 τίνα
1471 508 1653 561 λοιπὸν
1694 524 1827 577 μορ-

256 599 362 667 φοῦ
373 616 545 667 μενοι,
574 601 824 670 γεννητοὶ
852 601 987 654 Θεοῦ
1015 600 1105 654 διὰ
1142 600 1458 671 Πνεύματος
1493 601 1829 672 χρηματιοῦ-

259 707 361 760 μεν
394 694 555 761 ⁴ἡμεῖς
580 709 593 757 ;
616 692 734 745 τίνα
756 690 848 744 106
884 693 1209 763 πράγματος
1242 693 1495 756 λαϐόντες
1525 694 1622 763 τὴν
1649 693 1827 764 ἀπαρ·

255 781 377 852 χὴν,
412 783 445 852 ἢ
486 782 581 834 καὶ
606 783 749 845 τίνος
777 785 911 847 ὅλως
942 786 1018 848 εἰς
1045 788 1189 856 ἡμᾶς
1223 786 1528 851 πέμποντος
1567 786 1628 839 τὸ
1666 786 1829 850 ἀξίω-

259 890 370 944 μας
405 874 565 927 Φαῖεν
593 875 676 935 ἂν,
698 875 772 939 ῶς
799 893 861 943 γε
891 873 1062 946 οἶμαι,
1086 878 1177 929 καὶ
1205 878 1391 930 αὐτοί·
1426 878 1531 931 T06
1559 878 1828 949 ἐνανθρω-

255 967 332 1036 πή
344 982 533 1031 σαντος
557 967 750 1035 Λόγου.
780 966 911 1022 Εἶτα
941 969 1057 1033 πῶς
1081 970 1231 1023 ἔσται
1257 971 1411 1024 τοῦτο
1432 971 1645 1042 ἀληθὲς,
1678 972 1726 1022 εἰ
1751 971 1824 1042 μὴ

254 1058 419 1122 αὐτὸς
448 1060 637 1128 γέγονε
669 1059 826 1131 σὰρξ,
864 1063 1141 1117 τουτέστιν
1171 1064 1473 1133 ἄνθρωπος,
1513 1064 1640 1118 ἴδιον
1670 1081 1826 1135 ποιη-

255 1150 491 1220 σάμενος
526 1153 685 1223 σῶμα
710 1154 769 1206 τὸ
794 1153 1154 1225 ἀνθρώπινον,
1179 1155 1301 1208 καθ’
1335 1155 1530 1208 ἕνωσιν
1562 1154 1825 1209 ἀδιάσπα-

256 1259 402 1307 στον,
428 1244 514 1298 ἵνα
540 1244 631 1297 καὶ
657 1245 823 1299 αὐτοῦ
852 1246 1057 1316 νοῆται,
1081 1248 1175 1299 καὶ
1200 1246 1322 1318 [μὴ]
1347 1246 1407 1312 ἐξ
1431 1247 1616 1319 ἐτέρου
1645 1248 1821 1315 τινός;

252 1333 472 1403 Πέμψει
510 1337 618 1408 γὰρ
648 1337 790 1390 οὕτω
833 1339 929 1392 καὶ
972 1340 1050 1402 εἰς
1094 1342 1242 1410 ἡμᾶς
1283 1341 1383 1410 τῆς
1419 1340 1691 1403 υἱοθεσίας
1728 1340 1825 1410 τὴν

252 1423 436 1494 χάριν,
476 1429 567 1479 καὶ
604 1429 852 1501 γεννητοὶ
883 1429 1201 1500 Πνεύματος
1238 1432 1474 1501 ἐσόμεθα
1505 1432 1598 1485 καὶ
1638 1434 1821 1502 ἡμεῖς,

252 1515 351 1593 ᾷτε
382 1517 444 1587 δὴ
474 1523 572 1590 τῆς
619 1521 908 1593 ἀνθρώπου
949 1523 1163 1592 φύσεως
1202 1526 1259 1577 ἐν
1291 1524 1442 1593 αὐτῷ
1477 1525 1574 1578 καὶ
1620 1525 1823 1596 πρώτῳ

252 1608 524 1681 λαχούσης
553 1612 729 1666 τοῦτο.
754 1614 860 1668 Καί
884 1632 970 1685 μοι
996 1615 1142 1669 δοκεῖ
1159 1615 1396 1669 τοιοῦτόν
1416 1634 1466 1669 τι
1489 1616 1609 1670 καθ’
1634 1618 1823 1671 ἑαυτὸν

251 1701 604 1782 ἐννενοηκὼς,
637 1704 802 1773 φάναι
829 1724 930 1758 που
967 1707 1060 1759 καὶ
1089 1708 1234 1777 μάλα
1263 1707 1439 1778 ὀρθῶς
1468 1710 1497 1761 ό
1536 1710 1821 1775 θεσπέσιος

1934 508 2136 577 primas
2157 508 2362 561 obtinet
2390 507 2453 571 ⁸⁸,
2477 504 2630 573 juxta
2661 505 2807 560 Pauli
2865 505 3244 574 sapientissimi
3295 521 3507 572 vocem,

1934 600 2000 652 ad
2025 614 2185 667 quem
2234 600 2448 652 tandem
2503 597 2852 663 conformati,
2902 612 2965 652 ex
3028 596 3135 652 Deo
3188 598 3351 668 geniti
3410 613 3509 667 per

1935 691 2194 759 Spiritum
2253 690 2662 759 appellabimur,
2714 699 2808 743 aut
2867 705 3029 760 quem
3097 689 3257 759 hujus
3304 690 3503 760 negotii

1932 782 2230 851 principem
2297 796 2361 835 ac
2422 790 2584 851 caput
2612 780 2968 836 habebimus?
3015 790 3105 835 aut
3134 783 3255 850 quis
3283 783 3505 838 omnino

1933 874 2071 928 hanc
2100 874 2413 943 dignitatem
2436 875 2489 929 in
2529 891 2629 930 nos
2680 876 3079 930 transmiserit?
3127 876 3314 932 Dicent
3375 892 3502 944 pro-

1933 967 2094 1031 fecto,
2129 976 2187 1020 ut
2216 967 2483 1032 arbitror,
2515 967 2679 1021 etiam
2706 968 2805 1035 ipsi
2834 986 2847 1021 :
2876 966 3110 1021 Verbum
3140 970 3500 1022 incarnatum.

1932 1061 2091 1129 Atqui
2112 1076 2218 1128 quo
2245 1071 2403 1129 pacto
2437 1075 2623 1114 verum
2648 1062 2747 1115 ltoc
2778 1060 2903 1126 erit,
2933 1060 3033 1115 nisi
3054 1060 3229 1128 ipsum
3268 1059 3500 1115 Verbum

1931 1152 2131 1207 factum
2166 1161 2248 1205 est
2270 1168 2419 1213 caro,
2448 1152 2551 1206 hoc
2568 1161 2670 1217 est,
2696 1152 2895 1215 homo;
2954 1152 3150 1221 quippe
3190 1152 3330 1220 quod
3376 1166 3502 1219 pro-

1931 1245 2105 1313 prium
2136 1245 2235 1298 sibi
2256 1243 2444 1299 fecerit
2467 1260 2662 1312 corpus
2692 1262 2752 1298 ea
2783 1245 2987 1299 unitate
3015 1261 3133 1315 qua:
3151 1245 3330 1299 divelli
3357 1244 3500 1299 nulla

1930 1334 2142 1388 ratione
2159 1341 2357 1403 queat:
2387 1334 2461 1387 ita
2498 1334 2753 1387 nimirum
2777 1346 2833 1386 ttt
2868 1334 3036 1401 ipsius
3078 1333 3234 1388 Verbi
3281 1348 3503 1389 censea-

1932 1434 2038 1493 tur,
2072 1436 2126 1481 et
2144 1443 2247 1481 non
2270 1427 2491 1481 alterius
2515 1425 2849 1496 cuiuspiam?
2875 1426 2985 1481 Hoc
3006 1428 3148 1481 enim
3164 1437 3319 1496 pacto
3336 1426 3500 1480 etiam

1932 1521 1984 1573 in
2015 1533 2110 1573 nos
2152 1518 2479 1572 transmittet
2537 1517 2808 1572 filiationis
2858 1519 3414 1586 gratiam,genitique
3472 1533 3504 1573 e

1933 1607 2135 1677 Spiritu
2166 1607 2369 1662 erimus
2415 1608 2577 1661 etiam
2617 1624 2737 1675 nos,
2790 1619 2978 1677 utpote
3038 1619 3231 1663 natura
3264 1609 3501 1663 humana

1931 1702 2031 1754 hoc
2048 1700 2101 1753 in
2121 1699 2237 1768 ipso
2259 1708 2313 1753 et
2332 1697 2553 1769 quidem
2590 1700 2767 1767 primo
2791 1708 3106 1754 consecuta.
3131 1700 3209 1753 Ac
3231 1700 3361 1754 mihi
3390 1699 3505 1769 qui-

249 1792 497 1856 Παῦλος·
531 1814 549 1844 ι
589 1796 799 1868 ’Ὠσπερ
839 1799 945 1868 γὰρ
982 1798 1323 1870 ἐφορέσαμεν
1358 1798 1454 1870 τὴν
1499 1802 1682 1854 εἰκόνα
1724 1801 1815 1855 τοῦ

1926 1791 2043 1845 dem
2104 1791 2319 1845 videtur
2362 1790 2525 1845 etiam
2569 1792 2784 1844 divinus
2853 1790 3072 1855 Paulus,
3130 1792 3500 1860 hujuscemodi

246 1886 457 1955 χοϊκοῦ,
493 1887 795 1958 φορέσομεν
829 1891 921 1943 καὶ
960 1890 1057 1958 τῂν
1090 1891 1275 1945 εἰκόνα
1306 1892 1398 1945 106
1423 1893 1745 1964 ἐπουρανίου
1767 1912 1813 1947 οι

248 1978 462 2030 καὶτὸν
511 1980 610 2048 μὲν
661 1981 876 2051 πρῶτον
907 1981 1194 2049 ἄνθρωπον
1235 1985 1301 2036 ἐκ
1338 1985 1440 2054 γῆς
1481 1986 1581 2055 ἔφη
1616 1986 1819 2057 χοῖκὸν,

245 2068 340 2120 τὸν
388 2068 444 2121 δὲ
479 2069 728 2139 δεύτερον
768 2070 827 2137 ἐξ
867 2071 1101 2142 οὐρα.νοῦ
1124 2088 1137 2103 ·
1180 2092 1199 2125 ‹
1236 2073 1374 2126 Ἀλλ’
1423 2070 1533 2138 οἷος
1563 2076 1590 2126 ό
1618 2077 1819 2145 χοῖκὸς,

244 2159 474 2213 τοιοῦτοι
521 2162 617 2213 καὶ
640 2163 686 2215 οἱ
721 2163 913 2233 χοῖκοὶ,
960 2165 1114 2235 φησὶ,
1147 2166 1241 2218 καὶ
1272 2162 1383 2230 οἷος
1414 2168 1442 2219 ὀ
1478 2169 1818 2239 ἐπουράνιος,

245 2251 479 2304 τοιοῦτοι
511 2253 603 2305 καὶ
634 2254 683 2305 οἱ
734 2255 1070 2324 ἐπουράνιοι.
1100 2275 1116 2306 ο
1155 2258 1346 2311 Χοῖκοὶ
1385 2259 1492 2329 γάρ
1528 2262 1715 2329 ἐσμεν,
1746 2261 1823 2325 ὡς

246 2344 311 2396 ἐκ
352 2344 536 2413 χοϊκοῦ
571 2344 666 2398 τοῦ
703 2346 873 2417 Ἀδὰμ
908 2349 1371 2420 παρεμπεσούσης
1406 2353 1487 2413 είς
1524 2353 1670 2421 ἡμᾶς
1719 2352 1822 2422 τῆς

243 2435 385 2505 ἀρᾶς
424 2436 524 2506 τῆς
563 2437 791 2509 φθορᾶς,
822 2439 888 2492 δι’
922 2436 990 2512 ἧς
1016 2443 1108 2494 καὶ
1140 2444 1167 2495 ὁ
1208 2444 1307 2512 τῆς
1340 2443 1613 2515 ἁμαρτίας
1644 2445 1820 2498 είσέδυ

244 2526 427 2596 νόμος.
459 2532 486 2581 ό
509 2531 695 2593 ἐντοῖς
730 2530 914 2599 μέλεσι
946 2535 1057 2596 τοῖς
1086 2533 1184 2603 τῆς
1220 2536 1441 2605 σαρκός.
1477 2536 1820 2606 Ἐπουράνιοι

242 2617 300 2670 δὲ
332 2619 657 2690 γεγόναμεν,
708 2622 783 2685 ὡς
834 2626 893 2678 ἐν
945 2624 1167 2695 Χριστῷ
1212 2625 1468 2691 λασόντες
1513 2628 1573 2682 τὸ
1608 2630 1817 2700 χρῆμα.

243 2707 375 2771 Θεὸς
401 2709 511 2782 γὰρ
551 2708 627 2763 ὢν
668 2712 827 2779 φύσει
852 2714 946 2767 καὶ
996 2717 1059 2768 ἐκ
1094 2715 1229 2769 Θεοῦ
1251 2718 1345 2769 καὶ
1389 2717 1616 2785 ἄνωθεν,
1652 2737 1822 2774 κατα-

250 2802 583 2873 πεφοίτηκεν
633 2805 693 2857 ἐν
738 2808 852 2869 τοῖς
902 2806 1024 2861 καθ’
1071 2810 1220 2879 ἡμᾶς
1278 2810 1563 2880 ἀσυνήθως
1617 2828 1677 2865 τε
1728 2814 1821 2867 καὶ

246 2890 429 2957 ξένως,
453 2897 707 2965 γεννητὸς
732 2897 873 2952 κατὰ
897 2899 1076 2971 σάρκα
1102 2900 1341 2969 γεγονὼς
1369 2901 1463 2955 τοῦ
1487 2904 1818 2975 πνεύματος,

246 2982 332 3035 ίνα
388 2986 532 3053 ἂγιοί
586 3005 645 3041 τε
695 2989 788 3042 καὶ
847 2991 1113 3065 ἄφθαρτοι
1153 2995 1244 3046 καὶ
1292 2996 1454 3064 ἡμεῖς
1487 2996 1608 3049 κατ’
1658 2997 1821 3051 αὐτὸν

242 3073 606 3147 διαμείνωμεν
631 3078 707 3143 ὠς
745 3080 803 3145 ἐξ
833 3082 1005 3153 ἀρχῆς
1032 3084 1127 3136 καὶ
1164 3084 1321 3155 ῥίζης
1343 3086 1604 3157 δευτέρας
1632 3086 1817 3153 αὑτοῦ,

243 3163 483 3235 δηλονότι
514 3170 945 3243 καταϐαινούσης
979 3176 1059 3237 εἰς
1085 3176 1234 3244 ἡμᾶς
1272 3176 1370 3247 τῆς
1398 3178 1640 3248 χάριτος.

313 3445 373 3498 Β.
413 3445 645 3514 "Apta-1a
686 3450 841 3515 εφης.

312 3537 376 3591 Α.
416 3537 548 3589 Τίνα
601 3536 657 3588 δὲ
706 3540 907 3607 τρόπον
957 3540 1051 3591 καὶ
1078 3538 1395 3609 ὼμοιῶσθαί
1439 3555 1604 3607 φασιν
1658 3538 1820 3592 αὐτὸν

243 3623 387 3677 κατὰ
428 3625 607 3679 πάντα
648 3628 761 3688 τοῖς
810 3626 1079 3694 ἀδελφοῖς,
1124 3628 1402 3680 τουτέστιν
1440 3618 1619 3697 ἡμῖν,
1657 3628 1689 3700 ἢ
1725 3628 1819 3681 καὶ

243 3717 327 3780 τίς
364 3718 500 3781 ὅλως
538 3717 697 3771 νοοῖτ’
737 3717 803 3772 ἂν
843 3720 871 3771 ό
905 3718 1003 3789 τὴν
1048 3719 1309 3788 ὁμοίωσιν
1352 3718 1633 3784 ὑπελθὼν,
1665 3722 1713 3772 εἰ
1745 3719 1818 3791 μὴ

240 3808 383 3860 κατὰ
410 3807 569 3875 φύσιν
588 3809 772 3876 ἕτερος
793 3804 882 3879 ἦν,
914 3810 1006 3862 καὶ
1038 3811 1137 3863 οὐκ
1175 3809 1231 3861 ἐν
1254 3826 1316 3877 γε
1343 3811 1454 3871 τοῖς
1488 3808 1608 3862 καθ’
1634 3811 1813 3879 ἡμᾶς

241 3899 313 3953 Τὸ
369 3902 477 3971 γάρ
519 3901 582 3968 γέ
628 3917 770 3954 τισιν
824 3901 1199 3971 ὁμοιούμενον,
1240 3897 1379 3954 εἷναί
1430 3918 1531 3954 που
1599 3901 1817 3964 πάντως

241 3993 453 4061 ἀνάγκη
485 3992 739 4064 διάφορον
764 3995 892 4063 παρ’
924 3994 1142 4057 αὐτοὺς,
1169 3994 1263 4048 καὶ
1288 3994 1387 4047 οὐκ
1403 3994 1578 4058 ἐοικὸς
1609 3995 1815 4061 αὐτοῖς,

241 4085 535 4156 ἑτεροειδὲς
581 4085 637 4138 δέ
687 4087 908 4155 μᾶλλον,
951 4085 1126 4139 εἴτουν
1178 4088 1491 4158 ἐτεροφυές.
1541 4087 1817 4157 Ἀνόμοιος

239 4180 418 4232 τοίνυν
481 4179 743 4249 ὑπάρχων
792 4180 924 4249 ἡμῖν
984 4179 1128 4232 κατὰ
1176 4180 1337 4249 φύσιν
1381 4183 1409 4234 ὀ
1465 4180 1813 4251 Μονογενὴς,

238 4269 554 4339 ὠμοιῶσθαι
600 4271 816 4339 λέγεται
859 4270 1098 4339 γεγονὼς
1148 4270 1269 4324 καθ’
1321 4273 1501 4343 ἡμᾶς,
1538 4272 1815 4324 τουτέστιν

240 4359 543 4430 ἄνθρωπος.
581 4361 792 4416 Γένοιτο
820 4363 863 4415 δ’
906 4362 970 4414 ἂν
998 4361 1154 4416 τοῦτο
1186 4363 1283 4416 καὶ
1324 4364 1469 4430 μάλα
1510 4363 1685 4433 ὀρθῶς
1720 4364 1814 4417 καὶ

1926 1882 2200 1953 quidpiam
2231 1883 2491 1948 sentiens,
2525 1882 2649 1936 alibi
2676 1884 2749 1937 ita
2810 1890 2959 1938 recte
3002 1884 3288 1937 admodum
3328 1884 3501 1938 dixis-

1924 1991 2026 2032 se:
2069 1993 2089 2027 ι
2120 1975 2588 2042 Quemadmodum
2635 1976 2779 2028 enim
2825 1975 3159 2045 portavimus
3208 1977 3501 2045 imaginem

1927 2069 2147 2135 terreni,
2180 2068 2517 2137 portabimus
2548 2066 2711 2122 etiam
2750 2067 3036 2136 imaginem
3098 2069 3336 2124 caelestis
3372 2069 3439 2123 “.
3477 2087 3495 2121 ι

1924 2160 1993 2214 Ει
2022 2162 2254 2231 primum
2295 2160 2511 2229 quidem
2557 2160 2827 2214 hominem
2862 2174 2927 2214 ex
2971 2170 3134 2223 terra,
3166 2160 3300 2214 dixit
3341 2171 3506 2215 terre-

1924 2270 2084 2320 num;
2116 2256 2411 2309 secundum
2434 2268 2561 2307 vero
2584 2268 2645 2308 ex
2676 2252 2834 2317 coelo,
2858 2253 3157 2308 ccelesteut.
3192 2270 3210 2304 ι
3239 2252 3344 2307 Sed
3366 2268 3505 2323 qua-

1923 2346 1989 2402 lis
2025 2358 2293 2411 terrenns,
2348 2345 2482 2401 tales
2538 2354 2595 2400 et
2652 2346 2891 2411 terreni;
2942 2356 2997 2401 et
3038 2346 3499 2415 qualisemlestis,

1924 2440 2058 2495 tales
2086 2449 2141 2494 et
2185 2441 2461 2494 caelestes.
2502 2458 2521 2491 ι
2553 2438 2779 2493 Terreni
2836 2440 2980 2494 enim
3043 2455 3250 2503 sumus,
3318 2448 3503 2505 utpote

1925 2528 2242 2583 transmissa
2272 2529 2324 2582 in
2366 2544 2464 2583 nos
2520 2544 2587 2583 ex
2634 2541 2849 2583 terreno
2898 2529 3068 2582 Adam
3122 2529 3504 2584 maledictione

1922 2621 2311 2692 corruptionis,
2354 2637 2450 2689 per
2467 2638 2628 2692 quam
2659 2632 2714 2675 et
2738 2621 2821 2675 lex
2853 2622 3063 2692 peccati
3100 2623 3347 2692 irrepsit,
3379 2633 3501 2692 qua:

1921 2722 2004 2767 est
2030 2713 2082 2766 in
2110 2714 2371 2767 membris
2402 2715 2604 2769 carnis.
2635 2712 2896 2768 Calesles
2914 2726 3090 2768 autem
3123 2713 3250 2767 facti
3291 2730 3499 2778 sumus,

1921 2806 1974 2859 in
1998 2804 2216 2861 Christo
2239 2805 2292 2860 id
2315 2806 2612 2860 consecuti.
2649 2806 2790 2861 Deus
2812 2807 2957 2860 enim
2983 2807 3256 2860 exsistens
3286 2816 3498 2870 natura,

1920 2906 1975 2951 et
2002 2913 2068 2951 ex
2105 2896 2213 2953 Deo
2234 2906 2397 2966 atque
2429 2913 2491 2951 ex
2520 2898 2789 2966 supernis,
2858 2898 3138 2952 descendit
3178 2899 3242 2951 ad
3290 2909 3499 2962 nostra,

1922 3004 2059 3043 novo
2087 2999 2248 3057 atque
2293 2988 2554 3042 inusitato
2591 3003 2739 3042 more
2762 2990 2977 3058 genitus
3027 2990 3323 3043 secundum
3375 3005 3499 3043 car-

1924 3096 2044 3134 netu
2071 3080 2244 3134 factus
2265 3090 2349 3135 εει
2395 3078 2651 3147 Spiritus,
2702 3088 2758 3133 ut
2792 3079 3046 3135 videlicet
3100 3082 3275 3135 sancti
3332 3090 3498 3152 atque

1927 3171 2364 3238 incorruptibiles
2415 3169 2577 3224 etiam
2637 3186 2735 3226 nos
2781 3172 2834 3225 in
2902 3172 3020 3241 ipso
3091 3186 3405 3229 maneamus
3432 3188 3500 3227 ex

1928 3265 2069 3333 ipso,
2115 3272 2372 3331 tanquam
2403 3280 2469 3318 ex
2508 3263 2779 3333 principio
2804 3271 2859 3318 et
2912 3263 3097 3319 radice
3152 3265 3410 3331 secunda,
3445 3266 3501 3321 in

1925 3371 2023 3411 nos
2055 3352 2374 3409 transmissa
2402 3356 2597 3424 gratia.

1993 3446 2054 3499 Β.
2093 3445 2309 3516 Optime
2340 3447 2546 3501 dixisti.

1990 3540 2057 3592 A.
2098 3536 2341 3603 Quonam
2376 3553 2504 3592 vero
2544 3545 2700 3607 pacto
2739 3537 2904 3592 etiam
2934 3536 3164 3592 similem
3201 3538 3373 3607 ipsum
3414 3539 3500 3594 fa-

1921 3639 2068 3686 ctum
2101 3646 2222 3684 esse
2248 3630 2399 3685 aiunt
2423 3645 2515 3697 per
2538 3630 2717 3683 omnia
2748 3628 3027 3697 fratribus,
3059 3629 3158 3685 hoc
3182 3641 3285 3696 εει,
3312 3631 3501 3686 nobis?

1920 3733 2014 3776 aut
2042 3723 2289 3791 quisnam
2321 3722 2542 3775 omnino
2572 3730 2861 3774 censeatur
2901 3719 3070 3775 fuisse
3101 3718 3146 3774 is
3175 3720 3264 3789 qui
3300 3720 3497 3774 simili-

1923 3816 2160 3869 tudinem
2196 3824 2435 3868 nostram
2464 3813 2648 3877 subiit,
2674 3811 2774 3867 uisi
2807 3813 3101 3866 secundum
3132 3822 3376 3866 naturam
3413 3814 3498 3865 di-

1920 3923 2108 3963 versus
2144 3917 2282 3969 erat,
2322 3915 2378 3959 et
2419 3920 2528 3959 non
2575 3904 2730 3959 nobis
2767 3904 3003 3959 similis?
3031 3903 3183 3970 Quod
3213 3903 3356 3958 enim
3395 3904 3498 3957 ali—

1918 3999 2113 4068 quibus
2142 3998 2319 4052 simile
2352 3996 2607 4060 eliicitur,
2659 4010 2878 4050 necesse
2911 4007 2996 4051 est
3026 4007 3083 4049 ut
3113 3996 3383 4051 diversum
3431 3996 3499 4050 ab

1919 4093 1985 4148 iis
2014 4092 2307 4155 exstiterit,
2342 4106 2515 4159 neque
2561 4089 2735 4144 simile
2766 4089 2918 4158 ipsis,
2951 4091 3044 4144 sed
3071 4090 3250 4158 potius
3279 4088 3499 4143 alterius

1918 4181 2140 4252 speciei,
2172 4182 2289 4236 sive
2324 4191 2552 4235 naturae.
2584 4180 2747 4251 726
2774 4179 3062 4234 Dissimilis
3086 4180 3269 4248 itaque
3294 4189 3499 4233 natura:

1919 4294 1950 4331 a
1985 4277 2142 4332 nobis
2167 4276 2435 4330 exsistens
2466 4273 2807 4344 Unigeuitus,
2837 4271 3028 4326 similis
3057 4270 3229 4326 factus
3268 4285 3387 4325 esse
3411 4270 3497 4325 di-

1918 4368 2079 4431 citur,
2112 4370 2285 4421 factus
2331 4366 2381 4419 id
2416 4367 2555 4434 quod
2589 4378 2707 4429 nos,
2763 4362 2865 4416 hoc
2898 4372 3000 4427 εει,
3048 4360 3226 4415 homo.
3271 4358 3496 4413 Factum

244 4454 438 4522 μόνως,
471 4455 527 4506 ἐν
550 4455 799 4520 ἀποτέξει
832 4457 897 4524 τῇ
933 4453 1055 4507 καθ’
1081 4457 1252 4524 ἡμᾶς,
1276 4457 1323 4508 εἰ
1354 4457 1449 4509 καὶ
1475 4452 1812 4526 παραδόξως,

1926 4471 2101 4514 autem
2130 4460 2231 4513 fuit
2258 4459 2377 4521 hoc,
2417 4468 2469 4510 et
2495 4466 2638 4510 recte
2672 4455 2957 4509 admodum
2989 4468 3053 4507 ac
3083 4453 3419 4508 solummodo
3444 4450 3495 4504 in

240 4545 323 4596 ἐπ’
347 4544 533 4599 αὐτοῦ.
561 4546 692 4608 Θεὸς
714 4545 823 4616 γὰρ
852 4541 920 4616 ἦν
947 4548 975 4599 ὁ
998 4545 1386 4616 σαρκούμενος.
1418 4546 1810 4616 Ὀμολογείσθω

240 4652 301 4703 γε
336 4638 440 4709 μὴν
479 4638 554 4701 ὡς
594 4638 839 4708 ἐψύχωτο
868 4642 1070 4708 νοερῶς
1102 4638 1161 4691 τὸ
1208 4638 1406 4691 ἐνωθέν
1444 4639 1589 4710 αὑτῴ
1630 4640 1809 4710 σῶμα.

242 4728 315 4780 Οὐ
346 4729 454 4799 γάρ
489 4746 572 4783 τοι
600 4730 661 4783 τὸ
698 4731 945 4800 κρεῖττον
973 4731 1081 4782 τῶν
1115 4732 1172 4783 ἐν
1200 4732 1331 4800 ἡμῖν
1359 4731 1536 4801 ἀφεὶς,
1565 4735 1810 4787 τουτέστι

238 4820 434 4891 φυχὴν,
467 4821 631 4891 μόνου
664 4823 956 4892 πεποίηται
980 4820 1145 4890 φειδὼ
1174 4823 1366 4891 γηῖνου
1398 4822 1670 4892 σώματος,
1695 4824 1808 4877 ἀλλ’

238 4913 369 4983 ὁμοῦ
403 4914 580 4985 ψυχῆς
618 4916 710 4968 καὶ
756 4914 1006 4985 σώματος
1041 4916 1336 4987 προενόησε
1381 4916 1556 4985 σοφῶς
1581 4918 1710 4981 Θεὸς
1736 4918 1810 4971 ὢν

240 5005 268 5056 ό
295 5005 485 5074 Λόγος.

307 5184 366 5235 Β.
410 5183 672 5254 Σύμφημι
692 5200 706 5215 ο
740 5189 954 5257 φρονεῖς
981 5187 1091 5259 γὰρ
1117 5190 1311 5260 ὀρθῶς.

307 5276 367 5326 Λ.
410 5275 619 5328 Οὐκοῦν
656 5277 705 5328 εἰ
746 5276 952 5345 λέγοιεν
981 5279 1028 5330 οἱ
1063 5278 1129 5332 δι’
1168 5281 1435 5345 ἐναντίας,
1471 5284 1668 5353 ἥκιστα
1710 5285 1808 5355 μὲν

238 5364 495 5418 Θεοτόκον
518 5365 878 5437 ὀνομάζεσθαι
907 5369 1017 5423 δεῖν
1046 5369 1142 5442 τὴν
1165 5373 1329 5440 ἁγίαν
1359 5374 1651 5444 Παρθένον,
1674 5378 1807 5448 Χρι-

242 5456 489 5510 στοτόκον
513 5458 569 5511 δὲ
599 5459 818 5529 μᾶλλον,
849 5460 1222 5532 δυσφημοῦσιν
1244 5466 1567 5534 ἀναφανδὸν,
1592 5470 1685 5520 καὶ
1710 5469 1806 5522 τοῦ

241 5541 377 5599 εἶναι
403 5548 537 5601 Θεὸν
570 5549 661 5601 καὶ
691 5549 819 5603 Υἱὸν
853 5548 1071 5621 άληθῶς
1103 5553 1432 5608 ἀποσοΰοῦσι
1457 5557 1707 5627 Χριστόν.
1742 5560 1805 5611 ΕΞ

245 5637 349 5707 γὰρ
388 5634 527 5692 εἶναι
572 5640 886 5694 πιστεύουσι
924 5642 1055 5695 Θεὸν
1081 5643 1295 5714 ἀληθῶς
1348 5649 1528 5716 αὐτὸν,
1562 5651 1636 5714 ὡς
1685 5652 1805 5707 καθ’

312 5730 354 5761 ⁸⁸
387 5729 403 5785 1
439 5733 562 5788 Cor.
604 5749 685 5800 xv,
713 5732 801 5787 9.5.
880 5735 923 5767 "
959 5735 1087 5791 ibid.
1116 5735 1201 5792 $9.

1919 4550 2196 4605 nativitate
2230 4559 2429 4604 nostrae
2469 4547 2658 4612 simili,
2693 4548 2903 4600 tametsi
2928 4544 3317 4599 admirabiliter
3355 4542 3498 4613 quod

1918 4642 1984 4695 ad
2026 4641 2200 4710 ipsum
2245 4641 2458 4693 attinet.
2503 4637 2646 4693 Deus
2689 4636 2832 4690 enim
2888 4645 3029 4701 erat,
3061 4635 3150 4702 qui
3184 4635 3497 4688 incarnatus

1918 4742 2020 4787 est.
2060 4732 2416 4786 Proﬁtemuur
2455 4731 2641 4798 utique
2679 4728 2974 4779 animatum
3006 4739 3125 4779 esse
3160 4724 3497 4778 intellectua-

1917 4825 2042 4879 Iiter
2066 4838 2262 4893 corpus
2306 4823 2404 4892 ipsi
2453 4822 2684 4875 unitum.
2733 4818 2919 4887 Neque
2948 4817 3091 4871 enim
3123 4816 3497 4886 prmstantiore

1916 4917 2089 4971 nostri
2123 4926 2296 4986 parte,
2334 4915 2434 4968 hoc
2459 4922 2561 4978 est,
2595 4912 2773 4966 anima
2801 4909 3065 4979 neglecta,
3095 4908 3261 4963 solius
3293 4907 3490 4960 terreni

1915 5008 2163 5077 corporis
2197 5022 2324 5062 cura
2366 5006 2551 5060 habita
2587 5013 2687 5070 est,
2729 5003 2821 5057 sed
2852 5003 3012 5057 simul
3040 5002 3235 5054 animae
3274 5008 3328 5054 et
3368 5015 3492 5053 cor-

1914 5101 2032 5172 pori
2066 5100 2339 5169 sapienter
2360 5097 2638 5168 prospexit
2667 5096 2807 5150 Deus
2832 5093 3099 5148 exsistens
3125 5091 3385 5148 Verbum.

1984 5194 2043 5248 B.
2083 5192 2365 5247 Asscutior
2396 5210 2408 5245 :
2449 5202 2593 5245 recte
2614 5189 2758 5243 enim
2794 5188 2985 5241 sentis.

1985 5284 2051 5337 A.
2086 5283 2321 5338 Proinde
2341 5283 2387 5337 si
2411 5282 2592 5335 dicant
2611 5278 2928 5340 adversarii,
2949 5283 3192 5332 sanctam
3218 5272 3489 5343 Virginem

1916 5375 2055 5429 nulla
2104 5374 2314 5429 ratione
2364 5371 2648 5441 Deiparam
2676 5368 2931 5439 appellari
2960 5368 3176 5428 debere,
3198 5365 3290 5419 sed
3319 5366 3493 5434 potius

1914 5468 2333 5536 Christiparam,
2367 5465 2652 5519 manifeste
2702 5460 3096 5530 blasphemant,
3129 5467 3182 5512 et
3214 5456 3489 5511 Christum

1917 5561 2081 5616 Deum
2128 5576 2191 5614 ac
2237 5573 2360 5613 vere
2404 5556 2599 5611 Filium
2635 5570 2755 5609 esse
2787 5562 3004 5623 negant.
3036 5550 3166 5605 Nam
3209 5549 3252 5603 si
3307 5549 3487 5617 ipsum

1916 5665 2101 5707 revera
2167 5649 2333 5705 Deum
2398 5663 2517 5704 esse
2567 5646 2810 5708 credunt,
2875 5652 3055 5715 utpote
3109 5641 3277 5698 nostri
3322 5636 3489 5694 simili
