3846 6210
414 303 548 358 I975

1429 303 1487 356 S.
1525 301 1798 358 CYRZLLI
1838 300 2306 357 ALEXANDRINI
2347 303 2663 369 ARCHIEP.

3511 305 3622 358 1276

413 418 552 470 tacto
587 415 892 483 Unigenito,
925 432 1022 471 cur
1047 417 1214 486 ipsius
1249 417 1562 485 genitricem
1589 417 1869 484 Deiparam
1895 433 1978 486 ap

2093 417 2240 485 ἡμᾶς
2266 417 2551 484 γεγονότος
2593 415 2686 468 τοῦ
2720 417 3080 482 Μονογενοῦς,
3115 417 3231 468 ἀνθ’
3260 418 3378 469 ὅτου
3411 435 3623 471 καταπε-

412 511 609 578 peltare
655 520 928 576 verentur,
975 509 1271 564 secundum
1301 524 1518 564 carnem
1554 510 1812 578 inquam?

480 685 542 738 Β.
583 685 694 739 lino
745 685 944 739 aiunt:
982 685 1232 740 convenit
1284 685 1426 740 enim
1487 685 1735 754 privatim
1791 700 1984 740 nomen

409 781 606 834 Clu-isti
643 781 688 833 ei
716 780 915 848 quiest
945 793 1007 830 ev
1052 777 1276 832 muliere
1317 787 1370 830 et
1405 777 1611 830 semine
1643 777 1833 842 David,
1866 778 1988 830 ideo

409 874 549 941 quod
585 873 657 926 sit
693 883 885 925 unctus
917 871 1118 936 Spiritu
1154 882 1365 925 sancto.
1391 870 1460 923 At
1491 870 1723 925 Verbum
1751 887 1816 925 ex
1855 873 1982 935 Deo,

409 975 666 1032 quantum
692 965 756 1016 ad
790 966 1060 1033 propriam
1088 980 1239 1018 suam
1266 974 1509 1017 naturain
1534 965 1748 1026 attinet,
1779 979 1985 1033 nequa-

407 1073 567 1124 quam
616 1056 942 1124 ejuscemodi
979 1056 1148 1124 gratia
1189 1055 1408 1124 indiget,
1457 1056 1721 1123 siquidem
1766 1070 1830 1109 ex
1885 1070 1984 1109 sua

407 1158 596 1200 natura
629 1157 875 1201 sanctum
910 1157 1010 1200 est.
1044 1145 1230 1200 Nonne
1257 1146 1399 1200 enim
1432 1162 1626 1200 nomen
1657 1146 1858 1201 Christi
1883 1164 1986 1200 un-

406 1239 637 1290 ctionem
677 1238 912 1306 aliquam
942 1236 1138 1290 factam
1177 1238 1488 1305 significat?

474 1330 539 1382 Α.
585 1329 748 1382 Recte
785 1329 1002 1397 quidem
1041 1329 1176 1383 dicis
1218 1346 1232 1382 :
1266 1329 1518 1382 nimirum
1555 1331 1695 1399 quod
1727 1332 1848 1399 quia
1887 1345 1988 1382 un-

405 1429 522 1474 etus
563 1430 644 1475 est
681 1420 1013 1475 solummodo
1068 1420 1318 1475 Christus
1347 1431 1599 1485 vocatur;
1635 1425 1985 1490 quemadmo-

408 1509 530 1564 dum
571 1519 626 1564 et
655 1512 950 1579 apostolus,
989 1522 1210 1580 propter
1248 1511 1346 1581 τὴν
1390 1513 1718 1582 ἀποστολήν,
1747 1515 1848 1568 hoc
1880 1526 1982 1582 est,

408 1602 754 1670 legationem,
786 1604 1008 1673 angelus
1036 1604 1124 1658 διὰ
1163 1605 1224 1657 τὸ
1245 1605 1550 1674 ἀγγέλλειν,
1597 1619 1818 1676 pr0pter
1852 1625 1988 1663 nun-

407 1695 682 1748 tiationeiu
731 1715 742 1750 :
799 1713 920 1750 nam
975 1697 1132 1765 huius
1183 1701 1400 1767 generis
1439 1700 1654 1753 notuina
1711 1701 1984 1755 actionum

2090 505 2316 575 φρίκασι
2343 506 2604 558 Θεοτόκον
2635 507 2808 558 είπείν
2847 505 2946 576 τὴν
2979 504 3244 558 τεκοῦσαν
3285 505 3463 571 αὑτὸν,
3503 509 3624 561 κατά

2087 615 2172 666 γε,
2204 599 2346 668 φημὶ
2377 598 2477 668 τὴν
2507 598 2721 668 σάρκα;

2157 691 2218 745 Β.
2259 691 2386 754 Ναὶ,
2419 690 2620 758 φασίνο
2649 690 2793 743 ἔοικε
2835 689 2944 761 γάρ
2976 689 3292 761 καταμόνας
3333 689 3407 759 τῷ
3452 692 3510 744 ἐκ
3547 709 3627 760 γυο

2087 781 2271 844 ναικὸς
2319 784 2414 836 καὶ
2457 783 2522 836 ὲκ
2574 783 2892 852 σπέρματος
2936 783 3030 836 τοῦ
3077 781 3264 846 Δαὸὶδ,
3299 781 3360 834 τὸ
3401 784 3628 850 Χριστι“·ς

2087 873 2279 943 ὀνομα,
2300 874 2387 928 διὰ
2412 872 2474 926 τὸ
2508 873 2792 944 κεχρῖσθαι
2823 873 2902 943 τῷ
2934 874 3073 944 ἁγίῳ
3097 872 3404 942 Πνεύματι·
3434 875 3629 944 δεηθείη

2086 965 2131 1018 δ’
2167 964 2234 1018 ἂν
2265 965 2544 1034 οὐδαμῶς,
2569 966 2630 1018 τό
2665 982 2726 1033 γε
2759 961 2893 1038 ἧκον
2926 966 3006 1028 είς
3039 965 3175 1018 ίδίαν
3211 964 3390 1033 φύσιν,
3422 968 3483 1019 ὲκ
3512 966 3630 1018 Θεοῦ

2086 1055 2260 1124 Λόγος
2301 1055 2396 1110 τοῦ
2439 1057 2647 1110 τοιοῦδε
2689 1059 3066 1129 χαρίσματος,
3111 1057 3270 1126 εἰπερ
3311 1059 3454 1112 ἐστὶν
3497 1059 3633 1125 ἆγιος

2088 1149 2230 1202 κατὰ
2277 1148 2456 1217 φύσιν.
2480 1145 2558 1202 Ἦ
2589 1149 2696 1220 γὰρ
2732 1150 2854 1220 οὐχὶ
2885 1150 2946 1202 τὸ
2971 1149 3225 1216 Χριστὸς
3265 1149 3432 1218 ὄνομα
3466 1148 3631 1218 χρίσιν

2087 1240 2209 1294 τινὰ
2240 1242 2539 1311 γενομένην
2571 1242 2941 1312 ὑπεμφήνειεν
2967 1242 3066 1307 av;

2157 1334 2220 1386 Δ.
2265 1333 2440 1402 Ἔφης
2475 1334 2574 1403 μὲν
2616 1333 2814 1402 ὀρθῶς,
2835 1333 2909 1396 ὡς
2936 1332 3026 1386 διά
3046 1350 3128 1386 τοι
3166 1332 3226 1385 τὸ
3252 1333 3528 1403 κεχρῖσθαι
3554 1333 3636 1402 μόο

2087 1442 2177 1478 νον
2209 1426 2440 1493 Χριστὸς
2487 1425 2831 1496 ὀνομάζεται,
2875 1427 3126 1496 καθάπερ
3165 1426 3356 1496 ἀμέλει
3389 1426 3480 1479 καὶ
3519 1426 3638 1478 ἀπό-

2089 1518 2274 1581 στολος
2289 1519 2378 1571 διὰ
2404 1519 2502 1588 τὴν
2528 1519 2852 1591 ἀποστολὴν,
2881 1519 3111 1587 ἄγγελός
3147 1535 3206 1571 τε
3247 1519 3334 1572 διά
3366 1518 3427 1571 τὺ
3462 1517 3640 1585 ἀγγέλ-

2087 1609 2218 1663 λειν.
2244 1610 2324 1662 Τά
2350 1609 2459 1679 γὰρ
2488 1611 2664 1664 τοιάδε
2689 1610 2798 1664 τῶν
2819 1612 3118 1680 ὀνομάτων,
3138 1611 3475 1681 πραγμάτων
3497 1593 3640 1661 τινῶῦ

2091 1702 2322 1753 ποιεῖται
2351 1700 2605 1770 δήλωσιν,
2634 1701 2736 1770 οὐχ
2776 1701 3126 1754 ύποστάσεων
3166 1699 3366 1762 ἰδικῶν,
3399 1698 3516 1752 οὔτε
3547 1699 3643 1768 μὴν

407 1787 759 1852 quarumdam
790 1788 1203 1856 explicationem
1235 1789 1482 1853 innuunt,
1516 1806 1620 1842 non
1655 1806 1784 1845 vero
1818 1806 1978 1859 pecu-

2093 1766 2900 1862 προσώπων-ὀμολογουμένων.
2958 1792 3264 1864 Κέκληνται
3310 1792 3418 1862 γὰρ
3470 1766 3561 1844 καί
3598 1766 3643 1843 ot

407 1878 568 1932 tiares
603 1880 933 1934 substantias
973 1881 1087 1934 sive
1135 1896 1397 1950 personas
1444 1883 1725 1937 evidentes
1779 1884 1984 1954 signiti-

405 1983 548 2026 cant.
579 1970 764 2026 Vocati
795 1974 938 2025 enim
970 1983 1095 2027 sunt
1123 1973 1396 2042 propheta:
1428 1976 1640 2038 cliristi,
1673 1977 1827 2045 juxta
1853 1977 1982 2032 illud

406 2064 457 2115 in
482 2061 706 2117 Psalmis
729 2074 1000 2117 cantatum
1030 2086 1041 2118 :
1075 2085 1093 2116 ι
1120 2066 1293 2120 Nolite
1318 2076 1535 2134 tangere
1557 2069 1788 2123 christos
1811 2084 1978 2134 meos,

403 2166 456 2206 et
489 2155 538 2208 in
576 2155 854 2223 prophetis
897 2157 1028 2210 meis
1061 2156 1230 2210 nolite
1269 2158 1550 2226 malignari
1590 2160 1655 2213 "°.
1699 2179 1718 2212 ι
1755 2160 1894 2226 Quin
1931 2171 1984 2216 et

406 2246 666 2312 propheta
700 2243 951 2300 Habacuc
984 2247 1055 2300 ita
1088 2247 1163 2300 ait
1190 2266 1204 2302 :
1241 2266 1258 2298 ι
1289 2247 1554 2318 Egressus
1580 2264 1638 2304 es
1669 2251 1720 2304 in
1756 2250 1981 2312 salutem

405 2336 583 2406 populi
624 2339 720 2400 tui,
748 2337 958 2392 salvare
993 2339 1227 2394 christos
1253 2351 1371 2395 tuos
1394 2341 1462 2396 τι.
1496 2361 1514 2393 ι
1543 2342 1812 2397 Czeterum
1851 2344 1982 2399 illud

401 2428 564 2480 etiam
594 2427 778 2482 dicito.
813 2427 945 2481 Nam
979 2441 1033 2484 et
1059 2430 1160 2500 ipsi
1193 2435 1526 2488 eontemlunt
1562 2434 1840 2491 Christum
1877 2453 1981 2492 non

401 2534 520 2574 esse
549 2536 736 2582 unum,
774 2529 827 2572 et
854 2519 1070 2584 Filium,
1107 2533 1361 2591 tauquam
1393 2526 1676 2580 Dominum
1709 2528 1980 2585 hominem

402 2609 603 2662 factum
637 2622 798 2680 atque
831 2611 1172 2667 incarnatum
1208 2615 1542 2683 unigenitum
1591 2619 1682 2672 Dei
1723 2619 1978 2676 Verbum.

473 2705 534 2758 Β.
577 2705 968 2760 Contenderint
1013 2705 1259 2762 fortasse.
1313 2707 1505 2762 Volunt
1551 2709 1736 2779 utique
1783 2728 1980 2766 nomen

402 2798 524 2862 hoc,
559 2797 829 2863 Christus,
867 2814 971 2852 non
1005 2799 1073 2852 ita
1100 2801 1392 2854 convenire
1425 2800 1604 2855 Verbo
1631 2818 1695 2856 ex
1730 2803 1840 2858 Deo
1874 2804 1982 2858 Pa-

403 2900 482 2944 tre
515 2889 696 2956 cenito
733 2907 746 2942 :
783 2890 926 2958 quod
979 2890 1232 2944 nimirum
1278 2907 1382 2945 non
1415 2893 1486 2945 sit
1519 2903 1737 2947 unctum
1783 2910 1980 2950 secun—

399 2982 525 3034 dum
559 2984 829 3050 proiiriam
861 2999 1013 3036 suam
1064 2992 1335 3047 naturam,
1373 2994 1556 3049 utpote
1591 2986 1754 3040 Deus.
1789 2987 1894 3041 Sed
1927 2999 1981 3042 et

401 3073 527 3128 illud
561 3089 775 3143 quoque
820 3075 1081 3143 adjiciunt
1114 3098 1126 3130 :
1165 3075 1349 3144 Neque
1382 3079 1548 3141 enim,
1597 3079 1866 3147 inquiunt,
1898 3090 1981 3136 est
2009 3102 2050 3158 ς

402 3179 570 3218 unum
598 3180 661 3217 cx
697 3166 762 3219 iis
789 3167 1095 3221 nominibus
1127 3183 1246 3236 qua:
1277 3169 1437 3240 72-7
1464 3186 1492 3222 a
1518 3170 1674 3225 nobis
1727 3173 1792 3226 de
1822 3171 1984 3227 Patre

398 3269 456 3312 et
490 3259 694 3326 Spiritu
721 3269 910 3313 sancto
941 3262 1320 3328 prmdicantur.

470 3352 533 3404 A.
579 3349 827 3405 Nondum
876 3354 1011 3406 satis
1059 3352 1341 3408 manifesta
1389 3363 1472 3408 est.
1517 3357 1710 3412 oratio.
1761 3357 1982 3415 Declat'a

398 3445 606 3512 itaque.
645 3443 810 3499 Recte
841 3446 986 3499 enim
1022 3444 1234 3499 feceris.

468 3537 532 3594 B.
575 3539 710 3591 Audi
748 3539 930 3606 igitur.
960 3538 1386 3608 Quamplurimaa
1413 3553 1560 3605 sunt,
1594 3559 1779 3614 emquc
1806 3548 1985 3600 diver-

396 3648 470 3686 sae
492 3631 542 3685 in
570 3632 741 3686 sacris
769 3629 989 3684 Litteris
1011 3630 1127 3683 Filii
1147 3631 1553 3700 appellationes.
1578 3633 1812 3690 Vocatur
1837 3640 1981 3692 enim

397 3723 538 3776 Deus
569 3732 623 3775 et
653 3721 930 3786 Dominus,
961 3731 1013 3775 et
1047 3723 1136 3775 lux
1172 3734 1225 3776 et
1263 3724 1390 3787 vita,
1421 3739 1628 3778 necnon
1664 3742 1754 3780 rex
1788 3738 1842 3781 et
1870 3729 1982 3798 vir-

401 3824 570 3868 tutum
609 3813 888 3878 Dominus,
937 3824 1162 3869 sanctus
1215 3826 1269 3876 et
1302 3819 1667 3884 omnipotens.
1715 3819 1980 3875 Caeterum

397 3907 440 3960 si
477 3907 598 3975 quis
634 3907 746 3960 hrec
789 3907 900 3975 ipsa
945 3905 1013 3959 de
1065 3905 1224 3961 Patre
1257 3909 1373 3961 sive
1425 3910 1491 3962 de
1541 3907 1744 3978 Spiritu
1795 3927 1982 3972 saneto

396 3999 792 4066 przedicaverit,
827 4001 1464 4068 nequaquainerraverit.
1500 4000 1666 4056 Unius
1693 4003 1837 4057 enim
1870 4021 1984 4057 na—

401 4103 552 4157 turae,
592 4107 695 4144 una
721 4093 886 4146 etiam
924 4091 1087 4146 fuerit
1112 4094 1334 4146 omnino
1358 4106 1413 4146 et
1447 4095 1768 4162 dignitatum
1803 4101 1983 4153 exvel-

396 4184 583 4238 lentia.
617 4184 674 4237 Si
702 4199 828 4253 ergo
860 4201 1054 4238 nomen
1086 4180 1286 4239 Christi
1319 4200 1442 4240 vere
1483 4191 1736 4242 cooveuit
1785 4189 1979 4261 Unige-

398 4274 533 4339 nito,
587 4277 857 4328 tribuatur
902 4277 1092 4341 etiam,
1132 4276 1399 4345 inquiunt,
1455 4278 1823 4334 iudilierenter
1875 4299 1981 4337 una

397 4384 518 4423 cum
557 4366 679 4421 aliis
713 4367 1158 4436 appellationibus
1181 4379 1234 4421 et
1262 4368 1406 4423 Patri
1430 4381 1484 4423 et
1509 4369 1734 4440 Spiritui
1769 4386 1976 4429 sancto.

2086 1884 2363 1952 προφῆται
2390 1884 2620 1953 χριστοὶ,
2655 1883 2792 1936 κατὰ
2819 1884 2880 1936 τὸ
2911 1885 2968 1936 ὲν
3001 1884 3250 1954 Ψαλμοῖς
3281 1884 3607 1954 ὑμνούμενον
3627 1901 3638 1912 ·

2091 1992 2109 2023 ι
2146 1975 2236 2042 Μὴ
2265 1974 2500 2028 ἅπτεσθε
2545 1976 2653 2029 τῶν
2699 1975 2934 2046 χριστῶν
2986 1992 3109 2045 μου,
3157 1975 3250 2028 καὶ
3287 1977 3346 2027 ὲν
3378 1977 3488 2037 τοῖς
3525 1991 3644 2043 προο

2087 2069 2284 2137 φήταις
2310 2085 2412 2136 μου
2439 2068 2515 2136 μὴ
2549 2067 2935 2138 πονηρεύεσθε.
2971 2085 2988 2118 ι
3020 2067 3162 2138 Ἔφη
3192 2067 3247 2120 δὲ
3278 2068 3418 2120 καὶό
3452 2070 3644 2137 προφή-

2083 2176 2183 2229 της
2222 2158 2536 2230 Ἀ66ακούμ
2563 2176 2575 2188 ·
2617 2180 2635 2212 ι
2677 2158 2927 2230 Ἐξῆλθες
2974 2159 3054 2221 είς
3097 2159 3370 2228 σωτηρίαν
3399 2159 3525 2211 λαοῦ
3559 2176 3642 2211 σου

2083 2252 2176 2306 τοῦ
2213 2252 2385 2307 σῶσαι
2427 2255 2554 2316 τοὺς
2597 2253 2857 2324 χριστούς
2900 2270 3016 2307 σου.
3053 2271 3071 2302 ι
3110 2251 3256 2322 Πλὴν
3311 2253 3490 2305 ἐκεῖνο
3520 2253 3643 2323 φρά-

2086 2360 2210 2396 σον·
2245 2344 2306 2396 ού
2344 2344 2453 2414 γὰρ
2483 2341 2619 2396 εἷναί
2655 2361 2788 2412 φασι
2835 2345 2930 2397 καὶ
2964 2345 3120 2398 αὐτοὶ
3158 2344 3398 2414 Χριστὸν
3443 2344 3534 2397 ἕνα
3562 2347 3646 2398 καὶ

2085 2436 2232 2499 Υἱὸν,
2259 2435 2334 2498 ὡς
2365 2435 2568 2505 Κύριον
2603 2435 3100 2505 ἐνανθρωπήσαντα
3125 2435 3218 2488 καὶ
3240 2437 3643 2506 σεσαρκωμένον

2083 2526 2174 2580 τὸν
2200 2527 2480 2597 Μονογενῆ
2515 2525 2608 2579 τοῦ
2631 2526 2766 2579 Θεοῦ
2801 2526 2992 2595 Λόγον.

2155 2708 2215 2760 Β.
2255 2708 2415 2759 Φαῖεν
2451 2706 2516 2760 ἂν
2566 2707 2731 2770 ἴσως,
2779 2707 3014 2760 ἐοικέναι
3053 2725 3114 2775 γε
3165 2707 3290 2778 μὴν,
3338 2707 3460 2776 ούχί
3490 2705 3642 2776 δήπου

2088 2797 2287 2868 μᾶλλον
2318 2797 2396 2867 τῷ
2426 2800 2488 2850 ὲκ
2515 2797 2658 2851 Θεοῦ·
2680 2798 2892 2869 Πατρὸς
2934 2797 3092 2868 φύντι
3127 2799 3281 2868 Λόγῳ
3309 2798 3374 2850 τὸ
3408 2797 3641 2866 Χριστὸς

2083 2890 2255 2961 ὄνομα
2290 2890 2590 2960 βούλονται,
2617 2890 2704 2942 διά
2734 2907 2814 2942 τοι
2848 2890 2907 2942 τὸ
2949 2889 3023 2960 μὴ
3051 2889 3340 2959 κεχρῖσθαι
3374 2890 3492 2941 κατ’
3528 2887 3644 2940 ἰδίαν

2086 2983 2247 3052 φύσιν
2297 2983 2374 3046 ὡς
2425 2983 2578 3036 Θεόν.
2632 2983 3049 3051 Προσεπάγουσι
3095 2982 3151 3034 δὲ
3201 2982 3379 3052 τούτῳ
3423 2982 3641 3034 κάκεῖνο.

2084 3077 2158 3129 υύ
2193 3076 2300 3147 γάρ
2330 3093 2434 3141 τοι,
2475 3077 2657 3144 φασὶν,
2693 3075 2768 3138 ὡς
2802 3075 2860 3127 ἓν
2890 3076 3004 3126 ἐστι
3041 3073 3150 3126 τῶν
3175 3075 3482 3144 ὀνομάτων,
3522 3072 3646 3138 άπερ

2083 3168 2148 3222 ἂν
2171 3168 2380 3236 λέγοιτο
2412 3167 2546 3237 πρὸς
2577 3170 2607 3236 ἡ
2618 3167 2752 3236 μῶν,
2803 3168 2897 3220 καὶ
2927 3167 3014 3220 ἐπ’
3047 3165 3212 3219 αὑτοῦ
3251 3164 3351 3218 τοῦ
3388 3163 3642 3235 [Ιατρδςῆ

2083 3262 2176 3314 καὶ
2201 3261 2294 3313 τοῦ
2326 3259 2479 3328 άγίου
2509 3259 2847 3328 Πνεύματος.

2149 3357 2214 3406 Α.
2257 3352 2422 3406 Οὔπω
2450 3352 2595 3424 μάλα
2633 3353 2780 3404 ἐστὶν
2810 3352 3048 3423 ἐναργὴς
3097 3353 3125 3404 ὁ
3157 3352 3352 3420 λόγος·
3392 3349 3641 3417 Διασάφει

2081 3441 2205 3498 οὖν·
2235 3446 2454 3516 δράσεις
2487 3443 2595 3514 γὰρ
2631 3444 2826 3514 ὀρθῶς.

2155 3539 2214 3592 Β.
2251 3538 2451 3590 ’Ἄκουε
2495 3537 2581 3607 δή.
2635 3537 2904 3605 Πλείστην
2953 3535 3051 3607 μὲν
3092 3537 3200 3606 γὰρ
3246 3536 3348 3589 καὶ
3397 3534 3645 3603 διαφόρως

2083 3628 2511 3700 ὲξενηνεγμένην
2539 3627 2636 3697 τὴν
2670 3626 2766 3678 τοῦ
2801 3627 2929 3680 Υίοῦ
2967 3627 3178 3696 κλῆσιν,
3215 3629 3374 3698 παρά
3406 3630 3522 3689 ταῖς
3547 3626 3644 3678 θεο-

2085 3721 2374 3783 πνεύστοις
2425 3721 2671 3790 Γραφαῖς
2717 3718 2924 3771 ἔνεστιν
2979 3720 3126 3771 ίδεῖν.
3173 3719 3502 3788 Ὠνόμασται
3553 3717 3646 3784 γάρ

2082 3814 2214 3877 Θεὸς
2246 3815 2340 3866 καὶ
2377 3813 2603 3884 Κύριος,
2629 3813 2725 3865 καὶ
2757 3811 2894 3880 φῶς,
2928 3811 3021 3864 καὶ
3062 3809 3196 3882 ζωὴ,
3227 3814 3324 3865 καὶ
3358 3813 3538 3881 μέντοι
3568 3810 3642 3862 iui

2087 3908 2364 3977 βασιλεὺς,
2417 3906 2510 3959 καὶ
2558 3904 2668 3958 τῶν
2697 3906 2980 3974 δυνάμεων
3022 3905 3254 3976 Κύριος,
3288 3907 3449 3972 am;
3488 3922 3542 3956 τε
3568 3904 3642 3956 καὶ

2085 4000 2503 4070 παντοκράτωρ.
2554 3999 2694 4052 Ἀλλ’
2724 4001 2773 4052 εἰ
2821 3999 3062 4069 βούλοιτό
3101 4016 3185 4060 τις
3230 4001 3329 4051 καὶ
3383 4000 3468 4051 ἐπ’
3500 3995 3642 4050 αὑτοῦ

2084 4095 2248 4162 φάναι
2276 4094 2432 4146 ταυτὶ
2460 4092 2555 4146 τοῦ
2602 4091 2839 4162 Πατρὸς,
2867 4093 3034 4163 ἤγουν
3063 4089 3156 4144 τοῦ
3201 4091 3366 4158 ἁγίου
3415 4091 3641 4159 Πνεῦμα-

2083 4206 2195 4250 τος,
2224 4189 2325 4240 οὐκ
2352 4187 2418 4240 ἂν
2457 4185 2695 4256 ἁμάρτοι
2732 4185 2827 4238 τοῦ
2863 4185 3194 4258 πρέποντος·
3249 4187 3388 4254 μιᾶς
3424 4183 3528 4253 γάρ
3560 4181 3639 4250 φύ-

2085 4297 2224 4342 σεως
2259 4279 2354 4348 μία
2375 4295 2477 4330 που
2500 4279 2717 4337 πάντως
2746 4277 2899 4328 ἔσται
2998 4276 3106 4329 τῶν
3131 4275 3466 4344 ἀξιωμάτων
3497 4277 3640 4342 ὑπερ-

2082 4373 2204 4442 οχή.
2256 4372 2427 4439 Εἴπερ
2471 4367 2566 4422 οὖν
2614 4371 2765 4422 ἐστιν
2798 4368 3011 4437 ἀληθῶς
3043 4369 3220 4430 ἐοικὸς
3247 4368 3427 4436 ὄνομα
3454 4368 3527 4437 τῷ
3548 4367 3641 4420 Μο-

394 4461 527 4513 Cum
579 4475 706 4513 vero
749 4460 1036 4514 absurdum
1096 4461 1444 4518 vehementer
1494 4465 1583 4527 sit,
1634 4463 1685 4517 id
1741 4468 1976 4522 nominis

2093 4464 2284 4530 ιογενεῖ
2301 4461 2362 4513 τὸ
2382 4459 2656 4528 Χριστὸς,
2678 4462 2945 4530 χωρείτω,
2966 4459 3151 4525 φασὶν,
3169 4459 3500 4528 ἀδιακρίτως
3525 4459 3643 4527 μετὰ

396 4550 540 4603 Patri
575 4560 627 4603 et
659 4550 878 4617 Spiritui
911 4562 1099 4605 sancto
1143 4553 1434 4615 ascribere,
1485 4569 1660 4622 neque
1695 4556 1790 4624 ipsi
1833 4559 1970 4610 veri-

395 4643 646 4695 similiter
692 4641 976 4712 Unigenito
1017 4645 1336 4709 conveniet;
1387 4645 1478 4698 sed
1526 4646 1702 4714 potius
1737 4663 1799 4700 ac
1846 4663 1972 4702 vere

396 4737 665 4790 tribuetur
693 4736 765 4788 illi
797 4737 886 4805 qui
923 4746 1007 4790 est
1042 4752 1106 4790 ex
1138 4738 1345 4792 semine
1371 4737 1558 4803 David,
1593 4740 1658 4792 de
1694 4756 1800 4808 quo
1829 4753 1974 4797 recte

391 4837 448 4879 et
477 4828 686 4880 censeri
719 4838 773 4880 et
802 4828 905 4881 dici
937 4837 1114 4896 potest
1143 4829 1286 4897 quod
1317 4839 1511 4882 unctus
1538 4830 1606 4882 sit
1638 4830 1863 4898 Spiritu.

2077 4553 2186 4605 τῶν
2215 4551 2390 4605 ἄλλων
2429 4551 2518 4602 καὶ
2550 4549 2637 4600 ἐπ’
2669 4549 2831 4601 αὑτοῦ
2859 4548 2952 4600 τοῦ
2980 4548 3194 4617 Πατρός
3235 4550 3333 4601 καὶ
3380 4550 3473 4602 τοῦ
3507 4547 3644 4615 ἁγίου

2079 4646 2412 4714 Πνεύματος.
2468 4645 2688 4714 Ἐπειδὴ
2723 4644 2779 4695 δέ
2827 4645 2971 4694 ἐστιν
3023 4642 3284 4694 ἀπίθανον
3340 4643 3558 4712 κομιδῇ,
3597 4641 3643 4692 τί

2080 4739 2413 4808 ἐφαρμόζειν
2447 4735 2580 4788 αὑτό
2613 4735 2690 4804 τῷ
2731 4735 2904 4804 Πατρὶ
2943 4733 3140 4804 καὶτῷ
3183 4735 3326 4804 ἁγίῳ
3363 4734 3644 4805 Πνεύματι,

2081 4830 2189 4883 οὐδ’
2219 4829 2284 4882 ἂν
2325 4827 2493 4896 αὐτῷ,
2534 4827 2674 4880 κατὰ
2710 4827 2770 4878 τὸ
2804 4827 2970 4892 εἰκὸς,
2998 4826 3153 4879 ἔσται
3198 4826 3276 4895 τῷ
3326 4828 3641 4892 Μονογενεῖο

394 4924 839 4995 ὲκνενέμηταιδὲ
871 4925 1094 4994 μᾶλλον,
1129 4926 1204 4988 ὡς
1234 4924 1469 4993 άληθῶς,
1521 4927 1598 4996 τῷ
1663 4928 1728 4980 ὲκ
1774 4929 2091 5000 σπέρματος
2153 4926 2246 4979 τοῦ
2276 4924 2461 4986 Δασιδ,
2501 4926 2604 4992 ἐφ’·
2629 4917 2803 4994 οὗπερ
2873 4923 2941 4976 ἂν
2988 4923 3073 4994 εἴη
3105 4922 3197 4974 καὶ
3244 4923 3643 4992 ἀνεπίπληκτον

394 5016 589 5086 κομιδῇ
636 5016 696 5069 τὺ
745 5017 1028 5087 κεκρίσθαι
1079 5016 1157 5087 τῷ
1210 5017 1487 5088 Πνεύματι
1534 5019 1626 5070 καὶ
1684 5023 1824 5073 νοεῖν
1878 5024 1970 5076 καὶ
2007 5023 2208 5089 λέγειν.

467 5110 531 5164 Λ.
573 5109 890 5164 Communia
944 5111 1160 5180 quidem
1211 5127 1332 5166 esse
1382 5112 1614 5166 dicimus
1667 5117 1826 5168 etiam
1881 5131 1978 5170 nos

394 5201 540 5255 Patri
570 5211 625 5255 et
654 5201 788 5255 Filio
828 5211 882 5256 et
913 5202 1136 5269 Spiritui
1175 5213 1367 5257 sancto
1395 5204 1696 5257 divinarum
1748 5207 1976 5274 dignita-

396 5306 508 5346 tum
544 5293 784 5357 nomina,
821 5293 1043 5364 parique
1073 5294 1277 5348 honore
1303 5295 1564 5349 decorare
1591 5299 1975 5351 consuevimus

395 5401 502 5455 quo
548 5385 782 5449 Patrem,
822 5385 1014 5439 Filium
1061 5403 1274 5456 quoque
1323 5404 1391 5440 ex
1447 5389 1564 5456 ipso
1611 5391 1874 5458 genitum,
1908 5406 1972 5443 ac

397 5486 654 5544 praeterea
688 5477 946 5546 Spiritum
978 5491 1244 5531 sanetum.
1275 5479 1564 5545 Czeterum,
1608 5500 1640 5532 ο
1676 5482 1797 5535 boni
1846 5482 1968 5546 viri,

396 5565 626 5620 dixerim
667 5570 938 5636 equidem,
981 5588 1171 5624 nomen
1223 5573 1448 5638 Clll'lsli,
1495 5575 1544 5628 id
1577 5585 1680 5639 cst,
1716 5577 1883 5637 um-ti,
1919 5585 1973 5629 rt

470 5747 514 5778 '°
543 5748 688 5804 Psal.
720 5765 802 5804 ων
863 5753 941 5806 15.
1023 5755 1061 5785 ⁷¹
1111 5753 1310 5809 llabac.
1353 5771 1432 5824 ιιι,
1478 5756 1557 5813 l3.

2157 5116 2222 5167 A.
2261 5114 2428 5166 Κοινὰ
2459 5112 2556 5181 μὲν
2597 5104 2737 5163 εἷναί
2769 5127 2947 5180 φαμεν
2985 5109 3078 5163 καὶ
3105 5111 3267 5180 ἡμεῖς
3302 5111 3460 5164 αὐτοὶ
3488 5106 3640 5178 Πατρὶ

2083 5209 2176 5261 καὶ
2203 5205 2316 5276 Υἱῴ
2340 5206 2434 5258 καὶ
2470 5204 2612 5272 ἁγίῳ
2649 5203 2947 5272 Ιῐνεύματι,
2980 5203 3086 5255 τῶν
3138 5203 3466 5272 θεοπρεπῶν
3495 5202 3636 5266 ἀξιωο

2085 5300 2271 5370 μάτων
2294 5298 2362 5350 τὰ
2393 5297 2651 5365 ὀνόματα,
2685 5296 2782 5348 καί⁷
2811 5294 3118 5365 ἰσομέτροις
3144 5294 3420 5358 εὐκλεὶαις
3460 5310 3635 5361 στεφα-

2078 5391 2204 5446 νοῦν
2250 5389 2556 5458 εἰθίσμεθα,
2591 5386 2728 5456 ὁμοῦ
2773 5387 2852 5457 τῷ
2891 5389 3210 5455 γεννήσαντι
3244 5386 3338 5439 τὸν
3386 5386 3448 5450 ἐξ
3495 5383 3635 5440 αὐτοῦ

2081 5481 2407 5552 γεννηθέντα
2437 5479 2583 5542 Υἱὸν,
2616 5479 2712 5531 καὶ
2753 5479 2976 5548 προσέτι
3004 5478 3063 5531 τὸ
3110 5478 3334 5546 Πνεῦμα
3373 5477 3434 5531 τὺ
3470 5478 3632 5545 am-

2085 5575 2242 5644 πλὴν,
2271 5566 2316 5625 ὦ
2345 5571 2627 5642 βέλτιστοι,
2661 5571 2826 5642 φχίην
2855 5570 2938 5635 ἂν,
2974 5569 3032 5622 τὺ
3061 5567 3315 5637 Χριστὸς
3339 5568 3529 5638 δνομα,
3557 5566 3632 5618 καὶ
