3846 6210
159 367 292 424 1277

1271 338 1462 410 QUOD
1499 334 1692 395 unus
1730 330 1844 388 srr
1883 329 2254 387 CHRISTUS.

3256 323 3394 380 1278

157 485 286 541 αὐτὸ
319 483 375 537 δὲ
405 481 468 536 τὸ
497 479 705 550 χρῆμα,
731 472 1006 528 τουτέστιν
1033 471 1066 539 ἡ
1097 465 1294 538 χρίσις,
1329 461 1466 533 μετά
1484 458 1590 533 τῶν
1617 454 1718 550 τῆς

1852 467 1907 507 es
1938 453 2072 521 ipsa,
2113 451 2216 504 hoc
2254 455 2360 512 est,
2394 445 2600 512 unctio,
2645 455 2928 516 postquam
2967 444 3391 500 exinanitioncm

156 576 438 637 κενώσεως
461 547 678 643 τρόπων
712 564 1042 636 προσγέγονε
1075 559 1153 629 τῷ
1179 555 1491 622 Μονογενεῖ,
1514 547 1718 617 ἐναργῆ

156 672 254 742 τῆς
307 640 772 737 ἐνανθρωπήσεως
823 660 936 720 τοῖς
991 650 1359 724 ἀκροωμένοις
1408 640 1718 742 εἰσκομίςον

297 729 551 828 δήλωσιν.
580 729 704 806 Ὅτι
735 751 845 820 γάρ
873 747 1157 833 κέχρισται
1193 738 1326 794 καθὸ
1360 735 1596 833 πέιρηνεζδ
1624 729 1718 833 ἀνῖ-

157 816 393 921 θρωπος,
429 816 868 911 κατασημήν-ειεν
910 835 974 888 ἂν
1003 830 1062 886 εὖ
1106 831 1268 902 μάλα.
1294 828 1355 880 Εἰ
1388 824 1485 894 μὲν
1526 816 1618 874 οὖν
1644 817 1718 921 μῆ

157 907 316 994 aii-56v
339 907 438 1006 τῆς
474 933 609 1005 μετά
630 907 840 1000 ’σαρκὸς
862 922 1169 993 οἰκονομίας
1206 914 1593 980 ἐϐασανίζομεν
1621 907 1722 962 Λό-

158 1049 272 1099 γον,
301 1030 415 1084 ἀλλ’
453 1027 557 1091 ἔξω
590 1041 691 1077 που
724 1021 859 1082 τέως
887 1017 995 1070 τῶν
1031 1014 1128 1083 τῆς
1163 1008 1442 1069 κενώσεως
1471 1004 1597 1056 ὄντα
1627 999 1722 1070 μέ-

159 1092 300 1190 τρων
331 1118 622 1192 προύκειτο
661 1115 876 1185 βλέπειν
913 1109 1004 1162 τὸν
1043 1102 1302 1177 μονογενῆ
1331 1099 1425 1153 τοῦ
1455 1094 1589 1149 Θεοῦ
1621 1092 1722 1146 Λό-

160 1186 276 1282 γον,
306 1186 466 1283 ἦν’ἂν
490 1209 584 1263 καὶ
625 1207 767 1278 μάλα
799 1203 1020 1264 εἰκότως
1048 1194 1317 1264 ἀσύφηλον
1347 1187 1560 1283 κομιδῇ,
1585 1186 1721 1283 Χριῗ

163 1275 286 1362 στὸν
330 1275 637 1375 όνομάζειν-
661 1301 754 1352 τὸν
792 1297 866 1368 μὴ
896 1290 1274 1364 κεχρισμένον.
1311 1281 1528 1375 Ἐπειδὴ
1566 1279 1623 1332 δὲ
1662 1275 1723 1375 τὸ

164 1400 302 1452 θεῖον
333 1370 440 1452 καὶ-
457 1395 744 1468 ἱερώτατον
776 1389 1035 1460 Γράμμα,
1071 1383 1247 1453 σάρκα
1278 1374 1526 1468 γενέσθαι
1560 1370 1722 1441 φησὶν

162 1490 345 1552 αὐτὸν,
375 1465 578 1559 πρέποι
623 1484 668 1537 δ’
700 1482 768 1536 ἂν
813 1481 914 1551 ήδη
955 1477 1050 1530 καὶ
1080 1477 1112 1545 ἡ
1145 1471 1324 1544 χρίσις
1371 1465 1556 1559 αὐτῷ,
1571 1479 1724 1559 γενο-

167 1581 301 1653 μένη
336 1579 464 1650 περὶ
494 1578 594 1647 τὴν
627 1575 919 1646 σάρκωσιν,
957 1569 1079 1638 ἥτις
1123 1564 1268 1618 ἐστὶν
1296 1557 1477 1615 αὑτοῦ.
1517 1555 1724 1626 Γράφει

164 1644 301 1743 γοῦν.
321 1674 349 1725 6
379 1644 650 1737 πάνσοιρος
686 1644 894 1726 Παῦλος
920 1679 934 1692 ο
970 1681 987 1712 ι
1015 1660 1081 1713 ’Ὁ
1108 1675 1166 1710 τε
1192 1656 1300 1726 γάρ
1343 1647 1605 1720 ἁγιάζων,
1632 1644 1726 1700 καὶ

167 1739 218 1819 οἱ
253 1763 619 1833 ἁγιαζόμενοι,
669 1757 729 1824 ἐξ
757 1758 874 1820 ἐνὸς
930 1755 1158 1815 πάντες⁸
1194 1749 1261 1802 δι’
1311 1747 1380 1818 ἢν
1421 1743 1598 1796 αἰτίαν
1627 1739 1728 1793 οὐκ

168 1856 556 1926 ἐπαισχύνεται
577 1850 837 1920 ἀδελφοὺς
863 1847 1059 1909 αὐτοὺς
1087 1841 1292 1905 καλεῖν,
1318 1838 1509 1906 λέγων·
1528 1835 1733 1899 Ἀπαγ-

168 1952 311 2022 γελῶ
330 1951 390 2004 τὸ
419 1949 588 2018 δνομά
613 1963 704 1998 σου
729 1947 840 2006 τοῖς
863 1941 1108 2009 ἀδελφοῖς
1137 1951 1240 2007 μου
1259 1951 1272 1964 ·
1301 1952 1319 1984 ι
1345 1929 1599 2003 ήγιάζετο
1625 1928 1734 1993 γὰρ

175 2019 292 2116 μεθ’
310 2043 489 2113 ἡμῶν,
510 2043 598 2094 ὅτε
619 2040 809 2108 γέγονε
833 2034 951 2089 καθ’
972 2029 1269 2102 ἡμᾶς.⁰οτι
1291 2025 1348 2078 δὲ
1368 2020 1582 2093 ἀληθῶς
1611 2019 1734 2080 Υἱὸς

170 2113 512 2207 ὸχριόμενος
563 2127 652 2200 ἦν,
699 2128 832 2183 καθὸ
870 2126 1058 2193 γέγονε
1109 2119 1266 2191 σὰρξ,
1315 2117 1484 2187 ἤγουν
1533 2113 1736 2173 τέλειος

167 2201 474 2298 ἄνθρωπος,
500 2222 833 2276 πιστώσεται
860 2219 1034 2284 λέγων
1053 2217 1079 2268 6
1101 2211 1384 2271 θεσπέσιος
1412 2204 1574 2259 Δαϐὶδ
1601 2201 1736 2272 πρὸς

167 2320 362 2374 αὐτόν·
411 2337 428 2370 ι
473 2317 530 2371 Ὀ
562 2314 749 2385 θρόνος
781 2329 896 2373 σου,
930 2311 958 2362 6
1000 2307 1152 2369 Θεὸς,
1194 2306 1274 2366 εἰς
1301 2301 1392 2354 τὸν
1422 2297 1593 2352 αἰῶνα
1642 2291 1735 2346 τοῦ

168 2410 396 2471 αἰῶνος·
449 2383 645 2477 ῥάϐδος
677 2401 972 2470 εὐθύτητος
1004 2399 1038 2466 ἡ
1079 2393 1270 2466 ῥάϐδος
1324 2389 1424 2458 τῆς
1461 2383 1738 2458 βασιλείας

171 2519 288 2556 σου.
325 2475 645 2568 Ἡγάπησας
671 2491 1035 2560 δικαιοσύνην,
1068 2488 1162 2541 καὶ
1190 2484 1458 2556 ἐμίσησας
1486 2475 1737 2546 ἀνομίαν,

169 2593 256 2648 διὰ
275 2591 434 2645 τοῦτο
461 2588 646 2660 ἐχρισέ
680 2604 739 2640 σε
767 2587 794 2639 ὁ
826 2583 977 2646 Θεὸς,
1007 2583 1035 2634 6
1059 2579 1189 2641 Θεός
1228 2593 1342 2639 σου,
1367 2573 1544 2660 ἔλαιον
1570 2568 1738 2636 ἀγαλ-

172 2683 401 2745 λιάσεως
439 2682 590 2752 παρά
615 2678 741 2740 τοὺς
776 2675 1032 2746 μετόχους
1062 2688 1176 2724 σου.
1213 2687 1231 2719 ι
1266 2666 1432 2727 Σύνες
1459 2658 1574 2726 οῦν,
1595 2662 1741 2722 ὅπως

171 2778 268 2830 καί
297 2774 429 2828 Θεὸν
458 2773 650 2834 εἰπὼν,
676 2771 771 2825 καὶ
800 2769 988 2839 θρόνον
1012 2762 1160 2834 αύτῷ
1180 2762 1272 2815 τὸν
1292 2762 1371 2824 εἰς
1393 2756 1566 2812 αἰῶνα
1595 2754 1739 2816 δοὺς,

171 2865 460 2937 κεχρῖσθαί
489 2881 622 2934 φησι
659 2860 810 2933 παρά
834 2857 991 2923 Θεοῦ,
1014 2855 1170 2925 δῆλον
1191 2854 1248 2907 δὲ
1280 2853 1361 2906 ὅτι
1385 2848 1478 2902 τοῦ
1508 2844 1741 2915 Πατρὸς,

175 2934 440 3029 ἐξαιρέτῳ
479 2956 587 3008 τινὶ
624 2953 803 3026 χρίσει
837 2949 988 3020 παρὰ
1025 2946 1151 3008 τοὺς
1192 2942 1516 3014 μετέχοντας
1555 2934 1741 2996 αὐτοῦ,

172 3027 449 3102 τουτέστιν
483 3049 652 3118 ἡμᾶς.
689 3047 749 3099 El
790 3043 898 3112 γάρ
937 3040 1159 3110 γέγονεν
1206 3027 1745 3118 ἄνθρωπος,νκαίτοι

175 3139 307 3201 Θεὸς
329 3137 404 3190 ῶν
433 3139 460 3189 6
488 3135 680 3203 Λόγος,
710 3131 824 3186 ἀλλ’
856 3127 923 3200 ἦν
953 3129 1046 3181 καὶ
1080 3124 1253 3188 οὕτως
1294 3123 1407 3192 ἀπρ

176 3231 276 3300 τῆς
315 3228 451 3291 ἰδίας
494 3226 708 3294 φύσεως
753 3220 996 3290 ἀγαθῶν,
1041 3215 1337 3286 αὐτοτελής
1380 3229 1440 3265 τε
1489 3208 1749 3279 ὑπάρχων

177 3323 274 3375 καὶ
322 3321 536 3390 πλήρης
594 3317 815 3387 χάριτος
872 3312 967 3366 καὶ
1021 3309 1300 3379 ἀληθείας,
1347 3303 1490 3358 κατά
1542 3319 1608 3370 γε
1653 3301 1752 3371 τὴν

192 3416 441 3470 Ἰωάννου
473 3411 652 3480 φωνήν
670 3425 685 3438 ·
714 3406 808 3462 καὶ
841 3405 954 3477 ἔχει
991 3403 1088 3474 μὲν
1117 3401 1277 3462 αὐτὸς
1303 3397 1506 3468 ἀρτίως
1541 3395 1622 3456 είς
1644 3394 1753 3458 πᾶν

179 3507 356 3562 ὁτιοῦν
381 3503 488 3556 τῶν
515 3500 854 3572 θεοπρεπῶν,
887 3497 992 3552 ἀπὸ
1023 3495 1079 3548 δὲ
1115 3493 1208 3546 τοῦ
1251 3487 1612 3560 πληρώματος
1653 3487 1754 3539 αύ-

177 3599 276 3653 τοῦ
313 3597 510 3658 πάντες
548 3597 702 3667 ἡμεῖς
743 3590 1030 3658 ἐλάϐομεν,
1071 3584 1212 3639 κατά
1243 3583 1300 3635 τὸ
1347 3579 1752 3649 γεγραμμένον.

191 3688 360 3759 Ὀμοῦ
399 3685 688 3757 τοιγαροῦν
729 3685 841 3745 τοῖς
871 3682 970 3749 τῆς
1027 3678 1161 3740 ἰδίας
1207 3673 1625 3744 ἀνθρωπότητος
1662 3668 1756 3740 μέ-

180 3795 329 3850 τροις
365 3781 461 3833 καὶ
499 3778 572 3833 τὰ
600 3773 763 3834 αὑτοῦ
799 3769 1189 3838 οἰκειούμενος,
1230 3764 1462 3837 Χριστὸς
1492 3760 1756 3831 ὀνομάζεο

180 3874 296 3935 τοτὲ,
324 3870 425 3924 κᾶν
449 3871 495 3922 εί
527 3868 599 3938 μὴ
627 3861 912 3935 κεχρῖσθαι
951 3861 1142 3920 νοοῖτο,
1173 3858 1312 3912 κατά
1339 3872 1425 3922 γε,
1451 3853 1613 3923 φημὶ,
1635 3851 1754 3921 τὴν,

191 3967 294 4035 τῆς
328 3963 579 4032 θεότητος
614 3958 792 4028 φύσιν,
830 3957 996 4026 ἤγουν
1025 3951 1159 4005 καθὸ
1189 3953 1387 4003 νοεῖται
1413 3947 1564 4009 Θεός.
1609 3944 1760 3997 Ἐπεὶ

188 4057 414 4129 φράσον,
451 4053 564 4115 πῶς
585 4050 785 4121 ἐτέρως
819 4045 976 4100 νοοῖτ’
1011 4043 1076 4098 ἂν
1097 4041 1351 4112 Χριστὸς,
1377 4038 1506 4100 Υἱὸς
1531 4035 1626 4090 καὶ
1644 4034 1760 4088 Κύ-

189 4165 326 4220 ριος,
366 4143 722 4212 ἀπαξιοῦντος
749 4138 845 4193 τοῦ
891 4133 1230 4202 Μονογενοῦς
1275 4131 1371 4202 τὴν
1417 4129 1621 4200 χρίσιν,
1664 4124 1761 4180 καὶ

186 4242 297 4305 τῶν
329 4240 426 4310 τῆς
459 4235 740 4298 κενώσεως
774 4230 986 4304 μέτρων
1012 4228 1113 4280 οὐκ
1143 4223 1502 4295 ἀνεχομένους

263 4417 324 4471 Β.
373 4413 598 4482 Ἑτέραν
615 4410 679 4478 γέ
711 4407 884 4477 πωςῆ
919 4405 1042 4459 καθ’
1071 4404 1218 4476 ἡμᾶς
1261 4401 1432 4455 ἵενται
1460 4398 1672 4470 τρίϐον,
1703 4395 1764 4464 τὸ

193 4515 293 4583 τῆς
325 4509 606 4570 εὐσεϐείας
655 4503 948 4576 μυστήριον
992 4497 1263 4558 ἀσυνέτως
1289 4493 1758 4565 διερμηνεύοντες.

193 4581 332 4656 Φασὶ
360 4601 464 4669 γὰρ
491 4598 565 4658 ὼς
592 4597 620 4648 6
649 4593 780 4654 Θεὸς
805 4590 975 4658 Λόγος
1002 4587 1290 4656 ἄνθρωπον
1320 4583 1510 4653 εἴληφε
1533 4581 1763 4644 τέλειον,

195 4695 264 4747 ἐκ
295 4693 606 4763 σπέρματος
639 4686 770 4742 ὅντα
801 4682 1053 4754 Ἀϐραὰμ
1109 4680 1202 4733 καὶ
1255 4677 1436 4741 Δαϐὶδ,
1490 4673 1637 4730 κατὰ
1665 4673 1765 4742 τὴν

197 4786 540 4856 διαγόρευσιν
566 4779 674 4834 τῶν
702 4775 954 4849 Γραφῶν,
986 4773 1146 4825 τοῦτο
1174 4770 1301 4822 ὄντα
1321 4767 1419 4838 τὴν
1444 4766 1604 4830 φύσιν
1629 4766 1766 4834 ὅπερ

198 4875 340 4948 ἦσαν
375 4876 592 4934 ἐκεῖνοι,
639 4862 824 4938 ὧνπερ
873 4867 938 4918 ἐκ
984 4861 1295 4931 σπέρματος
1345 4853 1434 4927 ῆν,
1477 4855 1765 4924 ἄνθρωπον

199 4944 405 5021 τέλειον
436 4963 534 5035 τὴν
562 4961 745 5032 φύσιν,
773 4961 837 5011 ἐκ
868 4956 1048 5028 ψυχῆς
1098 4970 1158 5006 τε
1191 4952 1384 5021 νοερᾶς
1426 4948 1520 5001 καὶ
1563 4944 1766 5015 σαρκὸς

203 5057 515 5115 συνεστῶτα
537 5051 904 5125 ἀνθρωπίνης,
934 5049 992 5102 ὃν
1022 5045 1306 5116 ἄνθρωπον
1325 5042 1452 5094 ὄντα
1477 5039 1597 5092 καθ’
1623 5037 1770 5120 ἡμᾶς

200 5153 300 5225 τὴν
324 5149 507 5220 φύσιν,
532 5117 849 5216 Πνεῦματος
879 5141 1034 5208 ἁγίου
1063 5137 1287 5206 δυνάμει
1321 5136 1378 5187 έν
1398 5135 1465 5203 τῇ
1493 5131 1592 5201 τῆς
1619 5117 1767 5198 Παρέ

204 5224 357 5297 θένου
393 5240 579 5310 μήτρᾳ.
615 5232 1031 5292 διαπλασθέντα,
1064 5225 1352 5296 γενόμενόν
1391 5241 1452 5275 τε
1482 5224 1546 5275 ὲκ
1587 5236 1776 5288 γυναι-

204 5333 321 5395 κὸς,
349 5307 639 5399 γενόμενον
678 5320 782 5377 ὑπὸ
806 5319 992 5390 νόμον,
1027 5317 1113 5373 ἵνα
1161 5313 1367 5374 πάντας
1397 5310 1546 5380 ἡμᾶς
1575 5307 1770 5372 ἐξαγο-

207 5420 494 5494 ράσῃτῆς
523 5414 618 5469 τοῦ
661 5415 825 5483 νόμου
880 5408 1142 5471 δουλείας,
1183 5404 1281 5475 τὴν
1322 5398 1602 5472 πόρρωθεν
1639 5413 1775 5467 προ-

204 5508 517 5580 ωρισμένην
561 5501 830 5556 υἱοθεσίαν
862 5497 1253 5558 ἀπολαϐόντας,
1294 5490 1496 5552 καινῶς
1538 5485 1773 5555 συνῆψεν

208 5599 406 5678 ἐαυτῷ,
453 5597 683 5654 θανάτου
715 5594 814 5665 μὲν
866 5590 1045 5654 αὑτὸν,
1087 5587 1226 5644 κατὰ
1257 5586 1418 5656 νόμον
1452 5565 1795 5654 ἀνθρώπων,

282 5719 326 5747 τ’
361 5713 520 5766 11ν1ιι·.
562 5725 620 5775 ιι,
653 5707 737 5759 19..
813 5707 856 5734 ⁷³
893 5704 1029 5759 ΡειιΙ.
1081 5715 1220 5767 xmv,
1252 5698 1304 5764 Ἰ,
1341 5697 1374 5750 8

213 5788 256 5819 "
288 5786 458 5841 Uulat.
501 5797 570 5847 t\',
609 5779 660 5842 4,
699 5777 744 5830 5.

1498 5693 1536 5725 ⁷³
1565 5691 1720 5747 Joan.
1757 5707 1793 5758 I,
1827 5691 1909 5746 14.

1818 543 2000 608 Subiit,
2035 539 2320 610 Uuigenito
2346 539 2596 600 accessit,
2627 537 2967 592 manifestam
3005 535 3396 590 incarnationis

1818 633 1932 687 sive
1970 629 2371 684 lmmanationis
2406 627 2855 697 signiﬁcationem
2909 627 3244 682 auditoribus
3293 624 3397 678 itu-

1821 722 2056 775 mittens.
2098 718 2251 785 Quod
2289 719 2433 771 enim
2480 726 2676 771 unctus
2711 717 2803 782 sil,
2835 725 3103 785 quatenus
3145 714 3395 782 apparuit

1820 811 2002 871 homo,
2037 809 2237 877 optime
2272 807 2530 862 declarat.
2560 805 2618 860 Si
2661 821 2789 877 ergo
2816 807 3224 861 consideremus
3262 805 3394 860 Ver-

1821 903 1968 968 bum,
2013 917 2117 954 non
2149 900 2308 969 quale
2342 912 2427 952 εει
2466 875 2748 969 postquam
2780 875 3300 954 administrationem
3339 899 3392 951 in

1822 1007 1982 1048 carne
2009 992 2193 1052 subiit,
2220 991 2312 1044 sed
2344 991 2500 1060 quale
2527 1000 2645 1044 erat
2675 990 3008 1058 unigenitum
3035 988 3130 1044 Dei
3162 987 3394 1043 Verbum

1823 1095 2110 1152 antequam
2147 1082 2568 1137 exinanitionem
2591 1082 2850 1135 sustinuit
2882 1097 2896 1133 :
2933 1082 3228 1135 absurdum
3264 1095 3398 1135 sane

1825 1176 1989 1231 fuerit
2011 1175 2283 1246 Christum
2309 1187 2657 1236 vocare,eum
2683 1173 2772 1240 qui
2801 1182 2996 1226 unctus
3021 1186 3125 1225 non
3147 1171 3235 1226 sit.
3261 1169 3396 1226 Cum

1825 1280 1955 1320 vero
1986 1265 2162 1318 divina
2185 1274 2238 1317 et
2260 1262 2624 1317 sacratissima
2657 1263 2930 1329 Scriptura
2975 1277 3190 1316 carnem
3226 1262 3398 1329 ipsum

1824 1357 2024 1411 factum
2050 1369 2170 1409 esse
2186 1354 2286 1418 ait,
2305 1355 2486 1406 unctio
2502 1363 2648 1406 certe
2671 1353 2770 1420 ipsi
2799 1353 3084 1407 conveniat
3105 1352 3243 1407 facta
3259 1352 3400 1406 circa

1826 1447 2413 1514 incarnationem,qua:
2437 1444 2602 1513 ipsius
2634 1443 2736 1499 est.
2760 1443 2958 1498 Scribit
2993 1443 3172 1512 itaque
3203 1445 3404 1512 ειιρίιιιιο

1830 1541 2069 1605 tissimus
2112 1538 2347 1593 Paulus:
2389 1556 2406 1589 ι
2435 1536 2535 1603 Qui
2579 1537 2724 1590 enim
2775 1537 3404 1605 sanctiﬁcatetquisan-

1827 1636 2159 1694 ctilicantnr,
2197 1644 2263 1683 ex
2327 1643 2432 1682 uno
2479 1643 2687 1683 omnes.
2741 1627 2967 1697 Propter
2997 1643 3158 1697 quam
3190 1641 3407 1682 causam

1831 1740 1936 1778 non
1964 1719 2314 1778 confunditur
2347 1718 2544 1773 fratres
2579 1732 2673 1772 eos
2702 1733 2917 1783 vocare,
2957 1717 3143 1771 dicens
3192 1732 3205 1768 :
3262 1714 3402 1770 Nun-

1761 1789 1803 1842 Β
1837 1815 1983 1870 tiabo
2009 1829 2204 1868 nomen
2259 1821 2410 1866 tuum
2447 1807 2708 1862 fratribus
2757 1808 2892 1862 meis
2921 1809 2991 1859 ⁷³.
3029 1826 3047 1859 ι
3092 1806 3408 1861 Sanctiﬁca-

1839 1918 1923 1962 tus
1962 1905 2105 1960 enim
2152 1913 2234 1958 est
2285 1902 2592 1964 nobiscum,
2643 1901 2855 1968 quando
2901 1899 3076 1954 factus
3121 1908 3206 1953 est
3241 1896 3410 1951 nostri

1836 1996 2050 2052 similis.
2087 1994 2237 2062 Quod
2271 2002 2448 2046 autem
2475 2007 2599 2044 vere
2623 1991 2792 2062 Filius
2816 2001 2932 2044 erat
2964 1991 3054 2060 qui
3087 1998 3282 2044 unctus
3307 1999 3410 2051 esr,

1837 2100 2101 2160 quatenus
2127 2089 2298 2141 factus
2321 2094 2402 2140 est
2431 2099 2579 2150 caro,
2603 2085 2717 2138 sive
2747 2083 3020 2152 perfectus
3051 2084 3234 2144 homo,
3257 2082 3411 2135 [idem

1839 2181 1998 2235 faciet
2031 2179 2242 2234 divinus
2260 2177 2446 2241 David,
2471 2177 2544 2230 ita
2574 2175 2642 2229 ad
2673 2191 2792 2229 eum
2815 2173 3253 2242 loqueusz728
3273 2190 3291 2222 ι
3327 2171 3410 2226 Se-

1840 2276 1934 2328 des
1969 2282 2079 2335 tua,
2104 2270 2268 2333 Deus,
2305 2270 2356 2322 in
2383 2267 2633 2322 szeculuut
2661 2268 2838 2320 saeculi
2867 2287 2880 2320 :
2907 2267 3053 2335 virga
3084 2263 3414 2328 directionis,

1839 2365 1988 2431 virga
2014 2363 2159 2432 regni
2197 2362 2292 2414 tui.
2325 2360 2567 2414 Dilexisti
2599 2359 2888 2427 justitiam,
2918 2366 2973 2412 et
2999 2355 3164 2411 odisti
3207 2355 3412 2424 iniqui-

1843 2464 2004 2509 tatem
2037 2473 2049 2506 :
2080 2464 2356 2524 propterea
2391 2451 2542 2504 unxit
2566 2459 2618 2504 te
2651 2451 2810 2517 Deus,
2839 2451 2979 2504 Dens
3012 2460 3135 2503 tuus
3169 2447 3288 2501 oleo
3325 2446 3406 2501 lae-

1845 2545 1971 2598 titia:
1995 2559 2106 2613 pra:
2142 2542 2485 2596 consortibus
2518 2540 2623 2593 tuis
2661 2539 2730 2589 ".
2762 2558 2781 2590 ι
2818 2539 3204 2592 Animadverte
3241 2538 3421 2604 itaque

1844 2652 1950 2706 quo
1982 2645 2137 2704 pacto
2167 2650 2288 2688 cum
2336 2643 2390 2686 et
2437 2631 2604 2685 Deum
2662 2629 2977 2692 nominarit,
3011 2637 3066 2680 et
3103 2627 3282 2681 sedem
3319 2625 3421 2695 ipsi

1845 2727 1898 2780 in
1934 2726 2128 2782 saacula
2160 2724 2491 2789 attrihuerit,
2521 2732 2742 2778 unctum
2770 2734 2892 2774 esse
2923 2718 3055 2773 dicit
3082 2733 3111 2771 a
3145 2719 3274 2784 Deo,
3310 2731 3422 2770 ma-

1847 2820 2103 2875 nifestum
2146 2829 2325 2871 autem
2367 2825 2451 2870 est
2490 2816 2630 2885 quod
2673 2829 2701 2867 a
2743 2813 2923 2876 Patre,
2957 2810 3154 2864 eximia
3192 2809 3424 2878 quadam

1846 2913 2100 2968 unctione
2148 2926 2257 2980 pra:
2302 2911 2514 2963 caeteris
2561 2905 2931 2976 participibus.
2961 2903 3149 2971 ipsius,
3191 2902 3294 2955 hoc
3323 2908 3424 2962 est.

1851 3005 2026 3059 nobis.
2054 2999 2291 3056 Tametsi
2322 3000 2466 3053 enim
2495 2999 2694 3052 factum
2731 3005 2814 3050 est
2849 2996 3032 3058 homo,
3065 2993 3204 3046 Deus
3229 2993 3425 3060 alioqui

1411 3083 1596 3188 οσὲξ-,ὴς
1639 3114 1746 3169 τῶν
1776 3131 1818 3188 C
1851 3099 2122 3153 exsistens
2165 3093 2430 3156 Verbum,
2469 3101 2588 3145 erat
2633 3099 2812 3142 tamen
2855 3087 3022 3140 etiam
3067 3085 3170 3139 hac
3220 3083 3424 3136 ratione

1853 3191 2080 3262 propria:
2120 3202 2229 3242 sua:
2275 3195 2480 3238 naturae
2516 3185 2777 3248 bonorum
2813 3191 3150 3246 nequaquam
3192 3175 3428 3244 indigus,

1853 3297 1946 3352 per
1969 3295 2028 3331 se
2059 3276 2328 3345 perfectus
2364 3273 2652 3334 exsisteus,
2689 3280 2744 3322 et
2780 3286 2798 3318 ι
2831 3268 3024 3337 plenus
3051 3266 3235 3336 gratia:
3262 3275 3317 3317 et
3341 3278 3433 3317 ve-

1853 3373 2031 3429 ritatis
2069 3370 2136 3432 ⁷⁵,
2173 3387 2188 3419 ι
2230 3376 2288 3419 ιιι
2331 3365 2504 3434 inquit
2549 3361 2809 3416 Joannes.
2837 3361 3013 3428 Atque
3057 3359 3169 3424 ipse
3216 3355 3431 3424 quidem

1853 3463 1998 3520 omni
2031 3474 2226 3531 genere
2252 3458 2555 3510 divinorum
2591 3454 2852 3507 bonorum
2889 3449 3157 3503 abundat:
3192 3464 3210 3496 ι
3248 3447 3294 3498 Α
3322 3445 3423 3513 ple-

1855 3557 2100 3612 nitudine
2125 3569 2251 3606 vero
2285 3551 2453 3618 ipsius
2480 3561 2668 3602 omnes
2692 3560 2788 3598 nos
2814 3540 3203 3611 accepimus",
3233 3558 3251 3590 ι
3281 3539 3432 3606 juxta

1857 3646 2216 3714 Scripturam.
2265 3639 2516 3694 Christus
2567 3637 2746 3702 itaque
2791 3642 3036 3696 vocatur,
3081 3628 3171 3698 qui
3207 3627 3273 3681 ad
3301 3625 3434 3696 'pro-

1856 3737 1988 3806 priae
2018 3749 2130 3788 sua:
2162 3727 2514 3785 humanitatis
2537 3726 2899 3780 conditionem
2931 3723 3091 3775 etiam
3120 3735 3238 3789 quae
3267 3718 3436 3788 ipsius

1863 3821 1992 3887 Sunt
2039 3826 2345 3896 cunjunxit,
2386 3823 2596 3878 tametsi
2646 3837 2748 3876 non
2801 3820 3130 3886 intelligatur
3175 3830 3294 3870 esse
3338 3831 3436 3868 un-

1857 3933 1998 3985 ctus,
2031 3919 2308 3980 nimirum,
2352 3915 2652 3970 secundum
2690 3921 2938 3964 naturam
2972 3906 3291 3966 divinitatis,
3323 3904 3438 3958 sive

1859 4025 2122 4085 quatenus
2170 4019 2419 4064 censetur
2467 4006 2628 4061 Deus.
2689 4004 2966 4072 Siquidem
3019 4000 3140 4062 dic,
3173 3999 3434 4066 obsecro,

1859 4107 2126 4178 quomodo
2161 4102 2314 4155 aliter
2346 4099 2564 4168 intelligi
2595 4097 2760 4166 possit
2781 4094 3027 4150 Christus
3051 4091 3218 4144 Filius
3251 4098 3304 4143 et
3330 4088 3438 4141 Do-

1863 4201 2061 4265 minus,
2093 4197 2135 4251 si
2169 4192 2490 4263 Unigenitus
2526 4190 2835 4244 unctimiem
2882 4184 3227 4254 dedignetur,
3271 4190 3436 4250 atque

1861 4286 2248 4347 exinanitionis
2271 4283 2632 4339 conditionem
2665 4277 2961 4333 detrectet?

1934 4381 1996 4436 B.
2036 4381 2152 4434 Alia
2187 4379 2341 4446 longe
2371 4390 2531 4444 quam
2578 4387 2673 4424 nos
2716 4371 2799 4423 via
2845 4368 3121 4431 incedunt,
3162 4363 3440 4436 religionis

1793 4477 1836 4531 D
1867 4473 2180 4546 mysterium
2212 4469 2460 4538 imperite
2485 4465 2841 4533 explicantes.
2882 4461 3049 4513 Aiunt
3095 4459 3262 4523 enim,
3298 4456 3439 4526 quod

1870 4569 2009 4622 Deus
2044 4561 2278 4616 Verbum
2335 4557 2607 4611 hominem
2655 4552 2884 4620 sumpsit
2932 4549 3252 4619 perfectum,
3295 4548 3441 4602 exsi-

1867 4665 2097 4711 stentetn
2123 4667 2189 4706 ex
2225 4649 2432 4704 semine
2461 4645 2688 4700 Abrahzn
2719 4653 2771 4696 et
2796 4640 2960 4694 David
2990 4639 3058 4702 ⁷⁸,
3089 4639 3159 4692 ita
3195 4647 3252 4690 ut
3278 4637 3442 4691 edixit

1871 4747 2174 4814 Scriptura,
2215 4742 2264 4795 id
2287 4741 2459 4808 ipsum
2499 4746 2689 4789 natura
2734 4733 3106 4795 exsistentem,
3147 4729 3288 4797 quod
3333 4727 3442 4780 fue—

1871 4847 1994 4894 rant
2026 4837 2099 4889 illi
2128 4848 2404 4903 equorum
2440 4829 2642 4884 semine
2669 4835 2785 4880 erat
2814 4825 2882 4887 ⁷⁷,
2921 4823 3190 4876 hominem
3235 4820 3442 4888 perfec-

1873 4943 1984 5006 tum
2008 4940 2222 4990 natura,
2249 4941 2313 4980 ex
2340 4923 2518 4977 anima
2551 4918 2880 4986 intelligente
2916 4925 2971 4969 et
3021 4927 3187 4968 carne
3213 4915 3444 4964 humana

1873 5032 2232 5085 constantem,
2256 5032 2411 5087 quem
2431 5014 2646 5082 quidem
2680 5010 2969 5069 hominem.
2995 5022 3115 5061 cum
3138 5017 3282 5060 esset
3308 5005 3446 5073 ejus-

1877 5119 1998 5172 dem
2043 5115 2327 5169 nobiscum
2383 5116 2608 5170 naturae,
2658 5103 2893 5173 Spiritus
2939 5099 3112 5154 sancti
3150 5099 3346 5152 virtute
3396 5095 3447 5147 in

1882 5220 2038 5264 utero
2068 5203 2306 5274 Virginis
2349 5199 2660 5261 formatum,
2710 5195 2909 5248 facttnn
2953 5191 3052 5246 sub
3083 5190 3216 5259 lege,
3255 5197 3313 5240 ut
3353 5202 3448 5239 nos

1878 5313 2069 5356 omnes
2097 5297 2386 5351 redimeret
2414 5306 2442 5343 a
2473 5289 2729 5344 servitute
2757 5285 2888 5354 legis
2909 5283 2976 5347 ⁷⁸,
3008 5282 3314 5334 hliationem
3336 5277 3446 5345 jam

1880 5393 2008 5448 olim
2039 5389 2468 5460 prmdestinatam
2497 5383 2738 5449 adeptos,
2769 5393 2893 5430 cum
2916 5372 3214 5428 admirabili
3245 5371 3447 5423 ratione

1882 5481 2160 5553 conjunxit
2201 5489 2256 5533 et
2286 5468 2797 5543 conglutinavitsibi
2822 5508 2837 5533 ,
2883 5479 2936 5520 et
2972 5474 3193 5517 lllOl‘ll'll)
3234 5461 3446 5531 quidem

1886 5576 2119 5631 humano
2145 5585 2291 5625 more
2311 5567 2460 5622 obire
2489 5563 2685 5629 voluit;
2710 5560 2987 5615 susritavit
3010 5573 3134 5610 vero
3150 5552 3392 5609 cutndem
3416 5571 3446 5605 a

1987 5685 2032 5717 ⁷⁵
2062 5682 2187 5738 ibid.
2230 5680 2308 5734 l6.
2386 5678 2427 5709 7"
2455 5674 2608 5730 Joan.
2643 5690 2738 5738 vn,
2780 5674 2858 5728 1‘2.
2937 5673 2978 5703 ⁷ῖ
3015 5670 3052 5724 II
3087 5667 3208 5722 Cur.
3247 5681 3320 5729 ιι,
3353 5666 3441 5719 '22.
