3846 6210
406 327 545 382 1279

1445 324 1501 379 S.
1544 322 1815 379 CYRILLI
1852 318 2318 377 ALEXANDRINI
2362 318 2678 374 ARCHIEP.

3529 317 3673 375 1280

408 435 658 502 mortuis,
689 442 743 490 et
769 435 945 490 evexit
974 435 1024 488 iti
1056 435 1274 500 caelum,
1312 445 1365 489 et
1390 436 1674 490 collocavit
1717 451 1745 490 a
1783 434 1989 491 dextris

2098 433 2456 505 πειρασθῆναι
2486 434 2930 502 παρασκευάσας,
2973 433 3193 504 ἐγείρας
3234 432 3291 486 δὲ
3328 434 3391 485 ἐκ
3428 433 3669 502 νεκρῶν.

409 526 521 578 Dei.
551 524 703 578 Unde
730 532 785 578 et
816 539 974 593 supra
1005 538 1220 576 onmem
1252 526 1521 578 exsistens
1546 522 1909 592 Principatum
1935 532 1990 578 et

406 616 729 679 Potesmtes,
758 614 1001 669 Virtutes
1030 630 1092 669 ac
1116 616 1542 681 Domiuationes,
1576 627 1805 687 etsupra
1828 632 1989 672 omne

407 724 600 762 nomen
644 706 786 777 quod
828 707 1139 761 nominatur
1169 723 1271 761 non
1317 710 1487 763 solum
1535 712 1586 764 in
1622 711 1724 765 hoc
1768 711 1986 776 saeculo,

404 816 589 853 verum
615 800 777 852 etiam
810 800 860 852 in
889 800 1067 855 futuro
1086 801 1228 865 ",ab
1250 804 1394 855 omni
1424 813 1672 857 creatura
1698 804 1987 869 aduratur;

406 899 590 959 utpote
618 891 1036 959 inseparabilem
1068 908 1191 946 cum
1228 891 1409 946 divina
1442 905 1632 948 natura
1663 895 1992 965 conjunctio-

405 999 529 1039 nem
578 986 805 1050 habens,
842 984 1092 1054 quodque
1124 984 1214 1038 Dei
1248 996 1490 1053 respectu
1521 997 1685 1055 atque
1717 987 1989 1041 intellectu

403 1077 581 1132 omnis
631 1088 880 1131 creatura
928 1078 978 1132 ei
1030 1077 1402 1132 adorationem
1441 1077 1669 1134 deferat.
1719 1079 1882 1149 729
1925 1079 1991 1134 Et

407 1184 579 1239 neque
623 1173 757 1225 duos
800 1172 1027 1225 dicimus
1076 1169 1236 1231 ﬁlios,
1305 1185 1477 1239 neque.
1525 1170 1658 1225 duos
1717 1173 1987 1227 dominos.

403 1262 537 1316 Cum
584 1274 763 1316 autem
818 1262 985 1316 Filius
1036 1263 1106 1315 sit
1164 1262 1458 1316 secundum
1505 1263 1796 1316 essentiam
1852 1263 1990 1317 Deus

408 1352 665 1418 Verbum,
694 1352 1003 1421 unigenitus
1046 1351 1218 1407 Filius
1244 1351 1443 1417 Patris,
1482 1354 1565 1406 cui
1596 1353 1684 1408 hic
1708 1353 1991 1423 copulatus

403 1456 491 1501 est
534 1455 588 1500 et
639 1446 934 1515 particeps,
980 1459 1321 1500 communem
1361 1445 1521 1499 etiam
1556 1461 1680 1499 cum
1710 1461 1774 1502 eo
1804 1446 1988 1515 appel-

404 1538 659 1593 lationem
690 1538 1024 1607 gloriamque
1047 1537 1398 1591 nanciscitur.
1425 1535 1491 1590 Et
1519 1538 1777 1593 Dominus
1799 1554 1992 1593 secun-

405 1630 532 1683 dum
564 1630 858 1683 essentiam
894 1629 1033 1683 Deus
1059 1628 1317 1693 Verbum,
1340 1628 1426 1682 cui
1447 1629 1730 1699 copulatus
1758 1630 1867 1694 hic,
1897 1631 1992 1686 ho-

407 1720 550 1773 noris
596 1722 759 1774 etiam
786 1721 1056 1789 particeps
1091 1721 1172 1784 iit,
1203 1728 1364 1788 atque
1409 1721 1607 1775 idcirco
1636 1736 1808 1791 neque
1857 1722 1990 1777 duos

404 1813 635 1867 dicimus
670 1813 827 1878 ﬁlius,
882 1828 1058 1881 neque
1084 1813 1219 1867 duos
1245 1812 1509 1866 dominos.
1556 1813 1834 1882 Siquidem
1866 1828 1987 1868 cum

403 1904 721 1957 manifestus
756 1905 825 1960 sit
854 1904 943 1972 qui
980 1905 1217 1957 essentia
1266 1919 1358 1957 sua
1394 1913 1478 1958 est
1516 1904 1770 1958 Dominus
1815 1914 1869 1958 et
1898 1904 1987 1959 Fi-

404 1993 541 2059 lius,
589 1993 1002 2062 inseparabilem
1039 1994 1245 2048 habens
1290 2010 1411 2049 cum
1449 2008 1513 2049 eo
1546 1993 1988 2063 coniunctionem

404 2084 452 2140 is
481 2086 569 2154 qui
599 2094 795 2138 nostra:
824 2084 1011 2139 salutis
1043 2101 1206 2140 causa
1232 2098 1480 2155 sumptus
1511 2097 1614 2150 est,
1641 2086 1800 2139 simul
1824 2088 1988 2142 etiam

388 2177 635 2231 infertur
681 2187 842 2246 atque
885 2179 1202 2249 intelligitur
1245 2194 1371 2233 cum
1409 2178 1767 2249 appellatione
1827 2190 1990 2250 atque

404 2268 571 2336 glut'ia
602 2268 718 2322 Filii
744 2280 796 2323 et
830 2269 1063 2323 Domini.

475 2364 542 2414 Α.
580 2359 624 2414 Ο
655 2361 928 2429 ingentem
958 2361 1285 2430 imperitiam
1322 2372 1487 2433 atque
1513 2365 1779 2421 insaniam
1802 2383 1988 2422 eorum

404 2452 495 2521 qui
528 2451 600 2505 ita
637 2467 759 2506 sese
794 2468 907 2506 rem
944 2452 1145 2507 habere
1183 2454 1287 2508 sibi
1328 2458 1688 2524 persuadent!
1739 2460 1992 2515 lncredu-

405 2543 533 2598 litas
558 2546 699 2598 enim
736 2560 883 2598 mera
910 2555 993 2599 est
1023 2547 1134 2600 haec
1170 2562 1257 2601 res
1290 2547 1684 2619 impiarnmque
1723 2551 1993 2606 inventio-

407 2651 534 2691 num
571 2638 803 2703 novitas,
838 2646 893 2690 et
922 2639 1086 2691 totius
1116 2638 1313 2693 divina;
1338 2655 1615 2707 sacraeque
1647 2643 1989 2710 praedicatio-

405 2728 492 2783 Itis
544 2729 861 2792 subversio,
911 2744 1030 2797 quae
1080 2745 1243 2784 unum
1298 2746 1419 2785 esse
1471 2731 1757 2786 Dominum
1804 2737 1991 2789 Iesum

404 2816 680 2871 Christum
730 2815 925 2869 Filium
972 2816 1065 2871 Dei
1109 2820 1429 2888 proclamat,
1465 2822 1717 2875 nimirum
1756 2822 1991 2878 Verbum

404 2924 471 2962 ex
520 2909 626 2963 Deo
661 2909 818 2964 Patre
855 2910 1129 2965 hominem
1176 2911 1378 2965 laetum
1430 2923 1592 2983 atque
1627 2915 1990 2982 incarnalunt,

405 2984 482 3052 ita
520 3010 576 3053 ut
604 3002 674 3053 sit
706 3001 817 3069 ipse
866 2998 1010 3055 Deus
1040 3000 1198 3054 simul
1226 3011 1279 3055 et
1303 3003 1497 3067 homo;
1532 3013 1586 3056 et
1616 3002 1775 3057 unius
1812 3005 1991 3058 omnia

2091 525 2185 578 καὶ
2211 524 2504 593 ἀναγαγὼν
2542 525 2620 586 είς
2644 524 2893 592 οὐρανὸν,
2931 524 3026 577 καὶ
3076 524 3305 587 καθίσας
3356 526 3422 576 ὲκ
3468 523 3672 589 δεξιῶν

2087 615 2183 669 τοῦ
2209 614 2536 669 Θεοῦ.”Οθεν
2561 614 2624 684 δὴ
2660 615 2914 684 ὑπεράνω
2959 616 3138 685 πάσης
3168 616 3429 685 ὑπάρχων
3464 615 3675 686 ’Δρχῆς

2087 725 2147 761 τε
2178 708 2272 761 καὶ
2304 706 2600 770 Ἐξουσίας.
2628 706 2724 759 καὶ
2752 705 3062 773 Δυνάμεως,
3080 706 3171 757 καὶ
3188 706 3549 773 κυριότητος,
3574 704 3676 757 καὶ

2089 800 2288 863 παντὸς
2315 800 2573 869 ὀνόματος
2598 796 2998 868 ὀνομαζομένου
3027 797 3127 849 οὑκ
3152 798 3210 849 ὲν
3250 796 3327 867 τῷ
3351 796 3511 849 αἰῶνι
3544 796 3678 848 τοὺ-

2087 908 2165 961 τῳ
2193 891 2373 961 μόνον,
2400 890 2533 944 ἀλλὰ
2561 890 2653 942 καὶ
2689 891 2745 941 ἐν
2774 887 2852 958 τῷ
2889 888 3155 957 μέλλοντι,
3178 890 3276 958 τὴν
3307 889 3458 959 παρὰ
3482 888 3679 957 πάσης

2088 983 2190 1054 τῆς
2242 984 2470 1046 κτίσεως
2514 983 2727 1053 δέχεται
2781 980 3180 1051 προσκύνησιν,
3232 981 3307 1043 ὡς
3361 979 3679 1051 ἀχώριστον

2089 1077 2229 1145 πρὸς
2266 1076 2363 1147 τὴν
2406 1075 2556 1129 θείαν
2582 1074 2741 1145 φύσιν
2769 1073 2909 1143 ἔχων
2931 1074 3029 1145 τὴν
3076 1074 3390 1140 συνάφειαν,
3419 1072 3682 1142 ἀναφορᾷ

2088 1170 2224 1224 Θεοῦ
2251 1170 2346 1223 καὶ
2385 1170 2562 1239 ἐννοίᾳ
2588 1168 2768 1238 πάσης
2793 1169 2943 1237 αὑτῷ
2979 1168 3079 1237 τῆς
3110 1168 3335 1228 κτίσεως
3373 1166 3469 1236 τὴν
3497 1182 3683 1234 προσ·

2089 1263 2316 1331 κύνησιν
2335 1259 2736 1330 ἀπονεμούσης,
2757 1262 2856 1314 καὶ
2876 1260 2997 1314 οὕτε
3028 1259 3123 1313 δύο
3144 1258 3323 1327 φαμὲν
3346 1258 3517 1320 υἱοὺς,
3543 1257 3679 1309 οὔτε

2087 1354 2182 1407 δύο
2214 1353 2434 1424 κυρίους
2455 1369 2468 1382 ·
2490 1352 2752 1422 ἐπειδὴδὲ
2773 1352 2901 1415 Υἱὸς
2916 1353 3037 1405 κατ’
3058 1351 3243 1403 οὑσίαν
3269 1352 3296 1402 6
3317 1348 3448 1411 Θεὸς
3465 1350 3677 1416 Λόγος,

2087 1450 2117 1503 6
2162 1446 2460 1518 μονογενὴς
2490 1446 2621 1508 Υίὸς
2638 1443 2734 1497 τοῦ
2756 1445 2986 1515 Πατρὸς,
3024 1437 3176 1512 ᾧπερ
3204 1435 3359 1505 οὗτος
3382 1442 3687 1511 συνημμέ-

2088 1540 2176 1605 νός
2199 1557 2259 1593 τε
2288 1541 2386 1593 καὶ
2415 1539 2678 1610 μετέχων,
2704 1538 2952 1590 κοινωνεῖ
2987 1538 3083 1607 τῆς
3124 1534 3255 1588 Υἰοῦ
3289 1535 3685 1604 προσηγορίας

2089 1635 2184 1687 καὶ
2209 1635 2396 1703 τιμῆς,
2447 1630 2542 1684 καὶ
2578 1630 2781 1701 Κύριος
2819 1631 2939 1682 κατ’
2970 1629 3161 1681 οὑσίαν
3182 1629 3211 1680 6
3239 1622 3371 1690 Θεὸς
3397 1629 3597 1695 Λόγος,

2093 1726 2436 1797 συνημμένος
2455 1717 2629 1787 οὗτος,
2661 1722 2909 1775 κοινωνεῖ
2926 1721 3022 1790 τῆς
3046 1720 3231 1790 τιμῆς.
3258 1721 3367 1773 Καὶ
3395 1718 3485 1772 διὰ
3508 1719 3685 1773 τοῦτο

2090 1816 2212 1872 οὕτε
2247 1816 2340 1869 δύο
2377 1816 2556 1885 φαμὲν
2616 1814 2801 1877 υἱοὺς,
2856 1812 2979 1865 οὔτε
3024 1811 3119 1865 δύο
3166 1812 3409 1881 κυρίους.
3446 1809 3683 1881 Ἐπειδὴ

2089 1908 2248 1977 δήλου
2277 1907 2371 1961 τοῦ
2394 1907 2513 1960 κατ’
2546 1905 2731 1959 οὑσίαν
2753 1904 2901 1966 ὄντος
2924 1902 3133 1973 Κυρίου
3159 1902 3253 1955 καὶ
3282 1901 3435 1967 Υἱοῦ,
3461 1901 3684 1973 ἀχώρι-

2092 2018 2217 2055 στον
2267 2000 2404 2070 ἔχων
2434 1998 2533 2069 τὴν
2568 1998 2703 2067 πρὸς
2749 1995 2912 2049 αὑτὸν
2945 1996 3242 2063 συνάφειαι)
3271 1997 3300 2049 6
3338 1996 3439 2065 τῆς
3465 1996 3684 2065 ἡμετέ-

2095 2110 2193 2163 ρας
2229 2091 2502 2165 σωτηρίας
2528 2089 2756 2160 ληφθεὶς
2788 2089 2994 2150 ἕνεκεν,
3041 2088 3469 2156 συναναφέρεται
3502 2091 3572 2158 τῇ
3614 2102 3683 2140 τε

2088 2181 2354 2255 ὀνομασία
2386 2182 2479 2235 καὶ⁹
2504 2183 2569 2252 τῆ
2595 2182 2727 2251 τιμῇ
2749 2178 2841 2232 τοῦ
2878 2178 3005 2232 Υίοῦ
3037 2178 3131 2232 καὶ
3151 2178 3243 2231 τοῦ
3277 2178 3507 2249 Κυρίου.

2165 2360 2229 2413 Α.
2270 2356 2444 2413 Βαόαὶ
2479 2360 2580 2429 τῆς
2629 2357 2917 2419 ἀσυνεσίας
2966 2354 3057 2408 καὶ
3108 2354 3423 2426 ἐμπλήκτου
3472 2356 3684 2426 φρενὸς

2094 2452 2202 2507 τῶν
2245 2447 2347 2506 ὧδε
2392 2449 2546 2504 ταῦτ’
2586 2449 2731 2518 ἔχειν
2772 2448 2874 2501 οὑκ
2921 2445 3017 2503 οἷδ’
3056 2450 3204 2511 ὅπως
3253 2447 3678 2517 ὑπειληφὸτωννί

2094 2544 2320 2598 ἀπιστία
2345 2541 2454 2611 γὰρ
2480 2542 2540 2594 τὸ
2567 2542 2777 2613 χρῆμα,
2810 2541 2905 2594 καὶ
2942 2541 3128 2611 ἕτερον
3153 2540 3324 2604 οὐδὲν,
3357 2540 3453 2592 καὶ
3478 2540 3686 2592 δυσσε-

2094 2635 2205 2690 6ὦν
2240 2633 2558 2705 εὑρεμάτων
2587 2632 2865 2700 καινότης,
2908 2631 3004 2684 καὶ
3040 2630 3319 2700 ἀνατροπὴ
3356 2630 3468 2682 τῶν
3516 2627 3683 2682 θείων

2093 2743 2153 2779 τε
2196 2727 2291 2779 καὶ
2337 2724 2496 2791 ἱερῶν
2524 2723 2914 2794 κηρυγμάτων,
2944 2722 3041 2774 ἕνα
3068 2721 3271 2791 Κύριον
3312 2719 3527 2791 Ἰησοῦν
3553 2721 3685 2792 Χρι-

2097 2816 2241 2882 στὸν,
2273 2815 2366 2869 τὸν
2393 2815 2523 2871 Υίὸν
2550 2814 2643 2868 τοῦ
2677 2813 2811 2866 Θεοῦ
2843 2813 3303 2884 διακεκραγότων,
3338 2813 3432 2865 τὸν
3454 2813 3524 2866 ἐκ
3541 2812 3681 2865 Θεοῦ

2096 2908 2310 2978 Πατρὸς
2339 2907 2581 2979 δηλονότι
2618 2905 2787 2973 Λόγον
2822 2904 3320 2976 ὲνανθρωπήσαντα
3346 2905 3444 2957 καὶ
3476 2920 3679 2974 σεσαρ-

2097 3001 2365 3070 κωμένον,
2408 2998 2548 3050 ὥστε
2594 2996 2730 3049 εἷναι
2760 2996 2850 3048 τὸν
2880 2996 3061 3059 αὑτὸν,
3100 2995 3233 3048 Θεὸν
3259 2994 3397 3064 ὁμοῦ
3445 2994 3547 3047 καὶ
3588 2996 3683 3049 ἄν·

407 3090 608 3154 divina,
635 3105 697 3144 ac
734 3102 993 3158 praeterea
1029 3092 1284 3147 lmmana.
1322 3093 1419 3148 Hic
1456 3096 1597 3148 enim
1624 3112 1746 3150 cum
1780 3113 1991 3162 semper

2099 3096 2333 3164 θρωπον,
2361 3095 2455 3149 καὶ
2480 3095 2597 3157 ἑνὸς
2616 3095 2683 3147 τὰ
2713 3093 2889 3146 πάντα
2911 3094 2979 3146 τὰ
3007 3091 3305 3161 θεοπρεπῆ,
3328 3091 3424 3143 καὶ
3453 3090 3681 3161 προσέτι

405 3182 636 3237 exsistat
678 3194 945 3251 quatenus
980 3194 1064 3237 est
1104 3184 1266 3247 Dens,
1316 3187 1649 3241 nativitatem
1695 3192 1990 3244 secundum

405 3288 625 3327 carnem
660 3290 725 3328 ex
754 3274 977 3328 muliere
1004 3277 1191 3331 subiit.
1227 3278 1399 3333 Unius
1430 3279 1614 3348 itaque
1659 3290 1819 3351 atque
1850 3280 1994 3350 ejus-

322 3365 324 3368 ’
405 3367 526 3421 dem
565 3377 667 3430 est,
714 3377 768 3422 et
801 3369 869 3423 ab
909 3379 1115 3423 aeterno
1148 3384 1269 3424 esse
1305 3380 1467 3440 atque
1499 3373 1814 3439 subsistere,
1845 3384 1900 3429 et
1940 3376 1993 3429 in

406 3458 611 3512 ultimis
650 3460 981 3527 temporibus
1023 3460 1318 3514 secundum
1349 3477 1567 3516 carnem
1614 3474 1799 3517 natum
1845 3478 1988 3518 esse.

407 3549 509 3614 Qui
559 3566 679 3603 cum
734 3552 805 3603 sit
850 3562 1071 3606 sanctus
1120 3554 1418 3606 secundum
1470 3565 1759 3618 naturam,
1809 3565 1996 3625 utpote

410 3639 569 3706 Deus,
607 3641 979 3697 sanetilicatus
1000 3654 1082 3698 est
1108 3646 1421 3711 nobiscum,
1451 3655 1722 3715 quatenus
1746 3649 1995 3716 apparuit

409 3732 590 3797 homo,
624 3733 708 3785 cui
739 3736 955 3802 proprie
989 3738 1249 3790 coitvenit
1291 3738 1642 3793 sanctiﬁcari.
1670 3739 1912 3811 Cumque
1939 3754 1998 3796 ιιι

408 3833 605 3876 natura
644 3823 902 3879 Dominus
930 3842 1143 3879 summa
1169 3827 1433 3897 dignitate
1462 3830 1773 3896 excelleret,
1809 3832 1993 3886 servili

410 3913 583 3967 forma
632 3925 689 3968 ut
741 3917 957 3985 propria
1008 3932 1306 3989 assumpta,
1348 3920 1562 3974 Patrem
1618 3938 1772 3977 suum
1827 3923 1994 3979 Deum

408 4008 641 4069 vocavit,
667 4018 722 4062 et
752 4024 875 4063 cum
907 4009 1023 4079 ipse
1062 4014 1131 4065 sit
1172 4013 1282 4065 vita
1326 4022 1380 4066 et
1412 4014 1714 4080 viviﬁcans,
1743 4026 1797 4069 ut
1833 4015 1994 4084 Deus,

407 4102 712 4155 vivilicatus
745 4117 773 4154 a
816 4103 974 4157 Patre
1004 4119 1123 4158 esse
1169 4105 1385 4172 dicitur,
1413 4116 1680 4175 quatenus
1722 4109 1883 4164 homo
1913 4109 1994 4163 fa-

406 4204 526 4247 ctus
553 4204 656 4249 est.
684 4193 874 4247 Omnia
900 4196 1082 4265 itaque
1104 4195 1275 4265 ipsius
1300 4208 1448 4264 sunt,
1471 4208 1527 4253 et
1549 4215 1652 4253 non
1679 4200 1997 4270 dedignatus

404 4295 489 4340 est
522 4285 1043 4341 administrationem
1086 4289 1137 4341 in
1178 4304 1360 4356 carne,
1395 4306 1555 4359 quam
1589 4302 1643 4346 et
1682 4292 1849 4348 Pater
1879 4294 1998 4364 ipse

405 4379 781 4447 comprobavit
806 4397 820 4434 :
854 4378 1122 4449 siquidem
1148 4396 1275 4434 vera
1310 4391 1436 4435 sunt
1468 4398 1588 4451 qua:
1618 4382 1815 4439 Paulus
1840 4386 1990 4440 dicit.

2099 3187 2169 3241 τὰ
2199 3185 2534 3257 ἀνθρώπινα.
2574 3180 2743 3247 ϋῦτος
2772 3185 2879 3255 γὰρ
2905 3185 3166 3254 ὑπάρχων
3188 3183 3273 3236 ἀεὶ
3300 3183 3397 3236 καὶ
3442 3183 3684 3250 ὑφεστηο

2098 3278 2208 3343 κὼς
2254 3278 2396 3332 κατά
2429 3295 2492 3347 γε
2528 3277 2590 3331 τὸ
2632 3274 2771 3330 εἶναι
2805 3276 2956 3339 Θεὸς,
3008 3276 3266 3345 ὑπέμεινε
3296 3275 3558 3346 γέννησιν
3582 3275 3684 3346 τὴν

2098 3373 2237 3426 κατὰ
2282 3373 2460 3442 σάρκα
2512 3374 2577 3424 ὲκ
2628 3371 2904 3437 γυναικός.
2966 3368 3116 3432 Ἑνὸς
3157 3364 3251 3422 οὖν
3288 3369 3397 3438 ἄρα
3444 3369 3542 3421 καὶ
3586 3368 3683 3421 τοῦ

2096 3463 2261 3517 αὑτοῦ
2310 3464 2403 3516 καὶ
2436 3463 2497 3516 τὸ
2529 3463 2719 3524 ἁῖδίως
2775 3458 2914 3515 εἶναι
2949 3461 3044 3514 καὶ
3094 3460 3435 3528 ὑφεστάναι,
3472 3462 3571 3514 καὶ
3624 3463 3683 3514 ὲν

2097 3558 2348 3628 ἐσχάτοις
2381 3560 2591 3627 καιροῖς
2640 3555 2783 3610 κατὰ
2814 3555 2989 3623 σάρκα
3033 3554 3383 3623 γεννηθῆναι.
3432 3554 3494 3616 ὃς
3527 3554 3681 3623 ἅγιος

2100 3647 2177 3701 ὢν
2222 3647 2364 3703 κατά
2405 3646 2568 3716 φύσιν
2597 3646 2672 3709 ὡς
2718 3645 2871 3710 Θεὸς,
2902 3644 3158 3715 ήγιάζετο
3200 3643 3316 3715 μεθ’
3351 3645 3517 3713 ἡμων
3546 3643 3683 3696 καθὸ

2100 3740 2343 3810 πέφηνεν
2373 3739 2677 3809 ἅνθρωπος,
2712 3731 2866 3809 ᾧπερ
2901 3737 2967 3791 ἂν
2999 3737 3199 3807 πρέποι
3229 3735 3289 3788 τὸ
3317 3734 3682 3803 ἀγιάζεσθαι·

2099 3832 2192 3885 καὶ
2227 3833 2285 3886 ὲν
2313 3832 2662 3894 Δεσποτικοῖς
2698 3830 2961 3900 ὑπάρχων
3002 3828 3293 3899 ἀξιώμασι,
3338 3830 3434 3881 καὶ
3462 3828 3564 3899 τὴν
3586 3828 3681 3882 τοῦ

2097 3922 2283 3975 δούλου
2322 3922 2533 3993 μορφὴν
2567 3921 2641 3984 ὡς
2673 3920 2806 3974 ίδίαν
2839 3921 2999 3991 ἔχων,
3029 3920 3162 3973 Θεὸν
3194 3919 3481 3991 ὠνόμαζεν
3513 3919 3680 3974 αὑτοῦ

2098 4014 2189 4067 τὸν
2206 4015 2444 4085 Πατέρα·
2475 4012 2613 4085 [καὶ]
2634 4011 2744 4084 ζωὴ
2762 4013 2856 4065 καὶ
2874 4013 3133 4076 ζωοποιὸς
3150 4013 3414 4083 ὑπάρχων
3432 4012 3510 4076 ὡς
3525 4011 3679 4077 Θεὸς,

2099 4102 2480 4169 ζωοποιεῖσθαι
2517 4104 2736 4170 λέγεται
2781 4103 2933 4174 παρὰ
2961 4103 3055 4156 τοῦ
3089 4105 3299 4174 Πατρὸς
3330 4104 3466 4157 καθὸ
3499 4103 3681 4174 πέτη-

2099 4210 2188 4246 νεν
2211 4193 2514 4263 ἄνθρωπος.
2539 4193 2725 4245 Πάντα
2749 4194 2928 4245 τοίνυν
2952 4193 3115 4246 αὑτοῦ
3133 4233 3147 4255 ,
3177 4195 3268 4246 καὶ
3290 4194 3392 4245 οὑκ
3421 4193 3680 4264 ἀτιμάζει

2100 4287 2198 4358 τὴν
2225 4286 2555 4356 οἰκονομίαν,
2570 4287 2635 4357 ἣν
2660 4286 2753 4338 καὶ
2775 4286 2939 4350 αὑτὸς
2962 4284 3223 4355 ἐπῄνεσεν
3238 4287 3267 4339 6
3289 4285 3499 4357 Πατὴρ,
3522 4287 3679 4356 εἰπερ

2100 4378 2249 4432 ἐστὶν
2296 4378 2470 4449 ἁληθῆ
2521 4377 2590 4431 τὰ
2634 4377 2721 4430 διὰ
2763 4376 2864 4446 τῆς
2909 4377 3003 4430 τοῦ
3039 4376 3250 4432 Παύλου
3300 4377 3507 4447 φωνῆς.
3544 4379 3681 4431 Ποτὲ

405 4470 545 4524 Alibi
573 4471 715 4524 enim
743 4472 814 4524 ita
847 4473 923 4526 ait
952 4490 965 4526 :
1002 4490 1019 4522 ι
1059 4470 1191 4524 Ειιιιι
1212 4475 1302 4540 qui
1332 4489 1436 4527 non
1470 4484 1695 4529 noverat
1715 4487 1991 4544 peccatum

2102 4470 2202 4540 μὲν
2230 4470 2338 4540 γὰρ
2367 4468 2493 4539 ἔφη⁸
2518 4488 2535 4520 ι
2563 4469 2665 4523 Τὸν
2690 4468 2765 4539 μὴ
2784 4468 2978 4537 γνόντα
3009 4469 3304 4539 ἁμαρτίαν,
3338 4468 3483 4537 ὑπὲρ
3524 4469 3681 4539 ἡμῶν

407 4578 504 4630 pro
542 4562 695 4616 nobis
723 4575 1006 4632 peccatum
1041 4565 1191 4627 fecit,
1223 4577 1279 4619 ut
1307 4582 1404 4620 nos
1431 4568 1619 4621 liamus
1645 4566 1858 4635 justitia
1897 4569 1993 4645 Dei

406 4654 461 4708 in
487 4654 605 4721 ipso
628 4655 695 4721 '°;
711 4672 727 4705 ι
749 4655 1017 4710 alibivero
1039 4673 1250 4711 rursum
1280 4672 1332 4711 ιι
1362 4657 1462 4723 Qui
1487 4659 1706 4728 proprio
1722 4658 1861 4714 Filio
1888 4676 1992 4717 non

407 4748 668 4816 pepercit,
705 4749 797 4803 sed
835 4764 932 4819 pro
966 4750 1121 4805 nobis
1170 4750 1422 4804 omnibus
1468 4751 1689 4804 tradidit
1724 4750 1896 4816 illum,
1938 4763 1998 4805 ut

408 4851 463 4891 et
505 4856 626 4894 cum
663 4842 780 4910 ipso
826 4842 1007 4895 omnia
1053 4842 1208 4896 nobis
1250 4841 1513 4911 largiatur
1533 4842 1599 4895 εί.
1635 4861 1653 4895 ι
1693 4843 1848 4896 Anne
1900 4844 1995 4896 tibi

407 4944 771 4988 consentanea
816 4935 987 4988 sacris
1030 4933 1250 4989 Litteris
1288 4934 1554 4989 sententia
1597 4950 1717 4990 mea
1743 4936 1997 4992 videtur?

479 5114 537 5168 Β,
580 5113 837 5168 Omnino.

480 5206 546 5259 A.
590 5205 647 5257 Si
681 5219 830 5268 vero,
869 5213 927 5260 ut
954 5204 1248 5259 adversarii
1297 5204 1484 5260 volunt
1512 5204 1723 5275 sibique
1764 5218 1989 5274 persua-

408 5298 562 5362 dent,
597 5297 931 5367 unigenitum
974 5296 1067 5351 Dei
1113 5296 1366 5360 Verbum,
1402 5306 1624 5365 accepto
1672 5298 1891 5351 homine
1920 5311 1986 5350 ex

408 5390 619 5445 semine
662 5388 832 5443 David
863 5398 918 5443 et
962 5389 1258 5455 Abraham,
1294 5389 1457 5461 730
1486 5389 1707 5443 formari
1752 5388 1899 5441 illum
1940 5388 1991 5441 in

412 5493 601 5537 sancta
629 5482 842 5553 Virgine
864 5482 1092 5547 curavit,
1110 5483 1428 5552 atquehunc
1449 5482 1547 5535 sibi
1575 5481 1674 5552 ipsi
1699 5481 1993 5551 copulavit,

415 5584 755 5644 mortemque
806 5575 1038 5644 experiri
1095 5575 1283 5639 voluit,
1337 5590 1542 5629 necnon
1593 5575 1907 5629 suscitatum
1964 5588 1995 5627 ιι

490 5750 533 5782 ⁷⁵³
562 5750 753 5821 Epltcs.
782 5766 797 5805 ι
854 5750 942 5817 Ξὶθ,
969 5749 1057 5804 2|.
1137 5750 1180 5781 ³ο
1210 5747 1253 5803 ll
1295 5748 1416 5805 Cor.
1461 5764 1510 5815 ν,
1538 5747 1625 5800 Ἦ-

2104 4563 2379 4632 ἀμαρτίαν
2410 4560 2686 4632 ἐποίησεν,
2729 4561 2813 4613 ἵνα
2844 4561 3005 4628 ἡμεῖς
3035 4560 3317 4630 γενώμεθα
3361 4560 3680 4629 δικαιοσύνη

2101 4653 2237 4706 Θεοῦ
2273 4654 2331 4705 ὲν
2360 4652 2535 4723 αὐτῷ·
2576 4671 2593 4702 ι
2625 4652 2755 4705 ποτὲ
2787 4651 2844 4704 δὲ
2875 4651 3036 4704 πάλιν
3060 4666 3072 4678 ·
3116 4669 3136 4701 ι
3180 4652 3276 4712 Ὃς
3315 4667 3379 4718 γε
3414 4649 3511 4702 τοῦ
3552 4650 3679 4705 ίδίοιι

2104 4745 2234 4799 Υἱοῦ
2274 4747 2375 4799 οὑκ
2405 4744 2679 4815 ἐφείσατο,
2718 4743 2831 4796 ἀλλ’
2865 4743 3003 4813 ὑπὲρ
3026 4743 3185 4813 ἡμῶν
3220 4743 3480 4795 ἁπάντων
3535 4760 3650 4815 παρ

2104 4836 2303 4890 έδωκεν
2320 4836 2502 4895 αὑτὸν.
2522 4837 2609 4887 ἵνα
2638 4835 2733 4887 καὶ
2762 4833 2860 4886 σὺν
2888 4834 3034 4903 αὑτῷ
3060 4832 3131 4885 τὰ
3161 4834 3335 4887 πάντα
3360 4836 3496 4903 ἡμῖν
3528 4832 3678 4905 χαρί-

2103 4943 2284 4995 σηται.
2320 4945 2338 4977 ι
2374 4922 2500 4996 τΑρ⁹
2520 4920 2611 4979 οὖν
2648 4925 2748 4976 οὑκ
2780 4923 2907 4976 εὑθὺ
2943 4923 3146 4976 σκοποῦ
3174 4923 3282 4975 τῶν
3308 4922 3472 4974 ίεοῶν
3495 4923 3676 4993 Γραμ-

2103 5019 2290 5088 μάτων
2326 5018 2354 5069 6
2384 5018 2519 5088 πρὸς
2545 5020 2577 5089 ἡ
2587 5017 2703 5087 μῶν
2737 5019 2853 5070 ἐστι
2882 5016 3070 5085 ).όγος;

2171 5111 2231 5165 Β.
2274 5110 2397 5173 Πῶς
2424 5110 2530 5180 γὰρ
2562 5109 2659 5175 οῦ;

2168 5204 2232 5258 Δ.
2276 5203 2338 5256 Εἰ
2363 5203 2419 5255 δὲ
2449 5203 2530 5273 δὴ,
2566 5202 2708 5256 καθά
2738 5218 2903 5271 φασιν
2934 5201 2983 5255 oi
3015 5202 3080 5255 δι’
3123 5199 3373 5263 ἐναντίας
3407 5201 3507 5253 καί⁷
3541 5217 3667 5270 φρο-

2098 5297 2208 5348 νεῖν
2234 5294 2558 5364 ὲγνώκασιν,
2581 5296 2609 5347 ὁ
2643 5295 2934 5367 μονογενὴς
2975 5294 3070 5348 τοῦ
3102 5294 3237 5348 Θεοῦ
3270 5294 3463 5361 Λόγος,
3497 5292 3668 5347 λαὸὼν

2092 5388 2378 5457 ἄνθρωπον
2430 5389 2494 5440 ἐκ
2544 5388 2859 5458 σπέρματος
2904 5386 2996 5440 τοῦ
3046 5385 3335 5440 θεσπεσίου
3384 5386 3555 5440 Δασιδ
3582 5385 3667 5439 καὶ

2106 5480 2379 5552 Ἀϐραάμ,
2414 5480 2713 5549 πλασθῆναι
2761 5480 2855 5552 μὲν
2893 5482 2951 5533 ὲν
2980 5484 3045 5552 τῇ
3079 5480 3209 5551 ἁγίᾳ
3240 5478 3510 5549 Παρθένῳ
3539 5495 3662 5547 παρ-

2096 5570 2361 5625 εσκεύασέ
2391 5588 2445 5625 τε
2486 5573 2578 5625 καὶ
2602 5571 2783 5627 τοῦτον
2816 5571 2991 5643 ἑαυτῷ
3040 5572 3266 5643 συνῆοᾷε,
3300 5570 3393 5625 καὶ
3440 5570 3661 5625 θανάτου

1709 5748 1749 5777 ⁸¹
1795 5745 1949 5801 llum.
1985 5761 2103 5809 \‘ttt,
2136 5742 2221 5797 3‘2.
