3846 6210
152 376 277 429 ιῖὗί

1268 373 1456 440 QUOD
1498 374 1687 431 UNUS
1727 373 1834 429 SIT
1872 376 2247 433 CHRISTUS.

3186 420 3189 421 ,
3278 375 3413 429 1282

149 485 445 554 πεποίηκεν
473 488 551 549 εἰς
578 489 775 557 πεῖραν
802 485 996 547 ἐλθεῖν,
1026 484 1119 537 καὶ
1152 484 1257 556 μὴν
1286 487 1379 538 καὶ
1411 487 1633 556 ἐγείρας
1661 488 1725 539 ἐκ

1840 490 2060 543 mortuis
2095 490 2145 543 in
2177 488 2374 544 cmlum
2404 490 2645 557 sustulit,
2678 500 2733 545 et
2783 491 2848 544 ad
2882 490 3164 543 dexteram
3208 490 3297 543 Dei
3332 487 3448 575 se-l

148 575 354 647 νεκρῶν
386 577 712 648 ἀνεκόμισεν
738 580 817 641 εἰς
844 579 937 630 τὸν
980 576 1229 647 οὐρανὸν,
1259 577 1353 629 καὶ
1381 577 1637 631 ἐκάθισεν
1667 579 1726 630 ἐν

146 668 293 740 δεξιᾷ
339 669 432 722 τοῦ
477 668 611 723 Θεοῦ
636 685 651 701 ο
687 669 979 741 περιττῶς,
1030 669 1106 731 ὡς
1145 668 1309 733 ἔοικε,
1345 668 1481 740 πρός
1528 686 1584 722 τε
1620 669 1728 722 τῶν

148 759 318 826 ἁγίων
347 761 623 829 πατέρων,
655 762 750 814 καὶ
781 762 918 833 πρός
940 777 1004 829 γε
1040 764 1068 831 ἡ
1079 760 1195 831 μῶν
1222 761 1420 823 αὐτῶν,
1458 762 1552 814 καὶ
1580 761 1729 815 ἀπά-

148 867 246 921 σης
284 868 347 920 γε
379 852 478 920 τῆς
526 852 885 905 θεοπνεύστου
921 854 1144 925 Γραφῆς
1176 853 1595 925 ἐνανθρωπῆσαι
1643 855 1730 909 λέ-

164 961 317 1012 γεται
342 960 356 972 '
386 945 537 1015 δηλοί
582 946 712 1016 γὰρ,
754 942 928 1014 οἶμαι,
966 947 1135 1010 τουτὶ,
1170 947 1261 999 καὶ
1291 947 1477 1017 ἕτερον
1504 948 1679 1012 οὐδὲν,
1700 949 1730 1000 6

150 1038 421 1106 πάνσοφος
460 1037 733 1107 Ἰωάννης,
765 1036 1080 1108 γεγραφὼς,
1108 1038 1190 1090 ὅτι
1229 1057 1246 1089 t
1298 1038 1358 1090 Ὀ
1386 1038 1560 1106 Λόγος
1591 1037 1730 1108 σὰρξ

148 1129 384 1196 ἐγένετο.
417 1148 435 1181 ι
480 1128 907 1200 Ἀντέστραπται
940 1128 1020 1195 δὲ,
1073 1130 1214 1183 κατά
1259 1129 1321 1182 τὸ
1371 1131 1540 1194 εἰκὸς,
1592 1129 1729 1199 πρὸς

149 1221 255 1274 πᾶν
282 1221 613 1281 τούναντίον,
645 1221 744 1292 τῆς
777 1222 916 1292 μετά
964 1222 1166 1293 σαρκὸς
1189 1223 1498 1293 οἰκονομίας
1526 1223 1589 1275 τὸ
1624 1241 1729 1294 μυ-

150 1312 389 1383 στήριον.
422 1313 496 1365 Οὐ
521 1313 629 1384 γὰρ
660 1313 807 1366 ἐστιν
856 1314 1003 1377 ίδείν,
1046 1314 1121 1377 ὼς
1160 1312 1291 1379 Θεὸς
1317 1314 1393 1368 ὢν
1432 1315 1593 1383 φύσει
1636 1317 1732 1370 καὶ

147 1404 213 1457 ἐκ
258 1403 393 1457 Θεοῦ
441 1404 697 1475 πεφηνὼς
730 1406 760 1458 6
797 1405 987 1474 Λόγος,
1032 1406 1275 1477 καθῆκεν
1309 1408 1497 1461 ἐαυτὸν
1531 1410 1610 1471 είς
1639 1410 1730 1463 κέο

147 1514 342 1560 νωσιν,
400 1497 612 1569 μορφὴν
662 1496 848 1550 δούλου
899 1497 1115 1563 λαϐὼν,
1178 1500 1274 1552 καὶ
1330 1501 1730 1555 τεταπείνωκεν

148 1590 358 1654 ἐαυτὸν,
413 1591 526 1644 ἀλλ’
565 1590 630 1645 ἐκ
667 1610 731 1661 γε
775 1591 883 1645 τῶν
927 1592 1205 1658 ἐναντίων,
1247 1595 1582 1665 ἀνεκομίσθη
1631 1596 1731 1666 μὲν

148 1681 429 1751 ἄνθρωπος
465 1684 546 1745 εἰς
572 1683 669 1754 τὴν
702 1685 799 1755 τῆς
839 1683 1088 1755 θεότητος
1127 1684 1305 1752 δόξαν,
1338 1689 1431 1739 καὶ
1461 1688 1560 1759 τὴν
1591 1688 1732 1742 κατά

153 1774 371 1828 πάντων
418 1775 714 1846 ὑπεροχὴν,
752 1776 910 1829 ἔλαϐε
950 1777 1005 1828 δὲ
1040 1778 1133 1831 καὶ
1179 1777 1313 1830 Θεοῦ
1352 1781 1587 1849 μορφὴν,
1635 1780 1730 1833 καὶ

1827 581 1956 636 dere
1979 583 2162 651 jussit,
2217 597 2638 652 supervacanee,
2674 590 2731 636 ut
2761 582 2993 647 videtur,
3022 596 3051 634 a
3083 582 3286 636 sanctis
3316 578 3419 633 Pa-

1829 678 2021 745 tribus,
2048 689 2104 732 et
2139 694 2168 732 a
2197 678 2349 732 nobis
2378 679 2529 748 ipsis,
2564 688 2725 748 atque
2759 678 2895 731 adeo
2927 675 2996 731 ah
3025 678 3278 732 universa
3329 690 3419 729 sa-

1829 786 1921 826 cra
1966 780 2020 824 et
2057 771 2317 824 divinitus
2361 770 2622 840 inspirata
2668 768 2947 838 Scriptura
2994 768 3156 823 homo
3211 769 3417 822 factum

1830 875 1952 917 esse
1976 862 2194 916 dicitur.
2230 860 2342 917 Hoc
2373 863 2540 924 enim,
2578 876 2752 930 neque
2787 861 2932 914 aliud
2965 861 3256 929 quidquam
3287 859 3417 913 mihi

1829 952 2138 1022 signiﬁcare
2173 953 2387 1006 videtur
2430 952 2870 1019 sapientissimus
2916 950 3153 1005 Joannes
3186 966 3305 1003 cum
3340 950 3420 1004 in-

1830 1043 1990 1112 quit:
2026 1060 2045 1093 ι
2076 1041 2314 1097 Verbum
2360 1058 2488 1097 caro
2530 1043 2731 1097 factum
2780 1053 2882 1097 est.
2914 1061 2932 1094 ›
2970 1042 3074 1097 Sed
3104 1041 3417 1094 universum

1831 1135 2324 1189 administrationis
2361 1136 2412 1189 in
2445 1150 2609 1189 carne
2645 1138 2965 1206 mysterium
3008 1134 3165 1204 plane
3206 1134 3260 1187 in
3291 1147 3420 1187 con-

1832 1225 2056 1279 trarium
2100 1225 2419 1279 mutabitur.
2470 1223 2657 1293 Neque
2690 1223 2833 1278 enim
2884 1222 3024 1277 Deus
3058 1234 3246 1276 natura
3277 1223 3422 1276 exsi-

1833 1326 1982 1369 stens
2016 1326 2179 1384 atque
2233 1331 2296 1371 ex
2341 1315 2450 1370 Deo
2496 1316 2755 1381 Verbum,
2806 1317 3042 1385 seipsum
3074 1318 3139 1369 ad
3168 1313 3421 1368 exinani-

1834 1407 2032 1460 tionem
2072 1406 2358 1461 demisisse
2393 1408 2655 1475 cernitur,
2701 1422 2876 1475 neque
2936 1407 3303 1461 hutniliaverit
3337 1420 3423 1459 se-

1834 1499 2010 1570 ipsutu
2044 1521 2057 1556 :
2090 1501 2183 1555 sed
2215 1516 2245 1556 e
2274 1503 2546 1556 contrario
2577 1502 2777 1557 relatus
2818 1503 3032 1573 quidem
3072 1502 3232 1556 fuerit
3263 1503 3423 1555 homo

1835 1592 1890 1646 in
1924 1593 2142 1648 deitatis
2165 1593 2413 1663 gloriam,
2444 1595 2607 1663 inque
2632 1596 3015 1651 excellentiam
3048 1597 3289 1649 omnium
3325 1612 3417 1649 su-

1834 1702 2107 1756 premam;
2135 1689 2407 1756 acceperit
2432 1704 2558 1743 vero
2589 1697 2641 1743 et
2665 1690 2895 1744 formam
2925 1689 3040 1754 Dei,
3068 1702 3121 1745 et
3150 1690 3423 1743 exaltatns

1834 1775 2019 1841 fuerit,
2060 1793 2304 1834 assessor
2336 1777 2478 1834 Patri
2518 1779 2717 1836 factus.
2759 1781 2914 1836 Anne
2946 1781 3041 1836 tibi
3076 1796 3201 1835 vere
3244 1781 3424 1836 dicere

153 1864 339 1934 ὑψώθη
365 1865 582 1936 μᾶλλον,
616 1865 900 1936 σύνθρονος
931 1866 1170 1936 γεγονὼς
1199 1867 1274 1938 τῷ
1306 1869 1501 1941 Πατρί.
1531 1865 1608 1923 τΗ
1633 1870 1731 1924 οὐκ
1767 1858 1809 1914 Β
1839 1868 2061 1924 videor?

148 1954 367 2024 ἀληθὲς,
396 1956 424 2007 ὃ
454 1970 595 2025 φημι
616 1972 630 2020 ;

219 2047 279 2098 Β.
323 2046 642 2100 Παντάπασι
680 2046 780 2116 μὲν
812 2041 925 2101 οὖν.

218 2140 282 2192 Α.
324 2139 386 2191 Et
438 2138 494 2191 δὲ
544 2138 765 2210 ἀληθὲς,
810 2139 953 2194 καθά
991 2157 1145 2209 φασι,
1194 2142 1291 2194 καὶ
1323 2141 1602 2213 ἀπηξίωσε
1634 2142 1733 2215 τὴν

148 2232 459 2303 οἰκονομίαν
493 2235 520 2285 ὀ
548 2234 877 2303 Μονογενὴς,
916 2234 1073 2297 ποίας
1103 2233 1183 2286 ἔτι
1211 2235 1619 2305 κατεφρόνησεν
1648 2238 1733 2289 ati-

152 2319 387 2390 σχύνης;
428 2323 531 2373 ποῦ
579 2321 636 2373 δὲ
684 2323 905 2390 γέγονεν
945 2324 1186 2392 ὑπήκοος
1223 2322 1300 2394 τῷ
1336 2325 1510 2395 Πατρὶ
1567 2326 1732 2397 μέχρι

151 2412 403 2477 θανάτου,
444 2411 672 2466 θανάτου
699 2413 756 2466 δὲ
788 2414 1050 2485 σταυροῦ;
1089 2415 1198 2467 Καὶ
1227 2416 1277 2468 εἰ
1311 2415 1490 2469 λαϐὼν
1518 2416 1730 2489 ἀνθρω-

152 2520 274 2571 πον,
306 2504 480 2574 ἦγαγε
512 2504 611 2574 μέν
661 2490 769 2557 και
790 2505 869 2567 είς
918 2507 1114 2575 πεῖραν
1141 2504 1303 2558 αὑτὸν
1332 2506 1425 2559 τοῦ
1474 2507 1730 2576 θανάτου,

151 2596 488 2667 ἀνακομίσας
536 2597 593 2649 δὲ
644 2596 741 2650 καὶ
779 2598 858 2659 εἰς
895 2597 1162 2666 οὐρανοὺς
1189 2597 1442 2672 σύνεδρον
1484 2601 1731 2670 ἀπέφηνε

150 2690 230 2761 τῷ
264 2691 457 2761 Πατρὶ,
488 2692 579 2743 ποῖ
605 2688 669 2760 δὴ
696 2690 805 2760 ἄρα
834 2688 1018 2742 λοιπὸν
1053 2692 1081 2743 6
1112 2690 1277 2743 αὑτοῦ
1319 2697 1567 2760 φανεῖται
1598 2692 1727 2764 θρό-

152 2801 262 2849 νος,
298 2784 455 2854 είπερ
492 2783 551 2835 ού
597 2781 690 2835 δύο
730 2783 891 2850 φασιν
935 2784 1107 2847 υἱοὺς,
1155 2783 1249 2836 ἕνα
1278 2784 1335 2836 δὲ
1392 2785 1592 2855 μᾶλλον
1640 2785 1733 2838 τὸν

155 2873 561 2944 συνεδρεύοντα,
607 2872 699 2926 τὸν
737 2876 801 2927 ἐκ
836 2874 1148 2943 σπέρματος
1187 2874 1430 2944 δηλονότι
1479 2875 1641 2928 Δαϐίδ
1671 2893 1731 2929 τε

154 2968 248 3021 καὶ
298 2966 583 3038 Ἀϐραάμ;
632 2966 748 3027 πῶς
777 2965 822 3018 δ’
853 2966 918 3019 ἂν
949 2966 1045 3020 καὶ
1090 2967 1250 3028 αὐτὸς
1292 2969 1487 3040 Σωτὴρ
1523 2968 1733 3037 λέγοιτο

152 3058 403 3126 γενέσθαι
432 3059 526 3113 τοῦ
563 3059 794 3130 κόσμου,
835 3059 928 3112 καὶ⁴
960 3060 1079 3130 οὐχ).
1106 3060 1170 3131 δὴ
1208 3060 1408 3132 μᾶλλον
1440 3062 1730 3132 ἀνθρώπου

154 3152 432 3222 πρόξενος,
464 3152 583 3221 ἦτοι
611 3150 1047 3221 παρακομιστὴς,
1066 3150 1131 3203 δι’
1157 3147 1217 3204 οῦ
1251 3152 1345 3203 καὶ
1375 3151 1727 3221 σεσώσμεθα’

154 3246 252 3301 καὶ
294 3245 443 3308 τέλος
480 3244 645 3313 νόμου
683 3247 777 3295 καὶ
826 3241 1123 3313 προφητῶν
1161 3242 1382 3311 γέγονεν
1417 3242 1728 3313 ἄνθρωπος,

154 3340 340 3409 ἕτερος
382 3336 457 3388 ῶν
498 3336 627 3406 παρ’
681 3334 865 3386 αὐτόν.
899 3334 1066 3387 Λαλεῖ
1109 3333 1218 3405 γὰρ
1250 3336 1278 3386 6
1310 3334 1474 3404 νόμος
1505 3335 1567 3388 τὸ
1596 3337 1734 3406 XF..-

152 3429 285 3485 στοῦ
316 3428 631 3498 μυστήριον,
669 3426 762 3478 καὶ
789 3425 915 3495 περὶ
945 3424 1110 3477 αὑτοῦ
1137 3424 1413 3495 γέγραφεν
1451 3428 1479 3479 6
1505 3426 1732 3497 Μωσῆς,

151 3522 214 3585 ὃς
232 3521 324 3574 καὶ
343 3518 564 3587 γέγονεν
581 3519 710 3587 ἡμῖν
741 3517 1087 3585 παιδαγωγὸς
1119 3518 1207 3568 ἐπ’
1228 3518 1411 3571 αὐτόν.
1431 3517 1649 3589 Οῖχεται
1677 3522 1735 3573 δε

154 3630 261 3668 που
288 3611 423 3683 πρὸς
447 3611 508 3663 τὸ
532 3609 745 3681 μηδένὴ
764 3608 964 3673 πίστις,
986 3608 1135 3681 ἔρρει
1156 3609 1261 3679 γάρ
1280 3626 1293 3639 ο
1313 3610 1446 3663 ὅπου
1465 3610 1521 3665 δὲ
1542 3628 1737 3665 παντε-

153 3707 286 3771 λῶς,
299 3705 451 3759 οὐδὲν
467 3705 527 3757 τὸ
542 3702 736 3756 σεπτὸν
751 3704 784 3774 ἡ
791 3702 906 3773 μῶν
926 3703 1243 3775 μυστήριον.
1264 3703 1328 3756 Ὃ
1350 3702 1414 3774 δὴ
1432 3705 1526 3756 καὶ
1550 3703 1579 3753 ὁ
1596 3720 1736 3757 παν-

154 3803 376 3872 άριστος
420 3798 629 3861 Παῦλος
661 3797 956 3869 διατρανοῖ,
987 3796 1159 3865 λέγων
1179 3813 1192 3825 ·
1234 3816 1252 3849 ι
1282 3796 1375 3868 Μὴ
1390 3797 1550 3869 εἴπῃς
1575 3799 1633 3851 ἐν
1666 3801 1733 3869 τῇ

155 3895 356 3968 καρδίᾳ
404 3909 530 3947 σουο
563 3892 659 3955 Τίς
700 3880 1032 3961 ἀναϐήσεται
1079 3892 1159 3953 είς
1201 3891 1291 3943 τὸν
1322 3892 1583 3963 οὐρανόν;
1612 3908 1737 3945 του·

152 3986 306 4038 τὲστι
336 3983 571 4055 Χριστὸν
602 3982 955 4050 καταγαγεῖν,
981 3980 1014 4052 ἤ
1036 3980 1118 4044 τίς
1137 3980 1509 4052 καταϐήσεται
1530 3983 1610 4044 εἰς
1638 3982 1737 4052 τὴν

155 4079 432 4141 ἄϐυσσον;
466 4076 712 4128 τουτέστι
759 4072 994 4145 Χριστὸν
1044 4074 1339 4142 ἀναγαγεῖν
1386 4074 1450 4126 ἐκ
1504 4073 1733 4145 νεκρῶν.

169 4167 334 4220 Ἀλλὰ
363 4166 415 4218 τί
444 4164 591 4234 λέγει
617 4167 651 4235 ἡ
676 4164 903 4235 Γραφή;
944 4162 1137 4232 Ἐγγύς
1169 4180 1261 4216 σου
1295 4163 1358 4218 τὸ
1388 4165 1539 4235 ῥῆμά
1565 4166 1735 4230 ἐστιν,

157 4266 223 4318 ἐν
264 4262 343 4333 τῷ
390 4259 618 4330 στόματί
650 4275 743 4311 σου
788 4260 883 4311 καὶ
916 4259 974 4311 ἐν
1002 4260 1068 4328 τῇ
1115 4257 1311 4330 καρδίᾳ
1346 4275 1461 4319 σου,
1493 4257 1738 4311 τουτέστι

153 4354 220 4407 τὸ
250 4356 398 4425 ῥῆμα
426 4352 523 4422 τῆς
551 4350 808 4414 πίστεως,
841 4350 869 4403 δ
906 4353 1275 4421 κηρύσσομεν,
1309 4350 1390 4402 ὃτι
1437 4349 1531 4403 ἐὰν
1578 4351 1739 4420 εἴπῃς

158 4449 219 4500 ἐν
242 4446 319 4517 τῷ
348 4444 573 4515 στόματί
605 4460 720 4507 σου,
745 4442 950 4514 Κύριος
980 4441 1209 4511 Ἰησοῦς,
1234 4442 1328 4495 καὶ
1362 4442 1661 4514 πιστεύσῃς
1681 4444 1738 4494 ἐν

1906 2026 1970 2082 Β.
2011 2025 2266 2084 Omnino.

1903 2122 1968 2175 A.
2003 2122 2073 2176 At
2095 2127 2138 2177 si
2174 2139 2359 2179 verum
2385 2134 2469 2180 est
2494 2125 2637 2196 quod
2667 2124 2876 2193 dicunt,
2912 2137 2967 2181 et
2992 2127 3314 2198 dedignatus
3339 2136 3425 2184 est

1834 2213 2161 2285 Unigenitus
2204 2217 2653 2282 incarnationem,
2706 2233 2868 2288 quam
2928 2220 3144 2273 tandem
3194 2219 3425 2287 iguOtni-

1836 2306 1979 2359 niam
2013 2309 2381 2377 contempsit?
2408 2320 2501 2362 aut
2529 2324 2636 2378 quo
2662 2321 2818 2378 pacto
2846 2310 3024 2366 iactus
3051 2323 3134 2365 est
3166 2310 3423 2365 obediens

1832 2396 1979 2453 Patri
2026 2414 2194 2468 usque
2231 2402 2298 2453 ad
2330 2412 2582 2464 mortem,
2608 2411 2835 2455 mortem
2869 2413 3046 2456 autem
3071 2398 3423 2456 crucis?Jam

1834 2503 1963 2544 vero
1994 2494 2038 2544 si
2077 2502 2354 2561 acceptum
2386 2491 2534 2545 illtnn
2568 2493 2841 2545 hominem
2872 2502 3101 2547 mortem
3132 2494 3283 2547 obire
3309 2491 3427 2559 jus~

1833 2579 1922 2645 sit,
1961 2591 2015 2634 et
2044 2593 2290 2634 evectum
2338 2581 2390 2634 in
2431 2581 2628 2634 eaalum
2670 2596 3002 2636 assessorem
3043 2579 3187 2633 Patri
3216 2580 3423 2634 consti-

1833 2673 1959 2737 tuit,
1992 2673 2210 2727 ubinam
2241 2674 2498 2740 deinceps
2535 2674 2641 2728 erit
2671 2674 2897 2729 thronus
2936 2671 3057 2728 Filii
3086 2712 3103 2739 ,
3157 2673 3424 2742 siquidem

1833 2766 2173 2837 nequaquam
2229 2770 2364 2822 duos
2424 2768 2562 2821 lilios
2622 2782 2743 2822 esse
2789 2776 3057 2833 statuunt,
3107 2767 3199 2820 sed
3249 2765 3428 2834 potius

1835 2875 2001 2913 unum
2049 2860 2378 2914 assidentem
2420 2902 2433 2923 ,
2492 2861 2745 2913 nimirum
2798 2873 2862 2913 ex
2915 2861 3122 2914 semine
3164 2858 3329 2912 David
3372 2868 3428 2913 et

1833 2952 2103 3006 ειη-ιλιιςεῖ
2128 2961 2219 3006 aut
2242 2952 2513 3021 quomodo
2542 2952 2658 3019 ipse
2690 2952 2905 3007 dicatur
2947 2952 3123 3007 factus
3153 2968 3275 3008 csse
3312 2949 3430 3006 Sal-

1835 3053 1991 3096 vator
2027 3044 2233 3107 tnundi,
2262 3054 2317 3096 et
2350 3058 2455 3095 non
2489 3045 2671 3111 potius
2705 3043 2940 3098 hominis
2977 3056 3275 3112 proxeneta
3310 3046 3426 3099 sive

1835 3134 2082 3203 pararius
2124 3133 2312 3197 fuisse,
2344 3150 2439 3202 per
2464 3151 2622 3207 quem
2664 3137 2856 3190 salvati
2906 3136 3101 3191 simus?
3138 3138 3313 3207 Atque
3352 3138 3426 3191 ita

1843 3226 1968 3282 linis
1998 3228 2131 3298 legis
2157 3236 2210 3282 et
2233 3231 2619 3298 prophetarum
2650 3226 2828 3283 factus
2852 3236 2937 3283 est
2973 3230 3154 3296 homo,
3183 3230 3427 3284 diversus

1842 3322 1912 3374 ab
1945 3322 2062 3390 ipso
2088 3320 2382 3375 exsistens.
2408 3319 2677 3391 Loquitur
2709 3321 2854 3373 ettim
2884 3320 2967 3373 lex
2998 3319 3201 3375 Christi
3228 3330 3427 3388 tnyste-

1843 3416 2006 3479 rium,
2050 3413 2192 3469 etde
2230 3414 2347 3482 ipso
2388 3413 2611 3482 scripsit
2655 3412 2887 3483 Moyses,
2918 3413 3009 3481 qui
3054 3420 3109 3465 et
3147 3412 3321 3467 factus
3348 3421 3426 3467 est

1843 3506 2001 3561 nobis
2036 3507 2361 3576 padagogus
2387 3506 2453 3556 ad
2484 3505 2680 3572 ipsum.
2719 3502 2880 3556 Fides
2908 3518 3035 3556 vero
3060 3515 3242 3556 nostra
3278 3502 3426 3557 irrita

1842 3599 1915 3654 sit
1940 3608 1994 3653 ει
2023 3599 2074 3651 in
2105 3598 2334 3652 nihilum
2363 3594 2661 3665 redigatur,
2693 3606 2747 3649 et
2782 3597 3149 3648 venerandum
3181 3605 3427 3648 nostrum

1843 3691 2159 3762 mysterium
2210 3688 2368 3759 plane
2426 3687 2802 3743 labefactetur.
2856 3686 3007 3753 Quod
3072 3698 3128 3741 et
3189 3689 3430 3758 optimus

1843 3784 2046 3840 Paulus
2072 3782 2331 3848 declarat,
2366 3782 2593 3836 dicens:
2627 3799 2645 3832 ι
2678 3779 2756 3835 Ne
2786 3780 2991 3835 dixeris
3027 3780 3079 3834 in
3106 3782 3268 3835 corde
3294 3790 3385 3835 tuo
3412 3798 3427 3834 :

1844 3877 1976 3944 Quis
1998 3880 2256 3933 ascendet
2279 3875 2330 3929 in
2356 3873 2594 3929 malum?
2617 3872 2667 3927 id
2696 3882 2799 3936 est,
2828 3872 3103 3926 Christum
3128 3873 3428 3939 deducere;

1845 3984 1941 4027 aut
1969 3972 2091 4041 quis
2128 3969 2421 4023 descendet
2446 3967 2497 4019 iu
2544 3964 2848 4035 abyssum?
2891 3964 2994 4018 hoc
3025 3972 3109 4017 est
3152 3964 3429 4018 CltriStum

1844 4082 1875 4121 a
1908 4064 2141 4122 mortuis
2163 4075 2445 4117 revocare.
2472 4060 2577 4113 Sed
2607 4060 2734 4127 quid
2758 4058 2888 4111 dicit
2913 4054 3233 4126 Scriptura?
3256 4054 3429 4127 Prope

1845 4170 1931 4216 est
1973 4157 2197 4213 verbum
2230 4158 2284 4209 in
2326 4168 2422 4209 ore
2456 4164 2566 4218 tuo,
2611 4161 2666 4204 et
2716 4151 2769 4203 in
2819 4150 2983 4203 cetde
3034 4161 3142 4213 tuo,
3180 4152 3280 4203 hoc
3326 4160 3430 4213 est,

1846 4253 2070 4307 verbum
2115 4248 2237 4302 ﬁdei
2269 4247 2412 4317 quod
2441 4244 2818 4315 pradicamus.
2859 4242 2997 4309 Quia
3040 4243 3082 4295 si
3121 4240 3429 4296 conﬁtearis

1847 4345 1900 4399 in
1925 4359 2020 4397 ore
2052 4354 2143 4395 tuo
2175 4340 2461 4394 Dominum
2499 4333 2709 4399 Jesum,
2742 4344 2797 4387 et
2841 4334 2893 4388 in
2931 4334 3093 4387 corde
3134 4342 3226 4387 tuo
3254 4333 3432 4388 credi-

1846 4440 1994 4494 deris
2038 4435 2197 4506 731
2249 4436 2390 4502 quod
2426 4430 2565 4485 Deus
2598 4428 2747 4481 illum
2792 4426 3075 4481 suscitavit
3109 4441 3137 4478 a
3177 4426 3431 4490 mortuis,

159 4543 229 4611 τῇ
264 4538 463 4609 καρδίᾳ
492 4554 607 4602 σου,
637 4536 719 4589 ὅτι
750 4536 778 4586 6
805 4534 936 4598 Θεὸς
958 4535 1118 4588 αὑτὸν
1158 4536 1375 4606 ἦγειρεν
1408 4538 1473 4588 ἐκ
1505 4535 1734 4606 νεκρῶν,

1846 4535 2027 4591 salvus
2061 4533 2171 4586 eris
2199 4529 2267 4582 ⁸⁸.
2302 4546 2319 4577 ι
2354 4526 2471 4591 Quo
2498 4532 2657 4593 pacto
2685 4522 2848 4588 igitur
2882 4519 2987 4572 erit
3028 4518 3280 4587 deinceps
3318 4532 3432 4571 tua-

164 4630 407 4701 σωθήσῃ.
463 4649 481 4682 ι
532 4627 656 4690 Πῶς
696 4624 786 4681 οῦν
810 4627 888 4680 ἐτι
918 4628 1061 4697 μέγα
1103 4643 1162 4679 τε
1193 4628 1287 4681 καὶ
1316 4626 1534 4690 εὐκλεὲς
1562 4628 1656 4680 καὶ
1681 4630 1740 4680 ἐν

164 4724 455 4794 ύπερτάτῳ
497 4720 738 4791 θαύματι
766 4720 826 4773 τὸ
856 4720 952 4790 τῆς
995 4719 1277 4783 εὐσεϐείας
1327 4721 1657 4790 μυστήριον,
1694 4720 1743 4772 εί

163 4815 271 4887 χρὴ
318 4812 612 4876 πιστεύειν,
658 4813 762 4877 ὅτι,
795 4811 941 4865 καθά
991 4829 1154 4880 φασιν
1205 4812 1254 4864 oi
1299 4812 1743 4882 διεστραμμένοι,

160 4908 450 4974 ἄνθρωπος
496 4904 740 4974 ληφθεὶς,
772 4904 865 4956 καὶ
896 4903 972 4974 τῷ
1005 4903 1122 4973 Θεῴ
1152 4903 1307 4973 Λόγῳ
1336 4904 1595 4972 σχετικῶς
1626 4919 1749 4954 συν-

157 4998 432 5069 ημμένος,
472 4996 709 5050 ἀπέθανέ
745 5013 802 5049 τε
854 4997 949 5049 καὶ
996 4994 1215 5058 ἀνεϐίω,
1268 4995 1362 5048 καὶ
1412 4992 1747 5063 ἀνεκομίσθη

167 5092 269 5161 μὲν
300 5091 378 5151 εἰς
404 5089 493 5141 τὸν
533 5089 795 5160 οὺρανόν;
847 5089 1108 5141 Ἀπιστον
1137 5086 1193 5138 δέ
1225 5086 1354 5149 ἴσως
1388 5085 1631 5154 φανεῖταί
1661 5102 1744 5137 τι·

164 5197 275 5243 σιν,
311 5180 359 5231 εί
385 5180 461 5250 μὴ
491 5179 622 5241 Θεὸς
650 5177 723 5230 ὢν
758 5177 916 5248 φύσει
951 5180 1045 5232 καὶ
1078 5177 1310 5248 ἀληθῶς,
1342 5181 1455 5240 τοῖς
1501 5176 1600 5247 τῆς
1625 5176 1745 5229 θεό-

161 5288 330 5341 τητος
364 5270 715 5341 ἐναϐρύνεται
749 5270 956 5334 θάκοις,
988 5269 1311 5335 ἐξωσθέντος
1340 5271 1479 5339 τάχα
1512 5285 1613 5322 που
1648 5267 1744 5321 τοῦ

166 5364 314 5419 κατὰ
342 5364 503 5432 φύσιν
538 5364 689 5427 Υἱοῦ,
731 5364 824 5417 καὶ
853 5365 1230 5437 παρεστήκασι
1266 5363 1365 5433 μὲν
1399 5362 1548 5426 τάξιν
1596 5360 1746 5432 ἔχον-

168 5474 263 5520 τες
293 5456 391 5528 τὴν
431 5456 827 5527 λειτουργικὴν,
866 5456 1087 5525 ἄγγελοι
1125 5457 1219 5509 καὶ
1264 5454 1614 5526 ἁρχάγγελοι,
1652 5452 1745 5506 καὶ⁵

163 5550 240 5601 τὰ
271 5548 351 5601 ἐτι
379 5548 584 5601 τούτων
624 5548 880 5602 ἐπέκεινα
912 5549 1182 5620 Σεραφὶμ,
1215 5548 1275 5600 ού
1309 5547 1386 5617 τῷ
1428 5545 1569 5600 κατά
1611 5546 1745 5617 ἀλή-

168 5639 324 5693 θειαν
376 5638 490 5711 Υἱῷ
539 5639 635 5691 καὶ
679 5638 819 5709 Θεῷ,
868 5639 1138 5711 ἀνθρώπῳ
1183 5640 1239 5693 δὲ
1292 5638 1511 5710 μᾶλλον,
1557 5638 1616 5690 τὸ
1646 5638 1746 5707 τῆς

250 5818 293 5848 η
321 5816 475 5874 nom.
504 5833 561 5884 κ,
618 5815 732 5869 6-9.

1842 4642 2006 4704 gnum
2051 4634 2106 4678 et
2151 4619 2441 4693 gloriosum
2500 4626 2663 4684 atque
2719 4611 3093 4666 admirandum
3151 4609 3431 4680 religionis

1840 4700 2178 4790 mysterium,
2218 4710 2262 4765 si
2290 4706 2615 4763 credendum
2657 4712 2760 4764 est.
2807 4712 2865 4754 ut
2889 4702 2973 4765 isti
3006 4715 3035 4753 a
3067 4700 3295 4753 veritate
3322 4700 3433 4753 dis-

1843 4810 1970 4865 torti
2017 4804 2225 4865 volunt,
2270 4801 2414 4869 quod
2443 4800 2604 4851 homo
2628 4802 2900 4864 sumptus,
2925 4805 2979 4847 et
2999 4794 3108 4848 Deo
3136 4792 3310 4847 Verbo
3344 4807 3433 4846 re-

1844 4902 2004 4956 lative
2043 4897 2343 4965 c0pulatus,
2389 4903 2638 4945 mortuus
2665 4898 2747 4943 est
2785 4899 2840 4941 et
2876 4887 3097 4951 revixit,
3130 4895 3183 4939 et
3229 4886 3432 4940 relatus

1845 5006 1927 5051 εει
1961 4994 2013 5046 in
2056 4987 2297 5045 caelum?
2338 4983 2658 5039 Incredibile
2698 4995 2826 5034 vero
2859 4979 3133 5034 nonnullis
3164 4978 3431 5032 videbitur

1852 5086 1954 5142 nisi
2003 5093 2192 5138 natura
2247 5094 2309 5133 ac
2348 5092 2477 5130 vere
2519 5077 2658 5129 Deus
2690 5075 2996 5136 exsistens,
3035 5071 3255 5125 deitatis
3294 5069 3432 5124 solio

1852 5178 2134 5250 glorietur,
2166 5172 2389 5241 expulso
2429 5183 2496 5224 eo
2534 5167 2623 5237 qui
2662 5175 2858 5219 natura
2899 5179 2994 5218 sua
3024 5162 3193 5217 Filius
3217 5170 3319 5218 est.
3366 5162 3431 5216 Et

1852 5267 2283 5324 circumstabunl
2348 5262 2567 5332 quidem
2619 5257 2793 5329 angeli
2850 5263 3013 5325 atque
3080 5253 3431 5323 archangeli,

1851 5362 2044 5431 hisque
2075 5356 2435 5414 eminentiora
2464 5352 2773 5421 Seraphitn,
2814 5364 2918 5403 non
2949 5358 3007 5402 ut
3038 5362 3166 5402 vero
3198 5345 3334 5401 Filio
3367 5361 3431 5401 ac

1852 5453 1965 5507 Deo
1996 5450 2305 5505 ministrent
2329 5456 2490 5514 atque
2531 5440 2849 5507 inserviant,
2876 5440 2969 5495 sed
2997 5441 3173 5511 potius
3203 5438 3429 5502 homini,

1852 5544 1944 5614 qui
1976 5540 2249 5596 ﬁliationis
2292 5550 2486 5593 nomen
2533 5549 2629 5605 per
2669 5532 3145 5604 participationem
3188 5530 3432 5589 Erasinus-

1854 5638 2184 5704 tionetnque,
2223 5646 2287 5687 ac
2317 5639 2505 5686 nostro
2532 5641 2683 5683 more
2709 5626 2957 5696 adeptus,
2983 5632 3035 5680 et
3060 5623 3126 5677 ad
3157 5622 3432 5679 divinissi-
