3846 6210
451 372 594 431 £283

1449 369 1506 424 S.
1547 369 1820 427 CYRILLI
1865 372 2332 434 ALEXANDRINI
2373 376 2668 434 ARCHIEP

3580 373 3708 427 128i

451 507 596 547 mam
621 489 758 543 hanc
783 487 1006 556 gloriam
1035 499 1254 543 evectus
1275 496 1376 542 est.
1401 485 1586 558 Neque
1606 491 1750 544 enim
1777 503 2030 546 verentur

2139 499 2380 570 υίότητος
2425 497 2615 568 ὄνομα,
2662 494 2938 566 μεθεκτῶς
2982 497 3078 548 καὶ
3116 495 3574 565 εισκεκριμένως,
3623 494 3714 546 καὶ

453 581 696 637 lneretici
727 580 1062 650 ejuscemodi
1092 579 1454 648 hlasphemias
1481 579 1839 636 deblaterare.
1883 583 2036 640 Anne

449 689 580 728 Vero
615 674 778 728 etiam
834 673 932 726 tibi
985 686 1195 724 summa
1243 669 1526 740 impietate
1570 672 1768 726 referta
1818 673 2032 728 illorum

449 765 696 819 doctrina
725 765 933 819 videtur
949 764 973 817 ’ἰ
990 761 1123 816 Nam
1146 762 1289 832 quod
1315 763 1496 816 datum
1520 773 1682 832 atque
1706 763 2033 818 insinuatunt

448 866 556 921 est,
590 857 946 926 rejiciendum
981 855 1176 910 merito
1217 854 1403 918 fuerit,
1437 863 1490 907 et
1519 854 1660 922 quod
1694 856 2036 911 extrinsecus

450 948 668 1002 advenit
695 947 1098 1018 ascititiumque
1126 957 1230 1010 est,
1267 946 1448 1000 damni
1475 947 1783 1017 suspicione
1805 962 1910 1001 non
1942 963 2037 1003 ca-

422 1074 424 1077 -
450 1051 534 1094 ret
568 1060 580 1094 :
616 1051 674 1094 ιιι
703 1043 770 1095 de
801 1041 1136 1110 blasphemia
1165 1049 1220 1093 et
1246 1040 1581 1094 absurditate
1609 1041 1869 1096 doctrina:
1901 1041 2034 1095 nihil

450 1132 651 1196 dicam,
688 1147 811 1186 cum
849 1131 1245 1186 incarnationis
1282 1131 1660 1185 excellentiam
1697 1133 1763 1186 ad
1798 1133 2036 1202 turpitu-

449 1228 630 1279 dinem
678 1227 918 1293 rapiant,
960 1235 1016 1278 et
1067 1225 1308 1278 divinum
1360 1225 1899 1293 sacratissimmnqne
1943 1240 2040 1279 no-

449 1329 625 1372 strum
671 1317 899 1380 cultmu,
948 1316 1455 1384 anthropolatriam,
1507 1316 1608 1369 hoc
1659 1326 1762 1378 est,
1802 1317 2037 1370 hominis

449 1409 672 1470 cultum.
703 1422 820 1462 esse
851 1416 1114 1471 statuant,
1147 1414 1201 1459 et
1237 1421 1266 1458 a
1309 1406 1452 1460 cultu
1491 1407 1601 1459 veri
1653 1405 1772 1460 Filii
1821 1423 1916 1460 nos
1945 1410 2040 1462 ab-

449 1503 730 1565 ducentes,
777 1500 1101 1569 persuadere
1151 1498 1320 1551 velint
1364 1508 1422 1551 ut
1465 1500 1754 1567 quemdam
1801 1499 1890 1568 qni
1931 1500 2033 1569 ipsi

450 1592 677 1647 relative
701 1593 982 1660 capillatus
1009 1603 1091 1645 est
1119 1593 1426 1654 adoremus,
1462 1607 1619 1660 quem
1653 1607 1812 1660 supra
1849 1607 2040 1647 omnes

448 1681 789 1752 Principatus
819 1692 874 1736 et
906 1681 1205 1735 Potestates
1235 1696 1298 1734 ac
1336 1681 1742 1736 Dominationes
1770 1683 2036 1736 constitu-

451 1783 564 1826 tum
601 1773 892 1836 volunt”;
933 1789 1036 1826 non
1078 1774 1143 1826 iis
1185 1771 1358 1826 solum
1401 1772 1492 1841 qui
1529 1771 1581 1824 in
1621 1772 1779 1826 terris
1813 1771 2033 1839 degunt,

449 1866 544 1918 sed
581 1874 636 1918 et
679 1865 808 1934 ipsis
847 1863 1163 1918 caalestihus
1203 1875 1256 1917 et
1300 1863 1650 1916 rationalibus
1683 1863 2038 1929 potestatibus

450 1959 656 2013 erroris
699 1958 871 2010 labem
903 1956 1227 2025 infligentes,
1255 1955 1300 2008 si
1347 1971 1450 2008 una
1479 1955 1754 2008 nobiscum
1788 1954 2038 2019 adorent,

451 2066 558 2104 non
593 2051 932 2103 incarnatum
977 2059 1171 2101 natura
1203 2063 1262 2102 ac
1293 2063 1421 2100 vere
1451 2046 1670 2110 Filium,
1703 2048 1952 2116 quodque
1974 2062 2039 2100 ex

450 2141 688 2194 essentia
739 2138 831 2191 llei
870 2153 933 2191 ac
982 2137 1156 2203 Patris
1200 2135 1401 2191 effulsit
1445 2134 1702 2199 Verbum,
1743 2135 1834 2188 sed
1875 2135 2039 2188 alium

445 2234 739 2305 quemdam
779 2233 1052 2285 hominem
1087 2233 1154 2285 ab
1186 2233 1301 2302 ipso
1333 2246 1398 2284 ex
1430 2231 1639 2284 semine
1681 2229 1918 2293 Davidis,
1950 2228 2040 2298 qtti

453 2325 566 2378 sola
600 2323 897 2388 voluntate,
928 2335 983 2378 et
1005 2324 1368 2378 exterioribus
1404 2321 1740 2376 ornamentis
1777 2320 2040 2374 formatus

454 2416 529 2471 sit
575 2413 739 2478 Deus,
777 2430 965 2469 revera
992 2424 1170 2467 autem
1204 2415 1255 2467 id
1300 2430 1401 2468 non
1433 2414 1522 2468 sit.

2139 591 2326 661 τρόπῳ
2366 589 2445 660 τῷ
2491 588 2613 642 καθ’
2659 589 2805 658 ἡμᾶς
2853 589 3234 658 πλουτήσαντι,
3287 587 3380 639 καὶ
3423 584 3524 654 τῆς
3575 583 3715 637 οὕτω

2139 683 2616 754 θεοπρεπεστάσης
2664 679 2945 743 ἀξιωθέντι
3004 679 3189 748 τιμῆς.
3250 678 3714 745 Καταπεφρίκασι

2137 771 2244 842 γὰρ
2269 772 2467 842 ἦκιστά
2483 788 2545 839 γε
2572 772 2665 823 καὶ
2688 769 2844 823 τοῦτο
2866 770 3113 838 λέγοντες
3145 771 3192 822 οί
3225 768 3291 822 δι’
3314 763 3715 837 ἐναντίας.Ἀρ⁹

2137 862 2198 914 ού
2230 861 2330 930 τῆς
2349 863 2582 932 ἐσχάτης
2606 862 2948 930 ἀνοσιότητός
2975 880 3032 914 τε
3060 861 3154 913 καὶ
3183 860 3502 923 δυσσεϐείας
3534 859 3719 918 αὐτοῖς

2139 953 2199 1006 τὸ
2231 953 2407 1023 δόγμα
2444 954 2824 1024 μεμέστωται;
2867 954 2940 1005 Τὸ
2977 953 3084 1023 γάρ
3113 971 3194 1006 τοι
3227 953 3373 1005 δοτον
3407 955 3500 1006 καὶ¹
3532 953 3720 1004 εἰσκε-

2139 1045 2417 1116 κριμὲνον,
2464 1046 2768 1115 ἀπόϐλητον
2817 1045 2900 1114 εἴη
2933 1043 3018 1106 ἂν,
3061 1044 3154 1097 καὶ
3196 1044 3256 1096 το
3286 1043 3524 1113 θύραθεν
3561 1058 3722 1110 πορι-

2141 1137 2285 1200 σθὲν,
2317 1137 2416 1190 οὐκ
2446 1137 2752 1190 ἀνύποπτον
2775 1136 2884 1206 ἔχει
2913 1137 3010 1208 τὴν
3041 1135 3262 1206 ζημίαν.
3297 1137 3406 1190 Καὶ
3436 1136 3631 1189 σιωπῶ
3662 1136 3725 1188 τδ

2137 1228 2418 1298 δύσφημον
2448 1229 2526 1282 ἔτι
2561 1229 2654 1282 καὶ
2693 1229 2904 1297 ἀπηχὲς
2932 1231 3012 1293 εἰς
3039 1230 3246 1294 λόγους,
3275 1228 3496 1281 ἀνθότου
3535 1228 3601 1297 δὴ
3628 1224 3725 1281 οῦν

2138 1321 2238 1390 τῆς
2284 1321 2595 1391 οἰκονομίας
2651 1321 2708 1373 τὸ
2754 1321 3031 1390 ἐξαίρετον
3079 1319 3482 1390 κατασύρουσιν
3532 1320 3615 1381 είς
3665 1319 3728 1370 τὸ

2139 1413 2391 1477 ἀκαλλὲς,
2435 1414 2526 1465 καὶ
2558 1415 2656 1482 τὴν
2686 1412 2834 1465 Θείαν
2860 1430 2918 1464 τε
2948 1413 3040 1464 καὶ
3077 1413 3358 1482 ἱεροτάτην
3392 1411 3554 1482 ἡμῶν
3587 1411 3729 1481 θρη-

2141 1505 2346 1571 σκείαν,
2383 1504 2891 1576 ἀνθρωπολατρείαν
2921 1505 3022 1576 ἤδη
3065 1504 3158 1556 καὶ
3191 1504 3377 1575 ἕτερον
3418 1499 3590 1556 οὖσαν
3638 1503 3734 1555 ού-

2137 1596 2224 1649 δὲν
2259 1597 2638 1664 ἀποφαίνουσι,
2687 1596 3115 1666 ἀποκομίζοντες
3153 1595 3252 1665 μὲν
3292 1595 3385 1648 τοῦ
3433 1597 3562 1647 κατ’
3591 1595 3731 1664 ἀλή-

2139 1681 2287 1736 θειαν
2347 1681 2514 1743 Υἱοῦ,
2570 1683 2906 1751 συναφθέντα
2956 1684 3013 1736 δέ
3066 1701 3189 1737 τινα
3251 1685 3522 1754 σχετικῶς
3578 1685 3733 1752 αύτῷ

2142 1775 2471 1842 προσκυνεῖν
2517 1773 2933 1838 ἀναπείθοντες,
2981 1774 3038 1826 δν
3091 1774 3186 1827 καὶ
3235 1776 3492 1846 ὑπεράνω
3547 1777 3733 1844 πάσης

2158 1862 2356 1933 Ἀρχῆς
2384 1881 2443 1916 τε
2493 1866 2586 1918 καὶ
2627 1865 2900 1930 Ἐξουσίας
2923 1912 2934 1927 ,
2969 1867 3063 1920 καὶ
3096 1869 3448 1938 Κυριοτήτων
3479 1869 3732 1923 διελάσαι

2071 1930 2114 1988 Β
2147 1955 2332 2022 φασὶν,
2374 1957 2493 2026 οὐχὶ
2530 1957 2711 2027 μόνοις
2757 1961 2870 2021 τοῖς
2908 1962 2998 2011 ἐπὶ
3036 1959 3160 2028 γῆς,
3197 1959 3333 2012 ἀλλά
3378 1961 3477 2013 καὶ
3532 1965 3731 2024 αὐταῖς

2145 2046 2264 2106 ταῖς
2318 2044 2429 2097 ἄνω
2476 2046 2720 2115 λογικαῖς
2769 2049 3029 2119 δυνάμεσι
3062 2052 3152 2103 τὸν
3197 2052 3288 2104 τοῦ
3342 2055 3731 2124 πεπλανῆσθαι

2144 2136 2331 2205 μῶμον
2371 2139 2687 2205 ἐπάγοντες,
2729 2143 2777 2194 εί
2813 2144 3178 2211 προσκυνοῦσι
3217 2146 3334 2214 μεθ’
3365 2146 3531 2216 ἡμῶν
3571 2149 3730 2200 ὲνανο

2143 2225 2507 2298 θρωπήσαντα
2555 2231 2652 2301 μὲν
2681 2232 2931 2301 οὐδαμῶς
2963 2234 3052 2286 τὴν
3100 2234 3257 2303 φύσει
3290 2254 3348 2289 τε
3381 2237 3478 2289 καὶ
3510 2237 3730 2309 ἀληθῶς

2143 2318 2290 2381 Υίδιν,
2323 2321 2414 2372 καὶ
2446 2323 2507 2372 ἐκ
2548 2323 2645 2393 τῆς
2675 2322 2768 2375 τοῦ
2821 2324 2954 2377 Θεοῦ
2985 2327 3078 2379 καὶ
3127 2328 3335 2398 Πατρὸς
3364 2330 3559 2392 ούσίας
3591 2332 3727 2384 ἀνα-

2141 2410 2431 2480 λάμψαντα
2471 2414 2661 2480 Λόγον,
2711 2415 2785 2479 ὡς
2821 2416 3006 2487 ἓτερον
3048 2416 3102 2469 δέ
3135 2434 3255 2470 τινα
3298 2419 3430 2488 παρ’
3459 2421 3631 2473 αὐτὸν
3669 2423 3728 2473 ἐκ

452 2511 766 2582 σπέρματος
800 2510 892 2563 τοῦ
945 2509 1125 2573 Δαϐὶδ,
1162 2509 1376 2580 θελήσει
1431 2510 1570 2579 τάχα
1620 2527 1720 2561 που
1778 2509 1916 2580 μόνῃ
1959 2506 2091 2580 παρ’
2136 2505 2301 2560 αὐτοῦ
2347 2509 2440 2561 καὶ
2481 2513 2594 2574 τοῖς
2632 2510 2863 2583 θύραθεν
2911 2514 3268 2583 ἐξωραῐσμοῖς
3316 2513 3726 2585 εἰδοποιηθὲντα

449 2605 605 2671 Θεὸν,
641 2607 738 2658 ούκ
769 2606 896 2658 ὄντα
943 2606 999 2659 δὲ
1036 2605 1195 2658 τοῦτο
1220 2605 1361 2658 κατά
1409 2605 1687 2676 ἀλήθειαν,
1715 2604 2026 2675 ἄνθρωπον.

522 2697 582 2752 Β.
629 2698 794 2768 Atqui
851 2697 1065 2751 tametsi
1111 2699 1272 2750 homo
1323 2698 1630 2764 Spccialiter
1680 2696 2027 2764 intelligatur,

451 2791 725 2859 inquiunt,
777 2789 998 2843 relative
1043 2799 1222 2844 tamen
1266 2799 1319 2842 et
1353 2799 1595 2858 respectu
1643 2787 1732 2841 Dei
1782 2788 1849 2840 ab
1882 2788 2032 2840 ontni

449 2893 699 2939 creatura
723 2882 996 2936 aduratur.

520 2979 589 3031 A.
632 2976 876 3043 Quonam
909 2989 1040 3029 vero
1067 2983 1245 3043 pacto,
1292 2973 1542 3038 obsecro,
1564 2973 1786 3044 intelligi
1817 2989 1846 3027 a
1875 2972 2032 3027 nobis

453 3079 546 3124 aut
576 3069 739 3124 statui
771 3078 948 3139 potest
975 3069 1088 3122 haec
1141 3067 1330 3122 relatio
1366 3084 1527 3138 quam
1574 3068 1645 3121 ita
1691 3067 2030 3136 prmdicant?

458 3162 565 3217 Sed
590 3177 710 3231 age,
735 3161 972 3214 divinam
1019 3176 1082 3214 ac
1121 3175 1332 3214 sacram
1381 3160 1718 3229 Scripturam
1763 3159 2032 3228 pervesti-

450 3265 660 3324 gantes,
693 3252 1008 3323 quaestionis
1031 3251 1187 3318 hujus
1235 3252 1498 3305 rationem
1547 3252 1613 3305 ah
1645 3268 1707 3306 ea
1754 3261 2026 3320 petamus.

453 3346 592 3416 Ergo
614 3359 734 3400 cum
763 3344 923 3414 732
955 3343 1080 3396 olim
1115 3342 1373 3397 Israelitre
1398 3353 1709 3411 contempto
1743 3353 1888 3397 metu
1912 3341 2028 3406 Dei,

449 3441 504 3495 in
535 3439 719 3494 Mosen
746 3442 1088 3493 etAaronem
1114 3437 1307 3491 acerbe
1335 3436 1742 3498 inveherentur,
1772 3434 1943 3489 Moses
1967 3445 2023 3489 et

449 3533 630 3585 Aaron
663 3533 733 3584 ita
768 3545 861 3584 eos
889 3528 1285 3598 compellarunt
1317 3545 1331 3582 :
1373 3546 1392 3579 ι
1432 3528 1564 3595 Quis
1586 3540 1667 3582 est
1699 3528 1840 3596 quod
1881 3543 2030 3580 mur-

451 3624 677 3677 muratis
691 3631 875 3675 contra
896 3637 1017 3676 eum
1035 3619 1060 3673 ί
1077 3619 1189 3672 Non
1208 3620 1353 3673 enim
1374 3630 1558 3673 contra
1586 3635 1702 3680 nos,
1723 3621 1813 3672 sed
1834 3631 2025 3674 contra

451 3715 616 3769 Deum
636 3724 718 3768 est
737 3717 849 3769 lucc
870 3713 1141 3767 ohlocutio
1163 3722 1339 3766 vestra
1361 3712 1428 3766 ⁸³.
1443 3731 1460 3762 ι
1489 3711 1785 3765 Peccarant
1811 3713 1951 3765 enim
1972 3714 2030 3766 in

450 3808 630 3862 Mosen
650 3819 704 3862 et
725 3807 1020 3868 Aaronem,
1045 3805 1138 3859 sed
1165 3804 1363 3858 factum
1394 3805 1566 3873 ipsum
1593 3805 1657 3856 ad
1689 3805 1777 3857 llei
1803 3804 2031 3873 gloriam

446 3899 731 3970 pertinuit,
755 3909 810 3952 et
833 3898 898 3950 ad
923 3913 1040 3952 eam
1073 3897 1414 3951 referebatur
1435 3911 1623 3949 eorum
1655 3899 1745 3965 qui
1781 3897 2030 3965 injuriam

448 3990 754 4046 inferebant
786 3990 1064 4060 cogitatio.
1092 3989 1358 4043 Caeterum
1397 4003 1500 4040 non
1532 3997 1692 4042 erant
1731 3988 1803 4042 dii
1854 3988 2031 4042 Moses

445 4095 501 4141 et
529 4087 730 4146 Aaron,
763 4098 940 4150 neque
985 4079 1206 4135 relative
1250 4089 1304 4134 et
1335 4090 1582 4147 respectu
1637 4079 1728 4133 Dei
1782 4089 2029 4133 creatura

446 4193 541 4232 eos
564 4176 829 4231 adoravit.
860 4173 1120 4244 Regnavit
1153 4173 1292 4226 Deus
1317 4187 1413 4240 per
1441 4172 1737 4240 prOphetas
1789 4175 1840 4233 in
1870 4171 2030 4225 Israel

446 4269 744 4322 secundum
781 4281 1027 4323 carnem.
1063 4263 1418 4324 Postmodum
1452 4273 1803 4317 accesserunt
1839 4263 1904 4316 ad
1950 4263 2030 4315 di-

446 4363 631 4415 vinum
662 4359 968 4416 Samuelem
989 4359 1262 4413 dicentes:
1300 4373 1319 4406 ι
1360 4355 1468 4410 Fac
1492 4355 1645 4409 nobis
1664 4370 1865 4420 regem,
1890 4354 2031 4408 sicut

446 4464 501 4508 et
525 4453 745 4523 reliquae
765 4461 976 4522 gentes.
1016 4469 1036 4503 ›
1083 4450 1238 4516 Quod
1276 4447 1365 4503 ille
1413 4445 1622 4516 Spiritu
1672 4445 1881 4499 alllatus
1914 4461 2030 4499 mo-

446 4547 582 4600 leste
611 4557 663 4600 et
703 4544 920 4614 quidem
971 4543 1168 4597 merito
1223 4541 1347 4595 tulit
1397 4558 1411 4593 :
1457 4542 1550 4595 sed
1606 4539 1812 4593 audivit
1857 4539 2022 4594 Deum

447 4639 716 4692 dicentem
755 4653 766 4689 :
810 4654 828 4686 ι
869 4634 984 4689 Non
1032 4645 1082 4687 te
1126 4639 1611 4701 contempserunt,
1671 4630 1766 4684 sed
1805 4645 1910 4696 me,
1953 4646 2022 4684 ne

449 4743 665 4798 regnem
698 4742 858 4794 super
877 4741 973 4779 eos
989 4726 1055 4778 ⁸³.
1092 4743 1109 4776 ι
1141 4725 1218 4779 En
1256 4733 1656 4792 rursusaperte
1681 4731 2028 4789 contemptus

447 4819 712 4872 rationem
754 4818 819 4869 ad
881 4816 1047 4869 Deum
1102 4816 1292 4870 referri
1353 4816 1449 4868 ait.
1517 4814 1655 4880 Quin
1692 4814 1851 4866 etiam
1913 4812 2028 4880 ipse

444 4908 687 4962 omnium
716 4906 968 4960 Salvator
1005 4921 1070 4960 ac
1120 4906 1379 4959 Dominus
1405 4945 1421 4969 ,
1477 4906 1625 4958 deiis
1657 4903 1745 4972 qui
1783 4913 2027 4969 egestate

443 5005 788 5068 premuntur,
822 4999 940 5050 ait:
1001 5015 1020 5048 ι
1074 4996 1344 5065 Quidquid
1393 4995 1601 5049 fecistis
1658 4995 1748 5047 uni
1795 5009 1858 5046 ex
1906 4993 2024 5047 istis

445 5090 706 5152 minimis,
737 5089 866 5142 mihi
909 5089 1113 5144 fecistis
1167 5089 1232 5142 ⁸⁸.
1272 5107 1291 5140 ι
1329 5088 1439 5141 llac
1497 5089 1663 5158 igitur
1719 5088 1929 5141 ratione
1962 5086 2023 5155 ,εἰ

442 5189 566 5254 quis
597 5187 809 5240 dicatur
845 5184 1028 5239 colere
1057 5199 1178 5236 eum
1211 5183 1300 5252 qui
1348 5194 1430 5237 est
1460 5198 1524 5236 ex
1580 5183 1786 5236 semine
1831 5181 2022 5246 David,

443 5275 654 5332 Filione
677 5278 726 5331 id
747 5278 1035 5342 [ιι-ωειίιίιῖ
1057 5288 1109 5330 et
1133 5277 1235 5329 nisi
1268 5275 1389 5342 quis
1413 5275 1722 5340 crediderit,
1743 5274 2026 5328 offenderit

445 5371 690 5439 proiecto
715 5385 838 5424 eum
878 5370 966 5437 qui
1005 5379 1195 5422 natura
1225 5379 1309 5422 est
1334 5366 1524 5430 Filius,
1570 5369 1659 5434 qni
1715 5383 1774 5420 se
1808 5381 2023 5436 quoque

444 5460 546 5514 coli
574 5461 706 5527 vult,
741 5471 795 5515 et
825 5460 1010 5514 eodem
1046 5459 1201 5529 plane
1238 5459 1394 5512 modo
1419 5472 1446 5511 a
1483 5459 1636 5512 nobis
1664 5459 1833 5514 credi.
1873 5459 2020 5524 Quo-

447 5553 608 5606 modo
636 5553 800 5614 igitur
831 5567 936 5606 non
989 5551 1060 5605 sit
1111 5552 1287 5605 factus
1314 5566 1412 5620 par
1453 5561 1616 5619 atque
1648 5549 1872 5618 mqualis
1920 5551 2020 5604 ho-

447 5659 576 5698 nore
625 5658 812 5698 servus
866 5658 988 5697 cum
1029 5642 1288 5708 domino,
1339 5652 1393 5697 et
1439 5643 1656 5697 deitatis
1696 5641 2017 5697 excellentia

520 5817 567 5850 ⁸³
598 5817 791 5888 Ephes.
834 5835 874 5884 ι,
903 5818 992 5873 21.
1073 5820 1117 5852 ⁸³
1151 5820 1316 5878 Exod.
1350 5835 1461 5886 nt,
1491 5819 1544 5874 8.

1622 5819 1665 5852 ’³⁵
1702 5815 1726 5879 l_
1751 5816 1882 5889 Reg.
1916 5835 2032 5887 vut,
2067 5819 2174 5876 4-6.

2209 2699 2270 2752 B.
2325 2699 2483 2752 Ἀλλὰ
2533 2699 2633 2752 κᾶν
2676 2699 2960 2770 ἄνθρωπος
3011 2699 3193 2764 ίδικῶς
3242 2701 3466 2770 νοῆται,
3535 2700 3723 2768 φασὶν,

2138 2792 2386 2862 ἀναφορᾷ
2413 2791 2547 2844 Θεοῦ
2586 2793 2679 2845 καὶ
2715 2792 2891 2862 ἐννοίᾳ
2935 2792 3032 2862 τὴν
3067 2792 3216 2863 παρά
3257 2794 3437 2862 πάσης
3469 2793 3574 2862 τῆς
3613 2794 3727 2844 κτί-

2137 2901 2276 2948 σεως
2303 2884 2669 2953 προσκύνησιν
2705 2883 2837 2954 ἔχει.

2205 2973 2270 3024 Α.
2312 2969 2443 3025 Εἶτα
2473 2973 2592 3025 τίνα
2632 2974 2830 3044 τρόπον
2884 2975 3083 3044 πρέποι
3132 2973 3217 3034 ἀν,
3265 2974 3389 3026 εἰπέ
3433 2992 3549 3044 μοι,
3587 2975 3720 3047 πρὸς

2135 3064 2292 3135 ἡμῶν
2337 3065 2573 3118 νοεῖσθαι
2616 3065 2709 3117 καὶ
2738 3064 2992 3136 ,λέγεσθαι
3025 3065 3123 3138 τῆς
3156 3067 3286 3138 παρ’
3325 3067 3508 3119 αὐτῶν
3564 3067 3724 3138 θρυλ-

2133 3158 2400 3228 λουμένης
2436 3158 2718 3227 ἀναφορᾶς
2746 3157 2805 3210 τὸ
2851 3158 3037 3228 χρῆμα
3065 3176 3079 3222 ;
3115 3159 3224 3210 Καὶ
3258 3159 3389 3228 φέρε
3436 3159 3542 3229 τὴν
3576 3159 3724 3212 θείαν

2137 3267 2197 3301 τε
2244 3249 2336 3301 καὶ
2379 3249 2528 3319 ίεράν
2559 3249 3136 3319 πολυπραγμονοῦντες
3166 3250 3411 3320 Γραφὴν,
3439 3252 3726 3322 καταθρή-

2141 3357 2323 3410 σωμεν
2369 3341 2464 3393 ἀπ’
2493 3340 2661 3409 αὐτῆς
2706 3340 2765 3391 τὸ
2794 3339 3143 3409 ζητούμενον.
3195 3340 3406 3393 Οὐκοῦν
3455 3341 3728 3413 ὀλιγωρή-

2142 3430 2330 3495 σαντες
2382 3447 2511 3483 ποτε
2561 3431 2660 3500 τῆς
2702 3432 2782 3493 είς
2831 3431 2962 3482 Θεὸν
3013 3431 3192 3494 αἰδοῦς
3244 3433 3292 3484 οἱ
3351 3432 3412 3497 ἐξ
3484 3433 3724 3504 Ἰσραὴλ,

2138 3525 2328 3578 Μωσεῖ
2354 3541 2412 3576 τε
2459 3525 2553 3577 καὶ
2593 3523 2802 3596 Ἀαρὼν
2835 3525 3130 3594 ἐπεφύοντο
3160 3525 3395 3596 πικρῶς,
3435 3520 3560 3579 εἶτα
3591 3544 3725 3597 προ-

2141 3615 2436 3686 πεφὼνηκε
2481 3617 2687 3685 Μωσῆς
2732 3633 2791 3668 τε
2837 3619 2930 3668 καὶ
2970 3615 3211 3687 ’Λαρώνο
3259 3635 3278 3668 ι
3324 3619 3423 3681 Τίς
3468 3623 3620 3671 ἐστιν
3651 3621 3725 3671 ὅτι

2138 3710 2527 3778 δεαγογγύζετε
2564 3711 2684 3761 κατ’
2725 3709 2923 3772 aia-:06;
2953 3710 3027 3762 Ού
3059 3711 3167 3780 γὰρ
3206 3709 3325 3762 καθ’
3359 3711 3547 3780 ἡμῶν,
3593 3712 3725 3764 ἀλλὰ

2139 3803 2280 3856 κατά
2309 3803 2444 3855 Θεοῦ
2472 3805 2499 3856 ὁ
2525 3804 2839 3874 γογγυσμὸς
2861 3803 3013 3874 ὑμῶν
3043 3799 3193 3866 οὗτός
3214 3805 3380 3857 ἐστιν.
3416 3828 3433 3855 ο
3482 3805 3728 3874 Ἐπλημ-

2142 3898 2336 3968 μέλουν
2374 3897 2471 3966 μὲν
2506 3899 2613 3968 γὰρ
2664 3898 2743 3960 είς
2785 3897 2988 3950 Μωσὲα
3035 3897 3126 3950 καὶ
3175 3895 3406 3966 Ἀαρὼν,
3440 3897 3581 3950 ἀλλά
3631 3899 3727 3966 τῆς

2139 3990 2290 4054 θείας
2317 3991 2519 4060 ἥπτετο
2548 3989 2704 4060 δίξης
2733 3990 2792 4042 τὸ
2820 3989 3115 4060 δρώμενον,
3157 3991 3249 4042 καὶ
3280 3990 3368 4040 ἐπ’
3395 3989 3570 4058 αὑτὴν
3612 3985 3726 4059 εἶχε

2136 4076 2233 4146 τὴν
2255 4078 2555 4148 ἀναφορὰν,
2582 4078 2681 4147 τῆς
2697 4077 2804 4130 τῶν
2823 4077 3145 4148 ὑϐριζόντων
3171 4078 3465 4140 ύπονοίαςό
3502 4080 3724 4149 τρόπος.

2139 4169 2284 4239 Πλὴν
2333 4169 2430 4221 οὐκ
2480 4164 2619 4239 ἦσαν
2650 4170 2776 4222 Θεοὶ
2831 4169 3034 4238 Μωσῆς
3079 4186 3138 4220 τε
3191 4167 3284 4220 καὶ
3332 4168 3570 4238 Ἀαρὼν,
3601 4168 3726 4221 οὗτε

2139 4260 2246 4330 μὴν
2289 4259 2538 4329 ἀναφορᾷ
2583 4259 2740 4314 Θεοῦ.
2774 4293 2792 4314 .
2823 4297 2839 4312 .
2873 4301 2886 4312 .
2921 4302 2935 4314 .
2966 4297 2982 4313 .
3019 4301 3034 4316 .
3068 4300 3081 4312 .
3141 4258 3227 4311 διὰ
3274 4260 3595 4329 προφητῶν,
3632 4260 3725 4313 τοῦ

2137 4351 2278 4404 κατά
2328 4352 2508 4423 σάρκα
2551 4352 2784 4422 Ἰσραήλ.
2825 4347 2959 4406 Εἶτα
2990 4351 3300 4423 προσῄεσαν
3335 4352 3596 4421 λέγοντες
3652 4355 3727 4423 τῷ

2136 4445 2406 4515 θεσπεσίῳ
2452 4446 2744 4516 Σαμουὴλ·
2786 4466 2804 4497 ι
2858 4447 3088 4514 Ποίησον
3120 4448 3249 4517 ἡμῖν
3294 4447 3546 4516 βασιλέα,
3582 4449 3725 4500 καθά

2089 4552 2102 4608 μ
2139 4535 2232 4588 καὶ
2273 4534 2341 4587 τὰ
2382 4535 2543 4588 λοιπὰ
2598 4536 2749 4608 ἔθνη.
2799 4556 2817 4589 ι
2859 4537 3004 4607 Πρὸς
3040 4537 3211 4591 ταῦτα
3259 4540 3725 4606 κατεπικραίνετο

2137 4630 2231 4682 καὶ
2271 4630 2475 4701 σφόδρα
2524 4630 2750 4696 εἰκότως
2800 4631 2828 4681 ὁ
2879 4630 3343 4700 πνευματοφόρος,
3395 4629 3517 4680 ἀλλ’
3559 4631 3723 4700 ἤκουε

2128 4721 2224 4775 τοῦ
2249 4721 2384 4774 Θεοῦ
2423 4721 2696 4790 λέγοντος⁸
2736 4741 2754 4773 ι
2790 4723 2864 4775 Οὐ
2897 4721 2954 4773 σὲ
2987 4721 3423 4790 ἐξουθενήκασιν,
3451 4721 3575 4773 ἀλλ’
3601 4723 3719 4790 ἐμὲ,

2127 4813 2222 4866 τοῦ
2283 4813 2358 4883 μὴ
2413 4812 2716 4884 βασιλεύειν
2773 4813 2861 4865 ἐπ’
2905 4813 3120 4874 αύτούς.
3165 4831 3183 4863 ι
3239 4812 3368 4865 Ἰδοὺ
3423 4812 3492 4884 δὴ
3538 4815 3719 4868 πάλιν.

2128 4903 2361 4958 κάνθάδε
2393 4905 2577 4972 σαφῶς
2609 4907 2637 4958 ὁ
2668 4904 2768 4974 τῆς
2798 4905 3189 4973 ἐξουθενήσεως
3228 4904 3430 4973 τρόπος
3474 4909 3562 4968 εἰς
3592 4907 3718 4957 Θεὸν

2130 4995 2244 5066 ἔχει
2286 4997 2384 5068 τὴν
2420 4996 2718 5068 ἀναφοράν.
2765 4997 2875 5049 Καὶ
2906 4997 3009 5068 μὴν
3053 4997 3146 5050 καὶ
3179 4997 3342 5060 αὐτὸς
3372 4999 3401 5048 ό
3441 4999 3557 5050 τῶν
3586 4999 3717 5050 ὅλων

2132 5089 2324 5161 Σωτὴρ
2363 5091 2456 5143 καὶ
2481 5089 2686 5160 Κύριος
2715 5090 2844 5159 περὶ⁸
2881 5090 2990 5142 τῶν
3020 5090 3076 5142 ἐν
3106 5090 3283 5160 ἐνδείᾳ
3312 5090 3480 5160 φησίν
3499 5107 3514 5119 -
3541 5108 3562 5140 ι
3606 5088 3715 5155 Ἔτ’

2131 5181 2254 5234 ὅσον
2308 5182 2596 5250 ἐποιήσατε
2660 5180 2741 5233 ἐνὶ
2786 5180 2991 5231 τούτων
3038 5178 3146 5230 τῶν
3196 5178 3538 5246 ἐλαχίστων,
3596 5178 3711 5245 ἐμοὶ

2130 5273 2449 5342 ἐποιήσατε.
2498 5293 2517 5325 ι
2561 5267 2687 5342 ’Ἆρ’
2721 5267 2813 5324 οῦν
2846 5271 2986 5323 κατά
3035 5271 3224 5324 τοῦτον
3271 5271 3361 5324 τὸν
3400 5271 3627 5340 τρόπον,
3663 5269 3714 5320 εἴ

2129 5383 2213 5429 τις
2248 5366 2458 5434 λέγοιτο
2483 5367 2648 5436 τιμᾷν
2677 5365 2766 5418 τὸν
2795 5365 2860 5416 ἐκ
2902 5364 3218 5436 σπέρματος
3249 5363 3435 5422 Δαϐὶδ.
3473 5365 3556 5433 τῷ
3599 5363 3710 5430 Υἱῷ

2129 5457 2435 5526 πεποίηκε;
2483 5457 2586 5511 κᾶν
2637 5458 2686 5509 εἰ
2742 5458 2815 5528 μὴ
2865 5456 3210 5519 πιστεύσειε,
3263 5458 3706 5527 προσκέκρουκεν

2125 5551 2412 5622 ἀραρότως
2441 5551 2520 5621 τῷ
2550 5551 2692 5603 κατά
2728 5549 2888 5620 φύσιν
2936 5548 3069 5617 Υίῷ,
3116 5548 3378 5619 τιμᾶσθαι
3423 5550 3564 5620 τάχα
3607 5565 3703 5599 που

2128 5644 2223 5696 καὶ
2273 5643 2436 5696 αὐτὸν
2493 5643 2764 5706 ἐθέλοντι,
2815 5644 2906 5696 καὶ
2948 5640 3301 5694 πιστεύεσθαι
3362 5641 3504 5712 πρός
3549 5642 3705 5712 ἡμῶν

2252 5821 2296 5851 ⁸⁶
2331 5819 2518 5877 Matth.
2556 5835 2678 5888 xxv,
2715 5819 2804 5875 40.
