3846 6210
207 338 348 394 1235

1335 344 1524 412 QUOD
1563 342 1749 400 UNUS
1788 341 1895 397 SIT
1934 342 2300 401 CHRISTUS.

3318 350 3456 407 1286

200 459 340 511 κατά
386 458 477 514 τὸν
527 461 643 516 ἴσον
690 464 784 517 καὶ
833 464 1269 537 ἀπαραλλάκτως
1316 464 1509 533 ἔχοντα
1557 463 1758 532 τρόπον

1883 461 2078 529 polleat
2126 464 2177 517 id
2224 462 2366 533 quod
2396 472 2640 520 creatum
2681 474 2787 530 est,
2842 476 2899 521 et
2952 467 3093 521 Deus
3137 481 3326 521 recens
3352 507 3367 531 ,
3400 477 3457 520 ut

199 548 330 604 Εἶτα
374 552 491 618 πῶς
535 556 596 608 οὑ
642 557 864 626 γέγονεν
912 558 1152 629 ἰσότιμον
1189 556 1286 626 μὲν
1318 556 1395 625 τῷ
1431 556 1665 625 δεσπότῃ
1712 555 1775 607 τὸ

195 642 416 708 δοῦλον,
464 647 523 697 έν
558 647 857 718 ὑπεροχαῖς
893 649 951 702 δὲ
985 649 1236 719 θεότητος
1277 648 1338 699 τὸ
1380 647 1772 715 πεποιημένον,

196 737 288 788 καὶ
318 736 449 798 Θεὸς
473 738 805 808 πρόσφατος,
833 740 974 793 κατὰ
996 741 1094 804 τὰς
1124 740 1377 811 Γραφάς;
1418 738 1774 807 ὲπενήνεκται

193 826 250 878 δὲ
279 829 345 896 τῇ
375 827 506 897 ἁγία
543 828 637 879 καὶ
663 828 935 900 ὁμοουσίῳ
960 830 1152 901 Τριάδι
1204 829 1265 881 τὸ
1307 826 1593 895 ὰνισοφυὲς
1634 826 1770 893 αὑτῇ

194 919 286 971 καὶ
336 919 433 971 σὺν
463 920 599 989 αὑτῇ
637 921 1107 991 προσκυνούμενον
1136 960 1151 985 ,
1205 919 1298 972 καὶ
1339 919 1453 989 τῆς,
1477 918 1597 986 ίσης
1634 916 1769 987 αὐτῇ

192 1009 484 1062 κοινωνοῦν
508 1011 788 1077 εὑκλείας;

264 1102 322 1154 Β.
364 1103 500 1155 Φασὶ
530 1102 629 1174 τὴν
670 1103 949 1175 ἀναφορὰν
992 1102 1132 1157 κατὰ
1177 1102 1379 1157 τοιόνδε
1418 1098 1542 1153 τινὰ
1574 1098 1771 1170 χρῆναι

154 1190 162 1237 -έ
191 1192 568 1261 λαμϐάνεσθαι
622 1194 840 1264 τρόπον.
908 1194 1247 1256 Ἐννοοῦντες
1289 1193 1396 1263 γὰρ
1448 1191 1537 1244 τὸν
1582 1190 1660 1260 τῷ
1706 1191 1771 1242 ὲκ

194 1285 507 1355 σπέρματος
557 1286 720 1339 Δαϐὶδ
758 1288 1076 1357 ἀχωρίστως
1121 1285 1461 1354 συναφθέντα
1502 1284 1632 1337 Θεὸν
1669 1282 1771 1335 Λό-

191 1390 308 1441 γον,
342 1375 757 1448 προσγυνοῦμεν
782 1378 857 1440 ὡς
887 1378 1038 1430 Θεόν.

261 1466 325 1520 Α.
370 1460 495 1536 τΑρ*
541 1462 633 1519 οὖν
677 1468 894 1538 ἀπόχρη
948 1469 1081 1538 πρὸς
1113 1468 1175 1520 τὸ
1210 1467 1320 1519 δεῖν
1359 1465 1509 1535 αὑτῷ
1556 1465 1655 1535 τὴν
1692 1465 1770 1537 τῷ

190 1554 311 1625 Θεῷ
358 1556 674 1628 πρέπουσαν
723 1558 881 1622 δόξαν
929 1559 1089 1620 ἑλεῖν,
1126 1559 1217 1611 καὶ
1258 1557 1367 1609 τῶν
1410 1557 1509 1624 τῆς
1539 1557 1769 1618 κτίσεως

191 1645 597 1716 ὑπερφέρεσθαι
624 1649 855 1719 μέτρων,
882 1649 939 1701 τὸ
973 1648 1240 1716 συνῆφθαι
1272 1648 1431 1717 μόνον
1463 1644 1641 1715 αὺτῷ;
1676 1646 1768 1700 καὶ

188 1737 347 1791 τοῦτο
374 1741 743 1811 προσκυνητὸν
794 1742 884 1792 τὸν
930 1742 1029 1794 οὑκ
1082 1742 1209 1794 ὅντα
1255 1739 1387 1792 Θεὸν
1435 1741 1761 1809 ὲργάσεται;

188 1829 306 1882 ἀλλ’
337 1832 577 1901 εὑρίσκω
608 1832 728 1884 τινὰ
746 1832 825 1901 τῷ
858 1831 975 1903 Θεῷ
1006 1833 1232 1901 λέγοντα
1258 1832 1346 1885 διὰ
1374 1833 1470 1901 τῆς
1494 1831 1587 1884 τοῦ
1614 1832 1765 1885 Ψάλ-

186 1921 370 1984 λοντος
393 1922 559 1992 λύρας
583 1940 596 1953 ο
641 1944 660 1975 ι
702 1924 995 1995 Ἐκολλήθη
1028 1926 1060 1996 ἡ
1094 1925 1236 1996 ψυχή
1272 1942 1370 1995 μου
1394 1924 1568 1977 ὀπίσω
1598 1941 1710 1977 σου.
1740 1942 1758 1974 ι

185 2013 391 2083 Γράφει
425 2015 479 2067 δὲ
506 2015 597 2067 καὶ
637 2017 665 2068 ὀ
701 2017 967 2086 μακάριος
996 2016 1203 2079 Παῦλος
1223 2034 1237 2047 ο
1271 2036 1289 2067 ι
1335 2018 1392 2068 '0
1429 2015 1764 2085 κολλώμενος

185 2105 263 2175 τῷ
286 2106 492 2176 Κυρίῳ,
515 2106 572 2158 ἓν
600 2106 815 2177 πνεῦμά
843 2110 1008 2162 ἐστιν.
1051 2127 1069 2159 ›
1097 2102 1219 2178 Ἆρ’
1240 2104 1353 2172 οῦν,
1394 2108 1515 2160 εἰπέ
1540 2124 1649 2177 μοι,
1669 2107 1764 2159 καὶ

184 2198 404 2260 τούτους
444 2199 689 2270 ἀναφορᾷ
727 2202 863 2255 Θεοῦ
892 2203 1362 2273 προσκυνήσομεν,
1394 2201 1467 2263 ὡς
1506 2201 1764 2270 κεκολλη-

187 2291 381 2360 μένους
413 2291 597 2360 αὑτῷ;
650 2293 843 2347 Καίτοι
881 2293 975 2346 τοῦ
1022 2293 1291 2363 συνῆφθαι
1321 2293 1516 2362 λέγειν,
1557 2294 1618 2345 τὸ
1664 2295 1761 2364 τῆς

182 2381 488 2451 κολλήσεως
530 2381 719 2453 ὄνομα,
764 2382 984 2453 μείζονά
1022 2400 1124 2436 που
1162 2385 1376 2446 πάντως
1409 2384 1503 2436 καὶ
1549 2382 1758 2447 ἀξιολο-

182 2473 429 2543 γωτέραν
460 2472 558 2541 τὴν
602 2472 837 2543 ἔμφασιν
883 2472 1028 2544 ἔχει·
1062 2474 1220 2544 εἴπερ
1253 2475 1399 2527 ἐστὶν
1443 2474 1638 2544 ἀληθὲς
1681 2476 1759 2526 εἰς

182 2567 325 2626 πεῖν,
358 2564 433 2627 ὡς
466 2566 525 2618 τό
552 2583 661 2618 τισι
695 2564 1052 2635 κολλώμενον,
1090 2568 1147 2621 ἐν
1186 2569 1432 2620 ἐπιτάσει
1463 2568 1627 2637 πολλῇ
1663 2567 1759 2637 τὴν

183 2657 479 2726 συνάφειαν
513 2656 648 2727 ἔχει.

254 2748 312 2800 Β.
360 2750 595 2803 Ἔοικεν.

250 2838 314 2898 Α.
370 2841 616 2894 ’Λνθότου
668 2840 725 2894 δὲ
774 2841 839 2913 δὴ
884 2841 1151 2911 παρέντες
1183 2842 1281 2912 τὴν
1316 2843 1529 2905 ἕνωσιν,
1580 2841 1756 2895 καίτοι

182 2932 368 3002 φωνὴν
402 2928 568 2986 οὖσαν
612 2933 833 3004 εὑτριϐἦ
882 2935 1011 3005 παρ’
1045 2935 1175 3004 ἡμῖν
1226 2935 1427 2997 αὐτοῖς,
1469 2934 1665 3003 μᾶλλον
1698 2933 1755 2986 δὲ

182 3022 278 3074 καὶ
307 3024 372 3075 ὲκ
395 3022 503 3075 τῶν
529 3024 699 3091 ἁγίων
728 3024 985 3095 Πατέρων
1015 3023 1445 3077 καταϐαίνουσαν
1475 3026 1554 3085 είς
1586 3026 1752 3095 ἡμᾶς,

1880 553 2157 621 Scriptura
2214 564 2445 609 testatur
2484 556 2581 609 ‘7?
2624 557 2920 612 Asciscitur
2944 574 3070 612 vero
3110 560 3160 611 in
3206 570 3455 614 sanctam

1874 655 1929 700 et
1957 647 2469 701 consubstantialem
2501 648 2824 704 Trinitatem
2859 650 2909 703 id
2939 650 3083 719 quod
3118 651 3348 705 diversae
3388 651 3454 705 ab

1874 754 1935 791 ea
1968 749 2175 792 natura:
2202 747 2305 802 est,
2343 755 2562 809 unaque
2594 756 2716 795 cum
2738 756 2800 795 ea
2845 742 3106 796 adoretur
3133 784 3149 805 ο
3200 757 3448 797 commu-

1875 841 2108 898 nemque
2135 836 2188 883 et
2213 844 2397 900 parem
2429 845 2552 885 cum
2583 845 2647 885 ea
2678 831 2903 900 gloriam
2934 832 3137 887 habet?

1942 1090 2004 1148 Β.
2046 1091 2374 1146 Aiunthanc
2421 1092 2735 1147 relationem
2781 1093 3159 1163 hujuscemodi
3206 1098 3441 1167 quadam

1872 1184 2078 1238 ratione
2108 1184 2280 1253 accipi
2312 1184 2527 1238 debere.
2558 1185 2871 1241 Statueutes
2905 1189 3048 1241 enim
3080 1190 3202 1243 huic
3232 1192 3323 1259 qui
3361 1204 3445 1245 est

1870 1291 1936 1328 ex
1983 1276 2190 1330 semine
2234 1276 2401 1329 David
2459 1278 2893 1346 inseparabiliter
2945 1266 3253 1350 copulatum
3321 1298 3443 1338 esse

1871 1366 2039 1419 Dettm
2077 1366 2335 1431 Verbum,
2373 1369 2666 1424 adoramus
2695 1381 2753 1424 ttt
2800 1372 2987 1427 Deum.

1940 1459 2186 1528 A.Atqui
2224 1460 2491 1515 sullicitne
2518 1463 2620 1517 hoc
2654 1464 2721 1516 ad
2746 1464 3089 1520 deferendam
3120 1467 3191 1519 illi
3214 1468 3438 1537 gloriam

1869 1565 1987 1618 qua:
2020 1552 2124 1605 Deo
2145 1554 2438 1615 convenit,
2499 1564 2551 1607 et
2598 1555 2661 1606 ad
2713 1570 2834 1607 eum
2884 1557 3018 1610 ultra
3067 1569 3441 1613 creaturarum

1868 1642 2232 1697 conditionem
2253 1644 2610 1707 evehendum,
2636 1645 2777 1713 quod
2814 1646 3134 1714 conjunctus
3153 1649 3201 1701 ei
3229 1660 3440 1701 tantum

1866 1734 1956 1797 sit,
1998 1735 2155 1803 idque
2186 1735 2511 1788 adorabilem
2547 1751 2667 1787 cum
2701 1735 2862 1788 faciet
2892 1739 2980 1806 qui
3015 1756 3117 1791 non
3145 1740 3216 1791 sit
3248 1739 3390 1792 Deus
3417 1738 3443 1792 ἳ

1797 1810 1838 1865 Β
1865 1826 1935 1877 At
1970 1825 2179 1892 reperio
2207 1826 2495 1893 quemdam
2538 1840 2636 1891 per
2687 1823 2986 1878 Psalmista:
3024 1827 3194 1897 lyram
3246 1829 3439 1881 dicen-

1869 1926 1974 1970 tem
2012 1932 2024 1967 :
2063 1935 2080 1966 (
2110 1916 2490 1984 Conglutiuata
2536 1928 2619 1969 est
2671 1920 2847 1969 anima
2894 1934 3007 1971 mea
3046 1929 3165 1986 post
3200 1929 3249 1972 te
3279 1920 3326 1950 ⁸⁸
3358 1935 3373 1985 ;
3414 1940 3433 1971 ι

1864 2019 1919 2063 et
1956 2009 2143 2063 beatus
2175 2008 2370 2062 Paulus
2418 2008 2488 2061 ita
2537 2009 2727 2061 scribit
2762 2025 2778 2064 :
2822 2029 2840 2059 ι
2883 2010 2981 2075 Qui
3030 2012 3437 2074 conglutinatus

1864 2111 1947 2152 est
1981 2100 2209 2154 Domino
2238 2140 2252 2161 ,
2289 2116 2427 2151 ttnus
2464 2100 2688 2168 Spiritus
2734 2111 2818 2154 est
2860 2102 2949 2157 “3'.
3000 2122 3018 2153 ι
3066 2105 3219 2157 Anne
3254 2105 3436 2173 igitur,

1863 2194 2110 2255 obsecro,
2136 2192 2295 2245 etiam
2330 2192 2429 2244 hos
2454 2191 2802 2244 adorabimus
2832 2203 3074 2259 respectu
3113 2194 3224 2255 Dei,
3252 2206 3437 2262 utpote

1864 2284 1912 2339 ei
1966 2284 2409 2350 conglutinatus?
2465 2285 2625 2351 Atqui
2695 2286 3175 2355 conglutinationis
3242 2302 3434 2340 nomen

1862 2376 2123 2443 majorem
2160 2379 2266 2429 vim
2300 2377 2458 2446 733
2489 2388 2650 2445 atque
2718 2379 3017 2445 emphasim
3071 2378 3229 2430 habet
3273 2392 3433 2446 quam

1863 2466 2279 2533 coajttneliouis.
2315 2468 2594 2534 Siquidem
2634 2482 2758 2520 vere
2792 2468 3011 2533 dicitur,
3048 2468 3090 2520 si
3121 2470 3250 2536 quid
3279 2468 3433 2521 alteri

1861 2560 2091 2628 cuipiam
2117 2559 2552 2627 couglutinatum
2577 2571 2680 2623 est,
2724 2560 3095 2613 vehementem
3126 2562 3173 2613 ei
3200 2573 3435 2615 aretatu-

1860 2668 1965 2722 que
1990 2668 2113 2707 cum
2141 2652 2231 2705 illo
2255 2650 2690 2719 conjunctionetn
2722 2652 3079 2706 intercedere.

1930 2744 1990 2797 B.
2023 2744 2098 2798 Ita
2136 2744 2371 2797 videtur.

1929 2838 1993 2889 A.
2024 2836 2133 2890 Cur
2156 2847 2360 2900 autem,
2391 2837 2593 2905 rejccto
2623 2839 2841 2891 nomine
2880 2836 3121 2902 unitatis,
3152 2852 3271 2890 cum
3304 2836 3436 2890 alio-

1859 2928 1947 2995 qui
1977 2928 2045 2980 sit
2095 2928 2349 2980 usitatum
2402 2930 2557 2982 nobis
2589 2930 2741 2998 ipsis,
2790 2930 2898 2983 imo
2950 2944 3076 2983 vero
3153 2946 3179 2981 a
3236 2931 3436 2983 sanctis

1861 3020 2106 3072 Palrihus
2146 3020 2210 3072 ad
2248 3034 2345 3072 nos
2370 3018 2605 3083 ﬂuxerit,
2636 3020 3074 3089 conjunctimtem
3128 3023 3305 3089 potius
3343 3038 3438 3076 vo-

183 3112 478 3181 συνάφειαν
509 3112 866 3183 ὀνομάζουσι;
902 3114 1094 3167 Καίτοι
1129 3117 1319 3184 συγχεῖ
1353 3115 1448 3183 μὲν
1487 3115 1521 3185 ἡ
1565 3115 1755 3178 ἓνωσις

1864 3111 2041 3164 cant?
2095 3111 2257 3179 Atqui
2306 3113 2486 3166 unitas
2543 3128 2877 3180 nequaquam
2924 3114 3204 3166 confundit
3251 3131 3310 3168 ca
3365 3116 3430 3170 de

177 3204 432 3274 οὐδαμῶς
463 3205 531 3258 τὰ
578 3208 697 3259 καθ’
726 3199 799 3260 ὧν
830 3208 895 3260 ἂν
926 3208 1155 3274 λέγοιτο,
1184 3207 1507 3261 διαδείκνυσι
1535 3207 1590 3260 δὲ
1619 3209 1753 3276 μᾶ).-

174 3295 266 3347 λον
298 3296 399 3366 τὴν
434 3298 513 3359 εἰς
555 3296 614 3349 ἓν
652 3314 705 3349 τι
754 3298 1057 3369 συνδρομὴν
1108 3298 1216 3351 τῶν
1250 3298 1490 3369 ἡνῶσθαι
1534 3300 1755 3369 νοουμέ-

176 3405 305 3442 νων.
337 3387 447 3441 Καὶ
480 3389 599 3457 οὐχὶ
648 3388 820 3458 πάντη
870 3406 929 3441 τε
967 3390 1060 3441 καὶ
1103 3390 1320 3453 πάντως
1350 3390 1409 3442 ἓν
1445 3390 1510 3444 ἂν
1550 3390 1756 3459 λέγοιτο

180 3478 357 3549 μόνως
388 3476 450 3529 τὸ
478 3476 683 3530 ἁπλοῦν
715 3480 806 3531 καὶ
838 3479 1127 3549 μονοειδὲς,
1163 3479 1298 3533 άλλά
1330 3481 1437 3551 γὰρ
1474 3482 1566 3534 καὶ
1594 3483 1661 3534 τὰ
1691 3483 1755 3535 ἐκ

174 3571 322 3623 δυοῖν
359 3570 391 3639 ἦ
424 3568 684 3621 πλειόνων
714 3568 794 3623 ἔτι
830 3569 925 3623 καὶ
963 3570 1022 3634 ἐξ
1053 3572 1365 3643 ἐτεροειδῶν
1404 3574 1749 3643 συγκείμενα.

174 3665 335 3715 Δοκεῖ
381 3662 489 3732 γὰρ
516 3662 687 3726 οὑτως
733 3658 792 3715 εὖ
846 3662 989 3732 ἔχειν
1015 3665 1128 3726 τοῖς
1174 3662 1349 3717 ταῦτα
1382 3667 1583 3733 σοφοῖς.
1636 3667 1769 3718 Καί

174 3755 514 3825 κουργότατα
553 3754 729 3808 τοίνυν
782 3754 873 3807 τὸν
923 3755 1019 3809 ἕνα
1066 3755 1163 3808 καὶ
1200 3755 1359 3824 φύσει
1406 3757 1500 3809 καὶ
1537 3756 1753 3827 ἀληθῶς

178 3846 326 3909 Υίὸν,
361 3847 852 3918 ὲνανθρωπήσαντα
882 3849 979 3901 καὶ
1012 3848 1430 3918 σεσαρκωμένον
1453 3849 1750 3915 διιστάντες

173 3940 256 4001 εἰς
282 3939 393 4001 δύο,
428 3940 813 4011 παραιτοῦνται
849 3940 947 4010 μὲν
980 3940 1077 4011 τὴν
1108 3942 1322 4005 ἕνωσιν,
1356 3942 1651 4012 συνάφειαν
1693 3944 1751 3997 δὲ

174 4031 551 4101 ὀνομάζουσιν,
587 4032 651 4102 ἣν
684 4031 747 4085 ἂν
782 4031 893 4102 ἔχοι
924 4033 1087 4103 τυχὸν
1124 4034 1217 4087 καὶ
1257 4033 1442 4104 ἕτερός
1484 4053 1569 4098 τις
1614 4034 1752 4105 πρὸς

174 4123 328 4188 Θεὸν,
363 4123 437 4186 ὡς
461 4122 519 4187 ἐξ
547 4123 746 4195 ἀρετῆς
775 4125 867 4176 καὶ
900 4123 1172 4194 ἀγιασμοῦ
1207 4126 1485 4197 μονονουχὶ
1536 4127 1752 4179 συνδού-

178 4232 358 4284 μενος,
389 4214 530 4268 κατά
564 4232 627 4283 γε
656 4214 716 4266 τὸ
746 4216 851 4268 ὑπό
885 4233 976 4269 του
998 4215 1109 4268 τῶν
1140 4217 1435 4287 προφητῶν
1464 4218 1641 4288 ὀρθῶς
1672 4220 1751 4271 εξ-

179 4308 432 4376 ρημὲ’,ον,
462 4309 574 4370 τοῖς
614 4307 1004 4360 ἀναπίπτουσιν
1036 4309 1115 4369 είς
1155 4308 1216 4359 τὸ
1265 4308 1507 4379 ῥᾴθυμον
1528 4326 1541 4337 ⁸
1579 4311 1749 4363 σΣυν-

174 4400 373 4470 ἀχθητε
420 4400 512 4453 καὶ
551 4399 856 4469 συνδέθητε,
901 4399 962 4452 τὸ
993 4398 1142 4462 ἔθνος
1172 4398 1231 4451 τὸ
1266 4401 1607 4465 ἀπαίδευτον,
1644 4402 1751 4473 πρὸ

1863 3203 2062 3271 quibus
2090 3200 2437 3269 praedicatur,
2468 3204 2562 3258 sed
2595 3205 2768 3272 potius
2793 3205 3063 3274 signiﬁcat
3107 3222 3430 3262 concursum

1863 3295 1915 3349 iu
1955 3310 2491 3365 unumeorutn-qua:
2534 3298 2677 3348 ttnita
2728 3312 2848 3349 esse
2891 3298 3281 3368 intelliguntur.
3330 3301 3435 3354 Sed

1863 3400 2037 3453 neque
2076 3386 2128 3438 itt
2164 3386 2475 3439 universum
2526 3386 2726 3439 dicitur
2770 3402 2935 3439 unum
2988 3389 3330 3441 solummodo
3381 3389 3433 3443 id

1861 3476 1999 3545 quod
2037 3477 2264 3543 simplex
2292 3486 2394 3538 est,
2422 3486 2582 3544 atque
2612 3478 2769 3530 unius
2800 3479 3021 3545 speciei,
3057 3495 3246 3532 verum
3267 3481 3432 3533 etiam

1861 3581 1924 3619 ea
1962 3581 2081 3634 quae
2121 3581 2186 3619 ex
2230 3567 2441 3619 duobus
2500 3574 2593 3619 aut
2642 3567 2804 3619 etiam
2870 3566 3116 3636 pluribus
3147 3569 3310 3622 etiam
3355 3571 3435 3623 di-

1860 3673 2140 3711 versarum
2181 3658 2485 3725 specierum
2518 3658 2812 3726 composita
2850 3668 2995 3711 sunt.
3040 3661 3115 3712 lta
3144 3661 3288 3713 enim
3318 3670 3432 3714 sta-

1863 3761 2019 3804 tuttut
2056 3750 2248 3804 harum
2278 3765 2456 3803 rerum
2499 3750 2679 3818 periti.
2723 3750 3241 3807 Fraudulentissime
3272 3754 3435 3823 igitur

1861 3857 2025 3894 unum
2058 3850 2113 3895 et
2149 3850 2337 3892 natura
2390 3849 2446 3893 et
2498 3854 2622 3893 vere
2674 3840 2864 3894 Filium
2909 3843 3179 3896 hominem
3223 3844 3428 3897 factum

1859 3939 2021 3997 atque
2062 3930 2399 3982 ineatrnatum
2442 3929 2836 3998 distiugueutes
2872 3933 2926 3985 in
2969 3934 3096 3998 duo,
3162 3937 3424 3989 unitatem

1858 4023 2075 4090 quidem
2123 4022 2469 4086 detrectant,
2527 4023 2962 4092 conjunctiouem
3007 4041 3136 4080 vero
3186 4038 3377 4081 vocant
3410 4050 3443 4093 ,-

1859 4129 2019 4181 quatn
2050 4113 2278 4167 fortasse
2306 4113 2466 4167 etiam
2497 4113 2633 4166 alius
2665 4116 2930 4183 quispiam
2961 4133 3080 4170 cum
3120 4121 3224 4172 Deo
3246 4120 3427 4184 habet,

1858 4216 2045 4275 utpote
2078 4205 2276 4258 virtute
2311 4221 2375 4260 ac
2403 4208 2834 4261 sanctiﬁcatione
2880 4217 3199 4263 tantumnon
3235 4213 3282 4264 ei
3317 4212 3428 4265 col-

1856 4297 2077 4366 ligatus,
2106 4297 2257 4367 juxta
2299 4298 2428 4351 illud
2459 4309 2609 4351 recte
2633 4314 2661 4350 a
2692 4299 2972 4367 prophetia
3002 4300 3205 4355 dietttm
3240 4303 3304 4357 iis
3336 4305 3427 4372 qui

1857 4391 1922 4443 ad
1968 4390 2233 4456 ignaviam
2269 4389 2669 4444 devolvuntur:
2703 4408 2721 4440 ι
2761 4391 3196 4462 Congregamini,
3228 4404 3279 4448 et
3318 4396 3427 4448 col-

149 4492 267 4546 ατοῦ
298 4492 547 4561 γενέσθαι
591 4492 734 4563 ὑμᾶς
779 4491 852 4553 ὡς
886 4490 1044 4554 ἄνθος
1086 4492 1516 4562 παρερχόμενον.
1560 4512 1578 4544 ›
1618 4494 1748 4546 Συν-

1864 4482 2127 4549 ligamini,
2162 4499 2293 4552 gens
2326 4484 2597 4551 imperita,
2626 4494 2911 4554 antequam
2946 4482 3088 4538 ﬁatis
3124 4500 3217 4539 vos
3248 4496 3303 4540 ut
3330 4486 3427 4543 llos

172 4585 397 4637 ἀπτοιτο
424 4584 467 4637 δ’
508 4584 574 4638 ἂν
626 4584 719 4637 καὶ
769 4582 1015 4652 μαθητὴς
1062 4583 1365 4654 διδασκάλῳ
1413 4586 1553 4639 κατά
1584 4603 1647 4653 γε
1694 4586 1755 4639 τὸ

172 4676 490 4747 φιλομαθὲς,
524 4677 618 4729 καὶ
648 4677 809 4745 ἡμεῖς
842 4674 1109 4745 ἀλλήλοις,
1142 4675 1202 4727 οὐ
1248 4676 1370 4729 καθ’
1400 4676 1495 4729 ἕνα
1526 4677 1750 4748 τρόπον,

170 4768 306 4821 ἀλλά
339 4768 583 4831 πολλούς.
624 4767 693 4820 Ἦ
726 4766 866 4836 τάχα
895 4782 997 4818 που
1034 4766 1129 4818 καὶ
1160 4766 1188 4819 ὀ
1215 4764 1369 4819 τοῦδέ
1413 4784 1558 4831 τινος
1609 4769 1752 4839 πρά-

169 4877 375 4930 γματος
421 4859 711 4927 ὑπουργὸς,
746 4859 847 4911 οὑκ
895 4856 1175 4928 ἀσυναφὴς
1225 4857 1367 4911 κατά
1406 4858 1464 4910 τὸ
1505 4860 1751 4914 ἑκούσιον

176 4951 327 5005 νοοῖτ’
356 4951 420 5004 ἂν
452 4951 676 5014 εἰκότως
707 4949 784 5020 τῶ
815 4949 1031 5002 λαϐόντι
1062 4949 1197 5019 πρὸς
1230 4950 1552 5021 ὑπουργίαν.
1593 4952 1657 5003 Ὃ
1688 4951 1745 5004 δὲ

176 5043 375 5111 μᾶλλον
406 5042 581 5094 ἔοικεν
610 5043 642 5111 ἡ
666 5040 818 5111 παρά
838 5040 945 5093 τῶν
969 5041 1304 5111 καινοτόμων
1324 5044 1456 5113 ἡμῖν
1484 5044 1746 5112 συνάφεια

169 5133 381 5202 δηλοῦν.
435 5132 699 5186 Διεπύθου
751 5132 860 5201 γὰρ
908 5132 1323 5202 διατεινομένων
1374 5134 1619 5203 ἀμαθῶς,
1663 5135 1745 5187 ὅτι

168 5224 348 5277 λαϐὼν
381 5226 685 5295 ἄνθρωπον,
715 5223 788 5287 ὡς
815 5224 997 5294 ἕτερόν
1026 5241 1148 5277 τινα
1178 5224 1307 5296 παρ’
1344 5225 1532 5278 ἑαυτὸν
1575 5225 1688 5278 υἱὸν
1719 5228 1748 5279 ὁ

168 5314 299 5377 Θεὸς
338 5315 527 5382 Λόγος,
565 5314 835 5383 ὑπουργὸν
874 5313 1063 5384 ῶσπερ
1108 5315 1229 5368 τινὰ
1284 5315 1393 5368 τῶν
1438 5316 1629 5369 ἑαυτοῦ
1662 5318 1749 5369 θε-

170 5403 426 5472 λημάτων
466 5404 743 5472 ἀπέφηνεν
774 5404 955 5466 αὑτὸν,
987 5403 1128 5457 ὥστε
1171 5406 1264 5458 καὶ
1290 5405 1519 5459 θανάτου
1555 5409 1749 5476 πεῖραν

170 5493 329 5560 ἑλεῖν,
367 5495 661 5547 ἀναϐιῶναί
693 5512 773 5555 τε,
806 5495 898 5547 καὶ
917 5497 994 5555 εἰς
1022 5495 1183 5547 αὑτὸν
1213 5495 1498 5549 ἀνελθόντα
1540 5497 1627 5549 τὸν
1657 5498 1769 5549 οὑ·-

173 5584 353 5653 ρανὸν,
384 5588 494 5647 τοῖς
534 5585 631 5655 τῆς
662 5585 899 5656 ἀρῤήτου
947 5584 1197 5655 θεότητος
1247 5587 1489 5659 ἐνιζῆσαι
1534 5586 1765 5651 θάκοιςμ

241 5756 286 5795 ⁸⁷
318 5764 462 5819 Ρεηι.
494 5779 654 5828 Lux,
686 5763 769 5817 l0.
849 5765 891 5794 "
923 5762 1045 5819 Psal
1078 5779 1210 5829 Lm,
1252 5764 1303 5819 9.

1383 5764 1447 5796 ⁸⁸⁸
1478 5762 1495 5816 1
1524 5765 1645 5820 Cor.
1716 5770 1792 5833 vi,
1820 5763 1903 5818 l7.

1854 4574 2169 4643 prmteriens
2205 4574 2271 4627 δ’.
2348 4573 2705 4641 Conjungitur
2753 4591 2880 4630 vero
2915 4579 3078 4631 etiam
3128 4580 3425 4648 discipulus

1852 4666 2116 4735 magistro
2151 4667 2362 4721 ratione
2389 4667 2676 4721 docilitatis
2702 4684 2716 4732 ;
2740 4676 2794 4720 et
2822 4683 2921 4722 nos
2955 4669 3093 4723 alter
3124 4671 3277 4723 alteri
3315 4688 3419 4724 nou

1850 4772 1956 4809 uno
1992 4759 2172 4821 modo,
2230 4759 2322 4813 sed
2373 4758 2639 4828 pluribus.
2699 4758 2764 4811 Et
2789 4760 2880 4828 qui
2942 4760 3169 4826 alicujus
3219 4764 3421 4833 negotii

1848 4849 2063 4919 adjutor
2092 4860 2204 4916 est,
2260 4866 2364 4905 non
2411 4860 2589 4918 potest
2627 4852 2820 4906 merito
2859 4852 3160 4920 disjuuctus
3206 4856 3420 4911 censeri

1849 4943 2060 4998 ratione
2093 4944 2389 4998 voluntatis
2442 4945 2510 4997 ab
2556 4959 2621 4998 eo
2671 4946 2759 5013 qui
2808 4946 2981 5013 ipsum
3019 4947 3068 4999 in
3108 4947 3415 5016 adjutorem

1852 5036 2078 5103 accepit.
2115 5035 2225 5089 lloc
2248 5047 2426 5088 autem
2456 5038 2632 5105 potius
2660 5037 2873 5093 videtur
2894 5039 3005 5093 lucc
3036 5040 3415 5095 iuttovalorttm

1851 5127 2162 5196 conjunctio
2212 5129 2538 5197 signiﬁcare.
2588 5129 2801 5184 Audisti
2850 5131 2991 5185 cnim
3022 5148 3115 5186 eos
3171 5133 3419 5201 imperite

1852 5218 2240 5272 contendentes
2266 5258 2280 5282 ,
2314 5220 2453 5286 quod
2485 5220 2620 5272 Deus
2655 5218 2912 5287 Verbum,
2951 5234 3173 5288 accepto
3202 5224 3416 5277 homine

1850 5317 2105 5377 tanquam
2134 5310 2242 5364 alio
2280 5311 2512 5378 quodam
2546 5325 2609 5363 ac
2653 5311 2866 5365 diverso
2903 5326 2933 5365 a
2980 5326 3038 5366 se
3072 5313 3199 5377 ﬁlio,
3251 5314 3414 5368 veluti

1848 5400 2147 5471 adjutorem
2209 5402 2497 5471 quemdam
2554 5412 2717 5471 atque
2742 5413 3119 5457 exsecutorem
3168 5420 3277 5457 sua:
3323 5420 3415 5457 vo-

1845 5495 2069 5548 luntatis
2099 5494 2271 5564 ipsum
2304 5494 2608 5558 constituit,
2637 5495 2705 5548 ita
2742 5504 2800 5549 ttt
2844 5506 2897 5548 et
2928 5507 3156 5549 mortem
3186 5496 3360 5549 obiret
3394 5533 3410 5559 ,

1846 5597 1900 5641 ct
1934 5586 2301 5652 revivisceret,
2338 5595 2500 5655 atque
2533 5586 2584 5641 itt
2621 5586 2814 5642 cmlum
2860 5587 3084 5654 relatus,
3125 5586 3413 5644 ineﬂ'ahilis

1983 5764 2026 5797 ⁸⁸
2061 5764 2300 5835 Sophon.
2336 5780 2393 5833 tt,
2431 5764 2480 5831 Ι,
2509 5765 2564 5818 ‘2.
