3846 6210
423 360 443 413 l
459 358 557 412 287

1439 348 1498 403 S.
1538 346 1809 403 CYRIUJ
1852 346 2317 403 ALEXANDRINI
2359 347 2671 405 ARCIIIEP.

3543 349 3670 407 19.88

420 473 643 527 deitatis
672 471 810 527 Solio
843 469 1123 524 insideret.
1170 463 1364 519 Nonne
1400 466 1543 519 enim
1580 482 1646 521 ex
1678 467 1763 521 his
1811 466 1994 521 verbis

2130 470 2173 522 Η
2198 468 2306 539 γὰρ
2335 468 2456 539 οὐχὶ
2498 468 2676 538 πάντη
2724 484 2783 520 τε
2818 467 2912 521 καὶ
2954 465 3170 532 πάντως
3211 466 3301 521 διὰ
3342 466 3548 522 τούτων
3573 470 3674 523 τῶν

419 568 667 619 diversus
702 548 860 631 plane
888 559 1131 615 cernitur
1189 559 1255 611 ab
1313 571 1378 611 eo
1426 558 1517 627 qui
1578 565 1661 612 est
1690 565 1883 611 natura
1944 566 2000 611 et

420 672 548 710 vere
582 656 795 709 Filius?

490 747 550 801 Β.
582 746 816 801 Omnino

394 838 395 841 “
493 838 561 894 Α.
595 838 663 891 Αι
693 850 814 889 cum
859 831 1027 887 semel
1072 846 1137 885 eo
1184 830 1470 885 dementiae
1526 829 1889 897 devenerint,
1942 838 2003 883 ut

422 927 743 979 existiment
804 936 968 991 atque
998 931 1247 974 asseram
1277 934 1382 972 non
1436 919 1612 986 ipsum
1661 920 1998 987 unigenitum

424 1020 518 1073 Dei
588 1018 821 1072 Verbum
884 1013 1057 1069 nostri
1114 1012 1343 1067 similem
1403 1010 1603 1065 factum
1639 1010 1855 1077 fuisse,
1906 1013 2000 1066 sed

424 1110 698 1165 hominem
745 1106 1062 1174 sumpsisse,
1122 1119 1386 1173 quonam,
1427 1103 1677 1166 obsecro,
1715 1103 1876 1156 modo
1915 1117 2001 1157 as-

424 1202 786 1271 sumptionem
848 1200 987 1252 hanc
1044 1212 1073 1250 a
1124 1196 1278 1249 nobis
1328 1194 1549 1263 intelligi
1594 1194 1820 1263 volunt?
1848 1194 2004 1249 Auno

425 1304 483 1349 ut
550 1295 804 1348 edoctum
856 1306 921 1343 ac
991 1289 1334 1357 designatum
1388 1288 1455 1340 ab
1536 1287 1652 1354 ipso
1711 1285 1779 1337 ad
1850 1299 2007 1338 exse-

424 1386 693 1456 quendum
727 1383 928 1447 aliquid
984 1381 1127 1452 quod
1168 1384 1266 1449 ipsi
1317 1379 1557 1447 placeret
1590 1394 1604 1429 :
1634 1376 1860 1445 perinde
1892 1374 2006 1429 fere

425 1491 588 1548 atque
641 1492 735 1545 per
772 1475 1056 1544 quemdam
1125 1488 1188 1526 ex
1257 1470 1461 1525 sanctis
1540 1467 1819 1538 prophetis
1871 1467 2008 1521 dici-

429 1583 528 1625 tur
564 1591 574 1624 :
625 1587 642 1619 ι
676 1569 741 1621 Ει
777 1567 912 1621 dixit
943 1565 1202 1619 Dominus
1232 1564 1297 1615 ad
1348 1577 1430 1614 me
1464 1579 1476 1614 :
1516 1559 1693 1623 Vade,
1744 1560 2004 1629 propheta

428 1660 591 1732 734,
639 1660 703 1712 ad
752 1657 1002 1726 populum
1048 1671 1229 1709 meum
1268 1653 1432 1707 Israel
1462 1652 1547 1704 ’°?
1579 1670 1596 1701 ι
1638 1651 1715 1705 Ex
1760 1652 2008 1721 caprario

427 1752 571 1804 enim
610 1749 924 1817 prophetam
979 1744 1198 1810 ell'ecit,
1248 1754 1304 1798 et
1360 1744 1740 1797 mandatorum
1780 1758 2004 1798 suorum

435 1850 811 1896 exsecutorem
851 1839 1175 1909 designavit.

503 1932 561 1984 Β.
618 1930 863 1985 Dixerint
908 1928 1141 1983 fortasse
1198 1943 1300 1981 non
1367 1928 1469 1981 hac
1522 1942 1745 1997 prorsus
1796 1925 2010 1981 ratione

431 2024 626 2079 factam
660 2037 780 2075 esse
816 2023 1266 2088 assumptionem,
1303 2020 1395 2072 sed
1449 2020 1522 2072 ita
1570 2029 1627 2071 ιιι
1679 2018 2008 2089 intelligitur

431 2131 461 2169 a
497 2115 651 2168 nobis
679 2112 809 2166 illud
854 2126 868 2165 :
923 2131 940 2163 ι
976 2111 1229 2167 Formam
1255 2112 1396 2165 servi
1424 2112 1699 2180 accipiens
1721 2111 1790 2163 ⁹¹.
1830 2129 1849 2162 ι

502 2210 567 2262 Α.
627 2208 767 2276 Ergo
813 2206 1112 2260 secundum
1166 2204 1428 2257 unitatem
1485 2202 1834 2266 indivulsam,
1883 2214 2013 2269 pro-

432 2299 609 2367 prium
640 2296 843 2349 factum
872 2310 997 2349 esse
1030 2294 1081 2347 id
1116 2295 1259 2362 quod
1318 2303 1591 2361 sumptqu
1641 2300 1725 2345 est
1763 2290 1881 2359 ejus
1921 2290 2012 2359 qui

434 2389 666 2458 accepit,
703 2388 893 2441 merito
925 2386 1234 2440 censebitur
1271 2403 1284 2437 :
1322 2388 1393 2439 ita
1435 2394 1493 2438 ut
1537 2396 1591 2439 et
1646 2385 1787 2438 Deus
1819 2384 1892 2437 sit
1924 2380 2015 2437 Je-

435 2497 547 2544 sus,
577 2490 633 2534 et
683 2480 791 2530 veri
828 2477 918 2531 Dei
962 2476 1150 2541 Filius,
1186 2490 1460 2545 unumque
1510 2491 1573 2529 ac
1603 2476 1779 2528 solum
1844 2484 1905 2528 ut
1946 2489 2015 2528 ex

440 2575 549 2627 Deo
580 2572 739 2625 Patre
772 2570 1003 2624 Verbqu
1030 2586 1044 2635 ;
1095 2571 1309 2638 genitus
1345 2569 1563 2637 quidem
1601 2568 1859 2622 divinitus
1890 2577 2016 2621 ante

436 2664 616 2716 omnia
646 2661 840 2716 saecula
875 2670 928 2713 ει
959 2670 1224 2728 tempora,
1253 2658 1564 2711 novissimis
1592 2668 1772 2711 autem
1819 2655 2003 2711 saeculi

439 2756 769 2825 temporibus
804 2754 940 2806 idem
972 2752 1264 2805 secundum
1290 2767 1508 2804 carnem
1539 2766 1607 2804 ex
1639 2750 1884 2804 muliere.

512 2848 569 2901 Β.
599 2846 781 2915 Neque
810 2845 953 2898 enim
994 2852 1111 2896 erat
1137 2844 1360 2895 alterius
1388 2840 1690 2911 Cujuspiam
1717 2878 1733 2904 ,
1777 2841 1869 2894 sed
1927 2838 2013 2909 ip-

438 2939 552 2993 sius
580 2938 717 2991 facta
751 2946 833 2990 est
870 2936 1009 2988 servi
1039 2934 1231 2987 forma.

509 3032 574 3085 Α.
604 3028 883 3095 Quomodo
908 3025 1028 3081 ais?
1057 3029 1233 3089 Anne,
1267 3029 1520 3088 obsecro,
1584 3025 1635 3079 id
1672 3028 1812 3096 quod
1828 3034 2018 3081 natura

441 3136 651 3177 servum
705 3128 831 3183 est,
892 3119 1104 3171 dicatur
1151 3133 1257 3171 non
1308 3118 1544 3171 absurde
1588 3118 1817 3172 formam
1872 3118 2015 3174 servi

2100 561 2276 629 λόγων
2305 561 2491 631 ἔτερος
2530 559 2605 613 ὢν
2638 561 2831 630 ὁρᾶται
2865 559 3145 624 παντελῶς
3194 561 3344 631 παρὰ
3386 560 3479 615 τὸν
3524 560 3673 629 φύσει

2100 655 2196 707 καὶ
2231 654 2445 723 άληθῶς
2474 653 2600 706 Υίόν
2621 670 2636 718 ;

2173 745 2232 796 Β.
2271 744 2438 815 Φημί.

2172 842 2236 896 Δ.
2289 839 2506 911 Ἐπειδὴ
2548 839 2604 893 δέ
2649 838 2795 905 ἆπαξ
2829 838 2911 901 είς
2956 836 3114 891 τοῦτο
3171 835 3506 889 κατώλισθον
3542 834 3681 904 ἀμαυ

2104 928 2244 993 θίας,
2280 930 2355 992 ὡς
2398 929 2603 981 οἴεσθαί
2649 946 2708 982 τε
2761 930 2855 982 καὶ
2887 927 3067 994 λέγειν
3109 928 3209 980 οὐκ
3246 927 3408 980 αὑτὸν
3437 926 3686 994 γενέσθαι

2107 1022 2305 1092 μᾶλλον
2347 1021 2469 1075 καθ’
2516 1022 2662 1091 ἡμᾶς
2711 1021 2802 1074 τὸν
2855 1019 3116 1091 μονογενῆ
3162 1019 3253 1072 τοῦ
3297 1019 3433 1073 Θεοῦ
3490 1020 3688 1087 Λόγον,

2104 1112 2388 1183 ἄνθρωπον
2414 1112 2469 1164 δὲ
2498 1112 2679 1164 λαϐεῖν
2700 1128 2715 1142 ·
2740 1112 2882 1164 κατὰ
2907 1113 3059 1163 ποῖον
3084 1111 3191 1183 ἄρα
3223 1110 3462 1163 νοεῖσθαι
3483 1111 3689 1181 τρόπον

2104 1204 2350 1258 ἐθέλουσι
2388 1206 2523 1277 πρδς
2570 1204 2727 1275 ἡμῶν
2770 1204 2870 1276 τὴν
2908 1204 3207 1274 άνάληψιν;
3258 1199 3404 1275 Ἀρα
3452 1204 3584 1273 γὰρ,
3612 1203 3690 1266 ώς

2106 1296 2558 1368 προχειρισθέντα
2598 1298 2725 1367 παρ’
2773 1296 2937 1350 αὐτοῦ
2972 1296 3108 1367 πρός
3148 1313 3214 1364 γε
3249 1296 3310 1348 τὸ
3336 1296 3447 1349 δεῖν
3477 1297 3691 1349 ἀποπε-

2110 1388 2267 1461 ρᾶναί
2310 1406 2363 1441 τι
2407 1388 2514 1441 τῶν
2558 1388 2701 1441 κατὰ
2729 1388 2952 1459 γνώμην
2993 1387 3160 1457 αὐτῷ,
3194 1387 3445 1458 καθάπερ
3497 1387 3692 1456 ἀμέλει

2108 1481 2201 1533 καὶ
2240 1480 2355 1542 ἐνὸς
2394 1480 2500 1531 τῶν
2535 1481 2703 1546 ἁγίων
2747 1479 3075 1550 προφητῶνο
3116 1498 3134 1529 ι
3180 1479 3292 1531 Καὶ
3322 1473 3443 1529 εἶπε
3484 1478 3692 1547 Κύριος

2109 1569 2244 1640 πρός
2281 1585 2346 1639 με
2369 1584 2382 1597 ⁸
2418 1567 2628 1634 Βάδιζε,
2661 1569 3035 1639 προφήτευσον
3060 1566 3153 1618 ἐπὶ
3192 1568 3281 1617 τὸν
3308 1565 3438 1617 λαόν
3467 1580 3571 1633 μου
3601 1563 3693 1615 τὸν

2121 1662 2372 1734 Ἰσραήλ;
2410 1681 2429 1715 ι
2474 1663 2706 1715 Αίπόλον
2736 1661 2842 1733 γὰρ
2871 1661 3017 1723 ὄντα,
3058 1662 3344 1731 προφήτην
3369 1658 3563 1721 ἐτίθει,
3597 1656 3694 1709 καὶ

2109 1753 2217 1807 τῶν
2236 1749 2445 1806 ’ἑαυτοῦ
2470 1752 2791 1823 θελημάτων
2819 1751 3089 1822 ὑπουργὸν
3120 1749 3437 1815 άπέστειλε;

2182 1936 2245 1987 Β.
2285 1936 2447 1987 Φαῖεν
2492 1932 2559 1986 ἂν
2592 1933 2721 1995 ἴσως
2760 1931 2851 2000 οὐ)
2895 1924 2996 1983 ὧδέ
3042 1945 3145 1982 που
3180 1928 3396 1990 πάντως
3437 1925 3693 1994 γενέσθαι

2112 2028 2210 2099 τὴν
2244 2026 2428 2096 λῆψιν,
2472 2026 2585 2079 ἀλλ’
2614 2025 2690 2087 ὡς
2718 2024 2783 2077 ἂν
2811 2025 2989 2076 νοοῖτο
3017 2022 3153 2092 πρὸς
3180 2020 3335 2092 ἡμῶν
3364 2020 3423 2073 τὸ
3444 2059 3457 2083 ,
3489 2039 3507 2071 ι
3541 2020 3692 2089 Μορο

2114 2120 2220 2191 φὴν
2255 2117 2439 2171 δούλου
2469 2116 2668 2170 λαϐών.
2708 2134 2727 2167 ι

2184 2213 2249 2265 A.
2293 2208 2502 2263 Οὐκοῦν
2551 2207 2672 2261 καθ’
2712 2206 2906 2259 ἕνωσιν
2942 2204 3329 2268 ἀδιάσπαστον,
3366 2203 3497 2257 ῖδιον
3536 2219 3694 2271 γεγο-

2115 2302 2204 2366 νδς
2236 2301 2329 2355 τοῦ
2362 2300 2617 2363 λαϐόντος
2646 2300 2707 2353 τὸ
2754 2299 2977 2369 ληφθὲν,
3024 2300 3179 2351 νοοῖτ⁹
3213 2297 3278 2351 ἂν
3321 2297 3571 2359 εἰκότως,
3617 2297 3695 2359 ὡς

2116 2395 2212 2448 καὶ
2241 2394 2371 2447 Θεὸν
2409 2390 2547 2446 εἶναι
2575 2393 2664 2445 τὸν
2704 2392 2932 2463 Ἰησοῦν,
2962 2391 3057 2443 καὶ
3095 2389 3229 2442 Θεοῦ
3273 2388 3366 2441 τοῦ
3394 2389 3537 2441 κατὰ
3565 2389 3698 2457 ἀλή-

2117 2484 2265 2537 θειαν
2306 2483 2451 2544 Υίὸν,
2495 2483 2591 2535 ’ένα
2632 2499 2691 2534 τε
2738 2482 2831 2534 καὶ
2880 2481 3056 2551 μόνον,
3093 2478 3168 2539 ὡς
3200 2480 3263 2531 ἐκ
3308 2477 3443 2530 Θεοῦ
3479 2479 3695 2548 Πατρὶς

2116 2576 2307 2643 Λόγον,
2341 2574 2671 2645 γεννηθέντα
2721 2574 2819 2643 μὲν
2858 2572 3051 2633 θεῖκῶς
3101 2568 3206 2638 πρὸ
3251 2568 3451 2631 παντὸς
3498 2569 3696 2631 αἰῶνος

2118 2668 2211 2720 καὶ
2244 2667 2458 2737 χρόνου,
2496 2666 2554 2717 ὲν
2601 2666 2848 2734 ἐσχάτοις
2876 2663 2933 2714 δὲ
2962 2660 3057 2714 τοῦ
3098 2659 3294 2723 αίῶνος
3335 2662 3569 2729 καιροῖς,
3604 2659 3697 2711 τὸν

2118 2757 2278 2811 αὑτὸν
2303 2756 2444 2810 κατὰ
2476 2757 2652 2827 σάρκα
2694 2757 2759 2807 ἐκ
2788 2753 3067 2822 γυναικός.

2190 2851 2251 2904 Β.
2294 2850 2367 2902 Οὐ
2399 2849 2508 2919 γὰρ
2533 2844 2601 2919 ἦν
2631 2848 2814 2919 ἐτέρου
2852 2847 3015 2909 τινὸς,
3059 2843 3172 2897 ἀλλ’
3203 2842 3367 2898 αὐτοῦ
3400 2845 3634 2914 γέγονεν
3660 2848 3693 2914 ή

2117 2941 2211 2994 τοῦ
2244 2940 2429 2993 δούλου
2463 2940 2665 3010 μορφή.

2190 3034 2253 3086 Α.
2297 3032 2421 3093 Πῶς
2465 3031 2632 3100 ἔφηςς
2676 3024 2821 3101 *Αρα
2852 3030 2982 3099 γὰρ,
3028 3032 3147 3085 εἰπέ
3184 3029 3384 3103 μοι,τό
3420 3032 3486 3101 τῇ
3538 3030 3698 3099 φύσει

2122 3122 2326 3180 δοῦλον.
2364 3120 2560 3189 λέγοιτ’
2591 3119 2658 3173 ἂν
2692 3121 2791 3172 οὐκ
2834 3120 3190 3182 ἀπεοικότως,
3241 3118 3458 3189 μορφὴν
3506 3117 3697 3170 δούλου

440 3213 751 3278 accepisse;
794 3227 859 3263 au
889 3225 1018 3264 vero
1070 3210 1124 3264 id
1165 3211 1309 3279 quod
1356 3224 1482 3263 vere
1519 3208 1751 3264 liberum
1778 3220 1908 3275 est,
1962 3220 2011 3265 et

2130 3215 2319 3280 λαϐεῖν,
2354 3214 2387 3283 ἢ
2418 3213 2479 3266 τὸ
2508 3211 2791 3282 ἐλεύθερον
2817 3211 3051 3283 ἀληθῶς,
3080 3211 3303 3264 καὶτῶν
3328 3210 3430 3281 τῆς
3453 3210 3699 3273 δουλείας

443 3300 624 3356 servili
655 3301 966 3354 conditione
987 3302 1357 3354 essentialiter
1398 3301 1649 3369 superius
1678 3301 1702 3354 ?

512 3392 661 3447 Β.Ιά
702 3393 844 3461 quod
896 3392 1125 3445 liberum
1176 3401 1260 3445 est
1297 3393 1626 3446 censuerim.
1674 3393 1826 3459 Quod
1873 3392 2016 3448 enim

442 3493 561 3540 erat
587 3494 802 3548 natura,
828 3498 935 3552 quo
968 3494 1129 3552 pacto
1150 3482 1384 3553 amplius
1413 3484 1510 3537 ﬁat
1540 3483 1563 3537 ?

512 3577 577 3630 A.
606 3574 989 3629 Animadverte
1008 3575 1189 3644 itaque
1207 3575 1370 3643 quod,
1391 3584 1606 3630 tametsr
1630 3577 1802 3631 nostri
1832 3576 2013 3631 simile

446 3676 644 3723 tactum
682 3679 766 3722 est
798 3667 1131 3735 unigenitum
1179 3667 1276 3721 Dei
1333 3668 1604 3734 Verbum,
1663 3677 1718 3722 et
1766 3670 2019 3723 servilem

442 3760 810 3814 conditionem
842 3758 1071 3811 subierit
1098 3758 1311 3812 ratione
1343 3758 1700 3813 humanitatis
1730 3797 1745 3823 ,
1802 3770 2023 3813 natura-

447 3851 551 3905 lem
584 3861 762 3904 tamen
785 3864 936 3903 suam
962 3849 1268 3903 libertatem
1303 3849 1624 3904 testificatus
1649 3852 1802 3905 estin
1829 3852 2021 3906 drach-

452 3958 661 3997 marum
719 3942 1064 4005 collationes,
1108 3940 1296 3994 dicens
1350 3959 1363 3995 :
1425 3960 1442 3992 ι
1488 3941 1631 4012 Ergo
1689 3943 1843 3998 liberi
1895 3954 2023 3998 sunt

452 4035 546 4089 lilii
582 4035 654 4088 “.
706 4052 725 4085 ι
781 4032 1022 4102 Suscipit
1072 4032 1256 4102 itaque
1304 4036 1443 4089 servi
1492 4034 1742 4101 formam,
1798 4052 1859 4091 ea
1903 4053 2023 4107 qua:

445 4126 803 4179 exininationi
852 4139 1065 4179 annexa
1112 4136 1241 4178 sunt
1273 4126 1375 4179 sihi
1425 4128 1729 4192 asciscens,
1776 4139 1833 4183 et
1867 4129 2022 4184 simi-

448 4216 731 4270 litudinem
761 4216 936 4269 nostri
965 4230 1070 4269 non
1100 4226 1445 4285 aspernatus.
1491 4217 1677 4286 Neque
1725 4222 1870 4274 enim
1906 4220 2022 4274 ﬁeri

448 4314 663 4376 poterat
705 4312 763 4359 ut
801 4304 903 4358 alia
940 4305 1151 4359 ratione
1193 4306 1426 4361 servitus
1458 4322 1581 4360 cum
1628 4308 1835 4364 honore
1869 4325 2022 4365 com-

450 4404 768 4461 mutaretur,
791 4397 897 4450 nisi
927 4396 977 4449 id
1003 4397 1147 4466 quod
1180 4399 1429 4452 servituti
1456 4402 1713 4455 convenit
1739 4404 2021 4473 proprium

2123 3300 2335 3372 μέτρων
2362 3297 2634 3360 οὐσιωδὼς
2661 3298 2916 3365 ἀνωτέρω
2944 3296 3228 3365 κείμενον;

2189 3393 2251 3447 Β.
2292 3390 2367 3445 Τὸ
2389 3390 2671 3462 ἐλεύθερον
2700 3385 2851 3460 οἶμαί
2880 3406 3003 3443 που.
3044 3392 3109 3441 Ὃ
3136 3391 3243 3460 γὰρ
3270 3385 3337 3460 ἦν
3370 3389 3554 3458 φύσει,
3582 3405 3698 3451 πως

2122 3483 2187 3537 ἂν
2219 3483 2430 3551 γένοιτο
2460 3481 2540 3534 ἐτι
2566 3500 2581 3547 ;

2188 3579 2256 3628 Α.
2299 3573 2489 3644 Ἀθρει
2516 3572 2580 3642 δὴ
2606 3569 2721 3637 οὖν,
2764 3574 2869 3634 ὅτι,
2909 3574 3083 3627 καίτοι
3111 3573 3230 3626 καθ’
3255 3575 3407 3643 ἡμᾶς
3456 3573 3695 3642 γεγονὼς

2121 3667 2150 3719 ὁ
2187 3667 2480 3737 μονογενὴς
2522 3665 2617 3718 τοῦ
2655 3665 2791 3719 Θεοῦ
2833 3667 3023 3734 Λόγος,
3058 3668 3290 3729 καὶτοῖς
3326 3668 3426 3737 τῆς
3460 3667 3696 3729 δουλείας

2126 3757 2345 3826 μέτροις
2390 3756 2716 3825 ἐμϐεϐηκὼς
2760 3757 2901 3809 κατὰ
2940 3756 2999 3808 τὸ
3041 3756 3410 3827 ἀνθρώπινον,
3461 3774 3698 3828 προσμε-

2127 3844 2480 3918 μαρτύρηκεν
2529 3845 2677 3915 αὐτῷ
2708 3845 2769 3898 τὸ
2814 3846 2955 3899 κατὰ
2988 3847 3148 3914 φύσιν
3183 3847 3490 3918 ἐλεύθερον,
3535 3852 3591 3901 ἐν
3633 3852 3695 3918 τῇ

2122 3936 2230 3991 τῶν
2262 3936 2520 4008 δραχμῶν
2557 3940 2886 4009 συνεισφορᾷ
2930 3938 3131 4005 λέγων·
3194 3958 3213 3989 ι
3258 3940 3407 4010 ’Λρα
3449 3957 3517 4008 γε
3551 3941 3699 3993 ἐλεύο

2125 4029 2271 4100 θεροί
2305 4032 2440 4083 εἰσιν
2468 4030 2519 4082 οἱ
2547 4029 2675 4084 υἱοί.
2719 4049 2738 4081 ι
2788 4032 3011 4099 Δέχεται
3035 4031 3213 4083 τοίνυν
3242 4032 3430 4084 δούλου
3466 4032 3704 4104 μορφὴν,

2124 4121 2191 4174 τὰ
2220 4123 2284 4174 ἐκ
2306 4122 2405 4192 τῆς
2432 4121 2712 4186 κενώσεως
2737 4124 3122 4193 οἰκειούμενος,
3149 4124 3244 4175 καὶ
3268 4123 3368 4193 τὴν
3401 4125 3534 4194 πρὸς
3557 4126 3706 4194 i335;

2124 4214 2381 4282 ὁμοίωσιν
2424 4216 2525 4267 οὐκ
2548 4215 2843 4285 ἀτιμάσας’
2890 4216 2950 4269 οὐ
2985 4216 3092 4287 γάρ
3123 4212 3190 4286 ἦν
3223 4218 3427 4287 ἑτέρως
3471 4219 3709 4289 τιμῆσαι

2123 4305 2185 4357 τὸ
2218 4304 2421 4367 δοῦλον,
2452 4307 2500 4358 εἰ
2530 4307 2604 4375 μὴ
2643 4306 2864 4374 γέγονεν
2897 4308 3062 4360 αὐτοῦ
3102 4308 3161 4361 τὸ
3193 4308 3579 4381 δουλοπρεπὲς,
3617 4312 3708 4363 ἶνα

2126 4396 2220 4449 καὶ
2256 4398 2322 4467 τῇ
2367 4398 2497 4467 παρ’
2525 4398 2690 4449 αὑτοῦ
2741 4398 3252 4470 καταλαμπρύνοιτο
3282 4402 3430 4471 δόξῃ,
3477 4406 3607 4475 νικᾷ
3652 4404 3711 4456 δέ

450 4488 621 4556 ipsius
666 4488 872 4541 factum
920 4486 1134 4553 fuisset,
1174 4498 1233 4542 ut
1276 4498 1331 4543 et
1366 4490 1535 4559 ipsius
1579 4492 1749 4563 gloria
1782 4494 2011 4549 illustra-

2130 4488 2188 4541 τὸ
2214 4486 2448 4560 προῦχον
2479 4490 2585 4552 ἀεὶ,
2632 4490 2723 4542 καὶ
2768 4490 2827 4543 τὸ
2868 4494 2933 4543 ἐκ
2964 4492 3062 4561 τῆς
3108 4492 3347 4556 δουλείας
3390 4491 3581 4566 αἶσχος
3625 4496 3712 4567 ἐφ’

448 4589 615 4633 retur.
650 4577 828 4632 Vincit
855 4579 999 4632 enim
1029 4594 1245 4647 semper
1274 4581 1326 4634 id
1357 4584 1499 4650 quod
1536 4586 1884 4652 prmstantius
1907 4598 2013 4653 εει,

449 4682 504 4723 ει
532 4670 807 4735 turpitudo
837 4684 901 4723 ex
931 4672 1197 4724 servitute
1242 4681 1363 4726 orta
1415 4675 1467 4727 in
1506 4677 1660 4730 nobis
1688 4677 1885 4731 abolita
1916 4690 2020 4733 est.

449 4762 646 4817 Factus
682 4762 826 4816 enim
858 4763 1027 4815 nostri
1058 4762 1275 4827 similis,
1328 4764 1417 4830 qui
1453 4766 1610 4820 nobis
1638 4770 1887 4838 superior
1916 4782 2021 4835 est,

449 4865 504 4907 et
528 4852 778 4907 servilem
810 4853 1176 4907 conditionem
1211 4854 1379 4907 subiit
1410 4857 1503 4925 qui
1531 4869 1717 4912 natura
1752 4861 2019 4917 estliber.

452 4945 657 4999 Idcirco
687 4945 850 4998 etiam
886 4946 937 4997 in
981 4960 1081 4998 nos
1104 4946 1340 5014 dignitas
1369 4960 1661 5019 propagata
1693 4962 1798 5005 est.
1834 4951 2022 5007 Vocati

449 5040 593 5092 enim
630 5054 820 5092 sumus
841 5049 897 5091 et
923 5052 1025 5091 nos
1052 5038 1146 5091 lilii
1182 5037 1301 5103 Dei,
1329 5051 1382 5092 et
1412 5040 1627 5095 Patrem
1659 5045 1815 5098 nobis
1846 5046 2021 5099 vindi-

450 5130 716 5189 cavimus,
736 5128 825 5198 qui
846 5130 1195 5198 peculiariter
1212 5130 1379 5198 ipsius
1399 5131 1671 5186 est.Facta
1693 5134 1835 5187 enim
1856 5136 2021 5189 etiam

454 5223 620 5291 ipsius
654 5237 774 5291 quae
805 5222 1086 5276 hominum
1123 5223 1341 5292 propria
1394 5234 1568 5277 erant.
1632 5223 1864 5279 Proinde
1897 5241 2021 5280 cum

452 5314 683 5367 dicimus
711 5327 833 5366 eum
872 5311 1099 5365 formam
1146 5313 1286 5367 servi
1343 5316 1658 5384 accepisse,
1705 5316 2018 5371 universum

454 5405 507 5459 in
540 5418 604 5458 eo
637 5404 1126 5458 administrationis
1177 5405 1229 5457 iu
1261 5419 1425 5458 carne
1475 5407 1795 5475 mysterium
1848 5408 2025 5461 eonti-

454 5503 631 5546 netur.
674 5492 730 5547 Si
764 5509 891 5548 vero
920 5492 1117 5547 Filium
1149 5493 1483 5561 proﬁtentes,
1518 5510 1685 5549 unum
1739 5504 1795 5548 et
1837 5494 2023 5549 Domi-

455 5599 602 5648 llllm,
638 5581 867 5639 Verbum
893 5599 957 5639 ex
994 5582 1104 5639 Deo
1151 5581 1332 5650 Patre,
1398 5584 1666 5639 hominem
1709 5584 2027 5654 simpliciter

2128 4581 2287 4651 ἡμῶν
2334 4583 2647 4652 ἠφανίζετο.
2703 4582 2839 4635 Καθ’
2883 4586 3031 4652 ἡμᾶς
3082 4584 3191 4657 γάρ
3238 4586 3463 4653 γέγονεν
3508 4591 3537 4641 ό
3569 4590 3712 4661 {adp

2127 4671 2297 4739 ἡμᾶς,
2329 4671 2424 4723 καὶ
2448 4666 2515 4741 ἦν
2545 4674 2601 4724 ἐν
2640 4672 2856 4742 μέτροις
2889 4676 3002 4737 τοῖς
3031 4676 3322 4738 οἱκετικοῖς
3360 4679 3389 4729 ό
3420 4677 3709 4750 ἐλεύθερος

2132 4760 2311 4829 φύσει.
2345 4761 2613 4832 Tam—.0:
2647 4762 2931 4833 κεχώρηκε
2963 4766 3055 4817 καὶ
3086 4767 3167 4827 εἰς
3195 4768 3343 4834 ἡμᾶς
3380 4770 3439 4819 τὸ
3465 4769 3707 4838 ἀξίωμα.

2131 4853 2466 4922 Κεκλήμεθσ.
2488 4854 2593 4925 γὰρ
2626 4854 2718 4906 καὶ
2745 4856 2907 4925 ἡμεῖς
2942 4856 3047 4907 υἱοὶ
3082 4855 3239 4919 Θεοῦ,
3268 4858 3709 4930 ἐπεγράψαμεθὰ

2128 4961 2188 4997 τε
2217 4946 2434 5015 Πατέρα
2476 4946 2565 4998 τὸν
2608 4945 2790 5009 ἰδικῶς
2820 4946 3007 5002 αὑτοῦ.
3053 4947 3248 5015 Γέγονε
3274 4949 3383 5019 γὰρ
3411 4952 3508 5002 καὶ
3543 4952 3705 5004 αὐτοῦ

2128 5038 2197 5090 τὰ
2226 5038 2558 5108 ἀνθρώπινα.
2593 5038 2801 5093 Οὐκοῦν
2829 5042 2883 5092 ὲν
2927 5040 3005 5111 τῷ
3041 5040 3293 5106 λέγεσθαι
3322 5041 3515 5096 λαϐεῖν
3546 5046 3704 5097 ab?»

2127 5126 2225 5197 τὴν
2267 5127 2452 5181 δούλου
2506 5130 2738 5200 μορφὴν,
2783 5131 2901 5185 ὅλον
2946 5133 3063 5185 ἐστὶ
3103 5133 3205 5202 τῆς
3254 5136 3569 5204 οἰκονομίας
3610 5136 3704 5203 τῆς

2134 5218 2273 5288 μετὰ
2303 5219 2503 5289 σαρκὸς
2531 5222 2592 5273 τὸ
2626 5224 2943 5292 μυστήριον.
2981 5223 3043 5275 Εἰ
3071 5223 3127 5276 δὲ
3164 5224 3288 5277 Υἱὸν
3316 5225 3702 5295 ὁμολογοῦντες

2129 5310 2225 5363 ἕνα
2261 5312 2356 5364 καὶ
2385 5312 2610 5377 Κύριον,
2645 5314 2737 5366 τὸν
2770 5316 2833 5366 ἐκ
2873 5315 3008 5367 Θεοῦ
3046 5316 3254 5387 Πατρὸς
3280 5318 3477 5383 Λόγον,
3518 5334 3702 5369 κοινω-

2130 5402 2219 5455 νὸν
2251 5402 2399 5472 αὐτῷ
2428 5403 2527 5473 τῆς
2562 5405 2825 5474 υἱότητος,
2866 5407 2960 5459 καὶ
2990 5407 3172 5477 μέντοι
3197 5408 3293 5477 τῆς
3314 5408 3476 5477 δόξης
3502 5408 3701 5478 stag...

2133 5512 2233 5547 πον
2274 5494 2459 5559 ἁπλῶς
2510 5496 2778 5567 συνῆφθαί
2827 5515 2957 5566 φασι
3005 5499 3096 5551 τὸν
3139 5501 3203 5551 ἐκ
3254 5501 3571 5568 σπέρματος
3611 5499 3699 5550 τοῦ

2134 5584 2316 5651 Δαϐὶδ,
2354 5583 2470 5658 ὥρα
2500 5584 2678 5653 λέγειν
2707 5591 2851 5659 ἡμᾶς
2881 5591 2993 5653 τοῖς
3018 5583 3118 5643 ὦδε
3144 5592 3358 5659 φρονεῖν
3384 5590 3700 5660 ᾑρημένοκ,

524 5762 568 5791 ⁸⁸
599 5760 800 5819 Jerem.
832 5779 892 5829 ιι,
927 5762 983 5818 9.
1059 5766 1099 5796 ⁹¹
1128 5763 1356 5834 Philipp.
1391 5778 1448 5827 ιι,
1485 5764 1538 5820 7.
1615 5766 1658 5797 "
1697 5762 1882 5819 Matth.
1913 5780 2045 5830 χιιι,
2077 5764 2166 5820 25.
