3846 6210
212 366 346 423 {389

1334 364 1520 432 QUOD
1563 364 1750 420 L'NUS
1790 364 1896 417 SIT
1938 363 2301 419 CHRISTUS.

3315 368 3445 421 1290

210 481 546 552 φιλαλλήλως
575 482 1063 551 ἐπιστυγνάζοντας
1082 500 1096 513 ⁶
1122 504 1139 536 ι
1177 485 1271 547 Τίς
1294 484 1451 537 δώσει
1474 487 1538 553 τῇ
1571 482 1776 553 κεφαλῇ

1902 498 1948 536 ξι
1974 482 2181 538 semine
2216 482 2381 536 David
2408 484 2613 537 socium
2645 482 2921 538 tiliationis
2963 490 3123 552 atque
3168 482 3301 537 adeo
3334 484 3448 553 glo—

212 590 309 643 μου
344 573 506 642 ὕδωρ,
540 574 637 645 καὶ
666 577 778 637 τοῖς
813 574 1111 645 ὀφθαλμοῖς
1150 593 1250 645 μου
1287 576 1467 646 πηγὴν
1499 575 1774 645 δακρύων,

208 664 302 717 καὶ
335 664 636 733 κλαύσομαι
662 666 751 716 τὸν
783 665 910 718 λαόν
942 685 1041 737 μου
1075 668 1262 720 τοῦτον
1300 669 1508 737 ἡμέρας
1534 668 1627 720 καὶ
1652 685 1779 720 νυκ-

208 756 329 818 τός-ς
371 756 862 825 Παρεκομίσοησαν
913 759 1021 829 γάρ
1071 761 1149 821 εἰς
1189 759 1445 829 ἀδόκιμον
1494 760 1637 825 νοῦν,
1689 760 1780 812 τὸν

208 848 555 918 ἀγοράσαντα
601 851 795 911 αὐτοὺς
828 851 1102 919 Δεσπότην
1161 851 1501 920 ἀρνούμενοι.
1563 871 1580 902 ι
1636 852 1779 915 Δνάς

209 940 316 1007 γάρ
355 939 483 1007 ἡμῖν
510 938 641 989 υἱῶν
666 937 959 1008 ἀνισοφυὴς
988 939 1361 1005 ἀναφαίνεται,
1390 942 1482 992 καὶ
1511 941 1635 1011 δόξῃ
1667 942 1783 995 Oeo-

208 1032 411 1097 πρεπεῖ
479 1029 836 1097 στεφανοῦται
918 1029 978 1081 τὸ
1045 1030 1263 1093 δοῦλον,
1322 1032 1414 1084 καὶ
1476 1033 1782 1101 ἰσομέτροις

208 1120 499 1189 ὑπεροχαῖς
546 1120 986 1190 ἐκλαμπρύνεται
1041 1121 1190 1183 νόθος
1242 1139 1322 1185 τις
1372 1123 1485 1186 υἱὸς
1538 1122 1614 1192 τῷ
1646 1122 1783 1175 κατὰ

209 1210 369 1279 φύσιν
407 1212 499 1263 καὶ
542 1212 778 1279 άληθῶς,
826 1212 1003 1264 καίτοι
1045 1212 1179 1264 Θεοῦ
1218 1213 1465 1281 λέγοντος
1502 1214 1780 1282 ἐναργῶς·

212 1319 232 1351 ‹
260 1302 369 1372 Τὴν
400 1302 556 1367 δόξαν
582 1320 682 1372 μου
712 1303 882 1374 ὲτέρῳ
914 1305 974 1356 οὐ
1005 1303 1179 1357 δώσω.
1212 1325 1230 1356 ι
1266 1306 1388 1367 Πῶς
1413 1306 1522 1375 γάρ
1546 1307 1643 1374 οὐχ
1665 1306 1784 1359 ἓτε-

211 1411 301 1464 ρος
349 1394 528 1458 ίδικῶς
560 1398 709 1467 παρὰ
740 1397 831 1448 τὸν
875 1396 1031 1463 φύσει
1072 1414 1131 1449 τε
1174 1398 1267 1449 καὶ
1314 1398 1528 1467 ἀληθῶς
1580 1398 1724 1461 Υέὸν,
1754 1399 1783 1450 ὁ

205 1486 333 1555 ψιλῇ
382 1504 438 1539 τε
496 1490 587 1540 καὶ
651 1488 785 1558 μόνη
836 1490 1099 1559 συναιξείᾳ
1150 1492 1530 1560 τετιμημένος,
1583 1494 1677 1542 καὶ
1726 1493 1783 1542 ἐν

208 1580 479 1649 ὑπηρέτου
505 1581 654 1644 τάξει
685 1580 930 1649 ληφθεὶς,
959 1584 1050 1635 καὶ
1073 1582 1321 1647 ἀξιωθεὶς
1353 1584 1617 1652 υἱότητος,
1641 1582 1784 1636 καθά

205 1670 297 1722 καὶ
326 1674 484 1738 ἡμεῖς
512 1672 687 1731 αὐτοὶ,
712 1674 805 1724 καὶ
832 1674 929 1741 τῆς
957 1675 1087 1743 παρ’
1108 1674 1295 1744 ἑτέρον
1326 1674 1483 1742 δόξης
1518 1692 1782 1745 μετεσχηο

207 1759 337 1823 κὼς,
372 1762 514 1813 δόσει
561 1780 619 1814 τε
671 1765 763 1815 καὶ
817 1766 998 1835 χάριτι
1050 1767 1185 1836 πρὸς
1216 1767 1373 1820 τοῦτο
1423 1768 1674 1837 ίγμένος;
1706 1770 1779 1821 OB

1884 577 1961 629 r-ia
1994 576 2040 629 ei
2071 574 2422 641 coniunctum
2452 591 2571 630 esse
2596 577 2813 639 dicunt,
2871 587 3231 644 opportunum
3289 574 3448 630 fuerit

1882 677 1940 719 ut
1975 682 2069 721 nos
2096 682 2282 720 eorum
2306 669 2393 735 qui
2433 667 2503 720 ita
2546 668 2785 721 sentiunt
2810 668 3003 730 vicem,
3041 685 3136 736 pro
3184 682 3244 723 ea
3299 684 3449 722 com-

1887 758 2241 813 miseratione
2272 774 2434 828 quam
2465 759 2619 811 alteri
2651 760 2837 813 alteris
2867 761 3145 824 debemus,
3185 760 3449 821 dolentes,

1882 852 2283 904 exclamemus:
2333 870 2349 900 ι
2383 853 2514 916 Quis
2557 852 2703 904 dabit
2758 852 2919 920 capiti
2972 868 3090 903 meo
3146 867 3361 920 aquam,
3399 861 3453 903 et

1882 946 2053 997 oculis
2083 946 2216 998 meis
2464 944 2662 999 fontem
2706 945 3089 1015 laerymarum,
3146 957 3201 998 et
3248 944 3452 998 deﬂebo

1883 1038 2135 1106 populum
2170 1053 2344 1089 meum
2379 1040 2518 1090 hunc
2554 1039 2665 1091 dies
2692 1049 2743 1090 ct
2774 1039 3006 1091 tim-tes?
3049 1038 3273 1090 Adducti
3308 1039 3449 1089 enim

1886 1138 2010 1183 Sunt
2042 1130 2092 1180 in
2125 1139 2359 1181 utentem
2388 1129 2700 1196 reprnbam,
2740 1129 3024 1181 Dominum
3068 1129 3159 1197 qui
3192 1129 3333 1197 ipsns
3368 1143 3454 1181 re-

1887 1218 2052 1271 demit
2085 1229 2342 1287 negantes
2371 1220 2439 1270 ’3.
2480 1239 2498 1269 ι
2543 1219 2859 1273 Dualitatem
2917 1220 3061 1272 enim
3104 1221 3332 1271 liliurnm
3364 1219 3449 1271 in-

1884 1310 2106 1376 :eqnalis
2126 1320 2330 1361 natura:
2347 1311 2701 1371 constituunt,
2719 1321 2769 1362 et
2790 1311 3020 1361 divinam
3045 1311 3267 1377 gloriam
3286 1309 3453 1362 ascri-

1886 1404 2019 1455 bunt
2054 1418 2230 1465 servo,
2269 1402 2575 1471 a-qualique
2630 1402 2851 1455 ltonuris
2894 1402 3212 1455 excellentia
3259 1411 3457 1454 ornant

1888 1494 2129 1562 Spurium
2182 1496 2491 1561 queunlatn,
2541 1510 2643 1562 qua
2678 1494 2973 1546 naturali-nt
3028 1509 3091 1546 ac
3132 1508 3317 1545 verum
3367 1492 3456 1546 Fi—

1886 1587 2038 1651 liutn,
2072 1602 2194 1640 cum
2216 1588 2411 1654 alioqui
2452 1586 2590 1639 Deus
2619 1584 2907 1639 manifeSIe
2937 1585 3084 1638 dicat
3115 1604 3128 1639 :
3173 1604 3190 1636 ι
3218 1584 3451 1639 Gloriam

1886 1690 2059 1728 meam
2091 1674 2245 1728 alteri
2283 1692 2384 1727 non
2411 1676 2548 1727 dabo
2577 1674 2644 1727 9⁸.
2703 1694 2720 1725 ι
2762 1676 3042 1740 Quomodo
3077 1677 3218 1730 enim
3250 1692 3352 1727 non
3389 1674 3459 1726 sit

1886 1766 2131 1819 diversus
2165 1766 2455 1833 separatim
2494 1782 2520 1815 a
2559 1766 2787 1817 naturali
2848 1782 2911 1819 ac
2969 1783 3095 1819 vero
3127 1766 3263 1821 FlllO
3291 1805 3306 1829 ,
3366 1766 3457 1835 qui

203 1850 499 1919 διαιρετέον
531 1847 622 1904 οὖν
670 1855 747 1915 εἰς
777 1853 1060 1925 ἄνθρωπον
1088 1855 1270 1919 ίδικῶς
1312 1858 1407 1910 καὶ
1445 1857 1576 1910 Θεὸν
1612 1857 1784 1923 Λόγον

1910 1839 2041 1910 enni
2061 1874 2123 1909 ac
2154 1857 2265 1910 sola
2298 1855 2981 1925 conjunctionedecoratus
3012 1866 3117 1921 est,
3144 1868 3196 1910 et
3225 1856 3459 1911 ministri

205 1940 295 1992 τὸν
336 1940 707 2012 Ἐμμανουήλ,

1891 1948 2007 2002 loco
2056 1957 2385 2017 assumptus,
2421 1951 2642 2018 quique,
2674 1950 2745 2002 ita
2790 1960 2846 2002 ut
2876 1966 2973 2004 nos
3016 1950 3145 2018 ipsi,
3174 1950 3460 2017 adoptatus

206 2046 307 2101 ost,
341 2050 392 2092 et
423 2040 491 2090 ab
526 2038 630 2092 alio
681 2037 862 2105 gloria!
907 2040 1180 2108 particeps
1219 2039 1416 2104 factus.
1462 2051 1516 2095 et
1559 2044 1700 2096 dono
1750 2051 1805 2094 et
1839 2041 2012 2109 gratia
2050 2042 2100 2096 id
2160 2052 2482 2096 consecutus
2507 2053 2589 2096 est
2613 2040 2774 2110 {Non
2809 2051 2893 2097 est
2922 2044 3104 2112 itaque
3135 2027 3460 2099 dividendus

208 2128 523 2183 Emmanuel
572 2129 624 2181 in
673 2130 943 2184 hominem
970 2132 1223 2196 seorsim,
1264 2142 1317 2185 et
1344 2132 1394 2185 in
1426 2132 1591 2187 Deum
1631 2132 1890 2187 Verbum-

276 2227 337 2281 B.
374 2226 615 2280 ’Ἢκιστά
646 2244 731 2295 γε.

275 2323 338 2371 Λ.
370 2315 581 2387 Χρῆναι
619 2319 677 2370 δέ
722 2336 883 2389 φημι,
928 2319 1063 2373 Θεὸν
1086 2320 1574 2392 ,ἔνηνθρωπηκότα
1602 2321 1782 2392 λέγειν

204 2411 385 2471 αὐτὸν,
422 2406 560 2463 εἶναί
591 2429 649 2464 τε
680 2411 822 2464 κατὰ
841 2412 1056 2473 ταυτὸν,
1088 2412 1245 2465 τοῦτό
1275 2430 1331 2466 τε
1374 2416 1613 2469 κάκεῖνο.
1644 2416 1780 2469 Οὔτε

206 2503 313 2575 γὰρ
352 2504 757 2574 ἁποπεφοίτηκε
787 2503 879 2556 τοῦ
923 2502 1060 2557 εἶναι
1090 2504 1223 2567 Θεὸς
1244 2507 1535 2575 γενόμενος
1576 2507 1783 2578 ἄνθρω-

206 2613 327 2659 πος,
358 2595 479 2649 οὔτε
513 2597 617 2665 μὴν
659 2596 1034 2665 ἀπαράδεκτον
1065 2595 1177 2665 ἔχει
1224 2597 1321 2667 τὴν
1360 2599 1690 2669 οἰκονομίαν,
1723 2600 1783 2653 τὸ

204 2691 303 2759 τῆς
325 2686 606 2749 κενώσεως
636 2685 908 2754 ἀτιμάσας
935 2686 1151 2756 μέτρον.
1356 2692 1376 2719 δ

274 2782 335 2834 Β.
360 2777 468 2833 Ἦν
512 2774 604 2831 οὖν
658 2778 787 2848 ἄρα,
846 2777 1028 2844 φασὶν,
1065 2778 1348 2845 ὁμοούσιον
1386 2779 1464 2850 τῷ
1516 2781 1675 2852 Λόγῳ
1720 2782 1782 2834 τὸ
1838 2829 1853 2845 ,

208 2873 368 2942 σῶμα
394 2870 581 2932 αὐτοῦ,
610 2869 826 2938 νοηθείη
850 2869 956 2939 γάρ
988 2868 1053 2921 ἂν
1077 2862 1179 2921 ὧδε
1206 2869 1299 2922 καὶ
1326 2870 1423 2939 οὐχ
1452 2871 1675 2937 ἑτέρως,
1703 2865 1784 2934 εἷς

208 2967 300 3020 καὶ
330 2965 486 3035 μόνος
518 2962 665 3025 Υἱός.

274 3058 339 3110 Α.
370 3055 559 3109 Καίτοι
587 3054 703 3116 πῶς
731 3054 792 3106 οὐ
813 3052 975 3123 λῆρος
1004 3054 1105 3124 ἤδη
1131 3052 1323 3117 ταῦτα,
1356 3053 1451 3108 καὶ
1481 3052 1573 3107 νοῦ
1603 3069 1783 3124 παρα-

1964 2225 2025 2281 Β.
2068 2224 2439 2294 Nequaquam.

1970 2320 2033 2370 A.
2078 2316 2389 2371 Consum-im
2423 2330 2583 2379 vero,
2622 2315 2900 2369 dicendum
2936 2331 3057 2371 esse
3087 2315 3253 2372 Deum
3291 2317 3464 2371 bomi-

1892 2423 2013 2461 nem
2063 2408 2332 2470 indutum,
2372 2422 2600 2475 esseque
2652 2409 2896 2461 euuulem
2944 2408 3139 2476 ipsum,
3187 2420 3235 2461 et
3274 2410 3373 2463 hoc
3409 2421 3463 2463 et

1890 2498 2039 2552 illud.
2089 2497 2273 2565 Neque
2319 2500 2463 2551 enim
2505 2499 2680 2553 factus
2718 2501 2877 2551 homo
2931 2500 3086 2554 desiit
3134 2517 3253 2555 esse
3300 2501 3462 2566 Deus,

1891 2605 2065 2659 neque
2097 2605 2284 2642 rursus
2317 2590 2839 2643 administrationem
2891 2590 2939 2643 in
2989 2606 3154 2645 carne
3197 2593 3464 2647 detrecta-

1891 2681 1987 2741 vit,
2015 2680 2399 2734 eximmitionis
2429 2680 2790 2734 conditionem
2825 2682 3145 2748 despiciens.

1965 2766 2027 2820 Β.
2070 2768 2199 2821 Erat
2249 2768 2449 2837 itaque,
2494 2770 2678 2834 aiunt,
2715 2771 3175 2826 consubstantiale
3211 2773 3463 2830 Trinitati

1892 2859 2059 2928 ipsius
2090 2875 2307 2929 corpus.
2347 2862 2419 2913 Ita
2452 2862 2619 2920 enim,
2657 2877 2831 2931 neque
2857 2863 2959 2917 alia
2997 2865 3203 2919 ratione
3240 2867 3461 2937 intelligi

1889 2963 2053 3022 queat
2077 2968 2215 3007 unus
2245 2968 2309 3007 ac
2354 2953 2502 3007 solus
2530 2952 2720 3009 FlllllS.

1959 3045 2024 3098 A.
2064 3045 2223 3113 Atqui
2275 3047 2544 3113 quomodo
2580 3062 2681 3098 nun
2733 3046 2783 3099 id
2825 3061 2971 3100 mera
3017 3049 3087 3102 sit
3131 3049 3356 3118 insania,
3407 3065 3464 3107 et

206 3147 461 3208 παίοντος
482 3145 753 3211 ἀπόδειξις
778 3146 1015 3215 ἐναργής
1035 3164 1049 3209 ;
1077 3145 1201 3209 Πῶς
1224 3146 1330 3215 γὰρ
1351 3148 1408 3198 ὲν
1432 3144 1784 3211 οὐσίας’ταυ-

1902 3148 2079 3191 amotae
2105 3137 2300 3190 tuentis
2330 3136 2692 3191 certissimum
2717 3142 3136 3208 argumentum?
3164 3141 3279 3209 Quo
3308 3155 3462 3213 pacto

208 3238 389 3305 τότητι
416 3234 621 3289 κατίδοι
646 3252 728 3296 τις
758 3233 824 3286 ἂν
848 3233 917 3286 τὰ
942 3236 1040 3303 τῆς
1075 3234 1290 3303 φύσεως
1323 3235 1501 3302 λόγοις
1532 3233 1786 3288 τοσοῦτον

209 3328 454 3398 ἀλλήλων
507 3326 871 3395 διῳκισμένας
913 3325 1139 3395 Ἕτερον
1185 3326 1293 3396 γάρ
1329 3342 1383 3379 τι
1440 3326 1651 3397 Θεότης,
1693 3327 1788 3379 καὶ⁸

207 3423 391 3492 ἕτερον
421 3419 802 3490 ἀνθρωπύτηςο
856 3418 979 3471 ἐπεὶ
1024 3419 1184 3471 τίνων
1216 3420 1293 3487 (a)
1331 3421 1510 3488 φαμὲν
1536 3420 1787 3487 γενέσθαι

207 3514 307 3585 τὴν
336 3513 551 3567 ἕνωσιν.
575 3510 649 3562 Οὐ
675 3510 781 3579 γὰρ
802 3508 859 3560 ἓν
880 3508 957 3578 τῷ
974 3509 1192 3580 ἀριθμῴ
1210 3509 1342 3578 φαίη
1369 3528 1451 3572 τις
1471 3512 1536 3563 ἂν
1562 3506 1698 3563 εἶναι
1721 3509 1787 3563 τὰ

208 3605 493 3675 ὲνούμενα,
520 3603 658 3657 ἀλλὰ
687 3601 780 3654 δύο
808 3600 993 3669 τυχὸν,
1034 3602 1127 3653 καὶ
1159 3600 1351 3652 τούτου
1379 3600 1540 3669 πέρα.

280 3785 338 3838 Β.
372 3781 679 3852 Διαιρετέον
708 3777 803 3833 οὖν
830 3779 936 3850 ἄρα
974 3779 1107 3847 φασὶ
1134 3777 1202 3831 τά
1228 3777 1616 3848 ὠνομασμένα.

277 3876 341 3929 Δ.
378 3876 452 3928 Οὐ
483 3873 799 3944 διαιρετέον,
833 3871 909 3934 ὼς
946 3870 1103 3939 ἔφην,
1136 3872 1216 3933 εἰς
1258 3870 1429 3941 ίδικὴν
1469 3869 1786 3940 ἑτερότητα,

211 3966 308 4034 τὴν
349 3963 491 4019 κατά
525 3980 588 4031 γε
640 3962 701 4015 τὸ
742 3962 835 4015 ἀπ’
879 3959 1124 4030 ἀλλήλων
1167 3956 1304 4012 εἶναι
1337 3960 1432 4011 καὶ
1492 3960 1786 4029 ἁναμέρος.

210 4056 609 4128 Συγκομιστέον
639 4056 693 4108 δὲ
731 4054 930 4125 μᾶλλον
959 4055 1037 4117 είς
1062 4053 1255 4105 ἕνωσιν
1298 4052 1651 4121 ἁδιάτμητον.
1689 4050 1791 4104 Γέ-

210 4167 335 4219 γονε
379 4148 487 4219 γὰρ
526 4147 662 4217 σὰρξ
695 4148 724 4199 ὁ
751 4146 941 4214 Λόγος,
984 4145 1128 4199 κατὰ
1162 4144 1257 4215 τὴν
1298 4143 1546 4197 Ἰωάννου
1582 4145 1787 4213 φωνήν.

278 4324 341 4381 Β.
376 4326 497 4398 Ἆρ’
528 4322 621 4381 οὖν
648 4324 1029 4396 συγκέχυνται,
1062 4326 1155 4379 καὶ
1179 4326 1276 4396 μία
1304 4326 1592 4394 γεγόνασιν
1623 4326 1791 4397 ἄμφω

214 4436 401 4488 φυσις.

1889 3228 2032 3281 enim
2080 3229 2131 3281 in
2163 3243 2266 3280 una
2302 3238 2462 3297 atque
2498 3229 2685 3282 eadem
2732 3231 2965 3284 essentia
3000 3234 3294 3289 consistere
3340 3252 3466 3304 pos-

1890 3315 2021 3377 sint,
2054 3332 2172 3383 qua:
2204 3317 2409 3370 ratione
2448 3327 2652 3371 natura:
2684 3325 2966 3387 tantopere
3016 3322 3155 3375 inter
3195 3338 3253 3377 se
3302 3325 3461 3379 (litie-

1890 3408 2051 3459 runt?
2078 3408 2235 3460 Aliud
2266 3408 2405 3460 enim
2441 3416 2523 3463 est
2577 3410 2736 3475 Deus,
2780 3411 2920 3465 aliud
2952 3416 3148 3478 homo;
3193 3416 3461 3483 siquidem

1889 3514 2073 3551 eorum
2109 3498 2339 3552 dicimus
2366 3498 2559 3553 factam
2600 3516 2719 3555 esse
2764 3503 3043 3557 unitatem.
3092 3504 3275 3575 Neque
3316 3512 3459 3562 enim

1888 3590 2155 3659 qltiSpialtl
2212 3594 2482 3645 censuerit
2534 3607 2697 3646 unum
2752 3609 2979 3649 numero
3031 3594 3171 3651 facta
3224 3613 3345 3655 esse
3395 3616 3459 3654 ea

1889 3696 2009 3750 qua:
2041 3683 2183 3734 unita
2217 3692 2363 3746 sunt,
2401 3684 2493 3736 sed
2528 3685 2653 3747 duo,
2690 3695 2781 3738 aut
2811 3684 2893 3739 his
2933 3686 3105 3755 plura.

1965 3774 2022 3826 Β.
2058 3773 2381 3828 Βῖνῖάυιιάςιδ
2410 3775 2570 3844 igitur
2594 3790 2716 3831 esse
2749 3777 2897 3829 aiunt
2930 3779 3027 3832 has
3054 3780 3461 3849 appellationes.

1960 3865 2027 3920 Α.
2070 3864 2181 3919 Non
2217 3878 2341 3920 Sltltl
2370 3868 2683 3934 dividendae,
2730 3877 2786 3922 ιιι
2824 3870 2960 3935 dixi,
3000 3872 3051 3925 in
3095 3874 3357 3941 privatam
3400 3892 3464 3929 ac

1892 3957 2213 4025 peculiarem
2243 3956 2635 4023 diversitatem,
2677 3973 2795 4026 qua:
2827 3959 3019 4013 ellieiat
3051 3971 3109 4015 ut
3142 3962 3397 4031 Sejunetaa
3433 3982 3462 4019 ιι

1890 4063 1948 4103 se
1980 4058 2167 4102 tnutuo
2200 4058 2256 4101 et
2287 4049 2511 4102 scorsim
2541 4050 2836 4103 subsistant
2876 4068 2889 4102 :
2924 4053 3017 4104 sed
3064 4054 3239 4119 potius
3279 4057 3464 4111 confc-

1894 4141 2072 4195 rendae
2123 4150 2249 4195 sunt
2306 4142 2357 4194 iu
2417 4143 2674 4195 unitatem
2734 4142 3180 4199 indissolubilem.
3228 4146 3459 4202 Verbum

1892 4234 2037 4286 enim
2072 4248 2200 4286 caro
2236 4234 2433 4285 factum
2465 4244 2581 4295 est,
2612 4244 2667 4287 nt
2696 4232 2929 4289 Joannes
2966 4246 3208 4293 testatur.

1966 4322 2023 4376 Β.
2066 4322 2312 4375 Confusa:
2353 4323 2534 4392 itaque
2558 4334 2687 4377 sunt
2731 4334 2967 4391 naturas,
3001 4344 3213 4399 unaque
3250 4344 3281 4385 e
3325 4330 3459 4386 dua-

1896 4416 1994 4467 bus
2032 4412 2243 4469 καίει-1³.
2799 4418 2805 4423 ’

284 4511 348 4563 Α.
388 4504 519 4561 Εἶτα
554 4506 638 4568 τίς
665 4503 834 4567 οὕτως
862 4503 1225 4574 ὲμϐρόντητός
1253 4521 1312 4557 τε
1342 4506 1437 4557 καὶ
1462 4506 1679 4577 ἀμαθὴς
1700 4509 1785 4579 εῑη

1966 4509 2031 4563 Α.
2072 4510 2138 4562 Αἱ
2165 4508 2287 4578 quis
2333 4508 2405 4561 ita
2449 4507 2649 4563 delirus
2688 4516 2781 4562 aut
2825 4511 3107 4579 imperitus
3149 4514 3252 4578 sit,
3283 4526 3468 4572 utaut

219 4601 283 4653 ἂν
305 4600 436 4669 ὠςῆ
475 4600 573 4670 τὴν
612 4597 761 4651 Θείαν
794 4595 1001 4649 οἴεσθαι
1030 4595 1121 4648 τοῦ
1156 4597 1330 4664 Λόγον
1361 4598 1661 4668 τετράφθαι
1686 4600 1790 4667 φύ-

218 4706 303 4742 σιν
324 4691 401 4753 είς
427 4672 563 4759 ὃτίερ
588 4687 688 4739 οὐκ
718 4683 808 4756 ἦν,
835 4684 868 4755 ἢ
891 4686 1273 4755 μεταχωρῆοαι
1299 4685 1397 4756 τὴν
1419 4687 1620 4758 σάρκα,
1651 4689 1793 4742 κατά

217 4798 281 4851 γε
324 4781 414 4835 τὸν
446 4782 543 4852 τῆς
588 4779 924 4839 ἀλλοιώσεως
966 4777 1188 4846 τρῦπον,
1217 4778 1296 4841 εἰς
1341 4778 1441 4847 τὴν
1478 4779 1644 4832 αὐτοῦ
1693 4781 1789 4834 τοῦ

218 4874 435 4942 Λόγους
486 4874 790 4942 ’Λμήχανον
830 4870 967 4937 γάρ’
1008 4868 1109 4922 ἕνα
1136 4884 1199 4936 γε
1230 4867 1337 4938 μὴν
1364 4868 1512 4931 Υίὸν,
1538 4872 1631 4925 καὶ
1658 4873 1789 4943 μίαν

218 4963 386 5017 αὑτοῦ
423 4961 583 5032 φύσιν
626 4957 764 5014 εἷναί
803 4976 1004 5029 φαμεν,
1034 4960 1138 5012 κάν
1171 4960 1221 5012 εί
1253 4961 1312 5011 ἐν
1362 4959 1661 5030 προσλήψει
1695 4979 1788 5030 γε-

219 5053 408 5109 νέσθαι
460 5052 680 5124 σαρκὸς,
723 5050 901 5122 ψυχὴν
950 5049 1179 5119 ἐχούσης
1216 5047 1313 5119 τὴν
1354 5050 1563 5120 νοεράν.
1615 5051 1790 5106 Αὐτοῦ

221 5145 352 5216 γὰρ,
372 5144 448 5207 ὡς
474 5142 631 5212 ἔφην,
660 5141 849 5209 γέγονε
881 5138 945 5193 τὸ
964 5137 1324 5211 ἀνθρώπινον,
1354 5141 1553 5193 νοεῖται
1573 5140 1628 5194 δι
1657 5142 1794 5212 πρὸς

221 5235 401 5306 ἡμῶν,
434 5234 533 5305 οὐχ
575 5233 796 5302 ἑτέρως,
832 5230 970 5301 πλὴν
1011 5230 1094 5283 ὅτι
1126 5228 1268 5283 κατὰ
1302 5228 1488 5283 τοῦτον
1521 5231 1682 5286 αὐτὸν
1703 5233 1795 5287 τὸν

221 5326 444 5395 τρόπον,
471 5323 602 5385 Θεὸς
633 5320 767 5393 ὁμοῦ
799 5337 857 5373 τε
888 5320 983 5372 καὶ
1015 5318 1320 5389 ἄνθρωπος.

297 5416 355 5470 Β.
395 5414 517 5485 'Ap’
544 5410 658 5477 οὖν,
696 5412 759 5465 οὐ
788 5410 881 5465 δύο
918 5409 1111 5478 φύσεις
1143 5406 1252 5463 εἷεν
1286 5410 1373 5475 ἂν,
1406 5411 1541 5467 Θεοῦ
1574 5416 1669 5469 καὶ
1700 5416 1795 5469 ἀν.

224 5508 443 5578 θρώπον
464 5545 478 5559 .

293 5646 341 5680 ’⁸
361 5645 559 5701 Jercm.
593 5658 667 5705 Ix,
696 5643 749 5711 l,
776 5641 831 5697 3.
906 5640 954 5674 ”
984 5640 1086 5695 Isa.
1118 5656 1251 5708 xw,
1277 5641 1334 5698 8.

298 5762 373 5831 (l)
404 5760 543 5827 Lege
570 5758 793 5810 τούτων.
836 5756 933 5811 En.

501 5852 769 5910 PA'l'ltUL.
813 5850 930 5910 Gn.
974 5850 1199 5909 LXXV.

1896 4602 2132 4655 divinant
2187 4610 2433 4655 naturam
2487 4608 2748 4654 mutatam
2795 4617 2914 4656 esse
2969 4605 3020 4657 in
3067 4606 3116 4658 id
3164 4609 3306 4677 quod
3357 4626 3463 4665 nou

1894 4704 2013 4749 erat
2042 4694 2335 4757 existimet,
2383 4701 2478 4747 aut
2534 4707 2752 4748 carnem
2792 4695 2999 4750 ratione
3043 4702 3357 4758 mutationis
3412 4703 3464 4755 in

1896 4796 2140 4840 naturam
2178 4784 2338 4839 Verbl
2384 4784 2700 4839 translatam
2747 4785 2961 4842 fuisse?
3002 4788 3185 4860 Neque
3231 4796 3375 4849 enim
3413 4796 3463 4849 id

1898 4878 2008 4931 ullo
2049 4877 2207 4932 modo
2260 4878 2373 4931 ﬁeri
2437 4886 2632 4944 potest.
2688 4876 2860 4931 Unum
2919 4895 3080 4948 porro
3129 4882 3346 4953 Filium,
3410 4900 3466 4942 et

1899 4985 2059 5023 unam
2098 4970 2265 5038 ipsius
2293 4979 2539 5022 naturam
2564 4984 2683 5025 esse
2705 4970 2955 5036 dicimus,
2993 4978 3201 5031 tametsi
3242 4995 3463 5035 carnem

1900 5061 2079 5115 anima
2130 5060 2461 5130 intelligente
2512 5062 2787 5129 prmditam
2853 5069 3229 5134 assumpserit.
3294 5070 3467 5139 Ipsius

1898 5152 2069 5215 enim,
2104 5160 2162 5203 ut
2219 5151 2349 5213 dixi,
2400 5150 2537 5206 facta
2582 5163 2667 5207 est
2718 5153 3043 5209 humanitas.
3290 5163 3467 5229 Atque

1898 5242 2002 5297 hoc
2029 5242 2244 5311 quidem
2283 5252 2463 5311 pacto,
2500 5258 2672 5315 neque
2701 5244 2810 5299 alio
2838 5246 2948 5301 ullo
2976 5261 3227 5305 censetur
3248 5266 3277 5306 a
3310 5256 3467 5308 nobis

1903 5334 2043 5387 Deus
2066 5332 2223 5386 simul
2251 5340 2305 5386 et
2337 5332 2515 5391 homo.

1972 5423 2034 5479 Β.
2071 5422 2184 5481 Non
2218 5434 2377 5481 erunt
2401 5426 2585 5495 itaque
2614 5425 2733 5483 dua:
2760 5436 2990 5491 naturae,
3014 5426 3109 5484 Dei
3136 5440 3191 5485 et
3209 5422 3478 5487 hominis.

3100 5851 3166 5915 41
