3846 6210
376 256 517 353 Γιοοι

1368 288 1425 343 S.
1468 285 1740 343 CYRILIJ
1780 282 2243 337 ALEXANDRINI
2286 284 2606 340 ARCIHEP.

3494 278 3644 334 129?.

453 415 516 465 Α.
549 408 713 464 "Aliud
743 409 954 478 quidem
985 416 1065 462 est
1092 406 1286 465 Deitas,
1322 405 1464 459 aliud
1505 403 1833 465 humanitas,
1862 417 1948 454 ra-

2124 404 2188 455 Α.
2234 403 2458 474 Ἕτερον
2495 401 2594 473 μέν
2627 420 2678 455 τι
2719 402 2813 478 καὶ
2853 402 3038 471 ἕτερον
3064 398 3267 468 Θεότης
3295 397 3390 450 καὶ
3417 396 3649 467 ἀνθρω-

372 506 532 559 'tione
558 503 681 571 ‘ejus
713 503 855 572 quod
890 500 1084 570 cuique
1116 500 1253 553 inest
1284 515 1298 551 :
1340 508 1595 551 cancrum
1638 498 1751 549 haec
1776 493 1947 547 inusi-

386 607 496 653 tato
535 596 765 665 quodam
801 594 959 648 modo
1006 603 1168 662 alque
1205 591 1536 645 intellectum
1570 597 1812 643 nostrum
1862 601 1951 640 su-

382 698 608 757 perante
631 687 687 741 in
725 685 985 739 unitatem
1015 690 1429 744 concurrerunt,
1460 682 1596 734 citra
1633 678 1796 732 ullam
1827 691 1953 731 con-

385 779 646 835 fusionem
678 792 740 832 ac
765 777 1141 832 mutationem.
1179 773 1414 829 Unitatis
1460 786 1589 827 vero
1634 770 1769 825 ratio
1808 768 1954 823 nullo

384 880 541 940 pacto
573 869 792 938 intelligi
821 877 1021 937 potest.

455 961 514 1015 Β.
555 960 626 1014 At
656 959 924 1028 quomodo
949 973 1013 1012 ex
1039 955 1267 1018 duobus,
1299 954 1582 1009 divinitate
1613 952 1866 1006 nimirum
1898 957 1955 1004 et

384 1052 740 1114 immanitate,
772 1064 912 1104 unus
934 1057 1223 1104 censeatur
1252 1044 1539 1101 Christus?

453 1146 520 1197 Α.
562 1142 677 1197 Non
707 1142 813 1196 alio
843 1139 1002 1196 modo
1023 1139 1327 1195 censuerim
1349 1180 1364 1204 ,
1393 1151 1554 1206 quam
1582 1150 1688 1205 quo
1721 1135 1837 1189 dum
1872 1147 1957 1186 res

386 1235 528 1290 inter
550 1248 609 1289 se
634 1242 831 1288 coeunt
854 1232 1051 1287 unione
1075 1226 1419 1300 inseparabili
1446 1237 1604 1298 atque
1628 1227 1955 1282 intellectum

384 1334 694 1396 superante,
724 1334 783 1379 ut
809 1324 939 1379 dixi.

457 1416 519 1471 Β.
554 1416 797 1485 Exempli
827 1416 1042 1485 gratia?

453 1510 522 1564 A.
563 1508 754 1563 Nonne
796 1523 958 1561 unum
1013 1507 1246 1563 dicimus
1285 1506 1557 1561 hominem
1590 1504 1758 1559 nostri
1806 1503 1955 1558 simi—

388 1602 514 1663 lem,
542 1609 703 1670 atque
727 1615 888 1655 unam
922 1599 1089 1668 ipsius
1119 1607 1392 1661 naturam,
1430 1595 1645 1651 tametsi
1679 1594 1962 1650 uniformis

386 1699 443 1745 ct
470 1688 699 1757 simplex
736 1703 841 1744 non
875 1689 974 1753 sit,
1016 1687 1110 1743 sed
1140 1687 1322 1756 potius
1345 1701 1412 1741 ex
1443 1685 1654 1740 duobus
1680 1684 1961 1755 "composi-

388 1794 495 1849 lus,
521 1783 723 1845 anima,
759 1781 999 1851 inquam,
1033 1789 1088 1835 et
1116 1778 1387 1853 corpore?

459 1874 520 1928 Β.
562 1872 822 1928 Dicimus.

460 1968 525 2021 A.
564 1967 632 2019 At
652 1965 697 2020 si
727 1966 850 2035 quis
882 1964 1108 2021 seorsim
1132 1973 1380 2020 statuens
1410 1976 1627 2018 carnem
1655 2002 1677 2043 ,ἠ
1702 1976 1960 2032 separans

392 2072 520 2111 vero
550 2057 617 2111 ah
652 2072 715 2112 ea
748 2057 980 2111 animam
1009 2072 1128 2125 quae
1163 2056 1259 2125 ipsi
1289 2056 1436 2110 unita
1470 2063 1574 2118 est,
1607 2055 1659 2108 in
1694 2055 1833 2110 duos
1862 2057 1959 2108 ho-

391 2148 563 2201 mines
588 2162 709 2201 eum
741 2148 830 2217 qui
868 2163 1007 2203 unus
1045 2157 1127 2202 est
1151 2147 1417 2217 partiatur
1441 2187 1456 2213 ,
1491 2161 1671 2201 nonne
1704 2148 1960 2201 humani-

392 2241 522 2294 tatis
552 2241 816 2294 ratiouem
846 2241 1160 2294 subvertet?

461 2328 523 2382 Β.
564 2330 1177 2400 Alquisapientissimus
1197 2328 1396 2383 Paulus
1430 2329 1646 2399 inquit:
1679 2346 1697 2379 ι
1730 2328 1786 2381 Si
1819 2326 1961 2382 enim

390 2423 552 2479 etiam
582 2431 837 2477 externus
870 2422 1034 2476 homo
1060 2429 1244 2476 noster
1278 2422 1664 2489 corrumpitur,
1702 2421 1794 2475 sed
1825 2422 1963 2473 inte-

390 2516 505 2569 rior
531 2524 825 2569 renovatur
847 2515 914 2567 de
942 2513 1030 2567 die
1054 2514 1107 2566 in
1141 2514 1280 2568 diem
1309 2513 1375 2567 ".
1407 2532 1425 2563 ι

460 2608 526 2660 Δ.
568 2604 734 2659 Recte
775 2603 876 2659 ais.
919 2602 1087 2658 Norat
1132 2605 1299 2670 enim,
1348 2615 1506 2659 norat
1548 2616 1733 2675 aperte
1779 2621 1839 2659 ea
1896 2620 1961 2659 ex

393 2698 588 2769 quibus
613 2712 750 2752 unus
783 2704 1015 2761 constat,
1065 2705 1120 2751 et
1157 2696 1518 2751 differentiam
1566 2699 1679 2752 sola
1723 2710 1964 2752 contem-

394 2788 630 2859 platione
656 2787 1059 2858 perceptibiiem
1092 2789 1302 2842 statuit.
1340 2787 1622 2844 Hominem
1659 2804 1786 2844 vero
1827 2791 1965 2844 inte-
2001 2773 2023 2809 '

396 2881 616 2942 riorem,
668 2879 904 2932 animam
949 2889 1145 2932 vocat:
1198 2887 1256 2932 at
1304 2879 1667 2947 exteriorem,
1720 2894 1961 2936 carnem.

396 2971 640 3025 Meminit
695 2970 839 3025 enim
885 2984 1163 3024 sacrarum
1217 2968 1653 3040 Scripturarum,
1710 2986 1829 3040 quae
1867 2971 1966 3025 ali-

395 3056 612 3126 quando
648 3070 714 3111 ex
746 3065 899 3126 parte
955 3065 1124 3110 totum
1151 3057 1303 3112 nobis
1338 3059 1607 3115 hominem
1636 3060 1962 3131 significant,

2053 493 2241 563 πότης,
2293 494 2437 546 κατά
2462 511 2525 562 γε
2552 496 2677 557 τοὺς
2718 474 2935 556 ἐνόντας
2984 490 3229 560 ἐκατέρῳ
3271 489 3483 558 λόγους·
3514 487 3643 541 ἀλλ’

2051 578 2119 654 ἦν
2146 587 2202 636 ὲν
2231 584 2454 657 Χριστῷ
2504 584 2669 649 ξένιος
2708 602 2766 637 τε
2800 583 2890 637 καὶ
2936 582 3077 652 ὑπὲρ
3115 579 3241 633 νοῦν
3281 581 3360 643 εἰς
3404 579 3649 647 ἑνότητα

2056 677 2551 748 συνδεδραμηκότα,
2593 676 2905 746 συγχύσεως
2925 674 3047 743 δίχα
3081 673 3178 726 καὶ
3208 672 3435 742 τροπῆς.
3474 671 3652 723 Ἀπε-

2059 768 2299 838 ρινόητος
2331 767 2389 820 δὲ
2411 768 2687 831 παντελῶς
2717 768 2746 819 6
2775 767 2873 836 τῆς
2896 765 3140 827 ὲνώσεως
3163 763 3384 832 τρόπος.

2131 948 2191 1002 Β.
2226 948 2332 1000 Καὶ
2362 947 2479 1009 πῶς
2506 947 2571 1000 ὲκ
2599 945 2764 1006 δυοῖν,
2790 942 3045 1014 θεότητός
3071 958 3129 994 τε
3155 940 3250 994 καὶ
3283 937 3658 1009 ἀνθρωπὸτη-

2058 1058 2169 1107 τος,
2205 1036 2286 1102 εἷς
2314 1038 2379 1093 ἂν
2410 1041 2581 1093 νοοῖτο
2605 1038 2877 1108 Χριστός;

2128 1132 2193 1184 Α.
2231 1131 2302 1184 Οὐ
2343 1129 2464 1182 καθ’
2496 1128 2685 1199 ἕτερον
2719 1122 2872 1197 οἶμαι
2893 1126 3116 1197 τρόπον,
3141 1124 3174 1195 ἢ
3203 1123 3320 1177 καθ’
3349 1122 3410 1176 ὃν
3435 1122 3504 1175 ἂν
3531 1117 3658 1174 εἶεν

2059 1222 2128 1277 τὰ
2155 1223 2408 1294 ἀλλήλοις
2438 1219 2754 1291 συνηγμένα
2774 1219 2910 1290 πρὸς
2934 1219 3130 1272 ἕνωσιν
3165 1216 3521 1288 ἀδιὰτμητον,
3546 1215 3659 1268 καὶ

2060 1315 2159 1386 τὴν
2195 1314 2337 1385 ὑπὲρ
2359 1312 2503 1377 νοῦν,
2545 1312 2618 1376 ὡς
2653 1310 2808 1381 ἔφην.

2132 1409 2194 1461 Β.
2227 1402 2352 1461 Οἷον
2383 1405 2446 1478 δὴ
2479 1406 2569 1472 τίς

2133 1503 2197 1554 Α.
2223 1496 2350 1572 Ἆρ’
2388 1501 2488 1571 οὐχ
2524 1500 2622 1553 ’ἐνα
2663 1499 2844 1569 φαμὲν
2885 1498 2977 1552 τὸν
3015 1497 3135 1552 καθ’
3166 1499 3312 1569 ἡμᾶς
3351 1496 3659 1567 νοούμενον

2062 1590 2370 1660 ἄνθρωπον,
2394 1591 2489 1643 καὶ
2531 1591 2659 1661 μίαν
2687 1575 2850 1643 αὑτοῦ
2878 1589 3055 1659 φύσιν,
3076 1589 3252 1643 καίτοι
3281 1590 3340 1643 τὸ
3367 1588 3661 1660 μονοειδὲς

2063 1683 2163 1736 οὐκ
2195 1682 2428 1753 ἔχοντος,
2469 1682 2879 1753 συντεθειμένου
2910 1682 2965 1735 δὲ
3005 1681 3203 1753 μᾶλλον
3231 1682 3295 1733 ὲκ
3341 1681 3508 1747 δυοῖν,
3534 1679 3658 1749 ψυ-

1993 1777 2036 1831 Β
2064 1775 2167 1845 χῆς
2192 1773 2335 1843 λέγω
2366 1775 2459 1828 καὶ
2477 1773 2757 1844 σώματος;

2137 1868 2196 1923 Β.
2228 1869 2436 1939 Φαμὲν.

2137 1961 2199 2013 Α.
2236 1959 2326 2030 Μὴ
2348 1959 2620 2033 ἀναμέρος
2651 1978 2735 2024 τις
2759 1959 3046 2013 ἀπολαϐὼν
3065 1958 3163 2030 τὴν
3193 1959 3391 2029 σάρκα,
3420 1958 3657 2029 διαστή-

2070 2068 2167 2114 σας
2194 2052 2253 2104 δὲ
2286 2053 2457 2122 αὐτῆς
2477 2053 2576 2123 τὴν
2616 2054 2910 2107 ὲνωθεῖσαν
2939 2053 3076 2123 αὐτῇ
3103 2052 3304 2122 ψυχὴν,
3331 2054 3409 2115 εἰς
3432 2051 3662 2122 ἀνθρὼ-

2069 2159 2203 2205 πους
2228 2141 2322 2194 δύο
2348 2141 2440 2194 τὸν
2473 2142 2569 2196 ἕνα
2600 2144 2901 2214 κατατέμῃ,
2942 2143 3036 2195 καὶ
3060 2141 3150 2195 τὸν
3171 2142 3270 2211 τῆς
3294 2141 3663 2212 ἁνθρωπότη-

2068 2250 2157 2295 τος
2190 2233 2250 2286 οὺ
2282 2233 2623 2306 κάταφθείρῃ
2649 2234 2836 2303 λόγον;

2139 2329 2199 2381 Β.
2235 2329 2344 2380 Καὶ
2370 2327 2475 2399 μὴν
2507 2330 2535 2382 6
2561 2327 2836 2397 πάνσοφος
2865 2328 3066 2399 γράφει
3106 2327 3335 2392 Παῦλος·
3382 2347 3401 2379 ι
3428 2329 3495 2381 Εἰ
3539 2326 3663 2397 γὰρ

2071 2421 2164 2473 καὶ
2192 2421 2221 2473 6
2251 2418 2354 2483 ἔξω
2396 2418 2681 2491 ἄνθρωπος
2710 2420 3103 2491 διαφθείρεται,
3144 2421 3261 2474 ἀλλ’
3287 2422 3316 2474 6
3355 2421 3464 2475 ἔσω
3511 2424 3663 2476 ἀνα-

2070 2511 2351 2566 καινοῦται
2375 2512 2563 2584 ἡμέρᾳ
2591 2513 2686 2566 καὶ
2711 2513 2918 2585 ἡμέρᾳ.
2962 2533 2983 2566 ιι

2138 2605 2204 2657 Α.
2250 2603 2455 2675 Ὀρθῶς
2478 2604 2633 2674 ιφης.
2676 2606 2852 2676 ᾜδει,
2887 2607 2980 2659 καὶ
3010 2607 3125 2679 ⁴ᾔδει
3157 2608 3364 2679 σαφῶς,
3391 2608 3465 2662 τᾶ
3486 2606 3547 2672 ἐξ
3579 2600 3667 2662 ὧν

2070 2694 2099 2747 6
2131 2690 2212 2759 εἷς
2257 2698 2396 2761 ἐστι,
2433 2695 2529 2749 καὶ
2563 2696 2766 2769 θεωρίᾳ
2821 2698 2958 2771 μόνῃ
3005 2697 3215 2771 ληπτὴν
3266 2703 3502 2753 ποιεῖται
3551 2699 3663 2772 τὴν

2070 2787 2330 2859 διαφοράν
2355 2804 2368 2818 ⁸
2405 2788 2692 2859 ἄνθρωπον
2734 2790 2792 2843 δὲ
2833 2790 2924 2844 τὸν
2973 2790 3102 2858 ἔσω,
3138 2792 3316 2863 ψυχὴν
3361 2792 3660 2863 ὀνομάζει,

2072 2882 2167 2934 καὶ
2200 2882 2306 2952 μὴν
2337 2882 2432 2934 καὶ
2463 2882 2664 2954 σάρκα,
2689 2882 2782 2937 τὸν
2825 2881 2950 2950 ἔξω.
2986 2884 3366 2955 Διαμέμνηται
3405 2885 3519 2957 γὰρ
3540 2886 3660 2939 τῶν

2075 2974 2234 3044 ἱερῶν
2263 2973 2632 3045 Γραμμάτων,
2654 2973 2749 3028 καὶ
2769 2975 2876 3028 ἀπὸ
2906 2974 3110 3046 μέρους
3135 2976 3251 3029 ἐσθ’
3276 2978 3363 3029 ὅτε
3397 2976 3457 3030 τὺ
3514 2976 3661 3047 σύμ-

2073 3083 2181 3119 παν
2211 3067 2341 3137 ἠμῖν
2373 3065 2818 3136 καταδηλούντων
2849 3066 3008 3132 ζῶον,
3030 3066 3170 3120 ὥστε
3204 3068 3264 3121 τὸ
3298 3068 3463 3137 φάναι
3497 3069 3656 3130 Θεὸν,

396 3156 456 3201 ιιι
492 3163 613 3203 cum
641 3147 775 3203 dicit
810 3146 952 3203 Deus
984 3164 998 3201 :
1034 3167 1054 3200 ι
1089 3145 1371 3203 Effundam
1403 3151 1468 3205 de
1508 3150 1713 3221 Spiritu
1761 3167 1881 3207 meo
1912 3153 1964 3207 in

2088 3178 2099 3209 ι
2138 3158 2344 3229 Ἐκχεῶ
2363 3159 2471 3212 ἀπὸ
2487 3158 2581 3212 τοῦ
2606 3159 2921 3230 Πνεύματός
2946 3177 3046 3230 μου
3092 3161 3186 3214 ἐπὶ
3214 3162 3394 3214 πᾶσαν
3414 3162 3652 3232 σάρκα,ι

398 3241 705 3295 universam
735 3254 956 3296 carnem
986 3241 1071 3308 '6;
1103 3260 1122 3294 ι
1155 3251 1210 3297 et
1250 3241 1463 3314 Moyses
1492 3244 1559 3298 ad
1587 3243 1859 3301 lsraelitas
1887 3245 1968 3300 lo.

398 3346 570 3400 quens
603 3349 619 3386 :
653 3350 673 3384 ι
712 3332 770 3386 In
796 3334 1134 3403 septuaginta
1162 3334 1407 3404 quinque
1439 3336 1724 3393 animabus
1751 3338 1969 3393 descen-

398 3428 594 3479 derunt
621 3435 802 3494 patres
848 3425 924 3479 tui
970 3428 1022 3479 in
1068 3425 1448 3497 Egyptum".
1489 3447 1508 3479 ι
1541 3430 1703 3499 Atqui
1748 3430 1801 3484 in
1851 3431 1969 3501 ipso

397 3517 559 3571 etiam
615 3516 965 3572 Emmanuele
1020 3518 1157 3572 idem
1222 3520 1484 3575 accidisse
1549 3524 1964 3592 comperiemus.

399 3608 532 3663 Nam
565 3619 684 3676 post
726 3607 1009 3671 unitatem,
1060 3624 1182 3663 cum
1231 3624 1427 3674 carne,
1467 3611 1719 3681 inquam,
1754 3616 1968 3670 tametsi

401 3699 746 3770 Unigenitum
775 3708 831 3754 et
854 3699 1019 3753 Deum
1048 3714 1115 3754 ex
1141 3700 1249 3755 Deo
1288 3700 1465 3771 ipsum
1498 3704 1620 3775 quis
1649 3716 1827 3769 vocet,
1862 3721 1967 3760 non

399 3792 607 3861 absque
648 3805 811 3846 carne
851 3792 965 3846 sive
994 3792 1327 3847 immanitate
1356 3792 1621 3849 exsistere
1659 3805 1967 3853 censeatur.

397 3886 478 3939 Ac
510 3898 716 3949 rursus,
752 3883 963 3938 tametsi
999 3884 1118 3951 quis
1147 3883 1320 3954 ipsum
1345 3894 1501 3939 vocet
1540 3886 1834 3957 hominem,
1862 3904 1970 3946 non

398 3976 648 4031 excludet
671 3976 739 4030 ab
768 3989 834 4031 eo
859 3976 998 4043 quod
1029 3976 1100 4029 sit
1135 3974 1277 4030 Deus
1310 3985 1364 4032 et
1399 3976 1682 4036 Dominus.

470 4069 532 4124 B.
572 4068 837 4122 Caeterum
873 4067 916 4122 si
948 4082 1106 4120 unam
1139 4081 1255 4123 esse
1284 4069 1513 4123 dicimus
1549 4070 1665 4125 Filii
1697 4082 1969 4138 naturam,

402 4161 614 4215 tametsi
655 4158 987 4229 intelligatur
1017 4160 1361 4227 incarnatus,
1408 4163 1771 4217 necessarium
1814 4166 1987 4233 plane,

400 4260 569 4307 estut
596 4250 968 4306 confusionem
1008 4260 1062 4304 et
1112 4250 1392 4305 misturam
1436 4252 1631 4306 faetam
1664 4253 1832 4309 fuisse
1864 4267 1972 4310 sta-

402 4354 640 4408 tuamus,
670 4344 920 4411 absorpta
946 4343 1339 4411 quodammodo
1366 4345 1418 4398 in
1450 4344 1568 4413 ipso
1600 4345 1839 4401 humana
1872 4363 1970 4401 na-

401 4444 542 4491 tura.
568 4434 706 4501 Quid
743 4435 887 4489 enim
915 4443 998 4489 est
1026 4435 1258 4489 humana
1293 4445 1484 4490 natura
1517 4452 1637 4490 cum
1671 4438 1970 4497 divinitatis

397 4526 717 4584 excellentia
745 4525 937 4580 collata
962 4525 986 4578 ?

474 4618 635 4689 737
655 4616 721 4671 A.
747 4617 1105 4673 Vehementer
1126 4618 1368 4688 profecto
1395 4622 1676 4689 imperitus
1697 4623 1853 4679 fuerit
1881 4629 1972 4696 qui

403 4712 773 4766 confusionem
799 4721 853 4766 et
874 4713 1156 4767 misturam
1184 4710 1381 4768 factam
1422 4715 1591 4771 fuisse
1625 4718 1837 4774 dixerit.
1871 4720 1975 4777 Ne-

402 4818 508 4872 que
535 4817 665 4857 vero
691 4818 854 4857 unam
896 4803 1091 4858 factam
1134 4819 1254 4859 esse
1301 4814 1547 4860 naturam
1592 4809 1888 4878 incarnati,
1920 4824 1974 4867 et

403 4896 495 4967 qui
521 4895 573 4949 in
593 4894 1075 4964 liomineyersatus‘
1088 4904 1170 4949 est
1187 4895 1600 4953 declaravimus.
1621 4898 1805 4969 Neque
1826 4903 1970 4957 enim

403 4986 689 5057 quisquam
711 4986 1033 5040 necessariis
1050 4996 1105 5040 et
1122 4988 1264 5042 veris
1280 4989 1610 5060 syllogismis
1634 4991 1685 5045 id
1716 4996 1971 5050 demons-

409 5092 553 5134 trare
571 5087 751 5149 queat.
784 5075 888 5131 Sed
915 5077 959 5131 si
976 5092 1125 5131 suam
1142 5078 1471 5135 voluntatem
1492 5082 1649 5137 nobis
1670 5083 1839 5152 legem
1859 5094 1972 5140 sta-

409 5180 583 5237 tuunt,
602 5169 885 5225 consilium
904 5168 1138 5222 inierunt
1163 5171 1303 5239 quod
1327 5172 1570 5228 stabilire
1595 5188 1701 5228 non
1722 5185 1969 5244 possunt.

406 5261 800 5317 Adhazrendum
830 5259 974 5313 enim
1011 5261 1166 5315 nobis
1200 5270 1313 5326 est.
1346 5279 1449 5317 non
1483 5266 1647 5335 ipsis,
1675 5267 1767 5321 sed
1804 5281 1972 5322 sacra:

407 5356 719 5424 Scripturae.
748 5350 804 5406 Si
834 5364 962 5407 vero
993 5354 1324 5420 existimant,
1348 5357 1471 5426 quia
1492 5367 1682 5411 natura
1712 5359 1966 5424 humana,

406 5447 451 5500 si
506 5461 627 5501 cum
668 5445 844 5499 divina
882 5444 1197 5500 excellentia
1235 5457 1595 5515 comparetur,
1646 5449 1776 5503 nihil
1810 5451 1971 5519 plane

403 5548 508 5603 est,
551 5538 753 5593 idcirco
789 5539 1092 5608 ahsorptam
1139 5548 1301 5609 atque
1331 5541 1668 5611 absumptam
1703 5556 1857 5608 esse,
1908 5553 1965 5598 ut

475 5715 523 5752 ”
544 5714 586 5771 ll
611 5715 740 5772 Cor.
767 5731 839 5785 tv,
872 5714 957 5771 16.
1032 5718 1077 5749 ⁸⁸
1103 5716 1216 5772 Joel
1265 5718 1437 5785 ",28-
1513 5722 1556 5754 ’⁷
1592 5721 1744 5775 Deut.
1784 5738 1838 5789 x,
1874 5723 1962 5778 Ἡ.

2074 3251 2279 3305 Μωσέα
2320 3267 2385 3320 γε
2424 3250 2529 3322 μὴν
2573 3250 3098 3323 προσδιαλεγόμενον
3146 3254 3260 3317 τοῖς
3298 3253 3359 3318 ἐξ
3410 3254 3652 3326 Ἰσραὴλ,

2080 3360 2099 3393 ι
2153 3341 2240 3395 Ἐν
2270 3342 2639 3414 ἐϐδομήκοντα
2684 3342 2845 3395 πέντε
2888 3342 3086 3413 ψυχαῖς
3124 3344 3433 3416 κατέϐησαν
3459 3347 3513 3399 οἱ
3543 3363 3659 3399 πα-

2074 3435 2231 3505 τέρες
2261 3452 2354 3488 σου
2383 3437 2461 3499 εἰς
2488 3436 2783 3504 Αἴγυπτον,
2819 3454 2837 3486 ι
2867 3438 2960 3489 καὶ
2992 3436 3078 3489 ἐπ’
3101 3437 3265 3492 αὐτοῦ
3295 3438 3354 3492 δὲ
3381 3441 3530 3493 τουτὶ
3558 3440 3655 3494 τοῦ

2089 3526 2436 3598 Ἐμμανουὴλ
2476 3528 2701 3596 γεγονὸς
2736 3529 3062 3599 εὑρήσομεν.
3103 3512 3259 3585 Μετά
3290 3532 3402 3603 γάρ
3431 3550 3519 3587 τοι
3554 3533 3656 3604 τὴν

2076 3619 2290 3683 ἕνωσιν,
2325 3620 2463 3688 πρός
2485 3619 2549 3688 γέ
2586 3621 2845 3691 φημιτὴν
2881 3622 3083 3691 σάρκα,
3123 3621 3225 3676 κᾶν
3250 3624 3531 3695 Μονογενῆ
3560 3625 3655 3680 καὶ

2077 3710 2208 3762 Θεὸν
2242 3712 2305 3764 ἐκ
2340 3710 2498 3775 Θεοῦ,
2537 3711 2789 3764 καλέσειέ
2835 3729 2919 3776 τις
2952 3712 3134 3777 αὑτὸν,
3164 3714 3225 3767 οὐ
3269 3714 3394 3785 δίχα
3450 3717 3653 3786 σαρκὸς

2078 3803 2243 3871 ἤγουν
2277 3802 2696 3873 ἀνθρωπότητος
2724 3805 2881 3857 νοοῖτ’
2907 3804 2974 3858 ἂν
3006 3807 3290 3876 ὑπάρχειν.
3322 3807 3442 3861 Κάν
3474 3810 3655 3861 εῖτουν

2077 3893 2363 3965 ἄνθρωπον
2390 3894 2557 3963 λέγοι,
2603 3896 2702 3948 οὐκ
2746 3882 3075 3968 ἀτὶοσοὸήσει
3105 3898 3199 3951 τοῦ
3228 3894 3367 3953 εἶναι
3398 3899 3533 3955 θεὸν
3555 3902 3652 3955 καὶ

2080 3986 2303 4057 Κύριον.
3008 4028 3011 4033 .

2150 4079 2208 4132 Β.
2252 4080 2391 4134 Ἀλλ’
2430 4082 2478 4133 εἰ
2511 4084 2636 4151 μίαν
2665 4080 2802 4137 εἶναι
2849 4084 3009 4153 φύσιν
3046 4086 3175 4139 Υἱοῠ
3209 4104 3414 4158 φαμεν,
3453 4088 3554 4142 κᾶν
3604 4092 3656 4143 εἰ

2079 4171 2249 4221 νοοῖτο
2309 4172 2745 4242 σεσαρκωμένος,
2796 4175 2947 4229 πᾶσά
2984 4193 3100 4241 πως
3139 4177 3352 4247 ἀνάγκη
3397 4177 3655 4246 γενέσθαι

2081 4262 2295 4332 φυρμὸν
2347 4263 2629 4333 ὁμολογεῖν
2662 4268 2756 4319 καὶ
2805 4265 3129 4338 σύγκρασιν,
3167 4270 3657 4343 ὑποκλεπτομένης

2077 4352 2266 4424 ὥσπερ
2292 4355 2389 4425 τῆς
2414 4355 2701 4426 ἀνθρώπου
2730 4358 2943 4427 φύσεως
2972 4362 3031 4412 ὲν
3060 4361 3227 4432 αὐτῷ.
3260 4364 3324 4416 Τί
3350 4363 3457 4434 γὰρ
3495 4366 3527 4434 ἡ
3555 4366 3659 4417 ιὶν⁸

2081 4445 2298 4518 θρώπου
2339 4446 2499 4517 φύσις
2528 4449 2664 4518 πρὸς
2690 4449 2787 4521 τὴν
2823 4454 2923 4522 τῆς
2952 4451 3207 4521 θεότητος
3246 4454 3555 4527 ὐπεροχήν;

2151 4630 2213 4682 Α.
2242 4629 2493 4684 Μάλιστα
2526 4631 2644 4701 μὲν,
2681 4631 2726 4685 ὦ
2773 4634 2976 4703 ἑταῖρε,
3026 4635 3385 4707 περιττοεπὴς
3418 4639 3448 4690 ὀ
3479 4637 3659 4706 λέγων

2081 4719 2295 4791 φυρμὸν
2320 4721 2570 4787 γενέσθαι
2600 4723 2691 4776 καὶ
2715 4723 3031 4795 σύγκρασιν.
3060 4727 3195 4779 Οὐδὲ
3220 4727 3317 4797 μία
3339 4729 3477 4800 πρὸς
3496 4732 3661 4801 ἡμῶν

2077 4812 2393 4884 ὡμολόγητο
2430 4814 2594 4882 φύσις
2622 4817 3041 4887 σεσαρκωμένου
3073 4835 3132 4871 τε
3184 4820 3276 4873 καὶ
3302 4821 3657 4893 ὲνηνθρωπη-

2078 4903 2254 4967 κότος.
2285 4905 2360 4957 Οὐ
2393 4905 2502 4978 γὰρ
2546 4906 2613 4960 ἂν
2645 4907 2755 4979 ἔχοι
2778 4926 2863 4973 τις
2889 4909 2946 4977 ἐξ
2968 4911 3280 4980 ἀναγκαίων
3309 4930 3368 4967 τε
3399 4916 3496 4968 καὶ
3526 4916 3657 4987 611;-

2081 4993 2187 5050 θῶν
2236 4996 2609 5068 συλλογισμῶν
2644 5003 2914 5055 ποιεῖσθαι
2946 5002 3045 5074 τὴν
3078 5004 3260 5070 δεῖξιν.
3306 5005 3445 5060 Ἀλλ’
3472 5010 3525 5062 εξ
3559 5010 3656 5079 μὲν

2079 5088 2241 5159 νόμον
2271 5090 2402 5160 ἡμῖν
2442 5091 2502 5144 τὸ
2550 5092 2748 5146 οἰκεῖον
2798 5095 2975 5149 ἱστᾶσι
3029 5096 3261 5169 θέλημα,
3288 5099 3654 5169 διελογίσαντο

2081 5179 2294 5253 βουλὴν,
2320 5182 2387 5253 ἢν
2415 5184 2477 5236 οὐ
2519 5184 2591 5254 μὴ
2617 5184 2884 5240 δύνωνται
2923 5188 3135 5258 στῆσαι.
3171 5190 3514 5261 Προσεκτέον
3548 5194 3652 5264 γὰρ

2077 5275 2233 5345 ἡμῖν,
2261 5274 2360 5328 οὐκ
2381 5275 2612 5340 ἐκείνοις
2640 5278 2861 5347 μᾶλλον,
2889 5279 3023 5333 ἀλλά
3050 5285 3115 5353 τῇ
3145 5281 3492 5353 θεοπνεύστῳ
3521 5285 3651 5355 Γρα·

2082 5366 2177 5435 φῇ.
2208 5365 2268 5418 Εἰ
2294 5365 2351 5418 δὲ
2381 5364 2493 5418 δεῖν
2513 5366 2734 5432 οἴονται,
2758 5368 2846 5422 διὰ
2875 5369 2936 5422 τὸ
2958 5367 3096 5423 εἶναι
3126 5371 3293 5441 μηδὲν
3322 5371 3422 5442 τὴν
3444 5371 3648 5443 ἀνθρώ.

2082 5471 2183 5507 που
2211 5455 2373 5524 φύσιν
2402 5455 2478 5520 ὡς
2514 5458 2650 5528 πρὸς
2678 5475 2741 5527 γε
2783 5459 2878 5530 τὴν
2905 5460 3054 5514 θείαν
3082 5462 3379 5533 ὑπεροχὴν,
3424 5462 3648 5516 ὑποκλέ-

2076 5547 2303 5601 πτεσθαί
2324 5566 2382 5602 τε
2413 5550 2505 5602 καὶ
2532 5550 2893 5631 δαπανᾶσθαι,
2916 5553 3058 5606 καθά
3090 5571 3251 5623 φασιν
3282 5554 3457 5623 αὐτοὶ,
3496 5555 3649 5609 πάλιν
