3846 6210
145 385 278 442 1393

139 597 236 666 τὴν
254 594 494 664 δύναμιν
516 592 610 646 τοῦ
630 592 784 646 Θεοῦ.
813 611 831 643 ι
857 593 930 645 Οὐ
954 592 1060 664 γὰρ
1089 588 1157 664 ῆν
1182 593 1464 663 ἀμήχανον
1479 591 1557 662 τῷ
1583 593 1708 661 φιλ-

142 685 238 738 ανθ
249 683 415 754 ρώπῳ
443 683 582 754 Θεῷ,
601 682 779 736 οἰστὸν
806 683 1000 736 ἐαυτὸν
1047 683 1328 753 ἀποφῆναι
1355 685 1467 746 τοῖς
1497 683 1598 753 τῆς
1619 684 1712 736 άν-

141 777 168 830 θ
177 777 486 848 ρωπότητος
501 775 739 848 μέτροις,
755 776 849 828 καὶ
861 774 1019 828 τοῦτο
1034 777 1164 846 ἡμῖν
1178 779 1314 846 προῦ
1325 776 1558 846 πέφηνεν
1571 778 1713 829 αἰνι-

138 866 438 936 γματωδῶς
457 866 658 919 Μωσὲα
685 865 1083 936 μυσταγωγῶν,
1113 865 1208 919 καὶ
1233 864 1294 918 τὸ
1317 865 1419 934 τῆς
1444 865 1599 918 ἐνανο
1609 883 1714 936 ρω-

139 958 360 1027 πήσεως
417 957 716 1027 μυστήριον
767 956 843 1019 ὼς
897 957 955 1008 ἐν
1008 955 1196 1018 τύποις
1244 955 1324 1008 ἔτι
1379 954 1708 1026 ζωγραφῶν.

151 1048 504 1118 Ἐπεφοίτησε
539 1050 637 1118 μὲν
675 1048 783 1120 γὰρ
819 1050 876 1100 ἐν
905 1049 1034 1102 εἴδει
1078 1047 1251 1118 πυρὸς
1293 1047 1369 1117 τῷ
1402 1048 1547 1119 βάτῳ
1572 1048 1712 1101 κατὰ

137 1147 235 1217 τὴν
266 1145 470 1216 ἔρημον
502 1143 637 1214 (ll),
674 1144 768 1196 καὶ
797 1143 1137 1212 ἐνήστραπτε
1175 1141 1273 1211 μὲν
1309 1141 1388 1211 τῷ
1427 1142 1615 1212 θάμνῳ
1651 1143 1714 1194 τὸ

138 1240 270 1308 πῦρ,
307 1237 447 1308 πλὴν
488 1237 549 1289 οῦ
581 1235 920 1289 κατεκαίετο.
949 1232 1275 1302 Τεθαύμακε
1300 1233 1356 1285 δὲ
1398 1233 1495 1302 τὴν
1523 1234 1712 1301 ὅρασιν

137 1335 165 1384 6
195 1331 418 1400 Μωσῆς.
453 1329 647 1381 Καίτοι
677 1327 792 1390 πῶς
818 1327 918 1379 οὐκ
940 1323 1251 1394 ἁσύμϐατον
1278 1322 1361 1394 εἴη
1392 1323 1458 1376 ἂν
1480 1323 1558 1394 τῷ
1579 1325 1714 1394 πυρὶ¹

135 1423 196 1475 τὸ
231 1422 424 1488 ξύλονς
458 1419 623 1489 Οίστὴ
654 1419 711 1472 δὲ
748 1419 896 1481 ὅπως
939 1419 1058 1478 ταῖς
1089 1417 1186 1485 τῆς
1217 1415 1414 1484 φλογὸς
1455 1414 1714 1484 ἐμϐολαῖς

136 1517 167 1583 ἡ
197 1514 652 1582 εὐκατάπρηστος
683 1509 806 1579 ὕλη.
849 1507 988 1560 Ἀλλ’
1021 1503 1111 1578 ἦν,
1137 1505 1213 1569 ὠς
1253 1507 1380 1575 ἔφη.
1412 1505 1712 1576 μυστηρίου

134 1607 195 1659 τὸ
229 1607 418 1680 χρῆμα
461 1603 648 1668 τύπος,
674 1602 856 1672 οἱστὴν
903 1600 1296 1669 ἀποφαίνοντος
1333 1600 1446 1661 τοῖς
1466 1598 1567 1668 τῆς
1616 1600 1714 1650 ἁν-

134 1700 484 1770 θρωπότητος
509 1696 726 1766 μέτροις
749 1693 846 1764 τὴν
885 1692 1036 1745 Θείαν
1060 1691 1153 1744 τοῦ
1184 1691 1358 1758 Λόγου
1399 1687 1584 1759 φύσιν,
1617 1691 1715 1742 αὐ-

131 1789 228 1841 τοῦ
287 1805 351 1857 γε
403 1787 708 1850 ἐθέλοντος·
763 1784 1014 1838 ἀδυνατεῖ
1071 1782 1180 1854 γὰρ
1236 1780 1385 1852 αὐτῷ
1433 1780 1714 1846 παντελῶς

133 1881 309 1934 οὐδέν.

201 1974 270 2027 Β.
314 1974 401 2037 Ὠς
433 1968 491 2027 εῦ
535 1970 644 2026 ἴσθι
670 1989 775 2035 τοι,
818 1969 893 2042 μὴ
933 1969 999 2024 ἂν
1031 1969 1248 2023 ἑλέσθαι
1281 1965 1350 2022 τὰ
1373 1965 1465 2019 ίσα
1503 1969 1717 2040 φρονεῖν

131 2067 332 2128 αὐτοὺς
361 2066 555 2129 ἄλλως.

207 2161 275 2210 Λ.
322 2159 514 2212 ’Έσται
547 2158 726 2213 τοίνυν
749 2158 846 2212 καὶ
889 2157 1274 2227 ἀναμφιλόγως
1292 2159 1440 2223 υἱοὺς
1464 2160 1594 2230 ἡμῖν
1627 2156 1719 2210 δύο

136 2251 228 2304 καὶ
261 2252 516 2320 χριστοῦς
556 2252 584 2303 6
631 2251 768 2321 πρὸς
807 2250 987 2303 αὐτῶν
1027 2249 1346 2320 πρεσϐεύων
1377 2251 1554 2320 λόγος.

201 2343 270 2396 Β.
303 2339 406 2392 Δύο
444 2340 564 2410 μὲν,
612 2341 764 2411 οὐχί·
800 2341 933 2410 φασὶ
980 2341 1165 2404 δὲ,ὄτι
1209 2335 1291 2403 εἷς
1341 2341 1441 2411 μέν
1491 2343 1640 2394 ἐστιν
1689 2339 1719 2391 6

131 2429 278 2485 κατὰ
315 2429 477 2498 φύσιν
515 2429 665 2492 Υἱὸς,
697 2432 724 2483 6
776 2431 840 2482 ἐκ
885 2429 1022 2483 Θεοῦ
1069 2430 1284 2501 Πατρὸς
1331 2432 1534 2500 Λόγος·
1589 2433 1618 2483 6
1661 2430 1718 2483 δέ

131 2519 384 2592 ληφθεὶς,
425 2519 710 2588 ἄνθρωπος
743 2520 844 2590 μὲν
868 2521 984 2574 ἐστι
1044 2519 1204 2589 φύσει
1235 2521 1330 2574 τοῦ
1367 2523 1552 2585 Δαϐὶδ,
1591 2523 1719 2586 Υἱὸς

129 2611 191 2662 δὲ
231 2609 325 2664 τοῦ
360 2609 516 2676 Θεοῦ,
541 2611 629 2664 διὰ
657 2612 718 2663 1:6
739 2611 1060 2682 ἀνειλῆφθαι
1100 2613 1207 2666 ὑπὸ
1235 2613 1328 2667 τοῦ
1355 2613 1490 2667 Θεοῦ
1516 2615 1715 2683 Λόγου,

130 2702 193 2766 ὃς
232 2703 322 2755 διὰ
349 2701 410 2754 τὸ
439 2704 816 2773 κατῳκηκέναι
848 2706 904 2756 ἐν
941 2703 1088 2774 αὐτῷ
1119 2706 1210 2758 τὸν
1250 2705 1381 2759 Θεὸν
1406 2706 1597 2775 Λόγον,
1637 2709 1717 2771 εἱς

131 2793 343 2862 ταύτην
388 2789 520 2864 ῆλθε
565 2795 664 2862 τὴν
697 2793 876 2860 ἀξίαν,
927 2795 1019 2848 καὶ
1065 2796 1246 2865 χάριτι
1295 2796 1396 2868 τὴν
1446 2797 1718 2852 υἱοθεσίαν

133 2886 276 2956 ἔχει.

207 2980 274 3031 Λ.
309 2974 443 3032 Εἶτα
479 2979 603 3032 ὅποι
633 2979 764 3033 ποτὲ
796 2978 885 3032 νοῦ
914 2980 1005 3034 καὶ
1037 2981 1233 3052 φρενὸς
1264 2981 1394 3036 ἔοιεν
1424 2982 1491 3035 ἂν
1515 2983 1563 3034 οἱ
1590 2981 1715 3051 τῇδε

131 3071 482 3138 δοξάζοντες
550 3072 620 3124 Ἦ
671 3071 788 3135 πῶς
833 3073 892 3125 οὐ
948 3073 1113 3127 δυάδα
1153 3073 1316 3142 φασιν
1375 3073 1529 3136 υἱῶν,
1585 3074 1717 3126 ἁπο-

128 3166 437 3229 διῖστάντες
475 3165 720 3236 ἀλλήλων
761 3165 1047 3237 ἄνθρωπον
1081 3168 1174 3220 καὶ
1207 3168 1374 3231 Θεόν;
1403 3168 1575 3238 Εἴπερ
1601 3168 1717 3220 ἐστὶ

131 3261 257 3312 κατ’
289 3259 508 3324 αὐτοὺς,
530 3260 558 3311 6
587 3257 686 3328 μὲν
713 3258 872 3325 φύσει
899 3260 992 3311 καὶ
1020 3259 1255 3328 άληθῶς,
1287 3263 1315 3312 ὁ
1337 3259 1392 3312 δὲ
1410 3259 1594 3330 χάριτι
1616 3259 1716 3331 τὴν

129 3350 410 3406 υἱοθεσίαν
453 3349 612 3419 ἔχων,
642 3350 737 3403 καὶ
765 3351 844 3412 εἰς
879 3349 1086 3420 ταύτην
1113 3346 1242 3420 ἦλθε
1283 3351 1381 3420 τὴν
1429 3350 1606 3418 ἀξίαν,
1641 3351 1718 3413 ὼς

128 3441 471 3504 ἐνοικοῦντος
522 3441 670 3513 αὺτῷ
713 3440 808 3494 τοῦ
859 3441 1068 3509 Λόγου;
1109 3437 1235 3512 Ἃρ*
1273 3437 1365 3496 οὖν
1397 3442 1508 3512 ἔχει
1555 3460 1608 3495 τι
1655 3443 1718 3496 τὸ

131 3535 326 3606 μεῖζον
357 3536 385 3589 6
425 3536 545 3588 καθ’
579 3536 749 3606 ἡμᾶς,
785 3534 1124 3598 ἐναυλίζεται
1169 3534 1278 3604 γὰρ
1312 3535 1408 3587 καὶ
1441 3537 1572 3606 ἡμῖν
1619 3536 1717 3588 αὺ-

127 3628 271 3691 ττίς,
309 3625 403 3679 καὶ
430 3624 565 3694 πρός
591 3641 654 3692 γε
683 3622 840 3676 τοῦτο
867 3624 1017 3693 ἡμᾶς
1054 3622 1278 3694 ἐμπεδοῖ
1300 3623 1474 3691 λέγων
1499 3626 1528 3677 6
1556 3624 1715 3694 ἱερώ-

125 3735 298 3782 τατος
336 3717 581 3781 Παῦλοςο
623 3735 642 3768 ι
688 3715 892 3768 Τούτου
935 3715 1097 3785 χάριν
1123 3715 1360 3784 κάμπτω
1405 3713 1475 3767 τὰ
1513 3705 1717 3783 γόνατά

129 3829 239 3881 μου
273 3809 410 3880 πρὸς
442 3809 534 3861 τὸν
559 3809 780 3879 Πατέρα
809 3806 902 3860 τοῦ
926 3807 1132 3880 Κυρίου
1171 3808 1329 3878 ἡμῶν
1368 3807 1542 3877 Ἰησοῦ
1572 3809 1711 3877 Χρι-

127 3901 287 3966 στοῦ,
337 3893 396 3967 ἐξ
441 3893 500 3953 οὗ
545 3901 695 3954 πᾶσα
739 3898 944 3970 πατριὰ
984 3899 1041 3952 ὲν
1079 3899 1294 3969 οὐρανῷ
1331 3898 1425 3952 καὶ
1483 3901 1574 3955 ἐπὶ
1611 3900 1716 3968 γῆς

124 3991 483 4063 ὀνομάζεται,
513 3992 597 4045 ἶνα
633 3991 707 4060 δῷ
736 3991 862 4062 ὑμῖν
891 3990 1034 4044 κατὰ
1055 3993 1147 4043 τὸν
1167 3989 1394 4044 πλοῦτον
1432 3991 1531 4062 τῆς
1553 3991 1715 4062 δόξης

123 4079 323 4144 αὐτοῦ,
353 4081 578 4150 δυνάμει
616 4079 1020 4151 κραταιωθῆναι
1049 4079 1136 4133 διὰ
1164 4081 1258 4134 τοῦ
1282 4079 1597 4151 Πνεύματος
1622 4083 1715 4134 αὐ-

122 4173 251 4236 τοῦ,
291 4173 616 4243 κατοικῆσαι
633 4172 722 4226 τὸν
749 4171 984 4243 Χριστὸν
1004 4173 1061 4223 ἐν
1084 4175 1204 4234 ταῖς
1235 4171 1480 4242 καρδίαις
1503 4172 1708 4242 ὑμῶν.)

139 4269 235 4320 Ἐν
269 4267 400 4335 ἡμῖν
428 4265 536 4334 γάρ
571 4263 792 4318 ἐστιδιὰ
813 4263 906 4316 τοῦ
927 4263 1265 4334 Πνεῦματος,
1300 4283 1316 4314 ι
1341 4264 1398 4316 ἐν
1509 4247 1714 4336 κράζο-

129 4371 260 4430 μεν⁹
290 4355 462 4408 Ἀϐϐά
488 4356 515 4406 6
545 4354 1008 4425 Πατήρ.ιοὑκοῦν
1040 4355 1159 4408 κατ’
1185 4355 1376 4408 οὐδένα
1401 4357 1602 4427 τρόπον
1628 4359 1710 4429 εἴη

121 4451 194 4503 ἂν
223 4447 298 4500 τὰ
331 4445 452 4499 καθ’
479 4447 625 4516 ἡμᾶς
651 4447 709 4497 ἐν
749 4445 977 4516 μείοσιν,
1014 4447 1062 4497 εἰ
1104 4445 1209 4498 τῶν
1245 4447 1375 4499 ἰσων
1412 4447 1712 4518 ἡξιοὺμεθα

122 4538 286 4608 παρὰ
320 4537 415 4589 τοῦ
449 4535 581 4588 Θεοῦ
626 4535 718 4588 καὶ
770 4537 998 4606 Πατρός.
1040 4537 1236 4606 Χάριτι
1266 4537 1374 4608 γὰρ
1412 4539 1508 4590 καὶ
1551 4541 1713 4608 ἡμεῖς
1743 4565 1790 4624 D

125 4631 241 4683 υἱοὶ
283 4628 379 4680 καὶ
428 4626 559 4680 θεοί.
607 4626 972 4698 Ἐνηνέγμεθα
1003 4627 1060 4679 δὲ
1113 4627 1332 4690 πάντως
1376 4629 1457 4690 εἱς
1511 4629 1712 4698 ταύτην

121 4723 232 4790 τὴν
269 4719 528 4790 ὑπερφυᾶ
559 4721 652 4771 καὶ
681 4719 1136 4789 τεθαυμασμὲνην
1166 4718 1342 4784 ἀξίαν,
1387 4719 1462 4782 ὼς
1488 4720 1710 4774 ἔναυλον

122 4811 355 4882 ἔχοντες
391 4810 480 4862 τὸν
527 4812 788 4881 μονογενῆ
832 4810 926 4863 τοῦ
965 4810 1097 4864 Θεοῦ
1132 4809 1324 4878 Λόγον.
1372 4811 1608 4865 ’Λνόσιον
1653 4813 1711 4865 δὲ

123 4900 226 4953 καὶ
260 4899 612 4970 ἀπόπληκτον
647 4901 945 4964 παντελῶς,
973 4901 1032 4954 τὸ
1081 4900 1345 4971 ἠξιῶσθαι
1393 4901 1569 4970 λέγειν
1609 4905 1708 4955 αὐ-

120 4991 259 5053 τοὺς
295 4991 394 5059 τῆς
441 4989 709 5052 υἱοθεσίας
740 4991 831 5043 τὸν
881 4991 1108 5056 Ἰησοῦν,
1159 4990 1251 5043 καὶ
1298 4990 1374 5052 ὼς
1401 4993 1456 5044 ἐν
1488 4993 1708 5064 χάριτος

123 5082 305 5153 μοίρᾳ
330 5080 428 5150 τὴν
456 5081 546 5133 ἐπὶ
577 5081 710 5150 τῷδε
732 5081 886 5146 δόξαν
912 5083 1071 5137 ἑλεῖν.

198 5177 264 5228 Β.
299 5175 480 5244 Φράσα
493 5193 539 5239 ις
567 5175 634 5229 ἂν
661 5177 828 5240 ὅπως.

192 5268 265 5320 Α.
313 5266 420 5318 Καὶ
449 5266 611 5336 μάλα.
646 5266 874 5341 Πρῶτον
905 5268 1002 5337 μὲν
1050 5269 1180 5339 γὰρ,
1214 5269 1288 5332 ὡς
1330 5268 1486 5337 ἔφην,
1523 5267 1706 5338 ἕτερος

193 5447 242 5479 ⁸⁸
281 5443 472 5499 Matth.
525 5459 663 5509 xm,
695 5443 784 5497 29.
859 5444 905 5476 ’θ
951 5446 1115 5500 Exod.
1152 5462 1234 5510 ιιι,
1267 5448 1302 5501 9.
1337 5463 1491 5518 seqq.

1259 383 1448 450 QUOD
1483 382 1674 439 ΠΝυὸ
1713 382 1818 436 SIT
1855 384 2219 440 CHRISTUS.

140 503 390 572 ἐροῦμενο
421 520 440 552 ι
487 500 792 564 Πλανᾶσθε,
829 501 904 573 μὴ
930 499 1132 564 εἰδότες
1161 501 1258 564 τὰς
1284 501 1525 570 Γραφὰς,
1576 500 1711 570 μηδέ

1824 502 1914 570 ipsi
1977 504 2195 570 volunt,
2255 505 2450 559 iterum
2519 507 3022 575 respondebimus:

3250 390 3386 448 1294

3103 524 3122 559 ι
3178 506 3388 564 Erratis

1816 593 2118 648 nescientes
2167 593 2500 663 Seripturas,
2552 611 2725 664 neque
2770 596 3064 664 potentiam
3124 596 3220 653 Dei
3243 599 3312 653 “.
3362 621 3382 654 ι

1814 681 1996 753 Neque
2018 684 2164 740 enim
2204 694 2324 740 erat
2357 685 2570 742 diﬂicile
2599 686 2984 756 benignissimo
3009 687 3116 744 Deo
3148 691 3389 758 gestabi-

1814 773 1919 827 lem
1948 790 2010 830 ac
2042 775 2373 831 tolerabilem
2405 793 2464 833 se
2486 777 2730 846 prazbere
2770 779 3019 834 humana:
3049 779 3384 846 conditioni;

1815 876 1976 935 atque
2039 868 2139 921 hoc
2187 869 2402 938 quidem
2467 869 2623 924 nobis
2683 869 2906 940 ﬁgurate
2949 872 3389 942 praesigniﬁcavit

1815 957 1995 1012 Mosen
2028 959 2319 1026 instruens,
2349 970 2404 1017 et
2431 962 2822 1018 incarnationis
2866 965 3184 1033 mysterium
3222 963 3385 1019 veluti

1816 1049 1868 1102 in
1914 1051 2054 1121 typis
2091 1054 2268 1108 adhuc
2322 1063 2484 1124 atque
2529 1056 2735 1110 umbris
2789 1057 3118 1112 describens.
3155 1056 3388 1112 Immisit

1815 1142 1956 1196 enim
1987 1143 2122 1198 sein
2153 1144 2331 1199 forma
2359 1146 2496 1214 ignis
2525 1147 2660 1201 rubo
2688 1147 2740 1200 in
2765 1149 2999 1202 deserto.
3049 1148 3222 1218 Atque
3250 1149 3388 1217 ignis

1816 1235 2032 1302 quidem
2071 1236 2124 1289 in
2180 1236 2315 1292 rubo
2342 1238 2629 1304 emicabat,
2665 1254 2838 1308 neque
2893 1250 3069 1292 tamen
3123 1241 3390 1294 adurcha-

1817 1334 1926 1380 tur.
1970 1326 2247 1383 Attonitus
2305 1327 2404 1381 fuit
2440 1330 2558 1396 ejus
2614 1329 2692 1382 rei
2750 1331 3056 1397 spectaculo
3088 1329 3297 1399 Moyses
3317 1330 3386 1384 ”.

1815 1418 1977 1486 Atqui
2015 1433 2119 1488 quo
2150 1429 2304 1488 pacto
2328 1435 2433 1474 non
2466 1430 2590 1489 agat
2623 1421 2762 1488 ignis
2792 1422 2846 1473 in
2893 1421 3141 1491 lignum?
3169 1417 3411 1476 Materia'

1818 1521 1994 1565 tamen
2029 1527 2148 1580 quae
2174 1512 2330 1567 facile
2371 1513 2624 1567 succendi
2654 1522 2832 1580 potest
2859 1512 3086 1568 ﬂamma:
3127 1514 3234 1566 vim
3271 1527 3392 1581 per-

1819 1603 1957 1656 tulit.
2011 1602 2278 1658 Caeterum
2331 1615 2470 1670 erat,
2527 1618 2586 1659 ut
2643 1606 2787 1671 dixi,
2846 1621 2935 1660 res
2989 1607 3100 1661 haec
3151 1607 3390 1676 mysterii

1818 1694 2195 1759 adumbratio,
2242 1697 2526 1751 declarans
2578 1697 2910 1752 tolerabilem
2975 1699 3089 1752 fore
3145 1699 3394 1753 humana:

1820 1784 2173 1841 imbecillitati
2218 1787 2454 1842 divinam
2504 1787 2663 1842 Verbi
2703 1798 2984 1851 naturam,
3014 1791 3130 1860 ipso
3174 1790 3248 1845 ita
3291 1807 3392 1847 vo-

1747 1872 1791 1927 B
1821 1878 1986 1932 lente.
2027 1876 2172 1932 Nihil
2201 1881 2345 1934 enim
2383 1879 2486 1949 ipsi
2514 1892 2598 1935 est
2624 1882 2974 1950 impossibile.

1885 1966 1954 2021 Β.
1996 1967 2167 2036 Quam
2199 1980 2346 2025 recte
2375 1971 2514 2026 nosti
2543 1971 2662 2028 illos
2690 1972 2767 2028 ita
2794 1977 2998 2029 sentire
3033 1975 3214 2033 nolle!

1891 2156 1958 2208 Α.
2017 2153 2162 2211 Duos
2213 2155 2393 2228 itaque
2447 2156 2631 2227 procul
2681 2157 2840 2212 dubio
2903 2155 3084 2227 filios,
3145 2165 3203 2216 et
3253 2159 3392 2214 duos

1821 2249 2055 2303 christos
2081 2248 2293 2303 illorum
2324 2264 2503 2303 sermo
2534 2250 2690 2304 nobis
2723 2249 2999 2320 prmdicat.

1890 2339 1953 2392 B.
1994 2339 2138 2394 Duos
2172 2339 2412 2409 quidem,
2455 2354 2822 2409 nequaquam.
2865 2339 3031 2396 Aiunt
3061 2354 3192 2396 vero
3228 2357 3394 2394 unum

1821 2429 2036 2498 quidem
2089 2443 2208 2484 esse
2247 2429 2539 2484 secundum
2581 2441 2828 2491 naturam
2876 2430 3109 2498 Filium,
3156 2430 3402 2487 Verbum

1820 2535 1886 2574 ex
1914 2521 2022 2575 Deo
2050 2519 2211 2575 Patre
2239 2539 2253 2576 :
2280 2535 2402 2575 eum
2431 2531 2610 2574 autem
2653 2523 2742 2590 qui
2787 2533 3097 2592 assumptus
3141 2533 3223 2579 est
3245 2564 3260 2588 ,
3294 2525 3393 2578 hu-

1821 2612 2020 2666 minem
2053 2613 2271 2680 quidem
2302 2625 2423 2666 esse
2447 2621 2640 2666 natura
2673 2613 2872 2680 David,
2905 2614 2997 2669 Dei
3043 2629 3169 2670 vero
3200 2615 3392 2669 Filium

1821 2703 1942 2757 ideo
1969 2704 2110 2773 quod
2141 2720 2170 2756 a
2201 2703 2380 2759 Verbo
2409 2705 2506 2760 Dei
2541 2715 2849 2775 assumptus
2872 2707 2963 2772 sit,
2995 2716 3049 2762 et
3084 2708 3209 2775 quia
3247 2708 3397 2760 inha-

1819 2796 2008 2850 bitavit
2056 2796 2108 2849 in
2158 2795 2274 2864 ipso
2314 2796 2551 2851 Verbum
2598 2796 2725 2861 Dei,
2775 2797 3020 2852 eamdem
3075 2798 3394 2869 dignitatem

1819 2896 2143 2942 consecutus
2180 2896 2283 2950 est,
2313 2895 2368 2940 et
2399 2886 2566 2941 Filius
2591 2902 2689 2955 per
2719 2889 2947 2957 gratiam
2981 2897 3085 2944 est.

1889 2980 1954 3032 A.
1995 2979 2192 3046 Atquo
2233 2989 2388 3046 pacto
2412 2993 2518 3033 non
2553 2979 2666 3033 sint
2719 2990 2911 3034 emota:
2966 2980 3162 3037 mentis
3189 2981 3280 3050 qui
3318 2980 3394 3036 ita

1820 3070 2102 3126 statuunt?
2130 3078 2223 3123 aut
2247 3071 2514 3139 quomodo
2547 3085 2651 3124 non
2686 3071 2819 3126 duos
2857 3072 2994 3128 ﬁlios
3030 3072 3271 3140 faciunt,
3310 3090 3396 3130 se-

1822 3173 2076 3233 parantes
2109 3161 2252 3216 inter
2284 3177 2342 3216 se
2382 3162 2652 3216 hominem
2679 3171 2734 3216 et
2761 3162 2964 3218 Deum?
2991 3165 3270 3235 Siquidem
3311 3175 3398 3222 est

1819 3268 1884 3306 ex
1936 3253 2176 3321 ipsorum
2231 3251 2496 3305 sententia
2541 3250 2628 3304 hie
2661 3252 2878 3320 quidem
2927 3265 3119 3309 natura
3159 3270 3223 3310 ac
3269 3269 3398 3312 vere

1820 3343 2012 3405 Filius,
2058 3343 2144 3398 hic
2179 3357 2308 3396 vero
2358 3357 2454 3412 per
2499 3341 2844 3411 adoptionem
2893 3345 3083 3402 eadem
3135 3349 3397 3418 dignitate

1819 3437 2076 3506 praeditus
2128 3444 2242 3499 est,
2311 3445 2496 3505 utpote
2541 3435 2884 3491 inhabitante
2939 3438 3113 3508 ipsum
3177 3438 3396 3497 Verbo?

1820 3526 1992 3580 liabet
2019 3525 2202 3596 itaque
2230 3525 2434 3594 aliquid
2461 3527 2693 3595 amplius
2723 3527 2894 3582 nostri
2923 3527 3138 3584 similis.
3172 3530 3396 3587 lnhabi-

1821 3628 1898 3672 tat
1946 3618 2088 3673 enim
2125 3617 2290 3672 etiam
2333 3618 2385 3671 in
2445 3619 2758 3688 nobisipsis.
2811 3618 2964 3685 Quod
3008 3629 3066 3676 et
3107 3621 3398 3678 conﬁrmat

1818 3708 2218 3764 sacratissimus
2245 3706 2444 3763 Paulus
2463 3707 2646 3762 dicens
2670 3723 2684 3758 :
2711 3708 2876 3778 733
2897 3727 2914 3759 ‹
2930 3709 3100 3780 llujus
3118 3712 3196 3766 rei
3217 3716 3394 3781 gratia

1817 3803 1976 3857 ﬂecto
2038 3815 2209 3871 genua
2269 3815 2385 3854 mea
2417 3799 2483 3852 ad
2529 3797 2743 3854 Patrem
2802 3799 3014 3856 Domini
3065 3805 3232 3858 nostri
3266 3803 3395 3860 Jcsu

1816 3892 2041 3958 Christi,
2089 3909 2155 3947 ex
2201 3906 2307 3960 quo
2334 3891 2510 3945 omnis
2565 3892 2863 3960 paternitas
2918 3893 2970 3947 in
3028 3894 3183 3951 caelis
3227 3907 3280 3952 ct
3337 3897 3392 3952 in

1818 3995 1963 4040 terra
2007 3984 2337 4049 nominatur,
2380 3991 2438 4037 ut
2483 3983 2573 4037 det
2622 3985 2774 4038 vobis
2830 3987 3125 4042 secundum
3175 3988 3394 4046 divitias

1817 4078 2001 4148 gloria:
2027 4092 2160 4139 suae,
2194 4075 2390 4129 virtute
2435 4074 2773 4130 corroborari
2800 4091 2896 4145 per
2939 4078 3201 4149 Spiritum
3247 4084 3390 4153 ejus,

1818 4168 2066 4222 habitare
2091 4165 2367 4220 Christum
2403 4165 2457 4218 in
2499 4165 2979 4233 cordibusjnostris
3012 4172 3051 4224 ⁸.
3091 4190 3110 4224 ι
3141 4171 3196 4227 ln
3235 4175 3392 4231 nobis

1817 4261 1958 4312 enim
1993 4268 2077 4314 est
2111 4272 2206 4327 per
2233 4255 2547 4326 Spiritum,¢
2584 4256 2638 4310 iu
2694 4275 2800 4328 quo
2839 4262 3177 4318 clamamus:
3214 4266 3390 4330 Abba,

1817 4351 1980 4404 Pater
2003 4351 2045 4402 '.
2093 4366 2112 4400 ›
2160 4345 2314 4400 Nulla
2362 4346 2546 4415 itaque
2596 4348 2805 4402 ratione
2854 4351 3059 4406 erimus
3106 4353 3394 4412 inferiores

1817 4445 1978 4498 etiam
2011 4457 2142 4506 nos,
2167 4441 2434 4510 siquidem
2477 4441 2616 4496 Deus
2642 4457 2705 4496 ac
2734 4439 2898 4496 Pater
2933 4458 3030 4499 nos
3079 4445 3269 4501 iisdem
3299 4463 3393 4503 re-

1815 4537 1917 4589 bus
1950 4536 2202 4603 diguatus
2248 4541 2350 4587 est.
2393 4531 2526 4585 Nam
2568 4543 2622 4587 et
2655 4548 2757 4589 nos
2791 4549 2886 4602 per
2918 4536 3148 4604 gratiam
3202 4553 3390 4596 sumus

1820 4627 1911 4680 lilii
1953 4627 2122 4680 ctdii.
2151 4623 2420 4678 Translati
2453 4639 2617 4694 porro
2649 4639 2838 4679 sumus
2875 4629 3099 4682 omnino
3144 4629 3211 4685 ad
3239 4645 3392 4685 eam-

1819 4723 1940 4775 dem
2017 4719 2160 4772 illam
2224 4719 2715 4786 superemineutem
2783 4729 2946 4789 atque
3014 4723 3388 4778 admirandam

1816 4811 2154 4880 dignitatem,
2195 4819 2379 4879 utpote
2428 4810 2763 4865 inhabitante
2815 4813 2869 4866 in
2924 4815 3078 4870 nobis
3114 4817 3390 4886 unigenito

1816 4904 1910 4956 Dei
1945 4903 2137 4958 Verbo.
2175 4901 2400 4972 Impiqu
2434 4917 2562 4957 vero
2594 4912 2648 4957 et
2690 4904 2986 4958 absurdum
3027 4920 3253 4976 prorsus
3279 4909 3388 4963 fue-

1817 4995 1886 5047 rit
1918 4994 2098 5046 dicere
2138 4993 2388 5062 dignatus
2431 5007 2552 5048 esse
2604 5008 2701 5046 nos
2743 4992 2927 5048 Jesum
2976 4993 3273 5063 ﬁliatione,
3321 5012 3388 5054 ac

1819 5086 1977 5139 veluti
2007 5099 2100 5152 per
2120 5085 2348 5155 gratiam
2387 5085 2532 5140 hunc
2562 5086 2819 5140 honorem
2847 5088 3142 5157 accepisse.

1884 5178 1947 5230 ll.
1991 5176 2087 5232 Dic
2127 5175 2417 5247 quomodo.

1886 5266 1952 5319 Δ.
1995 5265 2197 5321 Dicam.
2222 5265 2462 5321 Primum
2495 5269 2666 5335 enim,
2702 5279 2760 5325 ut
2801 5269 2935 5336 dixi,
2967 5269 3212 5331 diversus
3243 5270 3385 5328 exsi-

1568 5447 1585 5478 ί
1617 5445 1814 5515 Ephes.
1865 5460 1944 5508 ιιι,
1986 5445 2175 5501 14-16.
2252 5450 2272 5478 ³
2303 5444 2477 5501 Galat.
2513 5461 2585 5511 Iv,
2618 5446 2671 5501 6.

1363 5626 1512 5682 ΒΟΝ.
1557 5625 1878 5684 VULCANII
1918 5625 2148 5682 NOTAE.

199 5803 250 5857 ll
271 5798 320 5867 ι)
359 5799 587 5872 Cyrillus
613 5800 893 5872 Glaphyris
935 5801 991 5854 in
1025 5799 1268 5854 Exodnm
1300 5816 1418 5871 cap.
1449 5803 1505 5868 5,
1537 5802 1588 5857 id
1616 5802 2054 5881 latiusexplicat.
