3846 6210
442 348 592 418 1195

1481 363 1536 416 S.
1575 362 1851 419 CYRILL‘I
1893 362 2365 423 ALEXANDle
2403 368 2727 429 ARCHIEP.

3569 380 3690 436 £296

453 491 605 535 stens
669 481 958 549 separatim
1011 480 1179 535 Filius
1226 492 1280 535 et
1328 481 1579 539 Christus
1633 496 1690 541 et
1734 485 2011 553 Dominus1

2127 489 2203 542 ὢν
2245 491 2427 555 ίδικῶς
2478 491 2604 554 Υἱὸς
2634 495 2726 545 καὶ
2752 494 2983 563 Χριστὸς
3026 496 3119 547 καὶ
3150 496 3373 565 Κύριος,
3414 502 3563 569 παρὰ
3607 503 3692 554 τὸν

452 581 649 640 praeter
677 571 823 624 illum
866 571 956 641 qui
999 586 1123 625 vere
1154 582 1209 626 et
1249 575 1542 627 secundum
1586 586 1867 642 naturam,
1898 578 2023 633 hinc

453 666 802 735 intelligatur.
843 663 1111 718 Prmterea
1139 664 1279 718 aliud
1310 666 1472 719 etiam
1508 667 1798 721 absurdum
1832 683 2026 724 conse-

451 759 657 828 quitur,
688 758 961 826 rectisque
990 756 1491 812 ratiocinationibus
1522 773 1843 828 repugnans.

521 935 583 989 Β.
625 932 938 1000 Quidnam?

520 1024 587 1081 Α.
631 1022 1074 1092 Sapientissimns
1122 1019 1358 1076 Joannes
1418 1020 1485 1076 de
1536 1023 1752 1077 Christo
1799 1023 2022 1091 inquit:

456 1134 476 1169 ι
511 1115 566 1170 In
618 1117 832 1186 propria
884 1116 1061 1177 venit,
1114 1124 1168 1167 et
1224 1114 1305 1167 sui
1350 1128 1471 1165 eum
1523 1129 1627 1166 non
1681 1123 2020 1182 receperunt.

452 1208 729 1277 Quotquot
764 1216 939 1260 autem
977 1214 1295 1275 receperunt
1322 1220 1466 1270 eum,
1497 1206 1645 1258 dedit
1672 1205 1752 1259 eis
1786 1216 2022 1273 potestae

452 1309 558 1355 tem
590 1299 731 1353 ﬁlios
780 1296 869 1349 Dei
907 1295 1095 1359 lieri'.
1141 1315 1161 1347 ι
1193 1294 1294 1361 Qui
1337 1310 1465 1363 ergo
1494 1310 1586 1361 per
1621 1295 1847 1364 gratiam
1888 1296 2024 1348 lilia-

451 1394 651 1447 tionem
711 1400 1034 1445 consecutus
1086 1396 1204 1451 est,
1256 1395 1311 1440 et
1366 1387 1653 1439 ascititiam
1711 1387 2021 1454 dignitatem

450 1483 675 1550 adeptus
710 1489 793 1533 est
840 1494 961 1532 esse
996 1478 1048 1531 id
1097 1476 1238 1547 quod
1293 1485 1395 1541 est,
1445 1476 1703 1546 largietur
1728 1477 1847 1529 aliis
1880 1477 2023 1545 quod

453 1570 568 1641 ipse
603 1587 745 1640 (egre
774 1582 965 1626 nactus
1014 1578 1116 1623 cst.
1149 1572 1341 1621 Annon
1393 1568 1484 1622 tibi
1536 1569 1587 1622 id
1623 1568 2022 1623 dissentaneum

448 1677 576 1717 vero
612 1661 893 1716 videatur?

516 1755 579 1810 Β.
612 1755 865 1811 Omnino.

2128 578 2300 649 ἀληθῆ
2335 596 2393 632 τε
2425 580 2517 633 καὶ
2559 581 2697 634 κατὰ
2726 583 2908 651 φύσιν,
2955 585 3115 637 νοοῖτ’
3147 584 3212 638 ἂν
3259 586 3528 642 ἐντεῦθεν.
3569 583 3713 643 Εἶτα

2129 667 2264 736 πρὸς
2308 666 2503 737 τούτῳ,
2533 670 2627 721 καὶ
2657 670 2842 739 ἕτερόν
2879 687 2931 723 τι
2971 670 3078 723 τῶν
3109 674 3407 742 ἀμηχάνων
3438 679 3690 748 εἰσκρίνε-

2127 776 2235 821 ται,
2269 762 2362 813 καὶ
2387 765 2497 824 τοῖς
2519 766 2599 825 εἰς
2628 763 2896 834 ὀρθότητα
2924 766 3201 838 λογισμοῖς
3232 773 3332 824 οὒκ
3364 776 3692 839 ἀπεοικότως

2126 850 2599 923 ἀντανιστάμενον.

2198 942 2258 996 Β.
2299 944 2371 995 Τὸ
2400 947 2549 999 ποῖόν
2576 965 2626 1000 τι
2662 950 2802 1019 φής;

2196 1034 2262 1088 Α.
2317 1035 2373 1087 Ὁ
2424 1037 2696 1106 πάνσοφος
2752 1040 3005 1109 Ἰωάννης
3049 1043 3175 1114 περὶ
3227 1046 3462 1115 Χριστοῦ
3514 1067 3696 1121 φησιν’

2132 1142 2151 1177 ι
2194 1127 2287 1190 Εἰς
2308 1128 2375 1182 τὰ
2406 1128 2513 1183 ἴδια
2541 1125 2694 1202 ἦλθε,
2724 1133 2818 1184 καὶ
2849 1134 2897 1185 οἰ
2930 1134 3049 1199 ἴδιοι
3074 1137 3235 1189 αὐτὸν
3271 1140 3333 1192 οὺ
3369 1142 3697 1212 παρέλαϐον.

2127 1216 2283 1270 Ὅσοι
2311 1219 2365 1272 δὲ
2397 1219 2587 1273 ἔλαϐον
2612 1221 2794 1284 αὐτόν,
2832 1223 3028 1278 ἔδωκεν
3050 1227 3235 1291 αὐτοῖς
3264 1229 3512 1293 ἐξουσίαν
3532 1234 3702 1286 τέκνα

2124 1310 2257 1379 Θεοῦ
2318 1312 2591 1379 γενέσθαι.
2626 1334 2644 1365 ›
2683 1310 2808 1385 Ἆρ’
2853 1312 2946 1369 οὖν
2984 1321 3011 1371 6
3062 1320 3244 1389 χάριτι
3280 1322 3378 1393 τὴν
3428 1324 3703 1378 υίςυεσίαν

2125 1401 2293 1472 ἔχων,
2344 1407 2437 1456 καὶ
2485 1407 2897 1477 εἰσκεκριμένον
2945 1409 3083 1462 ἑλεῖν
3130 1413 3347 1481 ἀξίωμα
3397 1415 3457 1468 τὸ
3489 1412 3635 1469 εἶναι
3676 1418 3704 1469 ὅ

2124 1497 2259 1561 ἐστι,
2298 1498 2573 1567 χαρίσαιτ“
2610 1499 2676 1552 ἂν
2727 1502 2819 1553 καὶ
2850 1502 3057 1572 ἑτέροις
3087 1505 3115 1556 ὃ
3143 1506 3486 1577 πεπλούτηκε
3525 1510 3697 1578 μόλις.

2125 1588 2237 1640 Οὐκ
2259 1590 2521 1644 ἀπίθανον
2544 1587 2683 1645 εἷναί
2718 1609 2798 1645 σοι
2824 1593 2885 1645 τὸ
2905 1595 3092 1665 χρῆμα
3118 1597 3298 1663 δοκεῖς

2194 1770 2257 1823 Β.
2290 1770 2400 1823 Καὶ
2432 1771 2601 1840 μάλα.

514 1847 580 1903 Α.
619 1848 771 1914 Quod
800 1862 927 1901 vero
981 1861 1083 1901 non
1137 1845 1456 1900 naturaliter
1498 1844 1657 1910 inest,
1701 1848 1795 1900 sed
1844 1845 2011 1916 potius

2195 1863 2258 1915 A.
2296 1863 2369 1915 Τὸ
2393 1833 2449 1917 aé
2478 1864 2552 1934 μὴ
2590 1864 2748 1933 φύσει
2782 1865 3004 1935 προσὸν,
3032 1867 3227 1933 ἔξωθεν
3262 1873 3319 1925 δὲ
3345 1874 3551 1943 μᾶλλον
3591 1877 3705 1929 ela-

448 1942 801 1998 adventitium
828 1949 930 2009 cst,
981 1957 1157 1997 nonne
1191 1939 1352 1995 etiam
1392 1938 1512 1993 ﬁeri
1546 1946 1723 2008 potest
1755 1947 1813 1993 ut
1863 1938 2021 1993 antib-

449 2036 633 2091 tatur?

515 2128 579 2183 Β.
619 2126 851 2195 Quidni?

516 2222 584 2277 Α.
625 2219 770 2275 Fieri
802 2223 981 2288 itaque
1003 2218 1203 2289 poterit
1226 2228 1283 2273 ut
1305 2228 1362 2274 et
1384 2217 1554 2273 Filius
1576 2214 1864 2285 aliquando
1890 2211 2021 2265 lilia-

447 2312 593 2367 tione
642 2326 738 2366 sua
790 2311 1028 2365 excidat.
1085 2307 1272 2379 Neque
1331 2312 1477 2363 enim
1525 2320 1679 2363 extra
1739 2302 2017 2361 amittendi

445 2405 615 2461 aleam
648 2403 881 2475 positum
909 2413 991 2457 est
1019 2402 1160 2471 quod
1189 2412 1381 2455 natura
1410 2400 1707 2456 stabilitum
1757 2413 1861 2451 non
1911 2404 2015 2449 est.

510 2580 576 2635 Β.
616 2580 697 2635 ita
718 2578 954 2633 videtur.

510 2672 578 2729 Δ.
624 2670 734 2726 Sed
758 2682 811 2726 et
838 2671 942 2723 alia
973 2668 1181 2724 ratione
1208 2667 1437 2739 perspici
1464 2676 1642 2738 potest
1672 2676 1873 2737 quanta
1904 2676 2018 2722 tur-

440 2765 686 2838 pitudine
717 2762 1157 2831 absurditateque
1188 2761 1397 2814 illorum
1425 2762 1666 2815 doctrina
1696 2762 1764 2815 sit
1791 2761 2014 2815 referta.

441 2856 574 2912 Nam
605 2858 648 2911 si
676 2870 859 2908 verum
902 2865 1003 2918 est,
1034 2852 1084 2905 id
1115 2852 1259 2921 quod
1311 2865 1406 2918 per
1442 2851 1780 2919 ad0ptionem
1809 2861 1861 2905 et
1890 2866 2014 2921 gra-

441 2952 571 3006 tiam
598 2960 680 3003 est
735 2946 1142 3002 similitudinem
1182 2942 1388 2998 referre
1420 2942 1537 3012 ejus
1570 2945 1709 3012 quod
1752 2943 2016 2997 naturali-

441 3055 524 3098 ter
556 3057 619 3096 ac
655 3055 779 3095 vere
809 3049 934 3093 est:
964 3052 1070 3106 quo
1102 3047 1257 3105 pacto
1290 3036 1461 3091 simus
1503 3050 1599 3089 nos
1642 3051 1736 3104 per
1775 3036 2016 3102 adoptio-

439 3152 561 3190 nem
600 3134 716 3197 lilii,
750 3132 1063 3185 relationem
1115 3129 1183 3182 ad
1230 3129 1406 3196 ipsum
1459 3130 1721 3182 habentes
1777 3142 1833 3181 ut
1890 3142 2014 3181 vere

438 3228 667 3290 Filium,
724 3226 769 3279 si
824 3225 990 3279 etiam
1041 3224 1152 3293 ipse
1212 3222 1490 3276 nobiscum
1541 3222 1681 3275 inter
1723 3220 2013 3288 adoptitios

438 3317 868 3387 censeturiquo
923 3323 1080 3384 pacto
1122 3327 1301 3367 autem
1363 3313 1417 3367 in
1472 3312 1801 3380 evangelii-is
1840 3327 2012 3381 para-

435 3410 577 3468 bolis
632 3419 886 3478 tanquam
925 3406 1069 3461 [ilius
1129 3405 1359 3459 mittitur
1412 3413 1535 3474 post
1581 3404 1809 3459 servos?
1849 3419 2009 3474 quem

437 3518 559 3558 cum
616 3501 958 3568 aspexissent
991 3507 1272 3551 curatores
1317 3496 1510 3557 vinem,
1536 3496 1790 3548 dixerunt
1820 3513 1833 3545 :
1868 3514 1885 3545 ι
1914 3495 2011 3549 llic

437 3604 520 3647 est
566 3594 759 3656 haeres,
803 3589 1005 3653 venite,
1054 3587 1440 3640 interliciamus
1485 3584 1669 3639 enm‘.
1699 3604 1718 3637 ι
1760 3585 1853 3638 Est
1907 3585 2009 3654 igi-

436 3694 530 3740 tur
584 3684 630 3739 is
686 3682 775 3751 qui
830 3681 881 3734 in
926 3692 1093 3733 carne
1159 3675 1323 3747 739
1377 3678 1644 3746 apparuit,
1690 3685 1744 3731 et
1794 3674 2012 3732 .ludzeoo

439 3794 559 3831 runt
610 3776 867 3830 smvitiam
921 3779 1176 3841 expertus
1228 3780 1333 3836 est,
1385 3784 1511 3824 vere
1536 3770 1705 3824 Filius
1742 3780 1797 3824 et
1842 3770 2007 3835 liber,

437 3878 623 3938 utpote
672 3884 738 3922 ex
791 3866 960 3921 libera
1018 3875 1206 3918 natura
1236 3863 1465 3931 genitus,
1491 3869 1545 3915 et
1593 3877 1696 3916 non
1728 3878 1795 3916 ex
1824 3863 1888 3917 iis
1918 3863 2010 3932 qui

436 3963 538 4017 θυι)
565 3960 695 4029 iugo
721 3968 869 4020 sunt,
901 3966 1172 4025 quatenus
1207 3963 1461 4007 censetur
1494 3952 1656 4017 Deus,
1683 3955 1893 4009 tametsi
1929 3955 2011 4007 ia-

436 4062 558 4107 ctus
587 4051 656 4105 sit
681 4049 873 4104 similis
901 4048 1056 4101 nobis
1081 4047 1171 4115 qui
1205 4047 1304 4100 sub
1334 4046 1464 4114 jugo
1502 4058 1816 4112 versamur;
1868 4046 2011 4100 illius

436 4142 715 4200 servitutis
738 4139 827 4210 qui
855 4149 1044 4193 natura
1067 4153 1131 4191 ac
1161 4152 1287 4191 vere
1321 4136 1489 4191 Filius
1515 4144 1618 4200 est,
1639 4138 1836 4205 quique
1854 4146 2007 4190 extra

436 4250 596 4288 omne
620 4237 804 4302 jugum
836 4229 982 4283 onmi
1023 4239 1269 4283 creatura
1306 4230 1553 4295 superior
1591 4238 1710 4282 est:
1742 4228 1810 4281 ad
1847 4243 2004 4296 quem

436 4341 534 4381 nos
568 4341 661 4394 per
689 4323 1033 4392 adoptionem
1059 4332 1111 4374 et
1139 4322 1367 4390 gratiam
1399 4322 1488 4373 lilii
1521 4319 1733 4374 formati
1760 4335 1966 4373 smnus.

508 4416 568 4468 Β.
609 4414 723 4468 Non
757 4414 1006 4475 dicimus,
1048 4413 1317 4480 inquiunt,
1348 4411 1619 4465 hominem
1655 4426 1774 4465 esse
1809 4409 2003 4464 Filium

438 4508 554 4573 Dei,
585 4521 652 4561 ne
689 4507 821 4560 duos
856 4515 1050 4560 natura
1102 4504 1240 4557 ﬁlios
1289 4514 1610 4557 statuamus.
1649 4501 2009 4569 Quemadmo-

2126 4518 2203 4571 τοῦ
2236 4520 2392 4589 Θεοῦ,
2441 4524 2526 4575 ἵνα
2565 4526 2641 4596 μὴ
2675 4527 2767 4581 δύο
2802 4528 2961 4597 φύσει
2996 4534 3145 4597 υἱοὺς

435 4599 562 4652 dum
611 4598 752 4651 enim
805 4594 1040 4651 Verbum
1086 4596 1227 4663 quod
1271 4610 1337 4647 ex
1380 4593 1535 4648 caelis
1570 4594 1850 4648 descendit
1899 4608 2006 4647 non

435 4699 520 4743 est
548 4688 844 4743 secundum
900 4695 1151 4739 naturam
1198 4685 1336 4738 illius
1383 4682 1588 4737 David:
1638 4684 1711 4737 ita
1746 4699 1920 4754 neque
1964 4685 2010 4740 is

434 4780 635 4850 quiest
669 4794 738 4834 ex
764 4778 970 4833 semine
1019 4776 1187 4831 David
1235 4785 1317 4830 est
1360 4773 1528 4831 Filius
1574 4773 1666 4830 Dei
1709 4777 2005 4831 secundum

435 4881 711 4926 naturam.

503 4963 569 5016 A.
608 4961 923 5017 Dividentur
953 4960 1138 5030 itaque
1168 4959 1220 5014 in
1267 4958 1400 5014 duos
1427 4959 1601 5025 ﬁlios,
1639 4968 1803 5030 atque
1845 4962 2006 5014 ambo

435 5054 572 5111 falso
627 5055 700 5109 ita
750 5053 1009 5125 appellari
1043 5052 1555 5121 deprehendentur?
1608 5051 1819 5106 Dixerit
1877 5067 2005 5107 vero

435 5148 629 5217 aliquis
662 5145 874 5200 inanem
907 5160 973 5199 ac
1007 5158 1198 5198 vanam
1234 5143 1590 5214 imposturam
1634 5158 1754 5199 esse
1800 5142 2003 5199 Christi

435 5238 771 5310 mysterium,
802 5237 848 5293 si
881 5240 954 5292 ita
988 5251 1048 5292 se
1075 5251 1162 5292 res
1182 5236 1347 5291 habet
1375 5246 1537 5305 atque
1565 5236 1721 5292 deliri
1761 5236 2003 5292 haeretici

433 5331 640 5387 volunt.
688 5329 945 5398 Quaenam
987 5329 1150 5398 igitur
1194 5330 1301 5384 erit
1357 5330 1585 5385 unitas?
1632 5339 1727 5386 aut
1782 5347 1889 5401 qua
1935 5333 2003 5388 de

432 5439 593 5478 causa
615 5422 810 5478 factam
831 5422 974 5476 illam
1003 5422 1219 5477 dicent?
1236 5421 1545 5488 Quinetiam
1571 5416 1765 5478 ialsUm
1787 5439 2002 5494 quoque

435 5511 616 5576 fuerit,
643 5513 784 5580 quod
814 5508 991 5566 factus
1014 5510 1083 5566 sit
1106 5524 1260 5575 caro,
1284 5521 1339 5566 et
1366 5526 1824 5582 supervacaneum
1852 5530 2000 5569 com—

426 5612 674 5658 mentum
702 5604 827 5670 erit,
864 5604 907 5658 si
936 5619 1043 5658 non
1082 5614 1307 5659 vocatus
1348 5605 1420 5659 sit
1461 5603 1608 5661 (ilius
1653 5603 1820 5663 David
1861 5606 1996 5664 Ver-

500 5776 525 5809 ⁸
549 5774 703 5833 Joan.
734 5793 771 5845 ι,
810 5779 893 5845 ιι,
932 5778 1017 5833 i9.
1094 5780 1114 5813 δ
1147 5779 1336 5836 Matth.
1370 5796 1486 5848 ut,
1517 5780 1605 5835 58.

2126 1954 2505 2024 πεποιημένον
2526 1995 2542 2020 ,
2573 1956 2674 2008 οὐκ
2699 1956 3009 2028 ἀπόϐλητον
3037 1959 3235 2026 γένοιτ’
3261 1963 3350 2028 ἂν,
3383 1967 3528 2021 κατὰ
3558 1984 3624 2035 γε
3643 1969 3705 2021 τὸ

2121 2045 2429 2116 ὲγχωροῦν;

2194 2136 2254 2190 Β.
2288 2136 2410 2199 Πῶς
2434 2137 2541 2209 γὰρ
2572 2138 2662 2206 οὓς

2192 2225 2257 2278 Α.
2294 2227 2502 2281 Οὐκοῦν
2561 2228 2645 2299 εἴη
2694 2230 2761 2284 ἂν
2802 2232 2911 2287 τῶν
2950 2235 3311 2306 ἐνδεχομένων
3359 2241 3455 2293 καὶ
3513 2242 3706 2296 ἀπολι-

2122 2319 2268 2372 σθεῖν
2297 2338 2427 2373 ποτε
2474 2320 2731 2377 δύνασθαι
2772 2329 2871 2393 τῆς
2914 2328 3156 2399 υίότητος
3194 2331 3286 2384 τὸν
3313 2331 3458 2386 Υίόν.
3487 2336 3565 2387 Οὐ
3595 2338 3706 2407 γὰρ

2118 2409 2431 2465 ἀνύποπτον
2476 2414 2555 2475 si;
2593 2416 2886 2488 ἀποεολὴν.
2926 2418 2955 2471 ὃ
2987 2420 3061 2490 μὴ
3105 2426 3352 2491 φυσικοῖς
3383 2427 3705 2497 ἐρήρεισται

2119 2502 2328 2572 νόμοις.

2190 2592 2251 2647 Β.
2281 2589 2409 2648 Ὧδε
2450 2595 2585 2666 ἔχει.

2186 2688 2253 2740 Α.
2285 2688 2394 2741 Καὶ
2423 2690 2546 2742 καθ’
2577 2691 2763 2761 ἕτερον
2815 2694 2872 2747 δὲ
2915 2697 3118 2766 τρόπον
3152 2700 3467 2771 καταθεῷτό
3500 2721 3585 2767 τις
3611 2706 3701 2769 ἂν.

2116 2776 2191 2841 ὡς
2225 2779 2459 2844 ἀκαλλὲς
2508 2782 2566 2835 τέ
2606 2786 2743 2847 ἐστι,
2780 2786 2876 2839 καὶ
2922 2788 3024 2858 τῆς
3065 2791 3325 2845 ἀνωτάτω
3376 2794 3705 2859 δυσεουλίας

2118 2872 2408 2941 ὲπίμεστον
2446 2875 2660 2945 ἀληθῶς
2706 2878 2765 2929 τὸ
2814 2878 2989 2950 δόγμα
3038 2884 3238 2945 αὐτοῖς.
3278 2885 3339 2937 Εἰ
3387 2888 3495 2956 γάρ
3551 2891 3705 2942 ἐστιν

2117 2962 2333 3032 ἀληθὲς,
2358 2964 2433 3029 ὡς
2460 2966 2518 3019 τὸ
2557 2969 2697 3029 κατὰ
2721 2969 2867 3023 θέσιν
2897 2974 2990 3025 καὶ
3024 2975 3185 3044 χάριν
3214 2977 3300 3029 ἀεί
3326 2997 3441 3043 πως
3470 2983 3621 3034 ἐστὶν
3645 2986 3703 3035 ἐν

2115 3056 2373 3126 ὁμοιώσει
2418 3059 2513 3112 τοῦ
2545 3063 2686 3115 κατὰ
2732 3062 2895 3132 φύσιν
2924 3067 3019 3119 καὶ
3068 3069 3343 3139 ἀλήθειαν,
3376 3072 3494 3135 πῶς
3538 3076 3708 3143 ἡμεῖς

2117 3148 2256 3200 κατά
2283 3148 2430 3202 θέσιν
2465 3152 2588 3213 υἱοὶ,
2634 3154 2772 3237 πρὸ-ς
2800 3157 2961 3210 αὐτὸν
3011 3159 3223 3229 ἔχοντες
3272 3162 3370 3233 τὴν
3416 3167 3702 3237 ἀναφορὰν

2118 3236 2193 3299 ὡς
2227 3238 2361 3308 πρὸς
2388 3239 2515 3294 my
2542 3228 2777 3313 ἀληοώξ,
2805 3249 2853 3299 εἰ
2881 3250 2970 3301 καὶ
2992 3228 3154 3313 asia;
3184 3252 3301 3322 μεθ’
3324 3228 3354 3323 ἦ
3366 3254 3482 3324 μῶν
3511 3228 3569 3308 tv
3591 3228 3703 3321 τοῖς

2121 3328 2260 3381 κατὰ
2294 3332 2454 3401 χάριν
2502 3334 2616 3386 ἐστί
2637 3353 2650 3393 ς
2683 3337 2798 3399 πῶς
2844 3337 2899 3390 δὲ
2934 3340 3026 3392 καὶ
3053 3342 3111 3393 ἐν
3152 3345 3273 3403 ταῖς
3314 3345 3705 3413 εὐαγγελικαῖς

2121 3422 2478 3491 παραϐολαῖς,
2512 3426 2588 3490 ὡς
2623 3428 2735 3492 υίὸς
2776 3430 3050 3500 πέμπεται
3098 3439 3233 3505 μετὰ
3269 3438 3395 3500 τοὺς
3444 3442 3700 3507 οἶκέταςς

2119 3512 2176 3564 ὂν
2207 3515 2508 3585 ἑωρακότες
2536 3518 2585 3569 οἱ
2627 3519 2721 3572 τοῦ
2758 3521 3081 3591 ἀμπελῶνος
3122 3525 3429 3594 μελεᾶυνοί·
3474 3550 3493 3581 α
3530 3526 3705 3596 Οὗτός

2119 3603 2268 3657 ἐστιν
2313 3609 2340 3659 6
2389 3607 2745 3680 κληρονόμος·
2779 3613 2953 3680 δεῦτε,
2996 3618 3408 3689 ἀποκτείνωμεν
3457 3622 3649 3678 αὐτόν.
3679 3642 3698 3674 ι

2123 3690 2292 3748 "Eata
2312 3699 2487 3752 τοίνυν
2515 3703 2543 3753 6
2575 3702 2635 3754 ἐν
2664 3705 2828 3774 σαρκὶ
2858 3707 3135 3779 πεφηνὼς,
3167 3712 3260 3763 καὶ
3288 3712 3387 3780 τῆς
3426 3713 3706 3769 Ἰουδαίων

2121 3783 2439 3855 σκαιότητος
2465 3790 2543 3851 εὶς
2568 3793 2761 3861 πεῖραν
2788 3794 2980 3863 ἐλθὼν,
3014 3797 3140 3862 Υἱὸς
3170 3800 3402 3871 ἀληθῶς,
3431 3806 3524 3857 καὶ
3546 3806 3706 3860 ἐλευ-

2119 3873 2297 3947 θερος,
2322 3879 2397 3951 ῶς
2432 3880 2646 3948 φύσεως
2688 3884 2929 3955 δηλονότι
2969 3892 3069 3961 τῆς
3120 3892 3408 3963 ἐλευθέρας
3454 3896 3704 3965 ἐκπεφυ-

2118 3968 2248 4034 κὼς,
2295 3973 2389 4024 καὶ
2432 3974 2533 4026 οὐκ
2566 3975 2623 4028 ἓν
2671 3993 2735 4044 γε
2784 3983 2898 4043 τοῖς
2940 3982 3045 4034 ὑπὸ
3095 3982 3278 4053 ζυγὸν,
3311 3985 3445 4039 καθὸ
3491 3992 3702 4044 νοεῖται

2116 4059 2268 4123 Θεὸς,
2311 4064 2403 4116 καὶ
2437 4067 2485 4117 εί
2519 4068 2708 4135 γέγονε
2739 4070 2864 4124 καθ’
2898 4074 3044 4143 ἡμᾶς
3074 4078 3197 4140 τοὺς
3219 4076 3323 4130 ὑπὸ
3358 4079 3539 4146 ζυγὸν,
3568 4082 3702 4137 δου-

2115 4154 2277 4247 λείας.
2297 4158 2430 4221 υἱὸς,
2461 4160 2489 4210 6
2519 4159 2666 4226 Υἱὸς,
2698 4162 2773 4226 ὡς
2801 4164 2958 4235 ἔφην,
2992 4167 3151 4236 φύσει
3188 4186 3248 4221 τε
3278 4172 3371 4223 καί
3401 4172 3649 4243 ἀληθῶς,
3674 4179 3705 4230 6

2118 4246 2452 4317 πέραζυγοῦ
2489 4253 2582 4304 καὶ
2612 4254 2749 4324 ὑπὲρ
2781 4256 2880 4327 τὴν
2914 4260 3090 4313 κτίσιν
3110 4275 3124 4289 °
3156 4263 3291 4332 προς
3318 4264 3377 4314 ὂν
3406 4267 3499 4317 καὶ
3528 4269 3706 4336 ἡμεῖς

2114 4341 2162 4392 οἱ
2189 4341 2325 4393 κατὰ
2358 4341 2505 4394 θέσιν
2529 4345 2623 4396 καὶ
2660 4346 2820 4418 χάριν
2851 4350 2956 4401 υἱοὶ
2988 4353 3414 4423 μεμορφὼμεθα.

2184 4431 2244 4484 Β.
2287 4432 2361 4484 Οὐ
2413 4432 2667 4505 λέγομεν,
2710 4440 2864 4506 φασὶ,
2920 4441 3010 4495 τὸν
3048 4444 3357 4515 ἄνθρωπον,
3388 4447 3519 4499 Υίὸν
3550 4444 3708 4504 εἶναι

3189 4536 3449 4605 εἰπωμεν.
3475 4538 3708 4611 ’Ὠσπερ

2111 4610 2270 4681 γὰρό
2307 4614 2367 4677 ἐξ
2398 4616 2643 4685 οὐρανῶν
2683 4621 2958 4676 κατελθὼν
3002 4626 3194 4692 Λόγος,
3230 4629 3331 4680 οὐκ
3377 4628 3494 4683 ἔστι
3546 4636 3708 4687 κατὰ

2112 4702 2274 4771 φύσιν
2309 4706 2423 4769 υίὸς
2470 4707 2565 4761 τοῦ
2616 4711 2799 4776 Δαόὶδ,
2847 4712 3020 4778 οὕτως
3052 4716 3175 4770 οὐδὲ
3210 4719 3239 4769 ὁ
3270 4720 3333 4771 ἐκ
3372 4720 3706 4793 σπέρματος

2108 4793 2203 4847 τοῦ
2234 4795 2417 4863 Δαϐὶδ,
2456 4799 2585 4864 Υἱός
2620 4804 2737 4856 ὲστι
2766 4805 2908 4859 κατὰ
2937 4808 3097 4875 φύσιν
3124 4808 3220 4863 τοῦ
3242 4809 3398 4864 Θεοῦ.

2178 4975 2243 5029 Α.
2284 4976 2744 5050 Διατετμήσονται
2770 4981 2832 5053 δὴ
2863 4979 2955 5037 οῦν
2974 4986 3055 5050 είς
3083 4987 3231 5051 υἱοὺς
3258 4987 3372 5054 δύο,
3398 4992 3496 5044 καὶ
3522 4994 3696 5064 ἄμφω

2108 5064 2451 5139 ψευδώνυμοι
2483 5073 2924 5143 καταφωραθεῖεν
2954 5075 3040 5143 av;
3070 5078 3207 5148 Φαίη
3229 5079 3273 5133 δ’
3291 5080 3379 5146 ἂν,
3394 5077 3576 5151 οἶμαι,
3608 5088 3691 5149 τὶς

2105 5156 2312 5210 είκαῖον
2365 5152 2505 5212 εἶναι
2551 5164 2902 5235 φενακισμὸν,
2962 5166 3018 5220 τὸ
3068 5168 3304 5240 Χριστοῦ
3360 5176 3684 5246 μυστήριον,

2107 5246 2265 5317 εἴπερ
2291 5240 2395 5302 ὧδε
2431 5250 2545 5321 ἔχει
2575 5253 2719 5307 καθὰ
2751 5254 3047 5325 ληροῦντές
3077 5276 3241 5328 φασιν
3272 5263 3323 5315 οἱ
3358 5240 3677 5329 διεναντίας.

2106 5337 2218 5390 Ποῦ
2243 5342 2534 5412 τοιγαροῦν
2557 5346 2590 5414 ή
2629 5344 2845 5411 ἓνωσις,
2875 5350 2969 5402 καὶ
2996 5351 3082 5419 ἐφ’
3104 5351 3212 5423 ὅτῳ
3244 5355 3562 5426 πεπρᾶχθαι
3586 5375 3687 5426 φα·

2109 5428 2191 5482 σὶν
2218 5430 2423 5504 αὑτήν;
2462 5434 2532 5488 Ἦ
2562 5436 2705 5507 τάχα
2734 5455 2859 5503 που,
2890 5442 2983 5494 καὶ
3009 5442 3071 5494 τὸ
3097 5444 3353 5511 γενέσθαι
3385 5448 3571 5519 σάρκα
3595 5450 3686 5503 τδν

2105 5520 2298 5590 Λόγον,
2339 5524 2438 5577 οὐκ
2472 5525 2672 5598 ἀληθὲς
2701 5528 2760 5582 ὃν
2789 5531 3125 5599 ὲκεραίνεται,
3150 5535 3242 5589 καὶ
3273 5538 3550 5607 περιττῶς
3574 5542 3689 5592 εισ-

2104 5617 2527 5686 κεκομισμὲνον,
2550 5620 2597 5672 εί
2646 5620 2723 5693 μὴ
2774 5623 3179 5695 κεχρημάτικεν
3208 5626 3339 5690 Υἱὸς
3370 5628 3469 5681 τοῦ
3494 5629 3688 5693 Δαόὶδ,
