3846 6210
205 315 338 370 1297

1321 308 1515 378 QUOD
1558 311 1740 371 ΠΝυὸ
1779 314 1885 369 SIT
1925 316 2290 378 CHRISTUS.

3318 331 3452 388 1298

202 437 230 488 6
260 436 323 489 ὲκ
359 431 496 488 Θεοῦ
524 430 735 504 Πατρδς
763 432 954 499 Λόγος,
981 430 1072 485 διὰ
1092 431 1153 484 τὸ
1184 432 1248 484 ὲκ
1273 433 1586 504 σπέρματος
1614 434 1779 489 αὑτοῦ

1894 436 2010 492 bum
2037 455 2105 494 ex
2144 439 2254 496 Deo
2301 439 2482 498 Patre.
2525 441 2686 512 Atqui
2737 445 3040 499 censuerim
3083 447 3202 502 illos
3233 463 3262 500 a
3299 452 3453 507 nobis

202 525 454 596 γενέσθαι
478 524 619 578 κατὰ
647 523 746 594 τὴν
781 525 980 595 σάρκα.
1008 523 1222 593 Χρῆναι
1249 524 1306 577 δὲ
1329 519 1483 594 οἶμαι
1513 526 1609 578 καὶ
1644 525 1782 596 πρὸς

203 618 359 690 ἡμῶν
393 617 612 672 ἁκοῦειν
660 617 889 679 αὐτοὺς,
934 616 994 668 τὸ
1043 617 1171 686 παρ’
1204 615 1370 669 αὐτοῦ
1417 615 1510 669 τοῦ
1544 617 1779 686 Χριστοῦ

201 714 310 774 τοῖς
341 711 606 764 Ἰουδαίων
639 709 977 778 καθηγηταῖς
1004 708 1312 778 εἰρημένον·
1351 728 1368 760 1
1393 709 1457 762 Τί
1488 711 1614 779 ὑμῖν
1638 709 1783 763 δοκεῖ

205 802 334 872 περὶ
357 802 450 854 τοῦ
478 800 711 870 Χριστοῦ
734 817 748 861 ;
776 799 918 860 τίνος
935 798 1047 862 υἱός
1076 803 1190 852 ἐστι
1212 818 1226 863 ;
1253 819 1269 850 1
1293 802 1412 853 Κᾶν
1437 803 1484 852 εἰ
1519 805 1674 868 φαῖεν
1698 804 1780 856 ὅτι

203 894 294 946 τοῦ
326 893 508 954 Δασιδ,
552 892 873 946 ἀκούσονται
907 891 1044 961 πρὸς
1083 891 1261 960 ήμῶν-
1296 910 1312 942 1
1337 892 1461 955 Πῶς
1493 889 1584 946 οῦν
1617 894 1780 948 Δαϋὶδ

204 988 262 1040 ὲν
294 987 567 1057 Πνεῦματι
601 983 803 1056 Κύριον
849 984 1012 1037 αὑτὸν
1049 984 1220 1045 καλεῖ,
1271 985 1465 1053 λέγων’
1503 1003 1521 1035 1
1558 981 1723 1038 Εἶπεν
1751 987 1780 1039 6

201 1078 404 1149 Κύριος
435 1077 513 1147 τῷ
544 1077 730 1147 κυρίῳ
765 1093 885 1147 μου*
915 1076 1098 1130 Κάθου
1124 1080 1186 1129 ἐκ
1211 1077 1398 1143 δεξιῶν
1432 1096 1555 1148 μου,
1584 1080 1690 1142 ἕως
1714 1079 1780 1132 ἂν

206 1165 284 1219 θῶ
325 1168 451 1229 τοῦς
489 1164 714 1236 ἐχθρούς
765 1181 857 1217 σου
917 1165 1211 1218 ὑποπόδιον
1256 1165 1366 1218 τῶν
1431 1167 1607 1220 ποδῶν
1649 1185 1776 1234 σου;

201 1259 265 1313 El
297 1255 390 1312 οῦν
418 1259 580 1312 Δαϐὶδ
615 1261 672 1310 ἐν
701 1257 982 1328 Πνεῦματι
1019 1259 1175 1312 καλεῖ
1203 1260 1366 1312 αὐτὸν
1401 1261 1625 1331 Κύριον,
1665 1261 1779 1326 πῶς

199 1348 330 1414 Υἱὸς
353 1349 516 1403 αὑτοῦ
538 1353 736 1410 term,»
765 1352 794 1403 6
825 1349 899 1420 μὴ
931 1351 1068 1403 κατὰ
1094 1351 1252 1418 φύσιν
1283 1351 1377 1404 καὶ
1395 1352 1606 1422 άληθῶς
1630 1353 1774 1419 Υἱὸς,

198 1443 344 1496 καθά
377 1459 542 1511 φασιν
591 1443 642 1494 οἱ
675 1442 976 1505 διεναντίας
999 1483 1011 1504 ,
1049 1443 1358 1512 συνεδρεῦει
1389 1461 1448 1496 τε
1495 1446 1571 1514 τῷ
1627 1445 1775 1516 Θεῷ,

200 1534 293 1588 καὶ
320 1534 633 1604 ὁμόθρονος,
665 1533 787 1586 εἰπέ
833 1551 945 1602 μοι,
975 1534 1053 1605 τῷ
1105 1536 1325 1589 πάντων
1362 1536 1652 1606 κρατοῦντι
1694 1538 1779 1606 γί-

197 1643 383 1690 vent;
441 1626 657 1688 Καίτοι,
717 1625 863 1679 καθά
928 1643 1093 1694 φησιν
1143 1627 1171 1677 6
1219 1627 1493 1695 πάνσοξος
1545 1629 1775 1694 Παῦλος,

197 1718 372 1771 οὐδενὶ
442 1717 662 1770 πώποτε.
731 1719 840 1771 τῶν
893 1718 1140 1786 ἀγγέλων
1198 1718 1420 1789 εἴρηκεν
1481 1722 1509 1773 ὁ
1560 1720 1773 1791 Πατήρο

205 1830 225 1863 ι
257 1809 384 1874 Υἱός
429 1828 529 1880 μου
564 1809 615 1863 εἱ
650 1810 734 1864 σύ.
771 1829 789 1862 1
832 1811 970 1864 Ἀλλ’
1001 1811 1143 1864 οὐδὲ·
1189 1831 1207 1862 1
1245 1812 1426 1866 Κάθου
1482 1815 1546 1867 ἐκ
1589 1813 1777 1878 δεξιῶν

201 1919 324 1972 μου.
362 1922 380 1953 1
416 1900 568 1965 Εἶτα,
606 1902 724 1966 πῶς
755 1903 813 1956 ὲν
842 1907 954 1966 τοῖς
996 1903 1323 1975 ὑπερτάτοις
1362 1904 1657 1976 ἀξιώμασι,
1687 1909 1778 1960 καὶ

198 2000 257 2051 ὲν
290 2001 401 2061 τοῖς
426 1999 524 2068 τῆς
552 1998 807 2069 θεότητος
841 1999 1030 2063 θάκοις
1056 2000 1084 2050 6
1115 2002 1178 2052 ἐκ
1201 1999 1484 2065 γυναικὸς,
1513 2000 1604 2052 καὶ
1635 2001 1779 2072 πέρα.

197 2089 380 2158 πάσης
412 2089 611 2160 Ἀρχῆς
645 2090 738 2142 καὶ
759 2090 1115 2159 Κυριότητος,
1147 2092 1360 2161 Θρόνων
1387 2109 1444 2144 τε
1473 2093 1566 2144 καὶ
1594 2093 1781 2158 Ἑξου-

201 2180 342 2244 σίας,
396 2183 490 2236 καὶ
540 2183 740 2246 παντὸς
787 2183 1052 2252 ὀνόματος
1103 2183 1540 2253 ὀνομαζομένους
1590 2186 1780 2258 ’Λθρει

195 2273 438 2339 δὲ,ὄπως
459 2277 487 2328 6
519 2276 718 2346 Κύριος
748 2276 942 2343 λέγων·
967 2295 986 2325 1
1015 2278 1074 2329 Et
1103 2273 1196 2330 οῦν
1225 2277 1388 2329 Δαόὶδ
1418 2279 1474 2329 ὲν
1505 2278 1780 2348 Πνεύματι

197 2364 402 2436 Κύριον
456 2365 745 2436 ὀνομάζει,
794 2368 912 2431 πῶς
965 2369 1078 2431 υίὸς
1127 2367 1290 2420 αὐτοῦ
1330 2370 1476 2434 iam;
1518 2387 1536 2419 1
1568 2373 1782 2440 φρονεῖν

197 2455 487 2508 ἀναπείθει
513 2459 640 2519 τοὺς
669 2459 826 2528 οἷπερ
848 2459 912 2511 ἂν
944 2455 1052 2510 εἷεν
1075 2459 1171 2527 τῆς
1194 2459 1446 2530 ἀληθείας
1470 2461 1780 2530 ὲρευνηταὶ,

197 2545 274 2609 ὡς
306 2549 363 2600 ὲν
400 2547 614 2616 μεθέξει
651 2549 852 2617 σαρκὸς
879 2548 973 2601 καὶ
1002 2549 1234 2618 αἵματος
1260 2550 1499 2618 γεγονὼς
1527 2552 1555 2603 6
1589 2552 1781 2620 Λόγος,

200 2633 280 2700 εἷς
315 2639 594 2708 μεμένηκε
627 2641 722 2696 καὶ
744 2639 916 2703 οὕτως
955 2641 1104 2704 Υίδς,
1136 2644 1216 2694 ὅτι
1259 2643 1357 2713 μέν
1392 2645 1506 2696 ἐστι
1534 2643 1686 2707 Θεὸς,
1720 2646 1785 2698 ὲκ

199 2728 535 2800 θεοπρεποῦς
557 2733 831 2802 ὑπεροχῆς
857 2735 951 2786 καὶ
977 2733 1296 2804 κυριότητος
1317 2736 1780 2806 μαρτυρούμενος·

197 2822 282 2876 ὅτι
315 2823 371 2880 δὲ
406 2823 642 2894 πέφηνεν
687 2825 994 2894 ἄνθρωπος,
1026 2824 1120 2878 τοῦ
1158 2826 1250 2878 καὶ
1288 2825 1418 2878 Υἰοῦ
1442 2828 1784 2897 χρηματίσαι

200 2913 366 2968 Δαϐὶδ
387 2911 445 2969 εὗ
488 2915 633 2985 μάλα
660 2917 1185 2986 κατασημαίνοντος.

275 3009 333 3063 Β.
375 3011 540 3064 Φαῖεν
582 3012 648 3064 ἂν
691 3012 822 3075 ἴσως
861 3013 956 3065 καὶ
985 3013 1120 3082 πρῧς
1153 3030 1214 3080 γε
1241 3013 1434 3077 ταῦτα,
1465 3015 1786 3085 διατεκμαί-

200 3121 368 3174 ρομαι
397 3105 523 3175 γάρ·
549 3101 674 3174 Ἆρ’
701 3108 765 3158 ἐκ
793 3106 892 3175 τῆς
926 3105 1112 3168 οὐσίας
1137 3105 1231 3158 τοῦ
1262 3105 1397 3159 Θεοῦ
1431 3109 1523 3158 καὶ
1555 3107 1784 3178 Πατρὸς,

200 3199 299 3252 καὶ
353 3198 514 3251 αὑτὸν
566 3195 706 3251 εἶναι
766 3199 1010 3270 δώσομεν
1059 3199 1152 3252 τὸν
1197 3201 1260 3252 ἐκ
1316 3199 1631 3270 σπέρματος
1690 3200 1784 3253 τοῦ

200 3291 402 3356 Δαϐίδς

278 3387 344 3438 Α.
377 3385 571 3436 Καίτοι
604 3385 721 3448 πῶς
776 3385 809 3455 ἡ
841 3384 1020 3438 τοιάδε
1055 3383 1249 3447 πεῦσις
1297 3384 1360 3437 οὐ
1399 3383 1534 3436 πολὺ
1566 3385 1630 3453 δὴ
1665 3385 1786 3439 λίαν

202 3475 266 3528 τὸ
310 3475 587 3544 ἀσύφηλον
633 3475 787 3545 ἔχεις
832 3475 943 3528 Καὶ
985 3477 1299 3546 ὰπᾳδόντως
1349 3474 1417 3529 ἂν
1465 3476 1672 3544 γένοιτο
1721 3479 1784 3546 τῇ

203 3563 301 3617 τοῦ
345 3566 641 3635 μυστηρίου
675 3566 902 3635 δυνάμει
933 3565 1027 3618 καὶ
1075 3567 1188 3628 τοῖς
1217 3565 1316 3634 τῆς
1356 3564 1612 3633 ἀληθείας
1639 3565 1789 3634 φιλο-

205 3655 468 3723 θεάμοσιν
490 3673 504 3719 ;

279 3750 337 3802 Β.
379 3749 590 3819 Φράσον
627 3749 798 3811 ὅπως.

283 3843 346 3895 Λ.
388 3842 478 3910 Μὴ
504 3841 613 3910 γάρ
643 3857 734 3910 μοι
753 3839 1043 3910 διὲλῃς,ὼς
1074 3838 1262 3910 ἕτερόν
1290 3856 1412 3893 τινα
1444 3839 1617 3908 λέγων
1640 3840 1790 3910 παρὰ

204 3934 300 3986 τὸν
331 3933 426 3986 ἕνα
457 3933 690 4006 Χριστὸν
718 3933 811 3986 καὶ
833 3933 958 3985 Υἰὺν
994 3933 1218 4004 Κύριον,
1259 3933 1349 3986 τὸν
1380 3935 1443 3985 ὲκ
1476 3934 1789 4004 σπέρματος

210 4026 306 4079 τοῦ
337 4026 520 4078 Δαϐίδ.
557 4027 616 4078 Ὀ
653 4026 761 4098 γάρ
799 4042 880 4078 τοι
920 4025 1020 4094 τῆς
1055 4024 1348 4096 ὀρθότητος
1381 4025 1558 4092 λόγος.
1604 4025 1694 4079 τὸν
1726 4028 1791 4079 ἐκ

207 4119 344 4171 Θεοῦ
391 4118 601 4188 Πατρὸς
639 4117 810 4186 φύντα.
848 4117 976 4170 Υἰδν
1027 4117 1311 4187 μονογενῆ,
1362 4117 1522 4170 αὐτὸν
1565 4104 1792 4188 καὶόῦχ

211 4211 402 4283 ἕτερον
431 4205 571 4263 εἶναι
604 4209 850 4279 βούλεται
881 4211 970 4262 τὸν
1003 4211 1066 4262 ἐκ
1095 4210 1258 4262 Δαϐὶδ
1296 4214 1438 4264 κατὰ
1473 4210 1668 4282 σάρκα.
1698 4209 1790 4277 Μὴ

209 4303 393 4356 τοίνυν
443 4301 501 4367 ἐξ
555 4303 866 4372 άμετρήτου
925 4301 1192 4369 λεγόντων
1227 4303 1655 4374 ἐμϐροντησίας,
1709 4304 1790 4355 ὅτι

212 4395 402 4466 ὥσπερ
431 4397 458 4448 ὁ
487 4395 545 4461 ἐξ
573 4395 803 4465 οὐρανοῦ
841 4393 1116 4446 κατελθὼν
1149 4395 1342 4458 Λόγος,
1376 4396 1474 4447 οὐκ
1505 4394 1619 4448 ἔστι
1651 4395 1793 4448 κατὰ,

1884 528 2113 598 idipsnm
2152 532 2340 586 audire
2369 532 2587 596 debere,
2617 533 2758 603 quod
2799 535 3052 589 Christus
3082 537 3195 607 ipse
3241 537 3453 593 ,1111111111-

1884 635 2001 673 1·11111
2039 621 2371 690 principibus
2419 625 2597 681 dixit:
2657 644 2676 677 1
2735 625 2872 692 Quid
2923 629 3076 682 vobis
3125 630 3339 684 videtur
3388 631 3455 688 de

1882 711 2141 766 Christo?
2175 715 2327 782 cujus
2365 715 2503 770 ﬁlius
2530 725 2616 771 esi.
2644 719 2710 772 '?
2751 737 2769 768 1
2802 718 2954 786 Quod
2986 721 3030 776 si
3059 722 3316 784 dixerint,
3353 725 3455 778 Da-

1880 804 2040 867 vidis,
2090 806 2309 860 amlient
2355 823 2384 860 a
2441 808 2640 861 nobis:
2693 827 2714 861 1
2745 809 3024 877 Quomodo
3077 814 3239 882 igitur
3288 814 3454 870 David

1883 894 2166 948 Dominum
2217 899 2390 963 ipsum
2441 898 2494 953 in
2547 898 2748 968 Spiritu
2809 913 2986 966 vorat,
3035 905 3266 961 dicens:
3313 906 3457 961 Dixit

1881 984 2144 1040 Dominus
2173 985 2398 1042 Dmnino
2427 1004 2547 1043 tneo
2579 1008 2593 1044 :
2626 991 2764 1044 Sede
2795 1004 2825 1045 a
2855 993 3058 1048 dextris
3093 995 3247 1060 meis,
3279 995 3456 1050 donec

1880 1092 2073 1146 ponam
2109 1079 2358 1134 inimicos
2387 1091 2505 1135 tuos
2528 1082 2822 1138 scabellum
2870 1086 3063 1155 pedum
3098 1088 3358 1142 tuorum?
3395 1088 3452 1143 Si

1880 1182 2010 1238 ergo
2035 1168 2198 1222 David
2232 1171 2283 1223 111
2318 1171 2518 1240 Spiritu
2549 1183 2704 1227 vocat
2741 1175 2913 1243 ipsmn
2964 1176 3246 1231 Domitnnn
3269 1219 3285 1245 ,
3319 1194 3454 1248 queo

1881 1259 2202 1315 11101101111118
2232 1261 2346 1329 ejus
2371 1271 2507 1327 est,r
2536 1265 2624 1332 qni
2655 1276 2866 1320 nonest
2895 1268 3216 1322 naturaliter
3232 1285 3294 1322 ac
3325 1284 3453 1327 vere

1880 1346 2050 1403 Filius
2085 1349 2126 1414 ⁸,
2177 1360 2234 1404 ut
2297 1353 2530 1407 lueretici
2571 1356 2833 1410 censent?
2863 1369 2954 1410 aut
2981 1373 3086 1424 quo
3123 1372 3280 1426 pacto
3313 1360 3447 1413 assi-

1879 1441 1968 1496 det
2004 1442 2110 1496 Deo
2152 1445 2315 1498 totius
2357 1447 2592 1500 universi
2648 1447 2916 1502 Domino?
2959 1449 3141 1516 Atqui,
3191 1449 3453 1517 quemad-

1880 1534 2096 1586 modum
2143 1535 2576 1603 sapientissimus
2628 1535 2828 1591 Panlus
2879 1539 3074 1606 inquit,
3110 1539 3309 1592 nemini
3347 1555 3450 1591 1111-

1877 1639 2038 1694 quam
2089 1627 2399 1696 angelorum
2455 1628 2593 1681 dixit
2639 1628 2844 1683 Pater:
2903 1647 2922 1680 1
2981 1628 3149 1684 Filius
3203 1646 3353 1685 meus
3392 1645 3452 1687 88

1882 1725 1936 1768 tu
1961 1717 2006 1769 τ.
2050 1735 2067 1767 1
2111 1717 2214 1770 Sed
2250 1734 2462 1787 neque:
2502 1737 2520 1769 ς
2558 1719 2695 1773 Sede
2729 1735 2756 1772 a
2796 1719 2999 1773 dextris
3023 1720 3157 1774 meis
3177 1720 3220 1773 ⁸.
3259 1739 3278 1772 1
3309 1719 3451 1774 Prte-

1811 1799 1850 1853 Β
1880 1816 2027 1863 terea
2055 1811 2323 1877 quomodo
2349 1813 2398 1862 111
2434 1826 2686 1878 suprema
2717 1812 2802 1864 illa
2831 1813 3092 1883 dignitate
3145 1821 3201 1866 et
3228 1811 3280 1866 111
3317 1811 3455 1868 80110

1883 1903 2184 1956 divinitatis
2211 1902 2416 1956 sedebit
2441 1903 2533 1972 qui
2566 1918 2630 1958 ex
2665 1904 2890 1958 muliere
2931 1891 3089 1958 natus
3131 1914 3232 1967 est,
3263 1919 3456 1972 supra-

1882 2008 1986 2062 que
2011 2009 2201 2047 omnes
2228 1993 2569 2059 Principatus
2602 2005 2653 2048 et
2690 1997 3092 2050 liominationes
3119 2011 3182 2049 ac
3208 1995 3459 2052 Thronos

1883 2086 2301 2151 ctPotestates,
2348 2104 2618 2157 supraque
2667 2104 2828 2143 omne
2873 2104 3065 2142 nomen
3116 2090 3257 2156 quod
3299 2104 3462 2144 voca-

1885 2180 2056 2234 lnr'?
2122 2181 2509 2236 Animadverte
2589 2197 2715 2234 vero
2795 2197 2904 2250 quo
2974 2190 3133 2249 pacto
3195 2180 3457 2235 Dominus

1884 2272 2105 2328 dicens:
2143 2293 2161 2323 1
2200 2274 2256 2326 Si
2283 2289 2411 2342 ergo
2446 2272 2612 2327 David
2644 2275 2695 2326 in
2723 2272 2928 2343 Spiritu
2963 2274 3248 2328 Dntnintttn
3278 2285 3458 2339 Vocat,

1887 2364 2158 2431 quomodo
2179 2363 2348 2418 Filius
2380 2365 2494 2430 ejus
2520 2366 2636 2419 est?
2667 2386 2684 2417 1
2710 2366 2956 2420 veritatis
2988 2363 3462 2434 investigatoribns

1886 2455 2213 2525 persuadere
2249 2457 2358 2508 vnit
2382 2457 2523 2524 quod
2555 2456 2791 2511 Verbum
2826 2455 2920 2511 Dei
2947 2457 3130 2510 carnis
3158 2469 3211 2510 et
3238 2457 3460 2528 sangui-

1888 2549 1971 2602 nis
2014 2551 2283 2618 particeps
2318 2537 2538 2614 facfnm,
2571 2551 2734 2604 etiam
2774 2551 2876 2605 hoc
2910 2560 3066 2617 pacto
3101 2551 3299 2604 mansit
3326 2566 3463 2604 unus

1889 2642 2260 2714 7401³11108,
2301 2645 2463 2698 Deum
2512 2645 2726 2713 quidem
2769 2657 2890 2696 esse
2935 2657 2999 2695 ex
3036 2640 3216 2694 divina
3272 2655 3462 2708 super-

1885 2737 2176 2790 eminentia
2207 2746 2256 2790 et
2288 2736 2656 2789 dominatione
2689 2733 2972 2786 det-larans
2993 2752 3007 2797 ;
3031 2734 3304 2788 hominem
3335 2745 3466 2785 vero

1889 2827 2110 2892 factum,
2146 2843 2242 2898 per
2271 2827 2321 2882 id
2359 2829 2501 2897 quod
2537 2837 2691 2882 vocet
2726 2825 2920 2880 Filium
2952 2825 3141 2880 David.

1963 3005 2021 3058 Β.
2066 3006 2310 3060 Dixerint
2338 3005 2403 3058 ad
2435 3005 2549 3059 hmc
2577 3004 2828 3066 fortasse.
2862 3013 3123 3074 quantum
3149 2998 3463 3074 conjectura

1889 3097 2146 3164 consequi
2186 3112 2404 3166 possum
2439 3113 2452 3149 :
2488 3096 2629 3165 Ergo
2671 3113 2738 3151 ex
2777 3097 3010 3151 essentia
3057 3095 3150 3149 Dei
3187 3111 3248 3151 ac
3288 3095 3468 3152 Patris

1892 3191 2170 3245 fati-mlum
2204 3189 2362 3244 fuerit
2394 3205 2512 3245 esse
2542 3189 2709 3244 etiam
2755 3205 2876 3244 eum
2918 3190 3010 3259 qui
3047 3199 3223 3245 estex
3263 3190 3469 3244 semine

1891 3283 2055 3336 David
2079 3283 2102 3336 ?

1961 3375 2027 3427 A.
2069 3374 2137 3426 At
2170 3389 2300 3428 vero
2333 3373 2603 3442 quomodo
2626 3387 2732 3426 non
2764 3373 2879 3427 11188
2919 3372 3270 3442 interrogatio
3312 3371 3466 3427 stoli-

1890 3466 2076 3521 ditatis
2106 3467 2258 3534 plena
2295 3475 2606 3530 censeatur,
2638 3473 2691 3517 et
2724 3479 2752 3517 a
2790 3462 3050 3517 studiosis
3079 3462 3327 3518 veritatis
3356 3462 3468 3516 vir-

1891 3559 1991 3613 tuti
2024 3558 2263 3630 mysterii
2295 3557 2452 3628 plane
2491 3572 2791 3628 repugnare
2815 3555 3126 3626 iudicetur?

1965 3742 2031 3799 B.
2073 3742 2168 3797 Dic
2197 3757 2303 3811 quo
2330 3749 2509 3811 pacto.

1954 3835 2020 3890 A.
2075 3834 2152 3889 Ne
2211 3835 2340 3888 mihi
2404 3835 2520 3888 haec
2581 3831 2832 3893 dividas.
2880 3840 3134 3900 tanquam
3199 3830 3467 3884 diversum

1897 3927 2186 3995 quemdam
2218 3935 2464 3978 statuens
2491 3923 2559 3978 1111
2588 3939 2694 3976 11110
2723 3923 2942 3978 Christo
2977 3935 3030 3976 et
3061 3922 3196 3977 Filio
3219 3921 3467 3985 Domino.

1891 4034 2012 4073 eum
2041 4019 2130 4087 qui
2170 4028 2251 4071 est
2277 4034 2344 4072 ex
2377 4019 2581 4073 semine
2621 4019 2808 4072 David.
2849 4016 3103 4071 Veritatis
3151 4017 3296 4070 enim
3333 4016 3470 4070 ratio

1895 4109 1996 4162 hoc
2027 4107 2140 4161 vnlt
2171 4119 2228 4161 ttt
2263 4109 2574 4174 unigenitus
2605 4105 2770 4159 Filius
2797 4123 2862 4160 ex
2901 4105 3008 4160 Deo
3040 4105 3201 4159 Patre
3228 4107 3466 4176 genitus,

1879 4201 2009 4268 ipse
2041 4207 2094 4253 et
2121 4215 2224 4253 non
2269 4200 2405 4254 alius
2458 4199 2530 4253 sit.
2573 4213 2636 4252 ex
2673 4197 2838 4252 David
2888 4199 3183 4252 secundum
3228 4212 3468 4251 carnem.

1893 4291 2158 4346 Audiendi
2197 4292 2374 4361 itaque
2409 4307 2512 4344 non
2541 4302 2692 4353 sunt,
2731 4292 2819 4358 qui
2853 4306 2918 4344 ex
2948 4291 3206 4342 immensa
3235 4289 3469 4358 quadam

1897 4383 2102 4436 insania
2143 4383 2346 4446 volunt,
2399 4383 2538 4450 quod
2591 4382 2733 4434 sicut
2785 4380 3013 4434 Verbum
3066 4382 3208 4450 quod
3268 4396 3298 4433 8
3330 4380 3472 4434 1111110

214 4488 378 4557 φύσιν
414 4489 538 4551 Υἱὸς
579 4487 672 4540 τοῦ
709 4487 889 4539 Δαϐίδ.
939 4485 1125 4549 Οῦτως
1151 4487 1270 4539 οῦδὲ
1309 4488 1336 4539 ὁ
1384 4488 1446 4539 ἐκ
1480 4487 1784 4557 σπέρματος

1898 4475 2178 4529 descendit
2209 4489 2311 4527 non
2350 4483 2433 4527 est
2464 4476 2756 4528 secundum
2807 4483 3050 4526 naturam
3093 4473 3231 4526 tilius
3268 4471 3470 4536 David,

213 4581 308 4634 τοῦ
338 4580 520 4641 Δαϐιδ.
551 4580 678 4642 Υἱός
701 4581 816 4631 ἐστι
843 4578 984 4631 κατὰ
1007 4577 1168 4644 φύσιν
1196 4576 1289 4630 τοῦ
1307 4577 1463 4630 Θεοῦ.
1500 4578 1558 4629 '0
1583 4579 1692 4649 γάρ
1709 4595 1788 4631 τοι

215 4671 379 4740 φύσει
409 4672 502 4724 καὶ
534 4670 747 4740 άληθῶς
775 4671 840 4722 ἐκ
872 4669 964 4722 τοῦ
1004 4668 1212 4738 lla-:96;
1242 4665 1564 4738 ἀναλάμψας
1597 4672 1788 4736 Λόγος,

217 4765 276 4816 ὲν
308 4763 612 4835 προσλήψει
642 4760 876 4830 γεγονὼς
909 4761 1108 4830 σαρκὸς
1137 4760 1228 4812 καὶ
1260 4760 1509 4828 αἵματος,
1541 4759 1792 4829 καθάπερ

217 4855 355 4926 ἔφην
395 4856 616 4926 ἀρτίως,
649 4855 955 4924 μεμένηκεν
983 4855 1011 4905 ὀ
1042 4851 1222 4914 αὐτὸς,
1257 4852 1523 4915 τουτέστι,
1551 4851 1708 4919 φύσει
1734 4867 1792 4903 τε

218 4949 313 5002 καὶ
344 4946 559 5018 ἀληθῶς
581 4948 708 5009 Υἱὸς
743 4945 836 4998 τοῦ
877 4944 1109 5016 Πατρὸς.
1148 4938 1227 5007 εἷς
1256 4945 1330 4995 ὢν
1361 4943 1452 4997 καὶ
1488 4943 1670 5011 μόνος,
1701 4945 1799 4995 καὶ

217 5040 317 5108 οὐχ
349 5039 423 5102 ὼς
457 5038 643 5108 ἕτερος
681 5035 800 5105 μεθ’
832 5037 1041 5104 ἐτέρου,
1073 5036 1161 5088 ἵνα
1200 5034 1295 5086 καὶ
1321 5032 1378 5090 ἓν
1414 5031 1576 5084 αὐτοῦ
1607 5033 1794 5101 νοῆται

220 5132 532 5200 πρόσωπον.
579 5129 999 5197 Συναγείροντες
1049 5129 1156 5198 γὰρ
1207 5125 1377 5188 οὕτως
1423 5124 1556 5195 πρὸς
1603 5123 1795 5176 ἕνωσιν

222 5224 420 5296 ἀληθῆ,
451 5225 545 5278 καὶ
567 5225 665 5295 τὴν
694 5223 836 5292 ὑπὲρ
858 5221 980 5274 νοῦν
1017 5219 1108 5272 καὶ
1159 5218 1314 5284 λόγον
1341 5219 1408 5268 τὰ
1429 5218 1540 5276 τοῖς
1566 5215 1663 5283 τῆς
1693 5215 1794 5283 φύ-

222 5331 362 5376 σεως
401 5313 582 5378 λόγοις
632 5313 766 5382 πρὸς
797 5311 1162 5380 ἀνομοιότητα
1212 5306 1663 5376 διεσχοινισμένα,
1697 5307 1794 5374 τὴν

222 5407 434 5477 ἀπλανῆ
456 5407 552 5474 τῆς
573 5406 808 5466 πίστεως
836 5402 1160 5474 βαδιοῦμεθα
1181 5401 1383 5470 τρίϐον.
1401 5400 1537 5451 Ἕνα
1561 5398 1668 5468 γὰρ
1698 5399 1792 5450 καὶ

219 5497 314 5548 τὸν
347 5497 507 5550 αὑτὸν
541 5493 678 5549 εἷναί
720 5511 898 5564 φαμεν
916 5493 1149 5567 Χριστὸν
1182 5491 1407 5561 Ἰησοῦν,
1440 5493 1500 5542 ἐκ
1529 5488 1662 5542 Θεοῦ
1699 5489 1796 5559 μὲν

224 5588 460 5658 Πατρὸς,
492 5591 565 5649 ὡς
593 5587 723 5639 Θεὸν
741 5587 932 5654 Λόγον,
953 5586 1014 5636 ἐκ
1042 5583 1353 5656 σπέρματος
1376 5582 1431 5635 δὲ
1461 5579 1600 5633 κατὰ
1621 5580 1795 5650 σάρκα

900 5765 916 5792 ⁸
955 5766 1080 5817 ibid.
1115 5761 1295 5816 45—13.

299 5771 316 5798 ⁸
350 5767 534 5820 11111111.
575 5781 702 5829 ςλιι,
749 5765 824 5815 i'l.
900 5765 916 5792 ⁸
955 5766 1080 5817 ibid.
1115 5761 1295 5816 -15-13.
1377 5763 1392 5789 ⁷
1433 5761 1588 5813 liebr.
1643 5775 1679 5822 l,
1737 5759 1789 5808 .‘i.

1899 4568 1971 4622 ita
2007 4582 2181 4636 neque
2208 4567 2250 4620 is
2273 4567 2360 4636 qui
2391 4576 2473 4619 est
2507 4579 2570 4620 ex
2611 4568 2815 4620 semine
2860 4563 3024 4618 David
3063 4575 3144 4618 est
3175 4561 3339 4617 Filius
3383 4581 3472 4618 se-

1899 4661 2134 4715 candum
2171 4670 2414 4712 naturam
2448 4659 2558 4712 Dei.
2597 4657 2728 4711 Nam
2772 4657 3002 4710 νει-1111111
3031 4659 3170 4725 quod
3207 4655 3472 4710 naturali-

1902 4761 1983 4806 ter
2013 4767 2074 4803 ac
2111 4765 2236 4804 vere
2269 4765 2333 4804 ex
2372 4749 2528 4803 Patre
2559 4748 2790 4811 elTulsit,
2823 4764 2943 4801 cum
2993 4762 3213 4802 carnem
3257 4757 3310 4800 et
3349 4763 3476 4802 sau-

1902 4844 2116 4912 gninem
2153 4845 2463 4912 assumpsit,
2496 4842 2944 4911 quemadmodum
2974 4839 3133 4894 modo
3161 4840 3290 4899 dixi,
3317 4855 3474 4892 man-

1899 4937 1972 4991 sit
2010 4937 2172 4996 idem,
2222 4937 2323 4988 hoc
2375 4943 2479 4998 est,
2533 4946 2721 4988 natura
2753 4943 2808 4987 et
2857 4948 2982 4987 vere
3035 4931 3201 4986 Filius
3253 4929 3471 4986 Patris:

1903 5044 2045 5084 unus
2069 5029 2338 5084 exsiStens
2366 5043 2430 5080 ac
2473 5027 2642 5090 solus,
2677 5039 2731 5080 et
2766 5041 2868 5080 non
2913 5035 2972 5078 ut
3012 5025 3148 5078 alius
3185 5040 3306 5078 cmn
3347 5024 3476 5091 alio,

1904 5128 1961 5174 ut
1983 5131 2035 5174 et
2065 5136 2168 5173 una
2200 5120 2366 5188 ipsius
2396 5129 2679 5173 censeatur
2706 5134 2958 5187 persona.
2998 5115 3108 5170 11011
3139 5118 3284 5170 8111111
3323 5129 3480 5183 pacto

1906 5214 2224 5267 reducentes
2275 5212 2340 5265 ad
2379 5226 2560 5264 veram
2599 5211 2883 5272 unitatem,
2921 5219 2976 5263 et
3029 5207 3362 5262 intellectum
3415 5220 3479 5261 ac

1904 5315 2138 5358 mentem
2175 5314 2412 5357 liOSll‘ﬂlll
2461 5314 2804 5372 superantem
2844 5318 2966 5372 quze
3011 5302 3220 5357 ratione
3274 5310 3479 5354 llﬂllli‘iﬂ

1904 5396 2184 5450 dissimilia
2225 5396 2366 5449 inter
2395 5410 2452 5449 se
2493 5404 2638 5460 sunt,
2685 5402 2886 5448 rectam
2916 5393 3040 5447 ﬁdei
3091 5393 3229 5447 viam
3275 5391 3477 5445 insisti-

1907 5503 2045 5542 mus.
2081 5486 2259 5542 Unnm
2300 5486 2443 5542 enim
2471 5488 2634 5541 etiam
2663 5486 2837 5555 ipstnn
2875 5499 2996 5540 esse
3026 5486 3255 5542 dicimus
3289 5480 3480 5539 Jesnm

1903 5580 2178 5636 Christum
2213 5595 2225 5631 :
2260 5594 2327 5634 ex
2352 5579 2460 5634 Deo
2487 5579 2703 5649 quidem
2733 5575 2895 5634 Patre
2928 5587 2985 5632 ut
3013 5577 3178 5632 Deum
3207 5575 3475 5642 Verbum;

1871 5760 1889 5782 ·
1936 5756 2064 5810 ibid.
2113 5757 2194 5809 1.3.
2277 5755 2296 5785 ο
2334 5756 2714 5823 Ε1111118.1,21.
