3846 6210
434 309 569 367 1299

1425 311 1484 368 S.
1524 310 1802 369 CYRlLLl
1842 311 2306 368 ALEXANDRINI
2344 310 2666 368 ARCHIEP.

3549 306 3675 362 1300

432 437 502 479 ex
556 423 765 479 semine
824 433 1026 491 autem,
1081 427 1377 482 secundum
1439 442 1694 494 carnem,
1761 428 1997 485 Davidis.

2124 432 2199 488 τοῦ
2228 432 2518 487 θεσπεσίου
2547 430 2731 484 Δαϐἱδ.
2778 430 2849 482 Ἦ
2890 429 2990 482 οὐκ
3025 427 3223 499 ἄριστά
3272 443 3353 480 σοι
3396 422 3569 480 ταῦτα
3597 424 3676 478 δι-

432 513 586 568 Anne
609 513 705 569 tibi
730 522 876 570 recte
896 514 963 570 de
994 515 1077 570 his
1100 516 1277 584 egisse
1309 515 1539 591 videor?

497 602 560 658 Β.
597 600 856 659 Omnino.

500 695 574 750 A.
612 694 885 752 Caeterum
929 695 1133 766 aliquid
1177 706 1441 768 praeterea
1487 698 1818 756 adversariis
1867 699 2003 769 adji-

431 785 593 842 ciam.

500 879 563 934 B.
604 879 916 947 Quidnam?

502 971 569 1026 A.
611 970 799 1042 Neque
845 974 989 1028 enim
1044 973 1390 1044 Unigenitum
1434 975 1602 1032 Deum
1641 975 1876 1033 Verbum
1920 992 2006 1035 es-

433 1062 664 1118 sentiam
687 1079 753 1119 ex
792 1064 902 1121 Deo
943 1065 1104 1122 Patre
1135 1068 1333 1123 habere
1383 1071 1644 1139 credunt;
1693 1070 1787 1125 sed
1838 1071 2008 1126 homi-

434 1169 558 1209 nem
591 1155 769 1225 illum,
801 1157 893 1226 qui
940 1173 1038 1225 per
1082 1160 1537 1226 coniunctionem,
1571 1175 1628 1216 ut
1665 1164 1766 1232 ipsi
1798 1165 2003 1230 volunt,

432 1257 745 1318 assumptus
768 1259 875 1316 est,
914 1264 984 1306 ex
1025 1252 1234 1306 semine
1265 1250 1432 1307 David
1486 1253 1685 1308 factum
1730 1269 1848 1308 esse
1878 1270 2007 1320 con.-

434 1343 686 1397 tendunt.

504 1431 567 1485 Β.
607 1433 682 1486 Ita
714 1434 887 1489 aiunt.

503 1524 571 1576 A.
615 1522 905 1594 Superahit
936 1527 1119 1597 itaque
1161 1528 1382 1584 omnino
1436 1526 1672 1585 Verbum
1726 1529 1867 1600 quod
1908 1545 2006 1584 na-

432 1622 552 1669 tura
586 1632 651 1671 ac
675 1632 800 1673 vere
838 1618 980 1676 Deus
1006 1631 1111 1686 851,
1136 1636 1260 1677 eum
1304 1622 1399 1691 qui
1434 1631 1518 1678 est
1551 1639 1618 1678 ex
1664 1625 1872 1679 semine
1905 1623 2008 1677 Da-

430 1706 569 1761 vid:
615 1718 671 1763 et
727 1720 882 1766 tanto
933 1712 1151 1784 quidem
1201 1713 1462 1781 excellet,
1517 1727 1779 1786 quantum
1830 1726 1913 1771 est
1949 1716 2002 1770 iu

2106 524 2371 595 εσκέφθαι
2399 522 2542 577 δοκῶ
2562 538 2587 587 ;·

2174 617 2239 669 Β.
2278 615 2431 669 Πάνυ
2463 613 2563 684 μὲν
2589 608 2703 669 οῦν.

2176 709 2242 764 Α.
2284 707 2710 778 Προσερήσομαι
2756 704 2909 758 δέ’τι-
2950 702 3042 757 καὶ
3082 702 3271 775 ἓτερον
3314 702 3441 766 τοῦς
3470 701 3674 756 atem-

2104 800 2246 862 τίας.

2178 893 2240 946 u.
2273 889 2351 944 τδ
2378 889 2433 944 τι
2463 889 2527 961 δὴ
2557 890 2692 960 φής;

2176 985 2242 1038 Α.
2285 983 2362 1037 06‘
2388 982 2495 1052 γὰρ
2521 983 2586 1034 ἐκ
2604 978 2697 1033 τοῦ
2726 977 2944 1048 Πατρὸς
2968 977 3066 1047 τὴν
3092 975 3327 1046 ὓπαρξιν
3347 974 3492 1045 ἔχειν
3518 992 3678 1029 πεπι-

2110 1076 2369 1131 στεύκασι
2404 1074 2497 1127 τὸν
2541 1074 2803 1144 μονογενῆ
2836 1070 2967 1123 Θεὸν
2997 1069 3192 1137 Λόγον,
3229 1067 3320 1121 τόν
3345 1084 3407 1136 γε
3448 1067 3574 1139 μὴν,
3602 1067 3676 1130 ὡς

2108 1169 2262 1224 αὐτοί
2297 1185 2427 1237 φασι
2456 1165 2731 1238 ληφθέντα
2769 1163 2909 1217 κατὰ
2944 1162 3239 1230 συνάφειαν
3284 1161 3587 1229 ἄνθρωπον,
3614 1162 3691 1213 ὲκο

2110 1260 2426 1329 σπέρματος
2472 1255 2723 1309 γενέσθαι
2783 1254 2878 1308 τοῦ
2932 1252 3219 1306 Θεσπεσίου
3273 1251 3436 1306 Δαεὶδ
3482 1252 3675 1306 διατεῇ

2108 1370 2229 1407 νοντ
2234 1369 2311 1404 αι.

2179 1445 2241 1496 Β.
2282 1443 2439 1497 Οὕτω
2469 1439 2625 1511 φασίζ

2177 1539 2241 1590 Α.
2282 1534 2671 1603 Πλεονεκτήσει
2701 1531 2766 1604 δὴ
2816 1525 2909 1585 οῦν
2955 1531 3131 1601 πάντη
3175 1546 3249 1582 τεΔ
3292 1528 3385 1582 καὶ
3439 1527 3678 1591 πάντας,

2109 1629 2267 1702 φύσει
2288 1644 2347 1683 τε
2369 1628 2463 1683 καὶ
2478 1626 2603 1699 δόξῃ
2629 1626 2762 1688 Θεὸς
2783 1623 2879 1689 ὣν,
2906 1626 2935 1679 6
2954 1623 3155 1692 Λόγος,“
3170 1622 3261 1676 τὸν
3286 1623 3350 1675 ἐκ
3368 1620 3683 1692 σπέρματος

2108 1722 2200 1776 τοῦ
2224 1719 2408 1776 Δαϐίδ.
2445 1719 2557 1775 Καὶ
2591 1717 2942 1791 ὑπεραλεῖται
2990 1714 3259 1778 τοσοῦτον,
3292 1714 3419 1767 ὅσον
3456 1711 3525 1766 ἂν
3570 1711 3681 1781 ἔχοι

432 1808 747 1855 naturarum
786 1802 1085 1860 differentia
1130 1807 1419 1862 intervalli.
1473 1807 1581 1862 Aut
1627 1808 1673 1863 si
1713 1808 1784 1863 ita
1830 1824 1888 1864 se
1919 1825 1997 1862 res

2124 1812 2166 1866 πὸ
2197 1808 2529 1882 μεσολαϐοῦν
2560 1807 2672 1862 τῶν
2699 1807 2913 1878 φύσεων
2940 1809 2973 1877 ἡ
3014 1804 3264 1876 διαφορά,
3295 1804 3367 1856 Ἦ
3394 1803 3555 1874 εἴπερ
3583 1802 3683 1854 οὐκ

430 1904 539 1945 non
572 1892 733 1947 habet
766 1909 830 1949 ac
870 1896 1012 1962 dico,
1047 1912 1146 1951 cur
1184 1899 1366 1968 itaque
1415 1899 1795 1971 distinguunt?
1831 1901 2007 1970 Atque

432 1980 562 2037 huic
584 1985 803 2053 quidem
834 1989 1297 2059 tribuunt'gloriae
1330 1990 1672 2056 facultatem,
1705 1994 1848 2048 hunc
1879 2010 2005 2049 vero

429 2082 686 2142 tauquam
718 2080 989 2149 acceperit
1012 2081 1381 2146 introducunt,
1415 2093 1579 2154 atque
1621 2085 1671 2138 id
1709 2085 1852 2154 quod
1901 2095 2000 2151 est,

429 2164 604 2220 instar
620 2168 765 2236 doni,
785 2180 947 2240 atque
965 2171 1121 2244 74],
1147 2173 1390 2229 beneﬁcii
1409 2175 1760 2231 lucrifecisse.
1778 2176 2006 2232 Inferior

429 2264 611 2310 autem
642 2266 702 2311 et
728 2260 997 2327 posterior
1036 2271 1121 2316 est
1155 2262 1247 2332 qui
1278 2264 1498 2335 accipit,
1537 2280 1698 2333 quam
1744 2264 1833 2334 qui
1876 2265 2001 2332 dat;

426 2354 485 2398 et
518 2344 564 2401 is
588 2346 777 2416 quiab
801 2348 909 2404 alio
934 2349 1117 2421 gloriae
1150 2353 1421 2423 particeps
1478 2354 1729 2424 elIicitur,
1766 2369 1929 2426 quam
1959 2356 2005 2410 is

428 2434 523 2502 qui
560 2436 787 2507 gloriam
818 2438 1150 2510 impertitur.

497 2524 560 2583 Β.
581 2508 1169 2601 Μ-οι-ἰιιιαιιιίθτὺὶιωτ,
1194 2538 1357 2591 etiam
1379 2508 1862 2606 ipgidilferentiam
1888 2546 2004 2594 sta-

428 2627 589 2675 tuunt
619 2622 764 2677 inter
787 2622 951 2679 Deum
978 2636 1034 2680 et
1072 2627 1341 2684 homines.

498 2708 567 2764 A.
593 2712 1060 2783 Atqui-quomodo
1089 2717 1526 2787 sapientissimus
1555 2717 1760 2774 Paulus
1796 2718 2004 2773 divino-

426 2815 548 2854 rum
581 2805 961 2872 mysteriorum
998 2807 1251 2864 minister
1286 2810 1460 2880 ipsum
1498 2811 1645 2865 illum
1694 2812 1786 2882 qui
1810 2812 2001 2883 praedi-

426 2902 587 2946 catur
621 2894 1010 2952 iuhabitantem
1045 2898 1097 2953 in
1128 2915 1186 2956 se
1208 2900 1440 2968 habens,
1469 2916 1523 2957 et
1551 2904 1778 2973 loquens
1799 2904 1851 2958 in
1876 2904 2000 2974 Spi-

424 2984 561 3046 ritu,
580 2987 874 3041 secundum
902 3002 1122 3045 carnem
1154 3006 1222 3047 ex
1244 2992 1446 3048 Judaeis
1477 3003 1531 3048 et
1559 2992 1727 3048 Deum
1746 2995 2000 3064 appellat,

421 3087 481 3133 et
512 3079 854 3137 benedictum
887 3097 1011 3139 esse
1038 3086 1165 3139 dicit
1193 3086 1246 3140 in
1293 3088 1488 3142 saacula
1515 3108 1528 3143 :
1553 3104 1710 3143 amen
1746 3088 1834 3142 ὀἳ
1862 3088 1999 3155 Quid

424 3174 679 3238 superius
733 3180 819 3228 est
892 3172 1005 3229 Deo
1065 3177 1171 3245 qui
1207 3191 1372 3245 supra
1430 3191 1620 3233 omnes
1667 3178 1803 3233 ‘est?
1869 3152 2071 3247 quidc

423 3275 606 3316 autem
651 3265 829 3333 majus
876 3264 931 3321 in
967 3264 1141 3321 Verbo
1171 3270 1316 3337 quod
1344 3284 1412 3325 ex
1450 3268 1613 3325 Patre
1643 3270 1882 3339 genitum
1915 3281 2000 3326 est

420 3353 546 3422 quis
566 3356 958 3423 deprehendat,
977 3372 1139 3426 quam
1162 3358 1217 3412 in
1246 3374 1311 3414 eo
1331 3360 1423 3430 qui
1449 3362 1745 3416 secundum
1781 3377 1997 3416 carnem

420 3460 493 3498 εικ-
518 3444 715 3501 Iudaeis
740 3449 775 3501 ?'
801 3448 1069 3518 siquidem
1100 3462 1185 3505 est
1215 3451 1354 3506 alius
1389 3453 1458 3507 ab
1500 3454 1616 3524 ipso
1659 3463 1713 3508 et
1756 3453 1998 3524 peculia-

420 3534 555 3589 riter
582 3536 756 3592 Filius
773 3547 937 3608 atque
960 3540 1060 3595 huc
1093 3556 1198 3595 non
1233 3557 1383 3598 vere.

492 3623 555 3678 Β.
586 3626 692 3681 Sed
719 3628 988 3683 admissus
1016 3639 1121 3694 est,
1152 3631 1426 3701 inquiunt,
1453 3636 1751 3691 secundum
1774 3639 1998 3707 conjun-

418 3715 656 3771 ctionem
686 3718 732 3772 is
757 3718 849 3787 qui
872 3727 958 3773 est
988 3735 1052 3773 ex
1083 3723 1289 3777 semine
1313 3723 1505 3788 David,
1538 3737 1592 3779 et
1625 3742 1745 3782 cum
1780 3730 1996 3786 inhabi-

420 3806 550 3859 tarit
593 3806 794 3878 in-ipso
844 3806 985 3863 Deus
1032 3812 1302 3866 exsistens
1352 3812 1613 3883 Verbu'm,
1650 3832 1996 3875 communem

415 3916 541 3956 sani
589 3900 681 3955 illo
713 3900 1035 3972 dignitatem
1071 3915 1125 3957 et
1162 3904 1387 3975 gloriam
1424 3913 1807 3979 consequitur;
1851 3913 1995 3981 quod

413 4000 473 4047 et
521 3991 923 4049 sacratissimus
952 3992 1162 4050 'Paulus
1207 3997 1273 4051 de
1321 3997 1439 4068 ipso
1496 4002 1746 4058 scribens
1795 4005 1991 4063 docet:

420 4082 821 4151 eQuia-l‘actus
841 4094 926 4143 est
960 4088 1220 4143 obedieus
1251 4088 1416 4144 Patri-
1444 4107 1613 4160 usque
1642 4093 1709 4148 ad
1740 4108 1990 4163 mortem,

412 4184 647 4231 mortem
689 4185 870 4232 autem
919 4178 1119 4233 crucis.
1153 4178 1276 4233 Ideo
1303 4188 1360 4234 et
1393 4179 1534 4235 Deus
1561 4185 1995 4251 superexaltavh

409 4286 564 4336 eum,
593 4280 650 4327 et
684 4271 835 4327 dedit
865 4272 917 4327 ei
957 4287 1154 4327 nomen
1184 4273 1329 4341 quod
1362 4284 1454 4328 est-
1493 4287 1667 4343 super
1684 4290 1846 4332 omne
1893 4293 1993 4332 uo-

412 4376 542 4417 men
571 4361 642 4428 ιι,
680 4381 717 4416 ι
740 4363 843 4419 hoc
872 4373 976 4430 est,
1007 4362 1170 4419 Deus.

479 4458 546 4510 A.
574 4455 937 4512 Peculiariter
970 4457 1174 4528 itaque,
1201 4467 1259 4512 et
1302 4465 1362 4511 ut
1388 4457 1602 4515 diverso
1632 4462 1859 4516 seorsim
1894 4463 1986 4518 Fi-
2025 4494 2065 4547 ο

2107 1902 2254 1955 ἔστιν
2288 1900 2487 1972 ἀληθὲς
2525 1899 2554 1953 ὃ
2596 1915 2762 1969 φημι,
2791 1897 3094 1968 διαιροῦσιν
3136 1894 3252 1949 ἀνθ⁴
3283 1895 3433 1957 ὅτου,
3476 1894 3574 1948 καὶ
3606 1893 3684 1962 τῷ

2110 1994 2208 2064 μὲν
2237 1992 2459 2063 νέμουσι
2509 1989 2609 2060 τῆς
2636 1988 2795 2057 δόξης
2824 1987 2922 2058 τὴν
2956 1986 3223 2052 ἐξουσίαν,
3247 1984 3340 2038 τὸν
3359 1983 3418 2037 δὲ
3451 1982 3685 2038 λαϐόντα

2107 2082 2567 2157 παρακομίζουσι,
2590 2082 2683 2149 καὶ
2703 2079 2850 2134 τοῦθ’
2874 2081 3011 2151 ὅπερ
3040 2078 3208 2142 ἐστὶν,
3235 2078 3294 2130 ὲν
3309 2076 3462 2141 τάξει
3481 2075 3685 2147 γερῶν,

2107 2178 2202 2232 καὶ
2223 2179 2281 2230 ὲν
2310 2175 2650 2248 χαρίσματος
2675 2173 2841 2244 μοίρᾳ
2874 2169 3242 2242 κερδαίνοντα.
3271 2170 3444 2224 Μεῖον
3466 2168 3527 2221 δὲ
3559 2168 3689 2221 πάν-

2105 2286 2214 2332 τως
2248 2266 2345 2321 καὶ
2398 2269 2455 2320 ἐν
2484 2265 2757 2332 δευτέροις
2812 2261 2907 2316 τοῦ
2953 2261 3227 2324 διδόντος,
3272 2259 3333 2313 τὸ
3376 2259 3685 2329 δεχόμενον,

2106 2362 2201 2416 καὶ
2236 2360 2330 2415 τοῦ
2362 2357 2698 2424 δοξάζοντος,
2739 2354 2802 2409 τὸ
2846 2356 2946 2426 τῆς
2994 2353 3122 2425 παρ’
3164 2351 3331 2406 αὑτοῦ
3366 2350 3527 2422 δόξης
3555 2366 3690 2419 ust-

2107 2453 2360 2523 εσχηκός.

2175 2544 2237 2596 Β.
2279 2540 2566 2611 Instat-qv,
2589 2534 2766 2610 οἶμαι,
2800 2535 2895 2591 καὶ
2924 2533 3079 2589 αὐτοὶ
3103 2536 3259 2605 φαῖεν
3282 2532 3349 2587 ἂν
3370 2530 3469 2603 τὴν
3498 2530 3688 2600 διαφοι

2108 2630 2207 2701 ρὰν
2234 2626 2370 2682 Θεοῦ
2401 2644 2462 2680 τε
2486 2624 2581 2681 καὶ
2619 2623 2943 2696 ἀνθρώπιον.

2173 2725 2238 2776 Α.
2275 2716 2409 2775 Εἶτα
2438 2719 2556 2784 πῶς
2580 2719 2609 2771 6
2641 2718 2916 2785 πάνσοφος
2947 2714 3177 2778 Παῦλος,
3207 2715 3235 2767 6
3268 2712 3378 2765 τῶν
3400 2710 3561 2764 θείων
3595 2726 3693 2779 μυ-

2108 2815 2347 2887 στηρίων
2384 2811 2698 2884 ἱερουργὸς,
2738 2810 2768 2862 ὁ
2823 2807 2989 2862 αὐτὸν
3034 2806 3241 2860 ἔνοικον
3269 2803 3409 2873 ἔχων
3454 2802 3550 2856 τὸν
3591 2818 3691 2869 κη-

2106 2908 2452 2981 ρυττόμενον,
2481 2905 2573 2958 καὶ
2594 2903 2773 2957 λαλῶν
2799 2904 2855 2954 ὲν
2883 2897 3186 2979 Πνεόματι,
3212 2896 3303 2949 τὸν
3325 2893 3470 2949 κατὰ
3508 2892 3693 2963 σάρκα

2104 3000 2165 3066 ἐξ
2197 2998 2487 3063 Ἰουδαίων,
2520 2996 2613 3050 καὶ
2636 2993 2768 3047 Θεὸν
2800 2990 3078 3063 ὀνομάζει,
3096 2989 3191 3042 καὶ
3222 2987 3516 3057 εὐλογητὸν
3546 2981 3692 3037 εἶναί

2106 3109 2271 3163 φησιν
2301 3093 2381 3154 εἰς
2423 3089 2550 3152 τοὺς
2585 3086 2811 3148 αἰῶνας,
2867 3084 3048 3154 ἀμήνς
3082 3081 3147 3133 Τί
3183 3079 3244 3132 τὸ
3297 3079 3555 3131 ἐπέκεινα
3590 3075 3692 3129 τοῦ

2104 3187 2196 3239 ἐπὶ
2226 3181 2426 3247 παντὸς
2464 3180 2600 3235 Θεοῦ
2627 3196 2641 3243 ;
2689 3179 2743 3232 τί
2770 3177 2826 3231 δὲ
2855 3176 2915 3230 τὸ
2952 3175 3138 3246 μεῖζον
3175 3175 3233 3225 ὲν
3262 3171 3339 3242 τῷ
3366 3173 3431 3223 ἐκ
3472 3169 3692 3240 Πατρὸς

2103 3277 2446 3347 φύντιΛόγῳ
2483 3272 2823 3342 καταθρὴσαι
2852 3286 2938 3332 τις
2983 3267 3050 3321 ἂν
3101 3265 3254 3336 παρά
3306 3280 3373 3332 γε
3419 3261 3515 3315 τὸν
3543 3260 3690 3317 κατὰ

2104 3368 2282 3440 σάρκα
2314 3367 2374 3431 ἐξ
2411 3364 2700 3430 Ἰουδαίων,
2728 3363 2885 3432 εἴπερ
2930 3361 3078 3412 ἐστὶν
3120 3358 3307 3427 ἕτερος
3340 3355 3472 3426 παρ’
3501 3353 3690 3419 αὑτὸν,

2103 3462 2196 3515 καὶ
2227 3459 2410 3522 ἱδικῶς
2439 3457 2567 3522 Υἱός
2589 3456 2715 3509 ’καὶ
2748 3453 2902 3508 τοῦτο
2926 3453 3025 3505 οὐκ
3045 3449 3294 3523 ἀληθῶς;

2174 3639 2235 3690 Β.
2291 3634 2429 3689 Ἀλλ’
2470 3633 2751 3704 εἰσεδέχθη
2798 3631 2942 3686 κατὰ
2975 3629 3289 3698 συνάφειαν,
3323 3627 3512 3696 φασὶν,
3561 3627 3595 3679 6
3627 3626 3691 3678 ἐκ

2105 3729 2419 3799 σπέρματος
2438 3724 2535 3779 τοῦ
2564 3724 2750 3789 Δαόὶδ,
2773 3724 2867 3777 καὶ
2897 3722 3195 3793 ἐπειδήπερ
3224 3718 3502 3789 ἐνῴκησεν
3536 3718 3695 3786 αὐτῷ

2099 3820 2235 3882 Θεὸς
2261 3818 2335 3872 ὢν
2360 3820 2389 3871 6
2434 3817 2628 3886 Λόγος,
2654 3819 2902 3869 κοινωνεῖ
2927 3814 3026 3885 τῆς
3071 3812 3226 3877 ἀξίας
3262 3808 3412 3880 αὐτῷ
3439 3810 3537 3864 καὶ
3585 3810 3693 3878 τῆς

2097 3912 2286 3983 τιμῆς.
2318 3911 2429 3964 Καὶ
2467 3908 2625 3963 τοῦτο
2652 3908 2855 3975 διδάξει
2893 3908 3121 3978 γράφων
3152 3905 3180 3956 6
3215 3903 3511 3975 ἱερώτατος
3532 3900 3694 3956 Παῦ-

2097 4005 2189 4067 λος
2218 4003 2346 4073 περὶ
2382 4000 2571 4056 αὐτοῦ’
2612 4019 2631 4052 ι
2665 4000 2787 4053 Ὅτι
2811 3998 3034 4067 γέγονεν
3085 3996 3327 4067 ὑπήκοος
3375 3992 3457 4063 τῷ
3510 3991 3693 4059 Ila-cpi

2100 4094 2264 4165 μέχρι
2294 4092 2548 4160 θανάτου,
2584 4091 2820 4146 θανάτου
2849 4091 2909 4144 δὲ
2947 4088 3217 4161 σταυροῦ*
3241 4086 3323 4140 διὸ
3360 4086 3463 4139 καὶ
3491 4086 3520 4138 6
3554 4083 3699 4146 Θεὸς

2096 4186 2258 4241 αὐτὸν
2330 4185 2681 4257 ὒπερύψωσε,
2734 4185 2831 4237 καὶ
2878 4182 3170 4253 ἐχαρίσατο
3220 4177 3371 4248 αὐτῷ
3408 4176 3595 4248 ὄνομα
3635 4191 3701 4230 το

2096 4278 2238 4351 ὑπὲρ
2272 4280 2379 4332 πᾶν
2405 4278 2596 4348 ὄνομα,
2623 4296 2642 4329 ι
2670 4276 2829 4331 τοῦτο
2856 4276 2915 4329 δέ
2939 4277 3056 4329 ἐστι
3080 4274 3164 4340 τὸ,
3187 4272 3343 4336 Θεός.

2165 4458 2230 4509 Α.
2272 4457 2397 4527 ’Ἆρ’
2439 4449 2532 4508 οὖν
2574 4453 2758 4518 ἰδικῶς
2804 4470 2864 4507 τε
2912 4452 3007 4508 καὶ
3050 4452 3123 4515 ὡς
3151 4450 3323 4522 ἑτέρῳ
3365 4451 3706 4521 καταμόνας

411 4546 488 4603 Ιίο
513 4546 602 4617 qui
635 4556 721 4603 est
752 4563 819 4604 ex
853 4548 1059 4604 semine
1094 4549 1282 4620 David,
1316 4550 1501 4606 datum
1532 4549 1701 4608 fuisse
1729 4553 1918 4609 dicunt
1957 4572 1987 4609 a

2124 4548 2212 4620 T‘it'p
2239 4549 2316 4620 τῷ
2350 4550 2415 4601 ὲκ
2447 4547 2763 4617 σπέρματος
2782 4544 2943 4599 Δαϐὶδ
2975 4542 3221 4597 δεδόσθαι
3244 4543 3380 4613 φασὶ
3404 4544 3574 4613 παρὰ
3600 4544 3707 4597 τοῦ

346 4702 351 4707 ,
407 4638 523 4694 Deo
552 4655 753 4695 nomen
781 4643 924 4710 quod
954 4652 1047 4695 est
1067 4656 1231 4711 super
1256 4657 1418 4697 omne
1452 4658 1669 4698 nomen.

478 4730 537 4785 Β.
568 4730 993 4787 lta-aiunt-.Cum
1024 4734 1168 4788 enim
1220 4731 1544 4804 Uuigeuitus
1572 4736 1645 4790 sit
1675 4735 1818 4792 Deus
1845 4746 1985 4794 eticx

406 4824 520 4879 Deo
545 4824 846 4879 seoundum
882 4834 1156 4891 naturam,
1192 4826 1464 4895 quomodo
1499 4826 1574 4882 illi
1602 4827 1787 4883 datum
1821 4829 1988 4885 fuerit

404 4916 457 4969 id
485 4914 631 4984 quod
663 4930 727 4970 ex
749 4914 1036 4971 se~babeti

474 5007 541 5059 Α.
583 5005 725 5076 Ergo
754 5006 799 5060 si
827 5005 1038 5075 de-ipso
1065 5006 1269 5063 dictum
1310 5026 1413 5063 non
1458 5018 1542 5065 est
1581 5010 1724 5079 quod
1754 5026 1981 5080 accepe-

403 5093 498 5159 rit,
525 5092 867 5163 inquiramns
896 5105 1152 5151 accurate
1201 5099 1557 5168 quamobrem
1591 5101 1807 5156 divinus
1837 5101 1978 5156 Pau~

401 5184 487 5240 lus
519 5184 839 5255 scripserit:
874 5205 905 5238 ι-
934 5185 1047 5241 Hoc
1082 5188 1226 5241 enim
1263 5191 1462 5245 sentite
1494 5192 1547 5245 in
1583 5192 1734 5247 vobis
1763 5194 1905 5262 quod
1924 5205 1979 5248 et

399 5276 455 5331 iu
482 5276 702 5333 Christo
732 5275 904 5333 Jesu:
942 5280 1034 5348 qui
1080 5294 1202 5334 cum
1252 5280 1502 5337 informa
1528 5282 1635 5338 Dei
1669 5291 1834 5350 esset,
1869 5301 1974 5339 non

399 5370 652 5439 rapinam
688 5372 990 5427 arbitratus
1037 5380 1129 5428 est
1152 5388 1212 5428 se
1236 5389 1357 5430 esse
1400 5375 1663 5447 mqualem
1706 5377 1837 5443 Deo,
1877 5380 1973 5434 sed

398 5463 758 5534 senictipsum
793 5464 1116 5534 exinanivit,
1148 5466 1379 5523 formam
1412 5469 1557 5524 servi
1602 5470 1897 5540 accipiens,
1925 5471 1974 5524 in

397 5555 809 5613 similitudinem
848 5557 1126 5615 hominum
1158 5559 1336 5616 factus
1391 5570 1447 5616 et
1488 5562 1672 5618 habitu
1722 5564 1975 5620 inventus

464 5735 509 5768 ⁸ο
540 5735 699 5795 Rom.
733 5757 809 5809 ιχ,
850 5742 906 5799 5.
986 5743 1024 5775 ⁸⁸
1067 5740 1295 5813 Philipp.
1333 5755 1388 5807 ιι,
1424 5740 1477 5806 8,
1509 5738 1562 5796 9.

2091 4642 2228 4697 Θεοῦ
2258 4642 2320 4695 τὸ
2345 4640 2517 4711 ὄνομα
2541 4638 2602 4692 τὸ
2632 4638 2773 4709 ὑπὲρ
2798 4638 2902 4691 πᾶν
2940 4636 3142 4706 Mope;

2161 4737 2222 4789 Β.
2264 4732 2372 4787 Ναὶ⁸
2431 4732 2585 4802 φασί.
2618 4729 2738 4801 Θεῷ
2787 4728 2898 4800 γὰρ
2943 4729 3056 4782 ὄντι
3120 4727 3216 4781 καὶ
3252 4727 3317 4779 ix
3347 4725 3494 4780 Θεοῦ
3546 4729 3708 4782 κατᾶ

2092 4824 2263 4893 φύσιν.
2314 4820 2393 4892 τῷ
2444 4820 2772 4890 Μονογενεί,
2816 4818 2933 4882 πῶς
2977 4816 3043 4871 ἂν
3085 4816 3297 4886 γένοιτο
3328 4816 3512 4883 δοτὸν,
3553 4820 3706 4891 ὅπερ

2089 4916 2202 4983 ἔχει
2226 4933 2242 4983 ;
3060 4947 3070 4957 -

2154 4935 2239 4969 ει·
3060 4947 3070 4957 -

2118 4935 2242 5062 χλ,
2268 5007 2562 5063 Οὐκοῦνεὶ
2613 5005 2690 5078 μὴ
2739 5005 2827 5058 ἐπ’
2857 5004 3021 5058 αὐτοῦ
3066 5004 3307 5058 τέθειται
3344 5005 3410 5060 τὸ
3470 5005 3699 5071 λαϐεῖν,

2090 5100 2465 5172 βασανιζέσθω
2506 5099 2741 5163 λεπτῶς,
2777 5097 2836 5164 ἐξ
2877 5091 2952 5150 ὧν
2993 5096 3276 5168 γέγραφεν.
3314 5097 3488 5161 αὐτὸς
3533 5100 3572 5151 6
3605 5100 3697 5152 θε-

2088 5194 2310 5258 σπέσιος
2339 5191 2574 5258 Παῦλος,
2602 5210 2621 5244 ι
2650 5188 2823 5244 Τοῦτο
2842 5189 2950 5260 γὰρ
2979 5191 3227 5261 φρονεῖτε
3256 5188 3496 5253 ἕκαστος
3526 5192 3695 5262 ὑμῶν

2087 5286 2287 5354 αὐτῶν,
2311 5285 2341 5339 ὃ
2381 5286 2476 5339 καὶ
2511 5285 2570 5338 ὲν
2621 5283 2843 5355 Χριστῷ
2878 5280 3051 5351 Ἰησοῦ
3074 5298 3091 5312 ο
3113 5281 3172 5344 ὃς
3209 5282 3266 5333 ὲν
3313 5285 3505 5352 μορφῇ
3549 5283 3690 5337 Θεοῦ

2087 5381 2369 5451 ὑπάρχων,
2400 5380 2500 5450 οὐχ
2532 5377 2826 5450 ἁρπαγμὸν
2871 5377 3116 5447 ἡγήσατο
3144 5373 3206 5427 τὸ
3238 5369 3383 5428 εἶναι
3406 5375 3506 5429 ἶσα
3538 5376 3691 5446 Θεῷ,

2082 5471 2199 5526 ἀλλ’
2227 5471 2422 5526 ἑαυτὸν
2450 5471 2707 5537 ἑκένωσε,
2742 5467 2954 5541 μορφὴν
2983 5467 3171 5521 δούλου
3197 5464 3402 5531 λαϐὼν,
3434 5471 3495 5522 ὲν
3525 5472 3688 5539 ὁμοι-

2084 5563 2275 5635 ώματι
2311 5563 2600 5636 ἀνθρώπου
2628 5562 2949 5634 γενόμενος,
2990 5560 3083 5616 καὶ
3124 5561 3368 5631 σχήματι
3425 5560 3688 5632 εὑρεθεὶς
