3846 6210
231 247 367 324 £501

1357 268 1545 335 QUOD
1591 267 1774 323 UNL'S
1815 269 1917 323 SIT
1957 270 2321 328 CHRISTUS.

3344 234 3481 323 tace

234 387 312 447 ὡς
365 381 680 454 ἄνθρωπος·
731 383 1092 438 ἐταπείνωσεν
1139 385 1328 438 ἑαυτὸν
1375 385 1666 456 γενόμενος
1701 387 1803 438 ὑπ-

1924 395 1965 440 ιι
2020 388 2201 443 bomo.
2247 389 2559 444 llumiliavit
2600 389 2951 458 semetipsum
3005 385 3483 440 factus.oltediens

237 477 398 543 ἡκοος
422 475 583 546 μέχρι
619 474 872 541 θανάτου,
905 475 1133 528 θανάτου
1160 476 1216 528 δὲ
1253 477 1513 542 σταυροῦ·
1544 477 1625 529 διὸ
1655 477 1748 530 καὶ
1782 478 1809 529 ὁ

236 567 368 630 Θεὸς
392 567 554 620 αὐτὸν
586 566 932 638 ὑπερύψωσε,
967 569 1061 621 καὶ
1096 569 1390 641 ἐχαρίσατο
1423 568 1571 638 αὑτῷ
1599 568 1659 620 τὸ
1691 569 1808 621 δνο-

284 677 336 722 α,
363 658 424 712 τὸ
449 659 589 730 ὑπὲρ
612 661 718 714 πᾶν
747 659 935 732 ὄνομα.
959 679 977 712 ι
1003 662 1175 732 Εἴπερ
1200 656 1292 714 οὖν
1323 663 1438 713 ἐστι
1469 661 1589 714 κατ’
1614 661 1810 724 αὐτοὺς

238 752 266 804 ὁ
297 753 360 805 ὲκ
400 753 716 822 σπέρματος
753 752 848 806 τοῦ
878 753 1040 806 Δαδὶδ
1084 753 1267 816 ἰδικῶς
1294 770 1354 806 τε
1377 753 1469 806 καὶ
1499 755 1810 823 καταμόνας

238 841 524 913 νοούμενος
549 843 855 914 ἄνθρωπος,
877 845 939 898 τὸ
960 845 1098 915 ὑπὲρ
1122 846 1228 899 πᾶν
1257 844 1426 914 ὄνομα
1449 843 1648 907 λαϐὼν,
1673 847 1808 898 ἀπο-

240 934 540 1002 φαινόντων
590 935 750 989 αὑτὸν
793 937 1217 1007 προϋπάρχοντα
1256 937 1354 1007 μὲν
1383 937 1442 989 ὲν
1477 940 1659 1007 μορφῇ
1715 937 1809 990 τοῦ

239 1026 397 1092 Θεοῦ,
421 1027 518 1097 οὑχ
547 1029 901 1099 ἡγησάμενον
928 1029 985 1082 δὲ
1006 1029 1301 1099 ἁρπαγμὸν
1321 1029 1382 1082 τὸ
1402 1023 1540 1081 εἶναι
1559 1030 1649 1082 ἴσα
1669 1027 1808 1100 Θεῷ,

239 1120 332 1171 καὶ
353 1120 485 1189 πρός
506 1137 568 1188 γε
585 1121 778 1190 τούτῳ,
793 1121 1026 1174 λαϐόντα
1041 1121 1141 1193 τὴν
1159 1120 1347 1173 δούλου
1371 1121 1605 1195 μορφὴν,
1621 1123 1697 1184 ὡς
1712 1120 1811 1175 οὐκ

239 1209 428 1280 ἔχοντα
454 1211 716 1282 δηλονότι,
745 1213 837 1266 καί
863 1215 962 1266 οὑκ
994 1213 1122 1267 ὄντα
1146 1213 1304 1266 τοῦτο
1336 1215 1464 1281 πρὶν
1491 1213 1651 1285 λάϐῃ.
1675 1213 1811 1267 Καί-

238 1322 340 1370 τοι,
365 1304 509 1358 καθοὶ
534 1323 697 1374 φασιν
725 1307 900 1370 αὐτοὶ,
924 1306 1017 1358 καὶ
1052 1309 1266 1378 φρονεῖν
1295 1305 1621 1374 ἐγνώκασιν,
1652 1307 1811 1371 αὐτός

241 1399 386 1450 ἐστιν
417 1401 448 1468 ἡ
504 1398 599 1451 τοῦ
630 1398 816 1452 δούλου
865 1402 1068 1470 μορφή.
1121 1395 1252 1452 Εἶτα
1292 1401 1406 1464 πῶς
1437 1400 1503 1452 ἂν
1536 1400 1704 1470 αὐτὴν
1738 1401 1812 1463 ὡς

240 1491 337 1543 οὐκ
360 1490 496 1560 ἔχων
527 1491 714 1558 λάϐοι;
750 1491 867 1555 πῶς
903 1492 946 1544 δ’
983 1491 1047 1545 ἂν
1077 1493 1168 1546 καὶ
1213 1492 1496 1564 ἄνθρωπος
1533 1495 1589 1547 ὲν
1617 1493 1814 1564 ὁμοιώο

243 1594 374 1646 ματι
405 1577 704 1648 ἀνθρώπων
743 1581 997 1648 γενέσθαι
1037 1585 1242 1648 νοοῖτο;
1280 1584 1586 1654 εὑρίσκοιτο
1628 1584 1684 1636 δὲ
1719 1584 1812 1637 καὶ

240 1666 316 1729 ὡς
361 1667 646 1739 ἄνθρωπος
697 1672 972 1742 σχήματι;
1024 1672 1112 1744 ἄρ’
1162 1669 1254 1727 οὗν
1320 1675 1699 1746 περιτρέψειεν
1747 1675 1812 1729 ἂν

1914 495 2081 550 usque
2113 481 2178 536 ad
2214 491 2466 546 mortem,
2502 492 2729 537 mortem
2780 489 2961 535 autem
2997 478 3198 534 crucis.
3251 476 3481 547 Pr0pter

1913 571 2055 638 quod
2092 579 2149 625 et
2174 571 2317 626 Deus
2339 572 2599 627 exaltavit
2630 572 2810 634 illum,
2843 580 2897 625 et
2924 570 3146 625 donavit
3179 568 3256 622 illi
3283 582 3482 622 nomen

1911 661 2052 728 quod
2084 670 2169 716 est
2208 678 2373 732 super
2411 678 2570 719 omne
2611 678 2805 717 nomen
2839 662 2905 716 “.
2947 680 2964 712 ι
3004 661 3060 716 Si
3103 673 3256 730 ergo,
3293 667 3351 712 υῑ
3382 658 3482 727 Ῐβεί

1914 753 2115 818 volunt,
2145 754 2190 809 is
2221 757 2316 825 qui
2340 767 2423 812 est
2460 771 2528 811 ex
2563 756 2769 811 semine
2812 754 2979 808 David
3026 753 3376 822 peculiariter
3419 766 3484 804 ac

1911 842 2084 897 solum
2128 855 2382 900 censetur
2419 847 2582 902 homo
2610 887 2624 912 ,
2670 855 2892 914 accepto
2942 844 3160 898 nomine
3210 844 3350 912 quod
3403 851 3486 896 est

1912 949 2075 1002 super
2107 953 2269 992 omne
2295 953 2515 1010 nomen,_
2540 955 2660 993 cum
2706 939 2804 1007 ipsi
2839 945 3081 991 statuant
3130 936 3304 1004 ipsum
3335 933 3486 1002 prius

1913 1033 2188 1087 exstitisse
2223 1033 2441 1100 quidem
2493 1033 2546 1086 in
2587 1031 2758 1086 forma
2804 1031 2921 1095 Dei,
2958 1046 3061 1084 non
3096 1043 3224 1083 vero
3251 1027 3485 1081 arbitra-

1915 1133 2026 1178 tum
2059 1137 2181 1178 esse
2212 1125 2454 1193 rapinam
2488 1139 2609 1179 esse
2635 1125 2898 1194 mqualem
2953 1125 3078 1185 Deo,
3113 1135 3176 1174 ac
3227 1129 3488 1190 praeterea

1914 1216 2188 1286 accepisse
2215 1215 2444 1271 formam
2477 1216 2644 1280 servi,
2675 1216 2931 1270 nimirum
2971 1223 3031 1267 ιιι
3059 1228 3121 1268 ea
3153 1226 3258 1266 non
3295 1211 3490 1281 praedi-

1918 1319 2050 1373 tum,
2097 1324 2274 1378 neque
2329 1308 2681 1366 exsistentem
2732 1307 2782 1364 id
2846 1317 3135 1375 antequam
3195 1303 3488 1372 acciperet.

1913 1401 2178 1470 Cumque,
2219 1411 2275 1455 ut
2312 1401 2411 1469 ipsi
2453 1402 2641 1455 dicunt
2686 1411 2742 1456 et
2785 1401 2994 1455 sentire
3039 1399 3238 1463 solent,
3270 1397 3385 1466 ipse
3420 1396 3492 1450 sit

1916 1492 2075 1563 742
2099 1492 2238 1547 servi
2273 1492 2444 1545 {omna
2473 1509 2486 1545 :
2520 1506 2755 1560 quonam
2801 1500 2958 1561 pacto
2993 1503 3112 1543 eam
3166 1497 3224 1540 ιιι
3253 1501 3360 1540 non
3396 1486 3492 1539 ha-

1917 1586 2046 1641 bens
2081 1586 2355 1654 accipiat?
2381 1596 2474 1640 aut
2497 1587 2768 1654 quomodo
2800 1585 2964 1638 etiam
3002 1588 3162 1636 homo
3197 1582 3248 1634 in
3300 1580 3493 1634 simili-

1919 1680 2159 1734 tudinctn
2202 1680 2479 1733 hominum
2507 1677 2686 1732 factus
2717 1675 3098 1746 intelligatur?
3131 1682 3223 1727 aut
3247 1671 3492 1726 invenia-

240 1756 438 1822 αὐτοὺς
470 1760 562 1812 καί
595 1761 691 1830 οὐχ
723 1762 967 1826 ἑκόντας,
999 1764 1097 1834 ἤδη
1135 1783 1250 1828 πως
1281 1765 1390 1818 τῶν
1419 1767 1635 1821 ἐννοιῶν
1661 1769 1693 1838 ἡ
1727 1768 1814 1820 δύ-

1924 1782 2008 1824 tur
2039 1772 2204 1825 etiam
2236 1771 2420 1824 habitu
2451 1777 2508 1822 ut
2537 1767 2735 1823 homo?
2777 1765 2895 1836 lpsa
2949 1770 3131 1834 itaque
3159 1764 3493 1833 contempla-

240 1863 422 1918 ναμις,
458 1848 550 1902 ἐπί
583 1866 644 1919 γε
673 1851 732 1903 τὸ
754 1850 862 1905 δεῖν
892 1852 1090 1906 εἰδέναι
1119 1853 1180 1907 τὸ
1203 1855 1422 1926 ἀληθές.

311 2035 372 2090 Β.
412 2034 484 2087 Τὸ
514 2035 664 2088 ποῖον
684 2051 698 2100 ;

309 2132 374 2184 Α.
423 2129 481 2181 '0
507 2128 616 2200 γάρ
651 2129 911 2200 ὑπάρχων
945 2132 1002 2183 ἐν
1041 2133 1223 2202 μορφῇ
1259 2132 1351 2185 τοῦ
1392 2132 1526 2185 Θεοῦ
1572 2134 1665 2186 καὶ
1703 2136 1815 2186 Πα-

237 2219 366 2290 τρὸς
393 2220 525 2282 Θεὸς
548 2221 740 2290 Λόγος.
775 2222 802 2273 ὁ
831 2222 930 2290 τῆς
954 2223 1303 2287 ὑποστάσεως
1327 2223 1490 2277 αὑτοῦ
1514 2227 1813 2297 χαρακτὴρ,

236 2315 266 2365 ὁ
298 2312 440 2366 κατά
470 2314 578 2366 πᾶν
624 2311 802 2366 ὁτιοῦν
841 2314 1111 2386 ἰσομερῶς
1149 2314 1288 2385 ἔχων
1319 2317 1398 2387 τῷ
1433 2317 1683 2386 φύσαντι,
1727 2336 1816 2371 κε-

235 2403 479 2457 ·κένωκεν
506 2405 718 2460 ἑαυτὸν.

311 2498 370 2550 Β.
412 2499 522 2551 Καὶ
543 2498 672 2551 ποία
694 2499 778 2563 τίς
799 2500 946 2554 ἐστιν
971 2502 1004 2573 ἡ
1037 2501 1296 2568 κένωσις;

307 2589 372 2643 Α.
412 2589 484 2642 Τὸ
514 2591 572 2644 ὲν
606 2592 908 2663 προσλήψει
938 2593 1188 2662 γενέσθαι
1224 2593 1446 2666 σαρκὸς,
1481 2597 1572 2648 καί
1601 2597 1657 2649 ἐν
1698 2596 1816 2650 δού-

234 2677 329 2731 λου
365 2682 570 2752 μορφῇ,
599 2683 631 2752 ἡ
659 2681 794 2754 πρὸς
822 2684 971 2753 ἡμᾶς
1004 2685 1266 2754 ὁμοίωσις
1294 2685 1385 2739 τοῦ
1417 2686 1490 2758 μὴ
1516 2687 1636 2739 καθ’
1668 2689 1816 2757 ἡμᾶς

236 2769 360 2824 κατ’
393 2771 530 2826 ἰδίαν
570 2771 756 2841 φύσιν,
789 2772 902 2826 ἀλλ’
933 2773 1072 2844 ὑπὲρ
1105 2776 1286 2828 πᾶσαν
1315 2775 1466 2838 ὄντος
1493 2775 1591 2846 τὴν
1617 2776 1813 2828 κτίσιν.

237 2861 394 2922 Οῦτω
431 2865 831 2919 τεταπείνωκεν
873 2867 1087 2932 ἑαυτὸν,
1131 2867 1320 2930 καθεὶς
1357 2868 1715 2937 οἰκονομικῶς
1760 2869 1817 2920 ὲν

236 2956 348 3015 τοῖς
380 2954 480 3025 τῆς
519 2954 940 3026 ἀνθρωπότητος
990 2957 1229 3028 μέτροις.
1276 2954 1416 3011 ’Ἀλλ’
1447 2954 1514 3028 ἦν
1540 2960 1632 3012 καί
1673 2957 1817 3012 οὕτω

235 3045 389 3110 Θεὸς,
438 3047 514 3109 ὡς
567 3047 641 3119 μὴ
694 3047 845 3100 δοτὸν
892 3047 1031 3119 ἔχων
1078 3049 1139 3101 τὸ
1171 3048 1330 3117 φύσει
1394 3050 1594 3120 προσὸν
1644 3049 1811 3120 αὑτῷ.

236 3138 528 3210 Τοιγάρτοι
591 3140 684 3192 καὶ
723 3139 927 3210 ἔφασκε
983 3141 1119 3212 πρὸς
1151 3141 1243 3194 τὸν
1295 3143 1353 3194 ὲν
1403 3143 1514 3204 τοῖς
1571 3142 1816 3212 οὐρανοῖς

237 3233 459 3304 Πατέρα
494 3233 584 3287 καὶ
613 3234 763 3289 Θεόν·
803 3252 821 3285 ι
857 3235 1059 3305 Πάτερ,
1104 3235 1326 3301 δόξασόν
1367 3253 1434 3304 με
1484 3238 1550 3306 τῇ
1603 3235 1751 3306 δόξῃ,

234 3315 402 3391 εἰχον,
441 3323 544 3394 πρὸ
578 3321 672 3376 τοῦ
699 3322 788 3374 τὸν
803 3323 1023 3392 -κόσμον
1055 3321 1213 3390 εἶναι,
1249 3324 1400 3395 παρὰ
1425 3326 1525 3378 σοί,
1554 3345 1570 3376 ι
1601 3325 1676 3377 Οὐ
1711 3324 1819 3396 γάρ

234 3428 318 3465 τοι
349 3414 506 3478 φαῖεν
525 3411 612 3478 ἂν,
637 3409 790 3482 οἶμαί
820 3431 943 3479 που,
972 3414 1312 3484 προκόσμιον
1360 3415 1518 3480 δόξαν
1560 3416 1636 3478 ὡς
1682 3417 1819 3469 ἰδίαν

235 3504 431 3569 αἰτεῖν,
460 3503 553 3556 τὸν
589 3505 653 3557 ἐκ
691 3504 1009 3575 σπέρματος
1041 3505 1134 3557 τοῦ
1171 3506 1335 3557 Δαὸὶδ
1362 3507 1419 3557 ἐν
1446 3506 1696 3575 ἐσχάτοις
1723 3506 1816 3559 τοῦ

235 3596 430 3660 αἰῶνος
457 3596 717 3667 τεχθέντα
761 3600 991 3668 καιροῖς,
1034 3596 1192 3670 εἴπερ
1227 3597 1374 3650 ἐστὶν
1413 3599 1602 3669 ἕτερος
1637 3598 1819 3661 ἰδικῶς

234 3687 366 3752 Υἱὸς
393 3690 550 3762 παρὰ
579 3689 668 3742 τὸν
696 3690 853 3758 φύσει
881 3706 940 3742 τε
973 3691 1065 3742 καὶ
1094 3689 1331 3756 άληθῶς,
1369 3689 1565 3761 Θεοπρε
1577 3692 1815 3762 πεστάτη

231 3780 290 3833 δὲ
332 3759 532 3850 μάλλον
561 3779 649 3850 εἴη
667 3780 730 3834 ἂν
761 3781 795 3851 ἡ
827 3779 1004 3834 τοιάδε
1042 3781 1216 3851 φωνή.
1247 3780 1397 3832 Ἔδει
1428 3759 1557 3851 γὰρ,
1582 3781 1690 3834 ἔδει
1723 3759 1818 3835 καί

234 3874 350 3932 τοῖς
385 3874 485 3941 τῆς
543 3871 966 3942 άνθρωπότητος
1010 3871 1175 3924 αὑτὸν
1220 3873 1669 3942 συμπλάττεσθαι
1718 3874 1817 3944 μέ-

234 3981 404 4034 τροις,
440 3963 533 4016 xa).
575 3964 946 4035 ἁπαράσημον
983 3963 1126 4033 ἔχειν
1155 3964 1253 4033 τῆς
1287 3964 1627 4034 θεοπρεποῦς
1661 3967 1818 4031 ἀξίας

233 4054 333 4125 τὴν
364 4055 640 4126 ὑπεροχὴν
658 4055 932 4118 οὺσιωδῶς
957 4055 1180 4108 ἐνοῦσαν
1206 4055 1374 4125 αὐτῷ,
1396 4056 1648 4127 καθάπερ
1678 4058 1818 4127 ἀμέ-

235 4147 318 4200 λει
352 4148 445 4200 καί
460 4147 538 4217 τῷ
573 4149 766 4220 Πατρῐ.
787 4148 940 4200 Ἑπεί
969 4149 1090 4201 τίνοι
1115 4148 1317 4219 τρόπον
1338 4148 1536 4219 ἀληθὲς
1566 4149 1819 4216 τὸ,ι”οὑκ

236 4239 390 4293 ἐσται
423 4242 479 4293 ἐν
513 4241 597 4293 σοὶ
618 4240 750 4304 Θεὸς
780 4242 1146 4309 πρόσφατος,ι
1176 4241 1311 4310 εἴγε
1345 4241 1672 4294 οεοποιεῖται
1695 4245 1816 4295 κατ’

234 4331 435 4395 αὐτοὺς
457 4331 743 4403 ἄνθρωπος
778 4332 1044 4402 συναφείᾳ
1075 4335 1142 4404 τῇ
1179 4333 1315 4404 πρὸς
1341 4333 1432 4387 τὸν
1466 4333 1658 4403 Λόγον,
1694 4335 1820 4388 σὺν-

1921 1863 2127 1916 ιὶοηυιιι
2163 1862 2245 1915 vis
2269 1876 2362 1915 eos
2393 1861 2557 1915 etiam
2589 1859 2792 1914 invitos
2833 1859 2899 1914 ad
2935 1858 3187 1914 veritatis
3223 1857 3492 1928 cognitio-

1919 1969 2039 2006 nem
2066 1952 2372 2021 compellat.

1988 2045 2047 2098 B.
2084 2045 2422 2113 Cuiusnam?

1988 2138 2054 2188 Α.
2091 2135 2231 2190 Deus
2274 2136 2416 2189 enim
2458 2132 2689 2188 Verbum
2737 2132 2790 2186 in
2845 2134 3018 2187 forma
3066 2133 3159 2187 Dei
3209 2147 3273 2186 ac
3315 2129 3494 2185 Patris

1917 2229 2208 2292 exsistens,
2238 2238 2292 2281 et
2335 2228 2621 2281 character
2665 2227 2917 2281 essentia:
2967 2225 3155 2294 ipsius,
3185 2225 3276 2294 qui
3316 2223 3495 2278 omni-

1919 2319 2076 2374 moda
2130 2319 2484 2375 similitudine
2531 2317 2681 2373 Patri
2728 2318 2955 2389 :equalis
3017 2326 3143 2382 est,
3193 2313 3494 2372 exinanivit

1917 2411 2290 2480 semetipsum.
2639 2459 2644 2464 .

1993 2499 2054 2554 Β.
2084 2500 2342 2567 Quaenam
2376 2515 2503 2554 vero
2531 2508 2615 2554 est
2639 2498 2722 2553 illa
2754 2499 3084 2553 exinanitto:

1991 2591 2054 2645 A.
2082 2591 2402 2659 Assumptio
2429 2591 2614 2644 carnis
2645 2597 2700 2644 et
2729 2588 2916 2644 forma:
2954 2587 3192 2656 servilis,
3218 2598 3271 2642 et
3302 2588 3495 2648 simili-

1918 2684 2048 2737 tudo
2082 2683 2274 2747 nostri,
2307 2681 2423 2748 ejus
2452 2682 2541 2751 qui
2563 2682 2715 2752 juxta
2743 2697 2893 2736 suam
2927 2691 3174 2735 naturam
3208 2681 3364 2736 nobis
3387 2696 3496 2743 ne-

1919 2791 2186 2845 quaquam
2225 2774 2419 2830 similis
2461 2783 2566 2839 est,
2597 2774 2690 2828 sed
2739 2789 2956 2829 onmem
2991 2782 3302 2832 creaturam
3337 2773 3501 2843 longe

1918 2875 2156 2935 superat.
2177 2865 2253 2920 Ita
2279 2865 2582 2920 humiliavit
2604 2866 2861 2934 seipsum,
2887 2864 3178 2921 demittens
3199 2879 3258 2922 se
3282 2880 3377 2935 per
3399 2867 3497 2921 ad-

1923 2957 2376 3013 ministrationem
2411 2958 2464 3012 in
2506 2973 2671 3012 carne
2698 2958 2763 3010 ad
2802 2959 3048 3012 humanae
3075 2960 3500 3018 naturaacondi-

1925 3050 2148 3104 tionem.
2182 3049 2450 3105 Caeterum
2484 3059 2601 3104 erat
2624 3051 2784 3104 etiam
2823 3051 2924 3104 hoc
2951 3059 3107 3120 pacto
3131 3049 3293 3116 Deus,
3315 3062 3499 3120 utpote

1924 3141 2015 3208 qui
2069 3141 2119 3194 id
2169 3141 2312 3210 quod
2357 3157 2423 3194 ex
2475 3150 2665 3194 natura
2711 3155 2807 3195 sua
2835 3141 3028 3205 habet,
3057 3155 3162 3194 non
3206 3143 3496 3210 aCCeperit.

1921 3232 2156 3287 Proinde
2205 3243 2259 3286 et
2314 3233 2380 3285 ad
2422 3234 2702 3288 caelestem
2747 3232 2962 3286 Patrem
3015 3247 3080 3292 ac
3127 3233 3293 3290 Deum
3339 3234 3496 3298 dixit,

1927 3343 1944 3373 ε
1980 3323 2162 3387 Pater,
2212 3324 2455 3392 gloritica
2498 3339 2582 3377 me
2613 3340 2675 3376 ea
2722 3323 2890 3390 gloria
2921 3339 3083 3392 quam
3132 3324 3296 3377 habui
3340 3334 3498 3379 ante-

1923 3431 2085 3483 quam
2140 3415 2372 3469 mundus
2431 3424 2606 3480 esset,
2653 3415 2792 3483 apud
2833 3425 2885 3468 te
2933 3415 2998 3469 ’³.
3055 3434 3073 3465 ι
3120 3413 3306 3484 Neque
3354 3417 3497 3470 enim

1921 3506 2180 3567 dixerint,
2210 3507 2467 3571 arbitror,
2501 3506 2727 3576 gloriam
2752 3521 2870 3576 quae
2903 3516 3028 3562 ante
3052 3508 3497 3566 constitutionem

1923 3597 2108 3652 mundi
2150 3599 2273 3663 fuit,
2312 3609 2569 3668 tanquam
2603 3597 2879 3666 propriam
2918 3607 3104 3667 petere
3135 3613 3255 3652 eum
3288 3598 3378 3667 qui
3425 3614 3493 3652 ex

1920 3692 2129 3746 semine
2169 3691 2338 3744 David
2371 3690 2682 3745 novissimis
2725 3690 2910 3746 saeculi
2962 3691 3305 3759 temporibus
3332 3699 3496 3744 natus

1920 3782 2043 3848 fuit,
2073 3782 2120 3837 si
2152 3791 2238 3835 est
2261 3780 2399 3836 alius
2431 3782 2660 3835 seorsim
2693 3779 2864 3842 Filius
2895 3782 2963 3836 ab
2996 3796 3062 3835 eo
3104 3781 3194 3850 qui
3233 3781 3496 3835 naturali-

1925 3884 2004 3929 ter
2033 3888 2096 3927 ac
2134 3887 2264 3928 vere
2298 3873 2350 3926 id
2379 3881 2483 3937 est,
2517 3873 2611 3931 sed
2643 3875 2822 3943 potius
2847 3889 2910 3928 ea
2939 3888 3039 3928 vox
3065 3873 3339 3927 divinitati
3369 3887 3498 3927 con-

1921 3965 2193 4020 veniebat.
2227 3965 2482 4032 Oportuit
2516 3966 2661 4020 enim
2702 3966 2852 4020 illum
2905 3974 2960 4020 et
3007 3967 3255 4020 humana:
3293 3975 3500 4018 natura:

1923 4056 2138 4112 modulo
2174 4056 2528 4121 conformari,
2565 4067 2730 4126 atque
2783 4059 3046 4127 integram
3094 4057 3290 4111 divinae
3324 4056 3501 4125 digni-

1923 4147 2050 4201 tatis
2112 4145 2486 4201 cxcdlentiam
2541 4145 2817 4212 retinere,
2859 4143 3227 4199 essentialiter
3280 4143 3331 4195 in
3383 4142 3500 4211 ipso

1921 4237 2479 4302 exsistentem,~sicut
2511 4246 2565 4289 et
2606 4235 2660 4289 iu
2692 4233 2872 4288 Patre.
2913 4233 3191 4303 Siquidem
3226 4233 3498 4302 quomodo

1922 4342 2106 4382 verum
2136 4327 2239 4381 erit
2271 4327 2400 4379 illud
2429 4344 2442 4379 :
2486 4343 2504 4376 ι
2530 4323 2645 4379 Νοιι
2665 4324 2768 4378 erit
2797 4325 2848 4378 in
2886 4336 2938 4377 te
2967 4323 3110 4378 Deus
3144 4338 3338 4379 recens
3359 4325 3424 4388 ιδ,
3475 4343 3494 4375 ι

237 4422 428 4494 θρονός
460 4443 518 4477 τε
565 4425 660 4477 καὶ
689 4424 945 4488 κοινωνὸς
979 4423 1055 4495 τῷ
1086 4425 1262 4496 Πατρὶ
1300 4426 1400 4497 τῆς
1444 4425 1600 4493 ἀξίας
1623 4427 1814 4481 ἀναδε-

1924 4420 1965 4475 si
2023 4419 2174 4490 juxta
2227 4419 2441 4473 illorum
2498 4416 2806 4487 opinionem
2864 4417 3026 4472 homo
3077 4415 3309 4472 ellicitur
3359 4415 3502 4472 Deus

235 4513 521 4585 δειγμὲνος
541 4533 556 4582 ;

309 4696 370 4750 Β.
407 4692 482 4752 Εὖ
521 4696 676 4768 ἔφης.

308 4791 373 4842 Α.
410 4790 536 4855 Πῶς
559 4791 604 4844 δ’
633 4791 699 4844 ἂν
722 4792 914 4860 νοῆται
942 4791 1142 4860 πρέποι
1168 4789 1229 4842 τὸ
1254 4788 1340 4842 διά
1357 4790 1454 4858 τῆς
1481 4788 1574 4841 τοῦ
1604 4788 1818 4842 Παύλου

235 4885 423 4955 φωνῆς
477 4885 654 4954 σοφῶς
697 4885 1016 4956 εἰρημένονο
1070 4903 1087 4934 ι
1126 4883 1189 4937 Εἰ
1224 4884 1332 4954 γὰρ
1391 4884 1485 4936 καὶ
1541 4884 1649 4935 εἰσὶ
1703 4882 1816 4935 θεοὶ

237 4977 424 5031 πολλοὶ
448 4977 504 5030 ἓν
527 4995 588 5030 τε
623 4977 837 5049 οὐρανῷ
873 4979 968 5030 καὶ
992 4977 1087 5030 ἐπὶ
1114 4976 1239 5046 γῆς,
1266 4975 1381 5030 ἀλλ’
1405 4977 1536 5046 ἡμῖν
1564 4969 1643 5038 εἷς
1683 4975 1816 5038 Θεὸς

238 5069 267 5121 ὀ
292 5067 503 5139 Πατὴρ,
538 5067 596 5134 ἐξ
633 5058 694 5120 οὗ
725 5065 795 5120 τὰ
833 5066 1031 5129 πάντα,
1066 5065 1162 5118 καὶ
1201 5066 1363 5136 ἡμεῖς
1401 5061 1459 5127 ἐξ
1497 5061 1683 5126 αὑτοῦ,
1719 5061 1814 5114 καὶ

240 5155 320 5223 εἷς
361 5160 567 5231 Κύριος
609 5158 816 5228 Ἰησοῦς
869 5158 1123 5230 Χριστὸς,
1167 5155 1236 5208 δι’
1285 5151 1345 5209 οῦ
1385 5156 1452 5208 τὰ
1490 5155 1686 5220 πάντα,
1719 5157 1814 5206 καὶ

239 5253 399 5323 ἡμεῖς
428 5253 494 5305 δι’
520 5251 705 5305 αὐτοῦ.
734 5271 752 5302 ι
784 5251 930 5314 Ἐνὸς
964 5252 1019 5303 δὲ
1050 5251 1202 5312 ὄντος
1232 5247 1437 5318 Κυρίου
1479 5247 1652 5317 Ἰησοῦ
1682 5248 1816 5316 Χρι-

241 5342 390 5407 στοῦ,
417 5345 510 5397 καὶ
535 5343 599 5396 δι’
625 5342 790 5396 αὑτοῦ
814 5343 882 5396 τά
915 5345 1094 5397 πάντα
1123 5342 1400 5412 παρῆχοαι
1438 5341 1574 5413 πρὸς
1602 5341 1814 5410 γένεσιν

238 5430 298 5488 εὖ
343 5434 488 5505 μάλα
515 5434 868 5505 διειρηκότος,
895 5436 946 5488 τί
980 5435 1271 5506 δράσομεν,
1299 5429 1342 5486 ὦ
1369 5438 1627 5501 γενναῖοι,
1651 5433 1818 5503 διορι-

239 5527 443 5594 ζόντων
493 5529 646 5600 ὑμῶν
699 5529 793 5582 τοῦ
849 5527 1248 5599 ἀναληφθέντος
1303 5529 1614 5601 ἀνθρώπου,
1673 5528 1818 5583 καθά

316 5708 357 5736 ¹¹
397 5704 629 5773 Philipp.
662 5719 718 5771 ιι,
754 5704 866 5759 5-9.
951 5701 1170 5760 "Joan.
1212 5719 1340 5771 xvu,

1529 5704 1568 5736 “
1596 5702 1763 5757 Exod.
1815 5702 2001 5769 “,5;
2035 5699 2151 5754 l‘sal
2206 5715 2366 5766 LXXX,
2407 5701 2485 5753 l0.

1920 4527 2018 4580 per
2053 4510 2494 4579 conjunctionem
2531 4523 2654 4562 cum
2688 4507 2891 4575 Verbo,
2926 4523 3174 4564 assessor
3225 4517 3281 4564 et
3326 4510 3498 4579 parti-

1920 4620 2048 4674 ceps
2082 4604 2269 4675 gloria:
2295 4617 2416 4657 cum
2448 4601 2611 4656 Patre
2640 4599 2996 4656 declaratus?

1991 4699 2052 4750 Β.
2091 4699 2257 4752 Recte
2289 4697 2442 4751 dicis.

1992 4791 2057 4845 A.
2089 4790 2368 4856 Quomodo
2409 4799 2590 4843 autem
2633 4788 2856 4858 intelligi
2885 4789 3071 4857 possit
3107 4787 3236 4842 illud
3272 4804 3301 4841 a
3333 4786 3500 4848 Paulo

1924 4885 2196 4952 sapienter
2243 4882 2464 4945 dictum,
2507 4899 2524 4932 ι
2566 4880 2624 4934 Si
2659 4881 2804 4934 enim
2860 4880 3020 4934 etiam
3069 4889 3196 4934 sunt
3242 4879 3314 4932 dii
3348 4878 3501 4932 multi

1926 4975 1978 5029 in
2014 4974 2154 5029 coelo
2189 4984 2241 5027 et
2270 4973 2322 5026 in
2354 4983 2496 5027 terra
2534 4989 2548 5025 :
2598 4981 2655 5026 at
2685 4971 2840 5026 nobis
2871 4986 3009 5024 unus
3043 4971 3186 5024 Deus
3206 4969 3388 5035 Pater,
3433 4986 3501 5032 ex

1926 5083 2032 5136 quo
2069 5066 2273 5129 omnia,
2316 5073 2370 5117 et
2392 5079 2489 5118 nos
2513 5078 2579 5118 ει
2612 5064 2769 5132 ipso;
2795 5070 2850 5116 et
2879 5077 3020 5116 unus
3051 5061 3312 5116 Dominus
3342 5060 3502 5116 Jesus

1926 5158 2193 5220 Christus,
2230 5171 2325 5225 per
2347 5170 2509 5224 quem
2540 5157 2744 5218 omnia,
2783 5163 2838 5209 et
2879 5168 2979 5207 nos
3009 5169 3104 5223 per
3139 5154 3314 5219 ipsum
3349 5153 3435 5207 ‘5?
3470 5174 3488 5205 ι

1924 5247 2056 5302 Cum
2100 5261 2226 5301 vero
2272 5251 2410 5299 unus
2468 5245 2540 5300 sit
2592 5246 2854 5301 Dominus
2899 5243 3054 5299 Jesus
3109 5243 3391 5307 Christus,
3444 5253 3502 5298 et

1924 5355 2020 5410 per
2061 5339 2234 5408 ipsum
2275 5338 2456 5391 omnia
2497 5337 2563 5391 ad
2608 5347 2786 5391 ortum
2843 5337 3074 5390 adducta
3125 5349 3249 5390 esse
3295 5334 3499 5394 Paulus

1929 5437 2229 5492 rectissime
2259 5436 2441 5489 dicat:
2481 5434 2608 5504 quid
2646 5448 2887 5503 agemus,
2927 5432 3050 5486 boni
3088 5431 3213 5496 viri,
3248 5445 3369 5485 cum
3401 5445 3497 5482 vos

1927 5537 2261 5595 assumptum
2319 5525 2492 5588 ἰΗιιιιι,
2542 5532 2603 5578 ιιι
2655 5523 2857 5588 dicitis,
2910 5522 3186 5582 hominem
3237 5537 3266 5575 a
3318 5519 3500 5578 Verbo

2569 5699 2651 5754 ¹⁵Ι
2689 5698 2814 5754 Cor.
2853 5715 2972 5762 vni,
3013 5696 3062 5764 5,
3092 5698 3140 5751 ϐ.
