3846 6210
157 341 287 396 4305

1272 334 1460 402 QUOD
1501 336 1685 391 UNUS
1725 336 1830 391 SIT
1871 336 2234 396 CHRISTUS.

3265 349 3410 406 17)οα

159 451 465 521 συναφθεὶς,
488 452 601 505 ἀλλ’
650 451 726 514 ὡς
769 426 902 512 Θεὸς
931 447 1169 516 γεγονὼς
1223 451 1280 500 ὲν
1318 449 1574 520 ὁμοιώσει
1613 449 1722 503 τῶν

1834 451 2323 518 periclitabantur:
2357 465 2414 506 ut
2447 456 2497 508 in
2538 456 2655 525 ipso
2693 466 2744 512 et
2775 458 2991 528 quidem
3035 461 3210 530 primo
3225 477 3408 530 genus,

156 542 661 605 κεκινδυνευκότων,
691 541 757 595 ἵν’
788 543 846 594 ὲν
878 539 1024 610 αὐτῷ
1058 541 1152 593 καὶ
1185 541 1387 611 πρώτῳ
1416 541 1479 594 τὸ
1509 540 1721 611 ἀνθρώ-

158 655 306 695 πινον
338 638 494 701 γένος
523 635 930 702 ἁναπλάττηται
962 633 1096 706 πρὸς
1123 635 1184 686 τὸ
1215 635 1272 686 ὲν
1299 635 1514 704 ἀρχαῖς.
1540 634 1725 686 Πάντα

157 729 259 800 γὰρ
293 723 359 797 ἦν
383 729 439 779 ἐν
472 727 620 794 αὐτῷ
647 725 827 778 καινά.

224 819 285 881 Β.
325 816 534 870 Οὐκοῦν
571 815 987 883 διαϐεϐλήσεται
1031 812 1166 882 πρὸς
1200 813 1377 882 ἡμῶν,
1415 811 1478 864 τὸ
1527 813 1724 881 χρῆναι

159 911 370 979 φρονεῖν
395 909 430 978 ἦ
453 908 651 975 λέγειν,
685 905 967 976 ἄνθρωπον
998 902 1263 972 συνῆφθαι
1293 903 1368 972 τῷ
1393 902 1511 972 Θεῷ
1539 906 1718 972 Λόγῳ,

159 1002 248 1058 καὶ
284 1000 536 1052 κοινωνὸν
573 997 823 1066 γενέσθαι
853 997 950 1066 τῆς
982 994 1135 1058 ἀξίας
1170 994 1450 1064 αῦτῴ,κα“ι
1480 997 1536 1046 ἐν
1571 996 1720 1058 τάξει

157 1096 374 1164 χάριτος
404 1094 501 1160 τὴν
530 1090 800 1148 υἱοθεσίαν
835 1089 998 1158 ἔχειν.

224 1186 289 1237 Α.
329 1185 651 1237 Παντάπασι
703 1182 799 1251 μὲν
852 1177 963 1233 οὖν.
1000 1181 1075 1233 Οὐ
1116 1179 1225 1251 γὰρ
1262 1177 1370 1232 οῗδε
1412 1179 1572 1232 τοῦτο
1618 1177 1725 1232 τῶν

159 1270 314 1341 ἱερῶν
336 1271 682 1340 Γραμμάτων
703 1271 736 1338 ἡ
759 1268 1006 1338 δύναμις,
1036 1267 1245 1339 εὕρεμα
1273 1269 1328 1321 δὲ
1360 1269 1556 1339 μᾶλλόν
1585 1273 1721 1334 ἐστι,

157 1362 438 1428 φιλοκένου
473 1378 529 1414 τε
571 1361 660 1414 καὶ
690 1359 972 1430 ἀδρανοῦς,
1007 1361 1099 1412 καὶ
1135 1361 1475 1429 παρειμένης
1505 1361 1719 1431 φρενὸς,

158 1455 250 1510 καὶ
277 1455 376 1508 οὐκ
418 1454 646 1524 ἐχούσης
684 1454 816 1522 ὁρᾷν
841 1452 934 1504 τοῦ
965 1453 1264 1522 μυστηρίου
1303 1452 1365 1504 τὸ
1395 1451 1577 1520 βάθος.
1614 1451 1723 1506 Ποῦ

157 1540 266 1611 γάρ
295 1557 374 1593 τοι
413 1540 654 1594 τοιοῦτον
696 1540 845 1610 παρὰ
871 1540 970 1607 τῆς
1017 1541 1177 1607 ἁγίας
1220 1540 1435 1611 εἴρηται
1465 1542 1721 1612 Γραφῆςς

169 1629 226 1682 '0
267 1629 364 1699 μὲν
395 1630 501 1700 γὰρ
548 1630 831 1693 θεσπέσιος
868 1629 1078 1695 Παῦλος
1121 1631 1221 1700 τῆς
1253 1632 1722 1704 ὲνανθρωπήσεως

154 1719 247 1774 τοῦ
281 1720 616 1789 Μονογενοῦς
647 1722 945 1791 διατραγὼν
983 1718 1042 1774 εὖ
1103 1723 1247 1792 μάλα
1297 1724 1356 1776 τὸ
1394 1725 1714 1794 μυστήριον·

1825 541 2118 595 lnttnantnn
2139 546 2205 596 ad
2234 545 2525 614 pristinum
2544 559 2745 602 Statum
2769 550 3184 607 instauraretur.
3204 550 3402 609 Omnia

1823 633 1968 687 ettittt
1994 645 2150 688 erant
2184 637 2236 689 in
2270 639 2389 704 ipso
2419 654 2554 692 nova
2582 641 2649 695 “.

1903 809 1965 864 Β.
1999 810 2325 874 Ιῖιήἱρῑοιιιιιε
2372 816 2556 880 itaque
2599 816 2738 870 hanc
2787 818 3095 884 opinionem
3145 829 3399 889 tanquam

1825 914 2131 962 crrotteatn,
2181 904 2321 968 quod
2375 906 2534 956 ltomo
2576 909 2648 958 sit
2689 909 3016 972 conjunctus
3060 908 3168 963 Deo
3205 911 3408 981 Vetbo,_

1823 1003 1875 1044 et
1909 995 2176 1060 partita-ps
2208 996 2394 1063 gloria:
2434 1015 2554 1048 cum
2587 999 2702 1063 ipso
2730 999 2978 1063 ell'ectus,
3006 1006 3266 1072 quodque
3305 1019 3402 1074 per

1824 1085 2052 1151 gratiam
2078 1087 2365 1148 adoptatus
2396 1087 2466 1140 sit
2499 1090 2548 1140 in
2580 1088 2796 1144 Filium.

1891 1175 1956 1229 A.
1990 1176 2240 1229 Omnino.
2275 1179 2458 1246 Neque
2502 1182 2648 1233 enim
2700 1198 2769 1236 ex
2817 1184 2989 1238 sacris
3027 1184 3248 1240 Litteris
3278 1199 3404 1255 pro-

1825 1267 1937 1319 bari
1967 1277 2178 1334 potest:
2209 1272 2301 1322 sed
2328 1272 2507 1339 potius
2545 1285 2911 1328 ornamentum
2949 1287 3031 1328 est
3064 1277 3267 1346 ingenii
3303 1281 3403 1332 im-

1825 1357 2052 1421 bet-illis,
2094 1361 2303 1415 remissi
2362 1372 2416 1416 et
2457 1364 2716 1416 notitatis
2758 1367 3028 1428 studiosi,
3085 1383 3148 1420 ac
3205 1370 3402 1422 nxentis

1824 1463 1942 1517 qua:
1988 1453 2226 1518 tnystt-rti
2269 1453 2612 1508 altitudinem
2664 1458 2974 1525 perspicere
3013 1470 3266 1525 nequeat.
3298 1457 3400 1515 Ubi

1824 1543 1964 1593 enim
2016 1543 2122 1596 tale
2167 1546 2444 1614 quidpiam
2493 1549 2543 1600 itt
2597 1562 2756 1601 saera
2804 1549 3084 1616 Scriptura
3131 1547 3405 1618 reperias?

1823 1629 1957 1686 Nam
1985 1635 2201 1688 divinus
2238 1636 2436 1691 l‘anlus
2469 1639 2788 1709 mysterium
2847 1639 3238 1693 incarnationis
3269 1638 3404 1696 Uni-

1824 1727 1985 1794 geniti
2018 1729 2220 1795 optime
2247 1729 2600 1783 tlillncidans:
2629 1751 2644 1777 ι
2668 1730 2801 1797 Quia
2835 1746 2964 1800 ergo
2993 1733 3166 1800 pueri,
3203 1733 3398 1799 inquit.

160 1829 180 1872 ς
215 1812 434 1882 Ἐπειδὴ
457 1816 562 1883 γὰρ
592 1813 658 1866 τὰ
687 1813 894 1877 παιδία,
928 1814 1081 1884 φησὶ,
1125 1813 1519 1886 κεκοινώνηκεν
1557 1816 1724 1886 αἵμα-

1834 1822 2358 1872 r0:nmunicarertmt
2383 1823 2534 1875 carni
2577 1832 2630 1875 et
2669 1824 2941 1892 sanguini.
2970 1831 3024 1876 et
3055 1825 3171 1889 ipse
3203 1823 3400 1877 simili-

154 1921 243 1967 τος
268 1905 361 1957 καὶ
393 1906 615 1978 σαρκὸς,
640 1906 732 1958 καὶ
758 1907 918 1968 αὐτὸς
947 1906 1342 1977 παραπλησίως
1366 1909 1591 1978 μετέσχε
1616 1909 1723 1962 τῶν

151 1997 349 2062 αὐτῶν,
376 1998 460 2050 ἵνα
489 1997 574 2050 διὰ
593 1997 684 2050 τοῦ
716 1997 944 2050 θανάτου
979 2001 1303 2070 καταργήσῃ
1325 2001 1415 2052 τὸν
1446 2001 1505 2053 τὸ
1528 2002 1724 2071 κράτος

151 2087 344 2158 ἔχοντα
386 2087 478 2140 τοῦ
520 2088 774 2152 θανάτου,
822 2090 1089 2151 τουτέστι,
1134 2091 1224 2142 τὸν
1260 2090 1521 2144 διάϐολον.
1560 2110 1578 2142 ι
1618 2093 1725 2145 Καὶ

104 2202 118 2216 ο
150 2179 263 2252 μὴν
293 2181 386 2232 καὶ
437 2180 662 2249 ἑτέρωθί
697 2197 798 2234 που
827 2197 839 2209 ·
879 2199 896 2230 ι
931 2181 1003 2234 Τὸ
1051 2182 1159 2252 γάρ
1203 2183 1466 2236 ἀδύνατον
1512 2182 1604 2236 τοῦ
1640 2185 1725 2236 νό-

151 2286 280 2340 μου,
303 2271 361 2322 ὲν
387 2263 431 2337 ᾧ
464 2270 678 2340 ἠσθένει
703 2271 790 2324 διὰ
817 2271 916 2338 τῆς
944 2273 1164 2340 σαρκὸς,
1197 2275 1224 2324 ὁ
1255 2272 1386 2336 Θεὸς
1416 2274 1504 2326 τὸν
1529 2275 1722 2327 ἑαυτοῦ

147 2358 278 2412 re»
313 2361 554 2430 πέμψας,
606 2362 663 2413 ἐν
699 2361 1004 2431 ὁμοιώματι
1051 2363 1250 2433 σαρκὸς
1283 2365 1577 2434 ἁμαρτίας,
1631 2366 1724 2417 καὶ

147 2451 281 2520 περὶ
333 2452 607 2520 ἁμαρτίας
681 2453 969 2521 κατέκρινε
1041 2451 1137 2521 τὴν
1212 2453 1486 2524 ἁμαρτίαν
1547 2455 1605 2506 ἐν
1657 2457 1722 2525 τῇ

148 2545 338 2614 σαρκὶ,
373 2545 460 2596 ἵνα
494 2544 553 2595 τὸ
579 2545 856 2612 δικαίωμα
886 2544 979 2596 τοῦ
1013 2545 1178 2614 νόμου
1211 2546 1474 2617 πληρωθῇ
1504 2549 1560 2599 ἐν
1594 2549 1724 2618 ἡμῖν

144 2639 261 2699 τοῖς
292 2638 364 2706 μὴ
398 2637 537 2689 κατὰ
571 2637 748 2706 σάρκα
779 2636 1197 2707 περιπατοῦσιν,
1223 2639 1358 2690 ἀλλὰ
1387 2641 1530 2693 κατὰ
1562 2640 1725 2692 πνεῦ-

147 2746 248 2799 μα.
290 2749 308 2780 ι
348 2731 818 2800 Κεκοινωνηκέναι
839 2731 894 2783 δέ
921 2749 1100 2801 φαμεν
1126 2732 1355 2802 αἵματος
1383 2735 1475 2785 καὶ
1502 2735 1723 2804 σαρκὸς,

143 2821 297 2874 κατά
326 2838 387 2888 γε
416 2821 507 2873 τὸν
541 2826 652 2885 τοῖς
691 2822 1018 2894 θεῖρὴμοσιν
1044 2826 1257 2877 ἐοικότα
1287 2824 1432 2888 νοῦν,
1466 2827 1526 2878 οὐ
1550 2827 1638 2879 τὸν
1667 2829 1725 2878 ὲν

148 2914 319 2982 σαρκὶ
357 2915 448 2966 καὶ
480 2915 671 2985 αἵματι
703 2918 821 2968 κατ’
861 2916 996 2968 ἰδίαν
1027 2915 1208 2985 φύσιν,
1233 2919 1324 2975 καὶ
1355 2920 1553 2988 ἑτέρως
1586 2915 1725 2972 εἶναι

145 3006 225 3074 μὴ
251 3005 564 3075 δυνάμενον,
612 3006 747 3059 ἀλλὰ
785 3009 874 3071 τὸν
921 3009 1022 3061 οῦκ
1073 3009 1200 3062 ὅντα
1229 3009 1385 3063 τοῦτό
1417 3028 1581 3091 ποτε,
1631 3013 1725 3064 καὶ

143 3096 365 3165 φόσεως
404 3100 595 3167 ἑτέρας
635 3099 667 3169 ἢ
727 3101 848 3153 καθ’
897 3103 1064 3170 ἡμᾶς·
1112 3102 1391 3170 γεγονέναι
1421 3103 1477 3156 δὲ
1524 3107 1614 3158 καὶ
1659 3107 1724 3158 ἐκ

143 3190 427 3257 γυναικὸς,
464 3193 557 3242 καὶ
601 3192 659 3242 ἐν
704 3192 1011 3262 ὁμοιώματι
1056 3195 1258 3263 σαρκὸς
1295 3195 1589 3266 ἁμαρτίας,
1637 3197 1727 3249 τὸν

141 3279 213 3334 δι’
248 3281 416 3350 ἡμᾶς,
449 3281 570 3333 καθ’
604 3283 774 3352 ἡμᾶς,
809 3285 948 3352 μετὰ
977 3284 1072 3336 τοῦ
1096 3286 1188 3338 καὶ
1219 3286 1360 3349 ὑπὲρ
1393 3289 1562 3357 ἡμᾶς,
1594 3290 1728 3342 καθὸ

139 3375 348 3426 νοεῖται
381 3372 529 3436 Θεός.
562 3372 754 3442 Γέγονε
781 3376 879 3445 μὲν
908 3377 999 3430 καὶ
1031 3377 1168 3448 σὰρξ
1193 3381 1220 3431 ό
1267 3379 1462 3447 Λόγος,
1494 3381 1632 3452 πλὴν
1665 3382 1726 3435 οὺ

141 3463 289 3534 σὰρξ
327 3465 637 3534 ἁμαρτίας,
679 3467 792 3520 ἀλλ’
842 3470 900 3520 ἐν
951 3467 1257 3540 ὁμοιώματι
1305 3473 1504 3541 σαρκὸς
1542 3475 1726 3545 ἁμαρ-

137 3556 291 3619 τίας,
329 3558 740 3628 συνανεστράφη
766 3560 864 3628 μὲν
894 3563 1004 3623 τοῖς
1028 3563 1119 3613 ἐπὶ
1145 3561 1244 3631 τῆς
1267 3563 1387 3632 γῆς,
1413 3563 1487 3626 ώς
1517 3565 1724 3637 ἅνθρω-

138 3664 270 3709 πος,
311 3648 402 3699 καὶ
451 3648 508 3698 ἐν
539 3650 846 3718 ὁμοιώματι
877 3651 1068 3718 γέγονε
1114 3652 1191 3722 τῷ
1222 3653 1342 3705 καθ’
1385 3655 1552 3722 ἡμᾶς,
1587 3656 1726 3726 πλὴν

135 3740 205 3795 οὐ
242 3739 364 3810 μεθ’
394 3740 550 3810 ἡμῶν
581 3741 670 3810 ὑφ’
709 3742 1007 3813 ἁμαρτίαν,
1041 3744 1156 3796 ἀλλ’
1182 3746 1438 3798 ἐπέκεινα
1467 3746 1558 3799 τοῦ
1591 3750 1727 3802 εἰδέ-

137 3849 235 3885 ναι
279 3831 642 3902 πλημμελεῖν.
683 3829 792 3885 Ἶὶν
826 3833 933 3905 γὰρ
961 3837 989 3887 ὀ
1029 3837 1189 3898 αὐτὸς
1221 3836 1350 3900 Θεός
1380 3854 1439 3889 τε
1466 3839 1600 3907 ὁμοῦ
1633 3841 1728 3892 καὶ

136 3921 457 3991 ἄνθρωπος.
484 3923 547 3973 υἱ
577 3921 634 3974 δὲ
665 3925 762 3993 τὴν
803 3922 946 3976 οὓτω
974 3926 1176 3994 σεπτὴν
1216 3926 1309 3978 καὶ
1348 3927 1729 3998 τεθαυμασμέ-

137 4031 248 4082 νην
285 4014 598 4083 οἰκονομίαν
656 4015 1023 4086 ἀποφέροντες
1055 4017 1152 4069 οὐκ
1184 4014 1278 4069 οἷδ’
1302 4019 1449 4083 ὅπως
1478 4021 1572 4073 τοῦ
1612 4023 1728 4074 Μο-

132 4104 422 4173 νογενοῦς,
452 4105 735 4176 ἄνθρωπον
773 4106 921 4176 αὐτῷ
947 4109 1279 4167 συνάπτουσι
1318 4112 1606 4180 σχετικῶς,
1644 4132 1728 4166 τι-

138 4199 280 4266 μαῖς
314 4198 433 4258 ταῖς
464 4197 698 4264 θύραθεν
733 4198 1155 4269 ἐξωραῖσμένον,
1191 4203 1284 4255 καὶ
1310 4203 1569 4276 ἀλλοτρία
1603 4205 1730 4278 δόξῃ

133 4289 661 4358 λελαμπρυσμένον,
714 4291 804 4343 καὶ
851 4292 912 4343 οῦ
967 4291 1098 4343 Θεὸν
1148 4293 1386 4362 ἀληθῶς,
1426 4296 1560 4348 ἀλλὰ
1593 4296 1728 4350 Θεοῦ

134 4381 410 4433 κοινωνὸν
458 4382 551 4432 καὶ
589 4382 834 4450 μέτοχον,
887 4384 982 4435 καὶ
1031 4384 1158 4436 Υἱὸν
1213 4385 1582 4459 ψευδώνυμον,
1636 4391 1730 4444 καὶ

1829 1915 1912 1959 ter
1943 1909 2284 1977 participarit
2325 1910 2552 1972 eisdem,
2589 1923 2648 1964 ιιι
2693 1928 2788 1980 per
2824 1925 3048 1966 mortem
3098 1914 3400 1968 destrueret

1827 2013 1948 2050 eum
1984 2000 2076 2064 qui
2123 2000 2353 2054 habebat
2383 2003 2571 2055 ntortis
2595 2003 2902 2070 imperium.
2937 2004 3037 2058 hoe
3071 2015 3176 2068 εει,
3214 2005 3401 2057 ιΙίειιιοο

1833 2083 1940 2134 lunt
1976 2085 2043 2139 ³³.
2085 2105 2103 2136 ι
2137 2086 2195 2138 lit
2228 2086 2332 2138 alio
2366 2090 2416 2140 in
2451 2090 2568 2141 loro
2602 2108 2615 2144 :
2650 2109 2668 2140 ι
2709 2091 2860 2157 Quod
2889 2094 3032 2144 enim
3067 2093 3400 2159 impossibile

1825 2184 1944 2226 erat
1995 2175 2094 2244 legi
2144 2177 2193 2229 in
2237 2192 2344 2246 quo
2385 2180 2763 2234 iulirmaliatttr
2806 2198 2902 2249 per
2950 2199 3214 2237 Carnem:
3261 2185 3403 2239 Deus

1826 2264 2018 2319 Filittttt
2060 2284 2215 2322 suum
2254 2273 2476 2324 mittens
2505 2273 2556 2325 in
2601 2275 3012 2328 similitudinem
3057 2276 3239 2330 carnis
3273 2291 3398 2343 pec-

1827 2357 1955 2420 cati,
1985 2368 2039 2410 et
2085 2359 2151 2412 de
2195 2372 2417 2428 pet-cato
2463 2364 2738 2418 tlatttttarit
2771 2379 3047 2433 peccatum
3098 2369 3149 2421 itt
3191 2383 3399 2425 carne:

1828 2459 1882 2500 ιιι
1905 2451 2225 2518 ]ιι›ιὶιίι·;ιιίο
2255 2455 2386 2523 legis
2416 2456 2730 2524 impleretur
2757 2459 2808 2511 itt
2847 2463 3020 2524 nobis,
3056 2463 3143 2527 qui
3178 2479 3282 2514 non
3313 2477 3400 2517 sc-

1826 2541 2059 2593 Cttntlum
2095 2560 2314 2597 earnettt
2350 2547 2715 2612 ambulamus,
2747 2553 2841 2603 sed
2893 2553 3192 2604 secundum
3238 2553 3402 2619 spiri-

1828 2643 1938 2687 tum
1979 2636 2045 2686 “.
2088 2628 2106 2687 ἰ
2152 2635 2598 2694 Communicasse
2659 2653 2837 2696 antem
2879 2644 3110 2696 dit-imus
3141 2645 3291 2697 carni
3346 2651 3402 2699 et

1827 2728 2081 2795 sanguini
2131 2728 2284 2796 juxta
2324 2732 2538 2784 modum
2583 2734 2780 2786 divinis
2820 2734 3050 2804 eloquiis
3077 2739 3407 2790 convenien-

1830 2827 1937 2869 tem
1987 2833 2090 2870 ttou
2124 2834 2245 2871 cum
2273 2822 2362 2888 qui
2398 2821 2448 2874 itt
2487 2838 2651 2875 carne
2696 2835 2748 2877 et
2799 2825 3062 2893 sanguine
3103 2828 3398 2879 secundum

1826 2909 2098 2975 propriam
2146 2921 2396 2964 natnrant
2461 2915 2815 2979 versabatur,
2865 2931 3037 2986 neque
3086 2918 3243 2970 aliter
3281 2933 3405 2973 esse

1828 3014 2036 3070 poterat
2058 3017 2072 3065 ;
2097 3003 2189 3055 sed
2211 3003 2302 3071 qui
2342 3006 2392 3055 id
2425 3020 2702 3072 nunquam
2738 3007 2930 3070 fuerat,
2963 3019 3016 3062 et
3049 3017 3256 3062 natura!
3285 3021 3402 3062 erat

1831 3093 2056 3146 tliversa-
2095 3110 2123 3145 a
2159 3105 2340 3167 nostra
2380 3111 2393 3146 :
2435 3095 2634 3149 factum
2671 3113 2797 3150 vero
2827 3115 2949 3153 esse
2988 3103 3151 3153 etiam
3189 3117 3252 3154 ex
3286 3117 3405 3154 mtt-

1830 3185 1965 3238 liere
2000 3185 2067 3250 ",
2096 3194 2149 3238 et
2182 3185 2234 3238 in
2267 3187 2674 3240 similitudinem
2701 3191 2880 3243 carnis
2916 3193 3120 3260 peccati
3154 3194 3243 3261 qui
3277 3209 3403 3262 pro-

1829 3286 1946 3346 pter
1977 3292 2075 3331 nos
2099 3278 2264 3330 nostri
2293 3280 2486 3331 similis
2516 3290 2598 3332 est
2627 3281 2882 3335 ell'et-los:
2916 3283 2985 3335 ita
3015 3295 3193 3336 tamen
3225 3298 3281 3337 ut
3307 3300 3404 3340 no-

1826 3370 1910 3423 bis
1941 3371 2190 3438 superior
2212 3383 2377 3436 esset,
2407 3381 2671 3442 quatenus
2698 3383 2777 3428 est
2812 3375 2970 3428 Dens.
2999 3373 3236 3429 Verbum
3258 3378 3410 3431 enim,

1827 3475 1954 3513 caro
1992 3461 2192 3516 factum
2229 3471 2354 3528 est;
2389 3475 2642 3518 t-a-terntn
2675 3482 2778 3518 non
2806 3482 2934 3518 caro
2969 3468 3197 3534 peccati,
3225 3469 3317 3520 sed
3347 3467 3402 3522 ia

1827 3553 2233 3608 sitnilittnlinem
2282 3556 2465 3609 carnis
2517 3559 2746 3625 peccati.
2800 3557 2864 3611 Et
2909 3568 3156 3612 verSatns
3188 3560 3407 3624 quidem

1827 3657 1909 3700 est
1944 3663 2063 3700 cum
2100 3648 2432 3710 hominibus,
2463 3659 2520 3700 ιιι
2555 3650 2736 3713 Ιιοιιιο,
2784 3651 3062 3718 nostrique
3097 3651 3294 3704 similis
3329 3649 3406 3704 fa-

1827 3749 1969 3800 ctus,
1999 3742 2090 3792 sed
2125 3758 2229 3794 non
2262 3757 2365 3794 una
2403 3741 2682 3794 nobiscum
2718 3752 2938 3808 pem-ato
2972 3741 3260 3805 olmmius,
3307 3743 3403 3796 sed

1828 3845 1858 3884 ιι
1889 3843 2112 3898 peccato
2150 3833 2307 3900 plane
2341 3833 2497 3886 liber.
2541 3834 2666 3886 Erat
2711 3835 2853 3900 enim
2903 3835 3016 3903 ipse
3067 3833 3204 3888 Deus
3242 3835 3415 3908 simul

1827 3934 1882 3978 et
1912 3925 2088 3977 Immo.
2135 3924 2195 3978 lli
2248 3941 2378 3980 vero
2427 3927 2790 3979 venerabilem
2843 3930 2980 3979 Itane
3043 3937 3205 3993 atque
3247 3927 3411 3981 admi-

1835 4018 2054 4070 randant
2109 4019 2542 4070 int-arnationem
2605 4021 2672 4072 ab
2737 4018 3026 4088 Unigenito
3071 4021 3258 4073 IteSt'io
3303 4034 3410 4086 quo

1832 4117 1990 4174 paulo
2024 4109 2338 4172 avellentes,
2382 4107 2543 4178 745
2597 4111 2865 4163 hominem
2909 4109 3006 4177 ipsi
3050 4111 3240 4163 su-irte
3273 4123 3410 4164 con-

1826 4197 2083 4267 jttttguttt,
2123 4201 2366 4253 externis
2414 4201 2774 4269 ascititiisqne
2811 4200 3106 4253 linum-ibus
3136 4212 3407 4265 ornatum,

1833 4301 1995 4358 atque
2027 4290 2200 4342 aliena
2239 4291 2410 4360 gloria
2446 4291 2811 4361 splendidum,
2855 4306 3027 4359 ιιι-(ιιιο
3055 4305 3180 4343 \‘t-re
3220 4290 3411 4355 Deum,

1833 4384 1924 4435 sed
1973 4381 2063 4435 Dei
2130 4385 2469 4452 participem,
2511 4394 2563 4437 et
2609 4382 2724 4434 falsi
2782 4383 3015 4434 nominis
3067 4382 3261 4435 Filium
3293 4423 3309 4447 ,
3357 4393 3417 4435 et

132 4475 383 4544 Σωτῆρα
432 4473 737 4542 σωζόμενον
765 4516 776 4531 .
831 4476 924 4528 καὶ
993 4476 1360 4547 λυτρουμένου
1408 4483 1724 4553 Λυτρωτήνο

1840 4471 2182 4525 Salvatoretn
2211 4489 2331 4526 enm
2366 4476 2456 4541 qui
2491 4476 2728 4527 S:tl\'altts
2761 4474 2867 4538 sit,
2900 4483 3066 4543 atque
3112 4477 3411 4541 redempto-

132 4567 332 4620 καίτοι
363 4567 702 4636 γεγραφότος
725 4567 820 4620 ὡδὶ
851 4567 944 4619 τοῦ
973 4572 1240 4640 μακαρίου
1270 4573 1502 4626 Παύλου’
1529 4596 1547 4626 ι
1581 4577 1733 4629 Ἐπέ-

132 4675 282 4728 φανε
310 4657 422 4728 γὰρ
459 4661 490 4727 ἡ
521 4659 678 4728 χάρις
726 4659 818 4712 τοῦ
867 4660 1058 4732 Θεοῦὴ
1106 4666 1370 4735 σωτήριος
1423 4668 1588 4720 πᾶσιν
1633 4669 1729 4720 ἀν-

131 4749 414 4823 θρώποις,
473 4750 560 4803 ἵνα
601 4752 974 4822 ἀρνησάμενοι
1023 4754 1119 4825 τὴν
1173 4755 1452 4817 ἀσέϐειαν,
1491 4759 1584 4809 καὶ
1634 4758 1731 4822 τὰς

129 4843 423 4911 κοσμικὰς
457 4843 773 4908 ἐπιθυμίας,
804 4845 1096 4915 σωφρόνως
1142 4848 1234 4900 καὶ
1266 4849 1522 4912 ἐπιεικῶς
1550 4849 1729 4918 ζήσωο

132 4955 244 5006 μεν
283 4937 346 4987 ὲν
387 4935 464 5004 τῷ
515 4935 610 4988 νῦν
657 4937 833 4997 αἰῶνι,
865 4938 1282 5009 προσδεχόμενοι
1310 4942 1408 5009 τὴν
1450 4944 1726 5012 μακαρίαν

127 5026 364 5087 ἐλπίδα,
397 5026 488 5078 καὶ
521 5027 843 5094 ἐπιφάνειαν
876 5032 973 5097 τῆς
1008 5029 1166 5099 δόξης
1194 5029 1286 5082 τοῦ
1332 5031 1566 5101 μεγάλου
1592 5032 1726 5086 Θεοῦ

127 5119 234 5174 καὶ
276 5117 534 5186 Σωτῆρος
560 5119 714 5188 ἡμῶν
760 5120 936 5190 Ἰησοῦ
967 5122 1222 5192 Χριστοῦ.
1258 5143 1276 5173 ι

206 5210 272 5263 Β.
307 5208 444 5272 Ναὶ,
473 5217 655 5277 φασιν,
674 5210 892 5282 Ἐπειδὴ
922 5213 1175 5283 γὰρὸλιυς
1203 5213 1406 5286 ἠξιώθη
1430 5218 1724 5286 συναφείας

123 5300 233 5369 τῆς
263 5298 406 5369 πρὸς
434 5299 522 5353 τὸν
554 5301 684 5353 Θεὸν
715 5303 906 5370 Λόγον,
936 5306 1108 5373 μέγας
1133 5306 1226 5359 καὶ
1249 5307 1408 5371 αὐτὸς
1431 5309 1720 5382 ὠνομάσθη

123 5389 296 5453 Θεὸς,
343 5389 522 5442 καίτοι
550 5390 787 5459 γεγονὼς
819 5391 883 5444 ἐκ
918 5395 1231 5466 σπέρματος
1255 5397 1347 5450 τοῦ
1377 5397 1557 5452 Δαὸίδ.

201 5569 274 5620 Δ.
343 5561 521 5618 Βαὸαὶ
567 5566 668 5637 τῆς
717 5567 1118 5641 άποπληξίαςῑλ
1169 5573 1518 5639 (Φάσκοντες
1586 5570 1724 5628 εἶναι

1837 4580 1948 4617 rem
1985 4580 2107 4616 enin
2156 4565 2246 4633 qui
2293 4567 2600 4632 tedempttts
2635 4577 2736 4631 est,
2788 4583 2910 4619 cunt
2964 4566 3167 4634 alioqui
3221 4568 3414 4620 beatos.

1836 4655 2032 4708 Paulus
2065 4657 2346 4711 manil'eSte
2374 4657 2443 4709 ita
2466 4657 2703 4711 ~~cribat:
2736 4677 2754 4708 ι
2785 4659 3041 4726 Apparuit
3062 4672 3205 4710 enim
3235 4659 3408 4727 gratia

1843 4748 1934 4801 υυι
1976 4748 2274 4802 Salralot'is
2309 4750 2475 4800 nostri
2508 4749 2758 4801 otnnibus
2791 4748 3120 4808 ltotniniltns,
3155 4751 3412 4802 erudiens

1834 4857 1931 4894 ltus
1950 4851 2005 4892 ιιι
2027 4841 2358 4909 :tbttegantes
2385 4841 2710 4908 iutpietalettt
2735 4851 2788 4893 et
2811 4840 3093 4895 sa'cnlaria
3119 4840 3423 4908 desideriat

1833 4934 2013 4987 sobrie
2042 4945 2096 4985 et
2132 4934 2276 4998 juste
2314 4943 2368 4986 et
2421 4933 2505 5001 pie
2538 4933 2782 4985 vit-annis
2822 4932 2874 4983 in
2920 4933 3022 4985 Itoc
3053 4931 3274 4992 san-nlo,
3307 4946 3407 4984 ex-

1833 5034 2135 5089 Speetatdes
2167 5027 2381 5078 beatam
2405 5041 2556 5088 spem
2605 5037 2655 5077 et
2690 5025 2977 5076 adventum
3007 5023 3191 5090 gloria:
3231 5023 3408 5092 magni

1831 5114 1922 5170 Dei
1951 5127 2004 5169 et
2046 5118 2343 5169 Salvatoris
2371 5117 2536 5172 uestri
2569 5114 2693 5170 Jesu
2736 5116 2934 5168 (thristi
2962 5116 3027 5169 ".
3063 5135 3081 5168 ι

1907 5207 1966 5261 Β.
2012 5209 2084 5261 Ita
2125 5210 2293 5260 aiunt.
2324 5208 2611 5278 Postquam
2643 5208 2786 5260 enim
2818 5206 2986 5261 semel
3016 5206 3289 5260 admissus
3321 5213 3410 5259 est

1831 5301 1894 5353 ad
1935 5300 2365 5363 conjunctitmetn
2413 5315 2533 5353 cum
2578 5299 2685 5352 Deo
2727 5296 2924 5362 Verbo,
2969 5313 3192 5369 magnus
3241 5298 3416 5357 etiam.

1830 5392 1944 5460 ipse
1993 5393 2131 5447 Dens
2182 5404 2404 5449 vocatus
2441 5403 2544 5457 est,
2599 5391 2815 5445 tametsi
2871 5406 2938 5446 ex
2983 5391 3189 5446 semine
3235 5387 3418 5449 Davick,

1829 5495 2000 5537 Ol'lllS.

1901 5573 1966 5628 A.
2007 5574 2051 5630 Ο
2079 5575 2402 5631 immensum
2444 5575 2753 5645 stuporem!
2791 5593 2811 5627 ι
2837 5572 2972 5630 Cum
3009 5589 3067 5629 se
3098 5575 3272 5628 dicant
3310 5590 3415 5627 ςιισ.

202 5751 250 5782 ι’
285 5746 329 5800 ll
356 5744 485 5802 Cor.
531 5765 580 5810 ν,
616 5748 696 5802 17.
778 5751 820 5784 ³³
844 5748 1006 5806 Hebr.
1047 5767 1104 5815 tt,
1136 5751 1219 5806 H.
1291 5755 1336 5786 "
1367 5753 1524 5810 Rom.
1564 5772 1678 5816 rm.
1710 5756 1724 5811 ἓ

1834 5795 1842 5811 .
1912 5758 1955 5790 ³³
1989 5756 2166 5812 Galat.
2194 5773 2267 5815 tv.
2312 5755 2360 5810 4.
2442 5757 2486 5790 ⁸⁸
2519 5753 2625 5811 Tit.
2655 5769 2714 5815 tt.
2749 5751 2945 5810 “45..
