3846 6210
432 313 572 371 i307

1472 314 1530 370 S.
1560 312 1837 371 CYRILLI
1874 304 2351 373 ΑιΕΧΑΝῡιιῐΝι
2389 318 2716 376 ARClllEP.

3563 316 3693 373 1308

433 441 664 501 pientes,
722 431 871 488 stulti
932 431 1060 487 facti
1113 439 1259 497 sunt,
1299 450 1317 483 ι
1361 431 1512 502 juxta
1566 432 2004 502 Scripturam".

2131 436 2291 504 τοφοὶ,
2335 439 2755 512 ἐμωράνθησαν,
2792 460 2810 491 ι
2846 438 2988 494 κατὰ
3014 437 3075 492 τὸ
3096 430 3501 508 γεγραμμένον.
3556 433 3695 489 M50-

437 524 752 580 Traducunt
794 524 1064 591 enim,.ut
1095 522 1231 587 dixi,
1265 538 1479 578 omnem
1511 524 1762 594 mysterii
1801 522 2008 578 Christi

433 616 543 671 vim
571 631 636 672 ac
665 617 916 671 virtutem
964 615 1015 669 in
1047 615 1403 671 contrarium.
1442 615 1510 670 Et
1542 617 1685 687 quod
1725 615 1901 683 ipsum
1933 614 2014 667 di-

433 717 567 765 cunt
602 708 820 778 dignum
853 723 919 763 eo
950 707 1155 762 honore
1181 707 1479 777 judicatnm
1519 722 1660 771 esse,
1704 705 1831 759 nihil
1870 703 2013 758 aliud

436 810 714 871 estquam
756 815 1101 855 communem
1142 799 1378 870 aliquem
1419 801 1694 854 hominem
1754 794 2010 865 statuere,

437 904 493 949 et
527 893 895 949 diversitatem
938 892 1229 962 quamdam
1277 893 1549 963 imperite,
1591 908 1655 948 ac
1697 891 2015 947 dualitatem

440 984 673 1040 ﬁliorum
724 982 1057 1038 adorandam
1106 998 1429 1053 preponere,
1486 997 1719 1053 quorum
1764 981 1903 1036 alter
1947 981 2018 1035 sit

437 1084 632 1130 natura
683 1089 746 1129 ac
790 1088 922 1129 vere
950 1074 1143 1143 Filius,
1179 1076 1318 1129 alter
1363 1074 1630 1129 ascititins
1677 1081 1733 1128 et
1779 1071 2015 1142 spurius,

436 1165 680 1236 nihilque
715 1168 922 1222 habens
964 1166 1106 1235 quod
1150 1176 1304 1221 Suum
1338 1167 1446 1228 sit;
1484 1167 1559 1219 ita
1601 1173 1659 1220 ut
1692 1163 1771 1219 illi
1800 1162 2020 1232 perinde

437 1272 503 1313 ac
543 1258 700 1313 nobis
729 1258 838 1313 diei
873 1258 1088 1326 possit:
1121 1276 1140 1309 ι
1175 1256 1311 1323 Quid
1348 1258 1515 1311 habes
1540 1255 1682 1325 quod
1719 1269 1822 1309 non
1866 1268 2022 1309 acce-

436 1349 584 1418 peris
605 1349 685 1403 '3?
720 1368 739 1402 ι
786 1347 1058 1403 Prurterea
1109 1348 1238 1417 quid
1290 1348 1355 1401 dc
1407 1345 1810 1416 sapientissimo
1855 1343 2022 1397 Paulo

437 1450 763 1507 statuemus,
823 1442 895 1503 ita
950 1442 1164 1496 dicente
1202 1460 1215 1495 :
1249 1460 1266 1491 ι
1300 1439 1393 1494 Dei
1448 1440 1592 1494 enim
1644 1439 1817 1493 Filius
1852 1436 2022 1493 'Jesus

439 1531 718 1597 Christus,
752 1533 843 1601 qui
881 1533 934 1586 in
973 1531 1128 1586 vobis
1173 1547 1265 1601 per
1304 1546 1403 1587 nos
1434 1529 1760 1601 praedicatus
1790 1538 1897 1596 est,
1927 1542 2023 1597 per

437 1639 527 1679 me
558 1634 612 1681 et
644 1622 921 1678 Silvanum
956 1634 1010 1679 et
1036 1622 1406 1688 Timotheum,
1444 1638 1550 1678 non
1579 1621 1683 1676 fuit
1713 1623 1767 1678 in
1793 1623 1896 1689 illo
1922 1640 2021 1681 EST

439 1724 495 1768 et
526 1731 654 1781 NON,
690 1717 783 1772 sed
814 1732 912 1771 esr
940 1716 993 1770 in
1024 1716 1115 1771 illo
1149 1715 1252 1771 fuit
1275 1715 1341 1769 ’³.
1374 1735 1393 1768 ι
1429 1714 1710 1782 Quomodo
1737 1717 1884 1770 enim
1915 1732 2019 1771 non

439 1806 605 1862 fuerit
643 1823 741 1863 ss'r
784 1817 839 1862 et
864 1823 969 1863 NON
991 1848 1007 1874 ,
1039 1809 1084 1864 si
1118 1809 1260 1864 Dens
1302 1823 1420 1863 esse
1457 1808 1676 1874 dicitur,
1708 1818 1762 1862 et
1800 1824 1905 1863 non
1940 1820 2022 1864 est

439 1897 625 1970 Densi?
658 1900 702 1954 si
732 1899 868 1955 falso
896 1901 963 1955 de
990 1902 1107 1971 ipso
1147 1900 1346 1956 dicitur
1377 1900 1526 1965 illud,
1561 1899 1732 1955 Filius
1761 1910 1815 1956 et
1840 1900 2024 1956 Domi-

441 1991 587 2046 nus?
617 1991 675 2047 Si
714 2006 843 2047 vero
870 1993 942 2047 ita
986 2007 1046 2049 se
1076 2008 1167 2048 res
1203 1993 1385 2057 habet,
1417 2002 1471 2046 ul
1506 1993 1592 2048 ἱειί
1626 1994 1836 2060 volunt,
1865 2008 2024 2064 opor-

442 2085 609 2140 tuerit
633 2084 820 2153 etiam,
849 2096 911 2141 ut
948 2087 1211 2151 arbitror,
1246 2088 1469 2142 dicere:
1509 2103 1527 2137 ι
1555 2087 1744 2141 Gratia
1780 2086 1873 2141 Dei
1904 2103 2022 2142 sunt

442 2172 497 2227 id
529 2174 670 2244 quod
698 2189 815 2230 sum
840 2175 910 2233 ³⁸.
940 2194 961 2228 ι
994 2177 1146 2244 Quod
1178 2178 1322 2235 enim
1353 2177 1682 2232 naturaliter
1722 2192 1829 2232 non
1860 2177 2024 2242 inest,

440 2265 536 2320 sed
564 2265 909 2323 extrinsecus
949 2268 1182 2324 ascitum
1212 2279 1315 2332 est,
1349 2279 1403 2326 et
1432 2270 1500 2324 ab
1539 2268 1644 2323 alio
1675 2269 1880 2337 datum,
1918 2285 2023 2324 non

443 2365 528 2412 est
572 2358 858 2413 dicendum
904 2359 1022 2429 ejus
1051 2362 1146 2431 qui
1193 2362 1422 2429 accepit,
1474 2361 1568 2416 sed
1603 2360 1723 2431 ejus
1752 2359 1846 2430 qui
1882 2361 2029 2415 dedit

443 2456 606 2515 atque
640 2445 868 2518 largitus
907 2459 1010 2504 est.
1058 2452 1176 2517 Quo
1216 2460 1375 2521 pacto
1421 2460 1599 2507 autem
1646 2451 1829 2505 dixit:
1866 2470 1884 2503 ι
1916 2451 2027 2516 Ego

443 2551 562 2591 sum
596 2536 813 2593 Veritas
835 2540 902 2606 ⁸¹,
934 2560 953 2593 ι
993 2542 1038 2597 si
1082 2543 1217 2598 nihil
1265 2545 1319 2598 in
1361 2545 1478 2613 ipso
1520 2551 1604 2599 est
1652 2544 1805 2598 veri?
1860 2543 2026 2613 Atqui

444 2630 960 2699 comprehenderint
1001 2634 1164 2688 etiam
1208 2635 1382 2705 ipsum
1433 2636 1692 2705 tenebrae,
1737 2637 1784 2691 si
1838 2637 2028 2691 menti-

448 2732 552 2776 tur.
581 2722 849 2780 Caaterum
874 2743 895 2777 ι
921 2740 1027 2781 non
1057 2726 1187 2782 fecit
1213 2736 1515 2797 peccatum,
1549 2744 1727 2801 neque
1773 2728 2027 2784 inventus

444 2821 527 2868 est
554 2813 607 2869 in
635 2829 731 2869 ore
757 2816 930 2886 ipsius
959 2818 1136 2888 dolus,
1169 2837 1189 2871 ι
1220 2828 1279 2874 ιιι
1312 2820 1578 2891 scriptum
1608 2830 1693 2877 est
1712 2821 1781 2875 ³².

509 2902 572 2958 Β.
611 2903 729 2960 Non
750 2920 902 2962 sane.

521 2996 583 3051 A.
625 2996 885 3063 Quaenam
923 3016 1054 3056 vero
1088 3000 1251 3058 fuerit
1294 3004 1630 3074 exinanitio;
1671 3017 1765 3064 aut
1813 3010 1899 3065 cui
1936 3026 2028 3066 ac-

447 3087 679 3159 ciderit?
712 3088 898 3161 Neque
931 3091 1078 3148 enim
1107 3110 1438 3167 quemquam
1470 3098 1807 3156 exinanitum
1841 3103 2026 3157 videre

445 3191 553 3245 est,
587 3180 752 3253 746
772 3181 867 3238 sed
897 3185 1078 3255 potius
1113 3197 1303 3243 contra
1331 3189 1635 3260 impletum,
1669 3209 1793 3247 cum
1825 3193 2027 3263 alioqui

448 3268 836 3339 plenitudinem
882 3288 954 3329 ex
997 3290 1094 3329 sua
1145 3288 1339 3334 natura
1378 3280 1598 3338 haheat.
1650 3282 1837 3353 Neque
1883 3285 2029 3339 enim

449 3357 628 3413 aliena
668 3374 770 3431 ope
809 3364 982 3433 eguit;
1040 3373 1095 3419 et
1145 3380 1609 3444 supervacaneum
1656 3372 1709 3426 in
1760 3388 1826 3428 eo
1870 3372 2033 3429 fuerit

450 3451 719 3522 accipere,
756 3468 879 3509 cum
905 3471 969 3511 ex
1008 3471 1105 3512 sua
1131 3470 1329 3514 natura
1363 3462 1434 3517 sit
1462 3463 1915 3533 perfectissimus,
1942 3465 2031 3520 ni-

451 3545 632 3616 hilque
667 3547 717 3601 ei
759 3548 933 3615 desit;
967 3550 1063 3605 sed
1110 3566 1176 3607 ex
1212 3553 1549 3622 plenitudine
1587 3555 1793 3611 Christi
1843 3572 2032 3613 omnes

452 3651 550 3690 nos
609 3639 919 3709 accepimus
941 3639 1026 3708 ³³,
1080 3657 1258 3711 neque
1331 3643 1637 3700 divinorum
1692 3646 2030 3716 eloquiorum

454 3743 730 3794 praecones
785 3732 1000 3786 mentiti
1046 3733 1268 3789 fuerint.
1306 3735 1507 3792 Plenus
1555 3738 1701 3792 enim
1744 3748 1828 3793 est
1871 3739 2032 3794 Chri~

453 3831 589 3889 stus,
623 3837 797 3892 neque
819 3824 1112 3896 quidquam
1158 3829 1382 3884 omnino
1412 3835 1467 3885 in
1503 3830 1619 3899 ipso
1654 3841 1760 3896 est,
1790 3832 1933 3901 quod
1968 3831 2034 3886 ab

452 3912 559 3967 alio
585 3917 877 3984 acceperit,
900 3927 1169 3988 quatenus
1199 3929 1451 3974 censetur
1479 3932 1535 3976 et
1563 3932 1644 3977 est
1674 3924 1812 3977 Deus
1846 3942 1859 3978 :
1895 3933 2034 3977 tam-

451 4007 556 4062 etsi
619 4010 894 4079 proprium
967 4013 1131 4068 etiam
1206 4013 1255 4068 ei
1308 4014 1510 4068 factum
1563 4025 1683 4083 est,
1759 4017 2031 4086 accipere,

454 4107 677 4168 propter
708 4101 958 4156 humana:
1003 4111 1211 4159 natura:
1250 4106 1650 4173 conditionem;
1682 4116 1735 4160 et
1766 4117 2034 4176 quatenus

454 4192 708 4260 apparuit
761 4196 936 4249 nostri
987 4196 1203 4251 similis.
1262 4196 1428 4253 Nobis
1476 4198 1652 4264 enim,
1712 4211 1765 4254 ct
1817 4200 2033 4267 quidem

454 4293 603 4338 recte
651 4285 910 4342 dicatur:
951 4305 971 4339 ι
1002 4287 1143 4355 Quid
1177 4290 1323 4345 enim
1372 4288 1563 4357 habes,
1597 4289 1743 4359 quod
1789 4304 1896 4345 non
1940 4304 2035 4345 ac-

454 4373 685 4441 cepisti?
714 4394 734 4426 ι

2119 533 2297 585 ιστᾶσι
2345 533 2475 605 γὰρ,
2515 536 2591 598 ὼς
2609 535 2766 604 ἔφην,
2798 531 2893 587 τοῦ
2931 530 3076 586 κατὰ
3114 530 3351 603 Χριστὸν
3401 527 3692 600 μυστηρίου

2114 623 2214 694 τὴν
2244 622 2491 695 δύναμιν,
2542 629 2621 689 εἰς
2659 627 2767 680 πᾶν
2809 623 3139 689 τούναντίον,
3176 622 3270 676 καὶ
3301 622 3400 692 μὲν
3438 618 3694 689 ἠξιῶσθαι

2115 715 2296 782 λέγειν
2336 716 2519 782 αὑτὸν,
2558 715 2643 788 εἴη
2675 715 2742 769 ἂν
2791 714 2981 787 ἕτερον
3014 713 3188 775 οὐδὲν,
3223 710 3366 782 πλὴν
3397 710 3479 763 ὅτι
3524 708 3695 761 κοινὸν

2118 805 2408 878 ἄνθρωπον
2429 807 2779 874 ἀποφαίνειν,
2810 808 2905 860 καὶ
2929 808 3010 869 είς
3039 804 3335 876 ἑτερότητα
3350 802 3449 873 τὴν
3471 800 3696 854 είσάπαν

2122 899 2491 971 ἀποτειχίζειν
2560 899 2824 964 ἀϐούλως,
2901 898 2977 961 ὡς
3049 898 3180 950 υἱῶν
3245 894 3483 949 νοεῖσθαι
3536 891 3697 946 δυάδα

2120 992 2528 1065 προσκυνητὴν,
2585 986 2661 1047 ὧν
2717 994 2746 1046 ὁ
2794 993 2893 1062 μέν
2938 991 3059 1043 ἐστι
3103 988 3264 1058 φύσει
3312 986 3407 1040 καὶ
3463 983 3695 1052 ἀληθῶς,

2123 1081 2351 1155 θάτερός
2372 1101 2437 1152 γε
2478 1083 2605 1156 μὴν,
2639 1083 2949 1153 εἰσποιητός
2981 1099 3041 1134 τε
3080 1081 3174 1135 καὶ
3200 1079 3372 1142 νόθος,
3420 1077 3515 1130 καὶ
3550 1074 3700 1128 οὐδὲν

2122 1172 2262 1242 ἔχων
2317 1174 2342 1226 ὅ
2384 1174 2533 1227 ἐστιν
2584 1173 2773 1238 αὐτοῦ,
2825 1173 2913 1226 ἵνα
2968 1172 3063 1225 καὶ
3120 1170 3270 1240 αὐτῷ
3308 1169 3537 1236 λέγηται
3584 1163 3700 1235 μεθ’

2122 1263 2312 1334 ἡμῶνο
2363 1283 2382 1315 ι
2412 1264 2476 1316 Τί
2509 1264 2620 1334 γὰρ
2668 1264 2830 1334 ἔχεις,
2877 1263 2905 1315 ὃ
2935 1263 3035 1316 οὐκ
3081 1260 3303 1324 ἕλαϐεςς
3361 1278 3379 1309 ι
3407 1254 3541 1310 Εἶτα
3582 1257 3703 1308 ὅποι

2123 1358 2256 1409 ποτὲ
2292 1356 2556 1427 βαδιεῖται
2599 1356 2775 1425 λέγων
2814 1357 2843 1409 ὁ
2886 1355 3164 1422 πάνσοφος
3195 1350 3429 1413 Παῦλος,
3454 1368 3474 1401 ι
3520 1347 3582 1401 ’0
3607 1342 3702 1398 τοῦ

2123 1446 2260 1501 Θεοῦ
2283 1448 2390 1518 γὰρ
2420 1442 2547 1511 Υἱὸς
2576 1447 2812 1518 Χριστὸς
2849 1445 3076 1518 Ἰησοῦς,
3104 1447 3133 1498 ὁ
3165 1445 3222 1496 ἐν
3247 1444 3376 1513 ὑμῖν
3409 1437 3705 1511 κηρυχθεὶς

2123 1541 2191 1594 δι’
2232 1541 2369 1611 ἐμοῦ
2408 1541 2501 1595 καὶ
2539 1540 2829 1594 Σιλουανοῦ
2868 1539 2965 1593 καὶ
3011 1535 3301 1609 Τιμοθέου,
3353 1533 3456 1586 οὐκ
3491 1531 3706 1599 ὲγέετο

2124 1634 2234 1689 Ναὶ
2262 1634 2357 1687 καὶ
2392 1632 2488 1697 Οὔ,
2528 1632 2666 1687 ἀλλὰ
2692 1633 2799 1687 Ναί
2837 1634 2896 1685 ἐν
2929 1630 3079 1701 αὐτῷ
3112 1629 3321 1697 γέγονε.
3356 1644 3375 1678 ι
3429 1623 3557 1688 Πῶς
3597 1622 3705 1693 γὰρ

2126 1727 2186 1780 οὐ
2213 1727 2403 1795 γέγονε
2434 1725 2537 1780 Ναί
2565 1727 2662 1779 καὶ
2700 1724 2776 1779 Οὔ
2794 1767 2808 1789 ,
2837 1727 2885 1778 εἱ
2919 1723 3051 1786 Θεὸς
3073 1718 3212 1775 εἶναι
3241 1719 3460 1789 λέγεται
3490 1718 3587 1771 καὶ
3608 1716 3707 1770 οὐκ

2124 1820 2239 1872 ἔστι
2277 1818 2444 1883 Θεός;
2494 1820 2543 1871 εί
2569 1815 3010 1887 κατεψευσμένον
3038 1816 3123 1868 ἐπ’
3155 1811 3319 1867 αὐτοῦ
3345 1810 3427 1876 τὸ,
3457 1810 3589 1871 Υἱός
3614 1807 3709 1861 καὶ

2124 1913 2363 1984 Κύριοςς
2408 1913 2625 1982 Ἔχοντι
2655 1911 2712 1964 δὲ
2742 1904 2869 1974 ὧδε,
2908 1907 3055 1963 καθά
3084 1923 3247 1976 φασιν
3288 1903 3462 1967 αὐτοὶ,
3507 1900 3709 1971 πρέποι

2123 2002 2210 2072 ἂν,
2250 2000 2403 2075 οἶμαί
2441 2022 2565 2071 που,
2609 2004 2698 2058 καὶ
2737 2003 2798 2056 τὸ
2833 2002 3030 2073 χρῆναι
3071 1999 3250 2068 λέγειν
3273 2015 3287 2028 ·
3353 2016 3372 2048 ι
3400 1995 3601 2066 Χάριτι
3655 1992 3712 2044 δὲ

2124 2094 2258 2148 θεοῦ
2290 2096 2407 2165 εἶμι
2440 2095 2468 2148 δ
2507 2097 2641 2164 εἶμι·
2673 2112 2692 2145 ³
2744 2093 2818 2146 Τδ
2850 2090 2960 2162 γὰρ
3007 2091 3093 2162 μὴ·
3127 2086 3288 2157 φύσει
3332 2084 3556 2157 προσὸν,
3595 2080 3709 2135 ἀλλ’

2126 2187 2328 2253 ἔξωθεν
2381 2187 2478 2241 καὶ
2524 2185 2958 2257 εἰσκεκριμένον,
2996 2182 3090 2236 καὶ
3140 2180 3273 2250 παρ’
3302 2178 3492 2249 ἐτέρου
3537 2175 3713 2242 δοτὸν,

2125 2279 2248 2351 οὐχὶ
2274 2279 2368 2333 τοῦ
2399 2280 2657 2344 λαϐόντος
2685 2279 2773 2349 εἴη
2801 2278 2867 2332 ἂν
2892 2276 3112 2349 μᾶλλον,
3141 2273 3281 2328 ἀλλὰ
3306 2271 3399 2326 τοῦ
3426 2269 3715 2340 νείμαντας

2127 2374 2221 2426 καὶ
2247 2372 2638 2443 χαρισαμένου.
2672 2370 2799 2434 Πῶς
2825 2369 2883 2423 δὲ
2913 2369 3007 2422 καὶ
3041 2367 3304 2436 ἔφασκεν,
3350 2382 3370 2417 ι
3410 2359 3556 2430 Ἐγώ
3600 2360 3715 2428 εἰμι

2125 2468 2159 2537 ἡ
2196 2466 2444 2537 ἀλήθεια,
2485 2486 2503 2517 ι
2549 2465 2596 2518 εἰ
2627 2464 2795 2536 μηδὲν
2820 2463 3017 2533 ἀληθὲς
3037 2462 3124 2515 ἐπ’
3152 2457 3347 2522 αὑτοῦ;
3382 2452 3717 2523 Κατεῖήφθη

2128 2562 2271 2630 τάχα
2312 2576 2416 2612 που
2455 2560 2550 2612 καὶ
2579 2557 2683 2611 ὑπὸ
2726 2560 2827 2629 τῆς
2868 2553 3111 2617 σκοτίας,
3162 2554 3211 2606 εἰ
3248 2549 3529 2620 ψεύδεται.
3574 2545 3718 2598 Ἀλλ’

2136 2673 2154 2704 ι
2185 2653 2286 2706 οὐκ
2316 2651 2573 2722 ἐποίησεν
2623 2649 2923 2721 ἁμαρτίαν,
2952 2647 3072 2701 οὐδὲ
3108 2643 3307 2716 εὑρέθη
3334 2641 3487 2704 δόλος
3533 2642 3596 2692 ὲν

2132 2742 2359 2813 στόματι
2381 2740 2570 2805 αὐτοῦ,
2599 2760 2617 2792 ι
2655 2739 2800 2794 καθὰ
2832 2739 3161 2812 γέγραπται.

2199 2920 2261 2975 Β.
2296 2920 2371 2973 Οὐ
2397 2918 2507 2990 γὰρ
2536 2913 2649 2973 οῦν.

2200 3014 2268 3068 Α.
2299 3012 2410 3071 Ποῦ
2449 3012 2508 3066 δὲ
2540 3015 2573 3084 ή
2621 3012 2889 3078 κένωσις;
2948 3011 3045 3065 καὶ
3082 3010 3224 3074 τίνος
3257 3008 3324 3063 ἂν
3354 3009 3531 3060 νοοῖτο
3562 3000 3729 3071 γενέ-ι

2133 3107 2257 3161 σθαι
2292 3106 2510 3173 λοιπόν;
2559 3106 2633 3159 Οὐ
2677 3104 2787 3176 γὰρ
2824 3104 2970 3157 ἐστιν
3024 3103 3149 3156 ἰδεῖν
3182 3097 3556 3168 κεκενωμένον
3603 3092 3731 3147 τινὰ

2136 3201 2355 3272 μᾶλλον,
2381 3199 2496 3253 ἀλλ’
2522 3198 2587 3252 ἐκ
2610 3215 2673 3267 γε
2698 3197 2806 3251 τῶν
2836 3196 3093 3249 ἐναντίων
3114 3195 3220 3265 πλη
3231 3192 3511 3263 ρούμενον,
3537 3186 3729 3240 καίτοι

2130 3293 2193 3346 τὸ
2221 3292 2427 3364 πλῆρες
2452 3292 2645 3362 ἔχοντα
2675 3291 2796 3344 κατ’
2829 3290 2964 3343 ἰδίαν
2992 3290 3173 3359 φύσιν.
3205 3287 3278 3340 Οὐ
3298 3285 3408 3354 γὰρ
3430 3283 3498 3337 ἂν
3524 3278 3729 3349 ἐδεήθη

2132 3385 2241 3438 τῶν
2273 3385 2405 3456 παρ’
2434 3380 2644 3454 ἑτέρου,
2678 3381 2773 3436 καὶ
2824 3380 3074 3452 περιττὸν
3104 3376 3173 3451 ἦν
3220 3375 3368 3447 αὐτῷ
3399 3374 3471 3428 τὸ
3512 3372 3731 3433 λαϐεῖν,

2131 3470 2341 3524 οἴκοθεν
2371 3469 2548 3540 ἔχοντι
2578 3470 2638 3523 τὸ
2664 3469 2971 3536 αὐτοτελὲς,
3016 3469 3196 3523 καὶτὸ
3221 3467 3358 3538 πρὸς
3388 3465 3503 3518 πᾶν
3541 3461 3735 3516 ὁτιοῦν

2132 3561 2500 3634 ἀποχρώντως
2522 3562 2664 3632 ἔχον,
2703 3562 2820 3616 ἀλλ’
2848 3563 2915 3616 ἐκ
2949 3560 3317 3633 πληρώματος
3346 3557 3445 3611 τοῦ
3480 3554 3736 3628 Χριστοῦ

2134 3655 2335 3719 πάντες
2370 3657 2532 3727 ἡμεῖς
2579 3654 2866 3725 ἐλάϐομεν,
2913 3655 3007 3708 καὶ
3051 3655 3152 3707 οὐκ
3185 3652 3253 3706 ἂν
3275 3648 3645 3721 διαψεύσαιτο
3675 3646 3741 3699 τὸ

2133 3744 2240 3798 τῶν
2264 3744 2541 3815 θεηγόρων
2570 3746 2852 3815 κήρυγμα.
2886 3745 3107 3817 Πλήρης
3151 3742 3258 3815 γὰρ
3285 3744 3314 3796 ὁ
3342 3740 3614 3813 Χριστὸς,
3644 3738 3743 3793 καὶ

2133 3835 2284 3890 δοτὸν
2311 3835 2461 3906 αὐτῷ
2492 3836 2774 3899 παντελῶς
2803 3836 2977 3901 οὐδὲν,
3024 3834 3168 3888 καθὰ
3211 3835 3416 3887 νοεῖται
3467 3831 3572 3883 καὶ
3623 3830 3742 3882 ἐστι

2136 3931 2288 3998 Θεὸς,
2323 3932 2371 3984 εί
2425 3930 2521 3984 καὶ
2567 3930 2791 3999 γέγονεν
2841 3927 3004 3983 αὐτοῦ
3039 3927 3101 3980 τὸ
3140 3926 3345 3991 λαϐεῖν,
3380 3923 3480 3976 διὰ
3529 3923 3600 3975 τὸ
3643 3921 3743 3989 τῆς

2136 4024 2551 4095 ἁνθρωπότητος
2597 4023 2816 4093 μέτρον,
2866 4021 2960 4074 καὶ
2988 4019 3124 4074 καθὸ
3154 4018 3363 4088 πέφηνε
3394 4014 3526 4068 καθ’
3563 4015 3741 4085 ἡμᾶς,

2135 4111 2217 4180 οἷς
2246 4115 2311 4169 ἂν
2340 4115 2552 4185 λέγοιτο
2588 4115 2682 4169 καὶ
2735 4113 2883 4186 μάλα
2927 4112 3124 4186 ὀρθῶς·
3172 4132 3189 4164 ι
3218 4109 3284 4164 Τί
3329 4108 3442 4179 γὰρ
3494 4106 3679 4178 ἔχες,
3718 4106 3747 4158 ὃ

2135 4209 2237 4263 οὐκ
2263 4208 2486 4276 ἓλαϐες;
2511 4226 2531 4260 ι

521 4464 583 4518 Β.
623 4465 783 4522 Certe
822 4468 929 4524 hoc
966 4478 1240 4551 asserunt,
1269 4488 1435 4527 unum
1480 4488 1599 4529 esse
1631 4472 1932 4537 Christum,
1971 4482 2023 4528 et

2201 4483 2262 4536 Β.
2293 4481 2419 4548 Ναὶ,
2457 4478 2642 4549 φησιν,
2697 4472 2778 4540 εἷς
2830 4476 2947 4529 ἐστι
2985 4471 3241 4544 Χριστὸς,
3296 4466 3393 4521 καὶ
3442 4467 3615 4530 Υἱὸς,
3657 4466 3749 4519 καὶ

453 4558 673 4627 Filium,
699 4574 754 4617 et
781 4562 1093 4630 Dominum,
1122 4563 1357 4619 Verbum
1390 4581 1456 4620 ex
1494 4565 1600 4620 Deo
1637 4564 1797 4619 Patre
1816 4565 1883 4631 ³⁸,
1910 4580 2037 4620 con-

450 4651 642 4722 juncto
678 4653 894 4709 interim
930 4656 1031 4724 ipsi
1065 4670 1132 4711 eo
1167 4656 1256 4726 qui
1288 4665 1374 4711 est
1406 4672 1470 4711 ex
1498 4658 1705 4711 semine
1735 4657 1921 4711 David.

530 4743 599 4798 A.
645 4744 717 4798 At
772 4746 920 4801 dicat
963 4746 1164 4816 aliquis
1211 4746 1316 4803 illis
1347 4747 1488 4813 :Qui
1542 4748 1890 4813 coniunctum
1931 4746 2032 4802 sibi

396 4869 403 4877 -
454 4835 622 4891 habet
665 4834 855 4905 alium,
895 4851 1003 4892 non
1048 4847 1229 4907 potest
1285 4840 1496 4894 censeri
1547 4855 1705 4906 unus,
1749 4839 1846 4894 sed
1894 4852 2035 4892 unus

454 4942 578 4982 cum
608 4941 737 4993 uno,
765 4927 870 4984 hoc
901 4939 1008 4995 est,
1055 4929 1200 4985 alio:
1228 4930 1334 4987 duo
1359 4939 1539 4986 autem
1584 4932 1637 4986 hi
1673 4946 1895 5000 prorsus
1936 4929 2045 4984 sint

457 5033 682 5075 necesse
717 5028 824 5077 est.
854 5020 1007 5077 Unus
1031 5036 1163 5093 vero
1201 5022 1531 5094 intelligetur
1564 5039 1748 5079 revera
1794 5037 1916 5079 esse
1954 5021 2043 5076 Fi-

458 5112 585 5179 lius,
617 5113 663 5168 si
689 5114 938 5169 eumdem
979 5115 1225 5171 dicamus
1255 5131 1379 5172 esse
1419 5134 1486 5173 ex
1519 5117 1629 5173 Deo
1655 5118 1874 5188 quidem
1908 5114 2045 5169 divi-

457 5206 607 5262 nitus
646 5207 890 5277 genitum
916 5205 1086 5262 Deum
1116 5206 1395 5277 Verbum;
1428 5210 1824 5265 admirabiliter
1860 5219 2044 5264 autem

460 5297 735 5353 hominem
770 5306 825 5354 et
855 5298 1152 5354 secundum
1186 5314 1406 5355 carnem
1451 5299 1650 5356 factum
1686 5317 1751 5357 ex
1788 5301 2028 5357 muliere.

462 5390 519 5443 Si
552 5404 679 5444 vero
707 5405 827 5445 eum
857 5390 947 5460 qui
993 5398 1077 5446 est
1107 5406 1171 5446 ex
1215 5391 1425 5447 semine
1456 5392 1623 5448 David
1667 5392 1893 5450 seorsim
1926 5402 2039 5449 sta-

461 5490 676 5538 tuentes
722 5497 786 5538 ac
832 5483 1232 5555 distinguentcs
1272 5498 1460 5538 verum
1510 5484 1678 5541 Deum
1738 5496 1792 5541 ct
1838 5486 2036 5542 Filium

536 5699 579 5728 ’τ
613 5696 767 5749 Rom.
800 5713 838 5755 ι,
871 5696 960 5751 ‘22.
1037 5696 1082 5727 ³⁸
1109 5695 1127 5749 l
1152 5698 1277 5749 Cor.
1313 5712 1385 5760 tv,
1419 5696 1471 5749 7.

462 5761 655 5823 li‘ttr.
689 5783 747 5836 ιι,
779 5767 869 5823 22.
947 5766 990 5799 ³⁸
1035 5765 1185 5824 loan.
1216 5783 1253 5835 ι,
1288 5767 1370 5822 16.
1450 5767 1491 5800 ³³
1524 5764 1691 5825 lCor.
1725 5783 1841 5832 vm,
1885 5769 1935 5823 6.

1560 5698 1604 5729 ”
1646 5696 1683 5751 ll
1718 5695 1840 5751 Cor.
1878 5712 1913 5755 t.
1954 5701 2033 5758 10.
2115 5703 2160 5736 θθ
2195 5703 2363 5759 lCor.
2405 5718 2493 5765 xv,
2536 5700 2617 5755 lO.

2142 4574 2368 4644 Κύριος,
2423 4573 2452 4625 ὁ
2498 4572 2564 4624 ὲκ
2617 4568 2751 4623 Θεοῦ
2810 4566 3027 4638 Πατρὸς
3090 4562 3292 4633 Λόγος,
3356 4559 3749 4629 συναφθέντος

2142 4667 2289 4738 αὐτῴ
2326 4665 2418 4720 τοῦ
2454 4667 2519 4719 ἐκ
2555 4663 2873 4735 σπέρματος
2902 4658 3088 4713 Δαϐίδ.

2214 4762 2279 4813 Α.
2344 4758 2504 4824 Ἀλλ’,
2537 4751 2583 4812 ὦ
2634 4756 2920 4827 βέλτιστοι,
2981 4750 3113 4821 φαίη
3166 4764 3247 4811 τις
3302 4746 3369 4799 ἂν
3435 4745 3669 4809 αὐτοῖς,
3723 4744 3749 4794 ὀ

2146 4850 2488 4921 συνημμένον
2520 4848 2659 4919 ἔχων
2701 4846 2910 4917 ἕτερον,
2946 4838 3027 4904 εἷς
3056 4840 3158 4893 οὐκ
3179 4838 3245 4891 ἂν
3271 4835 3474 4898 νοοῖτο,
3532 4836 3744 4921 πόθενς

2157 4944 2293 4998 Ἀλλ’
2323 4920 2403 5007 εἷς
2433 4941 2553 5013 μεθ’
2581 4939 2719 5004 ἑνὸς,
2747 4938 2917 5010 ἣγουν
2950 4931 3071 5004 μεθ’
3111 4930 3322 5001 ἑτέρου,
3366 4927 3472 4981 δύο
3500 4926 3572 4980 δὲ
3605 4920 3745 4980 οὗτοι

2144 5039 2321 5109 πάντη
2351 5054 2411 5090 τε
2442 5035 2535 5089 καὶ
2568 5034 2806 5096 πάντως.
2859 5026 2953 5092 Εἷς
2992 5028 3037 5080 δ’
3073 5024 3141 5079 ἂν
3184 5025 3357 5077 νοοῖτο
3402 5021 3566 5075 κατὰ
3621 5019 3746 5087 ἁλήο

2145 5130 2295 5183 θειαν
2330 5129 2589 5200 ὑπάρχων
2617 5124 2766 5192 Υἱὸς,
2802 5124 2851 5176 εἰ
2887 5121 2978 5175 τὸν
3022 5118 3186 5173 αὐτὸν
3233 5114 3378 5171 εἷναί
3410 5133 3642 5186 φαμεν,
3686 5113 3742 5163 ἐκ

2145 5218 2279 5273 Θεοῦ
2316 5218 2414 5287 μὲν
2440 5215 2637 5279 θεῖκῶς
2666 5211 2995 5284 γεννηθέντα
3024 5208 3156 5263 Θεὸν
3185 5207 3382 5276 Λόγον*
3410 5204 3740 5276 παραδόξως

2144 5311 2201 5364 δὲ
2229 5310 2534 5381 ἄνθρωπον,
2568 5308 2662 5361 καὶ
2691 5305 2831 5360 κατὰ
2859 5304 3039 5374 σάρκα
3066 5302 3131 5355 ἐκ
3167 5298 3454 5370 γυναικός.
3487 5298 3566 5352 Εἰ
3599 5298 3656 5351 δὲ
3683 5294 3741 5361 δὴ

2144 5401 2238 5454 τὸν
2274 5402 2337 5453 ἐκ
2368 5400 2687 5471 σπέρματος
2713 5396 2807 5450 τοῦ
2842 5395 3005 5449 Δαϐὶδ
3037 5393 3143 5464 ἰδία
3170 5390 3420 5453 τιθέντες
3481 5392 3597 5444 καὶ
3641 5388 3742 5440 διο-

2150 5493 2411 5565 ρίζοντες,
2465 5491 2557 5545 τοῦ
2611 5490 2752 5545 κατὰ
2785 5490 3042 5561 ἀλήθειαν
3080 5481 3221 5541 εἶναι
3267 5483 3407 5539 Θεὸν
3452 5484 3563 5538 καὶ
3623 5480 3740 5535 Fila

2721 5698 2761 5731 ³¹
2802 5696 3096 5764 Jotm.x1v,
3138 5694 3191 5750 6.
3304 5693 3347 5725 ³¹
3377 5690 3488 5747 lsa.
3526 5708 3664 5756 Lm,
3692 5690 3744 5747 9;
