3846 6210
189 366 320 413 1509

1313 356 1500 426 QUOD
1539 355 1726 413 UNUS
1769 354 1875 410 SIT
1913 357 2281 415 CHRISTUS.

3301 339 3436 412 im

187 479 550 548 ἐκπέμπουσι,
604 477 855 532 κοινωνὸν
886 478 944 532 δὲ
982 478 1177 550 μᾶλλον
1218 481 1464 548 υἱότητος
1510 479 1604 533 καὶ
1661 477 1756 547 μέ-

1883 493 1982 534 asse
2012 480 2221 546 nolunt,
2250 479 2339 534 sed
2377 479 2555 549 potius
2584 477 2900 546 participem
2935 475 3204 530 liliati‘onis
3235 485 3290 531 et
3323 475 3437 545 glo-

186 584 334 638 τοχον
366 567 521 637 δόξης
550 567 760 631 όθνείας
791 563 929 640 εἷναί
955 587 1139 638 φασιν,
1171 571 1231 622 οὐ
1262 570 1458 640 μάτην,
1492 570 1566 632 ὡς
1585 565 1756 638 οἶμαι,

186 659 280 721 τὰς
323 659 475 730 παρὰ
519 659 626 711 τῶν
684 660 952 713 Ἰουδαίων
991 661 1260 723 διαϐολὰς,
1309 662 1392 712 ἐπ’
1426 660 1575 729 αὐτῷ
1608 677 1761 727 γενο-

190 749 353 819 μένας
385 751 709 821 εὑρήσομεν.
749 753 1024 819 Ἔφασκον
1063 754 1187 822 γὰρ,
1241 754 1318 806 ὅτι
1362 773 1378 803 ι
1415 755 1549 824 Περὶ
1595 752 1759 804 καλοῦ

187 838 340 909 ἔργον
375 841 434 892 οὐ
471 840 757 911 λιθάζομέν
793 859 872 905 σε,
917 843 1051 895 ἀλλὰ
1090 844 1216 912 περὶ
1267 843 1634 914 βλασφημίας,
1682 846 1761 897 ὅτι

188 933 247 984 σὺ
276 933 558 1002 ἄνθρωπος
587 935 682 1000 ῶν,
715 939 888 999 ποιεῖς
919 937 1110 989 ἑαυτὸν
1143 939 1296 992 Θεόν.

254 1020 313 1073 Β.
349 1023 461 1075 Καὶ
496 1022 602 1094 μὴν
631 1025 724 1077 καὶ
754 1025 884 1078 Θεὸν
914 1027 1006 1079 καὶ
1035 1028 1160 1080 Υἰὸν
1187 1029 1435 1099 ἀληθινὸν
1461 1025 1599 1084 εἷναί
1631 1049 1760 1100 φασι.

187 1112 274 1166 τὸν
304 1114 398 1166 ἕνα
426 1117 468 1166 Χ
481 1118 679 1186 ριστὸν.

252 1206 319 1258 Α.
374 1207 541 1276 Δῆλον
593 1208 650 1260 δὲ
707 1209 788 1262 ὅτι
831 1211 922 1263 τὸν
973 1212 1034 1263 ἐκ
1088 1211 1220 1264 Θεοῦ
1274 1215 1466 1280 Λόγον,
1531 1215 1764 1268 λαϐόντα

187 1296 326 1350 κατὰ
355 1299 650 1368 συνάφειαν
680 1302 769 1355 τὸν
797 1305 859 1356 ἐκ
892 1304 1202 1373 σπέρματος
1239 1305 1333 1358 τοῦ
1365 1307 1547 1360 Δαϐίδ.

255 1389 316 1448 Β.
358 1391 496 1444 ’Λλλ’
537 1395 584 1445 εξ
627 1395 700 1464 μή
732 1396 880 1447 ἐστιν
911 1397 1068 1458 αὐτὸς
1099 1399 1126 1448 6
1163 1399 1225 1450 ἐκ
1255 1397 1388 1450 Θεοῦ
1420 1398 1645 1470 Πατρός
1665 1400 1765 1452 Λό-

186 1498 299 1550 γος,
347 1485 375 1536 6
422 1485 515 1537 καὶ
561 1485 706 1539 κατὰ
753 1487 934 1557 σάρκα
977 1490 1040 1541 ἐκ
1094 1489 1369 1556 γυναικὸς,
1419 1490 1533 1544 ἀλλ’
1581 1491 1765 1558 ἕτεροἶ

190 1575 306 1643 μεθ’
340 1576 549 1647 ἐτέρου,
586 1577 702 1641 πῶς
733 1577 799 1631 ἂν
829 1579 1038 1647 λέγοιτο
1079 1581 1343 1651 Χριστὸς,
1378 1583 1406 1634 6
1449 1582 1524 1652 μὴ
1580 1600 1765 1654 κεχρι-

189 1665 401 1735 σμένος,
431 1667 575 1721 καθὰ
605 1669 698 1722 καὶ
731 1670 1031 1737 φθάσαντες
1056 1671 1322 1742 εἴπομεν;

252 1758 316 1810 Α,
351 1757 578 1822 Οὐκοῦν,
613 1761 660 1811 εί
690 1761 763 1830 μή
807 1761 952 1813 ἐστιν
980 1760 1166 1830 ἕτερος
1213 1758 1363 1830 παρὰ
1398 1759 1488 1813 τὸν
1526 1762 1587 1813 ἐκ
1630 1761 1763 1812 Θεοῦ

184 1851 397 1921 Πατρός
435 1851 628 1919 Λόγον,
654 1854 681 1904 6
709 1855 771 1905 ἐκ
805 1854 1118 1924 σπέρματος
1164 1852 1257 1906 τοῦ
1298 1852 1480 1916 Δαϐὶδ,
1522 1853 1763 1921 λεγέσθω
1797 1836 1840 1891 Β

185 1942 277 1995 καὶ
307 1941 651 2013 προαιώνιος.

252 2035 313 2086 Β.
349 2029 484 2088 Εἶτα
535 2034 653 2096 πῶς
693 2036 720 2087 6
755 2035 1028 2104 πάνσοφος
1076 2035 1308 2100 Παῦλος,
1351 2036 1630 2090 ἐκϐάλλων
1667 2037 1764 2106 τὴν

183 2126 359 2193 δόξαν,
393 2127 468 2190 ῶς
507 2129 562 2180 ἐν
605 2129 940 2198 ἐρωτήσεσίν
985 2132 1133 2183 ἐστιν
1163 2130 1410 2184 ἁπαιτῶν
1443 2131 1534 2184 καὶ
1570 2131 1763 2198 λέγων,

187 2239 205 2270 ι
248 2219 452 2290 Ἰησοῦς
478 2221 710 2290 Χριστὸς
748 2221 872 2291 χθὲς
894 2222 986 2274 καὶ
1016 2225 1256 2292 σήμερον
1279 2226 1306 2276 6
1337 2223 1522 2289 αὐτὸς,
1556 2226 1648 2279 καὶ
1682 2227 1762 2288 εἰς

182 2313 305 2376 τοὺς
330 2313 550 2376 αἰῶνας.
577 2332 596 2364 ι
631 2314 692 2366 Εἰ
736 2314 866 2381 γοῦν
899 2315 991 2367 καὶ
1034 2315 1240 2386 ἕτερος.
1282 2316 1311 2367 6
1351 2315 1461 2386 γὰρ
1500 2317 1627 2386 χθὲς
1675 2319 1766 2370 καὶ

182 2405 438 2477 σήμερον,
470 2405 656 2476 φησιν,
694 2404 922 2476 Ἰησοῦς,
959 2408 987 2458 ὁ
1016 2406 1178 2469 αὐτὸς
1209 2407 1360 2461 ἔσται
1403 2409 1497 2462 καὶ
1531 2411 1612 2472 είς
1641 2411 1766 2474 τοὺς

181 2497 406 2560 αἰῶνας,
443 2499 757 2568 πρόσφατος
795 2497 1058 2567 δηλονότι,
1094 2499 1190 2552 καὶ¹
1225 2499 1352 2569 χθὲς
1378 2503 1472 2554 καὶ
1502 2501 1764 2572 σήμερον,

181 2590 359 2644 καίτοι
397 2590 490 2644 τοῦ
538 2589 673 2644 Θεοῦ
710 2591 884 2659 Λόγου
933 2589 1011 2661 τῷ
1061 2590 1175 2662 ἰδίῳ
1226 2592 1402 2664 Πατρὶ
1434 2609 1767 2664 συνυφεστη-

181 2683 362 2749 κότος.

251 2775 318 2829 Δ.
353 2774 608 2828 Μάλιστα
669 2777 769 2844 μὲν
820 2775 1084 2841 ἀδικοῦσι,
1144 2777 1606 2848 παροχετεύοντες
1671 2779 1768 2849 τὴν

184 2865 470 2937 ἀλήθειαν,
504 2867 596 2920 ἐπὶ
637 2868 698 2920 τό
727 2885 791 2935 γε
827 2868 1008 2936 σφίσιν
1039 2869 1222 2931 αὐτοῖς
1252 2870 1528 2933 ἀσυνέτως
1556 2870 1766 2936 δοκοῦν,

182 2953 282 3009 καὶ
331 2955 440 3008 τῶν
496 2955 656 3026 ἱερῶν
706 2957 1053 3027 Γραμμάτων
1097 2958 1156 3011 τὸ
1191 2959 1416 3028 ἀκριϐὲς
1468 2961 1765 3030 παραφθεί-

187 3065 392 3119 ροντες.
429 3047 491 3100 Et
536 3049 593 3100 δὲ
622 3047 684 3118 δή
718 3066 802 3111 τις
857 3048 1003 3117 λέγοι
1050 3050 1143 3102 καὶ
1174 3051 1502 3120 προαιὼνιον
1535 3054 1770 3123 Χριστὸν

198 3137 427 3207 Ἰησοῦν,
467 3139 567 3189 οὐκ
589 3137 676 3193 ,ἂν
721 3138 954 3208 ἁμάρτοι
983 3138 1270 3209 τάληθοῦς,
1321 3141 1479 3213 εἴπερ
1511 3145 1658 3196 ἐστὶν
1691 3140 1770 3209 εἷς
1795 3184 1840 3242 C

185 3227 315 3288 Υἱὸς
350 3229 444 3281 καὶ
474 3227 698 3294 Κύριος,
727 3228 754 3279 6
798 3227 1126 3297 προαιώνιος
1151 3231 1343 3298 Λόγος,
1377 3233 1476 3305 τὴν
1516 3237 1575 3287 ἐν
1608 3237 1769 3304 ἐσχά-

183 3337 298 3383 τοις
341 3318 436 3372 τοῦ
470 3319 665 3380 αἰῶνος
713 3321 926 3390 καιροῖς
974 3321 1115 3373 κατὰ
1172 3323 1350 3392 σάρκα
1396 3325 1460 3376 ἐκ
1510 3325 1768 3392 γυναικὸς

183 3410 488 3480 ὑπομείνας
515 3409 788 3479 γέννησιν.
826 3410 950 3462 Ὅτι
989 3411 1044 3463 δὲ
1069 3411 1167 3464 οὐκ
1201 3413 1490 3482 ἠλλοίωται
1528 3416 1768 3483 γεγονὼς

181 3502 468 3573 ἄνθρωπος
498 3501 620 3554 καθ’
648 3504 797 3571 ἡμᾶς
829 3504 856 3554 6
894 3503 1084 3569 Λόγος,
1132 3505 1509 3575 διαμεμήνυκε
1539 3507 1712 3576 λέγων
1740 3511 1769 3562 6

182 3595 654 3664 Πνευματοφόρος·
692 3612 710 3644 ι
746 3592 950 3662 Ἰησοῦς
980 3593 1214 3664 Χριστὸς
1247 3595 1374 3665 χθὲς
1402 3596 1493 3650 καὶ
1527 3599 1768 3670 σήμερον

181 3689 214 3739 6
244 3687 426 3749 αὐτὸς,
455 3686 551 3738 καὶ¹
576 3687 656 3747 είς
681 3687 808 3747 τοὺς
843 3685 1066 3749 αἰῶνας.
1099 3705 1117 3737 ι
1158 3687 1266 3738 Καὶ
1299 3689 1630 3758 σημαντικὸν
1669 3691 1768 3759 μὲν

180 3779 281 3833 τοῦ
320 3778 714 3849 παρῳχηκότος
751 3777 943 3846 χρόνον
978 3779 1245 3842 -ποιεῖται,
1285 3780 1343 3831 τὸ
1369 3780 1532 3848 χθές,
1570 3781 1663 3833 τοῦ
1705 3799 1767 3849 γε

187 3871 298 3943 μὴν
339 3871 651 3934 ἐνεστῶτος,
695 3869 758 3922 τὸ
794 3869 1080 3938 σήμερον,
1109 3871 1203 3923 τοῦ
1249 3873 1306 3924 δὲ
1351 3873 1644 3938 ἐνεστῶτος
1676 3876 1770 3928 καὶ

186 3961 496 4032 μέλλοντος,
523 3961 604 4024 τὸ,
639 3961 718 4024 είς
739 3961 867 4023 τοὺς
889 3961 1112 4025 αἰῶνας.
1143 3963 1203 4014 ΕΞ
1234 3963 1290 4016 δὲ
1314 3965 1514 4017 οἴονταί
1538 3983 1589 4018 τι
1610 3967 1768 4035 σοφὸν

182 4054 581 4125 ἐννενοηκέναι,
609 4053 670 4106 τὸ
698 4053 840 4123 χθές
882 4055 976 4107 καὶ
1014 4055 1286 4124 σήμερον
1318 4057 1438 4109 ἀντὶ
1473 4057 1566 4111 τοῦ
1603 4077 1771 4130 προσο

185 4148 360 4218 φάτου
387 4146 689 4216 δεχόμενοι,
729 4144 1118 4215 διατεινάμενοι
1157 4164 1217 4199 τε
1268 4148 1360 4200 καὶ
1399 4147 1668 4216 λέγοντες,
1708 4151 1770 4203 '0

184 4239 314 4314 χθὲς
348 4238 440 4291 καὶ
480 4239 735 4308 σήμερον,
771 4236 888 4299 πῶς
933 4235 998 4290 ἂν
1020 4238 1106 4308 εῐη
1147 4240 1240 4292 καὶ
1269 4241 1349 4304 είς
1384 4243 1511 4304 τοὺς
1539 4242 1768 4309 αἰῶνας;

191 4331 605 4401 μεταστήσομεν
626 4328 719 4381 καὶ
744 4329 902 4398 ἡμεῖς
930 4327 1027 4400 τὴν
1050 4331 1147 4401 τῆς
1171 4332 1492 4403 ἐρωτήσεως
1520 4333 1768 4405 δύναμιν,

185 4423 275 4487 εἰς,
324 4421 388 4475 τὰ
439 4421 562 4492 ἐχον
603 4421 884 4483 ἐναντίως.
929 4417 986 4474 '0
1026 4421 1136 4492 γὰρ
1174 4425 1254 4486 είς
1292 4425 1418 4488 τοὺς
1458 4425 1659 4490 αἰῶνας
1697 4425 1772 4480 ὢν

1871 575 1963 626 rite
1992 573 2179 626 aliena-.-
2221 587 2342 626 esse
2377 579 2634 634 statuunt,
2683 585 2787 622 non
2821 568 3044 632 frustra,
3079 577 3136 620 ut
3177 567 3434 628 arbitror,

1867 665 2038 720 Judaﬁ
2081 665 2228 718 illum
2288 665 2601 719 calumniati
2659 664 2877 725 fuerint,
2926 662 3207 714 dicentes:
3245 679 3262 710 ι
3298 659 3437 725 Quia

1868 759 1939 812 ob
1975 759 2173 812 bonum
2217 773 2352 825 opus
2384 772 2486 809 non
2524 756 2820 825 lapidamus
2859 764 2933 817 te,
2967 753 3060 806 sed
3097 753 3164 804 ob
3199 749 3439 818 blasphe-

1869 851 2076 912 miam,
2137 849 2278 916 quod
2341 864 2464 902 cum
2536 849 2610 901 sis
2688 849 2890 909 homo,
2972 843 3144 898 facias
3207 843 3434 911 t'eipsnm

1868 942 2035 997 Deum
2059 941 2124 994 ³⁵.
2156 959 2177 994 ι

1936 1031 1998 1086 Β.
2034 1031 2196 1100 Atqui
2237 1039 2290 1083 et
2331 1030 2497 1084 Deum
2548 1039 2601 1084 et
2648 1029 2842 1084 Filium
2890 1044 3006 1084 esse
3040 1029 3228 1083 dicunt
3272 1045 3435 1083 unum

1869 1124 2167 1178 Christum.

1941 1217 2007 1270 Α.
2048 1215 2281 1270 Verbum
2327 1216 2535 1269 scilicet
2571 1231 2634 1270 ex
2681 1215 2813 1279 Deo,
2845 1215 2988 1284 quod
3022 1213 3314 1282 assumpsit
3359 1228 3443 1265 ra-

1873 1311 2020 1364 tione
2049 1309 2452 1378 conjunctionis
2485 1325 2606 1362 eum
2645 1309 2734 1377 qui
2787 1317 2871 1362 est
2917 1325 2983 1361 ex
3020 1307 3227 1361 semine
3253 1305 3442 1359 David.

1943 1401 2004 1453 Β.
2047 1399 2336 1464 Caeterum,
2364 1400 2408 1453 si
2445 1416 2550 1452 non
2576 1409 2658 1452 est
2687 1400 2862 1469 ipsum
2894 1413 2958 1450 ex
2990 1397 3098 1450 Deo
3124 1396 3285 1449 Patre
3311 1393 3445 1449 Ver-

1871 1492 2020 1552 bum,
2049 1492 2192 1560 quod
2217 1501 2271 1545 et
2301 1492 2596 1546 secundum
2628 1505 2847 1544 carnem
2873 1498 2954 1542 est
2981 1504 3046 1541 ex
3080 1487 3325 1549 muliere,
3353 1487 3445 1539 sed

1871 1584 2007 1638 alius
2033 1600 2154 1638 cum
2195 1583 2332 1646 alio;
2369 1583 2638 1653 quomodo
2673 1583 2882 1636 dicatur
2921 1580 3167 1636 Christus
3207 1579 3299 1648 qui
3341 1595 3444 1632 non

1871 1688 1952 1732 est
1979 1686 2192 1744 unctus,
2223 1686 2282 1730 ιιι
2315 1686 2368 1730 et
2395 1686 2521 1729 ante
2552 1673 2832 1728 diximus?

1943 1766 2008 1822 A.
2049 1768 2188 1836 Ergo
2222 1768 2266 1822 si
2318 1769 2363 1820 is
2402 1766 2492 1834 qui
2531 1773 2613 1820 est
2647 1780 2713 1818 ex
2755 1764 2962 1818 semine
2997 1764 3165 1818 David
3213 1779 3317 1818 non
3363 1770 3447 1816 est

1868 1860 2005 1913 alius
2053 1876 2081 1912 a
2129 1859 2303 1914 Verbo
2359 1875 2428 1912 ex
2465 1857 2572 1912 Deo
2626 1856 2805 1920 Patre,
2857 1855 3071 1910 dicatur
3103 1857 3267 1910 etiam
3319 1865 3446 1909 ante

1867 1953 2062 2007 saecula
2098 1953 2398 2006 exstitisse.

1937 2047 1998 2100 Β.
2041 2047 2112 2100 Αι
2166 2063 2274 2116 quo
2321 2055 2477 2114 pacto
2521 2045 2953 2116 sapientissimus
2981 2043 3180 2098 Paulus
3231 2043 3441 2112 inquit:

1877 2157 1896 2190 ι
1931 2138 2091 2192 Jesus
2143 2139 2391 2192 Christus
2437 2137 2550 2192 heri
2606 2146 2662 2190 et
2713 2136 2874 2189 hodie
2919 2153 2933 2189 :
2984 2136 3098 2205 ipse
3138 2144 3192 2189 et
3240 2136 3292 2188 in
3346 2151 3448 2188 su:-

1870 2234 1990 2286 cula
2019 2234 2062 2261 ³⁸³
2088 2233 2110 2284 ?
2141 2251 2158 2282 ι
2209 2233 2262 2284 Si
2313 2246 2441 2300 ergo
2473 2230 2636 2285 etiam
2689 2230 2829 2282 alius
2863 2238 2944 2282 cst
2971 2226 3147 2296 (Jesus
3174 2229 3338 2292 enim,
3367 2227 3448 2280 in-

1871 2328 2007 2394 quit,
2039 2337 2123 2379 est
2162 2325 2278 2378 heri
2309 2332 2364 2378 et
2394 2323 2597 2394 hodie),
2623 2323 2764 2376 idem
2813 2322 2916 2374 erit
2951 2320 3114 2375 etiam
3145 2321 3196 2374 in
3228 2319 3444 2384 sazcula,

1869 2431 2063 2469 recens
2114 2414 2398 2478 nimirum,
2444 2422 2499 2467 et
2555 2413 2719 2466 hodie
2767 2421 2932 2479 atque
2969 2409 3126 2465 heri:
3159 2409 3285 2464 licet
3315 2409 3447 2464 Ver-

1870 2507 1996 2560 bum
2029 2522 2150 2561 cum
2183 2504 2346 2560 Patre
2375 2504 2694 2561 coexsistat.

1945 2767 2012 2824 Α.
2060 2769 2348 2837 Perpcram
2392 2778 2541 2822 certe
2583 2767 2807 2837 faciunt,
2848 2767 3157 2822 derivantes
3185 2763 3348 2835 74⁵1
3385 2777 3450 2818 ac

1872 2864 2277 2931 distorquentes
2302 2861 2588 2916 veritatem
2633 2860 2698 2913 ad
2749 2875 2898 2914 suam
2937 2857 3240 2928 imperitam
3271 2854 3451 2910 libidi-

1873 2971 2030 3018 nem,
2083 2965 2138 3008 et
2181 2969 2459 3006 sacrarum
2513 2951 2838 3006 Litterarum
2896 2965 3078 3006 veram
3129 2947 3450 3005 sententiam

1872 3056 2309 3115 corrurnpentes.
2349 3044 2404 3097 Si
2453 3059 2580 3097 vero
2626 3045 2748 3112 quis
2787 3042 3135 3097 allirrnaverit
3175 3040 3449 3096 Christum

1874 3135 2056 3192 Jesum
2106 3147 2230 3190 ante
2280 3135 2478 3189 smcula
2534 3135 2830 3198 exstitisse,
2879 3151 2906 3186 a
2945 3149 3075 3188 vero
3112 3145 3450 3201 nequaquam

1876 3230 2230 3284 aberraverit.
2263 3228 2544 3298 Siquidem
2594 3237 2678 3282 est
2721 3241 2860 3280 unus
2888 3223 3057 3279 Filius
3089 3236 3142 3282 et
3168 3223 3450 3287 Dominus,

1875 3321 2112 3377 Verbum
2165 3332 2289 3376 ante
2334 3320 2552 3385 saecula,
2605 3320 2748 3390 quod
2801 3319 2856 3372 in
2910 3317 3220 3372 novissimis
3268 3316 3450 3372 saeculi

1877 3414 2210 3483 temporibus
2244 3412 2576 3466 nativitatem
2627 3410 2921 3464 secundum
2976 3423 3193 3463 carnem
3239 3423 3305 3462 ex
3342 3424 3452 3462 mu-

1876 3507 2008 3562 liere
2037 3506 2223 3560 subiit.
2255 3505 2408 3572 Quod
2455 3510 2634 3558 autem
2674 3502 2910 3558 Verbum
2951 3501 3110 3556 homo
3158 3502 3326 3554 nostri
3362 3499 3452 3552 si—

1875 3598 2019 3653 milis
2047 3598 2246 3652 l‘actum
2275 3599 2616 3652 immutatum
2650 3611 2752 3648 non
2779 3597 2867 3658 sit,
2897 3595 3229 3664 signiﬁcavit
3255 3593 3454 3647 Paulus

1880 3690 2083 3758 Spiritu
2134 3688 2343 3743 amatus
2390 3689 2574 3742 dicens
2607 3704 2618 3738 :
2655 3707 2671 3736 ι
2703 3686 2862 3740 Jesus
2906 3687 3157 3740 Christus
3206 3686 3361 3738 hodie
3399 3696 3453 3739 et

1879 3782 2016 3846 heri,
2052 3783 2169 3849 ipse
2211 3781 2349 3835 etin
2389 3780 2622 3843 saecula;
2657 3798 2674 3829 ι
2715 3794 2778 3832 ac
2808 3795 2900 3847 per
2943 3778 3074 3840 heri,
3120 3777 3450 3846 prmteritum

1879 3884 2088 3942 tempus
2135 3874 2369 3936 indicat;
2425 3888 2519 3940 per
2559 3872 2750 3932 hodie,
2804 3885 3080 3940 prmsens;
3130 3884 3225 3938 per
3259 3869 3452 3921 swcula

1879 3982 2026 4030 vero,
2063 3979 2300 4035 prmsens
2330 3973 2385 4018 et
2419 3961 2677 4016 futurum.
2719 3963 2786 4014 At
2808 3961 2850 4014 si
2894 3969 3081 4029 putant
3113 3975 3171 4013 se
3199 3973 3450 4027 magnum

1878 4062 2079 4130 aliquid
2112 4059 2473 4127 excogitasse,
2517 4059 2656 4124 quod
2704 4070 2799 4120 per
2829 4053 2940 4106 heri
2973 4062 3027 4107 et
3059 4051 3232 4117 hodie,
3267 4067 3446 4105 recen-

1881 4165 1988 4208 tem
2021 4151 2346 4220 intelligant,
2371 4148 2442 4201 ita
2467 4149 2853 4202 comendentes
2886 4163 2898 4200 :
2931 4145 3032 4212 Qui
3071 4143 3187 4199 heri
3212 4153 3265 4198 et
3293 4143 3453 4196 hodie

1879 4259 1981 4313 est,
2016 4243 2290 4316 quomodo
2321 4242 2394 4298 sit
2419 4243 2582 4295 etiam
2627 4241 2676 4293 in
2709 4237 2942 4292 δωρειιοῖ
2986 4235 3374 4290 transferemus
3402 4242 3454 4288 et

1882 4355 1981 4395 nos
2030 4334 2476 4406 interrogationis
2530 4331 2638 4384 vim
2690 4332 2741 4384 in
2791 4329 3124 4383 contrarium
3163 4346 3176 4382 :
3218 4325 3452 4380 Verbum

1879 4432 2022 4485 enim
2054 4430 2321 4484 exsistens
2371 4426 2421 4479 in
2469 4422 2688 4483 smcula,
2724 4438 2831 4491 quo
2868 4429 3021 4490 pacto
3055 4420 3275 4486 recipiat
3311 4418 3362 4471 in
3397 4432 3453 4471 se

189 4515 389 4581 Λόγος,
425 4513 542 4574 πῶς
573 4510 638 4564 ἂν
659 4511 812 4564 λάϐοι
836 4513 899 4564 τὸ
927 4512 1055 4582 χθὲς
1075 4513 1166 4566 καὶ
1191 4514 1430 4586 σήμερον
1459 4518 1545 4586 ἐφ’
1573 4519 1767 4587 ἐαυτῷ,

1883 4523 1992 4577 heri
2017 4532 2071 4576 et
2113 4519 2312 4573 hodie?
2353 4515 2628 4584 Siquidem
2669 4525 2752 4567 eSt
2785 4528 2924 4566 unus
2947 4511 3217 4573 Christus,
3250 4521 3307 4564 et
3344 4525 3453 4563 non

188 4605 350 4675 εἴπερ
374 4605 520 4657 ἐστὶν
553 4599 634 4666 εἷς
679 4606 708 4656 6
753 4605 1011 4674 Χριστὸς,
1045 4606 1141 4658 καὶ
1174 4607 1234 4658 οὐ
1269 4609 1599 4678 μεμέρισται
1629 4611 1768 4664 κατὰ

187 4697 292 4768 ’τὴν
322 4697 416 4750 τοῦ
451 4696 740 4750 θεσπεσίου
783 4697 998 4750 Παύλου
1046 4699 1248 4768 φωνήν.
1293 4699 1416 4751 Ὅτι
1479 4701 1588 4771 γὰρ
1628 4702 1771 4756 οὕτω

189 4789 333 4859 πρὸς
365 4789 523 4859 ήμῶν
557 4788 731 4841 ἐθέλει
763 4789 1146 4859 γνωρίζεσθαι,
1186 4790 1480 4842 κάντεῦθεν
1514 4792 1634 4862 εἴσῃ
1666 4811 1767 4846 τοι.

189 4882 393 4935 Καίτοι
430 4881 540 4952 γὰρ
573 4881 850 4951 ὁρώμενος
877 4883 933 4933 ἐν
967 4880 1152 4950 σαρκὶ,
1181 4882 1275 4932 καὶ
1301 4884 1410 4945 τοῖς
1436 4883 1533 4951 τῆς
1563 4885 1773 4954 ἀνθρω-

191 4975 429 5044 πότητος
453 4975 672 5046 μέτροις
696 4973 1042 5044 ἐμϐεϐηκὼς,
1065 4973 1163 5044 τὴν
1190 4973 1516 5044 προαιὼνιον
1541 4975 1648 5028 ῦπα
1659 4977 1771 5046 ρξιν

190 5065 375 5137 ἐαυτῷ
434 5064 974 5137 προσμεμαρτύρηκε
1029 5064 1203 5131 λέγων
1234 5082 1248 5095 ·
1325 5083 1344 5115 ι
1388 5065 1579 5136 ’Λμὴν,
1625 5068 1772 5138 ἀμὴν

189 5157 340 5224 λέγω
369 5158 519 5226 ὑμῖν,
548 5157 682 5226 πρὶν
722 5156 970 5228 Ἀϐραὰμ
998 5155 1271 5223 γενέσθαι,
1311 5156 1420 5224 ἐγώ
1443 5159 1576 5228 εἰμι.
1607 5178 1624 5209 ι
1664 5161 1772 5212 Καὶ

193 5249 382 5302 ’πάλιν⁹
415 5268 432 5298 ι
463 5249 526 5301 El
553 5250 623 5300 τὰ
647 5247 864 5316 ἐπίγεια
884 5243 1036 5301 εἷπον
1069 5249 1218 5318 ὑμῖν,
1248 5251 1341 5301 καὶ
1369 5249 1430 5301 οὐ
1461 5251 1770 5319 πιστεύετε,

189 5337 339 5404 πῶς,
371 5339 467 5393 ἐὰν
532 5341 671 5392 εἴπω
714 5340 840 5408 ὑμῖν
883 5339 950 5391 τά
1003 5339 1323 5408 ἐπουράνια,
1367 5340 1720 5405 πιστεύσετες
1750 5363 1766 5392 ι

191 5429 328 5482 Καί·
368 5449 385 5482 ι
418 5430 607 5494 Οὐδεὶς
630 5431 968 5499 ἀναϐέϐηκεν
992 5432 1071 5492 εἰς
1095 5429 1184 5481 τὸν
1210 5431 1458 5500 οὐρανὸν,
1479 5433 1525 5484 εί
1558 5431 1632 5502 μὴ
1660 5435 1687 5484 6
1712 5435 1776 5484 ἐκ

190 5519 292 5572 τοῦ
334 5521 566 5592 οὐρανοῦ
599 5521 861 5585 καταϐάς,
904 5523 932 5572 6
983 5521 1107 5584 Υἱὸς
1153 5521 1248 5574 τοῦ
1279 5521 1587 5593 ἀνθρώπου.
1612 5544 1628 5574 ι
1689 5525 1775 5586 Ὠς

192 5610 310 5682 γὰρ
348 5613 610 5683 ὑπάρχων
629 5613 717 5666 ἀεὶ
746 5614 836 5666 καὶ
863 5612 1187 5684 τεροαιώνιος
1223 5616 1415 5685 Λόγος,
1448 5615 1776 5687 καθιγμένος

1877 4627 1958 4670 est
1992 4612 2218 4674 divisus,
2263 4607 2414 4677 juxta
2451 4606 2616 4661 divini
2665 4605 2806 4658 illius
2850 4603 3000 4656 Pauli
3047 4617 3254 4668 vocem.
3301 4601 3464 4668 Quod

1877 4706 2020 4760 enim
2065 4704 2138 4757 ita
2182 4718 2210 4753 a
2257 4699 2410 4754 nobis
2455 4696 2711 4766 cognosci
2761 4695 3014 4758 voluerit,
3057 4695 3180 4748 inde
3225 4691 3453 4761 intelligi

1877 4805 2071 4866 potest.
2103 4791 2360 4860 Quamvis
2405 4790 2551 4845 enim
2584 4789 2636 4842 in
2677 4803 2843 4842 carne
2884 4787 3214 4858 apparuerit,
3253 4794 3310 4840 et.
3350 4785 3452 4839 hu-

1881 4903 2050 4940 mana:
2082 4894 2288 4939 natura:
2317 4881 2680 4938 conditionem
2725 4881 2974 4944 subierit,
3018 4896 3075 4934 se
3117 4890 3294 4933 t:unen
3331 4887 3451 4931 ante

1878 4975 2074 5030 saecula
2131 4972 2408 5029 exstitisse
2454 4980 2700 5033 teSIatur,
2749 4971 2975 5025 dicens:
3009 4988 3028 5021 ι
3056 4969 3248 5034 Amen,
3295 4981 3453 5021 amen

1879 5069 2000 5122 dico
2029 5067 2202 5131 vobis,
2235 5075 2522 5132 antequam
2550 5063 2824 5116 Abraham
2869 5063 3022 5114 tieret
3054 5077 3153 5130 ego
3184 5077 3302 5115 sum
3325 5059 3393 5115 ³⁷.
3427 5079 3451 5113 ι

1881 5161 1946 5212 Et
1991 5173 2207 5212 rursum
2241 5176 2253 5210 :
2286 5174 2304 5207 ι
2334 5154 2391 5208 Si
2437 5165 2648 5208 terrena
2690 5153 2800 5206 dixi
2846 5153 3016 5219 vobis,
3063 5162 3117 5206 et
3151 5169 3254 5206 non
3281 5153 3451 5207 credi”-

1873 5253 1966 5315 tie,
1997 5251 2287 5319 quomodo,
2315 5247 2360 5302 si
2389 5247 2634 5302 cmlestia
2669 5246 2858 5300 dixero
2881 5246 3050 5311 vobis,
3075 5246 3310 5300 credetis
3327 5243 3408 5298 τοι
3427 5265 3446 5297 ι

1878 5345 1934 5396 Et
1968 5362 1981 5396 :
2021 5361 2039 5393 ι
2070 5341 2238 5396 Nemo
2281 5341 2523 5396 ascendit
2574 5341 2625 5392 in
2679 5337 2878 5391 coelum
2926 5337 3028 5391 nisi
3082 5337 3172 5407 qni
3206 5353 3271 5390 ex
3315 5336 3449 5392 caelo

1876 5434 2171 5499 descendit,
2220 5432 2387 5486 Filius
2431 5430 2661 5484 hominis
2691 5430 2755 5482 ".
2790 5448 2808 5481 ι
2859 5428 2990 5481 Nam
3031 5436 3088 5480 ut
3139 5443 3350 5496 semper
3398 5437 3448 5480 et

1878 5539 2003 5578 ante
2043 5525 2238 5580 szecula
2283 5523 2548 5579 exsislens
2597 5520 2827 5575 Verbum
2886 5520 3158 5574 descendit
3190 5535 3220 5574 e
3254 5519 3446 5574 caelis:

1878 5617 2071 5673 deinde
2104 5616 2242 5671 idem
2271 5615 2518 5686 apparuit
2547 5614 2707 5668 homo
2737 5612 2907 5669 nostri
2943 5611 3153 5679 similis,
3194 5620 3449 5680 tanquam

273 5796 318 5825 ³⁵
352 5793 502 5850 Joan.
535 5811 584 5854 κ,
617 5794 703 5849 55.
781 5796 822 5826 ³⁶
852 5795 1014 5850 llebr.
1045 5811 1160 5861 χιιι,
1195 5796 1244 5849 8.
1324 5799 1364 5828 ‘7
1397 5795 1551 5852 .Iomi.
1583 5813 1695 5862 νιιι,
1742 5797 1767 5850 Γ)

1907 5783 1945 5829 ³⁵
1974 5795 2125 5853 than.
2163 5812 2240 5864 tt’,
2279 5797 2359 5852 Ιῖἶο
2437 5795 2478 5829 ³³
2513 5795 2640 5851 ibid"
2676 5793 2766 5848 13’
