3846 6210
410 291 544 378 tm

1435 318 1492 374 ὅ.
1531 316 1809 374 ογιιιιιι
1848 313 2319 370 ALEXANDRINI
2359 314 2684 372 ARClllEP.

3523 313 3653 370 ιθιι

415 455 553 497 unius
589 439 839 494 Christus
879 452 933 493 et
985 439 1266 504 Dominus,
1310 446 1367 492 et
1414 437 1632 508 quando
1679 437 1855 493 factus
1904 445 1987 492 est

2105 435 2149 500 εξ
2181 437 2448 507 οὐρανῶν,
2484 432 2602 490 εἶτα
2635 433 2894 506 πεφηνὼς
2933 435 2962 487 6
2997 434 3160 498 αὐτος
3221 434 3344 488 καθ’
3389 435 3554 505 ἡμᾶς,
3582 436 3654 499 ὡς

411 547 565 600 caro,
599 531 906 600 huiusmodi
941 530 1152 586 locutus
1179 539 1284 585 est.

482 705 546 761 Β.
600 707 774 760 Aliam
831 722 1045 776 quoque
1116 707 1380 759 rationem
1440 707 1845 774 excogitarunt.
1910 708 1986 759 lta

412 801 579 859 enim.
599 800 769 863 aiunt,
787 801 1090 852 censendus
1106 810 1186 853 est
1215 801 1258 852 is
1279 801 1364 868 qui
1393 811 1470 851 est
1494 816 1555 852 ex
1576 801 1781 854 semine
1803 799 1988 862 David,

413 907 532 944 esse
567 891 733 944 Filius
763 891 876 953 Dei,
911 892 1052 943 sit-nt
1081 902 1134 942 et
1167 891 1340 958 ip~nm
1392 889 1617 942 Vi-rhum
1649 907 1712 943 ex
1750 892 1856 942 Ileo
1893 890 1991 942 Pa-

415 991 497 1039 tre
543 983 740 1035 dicitur
793 997 914 1036 esse
959 980 1125 1035 Filius
1173 981 1359 1036 David.
1418 981 1623 1036 Natura
1678 982 1842 1047 enim,
1886 997 1989 1036 non

413 1071 567 1126 alius.

485 1164 553 1216 Α.
596 1162 747 1217 Vera!
784 1165 964 1233 itaque
990 1164 1166 1218 laudis
1189 1163 1332 1217 ratio
1366 1164 1656 1233 recipiatur
1685 1173 1741 1216 ut
1770 1164 1841 1217 ita
1872 1179 1994 1217 cre-

414 1255 571 1308 datur
613 1256 843 1308 Veritum
875 1271 1002 1310 caro
1045 1257 1269 1319 factum,
1309 1258 1408 1310 hoc
1449 1267 1529 1310 est
1587 1258 1746 1310 homo
1781 1275 1793 1308 :
1831 1268 1994 1325 atque

413 1344 616 1400 idcirco
648 1346 814 1401 Filius
853 1346 1019 1400 David
1069 1364 1172 1400 non
1220 1349 1458 1412 lit-titius,
1497 1349 1591 1402 sed
1641 1359 1896 1416 tanquam
1925 1363 1990 1401 ex

415 1439 531 1504 ipso
577 1439 888 1508 apparuerit
939 1442 1236 1492 secundum
1269 1454 1510 1499 carnem,
1541 1449 1595 1490 ct
1642 1439 1901 1492 manserit
1941 1439 1992 1492 id

411 1530 554 1596 quod
592 1541 730 1590 erat.
762 1530 1014 1584 nimirum
1057 1531 1197 1582 Deus
1239 1543 1267 1581 ει
1318 1527 1444 1580 Deo.
1485 1528 1692 1583 ldcirro
1724 1539 1783 1582 et
1819 1533 1992 1582 sancti

415 1623 761 1690 evangelista:
811 1622 1046 1676 scientes
1093 1622 1262 1689 ipsum
1300 1620 1469 1673 Dettm
1523 1621 1683 1674 simul
1727 1632 1779 1674 et
1815 1623 1992 1676 ltomi-

414 1729 537 1766 nem
590 1728 747 1775 esse.
802 1714 874 1766 ita
923 1715 988 1767 ad
1041 1729 1140 1766 nos
1185 1715 1250 1766 de
1296 1716 1411 1780 ipso
1448 1711 1796 1784 74810οαιὶ
1846 1724 1991 1768 sunt.

2091 521 2172 590 εἷς
2214 526 2451 596 Χριστὸς
2493 528 2590 581 καὶ
2629 525 2858 598 Κύριος,
2905 525 3002 579 καὶ
3043 525 3134 579 ὅτε
3171 525 3364 593 γέγονε
3403 521 3556 594 σὰρξ,
3587 525 3654 576 τὰ

2090 620 2267 675 τοιάδε
2295 619 2481 690 φησίν.

2161 710 2222 764 Β.
2270 711 2590 782 Ἐξεύρηταί
2614 728 2699 773 τις
2734 712 2917 774 αῦτοῖς
2953 709 3046 764 καὶ
3082 711 3270 780 ἔτερος
3297 707 3473 776 λόγος.
3507 709 3655 761 Ἐστι

2091 803 2150 856 δὲ
2203 799 2380 868 οὗτος,
2445 802 2590 856 οὕτω
2632 805 2742 875 γὰρ
2778 803 2972 872 χρῆναί
3028 818 3190 870 φασιν
3246 800 3374 853 Υἱὺν
3428 799 3656 853 νοεῖσθαι

2093 896 2228 948 Θεοῦ
2267 896 2359 948 τὸν
2396 897 2461 948 ἐκ
2501 895 2815 965 σπέρματος
2842 895 2935 946 τοῦ
2965 893 3146 952 Δαίῖιδ,
3188 893 3263 956 ὡς
3289 893 3354 945 ἂν
3382 891 3476 945 καὶ
3503 893 3659 955 αὐτὸς

2091 992 2120 1043 ὁ
2145 991 2209 1042 ἐκ
2247 989 2382 1042 Θεοῦ
2425 969 2824 1055 ΠατρὸςΛόγος
2861 987 2988 1050 Υἱὸς
3027 982 3163 1040 εἶναι
3191 985 3402 1054 λέγοιτο
3433 983 3526 1036 τοῦ
3559 987 3661 1038 Aa.-

2095 1082 2198 1135 6ίδ.
2226 1080 2387 1134 Φύσει
2418 1081 2548 1150 γὰρ,
2583 1081 2694 1133 οὐδ’
2722 1081 2926 1150 ἕτερος.

2164 1172 2229 1223 Λ.
2270 1171 2500 1231 Οὐκοῦν,
2534 1172 2562 1223 6
2601 1171 2700 1240 τῆς
2741 1169 2976 1240 ἀληθοῦς
3006 1169 3271 1230 αἰνέσεως
3313 1168 3497 1220 εἰσίτω
3538 1167 3661 1234 “:96-

2097 1281 2216 1326 πος,
2255 1263 2322 1314 ἶν’
2373 1262 2514 1314 οὕτω
2566 1260 2890 1331 πιστεύηται
2937 1259 3073 1329 σὰρξ
3117 1257 3354 1326 γεγονὼς
3396 1259 3425 1310 ὁ
3472 1256 3662 1321 Λόγος,

2095 1354 2371 1408 τουτέστιν
2423 1351 2730 1422 ἄνθρωπος,
2757 1353 2854 1405 καὶ
2885 1351 2972 1404 διὰ
3006 1349 3184 1408 τοῦτο,
3218 1348 3342 1410 Υἱὸς
3381 1347 3472 1400 τοῦ
3505 1345 3665 1398 saeta

2095 1448 2154 1500 οῦ
2183 1446 2648 1515 κατεψευσμένος.
2695 1444 2833 1496 Ἀλλ’
2862 1443 2936 1506 ὼς
2961 1442 3020 1507 ἐξ
3045 1440 3208 1494 αὐτοῦ
3240 1438 3496 1508 πεῳηνὼς
3527 1437 3669 1491 κατὰ

2098 1538 2300 1608 σάρκα,
2335 1537 2428 1589 καὶ
2458 1534 2784 1606 μεμενηκὼς
2819 1536 2957 1604 ὅπερ
3000 1530 3089 1604 ἦν,
3123 1531 3278 1603 δῆλον
3310 1531 3366 1584 δὲ
3413 1533 3494 1584 ὅτι
3537 1529 3669 1592 Θεὸς

2098 1632 2163 1684 ἐκ
2195 1629 2352 1682 Θεοῦ.
2407 1629 2519 1682 Καλ⁵
2558 1627 2686 1696 γοῦν
2719 1629 2768 1680 οἱ
2806 1626 2915 1679 τῶν
2946 1623 3178 1694 γενικῶν
3229 1623 3351 1696 [τρ.
3387 1621 3670 1690 εὐαγγελιο

2099 1720 2242 1792 κῶν]
2274 1720 2644 1791 κηρυγμάτων
2675 1720 2966 1790 ἱερουργοὶ,
3008 1717 3099 1770 τὸν
3128 1718 3290 1770 αὑτὸν
3315 1714 3670 1780 γινώσκοντες

417 1804 694 1872 Scriptum
736 1805 881 1859 enim
916 1807 1098 1859 estde
1142 1805 1299 1859 lteato
1339 1804 1601 1872 Baptista,
1633 1809 1774 1873 quod
1810 1827 1827 1860 ι
1872 1807 1994 1862 Pos-

2105 1813 2230 1867 Θεόν
2262 1831 2322 1865 τε
2366 1812 2501 1881 ὁμοῦ
2545 1813 2634 1865 καὶ
2666 1810 2969 1882 ἄνθρωπον,
3006 1811 3132 1872 τοὺς
3175 1808 3303 1878 περὶ
3338 1805 3505 1860 αὑτοῦ
3535 1805 3670 1874 πρὸς

419 1894 586 1947 tridie
615 1894 755 1947 videt
783 1892 970 1949 Jesum
1002 1895 1306 1949 venientem
1339 1898 1404 1948 ad
1428 1911 1505 1961 se,
1534 1906 1587 1948 et
1615 1899 1743 1951 dicit
1794 1917 1806 1952 :
1859 1901 1997 1954 Ecce

412 1984 600 2052 Agnus
639 1985 755 2046 Dei.
799 1986 890 2056 qui
925 1987 1060 2040 tollit
1108 1999 1390 2055 percolunt
1441 1989 1647 2043 ιιιιιιιιΙί.
1686 1989 1785 2043 llic
1821 2001 1902 2045 est
1931 1993 1996 2045 de

415 2092 524 2146 quo
570 2077 726 2130 dixi:
759 2077 887 2131 Post
929 2094 1014 2131 me
1061 2080 1208 2133 venit
1257 2082 1360 2144 vir,
1401 2081 1489 2148 qui
1537 2091 1662 2134 ante
1709 2097 1793 2136 me
1825 2083 1996 2137 fat-tus

416 2178 522 2230 est,
568 2169 694 2238 quia
741 2170 888 2236 prior
937 2185 1022 2223 me
1074 2180 1211 2234 erat,
1263 2180 1317 2225 et
1366 2187 1465 2240 ego
1499 2173 1802 2226 nesciebam
1845 2189 1993 2238 eum,

417 2263 512 2316 sed
549 2273 608 2315 ut
656 2261 1037 2316 manifestetur
1086 2264 1137 2315 in
1186 2263 1374 2328 Israel,
1407 2277 1688 2332 propterea
1740 2265 1855 2319 veni
1898 2281 1996 2335 ego

416 2351 474 2407 in
522 2369 663 2422 aqua
717 2353 1002 2422 haptizans
1024 2354 1090 2408 ".
1131 2375 1150 2408 ι
1183 2353 1444 2426 lnlelligis
1503 2358 1686 2426 itaque
1725 2360 1996 2428 quomodo

413 2446 591 2497 virum
664 2460 879 2504 vocans.
938 2462 1244 2515 agnumque
1305 2451 1479 2518 ipsum
1533 2450 1830 2519 appellans,
1888 2465 1994 2505 non

416 2533 580 2587 alium
622 2548 744 2587 esse
794 2535 924 2588 dicit
956 2535 1047 2600 qtti
1098 2536 1235 2588 tollit
1268 2551 1489 2606 pccmta
1539 2539 1743 2604 mundi,
1789 2551 1843 2591 et
1890 2556 1998 2591 Ina-

412 2638 574 2694 gnam
615 2624 754 2678 hanc
795 2634 960 2693 atque
1005 2627 1326 2680 immensam
1373 2630 1722 2699 divinamque
1765 2631 1996 2700 dignita-

414 2725 522 2771 tem
551 2719 598 2771 ei
624 2717 834 2770 tribuit.
873 2721 1013 2772 Ante
1046 2734 1173 2774 vero
1212 2736 1275 2773 ac
1309 2721 1538 2787 priorem
1567 2737 1626 2776 se
1670 2722 1868 2776 factum
1899 2724 1994 2790 ait,

413 2806 539 2864 licet
586 2809 853 2878 posterior
913 2808 1113 2873 fuerit,
1165 2812 1374 2866 ratione
1426 2813 1679 2866 nimirum
1738 2816 1997 2884 temporis

415 2914 524 2968 quo
572 2902 867 2953 secundum
919 2917 1138 2954 carnem
1191 2912 1350 2956 natus
1395 2914 1498 2957 est.
1557 2903 1818 2970 Quamvis
1849 2908 1993 2960 enim

416 2991 736 3045 Emmanuel
781 3003 1049 3062 quatenus
1099 2995 1256 3047 homo
1304 3006 1426 3063 post
1477 2997 1622 3049 illum
1672 3009 1830 3052 natus
1873 2999 1994 3063 fuit,

2096 1906 2246 1974 ἡμᾶς
2280 1904 2602 1972 πεποίηνται
2638 1901 2849 1970 λόγους.
2897 1900 3208 1968 Γέγραπται
3248 1897 3378 1966 γοῦν
3424 1894 3670 1966 περὶτοῦ

2101 1996 2373 2066 μακαρίου
2408 1994 2735 2057 Βαπτιστοῦ,
2776 1993 2856 2046 ὅτι
2892 2011 2910 2042 ‹
2938 1993 3016 2060 Τῇ
3048 1993 3303 2062 ἐπαύριον
3349 1989 3539 2058 βλέπει
3581 1986 3672 2039 τὸν

2095 2089 2315 2159 ’Ἰησοῦν
2369 2088 2664 2158 ἐρχόμενον
2725 2085 2861 2155 πρὸς
2910 2084 3092 2148 αὑτὸν,
3129 2084 3223 2135 καὶ
3279 2080 3447 2148 λέγει·
3497 2079 3604 2132 Ἴδε
3647 2080 3676 2132 ὁ

2113 2182 2309 2251 Ἀμνὺς
2345 2179 2436 2234 τοῦ
2470 2179 2630 2240 Θεοῦ,
2671 2181 2698 2231 6
2743 2179 2913 2246 αἴρων
2966 2175 3244 2246 ἁμαρτίαν
3287 2173 3381 2226 τοῦ
3439 2172 3674 2241 κόσμου,

2097 2269 2248 2336 οὗτός
2293 2278 2410 2327 ἐστι
2453 2273 2584 2342 περὶ
2626 2264 2686 2324 οῦ
2737 2269 2847 2336 ἐγὼ
2880 2263 3052 2321 εἷπον·
3090 2267 3293 2320 Ὀπίσω
3326 2283 3428 2336 μου
3460 2265 3678 2333 ἔρχεται

2097 2369 2260 2438 ἀνὴρ,
2312 2367 2371 2430 ὃς
2417 2364 2727 2436 ἔμπροσθέν
2766 2381 2866 2432 μου
2910 2362 3154 2428 γέγονεν,
3193 2362 3276 2413 ὃτι
3319 2358 3536 2427 πρῶτος
3578 2355 3679 2426 μοῦ

2099 2463 2237 2522 ἐστι,
2267 2457 2424 2527 κάγὼ
2453 2461 2552 2512 οὐκ
2597 2455 2735 2510 εἶδον
2783 2456 2966 2518 αὐτὸν,
3004 2454 3118 2507 ἀλλ’
3171 2454 3255 2506 ἵνα
3284 2451 3574 2521 φανερωῦῇ
3605 2450 3682 2521 τῷ

2113 2550 2349 2621 Ἰσραὴλ,
2385 2549 2473 2602 διὰ
2506 2547 2662 2602 τοῦτο
2709 2544 2871 2619 ἦλθον
2905 2547 3014 2615 ἐγὼ
3047 2547 3105 2598 ἐν
3141 2544 3294 2598 ὕδατι
3329 2542 3634 2612 βαπτίζων.
3657 2559 3674 2591 ι

2100 2640 2266 2703 Σῦνες
2295 2636 2385 2692 οὖν
2425 2641 2571 2700 ὅπως
2600 2637 2769 2706 ἄνδρα
2809 2637 3000 2703 λέγων,
3051 2635 3142 2688 καὶ
3189 2634 3360 2700 ἀμνὸν
3399 2630 3681 2700 ὀνομάζων

2099 2731 2283 2794 αὑτὸν,
2313 2732 2412 2801 οὺχ
2445 2730 2634 2800 ἕτερον
2664 2725 2802 2788 εἷναί
2834 2745 2964 2798 φησι
2993 2726 3082 2779 τὸν
3113 2726 3340 2796 αἴροντα
3365 2725 3462 2793 τὴν
3489 2724 3681 2796 ’ἀμαρ-

2074 2826 2219 2877 ’τίαν
2260 2823 2352 2876 τοῦ
2406 2823 2634 2893 κόσμου,
2678 2821 2772 2874 καὶ
2818 2821 2878 2872 τὸ
2924 2820 3067 2888 μέγα
3110 2817 3268 2871 τοῦτο
3319 2817 3412 2869 καὶ
3445 2815 3685 2881 ἐξαίσιον

2099 2916 2315 2986 ἀληθῶς
2383 2915 2478 2968 καὶ
2566 2913 2866 2983 θεοπρεπὲς
2941 2911 3157 2980 ἀξίωμα
3240 2909 3684 2980 προσνενέμηκεν

2099 3007 2266 3078 αὐτῷ.
2311 3005 2663 3078 Ἐμπροσθεν
2701 3005 2759 3058 δὲ
2803 3004 2897 3058 καὶ
2939 3003 3155 3074 πρῶτον
3203 2999 3458 3069 γενέσθαι
3517 3000 3686 3068 φησιν

416 3094 532 3139 erat
564 3097 738 3139 tautcu
784 3095 910 3139 ante
950 3087 1129 3140 omnia
1163 3089 1381 3156 secula,
1429 3102 1486 3142 ιιι
1538 3090 1696 3145 Deus.
1739 3092 1991 3158 Ejusdem

2105 3098 2287 3161 αὑτοῦ,
2318 3098 2494 3151 καίτοι
2525 3097 2756 3150 κατόπιν
2793 3097 3104 3165 γενόμενον.
3138 3093 3278 3172 κατᾲ
3309 3091 3374 3158 γέ
3414 3108 3562 3159 φημι
3599 3090 3689 3142 τον

416 3174 601 3243 itaque
646 3188 725 3228 est
768 3185 821 3228 et
869 3187 1142 3230 recentem
1192 3194 1315 3234 esse
1363 3180 1569 3232 rati0ne
1612 3181 1860 3236 humana:
1901 3199 1995 3236 tta-

419 3275 577 3327 turat,
614 3279 667 3319 et
694 3277 980 3330 mternum,
1015 3269 1225 3323 ratione
1262 3274 1474 3326 divimc.
1521 3271 1729 3327 Idcirco
1767 3284 1822 3329 et
1865 3290 1998 3341 prai-

418 3358 790 3412 stantissimus
848 3360 934 3414 ille
989 3359 1220 3426 Petrus,
1270 3376 1376 3414 nou
1435 3363 1634 3416 nudqu
1685 3373 1740 3420 ct
1795 3367 1997 3434 alisque

418 3465 584 3503 carne
629 3450 930 3518 respiciens
991 3451 1247 3514 Verbum,
1300 3453 1391 3506 sed
1442 3454 1584 3522 quod
1637 3456 1688 3508 in
1728 3470 1892 3510 carne
1942 3467 1997 3511 et

419 3542 683 3610 sanguine
722 3556 1086 3611 apparuerat,
1136 3547 1474 3600 manifestam
1534 3557 1588 3602 et
1634 3548 1994 3602 certissimam

419 3634 545 3688 lidei
585 3637 636 3690 in
683 3636 854 3706 ipsum
901 3638 1291 3706 professionem
1341 3641 1475 3700 edit,
1508 3642 1735 3695 dicens:
1771 3661 1790 3693 ‹
1827 3641 1904 3694 Tu
1937 3658 1996 3697 es

417 3727 675 3781 Christus
711 3728 876 3782 Filius
910 3729 1001 3782 Dei
1036 3730 1161 3784 vivi.
1196 3749 1214 3781 ι
1254 3731 1348 3783 (lui
1382 3729 1631 3784 Christus
1671 3734 1946 3801 respondit
1977 3750 1992 3788 :

426 3820 651 3872 «Beatus
675 3838 752 3882 es,
770 3821 979 3883 Simon,
1005 3822 1075 3874 fili
1098 3821 1264 3883 Jonaz,
1283 3824 1404 3888 quia
1429 3839 1555 3877 earn
1578 3833 1629 3877 et
1647 3829 1866 3892 sanguis
1891 3841 1996 3879 non

420 3915 676 3966 revelavit
708 3913 824 3973 tilti.
859 3915 951 3967 Sed
987 3913 1145 3968 Pater
1177 3930 1328 3966 meus
1363 3916 1451 3981 qui
1488 3923 1571 3968 est
1608 3915 1659 3968 in
1693 3917 1938 3971 ccelis".
1972 3937 1990 3969 ι

419 4001 484 4058 ΑΙ
526 4004 626 4057 ιιίδὶ
665 4004 830 4057 altum
883 4019 1068 4058 revera
1117 4015 1199 4057 est
1240 4006 1580 4074 mysterium,
1611 4017 1664 4060 et
1707 4008 1845 4061 Dens
1878 4019 1998 4062 erat

423 4097 478 4150 in
527 4112 693 4149 carne
723 4115 737 4151 :
771 4096 931 4149 lmtuo
965 4105 1165 4158 autem,
1221 4107 1278 4147 ut
1311 4095 1407 4163 ipsi
1446 4096 1648 4159 volunt,
1684 4098 1994 4153 liliatiouem

419 4200 519 4254 per
567 4187 794 4254 gratiam
853 4195 1204 4250 consrcutus,
1248 4188 1518 4254 quomodo
1565 4187 1793 4255 iudiguit
1850 4199 1997 4243 tanto

421 4277 663 4347 Ittystet'ti
709 4279 959 4338 tlmtttt'e,
997 4280 1132 4329 adeo
1179 4289 1236 4329 ut
1291 4293 1449 4330 Itettto
1483 4280 1790 4331 mortalium
1827 4267 1991 4334 (iisti;

418 4373 544 4440 pulo
571 4373 839 4428 revelarit.
874 4371 965 4425 scd
1000 4387 1027 4424 a
1059 4373 1216 4424 Patre
1247 4372 1360 4439 ipso
1384 4373 1433 4424 id
1459 4372 1684 4426 eductus
1715 4374 1824 4426 sit?
1855 4374 1995 4440 Quin

2096 3195 2196 3262 τῆς
2240 3191 2382 3244 κατὰ
2435 3190 2616 3259 σάρκα
2650 3189 2955 3258 γεννήσεως
3002 3186 3212 3256 χρόνον.
3273 3185 3333 3237 Ei
3381 3185 3492 3254 γάρ
3535 3185 3690 3234 ἐστιν

2097 3282 2354 3354 ὀψιγενὴς
2386 3281 2523 3334 καθὸ
2551 3280 2836 3348 ἄνθρωπος
2860 3281 2888 3332 6
2931 3274 3296 3346 Ἐμμανουήλ,
3336 3275 3451 3327 ἀλλ’
3481 3270 3550 3344 ἦν
3583 3274 3690 3344 προ

2100 3374 2301 3437 παντὸς
2358 3373 2550 3435 αἰῶνος
2608 3373 2682 3435 ὡς
2731 3371 2882 3434 Θεός.
2918 3369 3094 3421 Αὑτοῦ
3144 3366 3431 3436 τοιγαροῦν
3483 3367 3584 3419 καὶ
3632 3367 3694 3418 τὸ

2100 3467 2412 3538 πρόσφατον
2445 3463 2824 3534 ἀνθρωπίνως,
2857 3462 2950 3516 καὶ
2990 3461 3049 3514 τὸ
3086 3462 3258 3514 ἀΐδιον
3289 3460 3509 3524 Θεῖκῶς,
3552 3457 3696 3511 ταῦ-

2097 3576 2166 3632 τῃ
2198 3578 2279 3613 τοι
2307 3560 2399 3613 καὶ
2439 3561 2467 3612 6
2496 3559 2831 3629 πανάριστος
2884 3557 3119 3626 Πέτρος,
3171 3556 3231 3607 οὐ
3281 3553 3514 3623 γυμνδν,
3564 3553 3697 3606 οῦδὲ

2098 3651 2340 3721 ἄσαρκον
2369 3648 2788 3719 καταθεώμενον
2813 3649 2900 3701 τὸν
2924 3648 3113 3716 Λόγον,
3149 3646 3262 3699 ἀλλ’
3291 3647 3352 3698 ἐν
3382 3646 3556 3716 σαρκὶ
3601 3646 3704 3699 καὶ⁵

2097 3743 2291 3812 αἵματι
2349 3742 2648 3812 πεφηνότα,
2689 3740 2876 3808 σαφῶς
2914 3757 2975 3791 τε
3016 3740 3108 3792 καὶ
3158 3737 3411 3800 ἀπλανῶς
3457 3738 3566 3806 τῆς
3621 3739 3702 3800 είς

2100 3831 2262 3884 αὑτὸν
2307 3830 2544 3892 πίστεως
2589 3829 2689 3899 τὴν
2734 3829 2992 3882 ἀπόδοσιν
3041 3829 3295 3885 ἐποιεῖτο,
3330 3825 3534 3895 λέγων.
3578 3845 3598 3876 ι
3626 3827 3702 3881 Σὺ

2099 3919 2148 3976 εἷ
2175 3924 2202 3975 6
2228 3922 2482 3992 Χριστὸς,
2518 3924 2546 3975 ὁ
2575 3921 2702 3984 Υἱὸς
2731 3920 2823 3973 τοῦ
2849 3920 2982 3973 Θεοῦ
3017 3918 3110 3972 τοῦ
3137 3919 3353 3983 ζῶντος.
3380 3937 3398 3968 ι
3452 3919 3702 3985 Ἀκῆκοε

2097 4015 2154 4067 δε
2186 4014 2322 4084 πρὸς
2350 4013 2525 4066 τοῦτο·
2567 4014 2884 4082 «Μακάριος
2916 4007 2986 4074 εἷ,
3021 4011 3221 4080 Σίμων,
3251 4010 3364 4078 Βὰρ
3404 4011 3594 4072 Ίιεινᾶ.
3622 4012 3708 4063 ὅτι

2101 4104 2239 4176 σὰρξ
2271 4104 2365 4157 καὶ
2410 4098 2548 4173 αἷμα
2591 4104 2690 4156 οῦκ
2735 4102 3049 4172 ἁπεκάλυςρέ
3095 4119 3199 4162 σοι,
3247 4101 3359 4154 ἀλλ’
3411 4103 3441 4153 6
3497 4101 3708 4169 Πατήρ

2102 4215 2228 4267 μου,
2287 4199 2324 4255 ὁΔ
2362 4200 2420 4250 ἐν
2471 4199 2584 4259 τοῖς
2644 4197 2962 4266 οὐρανοῖς.»
3037 4195 3175 4248 Ἀλλ’
3215 4196 3263 4247 εἰ
3327 4193 3404 4264 μὴ
3455 4193 3603 4264 βαθὺ
3647 4194 3712 4246 τὸ

2103 4292 2427 4362 μυστήριον,
2456 4291 2549 4342 καί¹
2582 4289 2713 4352 Θεὸς
2743 4286 2811 4359 ἦν
2851 4290 2908 4340 ὲν
2939 4287 3124 4358 σαρκὶ,
3165 4286 3454 4355 ἄνθρωπος
3477 4285 3539 4338 δὲ
3581 4285 3711 4338 κατ’

2101 4385 2319 4447 αὐτοὺς,
2365 4385 2547 4454 χάριτι
2579 4383 2678 4451 τὴν
2717 4381 2987 4434 υἱοθεσίαν
3030 4380 3191 4449 ἔχων,
3234 4379 3349 4440 πῶς
3381 4377 3452 4431 ἂν
3480 4377 3712 4449 ..ἐδεήθη

418 4475 473 4518 et
503 4462 750 4529 discipuli
784 4478 904 4514 cum
946 4462 1093 4514 illum
1131 4463 1422 4544 aliquando
1454 4464 1504 4514 itt
1551 4464 1684 4516 mari
1731 4467 1993 4518 obamltu-

2105 4475 2354 4530 τοσούτου
2388 4473 2770 4545 μυσταγωγοῦ,
2816 4474 2891 4536 ὡς
2927 4473 3131 4542 μηδένα
3166 4471 3262 4540 μὲν
3302 4469 3412 4521 τῶν
3458 4471 3564 4522 ὲπί
3607 4471 3714 4538 τῆς

417 4554 620 4610 lantem
659 4553 954 4620 conspicati
993 4565 1199 4615 essent,
1233 4554 1446 4606 attoniti
1494 4555 1755 4607 miraculo
1783 4557 1992 4626 proles-

419 4647 624 4699 sionem
664 4644 783 4697 lidei
821 4659 932 4697 sua:
956 4645 1265 4702 ediderunt,
1292 4645 1533 4698 dicentes
1565 4664 1576 4700 :
1615 4664 1632 4696 ι
1665 4645 1800 4700 Vere
1827 4645 1993 4703 Filius

418 4735 510 4791 Dei
541 4753 598 4790 es
620 4738 685 4788 δ’.
723 4755 741 4788 ι
785 4737 852 4790 At
889 4738 932 4792 si
961 4741 1158 4792 notlms
1186 4748 1238 4791 et
1272 4737 1387 4791 falsi
1426 4739 1655 4792 nominis
1679 4751 1781 4803 est,
1807 4753 1861 4795 et
1884 4742 1994 4795 ad-

418 4827 704 4880 ventitiunt
754 4826 803 4880 ei
857 4838 940 4880 est
989 4827 1131 4895 quod
1187 4829 1260 4880 sit
1314 4827 1505 4893 Filius,
1565 4831 1825 4884 mendacii
1879 4833 1996 4888 illos

421 4929 672 4985 arguant,
709 4920 848 4986 quod
875 4929 927 4972 et
947 4917 1306 4986 jurejurando
1333 4919 1741 4975 confit-tuarum.
1769 4923 1996 4989 Adjece-

423 5018 544 5058 runt
573 5009 739 5071 enim,
778 5027 797 5059 ‹
831 5023 975 5073 vere,
1006 5027 1024 5058 ι
1050 5019 1424 5064 asseverantes
1459 5010 1632 5078 ipsum
1657 5025 1778 5067 esse
1801 5013 1998 5068 Filium

422 5095 515 5150 Dei
545 5116 606 5149 ιιι·
642 5099 838 5153 Patris.

2098 4569 2203 4638 γῆς
2263 4566 2611 4635 ἀποκαλύψαι
2669 4567 2747 4635 τῷ
2804 4565 3044 4636 μαθητῇ.
3097 4564 3389 4633 παιδευτὴν
3440 4562 3498 4615 δὲ
3569 4563 3715 4635 προς

2098 4661 2258 4714 τοῦτο
2306 4659 2489 4729 λαχεῖν
2546 4659 2705 4712 αὑτὸν
2758 4659 2846 4711 τὸν
2893 4659 3143 4728 Πατέρα;
3183 4658 3291 4710 Καὶ
3337 4655 3448 4726 μὴν
3504 4659 3618 4709 καὶ
3668 4660 3715 4711 οΞ

2101 4751 2378 4806 θεσπέσιοι
2410 4749 2676 4821 μαθηταὶ,
2711 4749 2993 4802 διαθέοντα
3025 4748 3154 4800 ποτὲ
3181 4748 3275 4816 τῆς
3314 4746 3614 4818 Θαλάττης
3646 4749 3714 4802 τὰ

2096 4843 2242 4897 νῶτα
2271 4843 2578 4912 βλέποντες,
2609 4843 3056 4912 κατατεθήπεσαν
3094 4840 3194 4911 μὲν
3227 4839 3326 4909 τὴν
3361 4839 3713 4911 θεοσημίαν,

2095 4936 2408 5004 ὡμολόγουν
2443 4935 2498 4988 δὲ
2526 4937 2624 5004 τὴν
2669 4935 2876 4995 πίστιν,
2909 4933 3176 5001 λέγοντες·
3221 4951 3238 4982 ι
3277 4931 3534 5003 Ἀληθῶς
3570 4931 3712 4986 Θεοῦ

2100 5026 2227 5089 Υἱὸς
2271 5021 2339 5078 εἷ.
2368 5045 2387 5076 ι
2449 5025 2590 5079 Ἀλλ’
2633 5027 2682 5078 εί
2725 5025 2880 5087 νόθος
2914 5025 3029 5077 ἐστὶ
3060 5023 3151 5076 καὶ
3179 5022 3577 5093 ψευδώνυμος,
3622 5028 3712 5078 καὶ

2101 5117 2410 5188 εἰσποιητὸν
2458 5117 2570 5188 ἔχει
2612 5117 2672 5170 τὸ
2704 5113 2842 5170 εἶναι
2874 5117 3021 5181 Υἱὸς,
3058 5116 3473 5184 ἐγκαλείτωσαν
3517 5121 3709 5188 αὐτοῖς

420 5189 518 5260 τὴν
544 5189 926 5261 ψευδηγορίαν,
962 5193 1058 5244 καὶ
1089 5191 1248 5245 τοῦτο
1289 5191 1632 5265 ὀμωμοκόσι.
1679 5198 2111 5268 Προστεθείκασι
2179 5208 2288 5280 γὰρ
2333 5210 2413 5275 τὸ,
2445 5209 2684 5281 ἀληθῶς,
2748 5211 2876 5264 Υίὸν
2949 5210 3112 5263 αὑτὸν
3154 5207 3296 5264 εἶναι
3343 5211 3708 5266 διαϐεϐαιοῦ-

423 5305 576 5361 μενοι
601 5288 694 5342 τοῦ
726 5287 862 5342 Θεοῦ
893 5289 988 5342 καὶ
1017 5290 1251 5361 Πατρός.

496 5383 552 5436 Β.
599 5380 812 5452 Optime
847 5384 1052 5438 dixisti.

497 5477 562 5530 Α.
600 5475 716 5542 Quo
745 5485 903 5546 pacto
943 5488 1122 5532 autem
1161 5479 1325 5534 etiam
1360 5482 1607 5551 proprios
1639 5485 1801 5540 habet
1837 5503 2002 5556 ange-

427 5567 510 5626 los
543 5569 710 5625 Filius
744 5571 1001 5637 hominis,
1048 5580 1103 5626 et
1147 5570 1393 5642 splendet
1425 5573 1478 5628 in
1513 5574 1682 5645 gloria
1714 5575 1890 5633 Patris
1918 5579 2001 5634 sui

505 5747 549 5779 ιθ
587 5749 740 5804 Joan.
769 5765 786 5804 I
812 5790 827 5818 ,
862 5751 1053 5807 29-31.
1132 5752 1170 5785 '”
1203 5752 1387 5812 Matth.
1431 5772 1542 5824 XVI,
1581 5757 1662 5822 16,
1699 5758 1784 5813 17.

2177 5395 2240 5449 Β.
2281 5396 2515 5466 "Aptata
2551 5397 2706 5467 ἔφης.

2181 5489 2245 5542 Α.
2275 5486 2400 5551 Πῶς
2429 5489 2486 5542 δὲ
2531 5491 2622 5542 καὶ
2665 5489 2827 5552 ἰδίους
2860 5488 2972 5559 ἔχει
3015 5489 3142 5550 τοὺς
3184 5489 3458 5556 ἀγγέλους
3513 5495 3548 5546 ὁ
3591 5493 3713 5554 Υἱὸς

2109 5579 2203 5632 τοῦ
2251 5579 2570 5652 ἀνθρώπου,
2625 5581 2916 5653 διαπρέπει
2961 5581 3016 5634 δὲ
3069 5581 3159 5635 καὶ
3208 5583 3265 5633 ἐν
3306 5585 3374 5652 τῇ
3432 5584 3576 5659 δόξῃ
3625 5583 3714 5640 τοῦ

1866 5760 1911 5793 δ’
1938 5758 2128 5816 Matth.
2161 5773 2270 5828 inv,
2316 5760 2405 5815 35.
