  <div class='ocr_page' id='page_1' title='image "/cluster/home/n/w/nwhite01/storage/ocr_20150623/75/nnc1.0046980121/742.png"; bbox 0 0 3846 6210; ppageno 0'>
   <div class='ocr_carea' id='block_1_1' title="bbox 183 419 312 473">
    <p class='ocr_par' dir='ltr' id='par_1_1' title="bbox 183 419 312 473">
     <span class='ocr_line' id='line_1_1' title="bbox 183 419 312 473; baseline -0.008 0"><span class='ocrx_word' id='word_1_1' title='bbox 183 419 312 473; x_wconf 64' lang='grc'>1313</span> 
     </span>
    </p>
   </div>
   <div class='ocr_carea' id='block_1_2' title="bbox 183 514 1834 603">
    <p class='ocr_par' dir='ltr' id='par_1_2' title="bbox 183 514 1834 603">
     <span class='ocr_line' id='line_1_2' title="bbox 183 514 1834 603; baseline -0.015 -14"><span class='ocrx_word' id='word_1_2' title='bbox 183 531 390 603; x_wconf 78' lang='grc' dir='ltr'>Πατρὸς</span> <span class='ocrx_word' id='word_1_3' title='bbox 416 529 577 585; x_wconf 74' lang='grc' dir='ltr'>αὐτοῦ</span> <span class='ocrx_word' id='word_1_4' title='bbox 602 527 740 600; x_wconf 75' lang='grc' dir='ltr'>μετὰ</span> <span class='ocrx_word' id='word_1_5' title='bbox 769 528 876 580; x_wconf 83' lang='grc' dir='ltr'>τῶν</span> <span class='ocrx_word' id='word_1_6' title='bbox 906 524 1154 593; x_wconf 81' lang='grc' dir='ltr'>άγγέλων</span> <span class='ocrx_word' id='word_1_7' title='bbox 1184 518 1349 574; x_wconf 79' lang='grc' dir='ltr'>αὑτοῦ</span> <span class='ocrx_word' id='word_1_8' title='bbox 1373 535 1389 583; x_wconf 84' lang='lat'><strong>;</strong></span> <span class='ocrx_word' id='word_1_9' title='bbox 1428 516 1536 570; x_wconf 72' lang='grc' dir='ltr'>Καὶ</span> <span class='ocrx_word' id='word_1_10' title='bbox 1560 514 1756 568; x_wconf 85' lang='grc' dir='ltr'>πάλιν·</span> <span class='ocrx_word' id='word_1_11' title='bbox 1789 517 1834 572; x_wconf 81' lang='grc' dir='ltr'><strong>Α</strong></span> 
     </span>
    </p>
   </div>
   <div class='ocr_carea' id='block_1_3' title="bbox 190 607 1758 685">
    <p class='ocr_par' dir='ltr' id='par_1_3' title="bbox 190 607 1758 685">
     <span class='ocr_line' id='line_1_3' title="bbox 190 607 1758 685; baseline -0.011 -10"><span class='ocrx_word' id='word_1_12' title='bbox 190 625 332 679; x_wconf 72' lang='grc' dir='ltr'>«Καὶ</span> <span class='ocrx_word' id='word_1_13' title='bbox 365 620 650 676; x_wconf 78' lang='grc' dir='ltr'><strong>ἀποστελεῖ</strong></span> <span class='ocrx_word' id='word_1_14' title='bbox 685 623 713 672; x_wconf 89' lang='grc' dir='ltr'>ὀ</span> <span class='ocrx_word' id='word_1_15' title='bbox 741 619 868 680; x_wconf 74' lang='grc' dir='ltr'>Υἱὸς</span> <span class='ocrx_word' id='word_1_16' title='bbox 897 617 990 670; x_wconf 82' lang='grc' dir='ltr'>τοῦ</span> <span class='ocrx_word' id='word_1_17' title='bbox 1023 612 1311 685; x_wconf 78' lang='grc' dir='ltr'>ἀνθρώπου</span> <span class='ocrx_word' id='word_1_18' title='bbox 1341 611 1467 670; x_wconf 75' lang='grc' dir='ltr'>τοὺς</span> <span class='ocrx_word' id='word_1_19' title='bbox 1491 607 1758 674; x_wconf 74' lang='grc' dir='ltr'><strong>ἀγγέλους</strong></span> 
     </span>
    </p>
   </div>
   <div class='ocr_carea' id='block_1_4' title="bbox 185 701 1762 774">
    <p class='ocr_par' dir='ltr' id='par_1_4' title="bbox 185 701 1762 774">
     <span class='ocr_line' id='line_1_4' title="bbox 185 701 1762 774; baseline -0.013 -3"><span class='ocrx_word' id='word_1_20' title='bbox 185 715 363 771; x_wconf 74' lang='grc' dir='ltr'>αὐτοῦ.</span> <span class='ocrx_word' id='word_1_21' title='bbox 391 733 409 766; x_wconf 79' lang='grc' dir='ltr'><strong>ι</strong></span> <span class='ocrx_word' id='word_1_22' title='bbox 463 714 524 766; x_wconf 79' lang='lat' dir='ltr'><strong>Ei</strong></span> <span class='ocrx_word' id='word_1_23' title='bbox 552 712 608 764; x_wconf 86' lang='grc' dir='ltr'>δὲ</span> <span class='ocrx_word' id='word_1_24' title='bbox 637 713 730 765; x_wconf 73' lang='grc' dir='ltr'>καὶ</span> <span class='ocrx_word' id='word_1_25' title='bbox 757 708 1076 764; x_wconf 76' lang='grc' dir='ltr'><strong>ἀπιστοῦσιν</strong></span> <span class='ocrx_word' id='word_1_26' title='bbox 1101 708 1201 769; x_wconf 79' lang='grc' dir='ltr'>ἔτι,</span> <span class='ocrx_word' id='word_1_27' title='bbox 1242 704 1336 758; x_wconf 70' lang='grc' dir='ltr'>καὶ</span> <span class='ocrx_word' id='word_1_28' title='bbox 1381 702 1509 774; x_wconf 75' lang='grc' dir='ltr'>δόξῃ</span> <span class='ocrx_word' id='word_1_29' title='bbox 1535 701 1762 770; x_wconf 83' lang='grc' dir='ltr'>θεοπρε-</span> 
     </span>
    </p>
   </div>
   <div class='ocr_carea' id='block_1_5' title="bbox 186 787 1762 870">
    <p class='ocr_par' dir='ltr' id='par_1_5' title="bbox 186 787 1762 870">
     <span class='ocr_line' id='line_1_5' title="bbox 186 787 1762 870; baseline -0.011 -12"><span class='ocrx_word' id='word_1_30' title='bbox 186 809 275 858; x_wconf 84' lang='grc' dir='ltr'><strong>πεῖ</strong></span> <span class='ocrx_word' id='word_1_31' title='bbox 313 804 408 857; x_wconf 69' lang='grc' dir='ltr'><strong>καὶ</strong></span> <span class='ocrx_word' id='word_1_32' title='bbox 451 806 562 867; x_wconf 80' lang='grc' dir='ltr'>τοῖς</span> <span class='ocrx_word' id='word_1_33' title='bbox 601 801 744 854; x_wconf 70' lang='grc' dir='ltr'>οὕτω</span> <span class='ocrx_word' id='word_1_34' title='bbox 783 801 1058 870; x_wconf 81' lang='grc' dir='ltr'>λαμπροῖς</span> <span class='ocrx_word' id='word_1_35' title='bbox 1099 797 1192 849; x_wconf 76' lang='grc' dir='ltr'><strong>καὶ</strong></span> <span class='ocrx_word' id='word_1_36' title='bbox 1240 794 1566 864; x_wconf 82' lang='grc' dir='ltr'>ὑπερτάτοις</span> <span class='ocrx_word' id='word_1_37' title='bbox 1601 787 1762 855; x_wconf 80' lang='grc' dir='ltr'><strong>ἁξιὼ-</strong></span> 
     </span>
    </p>
   </div>
   <div class='ocr_carea' id='block_1_6' title="bbox 190 883 1762 968">
    <p class='ocr_par' dir='ltr' id='par_1_6' title="bbox 190 883 1762 968">
     <span class='ocr_line' id='line_1_6' title="bbox 190 883 1762 968; baseline -0.011 -18"><span class='ocrx_word' id='word_1_38' title='bbox 190 913 346 968; x_wconf 83' lang='grc' dir='ltr'>μασιν</span> <span class='ocrx_word' id='word_1_39' title='bbox 373 895 608 967; x_wconf 73' lang='grc' dir='ltr'>ὁρῶντες</span> <span class='ocrx_word' id='word_1_40' title='bbox 639 891 1101 961; x_wconf 51' lang='grc' dir='ltr'>κατεστεμμένος),</span> <span class='ocrx_word' id='word_1_41' title='bbox 1151 886 1476 942; x_wconf 75' lang='grc' dir='ltr'>ἀκούσονται</span> <span class='ocrx_word' id='word_1_42' title='bbox 1513 883 1762 951; x_wconf 78' lang='grc' dir='ltr'>λέγοντος</span> 
     </span>
    </p>
   </div>
   <div class='ocr_carea' id='block_1_7' title="bbox 187 976 1759 1056">
    <p class='ocr_par' dir='ltr' id='par_1_7' title="bbox 187 976 1759 1056">
     <span class='ocr_line' id='line_1_7' title="bbox 187 976 1759 1056; baseline -0.011 -14"><span class='ocrx_word' id='word_1_43' title='bbox 187 988 368 1042; x_wconf 74' lang='grc' dir='ltr'>αὐτοῦ’</span> <span class='ocrx_word' id='word_1_44' title='bbox 433 988 542 1040; x_wconf 77' lang='grc' dir='ltr'><strong>«Εἰ</strong></span> <span class='ocrx_word' id='word_1_45' title='bbox 592 985 716 1056; x_wconf 73' lang='grc' dir='ltr'>ἐμοὶ</span> <span class='ocrx_word' id='word_1_46' title='bbox 770 984 832 1036; x_wconf 75' lang='grc' dir='ltr'><strong>οὐ</strong></span> <span class='ocrx_word' id='word_1_47' title='bbox 890 981 1192 1040; x_wconf 77' lang='grc' dir='ltr'>πιστεύετε,</span> <span class='ocrx_word' id='word_1_48' title='bbox 1251 980 1363 1041; x_wconf 90' lang='grc' dir='ltr'>τοῖς</span> <span class='ocrx_word' id='word_1_49' title='bbox 1417 976 1597 1048; x_wconf 74' lang='grc' dir='ltr'>ἔργοις</span> <span class='ocrx_word' id='word_1_50' title='bbox 1657 989 1759 1042; x_wconf 83' lang='grc' dir='ltr'><strong>μου</strong></span> 
     </span>
    </p>
   </div>
   <div class='ocr_carea' id='block_1_8' title="bbox 189 1062 1760 1137">
    <p class='ocr_par' dir='ltr' id='par_1_8' title="bbox 189 1062 1760 1137">
     <span class='ocr_line' id='line_1_8' title="bbox 189 1062 1760 1137; baseline -0.01 -5"><span class='ocrx_word' id='word_1_51' title='bbox 189 1079 487 1134; x_wconf 85' lang='grc' dir='ltr'>πιστεύετε.</span> <span class='ocrx_word' id='word_1_52' title='bbox 516 1098 534 1129; x_wconf 78' lang='grc' dir='ltr'><strong>ι</strong></span> <span class='ocrx_word' id='word_1_53' title='bbox 580 1078 686 1131; x_wconf 78' lang='grc' dir='ltr'>Καὶ</span> <span class='ocrx_word' id='word_1_54' title='bbox 737 1075 898 1129; x_wconf 85' lang='grc' dir='ltr'>πάλιν</span> <span class='ocrx_word' id='word_1_55' title='bbox 922 1090 937 1105; x_wconf 77' lang='grc' dir='ltr'><strong>ο</strong></span> <span class='ocrx_word' id='word_1_56' title='bbox 973 1095 992 1126; x_wconf 83' lang='grc'><strong><em>‹</em></strong></span> <span class='ocrx_word' id='word_1_57' title='bbox 1020 1075 1080 1126; x_wconf 81' lang='lat' dir='ltr'><strong>Ei</strong></span> <span class='ocrx_word' id='word_1_58' title='bbox 1120 1074 1181 1125; x_wconf 79' lang='grc' dir='ltr'><strong>οὐ</strong></span> <span class='ocrx_word' id='word_1_59' title='bbox 1226 1069 1364 1124; x_wconf 81' lang='grc' dir='ltr'>ποιῶ</span> <span class='ocrx_word' id='word_1_60' title='bbox 1409 1069 1475 1121; x_wconf 71' lang='grc' dir='ltr'><strong>τά</strong></span> <span class='ocrx_word' id='word_1_61' title='bbox 1505 1067 1643 1137; x_wconf 75' lang='grc' dir='ltr'>ἔργα</span> <span class='ocrx_word' id='word_1_62' title='bbox 1665 1062 1760 1117; x_wconf 80' lang='grc' dir='ltr'>τοῦ</span> 
     </span>
    </p>
   </div>
   <div class='ocr_carea' id='block_1_9' title="bbox 190 1154 1764 1240">
    <p class='ocr_par' dir='ltr' id='par_1_9' title="bbox 190 1154 1764 1240">
     <span class='ocr_line' id='line_1_9' title="bbox 190 1154 1764 1240; baseline -0.011 -18"><span class='ocrx_word' id='word_1_63' title='bbox 190 1169 397 1240; x_wconf 87' lang='grc' dir='ltr'>Πατρός</span> <span class='ocrx_word' id='word_1_64' title='bbox 451 1184 573 1238; x_wconf 88' lang='grc' dir='ltr'>μου,</span> <span class='ocrx_word' id='word_1_65' title='bbox 627 1165 702 1236; x_wconf 83' lang='grc' dir='ltr'><strong>μὴ</strong></span> <span class='ocrx_word' id='word_1_66' title='bbox 749 1162 1033 1217; x_wconf 81' lang='grc' dir='ltr'>πιστεύετέ</span> <span class='ocrx_word' id='word_1_67' title='bbox 1088 1180 1195 1233; x_wconf 86' lang='grc' dir='ltr'>μοι.</span> <span class='ocrx_word' id='word_1_68' title='bbox 1240 1161 1303 1213; x_wconf 86' lang='grc' dir='ltr'><strong>Εἰ</strong></span> <span class='ocrx_word' id='word_1_69' title='bbox 1348 1158 1405 1210; x_wconf 82' lang='grc' dir='ltr'>δὲ</span> <span class='ocrx_word' id='word_1_70' title='bbox 1455 1155 1612 1217; x_wconf 76' lang='grc' dir='ltr'>ποιῶ,</span> <span class='ocrx_word' id='word_1_71' title='bbox 1662 1154 1764 1205; x_wconf 72' lang='grc' dir='ltr'>κᾶν</span> 
     </span>
    </p>
   </div>
   <div class='ocr_carea' id='block_1_10' title="bbox 191 1244 1766 1332">
    <p class='ocr_par' dir='ltr' id='par_1_10' title="bbox 191 1244 1766 1332">
     <span class='ocr_line' id='line_1_10' title="bbox 191 1244 1766 1332; baseline -0.011 -19"><span class='ocrx_word' id='word_1_72' title='bbox 191 1261 312 1332; x_wconf 70' lang='grc' dir='ltr'>ἐμοὶ</span> <span class='ocrx_word' id='word_1_73' title='bbox 351 1261 425 1331; x_wconf 83' lang='grc' dir='ltr'><strong>μὴ</strong></span> <span class='ocrx_word' id='word_1_74' title='bbox 462 1259 775 1329; x_wconf 77' lang='grc' dir='ltr'>πιστεύητε,</span> <span class='ocrx_word' id='word_1_75' title='bbox 804 1259 915 1319; x_wconf 88' lang='grc' dir='ltr'>τοῖς</span> <span class='ocrx_word' id='word_1_76' title='bbox 948 1253 1127 1326; x_wconf 77' lang='grc' dir='ltr'>ἔργοις</span> <span class='ocrx_word' id='word_1_77' title='bbox 1157 1272 1256 1324; x_wconf 84' lang='grc' dir='ltr'><strong>μου</strong></span> <span class='ocrx_word' id='word_1_78' title='bbox 1298 1250 1596 1304; x_wconf 79' lang='grc' dir='ltr'>πιστεύετε.</span> <span class='ocrx_word' id='word_1_79' title='bbox 1629 1266 1646 1298; x_wconf 76' lang='grc' dir='ltr'><strong>ι</strong></span> <span class='ocrx_word' id='word_1_80' title='bbox 1692 1244 1766 1297; x_wconf 85' lang='grc' dir='ltr'>Τὸ</span> 
     </span>
    </p>
   </div>
   <div class='ocr_carea' id='block_1_11' title="bbox 191 1339 1766 1424">
    <p class='ocr_par' dir='ltr' id='par_1_11' title="bbox 191 1339 1766 1424">
     <span class='ocr_line' id='line_1_11' title="bbox 191 1339 1766 1424; baseline -0.009 -20"><span class='ocrx_word' id='word_1_81' title='bbox 191 1353 297 1424; x_wconf 81' lang='grc' dir='ltr'><strong>γὰρ</strong></span> <span class='ocrx_word' id='word_1_82' title='bbox 329 1354 387 1404; x_wconf 83' lang='grc' dir='ltr'>ἐν</span> <span class='ocrx_word' id='word_1_83' title='bbox 425 1350 697 1421; x_wconf 79' lang='grc' dir='ltr'>ἀνθρώπῳ</span> <span class='ocrx_word' id='word_1_84' title='bbox 744 1349 961 1420; x_wconf 76' lang='grc' dir='ltr'><strong>βλέπειν</strong></span> <span class='ocrx_word' id='word_1_85' title='bbox 1010 1348 1108 1418; x_wconf 79' lang='grc' dir='ltr'>τῆς</span> <span class='ocrx_word' id='word_1_86' title='bbox 1144 1346 1421 1417; x_wconf 63' lang='grc' dir='ltr'>ἀφράστου</span> <span class='ocrx_word' id='word_1_87' title='bbox 1465 1342 1622 1410; x_wconf 79' lang='grc' dir='ltr'>δόξης</span> <span class='ocrx_word' id='word_1_88' title='bbox 1667 1339 1766 1408; x_wconf 83' lang='grc' dir='ltr'>τὴν</span> 
     </span>
    </p>
   </div>
   <div class='ocr_carea' id='block_1_12' title="bbox 193 1434 1764 1516">
    <p class='ocr_par' dir='ltr' id='par_1_12' title="bbox 193 1434 1764 1516">
     <span class='ocr_line' id='line_1_12' title="bbox 193 1434 1764 1516; baseline -0.009 -18"><span class='ocrx_word' id='word_1_89' title='bbox 193 1443 486 1516; x_wconf 79' lang='grc' dir='ltr'>ὑπεροχὴν,</span> <span class='ocrx_word' id='word_1_90' title='bbox 529 1443 626 1513; x_wconf 82' lang='grc' dir='ltr'><strong>οὐχ</strong></span> <span class='ocrx_word' id='word_1_91' title='bbox 657 1443 731 1506; x_wconf 85' lang='grc' dir='ltr'>ὡς</span> <span class='ocrx_word' id='word_1_92' title='bbox 760 1442 1046 1512; x_wconf 77' lang='grc' dir='ltr'>ἁλλοτρέαν</span> <span class='ocrx_word' id='word_1_93' title='bbox 1089 1439 1286 1510; x_wconf 77' lang='grc' dir='ltr'>μᾶλλον</span> <span class='ocrx_word' id='word_1_94' title='bbox 1315 1439 1482 1508; x_wconf 73' lang='grc' dir='ltr'>ἤγουν</span> <span class='ocrx_word' id='word_1_95' title='bbox 1517 1437 1572 1487; x_wconf 82' lang='grc' dir='ltr'><strong>ἐν</strong></span> <span class='ocrx_word' id='word_1_96' title='bbox 1604 1434 1764 1503; x_wconf 69' lang='grc' dir='ltr'>χάρις</span> 
     </span>
    </p>
   </div>
   <div class='ocr_carea' id='block_1_13' title="bbox 192 1526 1767 1606">
    <p class='ocr_par' dir='ltr' id='par_1_13' title="bbox 192 1526 1767 1606">
     <span class='ocr_line' id='line_1_13' title="bbox 192 1526 1767 1606; baseline -0.008 -17"><span class='ocrx_word' id='word_1_97' title='bbox 192 1553 284 1600; x_wconf 89' lang='grc' dir='ltr'><strong>τος</strong></span> <span class='ocrx_word' id='word_1_98' title='bbox 314 1535 469 1606; x_wconf 78' lang='grc' dir='ltr'>μέρει</span> <span class='ocrx_word' id='word_1_99' title='bbox 511 1534 1086 1606; x_wconf 78' lang='grc' dir='ltr'>προσπεπορισμὲνην,</span> <span class='ocrx_word' id='word_1_100' title='bbox 1127 1530 1241 1584; x_wconf 84' lang='grc' dir='ltr'>ἀλλ’</span> <span class='ocrx_word' id='word_1_101' title='bbox 1271 1530 1405 1582; x_wconf 81' lang='grc' dir='ltr'>ἰδέαν</span> <span class='ocrx_word' id='word_1_102' title='bbox 1434 1529 1615 1592; x_wconf 76' lang='grc' dir='ltr'>αὑτοῦ,</span> <span class='ocrx_word' id='word_1_103' title='bbox 1650 1526 1767 1590; x_wconf 85' lang='grc' dir='ltr'><strong>πῶς</strong></span> 
     </span>
    </p>
   </div>
   <div class='ocr_carea' id='block_1_14' title="bbox 195 1619 1764 1692">
    <p class='ocr_par' dir='ltr' id='par_1_14' title="bbox 195 1619 1764 1692">
     <span class='ocr_line' id='line_1_14' title="bbox 195 1619 1764 1692; baseline -0.005 -12"><span class='ocrx_word' id='word_1_104' title='bbox 195 1627 294 1680; x_wconf 74' lang='grc' dir='ltr'>οὐκ</span> <span class='ocrx_word' id='word_1_105' title='bbox 323 1626 624 1686; x_wconf 81' lang='grc' dir='ltr'>ἀναπείσει,</span> <span class='ocrx_word' id='word_1_106' title='bbox 661 1626 742 1677; x_wconf 84' lang='grc' dir='ltr'>ὅτι</span> <span class='ocrx_word' id='word_1_107' title='bbox 779 1625 908 1686; x_wconf 75' lang='grc' dir='ltr'>Θεὸς</span> <span class='ocrx_word' id='word_1_108' title='bbox 940 1619 1008 1692; x_wconf 79' lang='grc' dir='ltr'>ἦν</span> <span class='ocrx_word' id='word_1_109' title='bbox 1047 1625 1102 1675; x_wconf 80' lang='grc' dir='ltr'><strong>ἐν</strong></span> <span class='ocrx_word' id='word_1_110' title='bbox 1140 1621 1268 1674; x_wconf 78' lang='grc' dir='ltr'>εἴδει</span> <span class='ocrx_word' id='word_1_111' title='bbox 1312 1620 1390 1691; x_wconf 84' lang='grc' dir='ltr'>τῷ</span> <span class='ocrx_word' id='word_1_112' title='bbox 1429 1619 1549 1673; x_wconf 84' lang='grc' dir='ltr'>καθ’</span> <span class='ocrx_word' id='word_1_113' title='bbox 1597 1620 1764 1688; x_wconf 80' lang='grc' dir='ltr'>ἡμᾶς,</span> 
     </span>
    </p>
   </div>
   <div class='ocr_carea' id='block_1_15' title="bbox 199 1711 1382 1786">
    <p class='ocr_par' dir='ltr' id='par_1_15' title="bbox 199 1711 1382 1786">
     <span class='ocr_line' id='line_1_15' title="bbox 199 1711 1382 1786; baseline -0.006 -15"><span class='ocrx_word' id='word_1_114' title='bbox 199 1719 292 1772; x_wconf 73' lang='grc' dir='ltr'>καὶ</span> <span class='ocrx_word' id='word_1_115' title='bbox 316 1719 441 1781; x_wconf 70' lang='grc' dir='ltr'>Υἱὸς</span> <span class='ocrx_word' id='word_1_116' title='bbox 480 1716 693 1786; x_wconf 81' lang='grc' dir='ltr'>άληθῶς</span> <span class='ocrx_word' id='word_1_117' title='bbox 724 1715 818 1767; x_wconf 79' lang='grc' dir='ltr'>τοῦ</span> <span class='ocrx_word' id='word_1_118' title='bbox 854 1717 946 1766; x_wconf 75' lang='grc' dir='ltr'><strong>ἐπὶ</strong></span> <span class='ocrx_word' id='word_1_119' title='bbox 975 1715 1182 1776; x_wconf 82' lang='grc' dir='ltr'>πάντας</span> <span class='ocrx_word' id='word_1_120' title='bbox 1207 1711 1342 1765; x_wconf 82' lang='grc' dir='ltr'>Θεοῦ</span> <span class='ocrx_word' id='word_1_121' title='bbox 1366 1729 1382 1777; x_wconf 87' lang='lat'><strong>;</strong></span> 
     </span>
    </p>
   </div>
   <div class='ocr_carea' id='block_1_16' title="bbox 267 1799 1768 1875">
    <p class='ocr_par' dir='ltr' id='par_1_16' title="bbox 267 1799 1768 1875">
     <span class='ocr_line' id='line_1_16' title="bbox 267 1799 1768 1875; baseline -0.008 -12"><span class='ocrx_word' id='word_1_122' title='bbox 267 1809 329 1864; x_wconf 84' lang='grc' dir='ltr'>Β.</span> <span class='ocrx_word' id='word_1_123' title='bbox 381 1806 609 1861; x_wconf 85' lang='grc' dir='ltr'>Ἑαυτοῦ</span> <span class='ocrx_word' id='word_1_124' title='bbox 630 1845 644 1870; x_wconf 90' lang='grc'><strong>,</strong></span> <span class='ocrx_word' id='word_1_125' title='bbox 673 1807 799 1875; x_wconf 68' lang='grc' dir='ltr'><strong>φησὶ</strong></span> <span class='ocrx_word' id='word_1_126' title='bbox 819 1846 836 1871; x_wconf 92' lang='grc'><strong>,</strong></span> <span class='ocrx_word' id='word_1_127' title='bbox 878 1806 1004 1867; x_wconf 75' lang='grc' dir='ltr'>τοὺς</span> <span class='ocrx_word' id='word_1_128' title='bbox 1042 1802 1306 1872; x_wconf 80' lang='grc' dir='ltr'>ἀγγέλους</span> <span class='ocrx_word' id='word_1_129' title='bbox 1337 1801 1476 1854; x_wconf 81' lang='grc' dir='ltr'>εἶναι</span> <span class='ocrx_word' id='word_1_130' title='bbox 1506 1799 1768 1870; x_wconf 79' lang='grc' dir='ltr'>διῖσχυρί-</span> 
     </span>
    </p>
   </div>
   <div class='ocr_carea' id='block_1_17' title="bbox 1297 387 2257 468">
    <p class='ocr_par' dir='ltr' id='par_1_17' title="bbox 1297 387 2257 468">
     <span class='ocr_line' id='line_1_17' title="bbox 1297 387 2257 468; baseline -0.017 -11"><span class='ocrx_word' id='word_1_131' title='bbox 1297 399 1485 468; x_wconf 80' lang='lat' dir='ltr'><strong>QUOD</strong></span> <span class='ocrx_word' id='word_1_132' title='bbox 1523 395 1714 454; x_wconf 73' lang='lat' dir='ltr'><strong>UNUS</strong></span> <span class='ocrx_word' id='word_1_133' title='bbox 1749 389 1853 449; x_wconf 83' lang='lat' dir='ltr'><strong>SIT</strong></span> <span class='ocrx_word' id='word_1_134' title='bbox 1894 387 2257 446; x_wconf 78' lang='lat' dir='ltr'><strong>CHRISTUS.</strong></span> 
     </span>
    </p>
   </div>
   <div class='ocr_carea' id='block_1_18' title="bbox 3294 369 3428 424">
    <p class='ocr_par' dir='ltr' id='par_1_18' title="bbox 3294 369 3428 424">
     <span class='ocr_line' id='line_1_18' title="bbox 3294 369 3428 424; baseline 0.007 -1"><span class='ocrx_word' id='word_1_135' title='bbox 3294 369 3428 424; x_wconf 66' lang='grc'><strong>1⁸514</strong></span> 
     </span>
    </p>
   </div>
   <div class='ocr_carea' id='block_1_19' title="bbox 1865 483 3428 575">
    <p class='ocr_par' dir='ltr' id='par_1_19' title="bbox 1865 483 3428 575">
     <span class='ocr_line' id='line_1_19' title="bbox 1865 483 3428 575; baseline -0.017 -12"><span class='ocrx_word' id='word_1_136' title='bbox 1865 525 1987 563; x_wconf 84' lang='lat' dir='ltr'><strong>cum</strong></span> <span class='ocrx_word' id='word_1_137' title='bbox 2041 505 2249 575; x_wconf 80' lang='lat' dir='ltr'><strong>angelis</strong></span> <span class='ocrx_word' id='word_1_138' title='bbox 2289 503 2403 558; x_wconf 85' lang='lat' dir='ltr'><strong>suis</strong></span> <span class='ocrx_word' id='word_1_139' title='bbox 2427 499 2512 553; x_wconf 71' lang='lat'><strong>“1’</strong></span> <span class='ocrx_word' id='word_1_140' title='bbox 2556 498 2620 551; x_wconf 81' lang='lat' dir='ltr'><strong>Et</strong></span> <span class='ocrx_word' id='word_1_141' title='bbox 2671 506 2906 548; x_wconf 88' lang='lat' dir='ltr'><strong>rursus:</strong></span> <span class='ocrx_word' id='word_1_142' title='bbox 2959 508 2976 538; x_wconf 82' lang='grc' dir='ltr'><strong>ι</strong></span> <span class='ocrx_word' id='word_1_143' title='bbox 3014 485 3081 540; x_wconf 86' lang='lat' dir='ltr'><strong>Et</strong></span> <span class='ocrx_word' id='word_1_144' title='bbox 3133 486 3309 538; x_wconf 90' lang='lat' dir='ltr'><strong>mittet</strong></span> <span class='ocrx_word' id='word_1_145' title='bbox 3339 483 3428 538; x_wconf 56' lang='lat' dir='ltr'><strong>Fi&#39;</strong></span> 
     </span>
    </p>
   </div>
   <div class='ocr_carea' id='block_1_20' title="bbox 1861 577 3430 664">
    <p class='ocr_par' dir='ltr' id='par_1_20' title="bbox 1861 577 3430 664">
     <span class='ocr_line' id='line_1_20' title="bbox 1861 577 3430 664; baseline -0.015 -10"><span class='ocrx_word' id='word_1_146' title='bbox 1861 602 1963 655; x_wconf 90' lang='lat' dir='ltr'><strong>lius</strong></span> <span class='ocrx_word' id='word_1_147' title='bbox 1991 599 2224 653; x_wconf 81' lang='lat' dir='ltr'><strong>hominis</strong></span> <span class='ocrx_word' id='word_1_148' title='bbox 2251 593 2470 664; x_wconf 71' lang='lat' dir='ltr'><strong>angelos</strong></span> <span class='ocrx_word' id='word_1_149' title='bbox 2503 605 2629 646; x_wconf 88' lang='lat' dir='ltr'><strong>suos</strong></span> <span class='ocrx_word' id='word_1_150' title='bbox 2648 587 2716 639; x_wconf 73' lang='grc'>⁸⁵.</span> <span class='ocrx_word' id='word_1_151' title='bbox 2749 605 2769 638; x_wconf 73' lang='grc' dir='ltr'><strong>ι</strong></span> <span class='ocrx_word' id='word_1_152' title='bbox 2806 582 2862 637; x_wconf 93' lang='lat' dir='ltr'><strong>Si</strong></span> <span class='ocrx_word' id='word_1_153' title='bbox 2892 595 3022 634; x_wconf 90' lang='lat' dir='ltr'><strong>vero</strong></span> <span class='ocrx_word' id='word_1_154' title='bbox 3053 579 3228 632; x_wconf 85' lang='lat' dir='ltr'><strong>adhuc</strong></span> <span class='ocrx_word' id='word_1_155' title='bbox 3271 577 3430 631; x_wconf 82' lang='lat' dir='ltr'><strong>tidem</strong></span> 
     </span>
    </p>
   </div>
   <div class='ocr_carea' id='block_1_21' title="bbox 1867 671 3431 764">
    <p class='ocr_par' dir='ltr' id='par_1_21' title="bbox 1867 671 3431 764">
     <span class='ocr_line' id='line_1_21' title="bbox 1867 671 3431 764; baseline -0.015 -15"><span class='ocrx_word' id='word_1_156' title='bbox 1867 698 2125 764; x_wconf 75' lang='lat' dir='ltr'><strong>derogant</strong></span> <span class='ocrx_word' id='word_1_157' title='bbox 2175 701 2228 744; x_wconf 86' lang='lat' dir='ltr'><strong>et</strong></span> <span class='ocrx_word' id='word_1_158' title='bbox 2260 687 2519 742; x_wconf 81' lang='lat' dir='ltr'><strong>increduli</strong></span> <span class='ocrx_word' id='word_1_159' title='bbox 2555 693 2702 742; x_wconf 83' lang='lat' dir='ltr'><strong>sunt.</strong></span> <span class='ocrx_word' id='word_1_160' title='bbox 2733 694 2857 735; x_wconf 84' lang='lat' dir='ltr'><strong>cum</strong></span> <span class='ocrx_word' id='word_1_161' title='bbox 2888 693 3010 732; x_wconf 88' lang='lat' dir='ltr'><strong>eum</strong></span> <span class='ocrx_word' id='word_1_162' title='bbox 3047 675 3224 727; x_wconf 83' lang='lat' dir='ltr'><strong>divina</strong></span> <span class='ocrx_word' id='word_1_163' title='bbox 3261 671 3431 741; x_wconf 72' lang='lat' dir='ltr'><strong>gloria</strong></span> 
     </span>
    </p>
   </div>
   <div class='ocr_carea' id='block_1_22' title="bbox 1861 769 3434 854">
    <p class='ocr_par' dir='ltr' id='par_1_22' title="bbox 1861 769 3434 854">
     <span class='ocr_line' id='line_1_22' title="bbox 1861 769 3434 854; baseline -0.017 -14"><span class='ocrx_word' id='word_1_164' title='bbox 1861 791 2101 854; x_wconf 64' lang='lat' dir='ltr'><strong>adeoque</strong></span> <span class='ocrx_word' id='word_1_165' title='bbox 2134 782 2409 850; x_wconf 75' lang='lat' dir='ltr'><strong>Splendida</strong></span> <span class='ocrx_word' id='word_1_166' title='bbox 2461 789 2622 846; x_wconf 89' lang='lat' dir='ltr'><strong>atque</strong></span> <span class='ocrx_word' id='word_1_167' title='bbox 2653 773 2849 827; x_wconf 82' lang='lat' dir='ltr'><strong>exituia</strong></span> <span class='ocrx_word' id='word_1_168' title='bbox 2894 769 3154 836; x_wconf 55' lang='lat' dir='ltr'><strong>dignitate</strong></span> <span class='ocrx_word' id='word_1_169' title='bbox 3184 775 3434 816; x_wconf 86' lang='lat' dir='ltr'><strong>ornatum</strong></span> 
     </span>
    </p>
   </div>
   <div class='ocr_carea' id='block_1_23' title="bbox 1861 854 3434 938">
    <p class='ocr_par' dir='ltr' id='par_1_23' title="bbox 1861 854 3434 938">
     <span class='ocr_line' id='line_1_23' title="bbox 1861 854 3434 938; baseline -0.015 -9"><span class='ocrx_word' id='word_1_170' title='bbox 1861 881 2096 937; x_wconf 80' lang='lat' dir='ltr'><strong>videant,</strong></span> <span class='ocrx_word' id='word_1_171' title='bbox 2164 877 2382 928; x_wconf 83' lang='lat' dir='ltr'><strong>audient</strong></span> <span class='ocrx_word' id='word_1_172' title='bbox 2431 871 2722 938; x_wconf 82' lang='lat' dir='ltr'><strong>ipsummet</strong></span> <span class='ocrx_word' id='word_1_173' title='bbox 2783 865 3049 917; x_wconf 76' lang='lat' dir='ltr'><strong>diee&#39;utem</strong></span> <span class='ocrx_word' id='word_1_174' title='bbox 3084 875 3098 910; x_wconf 91' lang='lat'><strong>:</strong></span> <span class='ocrx_word' id='word_1_175' title='bbox 3135 876 3152 907; x_wconf 81' lang='grc' dir='ltr'><strong>ι</strong></span> <span class='ocrx_word' id='word_1_176' title='bbox 3193 854 3248 908; x_wconf 87' lang='lat' dir='ltr'><strong>Si</strong></span> <span class='ocrx_word' id='word_1_177' title='bbox 3307 855 3434 907; x_wconf 86' lang='lat' dir='ltr'><strong>Inibi</strong></span> 
     </span>
    </p>
   </div>
   <div class='ocr_carea' id='block_1_24' title="bbox 1863 945 3474 1042">
    <p class='ocr_par' dir='ltr' id='par_1_24' title="bbox 1863 945 3474 1042">
     <span class='ocr_line' id='line_1_24' title="bbox 1863 945 3474 1042; baseline -0.016 -19"><span class='ocrx_word' id='word_1_178' title='bbox 1863 965 2154 1042; x_wconf 66' lang='lat' dir='ltr'><strong>749mm</strong></span> <span class='ocrx_word' id='word_1_179' title='bbox 2202 966 2442 1026; x_wconf 72' lang='lat' dir='ltr'><strong>evezlitis,</strong></span> <span class='ocrx_word' id='word_1_180' title='bbox 2496 961 2752 1030; x_wconf 76' lang='lat' dir='ltr'><strong>operibus</strong></span> <span class='ocrx_word' id='word_1_181' title='bbox 2801 956 2936 1008; x_wconf 79' lang='lat' dir='ltr'><strong>meis</strong></span> <span class='ocrx_word' id='word_1_182' title='bbox 2987 953 3193 1005; x_wconf 74' lang='lat' dir='ltr'><strong>credite</strong></span> <span class='ocrx_word' id='word_1_183' title='bbox 3215 949 3281 1004; x_wconf 68' lang='grc'><strong>⁸⁸.</strong></span> <span class='ocrx_word' id='word_1_184' title='bbox 3321 968 3338 998; x_wconf 75' lang='grc' dir='ltr'><strong>ι</strong></span> <span class='ocrx_word' id='word_1_185' title='bbox 3377 945 3474 1005; x_wconf 65' lang='lat' dir='ltr'><strong>Et:</strong></span> 
     </span>
    </p>
   </div>
   <div class='ocr_carea' id='block_1_25' title="bbox 1863 1039 3438 1117">
    <p class='ocr_par' dir='ltr' id='par_1_25' title="bbox 1863 1039 3438 1117">
     <span class='ocr_line' id='line_1_25' title="bbox 1863 1039 3438 1117; baseline -0.018 -5"><span class='ocrx_word' id='word_1_186' title='bbox 1863 1039 2052 1113; x_wconf 68' lang='lat' dir='ltr'><strong>rursus</strong></span> <span class='ocrx_word' id='word_1_187' title='bbox 2081 1073 2094 1110; x_wconf 90' lang='lat'><strong>:</strong></span> <span class='ocrx_word' id='word_1_188' title='bbox 2130 1075 2148 1106; x_wconf 86' lang='grc' dir='ltr'><strong>ι</strong></span> <span class='ocrx_word' id='word_1_189' title='bbox 2185 1054 2240 1109; x_wconf 90' lang='lat' dir='ltr'><strong>Si</strong></span> <span class='ocrx_word' id='word_1_190' title='bbox 2282 1069 2385 1107; x_wconf 90' lang='lat' dir='ltr'><strong>non</strong></span> <span class='ocrx_word' id='word_1_191' title='bbox 2418 1051 2559 1104; x_wconf 76' lang='grc' dir='ltr'>Γιιιτὶυ</span> <span class='ocrx_word' id='word_1_192' title='bbox 2596 1062 2758 1117; x_wconf 84' lang='lat' dir='ltr'><strong>opera</strong></span> <span class='ocrx_word' id='word_1_193' title='bbox 2791 1043 2966 1098; x_wconf 86' lang='lat' dir='ltr'><strong>Patris</strong></span> <span class='ocrx_word' id='word_1_194' title='bbox 2993 1040 3116 1094; x_wconf 87' lang='lat' dir='ltr'><strong>mei.</strong></span> <span class='ocrx_word' id='word_1_195' title='bbox 3150 1054 3214 1091; x_wconf 90' lang='lat' dir='ltr'><strong>ue</strong></span> <span class='ocrx_word' id='word_1_196' title='bbox 3246 1039 3438 1090; x_wconf 74' lang='lat' dir='ltr'><strong>creda-</strong></span> 
     </span>
    </p>
   </div>
   <div class='ocr_carea' id='block_1_26' title="bbox 1865 1132 3440 1206">
    <p class='ocr_par' dir='ltr' id='par_1_26' title="bbox 1865 1132 3440 1206">
     <span class='ocr_line' id='line_1_26' title="bbox 1865 1132 3440 1206; baseline -0.017 -3"><span class='ocrx_word' id='word_1_197' title='bbox 1865 1151 1933 1203; x_wconf 85' lang='lat' dir='ltr'><strong>tis</strong></span> <span class='ocrx_word' id='word_1_198' title='bbox 1970 1148 2121 1201; x_wconf 84' lang='lat' dir='ltr'><strong>Inibi.</strong></span> <span class='ocrx_word' id='word_1_199' title='bbox 2158 1146 2263 1200; x_wconf 76' lang='lat' dir='ltr'><strong>Sed</strong></span> <span class='ocrx_word' id='word_1_200' title='bbox 2301 1145 2344 1198; x_wconf 84' lang='lat' dir='ltr'><strong>si</strong></span> <span class='ocrx_word' id='word_1_201' title='bbox 2385 1142 2546 1206; x_wconf 78' lang='lat' dir='ltr'><strong>facio,</strong></span> <span class='ocrx_word' id='word_1_202' title='bbox 2580 1152 2629 1194; x_wconf 88' lang='lat' dir='ltr'><strong>ct</strong></span> <span class='ocrx_word' id='word_1_203' title='bbox 2657 1141 2700 1194; x_wconf 89' lang='lat' dir='ltr'><strong>si</strong></span> <span class='ocrx_word' id='word_1_204' title='bbox 2740 1139 2867 1192; x_wconf 90' lang='lat' dir='ltr'><strong>tnihi</strong></span> <span class='ocrx_word' id='word_1_205' title='bbox 2900 1151 3004 1189; x_wconf 92' lang='grc' dir='ltr'>ιιοιι</span> <span class='ocrx_word' id='word_1_206' title='bbox 3033 1132 3280 1189; x_wconf 78' lang='lat' dir='ltr'><strong>creditis,</strong></span> <span class='ocrx_word' id='word_1_207' title='bbox 3311 1141 3440 1196; x_wconf 70' lang='lat' dir='ltr'><strong>rqie-</strong></span> 
     </span>
    </p>
   </div>
   <div class='ocr_carea' id='block_1_27' title="bbox 1864 1219 3440 1294">
    <p class='ocr_par' dir='ltr' id='par_1_27' title="bbox 1864 1219 3440 1294">
     <span class='ocr_line' id='line_1_27' title="bbox 1864 1219 3440 1294; baseline -0.016 0"><span class='ocrx_word' id='word_1_208' title='bbox 1864 1241 2012 1294; x_wconf 83' lang='lat' dir='ltr'><strong>ribns</strong></span> <span class='ocrx_word' id='word_1_209' title='bbox 2045 1239 2175 1290; x_wconf 82' lang='lat' dir='ltr'><strong>meis</strong></span> <span class='ocrx_word' id='word_1_210' title='bbox 2211 1234 2414 1289; x_wconf 73' lang='lat' dir='ltr'><strong>credite</strong></span> <span class='ocrx_word' id='word_1_211' title='bbox 2439 1233 2504 1284; x_wconf 75' lang='grc'><strong>⁸⁸.</strong></span> <span class='ocrx_word' id='word_1_212' title='bbox 2535 1251 2554 1282; x_wconf 73' lang='grc' dir='ltr'><strong>ι</strong></span> <span class='ocrx_word' id='word_1_213' title='bbox 2588 1231 2719 1283; x_wconf 82' lang='lat' dir='ltr'><strong>Cum</strong></span> <span class='ocrx_word' id='word_1_214' title='bbox 2761 1229 2904 1281; x_wconf 72' lang='lat' dir='ltr'><strong>enim</strong></span> <span class='ocrx_word' id='word_1_215' title='bbox 2934 1222 3222 1278; x_wconf 74' lang='lat' dir='ltr'><strong>ittelfaliilis</strong></span> <span class='ocrx_word' id='word_1_216' title='bbox 3254 1219 3440 1288; x_wconf 59' lang='lat' dir='ltr'><strong>gloriae</strong></span> 
     </span>
    </p>
   </div>
   <div class='ocr_carea' id='block_1_28' title="bbox 1865 1309 3443 1389">
    <p class='ocr_par' dir='ltr' id='par_1_28' title="bbox 1865 1309 3443 1389">
     <span class='ocr_line' id='line_1_28' title="bbox 1865 1309 3443 1389; baseline -0.016 -1"><span class='ocrx_word' id='word_1_217' title='bbox 1865 1331 2180 1389; x_wconf 76' lang='lat' dir='ltr'><strong>excellentia</strong></span> <span class='ocrx_word' id='word_1_218' title='bbox 2216 1332 2266 1381; x_wconf 87' lang='lat' dir='ltr'><strong>in</strong></span> <span class='ocrx_word' id='word_1_219' title='bbox 2317 1327 2537 1382; x_wconf 84' lang='lat' dir='ltr'><strong>homine</strong></span> <span class='ocrx_word' id='word_1_220' title='bbox 2585 1331 2863 1382; x_wconf 81' lang='lat' dir='ltr'><strong>cernatur,</strong></span> <span class='ocrx_word' id='word_1_221' title='bbox 2908 1334 3011 1372; x_wconf 90' lang='lat' dir='ltr'><strong>non</strong></span> <span class='ocrx_word' id='word_1_222' title='bbox 3059 1326 3114 1367; x_wconf 94' lang='lat' dir='ltr'><strong>ut</strong></span> <span class='ocrx_word' id='word_1_223' title='bbox 3160 1315 3329 1367; x_wconf 83' lang='lat' dir='ltr'><strong>aliena</strong></span> <span class='ocrx_word' id='word_1_224' title='bbox 3374 1309 3443 1362; x_wconf 86' lang='lat' dir='ltr'><strong>ab</strong></span> 
     </span>
    </p>
   </div>
   <div class='ocr_carea' id='block_1_29' title="bbox 1868 1403 3441 1493">
    <p class='ocr_par' dir='ltr' id='par_1_29' title="bbox 1868 1403 3441 1493">
     <span class='ocr_line' id='line_1_29' title="bbox 1868 1403 3441 1493; baseline -0.015 -16"><span class='ocrx_word' id='word_1_225' title='bbox 1868 1426 1984 1493; x_wconf 89' lang='lat' dir='ltr'><strong>ipso</strong></span> <span class='ocrx_word' id='word_1_226' title='bbox 2034 1431 2123 1475; x_wconf 88' lang='lat' dir='ltr'><strong>aut</strong></span> <span class='ocrx_word' id='word_1_227' title='bbox 2162 1436 2258 1488; x_wconf 87' lang='lat' dir='ltr'><strong>per</strong></span> <span class='ocrx_word' id='word_1_228' title='bbox 2294 1417 2524 1488; x_wconf 81' lang='lat' dir='ltr'><strong>gratiam</strong></span> <span class='ocrx_word' id='word_1_229' title='bbox 2572 1415 2790 1474; x_wconf 78' lang='lat' dir='ltr'><strong>collata,</strong></span> <span class='ocrx_word' id='word_1_230' title='bbox 2846 1411 2938 1463; x_wconf 83' lang='lat' dir='ltr'><strong>sed</strong></span> <span class='ocrx_word' id='word_1_231' title='bbox 2979 1406 3193 1476; x_wconf 80' lang='lat' dir='ltr'><strong>propria</strong></span> <span class='ocrx_word' id='word_1_232' title='bbox 3246 1403 3441 1470; x_wconf 86' lang='lat' dir='ltr'><strong>ipsius,</strong></span> 
     </span>
    </p>
   </div>
   <div class='ocr_carea' id='block_1_30' title="bbox 1866 1489 3443 1584">
    <p class='ocr_par' dir='ltr' id='par_1_30' title="bbox 1866 1489 3443 1584">
     <span class='ocr_line' id='line_1_30' title="bbox 1866 1489 3443 1584; baseline -0.014 -18"><span class='ocrx_word' id='word_1_233' title='bbox 1866 1513 2136 1584; x_wconf 87' lang='lat' dir='ltr'><strong>quomodo</strong></span> <span class='ocrx_word' id='word_1_234' title='bbox 2177 1526 2280 1563; x_wconf 93' lang='lat' dir='ltr'><strong>non</strong></span> <span class='ocrx_word' id='word_1_235' title='bbox 2324 1507 2646 1575; x_wconf 86' lang='lat' dir='ltr'><strong>persuadeat</strong></span> <span class='ocrx_word' id='word_1_236' title='bbox 2697 1502 2851 1555; x_wconf 90' lang='lat' dir='ltr'><strong>nobis</strong></span> <span class='ocrx_word' id='word_1_237' title='bbox 2881 1499 3022 1568; x_wconf 86' lang='lat' dir='ltr'><strong>quod</strong></span> <span class='ocrx_word' id='word_1_238' title='bbox 3069 1496 3207 1548; x_wconf 87' lang='lat' dir='ltr'><strong>Dens</strong></span> <span class='ocrx_word' id='word_1_239' title='bbox 3241 1503 3360 1545; x_wconf 75' lang='lat' dir='ltr'><strong>erat</strong></span> <span class='ocrx_word' id='word_1_240' title='bbox 3387 1489 3443 1544; x_wconf 90' lang='lat' dir='ltr'><strong>iu</strong></span> 
     </span>
    </p>
   </div>
   <div class='ocr_carea' id='block_1_31' title="bbox 1869 1583 3342 1660">
    <p class='ocr_par' dir='ltr' id='par_1_31' title="bbox 1869 1583 3342 1660">
     <span class='ocr_line' id='line_1_31' title="bbox 1869 1583 3342 1660; baseline -0.016 0"><span class='ocrx_word' id='word_1_241' title='bbox 1869 1608 2041 1660; x_wconf 83' lang='lat' dir='ltr'><strong>fortua</strong></span> <span class='ocrx_word' id='word_1_242' title='bbox 2077 1613 2280 1659; x_wconf 68' lang='lat' dir='ltr'><strong>nostrae</strong></span> <span class='ocrx_word' id='word_1_243' title='bbox 2314 1599 2477 1656; x_wconf 91' lang='lat' dir='ltr'><strong>simili</strong></span> <span class='ocrx_word' id='word_1_244' title='bbox 2510 1609 2562 1652; x_wconf 89' lang='lat' dir='ltr'><strong>et</strong></span> <span class='ocrx_word' id='word_1_245' title='bbox 2591 1594 2762 1650; x_wconf 81' lang='lat' dir='ltr'><strong>Filius</strong></span> <span class='ocrx_word' id='word_1_246' title='bbox 2793 1607 2917 1648; x_wconf 85' lang='lat' dir='ltr'><strong>vere</strong></span> <span class='ocrx_word' id='word_1_247' title='bbox 2946 1589 3180 1660; x_wconf 89' lang='lat' dir='ltr'><strong>supremi</strong></span> <span class='ocrx_word' id='word_1_248' title='bbox 3212 1583 3342 1640; x_wconf 78' lang='lat' dir='ltr'><strong>Dei?</strong></span> 
     </span>
    </p>
   </div>
   <div class='ocr_carea' id='block_1_32' title="bbox 1941 1761 3446 1850">
    <p class='ocr_par' dir='ltr' id='par_1_32' title="bbox 1941 1761 3446 1850">
     <span class='ocr_line' id='line_1_32' title="bbox 1941 1761 3446 1850; baseline -0.015 -10"><span class='ocrx_word' id='word_1_249' title='bbox 1941 1786 2002 1840; x_wconf 83' lang='grc' dir='ltr'>Β.</span> <span class='ocrx_word' id='word_1_250' title='bbox 2037 1783 2197 1847; x_wconf 86' lang='lat' dir='ltr'><strong>Suos,</strong></span> <span class='ocrx_word' id='word_1_251' title='bbox 2226 1781 2492 1850; x_wconf 90' lang='lat' dir='ltr'><strong>inquiunt,</strong></span> <span class='ocrx_word' id='word_1_252' title='bbox 2527 1775 2744 1846; x_wconf 81' lang='lat' dir='ltr'><strong>angelos</strong></span> <span class='ocrx_word' id='word_1_253' title='bbox 2773 1787 2895 1828; x_wconf 88' lang='lat' dir='ltr'><strong>esse</strong></span> <span class='ocrx_word' id='word_1_254' title='bbox 2925 1769 3080 1836; x_wconf 86' lang='lat' dir='ltr'><strong>dixit,</strong></span> <span class='ocrx_word' id='word_1_255' title='bbox 3111 1773 3165 1822; x_wconf 84' lang='lat' dir='ltr'><strong>et</strong></span> <span class='ocrx_word' id='word_1_256' title='bbox 3190 1761 3446 1819; x_wconf 80' lang='lat' dir='ltr'><strong>miracula</strong></span> 
     </span>
    </p>
   </div>
   <div class='ocr_carea' id='block_1_33' title="bbox 203 1860 1776 1966">
    <p class='ocr_par' dir='ltr' id='par_1_33' title="bbox 203 1892 1764 1966">
     <span class='ocr_line' id='line_1_33' title="bbox 203 1892 1764 1966; baseline -0.008 -12"><span class='ocrx_word' id='word_1_257' title='bbox 203 1917 352 1966; x_wconf 77' lang='grc' dir='ltr'>σατο,</span> <span class='ocrx_word' id='word_1_258' title='bbox 379 1900 472 1952; x_wconf 75' lang='grc' dir='ltr'><strong>καὶ</strong></span> <span class='ocrx_word' id='word_1_259' title='bbox 498 1897 663 1950; x_wconf 84' lang='grc' dir='ltr'>τῶνδε</span> <span class='ocrx_word' id='word_1_260' title='bbox 705 1895 813 1948; x_wconf 75' lang='grc' dir='ltr'>τῶν</span> <span class='ocrx_word' id='word_1_261' title='bbox 843 1895 1084 1965; x_wconf 78' lang='grc' dir='ltr'>σημείων</span> <span class='ocrx_word' id='word_1_262' title='bbox 1128 1895 1349 1963; x_wconf 82' lang='grc' dir='ltr'>γέγονεν</span> <span class='ocrx_word' id='word_1_263' title='bbox 1377 1892 1764 1962; x_wconf 77' lang='grc' dir='ltr'>άποτελεστὴς,</span> 
     </span>
    </p>
   </div>
   <div class='ocr_carea' id='block_1_34' title="bbox 1887 1860 3446 1966">
    <p class='ocr_par' dir='ltr' id='par_1_34' title="bbox 1887 1860 3446 1941">
     <span class='ocr_line' id='line_1_34' title="bbox 1887 1860 3446 1941; baseline -0.015 -8"><span class='ocrx_word' id='word_1_264' title='bbox 1887 1877 2061 1941; x_wconf 72' lang='lat' dir='ltr'><strong>:tlidit,</strong></span> <span class='ocrx_word' id='word_1_265' title='bbox 2096 1875 2165 1930; x_wconf 86' lang='lat' dir='ltr'><strong>ob</strong></span> <span class='ocrx_word' id='word_1_266' title='bbox 2213 1873 2520 1927; x_wconf 86' lang='lat' dir='ltr'><strong>inhabitans</strong></span> <span class='ocrx_word' id='word_1_267' title='bbox 2558 1872 2609 1923; x_wconf 90' lang='lat' dir='ltr'><strong>iu</strong></span> <span class='ocrx_word' id='word_1_268' title='bbox 2644 1883 2702 1922; x_wconf 89' lang='lat' dir='ltr'><strong>se</strong></span> <span class='ocrx_word' id='word_1_269' title='bbox 2737 1864 2966 1918; x_wconf 87' lang='lat' dir='ltr'><strong>Verbum</strong></span> <span class='ocrx_word' id='word_1_270' title='bbox 2989 1901 3004 1924; x_wconf 93' lang='lat'><strong>,</strong></span> <span class='ocrx_word' id='word_1_271' title='bbox 3036 1860 3258 1931; x_wconf 76' lang='lat' dir='ltr'><strong>gloriam</strong></span> <span class='ocrx_word' id='word_1_272' title='bbox 3291 1871 3446 1910; x_wconf 88' lang='lat' dir='ltr'><strong>suam</strong></span> 
     </span>
    </p>
   </div>
   <div class='ocr_carea' id='block_1_35' title="bbox 200 1985 1769 2059">
    <p class='ocr_par' dir='ltr' id='par_1_35' title="bbox 200 1985 1769 2059">
     <span class='ocr_line' id='line_1_35' title="bbox 200 1985 1769 2059; baseline -0.006 -14"><span class='ocrx_word' id='word_1_273' title='bbox 200 1990 532 2053; x_wconf 75' lang='grc' dir='ltr'>ἐνοικοῦντος</span> <span class='ocrx_word' id='word_1_274' title='bbox 579 1988 730 2059; x_wconf 81' lang='grc' dir='ltr'>αὐτῷ</span> <span class='ocrx_word' id='word_1_275' title='bbox 772 1987 865 2040; x_wconf 80' lang='grc' dir='ltr'>τοῦ</span> <span class='ocrx_word' id='word_1_276' title='bbox 913 1988 1117 2055; x_wconf 82' lang='grc' dir='ltr'>Λόγου,</span> <span class='ocrx_word' id='word_1_277' title='bbox 1163 1987 1321 2052; x_wconf 77' lang='grc' dir='ltr'>δόξαν</span> <span class='ocrx_word' id='word_1_278' title='bbox 1369 1987 1426 2039; x_wconf 84' lang='grc' dir='ltr'>δὲ</span> <span class='ocrx_word' id='word_1_279' title='bbox 1474 1985 1572 2056; x_wconf 80' lang='grc' dir='ltr'>τὴν</span> <span class='ocrx_word' id='word_1_280' title='bbox 1634 1985 1769 2038; x_wconf 79' lang='grc' dir='ltr'>ἰδίαν</span> 
     </span>
    </p>
   </div>
   <div class='ocr_carea' id='block_1_36' title="bbox 199 2078 1766 2152">
    <p class='ocr_par' dir='ltr' id='par_1_36' title="bbox 199 2078 1766 2152">
     <span class='ocr_line' id='line_1_36' title="bbox 199 2078 1766 2152; baseline -0.004 -16"><span class='ocrx_word' id='word_1_281' title='bbox 199 2081 346 2152; x_wconf 74' lang='grc' dir='ltr'><strong>αὑτῷ</strong></span> <span class='ocrx_word' id='word_1_282' title='bbox 379 2082 471 2135; x_wconf 78' lang='grc' dir='ltr'><strong>καὶ</strong></span> <span class='ocrx_word' id='word_1_283' title='bbox 499 2081 558 2132; x_wconf 80' lang='grc' dir='ltr'>τὸ</span> <span class='ocrx_word' id='word_1_284' title='bbox 584 2080 804 2149; x_wconf 73' lang='grc' dir='ltr'>ἐυεργὲς</span> <span class='ocrx_word' id='word_1_285' title='bbox 829 2079 1272 2149; x_wconf 75' lang='grc' dir='ltr'>ἐκνενεμηκότος.</span> <span class='ocrx_word' id='word_1_286' title='bbox 1294 2079 1608 2148; x_wconf 74' lang='grc' dir='ltr'>Γέγραπται</span> <span class='ocrx_word' id='word_1_287' title='bbox 1638 2078 1766 2148; x_wconf 82' lang='grc' dir='ltr'>γὰρ,</span> 
     </span>
    </p>
   </div>
   <div class='ocr_carea' id='block_1_37' title="bbox 203 2168 1770 2242">
    <p class='ocr_par' dir='ltr' id='par_1_37' title="bbox 203 2168 1770 2242">
     <span class='ocr_line' id='line_1_37' title="bbox 203 2168 1770 2242; baseline -0.004 -15"><span class='ocrx_word' id='word_1_288' title='bbox 203 2175 285 2227; x_wconf 80' lang='grc' dir='ltr'><strong>ὅτι</strong></span> <span class='ocrx_word' id='word_1_289' title='bbox 315 2193 334 2224; x_wconf 81' lang='grc' dir='ltr'><strong>ι</strong></span> <span class='ocrx_word' id='word_1_290' title='bbox 382 2170 589 2242; x_wconf 78' lang='grc' dir='ltr'>Ἰησοῦν</span> <span class='ocrx_word' id='word_1_291' title='bbox 625 2171 716 2224; x_wconf 82' lang='grc' dir='ltr'><strong>τὸν</strong></span> <span class='ocrx_word' id='word_1_292' title='bbox 752 2173 858 2224; x_wconf 86' lang='grc' dir='ltr'>ἀπὸ</span> <span class='ocrx_word' id='word_1_293' title='bbox 888 2171 1139 2241; x_wconf 77' lang='grc' dir='ltr'>Ναζαρὲτ</span> <span class='ocrx_word' id='word_1_294' title='bbox 1187 2169 1262 2233; x_wconf 83' lang='grc' dir='ltr'>ὡς</span> <span class='ocrx_word' id='word_1_295' title='bbox 1302 2169 1515 2240; x_wconf 78' lang='grc' dir='ltr'>ἔχρισεν</span> <span class='ocrx_word' id='word_1_296' title='bbox 1546 2168 1709 2221; x_wconf 76' lang='grc' dir='ltr'>αὑτὸν</span> <span class='ocrx_word' id='word_1_297' title='bbox 1741 2169 1770 2220; x_wconf 81' lang='grc' dir='ltr'>ὁ</span> 
     </span>
    </p>
   </div>
   <div class='ocr_carea' id='block_1_38' title="bbox 199 2263 1771 2337">
    <p class='ocr_par' dir='ltr' id='par_1_38' title="bbox 199 2263 1771 2337">
     <span class='ocr_line' id='line_1_38' title="bbox 199 2263 1771 2337; baseline -0.002 -20"><span class='ocrx_word' id='word_1_298' title='bbox 199 2266 330 2330; x_wconf 75' lang='grc' dir='ltr'>Θεὸς</span> <span class='ocrx_word' id='word_1_299' title='bbox 362 2265 637 2337; x_wconf 77' lang='grc' dir='ltr'>Πνεύματι</span> <span class='ocrx_word' id='word_1_300' title='bbox 664 2266 802 2334; x_wconf 85' lang='grc' dir='ltr'>ἁγίῳ</span> <span class='ocrx_word' id='word_1_301' title='bbox 833 2264 923 2319; x_wconf 72' lang='grc' dir='ltr'>καὶ</span> <span class='ocrx_word' id='word_1_302' title='bbox 951 2264 1197 2334; x_wconf 82' lang='grc' dir='ltr'>δυνάμει,</span> <span class='ocrx_word' id='word_1_303' title='bbox 1227 2263 1285 2325; x_wconf 87' lang='grc' dir='ltr'>ὃς</span> <span class='ocrx_word' id='word_1_304' title='bbox 1314 2263 1524 2334; x_wconf 77' lang='grc' dir='ltr'>διῆλθεν</span> <span class='ocrx_word' id='word_1_305' title='bbox 1551 2264 1771 2333; x_wconf 80' lang='grc' dir='ltr'>εὐεργε-</span> 
     </span>
    </p>
   </div>
   <div class='ocr_carea' id='block_1_39' title="bbox 169 2345 1771 2426">
    <p class='ocr_par' dir='ltr' id='par_1_39' title="bbox 199 2353 1771 2426">
     <span class='ocr_line' id='line_1_39' title="bbox 199 2353 1771 2426; baseline -0.003 -16"><span class='ocrx_word' id='word_1_306' title='bbox 199 2357 329 2419; x_wconf 81' lang='grc' dir='ltr'>τῶν,</span> <span class='ocrx_word' id='word_1_307' title='bbox 357 2358 450 2409; x_wconf 71' lang='grc' dir='ltr'>καὶ</span> <span class='ocrx_word' id='word_1_308' title='bbox 481 2355 707 2426; x_wconf 78' lang='grc' dir='ltr'>ἰώμενος</span> <span class='ocrx_word' id='word_1_309' title='bbox 736 2356 946 2417; x_wconf 84' lang='grc' dir='ltr'>πάντας</span> <span class='ocrx_word' id='word_1_310' title='bbox 984 2357 1107 2417; x_wconf 75' lang='grc' dir='ltr'>τοὺς</span> <span class='ocrx_word' id='word_1_311' title='bbox 1137 2353 1771 2424; x_wconf 75' lang='grc' dir='ltr'>καταδυναστευομένους</span> 
     </span>
    </p>
   </div>
   <div class='ocr_carea' id='block_1_40' title="bbox 171 2440 1772 2518">
    <p class='ocr_par' dir='ltr' id='par_1_40' title="bbox 171 2440 1772 2518">
     <span class='ocr_line' id='line_1_40' title="bbox 171 2440 1772 2518; baseline -0.004 -16"><span class='ocrx_word' id='word_1_312' title='bbox 171 2449 306 2502; x_wconf 62' lang='grc' dir='ltr'><strong>ιὺπδ</strong></span> <span class='ocrx_word' id='word_1_313' title='bbox 351 2447 445 2500; x_wconf 72' lang='grc' dir='ltr'>τοῦ</span> <span class='ocrx_word' id='word_1_314' title='bbox 495 2447 764 2500; x_wconf 76' lang='grc' dir='ltr'>διαϐόλου.</span> <span class='ocrx_word' id='word_1_315' title='bbox 802 2466 818 2493; x_wconf 74' lang='grc' dir='ltr'><strong>ι</strong></span> <span class='ocrx_word' id='word_1_316' title='bbox 874 2447 1251 2518; x_wconf 75' lang='grc' dir='ltr'>Κεχρισμένος</span> <span class='ocrx_word' id='word_1_317' title='bbox 1289 2440 1380 2497; x_wconf 75' lang='grc' dir='ltr'><strong>οὖν</strong></span> <span class='ocrx_word' id='word_1_318' title='bbox 1421 2447 1515 2498; x_wconf 66' lang='grc' dir='ltr'>καὶ</span> <span class='ocrx_word' id='word_1_319' title='bbox 1543 2444 1772 2514; x_wconf 84' lang='grc' dir='ltr'>δυνάμει</span> 
     </span>
    </p>
   </div>
   <div class='ocr_carea' id='block_1_41' title="bbox 204 2531 1137 2607">
    <p class='ocr_par' dir='ltr' id='par_1_41' title="bbox 204 2531 1137 2607">
     <span class='ocr_line' id='line_1_41' title="bbox 204 2531 1137 2607; baseline -0.002 -15"><span class='ocrx_word' id='word_1_320' title='bbox 204 2540 298 2592; x_wconf 76' lang='grc' dir='ltr'><strong>καὶ</strong></span> <span class='ocrx_word' id='word_1_321' title='bbox 328 2537 627 2607; x_wconf 84' lang='grc' dir='ltr'>Πνεύματι,</span> <span class='ocrx_word' id='word_1_322' title='bbox 657 2537 1022 2607; x_wconf 80' lang='grc' dir='ltr'>τερατουργὸς</span> <span class='ocrx_word' id='word_1_323' title='bbox 1049 2531 1137 2607; x_wconf 82' lang='grc' dir='ltr'><strong>ἦν.</strong></span> 
     </span>
    </p>
   </div>
   <div class='ocr_carea' id='block_1_42' title="bbox 273 2623 1844 2697">
    <p class='ocr_par' dir='ltr' id='par_1_42' title="bbox 273 2623 1844 2697">
     <span class='ocr_line' id='line_1_42' title="bbox 273 2623 1844 2697; baseline -0.004 -14"><span class='ocrx_word' id='word_1_324' title='bbox 273 2631 337 2683; x_wconf 83' lang='grc' dir='ltr'>Α.</span> <span class='ocrx_word' id='word_1_325' title='bbox 381 2627 606 2692; x_wconf 75' lang='grc' dir='ltr'>Οὐκοῦν,</span> <span class='ocrx_word' id='word_1_326' title='bbox 641 2628 938 2697; x_wconf 78' lang='grc' dir='ltr'>ἐπειδήπερ</span> <span class='ocrx_word' id='word_1_327' title='bbox 965 2626 1095 2688; x_wconf 78' lang='grc' dir='ltr'>Θεὸς</span> <span class='ocrx_word' id='word_1_328' title='bbox 1125 2624 1198 2679; x_wconf 82' lang='grc' dir='ltr'>ὢν</span> <span class='ocrx_word' id='word_1_329' title='bbox 1231 2627 1259 2678; x_wconf 89' lang='grc' dir='ltr'>ὁ</span> <span class='ocrx_word' id='word_1_330' title='bbox 1291 2626 1461 2693; x_wconf 87' lang='grc' dir='ltr'>Λόγος</span> <span class='ocrx_word' id='word_1_331' title='bbox 1482 2666 1496 2690; x_wconf 89' lang='grc'><strong>,</strong></span> <span class='ocrx_word' id='word_1_332' title='bbox 1525 2623 1679 2694; x_wconf 77' lang='grc' dir='ltr'>ἅγιός</span> <span class='ocrx_word' id='word_1_333' title='bbox 1713 2639 1775 2676; x_wconf 83' lang='grc' dir='ltr'><strong>τε</strong></span> <span class='ocrx_word' id='word_1_334' title='bbox 1839 2639 1844 2645; x_wconf 92' lang='grc'><strong>·</strong></span> 
     </span>
    </p>
   </div>
   <div class='ocr_carea' id='block_1_43' title="bbox 205 2715 1772 2789">
    <p class='ocr_par' dir='ltr' id='par_1_43' title="bbox 205 2715 1772 2789">
     <span class='ocr_line' id='line_1_43' title="bbox 205 2715 1772 2789; baseline -0.006 -13"><span class='ocrx_word' id='word_1_335' title='bbox 205 2722 300 2777; x_wconf 70' lang='grc' dir='ltr'><strong>καὶ</strong></span> <span class='ocrx_word' id='word_1_336' title='bbox 343 2721 482 2774; x_wconf 66' lang='grc' dir='ltr'>κατὰ</span> <span class='ocrx_word' id='word_1_337' title='bbox 528 2720 708 2789; x_wconf 78' lang='grc' dir='ltr'>φύσιν,</span> <span class='ocrx_word' id='word_1_338' title='bbox 763 2721 855 2772; x_wconf 71' lang='grc' dir='ltr'>καὶ</span> <span class='ocrx_word' id='word_1_339' title='bbox 886 2717 1142 2781; x_wconf 79' lang='grc' dir='ltr'>οὐσιῶδες</span> <span class='ocrx_word' id='word_1_340' title='bbox 1189 2718 1327 2788; x_wconf 77' lang='grc' dir='ltr'>ἔχων</span> <span class='ocrx_word' id='word_1_341' title='bbox 1362 2716 1424 2769; x_wconf 86' lang='grc' dir='ltr'>τὸ</span> <span class='ocrx_word' id='word_1_342' title='bbox 1471 2715 1772 2778; x_wconf 85' lang='grc' dir='ltr'>παναλκὲς,</span> 
     </span>
    </p>
   </div>
   <div class='ocr_carea' id='block_1_44' title="bbox 203 2809 1774 2882">
    <p class='ocr_par' dir='ltr' id='par_1_44' title="bbox 203 2809 1774 2882">
     <span class='ocr_line' id='line_1_44' title="bbox 203 2809 1774 2882; baseline -0.007 -14"><span class='ocrx_word' id='word_1_343' title='bbox 203 2814 364 2868; x_wconf 84' lang='grc' dir='ltr'>δέοιτ’</span> <span class='ocrx_word' id='word_1_344' title='bbox 403 2812 469 2867; x_wconf 84' lang='grc' dir='ltr'><strong>ἂν</strong></span> <span class='ocrx_word' id='word_1_345' title='bbox 510 2811 761 2882; x_wconf 74' lang='grc' dir='ltr'>οὐδαμῶς</span> <span class='ocrx_word' id='word_1_346' title='bbox 786 2851 801 2874; x_wconf 90' lang='grc'><strong>,</strong></span> <span class='ocrx_word' id='word_1_347' title='bbox 846 2811 879 2882; x_wconf 80' lang='grc' dir='ltr'>ἢ</span> <span class='ocrx_word' id='word_1_348' title='bbox 929 2811 1026 2880; x_wconf 83' lang='grc' dir='ltr'><strong>τῆς</strong></span> <span class='ocrx_word' id='word_1_349' title='bbox 1066 2812 1196 2880; x_wconf 85' lang='grc' dir='ltr'>παρ’</span> <span class='ocrx_word' id='word_1_350' title='bbox 1235 2811 1420 2879; x_wconf 81' lang='grc' dir='ltr'>ἐτέρου</span> <span class='ocrx_word' id='word_1_351' title='bbox 1465 2809 1774 2877; x_wconf 77' lang='grc' dir='ltr'>δυνάμεως,</span> 
     </span>
    </p>
   </div>
   <div class='ocr_carea' id='block_1_45' title="bbox 204 2897 1777 2975">
    <p class='ocr_par' dir='ltr' id='par_1_45' title="bbox 204 2897 1777 2975">
     <span class='ocr_line' id='line_1_45' title="bbox 204 2897 1777 2975; baseline -0.005 -17"><span class='ocrx_word' id='word_1_352' title='bbox 204 2905 375 2975; x_wconf 69' lang='grc' dir='ltr'>ἤγουν</span> <span class='ocrx_word' id='word_1_353' title='bbox 403 2903 477 2966; x_wconf 87' lang='grc' dir='ltr'>ὼς</span> <span class='ocrx_word' id='word_1_354' title='bbox 508 2901 920 2971; x_wconf 80' lang='grc' dir='ltr'>εἰσκεκριμένου</span> <span class='ocrx_word' id='word_1_355' title='bbox 961 2899 1054 2954; x_wconf 81' lang='grc' dir='ltr'>τοῦ</span> <span class='ocrx_word' id='word_1_356' title='bbox 1103 2901 1398 2970; x_wconf 84' lang='grc' dir='ltr'>ἀγιασμοῦ,</span> <span class='ocrx_word' id='word_1_357' title='bbox 1433 2899 1516 2962; x_wconf 81' lang='grc' dir='ltr'>τίς</span> <span class='ocrx_word' id='word_1_358' title='bbox 1557 2897 1622 2970; x_wconf 79' lang='grc' dir='ltr'>δὴ</span> <span class='ocrx_word' id='word_1_359' title='bbox 1669 2897 1777 2968; x_wconf 80' lang='grc' dir='ltr'>ἄρα</span> 
     </span>
    </p>
   </div>
   <div class='ocr_carea' id='block_1_46' title="bbox 207 2991 1691 3064">
    <p class='ocr_par' dir='ltr' id='par_1_46' title="bbox 207 2991 1691 3064">
     <span class='ocr_line' id='line_1_46' title="bbox 207 2991 1691 3064; baseline -0.005 -14"><span class='ocrx_word' id='word_1_360' title='bbox 207 2997 354 3050; x_wconf 69' lang='grc' dir='ltr'>ἐστὶν</span> <span class='ocrx_word' id='word_1_361' title='bbox 378 2998 406 3049; x_wconf 88' lang='grc' dir='ltr'>ὁ</span> <span class='ocrx_word' id='word_1_362' title='bbox 440 2992 796 3064; x_wconf 80' lang='grc' dir='ltr'>κεχρισμένος</span> <span class='ocrx_word' id='word_1_363' title='bbox 821 2992 1047 3063; x_wconf 83' lang='grc' dir='ltr'>δυνάμει</span> <span class='ocrx_word' id='word_1_364' title='bbox 1075 2994 1170 3046; x_wconf 76' lang='grc' dir='ltr'>καὶ</span> <span class='ocrx_word' id='word_1_365' title='bbox 1201 2992 1343 3063; x_wconf 83' lang='grc' dir='ltr'>ἁγίῳ</span> <span class='ocrx_word' id='word_1_366' title='bbox 1379 2991 1691 3063; x_wconf 78' lang='grc' dir='ltr'>Πνεύματι;</span> 
     </span>
    </p>
   </div>
   <div class='ocr_carea' id='block_1_47' title="bbox 1869 1953 3450 2036">
    <p class='ocr_par' dir='ltr' id='par_1_47' title="bbox 1869 1953 3450 2036">
     <span class='ocr_line' id='line_1_47' title="bbox 1869 1953 3450 2036; baseline -0.015 -11"><span class='ocrx_word' id='word_1_367' title='bbox 1869 1979 1923 2025; x_wconf 90' lang='lat' dir='ltr'><strong>et</strong></span> <span class='ocrx_word' id='word_1_368' title='bbox 1961 1971 2065 2023; x_wconf 91' lang='lat' dir='ltr'><strong>vim</strong></span> <span class='ocrx_word' id='word_1_369' title='bbox 2097 1979 2258 2036; x_wconf 87' lang='lat' dir='ltr'><strong>atque</strong></span> <span class='ocrx_word' id='word_1_370' title='bbox 2285 1963 2576 2019; x_wconf 79' lang='lat' dir='ltr'><strong>etlic:ici:nn</strong></span> <span class='ocrx_word' id='word_1_371' title='bbox 2611 1961 2714 2030; x_wconf 87' lang='lat' dir='ltr'><strong>ipsi</strong></span> <span class='ocrx_word' id='word_1_372' title='bbox 2748 1959 3013 2013; x_wconf 87' lang='lat' dir='ltr'><strong>tribuens.</strong></span> <span class='ocrx_word' id='word_1_373' title='bbox 3065 1953 3338 2021; x_wconf 88' lang='lat' dir='ltr'><strong>Scriptum</strong></span> <span class='ocrx_word' id='word_1_374' title='bbox 3367 1956 3450 2002; x_wconf 82' lang='lat' dir='ltr'><strong>est</strong></span> 
     </span>
    </p>
   </div>
   <div class='ocr_carea' id='block_1_48' title="bbox 1870 2041 3451 2116">
    <p class='ocr_par' dir='ltr' id='par_1_48' title="bbox 1870 2041 3451 2116">
     <span class='ocr_line' id='line_1_48' title="bbox 1870 2041 3451 2116; baseline -0.013 -1"><span class='ocrx_word' id='word_1_375' title='bbox 1870 2063 2059 2116; x_wconf 88' lang='lat' dir='ltr'><strong>enim:</strong></span> <span class='ocrx_word' id='word_1_376' title='bbox 2117 2080 2136 2112; x_wconf 80' lang='grc' dir='ltr'><strong>ι</strong></span> <span class='ocrx_word' id='word_1_377' title='bbox 2197 2059 2381 2114; x_wconf 79' lang='lat' dir='ltr'><strong>Jesum</strong></span> <span class='ocrx_word' id='word_1_378' title='bbox 2441 2055 2808 2116; x_wconf 54' lang='lat' dir='ltr'><strong>Nazarenam,</strong></span> <span class='ocrx_word' id='word_1_379' title='bbox 2869 2051 3023 2105; x_wconf 77' lang='lat' dir='ltr'><strong>unxit</strong></span> <span class='ocrx_word' id='word_1_380' title='bbox 3086 2048 3259 2115; x_wconf 90' lang='lat' dir='ltr'><strong>ipsum</strong></span> <span class='ocrx_word' id='word_1_381' title='bbox 3311 2041 3451 2094; x_wconf 79' lang='lat' dir='ltr'><strong>Deus</strong></span> 
     </span>
    </p>
   </div>
   <div class='ocr_carea' id='block_1_49' title="bbox 1872 2141 3451 2224">
    <p class='ocr_par' dir='ltr' id='par_1_49' title="bbox 1872 2141 3451 2224">
     <span class='ocr_line' id='line_1_49' title="bbox 1872 2141 3451 2224; baseline -0.013 -16"><span class='ocrx_word' id='word_1_382' title='bbox 1872 2154 2075 2224; x_wconf 91' lang='lat' dir='ltr'><strong>Spiritu</strong></span> <span class='ocrx_word' id='word_1_383' title='bbox 2096 2163 2281 2207; x_wconf 85' lang='lat' dir='ltr'><strong>saneto</strong></span> <span class='ocrx_word' id='word_1_384' title='bbox 2299 2163 2352 2203; x_wconf 93' lang='lat' dir='ltr'><strong>ct</strong></span> <span class='ocrx_word' id='word_1_385' title='bbox 2375 2151 2590 2207; x_wconf 86' lang='lat' dir='ltr'><strong>virtute.</strong></span> <span class='ocrx_word' id='word_1_386' title='bbox 2616 2157 2669 2200; x_wconf 90' lang='lat' dir='ltr'><strong>et</strong></span> <span class='ocrx_word' id='word_1_387' title='bbox 2693 2141 3150 2209; x_wconf 82' lang='lat' dir='ltr'><strong>transivitjuvans</strong></span> <span class='ocrx_word' id='word_1_388' title='bbox 3172 2145 3225 2192; x_wconf 87' lang='lat' dir='ltr'><strong>et</strong></span> <span class='ocrx_word' id='word_1_389' title='bbox 3251 2149 3451 2190; x_wconf 86' lang='lat' dir='ltr'><strong>sanans</strong></span> 
     </span>
    </p>
   </div>
   <div class='ocr_carea' id='block_1_50' title="bbox 1871 2225 3454 2300">
    <p class='ocr_par' dir='ltr' id='par_1_50' title="bbox 1871 2225 3454 2300">
     <span class='ocr_line' id='line_1_50' title="bbox 1871 2225 3454 2300; baseline -0.014 -1"><span class='ocrx_word' id='word_1_390' title='bbox 1871 2263 2060 2300; x_wconf 75' lang='lat' dir='ltr'><strong>omnes</strong></span> <span class='ocrx_word' id='word_1_391' title='bbox 2112 2247 2363 2298; x_wconf 76' lang='lat' dir='ltr'><strong>obsessos</strong></span> <span class='ocrx_word' id='word_1_392' title='bbox 2396 2259 2423 2295; x_wconf 92' lang='lat' dir='ltr'><strong>a</strong></span> <span class='ocrx_word' id='word_1_393' title='bbox 2461 2239 2671 2293; x_wconf 88' lang='lat' dir='ltr'><strong>diabolo</strong></span> <span class='ocrx_word' id='word_1_394' title='bbox 2699 2237 2764 2290; x_wconf 67' lang='grc' dir='ltr'><strong>ν’.</strong></span> <span class='ocrx_word' id='word_1_395' title='bbox 2802 2254 2821 2287; x_wconf 73' lang='grc' dir='ltr'><strong>ι</strong></span> <span class='ocrx_word' id='word_1_396' title='bbox 2860 2235 3064 2291; x_wconf 87' lang='lat' dir='ltr'><strong>chtus</strong></span> <span class='ocrx_word' id='word_1_397' title='bbox 3120 2231 3300 2298; x_wconf 88' lang='lat' dir='ltr'><strong>itaque</strong></span> <span class='ocrx_word' id='word_1_398' title='bbox 3343 2225 3454 2279; x_wconf 70' lang='lat' dir='ltr'><strong>viro</strong></span> 
     </span>
    </p>
   </div>
   <div class='ocr_carea' id='block_1_51' title="bbox 1875 2327 2864 2405">
    <p class='ocr_par' dir='ltr' id='par_1_51' title="bbox 1875 2327 2864 2405">
     <span class='ocr_line' id='line_1_51' title="bbox 1875 2327 2864 2405; baseline -0.013 -14"><span class='ocrx_word' id='word_1_399' title='bbox 1875 2350 1990 2392; x_wconf 89' lang='lat' dir='ltr'><strong>tute</strong></span> <span class='ocrx_word' id='word_1_400' title='bbox 2019 2347 2074 2390; x_wconf 92' lang='lat' dir='ltr'><strong>et</strong></span> <span class='ocrx_word' id='word_1_401' title='bbox 2102 2335 2327 2405; x_wconf 85' lang='lat' dir='ltr'><strong>Spiritu,</strong></span> <span class='ocrx_word' id='word_1_402' title='bbox 2360 2331 2616 2387; x_wconf 85' lang='lat' dir='ltr'><strong>miracula</strong></span> <span class='ocrx_word' id='word_1_403' title='bbox 2654 2327 2864 2383; x_wconf 88' lang='lat' dir='ltr'><strong>edebat.</strong></span> 
     </span>
    </p>
   </div>
   <div class='ocr_carea' id='block_1_52' title="bbox 1946 2631 3456 2715">
    <p class='ocr_par' dir='ltr' id='par_1_52' title="bbox 1946 2631 3456 2715">
     <span class='ocr_line' id='line_1_52' title="bbox 1946 2631 3456 2715; baseline -0.015 -13"><span class='ocrx_word' id='word_1_404' title='bbox 1946 2650 2011 2702; x_wconf 85' lang='lat' dir='ltr'><strong>A.</strong></span> <span class='ocrx_word' id='word_1_405' title='bbox 2045 2645 2219 2715; x_wconf 78' lang='lat' dir='ltr'><strong>Ergo,</strong></span> <span class='ocrx_word' id='word_1_406' title='bbox 2253 2657 2375 2698; x_wconf 86' lang='lat' dir='ltr'><strong>eum</strong></span> <span class='ocrx_word' id='word_1_407' title='bbox 2425 2640 2566 2695; x_wconf 83' lang='lat' dir='ltr'><strong>Deus</strong></span> <span class='ocrx_word' id='word_1_408' title='bbox 2619 2638 2889 2693; x_wconf 72' lang='lat' dir='ltr'><strong>exsistens</strong></span> <span class='ocrx_word' id='word_1_409' title='bbox 2937 2631 3170 2687; x_wconf 86' lang='lat' dir='ltr'><strong>Verbum</strong></span> <span class='ocrx_word' id='word_1_410' title='bbox 3211 2636 3456 2681; x_wconf 86' lang='lat' dir='ltr'><strong>sanctum</strong></span> 
     </span>
    </p>
   </div>
   <div class='ocr_carea' id='block_1_53' title="bbox 1875 2720 3447 2801">
    <p class='ocr_par' dir='ltr' id='par_1_53' title="bbox 1875 2720 3447 2801">
     <span class='ocr_line' id='line_1_53' title="bbox 1875 2720 3447 2801; baseline -0.016 -4"><span class='ocrx_word' id='word_1_411' title='bbox 1875 2743 1947 2797; x_wconf 86' lang='lat' dir='ltr'><strong>sit</strong></span> <span class='ocrx_word' id='word_1_412' title='bbox 1971 2757 2034 2794; x_wconf 81' lang='lat' dir='ltr'><strong>ex</strong></span> <span class='ocrx_word' id='word_1_413' title='bbox 2065 2754 2160 2792; x_wconf 84' lang='lat' dir='ltr'><strong>sua</strong></span> <span class='ocrx_word' id='word_1_414' title='bbox 2185 2748 2395 2798; x_wconf 90' lang='lat' dir='ltr'><strong>natura,</strong></span> <span class='ocrx_word' id='word_1_415' title='bbox 2430 2743 2590 2801; x_wconf 88' lang='lat' dir='ltr'><strong>atque</strong></span> <span class='ocrx_word' id='word_1_416' title='bbox 2620 2727 2977 2784; x_wconf 86' lang='lat' dir='ltr'><strong>essentialiter</strong></span> <span class='ocrx_word' id='word_1_417' title='bbox 3000 2720 3447 2790; x_wconf 86' lang='lat' dir='ltr'><strong>omnipotentiam</strong></span> 
     </span>
    </p>
   </div>
   <div class='ocr_carea' id='block_1_54' title="bbox 1879 2806 3458 2890">
    <p class='ocr_par' dir='ltr' id='par_1_54' title="bbox 1879 2806 3458 2890">
     <span class='ocr_line' id='line_1_54' title="bbox 1879 2806 3458 2890; baseline -0.017 -4"><span class='ocrx_word' id='word_1_418' title='bbox 1879 2833 1930 2887; x_wconf 92' lang='lat' dir='ltr'><strong>in</strong></span> <span class='ocrx_word' id='word_1_419' title='bbox 1985 2846 2046 2885; x_wconf 84' lang='lat' dir='ltr'><strong>se</strong></span> <span class='ocrx_word' id='word_1_420' title='bbox 2095 2830 2324 2888; x_wconf 86' lang='lat' dir='ltr'><strong>habeat,</strong></span> <span class='ocrx_word' id='word_1_421' title='bbox 2379 2823 2631 2890; x_wconf 86' lang='lat' dir='ltr'><strong>nullaque</strong></span> <span class='ocrx_word' id='word_1_422' title='bbox 2679 2819 2887 2874; x_wconf 79' lang='lat' dir='ltr'><strong>ratione</strong></span> <span class='ocrx_word' id='word_1_423' title='bbox 2947 2815 3187 2882; x_wconf 74' lang='lat' dir='ltr'><strong>indigere</strong></span> <span class='ocrx_word' id='word_1_424' title='bbox 3245 2806 3458 2865; x_wconf 82' lang='lat' dir='ltr'><strong>censeri</strong></span> 
     </span>
    </p>
   </div>
   <div class='ocr_carea' id='block_1_55' title="bbox 1878 2901 3463 2980">
    <p class='ocr_par' dir='ltr' id='par_1_55' title="bbox 1878 2901 3463 2980">
     <span class='ocr_line' id='line_1_55' title="bbox 1878 2901 3463 2980; baseline -0.018 0"><span class='ocrx_word' id='word_1_425' title='bbox 1878 2926 2070 2980; x_wconf 88' lang='lat' dir='ltr'><strong>debeat</strong></span> <span class='ocrx_word' id='word_1_426' title='bbox 2110 2932 2204 2976; x_wconf 90' lang='lat' dir='ltr'><strong>aut</strong></span> <span class='ocrx_word' id='word_1_427' title='bbox 2259 2919 2456 2972; x_wconf 82' lang='lat' dir='ltr'><strong>virtute</strong></span> <span class='ocrx_word' id='word_1_428' title='bbox 2500 2917 2713 2976; x_wconf 86' lang='lat' dir='ltr'><strong>aliena,</strong></span> <span class='ocrx_word' id='word_1_429' title='bbox 2753 2920 2844 2964; x_wconf 87' lang='lat' dir='ltr'><strong>aut</strong></span> <span class='ocrx_word' id='word_1_430' title='bbox 2883 2907 3112 2964; x_wconf 86' lang='lat' dir='ltr'><strong>ascititia</strong></span> <span class='ocrx_word' id='word_1_431' title='bbox 3157 2901 3463 2960; x_wconf 82' lang='lat' dir='ltr'><strong>sanctiﬁca-</strong></span> 
     </span>
    </p>
   </div>
   <div class='ocr_carea' id='block_1_56' title="bbox 1883 2997 3464 3082">
    <p class='ocr_par' dir='ltr' id='par_1_56' title="bbox 1883 2997 3464 3082">
     <span class='ocr_line' id='line_1_56' title="bbox 1883 2997 3464 3082; baseline -0.018 -11"><span class='ocrx_word' id='word_1_432' title='bbox 1883 3019 2028 3071; x_wconf 84' lang='lat' dir='ltr'><strong>tione</strong></span> <span class='ocrx_word' id='word_1_433' title='bbox 2077 3032 2091 3079; x_wconf 92' lang='lat'><strong>;</strong></span> <span class='ocrx_word' id='word_1_434' title='bbox 2136 3013 2382 3082; x_wconf 90' lang='lat' dir='ltr'><strong>quisnam</strong></span> <span class='ocrx_word' id='word_1_435' title='bbox 2437 3017 2520 3061; x_wconf 87' lang='lat' dir='ltr'><strong>est</strong></span> <span class='ocrx_word' id='word_1_436' title='bbox 2580 3007 2625 3060; x_wconf 84' lang='lat' dir='ltr'><strong>is</strong></span> <span class='ocrx_word' id='word_1_437' title='bbox 2667 3004 2756 3074; x_wconf 83' lang='lat' dir='ltr'><strong>qui</strong></span> <span class='ocrx_word' id='word_1_438' title='bbox 2791 3011 2983 3056; x_wconf 87' lang='lat' dir='ltr'><strong>unctus</strong></span> <span class='ocrx_word' id='word_1_439' title='bbox 3025 3008 3107 3053; x_wconf 87' lang='lat' dir='ltr'><strong>est</strong></span> <span class='ocrx_word' id='word_1_440' title='bbox 3153 2997 3352 3050; x_wconf 86' lang='lat' dir='ltr'><strong>virtute</strong></span> <span class='ocrx_word' id='word_1_441' title='bbox 3408 2998 3464 3044; x_wconf 86' lang='lat' dir='ltr'><strong>et</strong></span> 
     </span>
    </p>
   </div>
   <div class='ocr_carea' id='block_1_57' title="bbox 1883 3103 2358 3176">
    <p class='ocr_par' dir='ltr' id='par_1_57' title="bbox 1883 3103 2358 3176">
     <span class='ocr_line' id='line_1_57' title="bbox 1883 3103 2358 3176; baseline -0.013 -14"><span class='ocrx_word' id='word_1_442' title='bbox 1883 3107 2087 3176; x_wconf 90' lang='lat' dir='ltr'><strong>Spiritu</strong></span> <span class='ocrx_word' id='word_1_443' title='bbox 2120 3115 2308 3157; x_wconf 84' lang='lat' dir='ltr'><strong>sancto</strong></span> <span class='ocrx_word' id='word_1_444' title='bbox 2334 3103 2358 3156; x_wconf 84' lang='lat'><strong>?</strong></span> 
     </span>
    </p>
   </div>
   <div class='ocr_carea' id='block_1_58' title="bbox 278 3181 1776 3278">
    <p class='ocr_par' dir='ltr' id='par_1_58' title="bbox 278 3188 1776 3264">
     <span class='ocr_line' id='line_1_58' title="bbox 278 3188 1776 3264; baseline 0.004 -20"><span class='ocrx_word' id='word_1_445' title='bbox 278 3193 341 3249; x_wconf 82' lang='grc' dir='ltr'><strong>Β.</strong></span> <span class='ocrx_word' id='word_1_446' title='bbox 379 3193 541 3244; x_wconf 81' lang='grc' dir='ltr'>Φαῖεν</span> <span class='ocrx_word' id='word_1_447' title='bbox 571 3189 638 3242; x_wconf 83' lang='grc' dir='ltr'>ἂν</span> <span class='ocrx_word' id='word_1_448' title='bbox 679 3188 811 3252; x_wconf 74' lang='grc' dir='ltr'>ἴσως</span> <span class='ocrx_word' id='word_1_449' title='bbox 855 3189 945 3244; x_wconf 80' lang='grc' dir='ltr'><strong>τόν</strong></span> <span class='ocrx_word' id='word_1_450' title='bbox 989 3191 1263 3262; x_wconf 69' lang='grc' dir='ltr'>ληφθέντα</span> <span class='ocrx_word' id='word_1_451' title='bbox 1300 3191 1443 3248; x_wconf 76' lang='grc' dir='ltr'>κατὰ</span> <span class='ocrx_word' id='word_1_452' title='bbox 1485 3194 1776 3264; x_wconf 77' lang='grc' dir='ltr'>συνάφειαν</span> 
     </span>
    </p>
   </div>
   <div class='ocr_carea' id='block_1_59' title="bbox 1887 3181 3466 3278">
    <p class='ocr_par' dir='ltr' id='par_1_59' title="bbox 1958 3181 3466 3258">
     <span class='ocr_line' id='line_1_59' title="bbox 1958 3181 3466 3258; baseline -0.016 -6"><span class='ocrx_word' id='word_1_453' title='bbox 1958 3199 2017 3252; x_wconf 88' lang='grc' dir='ltr'>Β.</span> <span class='ocrx_word' id='word_1_454' title='bbox 2056 3197 2294 3250; x_wconf 82' lang='lat' dir='ltr'><strong>Dixerint</strong></span> <span class='ocrx_word' id='word_1_455' title='bbox 2327 3194 2590 3258; x_wconf 81' lang='lat' dir='ltr'><strong>fortasse,</strong></span> <span class='ocrx_word' id='word_1_456' title='bbox 2623 3205 2746 3244; x_wconf 87' lang='lat' dir='ltr'><strong>eum</strong></span> <span class='ocrx_word' id='word_1_457' title='bbox 2789 3186 3062 3242; x_wconf 89' lang='lat' dir='ltr'><strong>hominem</strong></span> <span class='ocrx_word' id='word_1_458' title='bbox 3095 3181 3184 3252; x_wconf 87' lang='lat' dir='ltr'><strong>qui</strong></span> <span class='ocrx_word' id='word_1_459' title='bbox 3217 3192 3312 3248; x_wconf 89' lang='lat' dir='ltr'><strong>per</strong></span> <span class='ocrx_word' id='word_1_460' title='bbox 3341 3190 3466 3230; x_wconf 81' lang='lat' dir='ltr'><strong>con-</strong></span> 
     </span>
    </p>
   </div>
   <div class='ocr_carea' id='block_1_60' title="bbox 206 3279 515 3352">
    <p class='ocr_par' dir='ltr' id='par_1_60' title="bbox 206 3279 515 3352">
     <span class='ocr_line' id='line_1_60' title="bbox 206 3279 515 3352; baseline -0.01 -17"><span class='ocrx_word' id='word_1_461' title='bbox 206 3279 515 3352; x_wconf 67' lang='grc' dir='ltr'>ἄνθρωπον.</span> 
     </span>
    </p>
   </div>
   <div class='ocr_carea' id='block_1_61' title="bbox 280 3367 1780 3444">
    <p class='ocr_par' dir='ltr' id='par_1_61' title="bbox 280 3367 1780 3444">
     <span class='ocr_line' id='line_1_61' title="bbox 280 3367 1780 3444; baseline 0.001 -18"><span class='ocrx_word' id='word_1_462' title='bbox 280 3376 344 3426; x_wconf 83' lang='grc' dir='ltr'>Α.</span> <span class='ocrx_word' id='word_1_463' title='bbox 385 3372 555 3435; x_wconf 78' lang='grc' dir='ltr'>Αὐτὸς</span> <span class='ocrx_word' id='word_1_464' title='bbox 580 3367 672 3426; x_wconf 76' lang='grc' dir='ltr'><strong>οὖν</strong></span> <span class='ocrx_word' id='word_1_465' title='bbox 698 3373 806 3443; x_wconf 82' lang='grc' dir='ltr'>ἄρα</span> <span class='ocrx_word' id='word_1_466' title='bbox 831 3371 977 3424; x_wconf 71' lang='grc' dir='ltr'>ἐστὶν</span> <span class='ocrx_word' id='word_1_467' title='bbox 1014 3371 1222 3440; x_wconf 78' lang='grc' dir='ltr'>Ἰησοῦς</span> <span class='ocrx_word' id='word_1_468' title='bbox 1247 3372 1481 3444; x_wconf 81' lang='grc' dir='ltr'>Χριστὸς</span> <span class='ocrx_word' id='word_1_469' title='bbox 1515 3373 1696 3437; x_wconf 79' lang='grc' dir='ltr'>ἰδικῶς</span> <span class='ocrx_word' id='word_1_470' title='bbox 1720 3391 1780 3428; x_wconf 87' lang='grc' dir='ltr'><strong>τε</strong></span> 
     </span>
    </p>
   </div>
   <div class='ocr_carea' id='block_1_62' title="bbox 209 3453 1783 3532">
    <p class='ocr_par' dir='ltr' id='par_1_62' title="bbox 209 3453 1783 3532">
     <span class='ocr_line' id='line_1_62' title="bbox 209 3453 1783 3532; baseline 0.006 -24"><span class='ocrx_word' id='word_1_471' title='bbox 209 3459 302 3513; x_wconf 59' lang='grc' dir='ltr'>καὶ</span> <span class='ocrx_word' id='word_1_472' title='bbox 364 3460 718 3528; x_wconf 80' lang='grc' dir='ltr'>καταμόνας,</span> <span class='ocrx_word' id='word_1_473' title='bbox 767 3460 861 3512; x_wconf 84' lang='grc' dir='ltr'>καὶ</span> <span class='ocrx_word' id='word_1_474' title='bbox 914 3461 1042 3530; x_wconf 75' lang='grc' dir='ltr'>περὶ</span> <span class='ocrx_word' id='word_1_475' title='bbox 1094 3453 1154 3512; x_wconf 78' lang='grc' dir='ltr'><strong>οὖ</strong></span> <span class='ocrx_word' id='word_1_476' title='bbox 1200 3479 1364 3530; x_wconf 76' lang='grc' dir='ltr'>φησιν</span> <span class='ocrx_word' id='word_1_477' title='bbox 1423 3463 1452 3513; x_wconf 87' lang='grc' dir='ltr'><strong>ό</strong></span> <span class='ocrx_word' id='word_1_478' title='bbox 1509 3463 1783 3532; x_wconf 63' lang='grc' dir='ltr'>πάνσοφος</span> 
     </span>
    </p>
   </div>
   <div class='ocr_carea' id='block_1_63' title="bbox 211 3548 1784 3626">
    <p class='ocr_par' dir='ltr' id='par_1_63' title="bbox 211 3548 1784 3626">
     <span class='ocr_line' id='line_1_63' title="bbox 211 3548 1784 3626; baseline 0.004 -21"><span class='ocrx_word' id='word_1_479' title='bbox 211 3550 457 3615; x_wconf 74' lang='grc' dir='ltr'>Παῦλοςο</span> <span class='ocrx_word' id='word_1_480' title='bbox 497 3572 515 3604; x_wconf 77' lang='grc' dir='ltr'><strong>ι</strong></span> <span class='ocrx_word' id='word_1_481' title='bbox 559 3554 698 3606; x_wconf 81' lang='grc' dir='ltr'>Ἀλλ’</span> <span class='ocrx_word' id='word_1_482' title='bbox 729 3555 860 3623; x_wconf 81' lang='grc' dir='ltr'>ἡμῖν</span> <span class='ocrx_word' id='word_1_483' title='bbox 898 3548 978 3615; x_wconf 79' lang='grc' dir='ltr'>εἷς</span> <span class='ocrx_word' id='word_1_484' title='bbox 1007 3553 1138 3616; x_wconf 68' lang='grc' dir='ltr'>Θεὸς</span> <span class='ocrx_word' id='word_1_485' title='bbox 1180 3554 1209 3605; x_wconf 87' lang='grc' dir='ltr'><strong>ό</strong></span> <span class='ocrx_word' id='word_1_486' title='bbox 1253 3554 1472 3626; x_wconf 73' lang='grc' dir='ltr'>Πατὴρ,</span> <span class='ocrx_word' id='word_1_487' title='bbox 1511 3557 1570 3621; x_wconf 81' lang='grc' dir='ltr'>ἐξ</span> <span class='ocrx_word' id='word_1_488' title='bbox 1614 3552 1675 3611; x_wconf 76' lang='grc' dir='ltr'>οὗ</span> <span class='ocrx_word' id='word_1_489' title='bbox 1712 3558 1784 3612; x_wconf 81' lang='grc' dir='ltr'>τὰ</span> 
     </span>
    </p>
   </div>
   <div class='ocr_carea' id='block_1_64' title="bbox 211 3640 1783 3718">
    <p class='ocr_par' dir='ltr' id='par_1_64' title="bbox 211 3640 1783 3718">
     <span class='ocr_line' id='line_1_64' title="bbox 211 3640 1783 3718; baseline 0.004 -22"><span class='ocrx_word' id='word_1_490' title='bbox 211 3644 411 3706; x_wconf 84' lang='grc' dir='ltr'>πάντα,</span> <span class='ocrx_word' id='word_1_491' title='bbox 437 3645 529 3698; x_wconf 74' lang='grc' dir='ltr'><strong>καὶ</strong></span> <span class='ocrx_word' id='word_1_492' title='bbox 561 3646 720 3715; x_wconf 76' lang='grc' dir='ltr'>ἡμεῖς</span> <span class='ocrx_word' id='word_1_493' title='bbox 745 3645 812 3696; x_wconf 88' lang='grc' dir='ltr'>δι’</span> <span class='ocrx_word' id='word_1_494' title='bbox 840 3643 1028 3707; x_wconf 77' lang='grc' dir='ltr'>αὐτοῦ,</span> <span class='ocrx_word' id='word_1_495' title='bbox 1079 3645 1172 3698; x_wconf 79' lang='grc' dir='ltr'>καὶ</span> <span class='ocrx_word' id='word_1_496' title='bbox 1215 3640 1295 3708; x_wconf 76' lang='grc' dir='ltr'>εἷς</span> <span class='ocrx_word' id='word_1_497' title='bbox 1340 3647 1540 3716; x_wconf 84' lang='grc' dir='ltr'>Κύριος</span> <span class='ocrx_word' id='word_1_498' title='bbox 1577 3650 1783 3718; x_wconf 74' lang='grc' dir='ltr'>Ἰησοῦς</span> 
     </span>
    </p>
   </div>
   <div class='ocr_carea' id='block_1_65' title="bbox 211 3725 1778 3804">
    <p class='ocr_par' dir='ltr' id='par_1_65' title="bbox 211 3725 1778 3804">
     <span class='ocr_line' id='line_1_65' title="bbox 211 3725 1778 3804; baseline 0.003 -18"><span class='ocrx_word' id='word_1_499' title='bbox 211 3733 483 3804; x_wconf 81' lang='grc' dir='ltr'>Χριστὸς,</span> <span class='ocrx_word' id='word_1_500' title='bbox 528 3733 594 3788; x_wconf 79' lang='grc' dir='ltr'>δι’</span> <span class='ocrx_word' id='word_1_501' title='bbox 641 3725 702 3785; x_wconf 75' lang='grc' dir='ltr'><strong>οὗ</strong></span> <span class='ocrx_word' id='word_1_502' title='bbox 736 3733 804 3786; x_wconf 86' lang='grc' dir='ltr'>τὰ</span> <span class='ocrx_word' id='word_1_503' title='bbox 833 3732 1032 3796; x_wconf 84' lang='grc' dir='ltr'>πάντα,</span> <span class='ocrx_word' id='word_1_504' title='bbox 1067 3733 1159 3786; x_wconf 81' lang='grc' dir='ltr'><strong>καὶ</strong></span> <span class='ocrx_word' id='word_1_505' title='bbox 1208 3733 1368 3802; x_wconf 73' lang='grc' dir='ltr'>ἡμεῖς</span> <span class='ocrx_word' id='word_1_506' title='bbox 1413 3735 1481 3788; x_wconf 81' lang='grc' dir='ltr'>δι’</span> <span class='ocrx_word' id='word_1_507' title='bbox 1529 3737 1714 3791; x_wconf 79' lang='grc' dir='ltr'>αὑτοῦ.</span> <span class='ocrx_word' id='word_1_508' title='bbox 1757 3758 1778 3791; x_wconf 75' lang='grc' dir='ltr'><strong>ι</strong></span> 
     </span>
    </p>
   </div>
   <div class='ocr_carea' id='block_1_66' title="bbox 213 3821 1782 3894">
    <p class='ocr_par' dir='ltr' id='par_1_66' title="bbox 213 3821 1782 3894">
     <span class='ocr_line' id='line_1_66' title="bbox 213 3821 1782 3894; baseline 0.001 -14"><span class='ocrx_word' id='word_1_509' title='bbox 213 3824 340 3888; x_wconf 73' lang='grc' dir='ltr'><strong>Πῶς</strong></span> <span class='ocrx_word' id='word_1_510' title='bbox 369 3821 480 3889; x_wconf 77' lang='grc' dir='ltr'>οὖν,</span> <span class='ocrx_word' id='word_1_511' title='bbox 507 3827 628 3878; x_wconf 75' lang='grc' dir='ltr'>εἰπέ</span> <span class='ocrx_word' id='word_1_512' title='bbox 662 3841 772 3894; x_wconf 86' lang='grc' dir='ltr'>μοι,</span> <span class='ocrx_word' id='word_1_513' title='bbox 804 3823 870 3876; x_wconf 84' lang='grc' dir='ltr'>δι’</span> <span class='ocrx_word' id='word_1_514' title='bbox 901 3823 1188 3894; x_wconf 84' lang='grc' dir='ltr'>ἀνθρώπου</span> <span class='ocrx_word' id='word_1_515' title='bbox 1218 3827 1287 3877; x_wconf 71' lang='grc' dir='ltr'><strong>τὰ</strong></span> <span class='ocrx_word' id='word_1_516' title='bbox 1317 3826 1527 3894; x_wconf 84' lang='grc' dir='ltr'>πάντα;</span> <span class='ocrx_word' id='word_1_517' title='bbox 1560 3829 1782 3882; x_wconf 86' lang='grc' dir='ltr'>άνθότου</span> 
     </span>
    </p>
   </div>
   <div class='ocr_carea' id='block_1_67' title="bbox 209 3917 1788 3992">
    <p class='ocr_par' dir='ltr' id='par_1_67' title="bbox 209 3917 1788 3992">
     <span class='ocr_line' id='line_1_67' title="bbox 209 3917 1788 3992; baseline 0.002 -19"><span class='ocrx_word' id='word_1_518' title='bbox 209 3919 272 3973; x_wconf 81' lang='grc' dir='ltr'>δὲ</span> <span class='ocrx_word' id='word_1_519' title='bbox 305 3919 398 3972; x_wconf 71' lang='grc' dir='ltr'>καὶ</span> <span class='ocrx_word' id='word_1_520' title='bbox 424 3918 646 3990; x_wconf 81' lang='grc' dir='ltr'>άμὲσως</span> <span class='ocrx_word' id='word_1_521' title='bbox 679 3917 754 3981; x_wconf 85' lang='grc' dir='ltr'><strong>ὡς</strong></span> <span class='ocrx_word' id='word_1_522' title='bbox 784 3917 911 3980; x_wconf 82' lang='grc' dir='ltr'>Υἱὸς</span> <span class='ocrx_word' id='word_1_523' title='bbox 951 3918 1126 3986; x_wconf 76' lang='grc' dir='ltr'>Πατρὶ</span> <span class='ocrx_word' id='word_1_524' title='bbox 1155 3920 1524 3984; x_wconf 85' lang='grc' dir='ltr'>συντάττεται,</span> <span class='ocrx_word' id='word_1_525' title='bbox 1557 3923 1788 3992; x_wconf 82' lang='grc' dir='ltr'>μεσολα-</span> 
     </span>
    </p>
   </div>
   <div class='ocr_carea' id='block_1_68' title="bbox 211 4006 1787 4088">
    <p class='ocr_par' dir='ltr' id='par_1_68' title="bbox 211 4006 1787 4088">
     <span class='ocr_line' id='line_1_68' title="bbox 211 4006 1787 4088; baseline 0.004 -26"><span class='ocrx_word' id='word_1_526' title='bbox 211 4009 438 4073; x_wconf 79' lang='grc' dir='ltr'>6οὖντος</span> <span class='ocrx_word' id='word_1_527' title='bbox 465 4010 708 4077; x_wconf 75' lang='grc' dir='ltr'>οὐδενόςς</span> <span class='ocrx_word' id='word_1_528' title='bbox 739 4006 870 4063; x_wconf 78' lang='grc' dir='ltr'>Εἶτα</span> <span class='ocrx_word' id='word_1_529' title='bbox 901 4010 1022 4062; x_wconf 84' lang='grc' dir='ltr'>ὅποι</span> <span class='ocrx_word' id='word_1_530' title='bbox 1073 4011 1204 4062; x_wconf 83' lang='grc' dir='ltr'>ποτὲ</span> <span class='ocrx_word' id='word_1_531' title='bbox 1237 4011 1327 4064; x_wconf 81' lang='grc' dir='ltr'>τὸν</span> <span class='ocrx_word' id='word_1_532' title='bbox 1373 4013 1649 4086; x_wconf 86' lang='grc' dir='ltr'>Μονογενῆ</span> <span class='ocrx_word' id='word_1_533' title='bbox 1689 4015 1787 4088; x_wconf 86' lang='grc' dir='ltr'><strong>θή-</strong></span> 
     </span>
    </p>
   </div>
   <div class='ocr_carea' id='block_1_69' title="bbox 213 4098 1788 4169">
    <p class='ocr_par' dir='ltr' id='par_1_69' title="bbox 213 4098 1788 4169">
     <span class='ocr_line' id='line_1_69' title="bbox 213 4098 1788 4169; baseline 0.005 -16"><span class='ocrx_word' id='word_1_534' title='bbox 213 4115 382 4169; x_wconf 80' lang='grc' dir='ltr'>σομεν</span> <span class='ocrx_word' id='word_1_535' title='bbox 435 4101 514 4163; x_wconf 72' lang='grc' dir='ltr'>εἰς</span> <span class='ocrx_word' id='word_1_536' title='bbox 549 4099 639 4151; x_wconf 77' lang='grc' dir='ltr'><strong>τὸν</strong></span> <span class='ocrx_word' id='word_1_537' title='bbox 685 4098 849 4152; x_wconf 75' lang='grc' dir='ltr'>αὐτοῦ</span> <span class='ocrx_word' id='word_1_538' title='bbox 883 4099 1046 4152; x_wconf 83' lang='grc' dir='ltr'>τόπον</span> <span class='ocrx_word' id='word_1_539' title='bbox 1085 4099 1506 4167; x_wconf 73' lang='grc' dir='ltr'>ἀναϐιϐάζοντες</span> <span class='ocrx_word' id='word_1_540' title='bbox 1557 4105 1648 4158; x_wconf 80' lang='grc' dir='ltr'><strong>τὸν</strong></span> <span class='ocrx_word' id='word_1_541' title='bbox 1691 4106 1788 4161; x_wconf 78' lang='grc' dir='ltr'><strong>ἄν·</strong></span> 
     </span>
    </p>
   </div>
   <div class='ocr_carea' id='block_1_70' title="bbox 215 4189 1790 4271">
    <p class='ocr_par' dir='ltr' id='par_1_70' title="bbox 215 4189 1790 4271">
     <span class='ocr_line' id='line_1_70' title="bbox 215 4189 1790 4271; baseline 0.006 -28"><span class='ocrx_word' id='word_1_542' title='bbox 215 4189 435 4261; x_wconf 88' lang='grc' dir='ltr'>θρωπον</span> <span class='ocrx_word' id='word_1_543' title='bbox 454 4231 469 4255; x_wconf 92' lang='grc'><strong>,</strong></span> <span class='ocrx_word' id='word_1_544' title='bbox 505 4191 598 4244; x_wconf 78' lang='grc' dir='ltr'>καὶ</span> <span class='ocrx_word' id='word_1_545' title='bbox 624 4191 798 4254; x_wconf 84' lang='grc' dir='ltr'>τοῦτο,</span> <span class='ocrx_word' id='word_1_546' title='bbox 833 4191 979 4245; x_wconf 83' lang='grc' dir='ltr'>καθά</span> <span class='ocrx_word' id='word_1_547' title='bbox 1020 4209 1204 4262; x_wconf 82' lang='grc' dir='ltr'>φησιν,</span> <span class='ocrx_word' id='word_1_548' title='bbox 1235 4195 1626 4266; x_wconf 75' lang='grc' dir='ltr'>ἐνεργούμενον</span> <span class='ocrx_word' id='word_1_549' title='bbox 1656 4201 1790 4271; x_wconf 82' lang='grc' dir='ltr'>παρ’</span> 
     </span>
    </p>
   </div>
   <div class='ocr_carea' id='block_1_71' title="bbox 215 4279 1789 4358">
    <p class='ocr_par' dir='ltr' id='par_1_71' title="bbox 215 4279 1789 4358">
     <span class='ocr_line' id='line_1_71' title="bbox 215 4279 1789 4358; baseline 0.006 -22"><span class='ocrx_word' id='word_1_550' title='bbox 215 4281 404 4347; x_wconf 81' lang='grc' dir='ltr'>αὑτοῦ,</span> <span class='ocrx_word' id='word_1_551' title='bbox 455 4283 550 4336; x_wconf 69' lang='grc' dir='ltr'>καὶ</span> <span class='ocrx_word' id='word_1_552' title='bbox 574 4281 640 4335; x_wconf 83' lang='grc' dir='ltr'>δι’</span> <span class='ocrx_word' id='word_1_553' title='bbox 669 4283 830 4336; x_wconf 73' lang='grc' dir='ltr'>αὑτὸν</span> <span class='ocrx_word' id='word_1_554' title='bbox 857 4282 1194 4353; x_wconf 76' lang='grc' dir='ltr'>τιμώμενον;</span> <span class='ocrx_word' id='word_1_555' title='bbox 1228 4279 1352 4356; x_wconf 67' lang='grc' dir='ltr'>Ἃρ*</span> <span class='ocrx_word' id='word_1_556' title='bbox 1381 4288 1480 4341; x_wconf 78' lang='grc' dir='ltr'><strong>οὐκ</strong></span> <span class='ocrx_word' id='word_1_557' title='bbox 1521 4289 1789 4358; x_wconf 72' lang='grc' dir='ltr'><strong>ἐκϐέϐηκε</strong></span> 
     </span>
    </p>
   </div>
   <div class='ocr_carea' id='block_1_72' title="bbox 214 4371 1786 4446">
    <p class='ocr_par' dir='ltr' id='par_1_72' title="bbox 214 4371 1786 4446">
     <span class='ocr_line' id='line_1_72' title="bbox 214 4371 1786 4446; baseline 0.006 -22"><span class='ocrx_word' id='word_1_558' title='bbox 214 4371 278 4424; x_wconf 81' lang='grc' dir='ltr'>τὸ</span> <span class='ocrx_word' id='word_1_559' title='bbox 324 4371 472 4434; x_wconf 75' lang='grc' dir='ltr'>εἰκὸς</span> <span class='ocrx_word' id='word_1_560' title='bbox 505 4374 534 4425; x_wconf 84' lang='grc' dir='ltr'><strong>ὁ</strong></span> <span class='ocrx_word' id='word_1_561' title='bbox 571 4371 726 4440; x_wconf 86' lang='grc' dir='ltr'>λόγος</span> <span class='ocrx_word' id='word_1_562' title='bbox 775 4372 987 4436; x_wconf 74' lang='grc' dir='ltr'>αὑτοῖς;</span> <span class='ocrx_word' id='word_1_563' title='bbox 1019 4373 1118 4424; x_wconf 80' lang='grc' dir='ltr'>οὐκ</span> <span class='ocrx_word' id='word_1_564' title='bbox 1167 4372 1272 4436; x_wconf 78' lang='grc' dir='ltr'>ἔξω</span> <span class='ocrx_word' id='word_1_565' title='bbox 1306 4374 1530 4445; x_wconf 74' lang='grc' dir='ltr'>φέρεται</span> <span class='ocrx_word' id='word_1_566' title='bbox 1562 4380 1786 4446; x_wconf 70' lang='grc' dir='ltr'>σκοποῦ,</span> 
     </span>
    </p>
   </div>
   <div class='ocr_carea' id='block_1_73' title="bbox 217 4462 1790 4542">
    <p class='ocr_par' dir='ltr' id='par_1_73' title="bbox 217 4462 1790 4542">
     <span class='ocr_line' id='line_1_73' title="bbox 217 4462 1790 4542; baseline 0.005 -26"><span class='ocrx_word' id='word_1_567' title='bbox 217 4464 314 4516; x_wconf 78' lang='grc' dir='ltr'>καὶ</span> <span class='ocrx_word' id='word_1_568' title='bbox 346 4464 418 4527; x_wconf 80' lang='grc' dir='ltr'>ὡς</span> <span class='ocrx_word' id='word_1_569' title='bbox 449 4465 546 4534; x_wconf 80' lang='grc' dir='ltr'>τῆς</span> <span class='ocrx_word' id='word_1_570' title='bbox 580 4462 837 4534; x_wconf 72' lang='grc' dir='ltr'>ἀληθείας</span> <span class='ocrx_word' id='word_1_571' title='bbox 866 4465 1173 4535; x_wconf 83' lang='grc' dir='ltr'>όλοτρόπως</span> <span class='ocrx_word' id='word_1_572' title='bbox 1202 4466 1559 4538; x_wconf 79' lang='grc' dir='ltr'>ἡμαρτηκὼς,</span> <span class='ocrx_word' id='word_1_573' title='bbox 1584 4470 1790 4542; x_wconf 80' lang='grc' dir='ltr'>γελῴτο</span> 
     </span>
    </p>
   </div>
   <div class='ocr_carea' id='block_1_74' title="bbox 217 4556 576 4623">
    <p class='ocr_par' dir='ltr' id='par_1_74' title="bbox 217 4556 576 4623">
     <span class='ocr_line' id='line_1_74' title="bbox 217 4556 576 4623; baseline -0.003 -12"><span class='ocrx_word' id='word_1_574' title='bbox 217 4556 287 4611; x_wconf 84' lang='grc' dir='ltr'><strong>ἂν</strong></span> <span class='ocrx_word' id='word_1_575' title='bbox 318 4557 539 4620; x_wconf 73' lang='grc' dir='ltr'>ἐνδίκως</span> <span class='ocrx_word' id='word_1_576' title='bbox 560 4575 576 4623; x_wconf 90' lang='lat'><strong>;</strong></span> 
     </span>
    </p>
   </div>
   <div class='ocr_carea' id='block_1_75' title="bbox 293 4649 1790 4725">
    <p class='ocr_par' dir='ltr' id='par_1_75' title="bbox 293 4649 1790 4725">
     <span class='ocr_line' id='line_1_75' title="bbox 293 4649 1790 4725; baseline 0.005 -23"><span class='ocrx_word' id='word_1_577' title='bbox 293 4649 354 4704; x_wconf 92' lang='lat' dir='ltr'><strong>B.</strong></span> <span class='ocrx_word' id='word_1_578' title='bbox 385 4649 725 4720; x_wconf 80' lang='grc' dir='ltr'>Ἀνθρωπος,</span> <span class='ocrx_word' id='word_1_579' title='bbox 750 4650 978 4721; x_wconf 59' lang='grc' dir='ltr'>φησι.νρ</span> <span class='ocrx_word' id='word_1_580' title='bbox 1000 4649 1095 4704; x_wconf 82' lang='grc' dir='ltr'>τοῦ</span> <span class='ocrx_word' id='word_1_581' title='bbox 1125 4649 1261 4704; x_wconf 83' lang='grc' dir='ltr'>Θεοῦ</span> <span class='ocrx_word' id='word_1_582' title='bbox 1288 4653 1459 4722; x_wconf 82' lang='grc' dir='ltr'>Λόγος</span> <span class='ocrx_word' id='word_1_583' title='bbox 1480 4655 1790 4725; x_wconf 83' lang='grc' dir='ltr'>ὠνόμασται</span> 
     </span>
    </p>
   </div>
   <div class='ocr_carea' id='block_1_76' title="bbox 219 4738 1788 4815">
    <p class='ocr_par' dir='ltr' id='par_1_76' title="bbox 219 4738 1788 4815">
     <span class='ocr_line' id='line_1_76' title="bbox 219 4738 1788 4815; baseline 0.004 -22"><span class='ocrx_word' id='word_1_584' title='bbox 219 4738 364 4793; x_wconf 79' lang='grc' dir='ltr'>κατὰ</span> <span class='ocrx_word' id='word_1_585' title='bbox 402 4739 600 4792; x_wconf 86' lang='grc' dir='ltr'>τοιόνδε</span> <span class='ocrx_word' id='word_1_586' title='bbox 631 4739 754 4793; x_wconf 80' lang='grc' dir='ltr'>τινὰ</span> <span class='ocrx_word' id='word_1_587' title='bbox 785 4740 1005 4810; x_wconf 83' lang='grc' dir='ltr'>τρόπον.</span> <span class='ocrx_word' id='word_1_588' title='bbox 1035 4741 1246 4811; x_wconf 81' lang='grc' dir='ltr'>’Ὠσπερ</span> <span class='ocrx_word' id='word_1_589' title='bbox 1274 4743 1382 4814; x_wconf 84' lang='grc' dir='ltr'><strong>γάρ</strong></span> <span class='ocrx_word' id='word_1_590' title='bbox 1409 4747 1438 4796; x_wconf 90' lang='grc' dir='ltr'><strong>ὀ</strong></span> <span class='ocrx_word' id='word_1_591' title='bbox 1469 4747 1597 4815; x_wconf 86' lang='grc' dir='ltr'>παρ’</span> <span class='ocrx_word' id='word_1_592' title='bbox 1627 4747 1788 4799; x_wconf 78' lang='grc' dir='ltr'>αὐτοῦ</span> 
     </span>
    </p>
   </div>
   <div class='ocr_carea' id='block_1_77' title="bbox 219 4830 1792 4907">
    <p class='ocr_par' dir='ltr' id='par_1_77' title="bbox 219 4830 1792 4907">
     <span class='ocr_line' id='line_1_77' title="bbox 219 4830 1792 4907; baseline 0.011 -35"><span class='ocrx_word' id='word_1_593' title='bbox 219 4830 445 4902; x_wconf 67' lang='grc' dir='ltr'>ληφθεὶς</span> <span class='ocrx_word' id='word_1_594' title='bbox 479 4831 801 4902; x_wconf 76' lang='grc' dir='ltr'>ἅνθρωπος,</span> <span class='ocrx_word' id='word_1_595' title='bbox 849 4832 1106 4904; x_wconf 77' lang='grc' dir='ltr'><strong>ἐγεννήθη</strong></span> <span class='ocrx_word' id='word_1_596' title='bbox 1160 4833 1258 4903; x_wconf 83' lang='grc' dir='ltr'>μὲν</span> <span class='ocrx_word' id='word_1_597' title='bbox 1305 4837 1362 4887; x_wconf 80' lang='grc' dir='ltr'><strong>ὲν</strong></span> <span class='ocrx_word' id='word_1_598' title='bbox 1413 4834 1658 4906; x_wconf 75' lang='grc' dir='ltr'>Βηθλεὲμ</span> <span class='ocrx_word' id='word_1_599' title='bbox 1692 4838 1792 4907; x_wconf 77' lang='grc' dir='ltr'>τῆς</span> 
     </span>
    </p>
   </div>
   <div class='ocr_carea' id='block_1_78' title="bbox 232 4922 1793 5000">
    <p class='ocr_par' dir='ltr' id='par_1_78' title="bbox 232 4922 1793 5000">
     <span class='ocr_line' id='line_1_78' title="bbox 232 4922 1793 5000; baseline 0.002 -23"><span class='ocrx_word' id='word_1_600' title='bbox 232 4924 513 4990; x_wconf 82' lang='grc' dir='ltr'>Ἰουδαίας,</span> <span class='ocrx_word' id='word_1_601' title='bbox 560 4925 774 4995; x_wconf 80' lang='grc' dir='ltr'>εἴρηται</span> <span class='ocrx_word' id='word_1_602' title='bbox 804 4923 860 4978; x_wconf 77' lang='grc' dir='ltr'><strong>δὲ</strong></span> <span class='ocrx_word' id='word_1_603' title='bbox 888 4922 1227 4996; x_wconf 81' lang='grc' dir='ltr'>Ναζωραῖος,</span> <span class='ocrx_word' id='word_1_604' title='bbox 1248 4925 1336 4980; x_wconf 77' lang='grc' dir='ltr'><strong>διά</strong></span> <span class='ocrx_word' id='word_1_605' title='bbox 1358 4925 1418 4979; x_wconf 82' lang='grc' dir='ltr'><strong>τὸ</strong></span> <span class='ocrx_word' id='word_1_606' title='bbox 1443 4927 1663 4997; x_wconf 76' lang='grc' dir='ltr'>οἰκῆσαι</span> <span class='ocrx_word' id='word_1_607' title='bbox 1693 4929 1793 5000; x_wconf 76' lang='grc' dir='ltr'><strong>τὴν</strong></span> 
     </span>
    </p>
   </div>
   <div class='ocr_carea' id='block_1_79' title="bbox 220 5015 1789 5090">
    <p class='ocr_par' dir='ltr' id='par_1_79' title="bbox 220 5015 1789 5090">
     <span class='ocr_line' id='line_1_79' title="bbox 220 5015 1789 5090; baseline 0.002 -20"><span class='ocrx_word' id='word_1_608' title='bbox 220 5017 500 5087; x_wconf 75' lang='grc' dir='ltr'>Ναζαρὲτ,</span> <span class='ocrx_word' id='word_1_609' title='bbox 532 5017 677 5070; x_wconf 79' lang='grc' dir='ltr'>οὕτω</span> <span class='ocrx_word' id='word_1_610' title='bbox 703 5015 798 5070; x_wconf 79' lang='grc' dir='ltr'>καὶ</span> <span class='ocrx_word' id='word_1_611' title='bbox 825 5017 854 5070; x_wconf 84' lang='grc' dir='ltr'>ὁ</span> <span class='ocrx_word' id='word_1_612' title='bbox 876 5015 1008 5079; x_wconf 75' lang='grc' dir='ltr'>Θεὸς</span> <span class='ocrx_word' id='word_1_613' title='bbox 1047 5017 1238 5086; x_wconf 85' lang='grc' dir='ltr'>Λόγος,</span> <span class='ocrx_word' id='word_1_614' title='bbox 1281 5016 1564 5089; x_wconf 80' lang='grc' dir='ltr'>ἄνθρωπος</span> <span class='ocrx_word' id='word_1_615' title='bbox 1591 5019 1789 5090; x_wconf 82' lang='grc' dir='ltr'>ὀνομά-</span> 
     </span>
    </p>
   </div>
   <div class='ocr_carea' id='block_1_80' title="bbox 221 5105 1362 5177">
    <p class='ocr_par' dir='ltr' id='par_1_80' title="bbox 221 5105 1362 5177">
     <span class='ocr_line' id='line_1_80' title="bbox 221 5105 1362 5177; baseline 0 -17"><span class='ocrx_word' id='word_1_616' title='bbox 221 5106 398 5171; x_wconf 83' lang='grc' dir='ltr'>ζεται,</span> <span class='ocrx_word' id='word_1_617' title='bbox 426 5106 516 5160; x_wconf 86' lang='grc' dir='ltr'>διὰ</span> <span class='ocrx_word' id='word_1_618' title='bbox 550 5106 610 5160; x_wconf 82' lang='grc' dir='ltr'><strong>τὸ</strong></span> <span class='ocrx_word' id='word_1_619' title='bbox 631 5105 955 5176; x_wconf 76' lang='grc' dir='ltr'>κατοικῆσαι.</span> <span class='ocrx_word' id='word_1_620' title='bbox 986 5107 1045 5159; x_wconf 79' lang='grc' dir='ltr'>ἐν</span> <span class='ocrx_word' id='word_1_621' title='bbox 1073 5105 1362 5177; x_wconf 79' lang='grc' dir='ltr'><strong>ἀνθρώπῳ.</strong></span> 
     </span>
    </p>
   </div>
   <div class='ocr_carea' id='block_1_81' title="bbox 147 5197 1788 5285">
    <p class='ocr_par' dir='ltr' id='par_1_81' title="bbox 147 5197 1788 5285">
     <span class='ocr_line' id='line_1_81' title="bbox 147 5197 1788 5285; baseline 0 -32"><span class='ocrx_word' id='word_1_622' title='bbox 147 5277 157 5285; x_wconf 75' lang='lat'><em>_</em></span> <span class='ocrx_word' id='word_1_623' title='bbox 292 5200 358 5253; x_wconf 79' lang='grc' dir='ltr'>Α.</span> <span class='ocrx_word' id='word_1_624' title='bbox 395 5199 461 5252; x_wconf 81' lang='grc' dir='ltr'><strong>Ὃ</strong></span> <span class='ocrx_word' id='word_1_625' title='bbox 507 5199 705 5270; x_wconf 80' lang='grc' dir='ltr'>φρενὸς</span> <span class='ocrx_word' id='word_1_626' title='bbox 730 5197 1150 5267; x_wconf 82' lang='grc' dir='ltr'>γραοπρεποῦς,</span> <span class='ocrx_word' id='word_1_627' title='bbox 1186 5200 1280 5252; x_wconf 76' lang='grc' dir='ltr'>καὶ</span> <span class='ocrx_word' id='word_1_628' title='bbox 1304 5198 1396 5252; x_wconf 80' lang='grc' dir='ltr'>νοῦ</span> <span class='ocrx_word' id='word_1_629' title='bbox 1435 5201 1788 5271; x_wconf 83' lang='grc' dir='ltr'>παρειμένου,</span> 
     </span>
    </p>
   </div>
   <div class='ocr_carea' id='block_1_82' title="bbox 222 5289 1784 5364">
    <p class='ocr_par' dir='ltr' id='par_1_82' title="bbox 222 5289 1784 5364">
     <span class='ocr_line' id='line_1_82' title="bbox 222 5289 1784 5364; baseline -0.001 -17"><span class='ocrx_word' id='word_1_630' title='bbox 222 5295 320 5347; x_wconf 71' lang='grc' dir='ltr'><strong>καὶ</strong></span> <span class='ocrx_word' id='word_1_631' title='bbox 334 5290 922 5363; x_wconf 64' lang='grc' dir='ltr'>βατταρίζεινξείδότος,</span> <span class='ocrx_word' id='word_1_632' title='bbox 939 5289 1233 5360; x_wconf 85' lang='grc' dir='ltr'>κα“ι’ἐτερον</span> <span class='ocrx_word' id='word_1_633' title='bbox 1257 5290 1432 5343; x_wconf 77' lang='grc' dir='ltr'>οὐδέν.</span> <span class='ocrx_word' id='word_1_634' title='bbox 1457 5291 1784 5364; x_wconf 65' lang='grc' dir='ltr'>Ἐκνήψατε,</span> 
     </span>
    </p>
   </div>
   <div class='ocr_carea' id='block_1_83' title="bbox 221 5379 1793 5457">
    <p class='ocr_par' dir='ltr' id='par_1_83' title="bbox 221 5379 1793 5457">
     <span class='ocr_line' id='line_1_83' title="bbox 221 5379 1793 5457; baseline 0 -19"><span class='ocrx_word' id='word_1_635' title='bbox 221 5387 275 5438; x_wconf 77' lang='lat' dir='ltr'><strong>oi</strong></span> <span class='ocrx_word' id='word_1_636' title='bbox 325 5383 636 5457; x_wconf 74' lang='grc' dir='ltr'>μεθύοντες,</span> <span class='ocrx_word' id='word_1_637' title='bbox 674 5379 735 5446; x_wconf 78' lang='grc' dir='ltr'><strong>ἐξ</strong></span> <span class='ocrx_word' id='word_1_638' title='bbox 758 5380 902 5435; x_wconf 77' lang='grc' dir='ltr'>οἴνου</span> <span class='ocrx_word' id='word_1_639' title='bbox 935 5381 1112 5435; x_wconf 81' lang='grc' dir='ltr'>αὐτῶν</span> <span class='ocrx_word' id='word_1_640' title='bbox 1133 5423 1148 5446; x_wconf 88' lang='grc'><strong>,</strong></span> <span class='ocrx_word' id='word_1_641' title='bbox 1181 5383 1520 5451; x_wconf 78' lang='grc' dir='ltr'>ἐπιφωνείτω</span> <span class='ocrx_word' id='word_1_642' title='bbox 1561 5401 1646 5448; x_wconf 89' lang='grc' dir='ltr'><strong>τις</strong></span> <span class='ocrx_word' id='word_1_643' title='bbox 1678 5389 1793 5451; x_wconf 90' lang='grc' dir='ltr'>τοῖς</span> 
     </span>
    </p>
   </div>
   <div class='ocr_carea' id='block_1_84' title="bbox 220 5471 1792 5544">
    <p class='ocr_par' dir='ltr' id='par_1_84' title="bbox 220 5471 1792 5544">
     <span class='ocr_line' id='line_1_84' title="bbox 220 5471 1792 5544; baseline -0.001 -11"><span class='ocrx_word' id='word_1_644' title='bbox 220 5477 546 5542; x_wconf 83' lang='grc' dir='ltr'>διεναντιας,</span> <span class='ocrx_word' id='word_1_645' title='bbox 578 5474 630 5528; x_wconf 88' lang='grc' dir='ltr'>τι</span> <span class='ocrx_word' id='word_1_646' title='bbox 664 5471 1073 5544; x_wconf 74' lang='grc' dir='ltr'>παραδιάζεσθε</span> <span class='ocrx_word' id='word_1_647' title='bbox 1100 5473 1351 5543; x_wconf 75' lang='grc' dir='ltr'>τάληθὲς,</span> <span class='ocrx_word' id='word_1_648' title='bbox 1376 5475 1472 5528; x_wconf 73' lang='grc' dir='ltr'>καὶ</span> <span class='ocrx_word' id='word_1_649' title='bbox 1499 5478 1608 5530; x_wconf 86' lang='grc' dir='ltr'>τῶν</span> <span class='ocrx_word' id='word_1_650' title='bbox 1634 5477 1792 5533; x_wconf 79' lang='grc' dir='ltr'>θείων</span> 
     </span>
    </p>
   </div>
   <div class='ocr_carea' id='block_1_85' title="bbox 221 5565 1871 5644">
    <p class='ocr_par' dir='ltr' id='par_1_85' title="bbox 221 5565 1871 5644">
     <span class='ocr_line' id='line_1_85' title="bbox 221 5565 1871 5644; baseline 0.005 -23"><span class='ocrx_word' id='word_1_651' title='bbox 221 5568 510 5641; x_wconf 79' lang='grc' dir='ltr'>δογμάτων</span> <span class='ocrx_word' id='word_1_652' title='bbox 543 5567 640 5639; x_wconf 74' lang='grc' dir='ltr'>τὴν</span> <span class='ocrx_word' id='word_1_653' title='bbox 670 5567 900 5637; x_wconf 81' lang='grc' dir='ltr'>δύναμιν</span> <span class='ocrx_word' id='word_1_654' title='bbox 941 5565 1387 5636; x_wconf 81' lang='grc' dir='ltr'>παρευθύνοντες,</span> <span class='ocrx_word' id='word_1_655' title='bbox 1419 5567 1524 5634; x_wconf 77' lang='grc' dir='ltr'><strong>ἔξω</strong></span> <span class='ocrx_word' id='word_1_656' title='bbox 1561 5569 1791 5644; x_wconf 81' lang='grc' dir='ltr'>φέρεσθε</span> <span class='ocrx_word' id='word_1_657' title='bbox 1858 5577 1871 5592; x_wconf 92' lang='lat'>&#39;</span> 
     </span>
    </p>
   </div>
   <div class='ocr_carea' id='block_1_86' title="bbox 303 5764 1932 5841">
    <p class='ocr_par' dir='ltr' id='par_1_86' title="bbox 303 5764 1932 5841">
     <span class='ocr_line' id='line_1_86' title="bbox 303 5764 1932 5841; baseline 0.006 -19"><span class='ocrx_word' id='word_1_658' title='bbox 303 5769 348 5802; x_wconf 76' lang='lat'><em>“</em></span> <span class='ocrx_word' id='word_1_659' title='bbox 370 5770 556 5823; x_wconf 81' lang='lat' dir='ltr'><strong>Matth.</strong></span> <span class='ocrx_word' id='word_1_660' title='bbox 588 5775 701 5834; x_wconf 75' lang='lat' dir='ltr'><strong>xvi,</strong></span> <span class='ocrx_word' id='word_1_661' title='bbox 724 5768 829 5841; x_wconf 41' lang='grc' dir='ltr'>Ξῖ,</span> <span class='ocrx_word' id='word_1_662' title='bbox 896 5765 943 5797; x_wconf 72' lang='grc'>⁸⁸</span> <span class='ocrx_word' id='word_1_663' title='bbox 972 5764 1158 5841; x_wconf 76' lang='lat' dir='ltr'><strong>Matth.</strong></span> <span class='ocrx_word' id='word_1_664' title='bbox 1194 5785 1310 5838; x_wconf 69' lang='grc' dir='ltr'>ιιιιι,</span> <span class='ocrx_word' id='word_1_665' title='bbox 1338 5771 1427 5826; x_wconf 76' lang='grc' dir='ltr'>Η.</span> <span class='ocrx_word' id='word_1_666' title='bbox 1502 5777 1545 5805; x_wconf 73' lang='grc'>⁴³</span> <span class='ocrx_word' id='word_1_667' title='bbox 1571 5773 1725 5831; x_wconf 76' lang='lat' dir='ltr'><strong>Joan.</strong></span> <span class='ocrx_word' id='word_1_668' title='bbox 1752 5790 1807 5841; x_wconf 73' lang='grc' dir='ltr'>κ,</span> <span class='ocrx_word' id='word_1_669' title='bbox 1843 5773 1932 5831; x_wconf 81' lang='lat'><strong>&#39;58.</strong></span> 
     </span>
    </p>
   </div>
   <div class='ocr_carea' id='block_1_87' title="bbox 228 5836 1155 5905">
    <p class='ocr_par' dir='ltr' id='par_1_87' title="bbox 228 5836 1155 5905">
     <span class='ocr_line' id='line_1_87' title="bbox 228 5836 1155 5905; baseline -0.008 -9"><span class='ocrx_word' id='word_1_670' title='bbox 228 5839 278 5872; x_wconf 75' lang='grc'>⁸⁸</span> <span class='ocrx_word' id='word_1_671' title='bbox 319 5841 506 5895; x_wconf 80' lang='lat' dir='ltr'><strong>Matth.</strong></span> <span class='ocrx_word' id='word_1_672' title='bbox 535 5856 593 5905; x_wconf 91' lang='grc' dir='ltr'><strong>ιι,</strong></span> <span class='ocrx_word' id='word_1_673' title='bbox 623 5841 677 5894; x_wconf 72' lang='lat'><strong>5.</strong></span> <span class='ocrx_word' id='word_1_674' title='bbox 730 5839 776 5870; x_wconf 85' lang='grc'><strong>⁵⁰</strong></span> <span class='ocrx_word' id='word_1_675' title='bbox 809 5836 938 5892; x_wconf 84' lang='lat' dir='ltr'><strong>Luc.</strong></span> <span class='ocrx_word' id='word_1_676' title='bbox 975 5852 1034 5905; x_wconf 90' lang='grc' dir='ltr'><strong>ιι,</strong></span> <span class='ocrx_word' id='word_1_677' title='bbox 1069 5836 1155 5890; x_wconf 85' lang='lat' dir='ltr'><strong>5t.</strong></span> 
     </span>
    </p>
   </div>
   <div class='ocr_carea' id='block_1_88' title="bbox 1876 3291 2685 3362">
    <p class='ocr_par' dir='ltr' id='par_1_88' title="bbox 1876 3291 2685 3362">
     <span class='ocr_line' id='line_1_88' title="bbox 1876 3291 2685 3362; baseline -0.01 -18"><span class='ocrx_word' id='word_1_678' title='bbox 1876 3292 2209 3362; x_wconf 86' lang='lat' dir='ltr'><strong>junctiouem</strong></span> <span class='ocrx_word' id='word_1_679' title='bbox 2248 3293 2559 3353; x_wconf 89' lang='lat' dir='ltr'><strong>assumptus</strong></span> <span class='ocrx_word' id='word_1_680' title='bbox 2586 3291 2685 3336; x_wconf 80' lang='lat' dir='ltr'><strong>est.</strong></span> 
     </span>
    </p>
   </div>
   <div class='ocr_carea' id='block_1_89' title="bbox 1952 3365 3466 3446">
    <p class='ocr_par' dir='ltr' id='par_1_89' title="bbox 1952 3365 3466 3446">
     <span class='ocr_line' id='line_1_89' title="bbox 1952 3365 3466 3446; baseline -0.011 -11"><span class='ocrx_word' id='word_1_681' title='bbox 1952 3383 2016 3435; x_wconf 88' lang='lat' dir='ltr'><strong>A.</strong></span> <span class='ocrx_word' id='word_1_682' title='bbox 2070 3380 2188 3446; x_wconf 84' lang='lat' dir='ltr'><strong>Ipse</strong></span> <span class='ocrx_word' id='word_1_683' title='bbox 2223 3379 2384 3446; x_wconf 82' lang='lat' dir='ltr'><strong>igitur</strong></span> <span class='ocrx_word' id='word_1_684' title='bbox 2415 3386 2498 3429; x_wconf 89' lang='lat' dir='ltr'><strong>est</strong></span> <span class='ocrx_word' id='word_1_685' title='bbox 2544 3373 2700 3427; x_wconf 82' lang='lat' dir='ltr'><strong>Jesus</strong></span> <span class='ocrx_word' id='word_1_686' title='bbox 2725 3370 2973 3423; x_wconf 87' lang='lat' dir='ltr'><strong>Christus</strong></span> <span class='ocrx_word' id='word_1_687' title='bbox 3013 3365 3357 3436; x_wconf 80' lang='lat' dir='ltr'><strong>singulariter</strong></span> <span class='ocrx_word' id='word_1_688' title='bbox 3399 3381 3466 3420; x_wconf 77' lang='lat' dir='ltr'><strong>ac</strong></span> 
     </span>
    </p>
   </div>
   <div class='ocr_carea' id='block_1_90' title="bbox 1882 3457 3466 3538">
    <p class='ocr_par' dir='ltr' id='par_1_90' title="bbox 1882 3457 3466 3538">
     <span class='ocr_line' id='line_1_90' title="bbox 1882 3457 3466 3538; baseline -0.011 -9"><span class='ocrx_word' id='word_1_689' title='bbox 1882 3474 2046 3534; x_wconf 88' lang='lat' dir='ltr'><strong>solus,</strong></span> <span class='ocrx_word' id='word_1_690' title='bbox 2073 3482 2128 3526; x_wconf 94' lang='lat' dir='ltr'><strong>et</strong></span> <span class='ocrx_word' id='word_1_691' title='bbox 2149 3470 2213 3522; x_wconf 83' lang='lat' dir='ltr'><strong>de</strong></span> <span class='ocrx_word' id='word_1_692' title='bbox 2235 3485 2340 3538; x_wconf 92' lang='lat' dir='ltr'><strong>quo</strong></span> <span class='ocrx_word' id='word_1_693' title='bbox 2368 3467 2540 3534; x_wconf 89' lang='lat' dir='ltr'><strong>inquit</strong></span> <span class='ocrx_word' id='word_1_694' title='bbox 2569 3462 2996 3534; x_wconf 74' lang='lat' dir='ltr'><strong>sapientissimus</strong></span> <span class='ocrx_word' id='word_1_695' title='bbox 3029 3457 3224 3512; x_wconf 79' lang='lat' dir='ltr'><strong>Paulus</strong></span> <span class='ocrx_word' id='word_1_696' title='bbox 3255 3477 3268 3514; x_wconf 92' lang='lat'>:</span> <span class='ocrx_word' id='word_1_697' title='bbox 3299 3477 3317 3510; x_wconf 85' lang='grc' dir='ltr'><strong>ι</strong></span> <span class='ocrx_word' id='word_1_698' title='bbox 3357 3458 3466 3512; x_wconf 87' lang='lat' dir='ltr'><strong>Sed</strong></span> 
     </span>
    </p>
   </div>
   <div class='ocr_carea' id='block_1_91' title="bbox 1885 3554 3463 3625">
    <p class='ocr_par' dir='ltr' id='par_1_91' title="bbox 1885 3554 3463 3625">
     <span class='ocr_line' id='line_1_91' title="bbox 1885 3554 3463 3625; baseline -0.011 -3"><span class='ocrx_word' id='word_1_699' title='bbox 1885 3569 2036 3623; x_wconf 84' lang='lat' dir='ltr'><strong>nobis</strong></span> <span class='ocrx_word' id='word_1_700' title='bbox 2069 3580 2205 3618; x_wconf 89' lang='lat' dir='ltr'><strong>unus</strong></span> <span class='ocrx_word' id='word_1_701' title='bbox 2252 3564 2390 3617; x_wconf 88' lang='lat' dir='ltr'><strong>Deus</strong></span> <span class='ocrx_word' id='word_1_702' title='bbox 2440 3558 2636 3623; x_wconf 88' lang='lat' dir='ltr'><strong>Pater,</strong></span> <span class='ocrx_word' id='word_1_703' title='bbox 2667 3573 2730 3611; x_wconf 80' lang='lat' dir='ltr'><strong>ex</strong></span> <span class='ocrx_word' id='word_1_704' title='bbox 2775 3571 2881 3625; x_wconf 88' lang='lat' dir='ltr'><strong>quo</strong></span> <span class='ocrx_word' id='word_1_705' title='bbox 2932 3554 3110 3607; x_wconf 85' lang='lat' dir='ltr'><strong>omnia</strong></span> <span class='ocrx_word' id='word_1_706' title='bbox 3133 3594 3148 3616; x_wconf 94' lang='lat'><strong>,</strong></span> <span class='ocrx_word' id='word_1_707' title='bbox 3184 3564 3237 3606; x_wconf 88' lang='lat' dir='ltr'><strong>et</strong></span> <span class='ocrx_word' id='word_1_708' title='bbox 3266 3568 3366 3607; x_wconf 85' lang='lat' dir='ltr'><strong>nos</strong></span> <span class='ocrx_word' id='word_1_709' title='bbox 3395 3566 3463 3604; x_wconf 76' lang='lat' dir='ltr'><strong>cx</strong></span> 
     </span>
    </p>
   </div>
   <div class='ocr_carea' id='block_1_92' title="bbox 1882 3647 3462 3728">
    <p class='ocr_par' dir='ltr' id='par_1_92' title="bbox 1882 3647 3462 3728">
     <span class='ocr_line' id='line_1_92' title="bbox 1882 3647 3462 3728; baseline -0.01 -13"><span class='ocrx_word' id='word_1_710' title='bbox 1882 3662 2002 3728; x_wconf 85' lang='lat' dir='ltr'><strong>ipso</strong></span> <span class='ocrx_word' id='word_1_711' title='bbox 2051 3678 2062 3712; x_wconf 93' lang='lat'>:</span> <span class='ocrx_word' id='word_1_712' title='bbox 2106 3667 2158 3710; x_wconf 89' lang='lat' dir='ltr'><strong>et</strong></span> <span class='ocrx_word' id='word_1_713' title='bbox 2190 3670 2327 3710; x_wconf 90' lang='lat' dir='ltr'><strong>unus</strong></span> <span class='ocrx_word' id='word_1_714' title='bbox 2379 3652 2634 3706; x_wconf 87' lang='lat' dir='ltr'><strong>Dominus</strong></span> <span class='ocrx_word' id='word_1_715' title='bbox 2669 3648 2824 3704; x_wconf 86' lang='lat' dir='ltr'><strong>Jesus</strong></span> <span class='ocrx_word' id='word_1_716' title='bbox 2856 3647 3124 3712; x_wconf 77' lang='lat' dir='ltr'><strong>Christus,</strong></span> <span class='ocrx_word' id='word_1_717' title='bbox 3159 3662 3254 3714; x_wconf 89' lang='lat' dir='ltr'><strong>per</strong></span> <span class='ocrx_word' id='word_1_718' title='bbox 3303 3660 3462 3714; x_wconf 89' lang='lat' dir='ltr'><strong>quem</strong></span> 
     </span>
    </p>
   </div>
   <div class='ocr_carea' id='block_1_93' title="bbox 1884 3735 3462 3811">
    <p class='ocr_par' dir='ltr' id='par_1_93' title="bbox 1884 3735 3462 3811">
     <span class='ocr_line' id='line_1_93' title="bbox 1884 3735 3462 3811; baseline -0.01 -7"><span class='ocrx_word' id='word_1_719' title='bbox 1884 3750 2103 3810; x_wconf 84' lang='lat' dir='ltr'><strong>omnia,</strong></span> <span class='ocrx_word' id='word_1_720' title='bbox 2144 3755 2196 3799; x_wconf 92' lang='lat' dir='ltr'><strong>et</strong></span> <span class='ocrx_word' id='word_1_721' title='bbox 2236 3761 2333 3798; x_wconf 90' lang='lat' dir='ltr'><strong>nos</strong></span> <span class='ocrx_word' id='word_1_722' title='bbox 2385 3758 2478 3811; x_wconf 88' lang='lat' dir='ltr'><strong>per</strong></span> <span class='ocrx_word' id='word_1_723' title='bbox 2540 3741 2710 3809; x_wconf 88' lang='lat' dir='ltr'><strong>ipsum</strong></span> <span class='ocrx_word' id='word_1_724' title='bbox 2753 3736 2820 3792; x_wconf 78' lang='lat'><strong>“‘.</strong></span> <span class='ocrx_word' id='word_1_725' title='bbox 2871 3755 2890 3790; x_wconf 76' lang='grc' dir='ltr'><strong>ι</strong></span> <span class='ocrx_word' id='word_1_726' title='bbox 2945 3737 3222 3803; x_wconf 87' lang='lat' dir='ltr'><strong>Quomodo</strong></span> <span class='ocrx_word' id='word_1_727' title='bbox 3279 3735 3462 3810; x_wconf 73' lang='lat' dir='ltr'><strong>igitur.</strong></span> 
     </span>
    </p>
   </div>
   <div class='ocr_carea' id='block_1_94' title="bbox 1885 3826 3466 3908">
    <p class='ocr_par' dir='ltr' id='par_1_94' title="bbox 1885 3826 3466 3908">
     <span class='ocr_line' id='line_1_94' title="bbox 1885 3826 3466 3908; baseline -0.011 -11"><span class='ocrx_word' id='word_1_728' title='bbox 1885 3845 2141 3904; x_wconf 69' lang='lat' dir='ltr'><strong>obsecro,</strong></span> <span class='ocrx_word' id='word_1_729' title='bbox 2179 3853 2273 3908; x_wconf 87' lang='lat' dir='ltr'><strong>per</strong></span> <span class='ocrx_word' id='word_1_730' title='bbox 2320 3836 2588 3889; x_wconf 88' lang='lat' dir='ltr'><strong>hominem</strong></span> <span class='ocrx_word' id='word_1_731' title='bbox 2626 3841 2748 3885; x_wconf 88' lang='lat' dir='ltr'><strong>sunt</strong></span> <span class='ocrx_word' id='word_1_732' title='bbox 2782 3829 2958 3882; x_wconf 90' lang='lat' dir='ltr'><strong>onmia</strong></span> <span class='ocrx_word' id='word_1_733' title='bbox 2999 3829 3209 3895; x_wconf 87' lang='lat' dir='ltr'><strong>?quam</strong></span> <span class='ocrx_word' id='word_1_734' title='bbox 3244 3844 3368 3882; x_wconf 89' lang='lat' dir='ltr'><strong>vero</strong></span> <span class='ocrx_word' id='word_1_735' title='bbox 3395 3826 3466 3880; x_wconf 82' lang='lat' dir='ltr'><strong>ob</strong></span> 
     </span>
    </p>
   </div>
   <div class='ocr_carea' id='block_1_95' title="bbox 1886 3921 3468 3990">
    <p class='ocr_par' dir='ltr' id='par_1_95' title="bbox 1886 3921 3468 3990">
     <span class='ocr_line' id='line_1_95' title="bbox 1886 3921 3468 3990; baseline -0.009 -2"><span class='ocrx_word' id='word_1_736' title='bbox 1886 3949 2107 3990; x_wconf 89' lang='lat' dir='ltr'><strong>causam</strong></span> <span class='ocrx_word' id='word_1_737' title='bbox 2154 3929 2462 3984; x_wconf 87' lang='lat' dir='ltr'><strong>immediate</strong></span> <span class='ocrx_word' id='word_1_738' title='bbox 2497 3937 2552 3980; x_wconf 94' lang='lat' dir='ltr'><strong>ut</strong></span> <span class='ocrx_word' id='word_1_739' title='bbox 2583 3924 2749 3979; x_wconf 81' lang='lat' dir='ltr'><strong>Filius</strong></span> <span class='ocrx_word' id='word_1_740' title='bbox 2797 3922 2940 3976; x_wconf 81' lang='lat' dir='ltr'><strong>Patri</strong></span> <span class='ocrx_word' id='word_1_741' title='bbox 3002 3921 3344 3988; x_wconf 75' lang='lat' dir='ltr'><strong>adjungitur,</strong></span> <span class='ocrx_word' id='word_1_742' title='bbox 3373 3933 3468 3973; x_wconf 83' lang='lat' dir='ltr'><strong>ne-</strong></span> 
     </span>
    </p>
   </div>
   <div class='ocr_carea' id='block_1_96' title="bbox 1889 4011 3466 4080">
    <p class='ocr_par' dir='ltr' id='par_1_96' title="bbox 1889 4011 3466 4080">
     <span class='ocr_line' id='line_1_96' title="bbox 1889 4011 3466 4080; baseline -0.01 0"><span class='ocrx_word' id='word_1_743' title='bbox 1889 4027 2033 4080; x_wconf 90' lang='lat' dir='ltr'><strong>mine</strong></span> <span class='ocrx_word' id='word_1_744' title='bbox 2071 4018 2503 4076; x_wconf 79' lang='lat' dir='ltr'><strong>interveniente?</strong></span> <span class='ocrx_word' id='word_1_745' title='bbox 2531 4015 2723 4070; x_wconf 88' lang='lat' dir='ltr'><strong>deinde</strong></span> <span class='ocrx_word' id='word_1_746' title='bbox 2752 4017 2966 4068; x_wconf 78' lang='lat' dir='ltr'><strong>ubinam</strong></span> <span class='ocrx_word' id='word_1_747' title='bbox 3003 4015 3214 4067; x_wconf 79' lang='lat' dir='ltr'><strong>tandem</strong></span> <span class='ocrx_word' id='word_1_748' title='bbox 3264 4011 3466 4080; x_wconf 78' lang='lat' dir='ltr'><strong>Unige-</strong></span> 
     </span>
    </p>
   </div>
   <div class='ocr_carea' id='block_1_97' title="bbox 1889 4102 3464 4174">
    <p class='ocr_par' dir='ltr' id='par_1_97' title="bbox 1889 4102 3464 4174">
     <span class='ocr_line' id='line_1_97' title="bbox 1889 4102 3464 4174; baseline -0.007 -7"><span class='ocrx_word' id='word_1_749' title='bbox 1889 4116 2060 4168; x_wconf 90' lang='lat' dir='ltr'><strong>nitnm</strong></span> <span class='ocrx_word' id='word_1_750' title='bbox 2111 4109 2528 4174; x_wconf 84' lang='lat' dir='ltr'><strong>colloeahimus,</strong></span> <span class='ocrx_word' id='word_1_751' title='bbox 2563 4106 2607 4160; x_wconf 88' lang='lat' dir='ltr'><strong>si</strong></span> <span class='ocrx_word' id='word_1_752' title='bbox 2660 4105 2930 4160; x_wconf 87' lang='lat' dir='ltr'><strong>hominem</strong></span> <span class='ocrx_word' id='word_1_753' title='bbox 2987 4104 3037 4158; x_wconf 88' lang='lat' dir='ltr'><strong>in</strong></span> <span class='ocrx_word' id='word_1_754' title='bbox 3075 4102 3243 4171; x_wconf 87' lang='lat' dir='ltr'><strong>ipsius</strong></span> <span class='ocrx_word' id='word_1_755' title='bbox 3292 4103 3464 4156; x_wconf 88' lang='lat' dir='ltr'><strong>locum</strong></span> 
     </span>
    </p>
   </div>
   <div class='ocr_carea' id='block_1_98' title="bbox 1891 4194 3467 4270">
    <p class='ocr_par' dir='ltr' id='par_1_98' title="bbox 1891 4194 3467 4270">
     <span class='ocr_line' id='line_1_98' title="bbox 1891 4194 3467 4270; baseline -0.01 -8"><span class='ocrx_word' id='word_1_756' title='bbox 1891 4207 2170 4262; x_wconf 79' lang='lat' dir='ltr'><strong>evehimus</strong></span> <span class='ocrx_word' id='word_1_757' title='bbox 2204 4219 2219 4265; x_wconf 86' lang='lat'><strong>;</strong></span> <span class='ocrx_word' id='word_1_758' title='bbox 2255 4212 2306 4255; x_wconf 84' lang='lat' dir='ltr'><strong>et</strong></span> <span class='ocrx_word' id='word_1_759' title='bbox 2335 4199 2587 4270; x_wconf 89' lang='lat' dir='ltr'><strong>quidem,</strong></span> <span class='ocrx_word' id='word_1_760' title='bbox 2623 4207 2680 4250; x_wconf 94' lang='lat' dir='ltr'><strong>nt</strong></span> <span class='ocrx_word' id='word_1_761' title='bbox 2710 4197 2808 4265; x_wconf 72' lang='lat' dir='ltr'><strong>ipsi</strong></span> <span class='ocrx_word' id='word_1_762' title='bbox 2841 4195 3058 4258; x_wconf 85' lang='lat' dir='ltr'><strong>volunt,</strong></span> <span class='ocrx_word' id='word_1_763' title='bbox 3091 4195 3141 4248; x_wconf 89' lang='lat' dir='ltr'><strong>vi</strong></span> <span class='ocrx_word' id='word_1_764' title='bbox 3181 4209 3244 4248; x_wconf 85' lang='lat' dir='ltr'><strong>ae</strong></span> <span class='ocrx_word' id='word_1_765' title='bbox 3269 4194 3467 4247; x_wconf 86' lang='lat' dir='ltr'><strong>virtute</strong></span> 
     </span>
    </p>
   </div>
   <div class='ocr_carea' id='block_1_99' title="bbox 1891 4285 3468 4366">
    <p class='ocr_par' dir='ltr' id='par_1_99' title="bbox 1891 4285 3468 4366">
     <span class='ocr_line' id='line_1_99' title="bbox 1891 4285 3468 4366; baseline -0.009 -14"><span class='ocrx_word' id='word_1_766' title='bbox 1891 4301 1957 4352; x_wconf 85' lang='lat' dir='ltr'><strong>ab</strong></span> <span class='ocrx_word' id='word_1_767' title='bbox 1985 4299 2100 4366; x_wconf 90' lang='lat' dir='ltr'><strong>ipso</strong></span> <span class='ocrx_word' id='word_1_768' title='bbox 2130 4293 2473 4363; x_wconf 84' lang='lat' dir='ltr'><strong>insignitum,</strong></span> <span class='ocrx_word' id='word_1_769' title='bbox 2501 4290 2775 4358; x_wconf 73' lang='lat' dir='ltr'><strong>gloriaque</strong></span> <span class='ocrx_word' id='word_1_770' title='bbox 2827 4304 2922 4356; x_wconf 87' lang='lat' dir='ltr'><strong>per</strong></span> <span class='ocrx_word' id='word_1_771' title='bbox 2969 4288 3139 4356; x_wconf 91' lang='lat' dir='ltr'><strong>ipsum</strong></span> <span class='ocrx_word' id='word_1_772' title='bbox 3169 4285 3417 4341; x_wconf 78' lang='lat' dir='ltr'><strong>allectum</strong></span> <span class='ocrx_word' id='word_1_773' title='bbox 3443 4286 3468 4339; x_wconf 81' lang='lat'><strong>?</strong></span> 
     </span>
    </p>
   </div>
   <div class='ocr_carea' id='block_1_100' title="bbox 1893 4380 3465 4446">
    <p class='ocr_par' dir='ltr' id='par_1_100' title="bbox 1893 4380 3465 4446">
     <span class='ocr_line' id='line_1_100' title="bbox 1893 4380 3465 4446; baseline -0.007 -3"><span class='ocrx_word' id='word_1_774' title='bbox 1893 4391 2046 4443; x_wconf 80' lang='lat' dir='ltr'><strong>Anne</strong></span> <span class='ocrx_word' id='word_1_775' title='bbox 2075 4388 2164 4440; x_wconf 90' lang='lat' dir='ltr'><strong>tibi</strong></span> <span class='ocrx_word' id='word_1_776' title='bbox 2197 4385 2406 4439; x_wconf 90' lang='lat' dir='ltr'><strong>illorum</strong></span> <span class='ocrx_word' id='word_1_777' title='bbox 2437 4384 2670 4437; x_wconf 86' lang='lat' dir='ltr'><strong>rationes</strong></span> <span class='ocrx_word' id='word_1_778' title='bbox 2704 4380 2948 4434; x_wconf 73' lang='lat' dir='ltr'><strong>absurda:</strong></span> <span class='ocrx_word' id='word_1_779' title='bbox 2975 4389 3028 4433; x_wconf 91' lang='lat' dir='ltr'><strong>et</strong></span> <span class='ocrx_word' id='word_1_780' title='bbox 3054 4396 3081 4431; x_wconf 90' lang='lat' dir='ltr'><strong>a</strong></span> <span class='ocrx_word' id='word_1_781' title='bbox 3112 4393 3274 4446; x_wconf 89' lang='lat' dir='ltr'><strong>scopo</strong></span> <span class='ocrx_word' id='word_1_782' title='bbox 3306 4381 3465 4432; x_wconf 87' lang='lat' dir='ltr'><strong>aber-</strong></span> 
     </span>
    </p>
   </div>
   <div class='ocr_carea' id='block_1_101' title="bbox 1893 4469 3466 4542">
    <p class='ocr_par' dir='ltr' id='par_1_101' title="bbox 1893 4469 3466 4542">
     <span class='ocr_line' id='line_1_101' title="bbox 1893 4469 3466 4542; baseline -0.004 -11"><span class='ocrx_word' id='word_1_783' title='bbox 1893 4488 2104 4539; x_wconf 83' lang='lat' dir='ltr'><strong>rantes,</strong></span> <span class='ocrx_word' id='word_1_784' title='bbox 2143 4486 2304 4542; x_wconf 85' lang='lat' dir='ltr'><strong>atque</strong></span> <span class='ocrx_word' id='word_1_785' title='bbox 2341 4476 2474 4526; x_wconf 89' lang='lat' dir='ltr'><strong>adeo</strong></span> <span class='ocrx_word' id='word_1_786' title='bbox 2513 4490 2540 4524; x_wconf 90' lang='lat' dir='ltr'><strong>a</strong></span> <span class='ocrx_word' id='word_1_787' title='bbox 2578 4473 2806 4525; x_wconf 82' lang='lat' dir='ltr'><strong>veritate</strong></span> <span class='ocrx_word' id='word_1_788' title='bbox 2850 4485 3074 4540; x_wconf 90' lang='lat' dir='ltr'><strong>prorsus</strong></span> <span class='ocrx_word' id='word_1_789' title='bbox 3111 4471 3327 4535; x_wconf 73' lang='lat' dir='ltr'><strong>alienun,</strong></span> <span class='ocrx_word' id='word_1_790' title='bbox 3357 4469 3466 4524; x_wconf 86' lang='lat' dir='ltr'><strong>risu</strong></span> 
     </span>
    </p>
   </div>
   <div class='ocr_carea' id='block_1_102' title="bbox 1821 4562 2778 4637">
    <p class='ocr_par' dir='ltr' id='par_1_102' title="bbox 1821 4562 2778 4637">
     <span class='ocr_line' id='line_1_102' title="bbox 1821 4562 2778 4637; baseline -0.011 -10"><span class='ocrx_word' id='word_1_791' title='bbox 1821 4572 1866 4627; x_wconf 89' lang='lat' dir='ltr'><strong>D</strong></span> <span class='ocrx_word' id='word_1_792' title='bbox 1898 4571 2090 4625; x_wconf 89' lang='lat' dir='ltr'><strong>merito</strong></span> <span class='ocrx_word' id='word_1_793' title='bbox 2127 4567 2458 4637; x_wconf 59' lang='lat' dir='ltr'><strong>ext&#39;ipiendze</strong></span> <span class='ocrx_word' id='word_1_794' title='bbox 2495 4562 2778 4617; x_wconf 85' lang='lat' dir='ltr'><strong>videntur?</strong></span> 
     </span>
    </p>
   </div>
   <div class='ocr_carea' id='block_1_103' title="bbox 1958 4637 3478 4725">
    <p class='ocr_par' dir='ltr' id='par_1_103' title="bbox 1958 4637 3478 4725">
     <span class='ocr_line' id='line_1_103' title="bbox 1958 4637 3478 4725; baseline -0.009 -8"><span class='ocrx_word' id='word_1_795' title='bbox 1958 4662 2019 4716; x_wconf 86' lang='grc' dir='ltr'>Β.</span> <span class='ocrx_word' id='word_1_796' title='bbox 2055 4660 2284 4715; x_wconf 75' lang='lat' dir='ltr'><strong>Verbum</strong></span> <span class='ocrx_word' id='word_1_797' title='bbox 2319 4659 2446 4720; x_wconf 89' lang='lat' dir='ltr'><strong>Dei,</strong></span> <span class='ocrx_word' id='word_1_798' title='bbox 2481 4656 3021 4725; x_wconf 85' lang='lat' dir='ltr'><strong>inquinnt,.vocatnr</strong></span> <span class='ocrx_word' id='word_1_799' title='bbox 3054 4653 3250 4717; x_wconf 89' lang='lat' dir='ltr'><strong>homo,</strong></span> <span class='ocrx_word' id='word_1_800' title='bbox 3281 4637 3478 4721; x_wconf 50' lang='lat' dir='ltr'><strong>hujus?</strong></span> 
     </span>
    </p>
   </div>
   <div class='ocr_carea' id='block_1_104' title="bbox 1888 4744 3465 4821">
    <p class='ocr_par' dir='ltr' id='par_1_104' title="bbox 1888 4744 3465 4821">
     <span class='ocr_line' id='line_1_104' title="bbox 1888 4744 3465 4821; baseline -0.008 -12"><span class='ocrx_word' id='word_1_801' title='bbox 1888 4753 2092 4809; x_wconf 88' lang='lat' dir='ltr'><strong>cemodi</strong></span> <span class='ocrx_word' id='word_1_802' title='bbox 2116 4751 2348 4821; x_wconf 85' lang='lat' dir='ltr'><strong>quadam</strong></span> <span class='ocrx_word' id='word_1_803' title='bbox 2379 4747 2605 4801; x_wconf 85' lang='lat' dir='ltr'><strong>ratione.</strong></span> <span class='ocrx_word' id='word_1_804' title='bbox 2635 4745 3097 4811; x_wconf 83' lang='lat' dir='ltr'><strong>Quemadmodum</strong></span> <span class='ocrx_word' id='word_1_805' title='bbox 3124 4745 3268 4798; x_wconf 89' lang='lat' dir='ltr'><strong>enim</strong></span> <span class='ocrx_word' id='word_1_806' title='bbox 3303 4744 3465 4797; x_wconf 87' lang='lat' dir='ltr'><strong>homo</strong></span> 
     </span>
    </p>
   </div>
   <div class='ocr_carea' id='block_1_105' title="bbox 1888 4835 3466 4913">
    <p class='ocr_par' dir='ltr' id='par_1_105' title="bbox 1888 4835 3466 4913">
     <span class='ocr_line' id='line_1_105' title="bbox 1888 4835 3466 4913; baseline -0.004 -16"><span class='ocrx_word' id='word_1_807' title='bbox 1888 4845 1976 4913; x_wconf 88' lang='lat' dir='ltr'><strong>qui</strong></span> <span class='ocrx_word' id='word_1_808' title='bbox 2038 4843 2107 4898; x_wconf 87' lang='lat' dir='ltr'><strong>ab</strong></span> <span class='ocrx_word' id='word_1_809' title='bbox 2169 4845 2282 4911; x_wconf 88' lang='lat' dir='ltr'><strong>ipso</strong></span> <span class='ocrx_word' id='word_1_810' title='bbox 2321 4850 2626 4908; x_wconf 87' lang='lat' dir='ltr'><strong>assumptus</strong></span> <span class='ocrx_word' id='word_1_811' title='bbox 2667 4849 2752 4894; x_wconf 90' lang='lat' dir='ltr'><strong>est</strong></span> <span class='ocrx_word' id='word_1_812' title='bbox 2793 4849 2952 4894; x_wconf 88' lang='lat' dir='ltr'><strong>natus</strong></span> <span class='ocrx_word' id='word_1_813' title='bbox 3013 4838 3228 4908; x_wconf 86' lang='lat' dir='ltr'><strong>quidem</strong></span> <span class='ocrx_word' id='word_1_814' title='bbox 3271 4844 3356 4891; x_wconf 88' lang='lat' dir='ltr'><strong>est</strong></span> <span class='ocrx_word' id='word_1_815' title='bbox 3411 4835 3466 4890; x_wconf 88' lang='lat' dir='ltr'><strong>in</strong></span> 
     </span>
    </p>
   </div>
   <div class='ocr_carea' id='block_1_106' title="bbox 1890 4927 3464 4992">
    <p class='ocr_par' dir='ltr' id='par_1_106' title="bbox 1890 4927 3464 4992">
     <span class='ocr_line' id='line_1_106' title="bbox 1890 4927 3464 4992; baseline -0.007 0"><span class='ocrx_word' id='word_1_816' title='bbox 1890 4937 2202 4992; x_wconf 83' lang='lat' dir='ltr'><strong>Bethlehem</strong></span> <span class='ocrx_word' id='word_1_817' title='bbox 2230 4932 2428 4988; x_wconf 70' lang='lat' dir='ltr'><strong>ludam</strong></span> <span class='ocrx_word' id='word_1_818' title='bbox 2467 4932 2512 4965; x_wconf 76' lang='lat'>“</span> <span class='ocrx_word' id='word_1_819' title='bbox 2552 4951 2565 4987; x_wconf 90' lang='lat'><strong>:</strong></span> <span class='ocrx_word' id='word_1_820' title='bbox 2613 4933 2790 4987; x_wconf 88' lang='lat' dir='ltr'><strong>dictus</strong></span> <span class='ocrx_word' id='word_1_821' title='bbox 2818 4942 2996 4988; x_wconf 89' lang='lat' dir='ltr'><strong>autem</strong></span> <span class='ocrx_word' id='word_1_822' title='bbox 3040 4941 3124 4986; x_wconf 84' lang='lat' dir='ltr'><strong>est</strong></span> <span class='ocrx_word' id='word_1_823' title='bbox 3156 4927 3464 4992; x_wconf 76' lang='lat' dir='ltr'><strong>Nazarzeus,</strong></span> 
     </span>
    </p>
   </div>
   <div class='ocr_carea' id='block_1_107' title="bbox 1895 5019 3468 5098">
    <p class='ocr_par' dir='ltr' id='par_1_107' title="bbox 1895 5019 3468 5098">
     <span class='ocr_line' id='line_1_107' title="bbox 1895 5019 3468 5098; baseline -0.005 -16"><span class='ocrx_word' id='word_1_824' title='bbox 1895 5030 2034 5098; x_wconf 92' lang='lat' dir='ltr'><strong>quod</strong></span> <span class='ocrx_word' id='word_1_825' title='bbox 2062 5026 2116 5080; x_wconf 90' lang='lat' dir='ltr'><strong>in</strong></span> <span class='ocrx_word' id='word_1_826' title='bbox 2155 5024 2424 5081; x_wconf 81' lang='lat' dir='ltr'><strong>Nazareth</strong></span> <span class='ocrx_word' id='word_1_827' title='bbox 2467 5025 2735 5080; x_wconf 82' lang='lat' dir='ltr'><strong>habitaret</strong></span> <span class='ocrx_word' id='word_1_828' title='bbox 2759 5025 2807 5058; x_wconf 75' lang='lat'><strong>&#39;°</strong></span> <span class='ocrx_word' id='word_1_829' title='bbox 2837 5041 2853 5090; x_wconf 88' lang='lat'><strong>;</strong></span> <span class='ocrx_word' id='word_1_830' title='bbox 2891 5024 2964 5078; x_wconf 87' lang='lat' dir='ltr'><strong>ita</strong></span> <span class='ocrx_word' id='word_1_831' title='bbox 2989 5034 3044 5078; x_wconf 88' lang='lat' dir='ltr'><strong>et</strong></span> <span class='ocrx_word' id='word_1_832' title='bbox 3069 5022 3210 5078; x_wconf 84' lang='lat' dir='ltr'><strong>Deus</strong></span> <span class='ocrx_word' id='word_1_833' title='bbox 3231 5019 3468 5078; x_wconf 83' lang='lat' dir='ltr'><strong>Verbum</strong></span> 
     </span>
    </p>
   </div>
   <div class='ocr_carea' id='block_1_108' title="bbox 1897 5115 3130 5187">
    <p class='ocr_par' dir='ltr' id='par_1_108' title="bbox 1897 5115 3130 5187">
     <span class='ocr_line' id='line_1_108' title="bbox 1897 5115 3130 5187; baseline -0.002 -18"><span class='ocrx_word' id='word_1_834' title='bbox 1897 5129 2118 5173; x_wconf 75' lang='lat' dir='ltr'><strong>meatur</strong></span> <span class='ocrx_word' id='word_1_835' title='bbox 2147 5117 2326 5180; x_wconf 89' lang='lat' dir='ltr'><strong>homo,</strong></span> <span class='ocrx_word' id='word_1_836' title='bbox 2360 5117 2483 5187; x_wconf 86' lang='lat' dir='ltr'><strong>quia</strong></span> <span class='ocrx_word' id='word_1_837' title='bbox 2523 5115 2787 5170; x_wconf 86' lang='lat' dir='ltr'><strong>inhabitat</strong></span> <span class='ocrx_word' id='word_1_838' title='bbox 2812 5116 2864 5169; x_wconf 87' lang='lat' dir='ltr'><strong>in</strong></span> <span class='ocrx_word' id='word_1_839' title='bbox 2895 5115 3130 5169; x_wconf 89' lang='lat' dir='ltr'><strong>homine.</strong></span> 
     </span>
    </p>
   </div>
   <div class='ocr_carea' id='block_1_109' title="bbox 1951 5205 3470 5277">
    <p class='ocr_par' dir='ltr' id='par_1_109' title="bbox 1951 5205 3470 5277">
     <span class='ocr_line' id='line_1_109' title="bbox 1951 5205 3470 5277; baseline -0.005 -12"><span class='ocrx_word' id='word_1_840' title='bbox 1951 5209 2066 5266; x_wconf 79' lang='lat' dir='ltr'><strong>A.0</strong></span> <span class='ocrx_word' id='word_1_841' title='bbox 2082 5210 2240 5264; x_wconf 84' lang='lat' dir='ltr'><strong>anilia</strong></span> <span class='ocrx_word' id='word_1_842' title='bbox 2255 5219 2580 5274; x_wconf 80' lang='lat' dir='ltr'><strong>commenta,</strong></span> <span class='ocrx_word' id='word_1_843' title='bbox 2600 5222 2883 5277; x_wconf 83' lang='lat' dir='ltr'><strong>merasque</strong></span> <span class='ocrx_word' id='word_1_844' title='bbox 2896 5220 3086 5276; x_wconf 84' lang='lat' dir='ltr'><strong>nugas,</strong></span> <span class='ocrx_word' id='word_1_845' title='bbox 3103 5205 3293 5270; x_wconf 86' lang='lat' dir='ltr'><strong>verba,</strong></span> <span class='ocrx_word' id='word_1_846' title='bbox 3307 5217 3470 5258; x_wconf 83' lang='lat' dir='ltr'><strong>voces</strong></span> 
     </span>
    </p>
   </div>
   <div class='ocr_carea' id='block_1_110' title="bbox 1901 5299 3471 5373">
    <p class='ocr_par' dir='ltr' id='par_1_110' title="bbox 1901 5299 3471 5373">
     <span class='ocr_line' id='line_1_110' title="bbox 1901 5299 3471 5373; baseline -0.001 -17"><span class='ocrx_word' id='word_1_847' title='bbox 1901 5314 2270 5373; x_wconf 63' lang='lat' dir='ltr'><strong>praetereaque</strong></span> <span class='ocrx_word' id='word_1_848' title='bbox 2296 5302 2462 5356; x_wconf 88' lang='lat' dir='ltr'><strong>nihil!</strong></span> <span class='ocrx_word' id='word_1_849' title='bbox 2493 5301 2775 5372; x_wconf 79' lang='lat' dir='ltr'><strong>Evigilate,</strong></span> <span class='ocrx_word' id='word_1_850' title='bbox 2805 5302 3101 5363; x_wconf 88' lang='lat' dir='ltr'><strong>temulenti,</strong></span> <span class='ocrx_word' id='word_1_851' title='bbox 3128 5315 3194 5352; x_wconf 79' lang='lat' dir='ltr'><strong>ex</strong></span> <span class='ocrx_word' id='word_1_852' title='bbox 3223 5299 3346 5352; x_wconf 88' lang='lat' dir='ltr'><strong>vino</strong></span> <span class='ocrx_word' id='word_1_853' title='bbox 3371 5313 3471 5354; x_wconf 65' lang='grc' dir='ltr'>νει-ι</span> 
     </span>
    </p>
   </div>
   <div class='ocr_carea' id='block_1_111' title="bbox 1904 5387 3469 5462">
    <p class='ocr_par' dir='ltr' id='par_1_111' title="bbox 1904 5387 3469 5462">
     <span class='ocr_line' id='line_1_111' title="bbox 1904 5387 3469 5462; baseline -0.004 -15"><span class='ocrx_word' id='word_1_854' title='bbox 1904 5403 2037 5457; x_wconf 82' lang='lat' dir='ltr'><strong>stro,</strong></span> <span class='ocrx_word' id='word_1_855' title='bbox 2059 5394 2252 5447; x_wconf 88' lang='lat' dir='ltr'><strong>merito</strong></span> <span class='ocrx_word' id='word_1_856' title='bbox 2265 5393 2385 5462; x_wconf 88' lang='lat' dir='ltr'><strong>quis</strong></span> <span class='ocrx_word' id='word_1_857' title='bbox 2409 5393 2674 5446; x_wconf 67' lang='lat' dir='ltr'><strong>haereticis</strong></span> <span class='ocrx_word' id='word_1_858' title='bbox 2687 5391 2964 5446; x_wconf 89' lang='lat' dir='ltr'><strong>occlamet.</strong></span> <span class='ocrx_word' id='word_1_859' title='bbox 2983 5391 3118 5459; x_wconf 86' lang='lat' dir='ltr'><strong>Quid</strong></span> <span class='ocrx_word' id='word_1_860' title='bbox 3137 5389 3301 5461; x_wconf 80' lang='lat'><strong>750</strong></span> <span class='ocrx_word' id='word_1_861' title='bbox 3321 5387 3469 5442; x_wconf 87' lang='lat' dir='ltr'><strong>veri-</strong></span> 
     </span>
    </p>
   </div>
   <div class='ocr_carea' id='block_1_112' title="bbox 1905 5482 3470 5552">
    <p class='ocr_par' dir='ltr' id='par_1_112' title="bbox 1905 5482 3470 5552">
     <span class='ocr_line' id='line_1_112' title="bbox 1905 5482 3470 5552; baseline -0.005 -13"><span class='ocrx_word' id='word_1_862' title='bbox 1905 5485 1999 5539; x_wconf 86' lang='lat' dir='ltr'><strong>tati</strong></span> <span class='ocrx_word' id='word_1_863' title='bbox 2029 5485 2137 5538; x_wconf 87' lang='lat' dir='ltr'><strong>vitn</strong></span> <span class='ocrx_word' id='word_1_864' title='bbox 2168 5482 2424 5538; x_wconf 77' lang='lat' dir='ltr'><strong>intertis?</strong></span> <span class='ocrx_word' id='word_1_865' title='bbox 2465 5494 2520 5539; x_wconf 90' lang='lat' dir='ltr'><strong>et</strong></span> <span class='ocrx_word' id='word_1_866' title='bbox 2549 5483 2851 5537; x_wconf 87' lang='lat' dir='ltr'><strong>divinorum</strong></span> <span class='ocrx_word' id='word_1_867' title='bbox 2876 5483 3182 5552; x_wconf 82' lang='lat' dir='ltr'><strong>dogmalutn</strong></span> <span class='ocrx_word' id='word_1_868' title='bbox 3215 5483 3470 5535; x_wconf 79' lang='lat' dir='ltr'><strong>virtutem</strong></span> 
     </span>
    </p>
   </div>
   <div class='ocr_carea' id='block_1_113' title="bbox 1901 5570 3473 5642">
    <p class='ocr_par' dir='ltr' id='par_1_113' title="bbox 1901 5570 3473 5642">
     <span class='ocr_line' id='line_1_113' title="bbox 1901 5570 3473 5642; baseline -0.004 -12"><span class='ocrx_word' id='word_1_869' title='bbox 1901 5576 2293 5640; x_wconf 85' lang='lat' dir='ltr'><strong>subvertentes,</strong></span> <span class='ocrx_word' id='word_1_870' title='bbox 2323 5587 2355 5627; x_wconf 86' lang='lat' dir='ltr'><strong>a</strong></span> <span class='ocrx_word' id='word_1_871' title='bbox 2377 5575 2461 5628; x_wconf 88' lang='lat' dir='ltr'><strong>via</strong></span> <span class='ocrx_word' id='word_1_872' title='bbox 2488 5571 2934 5642; x_wconf 77' lang='lat' dir='ltr'><strong>regia’deﬂcctitis</strong></span> <span class='ocrx_word' id='word_1_873' title='bbox 2957 5570 3181 5640; x_wconf 84' lang='lat' dir='ltr'><strong>?Neque</strong></span> <span class='ocrx_word' id='word_1_874' title='bbox 3219 5570 3387 5633; x_wconf 86' lang='lat' dir='ltr'><strong>enim,</strong></span> <span class='ocrx_word' id='word_1_875' title='bbox 3413 5577 3473 5624; x_wconf 85' lang='lat' dir='ltr'><strong>ut</strong></span> 
     </span>
    </p>
   </div>
   <div class='ocr_carea' id='block_1_114' title="bbox 2037 5771 3468 5838">
    <p class='ocr_par' dir='ltr' id='par_1_114' title="bbox 2037 5771 3468 5838">
     <span class='ocr_line' id='line_1_114' title="bbox 2037 5771 3468 5838; baseline 0.001 -10"><span class='ocrx_word' id='word_1_876' title='bbox 2037 5774 2084 5804; x_wconf 81' lang='lat'>“</span> <span class='ocrx_word' id='word_1_877' title='bbox 2115 5773 2242 5830; x_wconf 84' lang='lat' dir='ltr'><strong>ibid.</strong></span> <span class='ocrx_word' id='word_1_878' title='bbox 2277 5773 2367 5829; x_wconf 84' lang='lat'><strong>‘57.</strong></span> <span class='ocrx_word' id='word_1_879' title='bbox 2463 5773 2507 5807; x_wconf 72' lang='grc'>⁸⁷</span> <span class='ocrx_word' id='word_1_880' title='bbox 2533 5773 2654 5830; x_wconf 78' lang='lat' dir='ltr'><strong>Act.</strong></span> <span class='ocrx_word' id='word_1_881' title='bbox 2689 5788 2742 5838; x_wconf 61' lang='grc' dir='ltr'>κ,</span> <span class='ocrx_word' id='word_1_882' title='bbox 2778 5772 2866 5826; x_wconf 78' lang='lat'><strong>38.</strong></span> <span class='ocrx_word' id='word_1_883' title='bbox 2973 5772 3019 5803; x_wconf 77' lang='grc'><strong>⁸⁸</strong></span> <span class='ocrx_word' id='word_1_884' title='bbox 3053 5773 3070 5829; x_wconf 95' lang='lat'>|</span> <span class='ocrx_word' id='word_1_885' title='bbox 3099 5771 3225 5829; x_wconf 86' lang='lat' dir='ltr'><strong>Cor.</strong></span> <span class='ocrx_word' id='word_1_886' title='bbox 3253 5787 3369 5838; x_wconf 78' lang='lat' dir='ltr'><strong>rm,</strong></span> <span class='ocrx_word' id='word_1_887' title='bbox 3409 5771 3468 5829; x_wconf 85' lang='lat'><strong>6.</strong></span> 
     </span>
    </p>
   </div>
  </div>
