3846 6210
430 343 576 400 1515

1463 347 1520 400 S.
1560 347 1836 400 υιιιιιλιλι
1877 349 2346 407 ALEXANDRINI
2387 353 2709 410 Αιιοιιιιςι).

3563 367 3708 420 45-16

432 452 668 518 videtur,
685 449 921 507 Verbum
941 468 1068 507 raro
1087 451 1284 508 factum
1299 461 1400 518 est,
1417 456 1510 508 sed
1539 456 1716 525 potius
1733 455 2005 527 ἀνθρωπο-

2121 462 2309 528 τρίόου
2347 466 2448 532 τῆς
2487 464 2811 534 βασιλικῆςς
2857 467 3050 535 Γέγονε
3079 470 3186 541 γὰρ
3213 511 3226 533 ,
3262 471 3335 535 ὡς
3362 472 3564 539 ἔοικεν,
3602 479 3708 531 οὐκ

430 542 682 612 πολίτης,
701 543 802 597 hoc
827 553 930 608 est,
953 543 1189 598 hominis
1212 543 1482 608 incola,et
1508 548 1834 603 conveniens
1854 548 2014 603 fuerit

423 633 582 686 .illum
608 649 713 688 non
740 633 1012 689 hominem
1035 635 1130 689 sed
1164 635 1459 688 humanum
1483 651 1675 692 vocare
1708 655 1720 691 :
1759 641 2015 706 quemad-

439 723 658 778 modum
674 732 728 778 et
749 725 840 793 qui
857 722 1129 778 Nazareth
1147 725 1471 780 inhabitavit
1496 725 1811 784 Nazarenus
1838 731 2015 787 dictus

433 822 537 877 est,
575 828 678 867 non
709 812 1001 867 Nazareth.
1030 813 1284 880 Quinimo
1302 815 1435 868 nihil
1465 831 1686 885 prorsus
1715 819 2010 884 obstiterit,

427 906 480 958 si
523 915 885 960 commentum
919 905 1130 959 illorum
1163 921 1348 959 verum
1377 916 1491 971 est,
1531 909 1802 964 hominem
1830 913 2013 966 vocari

434 1013 537 1050 una
569 1013 689 1052 cum
710 997 846 1051 Filio
860 997 1021 1050 etiam
1039 995 1259 1051 Patrem
1281 1006 1333 1050 et
1355 996 1614 1066 Spiritum
1634 1002 2014 1056 sanctum.Ha-

430 1087 566 1142 bitat
593 1088 736 1142 enim
770 1088 821 1141 in
852 1088 1008 1141 nobis
1038 1103 1135 1156 per
1163 1086 1448 1157 Spiritum,
1475 1102 1678 1144 sanctae
1706 1099 1762 1144 et
1784 1096 2014 1146 consub-

427 1181 693 1235 stantialis
712 1179 994 1234 Trinitatis
1017 1179 1475 1248 plenitudo.Uude
1496 1190 1551 1235 et
1579 1180 1773 1237 Paulus
1796 1184 1969 1254 inquit
1998 1200 2012 1237 :

423 1293 451 1324 -‹
490 1274 571 1327 An
622 1275 845 1328 nescitis
879 1275 1017 1341 quod
1057 1273 1310 1340 templum
1343 1274 1439 1327 Dei
1495 1276 1654 1342 estis,
1694 1284 1749 1332 et
1783 1277 2014 1346 Spiritus

425 1366 522 1420 Dei
559 1367 820 1420 inhabitat
847 1365 898 1420 in
932 1367 1084 1420 vobis
1117 1366 1157 1398 ⁵³
1186 1366 1214 1418 .?
1244 1384 1262 1416 ι
1309 1366 1445 1431 Quin
1477 1377 1533 1422 et
1590 1368 1822 1437 ipsemet
1855 1369 2012 1424 Chri-

417 1467 542 1512 stus
571 1472 586 1509 :
622 1475 641 1508 ι
676 1456 732 1511 Si
766 1457 885 1526 quis
905 1467 1052 1511 amat
1081 1473 1186 1521 me,
1219 1472 1527 1513 sermonem
1558 1475 1734 1514 meum
1758 1464 2010 1526 servabit,

424 1554 479 1599 et
495 1545 656 1614 Pater
693 1561 842 1600 meus
867 1546 1048 1616 diliget
1077 1563 1197 1602 eum
1220 1588 1236 1612 ,
1263 1559 1316 1603 et
1339 1551 1640 1616 veniemus,
1673 1567 1737 1607 ac
1775 1557 2013 1609 mansio-

427 1653 552 1691 nem
589 1638 728 1708 apud
755 1654 874 1692 eum
909 1638 1170 1694 faciemus
1214 1640 1281 1693 δ’.
1323 1660 1342 1692 ›
1385 1641 1648 1697 Cancrum
1682 1645 1842 1698 Pater
1870 1648 2012 1700 nulla

427 1731 637 1784 ratione
679 1731 854 1786 dictus
895 1742 981 1786 est
1031 1733 1225 1796 homo,
1271 1742 1327 1785 ut
1360 1749 1458 1788 nec
1501 1735 1735 1804 Spiritus
1768 1749 2010 1804 sanctus,

2118 551 2198 604 ἔτι
2234 553 2336 621 μὲν
2370 554 2507 626 σάρξ
2536 558 2564 608 6
2595 558 2767 624 Λόγος
2797 559 2937 612 κατὰ
2959 559 3056 622 τὰς
3102 562 3320 630 Γραφάς
3347 605 3359 628 ,
3406 566 3707 638 ἀνθρωπο-

2117 643 2342 714 πολίτης
2373 644 2430 697 δὲ
2469 646 2690 716 μᾶλλον,
2727 649 2823 702 καὶ
2850 645 2918 721 ἦν
2956 651 3247 706 ἀκόλουθον
3282 655 3443 709 αὑτὸν
3488 657 3707 728 ἀνθρω-

2117 737 2274 788 παῖον
2323 737 2542 807 μᾶλλον,
2585 741 2685 793 οὐκ
2712 741 2995 813 ἄνθρωπον
3020 745 3407 814 ὀνομάζεσθαι,
3445 749 3705 822 καθάπερ

2117 829 2310 898 ἀμέλει
2351 831 2442 884 καὶ
2474 834 2502 885 6
2536 835 2872 904 κατοικήσας
2909 837 3008 906 τὴν
3055 837 3340 909 Ναζαρὲτ,
3375 841 3706 914 Ναζωραῖος

2117 922 2427 991 ὠνόμασται
2447 966 2462 989 ,
2493 925 2588 978 καὶ
2611 927 2670 978 οὐ
2713 927 2985 996 Ναζαρέτ.
3027 931 3214 1001 Ετργει
3245 933 3324 996 δὲ,
3353 930 3530 1004 οἶμαι,
3564 953 3706 989 παν-

2118 1013 2288 1076 τελῶς
2321 1015 2493 1080 οὐδὲν,
2517 1015 2676 1087 εἴπερ
2709 1012 2767 1071 εῦ
2800 1018 2945 1088 ἔχειν
2971 1020 3176 1073 ,οἴονται
3207 1022 3267 1075 τὸ
3301 1025 3484 1092 σφίσιν
3512 1027 3704 1088 αὐτοῖς

2116 1100 2392 1164 ἀσυνέτως
2436 1102 2819 1174 ἐξευρημένον,
2854 1107 3144 1178 ἄνθρωπον
3189 1111 3556 1182 ὀνομάζεσθαι
3601 1116 3704 1168 σὺν

2118 1191 2233 1261 Υίῷ
2273 1192 2364 1245 τὸν
2412 1196 2635 1266 Πατέρα
2676 1199 2772 1250 καὶ
2798 1200 3020 1269 προσέτι
3067 1201 3127 1256 τὸ
3165 1203 3386 1274 Πνεῦμα
3427 1207 3488 1259 τὸ
3520 1208 3706 1273 ἅγιον.

2118 1285 2378 1338 Κατοικεῖ
2407 1287 2512 1358 γὰρ
2541 1289 2598 1342 ὲν
2629 1290 2759 1359 ἡμῖν
2797 1291 2884 1344 διὰ
2909 1291 3005 1345 τοῦ
3035 1294 3373 1362 Πνεῦματος,
3410 1299 3511 1368 τῆς
3534 1299 3707 1366 ἁγίας

2115 1394 2175 1428 τε
2210 1378 2303 1428 καὶ
2342 1381 2628 1449 όμοουσίου
2662 1384 2889 1453 Τριάδος
2936 1386 2996 1439 τὸ
3028 1387 3319 1458 πλήρωμα.
3357 1391 3464 1444 Καὶ
3497 1392 3636 1458 γοῦν
3677 1394 3706 1444 6

2119 1470 2326 1534 Παῦλός
2358 1490 2544 1543 φησιν·
2583 1496 2600 1525 ι
2633 1478 2748 1529 Οὐκ
2774 1477 2950 1530 οἴδατε
2981 1480 3060 1533 ὅτι
3093 1482 3220 1544 ναὸς
3252 1483 3388 1534 Θεοῦ
3417 1487 3563 1548 ἐστε,
3597 1487 3699 1538 καὶ

2114 1561 2175 1612 τὸ
2223 1564 2449 1634 Πνεῦμα
2492 1566 2584 1620 τοῦ
2627 1568 2762 1621 Θεοῦ
2791 1575 3036 1624 κατοικεῖ
3075 1575 3133 1625 ὲν
3175 1574 3336 1642 ὑμῖν;
3375 1595 3391 1624 ι
3438 1577 3550 1630 Καὶ
3587 1577 3704 1648 μὴν

2115 1655 2210 1707 καὶ
2239 1657 2446 1720 αὑτὸςὸ
2469 1661 2736 1729 Χριστὸς,
2766 1681 2782 1714 ι
2809 1664 2935 1718 Ἐάν
2961 1682 3044 1728 τις
3075 1667 3263 1737 ἀγαπᾷ
3296 1687 3382 1738 με,
3419 1668 3512 1722 τὸν
3541 1670 3705 1738 λόγον

2119 1765 2220 1817 μου
2249 1752 2502 1821 τηρήσει,
2536 1756 2626 1807 καὶ
2653 1756 2681 1807 6
2711 1757 2901 1829 Πατήρ
2944 1776 3045 1828 μου
3078 1763 3355 1831 ἀγαπήσει
3383 1763 3568 1828 αὐτὸν,
3605 1765 3705 1818 καὶ

423 1819 550 1888 quia
578 1819 632 1872 in
679 1820 834 1875 nobis
869 1820 1199 1877 habitarunt.
1254 1822 1359 1877 Sed
1391 1825 1621 1879 irrident
1652 1828 1736 1881 isti
1766 1829 2005 1884 incarna-

2119 1842 2468 1913 ἐλευσόμεθα,
2521 1848 2616 1900 καὶ
2660 1849 2832 1922 μονὴν
2899 1853 3029 1922 παρ’
3068 1854 3214 1924 αὑτῷ
3268 1857 3632 1926 ποιησόμεθα.
3681 1876 3698 1907 ι

417 1913 586 1967 tionis
617 1914 930 1983 mysterium
959 1916 1093 1969 adeo
1131 1925 1274 1969 recta
1297 1926 1458 1986 atque
1484 1920 1786 1974 veneranda
1831 1919 2015 1976 Eccle-

415 2005 520 2057 site
563 2004 814 2073 dogmata
859 2005 928 2060 ad
960 2007 1256 2061 absurdum
1288 2007 1691 2077 detorquentes.
1728 2012 1798 2067 At
1830 2025 2012 2067 nostra

426 2113 640 2152 rursum
690 2099 947 2166 procedat
991 2099 1200 2167 oratio,
1241 2102 1458 2157 omissis
1507 2102 1719 2157 illorum
1778 2106 2009 2160 deliriis.

423 2187 483 2243 Si
507 2189 650 2244 enim
688 2190 808 2246 ideo
838 2191 1094 2246 miracula
1125 2193 1330 2258 edidit,
1359 2193 1482 2263 quia
1512 2193 1746 2250 Verbum
1787 2197 1842 2250 in
1891 2197 2008 2268 ipso

422 2289 579 2347 erat,
610 2297 773 2334 unum
809 2283 1039 2350 aliquem
1080 2293 1390 2338 sanctorum
1418 2287 1801 2356 prophetarum
1833 2288 2009 2358 ipsum

422 2387 542 2427 esse
573 2381 834 2427 statuunt.
885 2373 1019 2428 Nam
1047 2386 1100 2428 et
1129 2376 1386 2430 miracula
1414 2393 1512 2446 per
1553 2394 1742 2434 manus
1780 2383 2013 2450 prophe-

427 2475 601 2516 tarttm
631 2464 819 2519 edidit.
876 2465 932 2518 Si
963 2481 1090 2520 vero
1129 2467 1181 2520 in
1217 2468 1303 2521 his
1336 2468 1529 2520 Filium
1578 2479 1848 2533 statuuttt,
1882 2487 2010 2540 pro-

421 2557 650 2627 pheticae
703 2559 816 2613 sive
870 2559 1178 2628 apostolicae
1214 2560 1538 2614 conditionis
1568 2561 1745 2630 ipsum
1781 2562 2007 2618 faciunt.

2136 1933 2272 1983 Ἀλλ’
2302 1935 2514 2005 εἴρηται
2549 1939 2646 2007 μὲν
2680 1942 2931 2011 οὐδαμῶς
2962 1943 3248 2014 ἅνθρωπος
3274 1949 3303 1998 6
3336 1948 3550 2018 Πατὴρ,
3573 1948 3702 2002 οὔτε

2125 2021 2230 2089 μὴν
2260 2022 2320 2074 τὸ
2345 2025 2570 2094 Πνεῦμα
2599 2029 2659 2080 τὸ
2686 2029 2862 2098 ἅγιον,
2905 2032 2992 2085 διά
3020 2033 3080 2086 τὸ
3113 2039 3391 2089 κατοικεῖν
3437 2038 3498 2089 ἐν
3544 2039 3699 2108 ἡμῖν.

2121 2112 2324 2166 Γελῶσι
2364 2116 2421 2168 δὲ
2450 2111 2596 2172 οῦτοι
2623 2121 2722 2191 τῆς
2755 2123 3223 2195 ὲνανθρωπήσεως
3265 2128 3326 2179 τὸ
3374 2131 3700 2200 μυστήριον.

2121 2206 2541 2276 περιτρέποντες
2588 2213 2666 2274 είς
2713 2212 2775 2264 τὸ
2820 2214 3032 2284 ἀπηχὲς
3093 2214 3160 2267 τὰ
3207 2213 3379 2278 οὕτως
3420 2216 3559 2286 όρθά
3606 2218 3705 2270 καὶ

2114 2295 2448 2360 ἁξιάκουστα
2478 2301 2918 2375 τῆςῈκκλησίας
2947 2306 3210 2376 δόγματα.
3240 2308 3382 2377 Πλὴν
3409 2310 3510 2360 ἴτω
3541 2309 3706 2362 πάλιν

2114 2390 2244 2458 ἡμῖν
2295 2390 2436 2443 κατά
2481 2392 2608 2463 ῥοῦν
2649 2396 2677 2446 6
2720 2394 2910 2462 λόγος,
2963 2401 3075 2459 τοῖς
3119 2399 3340 2450 ἐκείνων
3376 2401 3598 2468 ἐμετοῐς
3647 2401 3707 2451 τὸ

2115 2482 2328 2548 χαιρεῖν
2358 2480 2547 2535 εἰπών.
2579 2483 2646 2536 El
2675 2484 2804 2556 γάρ,
2830 2485 3060 2555 ἐπείπερ
3088 2482 3154 2556 ἦν
3184 2489 3211 2539 6
3237 2488 3410 2555 Λόγος
3443 2492 3499 2540 ἐν
3532 2489 3702 2560 αὐτῷ,

2120 2571 2364 2638 σημείων
2409 2573 2634 2642 γέγονεν
2668 2577 3056 2648 ἀποτελεστὴς,
3106 2579 3199 2631 ’ἐνα
3249 2598 3350 2632 που
3397 2579 3542 2648 τάχα
3596 2581 3706 2632 τῶν

423 2651 594 2719 ἁγίων
631 2652 926 2724 προφητῶν
980 2669 1146 2722 φασιν
1193 2653 1376 2707 αὐτόν.
1428 2655 1733 2726 Ἐνήργηκε
1773 2657 1883 2728 γὰρ
1921 2658 2010 2712 διὰ
2051 2663 2233 2733 χειρὸς
2277 2667 2448 2735 ἁγίων
2518 2669 2616 2732 τὰς
2651 2669 2968 2741 θεοσημίας.
3020 2671 3080 2724 Εἰ
3111 2671 3166 2725 δὲ
3197 2673 3252 2724 ὲν
3318 2671 3531 2737 τούτοις
3565 2669 3705 2727 εἷναί

424 2766 558 2817 φασι
601 2749 690 2802 τὸν
725 2750 873 2816 Υἱὸν,
922 2750 981 2803 ὲν
1035 2753 1394 2820 προφητικοῖς
1444 2751 1607 2804 αὑτὸν
1657 2754 1823 2822 ἤγουν
1873 2755 2248 2826 ἀποστολικοῖς
2280 2767 2707 2836 κατακομίςουσι
2737 2769 2977 2839 μέτροις.

491 2847 553 2899 Β.
581 2844 771 2899 Nonne
803 2846 971 2910 enim,
1004 2845 1254 2914 inquiunt
1275 2885 1289 2910 ,
1327 2847 1504 2901 dictus
1535 2856 1617 2901 est
1662 2850 1922 2918 propheta
1955 2863 2009 2907 et

421 2938 695 3006 apostolus
722 2938 745 2990 ?
774 2936 958 3006 Neque
995 2938 1142 2991 enim
1180 2937 1403 2993 falleris.
1713 2988 1717 2993 .

494 3030 559 3082 A.
593 3027 802 3098 Moyses
832 3027 1049 3096 quidem
1078 3030 1213 3084 dixit
1236 3030 1300 3085 iis
1329 3032 1419 3100 qui
1449 3042 1606 3086 erant
1647 3047 1714 3087 ex
1746 3035 2008 3106 sanguine

2191 2858 2248 2911 Β.
2267 2860 2339 2911 Οὐ
2366 2861 2474 2932 γάρ
2505 2861 2742 2932 εἴρηται,
2763 2863 2914 2932 φασὶ,
2943 2864 3228 2934 προφήτης
3249 2861 3341 2916 καὶ
3371 2862 3703 2932 ἀπόστολοςξς

2116 2950 2216 3003 οὐκ
2241 2951 2307 3005 ἂν
2331 2951 2670 3022 διαψεύσαιο.

2186 3047 2250 3097 Λ.
2304 3046 2363 3098 Ὁ
2393 3047 2598 3117 Μωσῆς
2647 3047 2745 3117 μὲν
2779 3047 2880 3119 ἔφη
2928 3051 3040 3112 τοῖς
3089 3048 3147 3115 ἐξ
3181 3048 3415 3119 αἵματος
3453 3049 3700 3120 Ἰσραήλ’

423 3120 587 3184 Israel
621 3137 633 3172 :
669 3138 687 3171 ι
727 3121 1052 3190 Prophetam
1080 3124 1231 3177 vobis
1267 3125 1553 3179 suscitabit
1579 3124 1837 3180 Dominus
1870 3129 2005 3183 Deus

2123 3157 2140 3187 ι
2179 3139 2471 3211 Προφήτην
2503 3140 2632 3210 ὑμῖν
2670 3141 2968 3211 ἀναστήσει
3010 3141 3215 3212 Κύριος
3241 3143 3269 3192 ὀ
3294 3141 3426 3204 Θεὸς
3450 3142 3611 3212 ὑμῶν
3641 3145 3703 3194 ἐκ

420 3222 602 3267 vester
633 3227 695 3266 ex
734 3211 994 3267 fratribus
1035 3215 1265 3282 vestris,
1302 3216 1440 3270 sicut
1483 3232 1566 3272 me
1611 3217 1677 3271 ⁸³.
1716 3237 1734 3269 ι
1790 3219 1927 3285 Quin
1959 3233 2014 3276 et

422 3303 635 3358 divinus
703 3303 900 3358 Paulus
963 3305 1194 3361 scribit:
1235 3325 1253 3355 ι
1305 3307 1493 3374 Unde,
1552 3309 1749 3366 fratres
1815 3314 2010 3380 sancti,

422 3392 720 3448 vocationis
735 3392 972 3449 caelestis
993 3395 1305 3464 participes,
1333 3398 1675 3454 considerate
1713 3402 2011 3470 aposmlum

422 3493 477 3539 et
504 3484 810 3554 pontificem
840 3486 1194 3542 confessionis
1232 3498 1432 3544 nostrae
1460 3487 1642 3544 Iesum
1667 3491 1735 3546 ".
1774 3511 1792 3543 ›
1824 3493 2013 3549 Dicant

422 3578 639 3646 itaque,
681 3577 1022 3648 interrogabo
1048 3579 1217 3644 enim,
1257 3596 1385 3634 num
1421 3582 1595 3637 cuivis
1627 3584 1829 3638 homini
1867 3586 2007 3640 laudi

421 3667 514 3729 sit,
552 3667 848 3736 prophetia;
895 3667 1088 3737 gratia,
1120 3667 1235 3723 sive
1265 3671 1560 3736 apostolico
1595 3688 1818 3729 munere
1848 3676 2010 3730 dece-

421 3758 553 3824 rari,
608 3757 791 3812 vocari
831 3773 960 3814 vero
986 3760 1151 3814 etiam
1178 3762 1485 3829 pontificem
1513 3764 1536 3816 ?

490 3957 552 4014 B.
606 3957 680 4011 lta
709 3973 925 4015 censeo.

489 4050 555 4104 A.
593 4051 752 4119 Atqui
803 4052 918 4106 Ittec
973 4053 1164 4121 exigua
1215 4066 1378 4125 atque
1439 4058 1654 4128 indigna
1695 4060 2006 4130 iudicentur

417 4156 537 4195 esse
566 4142 804 4207 Christo,
831 4153 1101 4213 quatenus
1132 4157 1220 4200 est
1250 4148 1411 4202 Deus.
1469 4150 1710 4207 Tametsi
1761 4168 1858 4222 per
1888 4156 2003 4210 haec

417 4234 531 4302 ipse
585 4244 842 4288 cernatur
910 4237 1254 4304 exinanitus,
1307 4250 1364 4297 et
1408 4257 1515 4296 una
1585 4259 1705 4297 cum
1765 4245 2000 4302 humana

415 4331 607 4377 natura
658 4337 720 4378 ea
748 4324 1045 4394 accepisse.
1090 4326 1552 4391 Quemadmodum
1599 4348 1725 4388 vero
1765 4351 1887 4390 cum
1930 4337 2002 4392 sit

415 4424 606 4469 natura
625 4413 786 4480 Deus,
809 4426 863 4470 et
881 4432 1006 4472 vere
1026 4419 1301 4487 Dominus,
1324 4423 1546 4477 fortnam
1578 4425 1733 4495 75]
1750 4429 1891 4483 servi
1913 4446 2001 4485 ac-

2116 3230 2223 3284 τῶν
2263 3231 2508 3301 ἀδελφῶν
2555 3233 2739 3304 ὑμῶν,
2786 3234 2860 3297 ὡς
2899 3234 3020 3305 ἐμέ.
3056 3254 3074 3286 ι
3117 3235 3367 3305 Γέγραφε
3414 3235 3472 3288 δὲ
3529 3237 3628 3288 καὶ
3675 3239 3702 3289 6

2117 3325 2404 3389 θεσπέσιος
2434 3325 2648 3390 Παῦλος
2675 3343 2690 3358 ο
2719 3347 2735 3379 ι
2775 3328 2958 3391 Ὥστε,
2991 3327 3212 3396 ἀδελφοὶ
3243 3327 3410 3395 ἆγιοι,
3447 3326 3702 3398 κλήσεως

2114 3417 2437 3486 ἐπουρανίου
2480 3418 2720 3488 μέτοχοι,
2747 3420 3122 3489 κατανοήσατε
3145 3419 3235 3474 τὸν
3270 3419 3571 3473 ἀπόστολον
3604 3419 3701 3473 καὶ

2113 3511 2374 3580 ἀρχιερέα
2411 3510 2511 3579 τῆς
2538 3510 2826 3580 ὁμολογίας
2853 3513 2883 3580 ἡ
2895 3511 3012 3580 μῶν
3050 3511 3282 3582 Ἰησοῦν.
3316 3531 3333 3563 ι
3370 3510 3699 3581 Φραζόντων

2111 3603 2175 3673 δὴ
2204 3598 2318 3668 οῦν,
2354 3603 2625 3673 ἐρήσομαι
2651 3602 2780 3673 γὰρ,
2811 3599 2898 3672 ἆρ’
2935 3603 3001 3656 ἂν
3029 3603 3236 3672 γένοιτο
3269 3601 3404 3673 πρὸς
3439 3601 3698 3666 εὐκλείας

2110 3693 2383 3764 ἀνθρώπῳ
2435 3695 2598 3746 παντὶ
2643 3694 2743 3763 τῆς
2796 3695 3132 3765 προφητείας
3185 3696 3217 3765 ἠ
3273 3694 3470 3763 χάρις,
3525 3696 3696 3763 ἤγουν

2111 3787 2484 3841 ἀποστολικῶν
2527 3786 2824 3858 ἀξιωθῆναι
2869 3788 3079 3860 γερῶν,
3129 3787 3469 3860 χρηματίσαι
3504 3786 3562 3840 δὲ
3599 3787 3695 3844 καὶ

2112 3880 2392 3952 ίερουργόν
2410 3899 2424 3948 ;

2181 3973 2238 4026 Β.
2277 3973 2444 4043 Φημί.

2176 4065 2239 4115 Λ.
2285 4063 2446 4115 Ἀλλὰ
2475 4063 2635 4116 ταυτὶ
2654 4063 2717 4135 δὴ
2759 4066 2931 4135 μιλιρά
2962 4064 3054 4117 καὶ
3079 4065 3178 4116 οὐκ
3202 4062 3507 4133 ἀξιὸληπτα
3529 4065 3692 4133 φαῖεν

2105 4153 2173 4206 ἂν
2205 4150 2344 4206 εἶναι
2380 4156 2622 4225 Χριστῷ,
2657 4155 2794 4209 καθὸ
2823 4160 3021 4210 νοεῖται
3047 4157 3199 4223 Θεὸς,
3234 4156 3335 4210 κᾶν
3360 4155 3450 4210 διὰ
3477 4155 3692 4208 τούτων

2104 4245 2286 4298 αὐτῶν
2311 4248 2502 4317 ὁρᾶται
2537 4249 2910 4318 κεκενωμένος
2945 4290 2959 4314 ,
2990 4251 3083 4303 καὶ
3111 4249 3251 4319 μετὰ
3279 4250 3376 4320 τῆς
3402 4248 3693 4319 ἀνθρωπό-

2102 4355 2262 4408 τητος
2313 4338 2492 4392 λαϐὼν
2547 4340 2706 4393 αὑτά.
2756 4341 2968 4411 ’Ὠσπερ
3001 4343 3059 4395 δὲ
3101 4341 3232 4405 826.;
3265 4339 3340 4394 ὢν
3380 4343 3544 4409 φύσει
3592 4339 3692 4391 καὶ

2102 4429 2308 4500 Κύριος
2333 4431 2550 4501 ἀληθῶς
2574 4472 2589 4495 ,
2640 4432 2797 4485 ἔλαϐε
2826 4433 3014 4486 δούλου
3059 4434 3294 4504 μορφὴν,
3330 4432 3422 4485 καὶ
3451 4433 3512 4484 έν
3542 4431 3690 4502 αὐτῇ

413 4506 576 4576 cepit,
609 4516 795 4576 utpote
823 4509 877 4561 in
909 4523 972 4563 ea
1003 4521 1194 4578 natus,
1228 4525 1281 4567 et
1312 4526 1494 4570 nostra
1531 4523 1821 4590 assumpsit
1859 4539 1874 4576 :
1923 4525 1996 4577 ita

2118 4522 2344 4592 γεγονὼς
2371 4566 2386 4591 ,
2419 4527 2514 4578 καὶ
2559 4527 2617 4577 ἐν
2668 4525 2969 4597 προσλήψει
3017 4526 3126 4579 τῶν
3158 4525 3280 4578 καθ’
3313 4527 3492 4594 ἡμᾶς,
3541 4524 3692 4578 οὕτω

413 4612 627 4666 quoque
676 4609 730 4682 et
776 4601 1073 4670 pr0pltetiac
1115 4606 1358 4673 spiritum
1411 4609 1592 4675 dedit,
1622 4621 1676 4664 ct
1721 4616 1995 4683 apostolos

411 4691 786 4758 constituens,
839 4702 894 4747 et
943 4695 1220 4762 pontifices
1265 4713 1494 4763 creatis,
1545 4701 1715 4757 factus
1770 4715 1853 4759 est
1902 4721 1996 4775 per

410 4784 591 4836 omnia
641 4783 836 4838 similis
894 4785 1166 4843 fratribus.
1234 4788 1311 4842 Ita
1349 4793 1493 4846 enim
1537 4808 1758 4852 vocatus
1798 4808 1884 4853 est
1940 4809 1995 4854 et

410 4875 690 4945 propheta,
719 4885 773 4928 et
797 4877 1094 4944 apostolus,
1123 4889 1175 4932 et
1210 4884 1470 4950 pontifex.

482 4961 540 5014 Β.
575 4963 865 5030 (Steterunt,
887 4970 1125 5022 utetiam
1151 4971 1280 5024 dent
1311 4974 1481 5041 ipsum
1502 4993 1619 5031 esse
1647 4979 1989 5048 prophetam,

408 5071 516 5112 non
552 5067 804 5126 tauquam
837 5077 1004 5117 unum
1050 5080 1114 5118 ex
1175 5068 1451 5134 prophetis
1506 5069 1711 5123 factum
1780 5073 1986 5138 dicunt,

409 5151 502 5204 sed
529 5151 705 5220 potius
728 5151 884 5223 longe
911 5153 1027 5207 illos
1047 5169 1326 5224 superare.
1359 5157 1422 5210 Hi
1486 5160 1628 5212 enim
1679 5173 1881 5217 certam
1929 5179 1993 5220 ac

409 5241 685 5295 deﬁnitam
733 5259 828 5312 pro
853 5262 916 5298 eo
947 5259 1010 5298 ac
1052 5247 1228 5301 visum
1284 5247 1384 5302 fuit
1412 5249 1520 5304 Deo
1541 5253 1768 5320 gratiam
1798 5269 1990 5310 conse-

408 5337 514 5390 cuti
551 5346 698 5405 sunt,
725 5349 778 5392 et
815 5355 934 5408 quae
962 5341 1011 5394 in
1041 5351 1282 5410 tempore
1302 5343 1435 5412 ipsis
1474 5349 1674 5401 aecidit
1704 5364 1717 5399 :
1751 5348 1839 5402 hic
1860 5363 1990 5402 vero

409 5429 597 5496 plenus
615 5441 736 5483 erat
772 5429 999 5487 Deitatis
1025 5435 1189 5488 etiam
1226 5451 1292 5490 ex
1326 5439 1436 5505 ipsa
1466 5440 1650 5494 statim
1685 5441 1987 5498 ttativitate.

414 5522 603 5578 aderat
632 5520 775 5574 enim
808 5523 907 5591 ipsi
937 5524 1074 5579 Deus
1093 5527 1361 5584 exsistens
1391 5528 1641 5585 Verbum.

475 5611 540 5662 Α.
575 5611 709 5683 Ergo
730 5615 1030 5683 quantitate
1054 5618 1260 5686 gratiae,
1279 5629 1332 5675 et
1366 5621 1982 5693 longinquitatetempo-

2102 4615 2196 4666 καὶ
2224 4615 2324 4684 τῆς
2351 4617 2691 4686 προφητείας
2731 4618 2790 4669 τὸ
2819 4617 3044 4687 Πνεῦμα
3072 4618 3275 4681 διδοὺς,
3309 4617 3403 4669 καὶ
3445 4618 3692 4670 ἀποστό-

2101 4705 2224 4768 λους
2255 4705 2597 4773 ἀναδεικνὺς,
2629 4709 2723 4760 καὶ
2756 4708 3021 4771 καθιστὰς
3048 4707 3387 4779 ἱερουργοὺς,
3416 4705 3688 4778 ὡμοιώθη

2100 4797 2243 4850 κατὰ
2275 4799 2452 4851 πάντα
2479 4802 2592 4862 τοῖς
2626 4800 2906 4869 ἀδελφοῖς·
2939 4799 3230 4870 ὠνομάσθη
3260 4799 3368 4868 γὰρ
3394 4798 3564 4862 οὕτω,
3589 4801 3690 4851 καὶ

2101 4893 2406 4961 προφήτης,
2443 4893 2536 4946 καὶ
2564 4893 2861 4956 ἀπόστολος
2883 4935 2896 4957 ,
2934 4895 3027 4946 καὶ
3057 4894 3369 4964 ἀρχιερεύς.

2168 4983 2228 5036 Β.
2287 4984 2422 5036 Ἀλλ’
2455 4987 2504 5038 εἰ
2545 4986 2636 5038 καὶ
2680 4986 2820 5040 δοῖεν
2851 4987 3012 5041 αὐτὸν
3041 4983 3178 5041 εἶναι
3221 4990 3509 5059 προφήτην
3533 5033 3548 5056 ,
3583 4991 3686 5060 οὐχ

2097 5076 2172 5139 ὡς
2201 5077 2298 5130 ἕνα
2326 5077 2436 5131 τῶν
2468 5079 2764 5149 προφητῶν
2796 5080 3048 5148 γενέσθαι
3079 5081 3262 5149 φασὶν,
3312 5080 3681 5152 ὑπερκεῖσθαι

2088 5165 2145 5219 δὲ
2189 5167 2392 5236 μᾶλλον
2431 5170 2566 5223 πολὺ
2609 5171 2677 5223 τά
2724 5172 2967 5226 ἐκείνων.
3001 5173 3064 5224 Οἱ
3095 5173 3192 5241 μὲν
3221 5171 3350 5244 γὰρ,
3391 5190 3678 5244 μεμετρήο

2093 5258 2260 5329 μένην
2302 5260 2446 5313 κατά
2469 5261 2530 5314 τὸ
2561 5261 2636 5332 τῷ
2675 5262 2796 5332 Θεῴ
2827 5264 3019 5317 δοκοῦν
3064 5265 3334 5335 ἐσχήκασι
3363 5267 3551 5337 χάριν,
3581 5268 3678 5319 καὶ

2091 5353 2148 5404 ἐν
2171 5353 2347 5423 χρόνῳ
2379 5355 2824 5425 προσγενομένην
2849 5358 3032 5422 αὺτοῖς
3056 5374 3068 5386 ·
3091 5360 3119 5410 6
3142 5357 3195 5410 δὲ
3230 5358 3444 5429 πλήρης
3475 5354 3548 5430 ἦν
3575 5359 3677 5428 τῆς

2091 5443 2363 5515 θεότητος,
2397 5446 2490 5498 καὶ
2520 5446 2577 5513 ἐξ
2608 5447 2776 5518 αὐτῆς
2812 5449 2975 5514 εὐθὺς
3001 5451 3098 5520 τῆς
3128 5453 3437 5522 γεννήσεως
3460 5469 3472 5481 ·
3507 5451 3676 5520 συνῆν

2088 5537 2196 5607 γὰρ
2223 5535 2370 5608 αὐτῷ
2397 5537 2530 5602 Θεὸς
2561 5539 2634 5592 ὢν
2662 5543 2691 5592 6
2726 5541 2918 5610 Λόγος.

2161 5630 2224 5681 Λ.
2267 5629 2477 5683 Οὐκοῦν
2522 5633 2580 5683 ἐν
2635 5631 2898 5703 ποσότητι
2949 5634 3207 5706 χάριτος,
3252 5638 3350 5693 καὶ.
3397 5637 3461 5692 ἐν
3506 5638 3676 5707 μήκει

470 5791 512 5823 ⁸³
545 5789 713 5847 lCor.
748 5809 828 5859 ιιι,
898 5798 982 5850 16.
1061 5799 1106 5830 ⁸³
1146 5797 1297 5852 Joan.
1328 5815 1434 5866 xw,
1467 5798 1555 5855 25.
1636 5800 1680 5834 ⁵³
1717 5803 1874 5860 Deut.
1915 5823 1998 5862 xvt

2118 5807 2185 5862 ιδ.
2259 5809 2313 5881 ’δι
2351 5806 2515 5864 llebr.
2553 5825 2635 5875 ιιι,
2667 5811 2714 5864 l.
