3846 6210
172 363 296 418 1517

1279 362 1466 429 QUOD
1509 361 1689 418 mus
1728 361 1834 417 sn
1874 347 2236 418 'cumsrus.

3265 367 3402 425 1518

165 475 350 546 καιροῦ
393 475 849 546 πεπλεονέκτηκεν
881 477 910 528 6
937 476 1190 548 Χριστὸς,
1245 479 1372 538 τοὺς
1405 479 1512 547 πρὸ
1548 479 1711 531 αὑτοῦ

1832 480 1892 533 ris
1923 481 2192 548 superavit
2222 477 2472 534 Christus
2511 493 2605 535 eos
2638 480 2729 550 qui
2767 488 2890 536 ante
2942 481 3116 551 ipsum
3178 485 3403 539 exstite-

165 568 442 637 γεγονότας
497 569 678 636 ἁγίους
729 570 1012 640 προφήτας
1041 611 1055 634 ,
1104 571 1198 622 καὶ
1253 571 1413 625 τοῦτό
1452 573 1600 624 ὲστιν
1658 573 1715 624 ὲν

161 657 307 727 αὑτῴ
341 659 398 710 τὸ
431 657 719 728 ἐξαίρετον.
769 660 1062 730 Πρόκειται
1111 661 1167 712 δὲ
1214 661 1714 732 πολυπραγμονεῖν,

161 751 210 804 εί
251 751 526 820 προφήτης
569 750 740 813 ὅλως,
790 750 884 802 καὶ
932 751 1048 803 οὔτι
1095 769 1196 804 που
1242 753 1304 805 τὸ
1349 753 1612 824 μᾶλλονῆ
1657 753 1718 807 τὸ

164 844 306 912 μεῖον
334 841 538 912 ἔχων,ἢ
582 843 674 894 καὶ
709 842 1139 912 ὑπερκείμενος,
1172 844 1246 907 ὡς
1277 844 1334 897 ἐν
1374 862 1438 913 γε
1470 845 1548 916 τῷ
1578 841 1717 899 εἶναι

161 937 452 1006 προφήτην,
499 936 591 990 καὶ
631 935 710 1006 τῷ
743 935 817 1007 μὴ
846 937 989 1007 πέρα
1027 937 1224 1008 μέτρου
1255 939 1349 992 τοῦ
1383 939 1503 993 καθ’
1529 942 1713 1010 ἡμᾶς,

158 1027 216 1080 τὸ
250 1026 652 1097 σμικροπρεπές
675 1028 824 1080 ἐστιν
848 1027 1018 1098 αὐτῷ,
1044 1029 1148 1082 κᾶν
1177 1032 1225 1083 εξ
1257 1031 1516 1102 ἀπαρχῆς
1544 1035 1716 1084 νοοῖτο

157 1116 311 1170 τοῦτο
354 1118 628 1189 ὑπάρχων,
672 1118 922 1190 καθάπερ
971 1121 1162 1191 ἀμέλει
1204 1124 1298 1175 καὶ
1343 1125 1370 1175 6
1415 1124 1720 1194 Θαυμάσιος

157 1210 476 1282 Βαπτιστὴς,
505 1213 632 1283 περὶ
657 1206 716 1266 οὗ
742 1232 907 1286 φησιν
930 1215 958 1266 6
989 1217 1259 1286 μακάριος
1289 1215 1536 1283 ἄγγελος
1564 1237 1579 1267 ι
1608 1218 1717 1269 Καὶ

157 1303 466 1372 Πνεύματος
494 1306 647 1372 ἁγίου
680 1306 1052 1377 πλησθήσεται
1077 1307 1156 1358 ἔτι
1188 1309 1249 1359 ὲκ
1274 1308 1478 1372 κοιλίας
1513 1309 1718 1379 μητρὸς

156 1396 336 1450 αὑτοῦ.
371 1416 389 1448 ι
426 1394 554 1451 Εἶτα
589 1398 708 1460 πῶς
751 1401 778 1452 6
825 1399 921 1468 μὲν
949 1394 1016 1469 ἦν
1044 1399 1280 1468 οἰκέτης,
1323 1400 1351 1451 6
1391 1399 1447 1451 δὲ
1482 1403 1594 1462 τοῖς
1633 1401 1717 1452 63-

158 1493 427 1553 σποτικοῖς
455 1491 758 1562 ἀξιώμασιν
789 1491 1173 1562 ὲναϐρύνεται;
1223 1493 1333 1545 Καὶ
1384 1492 1578 1544 ἑαυτοῦ
1619 1493 1716 1561 μὲν

153 1581 296 1654 πέρι,
329 1583 488 1654 φησιν
533 1585 560 1635 6
591 1583 861 1654 μακάριος
911 1583 1198 1654 Ἰωάννης·
1241 1605 1257 1635 ι
1299 1585 1357 1636 '0
1397 1583 1472 1636 ὢν
1511 1585 1575 1637 ἐκ
1616 1585 1717 1654 τῆς

151 1675 272 1746 γῆς,
293 1675 356 1728 ὲκ
379 1676 475 1746 τῆς
505 1677 608 1746 γῆς
636 1676 800 1730 λαλεῖ,
838 1695 855 1726 ι
889 1677 1023 1747 Περὶ
1049 1676 1104 1728 δέ
1125 1694 1186 1744 γε
1213 1676 1306 1729 τοῦ
1344 1677 1713 1748 Ἐμμανουήλ*

156 1786 174 1818 ι
199 1768 254 1821 '0
285 1767 483 1821 ἄνωθεν
509 1769 823 1839 ἐρχόμενος,
853 1769 1038 1822 ἐπάνω
1074 1769 1291 1824 πάντων
1326 1769 1460 1824 ὲστί.
1500 1789 1520 1822 ›

218 1859 278 1914 Β.
307 1859 494 1914 Καίτοι
518 1863 674 1930 φαῖεν
704 1861 770 1915 ἂν
805 1859 956 1926 ἴσως,
985 1861 1191 1914 ἄνωθέν
1219 1879 1280 1914 τε
1308 1859 1470 1927 εἶναι,
1493 1863 1586 1916 καὶ¹
1613 1862 1719 1932 μὴν

151 1952 242 2005 καὶ
285 1951 467 2004 ἐπάνω
501 1951 738 2017 πάντων,
774 1951 865 2002 τὸν
916 1953 980 2004 ἐκ
1023 1951 1157 2004 Θεοῦ
1199 1953 1410 2023 Πατρός
1441 1955 1720 2023 πεφηνότα

151 2044 352 2110 Λόγον,
393 2043 592 2095 δεδίασι
641 2042 696 2094 δὲ
732 2043 1059 2113 προσνέμειν
1097 2043 1246 2114 αὐτῷ
1283 2045 1350 2098 τὰ
1384 2044 1717 2115 ἀνθρώπινα,

151 2135 224 2206 μὴ
251 2135 356 2206 ἄρα
390 2153 506 2196 πως
552 2134 788 2187 ἀδικοῖτο
825 2134 896 2187 δι’
931 2135 1132 2200 αὐτῶν,
1176 2138 1268 2190 καὶ
1299 2137 1720 2208 κατακομίζοιτο

146 2227 282 2300 πρὸς
327 2225 389 2279 τὸ
430 2225 706 2288 δυσκλεές.
755 2225 938 2300 Ταύτῃ
987 2244 1070 2280 τοι
1115 2228 1471 2282 διατείνονται
1531 2230 1720 2283 λαϐεῖν

146 2317 308 2373 αὑτὸν
340 2318 624 2388 ἄνθρωπον
644 2359 658 2382 ,
691 2318 868 2389 ἑαυτῷ
899 2336 958 2372 τε
991 2318 1179 2374 τοῦτον
1212 2321 1443 2390 συνάψαι
1463 2363 1476 2388 ,
1510 2324 1637 2393 περὶ
1661 2323 1718 2376 ὃν

147 2409 214 2465 ἂν
239 2411 450 2480 γένοιτό
483 2427 540 2462 τε
587 2409 682 2462 καὶ
722 2409 931 2480 λέγοιτο
958 2409 1027 2464 τά
1055 2411 1391 2482 ἀνθρώπινα.
1430 2415 1625 2468 Ἔσται
1665 2416 1721 2470 δὲ

145 2502 281 2566 ὅλως
319 2504 398 2565 είς
440 2501 537 2573 τὴν
587 2502 749 2556 αὑτοῦ
799 2502 894 2556 τοῦ
937 2503 1112 2572 Λόγου
1169 2503 1360 2573 φύσιν,
1414 2503 1477 2558 τὸ
1524 2505 1721 2576 βλάΰος

141 2593 318 2648 οὐδέν.

213 2685 278 2737 Α.
319 2681 550 2747 Οὐκοῦν,
600 2683 783 2754 ἕτερος
819 2684 916 2754 μὲν
963 2683 1412 2754 ὁμολογουμένως
1455 2685 1614 2739 νοοῖτ’
1656 2687 1720 2740 ἂν

141 2778 239 2832 καὶ
270 2776 480 2845 λέγοιτο
533 2779 662 2847 παρ’
709 2776 892 2838 αὑτὸν,
935 2777 963 2828 6
1010 2775 1273 2846 ληφθείς·
1307 2774 1444 2846 πλὴν
1493 2778 1551 2828 οῦ
1604 2781 1723 2840 ταῖς

145 2866 371 2920 ἐκείνων
395 2865 746 2935 ἀϐελτηρίαις
792 2863 1052 2934 ἑψόμεθα,
1079 2863 1201 2917 οὔτε
1240 2865 1344 2935 μὴν
1372 2866 1592 2935 ὁριστὰς
1621 2868 1720 2920 αὑ-

142 2959 270 3025 τοὺς
317 2959 412 3012 καὶ
447 2958 800 3029 καινοτόμους
839 2957 938 3027 τῆς
981 2957 1190 3010 ἑαυτῶν
1239 2959 1580 3029 ποιησόμεθα
1627 2961 1719 3013 πί-

147 3069 340 3116 στεως,
375 3050 469 3122 τὴν
500 3051 649 3120 ἱερὰν
681 3049 944 3120 παρέντες
978 3050 1016 3100 Γ
1022 3049 1228 3120 ραφὴν,
1268 3053 1360 3104 καὶ
1393 3051 1487 3122 τὴν
1518 3055 1582 3106 ὲκ
1614 3053 1722 3107 τῶν

1821 581 1949 626 runt
1975 583 2190 627 sanctos
2215 573 2503 642 prophetas
2536 591 2550 628 :
2586 582 2748 642 atque
2789 574 2890 628 hoc
2920 583 3004 629 est
3053 576 3103 628 iu
3140 575 3256 646 ipso
3281 578 3398 630 exi-

1822 664 2009 717 mium.
2037 663 2379 734 Propositum
2413 679 2542 719 vero
2576 674 2658 719 est
2679 665 2976 734 inquirere,
3009 683 3136 720 num
3165 670 3401 736 prophe-

1819 764 1872 809 ta
1897 756 2118 811 omnino
2143 756 2322 821 l'uerit,
2356 773 2461 812 non
2507 766 2684 811 autem
2715 773 2782 811 an
2845 757 3018 824 major
3061 768 3156 812 aut
3202 762 3402 825 minor,

1827 857 1923 902 aut
1966 849 2215 917 superior
2244 862 2258 900 :
2291 849 2364 903 ita
2395 857 2454 902 ut
2488 849 2541 903 in
2577 863 2639 904 eo
2672 851 2816 918 quod
2879 849 2949 902 sit
2998 852 3264 921 propheta
3290 893 3303 916 ,
3353 863 3408 906 et

1821 938 1964 1008 quod
1997 953 2101 992 non
2136 939 2624 994 excedatnostram
2683 939 3080 1004 conditionem,
3131 942 3442 996 humilitas:

1821 1027 1937 1096 ejus
1963 1030 2243 1092 consistat,
2285 1028 2497 1084 tametsi
2554 1030 2606 1084 i'd
2649 1031 2715 1085 ab
2772 1031 2931 1086 initio
2978 1032 3254 1087 exstitisse
3279 1047 3407 1086 cen-

1821 1130 2027 1185 scatur,
2052 1121 2188 1176 sicut
2219 1133 2272 1175 et
2295 1122 2510 1176 divinus
2546 1121 2802 1192 Baptista,
2828 1125 3014 1195 dequo
3043 1125 3176 1180 dicit
3207 1125 3397 1180 beatus

1823 1213 2080 1284 angelus:
2119 1233 2137 1266 ¢
2169 1213 2236 1267 Et
2291 1213 2496 1282 Spiritu
2539 1225 2727 1269 sancto
2787 1215 3082 1284 replebitur
3136 1216 3312 1271 adhuc
3349 1217 3406 1271 in

1822 1314 1977 1358 utero
2007 1307 2196 1359 matris
2222 1322 2332 1359 suae
2367 1307 2433 1358 ⁵⁸.
2484 1325 2502 1358 ι
2531 1307 2732 1362 Deinde
2757 1307 3030 1383 quompdo
3062 1307 3150 1362 hic
3171 1307 3392 1376 quidem

1822 1401 2173 1460 cratservus,
2207 1395 2295 1448 ille
2322 1410 2450 1449 vero
2495 1395 2776 1450 Dominica
2821 1395 3082 1465 dignitate
3137 1396 3405 1452 illustris?

1821 1484 1898 1539 Ac
1929 1484 1993 1539 de
2017 1486 2194 1554 seipso
2223 1486 2414 1540 beatus
2453 1485 2690 1542 Joannes
2717 1488 2790 1541 ita
2815 1488 2891 1542 ait
2919 1503 2933 1540 :
2969 1505 2988 1539 ι
3025 1487 3126 1555 Qui
3159 1503 3224 1542 ex
3257 1501 3404 1544 terra

1821 1585 1924 1641 est,
1965 1587 2177 1632 terrena
2210 1578 2474 1648 loquitur;
2510 1599 2528 1631 ι
2560 1580 2626 1633 de
2652 1580 3002 1636 Emmanuele
3035 1595 3166 1636 vero
3196 1601 3210 1636 :
3249 1601 3268 1634 ι
3296 1581 3402 1649 Qui

1822 1683 1852 1724 e
1877 1671 2124 1740 supernis
2149 1672 2312 1736 venit,
2351 1687 2513 1741 supra
2551 1687 2742 1728 omnes
2771 1682 2855 1728 est
2894 1675 2958 1726 ⁵⁸.
3004 1693 3022 1726 ι

1751 1833 1792 1888 Β
1895 1844 1954 1898 Β.
1987 1844 2150 1917 Atqui
2212 1849 2447 1903 dixerint
2492 1849 2725 1905 fortasse
2777 1866 2807 1906 e
2843 1853 3113 1920 supernis,
3145 1862 3200 1909 et
3243 1870 3406 1923 supra

1823 1957 2013 1998 onmes
2045 1957 2165 1996 esse
2202 1942 2432 1996 Verbum
2464 1956 2528 1996 ex
2562 1943 2671 1997 Deo
2695 1943 2856 1998 Patre
2887 1947 3126 2014 genitum
3158 1964 3172 2012 ;
3209 1963 3408 2002 veren-

1825 2043 1912 2088 tur
1952 2046 2129 2088 autem
2174 2034 2248 2088 illi
2305 2035 2544 2089 tribuere
2584 2032 2842 2103 humana,
2876 2052 2943 2090 ne
2990 2037 3164 2108 ipsum
3206 2039 3406 2109 injuria

1824 2125 2055 2191 afficere,
2108 2126 2443 2196 gloriamque
2489 2128 2656 2197 ipsius
2716 2128 3035 2184 innuiuuere
3087 2130 3394 2186 videantur.

1825 2218 2028 2272 Idcirco
2056 2219 2385 2273 contendunt
2420 2219 2592 2288 ipsum
2630 2235 2909 2275 assumere
2926 2221 3226 2287 hominem,
3257 2237 3405 2278 eum-

1824 2325 1926 2378 que
1956 2309 2416 2378 sibieonjungere,
2441 2311 2490 2363 in
2542 2325 2701 2379 quem
2762 2313 2957 2366 cadant
2991 2316 3134 2368 etde
3169 2330 3277 2384 quo
3326 2315 3410 2369 div

1825 2410 2017 2454 cantur
2061 2399 2294 2454 hominis
2329 2401 2685 2469 proprietates
2721 2419 2735 2468 ;
2770 2403 2842 2456 ita
2911 2413 2969 2457 ut
3017 2403 3178 2459 Verbi
3241 2407 3408 2476 ipsius

1825 2497 2017 2543 natura
2054 2488 2255 2543 nullum
2286 2491 2508 2545 omnino
2541 2492 2924 2548 detrimentum
2974 2496 3228 2566 accipiat.

1893 2667 1961 2721 A.
2017 2668 2270 2724 Diversus
2305 2670 2486 2738 itaque
2525 2673 2579 2727 in
2631 2674 2940 2730 universum
2977 2688 3030 2731 et
3059 2679 3166 2733 erit
3189 2689 3242 2735 et
3265 2681 3410 2737 dice-

1828 2768 1913 2814 tur
1947 2764 2015 2816 ab
2069 2764 2207 2830 ipso,
2252 2764 2297 2816 is
2339 2765 2429 2832 qui
2459 2777 2769 2838 assumptus
2827 2778 2930 2824 est.
2986 2770 3250 2826 Caeterum
3309 2789 3410 2828 nos

1827 2853 2038 2908 illorqu
2072 2856 2401 2926 imperitiam
2455 2858 2600 2913 nullo
2651 2861 2810 2915 modo
2839 2861 3189 2928 sectabimur,
3253 2879 3409 2920 sacra

1829 2945 2109 3016 Scriptura
2180 2950 2477 3018 praaterita,
2537 2959 2591 3006 et
2644 2963 2954 3006 sanctorum
3041 2955 3408 3024 apostolorum

1827 3051 1987 3110 atque
2018 3041 2471 3111 evangelistarmn
2534 3043 2826 3098 traditione
2881 3055 3192 3116 contempta
3225 3064 3404 3120 neque

143 3145 318 3212 ἁγίων
345 3142 682 3206 ἀποστόλων,
715 3142 808 3195 καὶ
842 3141 1244 3210 εὐαγγελιστῶν
1283 3143 1581 3214 παράδοσιν
1607 3145 1722 3197 ἀτι-

1832 3133 1877 3188 si
1909 3133 2121 3187 illorum
2149 3144 2388 3188 mentem
2417 3142 2563 3189 tanta
2614 3135 2960 3191 imbecillitas
3013 3146 3177 3207 atque
3235 3141 3408 3209 impe-

147 3235 457 3305 μάσαντες·
514 3232 636 3284 οὐδὲ
687 3232 918 3301 ἐπείπερ
976 3233 1162 3294 αὐτοῖς
1219 3233 1456 3303 ἀδρανής
1508 3251 1566 3286 τε
1632 3236 1727 3288 καὶ

140 3325 525 3396 ἀμαθέστατος
565 3321 859 3392 ὲνῲκισται
891 3321 1014 3386 νοῦς
1034 3363 1048 3386 ,
1078 3324 1174 3375 καὶ
1202 3323 1263 3375 τὸ
1298 3323 1390 3375 τοῦ
1425 3326 1725 3396 μυστηρίου

143 3417 312 3488 βάθος
360 3414 599 3468 κατιδεῖν
639 3415 736 3484 οὐχ
785 3409 895 3474 οἷός
943 3431 1026 3477 τε,
1077 3415 1249 3486 ταύτῃ
1286 3433 1368 3468 τοι
1419 3418 1513 3468 καὶ
1566 3420 1729 3488 ἡμεῖς

138 3506 504 3577 πλανώμεθα,
555 3504 1048 3575 συναμαθαίνοντες
1079 3506 1293 3568 αὐτοῖς,
1327 3505 1419 3558 καὶ
1468 3507 1528 3559 τὸ
1573 3507 1727 3570 εῦθὲς

138 3602 244 3672 τῆς
281 3597 542 3668 ἀληθείας
577 3599 712 3651 ἰέναι
741 3597 1187 3667 παραιτούμενοι.
1214 3600 1404 3669 ’Ίσμεν
1436 3598 1491 3651 δὲ
1518 3616 1725 3670 γεγραο

141 3695 287 3762 φότα.
320 3689 411 3744 τὸν
461 3689 752 3760 ἱερώτατον
797 3688 1032 3754 Παῦλον,
1083 3689 1165 3742 ὅτι
1200 3689 1306 3760 χρὴ
1361 3709 1380 3742 ι
1434 3695 1727 3762 λογισμοὺς

141 3785 449 3854 καθαιρεῖν,
495 3783 588 3835 καὶ
639 3783 746 3834 πᾶν
794 3780 994 3851 ὕψωμα
1041 3781 1404 3851 ἐπαιρόμενον
1450 3784 1589 3837 κατὰ
1627 3784 1728 3854 τῆς

140 3877 409 3945 γνώσεως
440 3874 535 3927 τοῦ
582 3872 749 3940 Θεοῦ,
793 3872 1348 3942 καὶ.αίχμαλωτίζειν
1379 3876 1487 3928 πᾶν
1526 3875 1726 3946 νόημα,

143 3968 224 4028 εἰς
274 3966 374 4034 τὴν
417 3963 664 4032 ὑπακοὴν
711 3960 806 4014 τοῦ
857 3959 1120 4031 Χριστοῦ.
1163 3979 1181 4011 ι
1236 3961 1381 4032 Πλὴν
1440 3958 1568 4026 οὖν,
1619 3966 1730 4032 ἄρα

143 4059 292 4129 ἔχοις
325 4057 498 4107 εἰπεῖν
525 4055 592 4106 τὰ
617 4053 699 4122 ἐφ’
731 4047 811 4116 οἷς
850 4052 1331 4117 σκανδαλίζονται,
1364 4054 1458 4130 καὶ
1484 4054 1563 4125 τῷ
1596 4054 1730 4125 λίθῳ

142 4151 240 4204 τοῦ
275 4146 703 4219 προσκόμματος
735 4145 1153 4216 περιπταίουσιν
1189 4146 1534 4213 Ίουδαῖκῶςς

220 4242 282 4294 Β.
318 4237 533 4308 Ἐχοιμ’
570 4235 655 4300 ἂν,
688 4237 804 4299 πῶς
835 4237 943 4308 γὰρ
969 4236 1068 4304 οῦς
1099 4239 1193 4291 καὶ
1232 4237 1458 4291 πλεῖστα
1500 4240 1598 4309 μὲν
1631 4241 1730 4292 ὅσα

143 4331 344 4386 ταυτί·
398 4327 671 4391 λελέξεται
721 4326 776 4378 δὲ
830 4309 1102 4398 ἀναμέρος
1154 4329 1383 4381 ἕκαστα,
1435 4330 1569 4381 Φασὶ
1616 4347 1730 4381 τοι-

145 4421 377 4496 γαροῦν,
406 4420 638 4492 Χριστὸν
667 4421 924 4491 ἡγιάσθαι
955 4421 1106 4491 παρὰ
1133 4419 1227 4472 τοῦ
1260 4421 1472 4492 Πατρός
1491 4436 1503 4449 ·
1534 4421 1730 4492 γέγρα-

1830 3224 1955 3278 ritia
1976 3229 2279 3294 occupavit,
2310 3235 2370 3280 ut
2397 3227 2642 3296 mysterii
2677 3229 3097 3298 magnitudinem
3122 3233 3411 3299 concipere

1828 3324 2122 3384 nequeant,
2160 3315 2367 3371 ideirco
2417 3319 2577 3371 etiam
2610 3332 2709 3371 nos
2749 3317 2961 3372 illorum
2996 3322 3170 3375 errori
3221 3322 3412 3391 adjun-

1829 3422 2037 3476 gemus,
2080 3407 2304 3477 parique
2347 3424 2469 3462 cum
2500 3409 2632 3478 ipsis
2669 3409 2973 3478 ignorantia
3020 3411 3408 3481 laborabimus,

1828 3498 2074 3554 veritatis
2128 3500 2450 3555 rectitudine
2509 3501 2774 3571 neglecta.
2825 3502 2985 3572 752
3030 3503 3216 3574 Neque
3265 3507 3408 3562 enim

1831 3591 2143 3660 ignoramus
2191 3591 2320 3662 quid
2378 3594 2783 3648 sacratissimus
2831 3594 3032 3650 Paulus
3091 3597 3406 3667 scripserit,

1830 3683 2029 3737 debere
2058 3697 2158 3737 nos
2189 3702 2206 3734 ι
2249 3684 2475 3740 consilia
2517 3684 2821 3749 destruere,
2853 3696 2908 3739 et
2951 3700 3166 3741 omnem
3217 3688 3406 3742 altitu-

1829 3775 2011 3832 dinem
2033 3776 2378 3831 extollentem
2413 3792 2473 3830 se
2502 3777 2760 3832 adversus
2807 3777 3091 3832 scientiam
3124 3777 3241 3845 Dei,
3273 3790 3328 3834 et
3354 3782 3407 3836 in

1830 3870 2199 3938 captivitatem
2236 3869 2481 3938 redigere
2509 3883 2724 3922 onmem
2775 3867 3108 3923 intellectum
3159 3872 3211 3924 in
3245 3872 3406 3927 obse-

1831 3962 2016 4030 quium
2053 3959 2250 4014 Christi
2280 3960 2346 4013 ⁸⁷.
2389 3979 2407 4011 ι
2447 3958 2713 4013 Οωιθιυιιι
2743 3958 2983 4014 habesne
3023 3959 3125 4012 alia
3173 3975 3411 4018 comme-

1832 4052 2088 4106 moranda
2107 4051 2301 4120 quibus
2321 4051 2422 4120 ipsi
2445 4049 2811 4116 offenduntur,
2833 4060 2886 4104 el
2903 4051 2969 4106 ad
2988 4052 3217 4120 lapidem
3241 4051 3412 4108 offen-

1832 4147 1993 4201 diculi
2025 4145 2246 4200 Judaice
2281 4144 2625 4214 impingunt?

1903 4239 1963 4291 Β.
2023 4237 2208 4291 Habeo
2257 4238 2472 4304 quidem
2505 4235 2784 4305 complura
2832 4253 2952 4306 qua:
2999 4238 3276 4308 sigillatim
3326 4239 3411 4294 di-

1832 4332 2003 4386 cendo
2027 4343 2346 4398 persequar.
2403 4327 2568 4380 Aiunt
2611 4329 2790 4396 itaque
2837 4329 3111 4384 Christum
3167 4331 3410 4385 sanctili-

1833 4430 2012 4477 catum
2049 4436 2078 4473 a
2117 4419 2297 4473 Patre.
2335 4418 2610 4488 Scriptum
2642 4429 2722 4474 est
2745 4420 2888 4474 enim
2921 4439 2934 4474 :
2975 4438 2992 4471 ι
3049 4419 3117 4474 Et
3172 4422 3413 4476 testimo-

144 4533 287 4568 πται
319 4515 445 4584 γὰρ,
475 4514 552 4566 ὅτι
577 4513 671 4565 καὶ
701 4532 721 4563 ι
762 4513 1177 4583 Ἐμαρτύρησεν
1217 4513 1471 4582 Ἰωάννης
1513 4513 1722 4582 λέγων·

1837 4513 1981 4566 nium
2041 4511 2289 4580 perhibet
2339 4508 2608 4576 Joannes,
2673 4510 2858 4564 dicens
2917 4528 2930 4565 :
2982 4509 3103 4564 Vidi
3151 4511 3411 4582 Spiritum

145 4609 234 4664 ὅτι
263 4605 541 4675 Τεθέαμαι
568 4605 628 4656 τὸ
660 4604 882 4673 Πνεῦμα
913 4604 1240 4656 καταϐαῖνον
1269 4603 1328 4666 ἐξ
1347 4605 1600 4674 οὐρανοῦ,
1634 4607 1727 4658 καὶ

146 4701 367 4771 ἔμεινεν
413 4700 498 4752 ἐπ’
546 4698 728 4760 αὑτὸν,
781 4696 935 4764 κάγὼ
977 4697 1078 4748 οὐκ
1122 4690 1263 4747 εἶδον
1309 4697 1493 4760 αὑτὸν,
1547 4697 1660 4750 ἀλλ’
1699 4699 1727 4748 6

147 4793 378 4862 πέμψας
414 4809 478 4861 με
513 4789 794 4860 βαπτίζειν
843 4791 899 4842 ἐν
949 4787 1118 4853 ὕδατι,
1157 4787 1361 4850 ἐκεῖνός
1413 4805 1502 4858 μοι
1553 4788 1724 4842 εἶπεν·

161 4884 284 4952 Ἐφ’
313 4883 371 4935 ὃν
403 4883 468 4935 ἂν
499 4884 614 4954 ἴδῃς
645 4883 705 4934 τὺ
735 4879 959 4950 Πνεῦμα
989 4879 1317 4932 καταϐαῖνον
1343 4880 1435 4931 καὶ
1465 4879 1728 4949 μένονὲπ’

149 4974 339 5037 αὐτὸν,
373 4965 527 5034 οὗτός
563 4975 711 5024 ἐστιν
750 4972 778 5023 6
810 4969 1086 5040 βαπτίζων
1124 4970 1180 5021 ὲν
1207 4969 1286 5038 τῷ
1332 4968 1611 5038 Πνεῦματι
1650 4969 1730 5040 τῷ

151 5066 318 5136 ἁγίῳ.
359 5064 530 5133 Κάγὼ
562 5064 784 5134 ἑώρακα
817 5063 913 5116 καὶ
961 5062 1404 5133 μεμαρτύρηκα,
1457 5063 1536 5114 ὅτι
1576 5058 1730 5125 οὗτός

151 5160 305 5210 ἐστιν
334 5158 362 5208 6
389 5156 514 5218 Υἱὸς
544 5155 638 5208 τοῦ
686 5155 840 5209 Θεοῦ.
878 5175 896 5204 ι
938 5154 1186 5224 Γέγραφε
1229 5154 1286 5206 δὲ
1314 5155 1408 5206 καὶ
1447 5155 1476 5205 6
1513 5152 1727 5216 Παῦλος

149 5250 285 5320 περὶ
315 5247 498 5301 αὑτοῦ·
535 5247 634 5300 ι”Ο
666 5264 725 5300 τε
755 5247 862 5316 γάρ
890 5247 1130 5314 ἁγιάζων
1171 5247 1264 5298 καὶ
1293 5247 1340 5298 οἱ
1378 5247 1728 5315 ἁγιαζόμενοι

147 5339 216 5405 ἐξ
243 5341 358 5404 ἐνὸς
386 5339 606 5401 πάντες.
643 5358 660 5389 ι
703 5339 1020 5407 ’Λγιασθείη
1049 5339 1154 5409 γὰρ
1181 5338 1383 5407 ἣκιστά
1405 5356 1467 5406 γε
1498 5340 1629 5403 Θεὸς
1655 5340 1730 5391 ὢν

144 5433 176 5482 6
226 5434 398 5500 Λόγος
448 5432 542 5483 καὶ
592 5430 744 5498 ἅγιος
801 5431 940 5482 κατὰ
992 5433 1167 5499 φύσιν.
1223 5430 1479 5483 Λείπεται
1526 5431 1589 5501 δὴ
1638 5428 1731 5484 οὖν

147 5523 420 5595 ἡγιάσθαι
474 5524 652 5591 λέγειν
706 5523 796 5575 τὸν
854 5523 1124 5592 ληφθέντα
1183 5526 1312 5594 παρ’
1369 5521 1534 5575 αὐτοῦ
1591 5525 1730 5577 κατὰ

151 5616 456 5684 συνάφειαν
493 5613 795 5683 ἄνθρωπον.

233 5795 280 5826 ⁸⁵
311 5791 421 5848 Luc
456 5808 494 5858 t,
539 5792 620 5844 lii.

693 5793 736 5823 ⁵⁸
770 5791 921 5847 Joau.
953 5808 1030 5858 ιιι,
1056 5793 1144 5846 51.
1219 5794 1262 5825 ⁸⁷
1285 5794 1324 5847 ll
1350 5794 1474 5850 Cur.
1507 5809 1560 5861 χ,
1593 5795 1712 5858 4,5.

1791 5796 1834 5826 ⁸³
1866 5793 2021 5848 Joan.
2058 5809 2095 5860 ι,
2136 5793 2204 5846 52
2230 5793 2315 5846 54.

1837 4605 2250 4659 descendentem
2282 4602 2434 4671 quasi
2482 4602 2788 4656 columbam
2829 4604 2895 4658 de
2934 4604 3090 4667 cmlo,
3132 4614 3186 4658 et
3217 4607 3416 4659 mansit

1836 4711 1997 4764 super
2029 4711 2175 4758 eum,
2207 4704 2260 4747 et
2291 4710 2390 4763 ego
2439 4694 2744 4748 nesciebam
2791 4709 2914 4748 eum
2953 4711 2966 4748 :
2995 4696 3088 4749 sed
3121 4697 3216 4764 qui
3265 4697 3414 4751 misit

1840 4803 1924 4841 me
1952 4786 2224 4855 baptizare
2257 4786 2309 4838 in
2339 4801 2499 4852 aqua,
2532 4786 2617 4838 ille
2645 4786 2774 4839 mihi
2811 4787 2945 4840 dixit
2975 4805 2988 4842 :
3029 4785 3206 4855 Super
3250 4803 3410 4857 quem

1839 4878 2038 4933 videris
2060 4877 2324 4946 Spiritum
2352 4877 2790 4942 descendentem,
2819 4887 2873 4932 et
2904 4888 3212 4934 manentem
3249 4894 3415 4950 super

1832 4985 1977 5031 eum,
2016 4968 2104 5022 hic
2134 4980 2218 5023 est
2247 4967 2337 5037 qui
2375 4968 2612 5036 baptizat
2643 4967 2694 5020 in
2732 4967 2937 5037 Spiritu
2967 4979 3180 5023 sancto.
3210 4967 3278 5023 Et
3308 4985 3408 5038 ego

1837 5060 1964 5120 vidi,
2001 5069 2049 5112 et
2094 5059 2460 5113 teStimonium
2522 5059 2770 5128 perhibui
2825 5061 2947 5128 quia
2997 5060 3085 5114 hic
3133 5071 3215 5115 est
3245 5061 3414 5118 Filius

1837 5151 1929 5205 Dei
1962 5148 2028 5203 ⁵⁸.
2064 5169 2082 5202 ι
2119 5151 2256 5216 Quin
2287 5160 2339 5205 et
2376 5150 2574 5205 Paulus
2608 5153 2674 5204 de
2709 5153 2824 5219 ipso
2848 5153 3101 5220 scripsit:
3135 5170 3154 5203 ‹
3191 5153 3417 5207 Sacriﬁ-

1839 5258 1969 5298 caus
2002 5243 2144 5296 enim
2178 5253 2232 5296 et
2273 5243 2594 5297 sauctiﬁcati
2657 5258 2721 5297 ex
2778 5259 2884 5297 uno
2927 5259 3116 5298 omnes
3147 5245 3214 5297 ⁸⁵.
3260 5264 3278 5296 i
3309 5244 3416 5300 Ne-

1841 5351 1945 5404 que
1975 5337 2116 5389 euim
2151 5333 2412 5400 Verbum,
2454 5352 2574 5390 cum
2604 5336 2674 5389 sit
2707 5335 2866 5401 Deus,
2901 5345 2956 5390 ct
2995 5350 3062 5390 ex
3101 5351 3196 5389 sua
3224 5344 3416 5390 natura

1839 5436 2081 5491 sanctus,
2123 5427 2521 5481 sanctiﬁcatum
2572 5425 2695 5483 fuit.
2761 5427 3020 5497 Superest
3077 5427 3240 5497 igitur
3292 5443 3418 5481 san-

1840 5521 2134 5574 etiiicatutn
2180 5519 2346 5573 fuisse
2379 5521 2650 5575 hominem
2707 5538 2866 5589 quem
2923 5537 3018 5591 per
3071 5521 3412 5591 conjunctio-

1841 5627 1960 5667 nem
1989 5615 2300 5682 assumpsit.

2395 5793 2438 5825 ⁵⁸³
2473 5792 2633 5848 Hebr.
2675 5809 2731 5856 ιι,
2773 5792 2851 5847 ll.
