3846 6210
148 356 265 412 εδει

1256 346 1448 418 QL'OD
1488 346 1675 404 UNCS
1716 345 1822 401 SlT
1860 344 2222 403 CHRISTUS.

3256 341 3390 391 1.722

140 478 230 529 ἐὰν
271 475 542 546 παύσηται
580 475 609 527 6
638 476 925 548 τρυγητδς,
954 490 1097 529 ουτοι
1128 477 1277 544 φωνῇ
1320 473 1622 543 βοήσονται·
1659 472 1707 523 οἱ

1839 482 2039 531 erram,
2097 465 2444 520 exsultalmnt
2496 478 2616 517 cum
2667 460 2833 530 gloria
2889 457 3095 513 Domini
3125 456 3187 509 ".
3246 476 3263 507 ι
3327 456 3389 507 iit

139 570 191 622 δὲ
220 568 662 638 καταλειφθέντες
688 571 779 622 ἐπὶ
811 572 910 641 τῆς
933 570 1055 639 γῆς,
1087 565 1553 637 εὐφρανθήσονται
1594 563 1711 635 ἅμα

140 667 201 733 τῇ
249 663 371 734 δόξῃ
428 663 697 734 Κυρίου.)
756 665 863 717 Καὶ
929 662 1092 715 πάλιν
1128 661 1315 732 ἕτερος
1362 657 1471 712 τῶν
1520 657 1706 726 ἁγίων,

145 772 163 804 ι
185 756 441 819 Φωτίξου,
468 756 652 826 φησὶν,
684 756 750 808 ’ῐε
762 754 993 827 ρουσαλὴ
1005 771 1060 825 μ’
1086 754 1209 825 ἥκει
1236 753 1344 824 γάρ
1373 769 1465 805 σου
1486 750 1545 804 τὸ
1575 749 1709 819 φῶς,

138 848 284 919 καὶὴ
318 848 444 912 δόξα
482 848 688 919 Κυρίου
729 849 820 900 ἐπὶ
852 847 910 900 σὲ
942 846 1326 900 ἀνατέταλκεν.
1361 844 1491 897 Ἰδοὺ
1525 842 1713 906 σκότος

139 939 229 991 καὶ
254 939 450 1007 γνόφος
472 938 703 1005 καλύψει
732 938 854 1009 γῆν,
892 938 985 991 ἐπὶ
1004 937 1059 991 δὲ
1081 937 1141 990 σὲ
1162 938 1461 1007 φανήσεται
1490 934 1710 1004 Κύριος,

139 1030 231 1083 καὶ
270 1030 397 1097 δόξα
459 1030 665 1101 Κυρίου
713 1031 805 1083 ἐπὶ
855 1029 913 1082 σὲ
958 1028 1275 1100 ὀφθήσεται.
1302 1046 1319 1079 ι
1360 1024 1613 1089 Ἰάκωϐός
1650 1041 1714 1093 γε

140 1120 245 1190 μὴν
274 1121 302 1173 6
331 1119 493 1173 αὑτοῦ
531 1120 797 1190 μαθητὴς,
827 1138 849 1169 ι
876 1118 1141 1188 Ἀδελφοὶ,
1172 1117 1323 1189 φησὶ,
1355 1116 1427 1187 μὴ
1456 1118 1511 1168 ἐν
1546 1132 1715 1187 προσ-

135 1211 472 1281 ωποληψίαις
506 1212 656 1283 ἔχετε
698 1212 796 1282 τὴν
838 1211 1021 1265 πίστιν
1064 1209 1159 1264 τοῦ
1192 1209 1397 1281 Κυρίου
1425 1208 1579 1278 ἡμῶν
1612 1208 1715 1277 Ἰη-

137 1305 229 1359 σοῦ
264 1307 501 1377 Χριστοῦ
529 1307 624 1376 τῆς
650 1305 823 1377 δόξης.
855 1325 874 1356 ι
912 1305 1120 1375 Πέτρος
1165 1303 1221 1356 δὲ
1248 1298 1314 1356 αὖ
1340 1306 1367 1356 6
1406 1301 1711 1365 θεσπέσιος,

142 1418 158 1450 ι
193 1400 255 1453 Εἰ
288 1400 607 1464 ὀνειδίζεσθε
648 1403 705 1453 ἐν
753 1398 994 1470 Χριστῷ,
1037 1397 1296 1470 μακάριοί
1338 1400 1461 1451 ἐστε
1495 1398 1592 1467 τῆς
1626 1397 1712 1451 δό-

136 1489 252 1560 ξης,
296 1493 391 1544 καὶ
421 1492 482 1545 τὸ
513 1488 606 1544 τοῦ
646 1490 780 1544 Θεοῦ
812 1490 1037 1561 Πνεῦμα
1068 1492 1150 1559 ἐφ’
1197 1490 1342 1559 ὑμᾶς
1393 1488 1716 1542 ἀναπέπαυ-

132 1600 241 1636 ται.
270 1601 289 1633 D

207 1673 265 1727 Β.
301 1672 480 1743 Φράζε
509 1673 565 1726 δὲ
595 1674 740 1737 ὅπως
773 1674 908 1745 πρὸς
947 1671 1105 1744 ἡμῶν
1142 1671 1379 1725 νοεῖσθαι
1414 1670 1614 1743 πρέπει
1658 1671 1720 1724 τὸ

133 1767 263 1838 περὶ
296 1765 534 1836 Χριστοῦ
568 1767 972 1838 γεγραμμένον,
1016 1785 1034 1818 ι
1071 1766 1168 1831 Ὃς
1210 1767 1269 1818 ὲν
1318 1768 1439 1828 ταῖς
1485 1766 1720 1837 ἡμέραις

132 1858 234 1925 τῆς
272 1857 474 1930 σαρκὸς
520 1857 722 1922 αὐτοῦ,
770 1857 983 1926 δεήσεις
1021 1874 1079 1912 τε
1119 1857 1213 1911 καὶ
1252 1857 1535 1927 ἱκετηρίας
1583 1856 1707 1927 πρὸς

1838 1849 2037 1903 Ξιιτὶειο
2095 1848 2359 1916 scriptmn
2411 1862 2426 1900 :

132 1950 225 2001 τὸν
254 1949 552 2021 δυνάμενον
583 1950 775 2014 σώζειν
811 1950 971 2003 αὐτὸν
1003 1951 1069 2003 ἐκ
1100 1949 1353 2013 θανάτου,
1388 1949 1526 2019 μετά
1554 1966 1724 2020 κραυ-

133 2042 240 2109 γῆς
273 2040 501 2112 ἰσχυρᾶς
526 2041 619 2094 καὶ
642 2039 897 2111 δακρύων
926 2040 1321 2112 προσενέγκας,
1355 2040 1449 2092 καὶ
1472 2041 1725 2092 είσακου-

136 2132 286 2196 σθεὶς
333 2133 440 2185 ἀπὸ
483 2131 584 2202 τῆς
613 2131 935 2199 εὐλαϐείας,
960 2132 1161 2203 καίπερ
1200 2130 1276 2184 ὣν
1308 2130 1456 2193 Υἱὸς,
1498 2129 1719 2201 ἔμαθεν,

134 2225 229 2295 ἀφ’
255 2218 331 2279 ὧν
371 2224 560 2290 ἔπαθε,
593 2224 692 2298 τὴν
725 2224 993 2297 ὑπακοὴν,
1026 2225 1122 2278 καὶ
1146 2221 1472 2285 τελειωθεὶς,
1508 2221 1727 2290 ἐγένετο

132 2321 249 2383 τοῖς
303 2318 669 2371 ὑπακούουσιν
716 2316 866 2388 αὐτῷ
906 2316 1081 2381 αἴτιος
1135 2316 1409 2386 σωτηρίας
1455 2314 1696 2388 ﬁxura“

132 2428 263 2464 του·
294 2430 311 2461 ι
354 2410 699 2483 προσεποίσω
740 2410 797 2464 δὲ
852 2411 1075 2463 κάκεῖνο
1113 2404 1196 2471 οἷς
1244 2408 1402 2480 ἔφην,
1438 2408 1529 2474 τὸ,
1571 2426 1589 2459 ι

136 2520 262 2573 μου,
304 2501 407 2555 Θεέ
452 2518 575 2574 μου,
607 2502 693 2556 ἵνα
726 2502 779 2555 τί
815 2518 882 2571 με
924 2499 1315 2570 ὲγκατέλιπες;
1344 2517 1362 2550 ι
1407 2497 1728 2552 Ἀπεοικότα

133 2597 245 2667 γάρ
288 2590 429 2649 εἶναί
464 2613 598 2664 φασι
631 2596 699 2648 τὰ
731 2594 910 2649 τοιάδε
958 2593 1036 2666 τῷ
1070 2592 1187 2663 Θεῷ
1231 2592 1410 2663 Λόγῳ,
1441 2591 1535 2645 καὶ
1567 2590 1730 2661 ἡττῆ-

133 2685 262 2740 σθαι
289 2686 427 2738 πολὺ
456 2685 554 2748 τ’ῖπς
586 2685 810 2755 ἐνούσης
834 2683 1114 2754 ὑπεροχῆς
1142 2682 1291 2754 αὐτῷ
1316 2681 1483 2752 φαίην
1511 2680 1596 2735 ἄν.

206 2953 273 3005 Λ.
320 2951 511 3020 Ἷσημι
558 2951 651 3002 καὶ
682 2950 845 3013 αὐτὸς
888 2948 1019 3018 ἐγὼ,
1086 2948 1160 3020 μὴ
1198 2948 1264 3002 ἂν
1297 2947 1541 3020 ἁρμόσαι
1574 2945 1733 2999 ταυτὶ

132 3044 213 3115 τῷ
259 3045 326 3095 ὲκ
361 3041 497 3095 Θεοῦ
547 3041 788 3113 Πατρδς.
836 3082 850 3095 .
894 3083 906 3095 .
952 3081 965 3096 .
1010 3083 1023 3095 .
1068 3041 1249 3111 Λόγῳ,
1280 3039 1607 3103 ὲξωσθέντος
1636 3037 1732 3091 τοῦ

130 3134 487 3203 τρόπου’τῆς
519 3132 861 3202 οἰκονομίας,
908 3132 1004 3185 καὶ
1056 3132 1155 3184 οὐκ
1197 3129 1565 3200 είσδεχθέντος
1597 3130 1733 3201 πρὸς

132 3226 298 3300 ἡμῶν
371 3225 498 3289 τοῦ,
552 3226 631 3278 ὅτι
682 3225 876 3293 γέγονε
936 3222 1073 3295 σὰρξ
1123 3222 1267 3277 κατὰ
1329 3224 1429 3286 τάς
1486 3223 1729 3294 Γραφάς.

145 3321 377 3390 Ἐπειδὴ
410 3320 467 3370 δὲ
502 3318 639 3390 πρὸς
667 3317 824 3371 τοῦτο
853 3317 1297 3389 διερηρείσμεθα,
1328 3316 1424 3370 καὶ
1450 3316 1512 3369 τὸ
1537 3315 1737 3369 ἐνδοιά-

128 3416 253 3483 ζειν
286 3414 431 3474 ὅλως
458 3412 778 3475 δυσσεϐείας
840 3410 955 3481 ἔχει
1006 3410 1248 3480 γραφὴν,
1289 3411 1424 3481 φέρε
1461 3410 1562 3479 τῆς
1595 3410 1738 3463 obto-

127 3511 335 3580 νομίας
359 3506 424 3558 τὸ
460 3505 642 3577 βάθος,
666 3506 740 3567 ὡς
768 3506 866 3567 ἔνι,
899 3502 1428 3572 κατασκεπτώμεθα.
1468 3502 1735 3570 Ἐπέφανε

125 3600 319 3653 τοίνυν
377 3598 517 3667 ἡμῖν
569 3598 626 3648 ὲν
666 3594 796 3647 εἴδει
848 3592 926 3663 τῷ
978 3592 1099 3646 καθ’
1147 3594 1296 3664 ἡμᾶς
1347 3594 1375 3646 6
1407 3593 1472 3645 ἐκ
1529 3592 1736 3661 Κυρίου

126 3690 353 3762 Πατρὸς
416 3688 631 3756 Λόγος,
679 3686 819 3740 κατὰ
877 3685 1105 3757 μυρίους
1153 3686 1310 3748 ὅσους
1365 3685 1577 3754 ὀνήσων
1621 3683 1741 3753 τρό-

124 3804 268 3848 πους
310 3782 382 3837 τὰ
417 3780 768 3853 ἀνθρώπινα,
823 3780 917 3833 καὶ
961 3779 1294 3845 καταδείξων
1352 3773 1412 3831 εὖ
1455 3778 1600 3848 μάλα
1640 3778 1741 3849 τὴν

124 3880 208 3943 εἰς
260 3877 378 3929 πᾶν
410 3873 598 3926 ὁτιοῦν
633 3871 741 3924 τῶν
782 3870 1252 3942 τεθαυμασμένων
1297 3869 1741 3939 ἀποκομίζουσαν

127 3970 351 4044 τρίϐον.
398 3963 516 4019 Ἦν
566 3961 659 4018 οὖν
706 3965 1004 4032 ἀναγκαῖον
1048 3962 1373 4033 ἀναμαθεῖν,
1431 3960 1741 4032 πειρασμοῦ

131 4060 513 4120 καταθέοντος
553 4058 678 4119 τοὺς
707 4056 809 4127 τῆς
848 4057 927 4118 εἰς
955 4053 1088 4107 Θεὸν
1119 4054 1339 4124 ἀγάπης
1372 4053 1535 4107 ἕνεκα
1566 4052 1735 4105 κινδυ-

132 4158 434 4216 νεύοντας.
468 4151 684 4214 ὁποίους
729 4150 879 4213 τινὰς
908 4146 1047 4203 εἶναι
1080 4149 1185 4221 χρὴ
1237 4150 1361 4212 τοὺς
1408 4148 1506 4219 τὴν
1545 4148 1744 4201 εὐκλεᾶ

133 4245 234 4299 καὶ
265 4241 557 4309 ἐξαίρετον
591 4237 865 4291 πολιτείαν
900 4238 993 4290 καὶ
1023 4236 1169 4307 ζωὴν
1202 4237 1499 4308 κατορθοῦν
1527 4237 1742 4309 ᾑρημέ-

134 4351 301 4399 νους,
353 4331 569 4399 πότερα
604 4327 955 4399 μεθιεμένους
985 4329 1081 4381 καὶ
1129 4329 1533 4393 ἀναπίπτοντας
1576 4331 1655 4393 εἰς
1684 4329 1743 4382 τὸ

136 4426 417 4498 ῥᾴθυμον,
460 4422 555 4475 καὶ
588 4421 687 4474 οὐκ
719 4421 776 4472 ὲν
812 4419 989 4491 καιρῷ
1016 4421 1339 4492 τρυφῶντας
1380 4423 1476 4475 καὶ
1517 4422 1743 4491 εὐρυνο-

1815 575 2002 615 rursus
2025 559 2165 614 alius
2193 559 2414 627 quidam
2449 570 2480 609 e
2510 556 2714 610 sanctis
2742 571 2756 607 :
2787 570 2805 601 ι
2844 551 3174 613 llluminare,
3196 549 3389 618 inqnzt,

1814 651 2135 706 Jerusalem.
2187 649 2348 703 \‘enit
2394 649 2537 701 enim
2577 648 2753 700 lumen
2784 652 2961 706 tuum,
2990 653 3045 697 et
3076 642 3245 712 gloria
3286 640 3391 694 Do-

1819 746 1949 800 mini
1994 760 2157 814 super
2201 752 2252 795 te
2300 754 2419 796 orla
2454 751 2558 795 est.
2582 741 2716 806 Quia
2741 753 2869 793 ecce
2895 737 3126 790 tenebraa
3148 734 3391 804 operient

1816 828 2040 902 terram,
2071 845 2126 891 et
2146 834 2322 905 caligo
2356 833 2613 904 populos:
2661 845 2825 900 super
2871 838 2924 883 te
2960 835 3141 881 autem
3188 826 3394 880 orietur

1818 930 2099 994 Dominus,
2157 937 2211 982 et
2245 926 2412 997 gloria
2468 927 2587 996 ejus
2617 924 2670 977 in
2728 935 2782 977 te
2836 921 3105 975 videbitur
3142 919 3209 973 ".
3246 936 3264 969 ι
3332 916 3391 971 Et

1817 1019 2051 1077 Jacobus
2081 1021 2199 1091 ejus
2228 1018 2523 1089 discipulus
2558 1036 2571 1071 :
2612 1036 2630 1069 ι
2696 1015 2937 1077 Fratres,
2973 1012 3171 1082 inquit,
3230 1009 3396 1065 nolite

1821 1114 1872 1169 in
1921 1128 2274 1185 personarum
2327 1110 2646 1181 acceptione
2700 1109 2900 1161 habere
2969 1104 3130 1159 ﬁdem
3186 1103 3395 1157 Domini

1820 1208 1988 1262 nostri
2043 1205 2166 1261 Jesu
2230 1204 2430 1259 Christi
2468 1200 2738 1272 gloriae”.
2784 1218 2799 1247 ι
2836 1198 3028 1251 Petrus
3084 1211 3250 1248 Vero:
3283 1214 3300 1245 ι
3340 1192 3397 1247 Si

1818 1298 2220 1369 exprobramini
2254 1298 2304 1349 iu
2324 1296 2563 1359 Christo,
2598 1294 2738 1347 beati
2774 1292 2951 1353 eritis,
2974 1290 3228 1358 quoniam
3257 1288 3397 1356 quod

1821 1402 1907 1446 est
1943 1392 2165 1446 honoris
2194 1390 2376 1459 gloria‘
2421 1400 2476 1443 et
2522 1387 2738 1439 \‘it‘lnlis
2784 1384 2902 1444 Dei,
2950 1393 3005 1437 et
3033 1382 3124 1452 qui
3165 1389 3244 1435 est
3288 1378 3403 1449 ejus

1823 1484 2055 1553 Spiritus
2084 1498 2247 1551 super
2292 1497 2385 1536 vos
2420 1480 2726 1548 requiescet
2753 1478 2819 1531 ⁸⁵.
2855 1497 2873 1529 ι

1894 1660 2059 1734 754
2090 1659 2151 1714 Β.
2190 1658 2474 1714 Sullieiunt
2497 1658 2606 1729 jam
2653 1659 2790 1713 htec.
2824 1658 3092 1713 Caeterum
3140 1656 3242 1710 hoc
3274 1655 3402 1709 mihi

1827 1757 1977 1811 dicas
2018 1755 2199 1820 velim,
2254 1753 2532 1823 quomodo
2592 1752 2995 1821 intelligendum
3043 1749 3114 1803 sit
3162 1749 3288 1803 illud
3340 1751 3407 1801 de

2480 1863 2498 1897 ι
2565 1845 2667 1913 Qui
2721 1844 2773 1899 in
2827 1844 3015 1898 diebus
3075 1843 3257 1897 carnis
3298 1858 3408 1895 sum

1827 1957 2013 2013 preces
2041 1938 2569 2011 supplicationesque
2619 1936 2685 1992 ad
2728 1952 2851 1993 eum
2891 1936 2983 2006 qui
3021 1936 3193 2006 possit
3234 1935 3406 2004 ipsum

1825 2036 2032 2090 salvum
2084 2034 2266 2089 facere
2316 2050 2345 2087 a
2391 2044 2565 2087 morte
2606 2049 2727 2087 cum
2766 2033 3003 2087 clamore
3052 2030 3231 2086 valido
3254 2040 3310 2085 et
3334 2030 3410 2082 ln-

1827 2128 2028 2201 crymis
2072 2125 2329 2191 offerens,
2365 2126 2653 2180 exauditus
2694 2136 2779 2181 est
2801 2141 2899 2195 pro
2938 2140 3037 2179 sua
3081 2126 3406 2180 reverentia.

1828 2220 1894 2277 Et
1923 2221 2138 2289 quidem
2167 2206 2291 2275 cum
2327 2229 2476 2275 esset
2506 2216 2675 2273 Filius
2710 2218 2825 2285 Dei,
2866 2218 3055 2272 didicit
3084 2230 3149 2270 ex
3189 2218 3255 2270 iis
3292 2232 3410 2285 qua:

1830 2328 2018 2381 passus
2053 2298 2165 2378 est,
2234 2311 2623 2366 obedientiam.
2653 2310 2721 2366 Et
2769 2319 3182 2365 consummatus
3239 2308 3413 2363 factus

1829 2419 1913 2461 est
1982 2405 2236 2461 omnibus
2283 2402 2790 2471 obtemperantibus
2841 2402 2944 2457 sibi
3000 2416 3163 2457 causa
3221 2400 3414 2455 salutis

1829 2498 2136 2553 acterna".
2202 2515 2219 2548 ι
2276 2494 2540 2564 Adjiciam
2602 2510 2732 2550 vero
2788 2494 2949 2549 dictis
3014 2494 3177 2549 etiam
3235 2492 3410 2547 illud:

1837 2609 1857 2642 ι
1889 2591 2029 2645 Deus
2057 2604 2231 2652 mens,
2257 2589 2401 2644 Deus
2425 2602 2596 2650 meus.
2620 2603 2790 2658 quare
2809 2602 2895 2642 me
2917 2587 3248 2656 dereliquisti
3278 2586 3355 2639 '°?
3391 2606 3409 2638 ι

1830 2681 2018 2739 Aliena
2047 2683 2189 2738 enim
2242 2683 2356 2737 haec
2412 2698 2534 2737 esse
2565 2682 2751 2736 dicunt
2801 2696 2830 2734 a
2881 2681 2990 2735 Deo
3027 2680 3219 2747 Verbo,
3252 2692 3417 2749 atque

1831 2791 1931 2845 ego
1965 2776 2179 2845 quidem
2213 2762 2477 2845 dignitate
2511 2773 2681 2844 ipsius
2715 2783 2876 2843 atque
2906 2772 3225 2827 excellentia
3261 2773 3417 2844 longe

1833 2869 2091 2926 inferiora
2120 2884 2182 2925 ea
2209 2884 2329 2925 esse
2359 2868 2741 2937 judicaverim.

1903 2961 1971 3018 A.
2023 2960 2162 3027 Quin
2228 2970 2285 3015 et
2347 2975 2447 3032 ego
2470 2964 2587 3031 ipse.
2644 2960 2805 3015 facile
2853 2961 3094 3034 intelligo
3141 2962 3256 3018 luec
3310 2979 3416 3017 non

1835 3053 2128 3108 convenire
2158 3051 2335 3107 Verbo
2364 3055 2548 3124 genito
2569 3068 2637 3107 ex
2675 3052 2786 3109 Deo
2832 3052 3013 3118 Patre,
3073 3054 3118 3109 si
3175 3054 3301 3110 illud
3352 3058 3420 3108 an

1837 3146 2308 3201 administratione
2363 3148 2416 3200 in
2476 3160 2642 3201 carne
2688 3161 3089 3212 removeamus,
3120 3164 3295 3219 neque
3322 3149 3418 3203 ad-

1790 3232 1803 3251 ⁴
1838 3239 2119 3293 mittamus
2166 3238 2218 3292 id
2244 3238 2387 3307 quod
2443 3236 2725 3307 Scriptura
2782 3246 3037 3305 testatur,
3080 3241 3222 3310 quod
3255 3241 3416 3295 nimi-

1836 3346 1957 3387 rum
1992 3330 2166 3386 l'actus
2195 3334 2267 3386 sit
2291 3347 2440 3386 caro.
2475 3330 2609 3385 Cum
2644 3346 2769 3385 vero
2806 3331 2910 3385 hoc
2967 3331 3196 3387 firmiter
3232 3343 3419 3388 tenea-

1839 3439 1959 3479 mus
2018 3432 2072 3477 et
2124 3424 2389 3479 dubitatio
2453 3423 2560 3479 hac
2607 3423 2658 3477 in
2713 3438 2773 3477 re
2820 3437 2942 3477 cum
3018 3424 3295 3493 impietate
3349 3429 3420 3482 sit

1838 3516 2161 3585 conjuncta,
2212 3516 2607 3571 incarnationis
2640 3516 2961 3588 mysterium
3011 3528 3271 3585 quantum
3304 3520 3418 3574 ﬁeri

1839 3618 2015 3679 potest
2046 3611 2464 3679 perpendamus.
2490 3610 2756 3679 Apparuit
2794 3609 2978 3675 itaque
3012 3611 3167 3667 nobis
3188 3610 3420 3666 Vetbum

1839 3716 1906 3754 ex
1942 3700 2053 3755 Deo
2093 3702 2146 3755 in
2204 3700 2378 3754 forma
2408 3710 2605 3755 nostrae
2663 3701 2850 3765 simili,
2919 3702 3218 3757 innumeris
3253 3706 3425 3759 modis

1841 3794 2133 3849 humanam
2184 3805 2437 3848 naturam
2496 3791 2721 3861 juvans,
2765 3793 3076 3864 optimeque
3127 3796 3282 3851 nobis
3330 3799 3426 3852 de-

1842 3895 2153 3939 monstrans
2193 3884 2333 3939 viam
2368 3899 2489 3953 qua:
2541 3884 2609 3939 ad
2655 3884 2861 3954 optima
2918 3901 3148 3957 qumque
3185 3889 3422 3942 deducit.

1842 3976 2076 4031 Necesse
2114 3977 2300 4046 itaque
2350 3986 2467 4031 erat
2530 3987 2588 4032 ut
2634 3976 2967 4041 diceremus,
3026 3994 3150 4033 cum
3198 3984 3427 4034 tentatio

1845 4067 2054 4122 invadit
2105 4082 2199 4121 eos
2257 4067 2348 4135 qui
2400 4066 2469 4123 ob
2514 4068 2858 4123 dilectionem
2894 4068 2988 4122 Dei
3029 4070 3423 4140 periclitantur,

1843 4159 2034 4230 quales
2068 4166 2319 4235 oporteat
2352 4174 2471 4215 esse
2494 4174 2589 4215 eos
2618 4162 2708 4230 qui
2750 4161 3075 4217 laudabilem
3106 4171 3267 4230 atque
3307 4162 3423 4217 exi-

1846 4252 2010 4305 miam
2042 4252 2209 4304 vitam
2240 4251 2526 4307 instituere
2558 4254 2730 4307 velint
2769 4270 2784 4308 :
2835 4262 3017 4307 utrum
3044 4254 3110 4307 ad
3157 4254 3424 4322 ignaviam

1846 4359 2066 4414 pronos,
2102 4352 2157 4397 et
2198 4343 2406 4398 deliciis
2444 4345 2688 4408 deditos,
2724 4346 3093 4415 bilaritatique
3147 4356 3202 4400 et
3233 4347 3429 4414 gaudio

1847 4435 2086 4488 animum
2115 4438 2358 4490 laxantes
2388 4455 2401 4489 :
2433 4450 2499 4489 an
2534 4436 2712 4506 potius
2744 4454 2847 4491 una
2890 4438 3144 4507 precibus
3165 4439 3427 4500 intentos.

138 4520 348 4589 μένους
376 4517 458 4577 εἰς
490 4513 775 4584 εὐθυμίαν,
802 4514 834 4583 ἦ
872 4514 1315 4584 συντεινομένους
1341 4515 1419 4577 είς
1446 4515 1617 4580 λιτάς,
1650 4533 1707 4569 κο

1848 4539 1902 4583 et
1952 4529 2313 4600 lacrymantes
2341 4543 2527 4583 coram
2592 4528 2877 4585 Salvatore
2941 4532 3111 4597 cerni,
3156 4543 3211 4585 et
3264 4532 3432 4601 ipsius

132 4606 598 4681 δεδακρυμένους
635 4604 864 4674 ὁρᾶσθαι
901 4604 979 4674 τῷ
1014 4606 1275 4670 σιὶιςοντι,
1326 4608 1421 4660 καὶ
1467 4606 1568 4678 τὴν
1612 4624 1723 4679 παρ

135 4702 315 4756 αὑτοῦ
364 4698 645 4769 διψῶντας
695 4696 1036 4766 ἐπικουρίαν,
1084 4700 1177 4751 καὶ
1213 4698 1396 4768 μέντοι
1443 4700 1535 4753 καὶ
1583 4701 1742 4753 εύαν-

133 4794 319 4868 δρίαν,
356 4791 527 4859 εἴπερ
567 4788 740 4842 ἕλοιτο
786 4788 879 4841 καὶ
908 4791 1100 4842 παθεῖν
1130 4792 1295 4860 ἡμᾶς.
1330 4792 1476 4844 Ἔδει
1519 4809 1578 4846 τε
1608 4792 1741 4864 πρὸς

134 4886 367 4946 τούτοις
417 4880 621 4934 εἰδέναι
675 4880 990 4952 χρησίμως,
1040 4882 1160 4934 ὅποι
1202 4881 1331 4935 ποτὲ
1377 4883 1486 4955 ἄρα
1536 4883 1597 4937 τὸ
1644 4885 1746 4956 τῆς

137 4975 403 5045 ὑπακοῆς
446 4972 673 5035 διέξεισι
706 4970 880 5043 πέρας
901 5014 914 5035 ,
954 4973 1049 5025 καὶ
1090 4972 1178 5026 διὰ
1208 4974 1375 5028 ποίων
1402 4974 1622 5045 ἔρχεται
1653 4994 1747 5045 γε·

139 5072 281 5144 ρῶν,
311 5070 449 5129 ὅσος
469 5080 534 5116 τε
562 5065 654 5117 καὶ
678 5060 788 5129 οἷος
832 5065 934 5134 τῆς
958 5065 1237 5136 ὑπομονῆς
1258 5068 1286 5120 6
1314 5068 1524 5137 μισθός.
1549 5069 1749 5138 Γέγονε

138 5164 330 5219 τοίνυν
352 5153 715 5219 ὑποτύπωσις
739 5157 846 5211 τῶν
875 5157 1130 5212 τοιούτων
1156 5160 1287 5231 ἡμῖν
1321 5161 1350 5212 6
1373 5161 1626 5233 Χριστὸς,
1655 5166 1750 5215 καὶ

140 5255 293 5327 πρός
324 5267 390 5319 γε
429 5246 595 5301 τοῦτο
625 5248 775 5317 ἡμᾶς
800 5249 1025 5319 ὲμπεδοῖ
1050 5250 1225 5318 λέγων
1262 5252 1292 5303 6
1325 5251 1614 5317 θεσπέσιος
1645 5254 1750 5309 Πέ-

137 5360 299 5421 τρος·
344 5360 364 5393 ο
401 5340 572 5393 Ποῖον
605 5339 715 5409 γὰρ
741 5339 916 5404 κλέος,
947 5344 994 5395 εί
1025 5343 1431 5414 ἁμαρτάνοντες
1465 5347 1560 5400 καὶ
1589 5346 1749 5403 κολα-

139 5440 443 5511 φιζόμενοι
493 5430 832 5501 ὑπομένετες
876 5433 1012 5487 Ἀλλ’
1044 5435 1092 5487 εἰ
1126 5434 1580 5503 ἀγαθοποιοῦντες
1612 5438 1748 5495 ὕπο-

138 5534 372 5607 μένετε,
421 5520 594 5575 τοῦτο
630 5522 788 5594 χάρις
853 5516 1001 5595 παρὰ
1052 5525 1191 5597 Θεῷ,
1238 5529 1320 5581 ὅτι
1371 5530 1464 5582 καὶ
1514 5532 1748 5602 Χριστὸς

1846 4623 2106 4676 auxilium
2161 4622 2319 4677 avide
2380 4631 2719 4692 appetentes,
2780 4623 3013 4694 fortique
3069 4626 3252 4680 animo
3295 4642 3431 4694 prte-

1847 4714 1990 4766 ditos
2039 4728 2183 4779 esse,
2239 4714 2284 4768 si
2320 4714 2482 4767 etiam
2532 4730 2629 4770 nos
2664 4717 2773 4786 pati
2811 4716 3063 4771 voluerit.
3113 4716 3430 4772 Consultnm

1849 4816 2108 4877 praeterea
2161 4819 2279 4861 erat
2318 4809 2459 4864 scire
2516 4810 2638 4879 quis
2694 4811 2766 4864 sit
2807 4809 3128 4865 obedientia:
3179 4810 3322 4874 linis,
3379 4821 3433 4865 et

1849 4897 2025 4967 qualis
2063 4911 2375 4969 quantaque
2401 4899 2698 4955 tolerantia:
2754 4914 2963 4955 merces
3006 4901 3079 4955 sit
3132 4898 3431 4969 proposita.

1857 4988 2059 5044 Horum
2122 4992 2309 5059 itaque
2372 4994 2614 5049 onmium
2675 4992 2842 5062 ﬁgura
2900 5002 3065 5061 atque
3127 4991 3433 5061 exetnplttm

1858 5082 2013 5134 nobis
2067 5081 2239 5137 factus
2308 5092 2392 5136 est
2443 5081 2714 5147 Christus,
2771 5084 2915 5151 quod
2961 5093 3015 5135 et
3068 5082 3283 5137 divinus
3348 5082 3432 5137 ille

1857 5171 2047 5229 Petrus
2080 5174 2364 5229 conﬁrmat
2388 5176 2573 5230 dicens
2605 5193 2619 5229 :
2657 5194 2675 5227 ι
2711 5174 2842 5241 Quae
2878 5175 3023 5230 enim
3067 5185 3149 5230 est
3203 5174 3341 5240 laus,
3390 5176 3433 5228 si

1856 5274 2144 5333 peccantes
2209 5275 2264 5319 et
2315 5267 2637 5336 colapliizati
2694 5267 2992 5323 sollertis?
3039 5267 3143 5322 Sed
3194 5267 3242 5323 si
3302 5268 3435 5322 bene

1859 5352 2117 5412 iacientes
2145 5357 2414 5426 patienter
2470 5360 2773 5425 sustinetis,
2797 5360 2912 5415 lucc
2950 5369 3033 5413 est.
3075 5358 3246 5429 gratia
3297 5359 3436 5427 apud

1860 5445 2025 5503 Deum
2055 5438 2073 5500 ε
2102 5449 2228 5520 quia
2254 5459 2310 5505 et
2328 5450 2575 5506 Christus
2604 5466 2798 5521 passus
2814 5458 2897 5505 est
2924 5465 3021 5519 pro
3064 5448 3236 5512 vobis,
3269 5448 3436 5502 relin-

1858 5551 2031 5604 quens
2053 5538 2203 5593 vobis
2226 5541 2529 5610 exemplum
2549 5551 2607 5595 ut
2628 5543 2926 5613 sequamini
2949 5540 3296 5611 vestigiaejus
3311 5540 3376 5593 ⁸⁷.
3417 5560 3435 5592 ι
3480 5614 3492 5627 ι

209 5736 253 5766 οι
282 5731 394 5786 ιεο,
421 5738 589 5813 χειν,
736 5725 818 5813 ii.
845 5797 858 5813 ι
897 5730 942 5813 1’
977 5727 1074 5782 lsa.
1103 5732 1332 5813 uti
1408 5734 1453 5765 ”
1482 5734 1596 5791 Jac.
1630 5752 1689 5805 ll,

1863 5740 1907 5772 “
1935 5722 2124 5798 l'Petr.
2149 5757 2223 5811 tv,
2260 5741 2349 5798 Η.
2425 5744 2468 5773 ⁸⁵
2498 5742 2660 5799 Hebr.
2688 5760 2739 5813 ν,
2765 5745 2873 5799 7-9.
2980 5743 3183 5798 “Psal.
3213 5759 3324 5807 XM,
3367 5742 3389 5795 l
3420 5757 3438 5809 ;

137 5810 338 5863 Matth.
386 5811 573 5857 ικγιι,
608 5795 696 5847 1.6.
770 5797 812 5826 ⁸⁷
845 5797 859 5850 l
894 5798 1036 5851 Petr.
1066 5816 1127 5861 tt,
1157 5806 1243 5863 :10,
1266 5806 1355 5858 “3|.

486 5891 765 5952 ΡΑτιιοιι.
817 5891 929 5951 Gn.
985 5894 1139 5952 LXX
1155 5895 1220 5957 Υ.

2974 5904 3085 6006 ,42
