3846 6210
421 302 561 361 1507

1462 305 1520 360 s.
1550 304 1828 361 CYRlLLl
1864 294 2340 363 ALEXANoniNt
2378 310 2705 368 ARClllEP.

3554 309 3693 365 1508

423 430 654 491 pientes,
711 420 860 479 stulti
922 421 1051 476 facti
1102 429 1249 487 sunt,
1289 428 1307 473 ι
1351 422 1503 492 juxta
1557 423 1897 494 Scripturam
1924 423 1994 476 ³⁷.

2122 427 2282 496 τοφοὶ,
2324 431 2744 504 ἐμωράνθησαν.
2781 452 2799 483 ι
2836 431 2977 486 κατὰ
3003 430 3064 484 τὸ
3085 422 3489 501 γεγραμμένον.
3547 426 3693 481 Μεθέ

426 513 741 570 'l'raducunt
784 513 1053 580 enim,~ut
1084 512 1220 577 dixi,
1254 528 1469 568 omnem
1501 515 1752 585 mysterii
1790 514 1998 569 Christi

422 605 533 660 vim
561 621 625 662 ac
654 606 906 661 virtutem
953 606 1005 659 in
1037 605 1393 661 contrarium.
1433 606 1500 661 Et
1532 608 1675 678 quod
1715 605 1891 674 ipsum
1923 605 2004 658 di-

423 707 558 754 cunt
591 698 810 768 dignum
843 713 909 753 eo
940 697 1145 752 honore
1170 697 1469 767 judicatum
1508 713 1650 762 esse,
1694 696 1822 750 nihil
1860 695 2003 749 aliud

426 800 513 847 est
542 806 704 861 quam
746 805 1090 845 communem
1131 790 1368 861 aliquem
1409 791 1685 845 hominem
1744 786 2000 856 statuere,

427 894 483 938 et
517 883 885 939 diversitatem
928 883 1218 952 quamdam
1266 883 1540 954 imperite,
1581 899 1645 939 ac
1687 883 2004 938 dualitatem

430 974 663 1029 ﬁliorum
713 972 1046 1028 adorandam
1094 988 1419 1043 pr0ponere,
1475 988 1708 1043 quorum
1755 972 1893 1027 alter
1937 973 2008 1026 sit

427 1074 622 1119 natura
672 1079 735 1119 ac
779 1078 911 1119 vere
940 1064 1132 1133 Filius,
1167 1066 1307 1120 alter
1352 1065 1621 1120 ascititius
1667 1072 1723 1119 et
1769 1063 2005 1133 spurius,

426 1155 670 1225 nihilque
704 1157 911 1211 habens
952 1156 1095 1225 quod
1138 1168 1294 1212 suum
1328 1158 1436 1219 sit;
1474 1157 1548 1210 ita
1591 1164 1649 1211 ut
1683 1154 1760 1210 illi
1789 1153 2009 1223 perinde

426 1262 492 1302 ac
533 1248 689 1302 nobis
718 1247 827 1302 dici
862 1248 1077 1315 possit:
1111 1267 1129 1299 ‹
1164 1247 1301 1313 Quid
1338 1249 1505 1301 hahes
1530 1246 1671 1316 quod
1709 1260 1812 1300 non
1855 1259 2010 1300 acce-

425 1338 573 1408 peris
594 1338 675 1392 '3?
709 1357 729 1391 ι
775 1336 1046 1392 Prmterea
1098 1338 1227 1407 quid
1279 1338 1344 1391 de
1396 1337 1799 1407 sapientissimo
1844 1334 2011 1388 Paulo

426 1439 751 1495 statuemus,
812 1432 884 1492 ita
938 1431 1153 1486 dicente
1191 1450 1204 1485 :
1238 1450 1255 1481 ι
1290 1429 1381 1484 Dei
1438 1430 1581 1485 enim
1633 1430 1806 1484 Filius
1853 1427 2010 1483 Jesus

428 1520 707 1586 Christus,
741 1522 832 1591 qui
870 1521 923 1576 in
961 1521 1117 1576 vobis
1161 1538 1254 1590 per
1293 1537 1392 1577 uos
1422 1520 1749 1591 prmdicatus
1779 1528 1885 1586 est,
1915 1533 2011 1587 per

426 1628 516 1667 me
546 1624 601 1671 et
632 1611 910 1667 Silvanum
945 1623 1000 1668 et
1025 1613 1395 1679 Timotheum,
1433 1628 1538 1668 non
1567 1612 1670 1667 fuit
1702 1614 1756 1668 in
1782 1613 1884 1680 illo
1911 1631 2010 1671 nsr

427 1713 483 1758 et
515 1721 643 1770 non,
679 1706 771 1761 sed
803 1721 901 1761 εει·
930 1705 982 1760 in
1013 1706 1104 1760 illo
1137 1705 1241 1761 fuit
1264 1706 1331 1760 '°.
1363 1725 1382 1758 ι
1418 1704 1698 1771 Quomodo
1725 1707 1872 1760 enim
1903 1722 2008 1761 nou

427 1796 593 1851 fuerit
631 1812 729 1852 EST
773 1806 828 1852 et
854 1813 996 1864 NON,
1028 1799 1073 1854 si
1106 1798 1248 1853 Deus
1291 1813 1410 1853 esse
1446 1798 1665 1864 dicitur,
1697 1808 1751 1853 et
1789 1814 1893 1852 non
1928 1811 2010 1855 est

428 1887 613 1959 Deusl?
645 1890 691 1944 si
720 1889 857 1945 falso
885 1891 951 1946 de
980 1892 1096 1961 ipso
1136 1890 1335 1945 dicitur
1366 1890 1514 1955 illud,
1550 1890 1720 1945 Filius
1750 1901 1803 1945 et
1828 1891 2012 1946 Domi-

430 1981 575 2035 nus?
604 1981 663 2036 Si
702 1996 831 2038 vero
859 1982 930 2037 ita
974 1998 1035 2039 se
1064 1998 1156 2039 res
1192 1983 1373 2048 habet,
1406 1992 1459 2036 ut
1494 1983 1581 2039 isti
1614 1983 1824 2050 volunt,
1853 1999 2013 2054 opor-

430 2075 598 2130 tuerit
621 2075 808 2142 etiam,
837 2086 899 2131 ut
937 2077 1200 2141 arbitror,
1234 2078 1458 2132 dicere:
1497 2094 1516 2128 ι
1543 2077 1732 2132 Gratia
1768 2077 1860 2132 Dei
1892 2094 2010 2132 sum

430 2162 485 2217 id
516 2164 659 2233 quod
686 2180 802 2220 sum
828 2166 898 2223 ³⁰.
928 2184 948 2219 ι
982 2167 1134 2235 Quod
1167 2169 1311 2225 enim
1342 2168 1670 2223 naturaliter
1708 2182 1816 2222 non
1848 2168 2011 2233 inest,

429 2255 524 2309 sed
552 2256 897 2313 extrinsecus
938 2259 1171 2314 ascitum
1200 2270 1304 2322 est,
1338 2270 1391 2317 et
1420 2260 1488 2315 ab
1527 2260 1633 2314 alio
1662 2260 1868 2327 datum,
1905 2276 2011 2314 non

430 2355 516 2401 est
560 2347 846 2403 dicendum
892 2350 1010 2420 ejus
1040 2353 1135 2422 qui
1180 2353 1410 2419 accepit,
1461 2351 1555 2406 sed
1591 2350 1710 2420 ejus
1740 2350 1832 2420 qui
1869 2351 2016 2405 dedit

431 2445 594 2505 atque
627 2435 856 2508 largitus
894 2449 998 2494 est.
1046 2442 1164 2507 Quo
1204 2450 1363 2511 pacto
1409 2451 1587 2497 autem
1633 2442 1816 2495 dixit:
1853 2460 1872 2493 ι
1904 2441 2015 2507 Ego

430 2540 550 2581 sum
584 2526 801 2583 Veritas
823 2530 890 2597 “,
922 2551 941 2584 ι
981 2533 1026 2587 si
1070 2533 1204 2588 nihil
1253 2535 1307 2588 in
1349 2535 1466 2603 ipso
1507 2542 1591 2589 est
1639 2534 1792 2605 veri?
1846 2533 2013 2604 Atqui

432 2620 947 2689 comprehenderint
989 2624 1152 2678 etiam
1196 2626 1370 2695 ipsum
1419 2627 1679 2695 tenebrae,
1724 2628 1771 2682 si
1825 2627 2016 2681 menti-

434 2722 540 2766 tur.
568 2711 836 2770 Cteterum
862 2733 883 2767 ι
908 2730 1015 2771 non
1044 2716 1175 2772 fecit
1200 2726 1503 2787 peccatum,
1536 2734 1713 2791 neque
1760 2718 2014 2775 inventus

431 2810 515 2858 est
541 2803 595 2859 in
622 2819 718 2859 ore
745 2805 917 2876 ipsius
947 2807 1124 2878 dolus,
1156 2827 1176 2861 ι
1207 2818 1266 2864 ut
1299 2810 1564 2881 scriptum
1595 2821 1680 2867 est
1699 2812 1767 2865 ³³.

496 2892 560 2947 B.
598 2893 717 2949 Non
738 2910 890 2952 sane.

509 2986 570 3041 A.
612 2986 873 3053 Quaenam
910 3005 1041 3046 vero
1075 2990 1239 3048 fuerit
1282 2995 1617 3064 exinanitio;
1657 3008 1751 3054 aut
1799 3001 1885 3055 cui
1922 3016 2015 3057 ac-

435 3077 667 3147 ciderit?
700 3078 885 3150 Neque
918 3081 1065 3138 enim
1094 3100 1424 3157 quemquam
1456 3088 1794 3146 exinanitum
1827 3093 2013 3148 videre

433 3181 541 3235 est,
574 3170 739 3243 746
759 3171 855 3228 sed
884 3175 1065 3244 potius
1099 3187 1290 3233 contra
1318 3179 1621 3250 impletum,
1655 3198 1778 3237 cum
1811 3184 2013 3253 alioqui

435 3258 822 3329 plenitudinem
869 3278 941 3319 ex
984 3280 1081 3319 sua
1132 3278 1325 3324 natura
1365 3270 1584 3328 habeat.
1636 3272 1823 3343 Neque
1869 3276 2014 3329 enim

436 3347 614 3403 aliena
654 3364 757 3421 ope
795 3354 969 3422 eguit;
1026 3363 1082 3409 et
1132 3370 1595 3434 supervacaneum
1642 3363 1695 3417 in
1746 3378 1811 3418 eo
1855 3363 2018 3420 fuerit

436 3441 705 3512 accipere,
743 3458 865 3499 cum
892 3461 956 3501 ex
994 3462 1091 3503 sua
1118 3460 1315 3505 natura
1349 3452 1420 3507 sit
1448 3453 1900 3523 perfectissimus,
1927 3456 2017 3511 ni-

437 3535 618 3605 hilque
654 3537 704 3591 ei
745 3538 920 3605 desit;
954 3540 1050 3595 sed
1097 3556 1162 3596 ex
1198 3543 1534 3612 plenitudine
1573 3546 1779 3601 Christi
1828 3562 2017 3603 omnes

438 3641 537 3680 nos
595 3629 905 3698 accepimus
928 3630 1013 3697 ³³,
1066 3647 1243 3701 neque
1317 3633 1623 3690 divinorum
1678 3636 2015 3706 eloquiorum

440 3732 717 3783 praecones
773 3722 986 3776 mentiti
1032 3722 1254 3779 fuerint.
1291 3725 1492 3781 Plenus
1541 3728 1687 3782 enim
1730 3739 1813 3784 est
1856 3730 2017 3784 Chrin

439 3821 575 3879 stus,
610 3827 784 3882 neque
806 3814 1098 3886 quidquam
1144 3818 1367 3873 omnino
1397 3824 1452 3875 in
1488 3820 1605 3889 ipso
1640 3831 1745 3886 est,
1776 3822 1918 3891 quod
1953 3821 2019 3876 ab

438 3901 545 3957 alio
571 3906 862 3974 acceperit,
886 3917 1155 3977 quatenus
1184 3919 1437 3964 censetur
1464 3922 1520 3965 et
1548 3922 1629 3967 est
1660 3914 1797 3967 Deus
1832 3933 1843 3968 :
1880 3923 2019 3967 tam-

438 3996 542 4051 etsi
604 3999 880 4068 proprium
952 4002 1116 4057 etiam
1191 4003 1241 4058 ei
1294 4003 1495 4058 factum
1549 4015 1669 4073 est,
1744 4008 2015 4077 accipere,

440 4096 663 4157 propter
694 4090 943 4145 humanae
988 4101 1197 4148 natura:
1234 4095 1636 4163 conditionem;
1668 4106 1721 4150 et
1752 4109 2019 4167 quatenus

441 4182 694 4249 apparuit
746 4185 921 4239 nostri
973 4186 1187 4241 similis.
1246 4186 1414 4243 Nobis
1462 4188 1638 4254 enim,
1698 4201 1750 4244 ct
1802 4191 2018 4259 quidem

440 4282 589 4327 recte
637 4275 896 4331 dicatur:
936 4295 957 4329 ι
987 4277 1128 4345 Quid
1162 4279 1308 4335 enim
1356 4278 1548 4348 habes,
1583 4280 1729 4350 quod
1774 4295 1881 4336 non
1925 4295 2020 4336 ac-

439 4362 670 4430 cepisti?
700 4384 719 4415 ι

506 4454 568 4507 Β.
608 4454 768 4512 Certe
808 4458 913 4514 hoc
950 4468 1225 4527 asserunt,
1254 4479 1420 4517 unum
1465 4478 1585 4519 esse
1617 4463 1916 4528 Christum,
1955 4473 2008 4519 et
2041 4475 2084 4529 D

438 4547 658 4617 Filium,
684 4563 739 4606 et
766 4551 1077 4621 Dominum,
1107 4553 1343 4609 Verbum
1375 4571 1442 4610 ex
1479 4555 1586 4610 Deo
1622 4555 1868 4621 Patre”,
1895 4571 2023 4610 con-

435 4640 627 4711 juncto
663 4642 879 4698 interim
914 4645 1015 4713 ipsi
1050 4659 1116 4700 eo
1152 4646 1241 4716 qui
1273 4656 1360 4701 est
1391 4662 1456 4701 ex
1483 4648 1690 4702 semine
1721 4646 1905 4701 David.

515 4732 584 4786 A.
630 4732 702 4787 At
757 4734 905 4790 dicat
947 4735 1149 4806 aliquis
1195 4736 1473 4804 illis:Qui
1527 4738 1875 4804 coniunctum
1915 4737 2016 4792 sibi

382 4858 389 4866 -
440 4823 607 4879 habet
650 4822 840 4893 alium,
880 4840 986 4881 non
1033 4837 1213 4896 potest
1270 4829 1481 4884 censeri
1531 4845 1690 4896 unus,
1734 4829 1830 4885 sed
1879 4842 2019 4882 unus

439 4931 563 4970 cum
593 4930 721 4982 uno,
749 4915 855 4972 hoc
885 4927 993 4983 est,
1039 4917 1185 4974 alio:
1213 4919 1318 4975 duo
1344 4928 1523 4976 autem
1569 4922 1622 4976 hi
1658 4936 1879 4990 prorsus
1920 4919 2029 4974 sint

442 5022 667 5064 necesse
702 5016 808 5066 est.
838 5008 992 5066 Unus
1015 5025 1148 5082 vero
1186 5011 1516 5083 intelligetur
1548 5028 1733 5068 revera
1778 5027 1901 5068 esse
1939 5011 2027 5066 Fi-

443 5100 570 5168 lius,
601 5101 647 5156 si
673 5102 922 5158 eumdem
964 5104 1209 5160 dicamus
1240 5120 1363 5161 esse
1404 5123 1470 5163 ex
1503 5107 1614 5163 Deo
1640 5108 1859 5178 quidem
1892 5105 2030 5160 divi-

442 5194 592 5249 nitus
631 5195 874 5266 genitum
900 5194 1071 5251 Deum
1100 5195 1379 5266 Verbum;
1412 5199 1809 5255 admirabiliter
1845 5208 2028 5254 autem

444 5285 719 5341 hominem
754 5294 810 5342 et
839 5287 1136 5342 secundum
1171 5303 1390 5343 carnem
1435 5288 1635 5345 factum
1670 5306 1737 5347 ex
1773 5292 2012 5347 muliere.

446 5378 502 5430 Si
536 5392 663 5432 vero
692 5394 813 5433 eum
841 5379 931 5448 qui
978 5388 1061 5435 cst
1090 5395 1156 5435 ex
1199 5381 1410 5437 semine
1440 5381 1607 5437 David
1652 5382 1878 5440 seorsim
1911 5393 2023 5439 sta-

445 5478 661 5526 tuentes
706 5485 770 5527 ac
817 5472 1217 5544 distinguentes
1256 5488 1444 5528 verum
1494 5473 1664 5531 Deum
1723 5486 1777 5531 et
1823 5476 2021 5533 Filium

520 5687 562 5716 ’τ
597 5685 751 5738 Rom.
784 5701 822 5745 ι,
855 5685 944 5740 2‘2.
1021 5686 1067 5716 ’⁸
1094 5684 1111 5738 1
1136 5687 1261 5738 Cor.
1298 5702 1368 5751 Iv,
1403 5686 1455 5738 7.

446 5750 639 5812 ΙΡιιι·.
673 5771 731 5826 u,
763 5756 853 5812 22.
931 5755 974 5788 ³³
1017 5755 1168 5813 .loau.
1200 5773 1237 5824 l,
1272 5750 1363 5811 16.
1435 5756 1474 5789 ³³
1508 5754 1676 5815 lCot‘.
1710 5773 1826 5823 vm,
1870 5760 1919 5813 6.

1545 5688 1589 5719 ²⁹
1631 5687 1668 5740 ll
1703 5686 1824 5742 Cor.
1863 5702 1898 5745 ι.
1939 5692 2017 5749 19.
2098 5693 2143 5727 ³ο
2178 5692 2346 5750 lCor.
2389 5709 2476 5755 xv,
2518 5690 2600 5746 lO.

2109 524 2287 577 ιστᾶσι
2334 525 2463 597 γὰρ,
2504 527 2579 590 ὡς
2597 526 2755 596 ἔφην,
2787 523 2882 579 τοῦ
2920 522 3065 579 κατὰ
3103 523 3338 595 Χριστὸν
3389 519 3691 592 μυστηρίου

2104 615 2203 686 τὴν
2234 614 2480 686 δύναμιν,
2530 620 2610 681 εἰς
2648 619 2756 671 πᾶν
2798 615 3128 681 τούναντίον,
3165 614 3259 669 καὶ
3288 614 3387 684 μὲν
3424 610 3693 681 ἠξιῶσθαι

2105 706 2285 775 λέγειν
2326 707 2507 774 αὐτὸν,
2547 707 2632 779 εἴη
2664 707 2732 761 ἂν
2781 707 2969 779 ἓτερον
3003 705 3176 767 οὐδὲν,
3211 703 3353 775 πλὴν
3384 702 3467 755 ὅτι
3512 700 3692 753 κοινὸν

2107 797 2398 869 ἄνθρωπον
2418 798 2768 865 ἀποφαίνειν,
2800 800 2894 852 καὶ
2918 800 2998 862 είς
3027 796 3321 868 ἑτερότητα
3337 795 3436 865 τὴν
3459 792 3693 846 είσάπαν

2111 890 2481 963 ἀποτειχίζειν
2548 890 2813 955 ἀϐούλως,
2890 890 2966 953 ὡς
3037 889 3168 941 υἱῶν
3231 886 3470 941 νοεῖσθαι
3526 884 3693 938 δυάδα

2110 983 2517 1055 προσκυνητὴν,
2573 977 2649 1038 ὧν
2706 986 2735 1037 ὁ
2782 984 2882 1054 μέν
2927 983 3046 1035 ἐστι
3091 979 3251 1049 φύσει
3300 979 3394 1032 καὶ
3450 975 3692 1044 ἀληθῶς,

2112 1073 2340 1146 θάτερὸς
2360 1093 2424 1144 γε
2466 1074 2594 1147 μὴν,
2627 1075 2937 1144 εἰσποιητὸς
2968 1090 3028 1127 τε
3068 1073 3162 1127 καὶ
3188 1070 3359 1134 νόθος,
3406 1069 3503 1122 καὶ
3540 1065 3695 1119 οὐδὲν

2111 1163 2251 1233 ἔχων
2305 1165 2330 1217 ’ὁ
2373 1166 2521 1218 ἐστιν
2572 1165 2761 1230 αὑτοῦ,
2814 1164 2902 1217 ἵνα
2956 1164 3050 1217 καὶ
3107 1162 3258 1231 αὐτῷ
3294 1160 3526 1228 λέγηται
3574 1154 3695 1227 μεθ’

2111 1254 2301 1324 ἡμῶνο
2352 1274 2371 1306 ι
2400 1255 2464 1308 Τί
2498 1255 2607 1326 γάρ
2655 1255 2818 1325 ἔχεις,
2864 1254 2893 1307 ὃ
2923 1255 3022 1307 οὐκ
3068 1252 3292 1315 ἕλαϐες;
3348 1269 3368 1301 ι
3395 1245 3529 1302 Εἶτα
3572 1248 3697 1299 ὅποι

2112 1349 2245 1400 ποτὲ
2280 1346 2545 1417 βαδιεῖται
2588 1347 2763 1416 λέγων
2802 1349 2831 1400 ὁ
2875 1346 3151 1413 πάνσοφος
3183 1340 3415 1405 Παῦλος,
3443 1359 3462 1392 ι
3509 1340 3573 1392 Ὁ
3599 1334 3697 1390 τοῦ

2111 1437 2248 1491 Θεοῦ
2271 1439 2379 1509 γάρ
2408 1433 2536 1502 Υἱὸς
2565 1439 2799 1509 Χριστὸς
2837 1437 3063 1509 Ἰησοῦς,
3092 1439 3120 1490 ὀ
3152 1437 3210 1488 ἐν
3235 1435 3364 1504 ὑμῖν
3396 1428 3700 1502 κηρυχθεὶς

2110 1531 2178 1585 δι’
2220 1531 2357 1602 ἐμοῦ
2396 1532 2489 1585 καὶ
2528 1531 2817 1585 Σιλουανοῦ
2855 1531 2952 1584 καὶ
2999 1527 3288 1600 Τιμοθέου,
3340 1525 3442 1578 οὐκ
3480 1522 3701 1591 ἐγένετο

2111 1624 2222 1679 Ναὶ
2250 1625 2346 1678 καὶ
2380 1623 2476 1689 Οὔ,
2516 1624 2653 1678 ἀλλὰ
2680 1625 2786 1678 Ναί
2825 1626 2883 1676 ὲν
2916 1621 3066 1693 αὐτῷ
3100 1621 3309 1689 γέγονε.
3344 1636 3362 1669 ι
3415 1615 3545 1679 Πῶς
3587 1615 3699 1684 γὰρ

2113 1717 2174 1770 οὐ
2201 1718 2392 1786 γέγονε
2423 1716 2525 1771 Ναί
2554 1719 2650 1771 καὶ
2689 1715 2763 1770 Οὔ
2781 1757 2796 1781 ,
2825 1719 2874 1770 εἰ
2906 1715 3038 1779 Θεὸς
3060 1710 3199 1767 εἶναι
3228 1711 3447 1781 λέγεται
3476 1710 3577 1763 καὶ
3599 1708 3701 1762 οὐκ

2041 1784 2083 1837 Β
2111 1784 2227 1863 ἔστι
2264 1784 2432 1875 Θεόςς
2482 1811 2531 1862 εί
2557 1807 2998 1879 κατεψευσμένον
3024 1808 3111 1860 ἐπ’
3142 1804 3305 1858 αὐτοῦ
3332 1802 3413 1868 τὸ,
3444 1800 3577 1863 Υἱός
3603 1799 3701 1854 καὶ

2111 1904 2352 1975 Κύριος;
2396 1904 2613 1973 Ἔχοντι
2644 1901 2699 1955 δὲ
2729 1895 2857 1964 ὧδε,
2897 1898 3042 1954 καθά
3071 1914 3234 1967 φασιν
3275 1895 3449 1959 αὐτοὶ,
3494 1892 3700 1964 πρέποι

2111 1993 2199 2062 ἂν,
2237 1991 2391 2066 οἶμαί
2429 2013 2553 2061 που,
2596 1995 2686 2048 καὶ
2725 1994 2785 2047 τὸ
2820 1993 3017 2064 χρῆναι
3058 1991 3237 2060 λέγειν
3260 2007 3274 2020 ·
3339 2008 3359 2040 ι
3386 1988 3588 2057 Χάριτι
3643 1984 3701 2037 δὲ

2112 2084 2246 2139 Θεοῦ
2275 2087 2395 2156 ἐἰμι
2428 2086 2456 2139 ὅ
2495 2088 2629 2155 εἰμι.
2661 2103 2680 2136 ι
2731 2084 2806 2137 Τὸ
2837 2082 2947 2153 γὰρ
2994 2081 3083 2153 μὴ’
3115 2078 3275 2149 φύσει
3319 2075 3540 2148 προσὸν,
3581 2072 3699 2127 ἀλλ’

2113 2178 2316 2243 ἔξωθεν
2368 2178 2465 2232 καὶ
2512 2177 2946 2248 εἰσκεκριμένον,
2983 2173 3078 2227 καὶ
3127 2172 3260 2241 παρ’
3288 2169 3479 2240 ἑτέρου
3522 2166 3700 2234 δοτὸν,

2112 2270 2235 2341 οὐχὶ
2262 2269 2355 2324 τοῦ
2386 2271 2644 2334 λαϐόντος
2672 2269 2761 2340 εἴη
2788 2268 2854 2322 ἂν
2879 2267 3101 2339 μᾶλλον,
3129 2264 3268 2319 ἀλλὰ
3293 2262 3385 2316 τοῦ
3413 2261 3702 2331 νείμαντος

2115 2365 2208 2416 καὶ
2234 2362 2626 2433 χαρισαμένου.
2659 2360 2786 2424 Πῶς
2812 2360 2870 2413 δὲ
2900 2359 2995 2412 καὶ
3028 2358 3291 2427 ἔφασκεν,
3337 2374 3356 2407 ι
3396 2351 3541 2421 Ἐγὼ
3584 2352 3702 2420 εἰμι

2113 2458 2147 2527 ἡ
2183 2456 2431 2527 ἀλήθεια,
2471 2476 2490 2508 ι
2536 2456 2583 2508 εἰ
2615 2454 2782 2527 μηδὲν
2808 2454 3003 2525 ἀληθὲς
3024 2453 3111 2505 ἐπ’
3140 2450 3334 2514 αὐτοῦς
3368 2443 3702 2514 Κατεῖήςθη

2114 2552 2257 2620 τάχα
2299 2567 2403 2603 που
2441 2551 2536 2602 καὶ
2566 2548 2670 2602 ὑπὸ
2714 2551 2815 2620 τῆς
2855 2545 3098 2609 σκοτίας,
3149 2545 3199 2596 εἰ
3235 2541 3514 2612 ψεύδεται.
3560 2536 3702 2591 Ἀλλ’

2123 2664 2140 2695 ι
2172 2643 2272 2697 οὑκ
2302 2641 2560 2713 ἐποίησεν
2611 2640 2910 2713 ἁμαρτίαν,
2939 2638 3059 2692 οὐδὲ
3096 2635 3293 2707 εὑρέθη
3320 2633 3471 2696 δόλος
3518 2633 3579 2685 ὲν
3626 2629 3705 2701 τῷ

2118 2733 2346 2803 στόματι
2367 2731 2557 2797 αὐτοῦ,
2586 2751 2605 2784 ι
2642 2731 2787 2786 καθά
2819 2731 3147 2804 γέγραπται.

2185 2911 2247 2965 Β.
2282 2911 2358 2964 Οὐ
2383 2909 2494 2982 γὰρ
2522 2905 2637 2965 οὖν.

2186 3005 2254 3059 Α.
2286 3003 2397 3061 Ποῦ
2436 3003 2494 3057 δὲ
2527 3006 2560 3075 ὴ
2609 3003 2876 3069 κένωσις;
2935 3003 3032 3057 καὶ
3069 3003 3211 3067 τίνος
3244 3001 3311 3055 ἂν
3340 3001 3515 3052 νοοῖτο
3546 2992 3713 3064 γενέ-

2038 3131 2084 3190 c
2118 3097 2243 3152 σθαι
2279 3097 2497 3164 λοιπὸν;
2546 3098 2621 3150 Οὐ
2665 3095 2773 3168 γὰρ
2812 3096 2957 3148 ἔστιν
3010 3094 3136 3148 ἰδεῖν
3170 3089 3540 3161 κεκενωμένον
3586 3084 3714 3190 τινὰ

2122 3192 2341 3263 μᾶλλον,
2368 3191 2483 3245 ἀλλ’
2509 3190 2574 3243 ἐκ
2598 3207 2659 3258 γε
2686 3189 2793 3243 τῶν
2823 3188 3080 3241 ἐναντίων
3101 3187 3207 3257 πλη
3218 3184 3308 3255 pati
3318 3199 3497 3254 μενον,
3522 3179 3713 3232 accitos

2116 3283 2179 3337 τὸ
2207 3283 2414 3355 πλῆρες
2438 3282 2632 3353 ἔχοντα
2662 3283 2783 3335 κατ’
2816 3281 2950 3334 ἰδίαν
2979 3282 3161 3350 φύσιν.
3193 3278 3265 3331 Οὐ
3285 3277 3395 3346 γὰρ
3417 3275 3483 3329 ἂν
3510 3270 3711 3341 ἐδεήθη

2118 3375 2228 3430 τῶν
2260 3376 2391 3447 παρ’
2421 3374 2631 3445 ἑτέρου,
2666 3372 2760 3427 καὶ
2810 3372 3061 3443 περιττὸν
3092 3367 3161 3443 ἧν
3208 3368 3355 3438 αὐτῷ
3386 3366 3457 3421 ’τὸ
3499 3364 3713 3425 λαὸεἶν,

2117 3460 2328 3515 οἴκοθεν
2357 3461 2535 3532 ἔχοντι
2565 3461 2625 3515 τὸ
2651 3461 2957 3526 αὐτοτελὲς,
3003 3460 3184 3515 καὶτὸ
3208 3458 3345 3530 πρὸς
3376 3458 3488 3510 πᾶν
3524 3453 3717 3508 ὁτιοῦν

2118 3553 2487 3625 ἀποχρώντως
2508 3553 2651 3623 έχον,
2690 3553 2807 3608 ἀλλ’
2834 3555 2901 3607 ἐκ
2935 3552 3304 3625 πληρώματος
3334 3549 3432 3603 τοῦ
3465 3545 3716 3618 Χριστοῦ

2120 3646 2321 3710 πάντες
2356 3647 2519 3717 ἡμεῖς
2565 3646 2851 3716 ἐλάϐομεν,
2899 3647 2993 3700 καὶ
3037 3647 3139 3699 οὐκ
3173 3644 3240 3698 ἂν
3264 3640 3621 3712 διαψεύσαιτο
3650 3636 3719 3690 τὸ

2118 3735 2226 3789 τῶν
2250 3735 2527 3806 θεηγόρων
2556 3737 2839 3806 κήρυγμα.
2873 3737 3095 3807 Πλήρης
3138 3734 3246 3807 γὰρ
3272 3736 3301 3788 ὁ
3328 3731 3590 3805 Χριστὸς,
3618 3730 3720 3782 καὶ

2118 3826 2270 3881 δοτὸν
2297 3827 2447 3898 αὐτῷ
2477 3827 2760 3890 παντελῶς
2789 3827 2964 3891 οὐδὲν,
3011 3826 3155 3880 καθὰ
3197 3827 3400 3877 νοεῖται
3449 3822 3547 3874 καὶ
3595 3819 3718 3872 ἔστι

2121 3922 2273 3989 Θεὸς,
2310 3924 2357 3975 εἰ
2411 3922 2507 3975 καὶ
2553 3922 2777 3991 γέγονεν
2827 3919 2991 3973 αὑτοῦ
3026 3919 3088 3972 τὸ
3127 3918 3331 3982 λαϐεῖν,
3366 3915 3461 3967 διὰ
3507 3913 3573 3965 τὸ
3614 3912 3719 3980 τῆς

2122 4015 2537 4087 ἁνθρωπότητος
2582 4014 2801 4084 μέτρον,
2852 4013 2946 4066 καὶ
2974 4011 3111 4065 καθὸ
3141 4010 3349 4080 πέφηνε
3379 4005 3504 4060 καθ’
3536 4005 3716 4075 ἡμᾶς,

2120 4102 2202 4171 οἷς
2230 4107 2297 4161 ἂν
2325 4106 2537 4175 λέγοιτο
2572 4106 2667 4160 καὶ
2719 4105 2869 4177 μάλα
2913 4103 3111 4178 ὀρθῶςι
3159 4124 3175 4157 ι
3204 4102 3270 4155 Τί
3315 4100 3425 4171 γάρ
3474 4097 3648 4169 ἔχεις,
3688 4097 3723 4149 ὃ

2120 4200 2221 4254 οὐκ
2248 4199 2471 4266 ἔλαϐες;
2496 4218 2515 4251 ι

2186 4474 2246 4526 Β.
2277 4472 2404 4538 Ναὶ,
2441 4470 2627 4540 φησιν,
2682 4464 2763 4533 εἷς
2815 4468 2932 4521 ἐστι
2971 4464 3227 4537 Χριστὸς,
3281 4458 3377 4514 καὶ
3422 4458 3581 4521 Υἱὸς,
3625 4458 3727 4511 καὶ

2126 4565 2352 4635 Κύριος,
2408 4564 2436 4617 ὁ
2484 4564 2549 4616 ἐκ
2602 4561 2737 4615 Θεοῦ
2796 4558 3012 4631 Πατρὸς
3076 4555 3277 4626 Λόγος,
3343 4550 3728 4620 συναφθέντος

2126 4658 2273 4729 αὐτῴ
2310 4656 2402 4711 τοῦ
2438 4659 2504 4710 ὲκ
2540 4655 2857 4727 σπέρματος
2887 4651 3074 4705 Δαϐίδ.

2198 4753 2263 4804 Α.
2328 4749 2490 4816 Ἀλλ’,
2523 4743 2568 4803 ὧ
2619 4747 2905 4818 βέλτιστοι,
2966 4743 3099 4813 φαίη
3153 4756 3233 4804 τις
3286 4738 3355 4792 ἄν
3415 4736 3637 4800 αὐτοῖς,
3696 4736 3728 4786 ὁ

2130 4842 2473 4912 συνημμένον
2506 4840 2644 4911 ἔχων
2685 4838 2895 4908 ἕτερον,
2931 4831 3012 4897 εἷς
3042 4833 3144 4886 οὐκ
3165 4830 3231 4884 ἄν
3256 4828 3453 4889 νοοῖτο,
3505 4826 3722 4912 πόθενς

2140 4909 2281 4988 Ἀλλί
2307 4909 2388 4998 εἷς
2418 4909 2704 5004 μεθἠὲνὸς,
2733 4930 2902 5001 ἤγουν
2936 4924 3056 4996 μεθ’
3096 4923 3307 4994 ἑτέρου,
3352 4919 3452 4973 δύο
3478 4916 3538 4971 δὲ
3572 4909 3725 4971 0-310:

2127 5030 2305 5100 λπάντη
2335 5045 2396 5081 τε
2426 5026 2519 5080 καὶ
2554 5025 2791 5088 πάντως.
2844 5018 2939 5084 Εἷς
2977 5019 3023 5073 δ’
3059 5017 3126 5071 ἂν
3168 5017 3342 5070 νοοῖτο
3382 5011 3533 5067 κατὰ
3589 5010 3725 5078 ἁλήο

2129 5121 2278 5174 θειαν
2315 5121 2573 5190 ὑπάρχων
2601 5115 2751 5183 Υἱὸς,
2786 5115 2835 5168 εί
2872 5113 2964 5166 τὸν
3008 5109 3171 5165 αὐτὸν
3218 5105 3362 5163 εἶναι
3391 5122 3609 5177 φαμεν,
3657 5104 3722 5155 ἐκ

2128 5208 2264 5264 Θεοῦ
2301 5210 2398 5278 μὲν
2424 5207 2622 5270 θεῖκῶς
2651 5203 2980 5275 γεννηθέντα
3009 5199 3141 5254 Θεὸν
3170 5198 3364 5267 Λόγον*
3389 5194 3721 5267 παραδόξως

2128 5302 2185 5356 δὲ
2213 5301 2519 5371 ἄνθρωπον,
2552 5298 2646 5351 καὶ
2676 5296 2816 5351 κατὰ
2844 5295 3023 5366 σάρκα
3051 5294 3116 5347 ὲκ
3152 5288 3432 5360 γυναικός.
3466 5289 3533 5342 Εἰ
3567 5288 3627 5340 δὲ
3654 5286 3720 5354 δὴ

2127 5392 2221 5445 τὸν
2258 5393 2321 5445 ὲκ
2353 5391 2671 5461 σπέρματος
2697 5387 2792 5441 τοῦ
2826 5385 2990 5440 Δαὸὶδ
3022 5385 3128 5455 ἰδίᾳ
3154 5381 3399 5444 τιθέντες
3461 5380 3564 5434 καὶ
3609 5378 3720 5430 διο⁴

2133 5484 2395 5555 ρίζοντες,
2448 5481 2541 5535 τοῦ
2594 5481 2736 5536 κατὰ
2769 5480 3026 5552 ἀλήθειαν
3063 5472 3205 5531 εἶναι
3251 5474 3385 5529 Θεὸν
3431 5473 3531 5527 καὶ
3593 5471 3719 5525 Υἱὸς

2705 5689 2745 5721 ³¹
2787 5687 3079 5754 Jo:tn.x1v,
3122 5684 3175 5740 6.
3287 5683 3331 5715 ³²
3359 5680 3467 5736 lsa.
3500 5696 3635 5745 Lm,
3664 5679 3717 5739 9;
