3846 6210
203 342 338 389 τῦυβ

1329 331 1515 401 QUOD
1554 331 1742 388 UNUS
1785 329 1891 386 SIT
1929 332 2297 390 CHRISTUS.

3317 313 3453 387 isto

201 454 567 524 ἐκπέμπουσι,
620 451 871 507 κοινωνὸν
903 452 960 508 δέ
997 454 1194 524 μᾶλλον
1234 456 1480 523 υἱότητος
1525 454 1620 508 καὶ
1677 453 1771 522 μέ-

1899 469 1998 508 :sse
2028 456 2236 522 nolunt,
2265 455 2354 510 sed
2392 453 2572 524 potius
2600 452 2916 521 participem
2951 451 3219 505 liliati‘onis
3251 460 3305 506 et
3339 451 3453 520 glo-

200 559 352 612 τοχον
383 541 538 612 δόξης
567 541 777 606 όθνείας
807 538 945 624 εἷναί
972 561 1155 613 φασιν,
1188 545 1246 596 οὐ
1278 546 1474 614 μάτην,
1507 545 1582 607 ὡς
1601 540 1772 614 οἶμαι,

199 633 299 696 τάς
342 634 491 705 παρὰ
536 633 643 686 τῶν
701 634 968 688 Ἰουδαίων
1007 636 1276 698 διαϐολάς,
1324 637 1407 688 ἐπ’
1441 635 1591 704 αὐτῷ
1624 652 1777 703 γενο-

204 724 370 794 μένας
403 725 725 796 εὑρήσομεν.
765 728 1040 794 Ἔφασκον
1080 729 1204 797 γὰρ,
1256 729 1334 780 ὅτι
1377 748 1394 778 ι
1430 729 1565 799 Περὶ
1610 727 1775 779 καλοῦ

200 813 358 884 ἔργου
393 815 452 867 οὐ
487 815 773 886 λιθάζομέν
809 834 888 879 σε,
933 817 1066 870 ἀλλὰ
1106 819 1232 888 περὶ
1283 819 1649 889 βλασφημίας,
1698 821 1776 872 ὃτι

201 907 264 958 σὺ
293 907 574 976 ἄνθρωπος
603 909 698 975 ὢν,
731 913 904 974 ποιεῖς
935 913 1126 964 ἑαυτὸν
1159 914 1312 967 Θεὸν.

271 995 330 1047 Β.
367 997 477 1049 Καὶ
513 997 619 1068 μὴν
648 1000 740 1052 καὶ
770 1000 900 1053 Θεὸν
931 1002 1022 1054 καὶ
1050 1002 1176 1056 Υἰὸν
1203 1003 1451 1074 ἀληθινὸν
1476 1001 1614 1058 εἷναί
1647 1024 1776 1075 φασι

201 1086 291 1140 τὸν
321 1088 414 1140 ἕνα
443 1091 695 1161 Χριστόν.

269 1179 336 1232 Α.
391 1181 557 1251 Δῆλον
610 1183 666 1234 δὲ
723 1184 804 1236 ὅτι
847 1186 938 1237 τόν
989 1187 1050 1238 ἐκ
1104 1186 1236 1239 Θεοῦ
1290 1189 1482 1256 Λόγον,
1546 1190 1779 1244 λαϐόντα

200 1271 343 1324 κατὰ
371 1273 667 1342 συνάφειαι)
696 1277 784 1329 τὸν
813 1279 875 1330 ἐκ
907 1279 1219 1347 σπέρματος
1255 1280 1348 1332 τοῦ
1381 1282 1563 1335 Δαϐίὸ.

271 1364 332 1422 Β.
374 1365 512 1418 Ἀλλ’
553 1370 600 1420 εἰ
643 1369 715 1437 μή
748 1370 896 1422 ἐστιν
926 1371 1084 1433 αὐτὸς
1115 1374 1142 1423 6
1179 1373 1241 1426 ἐκ
1270 1373 1404 1425 Θεοῦ
1436 1373 1780 1445 ΠατρὸςΛό-

198 1472 315 1525 γος,
363 1459 391 1510 6
437 1459 531 1511 καὶ
577 1460 722 1512 κατὰ
769 1462 949 1531 σάρκα
993 1464 1056 1516 ἐκ
1109 1463 1385 1530 γυναικὸς,
1435 1465 1549 1518 ἀλλ’
1597 1467 1781 1534 ’έτερος

201 1548 321 1617 μεθ’
355 1550 565 1621 ἐτέρου,
601 1551 718 1614 πῶς
749 1552 815 1605 ἂν
845 1553 1054 1621 λέγοιτο
1094 1557 1359 1626 Χριστὸς,
1394 1558 1422 1609 6
1464 1557 1540 1627 μὴ
1596 1575 1780 1629 κεχρι-

201 1638 416 1708 σμένος,
446 1641 591 1695 καθά
622 1643 714 1695 καὶ
747 1644 1047 1712 φθάσαντες
1073 1646 1338 1717 εἴπομεν;

267 1731 331 1783 Α.
366 1731 594 1797 Οὐκοῦν,
629 1735 676 1785 εί
707 1735 779 1804 μή
822 1736 968 1787 ἐστιν
997 1734 1182 1805 ἕτερος
1228 1733 1379 1804 παρὰ
1413 1734 1504 1788 τὸν
1542 1736 1603 1788 ἐκ
1646 1735 1779 1787 Θεοῦ

1886 550 1979 601 ria:
2007 549 2195 601 aliena:
2237 563 2357 602 esse
2392 554 2650 610 statuunt,
2699 561 2802 598 non
2837 544 3059 607 frustra,
3095 553 3152 595 ut
3192 542 3449 603 arbitror,

1884 640 2054 695 Judaei
2097 641 2244 694 illum
2304 641 2616 694 calumniali
2675 639 2892 700 fuerint,
2941 637 3222 689 (licentes:
3261 654 3278 685 ι
3315 634 3453 700 Quia

1884 734 1955 786 ob
1992 734 2189 786 bonum
2233 748 2367 800 OplIS
2399 747 2502 785 non
2540 732 2836 800 lapidamus
2875 739 2949 792 te,
2982 729 3076 781 sed
3113 728 3180 779 ob
3215 725 3455 794 blasphe-

1885 826 2093 887 miam,
2153 825 2294 891 quod
2357 839 2480 877 cum
2551 825 2626 876 sis
2704 825 2906 885 homo,
2987 819 3159 872 facias
3223 819 3450 886 teipsum

1885 917 2051 972 Deum
2075 916 2140 969 ³⁵.
2172 934 2193 969 ι

1951 1005 2014 1060 Β.
2051 1006 2212 1074 Atqui
2253 1014 2306 1058 et
2348 1005 2512 1060 Deum
2564 1015 2617 1059 ct
2665 1005 2857 1060 Filiqu
2905 1020 3021 1060 esse
3056 1004 3244 1058 dicunt
3288 1020 3450 1058 unum

1884 1099 2183 1154 Christum.

1956 1192 2022 1244 Α.
2065 1190 2296 1246 Verbum
2342 1191 2551 1244 scilicet
2587 1207 2650 1245 ex
2697 1189 2828 1254 Deo,
2861 1190 3004 1258 quod
3037 1188 3330 1258 assumpsit
3374 1203 3458 1240 ra-

1889 1286 2035 1338 tione
2065 1284 2467 1354 conjunctionis
2501 1301 2622 1336 eum
2660 1284 2749 1352 qui
2801 1293 2886 1337 est
2932 1299 2998 1336 ex
3035 1282 3242 1336 semine
3269 1281 3458 1334 David.

1959 1376 2020 1428 Β.
2063 1375 2352 1439 (Σιειειιιιιι,
2379 1375 2424 1428 si
2461 1390 2565 1427 non
2591 1384 2674 1427 est
2702 1375 2878 1444 ipsum
2909 1387 2974 1425 ex
3005 1372 3114 1425 Deo
3139 1370 3300 1424 Patre
3326 1369 3460 1424 Ver-

1886 1467 2036 1527 bum,
2065 1467 2207 1536 quod
2233 1476 2287 1520 et
2316 1467 2612 1520 secundum
2644 1479 2862 1519 carnem
2889 1473 2970 1517 est
2996 1479 3061 1516 ex
3095 1462 3340 1525 muliere,
3369 1462 3460 1514 sed

1887 1559 2022 1614 alius
2049 1575 2169 1614 cum
2211 1559 2347 1622 alio;
2384 1558 2653 1628 quomodo
2688 1557 2898 1610 dicatur
2937 1555 3182 1610 Christus
3223 1553 3314 1623 qui
3355 1570 3460 1606 non

1887 1663 1968 1707 est
1995 1661 2208 1718 unctus,
2239 1661 2297 1705 ut
2331 1660 2384 1704 et
2410 1661 2536 1704 ante
2567 1648 2847 1704 diximus?

1959 1741 2024 1797 Α.
2064 1743 2203 1811 Ergo
2237 1743 2281 1796 si
2333 1743 2378 1796 is
2417 1741 2508 1809 qui
2545 1748 2628 1795 est
2663 1755 2728 1794 ex
2770 1739 2977 1794 semine
3012 1739 3180 1793 David
3229 1754 3332 1793 non
3378 1745 3462 1792 est

196 1824 412 1895 Πατρός
450 1825 644 1893 Λόγον,
670 1829 697 1879 ὁ
725 1829 788 1879 ἐκ
821 1828 1134 1898 σπέρματος
1180 1827 1273 1880 τοῦ
1314 1827 1496 1891 Δαϐὶδ,
1538 1827 1779 1895 λεγέσθω

1899 1835 2020 1888 ilius
2068 1850 2096 1887 ιι
2143 1834 2318 1889 Verbo
2375 1849 2443 1887 ex
2481 1833 2588 1886 Deo
2641 1832 2820 1895 Patre,
2873 1831 3086 1885 dicatur
3118 1832 3282 1886 etiam
3335 1840 3462 1884 ante

197 1916 292 1969 καὶ
322 1916 667 1987 προαιώνιος.

265 2009 328 2061 Β.
364 2003 500 2062 Εἶτα
551 2008 669 2071 πῶς
708 2011 736 2061 6
771 2009 1044 2078 πάνσοφος
1092 2010 1324 2074 Παῦλος,
1367 2011 1645 2064 ἐκϐάλλων
1683 2012 1780 2082 τὴν

195 2100 374 2167 δόξαν,
409 2101 484 2164 ὼς
523 2103 578 2154 ἐν
620 2103 956 2172 ἐρωτήσεσιν
1000 2107 1149 2158 ἐστιν
1178 2105 1427 2158 ἁπαιτῶν
1459 2106 1550 2159 καὶ
1586 2105 1778 2172 λέγων,

198 2213 218 2244 ι
261 2193 468 2265 Ἰησοῦς
493 2195 726 2265 Χριστὸς
764 2196 888 2266 χθὲς
909 2197 1003 2248 καὶ
1033 2199 1272 2267 σήμερον
1295 2201 1322 2251 6
1353 2198 1537 2263 αὐτὸς,
1571 2199 1664 2253 καὶ
1697 2202 1778 2262 εἰς

194 2287 318 2350 τοὺς
344 2287 566 2350 αἰῶνας.
594 2307 612 2339 ι
646 2288 707 2339 Ei
752 2289 882 2356 γοῦν
915 2289 1007 2342 καὶ
1050 2289 1256 2360 ἕτερος,
1298 2290 1327 2342 ό
1367 2290 1477 2361 γὰρ
1515 2292 1642 2360 χθὲς
1690 2293 1782 2344 καὶ

195 2379 452 2451 σήμερον,
486 2379 671 2450 φησὶν,
711 2379 939 2450 Ἰησοῦς,
975 2382 1002 2433 6
1032 2381 1194 2444 αὐτὸς
1225 2381 1375 2435 ἔσται
1419 2384 1513 2437 καὶ
1547 2385 1628 2447 εἰς
1657 2386 1783 2449 τοὺς

193 2471 420 2535 αἰῶνας,
459 2473 774 2542 πρόσφατος
811 2472 1074 2542 δηλονότι,
1110 2473 1206 2527 καὶ
1241 2473 1367 2543 χθὲς
1393 2477 1488 2528 καὶ
1518 2476 1780 2546 σήμερον,

193 2564 372 2618 καίτοι
410 2564 506 2618 τοῦ
555 2563 689 2618 Θεοῦ
726 2565 900 2634 Λόγου
949 2564 1028 2636 τῷ
1077 2565 1190 2636 ἰδίῳ
1242 2566 1418 2638 Πατρὶ
1450 2584 1782 2638 συνυφεστηο

194 2657 375 2723 κότος.

262 2749 330 2804 Α.
366 2748 624 2804 Μάλιστα
685 2750 785 2818 μὲν
835 2749 1100 2816 ἀδικοῦσι,
1160 2751 1622 2823 παροχετεύοντες
1686 2753 1784 2825 τὴν

197 2840 485 2912 ἀλήθειαν,
520 2841 612 2894 ἐπὶ
653 2842 714 2894 τό
743 2859 807 2909 γε
843 2843 1023 2912 σφίσιν
1054 2843 1238 2906 αὐτοῖς
1267 2845 1544 2908 ἀσυνέτως
1572 2845 1782 2910 δοκοῦν,

195 2928 294 2983 καὶ
344 2929 455 2982 τῶν
511 2929 672 3000 ἱερῶν
721 2931 1068 3002 Γραμμάτων
1111 2933 1170 2985 τὸ
1207 2934 1431 3003 ἀκριϐὲς
1483 2937 1780 3005 παραφθεί-

199 3039 406 3094 ροντες.
444 3021 506 3074 Ei
551 3023 608 3074 δὲ
638 3022 700 3092 δή
734 3040 818 3086 τις
873 3023 1018 3092 λέγοι
1065 3026 1158 3077 καὶ
1189 3025 1516 3095 προαιὼνιον
1550 3029 1786 3098 Χριστὸν

210 3112 442 3183 Ἰησοῦν,
483 3113 582 3164 οὐκ
605 3112 692 3168 ,ἂν
737 3113 969 3183 ἁμάρτοι
998 3114 1285 3184 τάληθοῦς,
1336 3116 1494 3188 εἴπερ
1526 3120 1673 3171 ἐστὶν
1705 3115 1784 3183 εἷς

197 3203 329 3264 Υἱὸς
364 3204 459 3256 καὶ
489 3201 713 3269 Κύριος,
743 3203 770 3253 6
814 3202 1140 3271 προαιώνιος
1166 3206 1358 3274 Λόγος,
1393 3208 1492 3279 τὴν
1532 3211 1590 3261 ἐν
1623 3211 1785 3279 ἐσχά-

195 3313 312 3358 τοις
355 3293 451 3347 τοῦ
486 3294 681 3355 αἰῶνος
728 3295 941 3364 καιροῖς
989 3295 1131 3347 κατὰ
1187 3297 1365 3366 σάρκα
1412 3299 1476 3350 ἐκ
1526 3301 1784 3366 γυναικὸς

197 3385 504 3454 ὑπομείνας
531 3384 805 3453 γέννησιν.
842 3384 966 3436 ’Ότι
1004 3384 1060 3437 δὲ
1084 3385 1182 3438 οὐκ
1215 3387 1505 3456 ἠλλοίωται
1543 3390 1784 3458 γεγονὼς

196 3477 484 3548 ἅνθρωπος
513 3475 637 3527 καθ’
664 3478 812 3545 ἡμᾶς
845 3477 872 3527 6
908 3476 1100 3543 Λόγος,
1147 3478 1524 3549 διαμεμήνυκε
1554 3481 1727 3550 λέγων
1755 3485 1784 3536 6

197 3568 670 3638 Πνευματοφόρος·
707 3586 726 3617 ‹
761 3565 966 3635 Ἰησοῦς
995 3567 1229 3637 Χριστὸς
1262 3569 1389 3639 χθὲς
1417 3571 1508 3623 καὶ
1543 3574 1784 3643 σήμερον

197 3664 228 3714 ὁ
258 3660 442 3723 αὐτὸς,
471 3659 567 3711 καὶ
591 3660 671 3721 εἰς
697 3659 823 3721 τοὺς
859 3659 1082 3721 αἰῶνας.
1114 3678 1132 3710 ι
1173 3661 1282 3712 Καὶ
1314 3663 1646 3732 σημαντικὸν
1685 3665 1784 3733 μὲν

196 3753 295 3808 τοῦ
335 3752 730 3823 παρῳχηκότος
765 3751 958 3820 χρόνου
994 3753 1260 3816 -ποιεῖται,
1300 3754 1358 3805 τὸ
1385 3754 1548 3822 χθές,
1586 3755 1678 3807 τοῦ
1720 3773 1784 3823 γε

203 3847 312 3918 μὴν
354 3845 666 3908 ἐνεστῶτος,
711 3843 772 3896 τὸ
809 3842 1096 3912 σήμερον,
1124 3845 1218 3897 τοῦ
1264 3846 1321 3898 δὲ
1367 3847 1659 3912 ἐνεστῶτος
1692 3851 1786 3902 καὶ

203 3936 512 4007 μέλλοντος,
539 3935 619 3998 τὸ,
655 3935 733 3998 είς
754 3935 881 3997 τοὺς
904 3935 1128 3998 αἰῶνας.
1158 3937 1218 3988 ΕΞ
1250 3937 1306 3990 δὲ
1329 3939 1529 3990 οἴονταί
1553 3957 1604 3991 τι
1625 3941 1784 4009 σοφὸν

199 4028 596 4098 ἐννενοηκέναι,
624 4027 684 4080 τὸ
713 4027 855 4096 χθές
897 4029 992 4080 καὶ
1029 4029 1302 4098 σήμερον
1334 4031 1453 4084 ἀντὶ
1487 4031 1581 4084 τοῦ
1618 4051 1786 4104 προσ-

202 4123 376 4192 φάτου
403 4119 704 4189 δεχόμενοι,
744 4118 1134 4189 διατεινόμενοί
1173 4138 1233 4172 τε
1283 4122 1375 4174 καὶ
1415 4121 1684 4190 λέγοντες,
1724 4125 1784 4177 '0

202 4213 329 4288 Χθὲς
363 4212 456 4265 καὶ
494 4212 750 4281 σήμερονν
787 4209 904 4273 πῶς
949 4210 1014 4263 ἂν
1035 4213 1121 4282 εἴη
1163 4213 1255 4266 κα)⁵
1284 4215 1364 4278 εὶς
1399 4217 1526 4278 τοὺς
1554 4217 1783 4283 αἰῶνας

207 4304 621 4375 μεταστήσομεν
641 4302 735 4355 καὶ
759 4303 918 4371 ἡμεῖς
945 4301 1042 4373 τὴν
1066 4305 1162 4375 τῆς
1187 4306 1508 4377 ἐρωτήσεως
1535 4307 1784 4379 δύναμιν,

202 4398 288 4462 εἰς
338 4395 403 4449 τὰ
454 4394 576 4465 ἔχον
618 4394 899 4457 ἐναντίως.
944 4393 1002 4448 '0
1041 4395 1151 4466 γάρ
1189 4399 1269 4460 εἰς
1307 4399 1434 4462 τοὺς
1473 4399 1674 4464 αἰῶνας
1713 4400 1786 4454 ῶν

1883 1927 2078 1982 saecula
2114 1927 2413 1981 exstitisse.

1954 2022 2015 2074 li.
2058 2021 2127 2075 At
2182 2038 2289 2091 quo
2337 2031 2492 2090 pacto
2536 2021 2968 2091 sapientissimus
2997 2018 3195 2074 Paulus
3247 2018 3456 2087 inquit:

1893 2131 1912 2165 ι
1946 2113 2106 2167 Jesus
2159 2114 2406 2167 Christus
2451 2112 2566 2166 heri
2621 2122 2676 2166 et
2728 2111 2888 2165 hodie
2935 2129 2948 2164 :
2999 2112 3114 2180 ipse
3153 2119 3207 2165 et
3255 2110 3306 2164 in
3361 2126 3463 2164 sa:-

1886 2209 2006 2261 cula
2035 2209 2078 2236 ³⁵
2104 2207 2126 2260 ?
2156 2226 2174 2257 ι
2224 2207 2278 2258 Si
2329 2221 2457 2275 ergo
2489 2205 2651 2260 etiam
2704 2205 2844 2256 alius
2879 2213 2960 2257 est
2986 2201 3162 2270 (Jesus
3189 2204 3354 2266 enim,
3382 2203 3463 2255 in-

1887 2303 2022 2369 quit,
2055 2312 2138 2354 est
2178 2300 2293 2353 heri
2325 2307 2380 2353 et
2409 2297 2612 2369 hodie),
2637 2297 2779 2352 idem
2828 2297 2932 2349 erit
2966 2296 3129 2350 etiam
3160 2295 3211 2349 in
3243 2293 3460 2359 saecula,

1885 2405 2079 2444 recens
2129 2389 2413 2453 nimirum,
2460 2396 2514 2442 et
2571 2387 2734 2441 hodie
2783 2396 2948 2454 atque
2985 2384 3300 2440 herizlicet
3330 2384 3463 2439 Ver-

1887 2481 2012 2535 bum
2045 2497 2166 2535 cum
2199 2479 2362 2535 Patre
2392 2479 2710 2535 coexsistat.

1961 2742 2028 2798 Α.
2076 2743 2364 2811 Perperam
2408 2751 2558 2796 certe
2599 2741 2822 2811 faciunt,
2863 2741 3172 2796 derivantes
3200 2737 3363 2810 747
3401 2751 3465 2792 ac

1889 2839 2293 2905 disterquentes
2318 2835 2604 2889 veritatem
2649 2835 2714 2887 ad
2765 2849 2914 2887 suam
2953 2833 3255 2902 imperitam
3287 2830 3466 2885 libidi-

1888 2946 2046 2992 nem,
2098 2939 2154 2982 et
2197 2942 2475 2981 sacrarmn
2530 2925 2854 2980 Litterarum
2911 2939 3093 2980 veram
3144 2922 3465 2979 sententiam

1887 3030 2324 3089 corrumpentes.
2364 3019 2420 3072 Si
2469 3035 2596 3072 vero
2642 3019 2764 3086 quis
2802 3017 3150 3071 allirmaveril;
3189 3015 3464 3071 Christum

1889 3110 2072 3166 Jesum
2121 3121 2246 3164 ante
2296 3110 2494 3164 saaeula
2549 3109 2846 3172 exstitisse,
2895 3125 2922 3160 a
2961 3123 3091 3163 vero
3127 3120 3466 3176 nequaquam

1891 3205 2246 3258 aberraverit.
2279 3203 2560 3272 Siquidem
2609 3212 2693 3256 est
2736 3216 2875 3254 unus
2904 3198 3073 3254 Filius
3103 3211 3158 3256 et
3183 3198 3466 3262 Dominus,

1890 3295 2127 3351 Verbum
2180 3306 2305 3351 ante
2349 3295 2568 3359 sazcula,
2621 3295 2764 3364 quod
2817 3294 2872 3346 in
2925 3292 3235 3346 novissimis
3283 3291 3465 3346 saeculi

1892 3388 2225 3456 temporibus
2259 3387 2592 3441 nativitatem
2643 3385 2936 3439 secundum
2991 3398 3208 3438 carnem
3254 3398 3320 3437 ex
3357 3399 3468 3436 mu-

1891 3481 2024 3536 liere
2053 3481 2238 3534 subiit.
2270 3479 2423 3545 Quod
2471 3485 2650 3533 autem
2689 3477 2925 3532 Verbum
2966 3476 3126 3531 homo
3174 3477 3341 3528 nostri
3377 3474 3468 3528 si—

1891 3572 2035 3627 milis
2062 3572 2260 3626 l'aetum
2290 3573 2631 3626 immutatum
2665 3585 2768 3622 non
2795 3571 2882 3632 sit,
2913 3569 3243 3637 signiﬁcavit
3271 3569 3470 3622 Paulus

1895 3664 2099 3733 Spiritu
2149 3662 2358 3717 afﬂatus
2405 3663 2633 3716 dicens:
2670 3680 2686 3710 ι
2719 3660 2878 3714 Jesus
2921 3661 3172 3714 Christus
3221 3661 3376 3714 hodie
3415 3671 3468 3714 et

1894 3756 2032 3820 beri,
2068 3756 2184 3823 ipse
2227 3764 2281 3808 et
2311 3755 2365 3808 in
2404 3754 2636 3818 Steeula;
2673 3772 2689 3803 ι
2730 3768 2793 3806 ac
2823 3769 2915 3822 per
2957 3753 3088 3814 heri,
3135 3751 3465 3820 praeterilmn

1895 3859 2103 3916 tempus
2151 3848 2384 3911 indicat;
2440 3862 2534 3914 per
2575 3846 2766 3907 hodie,
2819 3860 3095 3914 praesens;
3145 3859 3240 3912 per
3274 3845 3468 3896 swcula

1894 3956 2041 4004 vero,
2078 3953 2315 4009 prtcsens
2345 3947 2401 3992 et
2434 3935 2692 3990 futtn'um.
2735 3938 2802 3988 At
2823 3935 2866 3988 si
2909 3944 3096 4003 putant
3128 3949 3186 3987 se
3214 3949 3465 4002 magnum

1893 4036 2094 4104 aliquid
2127 4033 2488 4101 excogitasse,
2531 4033 2672 4098 quod
2719 4045 2814 4094 per
2845 4027 2956 4081 heri
2988 4037 3043 4081 et
3074 4026 3246 4092 hodie,
3283 4042 3462 4079 recen-

1896 4139 2003 4182 tem
2036 4125 2361 4195 iutelligant,
2388 4121 2457 4176 ita
2481 4123 2868 4176 contendentes
2901 4137 2914 4174 :
2946 4119 3048 4186 Qui
3087 4118 3202 4174 heri
3227 4128 3280 4172 et
3309 4118 3468 4171 hodie

1894 4232 1996 4287 est,
2031 4218 2306 4290 quomodo
2337 4216 2409 4272 sit
2435 4217 2597 4270 etiam
2642 4215 2692 4266 in
2724 4212 2957 4266 saecula?
3001 4209 3388 4265 transferemus
3416 4217 3468 4263 et

1897 4330 1996 4369 nos
2045 4309 2491 4380 interrogationis
2546 4305 2653 4359 vim
2706 4306 2756 4358 in
2806 4303 3139 4358 contrarium
3178 4320 3191 4356 :
3232 4300 3466 4356 Verbum

1895 4406 2037 4459 enim
2069 4404 2336 4458 exsistens
2386 4400 2436 4453 in
2485 4397 2704 4457 sazcula,
2739 4413 2846 4465 quo
2883 4403 3036 4464 pacto
3070 4394 3290 4461 recipiat
3325 4393 3376 4445 in
3411 4407 3468 4445 se

206 4489 404 4556 Λόγος,
440 4487 557 4549 πῶς
588 4484 653 4538 ἂν
675 4485 826 4538 λάϐοι
852 4486 914 4538 τὸ
943 4485 1070 4556 χθὲς
1091 4488 1182 4540 καὶ
1206 4488 1445 4560 σήμερον
1473 4492 1560 4560 ἐφ’
1588 4493 1782 4562 ἐαυτῷ,

1899 4498 2007 4551 heri
2032 4506 2086 4550 et
2128 4492 2328 4548 hodie?
2368 4490 2644 4558 Siquidem
2684 4499 2768 4540 εει
2801 4502 2938 4540 unus
2962 4485 3232 4547 Christus,
3265 4495 3322 4538 et
3359 4499 3468 4537 non

205 4579 364 4649 εἴπερ
389 4579 535 4630 ἐστὶν
568 4572 648 4641 εἷς
694 4580 722 4630 6
770 4579 1026 4648 Χριστὸς,
1060 4579 1157 4631 καὶ
1189 4581 1249 4632 οὐ
1284 4582 1614 4652 μεμέρισται
1645 4584 1784 4638 κατὰ

205 4672 306 4742 τὴν
336 4671 432 4724 τοῦ
467 4671 755 4724 θεσπεσίου
798 4671 1013 4724 Παύλου
1061 4673 1263 4741 φωνήν.
1309 4673 1431 4724 Ὅτι
1495 4675 1603 4745 γὰρ
1643 4676 1786 4730 οὕτω

207 4763 348 4834 πρὸς
380 4763 538 4833 ήμῶν
572 4763 746 4815 ἐθέλει
778 4763 1162 4833 γνωρίζεσθαι,
1201 4764 1494 4816 κάντεῦθεν
1529 4767 1649 4836 εἴσῃ
1682 4785 1782 4819 τοι.

208 4856 408 4909 Καίτοι
445 4855 556 4926 γάρ
587 4854 866 4926 ὁρώμενος
893 4857 948 4906 ἐν
982 4854 1167 4923 σαρκὶ,
1197 4855 1290 4906 καὶ
1316 4857 1425 4918 τοῖς
1451 4857 1548 4925 τῆς
1577 4859 1788 4927 ἀνθρωο

211 4949 444 5018 πότητος
469 4949 687 5020 μέτροις
711 4946 1057 5019 ἐμϐεϐηκὼς,
1080 4947 1178 5017 τὴν
1205 4947 1532 5017 προαιῶνιον
1555 4948 1786 5019 ὕπαρξιν

211 5039 390 5111 ἑαυτῷ
449 5039 989 5111 προσμεμαρτύρηκε
1044 5037 1218 5105 λέγων
1249 5055 1263 5068 ·
1340 5056 1359 5089 ι
1402 5039 1593 5110 Ἀμὴν,
1639 5042 1787 5111 ἀμὴν

210 5131 356 5198 λέγω
385 5133 534 5201 ὑμῖν,
563 5131 696 5201 πρὶν
737 5131 984 5202 Ἀϐραάμ
1012 5130 1286 5198 γενέσθαι,
1327 5130 1436 5198 ἐγώ
1458 5134 1591 5202 εἰμι.
1621 5152 1639 5183 ι
1679 5134 1788 5186 Kat‘t

215 5223 396 5276 πάλιν·
430 5243 448 5273 ‹
479 5224 541 5276 Εἰ
569 5225 638 5275 τὰ
661 5222 880 5290 ἐπίγεια
899 5218 1051 5276 εἷπον
1083 5223 1234 5292 ὑμῖν,
1263 5225 1356 5275 καὶ
1385 5223 1445 5275 οὐ
1475 5225 1784 5293 πιστεύετε,

210 5311 354 5378 πῶς,
386 5315 482 5367 ἐάν
547 5315 686 5366 εἴπω
729 5314 856 5381 ὑμῖν
898 5313 965 5365 τά
1017 5313 1338 5382 ἐπουράνια,
1381 5314 1735 5378 πιστεύσετε;
1765 5336 1781 5366 ι

210 5403 344 5456 Καί·
383 5423 401 5456 ι
433 5405 622 5467 Οὐδεὶς
646 5404 983 5473 ἀναϐέϐηκεν
1007 5405 1085 5466 εἰς
1109 5403 1199 5456 τὸν
1225 5404 1472 5474 οὐρανὸν,
1493 5407 1539 5458 εξ
1573 5405 1646 5476 μὴ
1675 5408 1702 5458 6
1727 5408 1790 5459 ἐκ

209 5492 310 5546 τοῦ
350 5495 581 5567 οὐρανοῦ
615 5495 876 5558 καταϐάς,
919 5497 948 5545 ὁ
998 5494 1122 5558 Υίὺς
1167 5495 1263 5548 τοῦ
1294 5496 1602 5567 ἀνθρώπου.
1626 5517 1643 5547 ›
1704 5499 1790 5560 Ὠς

211 5584 325 5658 γάρ
364 5587 624 5657 ὑπάρχων
645 5588 732 5640 ἀεὶ
762 5588 852 5640 καὶ
877 5586 1203 5657 τέροαιώνιος
1239 5590 1430 5659 Λόγος,
1463 5589 1790 5661 καθιγμένος

288 5770 333 5799 ³⁵
367 5766 518 5823 .loan.
550 5785 600 5828 κ,
633 5769 718 5822 35.
796 5769 837 5799 ³⁵
867 5768 1029 5823 llehr.
1059 5784 1176 5835 χιιι,
1211 5770 1259 5822 8.

1339 5773 1379 5802 "7
1411 5768 1565 5825 Joan.
1599 5787 1710 5835 νιιι,
1757 5770 1842 5826 58,

1892 4602 1974 4644 εει
2007 4586 2233 4649 divisus,
2277 4582 2430 4652 juxta
2466 4580 2632 4635 divini
2679 4579 2821 4632 illius
2865 4577 3014 4630 Pauli
3062 4592 3270 4642 vocem.
3315 4574 3479 4642 Quod

1892 4680 2035 4734 enim
2080 4678 2153 4731 ita
2197 4693 2226 4728 a
2272 4673 2425 4728 nobis
2471 4670 2726 4740 cognosci
2776 4668 3030 4731 voluerit,
3071 4669 3195 4722 inde
3240 4665 3468 4736 intelligi

1893 4780 2086 4840 potest.
2117 4765 2375 4834 Quamvis
2420 4764 2566 4818 enim
2598 4764 2651 4817 in
2692 4777 2857 4816 carne
2898 4761 3229 4832 apparuerit,
3268 4768 3324 4814 et
3365 4759 3468 4812 hu-

1896 4877 2065 4914 mana:
2097 4869 2304 4913 natura:
2333 4855 2694 4911 conditionem
2740 4854 2988 4918 subierit,
3033 4870 3090 4908 se
3133 4863 3309 4907 tamen
3346 4861 3466 4905 ante

1894 4950 2089 5004 saecula
2147 4946 2424 5002 exstitisse
2470 4954 2715 5007 testatur,
2764 4945 2990 4999 dicens:
3023 4962 3042 4995 ι
3071 4942 3262 5008 Amen,
3310 4955 3468 4995 amen

1895 5042 2015 5096 dico
2045 5040 2218 5105 vobis,
2250 5049 2537 5106 antequam
2566 5036 2838 5090 Abraham
2883 5037 3037 5088 lieret
3069 5050 3168 5104 ego
3198 5051 3316 5089 sum
3340 5033 3408 5089 ".
3441 5053 3466 5087 ι

1897 5135 1960 5186 Et
2006 5147 2222 5186 rursmn
2256 5151 2268 5184 :
2302 5148 2320 5180 ι
2349 5127 2406 5182 Si
2451 5139 2663 5182 terrena
2705 5127 2814 5180 dixi
2861 5127 3031 5193 vobis,
3077 5137 3132 5180 et
3166 5143 3268 5180 non
3296 5127 3466 5181 credi-

1889 5227 1981 5289 tis,
2013 5225 2302 5293 quomodo,
2331 5222 2375 5276 si
2403 5221 2650 5276 caelestia
2684 5221 2872 5274 dixero
2895 5221 3065 5286 vobis,
3089 5218 3422 5275 credetis“?
3443 5240 3462 5272 ι

1893 5319 1996 5371 Et:
2037 5335 2054 5366 ι
2085 5316 2252 5369 Nemo
2296 5315 2538 5369 ascendit
2589 5315 2640 5366 iu
2694 5311 2892 5365 etclam
2940 5311 3042 5366 nisi
3097 5313 3186 5382 qui
3221 5327 3286 5365 ex
3329 5311 3464 5368 coelo

1891 5407 2186 5473 descendit,
2234 5407 2402 5460 Filius
2446 5404 2677 5458 hominis
2706 5404 2770 5456 ³⁸.
2805 5423 2822 5455 ι
2874 5402 3004 5455 Nam
3046 5411 3102 5456 ut
3154 5418 3365 5471 semper
3413 5413 3462 5456 et

1893 5513 2018 5552 ante
2058 5499 2254 5553 Stecula
2298 5497 2563 5553 exsistens
2613 5494 2841 5550 Verbum
2900 5495 3172 5548 descendit
3205 5510 3234 5548 e
3268 5494 3462 5549 uelis:

1893 5591 2086 5646 deinde
2119 5590 2258 5644 idem
2286 5589 2534 5660 apparuit
2562 5588 2722 5642 homo
2753 5585 2923 5643 nostri
2958 5585 3168 5655 similis,
3209 5595 3466 5656 tanquam

2452 5769 2494 5803 ³³
2528 5768 2655 5825 ibid.
2691 5767 2781 5821 13.

1922 5771 1959 5803 ³⁸
1988 5767 2140 5826 J-Jan.
2177 5786 2255 5838 in,
2294 5771 2373 5825 l2.
