3846 6210
415 277 548 366 tm

1440 307 1497 364 S.
1536 306 1814 363 CYRILLI
1853 302 2323 360 ALEXANDRINI
2364 305 2688 362 ARClllEP.

3525 305 3650 362 1511

419 443 557 484 uatis
593 427 844 482 Christus
885 440 938 481 et
991 427 1271 492 Dominus,
1314 435 1372 481 et
1419 425 1637 496 quando
1684 426 1860 482 factus
1909 435 1992 481 est

2104 424 2153 490 ἐξ
2186 427 2453 497 ούρανῶν,
2488 423 2606 480 εἶτα
2639 423 2898 496 πεφηνὼς
2937 425 2967 477 ό
3002 425 3166 489 αὐτὸς
3227 425 3350 479 καθ’
3395 427 3556 496 ἡμᾶς.
3585 429 3652 492 ὡς

416 535 569 588 caro,
604 519 911 588 hujusmodi
946 518 1157 574 locutus
1183 527 1288 574 est.

486 693 550 748 Β.
604 695 779 747 Aliam
836 711 1050 764 quoque
1121 695 1384 748 rationem
1444 697 1848 764 excogitarunt.
1914 698 1992 750 ita

416 789 584 847 enim.
603 788 774 851 aiunt,
792 790 1094 840 et-ttsendus
1110 799 1190 841 est
1219 789 1262 841 is
1282 790 1369 856 qui
1398 800 1475 840 est
1498 805 1559 841 ex
1580 791 1785 843 semine
1808 789 1992 853 David,

417 893 537 931 esse
571 878 738 932 Filius
767 878 880 941 Dei,
916 879 1056 931 sicut
1085 890 1138 931 et
1171 879 1344 946 ipsum
1395 878 1622 932 Verbum
1654 896 1716 932 ex
1755 882 1860 932 lleo
1897 880 1994 932 Pa-

420 978 500 1026 tre
546 970 745 1022 dicitur
797 984 919 1024 esse
963 968 1130 1023 Filius
1176 969 1363 1025 David.
1423 970 1626 1025 Natura
1682 971 1847 1036 enim,
1890 986 1993 1026 non

416 1057 571 1113 alius.

489 1152 557 1202 A.
599 1150 750 1205 Vera:
788 1152 968 1220 itaque
995 1151 1171 1206 laudis
1194 1152 1336 1205 ratio
1369 1153 1660 1222 recipiatur
1689 1163 1745 1205 ut
1774 1153 1844 1206 ita
1876 1168 1997 1206 cre-

417 1241 575 1295 datur
617 1243 847 1295 Verbum
879 1259 1007 1297 caro
1049 1244 1273 1307 factum,
1314 1247 1411 1299 hoc
1453 1255 1533 1299 est
1592 1247 1750 1298 homo
1784 1264 1797 1297 :
1834 1257 1997 1315 atque

416 1331 620 1387 idcirco
652 1333 819 1388 Filius
857 1333 1023 1388 David
1073 1352 1176 1388 non
1224 1337 1462 1400 lietitius,
1501 1338 1595 1390 sed
1645 1347 1899 1405 tanquam
1929 1352 1993 1390 ex

419 1425 535 1491 ipso
580 1427 893 1494 apparuerit
943 1429 1240 1480 secundum
1273 1443 1515 1488 carnem,
1545 1437 1598 1478 et
1646 1428 1904 1480 manserit
1945 1428 1995 1481 id

415 1516 558 1583 quod
596 1528 733 1578 erat,
766 1517 1018 1571 nimirum
1061 1519 1201 1571 Deus
1243 1531 1271 1569 at
1322 1517 1448 1569 Deo.
1489 1517 1695 1571 Idcirco
1728 1528 1787 1570 et
1822 1521 1994 1570 sancti

418 1609 766 1678 cvaugvlistae
815 1609 1050 1664 scientes
1097 1610 1266 1676 ipsum
1304 1609 1473 1662 Deum
1527 1611 1686 1662 simul
1730 1621 1781 1663 et
1819 1612 1994 1665 homi-

417 1716 541 1754 nem
593 1715 751 1762 esse,
806 1701 878 1753 ita
927 1701 991 1755 ad
1045 1717 1144 1754 nos
1189 1703 1254 1754 de
1300 1704 1415 1768 ipso
1451 1700 1799 1774 7A8loeuti
1848 1712 1994 1757 stmt.

421 1791 698 1858 Set-iptum
739 1793 885 1846 enim
920 1804 1007 1846 est
1037 1795 1102 1847 de
1145 1767 1604 1860 beatoBapiisi-a',
1637 1798 1777 1861 quod
1812 1816 1829 1849 ι
1875 1796 1998 1851 Pos-
2029 1767 2071 1822 Β

420 1881 589 1933 tridie
618 1881 759 1935 ridet
787 1880 973 1937 Jesum
1006 1883 1310 1937 venientem
1343 1885 1407 1936 ad
1431 1899 1508 1949 se,
1537 1895 1590 1937 et
1619 1887 1746 1940 ιΜιεὶι
1797 1906 1808 1940 :
1862 1890 2000 1944 Ecce

415 1970 603 2039 Agnus
642 1972 758 2034 Dei.
803 1973 894 2043 qui
929 1975 1064 2028 tollit
1111 1986 1393 2043 pet-catum
1444 1978 1649 2030 mundi.
1688 1977 1788 2032 llic
1822 1991 1904 2033 est
1933 1981 1998 2035 de

417 2078 527 2132 quo
573 2064 684 2118 dixi
717 2083 729 2117 :
762 2063 890 2118 Post
933 2082 1018 2119 me
1064 2067 1211 2120 venit
1261 2071 1362 2131 \‘ir,
1403 2069 1492 2135 qui
1540 2078 1665 2122 ante
1711 2085 1795 2125 me
1827 2071 1998 2126 factus

419 2164 525 2217 cst,
571 2155 698 2224 quia
744 2157 892 2222 prior
941 2173 1025 2211 me
1077 2168 1215 2222 eral,
1267 2168 1320 2213 et
1369 2174 1467 2227 ego
1501 2161 1804 2214 nesciebam
1847 2177 1994 2226 eum,

419 2249 516 2302 sed
551 2260 612 2302 ut
659 2249 1040 2303 manifestetur
1088 2251 1140 2303 in
1189 2251 1376 2316 Israel,
1409 2265 1691 2320 propterea
1741 2253 1858 2307 veni
1899 2270 1998 2324 ego

418 2337 476 2393 in
525 2355 666 2409 aqua
719 2341 1004 2410 baptizans
1027 2341 1092 2396 “.
1134 2362 1153 2395 ι
1186 2341 1446 2413 lntelligis
1504 2346 1688 2414 itaque
1727 2348 1997 2415 qutunodo

416 2432 594 2484 virum
667 2447 883 2492 vocans,
941 2449 1247 2502 aguumque
1308 2438 1481 2506 ipsum
1535 2438 1832 2507 appellans,
1889 2453 1995 2492 non

418 2520 583 2573 alium
625 2535 747 2575 esse
797 2521 926 2574 dicit
959 2523 1050 2588 qtti
1101 2523 1238 2575 tollit
1271 2539 1491 2593 peccata
1541 2527 1744 2591 mundi,
1791 2539 1844 2580 et
1892 2544 2000 2579 ma-

415 2624 577 2680 gnam
619 2611 757 2664 hanc
798 2621 962 2680 atque
1008 2613 1328 2668 immensam
1375 2618 1724 2687 divinumque
1767 2619 1999 2688 dignita-

416 2712 525 2757 tetu
553 2706 601 2758 ei
627 2705 837 2757 tribuit.
876 2708 1015 2759 Ante
1048 2721 1176 2761 vero
1215 2723 1277 2761 ac
1311 2708 1540 2774 priorem
1569 2725 1628 2763 se
1671 2710 1870 2764 factum
1901 2712 1996 2778 ait,

415 2793 540 2851 licet
589 2796 856 2865 posterior
916 2794 1115 2860 fuerit,
1167 2799 1375 2853 ratione
1427 2800 1681 2854 nimirum
1740 2805 1998 2872 temporis

417 2901 526 2954 quo
574 2890 869 2940 secundum
921 2903 1140 2941 carnem
1193 2899 1351 2943 natus
1398 2901 1500 2944 est.
1559 2891 1820 2958 Quamvis
1850 2896 1995 2948 enim

418 2977 739 3032 Emmanuel
784 2989 1051 3049 quatenus
1100 2983 1258 3034 homo
1305 2993 1428 3050 post
1479 2984 1624 3037 illum
1673 2997 1831 3041 natus
1875 2988 1995 3052 luit,

2096 511 2176 580 εἷς
2219 517 2455 586 Χριστὸς
2497 519 2593 572 καὶ
2633 516 2863 589 Κύριος,
2908 515 3008 570 καὶ
3048 516 3138 570 ὅτε
3176 516 3369 583 γέγονε
3408 513 3559 585 σὰρξ,
3589 517 3651 569 τὰ

2095 610 2271 665 τοιάδε
2299 609 2485 680 φησίν.

2165 700 2226 754 Β.
2275 701 2594 772 Ἐξεύρηταί
2618 719 2703 763 τις
2739 702 2921 765 αὗτοῖς
2958 700 3051 754 καὶ
3086 703 3274 771 ἕτερος
3303 698 3478 767 λόγος.
3512 701 3652 754 Ἐστι

2095 793 2153 846 δὲ
2208 788 2384 858 οὗτος,
2449 792 2594 846 οὕτω
2637 794 2746 865 γὰρ
2782 794 2977 863 χρῆναί
3032 809 3194 860 φασιν
3251 792 3379 844 Υἱὸν
3433 791 3653 845 νοεῖ-σθαι

2097 886 2232 938 Θεοῦ
2271 885 2364 938 τὸν
2399 887 2464 938 ἐκ
2506 886 2820 955 σπέρματος
2846 885 2939 937 τοῦ
2969 883 3150 946 Δασιδ,
3193 884 3268 947 ὡς
3294 883 3358 935 ἂν
3387 883 3480 936 καὶ
3507 885 3655 948 αὐτὸς

2095 981 2124 1033 6
2149 981 2212 1032 ἐκ
2251 979 2385 1032 Θεοῦ
2428 979 2638 1045 Πατρὸς
2661 979 2828 1044 Λόγος
2863 978 2993 1041 Υἱὸς
3031 973 3167 1031 εἶναι
3196 976 3407 1046 λέγοιτο
3437 975 3530 1028 τοῦ
3562 979 3657 1030 Δα-

2098 1071 2202 1125 6ίδ.
2230 1070 2391 1124 Φύσει
2422 1071 2552 1140 γαρ,
2587 1071 2697 1123 οὐδ’
2725 1071 2931 1140 ἕτερος.

2167 1162 2232 1213 Α.
2274 1161 2504 1223 Οὐκοῦν,
2538 1162 2566 1213 6
2604 1161 2703 1230 τῆς
2744 1159 2979 1230 ἀληθοῦς
3010 1160 3275 1220 αἰνέσεως
3317 1159 3502 1211 εἰσίτω
3541 1158 3656 1226 τρό-

2099 1271 2219 1315 πος,
2258 1251 2325 1304 ἵν’
2377 1251 2518 1303 οὕτω
2569 1249 2894 1320 πιστεύηται
2942 1249 3078 1320 σὰρξ
3121 1248 3358 1316 γεγονὼς
3401 1250 3429 1300 6
3477 1247 3657 1312 Λόγος,

2097 1344 2375 1397 τουτέστιν
2427 1341 2734 1412 ἄνθρωπος,
2761 1343 2858 1395 καὶ
2889 1341 2976 1394 διὰ
3009 1339 3188 1398 τοῦτο.
3221 1339 3346 1401 Υἱὸς
3385 1337 3476 1390 τοῦ
3510 1335 3659 1389 Δασιδ

2097 1437 2157 1489 οὐ
2186 1435 2651 1504 κατεψευσμένος.
2699 1433 2837 1486 Ἀλλ“
2865 1433 2940 1496 ὡς
2965 1431 3024 1497 ἐξ
3049 1430 3211 1485 αὐτοῦ
3244 1428 3501 1498 πεφηνὼς
3531 1428 3664 1481 κατὰ

2101 1528 2302 1597 σάρκα,
2337 1527 2431 1579 καὶ
2461 1524 2788 1596 μεμενηκὼς
2821 1526 2960 1593 ὅπερ
3004 1520 3092 1594 ἦν,
3127 1522 3283 1593 δῆλον
3314 1521 3369 1575 δὲ
3417 1523 3500 1574 ὃτι
3542 1519 3664 1583 Θεὸς

2101 1622 2166 1672 ὲκ
2199 1618 2354 1672 Θεοῦ.
2409 1619 2522 1672 Καὶ
2561 1617 2688 1686 γοῦν
2721 1618 2771 1670 οἱ
2809 1615 2918 1670 τῶν
2949 1614 3183 1684 γενικῶν
3232 1613 3355 1686 [τρ.
3391 1612 3664 1681 εὐαγγελι-

2101 1709 2246 1782 κῶν]
2277 1710 2647 1781 κηρυγμάτων
2678 1710 2969 1780 ἱερουργοὶ,
3011 1709 3102 1760 τὸν
3132 1709 3292 1761 αὐτὸν
3319 1705 3665 1771 γινώσκοντες

2101 1802 2233 1856 Θεόν
2264 1819 2325 1854 τε
2368 1801 2505 1871 ὁμοῦ
2548 1803 2636 1855 καὶ
2669 1801 2972 1872 ἄνθρωπον,
3009 1801 3136 1863 τοὺς
3179 1799 3307 1869 περὶ
3342 1796 3509 1851 αὐτοῦ
3539 1797 3665 1865 πρὸς

2099 1895 2250 1963 ἡμᾶς
2283 1893 2605 1961 πεποίηνται
2641 1891 2851 1959 λόγους.
2899 1891 3212 1958 Γέγραπται
3251 1888 3381 1955 γοῦν
3426 1889 3553 1958 περὶ
3580 1885 3664 1938 τοῦ

2103 1985 2375 2055 μακαρίου
2411 1984 2738 2047 Βαπτιστοῦ,
2778 1983 2859 2036 ὅτι
2894 2001 2914 2032 ι
2941 1984 3020 2051 Τῇ
3050 1983 3306 2053 ἐπαύριον
3352 1979 3543 2050 βλέπει
3582 1977 3666 2031 τὸν

2097 2078 2316 2149 ’Ἰησοῦν
2371 2078 2667 2148 ἐρχόμενον
2728 2075 2863 2145 πρὸς
2913 2074 3095 2139 αὑτὸν,
3133 2073 3226 2125 καὶ
3282 2071 3450 2139 λέγει·
3502 2070 3604 2123 Ἴδε
3641 2071 3667 2123 6

2115 2171 2311 2240 Ἀμνὸς
2347 2169 2439 2223 τοῦ
2473 2169 2632 2230 Θεοῦ,
2673 2171 2700 2221 ό
2745 2169 2916 2237 αἴρων
2969 2165 3245 2236 ἁμαρτίαν
3289 2163 3383 2218 τοῦ
3443 2164 3664 2232 κόσμου,

2100 2259 2251 2326 οῦτός
2296 2268 2413 2316 ἐστι
2455 2263 2586 2332 περὶ
2629 2255 2688 2314 οῦ
2740 2258 2849 2327 ἐγὼ
2883 2254 3055 2311 εἷπον·
3093 2258 3296 2310 Ὀπίσω
3329 2275 3429 2326 μου
3465 2256 3667 2326 ἔρχεται

2099 2357 2262 2427 ἀνὴρ,
2314 2356 2372 2420 ὃς
2419 2354 2729 2425 ἔμπροσθέν
2768 2371 2869 2423 μου
2912 2352 3156 2418 γέγονεν,
3197 2352 3279 2404 ὃτι
3321 2349 3538 2418 πρῶτός
3577 2346 3667 2418 μού

2101 2452 2239 2511 ἐστι,
2269 2447 2425 2516 κάγὼ
2454 2450 2555 2502 οὐκ
2600 2444 2737 2499 εἶδον
2785 2446 2969 2508 αὐτὸν,
3007 2445 3121 2498 ἀλλ’
3174 2445 3258 2496 ἶνα
3286 2442 3574 2512 φανερωθῇ
3601 2439 3669 2510 τῷ

2115 2539 2351 2610 Ἰσραὴλ,
2386 2538 2474 2592 διὰ
2508 2537 2664 2591 τοῦτο
2710 2533 2874 2608 ἦλθον
2908 2536 3018 2605 ἐγὼ
3051 2537 3108 2588 ἐν
3143 2535 3296 2588 ὓδατι
3332 2533 3662 2603 βαπτίζων.»

2102 2629 2268 2692 Σύνες
2296 2625 2387 2682 οῦν
2427 2630 2573 2690 ὅπως
2603 2627 2771 2696 ἄνδρα
2811 2627 3003 2693 λέγων,
3054 2625 3144 2678 καὶ
3191 2625 3362 2690 ἀμνὸν
3400 2621 3668 2690 ὀνομάζων

2101 2719 2285 2783 αὑτὸν,
2316 2721 2414 2790 οὐχ
2446 2719 2635 2789 ἓτερον
2666 2714 2804 2778 εἷναί
2835 2735 2968 2788 φησι
2996 2717 3084 2769 τὸν
3116 2716 3342 2787 αἴροντα
3368 2715 3467 2782 τὴν
3493 2715 3668 2788 ’ἁμαρ-

2076 2815 2221 2866 ’τίαν
2261 2813 2354 2865 τοῦ
2407 2812 2636 2882 κόσμου.
2680 2811 2774 2864 καὶ
2820 2811 2880 2863 τὸ
2927 2811 3069 2878 μέγα
3112 2807 3271 2861 τοῦτο
3322 2808 3414 2860 καὶ
3450 2807 3672 2872 ἐξαίσιον

2100 2905 2317 2976 ἀληθῶς
2385 2905 2479 2957 καὶ
2567 2904 2868 2973 θεοπρεπὲς
2944 2901 3158 2971 ἀξίωμα
3242 2899 3672 2970 προσνενέμηκεν

2100 2997 2267 3067 αὐτῷ.
2312 2995 2665 3067 Ἐμπροσθεν
2703 2996 2762 3048 δὲ
2806 2994 2900 3047 καὶ
2942 2994 3157 3065 πρῶτον
3204 2990 3462 3060 γενέσθαι
3521 2990 3673 3059 φησὶν

417 3081 534 3126 crat
566 3082 740 3126 tamen
787 3082 912 3126 ante
952 3074 1130 3127 omnia
1164 3077 1382 3143 smeula,
1430 3090 1487 3130 ιιι
1539 3078 1697 3133 Deus.
1741 3080 1992 3146 Ejusdem

2104 3087 2288 3151 αὑτοῦ,
2319 3087 2496 3140 καίτοι
2527 3087 2758 3139 κατόπιν
2795 3086 3106 3155 γενόμενον,
3140 3084 3280 3164 κατᾴ
3312 3083 3376 3150 γέ
3417 3099 3564 3150 φημι
3595 3079 3677 3132 τὸν

418 3161 603 3228 itaque
648 3175 727 3214 est
770 3172 823 3214 et
871 3174 1144 3217 recentem
1194 3181 1316 3222 esse
1365 3168 1570 3220 rati0ne
1613 3169 1861 3224 lttttnanm
1902 3187 1996 3224 na-

421 3261 579 3313 turae,
616 3265 669 3305 et
696 3263 981 3316 mternnm,
1017 3256 1226 3311 ratione
1263 3261 1476 3313 divinae.
1523 3259 1730 3316 Idcirco
1768 3273 1822 3316 et
1865 3278 1999 3330 prte-

419 3344 792 3398 stantissimus
849 3347 936 3401 ille
991 3345 1222 3413 Petrus,
1271 3363 1377 3401 non
1437 3351 1636 3404 nudum
1686 3361 1740 3406 et
1796 3355 1998 3422 absque

419 3451 585 3490 carne
631 3437 931 3503 reSpiciens
993 3437 1249 3502 Verbum,
1301 3440 1392 3494 sed
1444 3442 1584 3509 quod
1639 3444 1689 3495 in
1729 3459 1893 3498 carne
1942 3455 1998 3499 ct

419 3529 684 3597 sanguine
723 3543 1087 3598 apparuerat,
1137 3533 1474 3587 manifestam
1535 3544 1590 3590 ct
1635 3536 1995 3590 certissimam

420 3621 546 3674 tidei
585 3623 637 3676 in
683 3623 856 3692 ipsum
902 3624 1292 3692 professionem
1342 3627 1476 3687 edit,
1509 3629 1736 3682 dit-ens:
1773 3649 1791 3682 ι
1827 3629 1904 3682 Τιι
1937 3646 1997 3686 es

418 3712 677 3767 Christus
712 3715 877 3768 Filius
911 3715 1002 3769 Dei
1037 3717 1162 3771 vivi.
1196 3736 1215 3769 ι
1255 3719 1348 3770 Cui
1383 3717 1632 3772 Christus
1672 3723 1946 3789 respondit
1978 3738 1993 3776 :

426 3806 652 3859 «Beatus
676 3824 754 3869 es,
772 3808 980 3870 Simon,
1006 3808 1076 3860 ﬁli
1099 3808 1265 3871 Joure,
1284 3811 1405 3876 quia
1429 3827 1556 3864 caro
1578 3823 1629 3865 et
1647 3817 1866 3880 sanguis
1892 3830 1996 3867 non

421 3901 676 3953 revelat-it
709 3900 825 3960 tibi,
861 3901 952 3954 Sed
988 3900 1146 3955 Pater
1178 3918 1328 3954 meus
1363 3904 1451 3968 qui
1487 3911 1572 3955 est
1608 3903 1659 3956 in
1693 3905 1938 3959 ccelis".
1972 3925 1990 3958 ι

419 3987 484 4044 AI
526 3990 626 4044 nisi
666 3991 831 4044 altmu
885 4006 1069 4045 revera
1118 4003 1200 4044 est
1240 3994 1580 4061 mysterium,
1611 4005 1664 4048 et
1707 3996 1845 4050 Dens
1879 4008 1998 4051 erat

423 4083 478 4137 in
528 4099 694 4136 carne
725 4102 738 4137 :
773 4083 932 4135 ltutno
965 4092 1166 4146 autem,
1221 4095 1278 4134 ut
1311 4083 1407 4150 ipsi
1446 4084 1648 4147 volunt,
1684 4087 1994 4142 liliationem

420 4186 519 4240 per
567 4174 794 4241 gratiam
853 4183 1205 4237 t-onsrcutus,
1249 4175 1518 4241 quomodo
1566 4175 1794 4243 indignit
1850 4188 1997 4231 tauto

421 4264 664 4333 mysterii
709 4265 960 4325 dottnre,
997 4267 1132 4316 adeo
1180 4276 1236 4316 ut
1290 4280 1449 4318 nemo
1483 4268 1791 4319 mortalium
1828 4257 1991 4322 (iisti?

419 4359 544 4426 pulo
570 4359 839 4415 revelarit.
875 4359 966 4412 scd
1000 4375 1027 4411 ει
1059 4359 1216 4411 Patre
1247 4359 1361 4426 ipso
1384 4360 1433 4410 id
1459 4361 1684 4414 edoctus
1715 4362 1824 4414 sit?
1855 4363 1994 4428 Quin

418 4461 474 4504 et
503 4449 750 4516 discipuli
784 4465 904 4501 ι·ιιιιι
946 4449 1093 4501 illum
1131 4449 1422 4531 aliquando
1454 4451 1504 4502 in
1551 4452 1684 4504 mari
1731 4455 1992 4505 obambu-
2027 4443 2069 4496 Ι)

417 4541 620 4596 lanient
659 4539 954 4606 conspicati
993 4551 1198 4602 essent,
1232 4542 1446 4593 attoniti
1494 4543 1754 4595 miraculo
1783 4545 1993 4614 profes-

419 4633 623 4685 Sinnettt
664 4631 783 4684 ﬁdei
821 4646 932 4684 suae
956 4632 1264 4690 ediderunt,
1291 4632 1533 4686 direntes
1564 4652 1576 4688 :
1614 4652 1632 4684 ι
1664 4633 1800 4688 Vere
1827 4634 1992 4691 Filius

417 4723 510 4778 Dei
541 4741 597 4776 es
619 4724 684 4776 δ’.
723 4743 741 4775 ι
785 4724 852 4777 At
888 4725 932 4778 si
962 4727 1157 4779 nothus
1186 4736 1238 4778 et
1271 4725 1386 4778 falsi
1425 4727 1655 4780 nominis
1678 4739 1780 4792 est,
1807 4741 1860 4783 et
1883 4731 1994 4784 ad-

418 4813 704 4866 \‘Cttlilittttt
754 4813 803 4868 ei
857 4825 939 4867 est
989 4814 1130 4882 quod
1187 4815 1260 4868 sit
1313 4814 1504 4881 Filius,
1564 4820 1824 4873 mendacii
1879 4821 1996 4877 illos

421 4916 671 4971 arguant,
708 4907 849 4973 quod
875 4917 927 4959 et
947 4904 1305 4973 jurejurando
1332 4907 1740 4964 conﬁrmarunt.
1769 4911 1996 4977 Adjece-

421 5003 543 5044 runt
573 4996 738 5058 enim,
777 5014 796 5046 ι
830 5009 974 5060 tere,
1005 5013 1024 5046 ι
1049 5007 1423 5052 ιιδευι·ει·.ιιιιοε
1458 4998 1632 5066 ipsmn
1656 5014 1777 5055 esse
1801 5001 1997 5057 Filium

421 5081 514 5136 Dei
544 5103 605 5136 ιιι⁸
641 5085 837 5140 Patris.

2097 3184 2198 3250 τῆς
2241 3180 2383 3234 κατὰ
2437 3180 2617 3248 σάρκα
2652 3179 2957 3248 γεννήσεως
3004 3176 3214 3246 χρόνον.
3275 3176 3335 3227 Εἰ
3383 3175 3497 3245 γάρ
3540 3177 3676 3225 ἐστιν

2098 3271 2356 3342 όψιγενὴς
2387 3270 2524 3323 καθὸ
2553 3270 2838 3338 ἅνθρωπος
2863 3271 2890 3321 ό
2933 3265 3299 3336 Ἐμμανουὴλ,
3338 3265 3457 3317 ἀλλ’
3486 3261 3552 3334 ἦν
3581 3262 3677 3333 πρὸ

2101 3363 2302 3426 παντὸς
2359 3361 2552 3424 αἰῶνος
2609 3362 2684 3424 ὡς
2732 3361 2883 3423 Θεός.
2920 3359 3096 3411 Αὑτοῦ
3146 3357 3437 3426 τοιγαροῦν
3488 3356 3581 3409 καὶ
3623 3355 3679 3407 τὸ

2101 3456 2413 3526 πρόσφατον
2447 3453 2826 3523 ἀνθρωπίνως,
2858 3452 2952 3506 καὶ
2991 3451 3050 3503 τὸ
3089 3452 3260 3504 ἀΐδιον
3291 3450 3515 3514 θεῖκῶς,
3555 3445 3680 3500 ταύ-

2097 3565 2167 3620 τῃ
2199 3567 2280 3602 τοι
2308 3550 2400 3602 καὶ
2441 3551 2468 3601 ὀ
2497 3548 2833 3618 πανάριστος
2886 3546 3122 3616 Πέτρος,
3173 3546 3233 3597 ού
3283 3545 3519 3614 γυμνὸν,
3563 3541 3678 3595 οὐδὲ

2099 3639 2341 3710 ἄσαρκον
2370 3637 2789 3708 καταθεώμενον
2813 3638 2902 3690 τὸν
2925 3638 3114 3705 Λόγον,
3151 3636 3265 3689 ἀλλ’
3294 3638 3354 3688 ἐν
3384 3636 3556 3706 σαρκὶ
3595 3633 3684 3688 καὶ

2098 3733 2292 3801 αἵματι
2350 3731 2649 3800 πεφηνότα,
2691 3729 2877 3798 σαφῶς
2915 3747 2976 3781 τε
3017 3729 3111 3782 καὶ
3159 3727 3416 3790 ἀπλανῶς
3463 3729 3562 3796 τῆς
3611 3727 3680 3788 εἰς

2100 3820 2262 3872 αὑτὸν
2307 3819 2545 3881 πίστεως
2588 3818 2690 3889 τὴν
2735 3818 2993 3871 ἀπόδοσιν
3041 3819 3297 3874 ἐποιεῖτο,
3331 3815 3536 3885 λέγων.
3574 3815 3680 3869 «Σὺ

2099 3907 2148 3964 εἷ
2175 3913 2202 3964 ό
2229 3911 2482 3982 Χριστὸς,
2519 3913 2546 3963 6
2575 3911 2703 3974 Υἱὸς
2732 3909 2824 3962 τοῦ
2850 3909 2983 3962 Θεοῦ
3018 3909 3111 3962 τοῦ
3138 3909 3355 3973 ζῶντος
3383 3927 3404 3958 ι
3458 3908 3677 3975 Ἀκήκοε

2098 4003 2154 4055 δὲ
2187 4003 2324 4072 πρὸς
2350 4002 2526 4055 τοῦτο·
2568 4003 2884 4072 ιΜακὰριος
2917 3997 2986 4065 εἴ,
3021 4001 3222 4070 Σίμων,
3253 4001 3367 4069 Βᾶρ
3408 4001 3585 4062 Ἰωνᾶ,
3608 3998 3684 4050 ὅτι

2101 4092 2240 4164 σὰρξ
2271 4092 2365 4145 καὶ
2410 4086 2549 4162 αἷμα
2591 4093 2690 4145 οὐκ
2734 4091 3050 4162 ἀπεκάλυψέ
3096 4109 3200 4153 σοι,
3247 4091 3362 4144 ἀλλ’
3417 4094 3446 4144 ό
3502 4090 3682 4156 Πατήρ

2102 4204 2228 4256 μου,
2287 4188 2316 4238 6
2362 4188 2420 4239 ὲν
2471 4189 2584 4248 τοῖς
2645 4187 2962 4255 οὐρανοῖς.»
3038 4184 3175 4238 Ἀλλ’
3216 4187 3264 4237 εἰ
3329 4183 3408 4254 μὴ
3458 4181 3591 4253 βαθὺ
3627 4179 3684 4232 τὸ

2103 4280 2428 4351 μυστήριον,
2456 4281 2549 4332 καὶ
2582 4278 2712 4341 Θεὸς
2743 4275 2810 4348 ἦν
2851 4279 2908 4330 ὲν
2938 4277 3124 4347 σαρκὶ,
3165 4276 3458 4344 ἄνθρωπος
3481 4275 3536 4327 δὲ
3573 4271 3683 4325 κατ’

2101 4373 2318 4436 αὐτοὺς.
2365 4373 2547 4444 χάριτι
2579 4373 2677 4441 τὴν
2717 4369 2987 4424 υἱοθεσίαν
3030 4370 3192 4439 ἔχων,
3235 4369 3349 4430 πῶς
3380 4368 3455 4421 ἂν
3481 4363 3684 4435 ,ἐδεήθη

2098 4464 2355 4518 τοσούτου
2387 4463 2769 4534 μυσταγωγοῦ,
2815 4463 2890 4525 ὠς
2927 4462 3131 4531 μηδένα
3166 4461 3262 4531 μὲν
3301 4459 3414 4511 τῶν
3460 4460 3557 4511 ἐπὶ
3593 4457 3684 4524 τῆς

2097 4557 2203 4626 γῆς
2263 4555 2611 4624 ἀποκαλύψαι
2669 4556 2746 4624 τῷ
2803 4554 3046 4624 μαθητῇ.
3096 4554 3390 4623 παιδευτὴν
3441 4552 3500 4604 δὲ
3559 4549 3684 4620 πρὸς

2098 4649 2257 4702 τοῦτο
2306 4648 2488 4718 λαχεῖν
2545 4648 2704 4700 αὐτὸν
2757 4647 2846 4700 τὸν
2894 4649 3142 4716 Πατέρα;
3182 4647 3290 4699 Καὶ
3337 4645 3448 4716 μὴν
3503 4646 3600 4698 καὶ
3643 4646 3684 4696 οξ

2101 4739 2378 4794 θεσπέσιοι
2409 4738 2675 4810 μαθηταὶ,
2709 4738 2993 4791 διαθέοντα
3025 4738 3154 4790 ποτὲ
3180 4737 3274 4806 τῆς
3313 4735 3596 4805 θαλάττης
3622 4734 3683 4788 τὰ

2095 4832 2241 4885 νῶτα
2270 4832 2578 4901 βλέποντες,
2609 4832 3056 4901 κατατεθήπεσαν
3093 4829 3192 4900 μὲν
3225 4829 3326 4898 τὴν
3363 4828 3680 4898 θεοσημίαν,

2094 4925 2407 4993 ὡμολόγουν
2442 4924 2497 4976 δὲ
2525 4925 2624 4993 τὴν
2669 4924 2875 4984 πίστιν,
2909 4923 3174 4990 λέγοντες·
3219 4940 3238 4972 ι
3277 4921 3528 4992 Ἀληθῶς
3557 4915 3681 4973 Θεοῦ

2098 5015 2225 5078 Υἱὸς
2270 5010 2338 5067 εἴ.
2367 5034 2386 5066 ι
2448 5014 2589 5068 Ἀλλ’
2633 5016 2680 5066 εἰ
2723 5014 2878 5076 νόθος
2912 5013 3028 5066 ἐστὶ
3060 5013 3150 5066 καὶ
3177 5012 3560 5082 ψευδώνυμος,
3599 5011 3681 5063 καὶ

2100 5105 2410 5176 εἰσποιητὸν
2457 5106 2568 5176 ἔχει
2611 5106 2670 5160 τὸ
2703 5102 2840 5159 εἶναι
2873 5107 3020 5170 Υἱὸς,
3058 5106 3473 5174 ἐγκαλείτωσαν
3510 5104 3676 5174 αὐτοῖς

420 5176 517 5246 τὴν
543 5176 925 5247 ψευδηγορίαν,
962 5181 1057 5232 καὶ
1088 5179 1246 5232 τοῦτο
1287 5179 1631 5252 ὀμωμοκόσι.
1679 5186 2109 5256 Προστεθείκασι
2178 5197 2287 5269 γὰρ
2331 5199 2411 5264 τὸ,
2444 5199 2682 5270 ἀληθῶς,
2746 5199 2875 5254 Υίὸν
2948 5199 3111 5253 αὑτὸν
3153 5197 3296 5254 εἶναι
3344 5197 3676 5253 διαϐεϐαιού-

422 5292 576 5348 μενοι
599 5275 693 5330 τοῦ
725 5275 862 5329 Θεοῦ
893 5277 987 5330 καὶ
1017 5277 1249 5348 Πατρός.

495 5369 551 5422 Β.
597 5367 811 5438 Optime
846 5371 1051 5425 dixisti.

497 5463 561 5516 Α.
598 5463 714 5529 Quo
744 5472 902 5532 pacto
942 5475 1120 5519 autem
1159 5467 1324 5521 etiam
1359 5469 1606 5538 proprios
1638 5473 1800 5529 habet
1835 5491 2001 5545 ange-

426 5553 509 5612 los
541 5555 709 5611 Filius
743 5557 1000 5624 hominis,
1047 5567 1102 5612 et
1147 5558 1392 5629 splendet
1423 5560 1477 5616 in
1512 5562 1681 5633 gloria
1712 5563 1889 5621 Patris
1917 5568 2000 5623 sui

503 5735 547 5776 ιο
586 5734 739 5791 Joan.
766 5751 784 5790 ι
811 5776 825 5804 ,
861 5738 1051 5795 29-51.
1131 5739 1169 5772 δ’
1201 5739 1386 5800 Matth.
1429 5760 1541 5812 xVI,
1580 5746 1661 5811 16,
1698 5746 1782 5801 l7.

2176 5384 2238 5438 Β.
2279 5385 2514 5454 "Aptata
2549 5385 2705 5456 ἔφης.

2179 5479 2244 5530 Α.
2273 5475 2398 5540 Πῶς
2427 5478 2484 5530 δὲ
2528 5480 2620 5531 καὶ
2663 5478 2826 5541 ἰδίους
2858 5477 2970 5548 ἔχει
3013 5479 3140 5539 τοὺς
3181 5478 3454 5546 ἀγγέλους
3503 5482 3531 5533 ό
3569 5478 3678 5540 Υἱὸς

2107 5568 2201 5621 τοῦ
2249 5569 2568 5641 ἀνθρώπου,
2623 5570 2914 5642 διαπρέπει
2959 5570 3014 5623 δὲ
3067 5571 3156 5624 καὶ
3205 5573 3262 5623 ἐν
3303 5573 3368 5641 τῇ
3428 5572 3555 5646 δόξῃ
3597 5567 3679 5624 τοῦ

1864 5748 1910 5781 ιθ
1936 5746 2126 5805 Matth.
2159 5762 2268 5816 xw,
2314 5748 2402 5803 35.
