3846 6210
200 394 336 448 HIS

209 600 355 654 «Kal.
388 596 672 651 ἀποστελεῖ
709 598 736 648 6
764 594 892 657 Υἱὸς
919 592 1013 646 τοῦ
1047 589 1334 661 ἀνθρώπου
1365 588 1490 648 τοὺς
1514 584 1781 652 ἀγγέλους

202 690 386 746 αὑτοῦ.
413 708 432 741 ι
486 689 547 742 Et
574 688 631 740 δὲ
660 689 752 741 καὶ
780 684 1100 740 ἀπιστοῦσιν
1124 684 1224 746 ἔτι,
1265 681 1359 735 καὶ
1404 678 1532 751 δόξῃ
1558 677 1784 747 θεοπρε-

204 783 298 834 πεῖ
335 779 430 832 καὶ
474 782 586 843 τοῖς
623 776 767 830 οῦτω
806 777 1080 846 λαμπροῖς
1122 773 1215 826 καὶ
1263 772 1589 841 ὑπερτάτοις
1623 765 1786 832 ἁξιὼ-

208 889 369 943 μασιν
395 871 630 942 ὁρῶντες
661 867 1124 937 κατεστεμμένον,
1174 863 1498 918 ἀκούσονται
1536 860 1784 928 λέγοντος

205 963 390 1017 αὐτοῦ·
456 963 565 1016 «Εἰ
614 961 738 1032 ἐμοὶ
793 960 854 1012 οὐ
912 958 1214 1016 πιστεύετε,
1273 957 1386 1017 τοῖς
1440 953 1620 1025 ἔργοις
1680 966 1781 1020 μου

207 1054 510 1108 πιστεύετε.
539 1073 557 1104 ι
603 1053 709 1106 Kal.
760 1051 920 1104 πάλιν
945 1067 959 1080 ·
995 1071 1013 1102 ι
1042 1051 1102 1103 El
1143 1050 1204 1102 οὐ
1249 1046 1387 1100 ποιῶ
1431 1046 1497 1098 τὰ
1528 1045 1666 1114 ἔργα
1688 1039 1782 1094 τοῦ

208 1143 420 1215 Πατρός
473 1160 595 1214 μου,
650 1141 724 1211 μὴ
771 1139 1055 1193 πιστεύετέ
1111 1156 1218 1210 μοι.
1261 1137 1325 1190 Εἰ
1370 1135 1427 1186 δὲ
1477 1132 1635 1195 ποιῶ,
1684 1130 1787 1183 κᾶν

210 1237 334 1306 ἐμοὶ
374 1236 447 1306 μὴ
484 1234 798 1304 πιστεύητε,
827 1235 938 1295 τοῖς
970 1230 1149 1302 ἔργοις
1179 1248 1278 1301 μου
1321 1226 1618 1281 πιστεύετε.
1651 1243 1668 1274 ι
1714 1221 1788 1274 Τὸ

209 1327 318 1399 γάρ
351 1329 408 1379 ἐν
448 1325 720 1396 ἀνθρώπῳ
766 1325 984 1396 βλέπειν
1032 1325 1130 1394 τῆς
1165 1322 1443 1393 ἁφράστου
1487 1318 1644 1388 δόξης
1689 1315 1788 1385 τὴν

211 1419 508 1491 ὑπεροχὴν,
551 1419 648 1489 οῦχ
679 1419 753 1482 ὡς
782 1418 1068 1488 ἀλλοτρίαν
1110 1416 1308 1486 μᾶλλον
1337 1416 1504 1485 ἤγουν
1539 1415 1594 1464 ἐν
1626 1411 1785 1481 χάριο

210 1528 304 1575 τος
337 1511 492 1581 μέρει
532 1509 1108 1582 προσπεπορισμὲνην,
1149 1507 1262 1560 ἀλλ’
1293 1507 1426 1559 ἰδίαν
1456 1506 1636 1570 αὑτοῦ,
1672 1503 1789 1568 πῶς

213 1601 316 1654 οὐκ
344 1601 646 1662 ἀναπείσει,
683 1601 763 1653 ὅτι
800 1600 931 1662 Θεὸς
962 1595 1029 1667 ἦν
1068 1602 1124 1652 ἐν
1162 1597 1289 1650 εῖδει
1333 1596 1412 1667 τῷ
1450 1596 1571 1650 καθ’
1618 1597 1786 1666 ἡμᾶς,

216 1693 314 1746 καὶ
337 1694 463 1756 Υἱὸς
502 1691 715 1761 ἀληθῶς
745 1691 839 1743 τοῦ
876 1692 967 1742 ἐπὶ
996 1691 1204 1752 πάντας
1228 1687 1362 1742 Θεοῦ
1388 1706 1403 1754 ;

288 1783 351 1838 Β.
403 1781 630 1836 Ἑαυτοῦ
651 1821 666 1844 ,
694 1782 820 1850 φησι
840 1821 856 1847 ,
900 1782 1024 1842 τοὺς
1063 1778 1328 1848 ἀγγέλους
1358 1778 1497 1830 εἶναι
1527 1776 1790 1846 διϊσχυρί-

1321 375 1509 445 QUOD
1547 368 1737 431 UNUS
1773 367 1877 426 SIT
1918 365 2280 424 CliRlSTUS.

201 507 413 578 Πατρὸς
439 505 600 560 αὑτοῦ
625 503 763 576 μετά
793 503 899 556 τῶν
929 501 1177 570 ἀγγέλων
1207 495 1372 551 αὐτοῦ
1397 511 1412 560 ;
1452 493 1559 547 Καὶ
1583 491 1779 545 πάλιν·

1907 503 2011 539 ἰιηι
2064 483 2273 553 angelis
2313 481 2426 536 suis
2451 477 2536 530 ⁸³2
2580 476 2643 529 Ει
2695 485 2881 526 rursus
2916 486 2929 522 :

3317 348 3451 404 i5”

2983 487 2999 517 ι
3037 464 3104 519 Ει
3157 465 3331 518 mittet
3361 462 3452 517 ιτιο

1884 579 1986 633 lius
2013 577 2247 631 hominis
2274 571 2493 642 angelos
2527 583 2652 623 suos
2671 566 2738 618 “.
2773 583 2792 616 ι
2829 562 2885 615 Si
2915 573 3045 613 vero
3076 558 3252 610 adhuc
3294 556 3453 610 tidem

1890 675 2148 742 derogant
2198 679 2251 722 et
2283 665 2542 721 increduli
2578 671 2724 720 sunt,
2756 672 2880 713 eum
2911 671 3032 710 eum
3069 654 3247 705 divina
3283 650 3454 720 gloria

1883 768 2124 831 adt-nque
2157 760 2432 829 splendida
2483 767 2645 824 atque
2677 752 2871 806 eximia
2916 747 3176 815 dignitate
3207 755 3456 795 ornatum

1883 858 2118 914 videant.
2187 855 2404 906 audient
2454 849 2744 917 ipsummut
2805 843 3119 894 «licentem:
3157 855 3174 886 ι
3215 833 3270 887 Si
3329 834 3457 886 mihi

1885 943 2177 1019 non
2225 943 2464 1004 creditis,
2519 938 2775 1008 operibus
2823 933 2958 986 meis
3010 931 3215 984 credite
3237 928 3303 983 ⁸⁸.
3342 947 3359 978 ι
3399 925 3496 984 Et:

1885 1017 2074 1091 rursus
2103 1051 2116 1087 :
2153 1053 2171 1084 ‹
2207 1032 2262 1086 Si
2304 1047 2407 1084 non
2441 1030 2580 1082 l'acio
2618 1040 2780 1094 Opera
2812 1020 2988 1076 Patris
3015 1019 3138 1074 mei.
3172 1033 3237 1070 ne
3268 1017 3461 1070 creda.

1887 1128 1955 1181 tis
1992 1126 2143 1178 mihi.
2180 1123 2286 1178 Sed
2323 1123 2367 1175 si
2407 1119 2569 1184 facio,
2602 1130 2651 1172 et
2679 1119 2722 1172 si
2762 1117 2890 1170 mihi
2923 1130 3026 1168 non
3055 1111 3302 1168 creditis,
3333 1121 3462 1176 ope-

1886 1218 2034 1272 ribus
2067 1216 2198 1267 meis
2233 1212 2437 1267 credite
2461 1211 2526 1263 ⁸⁸.
2557 1229 2576 1260 ι
2609 1209 2741 1262 Cum
2784 1207 2926 1260 rnim
2957 1201 3243 1256 iueﬂ'ahilis
3275 1199 3463 1268 gloriae

1887 1309 2201 1366 excellentia
2238 1310 2288 1360 in
2339 1305 2559 1360 homine
2606 1310 2885 1360 cernatur,
2930 1313 3033 1350 non
3081 1305 3137 1346 ut
3183 1294 3350 1346 aliena
3396 1289 3465 1342 al)

1890 1403 2006 1471 ipso
2056 1409 2145 1452 aut
2185 1413 2280 1466 per
2317 1395 2546 1466 gratiam
2593 1393 2812 1453 collata,
2869 1389 2960 1442 sed
3001 1385 3216 1455 propria
3268 1381 3464 1450 ipsius,

1888 1490 2158 1562 quomodo
2198 1503 2302 1541 non
2346 1485 2668 1553 persuadeat
2719 1480 2873 1534 nobis
2903 1478 3044 1547 quod
3091 1475 3229 1527 Deus
3263 1483 3382 1524 I'I‘nl
3409 1469 3465 1523 in

1890 1585 2063 1637 forma
2099 1592 2301 1636 nostra:
2335 1578 2498 1634 simili
2532 1587 2585 1630 et
2613 1573 2784 1628 Filius
2815 1585 2939 1626 vere
2967 1568 3201 1639 supremi
3233 1562 3364 1620 Dei?

1963 1764 2023 1818 Β.
2058 1760 2218 1824 Suos,
2247 1759 2514 1828 inquiunt,
2549 1754 2766 1824 angelos
2795 1765 2916 1806 esse
2947 1748 3101 1815 dixit,
3132 1752 3186 1801 et
3211 1741 3468 1798 miracula

218 1892 373 1941 σατο,
400 1875 494 1927 καὶ
519 1873 684 1926 τῶνδε
726 1871 834 1924 τῶν
865 1872 1106 1941 σημείων
1149 1870 1371 1939 γέγονεν
1399 1869 1785 1940 ἀποτελεστὴς,

1907 1855 2082 1919 :didil,
2116 1853 2186 1907 ob
2235 1851 2542 1904 inhabitans
2580 1850 2630 1901 itt
2665 1861 2723 1900 se
2758 1843 2988 1896 Verbum
3011 1880 3026 1903 ,
3057 1839 3279 1910 gloriam
3313 1849 3468 1889 suam

215 1965 552 2028 ἐνοικοῦντος
600 1963 750 2035 αὐτῷ
793 1963 886 2016 τοῦ
933 1965 1138 2032 Λόγου,
1185 1963 1342 2029 δόξαν
1389 1963 1447 2015 δὲ
1495 1961 1594 2033 τὴν
1654 1962 1789 2014 ἰδίαν

215 2055 368 2127 αὐτῷ
400 2057 493 2110 καὶ
520 2057 579 2108 τὸ
605 2058 689 2108 ἐνε
701 2056 826 2125 ργὲς
850 2055 1292 2125 ἐκνενεμηκότος.
1315 2055 1628 2124 Γέγραπται
1659 2055 1787 2126 γὰρ,

219 2149 305 2202 ὅτι
337 2167 355 2198 ι
403 2145 610 2217 Ἰησοῦν
647 2147 738 2199 τὸν
773 2148 879 2198 ἀπὸ
909 2146 1160 2218 Ναζαρὲτ
1208 2145 1283 2209 ὡς
1323 2145 1536 2216 ἔχρισεν
1567 2145 1730 2198 αὑτὸν
1762 2146 1790 2197 ὁ

185 2320 191 2332 1
216 2241 351 2304 Θεὸς
383 2240 658 2312 Πνεύματι
684 2241 824 2309 ἁγίῳ
853 2240 944 2294 καὶ
971 2239 1218 2310 δυνάμει,
1247 2241 1305 2302 ὂς
1335 2239 1544 2310 διῆλθεν
1571 2240 1657 2292 εύε
1670 2256 1792 2310 ργε-

216 2331 350 2394 τῶν,
378 2333 471 2384 καὶ
502 2329 728 2402 ἰώμενος
757 2331 967 2393 πάντας
1005 2332 1128 2393 τοὺς
1157 2331 1791 2400 καταδυναστευομένους

187 2424 327 2477 εὐπδ
371 2423 466 2475 τοῦ
516 2421 784 2475 διαϐόλου.
822 2441 838 2468 ι
894 2422 1271 2492 Κεχρισμὲνος
1308 2417 1401 2474 οὖν
1440 2423 1536 2474 καὶ
1563 2421 1792 2492 δυνάμει

221 2515 318 2567 καὶ
349 2512 647 2581 Πνεύματι,
678 2512 1042 2582 τερατουργὸς
1069 2507 1157 2583 ἦν.

291 2605 358 2658 Α.
401 2602 627 2667 Οὐκοῦν,
661 2603 959 2672 ἐπειδήπερ
985 2602 1115 2664 Θεὸς
1145 2600 1219 2654 ὣν
1252 2602 1280 2654 6
1310 2602 1481 2669 Λόγος
1503 2643 1517 2665 ,
1546 2600 1700 2670 ἅγιός
1733 2616 1795 2653 τε
1860 2617 1865 2622 '

221 2697 320 2752 κιιύ⁹
363 2696 502 2749 κατὰ
549 2695 728 2764 φύσιν,
783 2696 875 2748 καὶ
907 2693 1162 2757 οὐσιῶδες
1209 2693 1347 2764 ἔχων
1382 2692 1444 2745 τὸ
1491 2691 1793 2755 παναλκὲς,

219 2789 384 2844 δέοιτ’
423 2787 488 2842 ἂν
530 2786 781 2858 οὐδαμῶς
807 2827 820 2849 ,
866 2786 899 2856 ἢ
948 2787 1045 2856 τῆς
1086 2787 1216 2856 παρ’
1255 2787 1440 2855 ἐτέρου
1484 2785 1794 2854 δυνάμεως,

219 2881 395 2950 ἤγουν
422 2879 497 2942 ὼς
528 2876 940 2947 εἰσκεκριμένου
981 2875 1074 2930 τοῦ
1122 2877 1418 2947 ἀγιασμοῦ,
1452 2875 1536 2939 τίς
1577 2874 1642 2947 δὴ
1689 2874 1797 2944 ἄρα

223 2971 374 3026 ἐστὶν
398 2972 426 3024 6
459 2967 815 3040 κεχρισμένος
841 2968 1067 3039 δυνάμει
1095 2970 1190 3021 καί
1221 2968 1363 3040 ἁγίῳ
1399 2968 1711 3038 Πνεύματι;

1889 1956 1944 2002 et
1981 1949 2086 2000 vim
2119 1957 2280 2014 atque
2306 1941 2597 1997 clllcacintn
2632 1939 2735 2009 ipsi
2770 1937 3034 1991 tribuens.
3087 1932 3360 2000 Seriptnm
3388 1935 3472 1981 est

1891 2041 2080 2094 enim:
2137 2057 2157 2090 ε
2218 2037 2402 2092 Jesnm
2462 2033 2830 2095 Nazarrnum,
2890 2029 3045 2084 unxit
3107 2027 3280 2094 ipsum
3332 2020 3472 2074 Dens

1893 2132 2096 2202 Spirittt
2117 2141 2302 2185 sancto
2320 2140 2373 2181 ct
2395 2128 2611 2185 virtute.
2637 2135 2690 2179 et
2715 2120 3171 2188 trausivitjuvaus
3193 2125 3246 2171 et
3272 2127 3472 2170 sanans

1891 2240 2080 2278 omnes
2132 2225 2384 2276 obsessos
2416 2237 2444 2273 a
2481 2217 2692 2271 diabolo
2719 2216 2785 2269 ".
2823 2233 2842 2266 ι
2881 2213 3085 2270 Unctus
3141 2211 3321 2277 itaque
3363 2205 3474 2258 vir-

1895 2327 2010 2370 tute
2040 2325 2093 2368 et
2122 2313 2348 2383 Spiritu,
2380 2309 2636 2365 miracula
2675 2305 2886 2361 edebat.

1966 2627 2030 2680 A.
2065 2623 2238 2692 Ergo,
2273 2635 2395 2675 cum
2445 2618 2587 2673 Deus
2640 2616 2909 2671 exsistens
2955 2609 3191 2666 Verbum
3231 2615 3476 2660 sanctum

1895 2720 1967 2774 sit
1991 2734 2054 2772 ex
2086 2731 2180 2770 sua
2204 2725 2416 2777 natura,
2451 2721 2610 2779 atque
2641 2706 2997 2762 essentialiter
3020 2699 3468 2769 omnipotentiam

1899 2811 1950 2864 in
2005 2823 2066 2862 se
2115 2807 2344 2866 habeat,
2399 2801 2651 2869 nullaque
2699 2798 2907 2852 ratione
2967 2793 3208 2861 indigere
3265 2785 3478 2844 censeri

1898 2903 2089 2957 debeat
2130 2910 2224 2954 aut
2278 2897 2476 2950 virtute
2520 2894 2732 2954 aliena,
2773 2898 2864 2942 aut
2902 2869 3141 2942 ascititia'
3176 2880 3482 2938 sanctifica-

1902 2995 2047 3047 tinne
2096 3009 2110 3056 ;
2155 2991 2402 3059 quisnam
2457 2995 2540 3039 est
2601 2985 2644 3038 is
2687 2983 2776 3052 qui
2811 2989 3002 3034 unctus
3044 2986 3126 3032 est
3173 2975 3372 3029 virtute
3428 2977 3484 3024 et

1903 3084 2106 3153 Spiritu
2140 3092 2328 3134 sancto
2354 3081 2378 3133 ’ἔ

296 3169 360 3224 Β.
399 3167 560 3219 Φαῖεν
591 3164 657 3218 ἂν
698 3163 831 3228 ἴσως
875 3165 965 3220 τὸν
1009 3167 1282 3237 ληφθέντα
1319 3167 1462 3224 κατά
1504 3170 1796 3241 συνάφειαν

1976 3175 2036 3229 Β.
2076 3175 2313 3228 Dixerint
2346 3172 2610 3235 fortasse,
2643 3183 2765 3222 eum
2809 3165 3082 3220 hominem
3115 3160 3204 3231 qui
3237 3171 3332 3228 per
3362 3170 3485 3210 con-

221 3255 534 3327 ἄνθρωπον.

297 3351 363 3402 Α.
404 3347 574 3411 Αὐτὸς
599 3343 692 3402 οῦν
717 3348 825 3418 ἀρα
850 3347 996 3400 ἐστὶν
1033 3347 1241 3416 Ἰησοῦς
1266 3349 1501 3420 Χριστὸς
1535 3349 1716 3414 ἰδικῶς
1739 3368 1800 3404 τε

223 3435 321 3488 καὶ
383 3435 736 3504 καταμόνας,
785 3435 880 3488 καὶ
933 3436 1061 3505 περὶ
1113 3430 1173 3488 οὗ
1219 3455 1383 3507 φησιν
1442 3439 1471 3489 6
1528 3440 1802 3508 πάνσοφος

225 3524 476 3591 Παῦλος·
516 3547 534 3580 ι
578 3530 716 3582 Ἀλλ’
747 3531 878 3598 ἡμῖν
916 3524 996 3590 εἷς
1026 3529 1157 3593 Θεὸς
1199 3531 1228 3581 6
1272 3530 1491 3603 Πατὴρ,
1530 3533 1589 3597 ἐξ
1633 3528 1693 3588 οῦ
1731 3534 1802 3588 τά

223 3619 430 3681 πάντα,
456 3621 548 3673 καὶ
579 3621 738 3690 ἡμεῖς
763 3621 830 3672 δι’
859 3619 1047 3682 αὐτοῦ,
1098 3621 1192 3673 καὶ
1233 3616 1313 3684 εἷς
1358 3624 1559 3692 Κύριος
1596 3627 1802 3694 Ἰησοῦς

221 3708 502 3780 Χριστὸς,
546 3708 612 3763 δι’
659 3701 721 3760 οὗ
755 3709 823 3762 τὰ
852 3708 1050 3772 πάντα,
1085 3709 1178 3761 καὶ
1227 3709 1387 3778 ἡμεῖς
1432 3712 1500 3764 δι’
1547 3714 1733 3767 αὐτοῦ.
1776 3735 1796 3768 ι

224 3799 358 3862 Πῶς
387 3796 499 3864 οὖν,
525 3802 646 3854 εἰπέ
680 3817 790 3870 μοι,
822 3799 888 3852 δι’
919 3799 1207 3870 ἀνθρώπου
1237 3804 1305 3852 τά
1336 3802 1545 3871 πάντα;
1578 3806 1800 3860 ἀνθότου

218 3895 284 3950 δὲ
319 3895 417 3946 καὶ
443 3893 665 3965 ἀμέσως
697 3892 772 3956 ὼς
802 3893 930 3956 Υἱὸς
969 3894 1144 3963 [Ia-cpi
1173 3896 1542 3961 συντάττεται,
1575 3899 1806 3968 μεσολα-

221 3985 456 4048 ὕοῦντος
483 3985 726 4052 ούδενός;
757 3981 889 4038 Εἶτα
919 3986 1041 4038 ὅποι
1092 3987 1222 4038 ποτὲ
1255 3987 1344 4041 τὸν
1392 3990 1666 4062 Μονογενῆ
1707 3992 1806 4064 θή-

222 4091 400 4145 σομεν
453 4075 533 4138 εἰς
567 4074 657 4126 τὸν
703 4074 867 4128 αὑτοῦ
901 4075 1064 4128 τόπον
1103 4075 1523 4143 ἀναϐιϐάζοντες
1575 4081 1666 4134 τὸν
1709 4083 1806 4138 ἆν-

224 4166 453 4238 θρωπον
472 4206 487 4230 ,
523 4165 616 4218 καὶ
642 4166 816 4228 τοῦτο,
851 4167 997 4220 καθά
1039 4185 1222 4237 φησιν,
1252 4171 1643 4242 ὲνεργούμενον
1674 4178 1808 4248 παρ’

224 4257 421 4321 αὑτοῦ,
473 4257 568 4310 καὶ
591 4257 657 4310 δι’
687 4258 846 4311 αὐτὸν
875 4258 1212 4329 τιμώμενον;
1246 4255 1369 4332 Ἆρ’
1399 4264 1498 4317 οὐκ
1539 4266 1806 4334 ἐκϐέϐηκε

223 4349 289 4402 τὸ
339 4347 490 4409 εἰκὸς
523 4349 551 4400 ό
588 4345 745 4414 λόγος
792 4347 1004 4411 αὑτοῖςς
1037 4348 1136 4400 οὐκ
1185 4348 1289 4412 ἔξω
1323 4351 1547 4421 φέρεται
1580 4357 1804 4423 σκοποῦ,

225 4441 327 4494 καὶ
361 4439 436 4502 ὡς
467 4440 564 4510 τῆς
597 4438 856 4510 ἀληθείας
883 4441 1191 4511 ὀλοτρόπως
1219 4443 1576 4514 ἡμαρτηκὼς,
1601 4447 1808 4519 γελῴτο

225 4533 297 4589 ἂν
331 4533 557 4596 ἐνδίκως
577 4549 592 4598 ;

303 4625 369 4679 Β.
402 4624 742 4695 Ἀνθρωπος,
767 4626 951 4696 φησιν,
967 4627 995 4678 ὀ
1018 4625 1112 4680 τοῦ
1143 4625 1278 4681 Θεοῦ
1305 4629 1476 4698 Λόγος
1497 4631 1808 4702 ὠνόμασται

226 4714 380 4771 κατὰ
418 4715 618 4768 τοιόνδε
648 4715 770 4769 τινὰ
801 4716 1022 4787 τρόπον.
1051 4717 1263 4787 ’Ὠσπερ
1290 4719 1399 4790 γὰρ
1427 4723 1455 4772 6
1485 4723 1614 4792 παρ’
1644 4723 1806 4776 αὐτοῦ

225 4806 461 4879 ληφθεὶς
496 4806 818 4878 ἅνθρωπος,
866 4809 1123 4880 ἐγεννήθη
1177 4809 1274 4879 μὲν
1321 4813 1379 4864 ἐν
1430 4811 1676 4883 Βηθλεὲμ
1710 4815 1809 4884 τῆς

238 4899 530 4964 Ἰουδαίας,
577 4901 790 4970 εἴρηται
821 4899 877 4953 δὲ
905 4899 1244 4972 Ναζωραῖος,
1265 4901 1352 4956 διά
1375 4903 1435 4956 τὸ
1459 4904 1680 4974 οἰκῆσαι
1710 4906 1810 4976 τὴν

225 4993 516 5062 Ναζαρὲτ,
549 4992 694 5046 οὕτω
719 4992 814 5046 καὶ
841 4993 870 5046 6
893 4991 1024 5055 Θεὸς
1063 4993 1253 5061 Λόγος,
1298 4993 1581 5066 ἄνθρωπος
1607 4996 1806 5067 ὀνομά-

227 5085 413 5150 ζεται,
443 5081 533 5135 διὰ
567 5082 627 5136 τὸ
648 5081 971 5152 κατοικῆσαι
1002 5083 1061 5134 ὲν
1089 5081 1378 5154 ἀνθρώπῳ.

160 5255 170 5265 ⁸
299 5177 371 5230 Δ.
411 5174 477 5227 Ὃ
523 5175 721 5245 φρενὸς
747 5173 1166 5244 γραοπρεποῦς,
1202 5177 1296 5228 καὶ
1321 5175 1413 5229 νοῦ
1451 5179 1804 5248 παρειμένου,

227 5272 329 5325 καὶ
345 5266 937 5339 βατταρίζεινςείδότος,
955 5267 1048 5318 καὶ
1063 5266 1249 5336 ἓτερον
1274 5267 1449 5320 οὐδέν.
1473 5269 1801 5341 Ἐκνήῲατε,

227 5365 282 5419 οἱ
335 5357 652 5433 μεθύοντες,
689 5355 750 5422 ἐξ
775 5356 918 5412 οἴνου
951 5358 1128 5411 αὐτῶν
1149 5399 1163 5423 ,
1197 5359 1536 5428 ὲπιφωνείτω
1577 5379 1663 5425 τις
1695 5366 1810 5428 τοῖς

226 5451 562 5518 διεναντίας,
594 5449 646 5504 τί
680 5448 1088 5520 παραϐιάζεσθε
1115 5449 1367 5520 τάληθὲς,
1392 5452 1487 5504 καὶ
1515 5455 1624 5507 τῶν
1650 5453 1808 5510 θείων

227 5544 526 5617 δογμάτων
559 5542 656 5615 τὴν
686 5542 916 5613 δύναμιν
957 5541 1403 5614 παρευθύνοντες,
1435 5544 1540 5612 ἔξω
1577 5547 1807 5622 φέρεσθε

1895 3269 2227 3339 junctionem
2267 3271 2578 3330 aSSnmptus
2605 3268 2704 3313 est.

1971 3360 2035 3411 Α.
2089 3357 2206 3422 Ipse
2243 3355 2403 3424 igitur
2434 3363 2516 3407 est
2563 3351 2719 3404 Jesns
2744 3348 2992 3401 Christus
3033 3345 3377 3415 singulariter
3419 3360 3486 3400 ac

1901 3451 2065 3511 solus,
2092 3459 2147 3502 et
2169 3447 2232 3499 de
2254 3462 2358 3514 quo
2387 3445 2558 3511 inquit
2588 3440 3016 3512 sapientissimus
3049 3437 3243 3491 Paulus
3274 3456 3288 3492 :
3318 3456 3337 3489 ι
3376 3437 3486 3491 Sed

1903 3546 2055 3600 nobis
2088 3557 2224 3595 unus
2270 3541 2409 3594 Deus
2459 3536 2655 3600 Pater,
2687 3551 2750 3588 ex
2795 3551 2900 3603 quo
2951 3533 3130 3587 omnia
3152 3573 3168 3596 ,
3203 3543 3256 3585 et
3285 3547 3386 3585 nos
3415 3544 3482 3583 ex

1901 3639 2021 3704 ipso
2069 3655 2082 3690 :
2125 3645 2177 3688 et
2209 3648 2345 3687 unus
2397 3630 2654 3684 Dominus
2688 3626 2843 3682 Jesns
2876 3626 3143 3691 Christus,
3177 3641 3272 3693 per
3322 3639 3481 3693 quem

1903 3727 2122 3788 omnia,
2162 3733 2215 3777 et
2255 3738 2351 3776 nos
2403 3736 2497 3789 per
2559 3719 2729 3787 ipsum
2773 3714 2839 3771 “‘.
2890 3734 2909 3768 ι
2963 3715 3241 3782 Quomodo
3297 3714 3480 3789 igitur.

1903 3822 2159 3882 obsecro,
2197 3829 2290 3884 per
2337 3814 2607 3866 hominem
2644 3819 2766 3863 sunt
2801 3808 2977 3862 omnia
3018 3807 3040 3859 ?
3069 3823 3228 3874 quam
3262 3822 3387 3860 vero
3414 3805 3484 3859 ob

1904 3926 2125 3967 cauSam
2173 3907 2481 3961 immediate
2515 3914 2571 3958 ιιι
2601 3903 2768 3958 Filius
2816 3901 2959 3955 Patri
3021 3899 3363 3967 adjnngitur,
3391 3912 3486 3952 ne-

1906 4004 2051 4057 tnine
2089 3996 2521 4054 interveniente?
2550 3994 2742 4049 deinde
2771 3995 2984 4047 ubinam
3021 3994 3232 4046 tandem
3283 3990 3484 4059 Unige-

1907 4093 2078 4145 nitnm
2129 4087 2546 4152 collocabimns,
2582 4085 2626 4139 si
2679 4085 2948 4138 hominem
3006 4082 3056 4136 in
3094 4081 3261 4150 ipsius
3311 4082 3482 4136 locum

1909 4183 2188 4239 evehimus
2221 4196 2237 4244 ;
2273 4190 2324 4233 et
2353 4178 2605 4248 quidem,
2642 4185 2698 4229 ιιι
2729 4175 2826 4244 ipsi
2858 4174 3076 4238 volunt,
3109 4173 3159 4227 vi
3199 4189 3261 4226 ac
3287 4173 3485 4226 virtute

1909 4279 1975 4329 ab
2003 4276 2118 4343 ipso
2147 4271 2454 4341 insignitum
2475 4309 2492 4335 ,
2519 4269 2793 4337 gloriaque
2844 4283 2939 4335 per
2987 4267 3156 4335 ipsum
3187 4264 3435 4320 allectum
3461 4265 3486 4319 τ

1911 4369 2064 4421 Anne
2093 4365 2182 4418 tibi
2215 4363 2424 4416 illorum
2455 4362 2689 4415 rationes
2721 4358 2966 4413 absurdae
2992 4367 3046 4412 et
3071 4375 3099 4410 a
3129 4372 3292 4425 scopo
3323 4361 3482 4411 aber-

1910 4465 2121 4516 rantes,
2161 4463 2322 4520 atque
2358 4453 2492 4504 adeo
2531 4467 2558 4502 a
2595 4451 2824 4503 veritate
2867 4463 3092 4519 prorsus
3128 4450 3344 4514 alicam,
3375 4448 3483 4503 risu

1839 4549 1884 4604 D
1915 4548 2107 4602 merito
2144 4545 2476 4614 exvipiemlze
2512 4540 2795 4595 videntur?

1975 4639 2036 4694 Β.
2073 4637 2301 4692 Verbum
2337 4637 2463 4698 Dei,
2497 4633 3038 4704 iuquiunt,.vocatur
3071 4633 3266 4696 homo,
3298 4617 3495 4700 hujus?

1905 4731 2110 4786 cemodi
2133 4728 2366 4798 quadam
2396 4725 2622 4780 ratione.
2653 4724 3114 4790 Quemadmodum
3141 4724 3284 4777 enim
3319 4723 3482 4776 homo

1905 4822 1994 4890 qui
2055 4821 2124 4875 ab
2185 4822 2300 4889 ipso
2338 4829 2644 4886 assumptus
2684 4827 2769 4872 est
2809 4828 2969 4872 natus
3030 4816 3246 4887 quidem
3287 4823 3372 4870 est
3427 4814 3484 4868 in

1908 4914 2219 4970 Bethlehem
2247 4911 2445 4966 Juda‘a:
2485 4910 2530 4942 “
2569 4929 2582 4965 :
2631 4911 2806 4966 dictus
2835 4921 3012 4966 autem
3057 4919 3140 4965 est
3174 4905 3482 4971 Nazarmns,

1911 5007 2050 5076 quod
2079 5004 2132 5057 in
2171 5001 2441 5058 Nazareth
2484 5002 2752 5057 habitaret
2775 5003 2823 5036 ⁸ο
2853 5019 2870 5069 ;
2907 5002 2980 5057 ita
3005 5013 3061 5057 et
3086 5001 3227 5056 Deus
3248 4998 3485 5057 Verbum

1914 5107 2134 5150 vocatur
2162 5094 2343 5158 homo,
2376 5095 2500 5165 quia
2540 5093 2804 5147 inhabitat
2829 5095 2880 5147 in
2911 5093 3146 5147 homine.

1968 5187 2082 5243 A.O
2099 5188 2256 5241 anilia
2271 5197 2598 5252 commenta,
2617 5199 3102 5255 merasquenugas,
3121 5183 3309 5250 verba,
3323 5197 3487 5239 voces

1919 5291 2286 5351 praetereaque
2313 5280 2479 5334 nihil!
2510 5278 2792 5350 Evigilate,
2821 5280 3117 5342 temulenti,
3145 5293 3213 5332 ex
3240 5277 3362 5332 vino
3388 5292 3487 5334 ve-z

1920 5381 2053 5435 stro,
2076 5371 2269 5425 merito
2281 5371 2401 5440 quis
2425 5369 2981 5425 luereticisocclamet.
2999 5370 3135 5437 Quid
3155 5368 3318 5440 75o
3337 5367 3486 5422 veri-

1921 5462 2015 5516 tati
2046 5463 2153 5516 vim
2185 5460 2441 5516 iniertis?
2481 5473 2536 5516 et
2566 5462 2868 5516 divinorum
2892 5462 3199 5531 dogmatum
3231 5462 3487 5514 virtutem

1875 5555 1887 5570 '
1917 5553 2309 5618 subvertentes,
2339 5565 2371 5605 a
2393 5552 2477 5606 via
2504 5549 2950 5620 regia‘deﬂcctitis
2973 5549 3198 5619 ?Ncque
3236 5549 3404 5613 enim,
3431 5557 3490 5602 ut

308 5742 572 5826 “gitana.
603 5749 716 5826 x31,
911 5741 958 5772 “
987 5740 1174 5826 Matth.
1209 5761 1326 5814 xm,
1354 5748 1443 5803 il.
1518 5754 1561 5782 "
1586 5750 1823 5826 Joan._x,
1858 5751 1948 5808 58.
2054 5751 2100 5782 “
2131 5750 2258 5807 ibid.
2293 5751 2382 5807 37.
2479 5752 2523 5784 “
2549 5752 2670 5808 Act.
2705 5767 2758 5816 κ,
2794 5750 2881 5804 38.
2989 5750 3034 5781 ’⁸⁸
3068 5752 3085 5808 1
3115 5749 3241 5808 Cor.
3270 5766 3386 5817 rut,
3427 5751 3494 5808 δέ

233 5819 282 5852 δ’
324 5815 522 5871 Matth.
551 5831 609 5880 ιι,
639 5816 693 5868 5.
746 5815 792 5845 '°
825 5812 953 5867 Luc.
990 5827 1050 5880 ιι,
1085 5813 1170 5867 5t.
