3846 6210
393 340 539 399 1515

1425 335 1483 388 S.
1522 332 1800 388 CXRILLI
1840 331 2310 387 ALEXANDRINI
2349 332 2672 388 ARGHIEP.

3514 335 3667 389 4516

395 449 632 515 videtur,
648 444 885 502 Verbum
905 460 1032 501 caro
1051 443 1248 501 factum
1262 449 1365 507 est,
1381 444 1474 497 sed
1502 442 1680 513 potius
1696 440 1795 496 ἀνθ
1802 457 1984 513 ρωπο-

2103 442 2274 511 τρίϐου
2311 446 2412 511 τῆς
2450 441 2775 513 βασιλικῆς;
2818 441 3013 510 Γέγονε
3040 444 3149 513 γάρ
3174 483 3189 507 ,
3226 443 3300 507 ὡς
3324 442 3523 510 ἔοικεν,
3560 447 3669 500 οὐκ

394 539 647 609 πολίτης,
665 538 768 593 hoc
791 546 896 603 est,
917 535 1154 591 hominis
1176 533 1447 597 incola,et
1472 533 1799 609 conveniens
1819 532 1980 588 fuerit

388 630 548 685 .illum
572 644 679 685 non
706 628 977 683 hominem
1000 626 1095 681 sed
1128 626 1425 680 humanum
1448 638 1641 679 vocare
1672 641 1693 693 ε,
1724 623 1982 692 quemad-

405 720 625 776 modum
640 727 696 775 et
714 719 807 789 qui
823 716 1096 771 Nazareth
1113 715 1438 770 inhabitavit
1462 713 1778 771 Nazarenus
1804 715 1982 770 dictus

400 820 505 875 est,
541 824 646 864 non
675 806 968 862 Nazareth.
997 805 1251 873 Quinimo
1268 803 1402 858 nihil
1431 817 1653 874 prorsus
1682 803 1978 867 obstiterit,

394 904 449 956 si
490 910 853 958 commentum
887 898 1098 953 illorum
1130 912 1316 951 verum
1345 903 1459 960 est,
1498 895 1770 950 hominem
1797 895 1983 950 vocari

402 1010 507 1049 una
537 1009 658 1049 cum
678 992 816 1047 Filio
829 991 990 1045 etiam
1008 987 1228 1043 Patrem
1250 995 1302 1040 et
1323 985 1584 1056 Spiritum
1603 985 1984 1042 sanctum.Ha-

396 1085 536 1140 bitat
562 1084 706 1139 enim
739 1083 791 1136 in
821 1081 978 1136 nobis
1007 1094 1105 1150 per
1132 1077 1418 1149 Spiritum,
1444 1088 1648 1132 sanctae
1676 1086 1732 1130 et
1753 1079 1984 1131 consub-

397 1178 663 1234 stantiaiis
683 1167 1446 1240 Trinitatis.plenitudo.Unde
1466 1178 1522 1224 et
1549 1167 1744 1223 Paulus
1766 1169 1939 1239 inquit
1968 1183 1983 1221 :

394 1290 423 1323 -‹
461 1271 543 1325 An
593 1269 817 1324 nescitis
850 1267 989 1336 quod
1027 1264 1283 1332 templum
1314 1263 1411 1317 Dei
1466 1262 1625 1330 estis,
1665 1270 1721 1318 et
1753 1261 1986 1332 Spiritus

398 1364 496 1419 Dei
530 1362 792 1417 inhabitat
819 1359 872 1414 in
904 1359 1057 1414 vobis
1089 1358 1129 1390 ⁸³
1158 1357 1186 1410 .?
1216 1375 1235 1408 ι
1281 1356 1419 1422 Quin
1449 1364 1506 1411 et
1562 1355 1794 1425 ipsemet
1827 1354 1985 1409 Chri—

388 1464 517 1510 stus
545 1469 561 1507 :
595 1471 615 1505 ι
649 1452 706 1508 Si
739 1451 858 1522 quis
878 1459 1025 1505 amat
1054 1464 1160 1513 me,
1192 1462 1500 1504 sermonem
1531 1461 1708 1502 meum
1730 1448 1984 1510 servabit,

398 1552 453 1598 et
469 1543 630 1598 Pater
666 1556 817 1596 meus
840 1540 1023 1610 diliget
1050 1554 1172 1595 eum
1193 1579 1211 1604 ,
1236 1549 1290 1595 et
1312 1539 1615 1605 veniemus,
1647 1553 1712 1594 ac
1749 1541 1987 1594 mansio-

400 1650 527 1690 nem
564 1634 704 1704 apud
729 1648 851 1687 eum
883 1632 1145 1687 faciemus
1188 1631 1256 1684 δ’.
1297 1649 1317 1683 ι
1360 1630 1624 1686 Caeterum
1656 1631 1817 1685 Pater
1845 1631 1987 1685 nulla

402 1728 613 1782 ratione
654 1726 830 1781 dictus
870 1735 956 1781 est
1006 1725 1202 1789 horno,
1246 1731 1434 1778 utnec
1476 1723 1712 1792 Spiritus
1744 1732 1986 1787 sanctus,

2083 533 2164 587 ἔτι
2198 533 2301 602 μὲν
2335 533 2473 606 σὰρξ
2500 535 2529 587 6
2559 534 2732 601 Λόγος
2761 533 2901 587 κατὰ
2922 533 3020 597 τὰς
3064 534 3284 604 Γραφάς
3310 577 3325 600 ,
3368 536 3668 609 ἀνθρωπο-

2082 624 2307 694 πολίτης
2338 624 2397 677 δὲ
2435 624 2656 695 μᾶλλον,
2693 625 2789 678 καὶ
2814 620 2883 697 ἦν
2920 624 3213 679 ἀκόλουθον
3247 626 3408 681 αὐτὸν
3452 626 3671 698 ἀνθρω-

2083 718 2241 769 παῖον
2289 716 2508 788 μᾶλλον,
2550 717 2652 770 οὐκ
2677 717 2961 789 ἄνθρωπον
2985 717 3373 788 ὀνομάζεσθαι,
3408 718 3669 791 καθάπερ

2084 809 2279 880 ἀμέλει
2317 810 2410 864 καὶ
2442 812 2470 864 6
2503 811 2840 882 κατοικήσας
2876 811 2975 880 τὴν
3020 810 3307 882 Ναζαρὲτ,
3341 811 3670 883 Ναζωραῖος

2085 903 2395 973 ὠνόμασται
2414 945 2430 968 ,
2460 902 2556 957 καὶ
2579 904 2638 956 οὐ
2679 902 2953 972 Ναζαρέτ.
2993 904 3181 975 Εῐργει
3213 904 3291 968 δὲ,
3319 900 3496 975 οἶμαι,
3529 922 3673 958 παν-

2087 993 2258 1057 τελῶς
2290 994 2462 1059 οὐδὲν,
2486 992 2645 1065 εἴπερ
2677 988 2735 1047 εῦ
2768 993 2915 1064 ἔχειν
2940 993 3144 1047 ,οίονται
3174 993 3237 1047 τὸ
3269 995 3452 1062 σφίσιν
3477 995 3671 1057 αὐτοῖς

2086 1080 2362 1143 ἀσυνέτως
2404 1080 2789 1152 ἐξευρημένον,
2823 1081 3114 1152 ἄνθρωπον
3158 1082 3524 1153 ὀνομάζεσθαι
3568 1084 3670 1136 σὺν

2086 1172 2204 1243 Υίῴ
2243 1172 2335 1226 τὸν
2382 1174 2605 1244 Πατέρα
2645 1174 2743 1227 καὶ
2767 1174 2990 1244 προσέτι
3037 1174 3098 1229 τὸ
3134 1175 3357 1245 Πνεῦμα
3396 1176 3458 1228 τὸ
3487 1176 3673 1242 ἅγιον.

2090 1267 2350 1318 Κατοικεῖ
2377 1266 2483 1336 γὰρ
2512 1266 2570 1320 ἐν
2599 1267 2731 1336 ἡμῖν
2767 1266 2855 1319 διὰ
2880 1264 2975 1320 τοῦ
3006 1266 3344 1335 Πνεῦματος,
3379 1267 3481 1337 τῆς
3503 1267 3676 1335 ἁγίας

2087 1375 2148 1411 τε
2182 1359 2275 1410 καὶ
2314 1358 2601 1428 όμοουσίου
2633 1359 2861 1430 Τριάδος
2908 1360 2969 1412 τὸ
2999 1360 3291 1430 πλήρωμα.
3327 1360 3436 1413 Καὶ
3468 1360 3605 1427 γοῦν
3645 1360 3675 1411 ό

2090 1450 2300 1515 Παῦλός
2331 1469 2517 1522 φησιν·
2555 1472 2573 1503 ι
2606 1454 2722 1506 Οὐκ
2746 1452 2924 1507 οἴδατε
2952 1454 3033 1507 ὅτι
3066 1454 3193 1516 ναὸς
3224 1451 3360 1505 Θεοῦ
3389 1456 3537 1516 ἐστε,
3569 1453 3671 1506 καὶ

2088 1543 2149 1596 τὸ
2197 1543 2424 1615 Πνεῦμα
2465 1544 2559 1598 τοῦ
2600 1544 2736 1598 Θεοῦ
2764 1547 3009 1599 κατοικεῖ
3048 1547 3107 1599 ὲν
3148 1546 3310 1614 ὑμῖν;
3348 1565 3365 1595 ι
3412 1545 3526 1599 Καὶ⁸
3562 1544 3679 1615 μὴν

2089 1636 2184 1689 καὶ
2213 1637 2421 1701 αὐτὸςό
2444 1638 2711 1708 Χριστὸς,
2740 1658 2757 1690 ι
2783 1639 2909 1693 Ἐἀν
2934 1657 3019 1702 τις
3049 1641 3239 1709 ἀγαπᾷ
3271 1657 3356 1708 με,
3393 1637 3486 1692 τὸν
3515 1638 3681 1707 λόγον

2095 1747 2196 1800 μου
2224 1733 2478 1802 τηρήσει,
2510 1734 2603 1786 καὶ
2628 1733 2656 1785 6
2686 1733 2877 1805 Πατήρ
2919 1750 3021 1803 μου
3053 1734 3331 1803 ἀγαπήσει
3357 1733 3545 1796 αὐτὸν,
3580 1733 3685 1786 καὶ

398 1816 528 1886 quia
555 1815 609 1870 in
655 1814 811 1871 nobis
845 1813 1176 1869 habitarunt.
1230 1813 1336 1867 Sed
1367 1813 1599 1868 irrident
1628 1814 1713 1868 isti
1741 1815 1991 1868 incarna-

2103 1823 2446 1894 ἐλευσόμεθα,
2497 1827 2592 1878 καὶ
2637 1826 2809 1897 μονὴν
2875 1826 3005 1897 παρ’
3043 1826 3191 1896 αὐτῷ
3243 1824 3608 1897 ποιησόμεθα.
3656 1843 3676 1875 ι

393 1910 564 1965 tionis
594 1908 908 1979 mysterium
935 1908 1071 1962 adeo
1108 1915 1252 1961 recta
1275 1916 1437 1976 atque
1460 1905 1764 1961 veneranda
1807 1904 1993 1960 Eccle—

395 2002 499 2057 size
541 2000 793 2070 dogmata
837 1998 906 2054 ad
938 1999 1234 2054 absurdum
1266 1997 1670 2067 detorquentes.
1706 1997 1776 2053 At
1808 2007 1991 2052 nostra

405 2109 620 2149 rursum
669 2093 926 2162 procedat
970 2091 1179 2158 oratio,
1219 2091 1437 2147 omissis
1486 2090 1698 2145 illorum
1758 2090 1989 2146 deliriis.

402 2185 465 2241 Si
487 2186 631 2241 enim
668 2185 788 2241 ideo
817 2182 1074 2239 miracula
1105 2183 1310 2249 edidit,
1339 2182 1463 2253 quia
1492 2181 1727 2238 Verbum
1767 2182 1823 2237 in
1870 2182 1989 2252 ipso

403 2287 560 2344 erat,
590 2292 755 2331 unum
789 2276 1020 2344 aliquem
1061 2284 1371 2330 sanctorum
1399 2274 1782 2344 prophetarum
1814 2273 1991 2343 ipsum

404 2384 524 2425 esse
554 2376 817 2424 statuunt.
865 2366 1001 2421 Nam
1028 2377 1082 2421 et
1110 2365 1368 2421 miracula
1395 2381 1494 2434 per
1535 2381 1725 2421 manus
1762 2366 1995 2435 prophe-

409 2472 584 2514 tarum
613 2459 802 2515 edidit.
859 2459 915 2513 Si
945 2473 1074 2513 vero
1111 2458 1164 2512 in
1200 2458 1286 2512 his
1318 2457 1513 2511 Filium
1561 2465 1831 2519 statuunt,
1865 2471 1993 2524 pro-

404 2555 634 2625 phetica:
687 2554 801 2609 sive
853 2551 1162 2622 apostolica:
1198 2548 1522 2604 conditionis
1552 2548 1728 2617 ipsum
1765 2547 1991 2602 faciunt.

2113 1913 2250 1966 Ἀλλ’
2279 1915 2491 1986 εἴρηται
2526 1917 2624 1986 μὲν
2657 1917 2909 1987 οὐδαμῶς
2938 1917 3225 1989 ἄνθρωπος
3251 1920 3279 1971 6
3313 1917 3528 1988 Πατὴρ,
3550 1916 3682 1970 οὔτε

2102 2003 2209 2072 μὴν
2238 2002 2299 2055 τὸ
2323 2004 2548 2074 Πνεῦμα
2577 2005 2637 2058 τὸ
2663 2005 2841 2075 ἅγιον,
2882 2006 2970 2061 διὰ
2998 2006 3058 2060 τὸ
3089 2009 3369 2060 κατοικεῖν
3416 2007 3475 2058 ἐν
3520 2007 3679 2077 ημῖν.

2099 2093 2304 2147 Γελῶσι
2343 2095 2401 2148 δὲ
2429 2089 2576 2150 οὗτοι
2601 2098 2700 2168 τῆς
2733 2098 3201 2169 ὲνανθρωπήσεως
3244 2099 3305 2150 τὸ
3351 2099 3681 2169 μυστήριον,

2103 2186 2522 2256 περιτρέποντες
2566 2190 2645 2251 είς
2692 2188 2755 2241 τὸ
2800 2188 3013 2258 ἀπηχὲς
3071 2187 3141 2240 τὰ
3186 2184 3360 2249 οὕτως
3398 2185 3540 2257 ὀρθὰ
3584 2185 3685 2238 καὶ

2094 2276 2430 2342 ἁξιάκουστα
2459 2279 2900 2351 τῆςἘκκλησίας
2927 2279 3191 2350 δόγματα.
3220 2278 3361 2348 Πλὴν
3388 2279 3490 2331 ἴτω
3520 2277 3686 2331 πάλιν

2095 2371 2227 2440 ἡμῖν
2277 2369 2418 2422 κατά
2463 2369 2590 2442 ροῦν
2630 2373 2659 2424 6
2701 2371 2893 2439 λόγος,
2944 2373 3056 2433 τοῖς
3099 2370 3322 2422 ἐκείνων
3357 2371 3579 2439 ὲμετοῖς
3626 2368 3687 2419 τὸ

2097 2461 2311 2529 χαιρεῖν
2339 2458 2530 2513 εἰπών.
2562 2461 2628 2515 Et
2656 2460 2787 2532 γάρ,
2812 2459 3042 2528 ἐπείπερ
3070 2455 3137 2530 ἦν
3166 2461 3194 2512 6
3218 2459 3393 2526 Λόγος
3423 2460 3482 2510 ἐν
3512 2456 3683 2527 αὐτῷ,

2103 2551 2348 2621 σημείων
2393 2551 2618 2621 γέγονεν
2652 2552 3040 2622 ἁποτελεστὴς,
3089 2551 3184 2603 Eva
3231 2567 3333 2603 που
3380 2548 3526 2619 τάχα
3576 2549 3686 2600 τῶν

407 2648 579 2717 ἁγίων
616 2645 911 2719 προφητῶν
964 2660 1130 2714 φασιν
1178 2642 1361 2697 αὐτόν.
1411 2643 1719 2714 Ἐνήργηκε
1758 2641 1868 2713 γὰρ
1905 2641 1995 2696 διὰ
2034 2644 2218 2716 χειρὸς
2262 2646 2433 2715 ἁγίων
2501 2646 2601 2710 τὰς
2635 2645 2953 2717 θεοσημίας.
3003 2643 3065 2697 Εἰ
3094 2643 3151 2697 δὲ
3180 2645 3237 2696 ὲν
3301 2641 3515 2706 τούτοις
3546 2636 3687 2695 εἷναί

409 2762 544 2815 φασι
586 2744 677 2799 τὸν
710 2743 859 2810 Υίὸν,
907 2743 967 2796 ὲν
1020 2742 1379 2813 προφητικοῖς
1430 2738 1592 2792 αὑτὸν
1641 2740 1808 2809 ἤγουν
1858 2740 2234 2806 ἀποστολικοίς
2264 2744 2692 2815 κατακομίζουσι
2722 2744 2962 2815 μέτροις.

477 2844 540 2897 Β.
566 2840 758 2896 Nonne
789 2839 958 2904 enim,
989 2837 1276 2906 inquiunt,
1313 2836 1491 2889 dictus
1521 2842 1604 2889 est
1648 2834 1909 2904 propheta
1941 2845 1995 2890 et

408 2935 682 3005 apostolus
708 2933 732 2986 ?
760 2931 945 3000 Neque
982 2930 1129 2984 enim
1167 2928 1390 2982 falleris.
1699 2974 1705 2980 .

481 3027 547 3079 A.
580 3023 790 3095 Moyses
820 3020 1037 3090 quidem
1066 3020 1201 3076 dixit
1224 3020 1288 3075 iis
1317 3020 1408 3090 qui
1436 3028 1594 3074 erant
1635 3034 1702 3074 ex
1734 3019 1996 3091 sanguine

2176 2839 2326 2892 Β.οὐ
2352 2839 2461 2911 γὰρ
2491 2838 2728 2910 εἴρηται,
2749 2838 2901 2908 φασὶ,
2929 2836 3214 2908 προφήτης
3234 2832 3327 2887 καί
3356 2829 3688 2900 ἀπόστολοςξς

2103 2932 2203 2984 οὐκ
2228 2931 2294 2985 ἂν
2318 2930 2658 3001 διαψεύσαιο.

2173 3027 2239 3078 Α.
2291 3025 2351 3078 '0
2382 3025 2585 3095 Μωσῆς
2634 3023 2734 3094 μὲν
2766 3021 2869 3094 ἔφη
2915 3024 3027 3086 τοῖς
3075 3020 3135 3088 ἐξ
3168 3020 3403 3091 αἵματος
3441 3016 3688 3089 Ἰσραήλο

412 3117 576 3183 Israel
609 3133 622 3168 :
658 3134 677 3167 ι
715 3115 1042 3185 Prophetam
1069 3115 1221 3169 vobis
1256 3113 1542 3168 suscitahit
1568 3111 1827 3166 Dominus
1859 3113 1993 3167 Deus

2112 3139 2129 3169 ι
2166 3119 2460 3192 Προφήτην
2491 3118 2621 3189 ὑμῖν
2658 3117 2957 3186 ἀναστήσει
2999 3112 3204 3185 Κύριος
3229 3112 3258 3164 6
3282 3110 3416 3174 Θεὸς
3438 3110 3599 3182 ὑμῶν
3628 3112 3692 3162 ὲκ

410 3219 592 3265 vester
623 3222 685 3263 ex
723 3206 983 3261 fratribus
1025 3206 1255 3272 vestris,
1291 3206 1431 3261 sicut
1471 3219 1556 3260 me
1599 3204 1667 3258 ⁵³.
1705 3222 1724 3255 ι
1779 3204 1917 3270 Quin
1949 3216 2005 3259 et

413 3301 626 3356 divinus
694 3297 891 3353 Paulus
953 3296 1185 3353 scribit:
1226 3315 1244 3346 ι
1294 3296 1485 3363 Unde,
1542 3296 1740 3352 fratres
1805 3296 2001 3364 sancti,

412 3388 712 3445 vocationis
726 3386 963 3444 celestis
983 3386 1297 3456 participes,
1324 3387 1667 3442 considerate
1704 3386 2003 3457 apostolum

414 3490 470 3537 et
496 3479 804 3551 pontiﬁcem
832 3478 1187 3535 confessionis
1224 3487 1425 3534 nostra:
1453 3476 1635 3533 Jesum
1659 3477 1728 3532 ".
1766 3496 1784 3529 ι
1816 3478 2006 3533 Dicant

414 3575 633 3643 itaque,
674 3571 1016 3641 interrogabo
1041 3570 1211 3635 enim,
1249 3585 1378 3624 num
1414 3569 1589 3625 cuivis
1618 3570 1823 3625 homini
1858 3570 2000 3642 laudi

414 3663 509 3727 sit,
546 3661 843 3733 prophetia:
889 3659 1083 3731 gratia,
1113 3658 1230 3714 sive
1258 3658 1555 3727 apostolico
1588 3674 1813 3714 munere
1841 3660 2004 3714 dece-

416 3755 549 3821 rari,
603 3752 787 3808 vocari
825 3766 957 3808 vero
981 3751 1146 3807 etiam
1172 3751 1480 3820 pontiﬁcem
1507 3750 1531 3804 ?

487 3953 550 4011 Β.
602 3953 678 4008 ita
706 3968 923 4009 censeo.

487 4046 554 4101 Α.
591 4046 751 4115 Atqui
801 4046 917 4100 lucc
970 4045 1163 4113 exigua
1212 4055 1376 4115 atque
1436 4045 1653 4115 indigna
1692 4045 2004 4116 iudicentur

415 4153 537 4193 esse
565 4138 803 4202 Christo,
829 4145 1100 4207 quatenus
1130 4148 1220 4191 est
1249 4138 1409 4192 Deus.
1467 4138 1709 4194 Tametsi
1759 4153 1857 4208 per
1886 4140 2002 4194 haec

416 4232 532 4301 ipse
584 4239 843 4285 cernatur
910 4229 1254 4295 exinanitus,
1306 4238 1363 4286 et
1407 4245 1516 4285 una
1584 4246 1705 4284 cum
1764 4230 1999 4285 humana

415 4329 608 4376 natura
658 4332 721 4373 ea
749 4317 1045 4388 accepisse.
1090 4318 1553 4383 Quemadmodum
1598 4334 1725 4374 vero
1765 4335 1888 4375 cum
1929 4320 2003 4376 sit

415 4420 608 4467 natura
626 4409 788 4476 Deus,
810 4420 865 4465 et
880 4424 1007 4465 vere
1028 4411 1302 4477 Dominus,
1324 4411 1548 4467 formam
1579 4411 1735 4482 751
1750 4412 1892 4468 servi
1913 4429 2002 4469 ac-

2105 3212 2214 3266 τῶν
2253 3210 2497 3281 ἀδελφῶν
2543 3209 2729 3281 ὑμῶν,
2775 3209 2851 3273 ὡς
2889 3207 3010 3279 ἐμέ.
3045 3226 3064 3260 ι
3105 3207 3357 3277 Γέγραφε
3402 3204 3464 3258 δὲ
3518 3204 3617 3257 καὶ
3663 3205 3693 3256 6

2107 3306 2395 3369 Θεσπέσιος
2425 3303 2640 3367 Παῦλος
2665 3320 2681 3336 ·
2709 3322 2726 3355 ι
2764 3303 2949 3367 Ὥστε,
2981 3299 3203 3368 ἀδελφοὶ
3233 3298 3402 3366 amt,
3437 3294 3693 3367 κλήσεως

2105 3397 2429 3467 ἐπουρανίου
2471 3395 2712 3466 μέτοχοι,
2738 3393 3113 3463 κατανοήσατε
3136 3390 3227 3445 τὸν
3260 3388 3563 3444 ἀπόστολον
3596 3386 3693 3442 καὶ

2105 3490 2367 3561 ἀρχιερέα
2404 3489 2504 3559 τῆς
2530 3486 2819 3558 ὁμολογίας
2844 3484 3004 3557 ἡμῶν
3042 3482 3274 3556 Ἰησοῦν.
3308 3502 3325 3533 ι
3363 3479 3693 3552 Φραζόντων

2103 3584 2169 3656 δὴ
2197 3578 2312 3648 οῦν,
2347 3581 2618 3653 ἐρήσομαι
2643 3578 2774 3650 γὰρ,
2803 3574 2892 3647 ἆρ’
2928 3578 2995 3630 ἂν
3022 3575 3230 3645 γένοιτο
3262 3572 3397 3643 πρὸς
3432 3570 3693 3635 εὐκλείας

2104 3673 2377 3745 ἀνθρώπῳ
2429 3673 2593 3726 παντὶ
2636 3670 2738 3741 τῆς
2789 3667 3126 3740 προφητείας
3178 3668 3211 3737 ή
3266 3665 3466 3735 χάρις,
3519 3663 3691 3732 ἤγουν

2105 3766 2479 3822 ἀποστολικῶν
2522 3763 2820 3836 ἀξιωθῆναι
2864 3761 3075 3835 γερῶν,
3123 3756 3465 3832 χρηματίσαι
3500 3756 3560 3810 δὲ
3595 3754 3692 3811 καὶ

2106 3860 2388 3934 ἱερουργόν
2406 3878 2421 3928 ;

2177 3954 2235 4008 Β.
2274 3951 2441 4023 Φημί.

2173 4046 2237 4096 A.
2282 4041 2444 4095 Ἀλλά
2472 4040 2633 4094 ταυτὶ
2651 4040 2716 4112 δὴ
2757 4041 2930 4111 μικρά
2960 4038 3053 4092 καὶ
3075 4037 3176 4089 οὐκ
3198 4033 3506 4103 ἀξιόληπτα
3527 4031 3687 4101 φαῖεν

2104 4134 2172 4189 ἂν
2202 4130 2343 4187 εἶναι
2377 4133 2621 4204 Χριστῷ,
2656 4132 2792 4186 καθὸ
2820 4134 3019 4186 νοεῖται
3044 4129 3197 4194 Θεὸς,
3230 4127 3333 4181 κᾶν
3359 4125 3450 4181 διὰ
3475 4123 3688 4178 τούτων

2103 4226 2285 4280 αὐτῶν
2310 4227 2502 4297 ὁρᾶται
2536 4224 2912 4294 κεκενωμένος
2944 4264 2959 4287 ,
2990 4222 3084 4276 καὶ
3110 4220 3250 4292 μετά
3276 4219 3375 4291 τῆς
3399 4216 3690 4288 ἀνθρωπό-

2102 4337 2263 4390 τητος
2312 4319 2493 4371 λαϐὼν
2547 4316 2706 4371 αὐτὰ.
2756 4316 2969 4385 Ὥσπερ
3001 4315 3059 4368 δὲ
3100 4313 3233 4376 826.;
3263 4309 3339 4365 ῶν
3378 4311 3543 4379 φύσει
3592 4305 3690 4359 καὶ

2102 4411 2310 4483 Κύριος
2335 4409 2552 4481 ἀληθῶς
2575 4450 2591 4472 ,
2640 4408 2799 4462 ἔλαϐε
2826 4407 3015 4461 δούλου
3060 4405 3294 4476 μορφὴν,
3329 4400 3422 4456 καὶ
3452 4401 3515 4453 ὲν
3542 4398 3687 4470 αὐτῇ

415 4503 579 4574 cepit,
610 4510 797 4572 utpote
826 4502 880 4556 in
911 4515 975 4556 ea
1004 4513 1196 4570 natus,
1229 4515 1283 4558 et
1313 4514 1497 4559 nostra
1533 4507 1824 4576 assumpsit
1861 4523 1877 4561 :
1925 4508 1993 4561 ita

2104 4502 2347 4575 γεγονὼς
2373 4545 2389 4570 ,
2421 4504 2517 4557 καὶ
2561 4505 2619 4555 ὲν
2670 4501 2971 4574 προσλήψει
3018 4499 3127 4552 τῶν
3159 4496 3281 4551 καθ’
3313 4496 3496 4565 ἡμεῖς,
3540 4491 3691 4545 οὕτω

416 4608 631 4663 quoque
679 4603 734 4648 et
779 4593 1077 4669 prophetia;
1117 4596 1362 4664 spiritum
1413 4597 1596 4663 dedit,
1625 4608 1679 4651 et
1723 4599 1998 4668 apostolos

414 4687 791 4753 constituens,
843 4695 899 4740 et
947 4686 1224 4755 pontifices
1269 4703 1498 4753 creatis,
1548 4688 1719 4743 factus
1773 4700 1857 4745 est
1905 4704 2000 4760 per

415 4779 597 4834 omnia
645 4778 841 4833 similis
899 4777 1171 4835 fratribus.
1238 4778 1316 4833 Ita
1353 4782 1499 4834 enim
1540 4794 1763 4838 vocatus
1802 4792 1889 4838 est
1945 4793 2000 4838 ct

415 4871 696 4942 propheta,
724 4878 779 4923 et
802 4868 1100 4939 apostolus,
1128 4880 1182 4924 et
1215 4872 1476 4940 pontifex.

487 4957 547 5010 Β.
580 4959 872 5025 Cmterutu,
893 4970 952 5014 ut
972 4962 1132 5015 etiam
1158 4961 1286 5015 dent
1317 4964 1489 5031 ipsum
1508 4980 1626 5018 esse
1653 4964 1996 5034 prophetam,

414 5069 524 5109 non
559 5063 812 5122 tanquam
845 5070 1012 5110 unum
1057 5070 1123 5109 ex
1182 5056 1459 5124 prophetis
1513 5055 1719 5110 factum
1787 5057 1994 5122 dicunt,

416 5146 510 5201 sed
537 5147 714 5217 potius
736 5145 894 5217 longe
919 5145 1037 5200 illos
1055 5160 1335 5215 superare.
1367 5145 1430 5199 Hi
1487 5146 1637 5222 enim
1687 5157 1890 5202 certam
1936 5162 2002 5203 ac

417 5237 695 5293 deﬁnitam
742 5252 838 5307 pro
862 5254 926 5292 eo
956 5251 1020 5291 ac
1062 5237 1238 5292 visum
1293 5236 1393 5291 fuit
1420 5238 1529 5292 Deo
1550 5238 1778 5308 gratiam
1807 5253 2000 5294 conse-

417 5334 525 5387 cuti
561 5341 709 5400 sunt,
734 5342 789 5387 et
825 5348 944 5402 quae
972 5333 1022 5387 iu
1050 5332 1446 5402 temporeipsis
1484 5334 1727 5388 accidit:
1760 5332 1849 5387 hic
1868 5346 2001 5386 vero

420 5425 609 5494 plenus
626 5435 748 5479 erat
783 5423 1010 5479 Deitatis
1035 5426 1200 5479 etiam
1237 5440 1303 5480 ex
1336 5427 1448 5495 ipsa
1477 5426 1661 5480 statim
1696 5424 1999 5481 nativitate.

425 5518 616 5576 Aderat
644 5514 788 5569 enim
819 5516 919 5585 ipsi
950 5516 1086 5571 Deus
1105 5517 1373 5573 exsisteus
1402 5516 1653 5573 Verbum.

488 5607 553 5658 Α.
587 5606 722 5678 Ergo
743 5607 1043 5678 quantitate
1066 5609 1273 5679 gratiae,
1291 5618 1345 5665 et
1378 5608 1995 5681 longinquitatetempo-

2104 4596 2199 4649 καὶ
2226 4596 2327 4666 τῆς
2354 4594 2694 4667 προφητείας
2733 4593 2793 4646 τὸ
2820 4591 3047 4662 Πνεῦμα
3074 4590 3247 4652 διδοὺς
3264 4629 3277 4653 ,
3310 4586 3407 4640 καὶ
3449 4584 3691 4639 ἀποστό-

2104 4687 2229 4750 λους
2258 4685 2601 4751 ἀναδεικνὺς,
2632 4684 2727 4738 καὶ
2758 4682 3024 4745 καθιστὰς
3050 4678 3391 4751 ἱερουργοὺς,
3418 4673 3686 4746 ὡμοιώθη

2104 4777 2249 4832 κατὰ
2278 4778 2456 4831 πάντα
2483 4780 2598 4841 τοῖς
2630 4776 2877 4845 ἀδελφοῖς
2899 4791 2910 4803 ·
2943 4770 3234 4843 ὠνομάσθη
3263 4769 3374 4839 γὰρ
3398 4767 3569 4831 οὕτω,
3593 4767 3689 4819 καὶ

2106 4873 2413 4943 προφήτης,
2448 4870 2542 4924 καὶ
2568 4868 2866 4932 ἀπόστολος
2888 4909 2901 4933 ,
2938 4868 3032 4920 καὶ
3062 4864 3375 4937 ἀρχιερεύς.

2174 4964 2236 5018 Β.
2292 4963 2428 5017 Ἀλλ’
2461 4965 2510 5018 εί
2550 4964 2643 5016 καὶ
2685 4963 2827 5016 δοῖεν
2857 4961 3017 5016 αὐτὸν
3046 4956 3184 5013 εἶναι
3224 4959 3515 5030 προφήτην
3536 5002 3554 5026 ,
3589 4958 3685 5027 οὐχ

2104 5057 2179 5121 ὡς
2208 5057 2306 5111 ἕνα
2333 5055 2443 5110 τῶν
2475 5055 2771 5127 προφητῶν
2803 5053 3055 5124 γενέσθαι
3086 5053 3269 5122 Paci-Vr
3317 5049 3679 5122 ὑπερκεῖσθω

2095 5147 2154 5201 δὲ
2197 5146 2401 5218 μᾶλλον
2438 5148 2573 5201 πολὺ
2615 5147 2685 5200 τὰ
2732 5147 2975 5201 ἐκείνων.
3008 5146 3072 5198 Οί
3102 5145 3200 5214 μὲν
3227 5142 3359 5214 γὰρ,
3397 5158 3678 5215 μεμετρη-

2102 5238 2269 5310 μένην
2311 5238 2455 5293 κατὰ
2478 5239 2539 5292 τὸ
2568 5238 2646 5309 τῷ
2683 5238 2805 5309 Θεῷ
2836 5237 3028 5293 δοκοῦν
3072 5238 3343 5307 ἐσχήκασι
3372 5236 3560 5307 χάριν,
3588 5234 3677 5288 καὶ

2101 5334 2158 5385 ἐν
2180 5332 2357 5403 χρόνῳ
2388 5331 2834 5403 προσγενομένην
2859 5332 3041 5398 αὐτοῖς
3064 5346 3079 5359 ·
3100 5332 3128 5383 6
3150 5330 3205 5382 δὲ
3239 5329 3456 5401 πλήρης
3487 5323 3558 5400 ἦν
3583 5326 3679 5395 τῆς

2101 5424 2374 5496 θεότητος,
2406 5424 2501 5478 καὶ
2530 5423 2588 5491 ἐξ
2618 5423 2787 5495 αὐτῆς
2822 5424 2985 5497 εὐθὺς
3010 5424 3109 5494 τῆς
3137 5423 3450 5494 γεννήσεως
3473 5439 3486 5451 ·
3518 5419 3678 5488 συνῆν

1998 5540 2007 5549 ·
2100 5519 2208 5588 γὰρ
2234 5514 2540 5588 αὐτῷλΘεὸς
2572 5515 2646 5570 ὢν
2674 5519 2703 5569 ὁ
2737 5517 2929 5585 Λόγος.
3422 5552 3444 5570 .

2172 5611 2237 5662 Λ.
2279 5607 2489 5663 Οὐκοῦν
2535 5610 2593 5661 ὲν
2646 5607 2910 5679 ποσότητι
2960 5607 3220 5679 χάριτος,
3264 5607 3365 5665 καὶ
3408 5607 3478 5662 ἐν
3518 5606 3681 5675 μήκει

483 5786 528 5820 ⁸⁸
560 5785 728 5843 lCor.
762 5802 844 5854 ιιι,
912 5788 996 5843 16.
1075 5790 1121 5821 δ’
1160 5787 1312 5843 Joan.
1341 5803 1449 5855 xlv,
1481 5785 1570 5841 23.
1650 5786 1695 5821 ⁵³
1732 5787 1890 5846 Deut.
1928 5805 1993 5844 xv

2115 5788 2199 5843 13.
2272 5788 2328 5862 ,⁸³
2364 5784 2530 5842 llebr.
2567 5800 2650 5851 ιιι,
2681 5787 2728 5839 ι.
