3846 6210
161 337 288 393 1517

1289 333 1477 401 QUOD
1519 332 1700 389 usus
1739 331 1845 388 εισι
1885 317 2246 389 'cnatsrus.

3276 334 3413 391 1518

157 449 349 520 καιροῦ
394 447 860 518 πεπλεονέκτηκεν
893 449 921 500 6
948 448 1201 520 Χριστὸς,
1256 450 1383 509 τοὺς
1416 451 1524 519 πρὸ
1559 449 1722 502 αὐτοῦ

1848 449 1904 503 "is
1933 450 2203 518 superavit
2232 447 2482 502 Christus
2522 463 2615 503 eos
2649 447 2739 518 qui
2777 455 2902 503 ante
2952 448 3127 518 ipsum
3189 452 3414 506 exstite-

157 542 446 612 γεγονότας
503 541 690 609 ἁγίους
740 542 1024 612 προφήτας
1052 582 1066 605 ,
1116 543 1210 594 καὶ
1264 542 1424 596 τοῦτό
1464 544 1611 595 ἐστιν
1670 544 1726 595 ἐν

155 632 305 702 αὐτῷ
341 633 401 684 τὸ
435 631 730 700 ἐξαίρετον.
781 632 1074 703 Πρόκειται
1122 633 1179 684 δὲ
1225 632 1725 703 πολυπραγμονεῖν,

155 726 205 778 εἰ
248 725 536 793 προφήτης
580 722 752 785 ὅλως,
802 722 896 775 καὶ
944 723 1060 774 οὔτι
1107 740 1208 775 που
1254 724 1315 776 τὸ
1361 723 1623 795 μᾶλλονῆ
1669 723 1729 776 τὸ

160 818 307 887 μεῖον
335 815 492 884 ἔχων,
518 813 550 884 ἦ
594 815 687 867 καὶ
721 814 1151 884 ὑπερκείμενος,
1183 815 1258 878 ὡς
1289 815 1346 868 ἓν
1386 833 1450 884 γε
1481 816 1560 887 τῷ
1590 812 1729 870 εἶναι

156 911 460 980 προφήτην,
509 909 603 962 καὶ
644 907 722 978 τῷ
756 907 829 979 μὴ
858 909 1001 979 πέρα
1040 909 1236 980 μέτρου
1268 910 1361 963 τοῦ
1394 910 1515 964 καθ’
1541 911 1726 981 ἡμᾶς,

155 1002 216 1054 τὸ
250 999 664 1070 σμικροπρεπές
688 1001 837 1052 ἐστιν
860 999 1030 1070 αὐτῷ,
1056 1000 1160 1054 κᾶν
1190 1003 1238 1054 εί
1269 1002 1528 1072 ἀπαρχῆς
1556 1005 1728 1055 νοοῖτο

155 1091 314 1144 τοῦτο
359 1091 640 1162 ὑπάρχων,
684 1091 935 1162 καθάπερ
984 1092 1175 1162 ἀμέλει
1217 1095 1311 1147 καὶ
1355 1095 1383 1146 6
1427 1095 1732 1164 θαυμάσιος

155 1184 487 1256 Βαπτιστὴς,
516 1185 645 1256 περὶ
669 1178 728 1238 οὗ
754 1205 920 1257 φησιν
943 1187 971 1239 δ
1002 1189 1272 1258 μακάριος
1302 1186 1549 1254 ἄγγελοςο
1576 1207 1592 1238 t
1619 1188 1730 1240 Καὶ

156 1277 476 1346 Πνεῦματος
506 1278 660 1345 ἁγίου
693 1278 1065 1349 πλησθήσεται
1091 1278 1169 1330 ἔτι
1201 1280 1262 1331 ὲκ
1287 1279 1491 1343 κοιλίας
1526 1279 1730 1349 μητρὸς

157 1370 344 1424 αὑτοῦ.
380 1389 398 1422 ι
437 1367 568 1424 Εἶτα
603 1371 720 1433 πῶς
765 1373 791 1424 6
838 1371 934 1441 μὲν
962 1366 1030 1441 ἦν
1057 1371 1293 1440 οἰκέτης,
1337 1372 1364 1422 6
1405 1371 1461 1422 δὲ
1495 1374 1607 1433 τοῖς
1647 1371 1730 1422 δε-

159 1467 438 1527 σποτικοῖς
467 1463 772 1534 ἀξιώμασιν
803 1463 1186 1534 ἐναϐρύνεται;
1237 1464 1347 1517 Καὶ
1397 1463 1591 1515 ἑαυτοῦ
1632 1464 1730 1532 μὲν

156 1555 305 1627 πέρι,
339 1556 501 1627 φησὶν
546 1558 574 1608 6
605 1555 875 1626 μακάριος
925 1555 1211 1626 Ἰωάννηςο
1254 1575 1270 1606 t
1313 1556 1370 1607 Ὀ
1410 1554 1486 1607 ὢν
1525 1556 1588 1608 ἐκ
1630 1556 1730 1624 τῆς

154 1649 279 1720 γῆς,
301 1649 367 1702 ὲκ
391 1649 489 1719 τῆς
519 1650 622 1718 γῆς
650 1649 814 1702 λαλεῖ.
852 1667 869 1699 ι
903 1648 1037 1718 Περὶ
1063 1648 1118 1700 δέ
1139 1665 1200 1715 γε
1227 1647 1320 1700 τοῦ
1359 1648 1727 1718 Ἐμμανουήλ·

159 1760 176 1792 ι
202 1742 260 1795 ’0
292 1741 497 1794 ἄνωθεν
523 1741 837 1812 ἐρχόμενος,
867 1741 1052 1794 ἐπάνω
1088 1741 1305 1795 πάντων
1340 1740 1474 1795 ἐστί.
1513 1760 1533 1793 ι

223 1833 285 1888 Β.
317 1832 508 1887 Καίτοι
532 1835 688 1902 φαῖεν
718 1833 784 1887 ἂν
819 1832 970 1899 ἴσως,
1000 1832 1205 1886 ἄνωθέν
1233 1849 1294 1886 τε
1322 1829 1484 1898 εἶναι,
1507 1833 1601 1886 καὶ
1627 1833 1732 1903 μὴν

153 1925 248 1979 καὶ
292 1924 481 1977 ἐπάνω
515 1923 752 1990 πάντων,
789 1923 880 1975 τὸν
930 1925 994 1975 ὲκ
1037 1922 1171 1976 Θεοῦ
1213 1925 1424 1995 Πατρὸς
1455 1925 1734 1994 πεφηνότα

154 2018 364 2083 Λόγον,
406 2015 606 2068 δεδίασι
656 2014 711 2066 δὲ
747 2015 1073 2086 προσνέμειν
1112 2014 1261 2086 αὐτῷ
1297 2016 1364 2068 τὰ
1399 2015 1732 2086 ἀνθρώπινα,

157 2109 233 2180 μὴ
260 2109 369 2179 ἄρα
404 2125 522 2169 πως
567 2107 802 2160 ἀδικοῖτο
841 2107 910 2158 δι’
946 2107 1146 2171 αὐτῶν,
1190 2110 1283 2161 καὶ
1313 2108 1735 2179 κατακομίζοιτο

152 2201 294 2274 πρὸς
341 2199 403 2251 τὸ
445 2198 721 2261 δυσκλεές.
770 2197 954 2271 Ταύτῃ
1002 2216 1085 2252 τοι
1130 2199 1486 2253 διατείνονται
1547 2201 1734 2254 λαϐεῖν

152 2291 321 2346 αὐτὸν
354 2290 638 2361 ἄνθρωπον
659 2330 673 2354 ,
706 2290 883 2362 ἐαυτῷ
914 2308 973 2343 τε
1006 2290 1194 2345 τοῦτον
1227 2292 1458 2362 συνάψαι
1478 2335 1491 2359 ,
1525 2295 1652 2364 περὶ
1677 2293 1735 2346 ὃν

153 2383 223 2438 ἂν
250 2383 465 2453 γένοιτό
498 2400 555 2434 τε
602 2382 697 2435 καὶ
737 2381 946 2452 λέγοιτο
973 2382 1043 2435 τὰ
1071 2382 1406 2453 ἀνθρώπινα.
1445 2386 1640 2439 Ἔσται
1680 2387 1736 2439 δὲ

152 2475 294 2539 ὅλως
334 2477 414 2538 είς
456 2473 552 2546 τήν
602 2474 765 2528 αὐτοῦ
815 2474 910 2528 τοῦ
953 2475 1127 2544 Λόγου
1184 2474 1376 2544 φύσιν,
1430 2475 1492 2528 τὺ
1539 2475 1736 2546 βλάϐος

149 2566 333 2621 οὐδέν.

224 2658 292 2710 Α.
335 2654 566 2720 Οὐκοῦν,
616 2655 799 2726 ἕτερος
835 2656 932 2726 μὲν
979 2655 1428 2726 ὁμολογουμένως
1471 2656 1629 2710 νοοῖτ’
1671 2657 1737 2710 ἂν

149 2751 251 2805 καὶ
283 2749 496 2818 λέγοιτο
549 2751 677 2820 παρ’
725 2748 908 2810 αὑτὸν,
951 2749 979 2800 ὁ
1027 2746 1288 2817 ληφθείς·
1324 2746 1460 2817 πλὴν
1509 2749 1568 2799 οὐ
1621 2751 1738 2810 ταῖς

153 2839 388 2894 ἐκείνων
412 2837 762 2908 ἁὸελτηρίαις
808 2835 1068 2906 ἑψόμεθα,
1095 2835 1218 2888 οὔτε
1256 2837 1361 2906 μὴν
1389 2837 1609 2906 ὁριστὰς
1637 2838 1736 2890 αὑ·-

150 2933 282 2998 τοῦς
332 2931 428 2985 καὶ
462 2931 816 3001 καινοτόμους
855 2929 954 2999 τῆς
997 2929 1206 2981 ἑαυτῶν
1256 2930 1596 3000 ποιησόμεθα
1643 2931 1736 2983 πί-

155 3042 356 3090 στεως,
391 3023 486 3094 τὴν
516 3023 665 3092 ἱεράν
697 3021 961 3092 παρέντες
994 3022 1033 3072 Γ
1038 3021 1245 3092 ραφὴν,
1285 3024 1377 3075 καὶ
1409 3022 1504 3093 τὴν
1535 3025 1599 3077 ὲκ
1631 3023 1739 3077 τῶν

1833 551 1960 596 runt
1986 552 2201 597 sanctos
2226 543 2514 611 prophetas
2548 560 2561 596 :
2597 551 2759 610 atque
2799 542 2901 596 hoc
2931 551 3014 597 est
3063 543 3114 596 in
3150 542 3267 613 ipso
3291 544 3410 597 exi-

1833 633 2020 687 mium.
2048 633 2390 703 Propositum
2425 648 2553 688 vero
2587 642 2669 688 est
2690 633 2987 703 inquirere,
3020 649 3147 688 num
3175 637 3413 703 prophe-

1831 733 1884 778 ta
1909 725 2129 780 omnino
2154 726 2334 790 fuerit,
2367 741 2473 780 non
2518 734 2695 780 autem
2726 741 2794 779 an
2855 725 3029 792 major
3073 735 3167 779 aut
3214 729 3414 792 minor,

1840 827 1935 871 aut
1978 818 2227 887 superior
2256 831 2270 868 :
2302 818 2374 872 ita
2407 826 2465 870 ut
2499 817 2552 872 in
2588 831 2651 872 eo
2684 818 2828 886 quod
2890 817 2962 870 sit
3009 819 3275 888 propheta
3302 859 3315 884 ,
3365 829 3420 873 et

1834 908 1976 978 quod
2009 923 2113 962 non
2148 908 2636 964 excedatnoslram
2695 908 3092 972 conditionem,
3143 909 3454 963 humilitas:

1833 997 1950 1066 ejus
1975 1000 2255 1061 consistat,
2296 996 2509 1053 tametsi
2565 998 2617 1052 ιιι
2661 999 2728 1053 ab
2784 999 2943 1053 initio
2990 999 3265 1054 exstitisse
3292 1015 3419 1053 cen-

1834 1099 2039 1155 scatur,
2064 1091 2201 1146 sicut
2231 1101 2284 1144 et
2307 1091 2522 1146 divinus
2557 1090 2814 1161 Baptista,
2840 1092 3026 1162 dequo
3055 1093 3189 1147 dicit
3219 1092 3410 1146 beatus

1835 1183 2092 1254 angelus:
2132 1203 2148 1234 ι
2182 1183 2248 1236 Et
2303 1183 2508 1251 Spiritu
2552 1193 2739 1238 sancto
2799 1183 3094 1252 replebitur
3148 1183 3324 1238 adhuc
3362 1184 3420 1238 in

1835 1283 1989 1328 utero
2020 1276 2209 1328 matris
2235 1281 2344 1328 'suze
2379 1275 2446 1327 ⁵⁵.
2497 1293 2516 1327 ι
2545 1275 2745 1330 Deinde
2769 1275 3043 1351 quompdo
3075 1274 3163 1329 hic
3183 1274 3406 1344 quidem

1835 1370 1950 1415 erat
1973 1377 2186 1430 servus,
2219 1363 2308 1418 ille
2334 1379 2463 1418 vero
2509 1364 2788 1418 Dominica
2833 1363 3094 1433 dignitate
3150 1363 3417 1418 illustris?

1834 1455 1912 1508 Ac
1942 1454 2006 1509 de
2030 1455 2207 1524 seipso
2236 1455 2427 1509 beatus
2466 1454 2703 1510 Joannes
2730 1456 2802 1509 ita
2829 1456 2904 1509 ait
2931 1471 2946 1508 :
2983 1472 3002 1506 ‹
3038 1455 3139 1522 Qui
3171 1471 3238 1510 ex
3270 1467 3416 1510 terra

1835 1555 1938 1611 est,
1979 1557 2192 1602 terrena
2224 1547 2488 1617 loquitur;
2523 1567 2542 1599 ι
2573 1549 2639 1602 de
2665 1548 3015 1603 Emmanuele
3048 1562 3179 1604 vero
3209 1567 3223 1603 :
3263 1567 3280 1600 t
3309 1547 3415 1615 Qui

1835 1654 1866 1694 e
1891 1641 2139 1710 supernis
2163 1641 2326 1706 venit,
2365 1656 2527 1709 supra
2564 1656 2754 1697 omnes
2785 1651 2868 1696 est
2907 1642 2971 1694 ⁵⁸.
3016 1661 3036 1694 ι

1765 1803 1806 1857 Β
1908 1814 1967 1868 Β.
2002 1814 2164 1886 Atqui
2226 1818 2460 1872 dixerint
2505 1819 2738 1873 fortasse
2790 1834 2821 1874 e
2857 1821 3126 1888 supernis,
3159 1829 3213 1876 et
3256 1837 3420 1890 supra

1837 1927 2028 1967 omnes
2059 1926 2180 1965 esse
2217 1911 2446 1965 Verbum
2478 1924 2542 1964 ex
2575 1912 2684 1965 Deo
2708 1911 2870 1966 Patre
2901 1915 3141 1982 genitum
3172 1931 3186 1980 ;
3224 1929 3422 1969 veren-

1840 2013 1926 2058 tur
1966 2015 2143 2058 autem
2188 2002 2262 2057 illi
2320 2004 2558 2058 tribuere
2599 2000 2856 2071 liumana,
2891 2019 2956 2058 ne
3004 2005 3178 2075 ipsum
3220 2006 3420 2075 injuria

1839 2094 2070 2160 afﬁcere,
2123 2095 2457 2164 gloriamque
2503 2096 2670 2166 ipsius
2730 2096 3049 2152 imminuere
3101 2097 3408 2152 videantur.

1839 2188 2043 2242 Idcirco
2071 2187 2400 2242 contendunt
2435 2188 2607 2257 ipsum
2645 2203 2924 2243 assumere
2940 2188 3240 2254 hominem,
3273 2205 3420 2245 eum-

1839 2295 1942 2348 qne
1972 2278 2505 2347 sibiconjungere,in
2557 2293 2716 2348 quem
2776 2282 2972 2333 cadant
3005 2283 3149 2336 etde
3184 2296 3292 2351 quo
3341 2282 3424 2336 di—

1840 2380 2032 2424 cantur
2077 2369 2310 2423 hominis
2343 2370 2700 2438 proprietates
2736 2388 2750 2437 ;
2786 2372 2858 2424 ita
2925 2381 2984 2425 ut
3032 2371 3193 2426 Verbi
3256 2374 3423 2443 ipsius

1841 2467 2032 2513 natura
2069 2457 2271 2512 nullum
2301 2459 2522 2514 omnino
2557 2461 2940 2515 detrimentum
2989 2463 3244 2532 accipiat.

1909 2637 1977 2690 A.
2033 2637 2286 2693 Diversus
2321 2639 2502 2708 itaque
2541 2641 2594 2694 in
2646 2642 2956 2697 universum
2992 2655 3046 2698 et
3074 2646 3181 2700 erit
3204 2656 3258 2701 et
3281 2647 3426 2704 dice-

1844 2738 1930 2784 tur
1964 2733 2031 2785 ab
2084 2733 2224 2799 ipso,
2269 2733 2313 2785 is
2355 2734 2445 2800 qui
2475 2745 2785 2805 assumptus
2844 2745 2946 2792 est.
3002 2737 3266 2793 Caeterum
3325 2756 3425 2795 nos

1843 2823 2054 2877 illorum
2088 2825 2418 2895 imperitiam
2470 2826 2617 2881 nullo
2667 2828 2827 2883 modo
2855 2829 3205 2894 sectabimur,
3269 2846 3424 2886 sacra

1845 2915 2125 2986 Scriptura
2197 2918 2494 2987 praeterita,
2554 2927 2608 2974 et
2661 2930 2971 2974 sanctorum
3057 2921 3424 2991 apostolorum

1843 3021 2004 3080 atque
2035 3010 2488 3080 evangelistarum
2551 3011 2842 3066 traditione
2898 3021 3209 3082 contempta
3242 3031 3420 3086 neque

153 3117 334 3186 ἁγίων
362 3114 699 3178 ἀποστόλων,
731 3114 825 3167 καὶ
859 3113 1260 3182 εὐαγγελιστῶν
1299 3114 1598 3186 παράδοσιν
1624 3115 1734 3167 ἀτι-

1848 3102 1894 3157 si
1926 3102 2138 3156 illorum
2167 3113 2405 3156 mentem
2434 3111 2581 3156 tanta
2632 3102 2976 3158 imbecillitas
3030 3113 3194 3173 atque
3253 3107 3425 3176 impe-

157 3208 474 3278 μάσαντες·
531 3204 653 3256 οὐδὲ
704 3203 935 3273 ἐπείπερ
993 3204 1179 3266 αὐτοῖς
1236 3204 1472 3274 ἀδρανής
1525 3221 1584 3256 τε
1648 3206 1744 3257 καὶ

149 3298 542 3370 ἀμαθέστατος
582 3293 876 3364 ὲνῴκισται
909 3293 1065 3359 νοῦς,
1096 3295 1190 3347 καὶ
1219 3294 1280 3346 τὸ
1315 3294 1406 3346 τοῦ
1442 3296 1742 3366 μυστηρίου

154 3390 327 3462 βάθος
377 3388 616 3440 κατιδεῖν
657 3387 754 3456 οὐχ
804 3381 912 3446 οἶός
960 3403 1044 3448 τε,
1095 3386 1266 3458 ταύτῃ
1303 3404 1386 3438 τοι
1437 3388 1531 3439 καὶ
1583 3390 1746 3458 ἡμεῖς

148 3478 522 3550 πλανώμεθα,
572 3476 1066 3547 συναμαθαῖνοντες
1097 3476 1311 3539 αὐτοῖς,
1345 3476 1437 3528 καὶ
1486 3477 1546 3529 τὸ
1591 3477 1744 3540 εὺθὲς

147 3575 257 3644 τῆς
295 3570 560 3640 ἀληθείας
595 3570 730 3623 ἰέναι
759 3567 1205 3638 παραιτούμενοι.
1233 3570 1422 3639 Ἰσμεν
1454 3568 1510 3620 δὲ
1536 3586 1743 3639 γεγρα-

148 3667 299 3737 φὸτα
333 3662 428 3716 τὸν
479 3662 771 3733 ἱερώτατον
815 3659 1051 3725 Παῦλον,
1102 3660 1184 3712 ὅτι
1219 3659 1325 3730 χρὴ
1379 3679 1398 3712 t
1452 3665 1745 3732 λογισμοὺς

146 3757 467 3827 καθαιρεῖν,
513 3755 607 3807 καὶ
657 3755 764 3806 πᾶν
813 3751 1013 3822 ὕψωμα
1059 3752 1422 3822 ἐπαιρόμενον
1468 3754 1608 3806 κατὰ
1646 3754 1746 3824 τῆς

146 3850 426 3920 γνώσεως
458 3846 553 3900 τοῦ
600 3844 768 3911 Θεοῦ,
812 3843 1368 3913 καὶ.αίχμαλωτίζειν
1397 3846 1506 3897 πᾶν
1544 3845 1744 3915 νόημα,

147 3943 232 4002 εἰς
283 3939 388 4007 τὴν
435 3935 682 4004 ὑπακοὴν
730 3932 824 3986 τοῦ
877 3930 1139 4002 Χριστοῦ.
1182 3949 1200 3982 ›
1254 3931 1399 4002 Πλὴν
1459 3929 1586 3996 οὖν,
1638 3935 1748 4001 ἄρα

147 4034 302 4105 ἔχοις
335 4029 517 4081 εἰπεῖν
543 4026 611 4078 τὰ
635 4025 718 4094 ἐφ’
749 4019 830 4088 οἷς
869 4023 1350 4087 σκανδαλίζονται,
1383 4024 1477 4076 καὶ
1503 4023 1582 4095 τῷ
1615 4023 1748 4094 λίθῳ

147 4125 247 4179 τοῦ
283 4119 723 4194 προσκόμματος
753 4117 1172 4188 περιπταίουσιν
1207 4116 1554 4182 Ίουδαῖκῶς;

227 4217 290 4270 Β.
328 4210 552 4282 Ἕχοιμ⁹
589 4208 674 4272 ἂν,
707 4209 822 4271 πῶς
854 4207 1048 4282 γὰρ-οὕ
1073 4225 1088 4275 ;
1118 4209 1212 4262 καὶ
1251 4208 1478 4261 πλεῖστα
1519 4209 1616 4278 μὲν
1649 4211 1748 4262 ὅσα

148 4307 356 4362 ταυτί’
407 4280 690 4364 λελέξεται
741 4297 796 4350 δὲ
849 4280 1122 4370 ἀναμέρος
1173 4299 1402 4351 ἕκαστα,
1454 4300 1588 4351 Φασὶ
1635 4316 1749 4350 τοι-

151 4397 392 4472 γαροῦν,
424 4393 658 4466 Χριστὸν
687 4392 943 4464 ήγιάσθαι
975 4392 1126 4462 παρὰ
1152 4390 1246 4443 τοῦ
1279 4391 1522 4462 Πατρός·
1554 4391 1749 4461 γέγρα-

1847 3194 1972 3248 ritia
1993 3197 2295 3263 occupavit,
2327 3203 2387 3248 ut
2414 3195 2659 3264 mysterii
2693 3196 3114 3265 magnitudinem
3139 3199 3428 3265 concipere

1846 3292 2139 3353 nequeant,
2177 3284 2384 3340 idcirco
2433 3287 2595 3339 etiam
2627 3300 2726 3339 nos
2767 3285 2978 3339 illorum
3013 3288 3186 3341 errori
3238 3288 3430 3357 adjun-

1847 3391 2054 3445 gemus,
2097 3375 2322 3446 parique
2365 3391 2486 3430 cum
2517 3377 2649 3446 ipsis
2685 3377 2989 3446 ignorantia
3037 3378 3426 3447 laborabimus,

1845 3467 2092 3522 veritatis
2146 3468 2467 3523 rectitudine
2526 3469 2792 3538 neglecta.
2842 3469 3002 3540 752
3048 3469 3233 3540 Neque
3283 3473 3426 3527 enim

1848 3559 2160 3629 ignoramus
2209 3560 2337 3630 quid
2396 3561 2800 3616 sacratissimus
2849 3561 3064 3617 Paulus
3109 3563 3424 3634 scripserit,

1848 3652 2046 3706 debere
2076 3666 2175 3706 nos
2207 3671 2224 3702 ι
2266 3652 2493 3708 consilia
2535 3652 2839 3716 destruere,
2870 3663 2926 3706 et
2969 3666 3184 3708 omnem
3235 3655 3424 3708 altitu-

1847 3743 2029 3800 dinem
2051 3745 2395 3800 extollentem
2431 3759 2491 3799 se
2520 3745 2778 3799 adversus
2826 3745 3109 3799 scientiam
3141 3743 3259 3811 Dei,
3291 3755 3346 3801 et
3372 3748 3426 3802 in

1849 3839 2217 3907 captivitatem
2254 3837 2498 3906 redigere
2527 3851 2742 3889 onmem
2794 3835 3126 3890 intellectum
3178 3839 3229 3891 in
3263 3839 3425 3893 obse-

1849 3931 2034 3999 quium
2071 3928 2268 3983 Christi
2298 3928 2365 3981 ⁸⁷.
2407 3947 2426 3979 ι
2465 3926 2732 3981 Caeterum
2762 3925 3002 3980 habesne
3041 3925 3144 3979 alia
3191 3942 3429 3984 comme-

1851 4020 2106 4074 moranda
2125 4020 2319 4088 quibus
2340 4019 2440 4088 ipsi
2463 4017 2830 4082 oll'enduntur,
2852 4027 2905 4071 et
2921 4018 2987 4072 ad
3006 4019 3235 4086 lapidem
3260 4017 3430 4075 oﬂ'en-

1851 4115 2012 4169 diculi
2043 4113 2264 4168 Judaice
2299 4112 2644 4181 impingunt?

1921 4207 1982 4260 Β.
2042 4205 2226 4259 Habeo
2275 4206 2491 4273 quidem
2524 4203 2802 4273 complura
2851 4219 2971 4272 qua:
3017 4204 3295 4274 sigillatim
3345 4205 3430 4260 di-

1851 4300 2022 4355 cendo
2046 4311 2365 4367 persequar.
2422 4295 2587 4348 Aiunt
2630 4297 2810 4363 itaque
2855 4296 3130 4350 Christum
3187 4297 3430 4351 sanctiﬁ-

1853 4399 2031 4446 catum
2069 4405 2097 4442 a
2137 4388 2317 4442 Patre.
2354 4386 2628 4456 Scriptum
2661 4396 2742 4441 est
2765 4387 2908 4442 enim
2940 4405 2953 4441 :
2994 4405 3011 4437 ι
3068 4385 3137 4440 Ει
3190 4387 3433 4442 testimo-

150 4511 293 4546 πται
327 4489 465 4559 γὰρ,
495 4488 573 4540 ὅτι
597 4486 690 4538 καὶ
721 4505 741 4536 ‹
781 4485 1197 4554 Ἐμαρτύρησεν
1237 4483 1491 4552 Ἰωάννης
1533 4483 1734 4552 λέγωνι

1856 4483 2000 4535 nium
2060 4480 2309 4549 perhibet
2359 4477 2628 4544 Joannes,
2693 4478 2878 4531 dicens
2935 4495 2950 4532 :
3001 4475 3122 4531 Vidi
3170 4477 3430 4548 Spiritum

149 4587 239 4642 ὃτι
268 4581 561 4649 Τεθέαμαι
588 4577 649 4629 τὸ
680 4576 903 4645 Πνεῦμα
933 4575 1260 4628 καταϐαῖνον
1289 4574 1619 4644 ἐξούρανοῦ,
1653 4577 1747 4628 καὶ

149 4679 380 4750 ἔμεινεν
431 4673 518 4725 ἐπ’
566 4672 748 4732 αὑτὸν,
801 4668 955 4736 κάγὼ
998 4668 1098 4719 οὐκ
1142 4661 1284 4719 εἶδον
1330 4667 1513 4731 αὐτὸν,
1568 4667 1680 4719 ἀλλ’
1719 4668 1748 4718 ὁ

149 4771 392 4840 πέμψας
431 4782 498 4835 με
533 4762 814 4834 βαπτίζειν
863 4763 919 4814 ἐν
969 4759 1138 4824 ῦδατι,
1177 4758 1380 4820 ἐκεῖνός
1433 4776 1523 4828 μοι
1573 4757 1744 4812 εἶπεν·

164 4862 288 4930 Ἐφ’
321 4861 384 4912 ὃν
419 4857 489 4909 ἂν
521 4857 634 4927 ἴδῃς
665 4855 726 4906 τὸ
755 4851 980 4922 Πνεῦμα
1009 4850 1338 4904 καταϐαῖνον
1363 4850 1456 4901 καὶ
1485 4849 1644 4920 μένον
1662 4851 1748 4902 ἐπ’

151 4951 350 5013 αὑτὸν,
387 4939 548 5008 οὗτός
584 4948 732 4996 ἐστιν
771 4945 798 4995 ὁ
830 4941 1108 5012 βαπτίζων
1145 4941 1200 4992 ἐν
1228 4939 1307 5009 τῷ
1353 4939 1632 5008 Πνεῦματι
1671 4939 1750 5009 τῷ

153 5045 326 5114 ἁγίῳ.
371 5037 551 5104 Κάγὼ
584 5036 806 5106 ἑώρακα
839 5036 934 5088 καὶ
981 5033 1388 5104 μεμαρτύρηκα
1412 5075 1425 5097 ,
1477 5033 1557 5084 ὅτι
1597 5027 1751 5095 οὗτός

151 5142 312 5190 ἐστιν
343 5133 372 5183 6
403 5127 537 5191 Υἱὸς
567 5127 660 5180 τοῦ
708 5127 862 5181 Θεοῦ.
899 5146 917 5176 ι
959 5125 1208 5196 Γέγραφε
1250 5124 1307 5176 δὲ
1335 5124 1429 5176 καὶ
1468 5124 1497 5175 δ
1534 5122 1748 5185 Παῦλος

149 5229 287 5298 περὶ
321 5218 521 5276 αὑτοῦ·
558 5219 656 5271 ι”Ο
687 5236 747 5272 τε
776 5218 884 5287 γάρ
911 5218 1151 5285 ἁγιάζων
1192 5217 1285 5268 καὶ
1315 5217 1362 5268 οἱ
1399 5216 1749 5285 ἁγιαζόμενοι

146 5322 211 5385 ἐξ
239 5317 365 5377 ἐνὸς
396 5310 628 5373 πάντες.
666 5329 683 5360 ι
725 5310 1042 5378 Ἀγιασθείη
1070 5310 1175 5379 γὰρ
1203 5309 1404 5378 ἥκιστά
1426 5326 1488 5377 γε
1520 5310 1651 5372 Θεὸς
1676 5310 1752 5362 ὢν

147 5417 178 5467 6
223 5411 408 5476 Λόγος
462 5403 565 5454 καὶ
615 5401 767 5470 ἆγιος
824 5402 962 5454 κατὰ
1013 5403 1189 5470 φύσιν.
1245 5400 1501 5452 Λείπεται
1548 5400 1610 5470 δὴ
1659 5397 1752 5454 οῦν

151 5497 438 5578 ἡγιάσθαι
494 5493 674 5562 λέγειν
729 5495 818 5546 τὸν
876 5493 1146 5563 ληφθέντα
1205 5496 1334 5565 παρ’
1391 5491 1556 5544 αὑτοῦ
1612 5494 1752 5546 κατὰ

156 5594 476 5661 συνάφειαν
516 5585 819 5655 ἄνθρωπον.

715 5765 759 5795 ⁵⁸
793 5762 944 5818 Joan.
975 5779 1052 5830 ιιι,
1079 5763 1165 5818 51.

233 5776 282 5807 ﬂ
316 5769 437 5827 Luc
475 5780 515 5830 ι,
561 5764 643 5817 lii.
715 5765 759 5795 ⁵⁸
793 5763 944 5818 Joan.
975 5779 1052 5830 ιιι,
1079 5763 1165 5818 51.
1241 5764 1284 5795 ⁵⁷
1308 5765 1346 5818 ll
1373 5763 1496 5820 Cor.
1529 5778 1583 5831 χ,
1615 5764 1734 5828 4,5.

1856 4573 2270 4629 descendentem
2302 4569 2454 4638 quasi
2501 4569 2808 4623 columbam
2849 4571 2914 4624 de
2954 4571 3110 4634 caelo,
3151 4581 3205 4624 et
3236 4572 3436 4625 mansit

1856 4680 2016 4733 super
2049 4679 2194 4726 eum,
2227 4673 2280 4716 et
2311 4677 2410 4731 ego
2459 4662 2763 4716 nesciebam
2811 4676 2934 4715 eum
2972 4678 2986 4715 :
3014 4663 3108 4716 sed
3140 4663 3235 4730 qui
3285 4662 3434 4717 misit

1860 4772 1944 4810 me
1972 4755 2244 4824 baptizare
2277 4754 2329 4807 in
2359 4769 2519 4820 aqua,
2552 4753 2637 4806 ille
2666 4753 2795 4806 mihi
2831 4754 2965 4807 dixit
2994 4772 3008 4808 :
3049 4751 3225 4822 Super
3270 4768 3431 4823 quem

1859 4847 2058 4902 videris
2080 4845 2344 4914 Spiritum
2373 4845 2810 4909 descendentem,
2839 4854 2893 4899 et
2924 4854 3232 4900 manentem
3268 4860 3436 4915 super

1853 4954 1998 5001 eum,
2036 4936 2125 4990 hic
2154 4948 2239 4991 est
2268 4935 2357 5005 qui
2394 4936 2633 5005 baptizat
2663 4935 2715 4987 in
2752 4934 2958 5004 Spiritu
2988 4945 3200 4990 sancto.
3231 4933 3299 4988 Et
3328 4951 3429 5003 ego

1857 5029 1985 5089 vidi,
2020 5038 2070 5081 et
2115 5027 2481 5081 teStimoninm
2543 5026 2791 5095 perhibui
2845 5028 2967 5094 quia
3016 5026 3106 5080 hic
3154 5037 3236 5081 est
3266 5027 3435 5083 Filius

1857 5120 1950 5174 Dei
1982 5117 2049 5172 ⁸⁸.
2085 5139 2102 5170 ι
2141 5119 2277 5185 Quin
2307 5128 2360 5173 et
2396 5118 2594 5172 Paulus
2629 5121 2694 5172 de
2730 5120 2844 5186 ipso
2869 5119 3122 5186 scripsit:
3157 5137 3174 5169 ι
3211 5119 3438 5172 Sacriﬁ-

1861 5227 1989 5266 cans
2023 5212 2164 5264 enim
2199 5221 2253 5264 et
2294 5209 2614 5265 sanctiﬁcati
2678 5226 2741 5264 ex
2798 5226 2905 5264 uno
2948 5225 3137 5264 omnes
3168 5211 3234 5264 ".
3281 5230 3300 5262 ι
3329 5210 3438 5266 Ne-

1862 5320 1966 5374 que
1997 5306 2138 5358 enim
2172 5302 2432 5368 Verbum,
2475 5319 2595 5358 cum
2625 5303 2696 5356 sit
2728 5303 2887 5368 Deus,
2922 5311 2977 5356 ct
3017 5317 3083 5357 ex
3121 5318 3216 5356 sua
3244 5311 3437 5356 natura

1861 5404 2102 5461 sanctus,
2143 5395 2542 5449 sanctificatum
2594 5393 2716 5451 fuit.
2782 5394 3042 5464 Superest
3097 5394 3260 5463 igitur
3313 5409 3440 5448 san-

1861 5489 2155 5543 ctilicatum
2201 5487 2366 5541 fuisse
2401 5488 2671 5543 hominem
2728 5505 2888 5557 quem
2944 5503 3040 5558 per
3093 5487 3434 5558 conjunctio-

1862 5596 1982 5636 nem
2010 5583 2322 5650 assumpsit.

2417 5761 2460 5792 δί’
2494 5759 2655 5816 Hebr.
2697 5777 2753 5824 ιι,
2794 5759 2873 5814 ll.

1813 5764 1857 5795 ⁸³
1888 5761 2043 5817 Joan.
2079 5777 2117 5828 ι,
2157 5761 2226 5815 52
2252 5761 2337 5814 54.
