3846 6210
152 390 273 447 tam

1265 383 1456 455 QCOD
1496 384 1683 442 UNCS
1724 383 1829 439 SIT
1867 382 2231 441 CHRISTUS.

3263 382 3398 433 1.722

144 513 237 564 ἐὰν
278 509 550 581 παύσηται
588 510 618 562 δ
646 513 933 584 τρυγητδς,
962 527 1105 566 ουτοι
1136 513 1285 581 φωνῇ
1328 510 1630 580 βοήσονται·
1666 509 1715 562 οί

1839 521 2047 569 ,errain,
2104 504 2452 559 exsultabunt
2504 518 2625 557 cum
2676 500 2842 571 gloria
2897 498 3196 553 Domini“.
3254 518 3271 549 ι
3334 497 3397 549 iit

143 605 196 657 δὲ
226 603 670 673 καταλειφθέντες
696 607 788 671 ἐπὶ
819 608 917 677 τῆς
940 606 1062 675 γῆς,
1095 602 1561 675 εὐφρανθήσονται
1601 601 1719 673 ἅμα

145 701 207 768 τῇ
255 698 379 769 δόξῃ
434 698 705 769 Κυρίου.»
764 700 871 753 Καὶ
937 698 1100 751 πάλιν
1136 697 1323 768 ἕτερος
1369 694 1478 750 τῶν
1527 694 1713 763 ἁγίων,

150 807 169 839 ι
191 790 449 854 Φωτίζου,
475 792 659 861 φησὶν,
691 790 1068 862 ’ῐερουσαλήμο
1093 790 1216 861 ἥκει
1243 790 1351 860 γάρ
1380 806 1472 842 σου
1492 788 1552 841 τὸ
1582 787 1715 856 φῶς,

145 883 291 953 καὶὴ
325 882 451 947 δόξα
490 882 695 953 Κυρίου
736 885 827 936 ἐπὶ
859 883 918 936 σὲ
949 882 1333 936 ἀνατέταλκεν.
1368 881 1498 934 Ἰδοὺ
1531 880 1720 944 σκότος

145 974 236 1025 καὶ
261 973 458 1042 γνόφος
480 972 709 1039 καλύψει
738 973 861 1043 γῆν,
899 974 992 1027 ἐπὶ
1011 973 1067 1027 δὲ
1089 974 1147 1026 σὲ
1169 974 1467 1044 φανήσεται
1496 972 1717 1042 Κύριος,

146 1065 238 1118 καὶ
277 1064 404 1131 δόξα
466 1065 673 1136 Κυρίου
720 1066 812 1118 ἐπὶ
862 1064 920 1117 σὲ
965 1063 1282 1135 ὀφθήσεται.
1308 1083 1326 1115 ι
1365 1063 1620 1126 ἰἀκωϐός
1656 1080 1720 1132 γε

146 1154 251 1224 μὴν
280 1156 309 1207 ὁ
337 1154 500 1207 αὑτοῦ
538 1155 804 1226 μαθητὴς,
833 1173 855 1205 r
883 1155 1147 1224 Ἀδελφοί,
1178 1154 1329 1225 φησὶ,
1362 1153 1434 1225 μὴ
1462 1156 1518 1206 ἐν
1553 1170 1721 1224 προσ-

143 1246 478 1316 ωποληψίαις
513 1247 663 1317 ἔχετε
704 1247 802 1317 τὴν
844 1247 1027 1301 πίστιν
1070 1246 1165 1300 τοῦ
1198 1246 1402 1318 Κυρίου
1431 1246 1585 1315 ἡμῶν
1617 1246 1721 1315 Ἰη-

144 1339 236 1393 σοῦ
270 1341 507 1412 Χριστοῦ
534 1342 630 1411 τῆς
656 1341 830 1412 δόξης.
861 1361 881 1392 ι
918 1340 1126 1412 Πέτρος
1171 1340 1227 1393 δὲ
1254 1335 1320 1393 αὗ
1346 1343 1373 1393 ὁ
1412 1340 1716 1403 θεσπέσιος,

149 1452 167 1484 ι
199 1434 262 1488 Εἰ
294 1434 613 1498 ὀνειδίζεσθε
654 1438 711 1489 ὲν
760 1434 1000 1506 Χριστῷ,
1043 1435 1302 1506 μακάριοί
1344 1437 1467 1488 ἐστε
1500 1435 1597 1504 τῆς
1631 1435 1717 1488 δό-

143 1523 258 1594 ξης,
302 1528 397 1578 καὶ
427 1526 488 1579 τὸ
518 1522 611 1579 τοῦ
652 1526 785 1579 Θεοῦ
818 1526 1043 1597 Πνεῦμα
1074 1528 1156 1596 ἐφ’
1203 1527 1347 1596 ὑμᾶς
1398 1526 1721 1579 ἀναπέπαυ-

141 1633 248 1670 ται.
277 1635 294 1667 ι

214 1707 271 1761 Β.
305 1707 485 1778 Φράζε
515 1707 570 1761 δὲ
600 1709 746 1773 ὅπως
778 1711 913 1781 πρὸς
952 1708 1111 1781 ὴμῶν
1148 1708 1384 1762 νοεῖσθαι
1419 1708 1619 1780 πρέπει
1662 1710 1725 1762 τὸ

142 1801 269 1872 περὶ
299 1800 539 1871 Χριστοῦ
573 1802 978 1873 γεγραμμένον,
1022 1822 1040 1854 ι
1077 1803 1174 1867 Ὃς
1216 1804 1274 1855 ὲν
1323 1806 1443 1865 ταῖς
1489 1804 1725 1875 ἡμέραις

139 1891 239 1958 τῆς
276 1891 479 1964 σαρκὸς
524 1892 691 1947 αὑτοῦ
714 1935 727 1958 ,
774 1893 989 1962 δεήσεις
1026 1910 1085 1948 τε
1124 1894 1218 1947 καὶ
1257 1894 1539 1964 ἱκετηρίας
1587 1894 1723 1965 πρὸς

1839 1888 2042 1943 Christo
2100 1888 2363 1956 scriptum
2415 1902 2430 1939 :

138 1982 230 2035 τὸν
258 1983 557 2055 δυνάμενον
588 1985 780 2050 σώζειν
815 1986 977 2039 αὑτὸν
1009 1986 1074 2039 ἐκ
1105 1985 1357 2049 θανάτου,
1393 1986 1530 2057 μετὰ
1558 2003 1728 2057 κραυη

139 2074 243 2142 γῆς
276 2075 505 2146 ἰσχυρᾶς
530 2076 623 2129 καὶ
647 2073 902 2146 δακρύων
932 2076 1325 2148 προσενέγκας,
1360 2077 1452 2129 καὶ
1476 2078 1729 2129 εἰσακου-

142 2165 287 2230 σθεὶς
334 2167 445 2219 ἀπὸ
486 2166 588 2237 τῆς
617 2167 940 2234 εὐλαϐείας,
965 2168 1166 2240 καίπερ
1204 2167 1281 2221 ὢν
1313 2167 1460 2231 Υἱὸς,
1501 2166 1723 2239 ἔμαθεν,

139 2259 231 2328 ἀρ’
255 2252 331 2313 ὧν
375 2258 564 2325 ἔπαθε,
598 2259 697 2333 τὴν
729 2260 997 2334 ὑπακοὴν,
1030 2261 1126 2314 καὶ
1150 2258 1476 2323 τελειωθεὶς,
1512 2259 1730 2329 ἐγένετο

138 2354 250 2416 τοῖς
303 2352 674 2407 ὑπακούουσιν
720 2352 871 2424 αὐτῷ
910 2352 1085 2417 αἴτιος
1139 2353 1413 2423 σωτηρίας
1459 2352 1699 2424 ἀκαταῇ

140 2461 266 2497 τουε
296 2463 314 2495 ›
357 2445 703 2518 προσεποίσω
744 2446 802 2499 δὲ
856 2447 1079 2499 κάκεῖνο
1117 2440 1199 2508 οἷς
1247 2445 1406 2517 ἔφην,
1441 2445 1532 2511 τὸ,
1574 2464 1592 2497 ι

146 2554 267 2605 μου,
307 2535 409 2589 Θεέ
455 2553 578 2609 μου,
610 2537 696 2591 ἵνα
730 2537 783 2590 τί
819 2553 886 2607 με
927 2536 1318 2606 ὲγκατέλιπες;
1348 2554 1366 2587 ι
1410 2535 1731 2589 Ἀπεοικότα

143 2629 251 2701 γὰρ
292 2624 432 2683 εἷναί
467 2647 601 2698 φασι
634 2630 702 2683 τὰ
735 2630 914 2684 τοιάδε
962 2629 1040 2702 τῷ
1074 2628 1192 2700 Θεῷ
1234 2628 1413 2699 Λόγῳ,
1444 2628 1538 2682 καὶ
1569 2628 1732 2699 ηττῆ-

104 2710 113 2719 ⁷
144 2716 267 2772 σθαι
294 2720 431 2772 πολὺ
458 2719 557 2782 τῖες
589 2720 814 2790 ἐνούσης
838 2719 1117 2791 ὑπεροχῆς
1145 2718 1295 2790 αὐτῷ
1319 2718 1487 2789 φαίην
1514 2717 1599 2772 ἄν.

216 2984 279 3038 Λ.
324 2985 513 3054 ’Ἱσημι
560 2986 653 3037 καὶ⁵
684 2984 847 3049 αὐτὸς
890 2983 1021 3054 ἐγὼ,
1089 2984 1163 3056 μὴ
1201 2984 1267 3039 ἂν
1299 2984 1543 3057 ἁρμόσαι
1577 2983 1735 3037 ταυτὶ

144 3075 221 3145 τῷ
265 3078 330 3128 ὲκ
363 3076 499 3129 Θεοῦ
549 3076 791 3148 Πατρὸς.
839 3118 852 3130 .
896 3118 908 3131 .
954 3117 968 3131 .
1013 3118 1025 3131 .
1070 3077 1251 3148 Λόγῳ,
1282 3076 1609 3140 ὲξωσθέντος
1638 3074 1733 3129 τοῦ

144 3166 488 3236 τρόπου¹τῆς
521 3167 862 3237 οἰκονομίας,
911 3168 1006 3220 καὶ
1058 3168 1157 3221 οὐκ
1200 3166 1566 3236 είσδεχθέντος
1598 3167 1734 3238 πρὸς

146 3258 305 3329 ημῶν
375 3258 500 3323 τοῦ,
553 3260 633 3312 ὃτι
685 3236 878 3327 γέγονε
937 3258 1075 3331 σὰρξ
1124 3258 1268 3313 κατὰ
1330 3260 1431 3323 τὰς
1486 3260 1525 3312 Γ
1534 3236 1804 3331 {savage

159 3353 381 3424 Ἐπειδὴ
412 3354 469 3405 δὲ
504 3353 640 3424 πρὸς
669 3352 825 3405 τοῦτο
854 3353 1299 3424 διερηρείσμεθα,
1329 3353 1425 3406 καὶ
1452 3352 1513 3406 τὸ
1538 3352 1738 3406 evecta-

144 3445 263 3511 ζειν
294 3447 433 3509 ὅλως
459 3446 779 3510 δυσσεϐείας
841 3445 956 3517 ἔχει
1008 3445 1249 3516 γραφὴν,
1291 3447 1425 3517 φέρε
1461 3446 1563 3515 τῆς
1595 3448 1739 3500 οίκο-

144 3542 342 3609 νομίας
366 3541 427 3593 τὸ
462 3540 643 3611 βάθος,
667 3540 741 3603 ὡς
768 3540 867 3602 Ξνι,
900 3538 1429 3608 κατασκεπτώμεθα.
1468 3538 1735 3607 Ἐπὲφανε

144 3630 329 3683 τοίνυν
384 3633 518 3701 ἡμῖν
571 3632 628 3682 ὲν
667 3629 797 3682 εἴδει
849 3628 928 3698 τῷ
980 3629 1101 3682 καθ’
1148 3630 1296 3700 ἡμᾶς
1347 3630 1375 3682 ὁ
1407 3630 1472 3681 ὲκ
1529 3629 1735 3698 Κυρίου

149 3722 363 3792 Πατρὺς
424 3722 632 3791 Λόγος,
680 3721 819 3775 κατὰ
878 3720 1105 3793 μυρίους
1153 3722 1310 3785 ὅσους
1366 3721 1576 3790 ὀνήσων
1621 3720 1741 3791 τρόο

150 3831 286 3877 πους
326 3816 395 3869 τὰ
428 3815 769 3887 ἀνθρώπινα,
823 3816 918 3868 καὶ
962 3815 1294 3881 καταδείξων
1352 3810 1412 3868 εὗ
1454 3814 1600 3886 μάλα
1639 3814 1740 3885 τὴν

148 3906 230 3969 είς
280 3908 391 3960 πᾶν
421 3908 599 3960 ὁτιοῦν
634 3906 742 3959 τῶν
783 3905 1252 3977 τεθαυμασμένων
1297 3906 1740 3974 ἁποκομίζουσαν

147 3998 360 4069 τρίϐον.
407 3997 517 4053 Ἦν
566 3996 660 4054 οῦν
706 4000 1004 4068 ἀναγκαῖον
1048 3998 1373 4069 ἀναμαθεῖν,
1431 3997 1741 4069 πειρασμοῦ

150 4090 513 4154 καταθέοντος
553 4093 679 4153 τοὺς
707 4091 809 4161 τῆς
847 4093 927 4153 είς
955 4089 1088 4143 Θεὸν
1119 4090 1339 4160 ἀγάπης
1372 4090 1534 4143 ἕνεκα
1565 4088 1734 4141 κινδυ-

151 4182 436 4247 νεύοντας,
469 4185 684 4249 ὁποίους
729 4186 878 4248 τινας
908 4181 1047 4239 εἶναι
1080 4185 1184 4257 χρὴ
1236 4186 1360 4248 τοὺς
1407 4184 1506 4256 τὴν
1544 4184 1743 4238 εὐκλεᾶ

152 4269 248 4320 καὶ
277 4270 557 4341 ἐξαίρετον
591 4272 864 4326 πολιτείαν
900 4274 992 4325 καὶ
1022 4272 1168 4343 ζωὴν
1201 4273 1498 4344 κατορθοῦν
1526 4274 1741 4345 ᾑρημέ-

153 4374 311 4424 νους,
361 4363 568 4433 πότερα
603 4363 954 4433 μεθιεμένους
984 4365 1080 4416 καὶ
1129 4365 1532 4429 ἁναπίπτοντας
1574 4367 1653 4429 εἰς
1682 4366 1743 4419 τὸ

156 4448 421 4521 ῥᾴθυμον,
461 4455 554 4507 καὶ
587 4455 686 4508 οὐκ
718 4455 775 4506 ὲν
811 4455 987 4526 καιρῷ
1016 4457 1337 4527 τρυφῶντας
1378 4459 1474 4512 καὶ
1515 4458 1742 4528 εύρυνο-

1823 613 2010 653 rursus
2032 597 2172 652 alius
2201 599 2422 666 quidam
2457 610 2488 649 e
2518 596 2722 649 sanctis
2751 612 2765 647 :
2795 611 2814 641 σ
2853 591 3182 655 lllnminare,
3203 590 3396 659 inquit,

1821 689 2143 745 Jerusalem.
2194 689 2356 743 Venit
2402 689 2545 741 enim
2585 689 2761 740 lumen
2791 693 2969 747 tuum,
2998 694 3051 737 et
3083 683 3253 752 gloria
3294 681 3397 735 Do-

1826 784 1955 838 mini
2002 799 2165 852 super
2208 792 2260 835 te
2308 794 2427 836 orta
2461 791 2565 835 est.
2590 781 2724 846 Quia
2748 794 2877 833 ecce
2903 777 3133 831 tenebrat
3156 775 3398 845 operient

1824 885 2047 941 terram,
2078 884 2133 930 et
2153 874 2330 945 caligo
2363 872 2620 943 populos:
2669 885 2831 940 super
2878 878 2931 923 te
2968 876 3148 922 autem
3195 867 3401 921 orietur

1825 969 2107 1031 Dominus,
2164 976 2218 1021 et
2252 966 2418 1036 gloria
2475 966 2593 1035 cjns
2624 964 2677 1016 in
2734 975 2789 1017 te
2842 962 3111 1015 videbitur
3149 960 3216 1014 θ’.
3253 977 3271 1010 ι
3338 958 3397 1012 Et

1823 1057 2057 1116 Jacobus
2088 1061 2206 1130 ejus
2234 1058 2530 1129 discipulus
2565 1076 2577 1111 :
2620 1076 2637 1109 ι
2703 1055 2943 1117 Fratres,
2980 1053 3178 1122 inquit,
3237 1050 3402 1106 nolite

1826 1152 1879 1208 in
1928 1167 2280 1224 personarum
2333 1150 2653 1220 acceptione
2706 1149 2906 1201 habere
2976 1145 3136 1200 ﬁdem
3192 1144 3401 1198 Domini

1826 1246 1994 1301 nostri
2048 1243 2172 1300 Jesu
2236 1244 2437 1298 Christi
2473 1243 2657 1311 glorize
2681 1240 2745 1293 ⁸³.
2790 1258 2805 1287 ι
2842 1238 3034 1292 Petrus
3090 1252 3256 1289 vero:
3289 1256 3306 1286 ι
3346 1233 3403 1289 Si

1824 1337 2226 1407 exprobrantini
2260 1337 2309 1388 in
2330 1336 2569 1400 Christo,
2604 1334 2744 1387 beati
2781 1332 2957 1393 eritis,
2980 1330 3233 1398 quoniam
3263 1329 3404 1397 quod

1826 1441 1912 1485 est
1949 1431 2170 1484 honoris
2200 1429 2382 1498 gluria‘
2426 1439 2482 1483 et
2528 1427 2744 1479 virtutis
2789 1425 2907 1485 Dei,
2956 1433 3010 1477 et
3039 1422 3129 1493 qui
3170 1430 3250 1476 est
3293 1422 3408 1491 ejus

1828 1522 2060 1591 Spiritus
2090 1537 2252 1590 super
2297 1536 2391 1575 vos
2426 1520 2731 1588 requiescet
2759 1518 2824 1571 “.
2861 1537 2878 1569 ι

1899 1699 2064 1773 ⁵154Ι
2096 1698 2157 1753 Β.
2195 1697 2479 1753 Sufﬁciunt
2502 1698 2611 1769 jam
2658 1699 2795 1753 haec.
2829 1698 3097 1754 Caeterum
3145 1697 3246 1751 hoc
3278 1697 3407 1750 mihi

1831 1796 1981 1850 dicas
2022 1794 2204 1859 velim,
2258 1793 2537 1863 quonmdo
2597 1792 2999 1861 intelligendum
3047 1790 3119 1844 sit
3167 1790 3292 1844 illud
3346 1792 3411 1843 (lu

2484 1903 2502 1936 ι
2570 1885 2671 1952 Qui
2725 1884 2777 1939 iu
2831 1884 3019 1938 diebus
3079 1885 3262 1938 carnis
3302 1899 3412 1937 sua)

1831 1996 2017 2051 preres
2045 1978 2573 2051 supplicationesque
2623 1976 2689 2031 ad
2733 1992 2856 2032 eum
2895 1977 2987 2046 qui
3025 1976 3197 2047 possit
3239 1977 3410 2045 ipsum

1830 2074 2036 2129 salvum
2087 2073 2270 2128 facere
2319 2090 2348 2126 a
2395 2083 2569 2127 morte
2610 2088 2730 2127 cum
2770 2073 3007 2127 clamore
3055 2071 3235 2127 valido
3258 2082 3313 2125 et
3338 2072 3414 2124 l:i-

1831 2167 2031 2239 crymis
2075 2164 2332 2230 offerens,
2368 2166 2657 2219 exauditus
2697 2176 2783 2220 est
2805 2181 2903 2234 pro
2941 2180 3040 2219 sua
3084 2167 3409 2221 reverentia.

1831 2258 1897 2314 Et
1926 2260 2141 2327 quidem
2170 2244 2294 2314 cum
2330 2267 2479 2314 esset
2508 2256 2679 2313 Filius
2713 2257 2829 2325 Dei,
2869 2258 3059 2313 didicit
3088 2270 3152 2311 ex
3192 2258 3259 2311 iis
3295 2273 3413 2327 «ιιιτε

1833 2366 2021 2420 passus
2056 2337 2168 2417 est,
2236 2350 2626 2405 obedientiam.
2655 2349 2724 2405 Et
2773 2359 3185 2405 consummatus
3242 2350 3416 2404 factus

1832 2457 1915 2499 est
1985 2443 2239 2500 omnibus
2285 2442 2793 2511 obtemperantibus
2844 2442 2947 2497 sihi
3002 2456 3166 2497 causa
3224 2441 3416 2496 salutis

1832 2546 2046 2591 πίθηκε
2071 2537 2138 2591 ⁸⁵.
2204 2554 2221 2587 ο
2278 2533 2542 2604 Adjiciam
2604 2549 2735 2589 vero
2791 2534 2952 2589 dictis
3017 2535 3180 2589 etiam
3238 2533 3413 2588 illud:

1840 2647 1859 2679 ι
1892 2629 2031 2683 Dens
2059 2644 2233 2691 meus,
2259 2628 2403 2683 Deus
2427 2642 2599 2689 meus,
2622 2642 2793 2697 quare
2812 2643 2898 2683 me
2920 2627 3251 2697 dereliquisti
3281 2627 3358 2680 ⁸σῖ
3394 2647 3412 2679 ι

1832 2718 2021 2777 Aliena
2049 2722 2191 2776 enim
2244 2722 2358 2776 haec
2415 2736 2537 2777 esse
2567 2721 2753 2776 dicunt
2803 2737 2832 2774 a
2884 2721 2993 2775 Deo
3029 2720 3221 2787 Verbo,
3254 2732 3419 2789 atque

1833 2828 1933 2883 ego
1967 2814 2181 2883 quidem
2215 2802 2478 2883 dignitate
2513 2813 2683 2883 ipsius
2716 2823 2879 2883 atque
2908 2812 3227 2868 excellentia
3263 2814 3419 2884 longe

1834 2906 2093 2964 inferiora
2122 2922 2184 2963 ea
2210 2923 2331 2964 esse
2361 2907 2742 2975 indicaverim.

1905 2998 1972 3055 A.
2025 2999 2163 3065 Quin
2229 3008 2286 3053 et
2349 3012 2448 3070 ego
2471 3002 2589 3070 ipse.
2645 2999 2806 3055 facile
2855 3001 3095 3075 intelligo
3142 3002 3258 3058 lizec
3312 3020 3418 3059 non

1837 3091 2129 3146 convenire
2159 3090 2337 3146 Verbo
2365 3093 2549 3162 genito
2571 3107 2638 3146 ex
2676 3091 2787 3149 Deo
2834 3092 3015 3158 Patre,
3075 3094 3119 3150 si
3176 3095 3303 3151 illud
3354 3099 3422 3149 ab

1838 3183 2308 3239 administratione
2364 3187 2417 3239 in
2476 3200 2643 3241 carne
2688 3200 3090 3253 removeamus,
3122 3204 3296 3259 neque
3323 3190 3420 3244 ad-

1839 3276 2119 3330 mittamus
2166 3276 2219 3330 id
2244 3277 2388 3345 quod
2444 3274 2726 3347 Scriptura
2784 3287 3038 3345 testatur,
3081 3282 3223 3351 quod
3255 3282 3418 3336 nimi-

1838 3383 1958 3424 rum
1992 3368 2166 3424 factus
2194 3372 2267 3423 sit
2292 3385 2440 3424 caro.
2476 3370 2609 3424 Cum
2645 3386 2770 3425 vero
2806 3371 2910 3426 hoc
2967 3372 3197 3428 ﬁrmiter
3233 3383 3420 3430 tenea-

1839 3476 1961 3516 mus
2018 3470 2072 3515 et
2124 3462 2389 3516 dubitatio
2453 3462 2560 3518 hac
2607 3463 2659 3516 in
2713 3478 2773 3517 re
2820 3478 2942 3517 cum
3018 3464 3296 3534 impietate
3349 3471 3421 3523 sit

1839 3554 2160 3623 conjuncta,
2212 3555 2607 3610 incarnationis
2640 3556 2961 3627 mysterium
3011 3569 3272 3626 quantum
3304 3561 3418 3615 ﬁeri

1840 3656 2015 3717 potest
2046 3649 2463 3717 perpendamus.
2490 3648 2756 3718 Apparuit
2794 3649 2977 3715 itaque
3011 3651 3167 3707 nobis
3188 3651 3419 3707 Verbum

1839 3753 1905 3792 ex
1943 3738 2053 3793 Deo
2092 3739 2146 3794 in
2203 3739 2377 3793 forma
2408 3749 2605 3794 nostrae
2662 3740 2849 3805 simili,
2918 3742 3217 3797 innumeris
3252 3747 3425 3799 modis

1841 3831 2132 3886 humanam
2184 3844 2436 3887 naturam
2496 3830 2721 3900 juvans,
2765 3833 3075 3904 optimeque
3126 3838 3281 3892 nobis
3329 3840 3426 3893 de—

1842 3933 2152 3977 monstrans
2191 3923 2333 3977 viam
2368 3937 2488 3991 quae
2540 3924 2608 3978 ad
2654 3924 2861 3993 optima
2917 3941 3147 3997 quinque
3184 3929 3422 3983 deducit.

1842 4013 2074 4069 Necesse
2112 4015 2298 4084 itaque
2349 4024 2466 4069 erat
2529 4026 2587 4071 ut
2633 4015 2966 4080 diceremus,
3025 4034 3149 4073 cum
3196 4024 3426 4076 teutatio

1844 4105 2052 4159 invadit
2103 4119 2197 4159 eos
2255 4106 2346 4174 qui
2399 4105 2468 4161 ob
2513 4106 2857 4162 dilectionem
2892 4108 2987 4162 Dei
3027 4110 3423 4179 periclitantur,

1842 4196 2032 4267 quales
2066 4204 2317 4273 oporteat
2350 4212 2469 4253 esse
2492 4213 2588 4254 eos
2616 4201 2707 4269 qui
2749 4200 3074 4256 laudabilem
3104 4211 3265 4271 atque
3306 4203 3423 4257 exi-

1844 4290 2008 4343 miam
2041 4289 2208 4342 vitam
2238 4289 2524 4346 instituere
2557 4292 2727 4346 velint
2767 4309 2782 4347 :
2833 4302 3015 4347 utrum
3042 4294 3109 4347 ad
3155 4294 3423 4363 ignaviam

1845 4396 2063 4451 pronos,
2100 4390 2155 4435 et
2196 4382 2404 4436 deliciis
2443 4384 2686 4447 deditos,
2722 4385 3091 4456 hilaritatique
3145 4398 3201 4440 et
3231 4389 3427 4457 gaudi”

1845 4472 2084 4526 animum
2112 4476 2355 4529 laxantes
2386 4493 2399 4529 :
2430 4490 2497 4528 an
2531 4476 2709 4545 potius
2742 4493 2845 4530 una
2888 4479 3138 4547 precibus
3163 4480 3426 4542 intentos,

158 4540 357 4608 μένους
383 4548 461 4610 είς
490 4546 773 4617 εὐθυμίαν,
801 4548 832 4618 ἢ
870 4550 1313 4620 συντεινομένους
1339 4552 1418 4613 εἰς
1445 4551 1615 4617 λιτὰς,
1649 4553 1726 4605 κα¹

1846 4576 1900 4619 et
1949 4566 2311 4638 lacrymantes
2339 4583 2523 4622 coram
2590 4567 2874 4625 Salvatore
2938 4572 3109 4638 cerni,
3154 4585 3209 4627 et
3262 4574 3430 4643 ipsius

154 4627 597 4705 δεδακρυμένους
634 4638 862 4708 ὁρᾶσθαι
900 4638 978 4709 τῷ
1012 4641 1273 4705 σώζοντι,
1325 4643 1420 4696 καὶ
1466 4642 1566 4714 τὴν
1610 4661 1722 4715 παρ

156 4721 326 4777 αὑτοῦ
372 4728 643 4799 διψῶντας
693 4731 1034 4801 ἐπικουρίαν,
1082 4736 1175 4786 καί
1212 4734 1394 4803 μέντοι
1441 4737 1534 4789 καὶ
1581 4737 1739 4791 εὐαν-

155 4808 331 4884 δρίαν,
364 4818 525 4892 είπερ
565 4821 738 4876 ἕλοιτο
783 4823 877 4877 καὶ
906 4825 1098 4877 παθεῖν
1128 4826 1293 4895 ἡμᾶς.
1328 4827 1475 4880 Ἔδει
1517 4846 1576 4882 τε
1607 4828 1739 4900 πρὸς

156 4904 375 4992 τούτοις
422 4912 618 4967 εἰδέναι
672 4915 988 4986 χρησίμως,
1037 4916 1157 4970 ὅποι
1199 4916 1328 4971 ποτὲ
1375 4919 1485 4991 ἄρα
1533 4919 1595 4973 τὸ
1641 4920 1743 4992 τῆς

159 4991 409 5070 ὑπακοῆς
449 5004 670 5069 διέξεισι
704 5005 878 5077 πέρας
898 5049 912 5068 ,
950 5008 1047 5059 καὶ
1087 5007 1175 5061 διὰ
1206 5009 1373 5063 ποίων
1400 5010 1619 5081 ἔρχεται
1650 4991 1743 5081 γεο

163 5086 295 5154 ρῶν,
323 5091 453 5158 ὅσος
472 5114 531 5149 τε
559 5099 651 5152 καὶ
675 5095 785 5163 οἷος
830 5099 931 5169 τῆς
956 5100 1235 5171 ὑπομονῆς
1256 5104 1285 5155 ὁ
1311 5103 1521 5173 μισθός.
1547 5105 1745 5173 Γέγονε

162 5178 341 5236 τοίνυν
360 5185 713 5254 ύποτύπωσις
737 5191 843 5245 τῶν
872 5192 1127 5247 τοιούτων
1153 5195 1285 5265 ἡμῖν
1319 5197 1348 5247 ὁ
1370 5197 1623 5269 Χριστὸς,
1651 5201 1746 5252 καὶ

164 5270 305 5339 πρός
335 5291 397 5343 γε
434 5281 591 5335 τοῦτο
621 5283 772 5352 ἡμᾶς
797 5283 1022 5354 ὲμπεδοῖ
1046 5284 1222 5353 λέγων
1259 5287 1289 5339 ὁ
1322 5287 1611 5353 θεσπέσιος
1642 5291 1746 5345 Πέ-

163 5374 312 5428 τρος·
354 5383 373 5416 ο
407 5369 567 5424 Ποῖον
601 5374 711 5443 γὰρ
738 5374 913 5439 κλέος,
944 5378 992 5429 εί
1022 5378 1428 5449 ἁμαρτάνοντες
1463 5383 1557 5436 καὶ
1586 5382 1744 5438 κολα-

165 5453 448 5524 φιζόμενοι
494 5464 827 5535 ὑπομένετε;
872 5467 1009 5520 Ἀλλ’
1042 5469 1088 5522 εί
1122 5469 1576 5538 ἀγαθοποιοῦντες
1609 5474 1743 5531 ὑπο-

166 5544 383 5613 μένετε,
429 5554 589 5608 τοῦτο
626 5557 784 5628 χάρις
848 5552 997 5630 παρὰ
1049 5560 1187 5631 Θεῷ,
1235 5564 1317 5616 ὃτι
1367 5565 1461 5618 καὶ
1511 5567 1743 5637 Χριστὸς

237 5745 585 5841 Τίέδθὲκιντ
615 5760 702 5841 ἕὲν
730 5759 854 5841 11-.
893 5764 937 5841 1’
972 5762 1069 5817 ιεπ-
1099 5781 1185 5828 ιικν
1218 5767 1328 5841 L2.
1404 5769 1448 5800 "
1477 5769 1591 5827 Jac.
1626 5788 1685 5841 ιι.
1730 5775 1753 5828 ι

164 5810 351 5870 Matth.
398 5810 702 5892 XXVll;
735 5810 854 5885 17-]

484 5920 760 5985 Ρλτῐιοι.
812 5926 925 5985 Gn.
979 5928 1135 5987 LXX
1150 5931 1215 5993 Υ.

1844 4660 2102 4713 auxilium
2158 4661 2316 4715 avide
2377 4670 2716 4731 appetentes,
2778 4662 3011 4734 fortique
3067 4667 3250 4721 animo
3292 4682 3429 4735 prte-

1845 4751 1987 4803 ditos
2036 4766 2181 4817 esse,
2237 4752 2281 4805 si
2317 4752 2479 4805 etiam
2529 4768 2626 4808 nos
2661 4756 2769 4825 pati
2808 4757 3060 4811 voluerit.
3111 4756 3427 4813 Cunsnltum

1846 4853 2104 4914 prazterea
2157 4856 2277 4899 erat
2315 4848 2456 4903 scire
2512 4849 2634 4918 quis
2690 4851 2763 4903 sit
2804 4850 3125 4905 obedientiai
3176 4850 3319 4915 ﬁnis,
3376 4862 3429 4906 et

1846 4934 2022 5003 qualis
2060 4949 2372 5007 quantaque
2398 4938 2695 4994 tolerantia)
2750 4954 2960 4995 merces
3003 4940 3076 4995 sit
3130 4939 3427 5010 proposita.

1853 5025 2056 5081 llorum
2118 5030 2305 5097 itaque
2369 5033 2610 5087 omnium
2671 5031 2839 5101 ﬁgura
2896 5042 3062 5102 atque
3124 5032 3430 5102 exemplum

1854 5118 2009 5171 nubis
2064 5118 2235 5175 {actus
2304 5130 2388 5175 est
2439 5120 2710 5187 Christus,
2767 5124 2911 5191 quod
2957 5133 3012 5175 et
3064 5122 3280 5177 divinus
3344 5112 3428 5178 ille

1852 5208 2043 5266 Petrus
2076 5212 2361 5268 conﬁrmat
2384 5214 2569 5269 dicens
2600 5232 2614 5268 :
2652 5232 2671 5267 ι
2706 5212 2838 5281 Quae
2874 5215 3019 5269 enim
3064 5225 3146 5270 est
3200 5214 3337 5280 laus,
3386 5216 3429 5269 si

1851 5311 2140 5370 peccantes
2204 5312 2260 5357 et
2310 5305 2633 5374 colaphizati
2690 5306 2988 5363 suﬁertis?
3035 5306 3139 5361 Sed
3191 5306 3237 5362 si
3297 5308 3431 5362 bene

1855 5389 2113 5449 facientes
2140 5396 2409 5464 patienter
2466 5399 2768 5465 sustinetis,
2792 5399 2907 5455 hac
2945 5408 3028 5452 est
3070 5398 3242 5469 gratia
3293 5400 3432 5468 apud

1855 5482 2020 5540 Deum
2052 5475 2068 5538 ε
2097 5487 2223 5558 quia
2249 5497 2306 5543 et
2324 5488 2571 5545 Christus
2599 5505 2793 5559 passus
2810 5498 2892 5545 est
2919 5505 3015 5559 pro
3059 5488 3232 5552 vobis,
3265 5489 3432 5543 relin-

1853 5588 2026 5641 quens
2048 5575 2199 5630 vobis
2220 5579 2525 5649 exemplum
2545 5590 2602 5634 ut
2623 5583 2921 5652 sequamini
2943 5580 3162 5652 veStigia
3176 5580 3372 5648 ejus".
3412 5601 3431 5633 ι
3475 5655 3487 5668 ι

1765 5813 1779 5827 .
1858 5776 1902 5808 ⁸⁸
1929 5758 2118 5834 ΙΡειτ.
2144 5793 2219 5847 tv,
2255 5778 2344 5835 Η.
2420 5782 2463 5812 ⁸⁵
2493 5780 2655 5838 Hebr.
2682 5798 2734 5852 v,
2760 5784 2867 5838 7-9.
2974 5783 3178 5839 “Psal.
3208 5800 3320 5849 XM,
3362 5784 3384 5836 ί
3414 5799 3433 5851 ;

2968 5946 3079 6046 ,42
