3846 6210
472 346 491 396 l
505 345 607 398 59.5

1454 336 1511 390 S.
1555 336 1833 392 LYRILLI
1875 336 2347 395 ALEXANDRlNl
2384 336 2703 395 ARCHl-EP.

3568 336 3687 392 ιεει

469 458 721 519 Pronum,
776 472 879 509 non
917 454 1115 508 nudum
1170 465 1225 508 et
1280 452 1667 509 exinanitionis
1722 468 1915 523 expers
1951 455 2038 510 Dei

2145 455 2416 510 ἀπέθανεν
2446 456 2588 527 ὑπὲρ
2626 453 2802 524 ὑμῶν,
2830 454 2958 523 ύμῖν
3006 450 3395 523 ὑπολιμπάνων
3427 452 3689 525 ὑπογραμο

468 542 727 609 Verbum,
753 543 912 615 755
934 544 1028 597 sed
1069 542 1123 598 in
1150 531 1337 597 diebus
1368 544 1549 598 carnis
1588 559 1698 598 suae
1733 544 1936 600 factum
1959 556 2041 600 est

469 634 625 688 nobis
674 633 977 702 exetnplum
1016 650 1032 700 ;
1067 636 1201 687 adeo
1265 642 1322 686 ut
1384 634 1521 687 citra
1567 635 2033 703 reprehensionem

470 728 625 781 liceat
663 726 711 779 ei
739 725 985 779 humanis
1018 725 1260 779 moribus
1301 724 1400 789 uti,
1434 734 1490 779 et
1532 740 1723 796 preces
1744 726 1957 790 oll‘erre,
1990 735 2043 781 et

470 819 737 889 lacrymas
799 816 1146 887 profundere,
1208 823 1262 870 et
1314 815 1652 873 Salvatorem
1725 828 2042 889 exspectare

468 920 629 977 atque
673 907 986 977 implorare,
1039 916 1092 961 et
1121 906 1486 961 obedientiam
1539 908 1771 969 discere,
1828 906 2041 960 tametsi

467 1002 537 1053 sit
567 998 755 1053 Filius.
775 998 1047 1071 Attonitus
1071 998 1215 1051 enim
1243 998 1644 1067 quodammodo
1669 998 1769 1053 fuit
1800 998 2041 1071 mysterii

467 1089 839 1160 magnitudine
884 1088 1173 1158 Apostolus
1237 1086 1441 1157 Spiritu
1478 1087 1715 1153 aﬂlatus,
1774 1089 1917 1158 quod
1948 1104 2045 1143 na-

468 1192 583 1234 tura
617 1195 683 1236 ac
711 1195 838 1237 vere
860 1182 1132 1236 exsistens
1152 1179 1345 1247 Filius,
1397 1189 1454 1235 et
1487 1180 1666 1236 divina
1703 1180 1874 1250 gloria
1905 1178 2043 1234 emi-

466 1290 622 1342 nens,
677 1275 911 1345 seipsum
956 1274 1024 1327 ad
1070 1289 1190 1328 eam
1245 1273 1600 1329 humilitatem
1648 1271 1947 1337 demiserit,
1986 1280 2044 1326 ut

466 1370 713 1424 humanae
743 1368 936 1439 inopiae
958 1366 1218 1441 vilitatem
1252 1367 1435 1422 subire
1464 1382 1571 1424 non
1596 1368 1883 1423 recusarit.
1913 1365 2041 1433 Sed,

466 1472 523 1515 ut
554 1461 684 1526 dixi,
736 1461 935 1532 negotii
988 1459 1150 1530 hujus
1207 1459 1511 1530 exemplum
1564 1459 1631 1513 ad
1684 1473 1781 1514 nos
1850 1475 2044 1530 magno

466 1564 650 1608 nostro
699 1552 981 1607 commodo
1052 1550 1329 1622 spectabat
1376 1568 1391 1604 :
1443 1557 1502 1603 ut
1550 1549 1875 1605 doceremur
1938 1566 2042 1606 non

466 1647 665 1699 debere
688 1658 787 1698 nos
822 1644 874 1698 in
923 1642 1081 1696 aliam
1120 1643 1259 1696 viam
1305 1641 1612 1706 deﬂectere,
1649 1657 1773 1697 cum
1831 1650 2043 1712 tempus

466 1734 832 1788 fortitudinem
858 1741 1082 1803 poscat;
1105 1734 1248 1803 quod
1283 1732 1365 1786 vel
1403 1733 1528 1787 hinc
1552 1733 1754 1803 optime
1775 1733 2041 1802 quiSpiam

2145 546 2263 616 μὸν,
2296 548 2382 600 ἴνα
2416 544 2889 615 ἐπακολουθήσητε
2918 545 3032 606 τοῖς
3062 543 3266 614 ἴχνεσιν
3305 543 3486 602 αὐτοῦ.
3509 564 3528 597 r
3565 547 3691 601 Οὔκ-

2140 638 2253 702 οῦν,
2296 640 2355 691 οὐ
2388 637 2589 708 γυμνὸς
2617 635 2691 690 ὢν
2720 635 2800 688 ἔτι
2835 635 2930 688 καλ⁸
2960 635 3072 689 τῶν
3100 635 3200 705 τῆς
3233 633 3509 699 κενώσεως
3542 638 3691 708 ἀμέτ-

2140 744 2264 797 οχος
2294 729 2512 799 τρόπων
2533 728 2561 779 6
2586 726 2680 780 τοῦ
2735 725 2871 779 Θεοῦ
2898 725 3090 794 Λόγος,
3120 724 3233 779 ἀλλ’
3259 728 3317 779 ὲν
3344 730 3460 789 ταῖς
3480 728 3693 799 ἡμέραις

2140 821 2239 891 τῆς
2279 820 2479 891 σαρκὸς
2518 817 2682 873 αὑτοῦ
2727 817 2950 887 γέγονεν
2996 819 3130 889 ⁴ἡμῖν
3190 818 3568 889 ὑπογραμμδς,
3611 821 3692 875 ἄτα

2142 912 2235 965 καὶ
2258 911 2676 983 ἀνεπιπλήκτως
2706 909 2825 974 ὲξδν
2861 909 3010 980 αὐτῷ
3037 912 3147 973 τοῖς
3176 913 3277 981 τῆς
3310 910 3694 984 ἀνθρωπύτητος

2142 1002 2377 1073 χρῆσθαι
2410 1003 2653 1074 μέτροις,
2690 1002 2785 1056 καὶ
2811 1001 3089 1055 ἀνατεῖναι
3119 1000 3295 1070 λιτὴν,
3325 1003 3414 1055 καὶ
3446 1006 3697 1059 καταστά-

2146 1094 2232 1159 ξαι
2274 1094 2529 1165 δάκρυον,
2574 1094 2668 1147 καὶ
2711 1093 2891 1146 δοκεῖν
2928 1092 3033 1163 ήδη
3081 1109 3198 1155 πως
3247 1093 3343 1145 καὶ
3385 1094 3584 1149 δεῖσθαι
3616 1093 3697 1148 τοῦ

2146 1182 2431 1247 σώζοντος,
2460 1184 2553 1237 καὶ
2586 1182 2879 1252 μανθάνειν
2928 1182 3026 1252 τὴν
3056 1182 3326 1254 ὑπακοὴν,
3356 1182 3552 1256 καίπερ
3586 1186 3699 1239 ὂντα

2144 1274 2291 1328 Υίόν.
2320 1275 2684 1347 Κατατέθηπε
2723 1275 2832 1346 γὰρ
2859 1272 3049 1345 ῶσπερ
3074 1273 3135 1327 τὸ
3169 1276 3463 1347 μυστήριον
3494 1279 3522 1329 6
3549 1293 3697 1330 πνευο

2147 1364 2473 1436 ματοφάρος,
2503 1366 2587 1418 ὅτι
2620 1362 2781 1433 φύσει
2818 1381 2879 1418 τε
2909 1366 3005 1418 καὶ
3032 1364 3249 1437 ἀληθῶς
3281 1366 3538 1437 ὑπάρχων
3570 1368 3698 1431 Υἱὸς,

2143 1455 2239 1509 καὶ
2264 1457 2376 1519 τοῖς
2400 1455 2499 1525 τῆς
2528 1454 2781 1527 θεότητος
2811 1456 3125 1527 αὐχήμασιν
3151 1457 3462 1529 ἐμπρεπὴς,
3485 1459 3701 1530 καθῆκεν

2144 1547 2334 1601 ἑαυτὸν
2366 1547 2445 1609 είς
2474 1548 2823 1615 ταπείνωσιν,
2844 1546 2921 1612 ώς
2950 1548 3051 1619 τῆς
3080 1548 3423 1621 ἀνθρωπίνης
3458 1552 3703 1622 πτωχείας

2145 1638 2396 1692 ὑπελθεῖν
2442 1638 2503 1692 τὸ
2552 1639 2986 1711 σμικροπρεπές.
3019 1639 3161 1693 Ἀλλ’
3200 1635 3267 1711 ἢν
3303 1643 3385 1705 εἰς
3426 1642 3599 1713 ἡμᾶς,
3638 1642 3705 1706 ὡς

2144 1730 2301 1801 ἔφην,
2329 1733 2357 1784 6
2378 1729 2473 1784 τοῦ
2505 1732 2828 1802 πράγματος
2851 1730 3043 1797 τύπος,
3074 1731 3233 1796 καλὸς
3261 1736 3356 1787 καὶ
3383 1734 3701 1806 ὀνησιφόροςο

468 1823 813 1877 intellexerit.
882 1821 1136 1877 Christus
1181 1822 1325 1877 enim
1380 1821 1507 1876 alibi
1555 1820 1772 1891 quidem
1826 1823 2038 1891 inquit:

2145 1819 2220 1883 ὠς
2253 1821 2313 1872 τό
2346 1837 2429 1873 τοι
2465 1820 2539 1891 μὴ
2569 1821 2766 1891 χρῆναι
2794 1820 3032 1892 διᾴττειν
3059 1824 3207 1895 ἡμᾶς
3250 1825 3329 1888 εἰς
3362 1825 3556 1897 ἑτέραν
3579 1826 3699 1890 ὁδὸν,

469 1934 487 1966 ι
520 1915 695 1971 Nolite
722 1916 911 1970 timere
937 1928 1032 1969 eos
1060 1914 1150 1985 qui
1182 1914 1520 1970 interficiunt
1542 1930 1765 1986 corpus,
1797 1916 2039 1971 animam

462 2020 641 2064 autem
704 2023 810 2062 non
867 2016 1095 2077 possunt
1146 2006 1395 2062 occidere
1438 2007 1579 2062 :sed
1630 2009 1809 2078 potius
1856 2007 2042 2064 timete

465 2115 584 2155 eum
647 2100 736 2169 qui
788 2108 961 2168 potest
990 2106 1044 2153 et
1076 2098 1314 2152 animum
1377 2106 1433 2154 et
1478 2113 1677 2170 corpus
1712 2099 1938 2168 perdere
1982 2098 2037 2154 in

466 2191 766 2261 gehennam
792 2190 857 2243 ⁸⁸.
896 2208 913 2241 ι
946 2189 1085 2243 Alibi
1115 2204 1243 2245 vero
1276 2206 1289 2242 :
1327 2207 1345 2240 ι
1392 2188 1449 2243 Si
1486 2189 1610 2261 quis
1642 2188 1759 2244 vult
1800 2199 1920 2260 post
1950 2203 2037 2245 me

467 2285 667 2343 venire.
692 2284 922 2353 abneget
952 2286 1327 2353 semetipsum,
1362 2291 1417 2337 et
1465 2281 1619 2337 tollat
1641 2298 1858 2337 crucem
1883 2297 2039 2338 suam

467 2384 517 2430 et
562 2383 818 2444 sequatur
853 2389 937 2429 nte
957 2373 1023 2428 ”.
1056 2391 1076 2426 ι
1130 2374 1283 2440 Quod
1341 2383 1524 2429 autem
1570 2384 1820 2446 Oporteat
1866 2376 2038 2446 ipsum

469 2468 637 2537 sequi,
679 2467 939 2537 quidnam
983 2466 1127 2538 aliud
1167 2466 1461 2536 signiﬁcet,
1494 2483 1656 2537 quam
1702 2468 1903 2524 debere
1942 2483 2041 2523 nos

468 2562 676 2614 .ortiter
717 2558 985 2614 obsistere
1048 2559 1463 2625 tentationibus,
1526 2574 1653 2615 cum
1700 2560 2042 2615 invocatione

470 2652 648 2706 auxilii
672 2652 860 2716 divini,
888 2666 994 2705 non
1022 2651 1360 2721 negligenter
1382 2665 1446 2705 ac
1474 2650 1720 2715 remisse,
1750 2652 1843 2706 sed
1864 2652 2042 2722 potius

470 2754 677 2799 nentes
704 2744 958 2813 precibus
980 2741 1421 2811 ferventissimis,
1452 2742 1570 2813 pias
1588 2744 1744 2798 nobis
1783 2758 1848 2798 ex
1873 2743 2043 2799 oculis

470 2850 729 2907 .acrytnas
763 2833 1183 2890 excutientibus.

2147 1910 2243 1962 καὶ
2281 1910 2342 1963 οὑ
2372 1909 2487 1982 [πο.
2514 1911 2733 1985 καιροῦ]
2758 1911 3049 1977 καλοῦντος
3078 1915 3157 1978 είς
3183 1914 3491 1985 εὐανδρίαν,
3515 1916 3702 1988 ἀναμά-

2144 2002 2228 2057 θοι
2258 2021 2344 2068 τις
2377 2004 2444 2059 ἂν
2478 2004 2752 2071 ἐντεῦθεν,
2794 2005 2888 2060 καὶ
2914 2006 3089 2078 ῥᾷστά
3112 2024 3174 2075 γε
3198 2007 3284 2079 δή.
3316 2009 3429 2063 ΚαὶΙ
3460 2010 3583 2079 γοῦν
3612 2012 3698 2082 ἔφη

2139 2097 2397 2169 Χριστὸς,
2439 2096 2569 2151 ποτὲ
2605 2097 2725 2168 μὲν,
2755 2098 2836 2151 ὅτι
2875 2099 2970 2153 καὶ
3009 2119 3027 2151 t
3057 2099 3150 2171 Μὴ
3191 2101 3447 2169 φοϐεῖσθε
3476 2103 3576 2157 ἀπὸ
3604 2104 3699 2158 τῶν

2143 2189 2581 2244 ἀποκτιννύντων
2614 2190 2675 2243 τὸ
2708 2192 2887 2263 σῶμα,
2940 2193 3038 2264 τὴν
3068 2193 3126 2247 δὲ
3154 2193 3332 2266 ψυχὴν
3372 2196 3450 2267 μὴ
3491 2195 3697 2267 δυναμέ·

2145 2301 2252 2358 νων
2284 2283 2602 2336 ἀποκτεῖναι
2623 2300 2637 2314 ⁸
2673 2282 2949 2356 φοσήθητε
2973 2284 3031 2336 δὲ
3065 2285 3267 2355 μᾶλλον
3313 2286 3407 2340 τὸν
3435 2287 3698 2358 δυνάμενον

2145 2356 2441 2484 ’ψυχὴν
2470 2375 2752 2446 καὶσῶμα
2795 2375 3061 2431 ἀπολέσαι
3095 2378 3155 2430 ὲν
3191 2378 3420 2452 γεέννῃ·
3448 2397 3465 2429 ι
3500 2356 3618 2432 ποτὲ
3650 2380 3696 2432 δὲ

2136 2466 2226 2532 αὖ,
2279 2486 2297 2519 ι
2327 2466 2393 2520 Εί
2423 2484 2505 2531 τις
2543 2467 2685 2520 θέλει
2725 2468 2902 2522 ὀπίσω
2932 2486 3033 2540 μου
3078 2469 3273 2535 ἐλθεῖν,
3319 2470 3697 2543 ἀπαρνησάσθω

2138 2560 2351 2625 ἑαυτὸν,
2392 2561 2487 2614 καὶ¹
2519 2561 2709 2630 ἀράτω
2735 2561 2827 2617 τὸν
2856 2562 3089 2633 σταυρὸν
3119 2562 3337 2627 ἑαυτοῦ,
3373 2564 3469 2617 καὶ
3501 2563 3695 2617 ἀκολου⁹

2141 2651 2302 2705 θείτω
2336 2669 2445 2723 μοι.
2472 2671 2490 2704 ι
2525 2652 2597 2705 Τὸ
2629 2653 2688 2706 δὲ
2713 2652 2823 2708 δεῖν
2848 2654 3057 2708 οἴεσθαι
3093 2654 3515 2709 κατακολουθεῖν
3549 2654 3694 2724 αὐτῷ,

2138 2743 2193 2797 τί
2233 2743 2300 2798 ἂν
2332 2744 2520 2815 ἕτερον
2572 2744 2658 2815 εἴη
2704 2747 2855 2817 παρά
2882 2763 2944 2815 γε
2974 2746 3036 2799 τὸ
3060 2747 3253 2817 χρῆναι
3279 2746 3698 2818 κατανδρίζεσθαι

2143 2837 2484 2909 πειρασμῶν,
2516 2838 2654 2908 μετά
2680 2838 2775 2891 τοῦ
2801 2839 2901 2910 τὴν
2927 2840 3132 2894 ἄνωθεν
3169 2842 3495 2913 ἐπικουρίαν
3532 2842 3696 2900 αἰτεῖν.

472 2935 563 2989 οὐκ
592 2930 880 3003 ἀτημελῶς
913 2946 972 2983 τε
1000 2930 1092 2984 καὶ
1124 2928 1492 3001 παρειμένως,
1529 2929 1903 3001 κεχρημένους
1943 2930 2001 2985 δὲ
2043 2931 2247 3003 μᾶλλον
2273 2932 2446 2997 λιταῖς
2508 2935 2625 2996 ταῖς
2689 2935 3123 2999 ἐκτενεστάταις,
3155 2938 3250 2992 καὶ
3315 2937 3599 2999 καθιέντας
3620 2936 3701 3004 ὀμ-

469 3028 649 3100 ,ιάτων
672 3026 734 3079 τὸ
762 3025 821 3093 ἐξ
851 3024 1137 3089 εὗλαῦείας
1163 3024 1442 3096 δάκρυονςς

533 3119 592 3176 Β.
622 3117 789 3173 Recte
815 3119 916 3171 ais.
948 3117 1016 3170 At
1042 3117 1088 3171 si
1107 3117 1274 3184 dicat,
1306 3136 1323 3169 ι
1352 3118 1492 3175 Deus
1514 3120 1845 3188 meus,.Deus
1867 3136 2036 3184 meus,

2215 3115 2277 3169 B.
2314 3110 2386 3170 Εὖ
2427 3116 2593 3188 ἔφης
2629 3119 2678 3170 εί
2717 3117 2775 3171 δὲ
2805 3118 2869 3189 δὴ
2896 3119 3064 3187 λέγοι,
3108 3139 3127 3171 ι
3158 3120 3258 3174 Θεέ
3302 3138 3432 3190 μου,
3467 3123 3562 3176 Θεέ
3596 3142 3701 3193 μω,

468 3226 630 3282 quare
661 3224 747 3263 me
779 3207 1114 3278 dereliquisti
1143 3208 1239 3261 "°?
1274 3226 1293 3260 ι
1343 3210 1802 3277 existitnaverint,
1852 3221 1911 3265 ut
1947 3227 2037 3265 ar-

472 3296 652 3357 Jill'Ol',
706 3294 941 3348 hominis
992 3293 1255 3363 assumpti
1303 3310 1465 3350 voces
1505 3297 1623 3351 illas
1671 3312 1814 3365 esse,
1857 3295 2037 3351 alllicti

472 3387 744 3449 .nitnirum,
776 3386 976 3455 quique
995 3384 1200 3439 diutius
1249 3388 1570 3444 tentationis
1603 3388 1866 3443 insultum
1896 3388 2039 3443 ferre

472 3483 719 3544 .tequeat,
775 3484 868 3528 aut
917 3473 1117 3545 alioqui
1153 3490 1264 3544 prae
1318 3476 1548 3531 humana
1596 3479 2037 3547 pusillanimitate

472 3565 778 3620 maerentis.
828 3564 1105 3633 Siquidem
1153 3576 1207 3620 et
1260 3566 1535 3636 discipulis
1587 3569 1703 3622 suis
1748 3570 1819 3622 ita
1860 3569 2034 3623 dixit:

473 3676 490 3709 r
520 3656 717 3711 Tristis
770 3665 855 3711 est
906 3656 1083 3711 anima
1148 3672 1263 3711 mea
1297 3672 1467 3726 usque
1490 3660 1557 3712 ad
1617 3671 1845 3715 mortem
1871 3662 1915 3693 "
1952 3679 1966 3726 ;
2002 3680 2031 3714 ν»

476 3750 593 3818 {uin
635 3757 686 3802 et
728 3747 940 3801 Patrem
964 3762 1129 3802 suum
1183 3749 1257 3803 ita
1305 3750 1686 3818 compellavit:
1725 3751 1961 3817 «Tater,
1993 3756 2036 3809 si

472 3840 578 3894 ueri
604 3848 800 3909 potest,
856 3848 1146 3893 transeata
1170 3853 1256 3893 me
1306 3839 1445 3893 calix
1491 3844 1635 3896 ister:
1663 3854 2036 3901 verumtamen

474 3947 569 3987 Jon
600 3931 743 3987 sicut
773 3945 871 4001 ego
917 3932 1059 3996 volo,
1080 3934 1189 3987 sed
1218 3931 1359 3987 sicut
1386 3943 1441 3987 tu
1465 3934 1531 3988 ".
1567 3953 1587 3987 ι

534 4201 599 4255 Δ.
627 4200 790 4271 Atqui
821 4199 925 4254 hoc
951 4198 1140 4269 ipsum
1178 4197 1325 4253 nihil
1364 4199 1507 4253 aliud
1562 4208 1645 4254 est
1689 4217 1848 4271 quam
1894 4205 2037 4272 quod

471 4296 624 4350 modo
663 4294 898 4348 diximus
932 4310 947 4347 :
977 4311 997 4345 ι
1022 4291 1128 4359 Qui
1163 4294 1216 4347 in
1252 4293 1441 4349 diebus
1477 4297 1657 4350 carnis
1689 4311 1800 4351 suae
1847 4312 2037 4366 preces

473 4384 992 4457 :upplicationesque
1018 4384 1084 4438 ad
1110 4399 1232 4438 eum
1259 4385 1348 4455 qui
1381 4387 1551 4454 possit
1603 4387 1773 4456 ipsum
1827 4390 2034 4443 salvum

2145 3207 2230 3261 ἴνα
2261 3207 2313 3261 τί
2347 3224 2415 3279 με
2447 3208 2842 3277 ἐγκατέλιπες
2876 3228 2897 3261 ι
2930 3210 2957 3262 ὃ
2980 3227 3033 3263 τι
3064 3210 3130 3264 ἂν
3168 3210 3279 3284 ἄρα
3301 3214 3515 3266 συνεῖεν
3537 3214 3702 3279 aurci;

2141 3299 2388 3369 Οῖηθείεν
2423 3300 2510 3367 ἂν,
2534 3299 2608 3364 ῶς
2630 3318 2696 3370 γε
2722 3297 2877 3372 οϊμαί
2912 3319 3038 3367 που,
3072 3302 3169 3356 τοῦ
3208 3303 3607 3378 ἀναληφθέντος
3625 3308 3703 3361 ἀν-

2142 3389 2363 3462 θρώπου
2409 3391 2508 3456 τὰς
2536 3392 2790 3457 τοιαύτας
2818 3389 2959 3448 εἶναι
2991 3396 3195 3463 φωνὰς,
3236 3397 3571 3469 ἀκηδιῶντος
3594 3401 3705 3471 ἄρα,

2141 3484 2235 3535 καὶ
2267 3484 2469 3553 ἥκιστα
2520 3484 2619 3555 μὲν
2665 3486 2872 3558 οίστὴν,
2916 3487 3253 3560 δυσφόρητον
3297 3490 3358 3543 δὲ
3407 3492 3705 3562 ποιουμένου

2141 3573 2234 3627 τοῦ
2272 3576 2583 3646 πειρασμοῦ
2608 3576 2706 3648 τὴν
2720 3576 2985 3651 ἐφοδον,ἧ
3010 3598 3126 3643 πως
3156 3581 3438 3648 ἀλύοντος,
3461 3584 3534 3648 ὡς
3558 3585 3703 3647 εἰκὸς.

2143 3664 2203 3731 ἐξ
2252 3666 2604 3738 ἀνθρωπίνης
2658 3670 3042 3741 μικροψυχίας.
3070 3673 3226 3727 Ἐπεὶ
3266 3675 3363 3728 καὶ
3408 3678 3519 3740 τοῖς
3554 3678 3705 3744 ἁγίοις

2144 3760 2349 3829 ἔφασκε
2396 3759 2664 3830 μαθηταῖς
2689 3780 2703 3794 ⁸
2755 3783 2774 3814 ι
2817 3764 3123 3833 Περίλυπός
3171 3767 3320 3820 ἐστιν
3364 3770 3403 3841 ἡ
3440 3770 3580 3841 ψυχή
3620 3786 3704 3841 μου

2143 3853 2248 3916 ἓως
2284 3852 2536 3906 θανάτου·
2570 3871 2588 3904 ι
2627 3854 2971 3924 προσέπιπτε
3002 3856 3059 3910 δὲ
3100 3859 3197 3911 καὶ
3236 3859 3391 3931 αὐτῷ
3427 3862 3505 3932 τῷ
3530 3863 3700 3929 Πατρὶ,

2142 3943 2319 4010 λέγων
2338 3959 2351 3973 ο
2394 3962 2412 3995 ι
2447 3942 2652 4015 Πάτερ,
2684 3946 2733 3997 εί
2766 3944 3015 4013 δυνατὸν,
3046 3948 3369 4020 παρελθέτω
3393 3953 3488 4006 ἀπ’
3508 3951 3631 4023 ἐμοῦ
3652 3954 3701 4004 τὸ

2142 4034 2400 4106 ποτήριον
2445 4033 2636 4088 τοῦτο·
2686 4035 2824 4107 πλὴν
2865 4037 2965 4109 οὐχ
3008 4039 3083 4105 ὡς
3127 4040 3238 4110 ἐγὼ
3278 4041 3453 4112 θέλω,
3639 4046 3700 4106 ὡς

2144 4140 2230 4179 συ.
2258 4144 2276 4177 ι

2211 4217 2275 4269 Α.
2317 4217 2426 4270 Καὶ
2450 4217 2568 4289 »μὴν
2597 4218 2756 4274 τοῦτό
2801 4220 2866 4289 γέ
2898 4222 3046 4275 ἐστιν
3082 4222 3268 4292 ἕτερον
3313 4226 3489 4292 οὐδὲν,
3526 4227 3557 4296 ᾖ
3587 4227 3700 4295 ὅπερ

2142 4303 2403 4375 ἐλέγομεν
2441 4308 2662 4378 ἀρτίως
2696 4328 2715 4361 ι
2751 4311 2845 4373 Ὃς
2875 4312 2933 4364 ὲν
2968 4314 3091 4376 ταῖς
3130 4314 3366 4384 ἡμέραις
3397 4316 3496 4384 τῆς
3526 4314 3700 4384 σαρκὸς

2142 4398 2329 4463 αὑτοῦ,
2360 4400 2573 4469 δεήσεις
2594 4419 2655 4455 τε
2686 4403 2779 4457 καὶ
2810 4404 3089 4475 ἱκετηρίας
3141 4406 3280 4475 πρὸς
3310 4408 3406 4461 τὸν
3431 4408 3701 4479 δυνάμενον

487 4491 695 4531 acerea
744 4485 917 4530 morte
978 4491 1099 4529 cum
1157 4475 1394 4530 clamore
1451 4478 1628 4532 valido
1672 4488 1727 4532 ct
1780 4479 2035 4552 lacrytnis

2145 4488 2336 4553 σώζειν
2364 4492 2527 4546 αὑτὸν
2556 4494 2620 4547 ἐκ
2643 4493 2897 4558 θανάτου,
2928 4497 3067 4565 μετά
3096 4502 3341 4568 κραυγῆς
3374 4475 3600 4573 ἰσχυράς
3620 4503 3700 4553 καὶ

476 4568 658 4621 ὠιυιὶι
688 4567 753 4618 ⁷³.
779 4585 808 4618 θ
858 4564 914 4620 Si
949 4566 1073 4633 quis
1098 4581 1225 4620 vero
1260 4568 1534 4622 existimat
1577 4583 1642 4622 eo
1675 4570 2039 4637 pusillanimi-

475 4660 590 4711 .atis
621 4658 904 4711 devenisse
946 4657 1245 4721 Christum,
1276 4665 1334 4710 ut
1376 4672 1647 4714 summum
1696 4661 1939 4717 dolorem
1970 4677 2039 4719 ex

474 4749 737 4814 ‘rLtS‘lOlliS
804 4750 1147 4803 intolerantia
1221 4752 1550 4819 conceperit,
1627 4762 1773 4807 metu
1838 4755 2036 4822 victus,

475 4838 631 4910 156
669 4851 831 4908 atque
853 4839 1222 4893 imbecillitate
1260 4851 1590 4910 superatus;
1625 4842 1837 4900 incusat
1861 4845 2037 4914 ipsum

474 4930 730 4996 proiecto,
785 4938 845 4981 ut
890 4944 995 4982 non
1031 4929 1202 4982 Deum
1238 4945 1251 4983 :
1286 4928 1485 4984 frustra
1527 4944 1677 4998 vero,
1714 4943 2035 5004 ut‘apparet,

472 5034 641 5088 ipsum
672 5020 939 5073 censuerit
972 5018 1276 5089 increpasse
1304 5019 1553 5075 ePetrum.

539 5106 600 5161 B.
629 5108 747 5175 Quo
781 5121 937 5179 pacto
956 5109 982 5162 ’Β

540 5205 607 5255 Α.
637 5200 711 5255 Ita
742 5202 885 5255 enim
918 5202 1169 5259 Christus
1197 5204 1262 5258 ad
1301 5205 1520 5260 Petrum
1544 5206 1742 5278 inquit
1764 5229 1789 5265 λε
1838 5228 1859 5261 ι
1889 5211 2035 5266 ‘Ecce

472 5291 1403 5365 ascendimus'intllierosolyma,-et
1444 5297 1614 5354 Filius
1654 5302 1888 5357 hominis
1923 5314 2036 5359 tra-

473 5385 631 5435 detur
678 5381 733 5435 in
782 5398 973 5436 titanus
1025 5394 1390 5452 peccatorum,
1436 5398 1491 5443 et
1535 5388 1759 5446 illudent
1803 5393 1926 5462 ipsi,
1985 5404 2041 5451 et

473 5474 789 5543 cruciﬁgent
820 5489 963 5540 eum,
997 5485 1060 5530 et
1096 5476 1251 5531 tertia
1276 5468 1379 5535 die
1420 5492 1672 5553 resurget
1697 5484 1765 5538 7‘.
1797 5482 2037 5544 r-Petrus

2147 4580 2398 4652 δακρύων
2426 4586 2849 4654 προσενέγκας.»
2882 4589 2946 4641 Εἰ
2969 4589 3025 4641 δὲ
3067 4589 3128 4660 δή
3160 4606 3245 4653 τις
3263 4592 3435 4646 οἴεται
3460 4594 3701 4665 μικροψυ-

2146 4672 2271 4743 χίας
2299 4677 2377 4737 είς
2423 4675 2582 4729 τοῦτο
2610 4678 2933 4733 καθικέσθαι
2986 4681 3239 4753 Χριστὸν,
3283 4681 3614 4756 λελυπῆσθαι
3654 4686 3699 4738 δὲ

2146 4763 2241 4816 καὶ
2269 4764 2555 4835 ἀδημονεῖν
2582 4770 2870 4841 ἁφορήτως
2900 4771 3091 4841 ἔχοντα
3116 4773 3254 4844 πρὸς
3283 4772 3343 4827 τὸ
3371 4777 3583 4843 παθεῖν,
3609 4777 3697 4831 δέει

2144 4856 2521 4927 νενικημένον,
2568 4862 2661 4914 καὶ
2692 4861 2946 4934 ἀσθενείᾳ.
2984 4868 3417 4937 κεκρατημένον·
3456 4871 3695 4941 γράφεται

2145 4945 2245 5014 μὲν
2271 4946 2717 5020 ὁμολογουμένως
2748 4953 2911 5007 αὐτὸν
2937 4955 3011 5019 ὡς
3039 4958 3138 5011 οὐκ
3170 4960 3298 5015 ὄντα
3315 4961 3473 5025 Θεὸν,
3501 4962 3611 5031 εἰκῆ
3631 4961 3692 5017 δὲ.

2136 5035 2217 5098 ὡς
2246 5036 2444 5103 ἔοικεν,
2468 5041 2797 5113 ἀποφήνειεν
2824 5046 2889 5098 ἂν
2926 5048 3263 5118 ἐπιτιμῶντα
3292 5051 3373 5124 τῷ
3404 5054 3608 5124 Πέτρῳ.

2216 5129 2274 5183 Β.
2311 5127 2437 5194 Πῶς
2461 5131 2523 5203 δὴ
2555 5135 2689 5203 φής

2216 5223 2280 5274 Α.
2322 5222 2466 5294 Ἔφη
2504 5227 2602 5292 μὲν
2631 5227 2739 5299 γὰρ
2768 5231 2797 5282 6
2828 5230 3059 5301 Χριστός
3082 5249 3095 5262 ·
3134 5253 3152 5287 ι
3195 5234 3323 5289 Ἰδοὺ
3360 5237 3689 5306 ἀναϐαίνομεν

2144 5312 2222 5376 είς
2257 5314 2626 5389 Ἰεροσόλυμα,
2659 5322 2751 5375 καὶ
2791 5323 2820 5374 6
2860 5324 2987 5388 Υἱὸς
3020 5326 3114 5379 τοῦ
3161 5329 3453 5400 ἀνθρώπου
3485 5329 3669 5400 παραδερ

2145 5400 2368 5472 θήσεται
2422 5406 2502 5470 είς
2551 5412 2739 5480 χεῖρας
2802 5413 3166 5484 ἁμαρτωλῶν,
3218 5420 3314 5472 καὶ
3364 5420 3691 5491 ἐμπαίξουσιν

2144 5492 2314 5564 αὐτῷ,
2346 5497 2439 5548 καὶ
2465 5500 2873 5573 σταυρώσουσιν
2906 5507 3088 5573 αὐτὸν,
3132 5510 3224 5564 καὶ
3253 5515 3321 5584 τῇ
3356 5515 3512 5587 τρίτῃ
3540 5514 3691 5585 ἡμέῖιξ

536 5673 579 5703 ⁸⁸
606 5673 793 5731 Matth.
830 5693 881 5741 χ,
909 5677 998 5733 28.
1053 5674 1121 5711 ’θ’
1153 5677 1339 5733 Matth.
1371 5678 1456 5743 16,
1493 5677 1582 5735 ει.
1663 5682 1707 5714 ⁷⁸
1735 5680 1875 5737 Psal.
1911 5699 2025 5748 nt,

468 5744 522 5797 9.
567 5744 611 5774 ⁷⁸
635 5745 796 5801 llcbr.
831 5763 881 5810 v,
919 5750 967 5801 7.
1039 5751 1089 5783 ηδ
1131 5749 1292 5805 Marc.
1329 5766 1435 5814 xiv,
1471 5752 1529 5805 Η
1560 5769 1573 5814 :_
1602 5751 1730 5819 Luc.
1765 5769 1918 5815 xvm,
1954 5757 2038 5809 5t-

2154 5688 2342 5750 Mattli.
2386 5712 2555 5767 xxvn,
2586 5699 2675 5754 46.
2756 5702 2797 5735 “
2844 5702 3033 5761 Matth.
3071 5721 3217 5777 x-xvt,
3244 5706 3334 5765 58.
3411 5711 3456 5741 ⁷⁸
3497 5707 3619 5765 ibid.
3648 5706 3695 5766 ὃ.

3796 5838 3800 6053 l
