3846 6210
201 328 337 383 1525

1325 327 1513 397 QUOD
1557 325 1743 384 ΗΝυὸ
1781 323 1887 379 SIT
1927 321 2296 380 CHRISTUS.

3304 323 3438 380 1336

201 441 575 514 ἐγερθήσεται.
602 458 621 493 ι
666 440 723 496 '0
756 442 832 507 δὲ,
880 444 1085 498 ἐπείτοι
1128 444 1371 515 φιλόθεος
1400 442 1487 519 ἦν,
1536 466 1553 499 ι
1585 445 1769 509 Ἵλεώς

1892 457 2050 500 ιιιιεηι
2106 460 2227 500 cum
2259 444 2308 500 ei
2339 443 2686 499 vehementer
2732 442 2926 499 charus
2959 452 3144 499 esset:
3180 462 3199 496 ι
3267 446 3439 510 Absit.

204 551 303 599 σοι,
339 532 532 603 Κύριε,
575 535 761 602 φησὶν,
792 536 853 588 οὐ
897 537 972 608 μὴ
1004 537 1155 591 ἔσται
1199 556 1279 591 σοι
1313 538 1489 592 τοῦτο.
1518 559 1536 591 ι
1581 540 1690 594 Καὶ
1718 541 1771 593 τί

200 625 336 696 πρὸς
365 622 524 677 αὑτὸν
547 625 577 675 6
601 625 865 694 Χριστός;
895 647 911 678 ‹
939 627 1155 697 ’Ύπαγε
1182 628 1358 682 ὀπίσω
1386 646 1508 697 μου,
1537 630 1769 689 Σατανᾶ,

201 716 496 770 σκάνδαλόν
533 731 623 786 μοι
652 712 722 782 εἴ,
751 717 830 770 ὅτι
862 718 922 770 οὐ
964 721 1181 790 φρονεῖς
1209 719 1277 773 τὰ
1309 719 1402 773 τοῦ
1446 718 1602 784 Θεοῦ,
1636 719 1772 775 ἀλλὰ

200 808 271 861 τὰ
295 807 405 860 τῶν
437 805 759 878 ἀνθρώπων.
785 827 804 859 ι
839 809 1034 863 Καίτοι
1082 810 1201 873 πῶς
1248 812 1527 882 ἡμάρτανε
1560 810 1655 865 τοῦ
1695 813 1774 865 εί-

202 898 360 961 κότος
386 899 416 952 6
445 898 711 968 μαθητὴς,
733 898 1103 970 ἀποφέρεσθαι
1136 899 1306 954 θέλων
1337 902 1431 956 τοῦ
1456 900 1772 956 διδασκάλου

201 991 292 1044 τὸν
336 990 660 1060 πειρασμὸν,
707 991 757 1044 εί
796 990 1072 1056 δύσοιστος
1108 988 1177 1063 ἦν
1215 994 1383 1064 αὐτῷ,
1432 994 1525 1047 καὶ
1570 994 1773 1065 ἥκιστα

204 1082 307 1154 μὲν
334 1081 587 1154 φορητὸς,
630 1080 840 1145 καθιεὶς
885 1081 940 1136 δὲ
971 1081 1172 1152 μᾶλλον
1209 1083 1303 1137 ἐπὶ
1347 1082 1409 1137 τὸ
1448 1082 1643 1138 ἄναλκι
1678 1084 1775 1139 καὶ

204 1171 524 1242 συνθραύειν
548 1171 730 1225 ίκανδν
780 1172 870 1225 τὸν
896 1175 1009 1237 τοῖς
1035 1172 1229 1227 ἑαυτοῦ
1262 1174 1528 1244 μαθηταῖς
1556 1175 1778 1245 ἐπισκή-

203 1284 429 1331 πτοντα,
474 1264 584 1318 τῶν
616 1262 709 1318 τοῦ
744 1262 973 1318 θανάτου
1012 1264 1283 1335 δειμάτων
1330 1266 1775 1337 κατευμεγεθείν,

203 1359 299 1414 καὶ
331 1359 458 1429 παρ’
483 1357 635 1411 οὐδὲν
665 1356 916 1427 ἡγεῖσθαι
948 1356 1008 1408 τὸ
1038 1356 1251 1421 παθεῖν,
1295 1356 1404 1411 ἐστ’
1435 1357 1502 1411 ἂν
1549 1355 1776 1430 ἀνύηται

203 1452 345 1524 πρὸς
375 1451 477 1504 αὐτ
491 1450 568 1503 ὦν
601 1451 663 1502 τὸ
689 1448 809 1519 Θεῷ
841 1447 1066 1514 δοκοῦν;
1112 1448 1387 1520 Θαυμάζω
1415 1449 1492 1516 δὲ,
1531 1449 1612 1503 ὅτι
1653 1467 1781 1504 συν-

202 1543 373 1614 ἧφθαι
411 1543 659 1612 λέγοντες
701 1540 866 1595 αὐτὸν
895 1540 974 1612 τῷ
1006 1541 1319 1611 Μονογενεῖ,
1352 1544 1446 1596 καὶ
1478 1542 1587 1596 τῶν
1619 1541 1779 1597 θείων

203 1636 530 1705 ἀξιωμάτων
561 1633 951 1703 ἀποφαίνοντες
980 1633 1255 1697 κοινωνὸν,
1284 1634 1391 1687 τῶν
1420 1635 1512 1688 τοῦ
1546 1635 1777 1689 Θανάτου

1872 537 2067 604 inquit,
2100 536 2202 591 hoc
2228 550 2256 588 a
2287 545 2361 599 te,
2391 534 2618 589 Domine
2644 548 2658 599 ;
2710 548 2817 590 non
2865 534 2969 590 erit
2998 534 3094 590 tibi
3126 535 3250 592 hoc.
3287 553 3308 588 ι
3343 536 3440 593 Cui

1870 628 2145 697 respondit
2176 627 2461 683 Christus:
2499 645 2518 677 ι
2550 626 2698 683 Vade
2729 634 2852 695 post
2902 641 3010 692 me,
3040 625 3263 692 Satana,
3311 629 3439 698 quia

1870 718 2182 772 scandalum
2217 718 2346 772 mihi
2381 733 2463 782 es,
2495 726 2550 772 et
2580 732 2685 771 non
2714 715 2861 787 sapis
2911 730 2973 771 ea
3003 731 3124 787 qua:
3154 714 3251 772 Dei
3289 726 3437 781 sunt,

1871 809 1961 863 sed
1989 824 2109 880 qua
2142 810 2417 864 hominum
2451 810 2522 865 ’⁸.
2561 827 2581 862 ι
2608 808 2677 863 At
2696 809 2964 879 quomodo
2994 811 3237 879 peccavit
3278 811 3441 867 disci-

1872 901 2027 970 pulus
2049 901 2272 972 cupiens
2306 917 2335 955 a
2363 901 2623 970 magistro
2648 917 2747 957 suo
2766 916 3049 958 removere
3068 902 3442 967 tentationem,

1872 992 1917 1046 si
1943 992 2294 1047 intolerabilis
2323 993 2424 1061 ipsi
2450 1002 2591 1059 erat,
2619 1001 2673 1049 et
2708 1007 2774 1048 eo
2807 992 3197 1049 imbecillitatis
3228 992 3441 1062 dejece-

1873 1090 1983 1147 rat,
2043 1096 2163 1151 quae
2210 1080 2448 1136 animum
2500 1081 2755 1153 frangere
2802 1092 2989 1152 posset
3036 1081 3154 1153 ejus
3195 1083 3286 1154 qui
3333 1083 3446 1140 suis

1873 1171 2153 1242 discipulis
2207 1170 2500 1226 mandabat
2540 1172 2733 1227 mortis
2784 1182 3023 1229 terrores
3081 1188 3361 1244 superare,
3393 1185 3445 1231 et

1875 1277 1972 1333 pro
2007 1262 2174 1317 nihilo
2194 1272 2382 1332 putare
2425 1262 2470 1318 si
2512 1264 2730 1334 quando
2770 1264 2946 1334 ipsum
2994 1267 3105 1337 pati
3156 1277 3447 1323 cernerent

1877 1362 1937 1408 ut
1961 1354 2053 1409 Dei
2087 1353 2336 1409 voluntas
2357 1354 2706 1426 perﬁceretur
2724 1356 2750 1411 ’ί
2767 1356 2934 1413 Miror
2974 1373 3105 1415 vero
3150 1361 3297 1428 quod
3324 1375 3444 1416 cum

1878 1446 2025 1502 illum
2050 1445 2343 1517 Unigenito
2393 1447 2740 1516 conjunctum
2781 1449 2950 1507 fuisse
2996 1461 3261 1520 statuant,
3302 1465 3359 1509 et
3393 1454 3447 1509 in

1878 1536 2184 1593 divinarum
2217 1538 2539 1607 dignitatum
2566 1541 2681 1594 sive
2711 1542 3102 1610 proprietatum
3133 1544 3447 1599 societatem

1879 1641 2231 1700 assumptum,
2264 1632 2445 1687 timori
2481 1633 2670 1689 mortis
2709 1633 3027 1705 subjiciam,
3073 1635 3145 1690 ita
3189 1645 3247 1690 ut
3276 1640 3450 1692 nudus

201 1726 478 1796 δειμάτων
532 1724 782 1796 ῥίπτουσι
842 1723 1094 1787 κατόπιν,
1142 1723 1210 1777 ἵν’
1252 1724 1424 1796 ὁρῷτο
1463 1725 1586 1779 καθ’
1630 1727 1778 1797 ἡμᾶς

1892 1724 2037 1793 plane
2085 1725 2254 1779 instar
2297 1734 2537 1780 nostrum
2584 1735 2860 1793 cernatur,
2912 1727 3155 1798 nihilque
3204 1744 3271 1785 ex
3315 1731 3450 1786 divi-

202 1795 409 1890 γυμνὸς
439 1795 699 1889 δηλονότι,
731 1816 827 1870 καὶ
856 1815 932 1879 ὡς
971 1815 1080 1869 ἀπὸ
1104 1815 1212 1870 τῶν
1257 1795 1416 1871 θείων
1454 1795 1777 1890 ἀξιωμάτων

1892 1829 2073 1868 narum
2103 1813 2425 1884 dignitatum
2465 1817 2955 1875 communicatione
3001 1795 3270 1876 commodi
3298 1835 3451 1878 acce-

201 1930 333 1967 κεκε
344 1911 553 1985 ρδακὼς
582 1911 752 1966 οὐδέν.

277 2006 339 2060 Β.
386 2004 603 2067 Ὀποίος
640 2003 704 2057 ἂν
734 2003 841 2075 ἄρα
870 2005 986 2059 ἐστὶ
1016 2006 1114 2077 τῆς
1148 2003 1204 2057 ἕν
1236 2019 1298 2073 γε
1331 2004 1541 2067 τούτοις
1576 2007 1779 2058 οἰκονο-

204 2095 340 2166 μίας
367 2097 395 2148 6
427 2093 581 2163 λόγος
598 2112 614 2161 ;

277 2190 341 2239 Α.
372 2186 648 2249 Μυστικὸς
683 2187 765 2241 ὅτι
797 2187 892 2241 καὶ
934 2187 1137 2257 βαθὺς,
1187 2186 1283 2240 καὶ
1331 2185 1779 2255 τεθαυμασμένος

201 2279 364 2350 ταρὰ
393 2295 457 2347 γε
494 2280 606 2342 τοῖς
644 2279 841 2332 εἰδόσιν
870 2277 1046 2350 ὀρθῶς
1074 2278 1136 2331 τὸ
1177 2275 1415 2348 Χριστοῦ
1461 2278 1778 2347 μυστήριον.

203 2372 403 2442 Ἀθρει
445 2369 555 2441 γάρ
587 2387 676 2441 μοι
714 2369 840 2433 τοὺς
863 2372 930 2441 τῇ
960 2368 1185 2422 κενώσει
1210 2368 1520 2441 πρέποντας
1567 2367 1781 2438 λόγους,

197 2463 299 2516 καὶ
340 2463 451 2524 τοῖς
477 2463 574 2532 τῆς
612 2458 1029 2532 ἀνθρωπότητος
1064 2459 1283 2532 μέτροις
1308 2462 1408 2514 οὑκ
1433 2460 1782 2527 ἀπεοικότας,

196 2555 279 2618 ὡς
328 2555 387 2608 ὲν
416 2552 597 2624 καιρῷ
627 2553 721 2607 καὶ
760 2552 921 2624 χρείᾳ
957 2553 1388 2625 γεγενημένους,
1425 2554 1513 2608 ἵνα
1546 2554 1785 2625 φανῆται

198 2645 488 2716 πανταχοῦ
517 2644 638 2698 καθ’
659 2645 809 2714 ἡμᾶς
840 2644 1078 2713 γεγονὼς
1102 2647 1130 2698 6
1162 2645 1303 2715 ὑπὲρ
1334 2648 1514 2700 πᾶσαν
1542 2646 1641 2717 τὴν
1671 2645 1788 2700 κτί-

199 2754 312 2789 σιν.
342 2735 575 2805 Ἔψεται
599 2733 657 2786 δὲ
693 2734 868 2806 τούτῳ
899 2736 1122 2790 κάκεῖνο
1148 2734 1213 2807 δὴ
1242 2731 1333 2790 αὖ.

275 2828 338 2881 Β.
376 2825 451 2879 T6
481 2826 631 2880 ποῖόν
659 2843 711 2879 τι
742 2826 881 2897 φής;

273 2920 343 2971 Α.
393 2917 615 2987 Ἐπειδὴ
648 2916 759 2988 γὰρ
796 2917 1100 2988 γεγόναμεν
1149 2917 1444 2988 ἐπάρατοι,
1472 2917 1561 2971 διὰ
1588 2917 1688 2990 τὴν
1730 2918 1790 2974 ὲν

213 3010 397 3080 ’Ᾱδὰμ
430 3009 767 3081 παράϐασιν,
808 3009 1179 3081 πεπτώκαμεν
1205 3009 1260 3064 δὲ
1287 3011 1381 3064 καὶ
1427 3010 1531 3063 ὑπὸ
1559 3010 1786 3065 θανάτου

199 3104 419 3171 πάγην,
445 3100 965 3170 ὲγκαταλειφθέντες
994 3102 1099 3154 ὑπὸ
1136 3102 1294 3169 Θεοῦ,
1326 3102 1505 3156 πάντα
1532 3102 1589 3156 δὲ
1624 3103 1788 3172 γέγο-

198 3212 296 3247 νεν
326 3196 385 3245 ὲν
411 3192 633 3263 Χριστῷ
658 3193 841 3256 καινὰ,
866 3195 960 3246 καὶ
985 3193 1338 3264 ἀναφοίτησις
1362 3194 1471 3247 τῶν
1495 3193 1618 3247 καθ’
1645 3195 1792 3265 ἡμᾶς

194 3288 287 3348 είς
322 3282 400 3335 ’τὸ
437 3284 496 3335 ὲν
530 3284 763 3353 ἀρχαῖς·
814 3284 982 3354 ὲχρῆν
1030 3284 1350 3352 ἀναγκαίως
1399 3285 1491 3339 τὸν
1540 3285 1793 3355 δεύτερον

211 3376 400 3446 Ἀδὰμ
430 3374 520 3427 τὸν
543 3375 601 3441 ἐξ
629 3374 880 3445 οὐρανοῦ,
907 3375 1001 3427 τὸν
1043 3375 1262 3446 ἁπάσης
1292 3376 1570 3446 ἁμαρτίας
1607 3376 1793 3448 κρείτ-

192 3485 372 3533 τονα,
428 3466 529 3538 τὴν
579 3468 856 3534 πάναγνον
906 3465 1000 3519 καὶ
1062 3465 1325 3535 ἀϐέϐηλον
1385 3468 1642 3538 ἀπαρχὴν
1694 3467 1791 3521 τοῦ

193 3563 407 3632 γένους
432 3560 719 3631 δευτέραν,
754 3558 998 3611 τουτέστι
1040 3558 1294 3629 Χριστὸν,
1340 3557 1648 3622 ἀπαλλάξαι
1691 3559 1795 3627 τῆς

191 3656 371 3724 δίκης
404 3652 502 3724 τὴν
548 3650 838 3723 ἀνθρώπου
873 3649 1059 3720 φύσιν,
1103 3650 1198 3703 καὶ
1231 3649 1459 3703 καλέσαι
1510 3650 1674 3703 πάλιν
1704 3652 1792 3704 ἐπ’

191 3748 350 3817 αὐτῇ
396 3745 496 3816 τὴν
520 3745 725 3799 ἄνωθεν
751 3744 847 3797 καὶ
872 3744 1025 3814 παρὰ
1048 3743 1259 3814 Πατρός
1290 3744 1600 3814 εὐμένειαν,
1633 3743 1793 3797 λῦσαί

188 3858 257 3894 τε
300 3838 410 3910 τὴν
440 3837 827 3907 ὲγκατάλειψιν
856 3836 944 3890 διὰ
975 3836 1074 3907 τῆς
1104 3836 1354 3907 ὑπακοῆς
1401 3838 1494 3891 καὶ
1537 3840 1637 3909 τῆς
1679 3840 1793 3891 εἰσ-

189 3936 361 3987 ἁπαν
411 3929 711 3999 ὑποταγῆς.
759 3928 834 3981 Οὐ
881 3926 991 3997 γὰρ
1038 3927 1293 3997 ἐποίησεν
1347 3928 1647 3999 ἁμαρτίαν,
1692 3945 1792 3981 πε-

187 4022 492 4093 πλούτηκε
524 4022 581 4075 δὲ
614 4021 675 4076 τὸ
701 4020 1001 4093 ἀμώμητον
1031 4021 1064 4091 ἡ
1092 4019 1380 4091 ἀνθρώπου
1417 4020 1578 4089 φύσις
1614 4023 1670 4075 ὲν
1703 4021 1796 4075 αὑ-

183 4118 300 4188 τῷ,
347 4113 450 4167 καὶ
487 4113 548 4167 τὸ
581 4113 947 4182 ἀνεπίληπτον
978 4112 1277 4178 παντελῶς,
1305 4113 1391 4167 ἵνα
1425 4113 1650 4185 δύνηται
1686 4115 1796 4168 λοι-

185 4208 304 4260 πὸν
332 4206 409 4258 ὲκ
434 4202 744 4274 παρρησίας
770 4202 1059 4273 ἀναῦοᾷν’‹
1079 4202 1177 4257 Θεέ
1200 4220 1324 4274 μου,
1347 4204 1449 4257 Θεέ
1476 4222 1599 4275 μου,
1630 4206 1715 4260 ἵνα
1741 4206 1794 4258 τί

190 4317 270 4370 με
297 4295 675 4366 ἐγκατέλιπες
692 4312 707 4361 ;
723 4313 741 4346 ι
762 4295 963 4349 Ἐννόει
992 4296 1119 4364 γὰρ,
1144 4297 1224 4350 ὅτι
1246 4297 1486 4365 γεγονὼς
1508 4296 1795 4370 ἄνθρωπος

184 4393 219 4443 ὁ
253 4383 607 4457 Μονογενὴς.
629 4384 704 4448 ὡς
741 4379 821 4448 εἷς
845 4384 905 4450 ἐξ
928 4385 1106 4456 ἡμῶν,
1137 4387 1233 4440 καὶ
1261 4386 1402 4458 ὑπὲρ
1435 4388 1655 4459 ἀπάσης
1694 4387 1794 4458 τῆς

1880 1922 2044 1976 ptsse.

1952 1996 2013 2049 Β.
2074 1997 2329 2065 Quaenam
2367 1998 2533 2071 igitur
2575 2010 2659 2057 est
2705 2000 2759 2056 in
2812 2000 2963 2061 hisce
2994 2004 3313 2063 oeconomia
3365 2022 3452 2062 ra-

1882 2088 1957 2141 tio
1983 2088 2006 2141 ἲ

1953 2181 2018 2235 Α.
2076 2179 2299 2252 Mystica
2373 2190 2536 2252 atque
2594 2183 2911 2240 admiranda
2965 2185 3033 2242 iis
3105 2186 3195 2257 qui
3255 2187 3455 2246 Christi

1884 2272 2199 2343 mysterium
2229 2282 2373 2329 recte
2396 2273 2722 2345 intelligunt.
2748 2276 3132 2333 Animadverte
3161 2279 3307 2335 enim
3330 2289 3455 2337 ver-

1883 2363 1950 2419 ba
1990 2364 2347 2419 exinanitioni
2399 2367 2805 2433 convenientia,
2848 2377 2903 2423 et
2952 2370 3020 2424 ab
3076 2369 3324 2426 humanae
3360 2388 3456 2428 na-

1887 2464 2021 2509 tura!
2065 2456 2372 2511 conditione
2418 2472 2762 2530 nequaquam
2812 2458 3012 2527 aliena,
3062 2474 3163 2517 suo
3217 2472 3458 2535 tempore

1886 2558 2048 2616 atque
2094 2557 2397 2618 opportune
2448 2550 2655 2615 habita,
2699 2560 2758 2606 ut
2796 2550 2842 2608 is
2888 2553 2977 2622 qui
3030 2569 3190 2623 supra
3241 2571 3456 2612 omnem

1885 2652 2188 2695 creaturam
2228 2651 2331 2704 est,
2391 2643 2560 2697 nostri
2591 2658 2814 2712 prorsus
2876 2644 3071 2701 similis
3126 2645 3303 2704 factus
3338 2665 3460 2707 esse

1885 2744 2156 2789 cernatur.
2209 2732 2584 2804 Consequetur
2629 2745 2811 2792 autem
2845 2736 2913 2792 ad
2949 2738 3076 2803 hoc,
3111 2741 3275 2796 etiam
3306 2741 3458 2801 illud.

1958 2825 2021 2880 Β.
2071 2824 2335 2891 Quidnam
2360 2826 2384 2879 ’Β

1956 2919 2022 2973 Α.
2047 2917 2181 2973 Cum
2205 2918 2349 2972 enim
2380 2917 2508 2974 facti
2561 2933 2751 2975 sumus
2796 2921 3187 2990 exsecrabiles,
3241 2934 3462 2996 propter

1890 3010 2374 3079 transgressionem
2437 3011 2588 3077 Adae,
2648 3011 2938 3067 incidimus
2995 3028 3121 3070 vero
3170 3016 3223 3071 in
3272 3020 3465 3073 mortis

1818 3136 1860 3194 ο
1894 3100 2136 3169 laqueos,
2178 3101 2377 3157 deserti
2413 3118 2441 3155 a
2476 3102 2607 3168 Deo,
2653 3103 2831 3157 omnia
2888 3118 3019 3159 vero
3062 3104 3202 3161 facta
3249 3117 3375 3163 sunt
3408 3109 3462 3163 in

1894 3193 2109 3249 Christo
2142 3209 2275 3248 nova
2299 3194 2368 3259 ⁷⁸,
2397 3202 2452 3249 et
2506 3203 2699 3249 natura
2738 3203 2923 3249 nostra
2968 3197 3206 3268 pristina:
3247 3200 3464 3255 sumin-

1895 3283 2128 3353 tegritati
2162 3284 2409 3338 restituta
2432 3292 2562 3349 est;
2598 3286 2964 3340 necessarium
3015 3288 3237 3344 omnino
3282 3290 3466 3347 fuitut

1893 3376 2159 3431 secundus
2185 3376 2355 3429 Adam
2383 3390 2446 3429 ex
2473 3375 2613 3431 coelo
2659 3377 2837 3430 omnis
2897 3380 3104 3447 peccati
3139 3394 3357 3450 expers,
3409 3393 3466 3438 et

1896 3464 2194 3533 purissimae
2223 3464 2438 3534 generis
2466 3464 2635 3519 nostri
2656 3465 2930 3533 primitiae,
2962 3467 3065 3523 hoc
3090 3478 3174 3525 est
3194 3469 3464 3538 Christus,

1896 3555 2184 3609 humanam
2238 3565 2484 3609 naturam
2514 3570 2543 3610 a
2578 3568 2738 3624 paena
2795 3556 3071 3626 liberaret,
3100 3571 3156 3616 et
3184 3563 3465 3620 caelestem

1894 3644 2072 3701 Patris
2106 3646 2542 3702 benevolentiam
2569 3648 2621 3703 ei
2652 3662 2842 3704 rursus
2890 3651 3207 3708 conciliaret
3243 3671 3258 3720 ;
3288 3654 3464 3711 illam-

1895 3753 1999 3809 que
2024 3739 2194 3793 nostri
2226 3739 2584 3795 desertionem
2633 3740 2896 3810 aboleret,
2944 3758 3043 3815 per
3100 3746 3466 3803 obedientiam

1896 3829 2266 3900 integramque
2292 3832 2706 3901 subiectionem.
2734 3832 2918 3906 Neque
2954 3837 3098 3892 enim
3122 3835 3254 3893 fecit
3273 3854 3468 3909 pecca-

1894 3929 2005 3976 tum
2029 3922 2098 3986 ⁷7,
2136 3922 2480 3993 humanaque
2507 3933 2697 3979 natura
2723 3925 2776 3981 in
2797 3927 2913 3995 ipso
2938 3927 3208 3998 inculpata
3236 3930 3469 4001 irrepro-

1896 4014 2286 4084 hensibilisqne
2307 4025 2389 4071 est
2421 4014 2610 4072 eﬂ'ecta
2650 4035 2666 4072 :
2699 4027 2759 4073 ut
2806 4017 2967 4091 757
3012 4020 3184 4091 possit
3215 4022 3470 4091 deinceps

1895 4105 2064 4161 libere
2120 4104 2460 4161 exclamare:
2497 4105 2671 4164 «Deus
2700 4122 2873 4174 meus,
2928 4109 3067 4165 Deus
3093 4125 3266 4177 meus,
3302 4126 3471 4182 quare

1896 4211 1983 4251 me
2029 4197 2362 4266 dereliquisti
2412 4198 2435 4252 ἵ
2471 4216 2490 4249 ι
2522 4198 2907 4256 Animadverte
2944 4201 3110 4269 enim,
3146 4203 3291 4273 quod
3342 4218 3467 4260 cum

1897 4288 2217 4360 Unigenitus
2259 4288 2432 4344 factus
2469 4299 2555 4345 est
2588 4291 2771 4359 homo,
2818 4290 2960 4347 sicut
3003 4308 3143 4347 unus
3184 4306 3251 4348 ex
3289 4296 3469 4360 nobis.

1897 4397 1995 4450 pro
2064 4381 2312 4437 universa
2377 4385 2540 4437 etiam
2605 4393 2798 4438 natura
2880 4384 3117 4440 humana
3204 4386 3466 4456 ejusmodi

186 4478 436 4550 φύσεως
465 4476 562 4540 τὰς
585 4474 841 4539 τοιαύτας
865 4476 1017 4547 ἠφίει
1047 4477 1249 4548 φωνὰς,
1281 4478 1565 4550 μονονουχὶ
1598 4480 1779 4549 λέγων¹

1901 4485 2060 4526 voces
2134 4472 2354 4538 emisit,
2423 4472 2580 4543 quasi
2659 4474 2846 4530 dicens
2901 4490 2917 4529 :
2967 4474 3219 4532 Peccavit
3263 4479 3471 4550 primus

186 4570 403 4640 Πεπλη
414 4567 697 4639 μμέληκεν
720 4569 749 4621 6
774 4567 989 4639 πρῶτος
1016 4567 1111 4621 ἄνθ
1122 4585 1321 4639 ρωπος,
1347 4569 1688 4641 παρώλισθεν
1718 4573 1797 4634 είς

189 4659 531 4736 παρακοὴν,
576 4659 926 4731 κατημέλησε
967 4661 1065 4732 τῆς
1104 4659 1352 4732 δοθείσης
1391 4661 1641 4734 ἑντολῆς,
1687 4666 1798 4728 τοῖς

185 4753 298 4809 τοῦ
326 4749 635 4823 δράκοντος
671 4752 1026 4822 φενακισμοῖς
1054 4751 1135 4814 είς
1164 4750 1227 4804 τὸ
1267 4751 1477 4823 ἑξήνιον
1513 4754 1784 4825 συνηρπά-

191 4848 371 4911 ζετοο
400 4838 687 4912 ταύτῃτοι,
728 4844 821 4895 καὶ
867 4841 1011 4911 μάλα
1048 4842 1293 4905 είκότως,
1331 4842 1692 4915 ὐπενήνεκται
1730 4847 1798 4917 τῇ

189 4933 429 5010 φθορᾷ,
479 4933 573 4986 καὶ
599 4932 821 5003 γέγονεν
859 4932 965 4986 61:6
1012 4932 1204 5003 δίκην·
1254 4932 1373 4987 ἀλλ’
1399 4934 1502 5004 ἐμὲ
1542 4935 1801 5008 δευτέραν

184 5029 527 5100 ἐφύτευσας
580 5024 753 5097 ἀρχὴν
798 5028 909 5089 τοῖς
963 5024 1061 5078 ἐπὶ
1108 5024 1209 5095 τῆς
1241 5026 1365 5096 γῆς,
1414 5027 1799 5099 κεχρημάτιχα

181 5118 475 5188 δεύτερος
499 5114 689 5185 Ἀδάμ.
717 5115 806 5168 Ἐν
834 5112 958 5184 ἐμοὶ
983 5112 1401 5185 κεκαθαρμένην
1416 5114 1549 5185 ὁρᾷς
1578 5115 1678 5185 τὴν
1704 5116 1794 5168 ἀν-

185 5210 439 5284 θρώπου
468 5205 647 5274 φύσιν,
680 5205 1104 5278 κατορθώσασαν
1126 5204 1185 5259 τὸ
1213 5204 1593 5276 ἀπλημμελὲς,
1629 5207 1793 5274 ἁγίαν

181 5304 294 5359 καὶ
323 5300 638 5365 πάναγνον.
667 5297 818 5351 Δίδου
847 5296 1031 5351 λοιπὸν
1051 5297 1121 5351 τὰ
1145 5296 1203 5362 ἐξ
1229 5297 1564 5368 ἡμερότητος
1589 5298 1791 5368 ἀγαθὰ,

1902 4564 2085 4630 homo,
2146 4562 2332 4633 lapsus
2391 4564 2446 4618 in
2488 4564 2909 4621 inobedientiam
2942 4568 3221 4637 ;neglexit
3270 4583 3470 4639 praeco-

1898 4664 2045 4725 ptum
2085 4654 2227 4725 quod
2249 4653 2298 4707 ei
2345 4654 2527 4708 datum
2580 4664 2720 4721 erat,
2769 4665 2825 4711 et
2869 4657 3120 4715 draconis
3174 4658 3468 4730 impostura

1899 4751 1965 4801 ad
2013 4747 2432 4803 inobedientiam
2480 4756 2664 4818 raptus
2712 4756 2816 4803 est.
2870 4745 3096 4816 Idcirco,
3145 4759 3201 4806 et
3251 4753 3468 4823 quidem

1899 4838 2112 4903 merito,
2172 4838 2504 4908 corruptioni
2539 4847 2595 4893 et
2634 4852 2810 4909 pinna:
2832 4838 3100 4896 obnoxius
3144 4841 3320 4900 factus
3362 4854 3465 4898 est.

1899 4924 2002 4984 Sed
2072 4942 2160 4984 me
2216 4929 2539 4985 mortalibus
2583 4932 2880 4986 secundum
2934 4932 3262 5004 principium
3305 4945 3470 5007 atque

1900 5029 2179 5074 auctorem
2235 5022 2587 5090 constituisti,
2640 5030 2697 5077 et
2756 5031 2977 5078 vocatus
3027 5038 3145 5079 sum
3197 5028 3469 5083 secundus

1902 5112 2071 5164 Adam
2104 5106 2169 5162 τ’.
2212 5108 2268 5165 In
2322 5126 2409 5167 me
2456 5112 2768 5167 mundatam
2822 5113 2974 5169 vides
3030 5113 3321 5172 humanam
3374 5132 3471 5171 na-

1900 5212 2110 5269 turam,
2161 5214 2325 5275 atque
2397 5206 2690 5275 integritati
2739 5207 3045 5263 restitutam
3094 5220 3340 5268 sanctam
3406 5226 3473 5266 ac

1902 5312 2111 5365 puram.
2141 5296 2361 5369 Largire
2406 5299 2480 5354 illi
2503 5300 2758 5373 deinceps
2786 5300 3142 5372 benignitatis
3164 5313 3267 5360 tua;
3307 5305 3469 5371 bona,

177 5393 290 5453 λύε
340 5390 456 5461 τὴν
505 5389 910 5459 ἐγκατάλειψιν,
960 5390 1285 5461 ἐπιτίμησον
1326 5392 1390 5461 τῇ
1441 5389 1647 5462 φθορᾷ,
1702 5392 1779 5444 κα⁴

1903 5390 2283 5446 alienationem
2310 5391 2407 5446 abs
2439 5400 2489 5447 te
2521 5392 2700 5459 abole,
2730 5392 3009 5451 interitum
3039 5395 3207 5460 solve.
3234 5406 3289 5451 et
3310 5395 3472 5452 tinem

182 5484 385 5556 πέρας
426 5478 605 5546 ἐχέτω
633 5480 702 5533 τὰ
736 5478 795 5544 ἐξ
834 5480 1019 5551 ὀργῆς.
1065 5481 1345 5550 Νενξκηκα
1375 5480 1484 5553 γὰρ
1514 5481 1674 5535 αὑτὸν
1706 5481 1779 5535 τδπ

1906 5482 2103 5537 habeat
2126 5491 2215 5537 tua
2251 5485 2351 5539 ira.
2388 5481 2507 5538 Vici
2555 5484 2702 5539 enim
2756 5485 3013 5542 Satanam
3055 5488 3145 5557 qui
3184 5490 3294 5556 jam
3337 5487 3472 5544 olim

178 5575 377 5629 πάλαι
411 5568 772 5637 κρατήσαντα
816 5568 1076 5623 Σατανᾶν.
1120 5563 1261 5639 Εὗρε
1297 5572 1405 5639 γὰρ
1438 5570 1497 5623 ὲν
1533 5570 1656 5641 ἐμοὶ
1690 5571 1779 5624 τῶς

1909 5574 2192 5644 imperium
2256 5575 2588 5632 obtinuerat.
2620 5574 2763 5632 Nihil
2815 5577 2959 5633 enim
3016 5593 3240 5650 prorsus
3292 5579 3346 5635 iu
3388 5595 3476 5636 ms

260 5751 311 5781 ’⁸
348 5741 563 5799 Matth.
592 5757 703 5801 ut.
742 5742 833 5803 ‘22.
862 5743 951 5797 23.
1024 5744 1069 5773 "
1106 5742 1144 5797 ll
1177 5742 1299 5799 Cor.
1335 5760 1387 5805 v.
1426 5745 1506 5801 l7.

1584 5746 1627 5777 τ’
1654 5746 1752 5800 lsu.
1789 5761 1904 5809 Lttt,
1939 5746 2049 5811 9;!
2082 5747 2226 5807 Pctr.
2262 5766 2323 5817 tt,
2351 5752 2444 5806 Ἡ.
2525 5754 2569 5787 ⁷⁸
2596 5753 2613 5808 l
2642 5756 2765 5815 Cor.
2797 5770 2886 5818 xv,
2916 5756 3003 5812 45.
