3846 6210
425 361 560 413 43⁸27

1406 356 1462 410 S.
1504 355 1774 411 CYRlLLI
1816 353 2283 411 ALEXANDRINI
2326 354 2643 407 ARCHIEP.

3535 354 3674 407 1511³

422 490 576 529 suum
608 473 832 528 invenit.
890 469 1035 524 Talis
1062 468 1244 539 itaque
1280 480 1381 532 est,
1418 480 1476 523 ut
1510 469 1765 533 arbitror,
1802 470 1983 525 verbo-

2102 467 2283 522 ὲαυτοῦ
2319 468 2598 530 παντελῶς
2630 466 2802 520 οὐδέν.
2838 464 3090 528 Τοιοῦτος
3123 464 3220 534 μὲν
3248 458 3362 525 οῦν,
3398 462 3478 525 ὥς
3506 480 3575 531 γε
3602 460 3663 517 οἱ

424 581 540 619 rum
588 562 885 618 Salvatoris
935 576 1149 617 sensus.
1200 560 1314 614 Non
1343 561 1487 615 enim
1524 562 1648 621 sibi.
1690 560 1786 616 sed
1832 562 1990 615 nobis

424 656 812 725 benignitatem
850 652 1026 707 Patris
1075 653 1350 722 poscebat.
1394 651 1523 706 Nam
1562 654 1703 707 sicut
1754 654 1807 707 in
1871 654 1992 706 uni-

424 766 633 805 versam
689 748 926 802 hominis
967 757 1212 800 naturam
1257 760 1323 800 ex
1372 748 1579 799 Adamo
1625 744 1787 800 veluti
1815 746 1988 815 prima

425 844 605 896 radice
630 854 785 910 ptumi
823 848 1045 908 peccato
1093 839 1272 893 debita
1311 848 1651 908 pervaserat,
1689 856 1708 889 ι
1747 839 1991 907 regnavit

422 934 564 988 enim
595 949 737 985 mors
761 931 834 984 ab
872 930 1076 984 Adamo
1125 944 1295 998 usque
1335 930 1401 983 ad
1441 928 1683 1000 Moysen,
1728 931 1891 983 etiam
1936 930 1989 983 in

422 1039 515 1081 eos
549 1025 638 1094 qui
693 1038 797 1076 non
856 1033 1218 1091 peccaverunt
1273 1022 1327 1075 iu
1380 1022 1793 1077 similitudinem
1849 1038 1989 1091 prir-

422 1116 771 1171 varicationis
798 1114 926 1168 Atla:
961 1115 1046 1166 ηε
1083 1133 1101 1165 ι
1141 1115 1211 1167 ita
1246 1115 1410 1168 etiam
1444 1130 1509 1166 ex
1529 1116 1765 1169 secundo
1806 1124 1991 1179 nostro

422 1207 708 1277 principio,
771 1207 871 1261 hoc
920 1215 1005 1258 est
1080 1204 1316 1271 ChriSto,
1367 1221 1552 1259 rursus
1595 1205 1648 1260 in
1682 1206 1989 1260 universum

424 1312 590 1368 genus
639 1296 934 1351 humanum
975 1299 1083 1350 vita
1129 1295 1550 1351 transfunditur.
1582 1296 1734 1363 Quod
1776 1298 1991 1367 quidem

422 1392 585 1445 etiam
619 1391 1055 1460 sapientissimus
1090 1389 1288 1442 Paulus
1307 1388 1591 1442 confirmat
1626 1389 1849 1444 dicens:
1888 1406 1906 1451 ι
1935 1388 1990 1442 Si

423 1482 566 1534 cnim
596 1483 755 1535 unius
780 1482 973 1535 delicto
1020 1481 1172 1533 mttlti
1201 1480 1395 1534 mortui
1424 1490 1572 1544 sunt,
1610 1480 1777 1533 multo
1822 1482 1994 1550 magis

426 1574 805 1643 ttniusjustitia
829 1575 979 1627 multi
1012 1576 1193 1628 vivent
1215 1573 1283 1628 ⁸ο.
1323 1592 1342 1627 ι
1372 1574 1437 1627 Et
1471 1589 1719 1627 rursum:
1750 1593 1768 1625 ι
1792 1572 1993 1639 Quem-

423 1668 709 1722 admodum
770 1670 915 1722 enim
980 1669 1030 1722 in
1086 1668 1257 1721 Adam
1306 1682 1495 1721 omnes
1541 1667 1890 1721 moriuntur:
1922 1670 1993 1720 ita

423 1762 585 1815 etiam
616 1762 666 1815 in
697 1761 913 1817 Christo
960 1777 1150 1816 οιιιιιατε
1190 1760 1603 1815 vivificabuntur
1625 1759 1692 1816 ⁸¹.
1732 1778 1751 1811 ι

494 1940 554 1993 Β.
587 1939 823 2009 Ineptum
848 1939 1028 2007 itaque
1070 1948 1119 1992 et
1146 1939 1547 1992 dissentaneum
1580 1953 1608 1991 a
1640 1952 1795 1992 sacra
1851 1936 1997 1993 Scri-

420 2044 581 2105 ptura
610 2043 693 2087 est
738 2035 1049 2088 existimare
1093 2044 1148 2089 et
1202 2034 1384 2087 dicere
1444 2033 1716 2087 hominem
1782 2048 1996 2089 assum-

425 2136 571 2192 ptum
623 2125 782 2179 veluli
864 2124 1138 2178 desertum
1195 2140 1225 2179 a
1288 2122 1465 2178 Verbo
1526 2124 1623 2193 ipsi
1684 2125 1993 2195 conjuncta,

426 2215 677 2271 humanis
704 2215 928 2271 vocibus
952 2230 1103 2268 usum
1134 2213 1321 2269 fuisse.

492 2400 560 2457 Α.
591 2397 813 2465 lmptum
850 2394 1026 2464 plane,
1082 2403 1243 2463 atque
1296 2404 1552 2449 extremae
1584 2393 1863 2460 cuiusdam
1910 2396 1992 2449 in-

424 2489 589 2544 sauia:
647 2498 1021 2556 argumentum
1088 2485 1269 2551 fuerit,
1328 2501 1497 2553 neque
1525 2487 1757 2541 alienum
1802 2482 1880 2541 ab.
1931 2488 1997 2542 iis

423 2582 515 2652 qui
552 2592 695 2635 recte
721 2581 923 2635 sentire
960 2579 1225 2633 nesciunt.
1260 2578 1394 2632 Cum
1448 2580 1591 2633 enim
1628 2580 1997 2651 sejungantac

423 2670 908 2741 separentomnino
942 2678 994 2723 et
1018 2684 1177 2723 voces
1232 2681 1287 2722 et
1326 2684 1434 2732 res,
1465 2678 1625 2739 atque
1656 2670 1753 2723 has
1778 2671 1993 2741 quidem

422 2762 521 2815 soli
566 2776 630 2815 ac
675 2760 1020 2831 peculiariter
1077 2759 1653 2828 Unigenitotribuant,
1712 2762 1811 2816 has
1869 2777 1997 2819 vero

423 2853 633 2906 cuidam
684 2853 897 2904 diverso
942 2852 1009 2903 ab
1057 2850 1156 2903 hoc
1187 2849 1349 2917 Filio,
1382 2860 1433 2905 et
1479 2866 1543 2904 ex
1586 2852 1810 2908 muliere
1844 2864 1993 2917 nato,

423 2959 454 2996 a
512 2956 637 2997 vera
685 2938 850 3011 758
910 2949 1164 3007 rectaque
1214 2941 1300 2993 via
1355 2938 1629 3008 aberrant,
1685 2941 1996 3012 Christique

423 3030 739 3105 mysterium
768 3045 873 3082 non
909 3028 1235 3099 intelligunt.

1959 3216 1962 3219 .
2019 3162 2066 3226 C

491 3297 555 3354 Β.
578 3298 693 3354 Non
713 3309 839 3353 sunt
863 3299 1045 3367 itaque
1073 3301 1382 3367 separandae
1405 3314 1566 3355 voces
1592 3310 1685 3355 aut
1714 3315 1824 3366 res,
1860 3301 1993 3355 alla-

422 3394 497 3447 tis
546 3392 599 3447 in
650 3393 881 3447 medium
929 3392 1255 3463 evangelicis
1288 3403 1449 3463 atque
1490 3394 1800 3464 apostolicis
1840 3398 1993 3451 testi-

425 3483 664 3537 moniis?

493 3576 557 3629 A.
602 3574 971 3644 Nequaquam,
1038 3584 1296 3644 quantum
1366 3576 1559 3628 attinet
1618 3574 1685 3629 ad
1737 3590 1994 3645 personas

422 3669 554 3721 duas
581 3678 634 3721 et
683 3667 997 3736 hypostases
1030 3669 1164 3721 duas
1190 3667 1473 3721 distinctas
1502 3666 1643 3721 inter
1680 3683 1759 3733 se,
1793 3677 1849 3721 et
1870 3682 1991 3736 spe-

420 3759 635 3812 cialiter
693 3760 835 3813 intcr
894 3772 952 3812 se
1022 3768 1463 3814 remotaszcum
1530 3760 1673 3813 enim
1731 3759 1801 3814 sit
1855 3775 1995 3813 unus

421 3850 592 3906 Filius
630 3851 863 3906 Verbum
921 3861 1137 3919 propter
1186 3865 1283 3904 nos
1335 3850 1697 3915 incarnatum,
1760 3850 1991 3905 dixerim

420 3944 600 3996 omnia
629 3956 750 3996 esse
780 3942 967 4009 ipsius,
997 3956 1158 3997 voces
1188 3942 1443 3996 nimirum
1482 3952 1535 3998 et
1559 3958 1666 4010 res,
1708 3944 1995 4014 divinaque

421 4033 581 4089 simul
609 4042 663 4087 et
697 4032 949 4087 humana.

491 4123 551 4178 Β.
586 4124 725 4194 Ergo
755 4141 877 4179 cum
925 4139 989 4177 ex
1037 4123 1232 4180 itinere
1282 4125 1529 4182 defessus
1558 4126 1722 4182 fuisse
1772 4128 1990 4193 dicitur,

422 4226 583 4286 atque
605 4216 884 4282 esuriisse,
912 4230 1271 4284 somnumque
1302 4220 1531 4287 cepisse,
1577 4221 1902 4274 convenitne
1936 4232 1993 4276 ut

427 4324 511 4363 res
538 4308 671 4362 adeo
690 4308 923 4362 minutas
947 4323 1011 4364 ac
1032 4310 1163 4365 viles
1187 4310 1294 4365 Deo
1323 4310 1497 4366 Verbo
1521 4312 1889 4367 ascribamus?

2093 579 2214 631 μαι.
2241 560 2351 613 τῶν
2377 560 2471 612 τοῦ
2500 559 2750 630 Σωτῆρος
2777 557 2949 627 λόγων
2973 562 3001 612 ό
3026 557 3165 619 νοῦς.
3205 556 3415 611 Ἐκάλει
3442 556 3551 627 γὰρ
3575 559 3672 609 οὖν

2088 654 2172 721 ἐφ’
2200 653 2388 705 ἑαυτὸν
2426 651 2645 722 μᾶλλον,
2690 651 2804 704 ἀλλ’
2832 652 2917 719 ἐφ’
2958 650 3104 721 ἡμᾶς
3138 650 3356 715 αὐτοὺς,
3382 650 3484 719 τὴν
3520 651 3672 720 παρὰ

2091 744 2303 814 [lat-:96;
2350 743 2658 813 εὐμένειαν.
2712 742 2921 813 ’Ὠσπερ
2977 741 3084 809 γὰρ
3148 741 3227 802 είς
3260 740 3387 809 ὃλην
3424 740 3527 810 τὴν
3575 742 3670 793 ἀνθ

2089 834 2310 905 θρώπου
2354 835 2515 905 φύσιν
2550 834 2801 905 καθάπερ
2830 834 2894 885 ὲκ
2924 832 3079 903 ῥίζης
3108 832 3205 900 τῆς
3242 830 3485 902 πρώτης,
3526 835 3672 901 φημὶ

2090 926 2184 979 τοῦ
2218 927 2417 997 Ἀδὰμ,
2447 926 2595 995 διέϐη
2624 926 2690 978 τὰ
2722 926 2781 989 ἐξ
2804 926 2975 995 ὀργῆς
2995 942 3008 954 ·
3048 944 3065 975 t
3105 923 3454 995 βεϐασίλευκε
3503 925 3617 995 γὰρ
3649 927 3671 974 1

2093 1018 2321 1080 θάνατος
2356 1018 2463 1071 ἀπὸ
2496 1018 2666 1087 ’Λδὰμ
2695 1016 2860 1086 μέχρι
2891 1015 3154 1079 Μωσέως,
3181 1014 3277 1066 καὶ
3307 1015 3400 1066 ἐπὶ
3430 1016 3562 1075 τοὺς
3599 1015 3673 1083 μὴ

2093 1109 2511 1179 ἁμαρτήσαντας
2561 1106 2653 1159 ἐπὶ
2699 1104 2777 1175 τῷ
2811 1103 3117 1175 ὁμοιώματι
3166 1104 3264 1172 τῆς
3303 1104 3675 1175 παραϐάσεως,

2105 1202 2294 1271 Ἀδάμο
2322 1219 2339 1250 ι
2374 1198 2518 1252 οῦτω
2546 1198 2641 1251 καὶ
2675 1197 2744 1249 τὰ
2784 1197 2850 1248 ὲκ
2880 1195 2980 1265 τῆς
3010 1195 3269 1267 δευτέρας
3303 1194 3463 1264 ἡμῶν
3491 1196 3671 1262 ἁπαρ·

2093 1293 2215 1364 χῆς,
2238 1290 2480 1344 τουτέστι
2504 1288 2765 1359 Χριστοῦ,
2794 1286 2954 1340 πάλιν
2976 1288 3056 1349 εἰς
3082 1287 3229 1340 ἆπαν
3250 1285 3311 1338 τὸ
3331 1284 3677 1356 ἀνθρώπινον

2091 1384 2411 1455 διαϐήσεται
2440 1381 2615 1450 γένος,
2646 1379 2741 1433 καὶ
2769 1376 3101 1431 πιστώσεται
3129 1378 3303 1445 λέγων
3335 1378 3363 1429 ὁ
3392 1378 3678 1446 πάνσοφος

2090 1476 2305 1537 Παῦλος
2324 1490 2337 1503 ·
2377 1491 2396 1524 t
2424 1473 2488 1525 Et
2519 1471 2626 1541 γὰρ
2651 1469 2730 1539 τῷ
2762 1467 2855 1520 τοῦ
2882 1467 3000 1530 ἐνὸς
3026 1464 3433 1538 παραπτώματι
3458 1468 3508 1519 ot
3543 1467 3678 1519 πολ-

2093 1570 2177 1622 λοὶ
2208 1566 2500 1625 ἀπέθανον,
2535 1561 2711 1632 πολλῷ
2746 1560 2945 1630 μᾶλλον
2980 1558 3057 1630 τῷ
3080 1559 3174 1612 τοῦ
3205 1558 3321 1622 ἑνὸς
3341 1558 3681 1627 δικαιώματν

2094 1662 2143 1713 οἱ
2174 1657 2355 1712 πολλοὶ⁵
2384 1656 2693 1726 ζὴσονται.»
2735 1653 2843 1705 Καὶ
2865 1650 3056 1703 πάλιν·
3089 1668 3107 1700 ι
3134 1651 3344 1719 Ὠσπερ
3370 1650 3480 1717 γὰρ
3510 1653 3572 1702 ὲν
3604 1648 3687 1717 τῷ

2108 1752 2278 1819 Ἀδὰμ
2299 1748 2499 1809 πάντες
2520 1744 2972 1814 ἀποθνήσκουσιν,
2996 1742 3136 1797 οῦτω
3163 1742 3257 1794 καὶ
3282 1744 3339 1793 ἐν
3360 1742 3436 1811 τῷ
3454 1740 3687 1815 Χριστῷ

2026 1824 2067 1879 Β
2099 1842 2296 1901 πάντες
2327 1835 2847 1906 ζωοποιηθήσονται.
2874 1853 2893 1885 ι

2169 1934 2229 1984 Β.
2268 1929 2501 1995 Ἀσοφον
2553 1920 2644 1978 οὖν
2679 1922 2787 1994 ἄρα
2839 1924 2933 1975 καὶ
2980 1922 3185 1993 ἀπᾷδον
3233 1921 3516 1983 παντελῶς
3566 1923 3686 1981 τοῖς

2101 2025 2261 2096 ἱεροῖς
2306 2020 2624 2091 Γράμμασι,
2656 2014 2719 2067 τὸ
2748 2014 2955 2067 οἴεσθαί
2986 2030 3045 2065 τε
3069 2014 3165 2067 καὶ
3196 2012 3395 2081 λέγειν,
3432 2012 3525 2063 τὸν
3549 2012 3686 2063 ἁνα-

2098 2113 2371 2185 ληφθέντα
2417 2108 2724 2178 ἄνθρωπον,
2765 2107 2839 2168 ὡς
2892 2103 3390 2173 ἐγκαταλειφθέντα
3438 2102 3545 2155 ὑπὸ
3586 2102 3683 2154 το)

2100 2203 2462 2272 συναφθέντος
2484 2198 2632 2270 αὐτῷ
2669 2198 2867 2265 Λόγου,
2898 2198 3017 2258 ταῖς
3048 2194 3417 2265 ἀνθρωπίναις
3461 2194 3683 2264 χρήσα-

2100 2298 2221 2350 σθαι
2255 2295 2479 2362 φωναῖς.

2167 2395 2232 2440 Α.
2273 2383 2543 2446 Δυσσεϐὲς
2575 2384 2671 2452 μὲν
2701 2376 2817 2446 οὖν,
2847 2374 2891 2433 ὦ
2918 2381 3121 2450 ἑταῖρε,
3158 2380 3254 2433 καὶ
3286 2379 3385 2447 τῆς
3414 2380 3497 2442 εἰς
3527 2378 3684 2447 λῆξιν

2096 2474 2497 2548 ὲμϐροντησίας
2548 2470 2820 2536 ἀπόδειξις
2871 2470 2958 2540 εἴη
3022 2470 3087 2523 ἂν
3138 2469 3231 2521 καὶ
3289 2467 3441 2539 μάλα
3501 2468 3684 2536 σαφὴς

2094 2571 2266 2634 τουτὶ,
2289 2568 2389 2621 οὐκ
2414 2563 2669 2625 ἀπεοικός
2693 2579 2758 2630 γε
2790 2561 2895 2631 μὴν
2928 2564 3037 2622 τοῖς
3065 2559 3140 2630 μὴ
3171 2561 3385 2629 φρονεῖν
3417 2554 3478 2613 εὖ
3507 2563 3687 2627 ὲγνωο

2096 2664 2269 2717 κόσιν.
2312 2657 2531 2729 Ἐπειδὴ
2574 2655 2682 2726 γὰρ
2712 2654 2947 2708 διιστᾶσί
2986 2671 3044 2705 τε
3090 2653 3180 2705 καὶ
3209 2651 3507 2723 διορίζουσι
3541 2670 3682 2703 παν-

2096 2754 2234 2824 ταχῆ
2267 2751 2363 2804 κα)⁸
2396 2748 2578 2817 φωνὰς
2620 2747 2715 2798 καὶ
2747 2744 3070 2816 πράγματα.
3103 2744 3197 2795 καὶ
3236 2742 3333 2804 τὰς
3378 2744 3481 2810 μὲν
3530 2745 3683 2811 μόνῳ

2096 2848 2191 2901 καὶ
2228 2844 2409 2908 ίδικῶς
2446 2841 2849 2910 ὲκνενεμήκασι
2886 2838 2965 2907 τῷ
3009 2839 3341 2904 Μονογενεῖ,
3384 2836 3485 2899 τὰς
3513 2836 3573 2889 δὲ
3604 2838 3685 2901 ὡς

2096 2939 2271 3011 ἑτέρῳ
2296 2936 2424 3008 παρ’
2453 2934 2615 2989 αὑτὸν
2642 2932 2756 3002 Υἱῴ
2781 2947 2839 2984 τε
2879 2930 2971 2982 καὶ
3016 2931 3078 2981 ἐκ
3111 2928 3388 2996 γυναικὸς,
3417 2927 3685 2999 ταῦτῃτοι

2094 3032 2506 3101 διημαρτήκασι
2555 3025 2653 3094 τῆς
2711 3024 2790 3085 εἰς
2834 3019 2961 3074 εὐθύ
3009 3035 3067 3072 τε
3114 3018 3207 3070 καὶ
3258 3019 3686 3087 ἁπλανεστάτης

2102 3123 2259 3187 ὁδοῦ,
2312 3120 2405 3173 καί
2450 3115 2542 3170 τοῦ
2591 3115 2788 3169 εἰδέναι
2828 3111 3013 3181 σαφῶς
3047 3110 3106 3163 τὸ
3165 3110 3401 3180 Χριστοῦ
3463 3115 3687 3182 μυστή-

2099 3234 2236 3289 ριον.

2165 3308 2226 3360 Β.
2270 3305 2345 3359 Οὐ
2375 3301 2670 3372 διαιρετέον
2706 3295 2796 3353 οὖν
2848 3300 2954 3370 ἄρα
3005 3298 3209 3366 φωνὰς,
3262 3298 3295 3368 ἦ
3347 3298 3683 3368 πράγματα,

2095 3396 2499 3470 παροισθέντων
2545 3396 2625 3454 εἰς
2660 3392 2822 3463 μέσον
2853 3390 2960 3444 τῶν
3007 3389 3379 3460 εὐαγγελικῶν
3413 3391 3510 3442 καὶ
3542 3391 3657 3442 ἀπο

2096 3486 2357 3542 στολικῶν
2397 3484 2770 3554 κηρυγμάτων
2794 3498 2808 3545 ;

2168 3582 2232 3635 Α.
2274 3575 2572 3648 υύμενοῦν,
2614 3575 2673 3627 τό
2716 3590 2779 3643 γε
2813 3569 2949 3645 ἧκον
2980 3572 3061 3636 είς
3104 3572 3375 3644 πρόσωπα
3413 3571 3531 3638 δύο,
3585 3574 3684 3625 καὶ

2096 3674 2424 3733 ὑποστάσεις
2456 3669 2551 3723 δύο
2602 3667 2940 3739 διῃρημένας
2989 3667 3262 3737 ἀλλήλων,
3306 3666 3399 3719 καὶ
3446 3669 3687 3734 ἀποφοεσ

2094 3765 2273 3827 τώσας
2316 3762 2550 3816 είσάπαν
2597 3759 2782 3823 ἰδικῶς
2811 3776 2869 3812 τε
2908 3759 3004 3813 καὶ
3050 3757 3342 3829 ἀναμέρος.
3382 3757 3533 3820 Ἐνὸς
3568 3759 3682 3829 γὰρ

2093 3859 2246 3920 ὄντος
2299 3854 2453 3920 Υἱοῦ,
2504 3852 2599 3905 τοῦ
2621 3851 2689 3903 δι’
2730 3852 2879 3921 ἡμᾶς
2909 3850 3431 3921 ἐνανθρωπήσαντος
3470 3850 3677 3918 Λόγου,

2095 3947 2262 4017 φαίην
2294 3946 2360 3999 ἂν
2381 3940 2521 3996 εἶναι
2556 3942 2735 3996 πάντα
2757 3940 2943 4004 αὑτοῦ,
2972 3940 3162 4008 λόγους
3194 3956 3254 3991 τε
3286 3940 3377 3992 καὶ
3412 3942 3682 4010 πράγμα-

2092 4054 2180 4103 τα,
2207 4036 2276 4090 τά
2298 4052 2357 4087 τε
2390 4032 2664 4104 θεοπρεπῆ
2696 4035 2791 4085 καὶ
2813 4033 3034 4103 προσέτι
3067 4030 3137 4084 τὰ
3157 4030 3489 4101 ἀνθρώπινα.

2165 4129 2225 4181 Β.
2270 4126 2477 4181 Οὐκοῦν
2504 4167 2519 4191 ,
2557 4123 2661 4177 κᾶν
2710 4125 2759 4176 εἰ
2808 4125 2871 4176 ἐκ
2915 4124 3013 4193 τῆς
3057 4123 3362 4191 ὁδοιπορίας
3412 4125 3677 4178 nomint

2093 4221 2327 4290 λέγοιτο,
2362 4216 2612 4288 πεινῆσαί
2657 4233 2717 4270 τε
2750 4217 2843 4270 καὶ
2890 4215 3058 4269 ὕπνου
3093 4217 3437 4287 μεταλαχεῖν.
3469 4219 3677 4289 πρέποι

2093 4311 2180 4374 ἂν,
2236 4312 2358 4364 είπέ
2421 4327 2532 4380 μοι,
2572 4311 2899 4379 προσνεῖμαι
2946 4307 3023 4379 τῷ
3053 4307 3169 4379 Θεῷ
3220 4309 3377 4381 Λόγῳ
3412 4310 3481 4364 τὰ
3529 4312 3680 4375 οὕτω

2099 4401 2309 4472 σμικρὰ
2329 4401 2423 4454 καὶ
2451 4399 2900 4471 κατερῤιμμένα;

494 4492 558 4542 Α.
608 4485 759 4541 Nudo
790 4488 1005 4556 quidem
1048 4497 1103 4543 et
1130 4488 1364 4543 nondum
1395 4491 1694 4561 incarnato,
1720 4510 1781 4550 ac
1808 4496 1957 4566 prius

2165 4492 2228 4545 A.
2266 4490 2464 4561 Γυμνῷ
2491 4490 2603 4573 ,μὲν
2646 4491 2747 4549 ἔτι.
2777 4491 2868 4542 καὶ
2897 4490 3051 4545 οὔπω
3102 4508 3526 4563 σεσαρκωμενῳ,
3583 4497 3681 4547 καὶ

422 4593 584 4650 quam
628 4580 1047 4634 exinanitionem
1099 4582 1339 4647 subiret,
1394 4598 1731 4654 nequaquam
1781 4605 1797 4641 :
1850 4600 1997 4646 recte

422 4669 566 4725 enim
619 4669 850 4739 iudicas.
894 4672 966 4724 At
1008 4685 1135 4725 vero
1178 4670 1456 4726 incarnato
1507 4684 1669 4743 atque
1717 4678 1995 4733 exinanito

422 4760 675 4828 quidnam
706 4761 1011 4816 detrimenti
1068 4760 1169 4815 hoc
1206 4762 1255 4816 ei
1307 4763 1501 4819 afferre
1524 4780 1682 4835 posse
1725 4773 1997 4825 censeas?

423 4849 882 4918 Quemadmodum
904 4850 1046 4905 enim
1070 4850 1339 4920 propriam
1361 4852 1527 4922 ipsius
1555 4868 1771 4911 carnem
1795 4855 1991 4913 factam

422 4955 543 4996 esse
570 4940 823 5004 dicimus,
852 4940 923 4993 ita
948 4939 1182 4994 vicissim
1217 4940 1385 5013 ipsius
1421 4954 1543 4996 esse
1583 4944 1872 5000 statuimus
1899 4961 1993 5016 per

423 5029 753 5083 conscrtium
785 5027 1190 5094 incarnationis,
1233 5038 1290 5083 et
1348 5031 1557 5085 ratione
1587 5032 1995 5099 exinanitionis,

423 5118 600 5171 carnis
623 5118 784 5171 etiam
806 5116 1143 5175 incommoda
1160 5126 1319 5189 atque
1334 5120 1775 5177 imbecillitatem.
1794 5124 1999 5181 Similis

422 5208 567 5262 enim
594 5204 769 5263 factus
805 5218 889 5262 est
918 5221 1012 5277 per
1039 5210 1220 5263 omnia
1246 5211 1502 5267 fratribus
1534 5213 1601 5281 θ’,
1632 5227 1857 5284 excepto
1879 5218 1993 5272 solo

424 5306 662 5371 peccato.
720 5297 903 5367 Neque
943 5298 1156 5354 mireris
1198 5301 1247 5355 si
1291 5315 1396 5355 una
1445 5316 1566 5355 cum
1625 5315 1788 5358 carne
1828 5307 1989 5360 etiam

419 5390 603 5443 carnis
632 5388 1025 5443 imbecillitates
1075 5390 1178 5445 sibi
1209 5392 1465 5447 ascivisse
1494 5394 1667 5463 ipsum
1712 5396 1941 5452 dicimus
1974 5415 1987 5464 ;

423 5485 562 5536 unde
610 5490 666 5536 et
722 5490 973 5536 externas
1011 5483 1365 5538 contumelias
1413 5500 1442 5537 a
1477 5464 1682 5541 Judzeis
1738 5487 1992 5545 ferociter

423 5577 522 5629 sibi
549 5558 743 5638 illatas,
769 5573 974 5644 sibiipsi
1004 5568 1274 5643 ascripsit,
1302 5576 1485 5632 dicens
1510 5592 1607 5647 per
1628 5593 1814 5635 vocem
1847 5579 1991 5634 Psal-

2098 4583 2226 4653 πρὶν
2250 4580 2573 4635 καθικέσθαι
2604 4582 2737 4651 πρὸς
2762 4580 3013 4648 κένωσιν,
3039 4582 3241 4653 πρέποι
3262 4583 3327 4635 ἂν
3350 4584 3559 4652 ἤκιστὰ
3588 4600 3675 4650 τεο

2093 4676 2311 4743 φρονεῖς
2361 4672 2471 4742 γὰρ
2502 4672 2699 4742 ὀρθῶς·
2750 4672 3229 4744 ἑνανθρωπήσαντι
3274 4672 3331 4726 δὲ
3379 4674 3477 4726 καὶ
3509 4691 3677 4728 κεκε-

2093 4764 2323 4835 νωμένῳ
2372 4766 2554 4817 ὁποῖον
2606 4764 2715 4835 ἄρα
2749 4764 3079 4835 προστρῖψαι
3126 4762 3324 4835 βλάϐος
3365 4766 3430 4819 τὸ
3482 4769 3674 4838 χρῆμα

2092 4856 2277 4927 αὐτῷ;
2302 4858 2513 4930 ’Ὠσπερ
2544 4858 2650 4928 γὰρ
2701 4857 2836 4913 ίδίαν
2885 4857 3047 4911 αὐτοῦ
3076 4858 3174 4929 τὴν
3202 4859 3381 4930 σάρκα
3415 4861 3675 4928 γενέσθαι

2100 4949 2297 5019 φαμὲν,
2343 4936 2486 5003 οὕτω
2525 4948 2686 5002 πάλιν
2719 4950 2882 5004 αὐτοῦ
2916 4951 3037 5003 κατ’
3080 4951 3353 5005 οίκείωσιν
3400 4953 3676 5023 οἰκονομι-

2098 5039 2221 5111 κὴν,
2246 5040 2341 5093 καὶ
2373 5041 2515 5095 κατά
2540 5057 2604 5108 γε
2630 5040 2722 5093 τὸν
2763 5042 2862 5111 τῆς
2890 5040 3172 5106 κενώσεως
3201 5044 3423 5113 τρόπον,
3450 5046 3553 5109 τὰς
3578 5048 3674 5114 τῆς

2098 5130 2300 5201 σαρκὸς
2329 5129 2633 5196 ἀσθενείας.
2693 5131 2962 5204 Ὡμοιώθη
3002 5133 3111 5204 γὰρ
3140 5134 3283 5187 κατὰ
3334 5135 3515 5190 πάντα
3561 5141 3670 5195 τοῖς

2095 5221 2361 5292 ἀδελφοῖς,
2382 5222 2504 5292 δίχα
2529 5224 2696 5294 μόνης
2724 5223 3014 5295 ἁμαρτίας.
3034 5225 3143 5279 Καὶ
3175 5228 3335 5295 μήτοι
3358 5225 3663 5300 θαυμάσῃ·,

2097 5313 2145 5364 εί
2166 5313 2264 5375 τὰς
2290 5312 2388 5381 τῆς
2414 5313 2613 5384 σαρκὸς
2642 5312 2923 5379 ἀσθενείας
2952 5314 3281 5369 οἰκειοῦσθαι
3306 5334 3490 5387 φαμεν
3510 5320 3665 5371 αὐτον

2101 5405 2238 5475 μετὰ
2262 5404 2361 5474 τῆς
2400 5406 2622 5476 σαρκὸς,
2655 5405 2776 5459 ὃθεν
2830 5408 2925 5460 καὶ
2956 5406 3055 5471 τὰς
3082 5406 3316 5477 θύραθεν
3361 5410 3663 5480 παροινίαε.

2096 5493 2191 5556 τὰς
2221 5492 2330 5545 ἀπό
2355 5510 2420 5563 γε
2445 5494 2548 5563 τῆς
2572 5495 2678 5550 τῶν
2706 5496 2974 5551 Ἰουδαίων
3006 5499 3328 5569 σκαιότητος
3357 5502 3664 5571 ἐπενεχθεί-

2100 5600 2197 5647 σας
2226 5584 2396 5657 αὐτῷ,
2452 5586 2615 5645 πάλιν
2670 5588 2849 5661 ἐαυτῷ
2881 5590 3313 5663 προσνενέμηκε,
3355 5592 3529 5662 λέγων
3579 5594 3666 5647 διὰ

488 5757 529 5785 ῖν
581 5752 732 5806 Ruth.
773 5757 913 5817 \',H.
991 5757 1036 5787 ⁸⁸
1064 5758 1187 5812 ihitl.
1222 5753 1302 5808 l5.
1379 5756 1421 5786 ³¹
1454 5754 1620 5811 lCor.
1649 5775 1736 5827 xv,
1766 5762 1854 5822 22.
1930 5762 1970 5790 ³¹

2102 5779 2162 5817 ir.
2200 5779 2259 5831 il,
2304 5765 2383 5822 l7.
