3846 6210
201 348 224 401 1
232 345 335 401 3‘29

1317 349 1508 412 QUOD
1550 350 1735 404 UNUS
1772 351 1878 405 SIT
1916 352 2273 412 CHRISTUS.

3311 365 3446 421 i330

201 460 295 528 τῆς
327 458 422 511 τοῦ
453 457 761 522 Ψάλλοντος
795 459 996 529 φωνῆς’
1031 461 1449 533 «Διεμερίσαντο
1469 463 1540 516 τὰ
1573 464 1766 535 ίμάτιά

1892 472 2080 527 ιιίειωε
2125 492 2142 524 r
2184 474 2491 529 Diviserunt
2529 476 2628 530 sihi
2684 485 2997 532 vestimenta
3030 494 3167 544 mea,
3199 491 3255 535 et
3288 498 3441 550 super

203 566 302 618 μου
324 549 556 611 ἑαυτοῖς,
583 548 675 601 καὶ
702 549 795 600 ἐπὶ
821 547 910 601 τὸν
947 550 1243 619 ἱματισμόν
1277 569 1380 621 μου
1423 552 1615 606 ἔϐαλον
1646 554 1779 624 κλῆ-

201 657 309 709 ρον.
326 659 343 688 ι
361 640 469 693 Καὶ
488 639 649 692 πάλιν
665 654 676 666 ·
691 658 707 689 r
724 638 926 702 Πάντες
947 640 996 692 οἰ
1016 638 1347 710 θεωροῦντες
1373 659 1461 711 με,
1481 643 1778 712 ἐξεμυκτή-

199 731 357 802 ρισάν
382 748 471 800 με,
502 730 768 799 ἐλάλησαν
795 731 851 781 ὲν
889 729 1144 800 χείλεσιν,
1176 731 1432 802 ἐκίνησαν
1462 733 1724 803 κεφαλήν.
1754 750 1771 782 r

269 824 327 874 Β.
372 822 578 877 Οὐκοῦν
608 822 710 875 κᾶν
742 824 789 875 εί
819 821 965 890 λέγοι
995 823 1176 892 τυχὸν,
1212 843 1229 873 r
1270 824 1328 876 ὐ
1360 824 1625 894 ἑωρακώς
1651 825 1774 895 ἐμὲ,

202 913 412 984 ἑώρακε
453 913 543 966 τὸν
572 913 807 983 Πατέρα·
829 912 968 981 Ἐγὼ
1010 914 1103 967 καὶ
1146 916 1175 966 6
1204 914 1413 984 Πατὴρ,
1439 916 1500 968 ἓν
1530 917 1717 984 ὲσμενο
1751 934 1771 967 ι

202 1002 320 1059 εἶτα
354 1006 488 1078 πρὸς
530 1005 835 1069 Ἰουδαίους,
870 1025 888 1056 r
912 1005 975 1057 Ti
1003 1023 1069 1075 με
1101 1005 1312 1076 ζητεῖτε
1338 1008 1659 1061 ἀποκτεῖναι
1686 1007 1777 1061 άν-

203 1099 437 1169 θρωπον,
470 1097 525 1160 ὃς
548 1098 647 1168 τὴν
677 1098 934 1167 ἀλήθειαν
969 1096 1100 1167 ὑμῖν
1132 1098 1426 1167 λελάληκα,
1457 1101 1522 1170 ἣν
1566 1101 1776 1171 ἤκουσα

202 1190 350 1260 παρὰ
381 1190 472 1242 τοῦ
502 1188 637 1241 Θεοῦ
663 1206 677 1253 ;
707 1209 724 1239 ›
762 1188 879 1250 ἐνὸς
904 1184 1303 1259 εἷναιδώσομεν
1334 1191 1428 1243 καὶ
1456 1190 1548 1242 τοῦ
1591 1190 1774 1254 αὑτοῦ,

198 1281 403 1341 ταύτας
428 1297 487 1332 τε
520 1278 780 1338 κάκείνας
806 1278 904 1341 τὰς
931 1279 1148 1346 φωνάςς

270 1374 335 1426 Α.
370 1373 517 1426 Πάνυ
544 1373 641 1442 μὲν
672 1368 785 1435 οῦν,
816 1372 1147 1441 μεμέρισται
1176 1372 1285 1442 γὰρ
1308 1371 1560 1443 οὐδαμῶς
1591 1374 1620 1426 6
1645 1374 1778 1444 Χρι-

201 1465 345 1528 στὸς,
368 1460 448 1528 εἷς
474 1465 530 1517 δὲ
559 1464 656 1517 καὶ
685 1464 845 1533 μόνος
874 1464 968 1516 καὶ
998 1462 1248 1534 ἀληθινὸς
1287 1464 1412 1527 Υἱὸς
1444 1464 1581 1536 πρὸς
1611 1464 1779 1518 ἁπάν-

197 1575 310 1611 των
341 1553 480 1609 εἷναι
519 1555 832 1610 πιστεύεται
866 1556 973 1609 τῶν
1007 1556 1456 1628 προσκυνούντων
1489 1556 1668 1611 αὐτόν.
1713 1558 1776 1609 Ἦ

198 1650 309 1720 γὰρ
342 1647 506 1702 εἰκὼν
544 1647 639 1701 τοῦ
695 1647 928 1717 ἀοράτου
961 1648 1130 1715 Θεοῦ,
1175 1648 1237 1702 τὸ
1284 1648 1627 1719 ἀπαύγασμα
1675 1649 1777 1720 τῆς

196 1741 356 1811 δόξης
390 1741 491 1811 τῆς
541 1740 892 1804 ὑποστάσεως
924 1740 1020 1794 τοῦ
1069 1739 1284 1811 Πατρὸς
1311 1778 1326 1803 ,
1379 1741 1407 1794 6
1442 1739 1543 1810 τῆς
1588 1739 1777 1804 οὐσίας

197 1810 364 1888 αὑτοῦ
398 1810 707 1904 χαρακτὴρ,
742 1833 899 1885 ἔλαϐε
934 1832 1121 1886 δούλου
1154 1810 1388 1903 μορφὴν,
1422 1833 1521 1903 οὐχ
1565 1832 1641 1895 ὡς
1681 1833 1778 1886 ειν-
1808 1810 1850 1867 Β

198 1927 419 1997 θρωπον
466 1924 640 1996 ἐαυτῷ
689 1925 965 1994 συνάψας,
995 1925 1139 1978 καθά
1190 1941 1375 1994 φασιν,
1422 1927 1480 1978 ὲν
1532 1925 1669 1995 αὐτῇ
1720 1924 1778 1977 δὲ

202 2018 405 2089 μᾶλλον
428 2017 591 2082 αὐτὸς
636 2017 896 2086 γεγονὼς,
933 2018 1257 2088 μεμενηκὼς
1286 2019 1343 2072 δὲ
1373 2018 1469 2071 καὶ
1520 2017 1692 2081 οὕτως
1720 2019 1779 2071 ὲν

196 2110 460 2181 ὁμοιώσει
492 2113 559 2181 τῇ
594 2110 735 2180 πρὸς
762 2110 896 2163 Θεὸν
926 2111 1020 2164 καὶ
1042 2110 1283 2181 Πατέρα.
1314 2112 1567 2181 Γέγραφε
1593 2110 1724 2178 γοῦν
1750 2111 1779 2162 6

197 2202 475 2272 πάνσοφος
504 2201 734 2268 Παῦλος,
763 2203 845 2255 ὅτι
894 2221 913 2252 r
950 2201 1007 2256 '0
1034 2201 1188 2266 Θεὸς,
1212 2205 1241 2256 6
1269 2202 1438 2256 εἰπὼν
1462 2205 1526 2256 ὲκ
1556 2201 1778 2265 σκότους

196 2294 315 2362 φῶς
345 2293 580 2363 λάμψαι,
605 2294 663 2356 ὃς
689 2294 929 2363 ἔλαμψεν
959 2297 1016 2346 ἐν
1039 2295 1161 2356 ταῖς
1186 2294 1435 2365 καρδίαις
1464 2293 1622 2365 ἡμῶν
1646 2293 1780 2365 πρὸς

197 2385 482 2455 φωτισμὸν
520 2385 621 2454 τῆς
656 2384 911 2454 γνώσεως
954 2384 1053 2455 τῆς
1082 2384 1242 2456 δόξης
1287 2385 1454 2439 αὑτοῦ
1477 2424 1491 2448 ,
1524 2387 1582 2437 ὲν
1614 2400 1781 2455 προσ-

194 2479 336 2549 ώπῳ
369 2477 604 2549 Χριστοῦ
658 2475 853 2547 Ἰησοῦ.
878 2495 897 2529 ι
942 2475 1134 2547 Ἀθρει
1169 2478 1281 2548 γάρ
1330 2477 1480 2540 ὅπως
1514 2478 1573 2529 ὲν
1607 2491 1777 2546 προσ-

194 2570 335 2641 ώπῳ
366 2568 607 2639 Χριστοῦ
636 2569 735 2639 τῆς
769 2567 920 2632 Θείας
944 2584 1006 2621 τε
1033 2568 1126 2621 καὶ
1160 2570 1475 2639 ἀπορρήτου
1502 2567 1658 2638 δόξης
1684 2568 1779 2620 τοῦ

197 2660 339 2715 Θεοῦ
369 2662 465 2714 καὶ
508 2661 723 2732 Πατρὸς
766 2660 794 2712 ὁ
835 2660 1113 2730 φωτισμὸς
1150 2660 1488 2730 ἀναλάμπει.
1529 2660 1780 2713 Δείκνυσι

196 2754 310 2825 γάρ
343 2756 401 2807 ὲν
427 2752 575 2824 αὐτῷ
607 2754 704 2824 τὴν
735 2752 829 2806 τοῦ
860 2753 1073 2823 Πατρὸς
1120 2752 1298 2817 δόξαν,
1330 2753 1509 2806 καίτοι
1544 2751 1781 2821 γεγονὼς

196 2847 485 2915 ἄνθρωπος
516 2847 546 2899 6
597 2846 930 2916 Μονογενής.
961 2844 1138 2907 Μόνος
1168 2844 1277 2915 γάρ
1316 2839 1503 2909 οὗτος,
1544 2844 1639 2897 καὶ
1683 2842 1781 2912 οὐχ

196 2937 391 3004 ἕτερος
422 2937 658 3009 Χριστὸς
691 2940 895 2991 νοεῖται
927 2937 1023 2990 καὶ
1059 2936 1411 3007 ὀνομάζεται,
1445 2936 1615 3006 ἡγουν
1641 2934 1785 2988 διδα-

200 3031 445 3084 σκόντων
468 3032 618 3100 ἡμᾶς
643 3030 692 3084 oi
716 3030 1037 3094 διεναντίας,
1068 3030 1193 3082 τίνα
1228 3028 1430 3099 τρόπον
1459 3027 1669 3080 κατίδοι
1699 3040 1783 3089 τις

1880 574 2079 616 vestem
2133 580 2304 618 meam
2370 566 2629 619 miserunt
2671 580 2871 622 sorteru
2900 567 2965 624 ⁸³.
3002 587 3020 619 r
3082 568 3147 622 Et
3182 587 3395 625 rursum
3430 591 3443 627 :

1881 671 1901 702 ‹
1935 654 2135 709 Omnes
2182 655 2422 709 videntes
2447 669 2529 710 me
2578 658 2884 712 deriserunt
2940 675 3025 715 me
3064 675 3080 727 ;
3140 660 3299 716 locuti
3324 674 3442 718 sunt

1879 742 2053 807 labiis,
2077 755 2130 798 et
2159 758 2438 801 moverunt
2464 758 2625 817 caput
2650 749 2720 804 ει.
2757 766 2776 801 ι

1946 836 2008 893 Β.
2035 836 2176 904 Ergo
2204 840 2416 893 etiamsi
2448 840 2587 893 dicat
2622 860 2635 896 :
2674 859 2693 892 r
2731 842 2830 907 Qui
2888 840 3021 895 vidit
3072 859 3176 909 me,
3233 846 3356 901 vidit
3393 857 3442 902 el

1877 927 2091 983 Patrem
2119 930 2201 982 ⁸⁸ε
2249 944 2347 998 ego
2402 940 2456 984 et
2501 930 2663 985 Pater
2718 948 2881 986 unum
2936 949 3120 989 sunms
3149 934 3195 967 “
3224 954 3238 1003 ;
3270 955 3289 989 ι
3313 954 3444 1007 prae-

1878 1029 2026 1075 terea
2080 1021 2142 1072 ad
2176 1019 2427 1075 Judrros:
2459 1040 2477 1073 r
2514 1021 2648 1088 Quid
2699 1040 2783 1079 me
2831 1026 3070 1095 quaeritis
3120 1028 3444 1091 interﬁcere.

1877 1112 2149 1164 hominem
2189 1111 2277 1181 qui
2319 1114 2598 1167 veritatem
2632 1114 2842 1169 locrrtus
2890 1132 3008 1170 sum
3058 1119 3231 1183 vobis,
3285 1135 3446 1188 quam

1877 1204 2053 1255 audivi
2079 1218 2108 1255 a
2149 1203 2257 1257 Deo
2288 1202 2332 1234 ⁸⁷
2364 1204 2387 1257 ?
2423 1224 2441 1255 ι
2496 1205 2655 1260 unius
2710 1218 2871 1277 atque
2918 1207 3158 1278 ejusdem
3210 1212 3448 1266 dicemus

1876 1307 1997 1348 esse
2027 1297 2124 1347 has
2154 1310 2311 1349 voces
2334 1304 2389 1350 et
2416 1295 2576 1350 illas?

1948 1383 2011 1436 A.
2046 1382 2316 1439 Omnino:
2350 1385 2496 1438 nulla
2538 1386 2681 1439 enim
2714 1386 2925 1441 ratione
2959 1387 3161 1443 divisus
3191 1399 3273 1443 est
3295 1388 3449 1443 Chri-

1877 1484 1991 1528 stus
2022 1474 2091 1527 ³⁸.
2143 1474 2293 1530 Unus
2330 1490 2458 1530 vero
2503 1490 2564 1531 ac
2608 1478 2759 1532 solrrs
2813 1487 2867 1532 et
2923 1494 3083 1533 verus
3122 1480 3290 1534 Filius
3332 1482 3450 1533 esse

1876 1565 2115 1619 creditur
2169 1566 2236 1620 ab
2298 1569 2547 1623 omnibus
2596 1570 2687 1638 qui
2750 1570 2922 1638 ipsum
2976 1571 3223 1627 adorant.
3273 1573 3452 1643 Imago

1877 1658 2019 1710 enim
2071 1658 2356 1713 invisibilis
2404 1660 2518 1725 Dei,
2599 1661 2855 1730 splendor
2906 1664 3088 1734 gloriae
3136 1666 3453 1720 substantiae

1878 1747 2056 1802 Patris
2083 1748 2151 1813 ⁸⁹,
2180 1751 2538 1819 essentiaeque
2590 1752 2758 1821 ipsius
2798 1754 3097 1820 character,
3150 1756 3289 1811 servi
3343 1756 3453 1811 for-

1883 1855 2024 1896 mam
2058 1842 2266 1911 accepit
2296 1843 2384 1897 '°:
2424 1859 2527 1896 non
2562 1856 2621 1897 ut
2662 1844 2934 1899 hominem
2967 1844 3067 1900 sibi
3100 1846 3449 1917 coniungens,

1883 1933 2330 2000 quemadmodum
2369 1935 2456 1989 isti
2496 1936 2706 1997 volunt.
2760 1939 2851 1991 sed
2879 1937 2929 1991 in
2984 1936 3069 1991 illa
3122 1939 3296 2007 potius
3342 1938 3455 2007 ipse

1884 2023 2059 2079 factus
2096 2042 2110 2091 ;
2145 2027 2550 2081 similitudinem
2610 2029 2825 2083 interim
2873 2043 2994 2083 cum
3044 2025 3206 2083 Patre
3263 2030 3455 2083 nihilo-

1885 2117 2064 2171 minus
2092 2119 2349 2173 retinens.
2378 2117 2541 2189 759
2571 2119 2796 2189 Scripsit
2830 2120 3009 2189 itaque
3025 2121 3453 2190 sapientissimus

1884 2208 2104 2276 Paulus,
2182 2211 2436 2279 quoniam
2495 2231 2513 2262 ε
2574 2211 2715 2265 Deus
2778 2210 2869 2279 qui
2920 2211 3054 2265 dixit
3104 2212 3171 2265 de
3222 2211 3455 2264 tenebris

1886 2300 2062 2355 lucem
2089 2301 2492 2371 splendescere,
2529 2302 2643 2371 ipse
2668 2302 2842 2356 illuxit
2874 2303 2926 2355 in
2958 2301 3213 2356 cordibus
3256 2302 3456 2355 nostris

1886 2393 2427 2448 adillumiuationenr
2486 2395 2728 2448 scientia:
2759 2393 3027 2448 claritatis
3074 2392 3167 2449 Dei
3222 2392 3274 2447 in
3322 2392 3458 2447 facie

1886 2484 2085 2537 Christi
2124 2481 2248 2537 Jeer
2287 2485 2357 2537 ".
2404 2502 2424 2534 ι
2456 2479 2591 2537 Vide
2615 2483 2781 2548 enim,
2810 2498 2917 2553 quo
2948 2492 3104 2548 pacto
3135 2482 3186 2537 in
3228 2495 3458 2551 perSOIra

1886 2573 2088 2629 Christi
2119 2574 2357 2628 divinum
2382 2584 2545 2643 atque
2567 2571 2835 2627 ineffabile
2860 2572 3044 2643 gloria:
3066 2571 3159 2626 Dei
3194 2587 3256 2626 ac
3279 2570 3457 2625 Patris

1888 2664 2066 2719 lumen
2112 2663 2471 2732 resplendeat.
2501 2662 2750 2719 Ostendit
2781 2663 2923 2717 enirn
2965 2663 3016 2716 in
3040 2663 3221 2731 seipso
3257 2661 3459 2731 Unige—

1888 2758 2033 2812 nitrrs
2062 2755 2238 2811 Patris
2268 2756 2516 2824 gloriam,
2539 2756 2750 2811 tametsi
2786 2755 2959 2809 factus
2989 2754 3061 2808 sit
3098 2754 3277 2808 homo.
3300 2753 3459 2808 Solus

1890 2863 2123 2915 namque
2151 2849 2258 2915 hic,
2284 2857 2337 2903 et
2362 2864 2466 2902 non
2500 2848 2637 2902 alius
2656 2848 2903 2902 Christus
2941 2856 3194 2901 ceusetrrr
3212 2854 3268 2899 et
3299 2860 3461 2899 voca-

1893 2949 1998 2995 tur.
2056 2941 2163 2995 Aut
2205 2940 2408 3009 alioqui
2440 2940 2671 2994 doceant
2698 2938 2994 2993 adversarii
3026 2934 3295 3006 quornodo
3342 2934 3463 3004 quis

1890 3031 1943 3086 in
1996 3032 2201 3102 vulgari
2268 3033 2451 3101 aliquo
2514 3033 2731 3087 homine
2774 3045 2997 3085 cernere
3052 3028 3221 3098 possit
3270 3026 3463 3082 divinze

199 3123 269 3175 ἂν
298 3123 376 3186 ὡς
413 3123 472 3175 ἐν
510 3122 784 3193 ἀνθρώπῳ
825 3120 992 3192 κοινῷ
1028 3121 1126 3191 τῆς
1165 3120 1315 3183 θείας
1363 3119 1521 3188 δόξης
1543 3118 1632 3171 τὸν
1671 3136 1783 3187 φωο

1892 3123 2075 3193 gloriae
2110 3124 2311 3187 lumen,
2342 3126 2455 3179 sive
2498 3124 2743 3178 notitiam
2780 3122 2804 3175 τ
2840 3121 3027 3189 Neque
3074 3121 3217 3175 enirn
3266 3118 3321 3173 in
3363 3119 3464 3173 ho-

197 3213 417 3283 τισμὸν,
449 3214 617 3281 ἤγουν
645 3216 746 3284 τὴν
778 3214 1107 3279 ἑπίγνωσιν;
1143 3213 1219 3265 Οὐ
1254 3212 1364 3284 γὰρ
1405 3214 1463 3265 ὲν
1495 3208 1784 3279 ἀνθρώπου

1892 3216 2052 3270 minis
2082 3214 2250 3270 forma
2288 3217 2451 3270 Deum
2487 3230 2794 3279 cernemus,
2831 3225 3189 3282 praeterquam
3242 3213 3294 3265 in
3348 3211 3465 3265 solo

203 3304 392 3373 μορφῇ
437 3302 567 3355 Θεὸν
617 3302 881 3370 ὀψόμεθα,
914 3302 1055 3372 πλὴν
1096 3302 1152 3352 ὲν
1180 3300 1325 3370 μόνῳ
1376 3300 1454 3371 τῷ
1491 3299 1614 3353 καθ’
1640 3301 1788 3369 ἡμᾶς

198 3395 455 3465 γεγονότι
487 3395 582 3448 καὶ
625 3394 1105 3465 ὲνανθρωπὴσαντι
1147 3392 1325 3461 Λόγῳ,
1365 3392 1696 3462 μεμενηκότι
1732 3391 1787 3443 δὲ

199 3488 299 3540 καὶ
340 3484 485 3539 οῦτω
512 3485 672 3553 φύσει
694 3502 752 3538 τε
803 3486 897 3537 καὶ
940 3482 1156 3554 ἀληθῶς
1200 3482 1335 3553 Υίῴ,
1376 3476 1788 3555 παραδόξως-ἧν

198 3580 299 3633 καὶ
330 3577 494 3631 τοῦτο
524 3577 677 3640 ἰδεῖν,
712 3576 847 3630 καθὸ
889 3577 1093 3629 νοεῖται
1127 3574 1279 3637 Θεός.
1317 3574 1428 3626 Καὶ
1453 3571 1584 3640 γοῦν
1622 3574 1650 3625 6
1677 3569 1789 3624 τῶν

199 3669 375 3724 αὐτοῦ
410 3670 722 3739 μυστηρίων
752 3668 976 3737 ταμίας,
1005 3665 1241 3738 Χριστὸν
1278 3663 1485 3734 Ἰησοῦν
1516 3663 1791 3745 όνομάσμς

198 3760 394 3824 αὑτὸν,
450 3759 525 3823 ὡς
576 3757 699 3811 καθ’
726 3758 871 3828 ἡμᾶς
917 3757 1179 3825 γεγονότα
1214 3756 1308 3809 καὶ
1343 3754 1788 3825 σεσαρκωμένον,

196 3845 349 3901 οἶδεν
394 3847 525 3900 ὄντα
569 3845 708 3917 μετὰ
734 3846 828 3899 τοῦ
883 3846 1043 3915 φύσει
1099 3861 1160 3898 τε
1215 3845 1309 3898 καὶ
1350 3843 1577 3915 ἀληθείᾳ
1615 3843 1787 3897 Θεόνο

197 3940 418 4012 γράφει
450 3940 559 4010 γὰρ
591 3938 708 3991 ὡδί·
758 3958 777 3990 ‹
818 3937 1236 4010 Τολμηρότερον
1289 3936 1347 3989 δὲ
1390 3936 1607 4008 ἔγραψα
1664 3937 1792 4007 ὑμῖν

201 4034 319 4087 ἀπὸ
354 4032 579 4101 μέρους.
603 4030 678 4092 ὡς
705 4031 1212 4099 ἐπαναμιμνήσκων
1239 4028 1383 4098 ὑμᾶς
1410 4026 1497 4080 διὰ
1518 4027 1614 4097 τὴν
1634 4028 1795 4097 χάριν

201 4126 306 4196 τὴν
332 4120 585 4176 δοθεῖσάν
621 4139 709 4191 μοι
736 4121 841 4175 ὑπὸ
869 4119 965 4173 τοῦ
986 4117 1141 4185 Θεοῦ,
1182 4121 1262 4182 εἰς
1291 4119 1351 4170 τὸ
1378 4112 1517 4170 εἷναί
1550 4134 1618 4187 με
1679 4117 1793 4169 λειο

204 4217 450 4289 τουργὸν
482 4215 716 4285 Χριστοῦ
751 4212 926 4285 Ἰησοῦ
957 4216 1036 4275 εἰς
1071 4213 1138 4266 τὰ
1173 4212 1321 4282 ἔθνη,
1353 4210 1705 4282 ίερουγοῦντα
1737 4209 1797 4263 τὸ

207 4308 553 4378 Εύαγγέλιον
576 4306 669 4360 τοῦ
699 4307 854 4361 Θεοῦ.
891 4325 909 4356 ι
943 4302 1284 4376 Προφητεύει
1309 4303 1366 4355 δὲ
1396 4304 1489 4357 καὶ
1521 4302 1797 4373 Ζαχαρίας

205 4404 288 4474 τῷ
330 4402 523 4472 οἰκείῳ
556 4401 723 4457 παιδὶ,
758 4400 901 4469 φημὶ
931 4398 1017 4467 δὴ,
1059 4396 1137 4468 τῷ
1169 4397 1470 4467 Βαπτιστῇο
1514 4414 1532 4447 r
1571 4397 1679 4450 Καὶ
1707 4396 1794 4458 σὺ,

1893 3305 2070 3360 Verbo
2101 3307 2269 3360 nostri
2302 3307 2465 3361 simili
2516 3307 2678 3373 facto,
2739 3316 2902 3374 atque
2954 3305 3235 3358 incarnato
3272 3318 3287 3366 ;
3325 3300 3465 3368 quod

1890 3409 2072 3454 tamen
2120 3401 2282 3453 etiam
2347 3400 2446 3453 hoc
2494 3408 2651 3468 pacto
2698 3396 2994 3466 permansit
3037 3395 3360 3450 naturaliter
3401 3409 3466 3450 ac

1889 3504 2018 3544 vere
2049 3487 2239 3555 Filius,
2266 3489 2659 3562 admirabiliter
2698 3488 2751 3543 id
2789 3488 2989 3540 factum
3032 3488 3298 3551 videmus,
3334 3499 3467 3555 qua-

1891 3589 2050 3635 tenus
2074 3590 2157 3635 est
2189 3580 2350 3633 Deus.
2372 3578 2576 3633 Idcirco
2601 3589 2657 3633 et
2704 3573 2923 3641 Paulu‘s,
2983 3576 3253 3632 Christum
3281 3571 3465 3628 Iesum

1892 3673 2066 3743 ipsum
2123 3672 2431 3737 nominans,
2497 3679 2558 3725 ut
2597 3673 2768 3725 nostri
2814 3670 3043 3725 similem
3075 3669 3271 3723 factum
3306 3676 3470 3733 atqrre

1892 3765 2257 3830 incarnaturn,
2314 3764 2516 3833 optime
2574 3762 2837 3818 intellexit
2881 3763 3054 3833 ipsum
3133 3757 3294 3814 simul
3349 3769 3470 3809 esse

1893 3857 2214 3913 naturaliter
2241 3870 2306 3911 ac
2356 3870 2485 3910 vere
2512 3851 2699 3909 Deum.
2742 3854 2817 3908 lta
2864 3854 3006 3909 enim
3037 3851 3260 3907 scribit:
3298 3866 3318 3902 r
3358 3848 3469 3902 Au-

1894 3949 2082 4003 dacius
2140 3958 2318 4000 autem
2373 3947 2565 4015 scripsi
2608 3946 2763 4001 vobis
2803 3960 2866 4000 ex
2919 3954 3089 4012 parte.
3124 3952 3378 4010 tanquam
3412 3941 3467 3993 in

1896 4039 2214 4109 memoriam
2251 4053 2350 4094 vos
2369 4040 2653 4103 reducens,
2681 4049 2901 4108 propter
2926 4036 3154 4107 gratiam
3186 4048 3305 4101 quae
3337 4031 3469 4085 nrihi

1896 4131 2017 4185 data
2049 4138 2131 4184 est
2159 4144 2191 4185 a
2234 4130 2385 4183 Deo:
2430 4138 2489 4183 ut
2538 4128 2640 4183 sim
2695 4128 2940 4183 minister
2988 4122 3189 4180 Christi
3230 4120 3355 4178 Jesu
3415 4122 3469 4175 in

1897 4224 2147 4293 gentibus
2181 4238 2196 4288 ;
2247 4220 2592 4276 sanctiﬁcaus
2633 4218 2981 4286 Evangelium
3017 4216 3111 4272 Dei
3140 4216 3206 4271 ”.
3241 4234 3262 4269 ι
3296 4212 3471 4282 Quin-

1898 4314 2058 4367 etiam
2079 4311 2372 4366 Zacharias
2390 4310 2498 4364 iilio
2514 4324 2614 4364 suo
2636 4308 2941 4377 prophetat,
2960 4306 3212 4377 Baptista:
3229 4304 3469 4373 inquam,

1906 4419 1924 4453 ι
1964 4402 2030 4456 Et
2066 4413 2118 4456 tu
2146 4418 2298 4471 puer,
2325 4402 2583 4472 propheta
2614 4400 2879 4454 Altissimi
2907 4397 3212 4452 vocaberis.
3246 4394 3470 4450 Prmibis

211 4497 461 4561 παιδίον,
501 4494 787 4565 προφήτης
829 4491 1082 4561 Ὑψίστου
1134 4488 1399 4562 κληθήσῃ·
1444 4488 1784 4561 προπορεύσῖ

1903 4494 2045 4547 enim
2072 4501 2198 4547 ante
2220 4492 2412 4547 faciem
2436 4490 2675 4555 Domini,
2698 4491 2762 4544 ad
2783 4489 3190 4559 praeparandum
3216 4486 3469 4557 populum

210 4588 326 4661 γὰρ
364 4587 475 4658 πρὸ
497 4583 789 4657 προσώπου
826 4583 1052 4654 Κυρίου,
1095 4581 1379 4651 ἑτοιμάσαι
1402 4582 1531 4634 λαὸν
1565 4580 1735 4650 αὐτῷ.
1774 4598 1792 4631 r

212 4678 354 4735 Εἶτα
383 4680 477 4732 τὸν
510 4678 770 4746 "remex;
794 4692 853 4728 τε
883 4675 977 4728 καὶ
994 4674 1197 4744 Κύριον
1228 4675 1255 4726 6
1276 4673 1559 4736 θεσπέσιος
1591 4672 1799 4725 Βαπτι-

214 4774 353 4845 στὴς
389 4771 705 4826 κατεδείκνυ
750 4770 942 4837 λέγων·
976 4788 993 4820 ‹
1022 4769 1128 4821 Ἴδε
1155 4771 1183 4821 6
1216 4766 1410 4837 Ἀμνὸς
1447 4765 1540 4818 τοῦ
1579 4764 1735 4827 Θεοῦ,
1776 4765 1804 4816 6

213 4868 395 4938 αἴρων
429 4865 529 4934 τὴν
569 4861 840 4934 ἁμαρτίαν
856 4860 949 4914 τοῦ
981 4861 1207 4930 κόσμου.
1233 4852 1401 4923 Οὗτός
1450 4860 1562 4911 ὲστι
1594 4858 1721 4926 περὶ
1744 4850 1805 4907 οἶ)

215 4957 333 5027 ἐγὼ
363 4951 539 5010 εἶπονο
576 4954 781 5007 Ὀπίσω
815 4971 915 5023 μου
939 4952 1155 5025 ἔρχεται
1202 4952 1340 5023 ἀνὴρ
1390 4949 1449 5014 ὃς
1495 4947 1801 5020 ἔμπροσθέν

220 5066 328 5120 μου
357 5046 604 5115 γέγονεν,
628 5044 709 5097 ὅτι
734 5041 948 5113 πρῶτός
983 5058 1083 5111 μου
1104 5036 1192 5111 ἦν.
1217 5061 1233 5092 r
1258 5037 1382 5111 Ἆρ’
1410 5034 1503 5092 οὖν
1535 5038 1804 5093 ἐνδοιάσαι

219 5140 409 5209 θέμις,
438 5135 514 5199 ὡς
545 5130 624 5199 εἷς
659 5134 754 5188 καὶ
803 5134 961 5204 μόνος
1000 5134 1092 5186 καὶ
1121 5132 1340 5203 ἀληθῶς
1382 5132 1510 5194 Υἱὸς
1540 5131 1624 5201 εἴη
1675 5130 1742 5183 ἂν
1777 5130 1805 5181 6

219 5234 286 5285 ὲκ
316 5225 461 5282 Θεοῦ
523 5225 733 5296 Πατρὸς
780 5225 952 5293 Λόγος
1001 5224 1138 5295 μετὰ
1175 5224 1272 5294 τῆς
1323 5222 1616 5293 ὲνωθείσης
1658 5221 1806 5292 αὐτῷ

223 5320 459 5394 σαρκὸς,
486 5319 580 5371 καὶ⁹
607 5317 706 5370 ούκ
736 5316 942 5387 ἀψύχου
968 5315 1167 5388 μᾶλλον
1192 5316 1334 5370 κατά
1353 5332 1524 5388 τινας,
1552 5313 1627 5376 ὼς
1648 5313 1806 5384 ἔφην,

221 5410 597 5483 ὲψυχωμένης
624 5408 679 5462 δὲ
714 5408 935 5478 νοερῶς,
967 5408 1062 5462 καὶ
1098 5407 1156 5460 ἓν
1193 5408 1303 5461 σὺν
1331 5406 1470 5477 αὐτῇ
1523 5404 1810 5476 πρόσωπον

226 5517 493 5570 πανταχη
522 5517 536 5565 ς

302 5705 350 5731 ⁸⁸
385 5701 528 5753 Psal.
563 5718 670 5766 ut,
698 5703 780 5753 -l9.
896 5702 942 5733 ⁸⁸
971 5702 1097 5756 ibid.
1125 5701 1176 5754 8.
1273 5702 1315 5731 ⁸⁸
1347 5698 1501 5753 Joan.
1542 5714 1652 5761 xlv,
1706 5698 1758 5752 9.

226 5781 274 5810 θ’
320 5774 491 5829 Hebr.
529 5789 564 5832 r.
598 5773 649 5825 3.
726 5773 767 5803 "°
802 5772 1024 5835 l‘lrilipp.
1060 5785 1118 5832 tr,
1150 5771 1198 5823 7.
1272 5772 1311 5801 "
1344 5770 1379 5823 ll
1411 5771 1532 5825 Cor.
1568 5784 1639 5833 tv,
1669 5771 1716 5820 l5.

1867 5696 1911 5722 '"‘
1940 5694 2094 5751 Jorrrr.
2127 5712 2175 5757 κ,
2202 5695 2287 5746 3‘.

1800 5769 1843 5797 "
1888 5766 2039 5819 ii‘oru.
2075 5784 2159 5829 μ’,
2202 5767 2284 5827 ιδ.
2332 5766 2412 5818 lii.

1901 4584 2069 4653 ipsius
2093 4584 2160 4640 ⁸³.
2202 4603 2220 4635 r
2247 4583 2450 4637 Deinde
2498 4583 2715 4637 divinus
2745 4580 3008 4652 Baptista,
3061 4579 3396 4634 Altissimum
3420 4588 3475 4633 et

1901 4676 2185 4731 Dornirurrn
2230 4677 2584 4739 demonstrat,
2610 4676 2839 4730 dicens:
2875 4693 2896 4727 r
2933 4676 3073 4729 Ecce
3122 4674 3306 4744 Agnus
3357 4670 3471 4736 Dei,

1902 4770 1993 4838 qui
2034 4769 2169 4823 tollit
2207 4778 2424 4837 peccata
2458 4764 2663 4820 mundi.
2700 4764 2797 4820 ilic
2842 4764 3013 4818 estde
3041 4777 3148 4833 quo
3172 4762 3283 4817 dixi
3312 4761 3476 4818 :Post

1906 4876 1991 4914 me
2034 4860 2177 4915 venit
2222 4859 2325 4920 vir,
2374 4857 2467 4926 qui
2513 4866 2637 4913 ante
2692 4870 2777 4911 me
2814 4857 2989 4910 factus
3014 4866 3117 4920 est,
3162 4854 3287 4923 quia
3328 4855 3477 4923 prior

1906 4969 1992 5009 me
2021 4960 2139 5007 erat
2165 4951 2232 5007 “.
2265 4969 2283 5004 ι
2308 4950 2483 5006 Fasne
2505 4950 2667 5020 igitur
2696 4950 2856 5004 fuerit
2882 4948 3145 5015 dubitare,
3168 4948 3308 5015 quod
3338 4962 3475 5001 unus

1905 5056 1960 5101 et
1987 5044 2133 5099 solus
2163 5059 2225 5097 ac
2246 5057 2370 5097 vere
2396 5044 2464 5096 sit
2492 5041 2683 5106 Filius,
2745 5040 2981 5096 Verbum
3030 5055 3096 5095 ex
3153 5039 3264 5094 Deo
3314 5037 3476 5093 Patre

1909 5154 2029 5193 cum
2059 5136 2204 5191 unita
2237 5136 2337 5191 sibi
2368 5150 2550 5202 carne,
2580 5150 2683 5190 non
2731 5135 2820 5189 illa
2859 5134 3149 5189 inanimata
3178 5133 3488 5189 secundum-

1912 5230 2215 5295 nonnullos,
2248 5239 2305 5284 ut
2329 5230 2461 5294 dixi,
2507 5229 2600 5284 sed
2638 5229 2817 5283 anima
2874 5227 3206 5299 intelligente
3231 5222 3495 5297 praedita,

1912 5336 2124 5393 unaque
2150 5338 2371 5393 prorsus
2403 5337 2526 5379 curn
2558 5321 2676 5394 ipso
2699 5336 2933 5393 persona
2965 5320 2989 5375 ?

2399 5692 2769 5748 "Joarr..vrrr.
2818 5691 2900 5743 [θ.
3008 5687 3244 5743 l"’lCor‘.
3297 5702 3335 5750 1,
3397 5687 3484 5742 15.

2492 5764 2691 5818 “Luc.
2728 5784 2761 5828 ι,
2807 5763 2889 5815 7‘5.
2920 5760 2964 5791 “
2996 5759 3147 5814 Joan.
3184 5774 3223 5824 1,
3283 5758 3371 5823 29,
3396 5758 3485 5811 ὖυι
