  <div class='ocr_page' id='page_1' title='image "/cluster/home/n/w/nwhite01/storage/ocr_20150623/75/nnc1.0046980121/761.png"; bbox 0 0 3846 6210; ppageno 0'>
   <div class='ocr_carea' id='block_1_1' title="bbox 398 338 526 395">
    <p class='ocr_par' dir='ltr' id='par_1_1' title="bbox 398 338 526 395">
     <span class='ocr_line' id='line_1_1' title="bbox 398 338 526 395; baseline 0 -1"><span class='ocrx_word' id='word_1_1' title='bbox 398 338 526 395; x_wconf 66' lang='grc' dir='ltr'><strong>15η</strong></span> 
     </span>
    </p>
   </div>
   <div class='ocr_carea' id='block_1_2' title="bbox 1380 339 2615 400">
    <p class='ocr_par' dir='ltr' id='par_1_2' title="bbox 1380 339 2615 400">
     <span class='ocr_line' id='line_1_2' title="bbox 1380 339 2615 400; baseline 0.003 -6"><span class='ocrx_word' id='word_1_2' title='bbox 1380 339 1438 396; x_wconf 81' lang='lat'><strong>5.</strong></span> <span class='ocrx_word' id='word_1_3' title='bbox 1482 339 1755 395; x_wconf 73' lang='grc' dir='ltr'>(ῖῖιιιιιι</span> <span class='ocrx_word' id='word_1_4' title='bbox 1792 339 2262 398; x_wconf 68' lang='lat' dir='ltr'><strong>ALEXANDRINI</strong></span> <span class='ocrx_word' id='word_1_5' title='bbox 2301 345 2615 400; x_wconf 78' lang='lat' dir='ltr'><strong>.\llClllF.P.</strong></span> 
     </span>
    </p>
   </div>
   <div class='ocr_carea' id='block_1_3' title="bbox 3505 348 3643 399">
    <p class='ocr_par' dir='ltr' id='par_1_3' title="bbox 3505 348 3643 399">
     <span class='ocr_line' id='line_1_3' title="bbox 3505 348 3643 399; baseline -0.007 -2"><span class='ocrx_word' id='word_1_6' title='bbox 3505 348 3643 399; x_wconf 63' lang='grc' dir='ltr'><strong>εδδ,</strong></span> 
     </span>
    </p>
   </div>
   <div class='ocr_carea' id='block_1_4' title="bbox 467 454 1975 535">
    <p class='ocr_par' dir='ltr' id='par_1_4' title="bbox 467 454 1961 527">
     <span class='ocr_line' id='line_1_4' title="bbox 467 454 1961 527; baseline 0.003 -19"><span class='ocrx_word' id='word_1_7' title='bbox 467 456 522 509; x_wconf 85' lang='grc' dir='ltr'><strong>Β.</strong></span> <span class='ocrx_word' id='word_1_8' title='bbox 555 454 807 526; x_wconf 82' lang='lat' dir='ltr'><strong>Equidem</strong></span> <span class='ocrx_word' id='word_1_9' title='bbox 834 470 1171 527; x_wconf 83' lang='lat' dir='ltr'><strong>nequaquam</strong></span> <span class='ocrx_word' id='word_1_10' title='bbox 1190 455 1570 513; x_wconf 72' lang='lat' dir='ltr'><strong>dubitaverim.</strong></span> <span class='ocrx_word' id='word_1_11' title='bbox 1604 478 1622 512; x_wconf 79' lang='grc' dir='ltr'><strong>ι</strong></span> <span class='ocrx_word' id='word_1_12' title='bbox 1653 459 1803 516; x_wconf 87' lang='lat' dir='ltr'><strong>Unus</strong></span> <span class='ocrx_word' id='word_1_13' title='bbox 1819 460 1961 514; x_wconf 89' lang='lat' dir='ltr'><strong>enim</strong></span> 
     </span>
    </p>
   </div>
   <div class='ocr_carea' id='block_1_5' title="bbox 2082 454 3635 535">
    <p class='ocr_par' dir='ltr' id='par_1_5' title="bbox 2142 458 3635 535">
     <span class='ocr_line' id='line_1_5' title="bbox 2142 458 3635 535; baseline -0.001 -20"><span class='ocrx_word' id='word_1_14' title='bbox 2142 466 2196 515; x_wconf 82' lang='grc' dir='ltr'><strong>Β.</strong></span> <span class='ocrx_word' id='word_1_15' title='bbox 2245 466 2611 535; x_wconf 78' lang='grc' dir='ltr'>Ἑνδοιάσαιμι</span> <span class='ocrx_word' id='word_1_16' title='bbox 2644 464 2742 535; x_wconf 78' lang='grc' dir='ltr'>μὲν</span> <span class='ocrx_word' id='word_1_17' title='bbox 2762 464 2973 533; x_wconf 63' lang='grc' dir='ltr'>ἤκιστά</span> <span class='ocrx_word' id='word_1_18' title='bbox 2998 481 3082 532; x_wconf 83' lang='grc' dir='ltr'>γε.</span> <span class='ocrx_word' id='word_1_19' title='bbox 3104 482 3122 514; x_wconf 77' lang='grc' dir='ltr'><strong>ι</strong></span> <span class='ocrx_word' id='word_1_20' title='bbox 3150 458 3242 526; x_wconf 78' lang='grc' dir='ltr'><strong>Εἷς</strong></span> <span class='ocrx_word' id='word_1_21' title='bbox 3271 462 3380 532; x_wconf 70' lang='grc' dir='ltr'>γὰρ</span> <span class='ocrx_word' id='word_1_22' title='bbox 3411 463 3635 532; x_wconf 61' lang='grc' dir='ltr'>Κύριος.</span> 
     </span>
    </p>
   </div>
   <div class='ocr_carea' id='block_1_6' title="bbox 398 544 1965 620">
    <p class='ocr_par' dir='ltr' id='par_1_6' title="bbox 398 544 1965 620">
     <span class='ocr_line' id='line_1_6' title="bbox 398 544 1965 620; baseline 0.006 -20"><span class='ocrx_word' id='word_1_23' title='bbox 398 544 676 614; x_wconf 84' lang='lat' dir='ltr'><strong>Dominus,</strong></span> <span class='ocrx_word' id='word_1_24' title='bbox 734 562 838 602; x_wconf 86' lang='lat' dir='ltr'><strong>una</strong></span> <span class='ocrx_word' id='word_1_25' title='bbox 894 549 1050 615; x_wconf 80' lang='lat' dir='ltr'><strong>fides,</strong></span> <span class='ocrx_word' id='word_1_26' title='bbox 1099 565 1265 603; x_wconf 91' lang='lat' dir='ltr'><strong>unum</strong></span> <span class='ocrx_word' id='word_1_27' title='bbox 1313 551 1581 620; x_wconf 82' lang='lat' dir='ltr'><strong>baptisma</strong></span> <span class='ocrx_word' id='word_1_28' title='bbox 1612 554 1679 606; x_wconf 83' lang='lat'><strong>”.</strong></span> <span class='ocrx_word' id='word_1_29' title='bbox 1720 571 1739 605; x_wconf 73' lang='grc' dir='ltr'><strong>ι</strong></span> <span class='ocrx_word' id='word_1_30' title='bbox 1796 555 1868 610; x_wconf 87' lang='lat' dir='ltr'><strong>At</strong></span> <span class='ocrx_word' id='word_1_31' title='bbox 1919 558 1965 613; x_wconf 88' lang='lat' dir='ltr'><strong>si</strong></span> 
     </span>
    </p>
   </div>
   <div class='ocr_carea' id='block_1_7' title="bbox 395 638 1973 714">
    <p class='ocr_par' dir='ltr' id='par_1_7' title="bbox 395 638 1973 714">
     <span class='ocr_line' id='line_1_7' title="bbox 395 638 1973 714; baseline 0.007 -22"><span class='ocrx_word' id='word_1_32' title='bbox 395 639 606 694; x_wconf 89' lang='lat' dir='ltr'><strong>dicatur</strong></span> <span class='ocrx_word' id='word_1_33' title='bbox 664 638 912 696; x_wconf 78' lang='lat' dir='ltr'><strong>Christus</strong></span> <span class='ocrx_word' id='word_1_34' title='bbox 961 640 1257 712; x_wconf 82' lang='lat' dir='ltr'><strong>profecisse</strong></span> <span class='ocrx_word' id='word_1_35' title='bbox 1302 652 1483 707; x_wconf 81' lang='lat' dir='ltr'><strong>:etate,</strong></span> <span class='ocrx_word' id='word_1_36' title='bbox 1550 645 1838 714; x_wconf 77' lang='lat' dir='ltr'><strong>sapientia,</strong></span> <span class='ocrx_word' id='word_1_37' title='bbox 1917 656 1973 703; x_wconf 91' lang='lat' dir='ltr'><strong>et</strong></span> 
     </span>
    </p>
   </div>
   <div class='ocr_carea' id='block_1_8' title="bbox 394 729 1965 800">
    <p class='ocr_par' dir='ltr' id='par_1_8' title="bbox 394 729 1965 800">
     <span class='ocr_line' id='line_1_8' title="bbox 394 729 1965 800; baseline 0.006 -16"><span class='ocrx_word' id='word_1_38' title='bbox 394 732 563 800; x_wconf 84' lang='lat' dir='ltr'><strong>gratia</strong></span> <span class='ocrx_word' id='word_1_39' title='bbox 592 729 659 797; x_wconf 83' lang='lat'><strong>&quot;,</strong></span> <span class='ocrx_word' id='word_1_40' title='bbox 692 729 907 787; x_wconf 90' lang='lat' dir='ltr'><strong>cuinam</strong></span> <span class='ocrx_word' id='word_1_41' title='bbox 936 732 1051 789; x_wconf 66' lang='lat' dir='ltr'><strong>haec</strong></span> <span class='ocrx_word' id='word_1_42' title='bbox 1076 734 1394 791; x_wconf 82' lang='lat' dir='ltr'><strong>acciderunt</strong></span> <span class='ocrx_word' id='word_1_43' title='bbox 1422 736 1446 789; x_wconf 83' lang='lat'><strong>?</strong></span> <span class='ocrx_word' id='word_1_44' title='bbox 1477 733 1611 792; x_wconf 92' lang='lat' dir='ltr'><strong>Cum</strong></span> <span class='ocrx_word' id='word_1_45' title='bbox 1640 736 1875 793; x_wconf 81' lang='lat' dir='ltr'><strong>Verbum</strong></span> <span class='ocrx_word' id='word_1_46' title='bbox 1898 752 1965 794; x_wconf 79' lang='lat' dir='ltr'><strong>ex</strong></span> 
     </span>
    </p>
   </div>
   <div class='ocr_carea' id='block_1_9' title="bbox 398 820 1968 898">
    <p class='ocr_par' dir='ltr' id='par_1_9' title="bbox 398 820 1968 898">
     <span class='ocr_line' id='line_1_9' title="bbox 398 820 1968 898; baseline 0.005 -22"><span class='ocrx_word' id='word_1_47' title='bbox 398 820 507 879; x_wconf 88' lang='lat' dir='ltr'><strong>Deo</strong></span> <span class='ocrx_word' id='word_1_48' title='bbox 528 820 690 879; x_wconf 88' lang='lat' dir='ltr'><strong>Patre</strong></span> <span class='ocrx_word' id='word_1_49' title='bbox 707 824 777 879; x_wconf 88' lang='lat' dir='ltr'><strong>sit</strong></span> <span class='ocrx_word' id='word_1_50' title='bbox 796 824 1012 896; x_wconf 87' lang='lat' dir='ltr'><strong>plenum</strong></span> <span class='ocrx_word' id='word_1_51' title='bbox 1037 834 1092 881; x_wconf 91' lang='lat' dir='ltr'><strong>et</strong></span> <span class='ocrx_word' id='word_1_52' title='bbox 1115 826 1410 897; x_wconf 90' lang='lat' dir='ltr'><strong>perfectum</strong></span> <span class='ocrx_word' id='word_1_53' title='bbox 1446 841 1541 897; x_wconf 90' lang='lat' dir='ltr'><strong>per</strong></span> <span class='ocrx_word' id='word_1_54' title='bbox 1562 841 1641 893; x_wconf 88' lang='lat' dir='ltr'><strong>se,</strong></span> <span class='ocrx_word' id='word_1_55' title='bbox 1664 833 1968 898; x_wconf 88' lang='lat' dir='ltr'><strong>qualenam,</strong></span> 
     </span>
    </p>
   </div>
   <div class='ocr_carea' id='block_1_10' title="bbox 395 910 1971 985">
    <p class='ocr_par' dir='ltr' id='par_1_10' title="bbox 395 910 1971 985">
     <span class='ocr_line' id='line_1_10' title="bbox 395 910 1971 985; baseline 0.006 -23"><span class='ocrx_word' id='word_1_56' title='bbox 395 910 643 976; x_wconf 89' lang='lat' dir='ltr'><strong>obsecro,</strong></span> <span class='ocrx_word' id='word_1_57' title='bbox 674 911 900 980; x_wconf 77' lang='lat' dir='ltr'><strong>alicujus</strong></span> <span class='ocrx_word' id='word_1_58' title='bbox 957 914 1348 969; x_wconf 75' lang='lat' dir='ltr'><strong>incrementum</strong></span> <span class='ocrx_word' id='word_1_59' title='bbox 1410 917 1486 970; x_wconf 87' lang='lat' dir='ltr'><strong>rei</strong></span> <span class='ocrx_word' id='word_1_60' title='bbox 1540 917 1971 985; x_wconf 82' lang='lat' dir='ltr'><strong>accipiat?Cum</strong></span> 
     </span>
    </p>
   </div>
   <div class='ocr_carea' id='block_1_11' title="bbox 397 1002 1969 1076">
    <p class='ocr_par' dir='ltr' id='par_1_11' title="bbox 397 1002 1969 1076">
     <span class='ocr_line' id='line_1_11' title="bbox 397 1002 1969 1076; baseline 0.007 -24"><span class='ocrx_word' id='word_1_61' title='bbox 397 1016 523 1057; x_wconf 83' lang='lat' dir='ltr'><strong>vero</strong></span> <span class='ocrx_word' id='word_1_62' title='bbox 543 1002 659 1072; x_wconf 86' lang='lat' dir='ltr'><strong>ipse</strong></span> <span class='ocrx_word' id='word_1_63' title='bbox 709 1004 779 1059; x_wconf 93' lang='lat' dir='ltr'><strong>sit</strong></span> <span class='ocrx_word' id='word_1_64' title='bbox 803 1004 1064 1073; x_wconf 85' lang='lat' dir='ltr'><strong>sapientia</strong></span> <span class='ocrx_word' id='word_1_65' title='bbox 1094 1006 1162 1071; x_wconf 84' lang='grc'><strong>⁸⁷,</strong></span> <span class='ocrx_word' id='word_1_66' title='bbox 1217 1021 1323 1060; x_wconf 91' lang='lat' dir='ltr'><strong>non</strong></span> <span class='ocrx_word' id='word_1_67' title='bbox 1383 1007 1591 1063; x_wconf 76' lang='lat' dir='ltr'><strong>dicetur</strong></span> <span class='ocrx_word' id='word_1_68' title='bbox 1648 1009 1969 1076; x_wconf 88' lang='lat' dir='ltr'><strong>sapientiam</strong></span> 
     </span>
    </p>
   </div>
   <div class='ocr_carea' id='block_1_12' title="bbox 396 1093 1973 1168">
    <p class='ocr_par' dir='ltr' id='par_1_12' title="bbox 396 1093 1973 1168">
     <span class='ocr_line' id='line_1_12' title="bbox 396 1093 1973 1168; baseline 0.006 -23"><span class='ocrx_word' id='word_1_69' title='bbox 396 1093 686 1165; x_wconf 80' lang='lat' dir='ltr'><strong>accepisse.</strong></span> <span class='ocrx_word' id='word_1_70' title='bbox 717 1094 1074 1165; x_wconf 63' lang='lat' dir='ltr'><strong>Querendum</strong></span> <span class='ocrx_word' id='word_1_71' title='bbox 1111 1097 1291 1168; x_wconf 85' lang='lat' dir='ltr'><strong>itaque</strong></span> <span class='ocrx_word' id='word_1_72' title='bbox 1352 1098 1527 1167; x_wconf 89' lang='lat' dir='ltr'><strong>aiunt,</strong></span> <span class='ocrx_word' id='word_1_73' title='bbox 1564 1099 1650 1157; x_wconf 84' lang='lat' dir='ltr'><strong>cui</strong></span> <span class='ocrx_word' id='word_1_74' title='bbox 1686 1101 1801 1155; x_wconf 65' lang='lat' dir='ltr'><strong>harc</strong></span> <span class='ocrx_word' id='word_1_75' title='bbox 1830 1101 1973 1156; x_wconf 80' lang='lat' dir='ltr'><strong>acci-</strong></span> 
     </span>
    </p>
   </div>
   <div class='ocr_carea' id='block_1_13' title="bbox 394 1186 592 1241">
    <p class='ocr_par' dir='ltr' id='par_1_13' title="bbox 394 1186 592 1241">
     <span class='ocr_line' id='line_1_13' title="bbox 394 1186 592 1241; baseline 0.015 -4"><span class='ocrx_word' id='word_1_76' title='bbox 394 1186 592 1241; x_wconf 87' lang='lat' dir='ltr'><strong>derint.</strong></span> 
     </span>
    </p>
   </div>
   <div class='ocr_carea' id='block_1_14' title="bbox 465 1277 1974 1350">
    <p class='ocr_par' dir='ltr' id='par_1_14' title="bbox 465 1277 1974 1350">
     <span class='ocr_line' id='line_1_14' title="bbox 465 1277 1974 1350; baseline 0.005 -20"><span class='ocrx_word' id='word_1_77' title='bbox 465 1277 627 1350; x_wconf 75' lang='lat'><strong>760</strong></span> <span class='ocrx_word' id='word_1_78' title='bbox 646 1277 714 1332; x_wconf 86' lang='lat' dir='ltr'><strong>A.</strong></span> <span class='ocrx_word' id='word_1_79' title='bbox 741 1278 895 1335; x_wconf 83' lang='lat' dir='ltr'><strong>Alius</strong></span> <span class='ocrx_word' id='word_1_80' title='bbox 926 1280 1127 1350; x_wconf 85' lang='lat' dir='ltr'><strong>itaque,</strong></span> <span class='ocrx_word' id='word_1_81' title='bbox 1171 1290 1229 1336; x_wconf 92' lang='lat' dir='ltr'><strong>ut</strong></span> <span class='ocrx_word' id='word_1_82' title='bbox 1266 1281 1501 1348; x_wconf 92' lang='lat' dir='ltr'><strong>videtur,</strong></span> <span class='ocrx_word' id='word_1_83' title='bbox 1552 1281 1974 1337; x_wconf 87' lang='lat' dir='ltr'><strong>introducendus</strong></span> 
     </span>
    </p>
   </div>
   <div class='ocr_carea' id='block_1_15' title="bbox 395 1370 1970 1442">
    <p class='ocr_par' dir='ltr' id='par_1_15' title="bbox 395 1370 1970 1442">
     <span class='ocr_line' id='line_1_15' title="bbox 395 1370 1970 1442; baseline 0.003 -19"><span class='ocrx_word' id='word_1_84' title='bbox 395 1370 499 1426; x_wconf 89' lang='lat' dir='ltr'><strong>erit</strong></span> <span class='ocrx_word' id='word_1_85' title='bbox 556 1371 726 1428; x_wconf 90' lang='lat' dir='ltr'><strong>Filius</strong></span> <span class='ocrx_word' id='word_1_86' title='bbox 777 1381 831 1427; x_wconf 90' lang='lat' dir='ltr'><strong>et</strong></span> <span class='ocrx_word' id='word_1_87' title='bbox 886 1371 1167 1437; x_wconf 86' lang='lat' dir='ltr'><strong>Dominus,</strong></span> <span class='ocrx_word' id='word_1_88' title='bbox 1221 1374 1346 1442; x_wconf 87' lang='lat' dir='ltr'><strong>quia</strong></span> <span class='ocrx_word' id='word_1_89' title='bbox 1398 1374 1638 1429; x_wconf 85' lang='lat' dir='ltr'><strong>nonnulli</strong></span> <span class='ocrx_word' id='word_1_90' title='bbox 1691 1389 1970 1428; x_wconf 85' lang='lat' dir='ltr'><strong>sacrarum</strong></span> 
     </span>
    </p>
   </div>
   <div class='ocr_carea' id='block_1_16' title="bbox 394 1463 1971 1537">
    <p class='ocr_par' dir='ltr' id='par_1_16' title="bbox 394 1463 1971 1537">
     <span class='ocr_line' id='line_1_16' title="bbox 394 1463 1971 1537; baseline -0.001 -16"><span class='ocrx_word' id='word_1_91' title='bbox 394 1463 724 1521; x_wconf 87' lang='lat' dir='ltr'><strong>Litterarum</strong></span> <span class='ocrx_word' id='word_1_92' title='bbox 753 1465 1161 1537; x_wconf 76' lang='lat' dir='ltr'><strong>intelligentiam</strong></span> <span class='ocrx_word' id='word_1_93' title='bbox 1188 1468 1445 1535; x_wconf 88' lang='lat' dir='ltr'><strong>consequi</strong></span> <span class='ocrx_word' id='word_1_94' title='bbox 1484 1478 1777 1536; x_wconf 87' lang='lat' dir='ltr'><strong>nequeunt.</strong></span> <span class='ocrx_word' id='word_1_95' title='bbox 1809 1467 1971 1537; x_wconf 79' lang='lat' dir='ltr'><strong>Atqui</strong></span> 
     </span>
    </p>
   </div>
   <div class='ocr_carea' id='block_1_17' title="bbox 396 1556 1974 1627">
    <p class='ocr_par' dir='ltr' id='par_1_17' title="bbox 396 1556 1974 1627">
     <span class='ocr_line' id='line_1_17' title="bbox 396 1556 1974 1627; baseline 0.002 -17"><span class='ocrx_word' id='word_1_96' title='bbox 396 1556 611 1622; x_wconf 82' lang='lat' dir='ltr'><strong>sapiens</strong></span> <span class='ocrx_word' id='word_1_97' title='bbox 636 1556 961 1627; x_wconf 76' lang='lat' dir='ltr'><strong>evangelista</strong></span> <span class='ocrx_word' id='word_1_98' title='bbox 988 1573 1107 1612; x_wconf 92' lang='lat' dir='ltr'><strong>cum</strong></span> <span class='ocrx_word' id='word_1_99' title='bbox 1130 1558 1334 1612; x_wconf 82' lang='lat' dir='ltr'><strong>inducit</strong></span> <span class='ocrx_word' id='word_1_100' title='bbox 1354 1557 1585 1613; x_wconf 86' lang='lat' dir='ltr'><strong>Verbum</strong></span> <span class='ocrx_word' id='word_1_101' title='bbox 1615 1558 1974 1627; x_wconf 89' lang='lat' dir='ltr'><strong>incarnatum,</strong></span> 
     </span>
    </p>
   </div>
   <div class='ocr_carea' id='block_1_18' title="bbox 397 1648 1973 1721">
    <p class='ocr_par' dir='ltr' id='par_1_18' title="bbox 397 1648 1973 1721">
     <span class='ocr_line' id='line_1_18' title="bbox 397 1648 1973 1721; baseline 0.003 -20"><span class='ocrx_word' id='word_1_102' title='bbox 397 1648 634 1703; x_wconf 86' lang='lat' dir='ltr'><strong>ostendit</strong></span> <span class='ocrx_word' id='word_1_103' title='bbox 658 1649 830 1720; x_wconf 86' lang='lat' dir='ltr'><strong>ipsum</strong></span> <span class='ocrx_word' id='word_1_104' title='bbox 852 1649 1187 1706; x_wconf 73' lang='lat' dir='ltr'><strong>mconomice</strong></span> <span class='ocrx_word' id='word_1_105' title='bbox 1212 1650 1509 1705; x_wconf 83' lang='lat' dir='ltr'><strong>immissum</strong></span> <span class='ocrx_word' id='word_1_106' title='bbox 1547 1652 1777 1721; x_wconf 68' lang='lat' dir='ltr'><strong>propria:</strong></span> <span class='ocrx_word' id='word_1_107' title='bbox 1802 1652 1973 1717; x_wconf 87' lang='lat' dir='ltr'><strong>carni,</strong></span> 
     </span>
    </p>
   </div>
   <div class='ocr_carea' id='block_1_19' title="bbox 397 1740 1972 1810">
    <p class='ocr_par' dir='ltr' id='par_1_19' title="bbox 397 1740 1972 1810">
     <span class='ocr_line' id='line_1_19' title="bbox 397 1740 1972 1810; baseline 0.002 -17"><span class='ocrx_word' id='word_1_108' title='bbox 397 1752 494 1807; x_wconf 92' lang='lat' dir='ltr'><strong>per</strong></span> <span class='ocrx_word' id='word_1_109' title='bbox 518 1740 750 1810; x_wconf 66' lang='lat' dir='ltr'><strong>propria:</strong></span> <span class='ocrx_word' id='word_1_110' title='bbox 772 1754 882 1795; x_wconf 72' lang='lat' dir='ltr'><strong>sua:</strong></span> <span class='ocrx_word' id='word_1_111' title='bbox 914 1750 1122 1796; x_wconf 72' lang='lat' dir='ltr'><strong>natum</strong></span> <span class='ocrx_word' id='word_1_112' title='bbox 1151 1740 1299 1810; x_wconf 84' lang='lat' dir='ltr'><strong>leges</strong></span> <span class='ocrx_word' id='word_1_113' title='bbox 1325 1742 1674 1810; x_wconf 84' lang='lat' dir='ltr'><strong>processisse.</strong></span> <span class='ocrx_word' id='word_1_114' title='bbox 1693 1740 1972 1796; x_wconf 77' lang='lat' dir='ltr'><strong>&#39;llumana:</strong></span> 
     </span>
    </p>
   </div>
   <div class='ocr_carea' id='block_1_20' title="bbox 399 1830 1973 1903">
    <p class='ocr_par' dir='ltr' id='par_1_20' title="bbox 399 1830 1973 1903">
     <span class='ocr_line' id='line_1_20' title="bbox 399 1830 1973 1903; baseline 0.003 -22"><span class='ocrx_word' id='word_1_115' title='bbox 399 1844 530 1885; x_wconf 87' lang='lat' dir='ltr'><strong>vero</strong></span> <span class='ocrx_word' id='word_1_116' title='bbox 555 1838 764 1886; x_wconf 69' lang='lat' dir='ltr'><strong>natura:</strong></span> <span class='ocrx_word' id='word_1_117' title='bbox 785 1840 869 1887; x_wconf 92' lang='lat' dir='ltr'><strong>est</strong></span> <span class='ocrx_word' id='word_1_118' title='bbox 890 1830 1156 1903; x_wconf 80' lang='lat' dir='ltr'><strong>proficere</strong></span> <span class='ocrx_word' id='word_1_119' title='bbox 1178 1840 1340 1885; x_wconf 71' lang='lat' dir='ltr'><strong>aetate</strong></span> <span class='ocrx_word' id='word_1_120' title='bbox 1373 1840 1426 1885; x_wconf 93' lang='lat' dir='ltr'><strong>et</strong></span> <span class='ocrx_word' id='word_1_121' title='bbox 1474 1832 1761 1903; x_wconf 88' lang='lat' dir='ltr'><strong>sapientia,</strong></span> <span class='ocrx_word' id='word_1_122' title='bbox 1823 1832 1973 1886; x_wconf 89' lang='lat' dir='ltr'><strong>addi-</strong></span> 
     </span>
    </p>
   </div>
   <div class='ocr_carea' id='block_1_21' title="bbox 398 1920 1977 1994">
    <p class='ocr_par' dir='ltr' id='par_1_21' title="bbox 398 1920 1977 1994">
     <span class='ocr_line' id='line_1_21' title="bbox 398 1920 1977 1994; baseline 0.003 -19"><span class='ocrx_word' id='word_1_123' title='bbox 398 1920 569 1977; x_wconf 88' lang='lat' dir='ltr'><strong>derim</strong></span> <span class='ocrx_word' id='word_1_124' title='bbox 604 1930 783 1977; x_wconf 89' lang='lat' dir='ltr'><strong>autem</strong></span> <span class='ocrx_word' id='word_1_125' title='bbox 812 1932 865 1978; x_wconf 90' lang='lat' dir='ltr'><strong>et</strong></span> <span class='ocrx_word' id='word_1_126' title='bbox 894 1923 1094 1994; x_wconf 89' lang='lat' dir='ltr'><strong>gratia,</strong></span> <span class='ocrx_word' id='word_1_127' title='bbox 1124 1931 1483 1978; x_wconf 90' lang='lat' dir='ltr'><strong>concurrente</strong></span> <span class='ocrx_word' id='word_1_128' title='bbox 1516 1938 1582 1978; x_wconf 89' lang='lat' dir='ltr'><strong>ac</strong></span> <span class='ocrx_word' id='word_1_129' title='bbox 1626 1935 1977 1992; x_wconf 83' lang='lat' dir='ltr'><strong>promovente</strong></span> 
     </span>
    </p>
   </div>
   <div class='ocr_carea' id='block_1_22' title="bbox 397 2012 1973 2083">
    <p class='ocr_par' dir='ltr' id='par_1_22' title="bbox 397 2012 1973 2083">
     <span class='ocr_line' id='line_1_22' title="bbox 397 2012 1973 2083; baseline 0.002 -17"><span class='ocrx_word' id='word_1_130' title='bbox 397 2012 793 2083; x_wconf 86' lang='lat' dir='ltr'><strong>quodammodo</strong></span> <span class='ocrx_word' id='word_1_131' title='bbox 830 2030 933 2069; x_wconf 90' lang='lat' dir='ltr'><strong>una</strong></span> <span class='ocrx_word' id='word_1_132' title='bbox 975 2031 1099 2071; x_wconf 78' lang='lat' dir='ltr'><strong>cum</strong></span> <span class='ocrx_word' id='word_1_133' title='bbox 1141 2014 1387 2083; x_wconf 91' lang='lat' dir='ltr'><strong>corporis</strong></span> <span class='ocrx_word' id='word_1_134' title='bbox 1421 2014 1779 2082; x_wconf 75' lang='lat' dir='ltr'><strong>incremento,</strong></span> <span class='ocrx_word' id='word_1_135' title='bbox 1811 2017 1973 2069; x_wconf 89' lang='lat' dir='ltr'><strong>etiam</strong></span> 
     </span>
    </p>
   </div>
   <div class='ocr_carea' id='block_1_23' title="bbox 398 2105 1977 2178">
    <p class='ocr_par' dir='ltr' id='par_1_23' title="bbox 398 2105 1977 2178">
     <span class='ocr_line' id='line_1_23' title="bbox 398 2105 1977 2178; baseline 0.001 -18"><span class='ocrx_word' id='word_1_136' title='bbox 398 2105 749 2176; x_wconf 75' lang='lat' dir='ltr'><strong>intelligentia</strong></span> <span class='ocrx_word' id='word_1_137' title='bbox 783 2122 904 2178; x_wconf 65' lang='lat' dir='ltr'><strong>qua:</strong></span> <span class='ocrx_word' id='word_1_138' title='bbox 927 2107 979 2161; x_wconf 91' lang='lat' dir='ltr'><strong>in</strong></span> <span class='ocrx_word' id='word_1_139' title='bbox 1016 2122 1337 2178; x_wconf 88' lang='lat' dir='ltr'><strong>unoquoque</strong></span> <span class='ocrx_word' id='word_1_140' title='bbox 1358 2118 1461 2164; x_wconf 89' lang='lat' dir='ltr'><strong>est.</strong></span> <span class='ocrx_word' id='word_1_141' title='bbox 1520 2106 1695 2162; x_wconf 84' lang='lat' dir='ltr'><strong>Minor</strong></span> <span class='ocrx_word' id='word_1_142' title='bbox 1721 2108 1863 2162; x_wconf 91' lang='lat' dir='ltr'><strong>enim</strong></span> <span class='ocrx_word' id='word_1_143' title='bbox 1893 2116 1977 2162; x_wconf 89' lang='lat' dir='ltr'><strong>est</strong></span> 
     </span>
    </p>
   </div>
   <div class='ocr_carea' id='block_1_24' title="bbox 400 2197 1978 2269">
    <p class='ocr_par' dir='ltr' id='par_1_24' title="bbox 400 2197 1978 2269">
     <span class='ocr_line' id='line_1_24' title="bbox 400 2197 1978 2269; baseline -0.001 -14"><span class='ocrx_word' id='word_1_144' title='bbox 400 2200 453 2255; x_wconf 91' lang='lat' dir='ltr'><strong>in</strong></span> <span class='ocrx_word' id='word_1_145' title='bbox 477 2198 795 2265; x_wconf 88' lang='lat' dir='ltr'><strong>infantibus,</strong></span> <span class='ocrx_word' id='word_1_146' title='bbox 854 2197 1025 2267; x_wconf 80' lang='lat' dir='ltr'><strong>major</strong></span> <span class='ocrx_word' id='word_1_147' title='bbox 1077 2200 1129 2254; x_wconf 91' lang='lat' dir='ltr'><strong>in</strong></span> <span class='ocrx_word' id='word_1_148' title='bbox 1176 2202 1376 2269; x_wconf 89' lang='lat' dir='ltr'><strong>pueris.</strong></span> <span class='ocrx_word' id='word_1_149' title='bbox 1438 2198 1628 2269; x_wconf 87' lang='lat' dir='ltr'><strong>Neque</strong></span> <span class='ocrx_word' id='word_1_150' title='bbox 1675 2214 1803 2253; x_wconf 86' lang='lat' dir='ltr'><strong>vero</strong></span> <span class='ocrx_word' id='word_1_151' title='bbox 1862 2210 1978 2254; x_wconf 90' lang='lat' dir='ltr'><strong>crat</strong></span> 
     </span>
    </p>
   </div>
   <div class='ocr_carea' id='block_1_25' title="bbox 398 2290 1977 2364">
    <p class='ocr_par' dir='ltr' id='par_1_25' title="bbox 398 2290 1977 2364">
     <span class='ocr_line' id='line_1_25' title="bbox 398 2290 1977 2364; baseline 0.001 -18"><span class='ocrx_word' id='word_1_152' title='bbox 398 2290 729 2361; x_wconf 83' lang='lat' dir='ltr'><strong>impossibile</strong></span> <span class='ocrx_word' id='word_1_153' title='bbox 758 2300 815 2346; x_wconf 91' lang='lat' dir='ltr'><strong>ut</strong></span> <span class='ocrx_word' id='word_1_154' title='bbox 863 2290 991 2358; x_wconf 89' lang='lat' dir='ltr'><strong>Deo,</strong></span> <span class='ocrx_word' id='word_1_155' title='bbox 1021 2292 1195 2347; x_wconf 83' lang='lat' dir='ltr'><strong>Verbo</strong></span> <span class='ocrx_word' id='word_1_156' title='bbox 1226 2310 1293 2349; x_wconf 84' lang='lat' dir='ltr'><strong>ex</strong></span> <span class='ocrx_word' id='word_1_157' title='bbox 1325 2296 1491 2349; x_wconf 89' lang='lat' dir='ltr'><strong>Patre</strong></span> <span class='ocrx_word' id='word_1_158' title='bbox 1540 2293 1741 2364; x_wconf 83' lang='lat' dir='ltr'><strong>genito,</strong></span> <span class='ocrx_word' id='word_1_159' title='bbox 1784 2307 1977 2363; x_wconf 90' lang='lat' dir='ltr'><strong>corpus</strong></span> 
     </span>
    </p>
   </div>
   <div class='ocr_carea' id='block_1_26' title="bbox 396 2383 1978 2454">
    <p class='ocr_par' dir='ltr' id='par_1_26' title="bbox 396 2383 1978 2454">
     <span class='ocr_line' id='line_1_26' title="bbox 396 2383 1978 2454; baseline 0.001 -16"><span class='ocrx_word' id='word_1_160' title='bbox 396 2384 500 2438; x_wconf 88' lang='lat' dir='ltr'><strong>sibi</strong></span> <span class='ocrx_word' id='word_1_161' title='bbox 559 2384 771 2438; x_wconf 90' lang='lat' dir='ltr'><strong>unitum</strong></span> <span class='ocrx_word' id='word_1_162' title='bbox 806 2384 969 2439; x_wconf 88' lang='lat' dir='ltr'><strong>etiam</strong></span> <span class='ocrx_word' id='word_1_163' title='bbox 1006 2399 1071 2438; x_wconf 82' lang='lat' dir='ltr'><strong>ex</strong></span> <span class='ocrx_word' id='word_1_164' title='bbox 1104 2384 1235 2454; x_wconf 88' lang='lat' dir='ltr'><strong>ipsis</strong></span> <span class='ocrx_word' id='word_1_165' title='bbox 1281 2385 1465 2440; x_wconf 84' lang='lat' dir='ltr'><strong>fasciis</strong></span> <span class='ocrx_word' id='word_1_166' title='bbox 1500 2383 1774 2449; x_wconf 89' lang='lat' dir='ltr'><strong>attollere,</strong></span> <span class='ocrx_word' id='word_1_167' title='bbox 1816 2394 1978 2453; x_wconf 85' lang='lat' dir='ltr'><strong>atque</strong></span> 
     </span>
    </p>
   </div>
   <div class='ocr_carea' id='block_1_27' title="bbox 394 2472 1979 2544">
    <p class='ocr_par' dir='ltr' id='par_1_27' title="bbox 394 2472 1979 2544">
     <span class='ocr_line' id='line_1_27' title="bbox 394 2472 1979 2544; baseline 0.001 -16"><span class='ocrx_word' id='word_1_168' title='bbox 394 2472 462 2528; x_wconf 89' lang='lat' dir='ltr'><strong>ad</strong></span> <span class='ocrx_word' id='word_1_169' title='bbox 490 2472 780 2543; x_wconf 86' lang='lat' dir='ltr'><strong>perfectam</strong></span> <span class='ocrx_word' id='word_1_170' title='bbox 802 2481 1015 2529; x_wconf 67' lang='lat' dir='ltr'><strong>aetatem</strong></span> <span class='ocrx_word' id='word_1_171' title='bbox 1050 2475 1344 2529; x_wconf 84' lang='lat' dir='ltr'><strong>transferre</strong></span> <span class='ocrx_word' id='word_1_172' title='bbox 1373 2491 1388 2541; x_wconf 89' lang='lat'><strong>;</strong></span> <span class='ocrx_word' id='word_1_173' title='bbox 1414 2483 1575 2544; x_wconf 89' lang='lat' dir='ltr'><strong>atque</strong></span> <span class='ocrx_word' id='word_1_174' title='bbox 1617 2474 1752 2529; x_wconf 91' lang='lat' dir='ltr'><strong>adeo</strong></span> <span class='ocrx_word' id='word_1_175' title='bbox 1786 2473 1979 2530; x_wconf 83' lang='lat' dir='ltr'><strong>facilli-</strong></span> 
     </span>
    </p>
   </div>
   <div class='ocr_carea' id='block_1_28' title="bbox 400 2564 1976 2637">
    <p class='ocr_par' dir='ltr' id='par_1_28' title="bbox 400 2564 1976 2637">
     <span class='ocr_line' id='line_1_28' title="bbox 400 2564 1976 2637; baseline 0.001 -18"><span class='ocrx_word' id='word_1_176' title='bbox 400 2580 549 2620; x_wconf 89' lang='lat' dir='ltr'><strong>mum</strong></span> <span class='ocrx_word' id='word_1_177' title='bbox 580 2566 630 2622; x_wconf 91' lang='lat' dir='ltr'><strong>ei</strong></span> <span class='ocrx_word' id='word_1_178' title='bbox 669 2564 863 2622; x_wconf 83' lang='lat' dir='ltr'><strong>fuisset</strong></span> <span class='ocrx_word' id='word_1_179' title='bbox 894 2567 1057 2622; x_wconf 90' lang='lat' dir='ltr'><strong>etiam</strong></span> <span class='ocrx_word' id='word_1_180' title='bbox 1115 2567 1308 2622; x_wconf 91' lang='lat' dir='ltr'><strong>infanti</strong></span> <span class='ocrx_word' id='word_1_181' title='bbox 1364 2567 1693 2637; x_wconf 80' lang='lat' dir='ltr'><strong>exquisitam</strong></span> <span class='ocrx_word' id='word_1_182' title='bbox 1736 2567 1976 2622; x_wconf 67' lang='lat' dir='ltr'><strong>admirao</strong></span> 
     </span>
    </p>
   </div>
   <div class='ocr_carea' id='block_1_29' title="bbox 396 2656 1977 2727">
    <p class='ocr_par' dir='ltr' id='par_1_29' title="bbox 396 2656 1977 2727">
     <span class='ocr_line' id='line_1_29' title="bbox 396 2656 1977 2727; baseline 0 -16"><span class='ocrx_word' id='word_1_183' title='bbox 396 2656 663 2726; x_wconf 87' lang='lat' dir='ltr'><strong>bilemque</strong></span> <span class='ocrx_word' id='word_1_184' title='bbox 689 2656 1006 2726; x_wconf 89' lang='lat' dir='ltr'><strong>sapientiam</strong></span> <span class='ocrx_word' id='word_1_185' title='bbox 1050 2656 1305 2712; x_wconf 88' lang='lat' dir='ltr'><strong>tribuere.</strong></span> <span class='ocrx_word' id='word_1_186' title='bbox 1342 2657 1608 2712; x_wconf 66' lang='lat' dir='ltr'><strong>Caeterum</strong></span> <span class='ocrx_word' id='word_1_187' title='bbox 1644 2656 1747 2712; x_wconf 92' lang='lat' dir='ltr'><strong>hoc</strong></span> <span class='ocrx_word' id='word_1_188' title='bbox 1774 2658 1977 2727; x_wconf 84' lang='lat' dir='ltr'><strong>aliquid</strong></span> 
     </span>
    </p>
   </div>
   <div class='ocr_carea' id='block_1_30' title="bbox 396 2746 1979 2811">
    <p class='ocr_par' dir='ltr' id='par_1_30' title="bbox 396 2746 1979 2811">
     <span class='ocr_line' id='line_1_30' title="bbox 396 2746 1979 2811; baseline 0.001 -12"><span class='ocrx_word' id='word_1_189' title='bbox 396 2748 623 2801; x_wconf 86' lang='lat' dir='ltr'><strong>monstri</strong></span> <span class='ocrx_word' id='word_1_190' title='bbox 660 2746 836 2801; x_wconf 90' lang='lat' dir='ltr'><strong>simile</strong></span> <span class='ocrx_word' id='word_1_191' title='bbox 882 2747 1095 2811; x_wconf 89' lang='lat' dir='ltr'><strong>fuisset,</strong></span> <span class='ocrx_word' id='word_1_192' title='bbox 1141 2756 1195 2800; x_wconf 92' lang='lat' dir='ltr'><strong>et</strong></span> <span class='ocrx_word' id='word_1_193' title='bbox 1224 2761 1252 2800; x_wconf 92' lang='lat' dir='ltr'><strong>a</strong></span> <span class='ocrx_word' id='word_1_194' title='bbox 1312 2748 1525 2801; x_wconf 88' lang='lat' dir='ltr'><strong>ratione</strong></span> <span class='ocrx_word' id='word_1_195' title='bbox 1583 2746 1979 2802; x_wconf 88' lang='lat' dir='ltr'><strong>incarnationis</strong></span> 
     </span>
    </p>
   </div>
   <div class='ocr_carea' id='block_1_31' title="bbox 394 2836 1976 2910">
    <p class='ocr_par' dir='ltr' id='par_1_31' title="bbox 394 2836 1976 2910">
     <span class='ocr_line' id='line_1_31' title="bbox 394 2836 1976 2910; baseline -0.001 -18"><span class='ocrx_word' id='word_1_196' title='bbox 394 2838 653 2893; x_wconf 89' lang='lat' dir='ltr'><strong>alienum.</strong></span> <span class='ocrx_word' id='word_1_197' title='bbox 668 2836 976 2910; x_wconf 84' lang='lat' dir='ltr'><strong>Mysterium</strong></span> <span class='ocrx_word' id='word_1_198' title='bbox 998 2839 1139 2894; x_wconf 91' lang='lat' dir='ltr'><strong>enim</strong></span> <span class='ocrx_word' id='word_1_199' title='bbox 1163 2840 1327 2894; x_wconf 89' lang='lat' dir='ltr'><strong>tacite</strong></span> <span class='ocrx_word' id='word_1_200' title='bbox 1346 2839 1689 2909; x_wconf 87' lang='lat' dir='ltr'><strong>modesteque</strong></span> <span class='ocrx_word' id='word_1_201' title='bbox 1698 2849 1976 2908; x_wconf 92' lang='lat' dir='ltr'><strong>peractum</strong></span> 
     </span>
    </p>
   </div>
   <div class='ocr_carea' id='block_1_32' title="bbox 396 2925 1975 2999">
    <p class='ocr_par' dir='ltr' id='par_1_32' title="bbox 396 2925 1975 2999">
     <span class='ocr_line' id='line_1_32' title="bbox 396 2925 1975 2999; baseline -0.001 -15"><span class='ocrx_word' id='word_1_202' title='bbox 396 2938 502 2985; x_wconf 89' lang='lat' dir='ltr'><strong>est.</strong></span> <span class='ocrx_word' id='word_1_203' title='bbox 537 2925 799 2985; x_wconf 71' lang='lat' dir='ltr'><strong>Humana:</strong></span> <span class='ocrx_word' id='word_1_204' title='bbox 821 2930 1004 2999; x_wconf 88' lang='lat' dir='ltr'><strong>itaque</strong></span> <span class='ocrx_word' id='word_1_205' title='bbox 1032 2941 1237 2985; x_wconf 67' lang='lat' dir='ltr'><strong>natura:</strong></span> <span class='ocrx_word' id='word_1_206' title='bbox 1262 2930 1405 2999; x_wconf 86' lang='lat' dir='ltr'><strong>leges</strong></span> <span class='ocrx_word' id='word_1_207' title='bbox 1442 2930 1776 2987; x_wconf 76' lang='lat' dir='ltr'><strong>teconomice</strong></span> <span class='ocrx_word' id='word_1_208' title='bbox 1815 2931 1975 2985; x_wconf 89' lang='lat' dir='ltr'><strong>etiam</strong></span> 
     </span>
    </p>
   </div>
   <div class='ocr_carea' id='block_1_33' title="bbox 398 3021 1976 3078">
    <p class='ocr_par' dir='ltr' id='par_1_33' title="bbox 398 3021 1976 3078">
     <span class='ocr_line' id='line_1_33' title="bbox 398 3021 1976 3078; baseline -0.002 -1"><span class='ocrx_word' id='word_1_209' title='bbox 398 3022 452 3077; x_wconf 90' lang='lat' dir='ltr'><strong>in</strong></span> <span class='ocrx_word' id='word_1_210' title='bbox 488 3036 548 3078; x_wconf 86' lang='lat' dir='ltr'><strong>se</strong></span> <span class='ocrx_word' id='word_1_211' title='bbox 580 3021 762 3077; x_wconf 90' lang='lat' dir='ltr'><strong>valere</strong></span> <span class='ocrx_word' id='word_1_212' title='bbox 794 3022 980 3077; x_wconf 91' lang='lat' dir='ltr'><strong>voluit.</strong></span> <span class='ocrx_word' id='word_1_213' title='bbox 1013 3021 1145 3076; x_wconf 88' lang='lat' dir='ltr'><strong>Nam</strong></span> <span class='ocrx_word' id='word_1_214' title='bbox 1184 3030 1240 3078; x_wconf 86' lang='lat' dir='ltr'><strong>et</strong></span> <span class='ocrx_word' id='word_1_215' title='bbox 1294 3021 1397 3078; x_wconf 93' lang='lat' dir='ltr'><strong>hoc</strong></span> <span class='ocrx_word' id='word_1_216' title='bbox 1447 3024 1514 3076; x_wconf 89' lang='lat' dir='ltr'><strong>ad</strong></span> <span class='ocrx_word' id='word_1_217' title='bbox 1571 3022 1976 3077; x_wconf 87' lang='lat' dir='ltr'><strong>similitudinem</strong></span> 
     </span>
    </p>
   </div>
   <div class='ocr_carea' id='block_1_34' title="bbox 398 3112 1974 3183">
    <p class='ocr_par' dir='ltr' id='par_1_34' title="bbox 398 3112 1974 3183">
     <span class='ocr_line' id='line_1_34' title="bbox 398 3112 1974 3183; baseline -0.004 -12"><span class='ocrx_word' id='word_1_218' title='bbox 398 3113 571 3171; x_wconf 83' lang='lat' dir='ltr'><strong>nostri</strong></span> <span class='ocrx_word' id='word_1_219' title='bbox 596 3114 939 3170; x_wconf 86' lang='lat' dir='ltr'><strong>referendum</strong></span> <span class='ocrx_word' id='word_1_220' title='bbox 969 3123 1072 3169; x_wconf 88' lang='lat' dir='ltr'><strong>est.</strong></span> <span class='ocrx_word' id='word_1_221' title='bbox 1096 3112 1207 3167; x_wconf 87' lang='lat' dir='ltr'><strong>Nos</strong></span> <span class='ocrx_word' id='word_1_222' title='bbox 1226 3114 1369 3167; x_wconf 91' lang='lat' dir='ltr'><strong>enim</strong></span> <span class='ocrx_word' id='word_1_223' title='bbox 1395 3129 1424 3167; x_wconf 94' lang='lat' dir='ltr'><strong>a</strong></span> <span class='ocrx_word' id='word_1_224' title='bbox 1451 3113 1634 3183; x_wconf 87' lang='lat' dir='ltr'><strong>parvis</strong></span> <span class='ocrx_word' id='word_1_225' title='bbox 1681 3113 1749 3167; x_wconf 91' lang='lat' dir='ltr'><strong>ad</strong></span> <span class='ocrx_word' id='word_1_226' title='bbox 1782 3127 1974 3183; x_wconf 81' lang='lat' dir='ltr'><strong>magna</strong></span> 
     </span>
    </p>
   </div>
   <div class='ocr_carea' id='block_1_35' title="bbox 401 3204 1974 3275">
    <p class='ocr_par' dir='ltr' id='par_1_35' title="bbox 401 3204 1974 3275">
     <span class='ocr_line' id='line_1_35' title="bbox 401 3204 1974 3275; baseline -0.002 -16"><span class='ocrx_word' id='word_1_227' title='bbox 401 3204 763 3273; x_wconf 89' lang='lat' dir='ltr'><strong>procedimus,</strong></span> <span class='ocrx_word' id='word_1_228' title='bbox 789 3205 1051 3262; x_wconf 77' lang='lat' dir='ltr'><strong>evebente</strong></span> <span class='ocrx_word' id='word_1_229' title='bbox 1085 3221 1184 3260; x_wconf 91' lang='lat' dir='ltr'><strong>nos</strong></span> <span class='ocrx_word' id='word_1_230' title='bbox 1218 3214 1459 3275; x_wconf 89' lang='lat' dir='ltr'><strong>tempore</strong></span> <span class='ocrx_word' id='word_1_231' title='bbox 1491 3205 1556 3259; x_wconf 89' lang='lat' dir='ltr'><strong>ad</strong></span> <span class='ocrx_word' id='word_1_232' title='bbox 1580 3204 1974 3259; x_wconf 89' lang='lat' dir='ltr'><strong>incrementum</strong></span> 
     </span>
    </p>
   </div>
   <div class='ocr_carea' id='block_1_36' title="bbox 399 3294 1978 3365">
    <p class='ocr_par' dir='ltr' id='par_1_36' title="bbox 399 3294 1978 3365">
     <span class='ocr_line' id='line_1_36' title="bbox 399 3294 1978 3365; baseline 0 -16"><span class='ocrx_word' id='word_1_233' title='bbox 399 3294 602 3360; x_wconf 66' lang='lat' dir='ltr'><strong>aetatis,</strong></span> <span class='ocrx_word' id='word_1_234' title='bbox 660 3304 716 3350; x_wconf 90' lang='lat' dir='ltr'><strong>et</strong></span> <span class='ocrx_word' id='word_1_235' title='bbox 777 3310 882 3349; x_wconf 92' lang='lat' dir='ltr'><strong>non</strong></span> <span class='ocrx_word' id='word_1_236' title='bbox 941 3295 1205 3350; x_wconf 88' lang='lat' dir='ltr'><strong>absimilis</strong></span> <span class='ocrx_word' id='word_1_237' title='bbox 1260 3309 1560 3365; x_wconf 90' lang='lat' dir='ltr'><strong>parumque</strong></span> <span class='ocrx_word' id='word_1_238' title='bbox 1608 3294 1978 3350; x_wconf 66' lang='lat' dir='ltr'><strong>convenientis</strong></span> 
     </span>
    </p>
   </div>
   <div class='ocr_carea' id='block_1_37' title="bbox 399 3386 1976 3458">
    <p class='ocr_par' dir='ltr' id='par_1_37' title="bbox 399 3386 1976 3458">
     <span class='ocr_line' id='line_1_37' title="bbox 399 3386 1976 3458; baseline 0.001 -18"><span class='ocrx_word' id='word_1_239' title='bbox 399 3402 522 3440; x_wconf 89' lang='lat' dir='ltr'><strong>cum</strong></span> <span class='ocrx_word' id='word_1_240' title='bbox 569 3394 728 3442; x_wconf 64' lang='lat' dir='ltr'><strong>astate</strong></span> <span class='ocrx_word' id='word_1_241' title='bbox 780 3386 1104 3442; x_wconf 90' lang='lat' dir='ltr'><strong>intellectus.</strong></span> <span class='ocrx_word' id='word_1_242' title='bbox 1153 3386 1388 3443; x_wconf 78' lang='lat' dir='ltr'><strong>Verbum</strong></span> <span class='ocrx_word' id='word_1_243' title='bbox 1440 3389 1623 3458; x_wconf 87' lang='lat' dir='ltr'><strong>itaque</strong></span> <span class='ocrx_word' id='word_1_244' title='bbox 1680 3405 1746 3444; x_wconf 81' lang='lat' dir='ltr'><strong>ex</strong></span> <span class='ocrx_word' id='word_1_245' title='bbox 1790 3386 1976 3453; x_wconf 88' lang='lat' dir='ltr'><strong>Patre,</strong></span> 
     </span>
    </p>
   </div>
   <div class='ocr_carea' id='block_1_38' title="bbox 401 3477 1979 3550">
    <p class='ocr_par' dir='ltr' id='par_1_38' title="bbox 401 3477 1979 3550">
     <span class='ocr_line' id='line_1_38' title="bbox 401 3477 1979 3550; baseline 0.002 -18"><span class='ocrx_word' id='word_1_246' title='bbox 401 3486 667 3549; x_wconf 87' lang='lat' dir='ltr'><strong>quatenus</strong></span> <span class='ocrx_word' id='word_1_247' title='bbox 687 3487 767 3534; x_wconf 90' lang='lat' dir='ltr'><strong>est</strong></span> <span class='ocrx_word' id='word_1_248' title='bbox 791 3477 951 3543; x_wconf 87' lang='lat' dir='ltr'><strong>Deus,</strong></span> <span class='ocrx_word' id='word_1_249' title='bbox 970 3478 1422 3548; x_wconf 89' lang='lat' dir='ltr'><strong>perfectissimum</strong></span> <span class='ocrx_word' id='word_1_250' title='bbox 1443 3494 1512 3535; x_wconf 83' lang='lat' dir='ltr'><strong>ex</strong></span> <span class='ocrx_word' id='word_1_251' title='bbox 1530 3480 1707 3548; x_wconf 67' lang='lat' dir='ltr'><strong>sejest,</strong></span> <span class='ocrx_word' id='word_1_252' title='bbox 1728 3480 1979 3550; x_wconf 89' lang='lat' dir='ltr'><strong>nullaque</strong></span> 
     </span>
    </p>
   </div>
   <div class='ocr_carea' id='block_1_39' title="bbox 403 3562 1978 3643">
    <p class='ocr_par' dir='ltr' id='par_1_39' title="bbox 403 3562 1978 3643">
     <span class='ocr_line' id='line_1_39' title="bbox 403 3562 1978 3643; baseline 0.003 -20"><span class='ocrx_word' id='word_1_253' title='bbox 403 3571 559 3639; x_wconf 89' lang='lat' dir='ltr'><strong>plane</strong></span> <span class='ocrx_word' id='word_1_254' title='bbox 593 3586 673 3635; x_wconf 88' lang='lat' dir='ltr'><strong>re,</strong></span> <span class='ocrx_word' id='word_1_255' title='bbox 727 3578 917 3627; x_wconf 87' lang='lat' dir='ltr'><strong>utnec</strong></span> <span class='ocrx_word' id='word_1_256' title='bbox 954 3571 1287 3626; x_wconf 92' lang='lat' dir='ltr'><strong>incremento</strong></span> <span class='ocrx_word' id='word_1_257' title='bbox 1343 3562 1487 3643; x_wconf 73' lang='lat' dir='ltr'><strong>eget.</strong></span> <span class='ocrx_word' id='word_1_258' title='bbox 1538 3571 1808 3627; x_wconf 65' lang='lat' dir='ltr'><strong>Caeterum</strong></span> <span class='ocrx_word' id='word_1_259' title='bbox 1878 3586 1978 3628; x_wconf 84' lang='lat' dir='ltr'><strong>no-</strong></span> 
     </span>
    </p>
   </div>
   <div class='ocr_carea' id='block_1_40' title="bbox 404 3661 1978 3732">
    <p class='ocr_par' dir='ltr' id='par_1_40' title="bbox 404 3661 1978 3732">
     <span class='ocr_line' id='line_1_40' title="bbox 404 3661 1978 3732; baseline 0.001 -15"><span class='ocrx_word' id='word_1_260' title='bbox 404 3671 573 3717; x_wconf 89' lang='lat' dir='ltr'><strong>stram</strong></span> <span class='ocrx_word' id='word_1_261' title='bbox 621 3671 871 3717; x_wconf 87' lang='lat' dir='ltr'><strong>naturam</strong></span> <span class='ocrx_word' id='word_1_262' title='bbox 925 3662 1028 3717; x_wconf 88' lang='lat' dir='ltr'><strong>sibi</strong></span> <span class='ocrx_word' id='word_1_263' title='bbox 1085 3661 1359 3732; x_wconf 83' lang='lat' dir='ltr'><strong>prOpriam</strong></span> <span class='ocrx_word' id='word_1_264' title='bbox 1414 3662 1567 3727; x_wconf 87' lang='lat' dir='ltr'><strong>fecit,</strong></span> <span class='ocrx_word' id='word_1_265' title='bbox 1621 3678 1743 3718; x_wconf 91' lang='lat' dir='ltr'><strong>cum</strong></span> <span class='ocrx_word' id='word_1_266' title='bbox 1803 3663 1978 3721; x_wconf 81' lang='lat' dir='ltr'><strong>factus</strong></span> 
     </span>
    </p>
   </div>
   <div class='ocr_carea' id='block_1_41' title="bbox 403 3751 1977 3827">
    <p class='ocr_par' dir='ltr' id='par_1_41' title="bbox 403 3751 1977 3827">
     <span class='ocr_line' id='line_1_41' title="bbox 403 3751 1977 3827; baseline 0.001 -18"><span class='ocrx_word' id='word_1_267' title='bbox 403 3762 485 3809; x_wconf 86' lang='lat' dir='ltr'><strong>est</strong></span> <span class='ocrx_word' id='word_1_268' title='bbox 517 3751 686 3827; x_wconf 79' lang='lat' dir='ltr'><strong>nostri</strong></span> <span class='ocrx_word' id='word_1_269' title='bbox 708 3752 923 3816; x_wconf 89' lang='lat' dir='ltr'><strong>similis,</strong></span> <span class='ocrx_word' id='word_1_270' title='bbox 944 3754 1158 3807; x_wconf 90' lang='lat' dir='ltr'><strong>tametsi</strong></span> <span class='ocrx_word' id='word_1_271' title='bbox 1189 3753 1424 3808; x_wconf 90' lang='lat' dir='ltr'><strong>sciamus</strong></span> <span class='ocrx_word' id='word_1_272' title='bbox 1460 3753 1634 3822; x_wconf 91' lang='lat' dir='ltr'><strong>ipsum</strong></span> <span class='ocrx_word' id='word_1_273' title='bbox 1673 3755 1838 3809; x_wconf 90' lang='lat' dir='ltr'><strong>etiam</strong></span> <span class='ocrx_word' id='word_1_274' title='bbox 1875 3757 1977 3811; x_wconf 86' lang='lat' dir='ltr'><strong>hoc</strong></span> 
     </span>
    </p>
   </div>
   <div class='ocr_carea' id='block_1_42' title="bbox 404 3844 1980 3917">
    <p class='ocr_par' dir='ltr' id='par_1_42' title="bbox 404 3844 1980 3917">
     <span class='ocr_line' id='line_1_42' title="bbox 404 3844 1980 3917; baseline 0.003 -18"><span class='ocrx_word' id='word_1_275' title='bbox 404 3855 561 3914; x_wconf 83' lang='lat' dir='ltr'><strong>pacto</strong></span> <span class='ocrx_word' id='word_1_276' title='bbox 597 3844 751 3900; x_wconf 88' lang='lat' dir='ltr'><strong>nobis</strong></span> <span class='ocrx_word' id='word_1_277' title='bbox 775 3844 1108 3914; x_wconf 88' lang='lat' dir='ltr'><strong>superiorem</strong></span> <span class='ocrx_word' id='word_1_278' title='bbox 1140 3859 1285 3910; x_wconf 88' lang='lat' dir='ltr'><strong>esse,</strong></span> <span class='ocrx_word' id='word_1_279' title='bbox 1326 3854 1384 3900; x_wconf 89' lang='lat' dir='ltr'><strong>ut</strong></span> <span class='ocrx_word' id='word_1_280' title='bbox 1405 3845 1599 3901; x_wconf 89' lang='lat' dir='ltr'><strong>Deum.</strong></span> <span class='ocrx_word' id='word_1_281' title='bbox 1650 3845 1729 3901; x_wconf 81' lang='lat' dir='ltr'><strong>Ac</strong></span> <span class='ocrx_word' id='word_1_282' title='bbox 1751 3847 1980 3917; x_wconf 88' lang='lat' dir='ltr'><strong>proinde</strong></span> 
     </span>
    </p>
   </div>
   <div class='ocr_carea' id='block_1_43' title="bbox 403 3934 1979 4006">
    <p class='ocr_par' dir='ltr' id='par_1_43' title="bbox 403 3934 1979 4006">
     <span class='ocr_line' id='line_1_43' title="bbox 403 3934 1979 4006; baseline 0.002 -13"><span class='ocrx_word' id='word_1_283' title='bbox 403 3934 603 3993; x_wconf 86' lang='lat' dir='ltr'><strong>Paulus</strong></span> <span class='ocrx_word' id='word_1_284' title='bbox 651 3936 865 4002; x_wconf 87' lang='lat' dir='ltr'><strong>tametsi</strong></span> <span class='ocrx_word' id='word_1_285' title='bbox 901 3937 1105 4006; x_wconf 87' lang='lat' dir='ltr'><strong>optime</strong></span> <span class='ocrx_word' id='word_1_286' title='bbox 1144 3947 1326 3993; x_wconf 91' lang='lat' dir='ltr'><strong>nosset</strong></span> <span class='ocrx_word' id='word_1_287' title='bbox 1372 3938 1544 4006; x_wconf 87' lang='lat' dir='ltr'><strong>ipsum</strong></span> <span class='ocrx_word' id='word_1_288' title='bbox 1588 3952 1808 3993; x_wconf 88' lang='lat' dir='ltr'><strong>carnem</strong></span> <span class='ocrx_word' id='word_1_289' title='bbox 1856 3955 1979 3995; x_wconf 87' lang='lat' dir='ltr'><strong>esse</strong></span> 
     </span>
    </p>
   </div>
   <div class='ocr_carea' id='block_1_44' title="bbox 402 4024 1978 4099">
    <p class='ocr_par' dir='ltr' id='par_1_44' title="bbox 402 4024 1978 4099">
     <span class='ocr_line' id='line_1_44' title="bbox 402 4024 1978 4099; baseline 0.002 -18"><span class='ocrx_word' id='word_1_290' title='bbox 402 4024 627 4090; x_wconf 85' lang='lat' dir='ltr'><strong>factum,</strong></span> <span class='ocrx_word' id='word_1_291' title='bbox 672 4034 871 4093; x_wconf 89' lang='lat' dir='ltr'><strong>tamen,</strong></span> <span class='ocrx_word' id='word_1_292' title='bbox 931 4027 1153 4083; x_wconf 86' lang='lat' dir='ltr'><strong>Deitatis</strong></span> <span class='ocrx_word' id='word_1_293' title='bbox 1188 4028 1535 4082; x_wconf 89' lang='lat' dir='ltr'><strong>eminentiam</strong></span> <span class='ocrx_word' id='word_1_294' title='bbox 1584 4028 1978 4099; x_wconf 89' lang='lat' dir='ltr'><strong>contemplans,</strong></span> 
     </span>
    </p>
   </div>
   <div class='ocr_carea' id='block_1_45' title="bbox 407 4117 1976 4187">
    <p class='ocr_par' dir='ltr' id='par_1_45' title="bbox 407 4117 1976 4187">
     <span class='ocr_line' id='line_1_45' title="bbox 407 4117 1976 4187; baseline 0.002 -16"><span class='ocrx_word' id='word_1_295' title='bbox 407 4118 579 4187; x_wconf 83' lang='lat' dir='ltr'><strong>ipsum</strong></span> <span class='ocrx_word' id='word_1_296' title='bbox 608 4117 879 4174; x_wconf 89' lang='lat' dir='ltr'><strong>hominem</strong></span> <span class='ocrx_word' id='word_1_297' title='bbox 909 4133 1014 4173; x_wconf 92' lang='lat' dir='ltr'><strong>non</strong></span> <span class='ocrx_word' id='word_1_298' title='bbox 1044 4132 1161 4173; x_wconf 89' lang='lat' dir='ltr'><strong>esse</strong></span> <span class='ocrx_word' id='word_1_299' title='bbox 1192 4118 1386 4173; x_wconf 91' lang='lat' dir='ltr'><strong>alicubi</strong></span> <span class='ocrx_word' id='word_1_300' title='bbox 1413 4118 1597 4173; x_wconf 91' lang='lat' dir='ltr'><strong>dicere</strong></span> <span class='ocrx_word' id='word_1_301' title='bbox 1628 4120 1811 4174; x_wconf 86' lang='lat' dir='ltr'><strong>audet.</strong></span> <span class='ocrx_word' id='word_1_302' title='bbox 1839 4118 1976 4175; x_wconf 92' lang='lat' dir='ltr'><strong>Nam</strong></span> 
     </span>
    </p>
   </div>
   <div class='ocr_carea' id='block_1_46' title="bbox 404 4208 1978 4282">
    <p class='ocr_par' dir='ltr' id='par_1_46' title="bbox 404 4208 1978 4282">
     <span class='ocr_line' id='line_1_46' title="bbox 404 4208 1978 4282; baseline 0.001 -15"><span class='ocrx_word' id='word_1_303' title='bbox 404 4210 470 4267; x_wconf 85' lang='lat' dir='ltr'><strong>ad</strong></span> <span class='ocrx_word' id='word_1_304' title='bbox 492 4208 713 4266; x_wconf 87' lang='lat' dir='ltr'><strong>Galatas</strong></span> <span class='ocrx_word' id='word_1_305' title='bbox 741 4210 815 4265; x_wconf 90' lang='lat' dir='ltr'><strong>ita</strong></span> <span class='ocrx_word' id='word_1_306' title='bbox 862 4210 1049 4267; x_wconf 89' lang='lat' dir='ltr'><strong>scribit</strong></span> <span class='ocrx_word' id='word_1_307' title='bbox 1086 4228 1101 4266; x_wconf 91' lang='lat'><strong>:</strong></span> <span class='ocrx_word' id='word_1_308' title='bbox 1144 4229 1162 4261; x_wconf 78' lang='grc' dir='ltr'><strong>ι</strong></span> <span class='ocrx_word' id='word_1_309' title='bbox 1197 4209 1394 4267; x_wconf 86' lang='lat' dir='ltr'><strong>Paulus</strong></span> <span class='ocrx_word' id='word_1_310' title='bbox 1437 4215 1714 4282; x_wconf 83' lang='lat' dir='ltr'><strong>apostolus</strong></span> <span class='ocrx_word' id='word_1_311' title='bbox 1761 4228 1866 4268; x_wconf 90' lang='lat' dir='ltr'><strong>non</strong></span> <span class='ocrx_word' id='word_1_312' title='bbox 1908 4214 1978 4269; x_wconf 88' lang='lat' dir='ltr'><strong>ab</strong></span> 
     </span>
    </p>
   </div>
   <div class='ocr_carea' id='block_1_47' title="bbox 406 4303 1975 4375">
    <p class='ocr_par' dir='ltr' id='par_1_47' title="bbox 406 4303 1975 4375">
     <span class='ocr_line' id='line_1_47' title="bbox 406 4303 1975 4375; baseline 0 -16"><span class='ocrx_word' id='word_1_313' title='bbox 406 4305 735 4368; x_wconf 86' lang='lat' dir='ltr'><strong>hominibus,</strong></span> <span class='ocrx_word' id='word_1_314' title='bbox 776 4318 954 4374; x_wconf 87' lang='lat' dir='ltr'><strong>neque</strong></span> <span class='ocrx_word' id='word_1_315' title='bbox 990 4319 1085 4371; x_wconf 91' lang='lat' dir='ltr'><strong>per</strong></span> <span class='ocrx_word' id='word_1_316' title='bbox 1147 4303 1446 4370; x_wconf 87' lang='lat' dir='ltr'><strong>hominem,</strong></span> <span class='ocrx_word' id='word_1_317' title='bbox 1492 4305 1588 4360; x_wconf 90' lang='lat' dir='ltr'><strong>sed</strong></span> <span class='ocrx_word' id='word_1_318' title='bbox 1643 4320 1740 4375; x_wconf 93' lang='lat' dir='ltr'><strong>per</strong></span> <span class='ocrx_word' id='word_1_319' title='bbox 1793 4304 1975 4361; x_wconf 87' lang='lat' dir='ltr'><strong>Jesum</strong></span> 
     </span>
    </p>
   </div>
   <div class='ocr_carea' id='block_1_48' title="bbox 2079 556 3618 627">
    <p class='ocr_par' dir='ltr' id='par_1_48' title="bbox 2079 556 3618 627">
     <span class='ocr_line' id='line_1_48' title="bbox 2079 556 3618 627; baseline -0.003 -18"><span class='ocrx_word' id='word_1_320' title='bbox 2079 558 2176 627; x_wconf 83' lang='grc' dir='ltr'><strong>μία</strong></span> <span class='ocrx_word' id='word_1_321' title='bbox 2205 558 2405 621; x_wconf 83' lang='grc' dir='ltr'>πίστις,</span> <span class='ocrx_word' id='word_1_322' title='bbox 2445 558 2504 611; x_wconf 81' lang='grc' dir='ltr'>ἓν</span> <span class='ocrx_word' id='word_1_323' title='bbox 2536 558 2835 627; x_wconf 73' lang='grc' dir='ltr'><strong>βάπτισμα.</strong></span> <span class='ocrx_word' id='word_1_324' title='bbox 2886 574 2906 607; x_wconf 76' lang='grc' dir='ltr'><strong>ι</strong></span> <span class='ocrx_word' id='word_1_325' title='bbox 2956 556 3101 626; x_wconf 75' lang='grc' dir='ltr'>Πλὴν</span> <span class='ocrx_word' id='word_1_326' title='bbox 3150 558 3197 608; x_wconf 84' lang='grc' dir='ltr'>εἰ</span> <span class='ocrx_word' id='word_1_327' title='bbox 3244 556 3451 621; x_wconf 75' lang='grc' dir='ltr'><strong>λέγοιτο</strong></span> <span class='ocrx_word' id='word_1_328' title='bbox 3507 572 3618 624; x_wconf 84' lang='grc' dir='ltr'><strong>προ</strong></span> 
     </span>
    </p>
   </div>
   <div class='ocr_carea' id='block_1_49' title="bbox 2073 646 3636 721">
    <p class='ocr_par' dir='ltr' id='par_1_49' title="bbox 2073 646 3636 721">
     <span class='ocr_line' id='line_1_49' title="bbox 2073 646 3636 721; baseline -0.003 -20"><span class='ocrx_word' id='word_1_329' title='bbox 2073 650 2293 703; x_wconf 88' lang='grc' dir='ltr'>κόπτειν</span> <span class='ocrx_word' id='word_1_330' title='bbox 2331 649 2537 721; x_wconf 84' lang='grc' dir='ltr'>Ἰησοῦς</span> <span class='ocrx_word' id='word_1_331' title='bbox 2572 649 2779 720; x_wconf 80' lang='grc' dir='ltr'>ἡλικίᾳ,</span> <span class='ocrx_word' id='word_1_332' title='bbox 2812 650 2906 703; x_wconf 69' lang='grc' dir='ltr'>καὶ</span> <span class='ocrx_word' id='word_1_333' title='bbox 2950 650 3129 719; x_wconf 72' lang='grc' dir='ltr'>σοφίᾳ,</span> <span class='ocrx_word' id='word_1_334' title='bbox 3190 647 3285 701; x_wconf 72' lang='grc' dir='ltr'>καὶ</span> <span class='ocrx_word' id='word_1_335' title='bbox 3312 646 3517 718; x_wconf 78' lang='grc' dir='ltr'>χάριτι,</span> <span class='ocrx_word' id='word_1_336' title='bbox 3557 648 3636 707; x_wconf 81' lang='grc' dir='ltr'><strong>τίς</strong></span> 
     </span>
    </p>
   </div>
   <div class='ocr_carea' id='block_1_50' title="bbox 2071 736 3637 810">
    <p class='ocr_par' dir='ltr' id='par_1_50' title="bbox 2071 736 3637 810">
     <span class='ocr_line' id='line_1_50' title="bbox 2071 736 3637 810; baseline -0.004 -15"><span class='ocrx_word' id='word_1_337' title='bbox 2071 743 2099 795; x_wconf 85' lang='grc'>6</span> <span class='ocrx_word' id='word_1_338' title='bbox 2123 743 2181 795; x_wconf 81' lang='grc' dir='ltr'><strong>ἐν</strong></span> <span class='ocrx_word' id='word_1_339' title='bbox 2201 742 2411 806; x_wconf 76' lang='grc' dir='ltr'><strong>τούτοις</strong></span> <span class='ocrx_word' id='word_1_340' title='bbox 2438 741 2675 810; x_wconf 84' lang='grc' dir='ltr'>γεγονώς</span> <span class='ocrx_word' id='word_1_341' title='bbox 2705 744 2851 805; x_wconf 64' lang='lat' dir='ltr'><strong>sm;</strong></span> <span class='ocrx_word' id='word_1_342' title='bbox 2882 740 3103 810; x_wconf 81' lang='grc' dir='ltr'>Πλήρης</span> <span class='ocrx_word' id='word_1_343' title='bbox 3134 738 3243 809; x_wconf 87' lang='grc' dir='ltr'><strong>γάρ</strong></span> <span class='ocrx_word' id='word_1_344' title='bbox 3264 737 3337 791; x_wconf 82' lang='grc' dir='ltr'>ὢν</span> <span class='ocrx_word' id='word_1_345' title='bbox 3363 736 3455 789; x_wconf 78' lang='grc' dir='ltr'>καὶ</span> <span class='ocrx_word' id='word_1_346' title='bbox 3484 737 3637 789; x_wconf 79' lang='grc' dir='ltr'>αὐτο-</span> 
     </span>
    </p>
   </div>
   <div class='ocr_carea' id='block_1_51' title="bbox 2070 827 3636 904">
    <p class='ocr_par' dir='ltr' id='par_1_51' title="bbox 2070 827 3636 904">
     <span class='ocr_line' id='line_1_51' title="bbox 2070 827 3636 904; baseline -0.007 -15"><span class='ocrx_word' id='word_1_347' title='bbox 2070 836 2232 904; x_wconf 80' lang='grc' dir='ltr'>τελὴς</span> <span class='ocrx_word' id='word_1_348' title='bbox 2256 838 2283 889; x_wconf 98' lang='lat'><strong>6</strong></span> <span class='ocrx_word' id='word_1_349' title='bbox 2310 837 2373 887; x_wconf 85' lang='grc' dir='ltr'>ὲκ</span> <span class='ocrx_word' id='word_1_350' title='bbox 2399 833 2533 888; x_wconf 86' lang='grc' dir='ltr'>Θεοῦ</span> <span class='ocrx_word' id='word_1_351' title='bbox 2565 833 2773 903; x_wconf 69' lang='lat' dir='ltr'><strong>Ila-cpi);</strong></span> <span class='ocrx_word' id='word_1_352' title='bbox 2798 833 2990 899; x_wconf 86' lang='grc' dir='ltr'>Λόγος,</span> <span class='ocrx_word' id='word_1_353' title='bbox 3035 830 3224 883; x_wconf 78' lang='grc' dir='ltr'><strong>ὁποίαν</strong></span> <span class='ocrx_word' id='word_1_354' title='bbox 3250 829 3313 882; x_wconf 85' lang='grc' dir='ltr'>ἂν</span> <span class='ocrx_word' id='word_1_355' title='bbox 3346 828 3501 881; x_wconf 78' lang='grc' dir='ltr'>λάϐοι</span> <span class='ocrx_word' id='word_1_356' title='bbox 3545 827 3636 879; x_wconf 69' lang='grc' dir='ltr'>καὶ</span> 
     </span>
    </p>
   </div>
   <div class='ocr_carea' id='block_1_52' title="bbox 2072 918 3638 995">
    <p class='ocr_par' dir='ltr' id='par_1_52' title="bbox 2072 918 3638 995">
     <span class='ocr_line' id='line_1_52' title="bbox 2072 918 3638 995; baseline -0.006 -16"><span class='ocrx_word' id='word_1_357' title='bbox 2072 929 2151 990; x_wconf 89' lang='grc' dir='ltr'><strong>εἰς</strong></span> <span class='ocrx_word' id='word_1_358' title='bbox 2195 927 2247 978; x_wconf 88' lang='grc' dir='ltr'><strong>τί</strong></span> <span class='ocrx_word' id='word_1_359' title='bbox 2288 925 2386 995; x_wconf 79' lang='grc' dir='ltr'>τὴν</span> <span class='ocrx_word' id='word_1_360' title='bbox 2452 925 2725 986; x_wconf 83' lang='grc' dir='ltr'>ἐπίδοσιν,</span> <span class='ocrx_word' id='word_1_361' title='bbox 2774 925 2893 993; x_wconf 72' lang='grc' dir='ltr'>ἦτοι</span> <span class='ocrx_word' id='word_1_362' title='bbox 2944 924 3045 991; x_wconf 80' lang='grc' dir='ltr'><strong>τὴν</strong></span> <span class='ocrx_word' id='word_1_363' title='bbox 3097 921 3411 991; x_wconf 82' lang='grc' dir='ltr'>προκοπήν;</span> <span class='ocrx_word' id='word_1_364' title='bbox 3470 918 3638 985; x_wconf 79' lang='grc' dir='ltr'>Σοφία</span> 
     </span>
    </p>
   </div>
   <div class='ocr_carea' id='block_1_53' title="bbox 2070 1015 3639 1086">
    <p class='ocr_par' dir='ltr' id='par_1_53' title="bbox 2070 1015 3639 1086">
     <span class='ocr_line' id='line_1_53' title="bbox 2070 1015 3639 1086; baseline -0.005 -14"><span class='ocrx_word' id='word_1_365' title='bbox 2070 1020 2128 1072; x_wconf 81' lang='grc' dir='ltr'>δὲ</span> <span class='ocrx_word' id='word_1_366' title='bbox 2150 1018 2225 1071; x_wconf 86' lang='grc' dir='ltr'>ὢν</span> <span class='ocrx_word' id='word_1_367' title='bbox 2258 1018 2439 1081; x_wconf 81' lang='grc' dir='ltr'>αὐτὸς,</span> <span class='ocrx_word' id='word_1_368' title='bbox 2465 1018 2564 1071; x_wconf 83' lang='grc' dir='ltr'><strong>οὐκ</strong></span> <span class='ocrx_word' id='word_1_369' title='bbox 2606 1019 2670 1072; x_wconf 84' lang='grc' dir='ltr'>ἂν</span> <span class='ocrx_word' id='word_1_370' title='bbox 2700 1018 2910 1086; x_wconf 79' lang='grc' dir='ltr'><strong>λέγοιτο</strong></span> <span class='ocrx_word' id='word_1_371' title='bbox 2944 1016 3129 1085; x_wconf 86' lang='grc' dir='ltr'>σοφίας</span> <span class='ocrx_word' id='word_1_372' title='bbox 3162 1015 3427 1076; x_wconf 84' lang='grc' dir='ltr'>δεκτικός.</span> <span class='ocrx_word' id='word_1_373' title='bbox 3458 1015 3639 1083; x_wconf 87' lang='grc' dir='ltr'>Ζητη-</span> 
     </span>
    </p>
   </div>
   <div class='ocr_carea' id='block_1_54' title="bbox 2071 1107 3384 1183">
    <p class='ocr_par' dir='ltr' id='par_1_54' title="bbox 2071 1107 3384 1183">
     <span class='ocr_line' id='line_1_54' title="bbox 2071 1107 3384 1183; baseline -0.003 -19"><span class='ocrx_word' id='word_1_374' title='bbox 2071 1111 2191 1166; x_wconf 84' lang='grc' dir='ltr'>τέον</span> <span class='ocrx_word' id='word_1_375' title='bbox 2208 1107 2299 1167; x_wconf 79' lang='grc' dir='ltr'><strong>οὖν</strong></span> <span class='ocrx_word' id='word_1_376' title='bbox 2317 1111 2426 1183; x_wconf 79' lang='grc' dir='ltr'><strong>ἀρα</strong></span> <span class='ocrx_word' id='word_1_377' title='bbox 2451 1112 2608 1181; x_wconf 75' lang='grc' dir='ltr'>φασὶ,</span> <span class='ocrx_word' id='word_1_378' title='bbox 2645 1114 2771 1183; x_wconf 70' lang='grc' dir='ltr'>περὶ</span> <span class='ocrx_word' id='word_1_379' title='bbox 2793 1110 2853 1163; x_wconf 75' lang='grc' dir='ltr'>ὃν</span> <span class='ocrx_word' id='word_1_380' title='bbox 2885 1109 2950 1163; x_wconf 78' lang='grc' dir='ltr'>ἂν</span> <span class='ocrx_word' id='word_1_381' title='bbox 2976 1110 3185 1177; x_wconf 81' lang='grc' dir='ltr'>γένοιτο</span> <span class='ocrx_word' id='word_1_382' title='bbox 3210 1107 3384 1160; x_wconf 81' lang='grc' dir='ltr'>ταυτί.</span> 
     </span>
    </p>
   </div>
   <div class='ocr_carea' id='block_1_55' title="bbox 2145 1282 3642 1358">
    <p class='ocr_par' dir='ltr' id='par_1_55' title="bbox 2145 1282 3642 1358">
     <span class='ocr_line' id='line_1_55' title="bbox 2145 1282 3642 1358; baseline -0.004 -19"><span class='ocrx_word' id='word_1_383' title='bbox 2145 1289 2207 1339; x_wconf 75' lang='grc' dir='ltr'><strong>Α.</strong></span> <span class='ocrx_word' id='word_1_384' title='bbox 2245 1288 2469 1358; x_wconf 81' lang='grc' dir='ltr'>Ἕτερον</span> <span class='ocrx_word' id='word_1_385' title='bbox 2496 1283 2610 1354; x_wconf 76' lang='grc' dir='ltr'>οὖν,</span> <span class='ocrx_word' id='word_1_386' title='bbox 2640 1288 2714 1351; x_wconf 85' lang='grc' dir='ltr'><strong>ὡς</strong></span> <span class='ocrx_word' id='word_1_387' title='bbox 2748 1288 2944 1353; x_wconf 76' lang='grc' dir='ltr'>ἔοικεν,</span> <span class='ocrx_word' id='word_1_388' title='bbox 2988 1285 3359 1357; x_wconf 80' lang='grc' dir='ltr'>είσκομιστὲον</span> <span class='ocrx_word' id='word_1_389' title='bbox 3390 1284 3520 1336; x_wconf 77' lang='grc' dir='ltr'>Υἱὺν</span> <span class='ocrx_word' id='word_1_390' title='bbox 3549 1282 3642 1336; x_wconf 71' lang='grc' dir='ltr'>καὶ</span> 
     </span>
    </p>
   </div>
   <div class='ocr_carea' id='block_1_56' title="bbox 2073 1373 3644 1453">
    <p class='ocr_par' dir='ltr' id='par_1_56' title="bbox 2073 1373 3644 1453">
     <span class='ocr_line' id='line_1_56' title="bbox 2073 1373 3644 1453; baseline -0.006 -18"><span class='ocrx_word' id='word_1_391' title='bbox 2073 1382 2297 1453; x_wconf 84' lang='grc' dir='ltr'><strong>Κύριον,</strong></span> <span class='ocrx_word' id='word_1_392' title='bbox 2340 1381 2426 1435; x_wconf 79' lang='grc' dir='ltr'>διὰ</span> <span class='ocrx_word' id='word_1_393' title='bbox 2459 1382 2518 1433; x_wconf 83' lang='grc' dir='ltr'><strong>τὸ</strong></span> <span class='ocrx_word' id='word_1_394' title='bbox 2550 1382 2624 1451; x_wconf 83' lang='grc' dir='ltr'>μὴ</span> <span class='ocrx_word' id='word_1_395' title='bbox 2655 1380 2912 1433; x_wconf 77' lang='grc' dir='ltr'>δύνασθαί</span> <span class='ocrx_word' id='word_1_396' title='bbox 2953 1396 3103 1442; x_wconf 88' lang='grc' dir='ltr'>τινας</span> <span class='ocrx_word' id='word_1_397' title='bbox 3130 1375 3505 1430; x_wconf 76' lang='grc' dir='ltr'><strong>καθικνεῖσθαι</strong></span> <span class='ocrx_word' id='word_1_398' title='bbox 3544 1373 3644 1427; x_wconf 81' lang='grc' dir='ltr'><strong>τοῦ</strong></span> 
     </span>
    </p>
   </div>
   <div class='ocr_carea' id='block_1_57' title="bbox 2075 1466 3645 1543">
    <p class='ocr_par' dir='ltr' id='par_1_57' title="bbox 2075 1466 3645 1543">
     <span class='ocr_line' id='line_1_57' title="bbox 2075 1466 3645 1543; baseline -0.006 -15"><span class='ocrx_word' id='word_1_399' title='bbox 2075 1473 2273 1543; x_wconf 82' lang='grc' dir='ltr'>βάθους</span> <span class='ocrx_word' id='word_1_400' title='bbox 2300 1473 2407 1526; x_wconf 85' lang='grc' dir='ltr'><strong>τῶν</strong></span> <span class='ocrx_word' id='word_1_401' title='bbox 2433 1472 2591 1543; x_wconf 77' lang='grc' dir='ltr'>ἱερῶν</span> <span class='ocrx_word' id='word_1_402' title='bbox 2618 1471 2985 1542; x_wconf 81' lang='grc' dir='ltr'>Γραμμάτων.</span> <span class='ocrx_word' id='word_1_403' title='bbox 3024 1470 3083 1523; x_wconf 83' lang='lat'><strong>&#39;0</strong></span> <span class='ocrx_word' id='word_1_404' title='bbox 3108 1469 3217 1541; x_wconf 79' lang='grc' dir='ltr'>γάρ</span> <span class='ocrx_word' id='word_1_405' title='bbox 3243 1485 3325 1522; x_wconf 86' lang='grc' dir='ltr'><strong>τοι</strong></span> <span class='ocrx_word' id='word_1_406' title='bbox 3363 1468 3525 1535; x_wconf 78' lang='grc' dir='ltr'>σοφὸς</span> <span class='ocrx_word' id='word_1_407' title='bbox 3555 1466 3645 1518; x_wconf 66' lang='lat' dir='ltr'><strong>sf:-</strong></span> 
     </span>
    </p>
   </div>
   <div class='ocr_carea' id='block_1_58' title="bbox 2073 1559 3646 1635">
    <p class='ocr_par' dir='ltr' id='par_1_58' title="bbox 2073 1559 3646 1635">
     <span class='ocr_line' id='line_1_58' title="bbox 2073 1559 3646 1635; baseline -0.004 -17"><span class='ocrx_word' id='word_1_408' title='bbox 2073 1565 2422 1635; x_wconf 85' lang='grc' dir='ltr'>αγγελιστὴς,</span> <span class='ocrx_word' id='word_1_409' title='bbox 2451 1564 2627 1635; x_wconf 84' lang='grc' dir='ltr'>σάρκα</span> <span class='ocrx_word' id='word_1_410' title='bbox 2664 1562 2922 1631; x_wconf 82' lang='grc' dir='ltr'><strong>γεγονότα</strong></span> <span class='ocrx_word' id='word_1_411' title='bbox 2950 1559 3379 1632; x_wconf 86' lang='grc' dir='ltr'>προεισενεγκὼν</span> <span class='ocrx_word' id='word_1_412' title='bbox 3406 1560 3498 1612; x_wconf 74' lang='grc' dir='ltr'><strong>τὸν</strong></span> <span class='ocrx_word' id='word_1_413' title='bbox 3539 1560 3646 1612; x_wconf 84' lang='grc' dir='ltr'><strong>Λό-</strong></span> 
     </span>
    </p>
   </div>
   <div class='ocr_carea' id='block_1_59' title="bbox 2074 1650 3645 1726">
    <p class='ocr_par' dir='ltr' id='par_1_59' title="bbox 2074 1650 3645 1726">
     <span class='ocr_line' id='line_1_59' title="bbox 2074 1650 3645 1726; baseline -0.006 -16"><span class='ocrx_word' id='word_1_414' title='bbox 2074 1675 2195 1726; x_wconf 85' lang='grc' dir='ltr'>γον,</span> <span class='ocrx_word' id='word_1_415' title='bbox 2248 1656 2521 1709; x_wconf 87' lang='grc' dir='ltr'>δείκνυσιν</span> <span class='ocrx_word' id='word_1_416' title='bbox 2570 1654 2733 1708; x_wconf 78' lang='grc' dir='ltr'>αὑτὸν</span> <span class='ocrx_word' id='word_1_417' title='bbox 2779 1654 3139 1723; x_wconf 75' lang='grc' dir='ltr'><strong>οἰκονομικῶς</strong></span> <span class='ocrx_word' id='word_1_418' title='bbox 3168 1652 3365 1720; x_wconf 70' lang='grc' dir='ltr'>ἐφιέντα</span> <span class='ocrx_word' id='word_1_419' title='bbox 3409 1654 3479 1721; x_wconf 81' lang='grc' dir='ltr'>τῇ</span> <span class='ocrx_word' id='word_1_420' title='bbox 3538 1650 3645 1720; x_wconf 62' lang='grc' dir='ltr'>ἰδίᾳ</span> 
     </span>
    </p>
   </div>
   <div class='ocr_carea' id='block_1_60' title="bbox 2079 1743 3647 1818">
    <p class='ocr_par' dir='ltr' id='par_1_60' title="bbox 2079 1743 3647 1818">
     <span class='ocr_line' id='line_1_60' title="bbox 2079 1743 3647 1818; baseline -0.006 -16"><span class='ocrx_word' id='word_1_421' title='bbox 2079 1748 2260 1818; x_wconf 76' lang='grc' dir='ltr'>σαρκὶ,</span> <span class='ocrx_word' id='word_1_422' title='bbox 2290 1748 2379 1801; x_wconf 78' lang='grc' dir='ltr'>διὰ</span> <span class='ocrx_word' id='word_1_423' title='bbox 2401 1747 2508 1801; x_wconf 83' lang='grc' dir='ltr'>τῶν</span> <span class='ocrx_word' id='word_1_424' title='bbox 2552 1748 2653 1817; x_wconf 86' lang='grc' dir='ltr'>τῆς</span> <span class='ocrx_word' id='word_1_425' title='bbox 2700 1746 2836 1809; x_wconf 86' lang='grc' dir='ltr'>ίδίας</span> <span class='ocrx_word' id='word_1_426' title='bbox 2860 1744 3073 1814; x_wconf 76' lang='grc' dir='ltr'>φύσεως</span> <span class='ocrx_word' id='word_1_427' title='bbox 3117 1744 3251 1797; x_wconf 79' lang='grc' dir='ltr'>ἰέναι</span> <span class='ocrx_word' id='word_1_428' title='bbox 3292 1744 3493 1813; x_wconf 89' lang='grc' dir='ltr'>νόμων.</span> <span class='ocrx_word' id='word_1_429' title='bbox 3527 1743 3647 1794; x_wconf 74' lang='grc' dir='ltr'><strong>Ἀν-</strong></span> 
     </span>
    </p>
   </div>
   <div class='ocr_carea' id='block_1_61' title="bbox 2076 1832 3644 1912">
    <p class='ocr_par' dir='ltr' id='par_1_61' title="bbox 2076 1832 3644 1912">
     <span class='ocr_line' id='line_1_61' title="bbox 2076 1832 3644 1912; baseline -0.006 -18"><span class='ocrx_word' id='word_1_430' title='bbox 2076 1840 2422 1912; x_wconf 83' lang='grc' dir='ltr'>θρωπότητος</span> <span class='ocrx_word' id='word_1_431' title='bbox 2453 1839 2509 1892; x_wconf 87' lang='grc' dir='ltr'><strong>δέ</strong></span> <span class='ocrx_word' id='word_1_432' title='bbox 2547 1839 2607 1891; x_wconf 88' lang='grc' dir='ltr'><strong>τὸ</strong></span> <span class='ocrx_word' id='word_1_433' title='bbox 2648 1837 2982 1909; x_wconf 77' lang='grc' dir='ltr'>προκόπτειν</span> <span class='ocrx_word' id='word_1_434' title='bbox 3019 1837 3164 1890; x_wconf 70' lang='grc' dir='ltr'>ἐστὶν</span> <span class='ocrx_word' id='word_1_435' title='bbox 3220 1835 3408 1906; x_wconf 79' lang='grc' dir='ltr'>ἡλικίᾳ</span> <span class='ocrx_word' id='word_1_436' title='bbox 3450 1850 3512 1886; x_wconf 90' lang='grc' dir='ltr'><strong>τε</strong></span> <span class='ocrx_word' id='word_1_437' title='bbox 3552 1832 3644 1886; x_wconf 63' lang='grc' dir='ltr'>καὶ</span> 
     </span>
    </p>
   </div>
   <div class='ocr_carea' id='block_1_62' title="bbox 2076 1925 3646 2001">
    <p class='ocr_par' dir='ltr' id='par_1_62' title="bbox 2076 1925 3646 2001">
     <span class='ocr_line' id='line_1_62' title="bbox 2076 1925 3646 2001; baseline -0.003 -17"><span class='ocrx_word' id='word_1_438' title='bbox 2076 1932 2258 2001; x_wconf 82' lang='grc' dir='ltr'>σοφίᾳ,</span> <span class='ocrx_word' id='word_1_439' title='bbox 2297 1931 2463 2000; x_wconf 82' lang='grc' dir='ltr'>φαίην</span> <span class='ocrx_word' id='word_1_440' title='bbox 2490 1930 2534 1984; x_wconf 88' lang='grc' dir='ltr'>δ’</span> <span class='ocrx_word' id='word_1_441' title='bbox 2564 1930 2629 1983; x_wconf 80' lang='grc' dir='ltr'>ἂν</span> <span class='ocrx_word' id='word_1_442' title='bbox 2662 1930 2745 1983; x_wconf 85' lang='grc' dir='ltr'>ὅτι</span> <span class='ocrx_word' id='word_1_443' title='bbox 2800 1930 2899 1983; x_wconf 75' lang='grc' dir='ltr'>καὶ</span> <span class='ocrx_word' id='word_1_444' title='bbox 2924 1927 3140 1999; x_wconf 81' lang='grc' dir='ltr'>χάριτι,</span> <span class='ocrx_word' id='word_1_445' title='bbox 3183 1925 3646 1995; x_wconf 71' lang='grc' dir='ltr'>συναναπηδώσης</span> 
     </span>
    </p>
   </div>
   <div class='ocr_carea' id='block_1_63' title="bbox 2071 2019 3647 2095">
    <p class='ocr_par' dir='ltr' id='par_1_63' title="bbox 2071 2019 3647 2095">
     <span class='ocr_line' id='line_1_63' title="bbox 2071 2019 3647 2095; baseline -0.004 -18"><span class='ocrx_word' id='word_1_446' title='bbox 2071 2024 2273 2095; x_wconf 82' lang='grc' dir='ltr'>τρόπον</span> <span class='ocrx_word' id='word_1_447' title='bbox 2302 2025 2423 2077; x_wconf 74' lang='grc' dir='ltr'>τινα</span> <span class='ocrx_word' id='word_1_448' title='bbox 2472 2027 2584 2086; x_wconf 91' lang='grc' dir='ltr'>τοῖς</span> <span class='ocrx_word' id='word_1_449' title='bbox 2630 2023 2724 2076; x_wconf 88' lang='grc' dir='ltr'>τοῦ</span> <span class='ocrx_word' id='word_1_450' title='bbox 2772 2021 3020 2092; x_wconf 86' lang='grc' dir='ltr'>σώματος</span> <span class='ocrx_word' id='word_1_451' title='bbox 3076 2021 3292 2092; x_wconf 80' lang='grc' dir='ltr'><strong>μέτροις</strong></span> <span class='ocrx_word' id='word_1_452' title='bbox 3325 2020 3417 2077; x_wconf 64' lang='grc' dir='ltr'><strong>καὶ</strong></span> <span class='ocrx_word' id='word_1_453' title='bbox 3454 2019 3552 2089; x_wconf 74' lang='grc' dir='ltr'><strong>τῆς</strong></span> <span class='ocrx_word' id='word_1_454' title='bbox 3588 2020 3647 2071; x_wconf 81' lang='grc' dir='ltr'><strong>ἐν</strong></span> 
     </span>
    </p>
   </div>
   <div class='ocr_carea' id='block_1_64' title="bbox 2074 2106 3642 2185">
    <p class='ocr_par' dir='ltr' id='par_1_64' title="bbox 2074 2106 3642 2185">
     <span class='ocr_line' id='line_1_64' title="bbox 2074 2106 3642 2185; baseline -0.005 -16"><span class='ocrx_word' id='word_1_455' title='bbox 2074 2116 2291 2185; x_wconf 81' lang='grc' dir='ltr'><strong>ἑκάστῳ</strong></span> <span class='ocrx_word' id='word_1_456' title='bbox 2324 2115 2613 2177; x_wconf 84' lang='grc' dir='ltr'>συνέσεως.</span> <span class='ocrx_word' id='word_1_457' title='bbox 2673 2111 2870 2183; x_wconf 79' lang='grc' dir='ltr'>Ἑτέρα</span> <span class='ocrx_word' id='word_1_458' title='bbox 2897 2112 2954 2165; x_wconf 84' lang='grc' dir='ltr'>δὲ</span> <span class='ocrx_word' id='word_1_459' title='bbox 2984 2106 3049 2164; x_wconf 77' lang='grc' dir='ltr'>αὖ</span> <span class='ocrx_word' id='word_1_460' title='bbox 3082 2113 3139 2163; x_wconf 82' lang='grc' dir='ltr'><strong>ἐν</strong></span> <span class='ocrx_word' id='word_1_461' title='bbox 3181 2114 3293 2172; x_wconf 83' lang='grc' dir='ltr'>τοῖς</span> <span class='ocrx_word' id='word_1_462' title='bbox 3319 2111 3418 2182; x_wconf 73' lang='grc' dir='ltr'>ἤδη</span> <span class='ocrx_word' id='word_1_463' title='bbox 3466 2109 3642 2171; x_wconf 75' lang='grc' dir='ltr'>παισὶ,</span> 
     </span>
    </p>
   </div>
   <div class='ocr_carea' id='block_1_65' title="bbox 2075 2201 3649 2276">
    <p class='ocr_par' dir='ltr' id='par_1_65' title="bbox 2075 2201 3649 2276">
     <span class='ocr_line' id='line_1_65' title="bbox 2075 2201 3649 2276; baseline -0.004 -17"><span class='ocrx_word' id='word_1_464' title='bbox 2075 2208 2168 2260; x_wconf 77' lang='grc' dir='ltr'>καὶ</span> <span class='ocrx_word' id='word_1_465' title='bbox 2194 2206 2335 2276; x_wconf 83' lang='grc' dir='ltr'>ὑπὲρ</span> <span class='ocrx_word' id='word_1_466' title='bbox 2364 2205 2522 2259; x_wconf 90' lang='grc' dir='ltr'><strong>τοῦτο</strong></span> <span class='ocrx_word' id='word_1_467' title='bbox 2551 2201 2775 2259; x_wconf 68' lang='grc' dir='ltr'>ἔτι.τΗν</span> <span class='ocrx_word' id='word_1_468' title='bbox 2801 2205 2900 2276; x_wconf 84' lang='grc' dir='ltr'>μὲν</span> <span class='ocrx_word' id='word_1_469' title='bbox 2922 2204 3031 2275; x_wconf 78' lang='grc' dir='ltr'><strong>γὰρ</strong></span> <span class='ocrx_word' id='word_1_470' title='bbox 3050 2202 3154 2258; x_wconf 67' lang='grc' dir='ltr'><strong>οὐκ</strong></span> <span class='ocrx_word' id='word_1_471' title='bbox 3170 2203 3449 2264; x_wconf 77' lang='grc' dir='ltr'>ἀδύνατον,</span> <span class='ocrx_word' id='word_1_472' title='bbox 3476 2203 3649 2271; x_wconf 66' lang='grc' dir='ltr'>ἤγουν</span> 
     </span>
    </p>
   </div>
   <div class='ocr_carea' id='block_1_66' title="bbox 2075 2296 3651 2369">
    <p class='ocr_par' dir='ltr' id='par_1_66' title="bbox 2075 2296 3651 2369">
     <span class='ocr_line' id='line_1_66' title="bbox 2075 2296 3651 2369; baseline -0.002 -18"><span class='ocrx_word' id='word_1_473' title='bbox 2075 2298 2384 2369; x_wconf 83' lang='grc' dir='ltr'>ἀνέφικτον,</span> <span class='ocrx_word' id='word_1_474' title='bbox 2418 2297 2492 2361; x_wconf 85' lang='grc' dir='ltr'>ὡς</span> <span class='ocrx_word' id='word_1_475' title='bbox 2536 2298 2654 2368; x_wconf 80' lang='grc' dir='ltr'><strong>Θεῷ</strong></span> <span class='ocrx_word' id='word_1_476' title='bbox 2688 2298 2766 2368; x_wconf 83' lang='grc' dir='ltr'><strong>τῷ</strong></span> <span class='ocrx_word' id='word_1_477' title='bbox 2812 2299 2877 2351; x_wconf 87' lang='grc' dir='ltr'><strong>ἐκ</strong></span> <span class='ocrx_word' id='word_1_478' title='bbox 2909 2298 3121 2367; x_wconf 84' lang='grc' dir='ltr'>Πατρὸς</span> <span class='ocrx_word' id='word_1_479' title='bbox 3166 2298 3325 2367; x_wconf 75' lang='grc' dir='ltr'>φῦντι</span> <span class='ocrx_word' id='word_1_480' title='bbox 3367 2298 3546 2366; x_wconf 81' lang='grc' dir='ltr'>Λόγῳ,</span> <span class='ocrx_word' id='word_1_481' title='bbox 3583 2296 3651 2348; x_wconf 78' lang='grc' dir='ltr'><strong>τὸ</strong></span> 
     </span>
    </p>
   </div>
   <div class='ocr_carea' id='block_1_67' title="bbox 2076 2386 3649 2458">
    <p class='ocr_par' dir='ltr' id='par_1_67' title="bbox 2076 2386 3649 2458">
     <span class='ocr_line' id='line_1_67' title="bbox 2076 2386 3649 2458; baseline -0.003 -17"><span class='ocrx_word' id='word_1_482' title='bbox 2076 2388 2273 2443; x_wconf 82' lang='grc' dir='ltr'>ἐνωθὲν</span> <span class='ocrx_word' id='word_1_483' title='bbox 2298 2387 2445 2457; x_wconf 82' lang='grc' dir='ltr'>αὐτῷ</span> <span class='ocrx_word' id='word_1_484' title='bbox 2470 2386 2647 2458; x_wconf 83' lang='grc' dir='ltr'>σῶμα,</span> <span class='ocrx_word' id='word_1_485' title='bbox 2678 2387 2769 2440; x_wconf 79' lang='grc' dir='ltr'>καὶ</span> <span class='ocrx_word' id='word_1_486' title='bbox 2802 2388 2862 2453; x_wconf 82' lang='grc' dir='ltr'>ἐξ</span> <span class='ocrx_word' id='word_1_487' title='bbox 2887 2387 3067 2441; x_wconf 82' lang='grc' dir='ltr'>αὐτῶν</span> <span class='ocrx_word' id='word_1_488' title='bbox 3095 2388 3422 2457; x_wconf 78' lang='grc' dir='ltr'>σπαργάνων</span> <span class='ocrx_word' id='word_1_489' title='bbox 3470 2387 3649 2456; x_wconf 75' lang='grc' dir='ltr'>αἴρειν</span> 
     </span>
    </p>
   </div>
   <div class='ocr_carea' id='block_1_68' title="bbox 2074 2478 3651 2550">
    <p class='ocr_par' dir='ltr' id='par_1_68' title="bbox 2074 2478 3651 2550">
     <span class='ocr_line' id='line_1_68' title="bbox 2074 2478 3651 2550; baseline -0.001 -17"><span class='ocrx_word' id='word_1_490' title='bbox 2074 2497 2134 2533; x_wconf 84' lang='grc' dir='ltr'>τε</span> <span class='ocrx_word' id='word_1_491' title='bbox 2159 2479 2316 2548; x_wconf 75' lang='grc' dir='ltr'>ὑψοῦ,</span> <span class='ocrx_word' id='word_1_492' title='bbox 2360 2479 2452 2532; x_wconf 82' lang='grc' dir='ltr'>καὶ</span> <span class='ocrx_word' id='word_1_493' title='bbox 2478 2480 2557 2541; x_wconf 89' lang='grc' dir='ltr'><strong>εἰς</strong></span> <span class='ocrx_word' id='word_1_494' title='bbox 2591 2479 2786 2549; x_wconf 82' lang='grc' dir='ltr'>μέτρον</span> <span class='ocrx_word' id='word_1_495' title='bbox 2812 2479 3029 2550; x_wconf 81' lang='grc' dir='ltr'>ἡλικίας</span> <span class='ocrx_word' id='word_1_496' title='bbox 3060 2482 3159 2549; x_wconf 85' lang='grc' dir='ltr'><strong>τῆς</strong></span> <span class='ocrx_word' id='word_1_497' title='bbox 3187 2480 3387 2549; x_wconf 78' lang='grc' dir='ltr'><strong>ἀρτίως</strong></span> <span class='ocrx_word' id='word_1_498' title='bbox 3414 2478 3651 2549; x_wconf 68' lang='grc' dir='ltr'>ἐχούσης</span> 
     </span>
    </p>
   </div>
   <div class='ocr_carea' id='block_1_69' title="bbox 2076 2571 3651 2643">
    <p class='ocr_par' dir='ltr' id='par_1_69' title="bbox 2076 2571 3651 2643">
     <span class='ocr_line' id='line_1_69' title="bbox 2076 2571 3651 2643; baseline -0.001 -18"><span class='ocrx_word' id='word_1_499' title='bbox 2076 2571 2593 2642; x_wconf 84' lang='grc' dir='ltr'>ἀνενεγκεῖν.Φαίην</span> <span class='ocrx_word' id='word_1_500' title='bbox 2620 2572 2662 2623; x_wconf 85' lang='grc' dir='ltr'>δ’</span> <span class='ocrx_word' id='word_1_501' title='bbox 2695 2571 2775 2624; x_wconf 81' lang='grc' dir='ltr'>ὅτι</span> <span class='ocrx_word' id='word_1_502' title='bbox 2799 2571 2890 2624; x_wconf 72' lang='grc' dir='ltr'>καὶ</span> <span class='ocrx_word' id='word_1_503' title='bbox 2907 2573 2965 2623; x_wconf 93' lang='grc' dir='ltr'><strong>ἐν</strong></span> <span class='ocrx_word' id='word_1_504' title='bbox 2992 2572 3172 2643; x_wconf 80' lang='grc' dir='ltr'>νηπίῳ</span> <span class='ocrx_word' id='word_1_505' title='bbox 3200 2571 3387 2639; x_wconf 76' lang='grc' dir='ltr'>σοφίαν</span> <span class='ocrx_word' id='word_1_506' title='bbox 3412 2572 3651 2641; x_wconf 80' lang='grc' dir='ltr'>ἐκφῆναι</span> 
     </span>
    </p>
   </div>
   <div class='ocr_carea' id='block_1_70' title="bbox 2075 2659 3645 2735">
    <p class='ocr_par' dir='ltr' id='par_1_70' title="bbox 2075 2659 3645 2735">
     <span class='ocr_line' id='line_1_70' title="bbox 2075 2659 3645 2735; baseline -0.001 -18"><span class='ocrx_word' id='word_1_507' title='bbox 2075 2664 2528 2735; x_wconf 82' lang='grc' dir='ltr'>τεθαυμασμένην</span> <span class='ocrx_word' id='word_1_508' title='bbox 2590 2664 2771 2735; x_wconf 71' lang='grc' dir='ltr'>ῥᾴδιόν</span> <span class='ocrx_word' id='word_1_509' title='bbox 2820 2680 2878 2717; x_wconf 88' lang='grc' dir='ltr'><strong>τε</strong></span> <span class='ocrx_word' id='word_1_510' title='bbox 2929 2665 3022 2717; x_wconf 75' lang='grc' dir='ltr'>καὶ</span> <span class='ocrx_word' id='word_1_511' title='bbox 3064 2664 3330 2734; x_wconf 80' lang='grc' dir='ltr'><strong>εὐήλατον</strong></span> <span class='ocrx_word' id='word_1_512' title='bbox 3353 2659 3421 2734; x_wconf 77' lang='grc' dir='ltr'>ἦν</span> <span class='ocrx_word' id='word_1_513' title='bbox 3468 2664 3645 2733; x_wconf 73' lang='grc' dir='ltr'>αὐτῷ’</span> 
     </span>
    </p>
   </div>
   <div class='ocr_carea' id='block_1_71' title="bbox 2078 2750 3653 2825">
    <p class='ocr_par' dir='ltr' id='par_1_71' title="bbox 2078 2750 3653 2825">
     <span class='ocr_line' id='line_1_71' title="bbox 2078 2750 3653 2825; baseline -0.003 -17"><span class='ocrx_word' id='word_1_514' title='bbox 2078 2755 2190 2809; x_wconf 87' lang='grc' dir='ltr'>ἀλλ’</span> <span class='ocrx_word' id='word_1_515' title='bbox 2221 2750 2289 2824; x_wconf 82' lang='grc' dir='ltr'>ἦν</span> <span class='ocrx_word' id='word_1_516' title='bbox 2316 2755 2377 2807; x_wconf 85' lang='grc' dir='ltr'><strong>τὸ</strong></span> <span class='ocrx_word' id='word_1_517' title='bbox 2408 2755 2596 2825; x_wconf 83' lang='grc' dir='ltr'>χρῆμα</span> <span class='ocrx_word' id='word_1_518' title='bbox 2647 2752 3028 2825; x_wconf 81' lang='grc' dir='ltr'>τερατοποιίας</span> <span class='ocrx_word' id='word_1_519' title='bbox 3057 2753 3117 2805; x_wconf 81' lang='grc' dir='ltr'>οὑ</span> <span class='ocrx_word' id='word_1_520' title='bbox 3153 2752 3389 2823; x_wconf 70' lang='grc' dir='ltr'>μακρὰν,</span> <span class='ocrx_word' id='word_1_521' title='bbox 3413 2751 3511 2804; x_wconf 82' lang='grc' dir='ltr'>καὶ</span> <span class='ocrx_word' id='word_1_522' title='bbox 3533 2754 3653 2814; x_wconf 86' lang='grc' dir='ltr'>τοῖς</span> 
     </span>
    </p>
   </div>
   <div class='ocr_carea' id='block_1_72' title="bbox 2076 2843 3656 2915">
    <p class='ocr_par' dir='ltr' id='par_1_72' title="bbox 2076 2843 3656 2915">
     <span class='ocr_line' id='line_1_72' title="bbox 2076 2843 3656 2915; baseline -0.003 -16"><span class='ocrx_word' id='word_1_523' title='bbox 2076 2844 2177 2915; x_wconf 87' lang='grc' dir='ltr'>τῆς</span> <span class='ocrx_word' id='word_1_524' title='bbox 2225 2845 2537 2915; x_wconf 75' lang='grc' dir='ltr'>οἰκονομίας</span> <span class='ocrx_word' id='word_1_525' title='bbox 2580 2844 2759 2912; x_wconf 85' lang='grc' dir='ltr'>λόγοις</span> <span class='ocrx_word' id='word_1_526' title='bbox 2800 2844 3162 2914; x_wconf 75' lang='grc' dir='ltr'>ἀνάρμοστον.</span> <span class='ocrx_word' id='word_1_527' title='bbox 3227 2843 3488 2896; x_wconf 80' lang='grc' dir='ltr'>Ἐτελείτο</span> <span class='ocrx_word' id='word_1_528' title='bbox 3537 2844 3656 2913; x_wconf 73' lang='grc' dir='ltr'>γὰρ</span> 
     </span>
    </p>
   </div>
   <div class='ocr_carea' id='block_1_73' title="bbox 2077 2927 3653 3006">
    <p class='ocr_par' dir='ltr' id='par_1_73' title="bbox 2077 2927 3653 3006">
     <span class='ocr_line' id='line_1_73' title="bbox 2077 2927 3653 3006; baseline -0.003 -16"><span class='ocrx_word' id='word_1_529' title='bbox 2077 2936 2315 3006; x_wconf 73' lang='grc' dir='ltr'>ἀψοφητὶ</span> <span class='ocrx_word' id='word_1_530' title='bbox 2343 2935 2404 2988; x_wconf 87' lang='grc' dir='ltr'>τὺ</span> <span class='ocrx_word' id='word_1_531' title='bbox 2461 2935 2781 3005; x_wconf 79' lang='grc' dir='ltr'>μυστήριον.</span> <span class='ocrx_word' id='word_1_532' title='bbox 2819 2933 2996 3002; x_wconf 84' lang='grc' dir='ltr'>Ἡφίει</span> <span class='ocrx_word' id='word_1_533' title='bbox 3037 2932 3102 3003; x_wconf 85' lang='grc' dir='ltr'>δὴ</span> <span class='ocrx_word' id='word_1_534' title='bbox 3153 2927 3244 2986; x_wconf 82' lang='grc' dir='ltr'><strong>οὗν</strong></span> <span class='ocrx_word' id='word_1_535' title='bbox 3293 2934 3653 3003; x_wconf 73' lang='grc' dir='ltr'>οἰκονομικῶς</span> 
     </span>
    </p>
   </div>
   <div class='ocr_carea' id='block_1_74' title="bbox 2076 3025 3656 3098">
    <p class='ocr_par' dir='ltr' id='par_1_74' title="bbox 2076 3025 3656 3098">
     <span class='ocr_line' id='line_1_74' title="bbox 2076 3025 3656 3098; baseline -0.003 -16"><span class='ocrx_word' id='word_1_536' title='bbox 2076 3031 2190 3093; x_wconf 90' lang='grc' dir='ltr'>τοῖς</span> <span class='ocrx_word' id='word_1_537' title='bbox 2222 3029 2325 3092; x_wconf 83' lang='grc' dir='ltr'><strong>τῆς</strong></span> <span class='ocrx_word' id='word_1_538' title='bbox 2357 3026 2777 3098; x_wconf 85' lang='grc' dir='ltr'>ἀνθρωπότητος</span> <span class='ocrx_word' id='word_1_539' title='bbox 2824 3025 3040 3097; x_wconf 81' lang='grc' dir='ltr'>μέτροις</span> <span class='ocrx_word' id='word_1_540' title='bbox 3089 3025 3175 3093; x_wconf 84' lang='grc' dir='ltr'><strong>ἐφ’</strong></span> <span class='ocrx_word' id='word_1_541' title='bbox 3200 3025 3377 3096; x_wconf 80' lang='grc' dir='ltr'>ἐαυτῷ</span> <span class='ocrx_word' id='word_1_542' title='bbox 3418 3025 3483 3078; x_wconf 81' lang='grc' dir='ltr'>τὺ</span> <span class='ocrx_word' id='word_1_543' title='bbox 3513 3042 3656 3096; x_wconf 81' lang='grc' dir='ltr'>κρα-</span> 
     </span>
    </p>
   </div>
   <div class='ocr_carea' id='block_1_75' title="bbox 2078 3116 3655 3190">
    <p class='ocr_par' dir='ltr' id='par_1_75' title="bbox 2078 3116 3655 3190">
     <span class='ocr_line' id='line_1_75' title="bbox 2078 3116 3655 3190; baseline -0.004 -15"><span class='ocrx_word' id='word_1_544' title='bbox 2078 3124 2208 3176; x_wconf 88' lang='grc' dir='ltr'>τεῖν.</span> <span class='ocrx_word' id='word_1_545' title='bbox 2242 3120 2534 3186; x_wconf 80' lang='grc' dir='ltr'>Τετάξεται</span> <span class='ocrx_word' id='word_1_546' title='bbox 2557 3120 2666 3190; x_wconf 81' lang='grc' dir='ltr'>γὰρ</span> <span class='ocrx_word' id='word_1_547' title='bbox 2716 3119 2775 3172; x_wconf 89' lang='grc' dir='ltr'><strong>ἐν</strong></span> <span class='ocrx_word' id='word_1_548' title='bbox 2823 3117 2987 3189; x_wconf 81' lang='grc' dir='ltr'>μοίρᾳ</span> <span class='ocrx_word' id='word_1_549' title='bbox 3012 3117 3107 3170; x_wconf 73' lang='grc' dir='ltr'>καὶ</span> <span class='ocrx_word' id='word_1_550' title='bbox 3154 3116 3315 3171; x_wconf 87' lang='grc' dir='ltr'>τοῦτο</span> <span class='ocrx_word' id='word_1_551' title='bbox 3362 3116 3463 3187; x_wconf 83' lang='grc' dir='ltr'><strong>τῆς</strong></span> <span class='ocrx_word' id='word_1_552' title='bbox 3511 3118 3655 3187; x_wconf 79' lang='grc' dir='ltr'>πρὸς</span> 
     </span>
    </p>
   </div>
   <div class='ocr_carea' id='block_1_76' title="bbox 2078 3202 3653 3282">
    <p class='ocr_par' dir='ltr' id='par_1_76' title="bbox 2078 3202 3653 3282">
     <span class='ocr_line' id='line_1_76' title="bbox 2078 3202 3653 3282; baseline -0.003 -19"><span class='ocrx_word' id='word_1_553' title='bbox 2078 3212 2226 3282; x_wconf 73' lang='grc' dir='ltr'>ἡμᾶς</span> <span class='ocrx_word' id='word_1_554' title='bbox 2263 3207 2599 3279; x_wconf 84' lang='grc' dir='ltr'>ὁμοιώσεως.</span> <span class='ocrx_word' id='word_1_555' title='bbox 2635 3202 2714 3271; x_wconf 81' lang='grc' dir='ltr'>οἷς</span> <span class='ocrx_word' id='word_1_556' title='bbox 2748 3205 2890 3261; x_wconf 82' lang='grc' dir='ltr'>κατὰ</span> <span class='ocrx_word' id='word_1_557' title='bbox 2924 3207 3099 3278; x_wconf 77' lang='grc' dir='ltr'>βραχὺ</span> <span class='ocrx_word' id='word_1_558' title='bbox 3128 3206 3265 3277; x_wconf 81' lang='grc' dir='ltr'>πρὸς</span> <span class='ocrx_word' id='word_1_559' title='bbox 3292 3206 3355 3260; x_wconf 81' lang='grc' dir='ltr'><strong>τὸ</strong></span> <span class='ocrx_word' id='word_1_560' title='bbox 3402 3207 3592 3276; x_wconf 75' lang='grc' dir='ltr'>μεῖξον</span> <span class='ocrx_word' id='word_1_561' title='bbox 3620 3208 3653 3273; x_wconf 75' lang='grc' dir='ltr'><strong>ἡ</strong></span> 
     </span>
    </p>
   </div>
   <div class='ocr_carea' id='block_1_77' title="bbox 2079 3297 3657 3373">
    <p class='ocr_par' dir='ltr' id='par_1_77' title="bbox 2079 3297 3657 3373">
     <span class='ocr_line' id='line_1_77' title="bbox 2079 3297 3657 3373; baseline -0.004 -17"><span class='ocrx_word' id='word_1_562' title='bbox 2079 3302 2324 3373; x_wconf 79' lang='grc' dir='ltr'>πρόοδος,</span> <span class='ocrx_word' id='word_1_563' title='bbox 2360 3301 2607 3372; x_wconf 74' lang='grc' dir='ltr'>αἴροντος</span> <span class='ocrx_word' id='word_1_564' title='bbox 2652 3301 2794 3371; x_wconf 74' lang='grc' dir='ltr'>ἡμᾶς</span> <span class='ocrx_word' id='word_1_565' title='bbox 2824 3300 3016 3370; x_wconf 80' lang='grc' dir='ltr'>καιροῦ</span> <span class='ocrx_word' id='word_1_566' title='bbox 3086 3298 3222 3368; x_wconf 80' lang='grc' dir='ltr'>πρὸς</span> <span class='ocrx_word' id='word_1_567' title='bbox 3262 3297 3500 3352; x_wconf 76' lang='grc' dir='ltr'>ἐπίδοσιν</span> <span class='ocrx_word' id='word_1_568' title='bbox 3533 3298 3657 3367; x_wconf 81' lang='grc' dir='ltr'>ἡλι-</span> 
     </span>
    </p>
   </div>
   <div class='ocr_carea' id='block_1_78' title="bbox 2081 3387 3659 3462">
    <p class='ocr_par' dir='ltr' id='par_1_78' title="bbox 2081 3387 3659 3462">
     <span class='ocr_line' id='line_1_78' title="bbox 2081 3387 3659 3462; baseline -0.006 -15"><span class='ocrx_word' id='word_1_569' title='bbox 2081 3394 2204 3457; x_wconf 87' lang='grc' dir='ltr'>κίας</span> <span class='ocrx_word' id='word_1_570' title='bbox 2246 3394 2343 3446; x_wconf 69' lang='grc' dir='ltr'>καὶ</span> <span class='ocrx_word' id='word_1_571' title='bbox 2372 3393 2472 3446; x_wconf 80' lang='grc' dir='ltr'><strong>οὐκ</strong></span> <span class='ocrx_word' id='word_1_572' title='bbox 2512 3390 2857 3462; x_wconf 85' lang='grc' dir='ltr'>ἀναρμόστου</span> <span class='ocrx_word' id='word_1_573' title='bbox 2887 3390 3222 3460; x_wconf 85' lang='grc' dir='ltr'>φρονήσεως.</span> <span class='ocrx_word' id='word_1_574' title='bbox 3256 3387 3466 3442; x_wconf 80' lang='grc' dir='ltr'>Οὐκοῦν</span> <span class='ocrx_word' id='word_1_575' title='bbox 3513 3404 3659 3441; x_wconf 76' lang='grc' dir='ltr'>παν-</span> 
     </span>
    </p>
   </div>
   <div class='ocr_carea' id='block_1_79' title="bbox 2077 3478 3663 3554">
    <p class='ocr_par' dir='ltr' id='par_1_79' title="bbox 2077 3478 3663 3554">
     <span class='ocr_line' id='line_1_79' title="bbox 2077 3478 3663 3554; baseline -0.004 -17"><span class='ocrx_word' id='word_1_576' title='bbox 2077 3484 2283 3548; x_wconf 86' lang='grc' dir='ltr'>τέλειος</span> <span class='ocrx_word' id='word_1_577' title='bbox 2316 3484 2437 3554; x_wconf 82' lang='grc' dir='ltr'>μὲν,</span> <span class='ocrx_word' id='word_1_578' title='bbox 2456 3484 2549 3537; x_wconf 77' lang='grc' dir='ltr'>καὶ</span> <span class='ocrx_word' id='word_1_579' title='bbox 2566 3481 2873 3553; x_wconf 78' lang='grc' dir='ltr'>ἀπροσδεὴς</span> <span class='ocrx_word' id='word_1_580' title='bbox 2902 3481 3102 3544; x_wconf 81' lang='grc' dir='ltr'>παντὸς</span> <span class='ocrx_word' id='word_1_581' title='bbox 3122 3479 3363 3545; x_wconf 80' lang='grc' dir='ltr'><strong>ὁτουοῦν,</strong></span> <span class='ocrx_word' id='word_1_582' title='bbox 3398 3480 3495 3533; x_wconf 52' lang='grc' dir='ltr'><strong>καί⁵</strong></span> <span class='ocrx_word' id='word_1_583' title='bbox 3518 3478 3663 3547; x_wconf 84' lang='grc' dir='ltr'>γοῦν</span> 
     </span>
    </p>
   </div>
   <div class='ocr_carea' id='block_1_80' title="bbox 2078 3568 3658 3647">
    <p class='ocr_par' dir='ltr' id='par_1_80' title="bbox 2078 3568 3658 3647">
     <span class='ocr_line' id='line_1_80' title="bbox 2078 3568 3658 3647; baseline -0.004 -18"><span class='ocrx_word' id='word_1_584' title='bbox 2078 3576 2379 3647; x_wconf 83' lang='grc' dir='ltr'>αὐξήσεως,</span> <span class='ocrx_word' id='word_1_585' title='bbox 2409 3575 2486 3639; x_wconf 86' lang='grc' dir='ltr'>ὠς</span> <span class='ocrx_word' id='word_1_586' title='bbox 2508 3574 2659 3640; x_wconf 82' lang='grc' dir='ltr'>Θεὸς,</span> <span class='ocrx_word' id='word_1_587' title='bbox 2690 3576 2720 3628; x_wconf 92' lang='lat'><strong>6</strong></span> <span class='ocrx_word' id='word_1_588' title='bbox 2743 3576 2807 3628; x_wconf 89' lang='grc' dir='ltr'><strong>ἐκ</strong></span> <span class='ocrx_word' id='word_1_589' title='bbox 2824 3572 3037 3644; x_wconf 82' lang='grc' dir='ltr'>Πατρὸς</span> <span class='ocrx_word' id='word_1_590' title='bbox 3056 3571 3246 3639; x_wconf 75' lang='grc' dir='ltr'>Λόγοςο</span> <span class='ocrx_word' id='word_1_591' title='bbox 3269 3568 3568 3625; x_wconf 85' lang='grc' dir='ltr'>οἱκειοῦταί</span> <span class='ocrx_word' id='word_1_592' title='bbox 3590 3586 3658 3637; x_wconf 78' lang='grc' dir='ltr'><strong>γε</strong></span> 
     </span>
    </p>
   </div>
   <div class='ocr_carea' id='block_1_81' title="bbox 2083 3661 3660 3739">
    <p class='ocr_par' dir='ltr' id='par_1_81' title="bbox 2083 3661 3660 3739">
     <span class='ocr_line' id='line_1_81' title="bbox 2083 3661 3660 3739; baseline -0.005 -19"><span class='ocrx_word' id='word_1_593' title='bbox 2083 3668 2189 3739; x_wconf 83' lang='grc' dir='ltr'>μὴν</span> <span class='ocrx_word' id='word_1_594' title='bbox 2223 3666 2292 3721; x_wconf 83' lang='grc' dir='ltr'><strong>τὰ</strong></span> <span class='ocrx_word' id='word_1_595' title='bbox 2319 3665 2495 3736; x_wconf 79' lang='grc' dir='ltr'>ἡμῶν,</span> <span class='ocrx_word' id='word_1_596' title='bbox 2525 3665 2647 3718; x_wconf 86' lang='grc' dir='ltr'>ἐπεί</span> <span class='ocrx_word' id='word_1_597' title='bbox 2690 3681 2773 3718; x_wconf 91' lang='grc' dir='ltr'>τοι</span> <span class='ocrx_word' id='word_1_598' title='bbox 2816 3663 3005 3732; x_wconf 84' lang='grc' dir='ltr'>γέγονε</span> <span class='ocrx_word' id='word_1_599' title='bbox 3038 3661 3159 3717; x_wconf 79' lang='grc' dir='ltr'>καθ’</span> <span class='ocrx_word' id='word_1_600' title='bbox 3195 3662 3364 3733; x_wconf 75' lang='grc' dir='ltr'>ἡμᾶς.</span> <span class='ocrx_word' id='word_1_601' title='bbox 3396 3700 3413 3714; x_wconf 92' lang='grc'><strong>.</strong></span> <span class='ocrx_word' id='word_1_602' title='bbox 3445 3702 3460 3714; x_wconf 91' lang='grc'><strong>.</strong></span> <span class='ocrx_word' id='word_1_603' title='bbox 3492 3661 3660 3728; x_wconf 76' lang='grc' dir='ltr'>ἴσμεν</span> 
     </span>
    </p>
   </div>
   <div class='ocr_carea' id='block_1_82' title="bbox 2077 3752 3659 3825">
    <p class='ocr_par' dir='ltr' id='par_1_82' title="bbox 2077 3752 3659 3825">
     <span class='ocr_line' id='line_1_82' title="bbox 2077 3752 3659 3825; baseline -0.006 -13"><span class='ocrx_word' id='word_1_604' title='bbox 2077 3760 2206 3813; x_wconf 77' lang='grc' dir='ltr'>ὅντα</span> <span class='ocrx_word' id='word_1_605' title='bbox 2238 3757 2401 3811; x_wconf 85' lang='grc' dir='ltr'>αὑτὸν</span> <span class='ocrx_word' id='word_1_606' title='bbox 2442 3756 2537 3809; x_wconf 74' lang='grc' dir='ltr'>καὶ</span> <span class='ocrx_word' id='word_1_607' title='bbox 2565 3755 2738 3819; x_wconf 74' lang='grc' dir='ltr'>οὕτως</span> <span class='ocrx_word' id='word_1_608' title='bbox 2778 3755 2921 3825; x_wconf 80' lang='grc' dir='ltr'>ὑπὲρ</span> <span class='ocrx_word' id='word_1_609' title='bbox 2949 3755 3119 3825; x_wconf 77' lang='grc' dir='ltr'>ἡμᾶς,</span> <span class='ocrx_word' id='word_1_610' title='bbox 3169 3753 3245 3816; x_wconf 81' lang='grc' dir='ltr'><strong>ὡς</strong></span> <span class='ocrx_word' id='word_1_611' title='bbox 3275 3752 3429 3807; x_wconf 87' lang='grc' dir='ltr'><strong>Θεόν.</strong></span> <span class='ocrx_word' id='word_1_612' title='bbox 3465 3752 3659 3822; x_wconf 78' lang='grc' dir='ltr'>Τολμᾷ</span> 
     </span>
    </p>
   </div>
   <div class='ocr_carea' id='block_1_83' title="bbox 2078 3842 3660 3918">
    <p class='ocr_par' dir='ltr' id='par_1_83' title="bbox 2078 3842 3660 3918">
     <span class='ocr_line' id='line_1_83' title="bbox 2078 3842 3660 3918; baseline -0.004 -15"><span class='ocrx_word' id='word_1_613' title='bbox 2078 3849 2210 3918; x_wconf 92' lang='grc' dir='ltr'>γοῦν</span> <span class='ocrx_word' id='word_1_614' title='bbox 2243 3850 2272 3903; x_wconf 92' lang='lat'><strong>6</strong></span> <span class='ocrx_word' id='word_1_615' title='bbox 2302 3847 2533 3911; x_wconf 80' lang='grc' dir='ltr'>Παῦλος,</span> <span class='ocrx_word' id='word_1_616' title='bbox 2564 3846 2766 3918; x_wconf 83' lang='grc' dir='ltr'>καίπερ</span> <span class='ocrx_word' id='word_1_617' title='bbox 2794 3844 2951 3909; x_wconf 84' lang='grc' dir='ltr'>εἰδὼς</span> <span class='ocrx_word' id='word_1_618' title='bbox 3000 3845 3080 3898; x_wconf 88' lang='grc' dir='ltr'>ὄτι</span> <span class='ocrx_word' id='word_1_619' title='bbox 3114 3844 3309 3912; x_wconf 83' lang='grc' dir='ltr'>γέγονε</span> <span class='ocrx_word' id='word_1_620' title='bbox 3342 3842 3499 3912; x_wconf 80' lang='grc' dir='ltr'>σάρξ,</span> <span class='ocrx_word' id='word_1_621' title='bbox 3532 3844 3660 3904; x_wconf 81' lang='grc' dir='ltr'>ταῖς</span> 
     </span>
    </p>
   </div>
   <div class='ocr_carea' id='block_1_84' title="bbox 2078 3933 3659 4010">
    <p class='ocr_par' dir='ltr' id='par_1_84' title="bbox 2078 3933 3659 4010">
     <span class='ocr_line' id='line_1_84' title="bbox 2078 3933 3659 4010; baseline -0.006 -17"><span class='ocrx_word' id='word_1_622' title='bbox 2078 3941 2181 4009; x_wconf 85' lang='grc' dir='ltr'><strong>τῆς</strong></span> <span class='ocrx_word' id='word_1_623' title='bbox 2209 3939 2461 4010; x_wconf 87' lang='grc' dir='ltr'>θεότητος</span> <span class='ocrx_word' id='word_1_624' title='bbox 2500 3938 2795 4008; x_wconf 85' lang='grc' dir='ltr'>ὑπεροχαῖς</span> <span class='ocrx_word' id='word_1_625' title='bbox 2838 3934 3062 4006; x_wconf 77' lang='grc' dir='ltr'>ἐνορῶν,</span> <span class='ocrx_word' id='word_1_626' title='bbox 3097 3934 3208 3988; x_wconf 82' lang='grc' dir='ltr'>ἐσθ’</span> <span class='ocrx_word' id='word_1_627' title='bbox 3255 3935 3365 3997; x_wconf 82' lang='grc' dir='ltr'>ὅτε,</span> <span class='ocrx_word' id='word_1_628' title='bbox 3409 3933 3530 3986; x_wconf 80' lang='grc' dir='ltr'><strong>οὐδὲ</strong></span> <span class='ocrx_word' id='word_1_629' title='bbox 3560 3934 3659 3987; x_wconf 81' lang='grc' dir='ltr'><strong>ἆν-</strong></span> 
     </span>
    </p>
   </div>
   <div class='ocr_carea' id='block_1_85' title="bbox 2082 4023 3659 4103">
    <p class='ocr_par' dir='ltr' id='par_1_85' title="bbox 2082 4023 3659 4103">
     <span class='ocr_line' id='line_1_85' title="bbox 2082 4023 3659 4103; baseline -0.005 -19"><span class='ocrx_word' id='word_1_630' title='bbox 2082 4032 2299 4103; x_wconf 87' lang='grc' dir='ltr'>θρωπον</span> <span class='ocrx_word' id='word_1_631' title='bbox 2331 4030 2493 4084; x_wconf 83' lang='grc' dir='ltr'>αὑτὸν</span> <span class='ocrx_word' id='word_1_632' title='bbox 2520 4023 2660 4083; x_wconf 72' lang='grc' dir='ltr'>εἶναι</span> <span class='ocrx_word' id='word_1_633' title='bbox 2694 4027 2910 4097; x_wconf 75' lang='grc' dir='ltr'>ἐνιαχοῦ</span> <span class='ocrx_word' id='word_1_634' title='bbox 2942 4026 3147 4095; x_wconf 75' lang='grc' dir='ltr'>λέγειν’</span> <span class='ocrx_word' id='word_1_635' title='bbox 3180 4023 3486 4079; x_wconf 84' lang='grc' dir='ltr'>ἐπιστέλλει</span> <span class='ocrx_word' id='word_1_636' title='bbox 3519 4024 3659 4093; x_wconf 79' lang='grc' dir='ltr'>γοῦν</span> 
     </span>
    </p>
   </div>
   <div class='ocr_carea' id='block_1_86' title="bbox 2078 4118 3661 4185">
    <p class='ocr_par' dir='ltr' id='par_1_86' title="bbox 2078 4118 3661 4185">
     <span class='ocr_line' id='line_1_86' title="bbox 2078 4118 3661 4185; baseline -0.006 -8"><span class='ocrx_word' id='word_1_637' title='bbox 2078 4127 2191 4185; x_wconf 81' lang='grc' dir='ltr'>τοῖς</span> <span class='ocrx_word' id='word_1_638' title='bbox 2236 4124 2301 4176; x_wconf 92' lang='grc' dir='ltr'><strong>ἐκ</strong></span> <span class='ocrx_word' id='word_1_639' title='bbox 2328 4122 2617 4183; x_wconf 85' lang='grc' dir='ltr'>Γαλατίας·</span> <span class='ocrx_word' id='word_1_640' title='bbox 2657 4139 2676 4172; x_wconf 74' lang='grc' dir='ltr'><strong>ι</strong></span> <span class='ocrx_word' id='word_1_641' title='bbox 2709 4118 2920 4184; x_wconf 84' lang='grc' dir='ltr'>Παῦλος</span> <span class='ocrx_word' id='word_1_642' title='bbox 2945 4118 3237 4181; x_wconf 87' lang='grc' dir='ltr'>ἀπόστολος</span> <span class='ocrx_word' id='word_1_643' title='bbox 3278 4118 3382 4171; x_wconf 76' lang='grc' dir='ltr'><strong>οὐκ</strong></span> <span class='ocrx_word' id='word_1_644' title='bbox 3427 4118 3521 4171; x_wconf 78' lang='grc' dir='ltr'>ἀπ’</span> <span class='ocrx_word' id='word_1_645' title='bbox 3562 4118 3661 4169; x_wconf 85' lang='grc' dir='ltr'>ἀν-</span> 
     </span>
    </p>
   </div>
   <div class='ocr_carea' id='block_1_87' title="bbox 2081 4206 3664 4287">
    <p class='ocr_par' dir='ltr' id='par_1_87' title="bbox 2081 4206 3664 4287">
     <span class='ocr_line' id='line_1_87' title="bbox 2081 4206 3664 4287; baseline -0.004 -19"><span class='ocrx_word' id='word_1_646' title='bbox 2081 4214 2337 4287; x_wconf 82' lang='grc' dir='ltr'>θρώπων,</span> <span class='ocrx_word' id='word_1_647' title='bbox 2367 4211 2489 4266; x_wconf 78' lang='grc' dir='ltr'><strong>οὐδὲ</strong></span> <span class='ocrx_word' id='word_1_648' title='bbox 2530 4210 2597 4264; x_wconf 80' lang='grc' dir='ltr'><strong>δι’</strong></span> <span class='ocrx_word' id='word_1_649' title='bbox 2647 4209 2959 4281; x_wconf 78' lang='grc' dir='ltr'>ἀνθρώπου,</span> <span class='ocrx_word' id='word_1_650' title='bbox 3003 4208 3138 4263; x_wconf 79' lang='grc' dir='ltr'>ἀλλὰ</span> <span class='ocrx_word' id='word_1_651' title='bbox 3168 4208 3258 4262; x_wconf 82' lang='grc' dir='ltr'>διὰ</span> <span class='ocrx_word' id='word_1_652' title='bbox 3315 4206 3490 4279; x_wconf 85' lang='grc' dir='ltr'>Ἰησοῦ</span> <span class='ocrx_word' id='word_1_653' title='bbox 3518 4208 3664 4279; x_wconf 78' lang='grc' dir='ltr'>Χριο</span> 
     </span>
    </p>
   </div>
   <div class='ocr_carea' id='block_1_88' title="bbox 2082 4300 3665 4375">
    <p class='ocr_par' dir='ltr' id='par_1_88' title="bbox 2082 4300 3665 4375">
     <span class='ocr_line' id='line_1_88' title="bbox 2082 4300 3665 4375; baseline -0.005 -14"><span class='ocrx_word' id='word_1_654' title='bbox 2082 4309 2230 4361; x_wconf 83' lang='grc' dir='ltr'>στοῦ·</span> <span class='ocrx_word' id='word_1_655' title='bbox 2270 4326 2287 4357; x_wconf 75' lang='grc' dir='ltr'><strong>ι</strong></span> <span class='ocrx_word' id='word_1_656' title='bbox 2331 4306 2425 4360; x_wconf 76' lang='grc' dir='ltr'>καὶ</span> <span class='ocrx_word' id='word_1_657' title='bbox 2458 4303 2563 4375; x_wconf 81' lang='grc' dir='ltr'>μὴν</span> <span class='ocrx_word' id='word_1_658' title='bbox 2592 4303 2689 4357; x_wconf 75' lang='grc' dir='ltr'>καὶ</span> <span class='ocrx_word' id='word_1_659' title='bbox 2719 4302 2972 4373; x_wconf 76' lang='grc' dir='ltr'>ἑτέρωθι,</span> <span class='ocrx_word' id='word_1_660' title='bbox 3017 4319 3035 4353; x_wconf 84' lang='grc' dir='ltr'><strong>ι</strong></span> <span class='ocrx_word' id='word_1_661' title='bbox 3065 4300 3318 4372; x_wconf 79' lang='grc' dir='ltr'>Γνωρίζω</span> <span class='ocrx_word' id='word_1_662' title='bbox 3346 4300 3401 4354; x_wconf 85' lang='grc' dir='ltr'>δὲ</span> <span class='ocrx_word' id='word_1_663' title='bbox 3432 4301 3565 4371; x_wconf 84' lang='grc' dir='ltr'>ὑμῖν</span> <span class='ocrx_word' id='word_1_664' title='bbox 3600 4300 3665 4353; x_wconf 72' lang='grc' dir='ltr'><strong>τὸ</strong></span> 
     </span>
    </p>
   </div>
   <div class='ocr_carea' id='block_1_89' title="bbox 404 4391 1975 4465">
    <p class='ocr_par' dir='ltr' id='par_1_89' title="bbox 404 4393 1975 4453">
     <span class='ocr_line' id='line_1_89' title="bbox 404 4393 1975 4453; baseline 0.001 -4"><span class='ocrx_word' id='word_1_665' title='bbox 404 4395 679 4451; x_wconf 88' lang='lat' dir='ltr'><strong>Christum</strong></span> <span class='ocrx_word' id='word_1_666' title='bbox 707 4395 774 4450; x_wconf 81' lang='lat'><strong>&quot;.</strong></span> <span class='ocrx_word' id='word_1_667' title='bbox 811 4412 833 4449; x_wconf 81' lang='grc' dir='ltr'><strong>ι</strong></span> <span class='ocrx_word' id='word_1_668' title='bbox 866 4393 932 4452; x_wconf 86' lang='grc' dir='ltr'><strong>Ει</strong></span> <span class='ocrx_word' id='word_1_669' title='bbox 954 4393 1082 4448; x_wconf 91' lang='lat' dir='ltr'><strong>alibi</strong></span> <span class='ocrx_word' id='word_1_670' title='bbox 1112 4413 1126 4453; x_wconf 84' lang='lat'><strong>:</strong></span> <span class='ocrx_word' id='word_1_671' title='bbox 1167 4413 1185 4446; x_wconf 79' lang='grc' dir='ltr'><strong>ι</strong></span> <span class='ocrx_word' id='word_1_672' title='bbox 1219 4393 1413 4449; x_wconf 91' lang='lat' dir='ltr'><strong>Notum</strong></span> <span class='ocrx_word' id='word_1_673' title='bbox 1447 4396 1595 4451; x_wconf 77' lang='lat' dir='ltr'><strong>enim</strong></span> <span class='ocrx_word' id='word_1_674' title='bbox 1640 4395 1796 4452; x_wconf 91' lang='lat' dir='ltr'><strong>vobis</strong></span> <span class='ocrx_word' id='word_1_675' title='bbox 1838 4396 1975 4451; x_wconf 89' lang='lat' dir='ltr'><strong>facio</strong></span> 
     </span>
    </p>
   </div>
   <div class='ocr_carea' id='block_1_90' title="bbox 2082 4391 3666 4465">
    <p class='ocr_par' dir='ltr' id='par_1_90' title="bbox 2082 4391 3666 4465">
     <span class='ocr_line' id='line_1_90' title="bbox 2082 4391 3666 4465; baseline -0.005 -14"><span class='ocrx_word' id='word_1_676' title='bbox 2082 4396 2414 4465; x_wconf 78' lang='grc' dir='ltr'>Εὐαγγέλιον</span> <span class='ocrx_word' id='word_1_677' title='bbox 2437 4395 2499 4448; x_wconf 84' lang='grc' dir='ltr'><strong>τὸ</strong></span> <span class='ocrx_word' id='word_1_678' title='bbox 2543 4393 2927 4462; x_wconf 78' lang='grc' dir='ltr'>εὐαγγελισθὲν</span> <span class='ocrx_word' id='word_1_679' title='bbox 2951 4393 3041 4447; x_wconf 82' lang='grc' dir='ltr'><strong>ὑπ’</strong></span> <span class='ocrx_word' id='word_1_680' title='bbox 3082 4393 3240 4463; x_wconf 83' lang='grc' dir='ltr'>ἐμοῦ,</span> <span class='ocrx_word' id='word_1_681' title='bbox 3274 4393 3355 4446; x_wconf 80' lang='grc' dir='ltr'><strong>ὅτι</strong></span> <span class='ocrx_word' id='word_1_682' title='bbox 3393 4392 3496 4445; x_wconf 79' lang='grc' dir='ltr'><strong>οὐκ</strong></span> <span class='ocrx_word' id='word_1_683' title='bbox 3542 4391 3666 4444; x_wconf 79' lang='grc' dir='ltr'>ἐστι</span> 
     </span>
    </p>
   </div>
   <div class='ocr_carea' id='block_1_91' title="bbox 408 4481 1975 4575">
    <p class='ocr_par' dir='ltr' id='par_1_91' title="bbox 408 4485 1975 4558">
     <span class='ocr_line' id='line_1_91' title="bbox 408 4485 1975 4558; baseline -0.002 -15"><span class='ocrx_word' id='word_1_684' title='bbox 408 4486 753 4558; x_wconf 85' lang='lat' dir='ltr'><strong>Evangelium</strong></span> <span class='ocrx_word' id='word_1_685' title='bbox 781 4487 923 4557; x_wconf 91' lang='lat' dir='ltr'><strong>quod</strong></span> <span class='ocrx_word' id='word_1_686' title='bbox 953 4485 1378 4556; x_wconf 81' lang='lat' dir='ltr'><strong>evangelizatnm</strong></span> <span class='ocrx_word' id='word_1_687' title='bbox 1404 4496 1488 4541; x_wconf 89' lang='lat' dir='ltr'><strong>est</strong></span> <span class='ocrx_word' id='word_1_688' title='bbox 1511 4502 1539 4540; x_wconf 95' lang='lat' dir='ltr'><strong>a</strong></span> <span class='ocrx_word' id='word_1_689' title='bbox 1575 4501 1684 4549; x_wconf 89' lang='lat' dir='ltr'><strong>me,</strong></span> <span class='ocrx_word' id='word_1_690' title='bbox 1717 4487 1842 4557; x_wconf 87' lang='lat' dir='ltr'><strong>quia</strong></span> <span class='ocrx_word' id='word_1_691' title='bbox 1872 4501 1975 4540; x_wconf 91' lang='lat' dir='ltr'><strong>non</strong></span> 
     </span>
    </p>
   </div>
   <div class='ocr_carea' id='block_1_92' title="bbox 2082 4481 3665 4575">
    <p class='ocr_par' dir='ltr' id='par_1_92' title="bbox 2085 4481 3665 4557">
     <span class='ocr_line' id='line_1_92' title="bbox 2085 4481 3665 4557; baseline -0.004 -16"><span class='ocrx_word' id='word_1_692' title='bbox 2085 4489 2225 4541; x_wconf 88' lang='grc' dir='ltr'><strong>κατά</strong></span> <span class='ocrx_word' id='word_1_693' title='bbox 2258 4485 2560 4557; x_wconf 78' lang='grc' dir='ltr'>ἄνθρωπον.</span> <span class='ocrx_word' id='word_1_694' title='bbox 2586 4486 2721 4539; x_wconf 79' lang='grc' dir='ltr'><strong>Οὐδὲ</strong></span> <span class='ocrx_word' id='word_1_695' title='bbox 2754 4484 2860 4555; x_wconf 84' lang='grc' dir='ltr'><strong>γάρ</strong></span> <span class='ocrx_word' id='word_1_696' title='bbox 2885 4483 2995 4553; x_wconf 86' lang='grc' dir='ltr'>ἐγὼ</span> <span class='ocrx_word' id='word_1_697' title='bbox 3024 4485 3175 4553; x_wconf 87' lang='grc' dir='ltr'><strong>παρά</strong></span> <span class='ocrx_word' id='word_1_698' title='bbox 3202 4481 3488 4553; x_wconf 81' lang='grc' dir='ltr'>ἀνθρώπου</span> <span class='ocrx_word' id='word_1_699' title='bbox 3514 4499 3665 4553; x_wconf 81' lang='grc' dir='ltr'>παρ·</span> 
     </span>
    </p>
   </div>
   <div class='ocr_carea' id='block_1_93' title="bbox 405 4575 1975 4649">
    <p class='ocr_par' dir='ltr' id='par_1_93' title="bbox 405 4576 1975 4647">
     <span class='ocr_line' id='line_1_93' title="bbox 405 4576 1975 4647; baseline 0.001 -15"><span class='ocrx_word' id='word_1_700' title='bbox 405 4590 491 4635; x_wconf 87' lang='lat' dir='ltr'><strong>est</strong></span> <span class='ocrx_word' id='word_1_701' title='bbox 540 4579 837 4635; x_wconf 85' lang='lat' dir='ltr'><strong>secundum</strong></span> <span class='ocrx_word' id='word_1_702' title='bbox 885 4577 1185 4633; x_wconf 90' lang='lat' dir='ltr'><strong>hominem.</strong></span> <span class='ocrx_word' id='word_1_703' title='bbox 1218 4576 1405 4647; x_wconf 85' lang='lat' dir='ltr'><strong>Neque</strong></span> <span class='ocrx_word' id='word_1_704' title='bbox 1445 4578 1592 4634; x_wconf 91' lang='lat' dir='ltr'><strong>enim</strong></span> <span class='ocrx_word' id='word_1_705' title='bbox 1644 4580 1713 4633; x_wconf 89' lang='lat' dir='ltr'><strong>ab</strong></span> <span class='ocrx_word' id='word_1_706' title='bbox 1764 4579 1975 4634; x_wconf 86' lang='lat' dir='ltr'><strong>homine</strong></span> 
     </span>
    </p>
   </div>
   <div class='ocr_carea' id='block_1_94' title="bbox 2082 4575 3666 4649">
    <p class='ocr_par' dir='ltr' id='par_1_94' title="bbox 2084 4575 3666 4649">
     <span class='ocr_line' id='line_1_94' title="bbox 2084 4575 3666 4649; baseline -0.003 -16"><span class='ocrx_word' id='word_1_707' title='bbox 2084 4579 2279 4633; x_wconf 78' lang='grc' dir='ltr'>ἐλαὸον</span> <span class='ocrx_word' id='word_1_708' title='bbox 2312 4579 2466 4642; x_wconf 81' lang='grc' dir='ltr'>αὐτὸ,</span> <span class='ocrx_word' id='word_1_709' title='bbox 2496 4578 2617 4632; x_wconf 75' lang='grc' dir='ltr'>οὐδὲ</span> <span class='ocrx_word' id='word_1_710' title='bbox 2652 4577 2953 4649; x_wconf 77' lang='grc' dir='ltr'>ἐδιδάχθην,</span> <span class='ocrx_word' id='word_1_711' title='bbox 2984 4577 3123 4632; x_wconf 83' lang='grc' dir='ltr'><strong>ἀλλά</strong></span> <span class='ocrx_word' id='word_1_712' title='bbox 3154 4577 3219 4630; x_wconf 86' lang='grc' dir='ltr'><strong>δι’</strong></span> <span class='ocrx_word' id='word_1_713' title='bbox 3260 4575 3666 4646; x_wconf 54' lang='grc' dir='ltr'>ἁποκαλύῷεως</span> 
     </span>
    </p>
   </div>
   <div class='ocr_carea' id='block_1_95' title="bbox 408 4669 1980 4742">
    <p class='ocr_par' dir='ltr' id='par_1_95' title="bbox 408 4669 1980 4742">
     <span class='ocr_line' id='line_1_95' title="bbox 408 4669 1980 4742; baseline 0.003 -19"><span class='ocrx_word' id='word_1_714' title='bbox 408 4672 592 4741; x_wconf 86' lang='lat' dir='ltr'><strong>accepi</strong></span> <span class='ocrx_word' id='word_1_715' title='bbox 654 4670 807 4737; x_wconf 86' lang='lat' dir='ltr'><strong>illud,</strong></span> <span class='ocrx_word' id='word_1_716' title='bbox 867 4686 1047 4742; x_wconf 89' lang='lat' dir='ltr'><strong>neque</strong></span> <span class='ocrx_word' id='word_1_717' title='bbox 1094 4669 1278 4737; x_wconf 90' lang='lat' dir='ltr'><strong>didici,</strong></span> <span class='ocrx_word' id='word_1_718' title='bbox 1313 4671 1406 4727; x_wconf 89' lang='lat' dir='ltr'><strong>sed</strong></span> <span class='ocrx_word' id='word_1_719' title='bbox 1456 4686 1554 4742; x_wconf 91' lang='lat' dir='ltr'><strong>per</strong></span> <span class='ocrx_word' id='word_1_720' title='bbox 1598 4671 1980 4727; x_wconf 86' lang='lat' dir='ltr'><strong>revelationem</strong></span> 
     </span>
    </p>
   </div>
   <div class='ocr_carea' id='block_1_96' title="bbox 404 4759 917 4822">
    <p class='ocr_par' dir='ltr' id='par_1_96' title="bbox 404 4759 917 4822">
     <span class='ocr_line' id='line_1_96' title="bbox 404 4759 917 4822; baseline -0.012 -2"><span class='ocrx_word' id='word_1_721' title='bbox 404 4759 530 4820; x_wconf 78' lang='lat' dir='ltr'><strong>Jesu</strong></span> <span class='ocrx_word' id='word_1_722' title='bbox 560 4760 762 4822; x_wconf 86' lang='lat' dir='ltr'><strong>Christi</strong></span> <span class='ocrx_word' id='word_1_723' title='bbox 795 4764 865 4817; x_wconf 84' lang='lat'><strong>&quot;.</strong></span> <span class='ocrx_word' id='word_1_724' title='bbox 898 4780 917 4814; x_wconf 74' lang='grc' dir='ltr'><strong>ι</strong></span> 
     </span>
    </p>
   </div>
   <div class='ocr_carea' id='block_1_97' title="bbox 479 4852 1982 4924">
    <p class='ocr_par' dir='ltr' id='par_1_97' title="bbox 479 4852 1982 4924">
     <span class='ocr_line' id='line_1_97' title="bbox 479 4852 1982 4924; baseline -0.003 -14"><span class='ocrx_word' id='word_1_725' title='bbox 479 4853 542 4910; x_wconf 87' lang='grc' dir='ltr'><strong>Β.</strong></span> <span class='ocrx_word' id='word_1_726' title='bbox 598 4852 991 4911; x_wconf 75' lang='lat' dir='ltr'><strong>Ascribendum</strong></span> <span class='ocrx_word' id='word_1_727' title='bbox 1048 4852 1231 4924; x_wconf 89' lang='lat' dir='ltr'><strong>itaque</strong></span> <span class='ocrx_word' id='word_1_728' title='bbox 1286 4853 1333 4908; x_wconf 90' lang='lat' dir='ltr'><strong>ei</strong></span> <span class='ocrx_word' id='word_1_729' title='bbox 1397 4860 1502 4915; x_wconf 88' lang='lat' dir='ltr'><strong>est,</strong></span> <span class='ocrx_word' id='word_1_730' title='bbox 1554 4852 1697 4923; x_wconf 89' lang='lat' dir='ltr'><strong>quod</strong></span> <span class='ocrx_word' id='word_1_731' title='bbox 1770 4853 1982 4907; x_wconf 83' lang='lat' dir='ltr'><strong>dicatur</strong></span> 
     </span>
    </p>
   </div>
   <div class='ocr_carea' id='block_1_98' title="bbox 408 4944 1983 5015">
    <p class='ocr_par' dir='ltr' id='par_1_98' title="bbox 408 4944 1983 5015">
     <span class='ocr_line' id='line_1_98' title="bbox 408 4944 1983 5015; baseline -0.001 -14"><span class='ocrx_word' id='word_1_732' title='bbox 408 4947 669 5014; x_wconf 84' lang='lat' dir='ltr'><strong>prolicere</strong></span> <span class='ocrx_word' id='word_1_733' title='bbox 736 4955 893 5001; x_wconf 67' lang='lat' dir='ltr'><strong>aetate</strong></span> <span class='ocrx_word' id='word_1_734' title='bbox 960 4954 1017 5001; x_wconf 91' lang='lat' dir='ltr'><strong>ct</strong></span> <span class='ocrx_word' id='word_1_735' title='bbox 1077 4944 1362 5015; x_wconf 85' lang='lat' dir='ltr'><strong>sapientia.</strong></span> <span class='ocrx_word' id='word_1_736' title='bbox 1420 4944 1871 5014; x_wconf 86' lang='lat' dir='ltr'><strong>quemadmodum</strong></span> <span class='ocrx_word' id='word_1_737' title='bbox 1926 4953 1983 5000; x_wconf 90' lang='lat' dir='ltr'><strong>et</strong></span> 
     </span>
    </p>
   </div>
   <div class='ocr_carea' id='block_1_99' title="bbox 408 5035 1978 5107">
    <p class='ocr_par' dir='ltr' id='par_1_99' title="bbox 408 5035 1978 5107">
     <span class='ocr_line' id='line_1_99' title="bbox 408 5035 1978 5107; baseline 0 -16"><span class='ocrx_word' id='word_1_738' title='bbox 408 5039 615 5095; x_wconf 76' lang='lat' dir='ltr'><strong>esurire</strong></span> <span class='ocrx_word' id='word_1_739' title='bbox 642 5046 698 5093; x_wconf 91' lang='lat' dir='ltr'><strong>et</strong></span> <span class='ocrx_word' id='word_1_740' title='bbox 717 5036 1026 5107; x_wconf 85' lang='lat' dir='ltr'><strong>defatigari,</strong></span> <span class='ocrx_word' id='word_1_741' title='bbox 1050 5036 1260 5106; x_wconf 87' lang='lat' dir='ltr'><strong>aliaque</strong></span> <span class='ocrx_word' id='word_1_742' title='bbox 1288 5036 1373 5089; x_wconf 85' lang='lat' dir='ltr'><strong>his</strong></span> <span class='ocrx_word' id='word_1_743' title='bbox 1417 5035 1636 5090; x_wconf 90' lang='lat' dir='ltr'><strong>similia.</strong></span> <span class='ocrx_word' id='word_1_744' title='bbox 1674 5035 1978 5102; x_wconf 87' lang='lat' dir='ltr'><strong>Quinetiam</strong></span> 
     </span>
    </p>
   </div>
   <div class='ocr_carea' id='block_1_100' title="bbox 410 5126 1977 5201">
    <p class='ocr_par' dir='ltr' id='par_1_100' title="bbox 410 5126 1977 5201">
     <span class='ocr_line' id='line_1_100' title="bbox 410 5126 1977 5201; baseline -0.002 -15"><span class='ocrx_word' id='word_1_745' title='bbox 410 5132 452 5186; x_wconf 72' lang='lat' dir='ltr'><strong>si</strong></span> <span class='ocrx_word' id='word_1_746' title='bbox 487 5132 699 5187; x_wconf 89' lang='lat' dir='ltr'><strong>dicatur</strong></span> <span class='ocrx_word' id='word_1_747' title='bbox 727 5146 922 5201; x_wconf 86' lang='lat' dir='ltr'><strong>passus</strong></span> <span class='ocrx_word' id='word_1_748' title='bbox 967 5144 1109 5192; x_wconf 90' lang='lat' dir='ltr'><strong>esse,</strong></span> <span class='ocrx_word' id='word_1_749' title='bbox 1157 5139 1211 5183; x_wconf 92' lang='lat' dir='ltr'><strong>et</strong></span> <span class='ocrx_word' id='word_1_750' title='bbox 1250 5127 1552 5183; x_wconf 84' lang='lat' dir='ltr'><strong>vivificatus</strong></span> <span class='ocrx_word' id='word_1_751' title='bbox 1584 5143 1709 5184; x_wconf 89' lang='lat' dir='ltr'><strong>esse</strong></span> <span class='ocrx_word' id='word_1_752' title='bbox 1742 5145 1771 5183; x_wconf 88' lang='lat' dir='ltr'><strong>a</strong></span> <span class='ocrx_word' id='word_1_753' title='bbox 1797 5126 1977 5196; x_wconf 87' lang='lat' dir='ltr'><strong>Patre,</strong></span> 
     </span>
    </p>
   </div>
   <div class='ocr_carea' id='block_1_101' title="bbox 410 5224 1248 5297">
    <p class='ocr_par' dir='ltr' id='par_1_101' title="bbox 410 5224 1248 5297">
     <span class='ocr_line' id='line_1_101' title="bbox 410 5224 1248 5297; baseline -0.005 -17"><span class='ocrx_word' id='word_1_754' title='bbox 410 5226 509 5296; x_wconf 86' lang='lat' dir='ltr'><strong>ipsi</strong></span> <span class='ocrx_word' id='word_1_755' title='bbox 534 5240 747 5297; x_wconf 90' lang='lat' dir='ltr'><strong>quoque</strong></span> <span class='ocrx_word' id='word_1_756' title='bbox 777 5226 891 5280; x_wconf 65' lang='lat' dir='ltr'><strong>haec</strong></span> <span class='ocrx_word' id='word_1_757' title='bbox 932 5224 1248 5279; x_wconf 90' lang='lat' dir='ltr'><strong>tribuemus.</strong></span> 
     </span>
    </p>
   </div>
   <div class='ocr_carea' id='block_1_102' title="bbox 480 5395 1976 5471">
    <p class='ocr_par' dir='ltr' id='par_1_102' title="bbox 480 5395 1976 5471">
     <span class='ocr_line' id='line_1_102' title="bbox 480 5395 1976 5471; baseline -0.008 -12"><span class='ocrx_word' id='word_1_758' title='bbox 480 5398 635 5471; x_wconf 80' lang='lat'><strong>761</strong></span> <span class='ocrx_word' id='word_1_759' title='bbox 662 5398 729 5455; x_wconf 78' lang='grc' dir='ltr'><strong>Α.</strong></span> <span class='ocrx_word' id='word_1_760' title='bbox 751 5398 921 5468; x_wconf 88' lang='lat' dir='ltr'><strong>Ipsius</strong></span> <span class='ocrx_word' id='word_1_761' title='bbox 934 5398 1073 5452; x_wconf 91' lang='lat' dir='ltr'><strong>enim</strong></span> <span class='ocrx_word' id='word_1_762' title='bbox 1094 5413 1215 5454; x_wconf 86' lang='lat' dir='ltr'><strong>esse</strong></span> <span class='ocrx_word' id='word_1_763' title='bbox 1240 5398 1466 5453; x_wconf 89' lang='lat' dir='ltr'><strong>dicimus</strong></span> <span class='ocrx_word' id='word_1_764' title='bbox 1486 5406 1754 5467; x_wconf 84' lang='lat' dir='ltr'><strong>quatenus</strong></span> <span class='ocrx_word' id='word_1_765' title='bbox 1776 5410 1870 5466; x_wconf 87' lang='lat' dir='ltr'><strong>per</strong></span> <span class='ocrx_word' id='word_1_766' title='bbox 1894 5395 1976 5448; x_wconf 86' lang='lat' dir='ltr'><strong>in-</strong></span> 
     </span>
    </p>
   </div>
   <div class='ocr_carea' id='block_1_103' title="bbox 410 5490 1979 5559">
    <p class='ocr_par' dir='ltr' id='par_1_103' title="bbox 410 5490 1979 5559">
     <span class='ocr_line' id='line_1_103' title="bbox 410 5490 1979 5559; baseline -0.002 -14"><span class='ocrx_word' id='word_1_767' title='bbox 410 5491 778 5545; x_wconf 88' lang='lat' dir='ltr'><strong>carnationem</strong></span> <span class='ocrx_word' id='word_1_768' title='bbox 803 5491 1017 5559; x_wconf 91' lang='lat' dir='ltr'><strong>propria</strong></span> <span class='ocrx_word' id='word_1_769' title='bbox 1035 5490 1137 5546; x_wconf 88' lang='lat' dir='ltr'><strong>sibi</strong></span> <span class='ocrx_word' id='word_1_770' title='bbox 1161 5492 1247 5546; x_wconf 92' lang='lat' dir='ltr'><strong>illa</strong></span> <span class='ocrx_word' id='word_1_771' title='bbox 1270 5490 1421 5553; x_wconf 87' lang='lat' dir='ltr'><strong>fecit,</strong></span> <span class='ocrx_word' id='word_1_772' title='bbox 1452 5496 1507 5544; x_wconf 82' lang='lat' dir='ltr'><strong>et</strong></span> <span class='ocrx_word' id='word_1_773' title='bbox 1536 5503 1640 5543; x_wconf 89' lang='lat' dir='ltr'><strong>una</strong></span> <span class='ocrx_word' id='word_1_774' title='bbox 1660 5503 1784 5543; x_wconf 90' lang='lat' dir='ltr'><strong>cum</strong></span> <span class='ocrx_word' id='word_1_775' title='bbox 1815 5501 1979 5542; x_wconf 87' lang='lat' dir='ltr'><strong>carne</strong></span> 
     </span>
    </p>
   </div>
   <div class='ocr_carea' id='block_1_104' title="bbox 411 5576 1975 5650">
    <p class='ocr_par' dir='ltr' id='par_1_104' title="bbox 411 5576 1975 5650">
     <span class='ocr_line' id='line_1_104' title="bbox 411 5576 1975 5650; baseline -0.001 -18"><span class='ocrx_word' id='word_1_776' title='bbox 411 5580 569 5633; x_wconf 79' lang='lat' dir='ltr'><strong>etiam</strong></span> <span class='ocrx_word' id='word_1_777' title='bbox 603 5580 781 5635; x_wconf 88' lang='lat' dir='ltr'><strong>carnis</strong></span> <span class='ocrx_word' id='word_1_778' title='bbox 812 5578 1169 5649; x_wconf 88' lang='lat' dir='ltr'><strong>proprietates</strong></span> <span class='ocrx_word' id='word_1_779' title='bbox 1192 5578 1516 5650; x_wconf 87' lang='lat' dir='ltr'><strong>assumpsit;</strong></span> <span class='ocrx_word' id='word_1_780' title='bbox 1565 5576 1829 5647; x_wconf 87' lang='lat' dir='ltr'><strong>siquidem</strong></span> <span class='ocrx_word' id='word_1_781' title='bbox 1870 5591 1975 5631; x_wconf 90' lang='lat' dir='ltr'><strong>non</strong></span> 
     </span>
    </p>
   </div>
   <div class='ocr_carea' id='block_1_105' title="bbox 2094 4669 2628 4743">
    <p class='ocr_par' dir='ltr' id='par_1_105' title="bbox 2094 4669 2628 4743">
     <span class='ocr_line' id='line_1_105' title="bbox 2094 4669 2628 4743; baseline -0.004 -18"><span class='ocrx_word' id='word_1_782' title='bbox 2094 4670 2273 4743; x_wconf 86' lang='grc' dir='ltr'>Ἰησοῦ</span> <span class='ocrx_word' id='word_1_783' title='bbox 2306 4669 2565 4742; x_wconf 82' lang='grc' dir='ltr'>Χριστοῦ.</span> <span class='ocrx_word' id='word_1_784' title='bbox 2607 4689 2628 4723; x_wconf 83' lang='grc'>›</span> 
     </span>
    </p>
   </div>
   <div class='ocr_carea' id='block_1_106' title="bbox 2154 4839 3665 4919">
    <p class='ocr_par' dir='ltr' id='par_1_106' title="bbox 2154 4839 3665 4919">
     <span class='ocr_line' id='line_1_106' title="bbox 2154 4839 3665 4919; baseline -0.003 -18"><span class='ocrx_word' id='word_1_785' title='bbox 2154 4847 2213 4903; x_wconf 86' lang='grc' dir='ltr'><strong>Β.</strong></span> <span class='ocrx_word' id='word_1_786' title='bbox 2260 4846 2665 4919; x_wconf 83' lang='grc' dir='ltr'>Ἐφαρμοστέον</span> <span class='ocrx_word' id='word_1_787' title='bbox 2709 4839 2802 4901; x_wconf 80' lang='grc' dir='ltr'><strong>οὖν</strong></span> <span class='ocrx_word' id='word_1_788' title='bbox 2849 4847 2955 4918; x_wconf 81' lang='grc' dir='ltr'><strong>ἀρα</strong></span> <span class='ocrx_word' id='word_1_789' title='bbox 2998 4844 3146 4916; x_wconf 75' lang='grc' dir='ltr'>αὐτῷ</span> <span class='ocrx_word' id='word_1_790' title='bbox 3178 4844 3270 4905; x_wconf 73' lang='grc' dir='ltr'>καὶ</span> <span class='ocrx_word' id='word_1_791' title='bbox 3316 4843 3377 4896; x_wconf 78' lang='grc' dir='ltr'><strong>τὸ</strong></span> <span class='ocrx_word' id='word_1_792' title='bbox 3400 4842 3665 4911; x_wconf 79' lang='grc' dir='ltr'>λέγεσθαι</span> 
     </span>
    </p>
   </div>
   <div class='ocr_carea' id='block_1_107' title="bbox 2087 4936 3663 5012">
    <p class='ocr_par' dir='ltr' id='par_1_107' title="bbox 2087 4936 3663 5012">
     <span class='ocr_line' id='line_1_107' title="bbox 2087 4936 3663 5012; baseline -0.004 -18"><span class='ocrx_word' id='word_1_793' title='bbox 2087 4940 2418 5012; x_wconf 88' lang='grc' dir='ltr'>προκόπτειν</span> <span class='ocrx_word' id='word_1_794' title='bbox 2462 4938 2624 5009; x_wconf 68' lang='grc' dir='ltr'>σοφίᾳ</span> <span class='ocrx_word' id='word_1_795' title='bbox 2662 4938 2755 4991; x_wconf 78' lang='grc' dir='ltr'>καὶ</span> <span class='ocrx_word' id='word_1_796' title='bbox 2794 4939 2979 5009; x_wconf 79' lang='grc' dir='ltr'>ἡλικίᾳ</span> <span class='ocrx_word' id='word_1_797' title='bbox 3025 4938 3117 4991; x_wconf 76' lang='grc' dir='ltr'><strong>καὶ</strong></span> <span class='ocrx_word' id='word_1_798' title='bbox 3156 4938 3360 5007; x_wconf 80' lang='grc' dir='ltr'>χάριτι,</span> <span class='ocrx_word' id='word_1_799' title='bbox 3404 4936 3663 5006; x_wconf 71' lang='grc' dir='ltr'>καθάπερ</span> 
     </span>
    </p>
   </div>
   <div class='ocr_carea' id='block_1_108' title="bbox 2086 5028 3662 5102">
    <p class='ocr_par' dir='ltr' id='par_1_108' title="bbox 2086 5028 3662 5102">
     <span class='ocr_line' id='line_1_108' title="bbox 2086 5028 3662 5102; baseline -0.004 -17"><span class='ocrx_word' id='word_1_800' title='bbox 2086 5031 2278 5102; x_wconf 78' lang='grc' dir='ltr'>ἀμέλει</span> <span class='ocrx_word' id='word_1_801' title='bbox 2303 5029 2398 5083; x_wconf 77' lang='grc' dir='ltr'>καὶ</span> <span class='ocrx_word' id='word_1_802' title='bbox 2420 5028 2483 5082; x_wconf 86' lang='grc' dir='ltr'><strong>τό</strong></span> <span class='ocrx_word' id='word_1_803' title='bbox 2523 5031 2715 5100; x_wconf 81' lang='grc' dir='ltr'>πεινῇν</span> <span class='ocrx_word' id='word_1_804' title='bbox 2748 5029 2842 5081; x_wconf 72' lang='grc' dir='ltr'><strong>καὶ</strong></span> <span class='ocrx_word' id='word_1_805' title='bbox 2873 5028 3059 5099; x_wconf 82' lang='grc' dir='ltr'>μέντοι</span> <span class='ocrx_word' id='word_1_806' title='bbox 3090 5030 3184 5082; x_wconf 69' lang='grc' dir='ltr'>καὶ</span> <span class='ocrx_word' id='word_1_807' title='bbox 3219 5029 3440 5098; x_wconf 82' lang='grc' dir='ltr'>κοπιᾷν,</span> <span class='ocrx_word' id='word_1_808' title='bbox 3471 5030 3569 5081; x_wconf 76' lang='grc' dir='ltr'><strong>καὶ</strong></span> <span class='ocrx_word' id='word_1_809' title='bbox 3597 5029 3662 5079; x_wconf 62' lang='grc' dir='ltr'>τὰ</span> 
     </span>
    </p>
   </div>
   <div class='ocr_carea' id='block_1_109' title="bbox 2086 5121 3662 5192">
    <p class='ocr_par' dir='ltr' id='par_1_109' title="bbox 2086 5121 3662 5192">
     <span class='ocr_line' id='line_1_109' title="bbox 2086 5121 3662 5192; baseline -0.003 -14"><span class='ocrx_word' id='word_1_810' title='bbox 2086 5123 2297 5185; x_wconf 80' lang='grc' dir='ltr'>τούτοις</span> <span class='ocrx_word' id='word_1_811' title='bbox 2328 5122 2562 5176; x_wconf 86' lang='grc' dir='ltr'>ἐοικότα.</span> <span class='ocrx_word' id='word_1_812' title='bbox 2585 5122 2693 5175; x_wconf 74' lang='grc' dir='ltr'><strong>Καὶ</strong></span> <span class='ocrx_word' id='word_1_813' title='bbox 2716 5124 2855 5192; x_wconf 85' lang='grc' dir='ltr'>τάχα</span> <span class='ocrx_word' id='word_1_814' title='bbox 2874 5139 3000 5189; x_wconf 85' lang='grc' dir='ltr'>που,</span> <span class='ocrx_word' id='word_1_815' title='bbox 3023 5122 3126 5175; x_wconf 78' lang='grc' dir='ltr'>κᾶν</span> <span class='ocrx_word' id='word_1_816' title='bbox 3152 5123 3199 5175; x_wconf 83' lang='grc' dir='ltr'><strong>εί</strong></span> <span class='ocrx_word' id='word_1_817' title='bbox 3228 5121 3439 5189; x_wconf 81' lang='grc' dir='ltr'>λέγοιτο</span> <span class='ocrx_word' id='word_1_818' title='bbox 3464 5122 3662 5175; x_wconf 55' lang='grc' dir='ltr'>παθεῖν</span> 
     </span>
    </p>
   </div>
   <div class='ocr_carea' id='block_1_110' title="bbox 2086 5212 3658 5286">
    <p class='ocr_par' dir='ltr' id='par_1_110' title="bbox 2086 5212 3658 5286">
     <span class='ocr_line' id='line_1_110' title="bbox 2086 5212 3658 5286; baseline 0.001 -19"><span class='ocrx_word' id='word_1_819' title='bbox 2086 5212 2483 5283; x_wconf 76' lang='grc' dir='ltr'>ἐζωοποιῆσθαί</span> <span class='ocrx_word' id='word_1_820' title='bbox 2505 5229 2563 5265; x_wconf 89' lang='grc' dir='ltr'>τε</span> <span class='ocrx_word' id='word_1_821' title='bbox 2595 5214 2745 5286; x_wconf 83' lang='grc' dir='ltr'><strong>παρά</strong></span> <span class='ocrx_word' id='word_1_822' title='bbox 2768 5213 2861 5267; x_wconf 84' lang='grc' dir='ltr'>τοῦ</span> <span class='ocrx_word' id='word_1_823' title='bbox 2884 5214 3116 5284; x_wconf 79' lang='grc' dir='ltr'>Πατρὸς,</span> <span class='ocrx_word' id='word_1_824' title='bbox 3142 5212 3288 5285; x_wconf 81' lang='grc' dir='ltr'>αὑτῷ</span> <span class='ocrx_word' id='word_1_825' title='bbox 3321 5216 3658 5286; x_wconf 82' lang='grc' dir='ltr'>προσνεμοῦ-</span> 
     </span>
    </p>
   </div>
   <div class='ocr_carea' id='block_1_111' title="bbox 2089 5302 2536 5376">
    <p class='ocr_par' dir='ltr' id='par_1_111' title="bbox 2089 5302 2536 5376">
     <span class='ocr_line' id='line_1_111' title="bbox 2089 5302 2536 5376; baseline 0.002 -18"><span class='ocrx_word' id='word_1_826' title='bbox 2089 5323 2187 5376; x_wconf 82' lang='grc' dir='ltr'><strong>μεν</strong></span> <span class='ocrx_word' id='word_1_827' title='bbox 2222 5305 2315 5358; x_wconf 74' lang='grc' dir='ltr'>καὶ</span> <span class='ocrx_word' id='word_1_828' title='bbox 2342 5302 2536 5359; x_wconf 89' lang='grc' dir='ltr'>ταῦτα.</span> 
     </span>
    </p>
   </div>
   <div class='ocr_carea' id='block_1_112' title="bbox 2157 5391 3653 5467">
    <p class='ocr_par' dir='ltr' id='par_1_112' title="bbox 2157 5391 3653 5467">
     <span class='ocr_line' id='line_1_112' title="bbox 2157 5391 3653 5467; baseline -0.003 -18"><span class='ocrx_word' id='word_1_829' title='bbox 2157 5398 2220 5451; x_wconf 76' lang='grc' dir='ltr'><strong>Α.</strong></span> <span class='ocrx_word' id='word_1_830' title='bbox 2266 5395 2442 5450; x_wconf 82' lang='grc' dir='ltr'>Αὑτοῦ</span> <span class='ocrx_word' id='word_1_831' title='bbox 2503 5394 2612 5467; x_wconf 83' lang='grc' dir='ltr'><strong>γὰρ</strong></span> <span class='ocrx_word' id='word_1_832' title='bbox 2667 5391 2807 5449; x_wconf 74' lang='grc' dir='ltr'>εἷναί</span> <span class='ocrx_word' id='word_1_833' title='bbox 2862 5409 3042 5466; x_wconf 80' lang='grc' dir='ltr'>φαμεν</span> <span class='ocrx_word' id='word_1_834' title='bbox 3101 5398 3218 5450; x_wconf 84' lang='grc' dir='ltr'>κατ’</span> <span class='ocrx_word' id='word_1_835' title='bbox 3256 5396 3541 5449; x_wconf 76' lang='grc' dir='ltr'>οἰκείωσιν</span> <span class='ocrx_word' id='word_1_836' title='bbox 3588 5396 3653 5447; x_wconf 79' lang='lat'><strong>0!-</strong></span> 
     </span>
    </p>
   </div>
   <div class='ocr_carea' id='block_1_113' title="bbox 2085 5483 3659 5557">
    <p class='ocr_par' dir='ltr' id='par_1_113' title="bbox 2085 5483 3659 5557">
     <span class='ocr_line' id='line_1_113' title="bbox 2085 5483 3659 5557; baseline -0.001 -20"><span class='ocrx_word' id='word_1_837' title='bbox 2085 5486 2381 5557; x_wconf 81' lang='grc' dir='ltr'>κονομικὴν</span> <span class='ocrx_word' id='word_1_838' title='bbox 2444 5485 2514 5539; x_wconf 81' lang='grc' dir='ltr'>τὰ</span> <span class='ocrx_word' id='word_1_839' title='bbox 2553 5484 2906 5556; x_wconf 81' lang='grc' dir='ltr'>ἀνθρώπινα,</span> <span class='ocrx_word' id='word_1_840' title='bbox 2963 5486 3056 5538; x_wconf 75' lang='grc' dir='ltr'>καὶ</span> <span class='ocrx_word' id='word_1_841' title='bbox 3104 5484 3242 5554; x_wconf 81' lang='grc' dir='ltr'><strong>μετά</strong></span> <span class='ocrx_word' id='word_1_842' title='bbox 3300 5486 3398 5552; x_wconf 73' lang='grc' dir='ltr'>τῆς</span> <span class='ocrx_word' id='word_1_843' title='bbox 3455 5483 3659 5553; x_wconf 74' lang='grc' dir='ltr'>σαρκὸς</span> 
     </span>
    </p>
   </div>
   <div class='ocr_carea' id='block_1_114' title="bbox 2084 5575 3659 5648">
    <p class='ocr_par' dir='ltr' id='par_1_114' title="bbox 2084 5575 3659 5648">
     <span class='ocr_line' id='line_1_114' title="bbox 2084 5575 3659 5648; baseline -0.004 -17"><span class='ocrx_word' id='word_1_844' title='bbox 2084 5579 2151 5631; x_wconf 71' lang='grc' dir='ltr'>τὰ</span> <span class='ocrx_word' id='word_1_845' title='bbox 2213 5578 2415 5648; x_wconf 76' lang='grc' dir='ltr'>αὐτῆς·</span> <span class='ocrx_word' id='word_1_846' title='bbox 2474 5577 2596 5631; x_wconf 73' lang='grc' dir='ltr'>ἐπεὶ</span> <span class='ocrx_word' id='word_1_847' title='bbox 2658 5576 2733 5647; x_wconf 81' lang='grc' dir='ltr'>μὴ</span> <span class='ocrx_word' id='word_1_848' title='bbox 2798 5576 2982 5648; x_wconf 74' lang='grc' dir='ltr'>ἕτερος</span> <span class='ocrx_word' id='word_1_849' title='bbox 3043 5579 3239 5630; x_wconf 85' lang='grc' dir='ltr'>νοεῖται</span> <span class='ocrx_word' id='word_1_850' title='bbox 3298 5577 3435 5646; x_wconf 78' lang='grc' dir='ltr'>πρὸς</span> <span class='ocrx_word' id='word_1_851' title='bbox 3499 5575 3659 5645; x_wconf 62' lang='grc' dir='ltr'><strong>ήμῶκ</strong></span> 
     </span>
    </p>
   </div>
   <div class='ocr_carea' id='block_1_115' title="bbox 505 5754 1975 5824">
    <p class='ocr_par' dir='ltr' id='par_1_115' title="bbox 505 5754 1975 5824">
     <span class='ocr_line' id='line_1_115' title="bbox 505 5754 1975 5824; baseline -0.001 -12"><span class='ocrx_word' id='word_1_852' title='bbox 505 5755 524 5791; x_wconf 82' lang='grc'>⁸</span> <span class='ocrx_word' id='word_1_853' title='bbox 553 5754 752 5824; x_wconf 82' lang='lat' dir='ltr'><strong>Ephes.</strong></span> <span class='ocrx_word' id='word_1_854' title='bbox 782 5772 851 5823; x_wconf 77' lang='lat' dir='ltr'><strong>tv,</strong></span> <span class='ocrx_word' id='word_1_855' title='bbox 906 5758 956 5811; x_wconf 80' lang='grc'><strong>5.</strong></span> <span class='ocrx_word' id='word_1_856' title='bbox 1037 5756 1079 5789; x_wconf 72' lang='grc'><strong>’⁸</strong></span> <span class='ocrx_word' id='word_1_857' title='bbox 1110 5756 1235 5810; x_wconf 77' lang='lat' dir='ltr'><strong>Luc.</strong></span> <span class='ocrx_word' id='word_1_858' title='bbox 1265 5773 1323 5823; x_wconf 84' lang='grc' dir='ltr'><strong>ιι,</strong></span> <span class='ocrx_word' id='word_1_859' title='bbox 1380 5756 1465 5812; x_wconf 69' lang='lat'><strong>52.</strong></span> <span class='ocrx_word' id='word_1_860' title='bbox 1544 5759 1587 5789; x_wconf 86' lang='lat'>&quot;</span> <span class='ocrx_word' id='word_1_861' title='bbox 1620 5757 1789 5813; x_wconf 78' lang='lat' dir='ltr'><strong>lCor.</strong></span> <span class='ocrx_word' id='word_1_862' title='bbox 1814 5772 1851 5824; x_wconf 81' lang='grc' dir='ltr'><strong>ι,</strong></span> <span class='ocrx_word' id='word_1_863' title='bbox 1890 5755 1975 5811; x_wconf 74' lang='lat'><strong>9.1.</strong></span> 
     </span>
    </p>
   </div>
   <div class='ocr_carea' id='block_1_116' title="bbox 2082 5754 3012 5824">
    <p class='ocr_par' dir='ltr' id='par_1_116' title="bbox 2082 5755 3012 5822">
     <span class='ocr_line' id='line_1_116' title="bbox 2082 5755 3012 5822; baseline 0.001 -12"><span class='ocrx_word' id='word_1_864' title='bbox 2082 5756 2099 5787; x_wconf 79' lang='grc'><strong><em>⁸</em></strong></span> <span class='ocrx_word' id='word_1_865' title='bbox 2144 5755 2318 5814; x_wconf 61' lang='lat' dir='ltr'><strong>Gallt.</strong></span> <span class='ocrx_word' id='word_1_866' title='bbox 2352 5772 2388 5822; x_wconf 84' lang='grc' dir='ltr'><strong>ι,</strong></span> <span class='ocrx_word' id='word_1_867' title='bbox 2429 5756 2475 5810; x_wconf 82' lang='grc'><strong>1.</strong></span> <span class='ocrx_word' id='word_1_868' title='bbox 2554 5757 2599 5789; x_wconf 70' lang='grc' dir='ltr'>θ’</span> <span class='ocrx_word' id='word_1_869' title='bbox 2633 5757 2761 5813; x_wconf 87' lang='lat' dir='ltr'><strong>ibid.</strong></span> <span class='ocrx_word' id='word_1_870' title='bbox 2804 5756 2888 5820; x_wconf 82' lang='lat' dir='ltr'><strong>ll,</strong></span> <span class='ocrx_word' id='word_1_871' title='bbox 2925 5755 3012 5811; x_wconf 72' lang='lat' dir='ltr'><strong>l2.</strong></span> 
     </span>
    </p>
   </div>
  </div>
