  <div class='ocr_page' id='page_1' title='image "/cluster/home/n/w/nwhite01/storage/ocr_20150623/75/nnc1.0046980121/762.png"; bbox 0 0 3846 6210; ppageno 0'>
   <div class='ocr_carea' id='block_1_1' title="bbox 172 379 305 438">
    <p class='ocr_par' dir='ltr' id='par_1_1' title="bbox 172 379 305 438">
     <span class='ocr_line' id='line_1_1' title="bbox 172 379 305 438; baseline 0.015 -2"><span class='ocrx_word' id='word_1_1' title='bbox 172 379 305 438; x_wconf 67' lang='grc'><strong>1333</strong></span> 
     </span>
    </p>
   </div>
   <div class='ocr_carea' id='block_1_2' title="bbox 1287 377 2249 448">
    <p class='ocr_par' dir='ltr' id='par_1_2' title="bbox 1287 377 2249 448">
     <span class='ocr_line' id='line_1_2' title="bbox 1287 377 2249 448; baseline 0.005 -13"><span class='ocrx_word' id='word_1_2' title='bbox 1287 377 1474 448; x_wconf 84' lang='lat' dir='ltr'><strong>QUOD</strong></span> <span class='ocrx_word' id='word_1_3' title='bbox 1512 378 1701 437; x_wconf 78' lang='lat' dir='ltr'><strong>UNUS</strong></span> <span class='ocrx_word' id='word_1_4' title='bbox 1738 380 1843 435; x_wconf 85' lang='lat' dir='ltr'><strong>SIT</strong></span> <span class='ocrx_word' id='word_1_5' title='bbox 1880 380 2249 442; x_wconf 81' lang='lat' dir='ltr'><strong>CHRISTUS.</strong></span> 
     </span>
    </p>
   </div>
   <div class='ocr_carea' id='block_1_3' title="bbox 3278 358 3412 449">
    <p class='ocr_par' dir='ltr' id='par_1_3' title="bbox 3278 358 3412 449">
     <span class='ocr_line' id='line_1_3' title="bbox 3278 358 3412 449; baseline 0.015 -2"><span class='ocrx_word' id='word_1_6' title='bbox 3278 358 3412 449; x_wconf 69' lang='lat' dir='ltr'><strong>last</strong></span> 
     </span>
    </p>
   </div>
   <div class='ocr_carea' id='block_1_4' title="bbox 166 491 1733 574">
    <p class='ocr_par' dir='ltr' id='par_1_4' title="bbox 166 491 1732 569">
     <span class='ocr_line' id='line_1_4' title="bbox 166 491 1732 569; baseline -0.003 -18"><span class='ocrx_word' id='word_1_7' title='bbox 166 496 295 569; x_wconf 83' lang='grc' dir='ltr'>παρ’</span> <span class='ocrx_word' id='word_1_8' title='bbox 322 492 480 550; x_wconf 90' lang='grc' dir='ltr'>αὐτὸν</span> <span class='ocrx_word' id='word_1_9' title='bbox 520 494 670 561; x_wconf 85' lang='grc' dir='ltr'>Υίὸς,</span> <span class='ocrx_word' id='word_1_10' title='bbox 701 494 821 550; x_wconf 84' lang='grc' dir='ltr'><strong>ἀλλ’</strong></span> <span class='ocrx_word' id='word_1_11' title='bbox 852 493 1015 558; x_wconf 84' lang='grc' dir='ltr'>αὐτὸς</span> <span class='ocrx_word' id='word_1_12' title='bbox 1042 491 1248 566; x_wconf 80' lang='grc' dir='ltr'>Κύριος</span> <span class='ocrx_word' id='word_1_13' title='bbox 1292 495 1533 549; x_wconf 84' lang='grc' dir='ltr'>σέσωκεν</span> <span class='ocrx_word' id='word_1_14' title='bbox 1561 496 1732 565; x_wconf 77' lang='grc' dir='ltr'>ἡμᾶς,</span> 
     </span>
    </p>
   </div>
   <div class='ocr_carea' id='block_1_5' title="bbox 1838 491 3389 574">
    <p class='ocr_par' dir='ltr' id='par_1_5' title="bbox 1838 494 3389 574">
     <span class='ocr_line' id='line_1_5' title="bbox 1838 494 3389 574; baseline 0.008 -26"><span class='ocrx_word' id='word_1_15' title='bbox 1838 494 1973 551; x_wconf 91' lang='lat' dir='ltr'><strong>alius</strong></span> <span class='ocrx_word' id='word_1_16' title='bbox 1996 506 2250 553; x_wconf 75' lang='lat' dir='ltr'><strong>censetur</strong></span> <span class='ocrx_word' id='word_1_17' title='bbox 2274 511 2305 552; x_wconf 88' lang='lat' dir='ltr'><strong>a</strong></span> <span class='ocrx_word' id='word_1_18' title='bbox 2337 497 2494 555; x_wconf 89' lang='lat' dir='ltr'><strong>nobis</strong></span> <span class='ocrx_word' id='word_1_19' title='bbox 2518 499 2587 554; x_wconf 85' lang='lat' dir='ltr'><strong>ab</strong></span> <span class='ocrx_word' id='word_1_20' title='bbox 2614 496 2730 570; x_wconf 90' lang='lat' dir='ltr'><strong>ipso</strong></span> <span class='ocrx_word' id='word_1_21' title='bbox 2753 498 2944 567; x_wconf 87' lang='lat' dir='ltr'><strong>Filius,</strong></span> <span class='ocrx_word' id='word_1_22' title='bbox 2972 503 3064 557; x_wconf 89' lang='lat' dir='ltr'><strong>sed</strong></span> <span class='ocrx_word' id='word_1_23' title='bbox 3094 501 3207 574; x_wconf 89' lang='lat' dir='ltr'><strong>ipse</strong></span> <span class='ocrx_word' id='word_1_24' title='bbox 3235 502 3389 561; x_wconf 83' lang='lat' dir='ltr'><strong>Domi</strong></span> 
     </span>
    </p>
   </div>
   <div class='ocr_carea' id='block_1_6' title="bbox 163 581 1726 660">
    <p class='ocr_par' dir='ltr' id='par_1_6' title="bbox 163 581 1726 660">
     <span class='ocr_line' id='line_1_6' title="bbox 163 581 1726 660; baseline -0.003 -16"><span class='ocrx_word' id='word_1_25' title='bbox 163 591 261 660; x_wconf 82' lang='grc' dir='ltr'>τῆς</span> <span class='ocrx_word' id='word_1_26' title='bbox 286 588 536 643; x_wconf 82' lang='grc' dir='ltr'>ἁπάντων</span> <span class='ocrx_word' id='word_1_27' title='bbox 570 587 715 657; x_wconf 76' lang='grc' dir='ltr'>ζωῆς</span> <span class='ocrx_word' id='word_1_28' title='bbox 742 587 1121 658; x_wconf 80' lang='grc' dir='ltr'><strong>ἀντάλλαγμα,</strong></span> <span class='ocrx_word' id='word_1_29' title='bbox 1148 586 1211 640; x_wconf 91' lang='grc' dir='ltr'>τὸ</span> <span class='ocrx_word' id='word_1_30' title='bbox 1244 586 1375 640; x_wconf 82' lang='grc' dir='ltr'>τδιον</span> <span class='ocrx_word' id='word_1_31' title='bbox 1406 581 1545 655; x_wconf 77' lang='grc' dir='ltr'><strong>αἷμα</strong></span> <span class='ocrx_word' id='word_1_32' title='bbox 1580 585 1726 649; x_wconf 80' lang='grc' dir='ltr'>δούς.</span> 
     </span>
    </p>
   </div>
   <div class='ocr_carea' id='block_1_7' title="bbox 170 675 1730 751">
    <p class='ocr_par' dir='ltr' id='par_1_7' title="bbox 170 675 1730 751">
     <span class='ocr_line' id='line_1_7' title="bbox 170 675 1730 751; baseline -0.003 -20"><span class='ocrx_word' id='word_1_33' title='bbox 170 701 187 731; x_wconf 74' lang='grc' dir='ltr'><strong>ι</strong></span> <span class='ocrx_word' id='word_1_34' title='bbox 228 678 637 751; x_wconf 82' lang='grc' dir='ltr'>Ἠγοράσθημεν</span> <span class='ocrx_word' id='word_1_35' title='bbox 700 678 810 750; x_wconf 77' lang='grc' dir='ltr'><strong>γὰρ</strong></span> <span class='ocrx_word' id='word_1_36' title='bbox 842 678 1009 750; x_wconf 84' lang='grc' dir='ltr'>τιμῆς</span> <span class='ocrx_word' id='word_1_37' title='bbox 1063 677 1125 731; x_wconf 86' lang='grc' dir='ltr'><strong>οὐ</strong></span> <span class='ocrx_word' id='word_1_38' title='bbox 1173 676 1420 749; x_wconf 82' lang='grc' dir='ltr'><strong>φθαρτῆς</strong></span> <span class='ocrx_word' id='word_1_39' title='bbox 1479 675 1730 747; x_wconf 84' lang='grc' dir='ltr'>ἀργυρίῳ</span> 
     </span>
    </p>
   </div>
   <div class='ocr_carea' id='block_1_8' title="bbox 160 768 1725 843">
    <p class='ocr_par' dir='ltr' id='par_1_8' title="bbox 160 768 1725 843">
     <span class='ocr_line' id='line_1_8' title="bbox 160 768 1725 843; baseline -0.003 -17"><span class='ocrx_word' id='word_1_40' title='bbox 160 772 193 843; x_wconf 79' lang='grc' dir='ltr'><strong>η</strong></span> <span class='ocrx_word' id='word_1_41' title='bbox 247 772 470 843; x_wconf 78' lang='grc' dir='ltr'><strong>χρυσίῳ,</strong></span> <span class='ocrx_word' id='word_1_42' title='bbox 508 772 645 827; x_wconf 82' lang='grc' dir='ltr'><strong>ἀλλὰ</strong></span> <span class='ocrx_word' id='word_1_43' title='bbox 685 772 852 843; x_wconf 80' lang='grc' dir='ltr'><strong>τιμίῳ</strong></span> <span class='ocrx_word' id='word_1_44' title='bbox 902 771 1092 843; x_wconf 86' lang='grc' dir='ltr'>αῐματι</span> <span class='ocrx_word' id='word_1_45' title='bbox 1141 771 1217 836; x_wconf 82' lang='grc' dir='ltr'>ὡς</span> <span class='ocrx_word' id='word_1_46' title='bbox 1259 769 1436 841; x_wconf 82' lang='grc' dir='ltr'>ἀμνοῦ</span> <span class='ocrx_word' id='word_1_47' title='bbox 1494 768 1725 841; x_wconf 72' lang='grc' dir='ltr'><strong>ἀμώμου</strong></span> 
     </span>
    </p>
   </div>
   <div class='ocr_carea' id='block_1_9' title="bbox 162 860 1728 935">
    <p class='ocr_par' dir='ltr' id='par_1_9' title="bbox 162 860 1728 935">
     <span class='ocr_line' id='line_1_9' title="bbox 162 860 1728 935; baseline -0.001 -20"><span class='ocrx_word' id='word_1_48' title='bbox 162 863 256 916; x_wconf 75' lang='grc' dir='ltr'><strong>καὶ</strong></span> <span class='ocrx_word' id='word_1_49' title='bbox 286 862 513 917; x_wconf 78' lang='grc' dir='ltr'><strong>ἀσπίλου</strong></span> <span class='ocrx_word' id='word_1_50' title='bbox 552 862 813 935; x_wconf 78' lang='grc' dir='ltr'><strong>Χριστοῦ,</strong></span> <span class='ocrx_word' id='word_1_51' title='bbox 843 862 1314 934; x_wconf 88' lang='grc' dir='ltr'>προσκομίσαντος</span> <span class='ocrx_word' id='word_1_52' title='bbox 1350 860 1543 915; x_wconf 77' lang='grc' dir='ltr'>ἑαυτὸν</span> <span class='ocrx_word' id='word_1_53' title='bbox 1583 861 1728 932; x_wconf 79' lang='grc' dir='ltr'>ὑπὲρ</span> 
     </span>
    </p>
   </div>
   <div class='ocr_carea' id='block_1_10' title="bbox 162 954 1728 1029">
    <p class='ocr_par' dir='ltr' id='par_1_10' title="bbox 162 954 1728 1029">
     <span class='ocr_line' id='line_1_10' title="bbox 162 954 1728 1029; baseline -0.01 -5"><span class='ocrx_word' id='word_1_54' title='bbox 162 954 315 1026; x_wconf 74' lang='grc' dir='ltr'>ἡμῶν</span> <span class='ocrx_word' id='word_1_55' title='bbox 345 957 424 1021; x_wconf 78' lang='grc' dir='ltr'>εἰς</span> <span class='ocrx_word' id='word_1_56' title='bbox 459 957 633 1028; x_wconf 71' lang='grc' dir='ltr'><strong>ὀσμὴν</strong></span> <span class='ocrx_word' id='word_1_57' title='bbox 675 955 905 1019; x_wconf 78' lang='grc' dir='ltr'><strong>εὐωδίας</strong></span> <span class='ocrx_word' id='word_1_58' title='bbox 933 954 1010 1026; x_wconf 81' lang='grc' dir='ltr'><strong>τῷ</strong></span> <span class='ocrx_word' id='word_1_59' title='bbox 1047 954 1166 1027; x_wconf 82' lang='grc' dir='ltr'>Θεῷ</span> <span class='ocrx_word' id='word_1_60' title='bbox 1192 957 1288 1010; x_wconf 79' lang='grc' dir='ltr'><strong>καὶ</strong></span> <span class='ocrx_word' id='word_1_61' title='bbox 1319 955 1498 1029; x_wconf 87' lang='grc' dir='ltr'>Πατρί</span> <span class='ocrx_word' id='word_1_62' title='bbox 1524 973 1538 987; x_wconf 88' lang='grc'><strong>·</strong></span> <span class='ocrx_word' id='word_1_63' title='bbox 1574 974 1593 1008; x_wconf 73' lang='grc' dir='ltr'>ι</span> <span class='ocrx_word' id='word_1_64' title='bbox 1633 955 1728 1009; x_wconf 72' lang='grc' dir='ltr'>καὶ</span> 
     </span>
    </p>
   </div>
   <div class='ocr_carea' id='block_1_11' title="bbox 162 1047 1729 1122">
    <p class='ocr_par' dir='ltr' id='par_1_11' title="bbox 162 1047 1729 1122">
     <span class='ocr_line' id='line_1_11' title="bbox 162 1047 1729 1122; baseline 0.001 -22"><span class='ocrx_word' id='word_1_65' title='bbox 162 1047 296 1119; x_wconf 82' lang='grc' dir='ltr'>πρός</span> <span class='ocrx_word' id='word_1_66' title='bbox 313 1066 377 1116; x_wconf 85' lang='grc' dir='ltr'><strong>γε</strong></span> <span class='ocrx_word' id='word_1_67' title='bbox 412 1048 569 1103; x_wconf 85' lang='grc' dir='ltr'>τοῦτο</span> <span class='ocrx_word' id='word_1_68' title='bbox 601 1051 747 1120; x_wconf 81' lang='grc' dir='ltr'><strong>ἡμᾶς</strong></span> <span class='ocrx_word' id='word_1_69' title='bbox 800 1048 1133 1104; x_wconf 85' lang='grc' dir='ltr'>πιστώσεται</span> <span class='ocrx_word' id='word_1_70' title='bbox 1166 1048 1460 1122; x_wconf 75' lang='grc' dir='ltr'>γεγραφὼς</span> <span class='ocrx_word' id='word_1_71' title='bbox 1493 1051 1522 1103; x_wconf 98' lang='lat'><strong>6</strong></span> <span class='ocrx_word' id='word_1_72' title='bbox 1568 1067 1729 1121; x_wconf 90' lang='grc' dir='ltr'>νομο-</span> 
     </span>
    </p>
   </div>
   <div class='ocr_carea' id='block_1_12' title="bbox 162 1139 1725 1214">
    <p class='ocr_par' dir='ltr' id='par_1_12' title="bbox 162 1139 1725 1214">
     <span class='ocr_line' id='line_1_12' title="bbox 162 1139 1725 1214; baseline 0.002 -21"><span class='ocrx_word' id='word_1_73' title='bbox 162 1139 495 1208; x_wconf 82' lang='grc' dir='ltr'>μαθέστατος</span> <span class='ocrx_word' id='word_1_74' title='bbox 553 1142 809 1207; x_wconf 84' lang='grc' dir='ltr'>Παῦλος·</span> <span class='ocrx_word' id='word_1_75' title='bbox 841 1162 859 1195; x_wconf 82' lang='grc' dir='ltr'><strong>ι</strong></span> <span class='ocrx_word' id='word_1_76' title='bbox 916 1142 1138 1197; x_wconf 78' lang='grc' dir='ltr'><strong>Γίνεσθε</strong></span> <span class='ocrx_word' id='word_1_77' title='bbox 1191 1140 1288 1197; x_wconf 81' lang='grc' dir='ltr'><strong>οὖν</strong></span> <span class='ocrx_word' id='word_1_78' title='bbox 1343 1142 1578 1214; x_wconf 80' lang='grc' dir='ltr'><strong>μιμηταὶ</strong></span> <span class='ocrx_word' id='word_1_79' title='bbox 1629 1140 1725 1197; x_wconf 88' lang='grc' dir='ltr'>τοῦ</span> 
     </span>
    </p>
   </div>
   <div class='ocr_carea' id='block_1_13' title="bbox 157 1231 1724 1307">
    <p class='ocr_par' dir='ltr' id='par_1_13' title="bbox 157 1231 1724 1307">
     <span class='ocr_line' id='line_1_13' title="bbox 157 1231 1724 1307; baseline 0.003 -23"><span class='ocrx_word' id='word_1_80' title='bbox 157 1231 311 1297; x_wconf 87' lang='grc' dir='ltr'>Θεοῦ,</span> <span class='ocrx_word' id='word_1_81' title='bbox 335 1232 409 1297; x_wconf 85' lang='grc' dir='ltr'>ὼς</span> <span class='ocrx_word' id='word_1_82' title='bbox 431 1234 596 1288; x_wconf 85' lang='grc' dir='ltr'>τέκνα</span> <span class='ocrx_word' id='word_1_83' title='bbox 619 1235 902 1307; x_wconf 80' lang='grc' dir='ltr'>ἀγαπητὰ,</span> <span class='ocrx_word' id='word_1_84' title='bbox 926 1236 1021 1290; x_wconf 78' lang='grc' dir='ltr'><strong>καὶ</strong></span> <span class='ocrx_word' id='word_1_85' title='bbox 1049 1238 1401 1307; x_wconf 82' lang='grc' dir='ltr'><strong>περιπατεῖτε</strong></span> <span class='ocrx_word' id='word_1_86' title='bbox 1427 1236 1485 1289; x_wconf 82' lang='grc' dir='ltr'>ὲν</span> <span class='ocrx_word' id='word_1_87' title='bbox 1514 1235 1724 1307; x_wconf 75' lang='grc' dir='ltr'>ἀγάπῃ,</span> 
     </span>
    </p>
   </div>
   <div class='ocr_carea' id='block_1_14' title="bbox 158 1322 1728 1399">
    <p class='ocr_par' dir='ltr' id='par_1_14' title="bbox 158 1322 1728 1399">
     <span class='ocr_line' id='line_1_14' title="bbox 158 1322 1728 1399; baseline 0.002 -23"><span class='ocrx_word' id='word_1_88' title='bbox 158 1322 337 1388; x_wconf 84' lang='grc' dir='ltr'>καθὼς</span> <span class='ocrx_word' id='word_1_89' title='bbox 371 1327 463 1379; x_wconf 79' lang='grc' dir='ltr'><strong>καὶ</strong></span> <span class='ocrx_word' id='word_1_90' title='bbox 501 1328 531 1379; x_wconf 90' lang='lat'><strong>6</strong></span> <span class='ocrx_word' id='word_1_91' title='bbox 568 1328 805 1397; x_wconf 72' lang='grc' dir='ltr'>Χριστὸς</span> <span class='ocrx_word' id='word_1_92' title='bbox 845 1328 1133 1398; x_wconf 69' lang='grc' dir='ltr'>ἠγάπησεν</span> <span class='ocrx_word' id='word_1_93' title='bbox 1166 1328 1333 1399; x_wconf 76' lang='grc' dir='ltr'>ἡμᾶς,</span> <span class='ocrx_word' id='word_1_94' title='bbox 1363 1327 1458 1381; x_wconf 72' lang='grc' dir='ltr'><strong>καὶ</strong></span> <span class='ocrx_word' id='word_1_95' title='bbox 1484 1327 1728 1399; x_wconf 87' lang='grc' dir='ltr'>παρέδω-</span> 
     </span>
    </p>
   </div>
   <div class='ocr_carea' id='block_1_15' title="bbox 154 1418 1727 1493">
    <p class='ocr_par' dir='ltr' id='par_1_15' title="bbox 154 1418 1727 1493">
     <span class='ocr_line' id='line_1_15' title="bbox 154 1418 1727 1493; baseline 0.001 -23"><span class='ocrx_word' id='word_1_96' title='bbox 154 1434 249 1472; x_wconf 84' lang='grc' dir='ltr'><strong>κεν</strong></span> <span class='ocrx_word' id='word_1_97' title='bbox 293 1418 486 1473; x_wconf 81' lang='grc' dir='ltr'>ἑαυτὸν</span> <span class='ocrx_word' id='word_1_98' title='bbox 524 1420 667 1491; x_wconf 79' lang='grc' dir='ltr'>ὑπὲρ</span> <span class='ocrx_word' id='word_1_99' title='bbox 700 1418 894 1491; x_wconf 80' lang='grc' dir='ltr'><strong>ἡμῶν,</strong></span> <span class='ocrx_word' id='word_1_100' title='bbox 929 1421 1247 1493; x_wconf 78' lang='grc' dir='ltr'>προσφορὰν</span> <span class='ocrx_word' id='word_1_101' title='bbox 1292 1420 1386 1475; x_wconf 75' lang='grc' dir='ltr'><strong>καὶ</strong></span> <span class='ocrx_word' id='word_1_102' title='bbox 1423 1419 1612 1474; x_wconf 82' lang='grc' dir='ltr'><strong>θυσίαν</strong></span> <span class='ocrx_word' id='word_1_103' title='bbox 1648 1419 1727 1490; x_wconf 84' lang='grc' dir='ltr'><strong>τῷ</strong></span> 
     </span>
    </p>
   </div>
   <div class='ocr_carea' id='block_1_16' title="bbox 150 1510 1727 1585">
    <p class='ocr_par' dir='ltr' id='par_1_16' title="bbox 150 1510 1727 1585">
     <span class='ocr_line' id='line_1_16' title="bbox 150 1510 1727 1585; baseline 0 -21"><span class='ocrx_word' id='word_1_104' title='bbox 150 1510 271 1583; x_wconf 83' lang='grc' dir='ltr'>Θεῷ</span> <span class='ocrx_word' id='word_1_105' title='bbox 304 1513 383 1577; x_wconf 84' lang='grc' dir='ltr'><strong>είς</strong></span> <span class='ocrx_word' id='word_1_106' title='bbox 409 1512 585 1585; x_wconf 77' lang='grc' dir='ltr'>ὀσμὴν</span> <span class='ocrx_word' id='word_1_107' title='bbox 614 1513 862 1578; x_wconf 83' lang='grc' dir='ltr'>εὐωδίας.</span> <span class='ocrx_word' id='word_1_108' title='bbox 901 1532 922 1567; x_wconf 71' lang='grc' dir='ltr'><strong>ι</strong></span> <span class='ocrx_word' id='word_1_109' title='bbox 975 1512 1193 1584; x_wconf 82' lang='grc' dir='ltr'><strong>Ἐπειδὴ</strong></span> <span class='ocrx_word' id='word_1_110' title='bbox 1224 1512 1281 1566; x_wconf 84' lang='grc' dir='ltr'>δὲ</span> <span class='ocrx_word' id='word_1_111' title='bbox 1327 1512 1547 1581; x_wconf 86' lang='grc' dir='ltr'>γέγονεν</span> <span class='ocrx_word' id='word_1_112' title='bbox 1588 1513 1727 1584; x_wconf 77' lang='grc' dir='ltr'>ὑπὲρ</span> 
     </span>
    </p>
   </div>
   <div class='ocr_carea' id='block_1_17' title="bbox 155 1602 1725 1676">
    <p class='ocr_par' dir='ltr' id='par_1_17' title="bbox 155 1602 1725 1676">
     <span class='ocr_line' id='line_1_17' title="bbox 155 1602 1725 1676; baseline 0.001 -21"><span class='ocrx_word' id='word_1_113' title='bbox 155 1603 307 1674; x_wconf 64' lang='grc' dir='ltr'><strong>ἡμῶν</strong></span> <span class='ocrx_word' id='word_1_114' title='bbox 336 1603 537 1659; x_wconf 90' lang='grc' dir='ltr'>εὐωδία</span> <span class='ocrx_word' id='word_1_115' title='bbox 551 1605 809 1676; x_wconf 85' lang='grc' dir='ltr'>Χριστὸς,</span> <span class='ocrx_word' id='word_1_116' title='bbox 828 1603 1148 1669; x_wconf 72' lang='grc' dir='ltr'>καταδείξας</span> <span class='ocrx_word' id='word_1_117' title='bbox 1177 1605 1233 1657; x_wconf 82' lang='grc' dir='ltr'>ὲν</span> <span class='ocrx_word' id='word_1_118' title='bbox 1255 1603 1405 1675; x_wconf 82' lang='grc' dir='ltr'><strong>αὑτῷ</strong></span> <span class='ocrx_word' id='word_1_119' title='bbox 1432 1602 1493 1657; x_wconf 88' lang='grc' dir='ltr'>τὸ</span> <span class='ocrx_word' id='word_1_120' title='bbox 1515 1604 1725 1675; x_wconf 82' lang='grc' dir='ltr'><strong>ἀπλημ-</strong></span> 
     </span>
    </p>
   </div>
   <div class='ocr_carea' id='block_1_18' title="bbox 154 1694 1727 1768">
    <p class='ocr_par' dir='ltr' id='par_1_18' title="bbox 154 1694 1727 1768">
     <span class='ocr_line' id='line_1_18' title="bbox 154 1694 1727 1768; baseline 0.003 -22"><span class='ocrx_word' id='word_1_121' title='bbox 154 1694 316 1763; x_wconf 83' lang='grc' dir='ltr'><strong>μελὲς</strong></span> <span class='ocrx_word' id='word_1_122' title='bbox 348 1694 575 1765; x_wconf 80' lang='grc' dir='ltr'>ἔχουσαν</span> <span class='ocrx_word' id='word_1_123' title='bbox 600 1696 697 1766; x_wconf 76' lang='grc' dir='ltr'>τὴν</span> <span class='ocrx_word' id='word_1_124' title='bbox 717 1694 1005 1767; x_wconf 85' lang='grc' dir='ltr'>ἀνθρώπου</span> <span class='ocrx_word' id='word_1_125' title='bbox 1028 1696 1211 1765; x_wconf 82' lang='grc' dir='ltr'>φύσιν,</span> <span class='ocrx_word' id='word_1_126' title='bbox 1232 1695 1542 1768; x_wconf 77' lang='grc' dir='ltr'>παρρησίαν</span> <span class='ocrx_word' id='word_1_127' title='bbox 1565 1698 1727 1767; x_wconf 84' lang='grc' dir='ltr'><strong>ὲσχὴ·</strong></span> 
     </span>
    </p>
   </div>
   <div class='ocr_carea' id='block_1_19' title="bbox 154 1786 1725 1861">
    <p class='ocr_par' dir='ltr' id='par_1_19' title="bbox 154 1786 1725 1861">
     <span class='ocr_line' id='line_1_19' title="bbox 154 1786 1725 1861; baseline 0.003 -24"><span class='ocrx_word' id='word_1_128' title='bbox 154 1804 325 1857; x_wconf 72' lang='grc' dir='ltr'>καμεν</span> <span class='ocrx_word' id='word_1_129' title='bbox 352 1786 419 1840; x_wconf 79' lang='grc' dir='ltr'>δι’</span> <span class='ocrx_word' id='word_1_130' title='bbox 466 1787 631 1841; x_wconf 84' lang='grc' dir='ltr'>αὐτοῦ</span> <span class='ocrx_word' id='word_1_131' title='bbox 666 1805 725 1841; x_wconf 87' lang='grc' dir='ltr'><strong>τε</strong></span> <span class='ocrx_word' id='word_1_132' title='bbox 778 1788 872 1842; x_wconf 75' lang='grc' dir='ltr'><strong>καὶ</strong></span> <span class='ocrx_word' id='word_1_133' title='bbox 900 1790 957 1841; x_wconf 80' lang='grc' dir='ltr'>ὲν</span> <span class='ocrx_word' id='word_1_134' title='bbox 994 1787 1144 1860; x_wconf 79' lang='grc' dir='ltr'>αὐτῷ</span> <span class='ocrx_word' id='word_1_135' title='bbox 1203 1789 1340 1861; x_wconf 88' lang='grc' dir='ltr'>πρὸς</span> <span class='ocrx_word' id='word_1_136' title='bbox 1388 1790 1481 1844; x_wconf 88' lang='grc' dir='ltr'><strong>τὸν</strong></span> <span class='ocrx_word' id='word_1_137' title='bbox 1521 1789 1580 1844; x_wconf 85' lang='grc' dir='ltr'>ὲν</span> <span class='ocrx_word' id='word_1_138' title='bbox 1614 1792 1725 1852; x_wconf 89' lang='grc' dir='ltr'>τοῖς</span> 
     </span>
    </p>
   </div>
   <div class='ocr_carea' id='block_1_20' title="bbox 158 1880 1729 1955">
    <p class='ocr_par' dir='ltr' id='par_1_20' title="bbox 158 1880 1729 1955">
     <span class='ocr_line' id='line_1_20' title="bbox 158 1880 1729 1955; baseline 0.004 -25"><span class='ocrx_word' id='word_1_139' title='bbox 158 1881 405 1950; x_wconf 76' lang='grc' dir='ltr'><strong>οὐρανοῖς</strong></span> <span class='ocrx_word' id='word_1_140' title='bbox 445 1880 666 1953; x_wconf 82' lang='grc' dir='ltr'><strong>Πατέρα</strong></span> <span class='ocrx_word' id='word_1_141' title='bbox 723 1881 819 1935; x_wconf 64' lang='grc' dir='ltr'><strong>καὶ⁵</strong></span> <span class='ocrx_word' id='word_1_142' title='bbox 854 1881 1009 1935; x_wconf 87' lang='grc' dir='ltr'>Θεὸν.</span> <span class='ocrx_word' id='word_1_143' title='bbox 1067 1882 1381 1955; x_wconf 82' lang='grc' dir='ltr'><strong>Γέγραπται</strong></span> <span class='ocrx_word' id='word_1_144' title='bbox 1443 1881 1587 1955; x_wconf 82' lang='grc' dir='ltr'><strong>γὰρ,</strong></span> <span class='ocrx_word' id='word_1_145' title='bbox 1646 1884 1729 1937; x_wconf 79' lang='grc' dir='ltr'>ὅτι</span> 
     </span>
    </p>
   </div>
   <div class='ocr_carea' id='block_1_21' title="bbox 156 1969 1729 2047">
    <p class='ocr_par' dir='ltr' id='par_1_21' title="bbox 156 1969 1729 2047">
     <span class='ocr_line' id='line_1_21' title="bbox 156 1969 1729 2047; baseline 0.004 -23"><span class='ocrx_word' id='word_1_146' title='bbox 156 1991 174 2024; x_wconf 83' lang='grc' dir='ltr'><strong>ι</strong></span> <span class='ocrx_word' id='word_1_147' title='bbox 212 1973 471 2043; x_wconf 87' lang='grc' dir='ltr'>Ἔχοντες</span> <span class='ocrx_word' id='word_1_148' title='bbox 498 1969 592 2027; x_wconf 78' lang='grc' dir='ltr'><strong>οὖν</strong></span> <span class='ocrx_word' id='word_1_149' title='bbox 642 1973 862 2042; x_wconf 71' lang='grc' dir='ltr'>ἀδελφοὶ</span> <span class='ocrx_word' id='word_1_150' title='bbox 909 1975 1225 2047; x_wconf 75' lang='grc' dir='ltr'>παρρησίαν</span> <span class='ocrx_word' id='word_1_151' title='bbox 1256 1977 1336 2040; x_wconf 87' lang='grc' dir='ltr'><strong>είς</strong></span> <span class='ocrx_word' id='word_1_152' title='bbox 1385 1975 1481 2047; x_wconf 82' lang='grc' dir='ltr'><strong>τὴν</strong></span> <span class='ocrx_word' id='word_1_153' title='bbox 1525 1976 1729 2031; x_wconf 74' lang='grc' dir='ltr'>εἴσοδον</span> 
     </span>
    </p>
   </div>
   <div class='ocr_carea' id='block_1_22' title="bbox 152 2065 1731 2141">
    <p class='ocr_par' dir='ltr' id='par_1_22' title="bbox 152 2065 1731 2141">
     <span class='ocr_line' id='line_1_22' title="bbox 152 2065 1731 2141; baseline 0.002 -22"><span class='ocrx_word' id='word_1_154' title='bbox 152 2065 257 2120; x_wconf 81' lang='grc' dir='ltr'>τῶν</span> <span class='ocrx_word' id='word_1_155' title='bbox 296 2067 491 2135; x_wconf 81' lang='grc' dir='ltr'>ἁγίων,</span> <span class='ocrx_word' id='word_1_156' title='bbox 528 2068 585 2121; x_wconf 83' lang='grc' dir='ltr'>ἐν</span> <span class='ocrx_word' id='word_1_157' title='bbox 620 2066 698 2138; x_wconf 84' lang='grc' dir='ltr'>τῷ</span> <span class='ocrx_word' id='word_1_158' title='bbox 738 2067 929 2139; x_wconf 85' lang='grc' dir='ltr'><strong>αἵματι</strong></span> <span class='ocrx_word' id='word_1_159' title='bbox 970 2068 1064 2122; x_wconf 92' lang='grc' dir='ltr'>τοῦ</span> <span class='ocrx_word' id='word_1_160' title='bbox 1112 2069 1380 2140; x_wconf 80' lang='grc' dir='ltr'><strong>Χριστοῦ,</strong></span> <span class='ocrx_word' id='word_1_161' title='bbox 1423 2070 1491 2141; x_wconf 77' lang='grc' dir='ltr'>ἢν</span> <span class='ocrx_word' id='word_1_162' title='bbox 1519 2070 1731 2124; x_wconf 75' lang='grc' dir='ltr'>ἐνεκαί-</span> 
     </span>
    </p>
   </div>
   <div class='ocr_carea' id='block_1_23' title="bbox 151 2157 1729 2229">
    <p class='ocr_par' dir='ltr' id='par_1_23' title="bbox 151 2157 1729 2229">
     <span class='ocr_line' id='line_1_23' title="bbox 151 2157 1729 2229; baseline 0.003 -21"><span class='ocrx_word' id='word_1_163' title='bbox 151 2175 295 2212; x_wconf 82' lang='grc' dir='ltr'>νισεν</span> <span class='ocrx_word' id='word_1_164' title='bbox 317 2159 449 2229; x_wconf 79' lang='grc' dir='ltr'>ἡμῖν</span> <span class='ocrx_word' id='word_1_165' title='bbox 473 2157 590 2210; x_wconf 77' lang='grc' dir='ltr'>ὁδὸν</span> <span class='ocrx_word' id='word_1_166' title='bbox 626 2158 939 2229; x_wconf 80' lang='grc' dir='ltr'>πρόσφατον</span> <span class='ocrx_word' id='word_1_167' title='bbox 971 2159 1065 2211; x_wconf 77' lang='grc' dir='ltr'>καὶ</span> <span class='ocrx_word' id='word_1_168' title='bbox 1102 2159 1283 2223; x_wconf 76' lang='grc' dir='ltr'>ζῶσαν</span> <span class='ocrx_word' id='word_1_169' title='bbox 1304 2159 1395 2213; x_wconf 69' lang='grc' dir='ltr'>διὰ</span> <span class='ocrx_word' id='word_1_170' title='bbox 1419 2158 1513 2213; x_wconf 92' lang='grc' dir='ltr'><strong>τοῦ</strong></span> <span class='ocrx_word' id='word_1_171' title='bbox 1557 2177 1729 2214; x_wconf 89' lang='grc' dir='ltr'><strong>κατα-</strong></span> 
     </span>
    </p>
   </div>
   <div class='ocr_carea' id='block_1_24' title="bbox 152 2249 1731 2321">
    <p class='ocr_par' dir='ltr' id='par_1_24' title="bbox 152 2249 1731 2321">
     <span class='ocr_line' id='line_1_24' title="bbox 152 2249 1731 2321; baseline 0.001 -19"><span class='ocrx_word' id='word_1_172' title='bbox 152 2250 522 2320; x_wconf 86' lang='grc' dir='ltr'>πετάσματος,</span> <span class='ocrx_word' id='word_1_173' title='bbox 578 2249 850 2315; x_wconf 76' lang='grc' dir='ltr'><strong>τουτέστι,</strong></span> <span class='ocrx_word' id='word_1_174' title='bbox 897 2250 997 2318; x_wconf 81' lang='grc' dir='ltr'><strong>τῆς</strong></span> <span class='ocrx_word' id='word_1_175' title='bbox 1040 2250 1242 2321; x_wconf 86' lang='grc' dir='ltr'>σαρκὸς</span> <span class='ocrx_word' id='word_1_176' title='bbox 1284 2249 1470 2305; x_wconf 87' lang='grc' dir='ltr'>αὐτοῦ.</span> <span class='ocrx_word' id='word_1_177' title='bbox 1505 2269 1525 2303; x_wconf 79' lang='grc' dir='ltr'><strong>ι</strong></span> <span class='ocrx_word' id='word_1_178' title='bbox 1566 2250 1731 2315; x_wconf 83' lang='grc' dir='ltr'>Σύνες</span> 
     </span>
    </p>
   </div>
   <div class='ocr_carea' id='block_1_25' title="bbox 148 2335 1728 2414">
    <p class='ocr_par' dir='ltr' id='par_1_25' title="bbox 148 2335 1728 2414">
     <span class='ocr_line' id='line_1_25' title="bbox 148 2335 1728 2414; baseline 0.001 -19"><span class='ocrx_word' id='word_1_179' title='bbox 148 2340 241 2396; x_wconf 64' lang='grc' dir='ltr'><strong>οὖν</strong></span> <span class='ocrx_word' id='word_1_180' title='bbox 273 2344 425 2406; x_wconf 80' lang='grc' dir='ltr'>ὅπως</span> <span class='ocrx_word' id='word_1_181' title='bbox 456 2342 702 2396; x_wconf 81' lang='grc' dir='ltr'>αὐτοῦτὸ</span> <span class='ocrx_word' id='word_1_182' title='bbox 730 2335 869 2412; x_wconf 83' lang='grc' dir='ltr'><strong>αἷμα</strong></span> <span class='ocrx_word' id='word_1_183' title='bbox 898 2342 993 2395; x_wconf 73' lang='grc' dir='ltr'><strong>καὶ</strong></span> <span class='ocrx_word' id='word_1_184' title='bbox 1016 2341 1180 2396; x_wconf 89' lang='grc' dir='ltr'>αὐτοῦ</span> <span class='ocrx_word' id='word_1_185' title='bbox 1213 2341 1311 2413; x_wconf 84' lang='grc' dir='ltr'>τὴν</span> <span class='ocrx_word' id='word_1_186' title='bbox 1339 2342 1517 2414; x_wconf 88' lang='grc' dir='ltr'><strong>σάρκα</strong></span> <span class='ocrx_word' id='word_1_187' title='bbox 1543 2344 1728 2414; x_wconf 72' lang='grc' dir='ltr'>φησιν,</span> 
     </span>
    </p>
   </div>
   <div class='ocr_carea' id='block_1_26' title="bbox 138 2435 1729 2507">
    <p class='ocr_par' dir='ltr' id='par_1_26' title="bbox 138 2435 1729 2507">
     <span class='ocr_line' id='line_1_26' title="bbox 138 2435 1729 2507; baseline 0.001 -21"><span class='ocrx_word' id='word_1_188' title='bbox 138 2436 215 2505; x_wconf 64' lang='grc' dir='ltr'>ἢν</span> <span class='ocrx_word' id='word_1_189' title='bbox 257 2436 353 2489; x_wconf 80' lang='grc' dir='ltr'><strong>καὶ</strong></span> <span class='ocrx_word' id='word_1_190' title='bbox 392 2436 795 2505; x_wconf 79' lang='grc' dir='ltr'><strong>καταπέτασμα</strong></span> <span class='ocrx_word' id='word_1_191' title='bbox 838 2435 1015 2500; x_wconf 84' lang='grc' dir='ltr'><strong>καλεῖ,</strong></span> <span class='ocrx_word' id='word_1_192' title='bbox 1047 2436 1142 2489; x_wconf 79' lang='grc' dir='ltr'>καὶ</span> <span class='ocrx_word' id='word_1_193' title='bbox 1192 2436 1337 2507; x_wconf 88' lang='grc' dir='ltr'><strong>μάλα</strong></span> <span class='ocrx_word' id='word_1_194' title='bbox 1372 2436 1619 2503; x_wconf 87' lang='grc' dir='ltr'>είκότως,</span> <span class='ocrx_word' id='word_1_195' title='bbox 1663 2436 1729 2488; x_wconf 75' lang='grc' dir='ltr'>ἵν’</span> 
     </span>
    </p>
   </div>
   <div class='ocr_carea' id='block_1_27' title="bbox 145 2526 1728 2600">
    <p class='ocr_par' dir='ltr' id='par_1_27' title="bbox 145 2526 1728 2600">
     <span class='ocr_line' id='line_1_27' title="bbox 145 2526 1728 2600; baseline 0.001 -19"><span class='ocrx_word' id='word_1_196' title='bbox 145 2531 287 2599; x_wconf 76' lang='grc' dir='ltr'>ὅπερ</span> <span class='ocrx_word' id='word_1_197' title='bbox 326 2529 385 2581; x_wconf 83' lang='grc' dir='ltr'>ὲν</span> <span class='ocrx_word' id='word_1_198' title='bbox 414 2526 494 2599; x_wconf 80' lang='grc' dir='ltr'><strong>τῷ</strong></span> <span class='ocrx_word' id='word_1_199' title='bbox 531 2527 659 2599; x_wconf 69' lang='grc' dir='ltr'>ναῷ</span> <span class='ocrx_word' id='word_1_200' title='bbox 689 2528 749 2581; x_wconf 89' lang='grc' dir='ltr'>τὸ</span> <span class='ocrx_word' id='word_1_201' title='bbox 807 2528 949 2599; x_wconf 76' lang='grc' dir='ltr'>ἱερὸν</span> <span class='ocrx_word' id='word_1_202' title='bbox 984 2528 1270 2600; x_wconf 76' lang='grc' dir='ltr'>εἰργάζετο</span> <span class='ocrx_word' id='word_1_203' title='bbox 1310 2529 1728 2600; x_wconf 85' lang='grc' dir='ltr'><strong>καταπέτασμα,</strong></span> 
     </span>
    </p>
   </div>
   <div class='ocr_carea' id='block_1_28' title="bbox 148 2616 1731 2692">
    <p class='ocr_par' dir='ltr' id='par_1_28' title="bbox 148 2616 1731 2692">
     <span class='ocr_line' id='line_1_28' title="bbox 148 2616 1731 2692; baseline 0.001 -19"><span class='ocrx_word' id='word_1_204' title='bbox 148 2619 541 2692; x_wconf 70' lang='grc' dir='ltr'>κατακρύπτον</span> <span class='ocrx_word' id='word_1_205' title='bbox 570 2616 628 2673; x_wconf 76' lang='grc' dir='ltr'>εὖ</span> <span class='ocrx_word' id='word_1_206' title='bbox 666 2620 810 2691; x_wconf 84' lang='grc' dir='ltr'>μάλα</span> <span class='ocrx_word' id='word_1_207' title='bbox 839 2620 909 2673; x_wconf 72' lang='grc' dir='ltr'><strong>τὰ</strong></span> <span class='ocrx_word' id='word_1_208' title='bbox 934 2621 1103 2689; x_wconf 70' lang='grc' dir='ltr'><strong>’Ἅγια</strong></span> <span class='ocrx_word' id='word_1_209' title='bbox 1128 2620 1238 2673; x_wconf 84' lang='grc' dir='ltr'>τῶν</span> <span class='ocrx_word' id='word_1_210' title='bbox 1274 2621 1466 2690; x_wconf 81' lang='grc' dir='ltr'>ἁγίων,</span> <span class='ocrx_word' id='word_1_211' title='bbox 1492 2621 1731 2676; x_wconf 88' lang='grc' dir='ltr'>τοιοῦτόν</span> 
     </span>
    </p>
   </div>
   <div class='ocr_carea' id='block_1_29' title="bbox 146 2712 1729 2785">
    <p class='ocr_par' dir='ltr' id='par_1_29' title="bbox 146 2712 1729 2785">
     <span class='ocr_line' id='line_1_29' title="bbox 146 2712 1729 2785; baseline 0.003 -21"><span class='ocrx_word' id='word_1_212' title='bbox 146 2730 199 2765; x_wconf 92' lang='grc' dir='ltr'>τι</span> <span class='ocrx_word' id='word_1_213' title='bbox 230 2716 407 2767; x_wconf 86' lang='grc' dir='ltr'>νοοῖτο</span> <span class='ocrx_word' id='word_1_214' title='bbox 430 2713 564 2784; x_wconf 78' lang='grc' dir='ltr'>δρᾷν</span> <span class='ocrx_word' id='word_1_215' title='bbox 594 2713 689 2767; x_wconf 76' lang='grc' dir='ltr'><strong>καὶ</strong></span> <span class='ocrx_word' id='word_1_216' title='bbox 719 2714 751 2783; x_wconf 84' lang='grc' dir='ltr'><strong>ἡ</strong></span> <span class='ocrx_word' id='word_1_217' title='bbox 779 2712 871 2766; x_wconf 91' lang='grc' dir='ltr'>τοῦ</span> <span class='ocrx_word' id='word_1_218' title='bbox 898 2713 1102 2785; x_wconf 83' lang='grc' dir='ltr'>Κυρίου</span> <span class='ocrx_word' id='word_1_219' title='bbox 1130 2712 1287 2785; x_wconf 77' lang='grc' dir='ltr'><strong>σὰρξ,</strong></span> <span class='ocrx_word' id='word_1_220' title='bbox 1312 2713 1413 2766; x_wconf 92' lang='grc' dir='ltr'><strong>οὐκ</strong></span> <span class='ocrx_word' id='word_1_221' title='bbox 1439 2714 1729 2783; x_wconf 80' lang='grc' dir='ltr'><strong>έφιστᾶσα,</strong></span> 
     </span>
    </p>
   </div>
   <div class='ocr_carea' id='block_1_30' title="bbox 146 2804 1733 2878">
    <p class='ocr_par' dir='ltr' id='par_1_30' title="bbox 146 2804 1733 2878">
     <span class='ocr_line' id='line_1_30' title="bbox 146 2804 1733 2878; baseline 0.002 -21"><span class='ocrx_word' id='word_1_222' title='bbox 146 2807 352 2878; x_wconf 84' lang='grc' dir='ltr'>τρόπον</span> <span class='ocrx_word' id='word_1_223' title='bbox 388 2806 533 2867; x_wconf 77' lang='grc' dir='ltr'>τινὰ,</span> <span class='ocrx_word' id='word_1_224' title='bbox 572 2805 796 2875; x_wconf 85' lang='grc' dir='ltr'><strong>γυμνῶς</strong></span> <span class='ocrx_word' id='word_1_225' title='bbox 844 2807 940 2859; x_wconf 79' lang='grc' dir='ltr'><strong>καὶ</strong></span> <span class='ocrx_word' id='word_1_226' title='bbox 987 2804 1285 2877; x_wconf 84' lang='grc' dir='ltr'>άκρύπτως</span> <span class='ocrx_word' id='word_1_227' title='bbox 1327 2806 1554 2877; x_wconf 84' lang='grc' dir='ltr'>ὁρᾶσθαι</span> <span class='ocrx_word' id='word_1_228' title='bbox 1596 2807 1733 2878; x_wconf 87' lang='grc' dir='ltr'>πρός</span> 
     </span>
    </p>
   </div>
   <div class='ocr_carea' id='block_1_31' title="bbox 145 2894 1733 2968">
    <p class='ocr_par' dir='ltr' id='par_1_31' title="bbox 145 2894 1733 2968">
     <span class='ocr_line' id='line_1_31' title="bbox 145 2894 1733 2968; baseline 0 -18"><span class='ocrx_word' id='word_1_229' title='bbox 145 2915 292 2962; x_wconf 85' lang='grc' dir='ltr'>τινος</span> <span class='ocrx_word' id='word_1_230' title='bbox 350 2898 452 2968; x_wconf 77' lang='grc' dir='ltr'>τὴν</span> <span class='ocrx_word' id='word_1_231' title='bbox 486 2898 743 2966; x_wconf 80' lang='grc' dir='ltr'>ὑπερφυᾶ</span> <span class='ocrx_word' id='word_1_232' title='bbox 791 2896 886 2950; x_wconf 76' lang='grc' dir='ltr'><strong>καὶ</strong></span> <span class='ocrx_word' id='word_1_233' title='bbox 927 2894 1207 2968; x_wconf 79' lang='grc' dir='ltr'>ἐξαίρετον</span> <span class='ocrx_word' id='word_1_234' title='bbox 1246 2897 1517 2968; x_wconf 79' lang='grc' dir='ltr'>ὑπεροχήν</span> <span class='ocrx_word' id='word_1_235' title='bbox 1545 2913 1606 2950; x_wconf 91' lang='grc' dir='ltr'><strong>τε</strong></span> <span class='ocrx_word' id='word_1_236' title='bbox 1638 2898 1733 2951; x_wconf 72' lang='grc' dir='ltr'>καὶ</span> 
     </span>
    </p>
   </div>
   <div class='ocr_carea' id='block_1_32' title="bbox 146 2986 1734 3059">
    <p class='ocr_par' dir='ltr' id='par_1_32' title="bbox 146 2986 1734 3059">
     <span class='ocr_line' id='line_1_32' title="bbox 146 2986 1734 3059; baseline -0.001 -16"><span class='ocrx_word' id='word_1_237' title='bbox 146 2989 305 3055; x_wconf 67' lang='grc' dir='ltr'>δόξαν</span> <span class='ocrx_word' id='word_1_238' title='bbox 334 2988 432 3042; x_wconf 89' lang='grc' dir='ltr'>τοῦ</span> <span class='ocrx_word' id='word_1_239' title='bbox 465 2988 757 3050; x_wconf 81' lang='grc' dir='ltr'>ὲνωθέντος</span> <span class='ocrx_word' id='word_1_240' title='bbox 788 2989 926 3059; x_wconf 80' lang='grc' dir='ltr'>αὐτῇ</span> <span class='ocrx_word' id='word_1_241' title='bbox 960 2986 1097 3041; x_wconf 86' lang='grc' dir='ltr'>Θεοῦ</span> <span class='ocrx_word' id='word_1_242' title='bbox 1126 2988 1323 3056; x_wconf 88' lang='grc' dir='ltr'>Λόγου,</span> <span class='ocrx_word' id='word_1_243' title='bbox 1359 2987 1471 3041; x_wconf 77' lang='grc' dir='ltr'>Καὶ</span> <span class='ocrx_word' id='word_1_244' title='bbox 1500 2988 1652 3056; x_wconf 84' lang='grc' dir='ltr'>γοῦν,</span> <span class='ocrx_word' id='word_1_245' title='bbox 1683 2990 1734 3042; x_wconf 85' lang='grc' dir='ltr'><strong>οί</strong></span> 
     </span>
    </p>
   </div>
   <div class='ocr_carea' id='block_1_33' title="bbox 149 3074 1735 3153">
    <p class='ocr_par' dir='ltr' id='par_1_33' title="bbox 149 3074 1735 3153">
     <span class='ocr_line' id='line_1_33' title="bbox 149 3074 1735 3153; baseline -0.001 -17"><span class='ocrx_word' id='word_1_246' title='bbox 149 3084 249 3153; x_wconf 82' lang='grc' dir='ltr'><strong>μὲν</strong></span> <span class='ocrx_word' id='word_1_247' title='bbox 288 3081 479 3134; x_wconf 83' lang='grc' dir='ltr'>Ἠλίαν</span> <span class='ocrx_word' id='word_1_248' title='bbox 510 3079 550 3149; x_wconf 73' lang='grc' dir='ltr'><strong>ἦ</strong></span> <span class='ocrx_word' id='word_1_249' title='bbox 570 3079 664 3132; x_wconf 83' lang='grc' dir='ltr'>’ἐνα</span> <span class='ocrx_word' id='word_1_250' title='bbox 688 3079 797 3132; x_wconf 81' lang='grc' dir='ltr'>τῶν</span> <span class='ocrx_word' id='word_1_251' title='bbox 822 3079 1117 3152; x_wconf 81' lang='grc' dir='ltr'>προφητῶν</span> <span class='ocrx_word' id='word_1_252' title='bbox 1139 3078 1413 3133; x_wconf 83' lang='grc' dir='ltr'>ὲτόπασαν</span> <span class='ocrx_word' id='word_1_253' title='bbox 1439 3074 1577 3133; x_wconf 74' lang='grc' dir='ltr'>εἶναι</span> <span class='ocrx_word' id='word_1_254' title='bbox 1605 3081 1735 3151; x_wconf 87' lang='grc' dir='ltr'>Χρι-</span> 
     </span>
    </p>
   </div>
   <div class='ocr_carea' id='block_1_34' title="bbox 150 3170 1733 3247">
    <p class='ocr_par' dir='ltr' id='par_1_34' title="bbox 150 3170 1733 3242">
     <span class='ocr_line' id='line_1_34' title="bbox 150 3170 1733 3242; baseline -0.003 -14"><span class='ocrx_word' id='word_1_255' title='bbox 150 3175 297 3228; x_wconf 86' lang='grc' dir='ltr'>στόν·</span> <span class='ocrx_word' id='word_1_256' title='bbox 326 3170 571 3227; x_wconf 82' lang='grc' dir='ltr'>Ἰουδαῖοί</span> <span class='ocrx_word' id='word_1_257' title='bbox 597 3188 661 3240; x_wconf 89' lang='grc' dir='ltr'><strong>γε</strong></span> <span class='ocrx_word' id='word_1_258' title='bbox 695 3170 824 3242; x_wconf 80' lang='grc' dir='ltr'>μὴν,</span> <span class='ocrx_word' id='word_1_259' title='bbox 853 3170 914 3225; x_wconf 89' lang='grc' dir='ltr'><strong>οὐ</strong></span> <span class='ocrx_word' id='word_1_260' title='bbox 948 3170 1196 3236; x_wconf 81' lang='grc' dir='ltr'>συνέντες</span> <span class='ocrx_word' id='word_1_261' title='bbox 1227 3170 1366 3232; x_wconf 84' lang='grc' dir='ltr'>ὅλως</span> <span class='ocrx_word' id='word_1_262' title='bbox 1388 3170 1449 3225; x_wconf 87' lang='grc' dir='ltr'>τὸ</span> <span class='ocrx_word' id='word_1_263' title='bbox 1471 3172 1556 3224; x_wconf 77' lang='grc' dir='ltr'><strong>ἐπ’</strong></span> <span class='ocrx_word' id='word_1_264' title='bbox 1583 3171 1733 3239; x_wconf 85' lang='grc' dir='ltr'>αὐτῷ</span> 
     </span>
    </p>
   </div>
   <div class='ocr_carea' id='block_1_35' title="bbox 1838 3170 2843 3247">
    <p class='ocr_par' dir='ltr' id='par_1_35' title="bbox 1838 3171 2843 3245">
     <span class='ocr_line' id='line_1_35' title="bbox 1838 3171 2843 3245; baseline -0.004 -16"><span class='ocrx_word' id='word_1_265' title='bbox 1838 3182 2044 3245; x_wconf 91' lang='lat' dir='ltr'><strong>gentes,</strong></span> <span class='ocrx_word' id='word_1_266' title='bbox 2080 3171 2480 3228; x_wconf 89' lang='lat' dir='ltr'><strong>subsannantes</strong></span> <span class='ocrx_word' id='word_1_267' title='bbox 2524 3171 2776 3227; x_wconf 74' lang='lat' dir='ltr'><strong>dicebant</strong></span> <span class='ocrx_word' id='word_1_268' title='bbox 2827 3188 2843 3225; x_wconf 89' lang='lat'><strong>:</strong></span> 
     </span>
    </p>
   </div>
   <div class='ocr_carea' id='block_1_36' title="bbox 149 3257 1735 3340">
    <p class='ocr_par' dir='ltr' id='par_1_36' title="bbox 149 3257 1735 3340">
     <span class='ocr_line' id='line_1_36' title="bbox 149 3257 1735 3340; baseline 0.001 -26"><span class='ocrx_word' id='word_1_269' title='bbox 149 3268 491 3340; x_wconf 64' lang='grc' dir='ltr'><strong>μυστήριον,</strong></span> <span class='ocrx_word' id='word_1_270' title='bbox 524 3260 1067 3333; x_wconf 83' lang='grc' dir='ltr'>κατακερτομοῦντες</span> <span class='ocrx_word' id='word_1_271' title='bbox 1097 3260 1353 3329; x_wconf 75' lang='grc' dir='ltr'>ἔφασκον·</span> <span class='ocrx_word' id='word_1_272' title='bbox 1394 3280 1413 3313; x_wconf 78' lang='grc' dir='ltr'><strong>ι</strong></span> <span class='ocrx_word' id='word_1_273' title='bbox 1444 3263 1557 3333; x_wconf 84' lang='grc' dir='ltr'>Οὐχ</span> <span class='ocrx_word' id='word_1_274' title='bbox 1580 3257 1735 3327; x_wconf 73' lang='grc' dir='ltr'>οὗτός</span> 
     </span>
    </p>
   </div>
   <div class='ocr_carea' id='block_1_37' title="bbox 146 3349 1733 3421">
    <p class='ocr_par' dir='ltr' id='par_1_37' title="bbox 146 3349 1733 3421">
     <span class='ocr_line' id='line_1_37' title="bbox 146 3349 1733 3421; baseline -0.008 -10"><span class='ocrx_word' id='word_1_275' title='bbox 146 3363 299 3413; x_wconf 71' lang='grc' dir='ltr'>ἐστιν</span> <span class='ocrx_word' id='word_1_276' title='bbox 332 3358 363 3409; x_wconf 95' lang='lat'><strong>6</strong></span> <span class='ocrx_word' id='word_1_277' title='bbox 412 3351 507 3406; x_wconf 89' lang='grc' dir='ltr'><strong>τοῦ</strong></span> <span class='ocrx_word' id='word_1_278' title='bbox 559 3351 812 3415; x_wconf 81' lang='grc' dir='ltr'>τέκτονος</span> <span class='ocrx_word' id='word_1_279' title='bbox 875 3350 1020 3416; x_wconf 82' lang='grc' dir='ltr'>υίός;</span> <span class='ocrx_word' id='word_1_280' title='bbox 1081 3350 1198 3414; x_wconf 86' lang='grc' dir='ltr'><strong>πῶς</strong></span> <span class='ocrx_word' id='word_1_281' title='bbox 1241 3349 1336 3404; x_wconf 89' lang='grc' dir='ltr'><strong>νῦν</strong></span> <span class='ocrx_word' id='word_1_282' title='bbox 1386 3350 1560 3421; x_wconf 80' lang='grc' dir='ltr'><strong>λέγει,</strong></span> <span class='ocrx_word' id='word_1_283' title='bbox 1612 3352 1733 3405; x_wconf 83' lang='grc' dir='ltr'><strong>Ὅτι</strong></span> 
     </span>
    </p>
   </div>
   <div class='ocr_carea' id='block_1_38' title="bbox 144 3440 1733 3516">
    <p class='ocr_par' dir='ltr' id='par_1_38' title="bbox 144 3440 1733 3516">
     <span class='ocr_line' id='line_1_38' title="bbox 144 3440 1733 3516; baseline -0.006 -12"><span class='ocrx_word' id='word_1_284' title='bbox 144 3452 211 3504; x_wconf 81' lang='grc' dir='ltr'><strong>ἐκ</strong></span> <span class='ocrx_word' id='word_1_285' title='bbox 232 3446 329 3503; x_wconf 90' lang='grc' dir='ltr'><strong>τοῦ</strong></span> <span class='ocrx_word' id='word_1_286' title='bbox 360 3442 594 3516; x_wconf 84' lang='grc' dir='ltr'>οὐρανοῦ</span> <span class='ocrx_word' id='word_1_287' title='bbox 621 3440 1013 3513; x_wconf 78' lang='grc' dir='ltr'><strong>καταϐέϐηκα;</strong></span> <span class='ocrx_word' id='word_1_288' title='bbox 1044 3459 1064 3491; x_wconf 72' lang='grc' dir='ltr'>ι</span> <span class='ocrx_word' id='word_1_289' title='bbox 1104 3440 1360 3513; x_wconf 77' lang='grc' dir='ltr'>’Λόρατον</span> <span class='ocrx_word' id='word_1_290' title='bbox 1393 3441 1495 3512; x_wconf 84' lang='grc' dir='ltr'><strong>μὲν</strong></span> <span class='ocrx_word' id='word_1_291' title='bbox 1528 3441 1636 3513; x_wconf 84' lang='grc' dir='ltr'><strong>γὰρ</strong></span> <span class='ocrx_word' id='word_1_292' title='bbox 1664 3444 1733 3514; x_wconf 74' lang='grc' dir='ltr'><strong>τῇ</strong></span> 
     </span>
    </p>
   </div>
   <div class='ocr_carea' id='block_1_39' title="bbox 146 3533 1735 3613">
    <p class='ocr_par' dir='ltr' id='par_1_39' title="bbox 146 3533 1735 3613">
     <span class='ocr_line' id='line_1_39' title="bbox 146 3533 1735 3613; baseline -0.004 -17"><span class='ocrx_word' id='word_1_293' title='bbox 146 3544 315 3613; x_wconf 69' lang='grc' dir='ltr'>φύσει</span> <span class='ocrx_word' id='word_1_294' title='bbox 339 3539 403 3593; x_wconf 87' lang='grc' dir='ltr'><strong>τὸ</strong></span> <span class='ocrx_word' id='word_1_295' title='bbox 430 3538 604 3591; x_wconf 81' lang='grc' dir='ltr'>Θεῐον.</span> <span class='ocrx_word' id='word_1_296' title='bbox 630 3534 809 3605; x_wconf 83' lang='grc' dir='ltr'><strong>Ὠφθη</strong></span> <span class='ocrx_word' id='word_1_297' title='bbox 839 3550 904 3603; x_wconf 89' lang='grc' dir='ltr'><strong>γε</strong></span> <span class='ocrx_word' id='word_1_298' title='bbox 948 3533 1066 3613; x_wconf 67' lang='grc' dir='ltr'><strong>Δμὴν</strong></span> <span class='ocrx_word' id='word_1_299' title='bbox 1109 3536 1221 3597; x_wconf 81' lang='grc' dir='ltr'>τοῖς</span> <span class='ocrx_word' id='word_1_300' title='bbox 1275 3533 1370 3587; x_wconf 75' lang='grc' dir='ltr'>ἐπὶ</span> <span class='ocrx_word' id='word_1_301' title='bbox 1397 3534 1497 3606; x_wconf 86' lang='grc' dir='ltr'><strong>τῆς</strong></span> <span class='ocrx_word' id='word_1_302' title='bbox 1526 3534 1629 3605; x_wconf 83' lang='grc' dir='ltr'><strong>γῆς</strong></span> <span class='ocrx_word' id='word_1_303' title='bbox 1675 3537 1735 3589; x_wconf 79' lang='grc' dir='ltr'>ὲν</span> 
     </span>
    </p>
   </div>
   <div class='ocr_carea' id='block_1_40' title="bbox 144 3607 1731 3702">
    <p class='ocr_par' dir='ltr' id='par_1_40' title="bbox 144 3607 1731 3702">
     <span class='ocr_line' id='line_1_40' title="bbox 144 3607 1731 3702; baseline -0.005 -13"><span class='ocrx_word' id='word_1_304' title='bbox 144 3607 282 3689; x_wconf 79' lang='grc' dir='ltr'>εἴδει</span> <span class='ocrx_word' id='word_1_305' title='bbox 313 3630 392 3702; x_wconf 77' lang='grc' dir='ltr'><strong>τῷ</strong></span> <span class='ocrx_word' id='word_1_306' title='bbox 427 3630 547 3683; x_wconf 79' lang='grc' dir='ltr'>καθ’</span> <span class='ocrx_word' id='word_1_307' title='bbox 575 3628 742 3699; x_wconf 76' lang='grc' dir='ltr'><strong>ἡμᾶς,</strong></span> <span class='ocrx_word' id='word_1_308' title='bbox 766 3629 795 3680; x_wconf 93' lang='lat'><strong>6</strong></span> <span class='ocrx_word' id='word_1_309' title='bbox 825 3607 970 3680; x_wconf 68' lang='grc' dir='ltr'>κατά</span> <span class='ocrx_word' id='word_1_310' title='bbox 1020 3624 1183 3693; x_wconf 81' lang='grc' dir='ltr'>φύσιν</span> <span class='ocrx_word' id='word_1_311' title='bbox 1218 3626 1356 3680; x_wconf 88' lang='grc' dir='ltr'>ίδίαν</span> <span class='ocrx_word' id='word_1_312' title='bbox 1375 3626 1474 3698; x_wconf 85' lang='grc' dir='ltr'><strong>οὐχ</strong></span> <span class='ocrx_word' id='word_1_313' title='bbox 1518 3627 1731 3699; x_wconf 83' lang='grc' dir='ltr'>ὁρατὸς,</span> 
     </span>
    </p>
   </div>
   <div class='ocr_carea' id='block_1_41' title="bbox 144 3713 1733 3791">
    <p class='ocr_par' dir='ltr' id='par_1_41' title="bbox 144 3713 1733 3791">
     <span class='ocr_line' id='line_1_41' title="bbox 144 3713 1733 3791; baseline -0.004 -13"><span class='ocrx_word' id='word_1_314' title='bbox 144 3726 247 3781; x_wconf 72' lang='grc' dir='ltr'><strong>καὶ</strong></span> <span class='ocrx_word' id='word_1_315' title='bbox 269 3722 544 3791; x_wconf 28' lang='grc' dir='ltr'>ὲπέφηανεν</span> <span class='ocrx_word' id='word_1_316' title='bbox 566 3719 697 3789; x_wconf 79' lang='grc' dir='ltr'>ἡμῖν</span> <span class='ocrx_word' id='word_1_317' title='bbox 723 3716 855 3779; x_wconf 88' lang='grc' dir='ltr'>Θεὸς</span> <span class='ocrx_word' id='word_1_318' title='bbox 875 3714 951 3770; x_wconf 85' lang='grc' dir='ltr'><strong>ὢν</strong></span> <span class='ocrx_word' id='word_1_319' title='bbox 972 3715 1195 3786; x_wconf 81' lang='grc' dir='ltr'>Κύριος.</span> <span class='ocrx_word' id='word_1_320' title='bbox 1217 3716 1330 3770; x_wconf 65' lang='grc' dir='ltr'><strong>Καὶ⁵</strong></span> <span class='ocrx_word' id='word_1_321' title='bbox 1351 3716 1530 3783; x_wconf 87' lang='grc' dir='ltr'>τοῦτο,</span> <span class='ocrx_word' id='word_1_322' title='bbox 1557 3713 1733 3788; x_wconf 74' lang='grc' dir='ltr'>οἶμαι,</span> 
     </span>
    </p>
   </div>
   <div class='ocr_carea' id='block_1_42' title="bbox 144 3807 1734 3880">
    <p class='ocr_par' dir='ltr' id='par_1_42' title="bbox 144 3807 1734 3880">
     <span class='ocr_line' id='line_1_42' title="bbox 144 3807 1734 3880; baseline -0.005 -8"><span class='ocrx_word' id='word_1_323' title='bbox 144 3818 397 3873; x_wconf 73' lang='grc' dir='ltr'><strong>διδάσκει</strong></span> <span class='ocrx_word' id='word_1_324' title='bbox 453 3812 627 3879; x_wconf 81' lang='grc' dir='ltr'>λέγων</span> <span class='ocrx_word' id='word_1_325' title='bbox 655 3811 683 3863; x_wconf 91' lang='lat'><strong>6</strong></span> <span class='ocrx_word' id='word_1_326' title='bbox 714 3807 1001 3871; x_wconf 81' lang='grc' dir='ltr'>Θεσπέσιος</span> <span class='ocrx_word' id='word_1_327' title='bbox 1032 3807 1214 3861; x_wconf 76' lang='grc' dir='ltr'><strong>Δαόίδ⁸</strong></span> <span class='ocrx_word' id='word_1_328' title='bbox 1246 3825 1266 3860; x_wconf 81' lang='grc' dir='ltr'>ι</span> <span class='ocrx_word' id='word_1_329' title='bbox 1304 3808 1361 3861; x_wconf 82' lang='grc' dir='ltr'>Ὀ</span> <span class='ocrx_word' id='word_1_330' title='bbox 1387 3807 1521 3873; x_wconf 82' lang='grc' dir='ltr'>Θεὸς</span> <span class='ocrx_word' id='word_1_331' title='bbox 1554 3811 1734 3880; x_wconf 78' lang='grc' dir='ltr'><strong>ἐμφα-</strong></span> 
     </span>
    </p>
   </div>
   <div class='ocr_carea' id='block_1_43' title="bbox 145 3900 1735 3975">
    <p class='ocr_par' dir='ltr' id='par_1_43' title="bbox 145 3900 1735 3975">
     <span class='ocr_line' id='line_1_43' title="bbox 145 3900 1735 3975; baseline -0.009 -14"><span class='ocrx_word' id='word_1_332' title='bbox 145 3909 259 3972; x_wconf 77' lang='grc' dir='ltr'>νῶς</span> <span class='ocrx_word' id='word_1_333' title='bbox 310 3905 452 3975; x_wconf 73' lang='grc' dir='ltr'>ἥξει,</span> <span class='ocrx_word' id='word_1_334' title='bbox 487 3906 515 3958; x_wconf 90' lang='lat'><strong>6</strong></span> <span class='ocrx_word' id='word_1_335' title='bbox 570 3902 703 3966; x_wconf 85' lang='grc' dir='ltr'>Θεὸς</span> <span class='ocrx_word' id='word_1_336' title='bbox 740 3900 931 3973; x_wconf 76' lang='grc' dir='ltr'><strong>ἡμῶν,</strong></span> <span class='ocrx_word' id='word_1_337' title='bbox 974 3901 1069 3954; x_wconf 81' lang='grc' dir='ltr'><strong>καὶ</strong></span> <span class='ocrx_word' id='word_1_338' title='bbox 1116 3900 1177 3953; x_wconf 87' lang='grc' dir='ltr'><strong>οὐ</strong></span> <span class='ocrx_word' id='word_1_339' title='bbox 1234 3902 1735 3975; x_wconf 71' lang='grc' dir='ltr'>παρασιωπηθήσε-</span> 
     </span>
    </p>
   </div>
   <div class='ocr_carea' id='block_1_44' title="bbox 146 4016 319 4055">
    <p class='ocr_par' dir='ltr' id='par_1_44' title="bbox 146 4016 319 4055">
     <span class='ocr_line' id='line_1_44' title="bbox 146 4016 319 4055; baseline -0.023 0"><span class='ocrx_word' id='word_1_340' title='bbox 146 4019 268 4055; x_wconf 74' lang='grc' dir='ltr'>ται.</span> <span class='ocrx_word' id='word_1_341' title='bbox 298 4016 319 4051; x_wconf 73' lang='grc' dir='ltr'>ι</span> 
     </span>
    </p>
   </div>
   <div class='ocr_carea' id='block_1_45' title="bbox 228 4080 1736 4160">
    <p class='ocr_par' dir='ltr' id='par_1_45' title="bbox 228 4080 1736 4160">
     <span class='ocr_line' id='line_1_45' title="bbox 228 4080 1736 4160; baseline -0.001 -15"><span class='ocrx_word' id='word_1_342' title='bbox 228 4093 295 4145; x_wconf 87' lang='grc' dir='ltr'><strong>Β.</strong></span> <span class='ocrx_word' id='word_1_343' title='bbox 335 4089 556 4160; x_wconf 66' lang='grc' dir='ltr'><strong>⁴ιθρονεῖς</strong></span> <span class='ocrx_word' id='word_1_344' title='bbox 597 4087 695 4159; x_wconf 74' lang='grc' dir='ltr'><strong>μὲν</strong></span> <span class='ocrx_word' id='word_1_345' title='bbox 739 4084 957 4158; x_wconf 77' lang='grc' dir='ltr'>δρθῶςο</span> <span class='ocrx_word' id='word_1_346' title='bbox 988 4086 1185 4139; x_wconf 82' lang='grc' dir='ltr'>ὲκείνοί</span> <span class='ocrx_word' id='word_1_347' title='bbox 1228 4103 1293 4155; x_wconf 86' lang='grc' dir='ltr'><strong>γε</strong></span> <span class='ocrx_word' id='word_1_348' title='bbox 1347 4087 1455 4159; x_wconf 82' lang='grc' dir='ltr'><strong>μὴν</strong></span> <span class='ocrx_word' id='word_1_349' title='bbox 1495 4089 1595 4159; x_wconf 85' lang='grc' dir='ltr'><strong>οὐχ</strong></span> <span class='ocrx_word' id='word_1_350' title='bbox 1633 4080 1736 4143; x_wconf 82' lang='grc' dir='ltr'>ὧδε</span> 
     </span>
    </p>
   </div>
   <div class='ocr_carea' id='block_1_46' title="bbox 151 4179 1740 4254">
    <p class='ocr_par' dir='ltr' id='par_1_46' title="bbox 151 4179 1740 4254">
     <span class='ocr_line' id='line_1_46' title="bbox 151 4179 1740 4254; baseline -0.003 -14"><span class='ocrx_word' id='word_1_351' title='bbox 151 4185 312 4243; x_wconf 77' lang='grc' dir='ltr'>ταῦτ’</span> <span class='ocrx_word' id='word_1_352' title='bbox 346 4183 490 4254; x_wconf 75' lang='grc' dir='ltr'>ἔχειν</span> <span class='ocrx_word' id='word_1_353' title='bbox 518 4180 894 4245; x_wconf 88' lang='grc' dir='ltr'>διατείνονται,</span> <span class='ocrx_word' id='word_1_354' title='bbox 925 4179 1122 4233; x_wconf 81' lang='grc' dir='ltr'>πολλοῦ</span> <span class='ocrx_word' id='word_1_355' title='bbox 1148 4197 1211 4249; x_wconf 88' lang='grc' dir='ltr'><strong>γε</strong></span> <span class='ocrx_word' id='word_1_356' title='bbox 1241 4181 1336 4234; x_wconf 72' lang='grc' dir='ltr'>καὶ</span> <span class='ocrx_word' id='word_1_357' title='bbox 1355 4182 1455 4235; x_wconf 78' lang='grc' dir='ltr'>δεῖ.</span> <span class='ocrx_word' id='word_1_358' title='bbox 1485 4182 1623 4237; x_wconf 83' lang='grc' dir='ltr'><strong>Κατ’</strong></span> <span class='ocrx_word' id='word_1_359' title='bbox 1649 4184 1740 4236; x_wconf 81' lang='grc' dir='ltr'>οὐ·</span> 
     </span>
    </p>
   </div>
   <div class='ocr_carea' id='block_1_47' title="bbox 149 4268 1739 4346">
    <p class='ocr_par' dir='ltr' id='par_1_47' title="bbox 149 4268 1739 4346">
     <span class='ocr_line' id='line_1_47' title="bbox 149 4268 1739 4346; baseline -0.003 -14"><span class='ocrx_word' id='word_1_360' title='bbox 149 4280 289 4333; x_wconf 84' lang='grc' dir='ltr'>δένα</span> <span class='ocrx_word' id='word_1_361' title='bbox 338 4273 676 4346; x_wconf 75' lang='grc' dir='ltr'>γὰρτρόπον</span> <span class='ocrx_word' id='word_1_362' title='bbox 706 4271 766 4325; x_wconf 90' lang='grc' dir='ltr'>τὸ</span> <span class='ocrx_word' id='word_1_363' title='bbox 795 4271 889 4323; x_wconf 75' lang='grc' dir='ltr'><strong>ἐπὶ</strong></span> <span class='ocrx_word' id='word_1_364' title='bbox 921 4268 997 4341; x_wconf 79' lang='grc' dir='ltr'>τῷ</span> <span class='ocrx_word' id='word_1_365' title='bbox 1033 4271 1252 4342; x_wconf 84' lang='grc' dir='ltr'>σταυρῷ</span> <span class='ocrx_word' id='word_1_366' title='bbox 1296 4272 1468 4335; x_wconf 83' lang='grc' dir='ltr'>πάθος</span> <span class='ocrx_word' id='word_1_367' title='bbox 1526 4272 1739 4340; x_wconf 81' lang='grc' dir='ltr'>ἀξιοῦσι</span> 
     </span>
    </p>
   </div>
   <div class='ocr_carea' id='block_1_48' title="bbox 154 4363 1740 4442">
    <p class='ocr_par' dir='ltr' id='par_1_48' title="bbox 154 4363 1740 4442">
     <span class='ocr_line' id='line_1_48' title="bbox 154 4363 1740 4442; baseline 0 -20"><span class='ocrx_word' id='word_1_368' title='bbox 154 4369 492 4442; x_wconf 82' lang='grc' dir='ltr'>προσνέμειν</span> <span class='ocrx_word' id='word_1_369' title='bbox 524 4365 603 4436; x_wconf 83' lang='grc' dir='ltr'><strong>τῷ</strong></span> <span class='ocrx_word' id='word_1_370' title='bbox 654 4367 719 4418; x_wconf 73' lang='grc' dir='ltr'><strong>ὲκ</strong></span> <span class='ocrx_word' id='word_1_371' title='bbox 749 4363 884 4419; x_wconf 88' lang='grc' dir='ltr'>Θεοῦ</span> <span class='ocrx_word' id='word_1_372' title='bbox 919 4364 1077 4434; x_wconf 81' lang='grc' dir='ltr'>φύντι</span> <span class='ocrx_word' id='word_1_373' title='bbox 1114 4364 1293 4434; x_wconf 86' lang='grc' dir='ltr'><strong>Λόγῳ,</strong></span> <span class='ocrx_word' id='word_1_374' title='bbox 1322 4368 1740 4437; x_wconf 82' lang='grc' dir='ltr'>παρασκευάσαι</span> 
     </span>
    </p>
   </div>
   <div class='ocr_carea' id='block_1_49' title="bbox 154 4455 1742 4534">
    <p class='ocr_par' dir='ltr' id='par_1_49' title="bbox 154 4455 1742 4534">
     <span class='ocr_line' id='line_1_49' title="bbox 154 4455 1742 4534; baseline 0 -20"><span class='ocrx_word' id='word_1_375' title='bbox 154 4466 213 4518; x_wconf 71' lang='grc' dir='ltr'>δὲ</span> <span class='ocrx_word' id='word_1_376' title='bbox 241 4461 445 4534; x_wconf 77' lang='grc' dir='ltr'>μᾶλλον</span> <span class='ocrx_word' id='word_1_377' title='bbox 466 4459 629 4529; x_wconf 67' lang='grc' dir='ltr'>φασιν</span> <span class='ocrx_word' id='word_1_378' title='bbox 646 4457 807 4512; x_wconf 89' lang='grc' dir='ltr'>αὐτὸν</span> <span class='ocrx_word' id='word_1_379' title='bbox 829 4456 918 4511; x_wconf 90' lang='grc' dir='ltr'>τὸν</span> <span class='ocrx_word' id='word_1_380' title='bbox 938 4455 1280 4525; x_wconf 75' lang='grc' dir='ltr'>συναφθέντα</span> <span class='ocrx_word' id='word_1_381' title='bbox 1303 4457 1452 4529; x_wconf 82' lang='grc' dir='ltr'>αὐτῷ</span> <span class='ocrx_word' id='word_1_382' title='bbox 1476 4461 1599 4514; x_wconf 83' lang='grc' dir='ltr'>κατ’</span> <span class='ocrx_word' id='word_1_383' title='bbox 1632 4462 1742 4514; x_wconf 89' lang='grc' dir='ltr'>ίσο-</span> 
     </span>
    </p>
   </div>
   <div class='ocr_carea' id='block_1_50' title="bbox 1828 586 3403 666">
    <p class='ocr_par' dir='ltr' id='par_1_50' title="bbox 1828 586 3403 666">
     <span class='ocr_line' id='line_1_50' title="bbox 1828 586 3403 666; baseline 0.006 -26"><span class='ocrx_word' id='word_1_384' title='bbox 1828 600 1929 643; x_wconf 88' lang='lat' dir='ltr'><strong>nus</strong></span> <span class='ocrx_word' id='word_1_385' title='bbox 1966 586 2197 643; x_wconf 86' lang='lat' dir='ltr'><strong>salvavit</strong></span> <span class='ocrx_word' id='word_1_386' title='bbox 2225 602 2348 654; x_wconf 91' lang='lat' dir='ltr'><strong>nos,</strong></span> <span class='ocrx_word' id='word_1_387' title='bbox 2377 589 2654 659; x_wconf 80' lang='lat' dir='ltr'><strong>praprium</strong></span> <span class='ocrx_word' id='word_1_388' title='bbox 2688 605 2844 646; x_wconf 91' lang='lat' dir='ltr'><strong>suum</strong></span> <span class='ocrx_word' id='word_1_389' title='bbox 2869 594 3181 664; x_wconf 82' lang='lat' dir='ltr'><strong>sanguinem</strong></span> <span class='ocrx_word' id='word_1_390' title='bbox 3214 595 3266 650; x_wconf 92' lang='lat' dir='ltr'><strong>in</strong></span> <span class='ocrx_word' id='word_1_391' title='bbox 3293 611 3403 666; x_wconf 87' lang='lat' dir='ltr'><strong>pre-</strong></span> 
     </span>
    </p>
   </div>
   <div class='ocr_carea' id='block_1_51' title="bbox 1828 680 3413 757">
    <p class='ocr_par' dir='ltr' id='par_1_51' title="bbox 1828 680 3413 757">
     <span class='ocr_line' id='line_1_51' title="bbox 1828 680 3413 757; baseline 0.006 -25"><span class='ocrx_word' id='word_1_392' title='bbox 1828 680 1962 733; x_wconf 90' lang='lat' dir='ltr'><strong>tium</strong></span> <span class='ocrx_word' id='word_1_393' title='bbox 2002 680 2391 750; x_wconf 75' lang='lat' dir='ltr'><strong>redemptionis</strong></span> <span class='ocrx_word' id='word_1_394' title='bbox 2423 681 2550 737; x_wconf 86' lang='lat' dir='ltr'><strong>vitae</strong></span> <span class='ocrx_word' id='word_1_395' title='bbox 2583 684 2825 737; x_wconf 92' lang='lat' dir='ltr'><strong>omnium</strong></span> <span class='ocrx_word' id='word_1_396' title='bbox 2870 685 3024 739; x_wconf 83' lang='lat' dir='ltr'><strong>dans.</strong></span> <span class='ocrx_word' id='word_1_397' title='bbox 3076 703 3096 737; x_wconf 81' lang='grc' dir='ltr'><strong>ι</strong></span> <span class='ocrx_word' id='word_1_398' title='bbox 3132 687 3413 757; x_wconf 83' lang='lat' dir='ltr'><strong>Redempti</strong></span> 
     </span>
    </p>
   </div>
   <div class='ocr_carea' id='block_1_52' title="bbox 1826 772 3413 847">
    <p class='ocr_par' dir='ltr' id='par_1_52' title="bbox 1826 772 3413 847">
     <span class='ocr_line' id='line_1_52' title="bbox 1826 772 3413 847; baseline 0.004 -22"><span class='ocrx_word' id='word_1_399' title='bbox 1826 772 1971 827; x_wconf 92' lang='lat' dir='ltr'><strong>enim</strong></span> <span class='ocrx_word' id='word_1_400' title='bbox 2019 786 2209 829; x_wconf 89' lang='lat' dir='ltr'><strong>sumus</strong></span> <span class='ocrx_word' id='word_1_401' title='bbox 2254 787 2363 827; x_wconf 88' lang='lat' dir='ltr'><strong>non</strong></span> <span class='ocrx_word' id='word_1_402' title='bbox 2410 774 2856 843; x_wconf 89' lang='lat' dir='ltr'><strong>corruptibilibus</strong></span> <span class='ocrx_word' id='word_1_403' title='bbox 2904 788 3128 847; x_wconf 78' lang='lat' dir='ltr'><strong>argento</strong></span> <span class='ocrx_word' id='word_1_404' title='bbox 3170 788 3224 833; x_wconf 92' lang='lat' dir='ltr'><strong>et</strong></span> <span class='ocrx_word' id='word_1_405' title='bbox 3256 795 3413 846; x_wconf 86' lang='lat' dir='ltr'><strong>auro,</strong></span> 
     </span>
    </p>
   </div>
   <div class='ocr_carea' id='block_1_53' title="bbox 1828 862 3413 938">
    <p class='ocr_par' dir='ltr' id='par_1_53' title="bbox 1828 862 3413 938">
     <span class='ocr_line' id='line_1_53' title="bbox 1828 862 3413 938; baseline 0.003 -20"><span class='ocrx_word' id='word_1_406' title='bbox 1828 862 1924 918; x_wconf 91' lang='lat' dir='ltr'><strong>sed</strong></span> <span class='ocrx_word' id='word_1_407' title='bbox 1955 863 2194 933; x_wconf 89' lang='lat' dir='ltr'><strong>pretioso</strong></span> <span class='ocrx_word' id='word_1_408' title='bbox 2235 862 2499 935; x_wconf 90' lang='lat' dir='ltr'><strong>sanguine</strong></span> <span class='ocrx_word' id='word_1_409' title='bbox 2524 864 2679 934; x_wconf 90' lang='lat' dir='ltr'><strong>quasi</strong></span> <span class='ocrx_word' id='word_1_410' title='bbox 2727 865 2849 934; x_wconf 88' lang='lat' dir='ltr'><strong>agni</strong></span> <span class='ocrx_word' id='word_1_411' title='bbox 2882 866 3209 922; x_wconf 89' lang='lat' dir='ltr'><strong>immaculati</strong></span> <span class='ocrx_word' id='word_1_412' title='bbox 3252 877 3413 938; x_wconf 83' lang='lat' dir='ltr'><strong>atque</strong></span> 
     </span>
    </p>
   </div>
   <div class='ocr_carea' id='block_1_54' title="bbox 1827 957 3412 1029">
    <p class='ocr_par' dir='ltr' id='par_1_54' title="bbox 1827 957 3412 1029">
     <span class='ocr_line' id='line_1_54' title="bbox 1827 957 3412 1029; baseline 0.003 -17"><span class='ocrx_word' id='word_1_413' title='bbox 1827 957 2237 1014; x_wconf 85' lang='lat' dir='ltr'><strong>incontaminati</strong></span> <span class='ocrx_word' id='word_1_414' title='bbox 2271 957 2496 1024; x_wconf 75' lang='lat' dir='ltr'><strong>Christi,</strong></span> <span class='ocrx_word' id='word_1_415' title='bbox 2542 958 2631 1027; x_wconf 88' lang='lat' dir='ltr'><strong>qui</strong></span> <span class='ocrx_word' id='word_1_416' title='bbox 2680 958 2874 1015; x_wconf 86' lang='lat' dir='ltr'><strong>obtulit</strong></span> <span class='ocrx_word' id='word_1_417' title='bbox 2911 975 2970 1015; x_wconf 92' lang='lat' dir='ltr'><strong>se</strong></span> <span class='ocrx_word' id='word_1_418' title='bbox 3003 976 3102 1029; x_wconf 92' lang='lat' dir='ltr'><strong>pro</strong></span> <span class='ocrx_word' id='word_1_419' title='bbox 3152 961 3309 1018; x_wconf 90' lang='lat' dir='ltr'><strong>nobis</strong></span> <span class='ocrx_word' id='word_1_420' title='bbox 3358 963 3412 1016; x_wconf 92' lang='lat' dir='ltr'><strong>in</strong></span> 
     </span>
    </p>
   </div>
   <div class='ocr_carea' id='block_1_55' title="bbox 1827 1049 3413 1123">
    <p class='ocr_par' dir='ltr' id='par_1_55' title="bbox 1827 1049 3413 1123">
     <span class='ocr_line' id='line_1_55' title="bbox 1827 1049 3413 1123; baseline 0.001 -18"><span class='ocrx_word' id='word_1_421' title='bbox 1827 1050 2047 1106; x_wconf 91' lang='lat' dir='ltr'><strong>odorem</strong></span> <span class='ocrx_word' id='word_1_422' title='bbox 2071 1050 2358 1106; x_wconf 81' lang='lat' dir='ltr'><strong>suavitatis</strong></span> <span class='ocrx_word' id='word_1_423' title='bbox 2389 1049 2500 1105; x_wconf 87' lang='lat' dir='ltr'><strong>Deo</strong></span> <span class='ocrx_word' id='word_1_424' title='bbox 2526 1066 2589 1106; x_wconf 88' lang='lat' dir='ltr'><strong>ac</strong></span> <span class='ocrx_word' id='word_1_425' title='bbox 2612 1050 2759 1107; x_wconf 84' lang='lat' dir='ltr'><strong>Patri</strong></span> <span class='ocrx_word' id='word_1_426' title='bbox 2788 1053 2805 1083; x_wconf 79' lang='grc' dir='ltr'><strong>ί</strong></span> <span class='ocrx_word' id='word_1_427' title='bbox 2830 1068 2845 1117; x_wconf 91' lang='grc'>;</span> <span class='ocrx_word' id='word_1_428' title='bbox 2882 1070 2901 1103; x_wconf 74' lang='grc' dir='ltr'><strong>ι</strong></span> <span class='ocrx_word' id='word_1_429' title='bbox 2940 1053 3096 1123; x_wconf 84' lang='lat' dir='ltr'><strong>cujus</strong></span> <span class='ocrx_word' id='word_1_430' title='bbox 3126 1053 3205 1109; x_wconf 86' lang='lat' dir='ltr'><strong>rei</strong></span> <span class='ocrx_word' id='word_1_431' title='bbox 3252 1052 3413 1108; x_wconf 88' lang='lat' dir='ltr'><strong>ﬁdem</strong></span> 
     </span>
    </p>
   </div>
   <div class='ocr_carea' id='block_1_56' title="bbox 1827 1142 3415 1214">
    <p class='ocr_par' dir='ltr' id='par_1_56' title="bbox 1827 1142 3415 1214">
     <span class='ocr_line' id='line_1_56' title="bbox 1827 1142 3415 1214; baseline 0.001 -17"><span class='ocrx_word' id='word_1_432' title='bbox 1827 1157 2042 1214; x_wconf 91' lang='lat' dir='ltr'><strong>quoque</strong></span> <span class='ocrx_word' id='word_1_433' title='bbox 2087 1143 2245 1199; x_wconf 90' lang='lat' dir='ltr'><strong>nobis</strong></span> <span class='ocrx_word' id='word_1_434' title='bbox 2301 1142 2467 1199; x_wconf 78' lang='lat' dir='ltr'><strong>faciet</strong></span> <span class='ocrx_word' id='word_1_435' title='bbox 2512 1142 2647 1211; x_wconf 80' lang='lat' dir='ltr'><strong>legis</strong></span> <span class='ocrx_word' id='word_1_436' title='bbox 2697 1143 3061 1214; x_wconf 87' lang='lat' dir='ltr'><strong>peritissimus</strong></span> <span class='ocrx_word' id='word_1_437' title='bbox 3095 1144 3292 1200; x_wconf 86' lang='lat' dir='ltr'><strong>Paulus</strong></span> <span class='ocrx_word' id='word_1_438' title='bbox 3338 1146 3415 1199; x_wconf 82' lang='lat' dir='ltr'><strong>ita</strong></span> 
     </span>
    </p>
   </div>
   <div class='ocr_carea' id='block_1_57' title="bbox 1828 1235 3411 1306">
    <p class='ocr_par' dir='ltr' id='par_1_57' title="bbox 1828 1235 3411 1306">
     <span class='ocr_line' id='line_1_57' title="bbox 1828 1235 3411 1306; baseline 0.001 -16"><span class='ocrx_word' id='word_1_439' title='bbox 1828 1235 2073 1291; x_wconf 90' lang='lat' dir='ltr'><strong>scribens</strong></span> <span class='ocrx_word' id='word_1_440' title='bbox 2104 1254 2119 1291; x_wconf 88' lang='lat'><strong>:</strong></span> <span class='ocrx_word' id='word_1_441' title='bbox 2156 1252 2179 1287; x_wconf 80' lang='grc' dir='ltr'><strong>ι</strong></span> <span class='ocrx_word' id='word_1_442' title='bbox 2218 1235 2404 1291; x_wconf 88' lang='lat' dir='ltr'><strong>Estote</strong></span> <span class='ocrx_word' id='word_1_443' title='bbox 2433 1236 2617 1306; x_wconf 82' lang='lat' dir='ltr'><strong>itaque</strong></span> <span class='ocrx_word' id='word_1_444' title='bbox 2655 1237 2970 1293; x_wconf 86' lang='lat' dir='ltr'><strong>imitatores</strong></span> <span class='ocrx_word' id='word_1_445' title='bbox 2999 1237 3117 1303; x_wconf 91' lang='lat' dir='ltr'><strong>Dei,</strong></span> <span class='ocrx_word' id='word_1_446' title='bbox 3147 1236 3288 1293; x_wconf 88' lang='lat' dir='ltr'><strong>sicut</strong></span> <span class='ocrx_word' id='word_1_447' title='bbox 3318 1238 3411 1291; x_wconf 86' lang='lat' dir='ltr'><strong>lilii</strong></span> 
     </span>
    </p>
   </div>
   <div class='ocr_carea' id='block_1_58' title="bbox 1829 1328 3409 1397">
    <p class='ocr_par' dir='ltr' id='par_1_58' title="bbox 1829 1328 3409 1397">
     <span class='ocr_line' id='line_1_58' title="bbox 1829 1328 3409 1397; baseline -0.001 -14"><span class='ocrx_word' id='word_1_448' title='bbox 1829 1329 2159 1395; x_wconf 88' lang='lat' dir='ltr'><strong>charissimi,</strong></span> <span class='ocrx_word' id='word_1_449' title='bbox 2185 1338 2242 1384; x_wconf 92' lang='lat' dir='ltr'><strong>et</strong></span> <span class='ocrx_word' id='word_1_450' title='bbox 2274 1328 2547 1385; x_wconf 88' lang='lat' dir='ltr'><strong>ambulate</strong></span> <span class='ocrx_word' id='word_1_451' title='bbox 2578 1329 2632 1384; x_wconf 91' lang='lat' dir='ltr'><strong>in</strong></span> <span class='ocrx_word' id='word_1_452' title='bbox 2660 1330 2981 1397; x_wconf 74' lang='lat' dir='ltr'><strong>dilectione,</strong></span> <span class='ocrx_word' id='word_1_453' title='bbox 3003 1329 3145 1385; x_wconf 83' lang='lat' dir='ltr'><strong>sicut</strong></span> <span class='ocrx_word' id='word_1_454' title='bbox 3167 1337 3225 1385; x_wconf 91' lang='lat' dir='ltr'><strong>et</strong></span> <span class='ocrx_word' id='word_1_455' title='bbox 3246 1328 3409 1384; x_wconf 90' lang='lat' dir='ltr'><strong>Chri-</strong></span> 
     </span>
    </p>
   </div>
   <div class='ocr_carea' id='block_1_59' title="bbox 1829 1416 3410 1489">
    <p class='ocr_par' dir='ltr' id='par_1_59' title="bbox 1829 1416 3410 1489">
     <span class='ocr_line' id='line_1_59' title="bbox 1829 1416 3410 1489; baseline -0.002 -16"><span class='ocrx_word' id='word_1_456' title='bbox 1829 1430 1946 1473; x_wconf 86' lang='lat' dir='ltr'><strong>stus</strong></span> <span class='ocrx_word' id='word_1_457' title='bbox 1975 1417 2164 1474; x_wconf 83' lang='lat' dir='ltr'><strong>dilexit</strong></span> <span class='ocrx_word' id='word_1_458' title='bbox 2194 1433 2317 1483; x_wconf 91' lang='lat' dir='ltr'><strong>nos,</strong></span> <span class='ocrx_word' id='word_1_459' title='bbox 2361 1427 2417 1474; x_wconf 93' lang='lat' dir='ltr'><strong>et</strong></span> <span class='ocrx_word' id='word_1_460' title='bbox 2464 1418 2685 1474; x_wconf 90' lang='lat' dir='ltr'><strong>tradidit</strong></span> <span class='ocrx_word' id='word_1_461' title='bbox 2729 1419 3080 1489; x_wconf 86' lang='lat' dir='ltr'><strong>semetipsum</strong></span> <span class='ocrx_word' id='word_1_462' title='bbox 3125 1432 3224 1487; x_wconf 89' lang='lat' dir='ltr'><strong>pro</strong></span> <span class='ocrx_word' id='word_1_463' title='bbox 3257 1416 3410 1471; x_wconf 83' lang='lat' dir='ltr'><strong>nobis</strong></span> 
     </span>
    </p>
   </div>
   <div class='ocr_carea' id='block_1_60' title="bbox 1828 1508 3420 1565">
    <p class='ocr_par' dir='ltr' id='par_1_60' title="bbox 1828 1508 3420 1565">
     <span class='ocr_line' id='line_1_60' title="bbox 1828 1508 3420 1565; baseline -0.004 -2"><span class='ocrx_word' id='word_1_464' title='bbox 1828 1508 2155 1565; x_wconf 89' lang='lat' dir='ltr'><strong>oblationem</strong></span> <span class='ocrx_word' id='word_1_465' title='bbox 2179 1517 2234 1564; x_wconf 93' lang='lat' dir='ltr'><strong>et</strong></span> <span class='ocrx_word' id='word_1_466' title='bbox 2261 1508 2497 1564; x_wconf 85' lang='lat' dir='ltr'><strong>hostiam</strong></span> <span class='ocrx_word' id='word_1_467' title='bbox 2529 1510 2641 1565; x_wconf 90' lang='lat' dir='ltr'><strong>Deo</strong></span> <span class='ocrx_word' id='word_1_468' title='bbox 2668 1510 2719 1564; x_wconf 91' lang='lat' dir='ltr'><strong>in</strong></span> <span class='ocrx_word' id='word_1_469' title='bbox 2744 1510 2966 1564; x_wconf 91' lang='lat' dir='ltr'><strong>odorem</strong></span> <span class='ocrx_word' id='word_1_470' title='bbox 2998 1508 3339 1564; x_wconf 80' lang='lat' dir='ltr'><strong>suavilatis&#39;.</strong></span> <span class='ocrx_word' id='word_1_471' title='bbox 3386 1527 3420 1557; x_wconf 74' lang='grc' dir='ltr'><strong>ι.</strong></span> 
     </span>
    </p>
   </div>
   <div class='ocr_carea' id='block_1_61' title="bbox 1826 1600 3412 1674">
    <p class='ocr_par' dir='ltr' id='par_1_61' title="bbox 1826 1600 3412 1674">
     <span class='ocr_line' id='line_1_61' title="bbox 1826 1600 3412 1674; baseline -0.001 -17"><span class='ocrx_word' id='word_1_472' title='bbox 1826 1602 1960 1657; x_wconf 83' lang='lat' dir='ltr'><strong>Cum</strong></span> <span class='ocrx_word' id='word_1_473' title='bbox 1993 1602 2158 1674; x_wconf 80' lang='lat' dir='ltr'><strong>igitur</strong></span> <span class='ocrx_word' id='word_1_474' title='bbox 2188 1602 2443 1657; x_wconf 90' lang='lat' dir='ltr'><strong>Christus</strong></span> <span class='ocrx_word' id='word_1_475' title='bbox 2491 1602 2563 1659; x_wconf 90' lang='lat' dir='ltr'><strong>sit</strong></span> <span class='ocrx_word' id='word_1_476' title='bbox 2614 1600 2789 1657; x_wconf 80' lang='lat' dir='ltr'><strong>lactus</strong></span> <span class='ocrx_word' id='word_1_477' title='bbox 2832 1616 2933 1673; x_wconf 93' lang='lat' dir='ltr'><strong>pro</strong></span> <span class='ocrx_word' id='word_1_478' title='bbox 2966 1601 3123 1655; x_wconf 89' lang='lat' dir='ltr'><strong>nobis</strong></span> <span class='ocrx_word' id='word_1_479' title='bbox 3170 1600 3412 1656; x_wconf 83' lang='lat' dir='ltr'><strong>suavitas</strong></span> 
     </span>
    </p>
   </div>
   <div class='ocr_carea' id='block_1_62' title="bbox 1827 1690 3427 1761">
    <p class='ocr_par' dir='ltr' id='par_1_62' title="bbox 1827 1690 3427 1761">
     <span class='ocr_line' id='line_1_62' title="bbox 1827 1690 3427 1761; baseline -0.005 -13"><span class='ocrx_word' id='word_1_480' title='bbox 1827 1692 2036 1761; x_wconf 89' lang='lat' dir='ltr'><strong>odoris,</strong></span> <span class='ocrx_word' id='word_1_481' title='bbox 2063 1702 2119 1749; x_wconf 93' lang='lat' dir='ltr'><strong>et</strong></span> <span class='ocrx_word' id='word_1_482' title='bbox 2160 1693 2452 1749; x_wconf 90' lang='lat' dir='ltr'><strong>humanam</strong></span> <span class='ocrx_word' id='word_1_483' title='bbox 2495 1703 2743 1749; x_wconf 89' lang='lat' dir='ltr'><strong>naturam</strong></span> <span class='ocrx_word' id='word_1_484' title='bbox 2778 1694 2831 1748; x_wconf 92' lang='lat' dir='ltr'><strong>in</strong></span> <span class='ocrx_word' id='word_1_485' title='bbox 2865 1692 3047 1761; x_wconf 88' lang='lat' dir='ltr'><strong>seipso</strong></span> <span class='ocrx_word' id='word_1_486' title='bbox 3078 1690 3427 1761; x_wconf 87' lang='lat' dir='ltr'><strong>inculpatam.</strong></span> 
     </span>
    </p>
   </div>
   <div class='ocr_carea' id='block_1_63' title="bbox 1829 1785 3405 1857">
    <p class='ocr_par' dir='ltr' id='par_1_63' title="bbox 1829 1785 3405 1857">
     <span class='ocr_line' id='line_1_63' title="bbox 1829 1785 3405 1857; baseline -0.003 -17"><span class='ocrx_word' id='word_1_487' title='bbox 1829 1785 2140 1852; x_wconf 90' lang='lat' dir='ltr'><strong>declararit,</strong></span> <span class='ocrx_word' id='word_1_488' title='bbox 2170 1786 2317 1843; x_wconf 89' lang='lat' dir='ltr'><strong>nacti</strong></span> <span class='ocrx_word' id='word_1_489' title='bbox 2354 1800 2545 1842; x_wconf 90' lang='lat' dir='ltr'><strong>sumus</strong></span> <span class='ocrx_word' id='word_1_490' title='bbox 2573 1800 2669 1857; x_wconf 89' lang='lat' dir='ltr'><strong>per</strong></span> <span class='ocrx_word' id='word_1_491' title='bbox 2701 1786 2875 1855; x_wconf 87' lang='lat' dir='ltr'><strong>ipsmn</strong></span> <span class='ocrx_word' id='word_1_492' title='bbox 2908 1794 2963 1841; x_wconf 85' lang='lat' dir='ltr'><strong>et</strong></span> <span class='ocrx_word' id='word_1_493' title='bbox 2993 1785 3049 1840; x_wconf 93' lang='lat' dir='ltr'><strong>in</strong></span> <span class='ocrx_word' id='word_1_494' title='bbox 3083 1785 3199 1855; x_wconf 89' lang='lat' dir='ltr'><strong>ipso</strong></span> <span class='ocrx_word' id='word_1_495' title='bbox 3218 1796 3405 1838; x_wconf 91' lang='lat' dir='ltr'><strong>acces-</strong></span> 
     </span>
    </p>
   </div>
   <div class='ocr_carea' id='block_1_64' title="bbox 1830 1876 3408 1948">
    <p class='ocr_par' dir='ltr' id='par_1_64' title="bbox 1830 1876 3408 1948">
     <span class='ocr_line' id='line_1_64' title="bbox 1830 1876 3408 1948; baseline -0.003 -14"><span class='ocrx_word' id='word_1_496' title='bbox 1830 1893 1947 1934; x_wconf 94' lang='lat' dir='ltr'><strong>sum</strong></span> <span class='ocrx_word' id='word_1_497' title='bbox 1979 1878 2046 1934; x_wconf 92' lang='lat' dir='ltr'><strong>ad</strong></span> <span class='ocrx_word' id='word_1_498' title='bbox 2090 1878 2372 1935; x_wconf 76' lang='lat' dir='ltr'><strong>ccelestem</strong></span> <span class='ocrx_word' id='word_1_499' title='bbox 2415 1879 2627 1934; x_wconf 86' lang='lat' dir='ltr'><strong>Patrem</strong></span> <span class='ocrx_word' id='word_1_500' title='bbox 2671 1894 2738 1934; x_wconf 89' lang='lat' dir='ltr'><strong>ac</strong></span> <span class='ocrx_word' id='word_1_501' title='bbox 2783 1878 2976 1935; x_wconf 89' lang='lat' dir='ltr'><strong>Deum.</strong></span> <span class='ocrx_word' id='word_1_502' title='bbox 3008 1876 3279 1948; x_wconf 88' lang='lat' dir='ltr'><strong>Scriptum</strong></span> <span class='ocrx_word' id='word_1_503' title='bbox 3323 1884 3408 1930; x_wconf 81' lang='lat' dir='ltr'><strong>est</strong></span> 
     </span>
    </p>
   </div>
   <div class='ocr_carea' id='block_1_65' title="bbox 1829 1971 3415 2044">
    <p class='ocr_par' dir='ltr' id='par_1_65' title="bbox 1829 1971 3415 2044">
     <span class='ocr_line' id='line_1_65' title="bbox 1829 1971 3415 2044; baseline -0.001 -17"><span class='ocrx_word' id='word_1_504' title='bbox 1829 1973 2015 2030; x_wconf 91' lang='lat' dir='ltr'><strong>enim:</strong></span> <span class='ocrx_word' id='word_1_505' title='bbox 2045 1992 2064 2026; x_wconf 77' lang='grc' dir='ltr'><strong>ι</strong></span> <span class='ocrx_word' id='word_1_506' title='bbox 2091 1972 2311 2031; x_wconf 84' lang='lat' dir='ltr'><strong>Hahens</strong></span> <span class='ocrx_word' id='word_1_507' title='bbox 2338 1976 2542 2044; x_wconf 88' lang='lat' dir='ltr'><strong>itaque,</strong></span> <span class='ocrx_word' id='word_1_508' title='bbox 2572 1973 2793 2041; x_wconf 77' lang='lat' dir='ltr'><strong>fratres,</strong></span> <span class='ocrx_word' id='word_1_509' title='bbox 2824 1974 3077 2030; x_wconf 88' lang='lat' dir='ltr'><strong>ﬁduciam</strong></span> <span class='ocrx_word' id='word_1_510' title='bbox 3106 1973 3159 2029; x_wconf 92' lang='lat' dir='ltr'><strong>in</strong></span> <span class='ocrx_word' id='word_1_511' title='bbox 3185 1971 3415 2028; x_wconf 89' lang='lat' dir='ltr'><strong>introitu</strong></span> 
     </span>
    </p>
   </div>
   <div class='ocr_carea' id='block_1_66' title="bbox 1830 2065 3410 2139">
    <p class='ocr_par' dir='ltr' id='par_1_66' title="bbox 1830 2065 3410 2139">
     <span class='ocr_line' id='line_1_66' title="bbox 1830 2065 3410 2139; baseline 0 -20"><span class='ocrx_word' id='word_1_512' title='bbox 1830 2077 2143 2124; x_wconf 90' lang='lat' dir='ltr'><strong>sanctorum</strong></span> <span class='ocrx_word' id='word_1_513' title='bbox 2180 2066 2232 2122; x_wconf 88' lang='lat' dir='ltr'><strong>in</strong></span> <span class='ocrx_word' id='word_1_514' title='bbox 2259 2067 2522 2139; x_wconf 80' lang='lat' dir='ltr'><strong>sanguine</strong></span> <span class='ocrx_word' id='word_1_515' title='bbox 2561 2067 2789 2134; x_wconf 91' lang='lat' dir='ltr'><strong>Christi,</strong></span> <span class='ocrx_word' id='word_1_516' title='bbox 2844 2082 3005 2137; x_wconf 85' lang='lat' dir='ltr'><strong>quam</strong></span> <span class='ocrx_word' id='word_1_517' title='bbox 3040 2065 3274 2121; x_wconf 82' lang='lat' dir='ltr'><strong>initiavit</strong></span> <span class='ocrx_word' id='word_1_518' title='bbox 3310 2079 3410 2119; x_wconf 85' lang='lat' dir='ltr'><strong>no-</strong></span> 
     </span>
    </p>
   </div>
   <div class='ocr_carea' id='block_1_67' title="bbox 1828 2157 3415 2231">
    <p class='ocr_par' dir='ltr' id='par_1_67' title="bbox 1828 2157 3415 2231">
     <span class='ocr_line' id='line_1_67' title="bbox 1828 2157 3415 2231; baseline -0.001 -18"><span class='ocrx_word' id='word_1_519' title='bbox 1828 2157 1913 2213; x_wconf 89' lang='lat' dir='ltr'><strong>bis</strong></span> <span class='ocrx_word' id='word_1_520' title='bbox 1936 2158 2078 2213; x_wconf 84' lang='lat' dir='ltr'><strong>viam</strong></span> <span class='ocrx_word' id='word_1_521' title='bbox 2100 2174 2292 2213; x_wconf 87' lang='lat' dir='ltr'><strong>novam</strong></span> <span class='ocrx_word' id='word_1_522' title='bbox 2317 2169 2372 2215; x_wconf 94' lang='lat' dir='ltr'><strong>et</strong></span> <span class='ocrx_word' id='word_1_523' title='bbox 2401 2159 2670 2215; x_wconf 78' lang='lat' dir='ltr'><strong>viventem</strong></span> <span class='ocrx_word' id='word_1_524' title='bbox 2696 2176 2791 2231; x_wconf 90' lang='lat' dir='ltr'><strong>per</strong></span> <span class='ocrx_word' id='word_1_525' title='bbox 2809 2160 3074 2226; x_wconf 85' lang='lat' dir='ltr'><strong>velamen,</strong></span> <span class='ocrx_word' id='word_1_526' title='bbox 3102 2158 3155 2213; x_wconf 91' lang='lat' dir='ltr'><strong>id</strong></span> <span class='ocrx_word' id='word_1_527' title='bbox 3182 2166 3265 2214; x_wconf 91' lang='lat' dir='ltr'><strong>est</strong></span> <span class='ocrx_word' id='word_1_528' title='bbox 3292 2172 3415 2211; x_wconf 78' lang='lat' dir='ltr'><strong>car-</strong></span> 
     </span>
    </p>
   </div>
   <div class='ocr_carea' id='block_1_68' title="bbox 1833 2248 3412 2322">
    <p class='ocr_par' dir='ltr' id='par_1_68' title="bbox 1833 2248 3412 2322">
     <span class='ocr_line' id='line_1_68' title="bbox 1833 2248 3412 2322; baseline -0.001 -20"><span class='ocrx_word' id='word_1_529' title='bbox 1833 2262 1953 2303; x_wconf 89' lang='lat' dir='ltr'><strong>nem</strong></span> <span class='ocrx_word' id='word_1_530' title='bbox 1977 2249 2020 2305; x_wconf 83' lang='grc'><strong>³.</strong></span> <span class='ocrx_word' id='word_1_531' title='bbox 2052 2267 2073 2303; x_wconf 76' lang='grc' dir='ltr'><strong>ι</strong></span> <span class='ocrx_word' id='word_1_532' title='bbox 2099 2248 2365 2322; x_wconf 86' lang='lat' dir='ltr'><strong>lntelligis</strong></span> <span class='ocrx_word' id='word_1_533' title='bbox 2385 2250 2569 2322; x_wconf 89' lang='lat' dir='ltr'><strong>itaque</strong></span> <span class='ocrx_word' id='word_1_534' title='bbox 2592 2251 2863 2320; x_wconf 89' lang='lat' dir='ltr'><strong>quomodo</strong></span> <span class='ocrx_word' id='word_1_535' title='bbox 2888 2252 3209 2321; x_wconf 82' lang='lat' dir='ltr'><strong>sanguinem</strong></span> <span class='ocrx_word' id='word_1_536' title='bbox 3245 2248 3412 2317; x_wconf 88' lang='lat' dir='ltr'><strong>ipsius</strong></span> 
     </span>
    </p>
   </div>
   <div class='ocr_carea' id='block_1_69' title="bbox 1831 2341 3431 2412">
    <p class='ocr_par' dir='ltr' id='par_1_69' title="bbox 1831 2341 3431 2412">
     <span class='ocr_line' id='line_1_69' title="bbox 1831 2341 3431 2412; baseline -0.001 -17"><span class='ocrx_word' id='word_1_537' title='bbox 1831 2348 1885 2396; x_wconf 87' lang='lat' dir='ltr'><strong>et</strong></span> <span class='ocrx_word' id='word_1_538' title='bbox 1926 2356 2148 2397; x_wconf 90' lang='lat' dir='ltr'><strong>carnem</strong></span> <span class='ocrx_word' id='word_1_539' title='bbox 2183 2342 2353 2412; x_wconf 89' lang='lat' dir='ltr'><strong>ipsius</strong></span> <span class='ocrx_word' id='word_1_540' title='bbox 2382 2342 2549 2408; x_wconf 89' lang='lat' dir='ltr'><strong>dicat,</strong></span> <span class='ocrx_word' id='word_1_541' title='bbox 2585 2356 2744 2412; x_wconf 89' lang='lat' dir='ltr'><strong>quam</strong></span> <span class='ocrx_word' id='word_1_542' title='bbox 2787 2351 2842 2397; x_wconf 93' lang='lat' dir='ltr'><strong>et</strong></span> <span class='ocrx_word' id='word_1_543' title='bbox 2873 2341 3119 2397; x_wconf 79' lang='lat' dir='ltr'><strong>velamen</strong></span> <span class='ocrx_word' id='word_1_544' title='bbox 3151 2350 3327 2405; x_wconf 90' lang='lat' dir='ltr'><strong>vocat,</strong></span> <span class='ocrx_word' id='word_1_545' title='bbox 3359 2349 3431 2393; x_wconf 83' lang='lat' dir='ltr'><strong>et.</strong></span> 
     </span>
    </p>
   </div>
   <div class='ocr_carea' id='block_1_70' title="bbox 1831 2430 3415 2505">
    <p class='ocr_par' dir='ltr' id='par_1_70' title="bbox 1831 2430 3415 2505">
     <span class='ocr_line' id='line_1_70' title="bbox 1831 2430 3415 2505; baseline -0.003 -18"><span class='ocrx_word' id='word_1_546' title='bbox 1831 2431 2051 2503; x_wconf 85' lang='lat' dir='ltr'><strong>quidem</strong></span> <span class='ocrx_word' id='word_1_547' title='bbox 2077 2434 2295 2499; x_wconf 89' lang='lat' dir='ltr'><strong>merito,</strong></span> <span class='ocrx_word' id='word_1_548' title='bbox 2327 2442 2385 2487; x_wconf 93' lang='lat' dir='ltr'><strong>ut</strong></span> <span class='ocrx_word' id='word_1_549' title='bbox 2411 2432 2553 2503; x_wconf 91' lang='lat' dir='ltr'><strong>quod</strong></span> <span class='ocrx_word' id='word_1_550' title='bbox 2582 2433 2634 2488; x_wconf 91' lang='lat' dir='ltr'><strong>in</strong></span> <span class='ocrx_word' id='word_1_551' title='bbox 2665 2433 2866 2505; x_wconf 92' lang='lat' dir='ltr'><strong>templo</strong></span> <span class='ocrx_word' id='word_1_552' title='bbox 2894 2442 3141 2489; x_wconf 90' lang='lat' dir='ltr'><strong>sanctum</strong></span> <span class='ocrx_word' id='word_1_553' title='bbox 3165 2430 3415 2487; x_wconf 86' lang='lat' dir='ltr'><strong>velamen</strong></span> 
     </span>
    </p>
   </div>
   <div class='ocr_carea' id='block_1_71' title="bbox 1831 2523 3423 2595">
    <p class='ocr_par' dir='ltr' id='par_1_71' title="bbox 1831 2523 3423 2595">
     <span class='ocr_line' id='line_1_71' title="bbox 1831 2523 3423 2595; baseline -0.003 -16"><span class='ocrx_word' id='word_1_554' title='bbox 1831 2525 2163 2595; x_wconf 88' lang='lat' dir='ltr'><strong>operabatur</strong></span> <span class='ocrx_word' id='word_1_555' title='bbox 2185 2526 2466 2582; x_wconf 80' lang='lat' dir='ltr'><strong>occultans</strong></span> <span class='ocrx_word' id='word_1_556' title='bbox 2495 2525 2697 2582; x_wconf 90' lang='lat' dir='ltr'><strong>Sancta</strong></span> <span class='ocrx_word' id='word_1_557' title='bbox 2730 2535 3065 2591; x_wconf 89' lang='lat' dir='ltr'><strong>sanctorum,</strong></span> <span class='ocrx_word' id='word_1_558' title='bbox 3127 2523 3233 2580; x_wconf 90' lang='lat' dir='ltr'><strong>tale</strong></span> <span class='ocrx_word' id='word_1_559' title='bbox 3260 2524 3423 2595; x_wconf 57' lang='lat' dir='ltr'><strong>quid-</strong></span> 
     </span>
    </p>
   </div>
   <div class='ocr_carea' id='block_1_72' title="bbox 1834 2616 3413 2688">
    <p class='ocr_par' dir='ltr' id='par_1_72' title="bbox 1834 2616 3413 2688">
     <span class='ocr_line' id='line_1_72' title="bbox 1834 2616 3413 2688; baseline -0.001 -18"><span class='ocrx_word' id='word_1_560' title='bbox 1834 2616 1975 2686; x_wconf 90' lang='lat' dir='ltr'><strong>piam</strong></span> <span class='ocrx_word' id='word_1_561' title='bbox 2022 2619 2188 2672; x_wconf 87' lang='lat' dir='ltr'><strong>etiam</strong></span> <span class='ocrx_word' id='word_1_562' title='bbox 2226 2616 2431 2674; x_wconf 88' lang='lat' dir='ltr'><strong>Christi</strong></span> <span class='ocrx_word' id='word_1_563' title='bbox 2464 2633 2594 2674; x_wconf 90' lang='lat' dir='ltr'><strong>caro</strong></span> <span class='ocrx_word' id='word_1_564' title='bbox 2627 2627 2889 2688; x_wconf 66' lang='lat' dir='ltr'><strong>praestare</strong></span> <span class='ocrx_word' id='word_1_565' title='bbox 2924 2624 3211 2672; x_wconf 86' lang='lat' dir='ltr'><strong>censeatur</strong></span> <span class='ocrx_word' id='word_1_566' title='bbox 3250 2631 3265 2669; x_wconf 90' lang='lat'><strong>:</strong></span> <span class='ocrx_word' id='word_1_567' title='bbox 3308 2631 3413 2670; x_wconf 90' lang='lat' dir='ltr'><strong>non</strong></span> 
     </span>
    </p>
   </div>
   <div class='ocr_carea' id='block_1_73' title="bbox 1833 2708 3415 2787">
    <p class='ocr_par' dir='ltr' id='par_1_73' title="bbox 1833 2708 3415 2787">
     <span class='ocr_line' id='line_1_73' title="bbox 1833 2708 3415 2787; baseline -0.001 -26"><span class='ocrx_word' id='word_1_568' title='bbox 1833 2708 2153 2778; x_wconf 85' lang='lat' dir='ltr'><strong>permittens</strong></span> <span class='ocrx_word' id='word_1_569' title='bbox 2182 2712 2581 2780; x_wconf 89' lang='lat' dir='ltr'><strong>quodammodo</strong></span> <span class='ocrx_word' id='word_1_570' title='bbox 2606 2719 2665 2764; x_wconf 95' lang='lat' dir='ltr'><strong>ut</strong></span> <span class='ocrx_word' id='word_1_571' title='bbox 2695 2710 2840 2765; x_wconf 90' lang='lat' dir='ltr'><strong>nude</strong></span> <span class='ocrx_word' id='word_1_572' title='bbox 2869 2718 2925 2787; x_wconf 76' lang='lat' dir='ltr'><strong>et</strong></span> <span class='ocrx_word' id='word_1_573' title='bbox 2958 2709 3077 2763; x_wconf 90' lang='lat' dir='ltr'><strong>sine</strong></span> <span class='ocrx_word' id='word_1_574' title='bbox 3104 2716 3415 2778; x_wconf 75' lang='lat' dir='ltr'><strong>legumento</strong></span> 
     </span>
    </p>
   </div>
   <div class='ocr_carea' id='block_1_74' title="bbox 1833 2797 3417 2874">
    <p class='ocr_par' dir='ltr' id='par_1_74' title="bbox 1833 2797 3417 2874">
     <span class='ocr_line' id='line_1_74' title="bbox 1833 2797 3417 2874; baseline -0.003 -19"><span class='ocrx_word' id='word_1_575' title='bbox 1833 2809 2089 2855; x_wconf 86' lang='lat' dir='ltr'><strong>cernatur</strong></span> <span class='ocrx_word' id='word_1_576' title='bbox 2124 2801 2325 2856; x_wconf 79' lang='lat' dir='ltr'><strong>eximia</strong></span> <span class='ocrx_word' id='word_1_577' title='bbox 2356 2811 2521 2874; x_wconf 87' lang='lat' dir='ltr'><strong>atque</strong></span> <span class='ocrx_word' id='word_1_578' title='bbox 2555 2802 2819 2857; x_wconf 75' lang='lat' dir='ltr'><strong>immensa</strong></span> <span class='ocrx_word' id='word_1_579' title='bbox 2850 2800 3171 2856; x_wconf 80' lang='lat' dir='ltr'><strong>excellentia</strong></span> <span class='ocrx_word' id='word_1_580' title='bbox 3205 2808 3262 2854; x_wconf 93' lang='lat' dir='ltr'><strong>et</strong></span> <span class='ocrx_word' id='word_1_581' title='bbox 3300 2797 3417 2869; x_wconf 81' lang='lat' dir='ltr'><strong>glo-</strong></span> 
     </span>
    </p>
   </div>
   <div class='ocr_carea' id='block_1_75' title="bbox 1836 2890 3412 2967">
    <p class='ocr_par' dir='ltr' id='par_1_75' title="bbox 1836 2890 3412 2967">
     <span class='ocr_line' id='line_1_75' title="bbox 1836 2890 3412 2967; baseline -0.004 -16"><span class='ocrx_word' id='word_1_582' title='bbox 1836 2899 1912 2952; x_wconf 88' lang='lat' dir='ltr'><strong>ria</strong></span> <span class='ocrx_word' id='word_1_583' title='bbox 1942 2899 2035 2955; x_wconf 90' lang='lat' dir='ltr'><strong>Dei</strong></span> <span class='ocrx_word' id='word_1_584' title='bbox 2061 2896 2225 2953; x_wconf 77' lang='lat' dir='ltr'><strong>Verbi</strong></span> <span class='ocrx_word' id='word_1_585' title='bbox 2253 2897 2395 2967; x_wconf 92' lang='lat' dir='ltr'><strong>quod</strong></span> <span class='ocrx_word' id='word_1_586' title='bbox 2423 2896 2576 2952; x_wconf 88' lang='lat' dir='ltr'><strong>carni</strong></span> <span class='ocrx_word' id='word_1_587' title='bbox 2603 2896 2814 2952; x_wconf 91' lang='lat' dir='ltr'><strong>unitum</strong></span> <span class='ocrx_word' id='word_1_588' title='bbox 2838 2904 2945 2951; x_wconf 90' lang='lat' dir='ltr'><strong>est.</strong></span> <span class='ocrx_word' id='word_1_589' title='bbox 2978 2891 3147 2947; x_wconf 88' lang='lat' dir='ltr'><strong>Porro</strong></span> <span class='ocrx_word' id='word_1_590' title='bbox 3172 2890 3412 2947; x_wconf 91' lang='lat' dir='ltr'><strong>nonnulli</strong></span> 
     </span>
    </p>
   </div>
   <div class='ocr_carea' id='block_1_76' title="bbox 1833 2986 3417 3052">
    <p class='ocr_par' dir='ltr' id='par_1_76' title="bbox 1833 2986 3417 3052">
     <span class='ocr_line' id='line_1_76' title="bbox 1833 2986 3417 3052; baseline -0.005 -7"><span class='ocrx_word' id='word_1_591' title='bbox 1833 2990 2131 3046; x_wconf 88' lang='lat' dir='ltr'><strong>censebant</strong></span> <span class='ocrx_word' id='word_1_592' title='bbox 2159 2988 2436 3045; x_wconf 86' lang='lat' dir='ltr'><strong>Christum</strong></span> <span class='ocrx_word' id='word_1_593' title='bbox 2467 3001 2587 3044; x_wconf 83' lang='lat' dir='ltr'><strong>esse</strong></span> <span class='ocrx_word' id='word_1_594' title='bbox 2620 2986 2819 3051; x_wconf 85' lang='lat' dir='ltr'><strong>Eliam,</strong></span> <span class='ocrx_word' id='word_1_595' title='bbox 2857 2994 2949 3040; x_wconf 91' lang='lat' dir='ltr'><strong>aut</strong></span> <span class='ocrx_word' id='word_1_596' title='bbox 2994 3000 3159 3039; x_wconf 88' lang='lat' dir='ltr'><strong>ttnum</strong></span> <span class='ocrx_word' id='word_1_597' title='bbox 3194 2999 3259 3038; x_wconf 77' lang='lat' dir='ltr'><strong>ex</strong></span> <span class='ocrx_word' id='word_1_598' title='bbox 3289 2997 3417 3052; x_wconf 84' lang='lat' dir='ltr'><strong>pro-</strong></span> 
     </span>
    </p>
   </div>
   <div class='ocr_carea' id='block_1_77' title="bbox 1834 3074 3418 3152">
    <p class='ocr_par' dir='ltr' id='par_1_77' title="bbox 1834 3074 3418 3152">
     <span class='ocr_line' id='line_1_77' title="bbox 1834 3074 3418 3152; baseline -0.006 -16"><span class='ocrx_word' id='word_1_599' title='bbox 1834 3082 2037 3151; x_wconf 69' lang='lat' dir='ltr'><strong>pinetis.</strong></span> <span class='ocrx_word' id='word_1_600' title='bbox 2063 3078 2234 3136; x_wconf 80' lang='lat' dir='ltr'><strong>Judaei</strong></span> <span class='ocrx_word' id='word_1_601' title='bbox 2259 3094 2388 3137; x_wconf 90' lang='lat' dir='ltr'><strong>vero</strong></span> <span class='ocrx_word' id='word_1_602' title='bbox 2414 3078 2730 3152; x_wconf 89' lang='lat' dir='ltr'><strong>mysterium</strong></span> <span class='ocrx_word' id='word_1_603' title='bbox 2758 3076 2877 3149; x_wconf 82' lang='lat' dir='ltr'><strong>ejus</strong></span> <span class='ocrx_word' id='word_1_604' title='bbox 2903 3077 3063 3149; x_wconf 92' lang='lat' dir='ltr'><strong>plane</strong></span> <span class='ocrx_word' id='word_1_605' title='bbox 3090 3091 3191 3131; x_wconf 93' lang='lat' dir='ltr'><strong>non</strong></span> <span class='ocrx_word' id='word_1_606' title='bbox 3222 3074 3418 3129; x_wconf 92' lang='lat' dir='ltr'><strong>intelli-</strong></span> 
     </span>
    </p>
   </div>
   <div class='ocr_carea' id='block_1_78' title="bbox 2900 3166 3418 3224">
    <p class='ocr_par' dir='ltr' id='par_1_78' title="bbox 2900 3166 3418 3224">
     <span class='ocr_line' id='line_1_78' title="bbox 2900 3166 3418 3224; baseline 0 -3"><span class='ocrx_word' id='word_1_607' title='bbox 2900 3188 2921 3221; x_wconf 80' lang='grc' dir='ltr'>ι</span> <span class='ocrx_word' id='word_1_608' title='bbox 2964 3167 3153 3224; x_wconf 81' lang='lat' dir='ltr'><strong>Nonne</strong></span> <span class='ocrx_word' id='word_1_609' title='bbox 3200 3166 3289 3223; x_wconf 88' lang='lat' dir='ltr'><strong>hic</strong></span> <span class='ocrx_word' id='word_1_610' title='bbox 3334 3179 3418 3223; x_wconf 72' lang='grc' dir='ltr'><strong>εει</strong></span> 
     </span>
    </p>
   </div>
   <div class='ocr_carea' id='block_1_79' title="bbox 1845 3260 3418 3337">
    <p class='ocr_par' dir='ltr' id='par_1_79' title="bbox 1845 3260 3418 3337">
     <span class='ocr_line' id='line_1_79' title="bbox 1845 3260 3418 3337; baseline -0.006 -15"><span class='ocrx_word' id='word_1_611' title='bbox 1845 3267 1989 3323; x_wconf 79' lang='lat' dir='ltr'><strong>[ilius</strong></span> <span class='ocrx_word' id='word_1_612' title='bbox 2017 3265 2249 3322; x_wconf 69' lang='lat' dir='ltr'><strong>fabri‘?</strong></span> <span class='ocrx_word' id='word_1_613' title='bbox 2301 3274 2360 3321; x_wconf 86' lang='lat' dir='ltr'><strong>at</strong></span> <span class='ocrx_word' id='word_1_614' title='bbox 2415 3279 2525 3337; x_wconf 88' lang='lat' dir='ltr'><strong>quo</strong></span> <span class='ocrx_word' id='word_1_615' title='bbox 2576 3273 2735 3336; x_wconf 84' lang='lat' dir='ltr'><strong>pacto</strong></span> <span class='ocrx_word' id='word_1_616' title='bbox 2763 3263 2941 3319; x_wconf 89' lang='lat' dir='ltr'><strong>dicit:</strong></span> <span class='ocrx_word' id='word_1_617' title='bbox 2989 3262 3123 3329; x_wconf 82' lang='lat' dir='ltr'><strong>Quia</strong></span> <span class='ocrx_word' id='word_1_618' title='bbox 3183 3275 3249 3315; x_wconf 79' lang='lat' dir='ltr'><strong>ex</strong></span> <span class='ocrx_word' id='word_1_619' title='bbox 3282 3260 3418 3316; x_wconf 67' lang='lat' dir='ltr'><strong>caelo</strong></span> 
     </span>
    </p>
   </div>
   <div class='ocr_carea' id='block_1_80' title="bbox 1842 3352 3418 3428">
    <p class='ocr_par' dir='ltr' id='par_1_80' title="bbox 1842 3352 3418 3428">
     <span class='ocr_line' id='line_1_80' title="bbox 1842 3352 3418 3428; baseline -0.006 -13"><span class='ocrx_word' id='word_1_620' title='bbox 1842 3357 2096 3415; x_wconf 84' lang='lat' dir='ltr'><strong>descendi</strong></span> <span class='ocrx_word' id='word_1_621' title='bbox 2139 3358 2200 3413; x_wconf 82' lang='lat'><strong>&#39;?</strong></span> <span class='ocrx_word' id='word_1_622' title='bbox 2237 3378 2257 3411; x_wconf 72' lang='grc' dir='ltr'><strong>ι</strong></span> <span class='ocrx_word' id='word_1_623' title='bbox 2292 3358 2479 3428; x_wconf 83' lang='lat' dir='ltr'><strong>Neque</strong></span> <span class='ocrx_word' id='word_1_624' title='bbox 2510 3357 2657 3413; x_wconf 89' lang='lat' dir='ltr'><strong>enim</strong></span> <span class='ocrx_word' id='word_1_625' title='bbox 2690 3355 2876 3411; x_wconf 87' lang='lat' dir='ltr'><strong>Deitas</strong></span> <span class='ocrx_word' id='word_1_626' title='bbox 2920 3352 3237 3408; x_wconf 88' lang='lat' dir='ltr'><strong>naturaliter</strong></span> <span class='ocrx_word' id='word_1_627' title='bbox 3270 3353 3418 3408; x_wconf 87' lang='lat' dir='ltr'><strong>cerni</strong></span> 
     </span>
    </p>
   </div>
   <div class='ocr_carea' id='block_1_81' title="bbox 1843 3447 3425 3524">
    <p class='ocr_par' dir='ltr' id='par_1_81' title="bbox 1843 3447 3425 3524">
     <span class='ocr_line' id='line_1_81' title="bbox 1843 3447 3425 3524; baseline -0.005 -17"><span class='ocrx_word' id='word_1_628' title='bbox 1843 3461 2043 3524; x_wconf 88' lang='lat' dir='ltr'><strong>potest.</strong></span> <span class='ocrx_word' id='word_1_629' title='bbox 2072 3453 2337 3524; x_wconf 82' lang='lat' dir='ltr'><strong>Apparuit</strong></span> <span class='ocrx_word' id='word_1_630' title='bbox 2368 3460 2547 3508; x_wconf 92' lang='lat' dir='ltr'><strong>autem</strong></span> <span class='ocrx_word' id='word_1_631' title='bbox 2580 3450 2901 3506; x_wconf 87' lang='lat' dir='ltr'><strong>mortalibus</strong></span> <span class='ocrx_word' id='word_1_632' title='bbox 2933 3450 2985 3503; x_wconf 90' lang='lat' dir='ltr'><strong>in</strong></span> <span class='ocrx_word' id='word_1_633' title='bbox 3019 3447 3188 3503; x_wconf 78' lang='lat' dir='ltr'><strong>forma</strong></span> <span class='ocrx_word' id='word_1_634' title='bbox 3225 3454 3425 3500; x_wconf 61' lang='lat' dir='ltr'><strong>nostra:</strong></span> 
     </span>
    </p>
   </div>
   <div class='ocr_carea' id='block_1_82' title="bbox 1839 3537 3440 3615">
    <p class='ocr_par' dir='ltr' id='par_1_82' title="bbox 1839 3537 3440 3615">
     <span class='ocr_line' id='line_1_82' title="bbox 1839 3537 3440 3615; baseline -0.005 -14"><span class='ocrx_word' id='word_1_635' title='bbox 1839 3544 2028 3611; x_wconf 84' lang='lat' dir='ltr'><strong>simili,</strong></span> <span class='ocrx_word' id='word_1_636' title='bbox 2078 3544 2127 3601; x_wconf 89' lang='lat' dir='ltr'><strong>is</strong></span> <span class='ocrx_word' id='word_1_637' title='bbox 2173 3545 2265 3615; x_wconf 92' lang='lat' dir='ltr'><strong>qui</strong></span> <span class='ocrx_word' id='word_1_638' title='bbox 2318 3546 2527 3600; x_wconf 88' lang='lat' dir='ltr'><strong>ratione</strong></span> <span class='ocrx_word' id='word_1_639' title='bbox 2576 3558 2689 3598; x_wconf 64' lang='lat' dir='ltr'><strong>sua:</strong></span> <span class='ocrx_word' id='word_1_640' title='bbox 2720 3550 2927 3596; x_wconf 72' lang='lat' dir='ltr'><strong>natura:</strong></span> <span class='ocrx_word' id='word_1_641' title='bbox 2977 3539 3151 3593; x_wconf 89' lang='lat' dir='ltr'><strong>videri</strong></span> <span class='ocrx_word' id='word_1_642' title='bbox 3200 3537 3440 3607; x_wconf 83' lang='lat' dir='ltr'><strong>nequit;.</strong></span> 
     </span>
    </p>
   </div>
   <div class='ocr_carea' id='block_1_83' title="bbox 1842 3626 3417 3715">
    <p class='ocr_par' dir='ltr' id='par_1_83' title="bbox 1842 3626 3417 3715">
     <span class='ocr_line' id='line_1_83' title="bbox 1842 3626 3417 3715; baseline -0.007 -25"><span class='ocrx_word' id='word_1_643' title='bbox 1842 3636 2279 3707; x_wconf 82' lang='lat' dir='ltr'><strong>manifestusque</strong></span> <span class='ocrx_word' id='word_1_644' title='bbox 2314 3645 2400 3692; x_wconf 89' lang='lat' dir='ltr'><strong>est</strong></span> <span class='ocrx_word' id='word_1_645' title='bbox 2445 3634 2605 3690; x_wconf 90' lang='lat' dir='ltr'><strong>nobis</strong></span> <span class='ocrx_word' id='word_1_646' title='bbox 2646 3633 2792 3689; x_wconf 88' lang='lat' dir='ltr'><strong>Deus</strong></span> <span class='ocrx_word' id='word_1_647' title='bbox 2824 3630 3096 3715; x_wconf 67' lang='lat' dir='ltr'><strong>exsistens</strong></span> <span class='ocrx_word' id='word_1_648' title='bbox 3135 3626 3417 3682; x_wconf 89' lang='lat' dir='ltr'><strong>Dominus.</strong></span> 
     </span>
    </p>
   </div>
   <div class='ocr_carea' id='block_1_84' title="bbox 1841 3714 3419 3797">
    <p class='ocr_par' dir='ltr' id='par_1_84' title="bbox 1841 3714 3419 3797">
     <span class='ocr_line' id='line_1_84' title="bbox 1841 3714 3419 3797; baseline -0.008 -17"><span class='ocrx_word' id='word_1_649' title='bbox 1841 3725 2022 3796; x_wconf 83' lang='lat' dir='ltr'><strong>Atque</strong></span> <span class='ocrx_word' id='word_1_650' title='bbox 2042 3725 2146 3783; x_wconf 91' lang='lat' dir='ltr'><strong>hoc</strong></span> <span class='ocrx_word' id='word_1_651' title='bbox 2173 3726 2425 3797; x_wconf 78' lang='lat' dir='ltr'><strong>quidem,</strong></span> <span class='ocrx_word' id='word_1_652' title='bbox 2450 3732 2510 3778; x_wconf 94' lang='lat' dir='ltr'><strong>ut</strong></span> <span class='ocrx_word' id='word_1_653' title='bbox 2539 3720 2990 3789; x_wconf 80' lang='lat' dir='ltr'><strong>arhitror,_docet</strong></span> <span class='ocrx_word' id='word_1_654' title='bbox 3016 3714 3228 3774; x_wconf 85' lang='lat' dir='ltr'><strong>divinus</strong></span> <span class='ocrx_word' id='word_1_655' title='bbox 3254 3714 3419 3769; x_wconf 88' lang='lat' dir='ltr'><strong>David</strong></span> 
     </span>
    </p>
   </div>
   <div class='ocr_carea' id='block_1_85' title="bbox 1843 3809 3447 3877">
    <p class='ocr_par' dir='ltr' id='par_1_85' title="bbox 1843 3809 3447 3877">
     <span class='ocr_line' id='line_1_85' title="bbox 1843 3809 3447 3877; baseline -0.008 -4"><span class='ocrx_word' id='word_1_656' title='bbox 1843 3817 2029 3874; x_wconf 91' lang='lat' dir='ltr'><strong>dicens</strong></span> <span class='ocrx_word' id='word_1_657' title='bbox 2078 3834 2093 3873; x_wconf 89' lang='lat'><strong>:</strong></span> <span class='ocrx_word' id='word_1_658' title='bbox 2144 3836 2164 3871; x_wconf 81' lang='grc' dir='ltr'><strong>ι</strong></span> <span class='ocrx_word' id='word_1_659' title='bbox 2200 3817 2342 3875; x_wconf 87' lang='lat' dir='ltr'><strong>Deus</strong></span> <span class='ocrx_word' id='word_1_660' title='bbox 2375 3814 2661 3873; x_wconf 76' lang='lat' dir='ltr'><strong>manifeste</strong></span> <span class='ocrx_word' id='word_1_661' title='bbox 2711 3812 2911 3877; x_wconf 86' lang='lat' dir='ltr'><strong>veniet,</strong></span> <span class='ocrx_word' id='word_1_662' title='bbox 2956 3809 3099 3867; x_wconf 87' lang='lat' dir='ltr'><strong>Deus</strong></span> <span class='ocrx_word' id='word_1_663' title='bbox 3128 3816 3334 3871; x_wconf 89' lang='lat' dir='ltr'><strong>noster,</strong></span> <span class='ocrx_word' id='word_1_664' title='bbox 3364 3816 3447 3861; x_wconf 69' lang='lat' dir='ltr'><strong>et.</strong></span> 
     </span>
    </p>
   </div>
   <div class='ocr_carea' id='block_1_86' title="bbox 1844 3910 2267 3969">
    <p class='ocr_par' dir='ltr' id='par_1_86' title="bbox 1844 3910 2267 3969">
     <span class='ocr_line' id='line_1_86' title="bbox 1844 3910 2267 3969; baseline -0.005 -3"><span class='ocrx_word' id='word_1_665' title='bbox 1844 3925 1951 3967; x_wconf 89' lang='lat' dir='ltr'><strong>non</strong></span> <span class='ocrx_word' id='word_1_666' title='bbox 1979 3910 2267 3969; x_wconf 49' lang='lat' dir='ltr'><strong>silebit&#39;.»</strong></span> 
     </span>
    </p>
   </div>
   <div class='ocr_carea' id='block_1_87' title="bbox 1918 4086 3447 4165">
    <p class='ocr_par' dir='ltr' id='par_1_87' title="bbox 1918 4086 3447 4165">
     <span class='ocr_line' id='line_1_87' title="bbox 1918 4086 3447 4165; baseline -0.008 -15"><span class='ocrx_word' id='word_1_667' title='bbox 1918 4096 1977 4150; x_wconf 79' lang='grc' dir='ltr'><strong>Β.</strong></span> <span class='ocrx_word' id='word_1_668' title='bbox 2020 4095 2186 4152; x_wconf 80' lang='lat' dir='ltr'><strong>Recte</strong></span> <span class='ocrx_word' id='word_1_669' title='bbox 2214 4094 2429 4165; x_wconf 84' lang='lat' dir='ltr'><strong>quidem</strong></span> <span class='ocrx_word' id='word_1_670' title='bbox 2472 4094 2661 4150; x_wconf 89' lang='lat' dir='ltr'><strong>sentis.</strong></span> <span class='ocrx_word' id='word_1_671' title='bbox 2699 4092 2766 4146; x_wconf 83' lang='lat' dir='ltr'><strong>At</strong></span> <span class='ocrx_word' id='word_1_672' title='bbox 2796 4090 2867 4143; x_wconf 87' lang='lat' dir='ltr'><strong>illi</strong></span> <span class='ocrx_word' id='word_1_673' title='bbox 2906 4089 3023 4143; x_wconf 67' lang='lat' dir='ltr'><strong>huic</strong></span> <span class='ocrx_word' id='word_1_674' title='bbox 3050 4101 3153 4142; x_wconf 83' lang='lat' dir='ltr'><strong>non</strong></span> <span class='ocrx_word' id='word_1_675' title='bbox 3196 4086 3447 4140; x_wconf 47' lang='lat' dir='ltr'><strong>itaseser-</strong></span> 
     </span>
    </p>
   </div>
   <div class='ocr_carea' id='block_1_88' title="bbox 1848 4175 3419 4253">
    <p class='ocr_par' dir='ltr' id='par_1_88' title="bbox 1848 4175 3419 4253">
     <span class='ocr_line' id='line_1_88' title="bbox 1848 4175 3419 4253; baseline -0.01 -11"><span class='ocrx_word' id='word_1_676' title='bbox 1848 4188 2048 4242; x_wconf 86' lang='lat' dir='ltr'><strong>habere</strong></span> <span class='ocrx_word' id='word_1_677' title='bbox 2088 4186 2440 4241; x_wconf 86' lang='lat' dir='ltr'><strong>contendunt.</strong></span> <span class='ocrx_word' id='word_1_678' title='bbox 2491 4184 2673 4253; x_wconf 85' lang='lat' dir='ltr'><strong>Longe</strong></span> <span class='ocrx_word' id='word_1_679' title='bbox 2731 4182 2873 4236; x_wconf 85' lang='lat' dir='ltr'><strong>enim</strong></span> <span class='ocrx_word' id='word_1_680' title='bbox 2920 4177 3096 4232; x_wconf 86' lang='lat' dir='ltr'><strong>abest.</strong></span> <span class='ocrx_word' id='word_1_681' title='bbox 3146 4175 3298 4230; x_wconf 84' lang='lat' dir='ltr'><strong>Nulla</strong></span> <span class='ocrx_word' id='word_1_682' title='bbox 3343 4178 3419 4229; x_wconf 80' lang='lat' dir='ltr'><strong>si—</strong></span> 
     </span>
    </p>
   </div>
   <div class='ocr_carea' id='block_1_89' title="bbox 1847 4265 3417 4347">
    <p class='ocr_par' dir='ltr' id='par_1_89' title="bbox 1847 4265 3417 4347">
     <span class='ocr_line' id='line_1_89' title="bbox 1847 4265 3417 4347; baseline -0.008 -18"><span class='ocrx_word' id='word_1_683' title='bbox 1847 4278 2060 4347; x_wconf 89' lang='lat' dir='ltr'><strong>quidem</strong></span> <span class='ocrx_word' id='word_1_684' title='bbox 2090 4276 2298 4332; x_wconf 85' lang='lat' dir='ltr'><strong>ratione</strong></span> <span class='ocrx_word' id='word_1_685' title='bbox 2329 4276 2490 4347; x_wconf 72' lang='grc'><strong>762</strong></span> <span class='ocrx_word' id='word_1_686' title='bbox 2518 4274 2824 4344; x_wconf 89' lang='lat' dir='ltr'><strong>passionem</strong></span> <span class='ocrx_word' id='word_1_687' title='bbox 2857 4269 3036 4325; x_wconf 90' lang='lat' dir='ltr'><strong>crucis</strong></span> <span class='ocrx_word' id='word_1_688' title='bbox 3071 4267 3246 4322; x_wconf 86' lang='lat' dir='ltr'><strong>Verbo</strong></span> <span class='ocrx_word' id='word_1_689' title='bbox 3276 4265 3417 4334; x_wconf 87' lang='lat' dir='ltr'><strong>quod</strong></span> 
     </span>
    </p>
   </div>
   <div class='ocr_carea' id='block_1_90' title="bbox 1847 4360 3417 4439">
    <p class='ocr_par' dir='ltr' id='par_1_90' title="bbox 1847 4360 3417 4439">
     <span class='ocr_line' id='line_1_90' title="bbox 1847 4360 3417 4439; baseline -0.009 -14"><span class='ocrx_word' id='word_1_690' title='bbox 1847 4387 1911 4425; x_wconf 77' lang='lat' dir='ltr'><strong>ex</strong></span> <span class='ocrx_word' id='word_1_691' title='bbox 1940 4371 2046 4425; x_wconf 86' lang='lat' dir='ltr'><strong>Deo</strong></span> <span class='ocrx_word' id='word_1_692' title='bbox 2067 4371 2305 4439; x_wconf 89' lang='lat' dir='ltr'><strong>genitum</strong></span> <span class='ocrx_word' id='word_1_693' title='bbox 2336 4378 2422 4423; x_wconf 90' lang='lat' dir='ltr'><strong>est</strong></span> <span class='ocrx_word' id='word_1_694' title='bbox 2460 4367 2698 4421; x_wconf 89' lang='lat' dir='ltr'><strong>tribuere</strong></span> <span class='ocrx_word' id='word_1_695' title='bbox 2724 4364 2928 4417; x_wconf 87' lang='lat' dir='ltr'><strong>volunt.</strong></span> <span class='ocrx_word' id='word_1_696' title='bbox 2960 4362 3031 4416; x_wconf 85' lang='lat' dir='ltr'><strong>At</strong></span> <span class='ocrx_word' id='word_1_697' title='bbox 3057 4360 3238 4429; x_wconf 72' lang='lat' dir='ltr'><strong>potius</strong></span> <span class='ocrx_word' id='word_1_698' title='bbox 3283 4374 3417 4427; x_wconf 77' lang='lat' dir='ltr'><strong>pra:-</strong></span> 
     </span>
    </p>
   </div>
   <div class='ocr_carea' id='block_1_91' title="bbox 1849 4450 3406 4531">
    <p class='ocr_par' dir='ltr' id='par_1_91' title="bbox 1849 4450 3406 4531">
     <span class='ocr_line' id='line_1_91' title="bbox 1849 4450 3406 4531; baseline -0.009 -16"><span class='ocrx_word' id='word_1_699' title='bbox 1849 4476 2067 4531; x_wconf 86' lang='lat' dir='ltr'><strong>parasse</strong></span> <span class='ocrx_word' id='word_1_700' title='bbox 2094 4462 2269 4530; x_wconf 90' lang='lat' dir='ltr'><strong>ipsum</strong></span> <span class='ocrx_word' id='word_1_701' title='bbox 2298 4460 2570 4515; x_wconf 91' lang='lat' dir='ltr'><strong>hominem</strong></span> <span class='ocrx_word' id='word_1_702' title='bbox 2600 4457 2747 4512; x_wconf 87' lang='lat' dir='ltr'><strong>illum</strong></span> <span class='ocrx_word' id='word_1_703' title='bbox 2782 4455 2873 4526; x_wconf 92' lang='lat' dir='ltr'><strong>qui</strong></span> <span class='ocrx_word' id='word_1_704' title='bbox 2914 4450 3208 4508; x_wconf 80' lang='lat' dir='ltr'><strong>secundum</strong></span> <span class='ocrx_word' id='word_1_705' title='bbox 3238 4464 3406 4519; x_wconf 63' lang='lat' dir='ltr'><strong>aequa-</strong></span> 
     </span>
    </p>
   </div>
   <div class='ocr_carea' id='block_1_92' title="bbox 154 4541 1733 4627">
    <p class='ocr_par' dir='ltr' id='par_1_92' title="bbox 154 4547 1733 4627">
     <span class='ocr_line' id='line_1_92' title="bbox 154 4547 1733 4627; baseline -0.002 -17"><span class='ocrx_word' id='word_1_706' title='bbox 154 4554 355 4627; x_wconf 86' lang='grc' dir='ltr'>τιμίαν</span> <span class='ocrx_word' id='word_1_707' title='bbox 392 4553 700 4622; x_wconf 79' lang='grc' dir='ltr'>ἄνθρωπον,</span> <span class='ocrx_word' id='word_1_708' title='bbox 732 4549 833 4613; x_wconf 77' lang='grc' dir='ltr'>τὰς</span> <span class='ocrx_word' id='word_1_709' title='bbox 863 4549 928 4602; x_wconf 80' lang='grc' dir='ltr'><strong>ὲκ</strong></span> <span class='ocrx_word' id='word_1_710' title='bbox 974 4548 1083 4602; x_wconf 85' lang='grc' dir='ltr'>τῶν</span> <span class='ocrx_word' id='word_1_711' title='bbox 1127 4547 1396 4604; x_wconf 85' lang='grc' dir='ltr'>Ἰουδαίων</span> <span class='ocrx_word' id='word_1_712' title='bbox 1437 4552 1733 4624; x_wconf 67' lang='grc' dir='ltr'>ὑποστῆναι</span> 
     </span>
    </p>
   </div>
   <div class='ocr_carea' id='block_1_93' title="bbox 1838 4541 3417 4627">
    <p class='ocr_par' dir='ltr' id='par_1_93' title="bbox 1845 4541 3417 4619">
     <span class='ocr_line' id='line_1_93' title="bbox 1845 4541 3417 4619; baseline -0.011 -11"><span class='ocrx_word' id='word_1_713' title='bbox 1845 4555 2048 4608; x_wconf 88' lang='lat' dir='ltr'><strong>litatem</strong></span> <span class='ocrx_word' id='word_1_714' title='bbox 2081 4551 2302 4608; x_wconf 89' lang='lat' dir='ltr'><strong>honoris</strong></span> <span class='ocrx_word' id='word_1_715' title='bbox 2320 4551 2387 4603; x_wconf 92' lang='lat' dir='ltr'><strong>ab</strong></span> <span class='ocrx_word' id='word_1_716' title='bbox 2411 4551 2526 4619; x_wconf 93' lang='lat' dir='ltr'><strong>ipso</strong></span> <span class='ocrx_word' id='word_1_717' title='bbox 2554 4557 2861 4615; x_wconf 88' lang='lat' dir='ltr'><strong>assumptus</strong></span> <span class='ocrx_word' id='word_1_718' title='bbox 2890 4554 2995 4609; x_wconf 92' lang='lat' dir='ltr'><strong>est,</strong></span> <span class='ocrx_word' id='word_1_719' title='bbox 3025 4551 3083 4596; x_wconf 91' lang='lat' dir='ltr'><strong>nt</strong></span> <span class='ocrx_word' id='word_1_720' title='bbox 3113 4541 3417 4597; x_wconf 65' lang='lat' dir='ltr'><strong>Jttdazorum</strong></span> 
     </span>
    </p>
   </div>
   <div class='ocr_carea' id='block_1_94' title="bbox 158 4638 1745 4717">
    <p class='ocr_par' dir='ltr' id='par_1_94' title="bbox 158 4638 1745 4717">
     <span class='ocr_line' id='line_1_94' title="bbox 158 4638 1745 4717; baseline 0.001 -21"><span class='ocrx_word' id='word_1_721' title='bbox 158 4644 479 4717; x_wconf 75' lang='grc' dir='ltr'>παροινίας,</span> <span class='ocrx_word' id='word_1_722' title='bbox 512 4644 607 4696; x_wconf 62' lang='grc' dir='ltr'><strong>κα)⁸</strong></span> <span class='ocrx_word' id='word_1_723' title='bbox 625 4641 692 4695; x_wconf 82' lang='grc' dir='ltr'><strong>τὰ</strong></span> <span class='ocrx_word' id='word_1_724' title='bbox 720 4642 814 4694; x_wconf 74' lang='grc' dir='ltr'><strong>ἐπὶ</strong></span> <span class='ocrx_word' id='word_1_725' title='bbox 835 4638 912 4711; x_wconf 80' lang='grc' dir='ltr'><strong>τῷ</strong></span> <span class='ocrx_word' id='word_1_726' title='bbox 946 4639 1166 4711; x_wconf 87' lang='grc' dir='ltr'>σταυρῷ</span> <span class='ocrx_word' id='word_1_727' title='bbox 1187 4640 1485 4712; x_wconf 75' lang='grc' dir='ltr'>πάθη,,κα“ι</span> <span class='ocrx_word' id='word_1_728' title='bbox 1514 4642 1619 4715; x_wconf 84' lang='grc' dir='ltr'><strong>μὴν</strong></span> <span class='ocrx_word' id='word_1_729' title='bbox 1648 4645 1745 4697; x_wconf 75' lang='grc' dir='ltr'><strong>καὶ</strong></span> 
     </span>
    </p>
   </div>
   <div class='ocr_carea' id='block_1_95' title="bbox 158 4733 1748 4810">
    <p class='ocr_par' dir='ltr' id='par_1_95' title="bbox 158 4733 1748 4810">
     <span class='ocr_line' id='line_1_95' title="bbox 158 4733 1748 4810; baseline -0.008 -16"><span class='ocrx_word' id='word_1_730' title='bbox 158 4739 331 4797; x_wconf 89' lang='grc' dir='ltr'>αὐτὸν</span> <span class='ocrx_word' id='word_1_731' title='bbox 385 4739 476 4791; x_wconf 84' lang='grc' dir='ltr'><strong>τὸν</strong></span> <span class='ocrx_word' id='word_1_732' title='bbox 507 4736 757 4800; x_wconf 89' lang='grc' dir='ltr'>θάνατον,</span> <span class='ocrx_word' id='word_1_733' title='bbox 808 4734 904 4789; x_wconf 77' lang='grc' dir='ltr'>καὶ</span> <span class='ocrx_word' id='word_1_734' title='bbox 947 4733 1109 4788; x_wconf 84' lang='grc' dir='ltr'>αὐτὸν</span> <span class='ocrx_word' id='word_1_735' title='bbox 1137 4734 1391 4803; x_wconf 84' lang='grc' dir='ltr'>γενέσθαι</span> <span class='ocrx_word' id='word_1_736' title='bbox 1423 4736 1522 4804; x_wconf 84' lang='grc' dir='ltr'><strong>τῆς</strong></span> <span class='ocrx_word' id='word_1_737' title='bbox 1570 4754 1748 4810; x_wconf 83' lang='grc' dir='ltr'>σωτη-</span> 
     </span>
    </p>
   </div>
   <div class='ocr_carea' id='block_1_96' title="bbox 164 4823 1741 4902">
    <p class='ocr_par' dir='ltr' id='par_1_96' title="bbox 164 4823 1741 4902">
     <span class='ocr_line' id='line_1_96' title="bbox 164 4823 1741 4902; baseline -0.01 -18"><span class='ocrx_word' id='word_1_738' title='bbox 164 4833 292 4902; x_wconf 78' lang='grc' dir='ltr'>ρίας</span> <span class='ocrx_word' id='word_1_739' title='bbox 325 4828 487 4899; x_wconf 80' lang='grc' dir='ltr'>ἡμῶν</span> <span class='ocrx_word' id='word_1_740' title='bbox 526 4826 789 4898; x_wconf 82' lang='grc' dir='ltr'>ἀρχηγὸν,</span> <span class='ocrx_word' id='word_1_741' title='bbox 815 4827 886 4897; x_wconf 79' lang='grc' dir='ltr'><strong>τῇ</strong></span> <span class='ocrx_word' id='word_1_742' title='bbox 932 4823 1027 4878; x_wconf 91' lang='grc' dir='ltr'><strong>τοῦ</strong></span> <span class='ocrx_word' id='word_1_743' title='bbox 1083 4823 1333 4883; x_wconf 76' lang='grc' dir='ltr'>συνόντος</span> <span class='ocrx_word' id='word_1_744' title='bbox 1379 4825 1526 4895; x_wconf 78' lang='grc' dir='ltr'><strong>αὑτῴ</strong></span> <span class='ocrx_word' id='word_1_745' title='bbox 1568 4826 1741 4895; x_wconf 57' lang='grc' dir='ltr'><strong>Λόγου</strong></span> 
     </span>
    </p>
   </div>
   <div class='ocr_carea' id='block_1_97' title="bbox 159 4916 1743 4992">
    <p class='ocr_par' dir='ltr' id='par_1_97' title="bbox 159 4916 1743 4992">
     <span class='ocr_line' id='line_1_97' title="bbox 159 4916 1743 4992; baseline -0.011 -15"><span class='ocrx_word' id='word_1_746' title='bbox 159 4921 417 4992; x_wconf 83' lang='grc' dir='ltr'>δυνάμει,</span> <span class='ocrx_word' id='word_1_747' title='bbox 470 4918 981 4989; x_wconf 77' lang='grc' dir='ltr'>παλινδρομήσαντα</span> <span class='ocrx_word' id='word_1_748' title='bbox 1032 4916 1166 4987; x_wconf 83' lang='grc' dir='ltr'>πρὸς</span> <span class='ocrx_word' id='word_1_749' title='bbox 1213 4917 1378 4987; x_wconf 70' lang='grc' dir='ltr'>ζωὴν,</span> <span class='ocrx_word' id='word_1_750' title='bbox 1420 4917 1514 4971; x_wconf 74' lang='grc' dir='ltr'>καὶ</span> <span class='ocrx_word' id='word_1_751' title='bbox 1543 4918 1604 4971; x_wconf 73' lang='grc' dir='ltr'><strong>τὸ</strong></span> <span class='ocrx_word' id='word_1_752' title='bbox 1649 4920 1743 4974; x_wconf 68' lang='grc' dir='ltr'><strong>τοῦ</strong></span> 
     </span>
    </p>
   </div>
   <div class='ocr_carea' id='block_1_98' title="bbox 163 5006 1107 5080">
    <p class='ocr_par' dir='ltr' id='par_1_98' title="bbox 163 5006 1107 5080">
     <span class='ocr_line' id='line_1_98' title="bbox 163 5006 1107 5080; baseline -0.01 -13"><span class='ocrx_word' id='word_1_753' title='bbox 163 5013 400 5067; x_wconf 83' lang='grc' dir='ltr'>θανάτου</span> <span class='ocrx_word' id='word_1_754' title='bbox 434 5012 851 5080; x_wconf 77' lang='grc' dir='ltr'>καταργήσαντα</span> <span class='ocrx_word' id='word_1_755' title='bbox 884 5006 1107 5077; x_wconf 84' lang='grc' dir='ltr'>κράτος.</span> 
     </span>
    </p>
   </div>
   <div class='ocr_carea' id='block_1_99' title="bbox 244 5097 1743 5173">
    <p class='ocr_par' dir='ltr' id='par_1_99' title="bbox 244 5097 1743 5173">
     <span class='ocr_line' id='line_1_99' title="bbox 244 5097 1743 5173; baseline -0.001 -16"><span class='ocrx_word' id='word_1_756' title='bbox 244 5105 303 5160; x_wconf 80' lang='grc' dir='ltr'><strong>Α.</strong></span> <span class='ocrx_word' id='word_1_757' title='bbox 339 5098 486 5173; x_wconf 73' lang='grc' dir='ltr'>Ἀρα</span> <span class='ocrx_word' id='word_1_758' title='bbox 523 5097 615 5154; x_wconf 84' lang='grc' dir='ltr'><strong>οῦν</strong></span> <span class='ocrx_word' id='word_1_759' title='bbox 651 5100 825 5170; x_wconf 82' lang='grc' dir='ltr'>ἔχοιεν</span> <span class='ocrx_word' id='word_1_760' title='bbox 854 5097 920 5153; x_wconf 80' lang='grc' dir='ltr'>ἂν</span> <span class='ocrx_word' id='word_1_761' title='bbox 956 5098 1015 5165; x_wconf 77' lang='grc' dir='ltr'><strong>ἐξ</strong></span> <span class='ocrx_word' id='word_1_762' title='bbox 1055 5098 1216 5170; x_wconf 81' lang='grc' dir='ltr'><strong>ἱερῶν</strong></span> <span class='ocrx_word' id='word_1_763' title='bbox 1244 5098 1617 5170; x_wconf 85' lang='grc' dir='ltr'>Γραμμάτων,</span> <span class='ocrx_word' id='word_1_764' title='bbox 1651 5100 1743 5155; x_wconf 83' lang='grc' dir='ltr'><strong>τὸν</strong></span> 
     </span>
    </p>
   </div>
   <div class='ocr_carea' id='block_1_100' title="bbox 164 5190 1743 5264">
    <p class='ocr_par' dir='ltr' id='par_1_100' title="bbox 164 5190 1743 5264">
     <span class='ocr_line' id='line_1_100' title="bbox 164 5190 1743 5264; baseline -0.002 -15"><span class='ocrx_word' id='word_1_765' title='bbox 164 5195 265 5249; x_wconf 69' lang='grc' dir='ltr'><strong>ἐπὶ</strong></span> <span class='ocrx_word' id='word_1_766' title='bbox 290 5194 501 5257; x_wconf 80' lang='grc' dir='ltr'>τούτοις</span> <span class='ocrx_word' id='word_1_767' title='bbox 526 5193 657 5264; x_wconf 79' lang='grc' dir='ltr'><strong>ἡμῖν</strong></span> <span class='ocrx_word' id='word_1_768' title='bbox 689 5190 865 5263; x_wconf 81' lang='grc' dir='ltr'><strong>ἀληθῆ</strong></span> <span class='ocrx_word' id='word_1_769' title='bbox 898 5190 1252 5261; x_wconf 79' lang='grc' dir='ltr'><strong>παραστῆσαι</strong></span> <span class='ocrx_word' id='word_1_770' title='bbox 1272 5190 1463 5259; x_wconf 88' lang='grc' dir='ltr'>λόγον;</span> <span class='ocrx_word' id='word_1_771' title='bbox 1492 5192 1525 5262; x_wconf 74' lang='grc' dir='ltr'>ἢ</span> <span class='ocrx_word' id='word_1_772' title='bbox 1558 5210 1743 5247; x_wconf 77' lang='grc' dir='ltr'>καινοο</span> 
     </span>
    </p>
   </div>
   <div class='ocr_carea' id='block_1_101' title="bbox 165 5283 1749 5358">
    <p class='ocr_par' dir='ltr' id='par_1_101' title="bbox 165 5283 1749 5358">
     <span class='ocr_line' id='line_1_101' title="bbox 165 5283 1749 5358; baseline 0.001 -19"><span class='ocrx_word' id='word_1_773' title='bbox 165 5287 396 5358; x_wconf 84' lang='grc' dir='ltr'>τομοῦσι</span> <span class='ocrx_word' id='word_1_774' title='bbox 417 5287 516 5357; x_wconf 80' lang='grc' dir='ltr'>τὴν</span> <span class='ocrx_word' id='word_1_775' title='bbox 540 5286 745 5349; x_wconf 88' lang='grc' dir='ltr'>πίστιν,</span> <span class='ocrx_word' id='word_1_776' title='bbox 766 5283 836 5338; x_wconf 70' lang='grc' dir='ltr'><strong>τά</strong></span> <span class='ocrx_word' id='word_1_777' title='bbox 856 5284 963 5337; x_wconf 86' lang='grc' dir='ltr'>ἀπὸ</span> <span class='ocrx_word' id='word_1_778' title='bbox 990 5283 1216 5355; x_wconf 87' lang='grc' dir='ltr'>καρδίας</span> <span class='ocrx_word' id='word_1_779' title='bbox 1236 5283 1413 5338; x_wconf 83' lang='grc' dir='ltr'>αὐτῶν</span> <span class='ocrx_word' id='word_1_780' title='bbox 1436 5285 1749 5356; x_wconf 76' lang='grc' dir='ltr'>λαλοῦντες,</span> 
     </span>
    </p>
   </div>
   <div class='ocr_carea' id='block_1_102' title="bbox 168 5374 1742 5450">
    <p class='ocr_par' dir='ltr' id='par_1_102' title="bbox 168 5374 1742 5450">
     <span class='ocr_line' id='line_1_102' title="bbox 168 5374 1742 5450; baseline 0.003 -19"><span class='ocrx_word' id='word_1_781' title='bbox 168 5380 270 5433; x_wconf 81' lang='grc' dir='ltr'>καὶ</span> <span class='ocrx_word' id='word_1_782' title='bbox 292 5380 391 5431; x_wconf 86' lang='grc' dir='ltr'><strong>οὐκ</strong></span> <span class='ocrx_word' id='word_1_783' title='bbox 414 5378 521 5431; x_wconf 88' lang='grc' dir='ltr'><strong>ἀπὸ</strong></span> <span class='ocrx_word' id='word_1_784' title='bbox 542 5376 807 5446; x_wconf 80' lang='grc' dir='ltr'>στόματος</span> <span class='ocrx_word' id='word_1_785' title='bbox 831 5375 1058 5446; x_wconf 87' lang='grc' dir='ltr'>Κυρίου,</span> <span class='ocrx_word' id='word_1_786' title='bbox 1086 5374 1228 5428; x_wconf 84' lang='grc' dir='ltr'><strong>κατὰ</strong></span> <span class='ocrx_word' id='word_1_787' title='bbox 1250 5375 1309 5428; x_wconf 91' lang='grc' dir='ltr'>τὸ</span> <span class='ocrx_word' id='word_1_788' title='bbox 1329 5380 1742 5450; x_wconf 79' lang='grc' dir='ltr'>γεγραμμένον;</span> 
     </span>
    </p>
   </div>
   <div class='ocr_carea' id='block_1_103' title="bbox 150 5468 1749 5541">
    <p class='ocr_par' dir='ltr' id='par_1_103' title="bbox 150 5468 1749 5541">
     <span class='ocr_line' id='line_1_103' title="bbox 150 5468 1749 5541; baseline 0.007 -18"><span class='ocrx_word' id='word_1_789' title='bbox 150 5468 209 5539; x_wconf 74' lang='grc' dir='ltr'><strong>’ἡ</strong></span> <span class='ocrx_word' id='word_1_790' title='bbox 238 5470 377 5541; x_wconf 85' lang='grc' dir='ltr'>τάχα</span> <span class='ocrx_word' id='word_1_791' title='bbox 414 5488 514 5524; x_wconf 87' lang='grc' dir='ltr'><strong>που</strong></span> <span class='ocrx_word' id='word_1_792' title='bbox 542 5471 640 5523; x_wconf 78' lang='grc' dir='ltr'><strong>οὐκ</strong></span> <span class='ocrx_word' id='word_1_793' title='bbox 672 5470 871 5532; x_wconf 79' lang='grc' dir='ltr'>εἰδότες</span> <span class='ocrx_word' id='word_1_794' title='bbox 892 5468 1091 5537; x_wconf 86' lang='grc' dir='ltr'><strong>λέγειν·</strong></span> <span class='ocrx_word' id='word_1_795' title='bbox 1123 5487 1141 5519; x_wconf 81' lang='lat' dir='ltr'><strong>t</strong></span> <span class='ocrx_word' id='word_1_796' title='bbox 1177 5469 1331 5538; x_wconf 75' lang='grc' dir='ltr'>Ἐμοὶ</span> <span class='ocrx_word' id='word_1_797' title='bbox 1354 5469 1413 5523; x_wconf 83' lang='grc' dir='ltr'>δὲ</span> <span class='ocrx_word' id='word_1_798' title='bbox 1436 5471 1509 5541; x_wconf 84' lang='grc' dir='ltr'><strong>μὴ</strong></span> <span class='ocrx_word' id='word_1_799' title='bbox 1537 5473 1749 5540; x_wconf 76' lang='grc' dir='ltr'>γένοιτο</span> 
     </span>
    </p>
   </div>
   <div class='ocr_carea' id='block_1_104' title="bbox 174 5559 1749 5633">
    <p class='ocr_par' dir='ltr' id='par_1_104' title="bbox 174 5559 1749 5633">
     <span class='ocr_line' id='line_1_104' title="bbox 174 5559 1749 5633; baseline 0.001 -18"><span class='ocrx_word' id='word_1_800' title='bbox 174 5562 487 5633; x_wconf 82' lang='grc' dir='ltr'>καυχᾶσθαι</span> <span class='ocrx_word' id='word_1_801' title='bbox 525 5562 573 5614; x_wconf 87' lang='grc' dir='ltr'><strong>εί</strong></span> <span class='ocrx_word' id='word_1_802' title='bbox 615 5560 690 5633; x_wconf 80' lang='grc' dir='ltr'><strong>μὴ</strong></span> <span class='ocrx_word' id='word_1_803' title='bbox 731 5562 795 5613; x_wconf 79' lang='grc' dir='ltr'><strong>ὲν</strong></span> <span class='ocrx_word' id='word_1_804' title='bbox 823 5559 899 5630; x_wconf 81' lang='grc' dir='ltr'><strong>τῷ</strong></span> <span class='ocrx_word' id='word_1_805' title='bbox 929 5559 1141 5631; x_wconf 80' lang='grc' dir='ltr'>σταυρῷ</span> <span class='ocrx_word' id='word_1_806' title='bbox 1171 5560 1266 5614; x_wconf 87' lang='grc' dir='ltr'>τοῦ</span> <span class='ocrx_word' id='word_1_807' title='bbox 1301 5562 1562 5633; x_wconf 83' lang='grc' dir='ltr'>Χριστοῦ,</span> <span class='ocrx_word' id='word_1_808' title='bbox 1594 5565 1659 5617; x_wconf 81' lang='grc' dir='ltr'><strong>δι’</strong></span> <span class='ocrx_word' id='word_1_809' title='bbox 1686 5565 1749 5625; x_wconf 71' lang='grc' dir='ltr'>οὗ</span> 
     </span>
    </p>
   </div>
   <div class='ocr_carea' id='block_1_105' title="bbox 170 5652 1495 5726">
    <p class='ocr_par' dir='ltr' id='par_1_105' title="bbox 170 5652 1495 5726">
     <span class='ocr_line' id='line_1_105' title="bbox 170 5652 1495 5726; baseline 0.001 -21"><span class='ocrx_word' id='word_1_810' title='bbox 170 5655 306 5724; x_wconf 65' lang='grc' dir='ltr'><strong>ἐμοὶ</strong></span> <span class='ocrx_word' id='word_1_811' title='bbox 341 5658 538 5726; x_wconf 85' lang='grc' dir='ltr'>κόσμος</span> <span class='ocrx_word' id='word_1_812' title='bbox 570 5654 927 5723; x_wconf 71' lang='grc' dir='ltr'>ἐσταύρωται,</span> <span class='ocrx_word' id='word_1_813' title='bbox 947 5652 1102 5722; x_wconf 70' lang='grc' dir='ltr'><strong>κάγὼ</strong></span> <span class='ocrx_word' id='word_1_814' title='bbox 1131 5652 1208 5723; x_wconf 83' lang='grc' dir='ltr'><strong>τῷ</strong></span> <span class='ocrx_word' id='word_1_815' title='bbox 1236 5654 1442 5725; x_wconf 77' lang='grc' dir='ltr'><strong>κόσμῳ.</strong></span> <span class='ocrx_word' id='word_1_816' title='bbox 1477 5674 1495 5707; x_wconf 83' lang='grc' dir='ltr'><strong>ι</strong></span> 
     </span>
    </p>
   </div>
   <div class='ocr_carea' id='block_1_106' title="bbox 1841 4634 3417 4710">
    <p class='ocr_par' dir='ltr' id='par_1_106' title="bbox 1841 4634 3417 4710">
     <span class='ocr_line' id='line_1_106' title="bbox 1841 4634 3417 4710; baseline -0.007 -11"><span class='ocrx_word' id='word_1_817' title='bbox 1841 4643 2197 4699; x_wconf 87' lang='lat' dir='ltr'><strong>contumelias</strong></span> <span class='ocrx_word' id='word_1_818' title='bbox 2248 4642 2475 4707; x_wconf 85' lang='lat' dir='ltr'><strong>subiret,</strong></span> <span class='ocrx_word' id='word_1_819' title='bbox 2526 4648 2581 4695; x_wconf 90' lang='lat' dir='ltr'><strong>et</strong></span> <span class='ocrx_word' id='word_1_820' title='bbox 2635 4640 2938 4710; x_wconf 86' lang='lat' dir='ltr'><strong>passionem</strong></span> <span class='ocrx_word' id='word_1_821' title='bbox 2998 4634 3208 4698; x_wconf 88' lang='lat' dir='ltr'><strong>crucis,</strong></span> <span class='ocrx_word' id='word_1_822' title='bbox 3259 4644 3417 4702; x_wconf 83' lang='lat' dir='ltr'><strong>atque</strong></span> 
     </span>
    </p>
   </div>
   <div class='ocr_carea' id='block_1_107' title="bbox 1842 4726 3425 4803">
    <p class='ocr_par' dir='ltr' id='par_1_107' title="bbox 1842 4726 3425 4803">
     <span class='ocr_line' id='line_1_107' title="bbox 1842 4726 3425 4803; baseline -0.011 -12"><span class='ocrx_word' id='word_1_823' title='bbox 1842 4738 1978 4791; x_wconf 90' lang='lat' dir='ltr'><strong>adeo</strong></span> <span class='ocrx_word' id='word_1_824' title='bbox 2008 4745 2235 4790; x_wconf 90' lang='lat' dir='ltr'><strong>mortem</strong></span> <span class='ocrx_word' id='word_1_825' title='bbox 2272 4733 2481 4803; x_wconf 89' lang='lat' dir='ltr'><strong>ipsam;</strong></span> <span class='ocrx_word' id='word_1_826' title='bbox 2531 4738 2693 4800; x_wconf 88' lang='lat' dir='ltr'><strong>atque</strong></span> <span class='ocrx_word' id='word_1_827' title='bbox 2727 4730 2901 4800; x_wconf 90' lang='lat' dir='ltr'><strong>ipsum</strong></span> <span class='ocrx_word' id='word_1_828' title='bbox 2940 4726 3141 4780; x_wconf 76' lang='lat' dir='ltr'><strong>factum</strong></span> <span class='ocrx_word' id='word_1_829' title='bbox 3176 4740 3297 4779; x_wconf 88' lang='lat' dir='ltr'><strong>esse</strong></span> <span class='ocrx_word' id='word_1_830' title='bbox 3332 4742 3425 4777; x_wconf 70' lang='lat' dir='ltr'><strong>sa-</strong></span> 
     </span>
    </p>
   </div>
   <div class='ocr_carea' id='block_1_108' title="bbox 1842 4817 3433 4892">
    <p class='ocr_par' dir='ltr' id='par_1_108' title="bbox 1842 4817 3433 4892">
     <span class='ocr_line' id='line_1_108' title="bbox 1842 4817 3433 4892; baseline -0.008 -11"><span class='ocrx_word' id='word_1_831' title='bbox 1842 4828 1973 4882; x_wconf 90' lang='lat' dir='ltr'><strong>lutis</strong></span> <span class='ocrx_word' id='word_1_832' title='bbox 2011 4837 2211 4881; x_wconf 65' lang='lat' dir='ltr'><strong>nostris</strong></span> <span class='ocrx_word' id='word_1_833' title='bbox 2257 4834 2556 4886; x_wconf 88' lang='lat' dir='ltr'><strong>auctorem,</strong></span> <span class='ocrx_word' id='word_1_834' title='bbox 2613 4822 2811 4892; x_wconf 80' lang='lat' dir='ltr'><strong>quippe</strong></span> <span class='ocrx_word' id='word_1_835' title='bbox 2860 4821 2952 4889; x_wconf 89' lang='lat' dir='ltr'><strong>qui</strong></span> <span class='ocrx_word' id='word_1_836' title='bbox 3006 4818 3057 4872; x_wconf 82' lang='lat' dir='ltr'><strong>vi</strong></span> <span class='ocrx_word' id='word_1_837' title='bbox 3112 4831 3177 4870; x_wconf 90' lang='lat' dir='ltr'><strong>ac</strong></span> <span class='ocrx_word' id='word_1_838' title='bbox 3219 4817 3433 4868; x_wconf 70' lang='lat' dir='ltr'><strong>virtute</strong></span> 
     </span>
    </p>
   </div>
   <div class='ocr_carea' id='block_1_109' title="bbox 1827 4908 3421 4987">
    <p class='ocr_par' dir='ltr' id='par_1_109' title="bbox 1827 4908 3421 4987">
     <span class='ocr_line' id='line_1_109' title="bbox 1827 4908 3421 4987; baseline -0.009 -12"><span class='ocrx_word' id='word_1_839' title='bbox 1827 4918 2005 4975; x_wconf 84' lang='lat' dir='ltr'><strong>-Verhi</strong></span> <span class='ocrx_word' id='word_1_840' title='bbox 2033 4917 2175 4987; x_wconf 91' lang='lat' dir='ltr'><strong>quod</strong></span> <span class='ocrx_word' id='word_1_841' title='bbox 2206 4917 2305 4986; x_wconf 87' lang='lat' dir='ltr'><strong>ipsi</strong></span> <span class='ocrx_word' id='word_1_842' title='bbox 2328 4914 2672 4985; x_wconf 87' lang='lat' dir='ltr'><strong>conjunctum</strong></span> <span class='ocrx_word' id='word_1_843' title='bbox 2697 4920 2815 4967; x_wconf 87' lang='lat' dir='ltr'><strong>erat</strong></span> <span class='ocrx_word' id='word_1_844' title='bbox 2846 4910 3203 4966; x_wconf 85' lang='lat' dir='ltr'><strong>resuscitatus</strong></span> <span class='ocrx_word' id='word_1_845' title='bbox 3236 4908 3421 4971; x_wconf 78' lang='lat' dir='ltr'><strong>fuerit,</strong></span> 
     </span>
    </p>
   </div>
   <div class='ocr_carea' id='block_1_110' title="bbox 1847 5006 2812 5081">
    <p class='ocr_par' dir='ltr' id='par_1_110' title="bbox 1847 5006 2812 5081">
     <span class='ocr_line' id='line_1_110' title="bbox 1847 5006 2812 5081; baseline -0.008 -13"><span class='ocrx_word' id='word_1_846' title='bbox 1847 5024 1904 5068; x_wconf 89' lang='lat' dir='ltr'><strong>et</strong></span> <span class='ocrx_word' id='word_1_847' title='bbox 1945 5011 2136 5066; x_wconf 88' lang='lat' dir='ltr'><strong>mortis</strong></span> <span class='ocrx_word' id='word_1_848' title='bbox 2171 5009 2457 5081; x_wconf 88' lang='lat' dir='ltr'><strong>imperium</strong></span> <span class='ocrx_word' id='word_1_849' title='bbox 2496 5006 2812 5062; x_wconf 84' lang='lat' dir='ltr'><strong>aboleverit.</strong></span> 
     </span>
    </p>
   </div>
   <div class='ocr_carea' id='block_1_111' title="bbox 1916 5100 3417 5173">
    <p class='ocr_par' dir='ltr' id='par_1_111' title="bbox 1916 5100 3417 5173">
     <span class='ocr_line' id='line_1_111' title="bbox 1916 5100 3417 5173; baseline -0.007 -15"><span class='ocrx_word' id='word_1_850' title='bbox 1916 5104 1984 5158; x_wconf 82' lang='grc' dir='ltr'><strong>Δ.</strong></span> <span class='ocrx_word' id='word_1_851' title='bbox 2023 5103 2185 5173; x_wconf 87' lang='lat' dir='ltr'><strong>Atqui</strong></span> <span class='ocrx_word' id='word_1_852' title='bbox 2229 5102 2509 5172; x_wconf 91' lang='lat' dir='ltr'><strong>possintne</strong></span> <span class='ocrx_word' id='word_1_853' title='bbox 2556 5100 2838 5156; x_wconf 67' lang='lat' dir='ltr'><strong>sententia</strong></span> <span class='ocrx_word' id='word_1_854' title='bbox 2879 5113 2989 5155; x_wconf 62' lang='lat' dir='ltr'><strong>sua:</strong></span> <span class='ocrx_word' id='word_1_855' title='bbox 3044 5109 3309 5152; x_wconf 78' lang='lat' dir='ltr'><strong>rationem</strong></span> <span class='ocrx_word' id='word_1_856' title='bbox 3350 5111 3417 5148; x_wconf 78' lang='lat' dir='ltr'><strong>ex</strong></span> 
     </span>
    </p>
   </div>
   <div class='ocr_carea' id='block_1_112' title="bbox 1846 5188 3429 5264">
    <p class='ocr_par' dir='ltr' id='par_1_112' title="bbox 1846 5188 3429 5264">
     <span class='ocr_line' id='line_1_112' title="bbox 1846 5188 3429 5264; baseline -0.009 -13"><span class='ocrx_word' id='word_1_857' title='bbox 1846 5195 2019 5251; x_wconf 88' lang='lat' dir='ltr'><strong>sacris</strong></span> <span class='ocrx_word' id='word_1_858' title='bbox 2054 5194 2276 5250; x_wconf 90' lang='lat' dir='ltr'><strong>Litteris</strong></span> <span class='ocrx_word' id='word_1_859' title='bbox 2313 5192 2713 5264; x_wconf 67' lang='lat' dir='ltr'><strong>comprobare?</strong></span> <span class='ocrx_word' id='word_1_860' title='bbox 2748 5202 2843 5246; x_wconf 92' lang='lat' dir='ltr'><strong>aut</strong></span> <span class='ocrx_word' id='word_1_861' title='bbox 2870 5191 3128 5245; x_wconf 88' lang='lat' dir='ltr'><strong>innovant</strong></span> <span class='ocrx_word' id='word_1_862' title='bbox 3160 5188 3319 5242; x_wconf 87' lang='lat' dir='ltr'><strong>ﬁdem</strong></span> <span class='ocrx_word' id='word_1_863' title='bbox 3350 5201 3429 5239; x_wconf 75' lang='lat' dir='ltr'><strong>ex,</strong></span> 
     </span>
    </p>
   </div>
   <div class='ocr_carea' id='block_1_113' title="bbox 1844 5277 3431 5357">
    <p class='ocr_par' dir='ltr' id='par_1_113' title="bbox 1844 5277 3431 5357">
     <span class='ocr_line' id='line_1_113' title="bbox 1844 5277 3431 5357; baseline -0.006 -15"><span class='ocrx_word' id='word_1_864' title='bbox 1844 5301 1944 5343; x_wconf 89' lang='lat' dir='ltr'><strong>suo</strong></span> <span class='ocrx_word' id='word_1_865' title='bbox 1969 5287 2205 5357; x_wconf 91' lang='lat' dir='ltr'><strong>ipsorum</strong></span> <span class='ocrx_word' id='word_1_866' title='bbox 2234 5289 2397 5341; x_wconf 89' lang='lat' dir='ltr'><strong>corde</strong></span> <span class='ocrx_word' id='word_1_867' title='bbox 2421 5285 2723 5355; x_wconf 83' lang='lat' dir='ltr'><strong>loquentes,</strong></span> <span class='ocrx_word' id='word_1_868' title='bbox 2748 5290 2810 5338; x_wconf 91' lang='lat' dir='ltr'><strong>et</strong></span> <span class='ocrx_word' id='word_1_869' title='bbox 2828 5297 2932 5337; x_wconf 92' lang='lat' dir='ltr'><strong>non</strong></span> <span class='ocrx_word' id='word_1_870' title='bbox 2964 5296 3032 5336; x_wconf 77' lang='lat' dir='ltr'><strong>ex</strong></span> <span class='ocrx_word' id='word_1_871' title='bbox 3060 5294 3155 5335; x_wconf 91' lang='lat' dir='ltr'><strong>ore</strong></span> <span class='ocrx_word' id='word_1_872' title='bbox 3183 5277 3431 5342; x_wconf 91' lang='lat' dir='ltr'><strong>Domini,.</strong></span> 
     </span>
    </p>
   </div>
   <div class='ocr_carea' id='block_1_114' title="bbox 1844 5369 3415 5448">
    <p class='ocr_par' dir='ltr' id='par_1_114' title="bbox 1844 5369 3415 5448">
     <span class='ocr_line' id='line_1_114' title="bbox 1844 5369 3415 5448; baseline -0.008 -15"><span class='ocrx_word' id='word_1_873' title='bbox 1844 5377 1989 5433; x_wconf 87' lang='lat' dir='ltr'><strong>sicut</strong></span> <span class='ocrx_word' id='word_1_874' title='bbox 2015 5378 2277 5448; x_wconf 87' lang='lat' dir='ltr'><strong>scriptum</strong></span> <span class='ocrx_word' id='word_1_875' title='bbox 2306 5385 2392 5432; x_wconf 90' lang='lat' dir='ltr'><strong>est</strong></span> <span class='ocrx_word' id='word_1_876' title='bbox 2412 5376 2471 5430; x_wconf 73' lang='grc'><strong>⁷2</strong></span> <span class='ocrx_word' id='word_1_877' title='bbox 2491 5375 2836 5432; x_wconf 79' lang='lat' dir='ltr'><strong>autlortasse</strong></span> <span class='ocrx_word' id='word_1_878' title='bbox 2865 5372 3170 5429; x_wconf 90' lang='lat' dir='ltr'><strong>nescientes</strong></span> <span class='ocrx_word' id='word_1_879' title='bbox 3198 5369 3415 5426; x_wconf 87' lang='lat' dir='ltr'><strong>dicere:</strong></span> 
     </span>
    </p>
   </div>
   <div class='ocr_carea' id='block_1_115' title="bbox 1848 5462 3417 5538">
    <p class='ocr_par' dir='ltr' id='par_1_115' title="bbox 1848 5462 3417 5538">
     <span class='ocr_line' id='line_1_115' title="bbox 1848 5462 3417 5538; baseline -0.006 -15"><span class='ocrx_word' id='word_1_880' title='bbox 1848 5489 1867 5523; x_wconf 78' lang='grc' dir='ltr'><strong>ι</strong></span> <span class='ocrx_word' id='word_1_881' title='bbox 1911 5468 2040 5524; x_wconf 82' lang='lat' dir='ltr'><strong>Mihi</strong></span> <span class='ocrx_word' id='word_1_882' title='bbox 2081 5483 2210 5525; x_wconf 87' lang='lat' dir='ltr'><strong>vero</strong></span> <span class='ocrx_word' id='word_1_883' title='bbox 2264 5484 2372 5523; x_wconf 94' lang='lat' dir='ltr'><strong>non</strong></span> <span class='ocrx_word' id='word_1_884' title='bbox 2427 5468 2707 5538; x_wconf 81' lang='lat' dir='ltr'><strong>contingat</strong></span> <span class='ocrx_word' id='word_1_885' title='bbox 2744 5465 2962 5538; x_wconf 89' lang='lat' dir='ltr'><strong>gloriari</strong></span> <span class='ocrx_word' id='word_1_886' title='bbox 3005 5463 3108 5519; x_wconf 91' lang='lat' dir='ltr'><strong>nisi</strong></span> <span class='ocrx_word' id='word_1_887' title='bbox 3158 5462 3213 5516; x_wconf 91' lang='lat' dir='ltr'><strong>in</strong></span> <span class='ocrx_word' id='word_1_888' title='bbox 3256 5475 3417 5515; x_wconf 88' lang='lat' dir='ltr'><strong>cruce</strong></span> 
     </span>
    </p>
   </div>
   <div class='ocr_carea' id='block_1_116' title="bbox 1842 5559 3426 5636">
    <p class='ocr_par' dir='ltr' id='par_1_116' title="bbox 1842 5559 3426 5636">
     <span class='ocr_line' id='line_1_116' title="bbox 1842 5559 3426 5636; baseline -0.008 -14"><span class='ocrx_word' id='word_1_889' title='bbox 1842 5565 2065 5633; x_wconf 89' lang='lat' dir='ltr'><strong>Christi,</strong></span> <span class='ocrx_word' id='word_1_890' title='bbox 2106 5580 2204 5635; x_wconf 85' lang='lat' dir='ltr'><strong>per</strong></span> <span class='ocrx_word' id='word_1_891' title='bbox 2240 5580 2403 5636; x_wconf 88' lang='lat' dir='ltr'><strong>quem</strong></span> <span class='ocrx_word' id='word_1_892' title='bbox 2444 5564 2575 5620; x_wconf 87' lang='lat' dir='ltr'><strong>mihi</strong></span> <span class='ocrx_word' id='word_1_893' title='bbox 2612 5564 2840 5620; x_wconf 86' lang='lat' dir='ltr'><strong>mundus</strong></span> <span class='ocrx_word' id='word_1_894' title='bbox 2883 5559 3175 5618; x_wconf 78' lang='lat' dir='ltr'><strong>cruciﬁxus</strong></span> <span class='ocrx_word' id='word_1_895' title='bbox 3223 5565 3327 5620; x_wconf 81' lang='lat' dir='ltr'><strong>est,</strong></span> <span class='ocrx_word' id='word_1_896' title='bbox 3362 5566 3426 5610; x_wconf 79' lang='lat' dir='ltr'><strong>et</strong></span> 
     </span>
    </p>
   </div>
   <div class='ocr_carea' id='block_1_117' title="bbox 1716 5657 2288 5729">
    <p class='ocr_par' dir='ltr' id='par_1_117' title="bbox 1716 5657 2288 5729">
     <span class='ocr_line' id='line_1_117' title="bbox 1716 5657 2288 5729; baseline -0.007 -16"><span class='ocrx_word' id='word_1_897' title='bbox 1716 5704 1738 5729; x_wconf 29' lang='grc' dir='ltr'><strong>,ι</strong></span> <span class='ocrx_word' id='word_1_898' title='bbox 1843 5674 1943 5729; x_wconf 81' lang='lat' dir='ltr'><strong>ego</strong></span> <span class='ocrx_word' id='word_1_899' title='bbox 1976 5657 2173 5713; x_wconf 89' lang='lat' dir='ltr'><strong>mundo</strong></span> <span class='ocrx_word' id='word_1_900' title='bbox 2196 5658 2236 5710; x_wconf 83' lang='grc'><strong>⁸.</strong></span> <span class='ocrx_word' id='word_1_901' title='bbox 2269 5676 2288 5709; x_wconf 77' lang='grc' dir='ltr'><strong>ι</strong></span> 
     </span>
    </p>
   </div>
   <div class='ocr_carea' id='block_1_118' title="bbox 257 5725 1733 5847">
    <p class='ocr_par' dir='ltr' id='par_1_118' title="bbox 257 5725 1733 5847">
     <span class='ocr_line' id='line_1_118' title="bbox 257 5725 1733 5847; baseline 0.005 -25"><span class='ocrx_word' id='word_1_902' title='bbox 257 5771 269 5799; x_wconf 78' lang='grc' dir='ltr'><strong>ι</strong></span> <span class='ocrx_word' id='word_1_903' title='bbox 314 5768 515 5847; x_wconf 50' lang='lat' dir='ltr'><strong>t_pcu;</strong></span> <span class='ocrx_word' id='word_1_904' title='bbox 552 5783 590 5847; x_wconf 58' lang='grc' dir='ltr'><strong><em>μ</em></strong></span> <span class='ocrx_word' id='word_1_905' title='bbox 628 5768 832 5830; x_wconf 62' lang='grc' dir='ltr'><strong>ι8,ιιλ</strong></span> <span class='ocrx_word' id='word_1_906' title='bbox 910 5771 928 5801; x_wconf 66' lang='grc' dir='ltr'><strong>ν</strong></span> <span class='ocrx_word' id='word_1_907' title='bbox 965 5768 1395 5847; x_wconf 44' lang='grc' dir='ltr'><strong>μξῆηξ.ξ.ί,⁴ἓ.</strong></span> <span class='ocrx_word' id='word_1_908' title='bbox 1474 5725 1733 5847; x_wconf 20' lang='grc' dir='ltr'><strong>λιιιρδν.¹</strong></span> 
     </span>
    </p>
   </div>
   <div class='ocr_carea' id='block_1_119' title="bbox 1838 5725 3413 5847">
    <p class='ocr_par' dir='ltr' id='par_1_119' title="bbox 1838 5764 3413 5847">
     <span class='ocr_line' id='line_1_119' title="bbox 1838 5764 3413 5847; baseline -0.004 -13"><span class='ocrx_word' id='word_1_909' title='bbox 1838 5778 1913 5834; x_wconf 89' lang='lat' dir='ltr'><strong>l9.</strong></span> <span class='ocrx_word' id='word_1_910' title='bbox 1941 5778 2030 5833; x_wconf 76' lang='lat'><strong>‘20.</strong></span> <span class='ocrx_word' id='word_1_911' title='bbox 2111 5779 2126 5810; x_wconf 69' lang='lat'><strong>‘</strong></span> <span class='ocrx_word' id='word_1_912' title='bbox 2167 5776 2355 5835; x_wconf 76' lang='lat' dir='ltr'><strong>Matth.</strong></span> <span class='ocrx_word' id='word_1_913' title='bbox 2391 5794 2510 5847; x_wconf 78' lang='lat' dir='ltr'><strong>xm,</strong></span> <span class='ocrx_word' id='word_1_914' title='bbox 2701 5780 2721 5811; x_wconf 88' lang='grc'>⁸</span> <span class='ocrx_word' id='word_1_915' title='bbox 2758 5776 2915 5833; x_wconf 79' lang='lat' dir='ltr'><strong>Jonn.</strong></span> <span class='ocrx_word' id='word_1_916' title='bbox 2949 5776 3134 5845; x_wconf 62' lang='lat'><strong>“,58.</strong></span> <span class='ocrx_word' id='word_1_917' title='bbox 3210 5770 3231 5802; x_wconf 79' lang='lat'><strong>&#39;</strong></span> <span class='ocrx_word' id='word_1_918' title='bbox 3273 5764 3413 5822; x_wconf 73' lang='lat' dir='ltr'><strong>l‘sul-</strong></span> 
     </span>
    </p>
   </div>
   <div class='ocr_carea' id='block_1_120' title="bbox 181 5838 1547 5903">
    <p class='ocr_par' dir='ltr' id='par_1_120' title="bbox 181 5838 1547 5903">
     <span class='ocr_line' id='line_1_120' title="bbox 181 5838 1547 5903; baseline 0.003 -11"><span class='ocrx_word' id='word_1_919' title='bbox 181 5854 327 5899; x_wconf 68' lang='grc' dir='ltr'><strong>χιιι,</strong></span> <span class='ocrx_word' id='word_1_920' title='bbox 356 5840 407 5893; x_wconf 75' lang='grc'><strong>5.</strong></span> <span class='ocrx_word' id='word_1_921' title='bbox 482 5840 499 5869; x_wconf 87' lang='grc'><strong>⁷</strong></span> <span class='ocrx_word' id='word_1_922' title='bbox 542 5838 737 5893; x_wconf 66' lang='lat' dir='ltr'><strong>iorem.</strong></span> <span class='ocrx_word' id='word_1_923' title='bbox 774 5854 924 5893; x_wconf 71' lang='lat' dir='ltr'><strong>ut&quot;.</strong></span> <span class='ocrx_word' id='word_1_924' title='bbox 958 5840 1042 5893; x_wconf 81' lang='grc'><strong>16.</strong></span> <span class='ocrx_word' id='word_1_925' title='bbox 1121 5840 1139 5870; x_wconf 85' lang='grc'><strong><em>⁸</em></strong></span> <span class='ocrx_word' id='word_1_926' title='bbox 1179 5838 1353 5894; x_wconf 72' lang='lat' dir='ltr'><strong>Calat.</strong></span> <span class='ocrx_word' id='word_1_927' title='bbox 1382 5858 1451 5903; x_wconf 73' lang='grc' dir='ltr'><strong>ιι,</strong></span> <span class='ocrx_word' id='word_1_928' title='bbox 1488 5844 1547 5896; x_wconf 83' lang='grc' dir='ltr'><strong>ιι</strong></span> 
     </span>
    </p>
   </div>
  </div>
