3846 6210
479 327 614 384 1555

1464 328 1502 380 S
1564 327 1837 380 CXRILLI
1877 321 2344 379 ALEXANDRINI
2385 323 2704 377 AHCIIIEP.

3565 330 3673 383 1536

549 442 605 496 υ.
649 441 876 495 Maxnnc
903 441 1084 507 aiunt;
1119 443 1402 496 confirmat
1432 443 1573 496 enim
1607 442 1660 496 in
1695 443 1794 496 hoc
1837 457 1934 496 nos
1965 457 2038 496 sa-

2229 439 2291 492 B.
2333 438 2464 499 Ναὶ,
2501 437 2695 508 φασίν·
2731 437 2957 507 ἔμπεδοί
2985 435 3092 507 γὰρ
3137 435 3268 505 πρὸς
3299 436 3446 490 τοῦτο
3494 441 3618 508 ημᾶς
3656 447 3675 494 ό

478 533 846 596 pientissimus
886 532 1104 598 Paulus,
1135 534 1206 589 ita
1235 534 1480 588 scribens
1517 553 1530 588 :
1585 554 1605 586 ‹
1639 534 1869 589 Decebat
1902 535 2046 590 enim

479 642 600 681 eum
653 635 876 696 propter
901 641 1060 695 quem
1094 625 1299 692 omnia,
1335 637 1389 680 et
1421 643 1517 696 per
1542 642 1704 698 quem
1731 629 1937 693 omnia,
1959 629 2051 697 qui

477 717 674 771 mullos
706 716 842 796 filios
873 718 924 769 in
953 716 1178 787 gloriam
1207 717 1526 781 adduxerat,
1549 729 1828 773 auctorem
1862 718 2053 775 salutis

474 823 662 862 eorum
707 823 804 876 per
853 811 1155 878 passionem
1200 825 1579 867 consummare
1601 813 1641 865 ’.
1675 831 1693 864 ι
1739 810 1837 868 Hic
1881 813 2050 876 enim,
2093 835 2097 838 η

477 900 740 968 inquiunt,
773 903 822 956 in
869 918 977 970 quo
1019 902 1224 969 omnia,
1263 914 1319 959 et
1365 920 1458 972 per
1490 921 1652 974 quem
1697 907 1900 972 omnia,
1943 922 2048 959 non

475 991 612 1045 alius
661 989 823 1047 fuerit
867 1009 1028 1062 quam
1079 995 1310 1050 Verbum
1363 1012 1425 1049 ex
1479 998 1585 1050 Deo
1629 999 1894 1068 genitum.
1930 996 2050 1066 Ipse

475 1083 641 1150 igitur
685 1085 911 1154 perfecit
947 1082 1046 1154 per.
1075 1088 1379 1155 passionem
1417 1099 1690 1141 auctorem
1734 1089 1926 1143 salutis
1955 1106 2050 1143 no-

473 1187 624 1244 strae,
665 1177 769 1232 hoc
807 1187 891 1232 est
927 1193 1050 1232 eum
1083 1181 1174 1248 qui
1198 1189 1278 1234 est
1305 1196 1370 1234 ex
1407 1183 1614 1236 semine
1646 1179 1832 1240 David.

543 1333 610 1387 Α.
653 1331 769 1388 Non
805 1333 966 1406 igitur
1010 1335 1270 1405 redempti
1312 1351 1502 1393 smnus
1541 1353 1569 1390 a
1602 1339 1733 1394 Deo.
1767 1339 2048 1404 Quomodo

469 1426 637 1490 enim,
675 1436 770 1481 aut
808 1427 989 1481 unde?
1011 1428 1106 1483 sed
1150 1431 1329 1498 potius
1358 1431 1533 1486 alieno
1568 1433 1868 1502 sanguine;
1903 1451 2047 1488 mor-

473 1530 704 1587 tuusque
726 1529 808 1575 est
833 1521 1051 1590 quidam
1074 1537 1172 1592 pro
1207 1523 1362 1578 nobis
1383 1525 1755 1592 supposititius
1785 1527 1898 1580 sive
1926 1542 2047 1580 Suc-

468 1612 731 1667 cidaneus
779 1614 962 1680 homo,
997 1623 1052 1668 et
1095 1613 1216 1668 falsi
1267 1615 1503 1670 nominis
1549 1616 1708 1671 filius.
1751 1615 1926 1684 Atque
1972 1619 2041 1669 ita

472 1721 724 1776 magnum
757 1703 887 1760 illud
915 1722 978 1763 ac
1025 1708 1390 1762 venerandum
1433 1707 1820 1762 incarnationis
1847 1707 2044 1777 Unige-

469 1798 567 1851 niti
606 1797 948 1868 mysterium,
977 1813 1140 1854 mera:
1170 1813 1324 1869 nugm
1375 1809 1539 1869 atque
1585 1801 1895 1869 imposturte
1929 1799 2044 1854 fue-
2082 1790 2120 1844 Β

471 1889 598 1944 rint.
624 1890 730 1946 Sed
759 1905 929 1962 neque
952 1891 1114 1946 homo
1136 1891 1314 1946 factus
1347 1902 1450 1946 est.
1473 1890 1809 1946 Salvatorem
1833 1907 1960 1948 vero
1982 1907 2046 1948 ac

467 1978 880 2051 Betlemptorem
916 1985 1249 2050 vocabimus,
1285 2001 1389 2039 non
1414 1985 1631 2055 quidem
1674 1983 2043 2057 Unigenitum,

467 2076 561 2130 sed
595 2075 739 2131 illum
759 2079 933 2146 potius
949 2078 1038 2148 qui
1064 2081 1380 2148 sanguinem
1401 2095 1556 2134 suum
1578 2094 1679 2150 pro
1697 2079 1852 2136 nobis
1874 2081 2040 2138 dedit.

465 2166 1052 2236 Atquisacratissimus
1083 2169 1282 2224 Paulus
1306 2173 1372 2226 ad
1405 2174 1664 2241 quosdam
1699 2172 1773 2227 ita
1807 2172 2038 2228 scribit:

470 2277 490 2310 ‹
524 2258 757 2316 Necesse
790 2269 875 2316 est
921 2277 1054 2332 ergo
1091 2262 1423 2332 exemplaria
1471 2263 1688 2334 quidem
1740 2264 2040 2319 caelestium

465 2351 551 2407 liis
579 2353 827 2408 mundari
863 2371 878 2409 :
912 2353 1026 2424 ipsa
1059 2363 1240 2408 autem
1272 2355 1539 2420 coelestia,
1587 2355 1900 2410 melioribus
1941 2355 2040 2410 ho-

462 2441 583 2495 stiis
607 2457 769 2512 quam
803 2443 939 2496 istis.
964 2441 1081 2495 Non
1103 2443 1248 2498 enim
1271 2443 1322 2497 in
1343 2445 1651 2499 manufacta
1677 2456 1864 2500 sancta
1885 2445 2042 2502 Jesus

462 2535 726 2602 introivit,
749 2535 1078 2605 exemplaria
1108 2552 1382 2604 verorum,
1407 2538 1501 2593 sed
1536 2539 1588 2591 in
1616 2538 1789 2609 ipsum
1820 2541 2037 2606 coelum,

461 2639 522 2684 ut
549 2640 810 2697 appareat
849 2646 990 2684 nunc
1036 2629 1203 2684 vultui
1255 2629 1351 2684 Dei
1397 2644 1494 2697 pro
1539 2629 1717 2686 nobis.
1763 2629 1951 2702 Neque
1984 2645 2039 2688 ut

459 2738 604 2792 stupe
641 2721 834 2778 offerat
867 2723 1245 2791 semetipsum,
1288 2722 1741 2790 quemadmodum
1800 2724 2040 2796 pontifex

459 2813 628 2868 intrat
679 2815 733 2870 in
784 2814 982 2870 Sancta
1033 2830 1131 2884 per
1179 2814 1424 2885 singulos
1465 2829 1638 2870 annos
1689 2816 1742 2870 in
1765 2803 2040 2887 sanguine

457 2909 634 2964 alieno
665 2928 679 2965 :
713 2909 950 2979 alioquin
996 2909 1280 2978 oportebat
1323 2925 1449 2965 eum
1486 2909 1800 2980 frequenter
1826 2910 1938 2982 pati
1971 2913 2037 2967 ab

456 3002 669 3072 origine
712 3003 936 3069 mundi;
975 3017 1118 3058 nunc
1161 3012 1342 3056 autem
1395 3003 1560 3057 semel
1604 3004 1657 3058 in
1687 3019 2035 3060 consumma-

463 3097 607 3152 tione
635 3095 951 3152 sarcuiorum
982 3097 1049 3152 ad
1080 3091 1500 3152 destructionem
1538 3098 1745 3168 peccati
1795 3114 1893 3169 per
1938 3099 2032 3154 ho-

2157 533 2431 600 πάνσοφος
2489 530 2736 595 Παῦλος,
2785 529 2881 583 ὡδὶ
2911 529 3232 599 γεγραφώς·
3277 549 3294 579 ι
3327 531 3552 600 Ἐπρεπε
3590 535 3676 602 γὰρ

2151 623 2299 694 αύτῷ
2345 623 2412 678 δι’
2439 623 2498 676 ὃν
2527 623 2595 676 τὰ
2632 623 2832 687 πάντα,
2864 622 2958 676 καὶ
2986 621 3052 674 δι’
3083 615 3143 674 οὗ
3185 624 3250 675 τὰ
3273 621 3461 684 πάντα,
3490 623 3676 686 πολλοὺς

2151 711 2300 775 υἱοὺς
2327 713 2405 776 εἰς
2434 711 2596 778 δόξαν
2618 711 2918 780 ἀγαγόντα,
2943 711 3036 764 τὸν
3058 712 3299 782 ἀρχηγὸν
3325 713 3419 782 τῆς
3448 715 3675 784 σωτηρίας

2149 798 2329 850 αὐτῶν
2360 798 2446 852 διὰ
2482 798 2820 869 παθημάτων
2851 799 3153 852 τελειῶσαι.
3184 821 3202 851 ι
3255 802 3311 853 '0
3339 802 3444 873 γάρ
3477 819 3568 866 τοι,
3597 821 3677 866 ςα-

2153 890 2257 956 σὶν,
2283 891 2342 943 ἐν
2371 883 2416 958 ᾧ
2446 890 2514 943 τά
2553 890 2748 956 πάντα,
2776 894 2868 945 καὶ
2889 891 2958 944 δι’
2988 886 3048 946 οὗ
3070 893 3136 945 τὰ
3163 895 3356 956 πάντα,
3392 894 3470 962 εἴη
3496 893 3554 946 ἂν
3581 895 3676 948 ’ἐτε-

2151 999 2242 1052 ρος
2276 982 2452 1046 οὐδεὶς
2481 982 2632 1053 παρά
2651 999 2715 1051 γε
2744 982 2836 1035 τὸν
2865 984 2930 1034 ἐκ
2957 983 3093 1036 Θεοῦ
3131 983 3302 1054 φύντα
3331 983 3512 1051 Λόγον.
3538 986 3678 1050 Αὐτὸς

2148 1073 2439 1146 τοιγαροῦν
2480 1075 2762 1126 ἐτελείωσε
2825 1074 2915 1127 διὰ.
2961 1076 3300 1145 παθημάτων
3340 1075 3429 1128 τὸν
3472 1078 3679 1148 ἀρχηγὸν

2147 1163 2247 1234 τῆς
2281 1165 2554 1233 σωτηρίας
2586 1163 2764 1234 ἡμῶν,
2791 1165 3059 1227 τουτέστι,
3082 1163 3174 1216 τὸν
3198 1165 3260 1216 ἐκ
3290 1164 3582 1229 σπέοιιατος
3604 1167 3678 1220 τοῦ

2147 1255 2258 1307 Δαό
2266 1254 2329 1310 ίδ.

2221 1347 2283 1398 Δ.
2313 1343 2712 1416 Λελυτρώμεθα
2737 1339 2849 1407 οὖν,
2883 1343 3033 1414 παρά
3053 1343 3186 1398 Θεοῦ
3217 1345 3316 1415 μὲν
3352 1344 3448 1397 οὐκ
3469 1344 3542 1396 ἔτι
3569 1344 3682 1414 (πῶς

2147 1437 2276 1508 γὰρ,
2307 1436 2340 1507 ἢ
2367 1437 2572 1506 πόθεν),
2606 1436 2870 1508 ἀλλοτρίῳ
2907 1437 2963 1490 δὲ
3015 1437 3211 1505 μᾶλλον
3241 1439 3462 1506 αἵματι·
3495 1437 3579 1489 καὶ
3606 1438 3681 1489 τέ-

2149 1530 2314 1600 θνηκέ
2340 1547 2424 1593 τις
2465 1529 2606 1600 ὑπὲρ
2658 1529 2814 1601 ἡμῶν
2869 1530 3254 1600 ὑποϐολιμαῖος
3288 1528 3578 1600 ἄνθρωπος,
3607 1533 3684 1582 καὶ

2147 1624 2261 1686 υίὸς
2282 1623 2654 1694 ψευδώνυμος·
2685 1624 2778 1677 καὶ
2807 1624 2867 1676 τὸ
2916 1623 3112 1676 σεπτὸν
3139 1623 3232 1676 καὶ
3274 1624 3416 1694 μέγα
3444 1625 3532 1693 τῆς
3558 1626 3686 1676 ἐναν-

2148 1715 2484 1785 θρωπήσεως
2505 1714 2598 1768 τοῦ
2622 1714 2963 1783 Μονογενοῦς
2996 1717 3311 1786 μυστήριον,
3341 1714 3493 1778 ὕθλος
3511 1711 3571 1786 ἦν
3597 1714 3688 1785 ἀρα

2147 1808 2240 1862 καὶ
2277 1811 2607 1879 φενακισμός
2630 1823 2644 1837 ⁸
2680 1808 2773 1861 καὶ
2812 1807 2935 1860 οὔτε
2968 1808 3188 1876 γέγονεν
3223 1807 3519 1877 ἄνθρωπος.
3561 1807 3686 1859 Ἐπι-

2147 1899 2471 1969 γραψόμεθα
2511 1899 2741 1970 Σωτῆρα
2773 1900 2865 1952 καὶ
2905 1898 3220 1968 Λυτρωτὴν,
3249 1899 3446 1968 ἥκιστα
3477 1899 3564 1968 μὲν
3604 1897 3679 1949 αύ-

2145 1993 2258 2051 τδν.
2302 1993 2509 2044 ἐκεῖνον
2534 1990 2589 2043 δὲ
2641 1991 2840 2059 μᾶλλον
2867 2032 2882 2055 ,
2927 1990 2984 2053 ὃς
3048 1989 3110 2042 τὸ
3147 1989 3274 2042 ἴδιον
3311 1984 3452 2059 αἷμα
3488 1989 3687 2041 δέδωκεν

2145 2082 2286 2152 ὑπὲρ
2315 2081 2492 2152 ἡμῶν.
2524 2082 2714 2135 Καίτοι
2739 2080 2986 2153 γέγραφέ
3035 2097 3174 2133 τισιν
3203 2083 3230 2133 ὁ
3260 2080 3543 2150 ἱερώτατος
3561 2079 3677 2132 [isti-

2143 2175 2253 2239 λος·
2288 2195 2304 2225 ι
2347 2174 2585 2245 Ἀνάγκη
2610 2171 2705 2228 οὖν
2737 2174 2808 2226 τά
2845 2174 2942 2244 μὲν
2977 2173 3354 2243 ὑποδείγματα
3396 2173 3497 2224 τῶν
3523 2175 3575 2223 ἐν
3593 2175 3686 2234 τοῖς

2141 2268 2393 2338 οὐρανοῖς
2420 2265 2624 2328 τούτοις
2660 2263 3075 2336 καθαρίζεσθαι,
3111 2264 3250 2316 αὖτά
3287 2263 3346 2317 δὲ
3381 2261 3687 2338 ταέπουρά-

2145 2378 2232 2412 νια
2285 2360 2558 2428 κρείττοσι
2589 2358 2802 2422 θυσίαις
2833 2358 2984 2430 παρὰ
3015 2355 3210 2409 ταῦτα.
3244 2357 3319 2409 Οὐ
3346 2356 3454 2428 γὰρ
3494 2357 3567 2417 είς
3596 2372 3688 2425 χειο

2147 2453 2412 2523 ροποίητα
2443 2450 2691 2522 εἰσῆλθεν
2715 2451 2846 2518 ἆγια
2873 2450 3129 2520 Χριστὸς,
3159 2450 3428 2502 ἀντίτυπα
3457 2449 3556 2502 τῶν
3581 2449 3668 2516 ἀλη

2141 2545 2322 2608 θινῶν,
2347 2543 2461 2598 ἀλλ’
2488 2545 2568 2606 εἰς
2589 2543 2749 2597 αὑτὸν
2783 2541 2877 2595 τὸν
2904 2542 3153 2612 οὐρανὸν,
3187 2541 3278 2594 νῦν
3321 2541 3690 2611 ἐμφανισθῆναι

2141 2633 2218 2704 τῷ
2242 2633 2520 2704 προσώπῳ
2547 2633 2642 2686 τοῦ
2666 2632 2800 2686 Θεοῦ
2826 2633 2966 2704 ὑπὲρ
2988 2633 3168 2704 ἡμῶν.
3195 2636 3333 2689 Οὐδὲ
3356 2636 3442 2689 ἵνα
3463 2635 3688 2695 πολλάκις

2139 2728 2430 2798 προσφέρῃ
2458 2727 2670 2790 ἑαυτὸν,
2700 2726 2889 2796 ὥσπερ
2921 2730 2949 2780 ὁ
2982 2729 3275 2799 ἀρχιερεὺς
3305 2729 3602 2799 εἰσέρχεται
3625 2729 3688 2788 είς

2139 2823 2206 2874 τά
2237 2820 2406 2888 Ἀγια
2423 2820 2542 2873 κατ’
2564 2819 2810 2874 ἐνιαυτὸν
2831 2820 3020 2890 αἵματι
3044 2821 3333 2893 ἀλλοτρίῳ,
3366 2824 3483 2875 ἐπεὶ
3497 2822 3590 2874 ἔδει
3610 2821 3686 2872 σὺ·

2137 2912 2227 2964 τὸν
2261 2912 2518 2976 πολλάκις
2546 2910 2739 2964 παθεῖν
2780 2911 2883 2965 ἀπὸ
2912 2912 3221 2982 καταϐολῆς
3251 2913 3460 2981 κόσμου
3482 2929 3494 2942 ·
3519 2912 3620 2964 νυνί
3645 2911 3689 2961 δὲ

2137 3003 2285 3072 ἅπαξ
2320 3005 2414 3058 ἐπὶ
2461 3003 2741 3074 συντελείᾳ
2776 3003 2882 3057 τῶν
2929 3004 3146 3058 αἰώνων
3202 3006 3280 3068 είς
3334 3005 3581 3075 ἀθέτησιν
3609 2999 3688 3070 τῆς

2143 3096 2418 3166 ἁμαρτίας
2443 3095 2531 3149 διὰ
2555 3096 2650 3166 τῆς
2685 3093 2874 3158 θυσίας
2905 3095 3070 3149 αὑτοῦ
3098 3096 3505 3166 πεφανέρωται.
3532 3115 3548 3145 ι
3570 3095 3688 3147 0-51-

459 3190 617 3244 stiam
647 3204 797 3243 suam
831 3187 990 3260 763
1014 3189 1262 3259 apparuit
1285 3189 1350 3246 ".
1385 3208 1402 3239 ι
1437 3187 1618 3260 Typus
1643 3189 1826 3261 itaque
1851 3189 2033 3254 habet,

2142 3190 2232 3242 οὖν
2251 3191 2279 3243 ὁ
2315 3189 2415 3260 μὲν
2441 3188 2612 3251 τύπος
2634 3187 2747 3259 ἔχει
2798 3187 2856 3241 τὸ
2874 3189 2932 3240 ὲν
2958 3187 3244 3258 αἶματιτῷ
3262 3188 3528 3258 ἀλλοτρίῳ
3556 3185 3691 3237 ποιεῖ-

462 3283 512 3335 in
554 3283 815 3352 sanguine
872 3283 1049 3337 alieno
1086 3282 1200 3337 fieri
1250 3283 1458 3336 aditum
1506 3293 1562 3336 et
1605 3283 1850 3338 mundari
1897 3298 2037 3337 non-

461 3371 654 3427 nullos.
693 3372 789 3428 Rei
823 3383 1002 3427 autem
1029 3373 1230 3427 veritas
1253 3371 1409 3444 longe
1440 3373 1788 3444 praestantius
1816 3373 1948 3442 quid
1981 3373 2034 3427 in

459 3481 518 3519 se
557 3467 738 3530 liabet,
774 3465 877 3521 hoc
905 3476 1010 3533 est,
1045 3464 1227 3521 Jesum
1259 3466 1350 3536 qui
1386 3468 1601 3536 proprio
1633 3467 1897 3537 sanguine
1936 3467 2040 3522 hoc

459 3568 697 3626 praestet,
732 3558 1116 3622 introeuntem,
1149 3574 1256 3613 non
1284 3559 1336 3612 in
1367 3573 1554 3614 recens
1587 3557 1804 3628 aliquod
1835 3567 1890 3614 et
1925 3575 2037 3612 ma-

461 3647 736 3703 nufactum
794 3647 1225 3714 tabernaculum,
1277 3650 1418 3719 quod
1478 3649 1528 3701 in
1571 3647 1758 3704 umbra
1792 3664 1858 3703 ac
1895 3649 2035 3720 typis

459 3739 798 3810 intelligitur,
831 3739 927 3794 sed
963 3740 1014 3794 in
1055 3741 1280 3796 caeleste
1322 3757 1388 3796 ac
1425 3756 1632 3806 verum,
1680 3741 1784 3796 hoc
1835 3754 1942 3806 est,
1978 3742 2032 3797 in

456 3832 676 3886 ctelum.
718 3830 950 3887 Necesse
979 3832 1124 3886 enim
1156 3842 1244 3887 est
1266 3833 1593 3903 exemplaria
1618 3834 1920 3890 caelestium
1947 3837 2034 3891 his

458 3921 732 3982 mumlari.
784 3922 886 3977 lioc
913 3931 1018 3988 est,
1069 3923 1312 3990 figuratis
1345 3931 1506 3992 atque
1535 3924 1729 3980 alienis
1752 3945 1767 3979 :
1789 3927 2030 3982 caelestia

455 4029 586 4069 vero
627 4013 785 4084 longe
822 4012 1137 4068 melioribus
1179 4015 1369 4069 hostiis
1398 4030 1558 4084 quam
1584 4016 1666 4070 ha:
1693 4027 1839 4072 sunt.
1871 4019 2031 4086 Qua:-

455 4103 681 4160 rendum
713 4105 880 4175 igitur
898 4116 984 4161 est
1013 4114 1066 4160 et
1096 4105 1324 4175 "quidem
1367 4107 1674 4163 necessario
1705 4108 1758 4162 in
1793 4109 2028 4174 Christo,

457 4200 508 4250 id
540 4199 680 4266 quod
707 4207 790 4251 est
813 4197 1158 4265 praestantius
1179 4212 1341 4266 quam
1373 4197 1574 4268 figurze.
1601 4195 1802 4253 Verum
1850 4211 2029 4255 autem

454 4291 576 4344 ιιίεο
621 4289 673 4343 id
718 4288 863 4358 quod
911 4295 994 4342 est
1039 4288 1095 4342 in
1142 4288 1404 4358 sanguine
1440 4289 1677 4360 proprio.

523 4443 581 4497 Β.
627 4443 794 4496 Recte
821 4442 919 4496 ais.

525 4537 590 4592 A.
631 4537 763 4590 Cum
809 4551 934 4590 vero
967 4538 1263 4607 apostolico
1301 4537 1443 4594 dicto
1491 4539 1768 4606 insultent,
1806 4542 2032 4610 perinde
2062 4516 2108 4574 Ῑ)

454 4642 517 4680 ac
572 4628 617 4682 si
679 4627 746 4681 ad
788 4628 1058 4698 vulgarem
1107 4628 1341 4699 aliquem
1390 4630 1662 4686 hominem
1714 4634 2028 4697 referretur,

455 4735 555 4790 age
586 4727 754 4774 totam
790 4721 1115 4776 sententiam
1135 4721 1373 4778 abinitio
1393 4733 1718 4792 repetamus,
1749 4742 2029 4798 quousque

453 4812 521 4864 ad
554 4811 858 4867 institutum
888 4826 1195 4868 sermonem
1222 4813 1371 4870 facit.
1407 4813 1680 4884 Scriptum
1711 4817 1892 4889 itaque
1913 4830 2030 4874 est:

459 4919 480 4953 ο
515 4900 649 4956 Eum
674 4912 852 4958 autem
871 4904 965 4975 qui
989 4905 1201 4960 modico
1224 4920 1386 4974 quam
1413 4908 1588 4978 angeli
1613 4908 2028 4977 minoratusest,

451 4998 702 5052 videmus
715 4995 902 5054 Jesum
925 5007 1143 5067 propter
1156 4999 1460 5069 passionem
1476 5002 1662 5056 mortis
1677 5003 1843 5071 gloria
1861 5015 1914 5059 et
1935 5005 2034 5059 ho-

456 5105 590 5145 nore
605 5101 944 5144 coronatum.
963 5091 1195 5146 Decebat
1211 5091 1356 5146 enim
1374 5107 1495 5146 eum
1513 5104 1898 5165 propterquem
1913 5111 2031 5151 om-

456 5185 567 5247 nia.
589 5195 644 5241 et
667 5199 764 5254 per
783 5199 942 5256 quem
975 5190 1176 5250 omnia,
1203 5187 1293 5256 qui
1322 5187 1518 5242 multos
1543 5189 1680 5244 filios
1719 5192 1771 5243 in
1802 5190 2026 5260 gloriam

455 5277 772 5341 adduxerat,
811 5287 1084 5334 auctorem
1128 5278 1320 5335 salutis
1362 5293 1549 5335 eorum
1592 5296 1690 5352 per
1725 5283 2028 5352 passionem

455 5386 850 5428 consummare.
869 5373 968 5439 Qui
999 5373 1142 5428 enim
1159 5374 1486 5441 sanctificat,
1504 5384 1554 5430 et
1574 5376 1665 5446 qui
1684 5379 2028 5433 sanctifican-

460 5473 543 5516 tur
574 5479 638 5518 ex
675 5478 786 5520 uno
810 5478 1021 5519 omnes.
1058 5462 1286 5536 Propter
1318 5481 1480 5536 quam
1509 5482 1728 5524 causam
1762 5485 1866 5525 non
1897 5485 2030 5524 con-

457 5553 698 5610 ﬁiinlitur
712 5570 805 5611 eos
831 5557 1026 5613 fratres
1046 5573 1244 5615 vocare
1267 5558 1452 5616 dicens
1478 5577 1490 5614 :
1538 5557 1808 5618 Nuntiabo
1837 5577 2027 5620 nomen

528 5736 547 5767 ⁹
588 5738 746 5792 Hebr.
781 5755 836 5798 ιι,
881 5743 942 5795 if)
1041 5745 1080 5774 ’θ
1124 5743 1282 5800 lielir.
1322 5762 1392 5804 lx.
1426 5746 1602 5809 “23-26

2144 3282 2375 3351 σθαιτὴν
2391 3279 2668 3352 πρόσοδον,
2692 3281 2785 3333 καὶ
2800 3278 3349 3352 ἁποκαθαίρε[ι]σθαί
3374 3296 3541 3342 τινας·
3563 3278 3616 3330 τό
3641 3292 3691 3342 γε

2142 3373 2248 3446 μὴν
2269 3372 2488 3445 ἀληθὲς,
2505 3373 2673 3444 ἧγουν
2703 3373 2736 3442 ή
2761 3372 3005 3443 ἀλήθεια,
3033 3373 3242 3438 δέξεται
3274 3374 3496 3433 παντως
3531 3389 3616 3424 που
3644 3371 3692 3420 τὸ

2137 3469 2382 3538 ἄμεινον,
2404 3465 2649 3518 τουτέστι
2680 3464 2740 3518 τὸ
2781 3467 2840 3518 ἐν
2885 3465 3076 3535 αἵματι
3134 3467 3210 3535 τῷ
3261 3466 3379 3536 ἰδίῳ
3410 3465 3560 3519 τοῦτο
3584 3463 3694 3533 δρᾷ-θ

2137 3557 2514 3613 εἰσελαύνοντα
2552 3555 2643 3613 τὸν
2685 3557 2891 3630 Ἰησοῦν
2919 3561 3030 3612 «οὐκ
3099 3561 3179 3622 είς
3219 3555 3556 3629 πρόσκαιρον
3594 3573 3694 3607 τινα

2139 3651 2232 3703 καὶ
2251 3649 2630 3720 χειροποίητον
2654 3651 2859 3720 σκηνὴν
2879 3649 2975 3720 τὴν
3008 3649 3083 3712 ὡς
3243 3652 3374 3722 σκιᾷ
3400 3653 3493 3702 καὶ
3511 3649 3693 3708 τύποις.

2136 3743 2252 3796 ἀλλ’
2291 3744 2371 3805 είς
2408 3742 2508 3813 τὴν
2553 3741 2666 3796 ἄνω
2700 3742 2796 3795 καὶ
2829 3741 3024 3812 ἀληθῆ,
3061 3743 3364 3805 τουτέστιν,
3405 3745 3484 3805 εἰς
3523 3742 3603 3793 τὸν
3628 3741 3693 3790 οὑ-

2138 3836 2320 3908 ρανόν.
2339 3836 2573 3906 ’Λνάγκη
2599 3833 2730 3906 γὰρ,
2753 3834 2823 3887 τὰ
2855 3835 2954 3905 μὲν
2983 3836 3358 3906 ὑποδείγματα
3386 3835 3494 3886 τῶν
3521 3835 3574 3885 ἐν
3603 3835 3695 3894 τοῖς

2134 3929 2406 3999 οὐρανοῖς,
2436 3925 2645 3991 τούτοις
2667 3925 3080 3998 καθαρίζεσθαι,
3100 3927 3260 3997 δῆλον
3293 3927 3353 3980 δὲ
3383 3929 3465 3980 ὅτι
3487 3929 3593 3987 τοῖς
3619 3941 3694 3975 τυ-

2135 4019 2317 4080 πικοῖς
2368 4032 2427 4068 τε
2477 4017 2572 4069 καὶ
2620 4016 2958 4090 ἀλλοτρίοις·
3006 4018 3141 4071 αύτά
3182 4017 3240 4070 δὲ
3293 4018 3368 4070 τά
3424 4015 3697 4086 ἐπουράνια

2135 4107 2408 4179 κρείττοσι
2454 4107 2670 4172 θυσίαις
2719 4109 2867 4180 παρά
2909 4109 3129 4171 ταύτας.
3161 4110 3440 4179 Ζητητέον
3479 4103 3566 4160 οὖν
3606 4107 3698 4175 ἀρα

2134 4198 2230 4251 καὶ
2259 4197 2575 4266 ἀναγκαίως
2605 4199 2662 4251 ὲν
2706 4197 2927 4269 Χριστῷ
2970 4199 3028 4252 τὸ
3069 4201 3320 4268 κρεῖττον
3352 4199 3385 4271 ἢ
3429 4199 3564 4252 κατὰ
3591 4196 3697 4255 τοὺς

2133 4290 2372 4354 τύπους·
2405 4289 2548 4362 φημὶ
2586 4290 2643 4343 δὲ
2679 4290 2739 4344 τὸ
2785 4290 3001 4361 ἀληθὲς,
3041 4293 3178 4362 ὅπερ
3217 4292 3373 4344 ἐστὶν
3430 4294 3488 4344 ἐν
3526 4290 3693 4359 αἵματ’

2133 4382 2210 4452 τῷ
2245 4383 2377 4451 ίδίῳ.
2592 4379 2600 4387 ’

2205 4472 2264 4524 Β.
2305 4469 2376 4525 Εὖ
2418 4472 2574 4544 ἔφης.

2205 4565 2271 4616 Α.
2300 4565 2514 4634 Ἐπειδὴ
2543 4565 2598 4619 δὲ
2635 4565 2734 4633 τὴν
2768 4563 3129 4636 ἀποστολικὴν
3161 4563 3580 4628 κατεξανιστᾶσι
3617 4562 3698 4634 ῥῆ-

2139 4671 2242 4720 σιν,
2269 4656 2343 4720 ὡς
2389 4657 2476 4710 ἐπ’
2504 4657 2789 4728 ἀνθρώπου
2831 4656 3010 4710 κοινοῦ
3052 4657 3552 4728 προενηνεγμὲνην,
3585 4659 3694 4726 φέρ;

2135 4747 2383 4819 λέγωμεν
2407 4748 2617 4814 ἑλόντες
2643 4749 2737 4802 ἀπ’
2765 4749 2942 4819 ἀρχῆς
2965 4748 3070 4801 τῶν
3091 4749 3526 4819 γεγραμμένων,
3560 4749 3696 4820 μέχρι

2130 4841 2479 4911 καταλήξεως
2530 4841 2629 4911 τῆς
2677 4840 3009 4912 ἀποχρώσης
3054 4840 3132 4911 τῷ
3184 4840 3344 4911 λόγῳ.
3401 4842 3693 4911 Γέγραπται

2126 4933 2334 4986 τοίνυνο
2371 4932 2505 4985 «Τὸν
2534 4931 2591 4987 δὲ
2618 4933 2789 5004 βραχύ
2808 4952 2859 4986 τι
2891 4935 3026 5002 παρ’
3042 4933 3306 5002 ἀγγέλους
3329 4934 3692 5004 ἠλαττωμιην

2129 5022 2400 5094 βλέπομεν
2444 5023 2668 5093 Ἰησοῦν,
2699 5025 2788 5079 διὰ
2823 5027 2882 5078 τὸ
2918 5026 3149 5096 πάθημα
3178 5027 3270 5080 τοῦ
3304 5027 3690 5094 θανάτου,

2126 5113 2223 5168 καὶ
2263 5117 2396 5186 τιμῇ
2441 5116 3162 5188 ὲστεφανωμένον.Ἐπρεπε
3205 5118 3316 5188 γὰρ
3351 5118 3529 5189 αὐτῷ,
3560 5117 3688 5172 δι’ίν

2131 5202 2201 5256 τὰ
2226 5202 2423 5267 πάντα,
2444 5205 2536 5258 καὶ
2556 5204 2623 5258 δι’
2643 5200 2704 5259 οὗ
2728 5205 2795 5258 τὰ
2816 5192 3011 5265 πάντα.
3026 5205 3260 5270 πολλοὺς
3279 5209 3440 5271 υἱοὺς
3460 5212 3538 5271 είς
3557 5209 3686 5273 δόξαι

2126 5293 2422 5362 ἀγαγόντα,
2472 5293 2566 5347 τὸν
2613 5295 2854 5367 ἀρχηγὸν
2901 5296 2998 5366 τῆς
3068 5295 3344 5367 σωτηρίας
3394 5298 3577 5352 αὑτῶν
3621 5296 3685 5349 Ez‘z

2128 5384 2470 5456 παθημάτων
2505 5385 2810 5442 τελειῶσαι.
2833 5389 2900 5440 Ὅ
2939 5405 2993 5441 τε
3044 5388 3153 5460 γὰρ
3206 5388 3460 5456 ἁγιάζων
3526 5390 3611 5442 καὶ
3649 5390 3684 5436 ci

2128 5473 2501 5546 ἁγιαζόμενοιν
2528 5476 2585 5544 ἐξ
2616 5479 2735 5543 ἐνὸς
2773 5479 3006 5542 πάντες·
3051 5479 3120 5532 δι’
3158 5481 3223 5550 ἢν
3265 5481 3462 5534 αίτίαν.
3483 5482 3579 5534 οὐκ
3608 5481 3684 5530 ἐττ-

2127 5565 2434 5636 αισχύνεται
2458 5567 2716 5638 ἀδελφοὺς
2738 5570 2931 5633 αὐτοὺς
2946 5569 3148 5634 καλεῖν,
3165 5569 3364 5636 λέγων·
3387 5571 3445 5623 Ἀ
3457 5566 3683 5638 παγγελώ
