3846 6210
159 374 285 428 5557

1267 365 1455 433 QUOD
1495 362 1682 421 UNUS
1723 356 1828 413 SIT
1867 358 2236 414 CHRISTUS.

3259 349 3411 404 i338

154 492 212 549 τὸ
238 488 407 560 δνομά
431 505 521 542 σου
542 489 653 552 τοῖς
682 485 926 554 ἀδελφοῖς
960 502 1080 555 μου.
1111 484 1218 537 Καὶ
1243 483 1431 535 πάλιν·
1464 481 1594 535 Ἰδοὺ
1622 475 1731 547 ἐγὼ
1760 489 1776 537 Α

1877 492 1984 529 tum
2025 476 2284 530 fratribus
2326 474 2478 528 meis.
2507 470 2573 525 Et
2616 470 2809 524 iterum
2843 486 2856 521 :
2882 466 3021 522 Ecce
3048 480 3145 533 ego
3166 475 3218 519 ct
3247 466 3393 533 pueri

159 584 247 636 καὶ
287 557 356 635 τὰ
396 580 606 643 παιδία,
644 578 679 633 ἁ
717 595 805 649 μοι
841 577 1041 630 ἔδωκεν
1084 577 1112 629 6
1145 574 1297 637 Θεός.
1315 573 1468 626 Ἐπεὶ
1514 567 1606 624 οὖν
1660 569 1724 623 τὰ

1881 570 1952 633 ei,
1976 583 2112 635 quos
2127 568 2275 621 dedit
2292 565 2425 621 mihi
2450 563 2609 616 Deus.
2626 561 2760 627 Quia
2777 574 2907 629 ergo
2930 558 3078 627 pueri
3101 557 3400 613 communi-

161 672 339 726 παιδία
372 669 765 739 κεκοινώνηκεν
785 668 1013 737 αἵματος
1044 666 1136 719 καὶ
1173 665 1395 735 σαρκὸς,
1433 663 1528 716 καὶ
1566 660 1725 723 αὐτὸς

161 763 549 837 παραπλησίως
576 762 800 833 μετέσχε
822 760 929 813 τῶν
951 758 1150 821 αὐτῶν,
1169 757 1255 809 ἴνα
1274 755 1361 808 διὰ
1382 754 1473 807 τοῦ
1497 752 1726 805 θανάτου

164 856 482 928 καταργήσῃ
520 854 611 908 τὸν
637 854 697 907 τὸ
723 853 922 922 κράτος
952 850 1141 921 ἔχοντα
1167 848 1262 901 τοῦ
1296 846 1549 903 θανάτου,
1574 858 1723 894 τουτ-

1826 668 2080 713 caverunt
2102 657 2249 712 carni
2272 665 2327 709 et
2344 653 2615 725 sanguini,
2631 662 2686 706 et
2706 652 2819 718 ipse
2840 648 3093 703 similiter
3110 642 3399 717 participa-

1828 753 1903 803 vit
1918 750 2143 810 eisdem,
2164 759 2221 801 ut
2243 762 2338 816 per
2359 756 2585 799 mortem
2603 744 2908 797 destrueret
2923 753 3042 791 eum
3066 738 3154 806 qui
3175 736 3401 790 habebat

1829 840 2020 895 mortis
2049 838 2354 907 imperium,
2389 837 2441 890 id
2467 846 2571 898 est,
2612 832 2902 893 diabolum,
2932 839 2988 883 et
3029 829 3282 882 liberaret
3310 840 3405 879 eos

165 920 411 1013 ﬁcu-16v
438 920 703 1011 διάϐολον,
731 920 827 998 καὶ
857 943 1141 1013 ἀπαλλάξῃ
1174 939 1419 1002 τούτους,
1448 938 1560 990 ὅσοι
1583 932 1732 1003 φόϐῳ

1877 932 1921 985 ni
1953 933 2144 984 timore
2191 930 2381 983 mortis
2430 943 2527 996 per
2563 934 2729 980 totam
2783 925 2946 977 vitam
2994 920 3207 974 obnoxii
3253 928 3409 972 erant

166 1043 391 1098 θανάτου
431 1039 517 1094 διὰ
554 1038 750 1101 παντὸς
792 1036 885 1090 τοῦ
925 1036 1027 1106 ζῇν
1072 1035 1246 1103 ἔνοχοι
1282 1028 1423 1102 ἦσαν
1466 1026 1730 1086 δουλείας.

167 1137 237 1190 Ού
273 1134 380 1206 γάρ
413 1134 585 1204 δήπου
623 1130 870 1199 ἀγγέλων
908 1126 1357 1197 ἐπιλαμϐάνεται,
1397 1120 1532 1175 ἁλλὰ
1572 1118 1733 1187 61:919-

173 1244 335 1299 ματος
368 1224 617 1296 Ἁϐραάμ
667 1220 1117 1291 ἐπιλαμϐάνεται.
1142 1216 1306 1269 Ὅθεν
1355 1210 1553 1283 ὤφειλε
1597 1207 1738 1262 κατά

172 1320 345 1371 πάντα
387 1318 498 1379 τοῖς
539 1314 786 1383 ἀδελφοῖς
829 1310 1183 1382 ὁμοιωθῆναι.
1216 1326 1233 1358 ι
1273 1304 1403 1357 Ἰδοὺ
1450 1301 1577 1374 γάρ,
1607 1299 1736 1364 ἰδοὺ,

172 1411 260 1463 καὶ
287 1409 432 1479 μάλα
469 1407 673 1476 σαφῶς,
699 1403 1038 1476 ἡλαττῶσθαι
1072 1401 1244 1467 λέγων
1268 1396 1429 1451 αὐτὸν
1451 1391 1601 1462 παρὰ
1618 1391 1742 1453 τοὺς

172 1500 435 1568 ἀγγέλους
476 1498 561 1550 διὰ
601 1498 662 1549 τὸ
703 1496 932 1565 πάθημα
969 1493 1062 1545 τοῦ
1099 1490 1353 1550 θανάτου,
1380 1481 1743 1550 κατεστέφθαι

1833 1023 2097 1078 servituti.
2148 1020 2423 1089 Nusquam
2469 1018 2614 1073 enim
2647 1016 2867 1084 angelos
2908 1011 3280 1082 apprehendit,
3316 1008 3408 1063 sed

1836 1129 2015 1170 semen
2048 1113 2280 1167 Abraha:
2309 1110 2680 1181 apprehendit.
2716 1107 2871 1161 Unde
2900 1104 3082 1159 debuit
3111 1118 3205 1170 per
3227 1101 3409 1155 omnia

1838 1205 2097 1260 fratribus
2120 1204 2405 1259 assimilari
2434 1203 2497 1256 “.
2534 1220 2553 1255 ι
2588 1199 2727 1254 Ecce
2756 1199 2925 1261 enim,
2951 1211 3100 1258 ecce,
3120 1204 3173 1248 et
3198 1193 3413 1262 quidem

1842 1296 2205 1367 apertissime,
2240 1309 2363 1348 cum
2397 1292 2547 1347 illum
2584 1291 2728 1344 dicat
2759 1289 3098 1342 imminutum
3124 1284 3191 1337 ab
3214 1281 3418 1351 angelis

1841 1396 2063 1456 propter
2104 1384 2411 1454 passionem
2448 1381 2657 1442 mortis,
2704 1387 2863 1445 atque
2886 1376 2958 1429 ob
3004 1375 3057 1428 id
3100 1380 3419 1428 coronatum

1844 1494 1965 1534 esse
1994 1479 2165 1545 gloria
2210 1484 2263 1531 et
2309 1476 2535 1539 honore,
2577 1470 2863 1526 manifeste
2900 1468 3045 1522 illum
3091 1463 3327 1519 ostendit
3358 1462 3423 1513 de

173 1555 235 1662 γέ
256 1555 371 1664 ,μὴν
397 1555 462 1645 δι’
490 1592 621 1645 αὐτὸ
651 1593 783 1660 τιμῇ
888 1587 981 1639 καὶ
1002 1585 1148 1656 δόξῃ,
1178 1582 1497 1649 καθίστησιν
1530 1572 1745 1645 ἐμφανῆ

1877 1585 1953 1641 ιυο
1984 1571 2146 1624 verba
2194 1568 2342 1633 facit,
2389 1567 2643 1621 nimirum
2686 1560 3059 1631 Unigenitum.
3104 1555 3423 1623 Participem

174 1687 261 1739 τὸν
310 1686 393 1753 ἐφ’
426 1678 470 1752 ᾧ
518 1685 749 1736 ποιεῖται
804 1680 931 1741 τοὺς
972 1677 1184 1745 λόγους,
1215 1674 1374 1743 δῆλον
1423 1669 1481 1723 δὲ
1526 1669 1607 1723 ὅτι
1656 1665 1748 1719 τὸν

174 1777 472 1847 Μονογενῆ.
504 1772 914 1843 Μετεσχηκέναι
958 1769 1067 1839 γάρ
1120 1784 1283 1839 φησιν
1332 1761 1494 1817 αὑτὸν
1521 1759 1750 1846 αἵματος

1848 1664 1993 1719 enim
2020 1663 2219 1717 factum
2251 1675 2371 1714 esse
2399 1659 2475 1712 ait
2503 1657 2684 1711 carnis
2715 1663 2768 1707 et
2800 1649 3082 1720 sanguinis
3108 1647 3329 1716 perinde
3362 1658 3428 1695 ac

1853 1773 1985 1823 nos;
2044 1765 2100 1810 et
2165 1769 2271 1807 non
2328 1751 2549 1821 angelos
2602 1744 3041 1815 apprehendisse,
3090 1739 3183 1795 sed
3242 1752 3428 1793 semen

174 1820 472 1847 """t"'|'
505 1820 908 1843 runnn-i:"'w-
970 1820 1055 1839 r1
1132 1820 1144 1839 ι
1183 1820 1195 1838 ι
1584 1820 1595 1829 .

174 1872 267 1924 καί
330 1870 530 1940 σαρκὸς
581 1864 975 1937 παραπλησίως
1020 1863 1171 1933 ἡμῖν,
1219 1859 1314 1912 καὶ
1356 1857 1455 1910 οὐκ
1506 1837 1751 1920 ἀγγέλων

1877 1849 2103 1903 tbrahae.
2145 1845 2381 1900 Decebat
2410 1820 2577 1896 ienim
2620 1840 2786 1893 Deum
2822 1851 2887 1890 ac
2939 1834 3176 1896 Patrem,
3212 1840 3430 1899 propter

174 1961 526 2031 ἐπιλαϐέσθαι
588 1958 826 2030 μᾶλλον,
885 1954 1022 2009 ἀλλὰ
1097 1942 1410 2023 σπέρματος
1478 1944 1751 2017 Ἀδραάμη

177 2057 425 2125 Ἔπρεπε
474 2052 580 2123 γάρ
629 2051 707 2121 τῷ
753 2047 872 2119 Θεῷ
911 2047 1003 2100 καὶ
1040 2044 1235 2115 Πατρὶ,
1263 2042 1330 2095 δι’
1357 2040 1415 2094 ὃν
1451 2040 1521 2092 τά
1551 2037 1755 2099 πάντα,

173 2147 269 2199 καὶ
302 2146 369 2199 δι’
399 2139 460 2199 οὗ
492 2144 561 2197 τὰ
587 2144 783 2203 πάντα,
820 2137 1153 2208 καθιγμένον
1182 2137 1261 2198 είς
1293 2136 1524 2186 κένωσιν
1553 2129 1647 2182 καὶ
1676 2127 1761 2178 ἐνο-

172 2238 615 2309 ανθρωπήσαντα
646 2235 734 2288 τὸν
762 2232 910 2296 Υἱὸν,
938 2230 1014 2294 ὡς
1043 2229 1141 2300 τὴν
1167 2226 1261 2281 τοῦ
1290 2225 1480 2279 δούλου
1524 2220 1760 2275 λαϐόντα

176 2332 416 2405 μορφὴν,
470 2328 754 2382 τελειῶσαι
804 2323 891 2378 διὰ
938 2320 1299 2391 παθημάτων,
1349 2317 1447 2387 τῆς
1503 2314 1761 2369 ἁπάντων

174 2426 325 2494 ζωῆς
353 2422 669 2491 ἀντίλυτρον
699 2419 799 2489 τὴν
836 2417 971 2469 ἰδίαν
993 2413 1140 2483 αύτῷ
1174 2407 1534 2480 καθιεροῦντα
1562 2406 1760 2476 σάρκα.

175 2518 412 2571 Τέθυται
435 2515 539 2585 γὰρ
562 2512 703 2583 ὑπὲρ
721 2510 880 2580 ἡμῶν
902 2511 930 2562 6
950 2505 1201 2578 Χριστὸς,
1222 2502 1281 2556 τὸ
1301 2503 1531 2572 ἄμωμον
1550 2499 1764 2568 ἱερεῖον,

177 2613 275 2665 καὶ
314 2612 412 2682 μιᾷ
443 2607 730 2680 προσφορᾷ
780 2602 1131 2658 τετελείωκεν
1164 2599 1244 2660 εἰς
1274 2596 1334 2650 τὸ
1365 2592 1610 2664 διηνεκὲς
1642 2592 1767 2654 τοὺς

183 2701 617 2772 ἁγιαζομένους,
672 2694 1005 2766 άναμορφῶν
1055 2694 1136 2754 εἰς
1188 2689 1248 2743 τὸ
1319 2688 1376 2740 ὲν
1424 2685 1622 2756 ἀρχαῖς
1668 2682 1769 2751 τὴν

186 2795 470 2867 ἀνθρώπου
504 2791 685 2863 φύσιν.
714 2808 731 2840 ι
762 2790 946 2842 Πάντα
973 2785 1082 2855 γάρ
1116 2786 1175 2836 ὲν
1214 2778 1361 2849 αὐτῷ
1384 2776 1570 2831 καινά.
1618 2774 1771 2826 »Ὅτι

185 2891 295 2960 γάρ
333 2891 361 2943 6
393 2887 525 2948 Θεὸς
565 2884 663 2938 καὶ
696 2880 884 2951 Πατὴρ
910 2878 1140 2931 δέδωκεν
1174 2873 1313 2945 ὑπὲρ
1341 2871 1498 2943 ἡμῶν
1522 2869 1613 2921 τὸν
1645 2867 1775 2920 ἴδιον

187 2983 337 3043 Υἱὸν,
362 2980 514 3033 οὐδὲν
541 2974 701 3051 ἦττον
729 2975 877 3045 ἡμᾶς
903 2969 1235 3024 πιστώσεται
1266 2966 1493 3035 γράφων
1524 2964 1552 3016 6
1578 2960 1779 3013 πάνσο-

189 3093 289 3143 φος
330 3071 541 3134 Παῦλος
582 3069 711 3139 περὶ
750 3065 935 3120 αὑτοῦ·
973 3064 1105 3125 «⁸⁸ος
1130 3078 1194 3129 γε
1224 3058 1315 3112 τοῦ
1354 3057 1487 3111 ίδίου
1521 3051 1651 3107 Υίοῦ
1677 3051 1778 3105 οὐκ

1857 1959 2014 2012 quem
2054 1939 2259 2001 omnia,
2307 1947 2361 1992 et
2406 1950 2502 2005 per
2551 1946 2711 2003 quem
2752 1925 3193 1994 omnia,iFilium
3252 1936 3430 1983 suum,

1861 2031 2023 2105 764
2056 2030 2147 2100 qui
2190 2025 2613 2082 exinanitionem
2651 2019 2911 2078 subierat,
2938 2025 3098 2082 atque
3124 2013 3437 2066 incarnatus

1859 2136 1995 2182 erat.
2025 2123 2192 2175 forma
2223 2115 2365 2171 servi
2393 2123 2637 2182 accepta,
2673 2119 3053 2165 consummare
3095 2116 3189 2172 per
3228 2096 3435 2169 passio-

1862 2233 1981 2280 nes,
2023 2218 2431 2269 consecrantem
2482 2216 2644 2275 atque
2697 2200 3016 2257 oli‘erentent
3071 2206 3221 2247 suam
3271 2188 3440 2256 ipsius

1864 2322 2081 2365 carnem
2113 2305 2165 2359 itt
2194 2302 2423 2372 pretium
2454 2292 2837 2362 redemptionis
2870 2289 2991 2340 vita:
3032 2274 3294 2338 omn’iutn.
3331 2278 3439 2331 Ιιηι

1864 2403 2093 2457 molatus
2123 2396 2266 2459 enim
2316 2400 2401 2446 est
2442 2404 2539 2458 pro
2589 2384 2746 2441 nobis
2792 2381 3043 2437 Christus
3094 2370 3440 2428 immaculata

1868 2494 2066 2555 hostia,
2096 2501 2258 2557 atque
2287 2485 2444 2538 unica
2467 2479 2744 2535 oblatione
2773 2469 3167 2529 consummavit
3198 2465 3249 2518 in
3285 2470 3446 2516 atter-

1870 2601 1998 2641 nam
2032 2580 2424 2641 sanctiﬁcatos,
2454 2575 2750 2629 humanam
2784 2575 3034 2621 naturam
3080 2559 3132 2613 in
3166 2555 3448 2626 pristinum

1872 2689 2075 2733 statum
2100 2665 2657 2729 refortnans.¢0tttnia
2681 2661 2824 2716 enint
2846 2659 2899 2712 in
2926 2656 3041 2724 ipso
3054 2659 3178 2706 sunt
3195 2662 3332 2702 nova
3352 2647 3447 2697 ".r

1875 2777 2026 2845 Quod
2070 2771 2213 2827 enim
2258 2767 2399 2820 Deus
2442 2777 2505 2816 ac
2552 2759 2714 2812 Pater
2747 2752 2955 2807 dederit
3003 2760 3101 2816 pro
3141 2742 3295 2797 nobis
3330 2752 3456 2806 pro-

1874 2869 2051 2941 prium
2076 2878 2229 2917 suum
2260 2856 2482 2918 Filium,
2529 2849 2696 2905 nihilo
2720 2847 2900 2901 secius
2924 2838 3210 2896 conﬁrmat
3242 2829 3452 2897 sapien-

1881 2922 2126 3015 iissimus
2173 2951 2395 3011 Paulus,
2432 2946 2502 3000 ita
2540 2942 2608 2996 de
2656 2942 2771 3009 ipso
2812 2934 3054 2991 scribens
3096 2945 3111 2981 :
3155 2943 3174 2976 ι
3201 2922 3302 2989 Qui
3338 2934 3460 2986 pro—
3502 2991 3508 2997 ἢ

1882 3051 2001 3118 prio
2036 3048 2173 3104 Filio
2210 3059 2311 3099 suo
2338 3057 2446 3095 non
2481 3034 2745 3107 pepercit,
2777 3027 2868 3084 sed
2900 3038 2997 3095 pro
3030 3018 3182 3075 nobis
3212 3014 3461 3069 omnibus

189 3102 286 3143 φυς
330 3102 538 3134 ιι-ιυΛυ,
589 3102 711 3139 “vf-[liv
750 3102 913 3120 ψυυνυ
973 3102 991 3114 ι
1035 3102 1103 3125 νε,
1144 3102 1194 3129 ι..
1234 3102 1313 3112 μιν
1355 3102 1482 3111 .-ην
1529 3102 1639 3107 --η
1685 3102 1772 3105 --ς

188 3164 467 3235 ἐφείσατο,
502 3159 615 3213 ἁλλ’
644 3157 783 3228 ὑπὲρ
815 3154 970 3226 ἡμῶν
1017 3151 1275 3206 ἁπάντων
1316 3146 1629 3219 παρέδωκεν
1674 3142 1769 3195 αύ-

1882 3141 2105 3200 tradidit
2133 3137 2306 3198 illum,
2338 3128 2611 3200 quomodo
2641 3139 2746 3178 non
2781 3122 2948 3175 etiam
2979 3127 3101 3169 cum
3134 3110 3250 3177 ipso
3281 3102 3461 3157 omnia

1998 3234 2001 3235 ν
2066 3230 2076 3235 ·
2183 3227 2195 3235 ·
2345 3222 2412 3235 ··“
2493 3215 2774 3235 ηνκη-ε---υ-
2804 3217 2980 3235 mnam
3010 3200 3242 3235 am...“
3271 3192 3461 3235 Filium

190 3259 305 3319 τὸν,
341 3256 459 3318 πῶς
486 3254 606 3324 οὐχ).
651 3252 744 3306 καὶ
774 3251 870 3303 σὺν
900 3247 1049 3318 αύτῷ
1078 3246 1147 3298 τά
1178 3244 1353 3298 πάντα
1383 3241 1518 3311 ἡμῖν
1556 3236 1778 3308 χαρίσε-

192 3349 368 3415 sane
399 3347 559 3400 Ἴδιον
605 3344 661 3397 δέ
713 3358 893 3411 φαμεν
926 3338 1055 3391 Υἰὸν
1097 3336 1192 3389 τοῦ
1241 3332 1397 3394 Θεοῦ,
1429 3331 1519 3384 τὸν
1573 3335 1637 3384 ἐκ
1682 3330 1781 3398 τῆς

194 3441 386 3504 οὐσίας
407 3436 568 3493 αὑτοῦ
601 3432 880 3503 πεφηνότα
904 3430 1075 3496 Λόγον
1096 3444 1108 3458 ’
1142 3424 1387 3480 δεδόσθαι
1415 3440 1477 3492 γε
1512 3424 1618 3493 μὴν
1645 3420 1783 3489 ὑπὲρ

196 3534 377 3606 ἡμῶν,
413 3532 472 3585 ού
503 3528 708 3598 γυμνὸν
753 3525 834 3577 ἔτι
882 3522 976 3576 καὶ
1017 3521 1279 3589 ἄσαρκον,
1315 3516 1431 3570 ἀλλ’
1456 3517 1544 3569 ὅτε
1594 3513 1785 3582 γέγονε

200 3602 374 3698 σάρξ·
422 3623 517 3676 καὶ
553 3620 613 3673 τὸ
648 3616 907 3685 λέγεσθαι
938 3612 1151 3675 παθεῖν,
1186 3608 1489 3679 ἀμώμητον
1518 3602 1586 3677 ἦν
1617 3604 1784 3673 αὐτῷ.

200 3697 450 3773 Πέγττονθε
486 3714 615 3784 γάρ,
643 3713 704 3764 οὐ
738 3709 899 3780 φύσει
936 3707 1211 3775 θεότητος,
1243 3702 1359 3756 ἁλλ’
1391 3700 1497 3771 ἰδίᾳ
1528 3698 1711 3768 σαρκί.
1732 3697 1789 3749 '0

202 3810 316 3882 γὰρ
359 3809 489 3871 Θεὸς
517 3808 612 3859 καὶ
645 3802 856 3872 Πατὴρ.
885 3796 1139 3867 καθάπερ
1174 3794 1311 3863 ἔφην
1343 3789 1567 3863 ἀρτίως,
1598 3787 1688 3840 τδν
1717 3785 1792 3856 μὴ

204 3902 407 3971 γνόντα
457 3894 750 3968 ἁμαρτίαν,
784 3891 924 3961 ὑπὲρ
974 3886 1133 3959 ἡμῶν
1185 3883 1461 3955 ἁμαρτίαν
1510 3879 1791 3950 ἐποίησεν,

206 3967 302 4048 ῖνα
329 3967 805 4062 ἡμεῖςίγενώμεθα
839 3980 1150 4050 δικαιοσύνη
1180 3976 1318 4030 Θεοῦ
1353 3977 1450 4030 σὺν
1483 3967 1795 4044 αύτῷ.τΑρ’

208 4084 306 4141 οὖν
352 4082 621 4154 ἁμαρτίαν
649 4080 809 4133 αὐτὸν
839 4074 1092 4145 γενέσθαι
1127 4069 1354 4140 νοοῦμεν
1379 4085 1394 4133 ;
1421 4068 1454 4139 ἢ
1481 4068 1562 4120 ὅτι
1598 4064 1799 4137 μᾶλλον

211 4177 472 4250 ὡμοιώθη
517 4178 627 4238 τοῖς
675 4172 778 4227 ὑπὸ
809 4169 1101 4242 ἁμαρτίαν,
1135 4165 1394 4235 ταύτῃτοι
1433 4160 1528 4213 καὶ
1555 4157 1800 4230 ἁμαρτία

213 4278 469 4343 λέγεται;

294 4370 350 4425 Β,
382 4366 587 4437 Ὀρθῶς
626 4363 778 4432 ἔφης.

294 4462 583 4528 Α.”Ωσπερ
605 4452 697 4510 οὖν
724 4454 816 4507 τὸν
844 4452 917 4523 μὴ
942 4450 1138 4519 γνόντα
1166 4443 1464 4517 ἁμαρτίαν,
1489 4440 1627 4510 ὑπὲρ
1650 4438 1805 4510 ἡμῶν

294 4504 358 4515 .-.
401 4504 577 4528 ..-πη-
612 4504 689 4510 ---
844 4504 863 4523 τ
906 4504 917 4522 ,
954 4504 965 4519 .
1206 4504 1218 4517 ,
1287 4504 1299 4517 .
1450 4504 1459 4508 -
1600 4504 1610 4510 .
1672 4504 1702 4510 .-

220 4556 498 4625 ἁμαρτίαν
533 4550 809 4619 ἐποίησεν,
839 4546 927 4597 ἵνα
959 4544 1120 4612 ἡμεῖς
1162 4536 1451 4608 γενώμεθα
1486 4532 1798 4600 δικαιοσύνη
1833 4516 1879 4573 θ
1906 4527 2085 4574 03W!“
2121 4526 2219 4583 Ι)το
2266 4504 2423 4561 “oms
2472 4506 2695 4625 98cc?“

1700 4624 1706 4625 ,
1904 4613 1916 4625 ο
1992 4605 2068 4625 .~.2
2090 4622 2097 4625 .
2130 4601 2219 4625 n..:
2244 4598 2296 4625 ε..
2323 4597 2438 4625 ἒηρη
2457 4589 2601 4625 finali
2628 4601 2695 4625 In:

220 4646 362 4700 Θεοῦ
416 4648 470 4697 ὲν
517 4641 665 4711 αύτῷ
714 4637 1074 4709 (δεδικαίωται
1114 4633 1222 4703 γάρ
1256 4633 1289 4701 ἡ
1318 4627 1606 4698 ἀνθρώπου
1642 4627 1803 4693 φύσις

224 4746 288 4795 ἐν
312 4740 501 4809 αύτιῖ›)·
533 4736 677 4791 οὕτω
703 4733 792 4785 τὸν
822 4731 921 4783 οὐκ
946 4728 1124 4780 εἰδότα
1147 4724 1376 4779 θάνατον
1401 4725 1417 4782 ί
1424 4720 1535 4791 ζωὴ
1558 4718 1667 4788 γάρ
1691 4720 1807 4771 ἐστι

227 4835 325 4890 καὶ
354 4830 616 4899 ζωοποιὸς
645 4830 672 4881 6
702 4827 915 4895 A67o;),
958 4820 1121 4891 σαρκὶ
1156 4816 1347 4871 παθεῖν
1375 4810 1808 4885 παρεσκεύασεν,

226 4929 336 4993 ἔξω
393 4926 651 4997 μείναντα
694 4918 789 4973 τοῦ
840 4915 1055 4977 παθεῖν,
1101 4910 1236 4965 καθὸ
1287 4910 1490 4961 νοεῖται
1531 4904 1684 4965 Θεὸς,
1724 4902 1811 4954 ἵνα

233 4993 406 5090 ἡμεῖς⁷
442 5018 692 5087 ζήσωμεν
734 5012 799 5065 δι’
831 5007 996 5063 αὐτοῦ
1036 5022 1095 5059 τε
1138 5003 1230 5056 καὶ
1274 5003 1331 5055 ὲν
1382 4996 1548 5067 αὐτῷ.
1585 4994 1675 5048 Διὸ
1718 4993 1813 5046 καὶ

229 5082 740 5181 δμοίωμαθανάτου
784 5100 844 5153 τὸ
868 5093 1105 5168 Χριστοῦ
1150 5090 1320 5153 πάθος
1352 5087 1680 5157 ὠνόμασται.
1716 5082 1753 5135 Γ
1758 5082 1814 5135 έ-

238 5173 483 5275 γραπται
504 5192 615 5251 οῦν·
644 5194 734 5246 «Εἰ
764 5191 872 5261 γὰρ
905 5184 1174 5258 σύμφυτοι
1194 5182 1496 5252 γεγόναμεν
1520 5176 1595 5246 τῷ
1612 5173 1811 5245 ὁμοιώ-

235 5267 371 5365 {im
411 5289 505 5344 τοῦ
567 5285 798 5340 θανάτου
822 5280 1009 5344 αὑτοῦ,
1038 5278 1171 5333 ἁλλά
1205 5276 1298 5329 καὶ
1327 5273 1425 5343 τῆς
1467 5267 1815 5329 ἀναστάσεως

236 5358 498 5457 ἐσόμεθα.
530 5401 547 5432 ι
568 5377 705 5446 Ἐςη
740 5375 846 5446 γάρ
877 5374 906 5425 6
937 5373 1105 5439 Λόγος
1140 5369 1234 5423 καὶ
1261 5363 1561 5435 γευομένης
1587 5358 1815 5413 θανάτου

240 5479 338 5546 τῆς
371 5474 527 5543 ἁγίας
558 5467 722 5525 αὐτοῦ
752 5464 973 5534 σαρκὸς,
1005 5462 1070 5515 ἵν’
1097 5458 1418 5531 ἡττηθέντος
1444 5452 1699 5514 θανάτου,
1725 5448 1821 5502 καὶ

232 5542 315 5622 πε
326 5542 466 5635 πατη
476 5565 642 5634 μένης
666 5561 761 5631 τῆς
795 5556 1021 5627 φθορᾶς.
1042 5556 1076 5623 ἡ
1105 5553 1203 5623 τῆς
1224 5547 1573 5609 ἀναστάσεως
1598 5542 1822 5611 δύναμις

232 5660 327 5722 εἰς
360 5630 501 5709 ἁπαν
533 5630 756 5724 ἔρχηται
786 5648 847 5700 τὸ
881 5640 1220 5714 ἀνθρώπινον
1259 5638 1433 5708 γένος.
1452 5632 1674 5706 Ἀληθὲς
1694 5630 1823 5701 γάρ,

327 5839 364 5869 ⁸¹
412 5834 571 5888 “chr.
610 5849 668 5892 tt,
708 5827 862 5884 947.
943 5824 982 5855 ”
1027 5821 1063 5874 ΙΙ
1106 5819 1229 5874 Cor.
1259 5815 1431 5877 v.17.

1517 5813 1556 5842 ’³
1600 5809 1756 5862 llum.
1803 5818 1915 5861 vttt.
1953 5800 2039 5851 5'2.

1881 3234 2038 3291 nobis
2066 3192 2323 3297 largietur
2345 3192 2412 3275 ""2
2443 3240 2461 3271 ι
2492 3215 2776 3283 Proprium
2803 3217 2980 3263 autem
3010 3200 3242 3255 dicimus
3271 3192 3462 3248 Filium

1884 3326 2001 3388 Dei,
2045 3288 2282 3377 Verbum
2331 3329 2393 3369 ex
2449 3309 2621 3380 ipsius
2668 3299 2903 3358 essentia
2956 3294 3193 3365 genitum
3241 3288 3464 3341 :datum

1884 3429 2014 3471 vero
2040 3426 2159 3468 esse
2183 3425 2278 3479 pro
2300 3405 2479 3466 nobis,
2510 3415 2613 3453 non
2638 3395 2837 3450 nudum
2866 3400 2921 3444 et
2947 3385 3125 3441 carnis
3150 3388 3425 3447 expertem
3449 3414 3467 3439 ,

1887 3508 1981 3564 sed
2011 3474 2227 3576 quando
2276 3498 2452 3553 factus
2480 3501 2562 3546 est
2593 3502 2740 3543 caro.
2771 3484 2837 3538 Et
2866 3478 3008 3551 quod
3037 3474 3238 3529 dicitur
3281 3480 3470 3536 passus

1888 3560 2197 3663 essm-nihil
2229 3585 2536 3647 detrimenti
2583 3579 2684 3647 ipsi
2735 3574 2911 3630 aﬂ‘ert.
2958 3568 3154 3624 Passus
3197 3560 3339 3617 enim
3391 3566 3474 3610 cst

1894 3708 1999 3747 non
2055 3696 2244 3742 natura
2294 3677 2612 3739 divinitatis,
2666 3670 2759 3724 sed
2813 3661 3029 3734 propria
3086 3668 3269 3711 carne.
3334 3650 3474 3703 Deus

1893 3784 2036 3840 enim
2068 3794 2133 3832 ac
2167 3775 2349 3835 Pater,
2378 3770 2519 3825 sicut
2552 3763 2713 3818 modo
2738 3757 2873 3824 dixi,
2903 3768 3026 3808 eum
3058 3749 3149 3821 qui
3194 3762 3299 3800 non
3327 3741 3476 3797 novit

1897 3884 2202 3948 peccatum,
2226 3881 2324 3937 pro
2347 3862 2501 3917 nobis
2526 3864 2803 3929 peccatum
2836 3849 2987 3913 fecit,
3012 3853 3070 3897 ut
3102 3856 3199 3895 nos
3227 3839 3478 3891 lieremus

1882 3932 2102 4039 iustitia
2131 3932 2376 4014 Dei—cum
2401 3954 2519 4022 ipso
2546 3947 2609 4001 “.
2636 3943 2826 3999 Nonne
2848 3952 2977 3993 vero
3003 3934 3164 3988 etiam
3197 3932 3476 3998 peccatum

2744 4036 2759 4039 ’
3002 4027 3014 4039 ⁹
3159 4023 3191 4039 -⁹
3242 4036 3253 4039 -
3292 4016 3476 4039 αξη-212.-

1901 4016 2101 4114 iactum
2137 4066 2260 4108 esse
2283 4050 2459 4118 ipsum
2494 4036 2763 4096 dicimus?
2805 4040 2901 4085 aut
2927 4027 3049 4098 quia
3086 4023 3265 4095 potius
3288 4016 3481 4073 similis

1903 4152 2076 4205 factus
2124 4154 2209 4201 est
2266 4108 2332 4195 iis
2379 4134 2471 4205 qui
2515 4126 2737 4186 obnoxii
2785 4130 2943 4180 erant
2990 4124 3232 4189 peccato,
3284 4108 3483 4165 idcirco

1892 4243 2066 4299 etiam
2095 4243 2378 4306 peccatum
2420 4221 2660 4282 dicitur?

1973 4332 2035 4386 B.
2085 4331 2249 4383 Recte
2278 4323 2379 4378 ais.

1976 4427 2045 4481 Δ.
2086 4412 2546 4488 Quemadmodum
2582 4407 2747 4477 igitur
2778 4415 2900 4452 cum
2923 4395 3013 4465 qui
3049 4408 3151 4447 non
3189 4388 3336 4442 novit
3363 4398 3487 4455 pec-

2704 4509 2754 4547 m
2797 4489 2944 4553 fecit,
2987 4493 3046 4538 ut
3095 4496 3191 4535 nos
3237 4478 3488 4531 heremus

1899 4575 2220 4683 justitia'Dei
2244 4598 2297 4653 in
2323 4597 2438 4667 ipso
2456 4587 2763 4662 (justiﬁcata
2796 4580 2939 4634 enim
2962 4586 3046 4630 est
3076 4575 3310 4628 humana
3335 4575 3489 4619 natu-

1892 4660 1967 4763 ,τε
1990 4706 2042 4757 in
2076 4695 2212 4768 ipso)
2238 4712 2252 4748 :
2277 4693 2348 4747 ita
2378 4702 2499 4741 eum
2524 4680 2614 4752 qui
2642 4694 2747 4733 non
2772 4672 2923 4729 novit
2947 4678 3173 4724 mortem
3196 4663 3323 4730 (vita
3343 4660 3486 4713 enim

1908 4810 1992 4854 est
2018 4804 2073 4850 et
2096 4754 2373 4845 viviﬁcaus
2403 4772 2678 4839 Verbum)
2715 4781 2880 4824 carne
2915 4761 3022 4833 pati
3064 4754 3324 4829 permisit,
3365 4765 3488 4804 cum

1911 4893 2142 4947 interea,
2173 4887 2442 4951 quatenus
2467 4878 2550 4924 est
2594 4867 2753 4925 Deus,
2794 4873 2822 4912 a
2853 4853 3104 4926 passione
3143 4848 3279 4901 liber
3308 4851 3488 4904 esset;

2850 4950 2857 4951 ,
3092 4949 3096 4951 Α
3152 4940 3165 4950 ,
3243 4938 3254 4949 ,
3346 4950 3349 4951 ν
3410 4931 3461 4951 η

1918 4931 2142 4947 ....-.-_,
2178 4931 2276 4951 τη

1918 4992 1977 5039 ut
2014 4975 2266 5033 nimirum
2304 4981 2403 5022 nos
2432 4962 2678 5015 vivamus
2710 4967 2806 5024 per
2848 4950 3019 5017 ipsum
3051 4949 3106 4995 et
3152 4940 3205 4993 in
3243 4938 3380 5006 ipso.
3410 4931 3492 4984 ld-

1896 5075 2071 5133 .circo
2098 5077 2151 5121 et
2179 5056 2475 5118 similitudo
2501 5048 2711 5109 mortis,
2740 5039 2942 5099 Christi
2968 5033 3146 5105 passio
3177 5037 3364 5082 vocata
3390 5032 3492 5077 est.

1924 5114 2197 5232 geriptum
2237 5155 2419 5221 itaque
2447 5155 2529 5201 est
2574 5161 2589 5197 :
2637 5159 2655 5191 ‹
2686 5137 2743 5191 Si
2781 5132 2922 5188 enim
2974 5119 3323 5193 complanlati
3368 5114 3494 5171 facti

1892 5208 2103 5321 sumtis
2133 5240 2471 5307 similitudini
2503 5234 2693 5292 mortis
2717 5230 2858 5299 ejus,
2884 5220 3041 5278 simul
3066 5228 3121 5273 et
3144 5208 3495 5269 resurrectio-

1914 5305 2000 5409 :tis
2029 5346 2235 5402 erimus
2260 5337 2327 5389 ¹⁵.
2366 5351 2385 5386 ›
2422 5327 2652 5384 Vivebat
2682 5318 2827 5376 enim
2862 5312 3122 5371 Verbum,
3158 5318 3280 5358 cum
3312 5305 3497 5353 sancta

1920 5439 2092 5512 ipsius
2130 5443 2259 5487 caro
2291 5430 2519 5479 mortem
2559 5415 2775 5474 obiret;
2820 5414 2900 5470 ut,
2957 5406 3205 5469 superata
3248 5400 3420 5447 morte
3446 5394 3497 5439 et

2818 5498 2852 5512 "
2934 5494 2975 5512 ’λ
3019 5490 3097 5512 --ετ
3141 5502 3203 5512 ιιι-
3248 5484 3417 5512 uinum
3449 5483 3497 5512 in

1921 5483 2237 5606 proculcato
2272 5513 2516 5575 interitu,
2560 5494 2980 5561 resurrectionis
3019 5490 3100 5544 vis
3141 5502 3205 5540 ac
3248 5484 3420 5536 virtus
3449 5483 3498 5530 iu

2472 5604 2482 5606 “
2802 5601 2813 5606 -
2891 5587 3054 5606 άμε--ι
3124 5580 3321 5606 vnn...“
3357 5572 3498 5606 nni.“

1902 5580 2236 5685 ,It'miversum
2267 5622 2437 5684 genus
2471 5604 2767 5661 humanum
2800 5587 3078 5647 transiret.
3124 5580 3321 5635 Verum
3357 5580 3498 5629 enim

2124 5795 2165 5826 ”
2207 5790 2245 5847 ll
2285 5789 2405 5846 Cor.
2447 5799 2498 5847 ν,
2526 5779 2615 5835 ‘ll.
2698 5775 2737 5805 ’³
2766 5771 2919 5825 Πιιιιι.
2961 5781 3029 5825 Vr,
3071 5761 3121 5812 Ii.
