3856 6212
472 331 613 389 1359

1450 341 1506 400 S.
1551 345 1823 403 CYRlLLl
1862 351 2337 414 ALEXANDRINI
2379 361 2681 420 ARCHIEP
2729 430 2736 439 ,

3564 379 3669 436 13ίο

463 460 568 515 est,
592 450 734 520 quod
756 452 1209 521 quemadmodum
1240 457 1292 511 in
1316 457 1486 514 Adam
1506 476 1695 519 omnes
1718 467 2024 524 moriuntur

2148 475 2231 529 ὅτι
2261 478 2448 552 ὥσπερ
2474 482 2530 536 ἐν
2551 482 2629 553 τῷ
2661 482 2833 555 Ἀδὰμ
2860 484 3059 551 πάντες
3080 486 3515 560 ἀποθνήσκουσιν,
3533 495 3671 561 οὓτως

468 542 541 596 ita
574 552 629 597 et
670 543 721 597 in
753 542 973 600 Christo
1002 560 1193 603 omnes
1225 548 1587 606 viviﬁcantur.
1621 553 1897 625 Siquidem
1940 578 2047 631 quo

465 643 624 699 pacto
653 635 891 702 adjntam
920 637 1088 693 fuisse
1118 642 1492 698 censuerimus
1523 645 1760 703 hominis
1795 662 2044 709 naturam

464 737 561 792 per
590 726 905 795 mysterium
932 730 1427 793 administrationis
1454 737 1732 812 Unigeniti
1764 746 1817 800 in
1840 748 2044 815 ’carne,

464 816 565 869 nisi
613 816 755 872 Deus
804 820 1073 876 exsistens
1111 822 1366 895 Verbum,
1416 831 1618 888 factum
1655 846 1738 890 est
1780 842 1946 895 caro?
1994 854 2049 898 et

465 908 567 962 nisi
606 909 822 965 demisit
863 914 1099 983 seipsum
1144 919 1212 973 ad
1241 921 1685 993 exinanitionem,
1720 941 1772 985 et
1808 945 2045 990 nostrain

465 1006 1038 1075 naturamassnmpsit,
1062 1010 1151 1076 qui
1176 1020 1258 1065 est
1282 1025 1445 1083 super
1460 1029 1675 1073 onmem
1697 1035 2001 1078 creaturam
2024 1026 2048 1079 ?

463 1092 565 1148 nisi
603 1109 801 1164 corpus
830 1095 1033 1151 factum
1065 1110 1147 1153 est
1173 1101 1317 1169 vitae,
1347 1104 1397 1157 id
1426 1108 1571 1175 quod
1614 1109 1775 1181 765
1805 1113 2047 1171 interitui

461 1184 753 1239 ohnoxinm
803 1199 959 1255 erat,
1010 1199 1068 1244 ut
1116 1204 1290 1249 morte
1335 1206 1499 1267 atque
1534 1199 1757 1255 interitu
1797 1208 2046 1275 superius

460 1277 697 1332 evadat?
724 1276 900 1348 Ipsum
928 1281 1115 1351 itaque
1146 1280 1382 1341 Verbum
1421 1304 1488 1344 ex
1524 1290 1632 1347 Deo
1666 1292 1846 1365 Patre,
1881 1314 2045 1355 carne

460 1376 675 1436 pr0pter
703 1385 799 1424 nos
833 1386 1049 1441 passum
1076 1389 1197 1431 esse
1222 1376 1476 1437 dicimus.

529 1458 589 1513 Β.
634 1456 891 1516 Omnino.

529 1552 594 1606 Α.
639 1552 916 1624 Siquidem
952 1573 1137 1613 verum
1166 1571 1248 1616 est
1290 1566 1436 1633 quod
1467 1565 1674 1626 Paulus
1711 1572 1776 1626 de
1808 1574 1926 1643 ipso
1961 1576 2042 1631 di-

460 1646 571 1699 cit:
614 1665 632 1697 ‹
667 1645 766 1713 Qui
807 1658 891 1703 est
930 1650 1107 1721 imago
1152 1652 1246 1708 Dei
1290 1657 1600 1725 invisibilis,
1639 1666 2039 1736 primogenitus

459 1737 640 1792 onmis
664 1748 949 1803 creaturae,
987 1746 1109 1812 quia
1142 1746 1191 1801 in
1224 1746 1341 1816 ipso
1363 1764 1547 1808 creata
1582 1768 1709 1811 sunt
1740 1762 1921 1815 omnia
1955 1765 2037 1817 vi-

2152 571 2245 622 καί
2295 572 2352 623 ὲν
2403 572 2481 643 τῷ
2528 574 2751 646 Χριστῷ
2790 575 2990 640 πάντες
3021 576 3517 650 ζωοποιηθήσονται.
3550 585 3670 639 Ἐπεὶ

2150 661 2273 713 τίνα
2298 663 2499 733 τρόπον
2535 664 2727 737 ὀνῆσαί
2760 684 2941 737 φαμεν
2970 668 3069 740 τὴν
3097 670 3379 741 ἀνθρώπου
3411 674 3567 743 φύσιν,
3594 678 3671 746 τῆς

2155 754 2293 823 μετά
2341 756 2543 837 σαρκός
2582 756 2895 830 οἰκονομίας
2933 759 3025 814 τοῦ
3068 764 3405 831 Μονογενοῦς
3428 765 3483 818 τὸ
3508 772 3670 837 μυστή-

2155 861 2285 915 ριον,
2324 847 2372 898 εἰ
2415 848 2488 918 μὴ
2512 832 2669 913 ’Θεὸς
2709 849 2787 902 ὣν
2822 850 2851 901 ὁ
2893 850 3060 918 Λόγος
3104 852 3294 922 γέγονε
3331 832 3574 926 σάρξξεί
3613 832 3669 928 μη

2152 938 2393 1008 καθῆκεν
2428 940 2618 995 ἑαυτὸν
2650 943 2729 1005 εἰς
2761 941 3010 1006 κένωσιν,
3043 945 3137 997 καί
3165 948 3601 1020 καταπεφοίτηκεν
3626 952 3671 1002 ἐν

2148 1030 2262 1091 τοῖς
2305 1028 2428 1082 καθ’
2457 1030 2606 1099 ἡμᾶς
2651 1031 2680 1082 ὁ
2723 1032 2864 1101 ὑπὲρ
2914 1033 3097 1085 πᾶσαν
3142 1035 3242 1104 τὴν
3294 1036 3494 1102 κτίσιν;
3534 1040 3574 1091 εἰ
3613 1041 3670 1109 μὴ

2151 1118 2311 1186 σῶμα
2339 1119 2529 1188 γέγονε
2551 1121 2697 1190 ζωῆς
2720 1122 2780 1174 τὸ
2810 1123 2915 1176 ὑπὸ
2939 1122 3162 1195 φθορὰν,
3199 1126 3285 1179 ἶνα
3312 1127 3518 1199 γένηται
3542 1129 3672 1184 θανάο

2147 1227 2243 1264 του
2273 1211 2418 1282 πέρα
2453 1212 2546 1266 καὶ
2589 1212 2833 1284 φθορᾶς;
2866 1217 3036 1269 Αὑτὸν
3066 1219 3166 1271 οὐκ
3199 1219 3307 1288 ἀρα
3339 1222 3503 1290 φαμὲν
3528 1223 3606 1277 τὸν
3626 1226 3674 1278 iit

2147 1303 2280 1357 Θεοῦ
2316 1305 2530 1376 Πατρὺς
2550 1306 2742 1375 Λόγον,
2775 1307 2940 1378 σαρκί
2968 1308 3161 1362 παθεῖν
3184 1310 3251 1363 δι’
3274 1312 3435 1383 ἡμᾶς.

2215 1477 2277 1532 B.
2318 1477 2467 1530 Πάνυ
2510 1476 2610 1548 μὲν
2646 1470 2760 1532 οὖν.

2213 1572 2277 1623 Α.
2322 1570 2495 1640 Εἴπερ
2539 1570 2687 1623 ἐστὶν
2728 1568 2935 1641 ἀληθὴς
2959 1572 2988 1624 ὁ
3015 1569 3226 1634 Παῦλος
3257 1570 3427 1639 λέγων
3459 1570 3573 1642 περί
3598 1572 3678 1624 αὖ·

2141 1661 2259 1726 τοῦ,
2291 1662 2420 1727 ι”Ος
2450 1667 2597 1716 εστιν
2624 1662 2789 1716 εἰκὼν
2817 1662 2912 1716 τοῦ
2938 1662 3075 1716 Θεοῦ
3103 1662 3198 1716 τοῦ
3226 1664 3472 1733 ἀοράτου,
3502 1667 3678 1733 πρωτόο

2141 1770 2303 1817 τοκος
2334 1754 2515 1824 πάσης
2549 1754 2799 1820 κτίσεως,
2825 1756 2904 1809 ὅτι
2936 1758 2993 1809 ὲν
3021 1754 3169 1826 αὐτῷ
3189 1756 3410 1827 ἐκτίσθη
3432 1755 3495 1808 τά
3515 1754 3677 1821 πάντα,

458 1829 635 1882 sibilia
659 1840 712 1883 et
734 1832 1049 1899 invisibilia,
1070 1838 1183 1893 sive
1207 1840 1435 1905 Throni,
1465 1846 1579 1900 sive
1600 1846 2029 1922 Dominationes,

2139 1848 2209 1901 τὰ
2236 1848 2406 1918 ὁρατὰ
2435 1847 2530 1900 καί
2562 1847 2631 1900 τὰ
2661 1848 2887 1919 ἀόρατα,
2924 1847 3034 1901 εἴτε
3062 1848 3276 1919 Θρόνοι,
3314 1848 3423 1901 εἴτε
3450 1850 3682 1918 Κυριότη-

456 1920 570 1974 sive
614 1920 937 1991 Poteslates,
968 1932 1150 1985 omnia
1183 1947 1278 2002 per
1311 1934 1485 2005 ipsum
1524 1948 1580 1993 et
1616 1941 1668 1994 in
1704 1942 1821 2011 ipso
1856 1958 2038 2002 creata

464 2111 739 2168 constant,
774 2114 829 2159 et
875 2107 987 2176 ipse
1018 2123 1102 2164 est
1145 2126 1307 2184 caput
1343 2120 1592 2189 corporis
1634 2123 1908 2191 Ecclesiae,
1947 2131 2040 2199 qni

455 2200 535 2243 est
572 2192 929 2265 principium,
961 2201 1359 2274 primogenitus
1398 2223 1463 2264 ex
1505 2216 1757 2281 mortuis,
1795 2230 1851 2272 ut
1882 2220 1953 2274 sit
1982 2222 2036 2276 in

454 2285 707 2340 omnibus
758 2287 876 2356 ipse
930 2294 1219 2360 primatmn
1278 2309 1465 2356 tenens
1510 2304 1579 2362 ".
1649 2326 1669 2361 ι
1738 2309 1876 2366 Ecce
1932 2329 2039 2383 quo

455 2388 631 2443 pacto,
661 2388 714 2433 et
753 2381 969 2451 quidem
1004 2390 1372 2460 apertissime,
1414 2396 1705 2469 imaginem
1754 2381 2038 2465 invisibilis

456 2468 570 2532 Dei,
603 2472 1022 2544 primogenitum
1053 2483 1232 2537 omnis
1263 2468 1549 2556 creatura},
1581 2493 1812 2551 visibilis
1856 2509 1911 2553 et
1951 2502 2036 2555 in-

453 2560 700 2627 visibilis,
726 2578 823 2633 per
862 2580 1022 2636 quem
1065 2573 1270 2640 omnia,
1295 2586 1350 2630 et
1394 2577 1448 2633 in
1490 2596 1599 2651 quo
1639 2588 1845 2655 omnia,
1874 2602 2033 2659 caput

451 2652 636 2708 datum
664 2669 786 2711 esse
808 2656 1065 2716 Ecclesia!
1094 2664 1290 2733 inquit,
1321 2683 1439 2726 esse
1469 2689 1596 2729 vero
1631 2678 1793 2732 etiam
1826 2682 2031 2749 primo-

449 2745 687 2811 genitum
740 2763 805 2802 ex
858 2753 1106 2809 mortuis.
1150 2755 1373 2829 Pr0pria
1425 2765 1569 2819 enim
1618 2768 1719 2823 sibi
1767 2745 1915 2838 fecit,
1973 2785 2032 2830 ut

449 2835 580 2899 dixi,
613 2851 674 2891 ea
724 2852 845 2908 quae
869 2844 1052 2899 carnis
1084 2860 1195 2901 suae
1248 2859 1411 2918 sunt;
1462 2866 1804 2928 mortemque
1842 2863 2026 2932 subiit,

449 2923 738 2991 ignominia
779 2940 1114 3002 contempta.
1153 2937 1341 3009 Neque
1380 2945 1525 2999 enim
1572 2923 1893 3019 simpliciter
1928 2923 2028 3011 ho;

2141 1955 2254 2004 τες,
2296 1937 2405 1992 εἴτε
2439 1938 2650 2008 Ἀρχαί,
2685 1939 2797 1992 εἴτε
2835 1939 3125 2004 Ἐξουσίαι,
3152 1940 3221 1993 τὰ
3250 1942 3427 1995 πάντα
3452 1943 3513 1993 δι’
3544 1938 3682 1993 αὑτοῦ

2141 2032 2235 2084 καί
2268 2033 2346 2094 εἰς
2372 2030 2533 2084 αὑτὸν
2554 2030 2821 2086 ἔκτισται.
2853 2033 2963 2085 Καὶ
2994 2032 3155 2097 αὐτός
3185 2035 3301 2087 εστι
3328 2033 3436 2103 πρὸ
3473 2035 3677 2094 πάντων,

2142 2126 2236 2178 καὶ
2264 2124 2333 2178 τὰ
2370 2124 2551 2178 πάντα
2580 2127 2637 2178 ὲν
2662 2125 2810 2197 αὐτῷ
2840 2125 3159 2197 συνέστηκε,
3197 2131 3291 2179 καὶ
3318 2126 3480 2190 αὑτός
3505 2128 3631 2179 ἐστιν
3654 2127 3680 2195 ἡ

2140 2218 2351 2288 κεφαλὴ
2380 2216 2472 2270 τοῦ
2510 2216 2760 2288 σώματος
2795 2219 2896 2289 τῆς
2912 2218 3262 2290 Ἐκκλησίας,
3293 2220 3351 2282 ὃς
3381 2221 3516 2272 ἐστιν
3545 2217 3680 2289 ἀρχὴν

2141 2309 2485 2383 πρωτότοκος
2530 2311 2596 2363 ὲκ
2638 2309 2745 2362 τῶν
2788 2308 3019 2381 νεκρῶν,
3050 2310 3137 2363 ἴνα
3181 2309 3410 2379 γένηται
3455 2310 3509 2362 ὲν
3546 2310 3684 2362 πᾶσιν

2138 2403 2299 2465 αὐτὸς
2337 2401 2654 2474 πρωτεύων.
2686 2421 2705 2455 ι
2746 2402 2875 2455 Ἰδοὺ
2910 2402 3040 2473 γὰρ,
3075 2401 3183 2455 ἰδοὺ
3214 2402 3405 2470 σαφῶς
3436 2400 3523 2454 καὶ
3544 2398 3680 2470 μάλα,

2134 2493 2235 2563 τὴν
2260 2494 2445 2548 εἰκόνα
2477 2492 2571 2546 τοῦ
2601 2493 2832 2563 ἀοράτου
2859 2492 3017 2557 Θεοῦ,
3048 2494 3142 2546 τὸν
3172 2494 3512 2565 πρωτότοκον
3536 2492 3683 2560 πάσης

2136 2584 2385 2649 κτίσεως,
2420 2585 2623 2656 ὁρατῆς
2665 2601 2725 2637 τε
2770 2586 2866 2639 καὶ
2912 2585 3169 2656 ἀοράτου,
3201 2586 3267 2638 δι’
3292 2579 3357 2639 οὗ
3406 2586 3471 2638 τὰ
3511 2584 3682 2643 πάντα,

2134 2678 2229 2731 καί⁵
2267 2681 2326 2732 ἐν
2358 2672 2402 2746 ᾦ
2432 2678 2503 2731 τὰ
2531 2678 2733 2743 πάντα,
2758 2677 3002 2749 κεφαλὴν
3038 2677 3284 2731 δεδόσθαι
3313 2682 3384 2750 τῇ
3427 2673 3688 2775 Ἐκκλησία

2134 2770 2317 2840 φησὶν,
2353 2766 2493 2823 εἶναι
2523 2770 2581 2823 δὲ
2602 2770 2696 2823 καὶ
2726 2772 2791 2823 ὲκ
2817 2769 3030 2841 νεκρῶν
3055 2770 3430 2840 πρωτότοκον.
3469 2767 3684 2823 υἰκειοῦ-

2130 2878 2219 2914 ται
2254 2860 2384 2932 γὰρ,
2421 2861 2496 2924 ὡς
2539 2861 2697 2933 ἔφην,
2729 2861 2797 2916 τὰ
2842 2862 2943 2933 τῆς
2988 2862 3186 2916 ἑαυτοῦ
3236 2861 3464 2933 σαρκὸς,
3489 2861 3576 2914 καὶ
3601 2859 3688 2913 ὺπ-

2129 2956 2313 3027 έμεινε
2368 2956 2637 3029 σταυρὸν,
2684 2956 2948 3028 αἰσχύνης
2994 2958 3443 3028 καταφρονήσας.
3485 2955 3553 3008 Οὐ
3599 2954 3689 3041 γάρ

449 3018 671 3084 minem,
737 3023 827 3091 qui
888 3025 1273 3094 conjunctione
1320 3050 1443 3089 cum
1506 3038 1621 3107 ipso
1684 3044 1867 3100 nescio
1919 3063 2027 3118 quo

449 3113 607 3157 Inmln
643 3113 929 3157 (lenm-alue
966 3131 1106 3157 accol
1169 3138 1265 3157 nrn
1301 3126 1454 3157 ηηλι.
1493 3130 1670 3157 AM“...
1725 3150 1835 3157 ----
1898 3138 1937 3157 ,p
1975 3141 1987 3153 α

2133 3018 2416 3119 ἄνθρωπον
2454 3018 2661 3113 ἁπλῶς,
2695 3018 2959 3120 συναφείᾳ
3000 3050 3068 3120 τῇ
3115 3018 3254 3121 πρὸς
3288 3018 3453 3102 αὐτόν
3490 3047 3588 3157 pint

448 3113 607 3165 modo
643 3113 929 3172 decoratus
966 3131 1132 3185 esset,
1168 3138 1266 3192 pro
1301 3126 1456 3184 nobis
1490 3130 1671 3187 datum
1721 3150 1841 3191 esse
1886 3138 2023 3195 dici-

2133 3113 2276 3201 ὅπως
2309 3139 2694 3211 τετιμημένον,
2725 3113 2868 3211 ὑπὲρ
2906 3113 3068 3213 ημῶν,
3087 3113 3340 3195 δεδόσθαι
3369 3141 3562 3211 φαμὲν,
3592 3140 3676 3193 diu.

449 3220 610 3259 mus:
653 3208 747 3262 sed
780 3218 865 3264 est
912 3210 1028 3281 ipse
1068 3213 1329 3275 Dominus
1366 3221 1551 3291 gloria:
1594 3227 1688 3295 qui
1735 3230 2027 3287 cruciﬁxus

449 3303 547 3339 PsL
585 3313 605 3339 α
642 3293 697 3339 Si
728 3298 872 3339 enim
908 3306 1285 3339 ιιησηηυίοαοηι
1349 3310 1519 3339 :......:.
1570 3331 1672 3339 ..-η
1930 3323 1991 3339 n,

2133 3231 2281 3286 ἐστιν
2324 3208 2561 3295 αὑτὸς-ὁ
2608 3232 2709 3303 τῆς
2755 3208 3181 3304 δόξης-Κύριος,
3215 3232 3690 3339 δ’ἔστ-αυρωμένος.

445 3303 548 3350 cst.
585 3313 605 3347 ι
642 3293 697 3350 Si
728 3298 873 3356 enim
908 3306 1308 3371 cognovissent,
1348 3310 1543 3381 inquit,
1569 3293 1674 3370 non
1714 3319 1896 3389 utique
1928 3323 2029 3377 Do-

2139 3339 2158 3372 (
2189 3322 2252 3374 Ei
2298 3321 2405 3392 γὰρ
2450 3321 2718 3390 ἔγνωσαν,
2751 3326 2935 3392 φησὶν,
2965 3326 3067 3378 οὐκ
3111 3327 3176 3378 ἂν
3224 3325 3314 3378 τὸν
3366 3326 3563 3397 Κύριον
3607 3327 3693 3392 τῆς

448 3387 652 3443 minum
682 3389 864 3460 gloria:
885 3395 1287 3455 cruciﬁxissent
1314 3402 1379 3457 ".
1425 3421 1444 3455 ι
1489 3403 1694 3463 Passus
1728 3422 1907 3467 autem
1947 3424 2029 3471 est

2133 3387 2712 3486 δόξης-ἐσταύρωσαν..
2736 3387 3027 3470 ι’Πέπονθε
3069 3416 3127 3470 δὲ
3172 3417 3238 3470 δι’
3277 3420 3428 3488 ἡμᾶς
3458 3387 3549 3471 καὶ
3574 3416 3693 3483 ὖπέρ

446 3489 665 3549 propter
698 3498 795 3537 nos
830 3493 886 3539 et
923 3500 1019 3555 pro
1045 3490 1201 3546 nobis
1230 3506 1415 3560 carne,
1448 3500 1742 3555 secundum
1787 3503 2028 3574 Scriptu-

447 3584 536 3624 ras
559 3571 623 3636 ι’,
652 3591 670 3624 ι
695 3573 795 3641 Qui
820 3578 1118 3635 secundum
1147 3596 1368 3639 carnem
1397 3601 1461 3640 ex
1490 3587 1689 3645 Iudaeis
1719 3601 1820 3658 est,
1841 3596 2030 3665 quiest

444 3677 608 3732 super
630 3679 818 3722 onines
841 3668 1081 3735 Deus,et
1113 3673 1434 3733 benedictus
1462 3679 1512 3732 in
1540 3682 1758 3748 saecula,
1780 3685 1971 3741 Amen.
2003 3706 2021 3739 ι

444 3754 518 3807 Ita
547 3758 694 3812 enim
730 3762 943 3832 scripsit
979 3780 1155 3835 praeco
1187 3776 1242 3823 et
1272 3771 1571 3841 apostolus,
1597 3775 1801 3845 quique
1833 3778 2013 3847 ipsum

444 3846 498 3901 in
543 3864 602 3904 se
645 3852 920 3911 Christum
961 3858 1185 3925 habuit,
1237 3864 1644 3923 sacratissimus
1693 3846 1913 3928 Paulus.
1957 3875 2029 3928 At

442 3952 574 3993 vero
620 3940 722 3997 hoc
774 3943 906 3999 mihi
947 3959 1208 4017 praeterea
1262 3952 1430 4009 dicito
1468 3973 1483 4011 :
1519 3962 1792 4030 quomodo
1828 3963 2029 4020 intelli-

441 4041 570 4098 gant
595 4032 721 4087 illud
752 4037 896 4104 quod
918 4054 947 4091 a
979 4040 1199 4097 Christo
1221 4045 1288 4100 ad
1313 4047 1591 4105 mulierem
1621 4052 2022 4113 Samaritanam

443 4122 644 4178 dictum
676 4137 758 4183 est
785 4144 798 4181 :
832 4146 852 4181 ι
884 4127 994 4187 Vos
1033 4135 1273 4193 adoratis
1302 4141 1447 4209 quod
1474 4144 1732 4214 nescitis,
1764 4162 1861 4203 nos
1925 4152 2025 4205 ad-

439 4229 663 4271 oramns
693 4220 835 4288 quod
856 4221 1082 4293 scimus,
1104 4227 1228 4298 quia
1273 4230 1420 4287 salus
1447 4249 1513 4288 ex
1546 4233 1749 4293 Iudaeis
1780 4248 1863 4294 est
1894 4241 1959 4294 ι’.
1996 4259 2017 4293 ι

441 4306 610 4375 Atqui
658 4311 889 4368 salvavit
916 4329 1038 4383 nos,
1071 4334 1174 4373 non
1212 4321 1441 4392 legatus,
1484 4340 1590 4382 non
1638 4329 1883 4399 angelus,
1928 4331 2025 4388 sed

440 4398 557 4467 ipse
590 4399 891 4471 Dominus;
942 4422 1047 4462 non
1084 4409 1257 4467 aliena
1297 4426 1501 4478 morte,
1545 4427 1600 4473 et
1645 4424 1916 4479 communi
1958 4439 2023 4481 ac

438 4490 648 4561 vulgari
693 4496 924 4562 quodam
960 4498 1178 4559 homine
1224 4504 1613 4578 intercedente,
1657 4513 1751 4569 sed
1801 4518 2020 4588 proprio

441 4674 680 4730 tissimus
722 4676 923 4735 Paulus
949 4682 1163 4754 inquit:
1215 4706 1234 4741 ι
1273 4690 1487 4747 lrritam
1535 4696 1656 4765 quis
1692 4674 1899 4757 faciens
1941 4703 2018 4760 le-

436 4780 557 4835 gem
582 4766 775 4836 Moysi,
801 4772 921 4828 sine
949 4776 1055 4831 ulla
1080 4780 1430 4840 miseratione
1470 4787 1681 4844 duobus
1727 4793 1809 4847 vel
1841 4797 2015 4854 tribus

438 4860 667 4917 testibus
716 4866 987 4925 moritur:
1043 4883 1247 4940 quanto
1284 4881 1455 4945 magis
1500 4884 1701 4951 putatis
1743 4887 2012 4946 deteriora

437 4954 630 5007 mereri
652 4956 949 5026 supplicia,
983 4963 1073 5031 qui
1116 4964 1309 5021 Filium
1360 4968 1453 5026 Dei
1495 4976 1911 5045 conculcaverit,
1958 4992 2013 5037 et

434 5044 749 5114 sanguinem
786 5055 1096 5110 testamenti
1140 5074 1478 5119 communem
1523 5067 1772 5136 duxerit,
1804 5080 1858 5126 et
1892 5071 2016 5141 Spi-

437 5134 597 5190 ritum
629 5138 816 5207 gratia:
848 5147 1177 5203 contumelia
1214 5150 1478 5223 aﬂ‘ecerit,
1530 5158 1584 5212 in
1633 5176 1742 5230 quo
1763 5166 2011 5220 sanctiﬁ-

436 5237 591 5285 catns
613 5240 698 5286 est
727 5232 819 5287 ὀἳ
852 5254 871 5288 ›
909 5235 1071 5306 Atqui
1106 5242 1149 5295 si
1183 5252 1266 5298 est
1309 5260 1414 5301 non
1458 5248 1725 5307 incarnati
1776 5255 1887 5309 veri
1924 5254 2017 5312 Fi-

434 5322 489 5376 lii
527 5327 861 5383 venerandus
892 5331 1137 5401 sanguis,
1174 5335 1266 5389 sed
1302 5340 1480 5407 potius
1517 5345 1685 5412 spurii
1731 5347 2012 5417 cujusdam

435 5416 635 5471 diversi
670 5418 738 5473 ab
770 5420 908 5490 ipso,
928 5427 1133 5495 quique
1158 5442 1252 5497 per
1276 5433 1505 5501 gratiam
1540 5437 1591 5489 in
1624 5416 1819 5493 Filium
1852 5441 2016 5513 766

435 5506 499 5559 sit
534 5509 837 5577 adoptatus,
874 5518 1144 5584 quomodo
1182 5536 1287 5575 non
1320 5538 1662 5583 communem
1710 5530 1859 5585 illum
1892 5548 2014 5587 esse

433 5602 691 5659 censent?
714 5602 968 5674 Proinde,
1002 5615 1216 5670 tametsi
1251 5615 1465 5673 dicatur
1514 5622 1623 5691 pati
1661 5637 1843 5689 carne,
1885 5639 2008 5693 pcr-

2132 3504 2290 3575 ήμῶν
2338 3506 2522 3577 σαρκὶ,
2571 3506 2713 3559 κατὰ
2751 3510 2851 3569 τάς
2888 3506 3129 3578 Γραφάς,
3170 3526 3188 3559 ι
3222 3509 3251 3561 ὁ
3280 3509 3427 3564 κατά
3453 3509 3617 3581 σάρκα
3644 3506 3693 3569 ἐξ

2142 3597 2435 3662 Ἰουδαίων,
2464 3597 2493 3649 ὀ
2537 3598 2613 3651 ὢν
2653 3599 2747 3652 ἐπὶ
2777 3600 2985 3663 πάντας
3013 3600 3165 3665 Θεὸς,
3197 3600 3288 3654 καί
3316 3601 3600 3671 εὐλογητὸς
3628 3602 3693 3662 εἰς

2126 3690 2254 3753 τοὺς
2287 3690 2512 3752 αἰῶνας.
2563 3689 2754 3761 Ἀμήν.
2778 3708 2796 3742 ι
2837 3690 3090 3763 Γέγραφε
3126 3695 3237 3764 γάρ
3265 3693 3389 3757 ὡδὶ,
3416 3691 3588 3763 κῆρυξ
3612 3692 3690 3743 καὶ

2129 3783 2428 3847 ἀπόστολος
2452 3781 2547 3846 ὢν,
2577 3783 2674 3837 καί⁵
2703 3782 2869 3836 αὐτὸν
2888 3783 3029 3853 ἔχων
3060 3789 3115 3838 ὲν
3145 3785 3327 3856 ἑαυτῷ
3345 3788 3439 3840 τὸν
3462 3786 3692 3859 Χριστὸν.

2127 3875 2158 3928 ὁ
2211 3874 2502 3946 ἱερώτατος
2552 3874 2787 3940 Παῦλος.
2836 3875 3015 3947 Φράζε
3057 3877 3115 3931 δέ
3169 3895 3259 3949 μοι
3304 3881 3532 3933 κάκεῖνο
3577 3879 3693 3948 πρὸς

2125 3965 2359 4029 τούτοις,
2394 3965 2512 4030 πῶς
2538 3966 2605 4021 ἂν
2633 3971 2842 4023 συνεῖεν
2888 3968 2949 4021 τὸ
2992 3970 3284 4041 εἰρημένον
3334 3972 3441 4025 ὑπὸ
3482 3969 3691 4043 Χριστοῦ

2128 4060 2265 4131 πρὸς
2290 4059 2392 4130 τὴν
2424 4061 2489 4113 ὲκ
2525 4061 2626 4131 τῆς
2660 4062 2972 4134 Σαμαρείας
2994 4066 3250 4131 γυναῖκα”
3286 4084 3305 4117 ι
3328 4065 3521 4137 Ὑμεῖς
3545 4081 3691 4134 προσ-

2126 4154 2338 4205 κυνεῖτε
2361 4152 2390 4204 ὂ
2408 4153 2508 4206 οὐκ
2527 4152 2725 4220 οἴδατε,
2754 4156 2915 4226 ἡμεῖς
2966 4156 3389 4229 προσκυνοῦμεν
3418 4158 3449 4211 ὃ
3473 4158 3691 4228 οἴδαμεν,

2125 4244 2207 4298 ὃτι
2240 4246 2273 4316 ή
2309 4245 2553 4318 σωτηρία
2576 4246 2640 4299 ἐκ
2668 4246 2776 4301 τῶν
2811 4247 3077 4302 Ἰουδαίων
3106 4249 3244 4307 ἐστί.
3270 4270 3289 4304 ι
3316 4251 3514 4305 Καίτοι
3541 4251 3693 4305 σέσω-

2125 4352 2222 4389 κεν
2268 4338 2437 4407 ἡμᾶς,
2472 4338 2533 4391 οὐ
2582 4338 2842 4410 πρέσϐυς,
2876 4341 2975 4394 οὐκ
3028 4341 3282 4411 ἄγγελος,
3327 4343 3448 4399 ἀλλ’
3476 4344 3627 4408 αὐτὸς
3671 4343 3695 4395 ὁ

2127 4428 2356 4500 Κύριος,
2388 4430 2491 4484 οὐκ
2518 4430 2786 4503 ἀλλοτρίῳ
2814 4431 3053 4505 θανάτῳ,
3084 4435 3181 4490 καὶ
3209 4435 3506 4508 ἀνθρώπου
3531 4435 3693 4491 κοινοῦ

2050 4560 2097 4618 D
2129 4521 2527 4591 μεσιτεύοντος,
2575 4524 2692 4577 ἀλλ’
2737 4524 2929 4595 αἵματι
2984 4526 3064 4597 τῷ
3110 4528 3247 4599 ἰδίῳ.
3294 4529 3568 4602 Ταύτῃ-τοι
3614 4530 3695 4583 καί

439 4597 541 4637 suo
564 4587 843 4654 sanguine.
876 4589 1104 4655 Idcirco,
1139 4604 1191 4649 et
1231 4600 1425 4654 merito
1446 4603 1759 4671 admodum,
1797 4587 2016 4679 sapien-
2050 4587 2059 4661 δ

2128 4613 2275 4685 μάλα
2305 4614 2531 4677 εἰκότως
2572 4618 2602 4669 ό
2646 4617 2919 4686 πάνσοφος
2961 4618 3067 4689 ἔφη
3097 4620 3332 4685 Παῦλος·
3370 4641 3391 4673 r
3416 4621 3694 4690 Ἀθετήσας

2122 4721 2205 4767 τις
2231 4704 2394 4775 νόμον
2428 4706 2693 4771 Μωσέως,
2761 4709 2933 4779 χωρὶς
2987 4712 3291 4783 οἰκτιρμῶν
3335 4714 3435 4767 ἐπὶ
3482 4714 3629 4768 δυσὶν
3664 4713 3690 4781 ἦ

2119 4796 2267 4867 τρισί
2311 4797 2578 4868 μάρτυσιν
2616 4799 2982 4873 ἀποθνήσκειο
3018 4804 3170 4875 πόσῳ
3213 4806 3429 4861 δοκεῖτε
3473 4809 3692 4879 χείρονος

2121 4888 2483 4961 ἀξιωθήσεται
2509 4892 2777 4963 τιμωρίας
2806 4895 2834 4947 ὁ
2854 4895 2945 4949 τὸν
2978 4896 3108 4950 Υἰδν
3157 4898 3250 4952 τοῦ
3276 4899 3425 4954 Θεοῦ
3460 4917 3683 4956 καταπα-

2120 4983 2314 5053 τήσας,
2362 4983 2457 5037 καὶ
2506 4985 2568 5037 τὸ
2617 4980 2756 5057 αἷμα
2804 4989 2904 5059 τῆς
2954 4991 3175 5063 χάριτος
3218 4993 3520 5067 ἐνυϐρίσας
3561 4999 3616 5050 ἐν
3655 4986 3690 5058 ᾧ

2118 5074 2386 5146 ήγιάσθη;
2416 5094 2434 5126 ι
2475 5075 2616 5130 Ἀλλ’
2644 5079 2801 5151 εἴπερ
2848 5082 2999 5135 ἐστὶν
3043 5084 3143 5138 οὐκ
3180 5086 3686 5161 ἐνανθρωπήσαντος

2120 5165 2322 5237 μᾶλλον
2369 5165 2464 5220 τοῦ
2514 5167 2657 5222 κατὰ
2689 5169 2950 5241 ἀλήθειαν
3001 5172 3133 5227 Υίοῦ
3186 5174 3250 5228 τὸ
3296 5176 3491 5246 τίμιον
3532 5171 3685 5247 αἷμα.

2112 5258 2270 5314 νόθου
2318 5260 2375 5315 δέ
2424 5279 2570 5326 τινος
2620 5263 2749 5335 παρ’
2773 5265 2935 5318 αὐτὸν
2980 5266 3192 5338 ἑτέρου,
3228 5270 3328 5322 καὶ
3376 5273 3566 5341 χάριτι
3608 5268 3684 5337 τὴν

2111 5350 2383 5405 υἱοθεσίαν
2415 5350 2648 5423 ἔχοντος·
2682 5353 2800 5418 πῶς
2830 5356 2892 5408 οὐ
2927 5357 3104 5411 κοινὸν
3132 5354 3272 5412 εἷναί
3303 5378 3481 5429 φασιν
3507 5361 3684 5417 αὐτόν;

2111 5442 2340 5508 Οὐκοῦν,
2376 5443 2478 5498 κᾶν
2524 5448 2574 5499 εἰ
2615 5446 2823 5517 λέγοιτο
2867 5449 3062 5503 παθεῖν
3100 5453 3284 5522 σαρκὶ,
3317 5456 3577 5526 τηρεῖται
3611 5452 3685 5503 καὶ

2108 5533 2252 5589 οὕτω
2288 5537 2348 5590 τὸ
2379 5538 2590 5604 ἀπαθὲς
2622 5540 2793 5613 αὐτῷ,
2825 5542 2962 5597 καθὸ
2989 5547 3188 5599 νοεῖται
3219 5546 3383 5612 Θεός.
3416 5550 3685 5618 Τοιγάρτσιι

2110 5628 2243 5697 φησί
2292 5631 2385 5683 καί
2434 5631 2463 5684 ὁ
2512 5630 2799 5698 θεσπέσιος
2839 5635 3068 5708 Πέτρος
3105 5638 3257 5692 «Ὅτι
3284 5640 3537 5712 Χριστος
3561 5638 3685 5705 ἅπαξ

509 5760 552 5790 ’⁵
591 5761 796 5819 Coloss.
828 5784 863 5835 ι,
900 5767 1081 5825 1548.
1161 5774 1199 5804 ¹τ
1242 5771 1261 5825 ι
1298 5774 1421 5830 Cor.
1459 5793 1512 5843 ιι,
1556 5778 1607 5833 8.
1690 5782 1729 5812 ’³
1768 5779 1786 5836 ι
1829 5780 1970 5837 l’ctr.
2006 5797 2019 5838 l

2147 5822 2161 5837 .
2243 5785 2282 5815 ’ν
2322 5784 2474 5842 Joan.
2514 5805 2586 5854 iv,
2616 5791 2704 5844 2‘2.
2788 5792 2830 5823 ²⁰
2871 5791 3034 5847 Hchr.
3063 5810 3115 5860 ι,
3142 5795 3227 5849 29.

3789 724 3791 795 Α
