3856 6212
149 375 273 429 ιδιι

1259 355 1444 425 QL'OD
1484 352 1668 411 UNUS
1707 350 1815 406 SIT
1854 346 2222 405 CHRISTUS.

3262 335 3399 391 i313

149 490 284 559 ὑπὲρ
335 482 614 556 ἁμαρτιῶν
655 478 785 552 περὶ
811 475 969 549 ἡμῶν
1011 474 1270 536 ἀπέθανε,
1314 473 1523 534 δίκαιος
1568 469 1710 540 ὑπὲρ

1829 474 1995 519 nanet
2044 472 2224 518 tamen
2269 460 2432 517 etiam
2489 473 2589 513 nnc
2642 464 2801 526 pacto
2846 468 3044 524 expers
3089 454 3397 521 passionis.

144 580 359 642 ἀδίκων,
383 576 470 630 ἵνα
489 574 637 646 ἡμᾶς
661 568 988 643 προσαγάγῃ
1008 564 1501 637 Θεῷλθανατωθεὶς
1523 560 1711 634 σαρκὶ,

146 665 489 739 ζωοποιηθεὶς
525 665 584 719 δὲ
614 662 907 732 πνεύματι.
940 678 958 711 ι
980 658 1225 712 Ἀνθότου
1272 654 1400 725 γὰρ,
1437 653 1571 725 φαίη
1620 654 1710 720 ἂν,

141 758 311 833 οἶμαι,
337 760 440 826 τὶς,
469 757 567 827 οὐχ
592 754 776 818 ἀπλῶς
802 754 837 824 ἢ
865 751 1182 823 ἀδιορίστως
1204 749 1307 821 ἔφη
1334 748 1527 802 παθεῖν
1550 743 1713 800 αὐτὸν

141 856 170 907 6
198 849 655 921 πνευματοφόρος,
674 840 1216 917 προσεπήνεγκεῘδὲ],
1232 839 1305 909 τῇ
1326 840 1509 909 σαρκί
1525 855 1543 903 ;
1558 838 1713 911 ᾟδει

141 945 267 1015 γάρ,
292 943 409 1015 ᾔδει
458 939 591 1014 περὶ
640 936 776 992 Θεοῦ
820 938 1018 1006 λέγων’
1072 933 1351 1002 τοιγάρτοι
1397 930 1459 984 τὸ
1503 926 1714 990 ἀπαθὲς

140 1035 574 1108 προσνενέμηκεν
596 1032 763 1103 αὐτῷ,
780 1029 916 1086 καθὸ
935 1030 1135 1083 νοεῖται
1151 1026 1303 1091 Θεὸς,
1321 1022 1535 1095 εὐτεχνέ
1544 1037 1715 1075 στατα

204 1486 263 1540 Β.
295 1485 436 1539 Ἀλλ’
459 1484 696 1538 ἐοικέναι
727 1482 861 1551 φασὶ
892 1477 1267 1552 τερατολογίᾳ,
1296 1477 1391 1530 καὶ
1417 1473 1713 1530 ἀπονεῦσαι

130 1578 249 1632 λίαν
284 1578 364 1641 είς
390 1578 450 1630 τὸ
480 1575 759 1633 ἀπιθάνως
787 1573 927 1644 ἕχον,
953 1570 1014 1624 τὸ
1054 1571 1252 1641 χρῆναι
1276 1568 1477 1635 λέγειν,
1500 1565 1590 1618 τὸν
1615 1564 1715 1617 αὐ·-

130 1670 220 1724 τὸν
253 1669 350 1723 καὶ
388 1668 581 1723 παθεῖν
623 1666 717 1720 καὶ
762 1665 836 1736 μὴ
883 1662 1175 1717 παθεῖν.Ἢ
1207 1660 1314 1729 γάρ
1348 1661 1485 1723 ὅλως
1519 1659 1578 1713 οὐ
1617 1658 1715 1711 πέ-

133 1764 324 1818 πονθεν
340 1763 417 1826 ὼς
438 1761 595 1826 Θεὸς,
626 1760 683 1832 ἢ,
708 1762 759 1813 εί
781 1756 1108 1812 πεπονθέναι
1134 1755 1371 1823 λέγεται,
1399 1752 1513 1817 πῶς
1541 1753 1607 1807 ἂν
1628 1754 1713 1824 εἴη

128 1856 296 1921 Θεὸςς
353 1824 622 1910 Οθκοῠνὸ
646 1824 839 1907 παθὼν
885 1852 1044 1905 νοοῖτ’
1076 1849 1143 1904 ἂν
1183 1850 1343 1920 μόνος
1387 1847 1416 1901 6
1448 1848 1513 1900 ὲκ
1552 1844 1719 1917 σπέρ-
1747 1824 1791 1879 Β

128 1964 300 2019 ματος
338 1945 434 1999 τοῦ
475 1944 657 1999 Δαϐίδ.

197 2134 260 2183 Λ.
277 2127 477 2182 Καίτοι
496 2125 612 2190 πῶς
627 2126 728 2179 οὐκ
740 2122 1007 2196 ἀδρανοῦς
1023 2122 1265 2185 διανοίας
1282 2120 1505 2191 ἐλεγχος
1523 2120 1610 2189 εῖη
1628 2118 1716 2184 ἂν,

125 2220 221 2273 καὶ
239 2216 391 2289 μάιλα
406 2216 606 2288 σαφὴς,
620 2215 681 2269 τὸ
695 2215 854 2268 ταυτὶ
871 2215 936 2286 δὴ
955 2214 1143 2285 φάναι,
1163 2214 1379 2285 καὶμὴν
1399 2214 1493 2266 καὶ
1503 2211 1720 2266 ἑλέσθαι

123 2316 380 2385 φρονεῖνς
409 2311 486 2364 Οὐ
506 2310 614 2381 γάρ
634 2310 811 2364 κοινὸν
834 2309 1118 2381 ἄνθρωπον
1145 2308 1378 2363 δέδωκεν
1402 2308 1503 2361 {me
1513 2324 1543 2379 ρ
1565 2306 1722 2378 ἡμῶν

123 2409 151 2459 6
178 2405 315 2469 Θεὸς
338 2404 438 2458 καὶ
465 2402 677 2475 Πατὴρ,
707 2402 785 2467 ὼς
818 2403 877 2455 ὲν
910 2402 1134 2473 μεσίτου
1161 2401 1314 2466 τάξει
1340 2398 1725 2470 παρειλημμέ-

122 2516 236 2561 νον,
274 2499 373 2552 καὶ
415 2495 799 2550 κατάπλαστον
821 2494 1013 2566 ἔχοντα
1032 2495 1134 2566 τὴν
1154 2495 1251 2565 τῆς
1274 2494 1521 2565 υίότητος
1542 2492 1721 2557 δόξαν,

124 2592 223 2644 καὶ
238 2592 469 2661 σχετικῇ
489 2588 749 2659 συναφείᾳ
763 2585 1145 2658 τετιμημένον,
1159 2586 1273 2639 ἀλλ’
1294 2588 1351 2639 ὲν
1366 2585 1497 2639 εῖδει
1512 2584 1588 2655 τῷ
1601 2584 1722 2639 καθ’

122 2684 297 2750 ἡμᾶς,
322 2681 395 2734 δι’
419 2681 568 2751 ἡμᾶς
596 2679 879 2748 γεγονότα,
906 2678 999 2733 τὸν
1031 2677 1169 2749 ὑπὲρ
1191 2678 1372 2732 πᾶσαν
1396 2675 1494 2749 τὴν
1523 2676 1723 2742 κτίσιν,

121 2775 216 2826 τὸν
250 2775 317 2827 ὲκ
349 2773 456 2843 τῆς
500 2769 691 2833 οὐσίας
731 2769 900 2825 αὑτοῦ
948 2769 1226 2839 πεφηνότα
1272 2768 1466 2837 Λόγον,
1496 2768 1583 2821 ἵνα
1631 2767 1728 2821 καὶ

118 2863 304 2935 ὁρῷτο
350 2863 456 2933 τῆς
502 2862 760 2915 ἁπάντων
788 2861 934 2932 ζωῆς
957 2860 1396 2926 ἀντάξιος.Ἔστι
1433 2859 1511 2924 δὲ,
1545 2854 1727 2928 οἶμαι,

118 2958 235 3018 τῶν
285 2955 415 3009 λίαν
464 2952 885 3017 ὲκτοπωτάτων,
917 2953 1119 3024 σαρκὸς
1167 2951 1311 3006 κατά
1357 2951 1455 3015 τὰς
1505 2951 1728 3022 Γραφὰς

120 3055 447 3126 γεγονότος,
482 3046 559 3118 ὡς
604 3046 764 3123 ἔφην,
795 3045 892 3099 τοῦ
941 3045 1305 3114 Μονογενοῡς,
1345 3045 1440 3099 καὶ
1478 3044 1579 3098 οὐκ
1623 3044 1728 3097 ἀπο

120 3146 471 3214 αξιώσαντος
504 3144 603 3215 τὴν
631 3136 969 3207 οἰκονομίαν,
1001 3138 1287 3208 μονονουχὶ
1330 3136 1424 3190 καὶ
1468 3135 1728 3206 ἐπιτιμᾷν

118 3239 280 3312 αὐτῷ
309 3254 437 3300 πως
463 3240 529 3308 τῇ
564 3235 669 3307 ἰδίᾳ
693 3234 819 3305 δόξῃ
858 3229 1261 3305 μεμαχημένῳ,
1295 3229 1390 3283 καὶ
1428 3230 1591 3299 σαρκὶ
1625 3245 1729 3292 παέ

119 3338 240 3389 θεῖν
274 3331 441 3401 παρᾶ
474 3330 537 3383 τὸ
580 3329 728 3392 είκὸς
760 3328 1019 3399 ἑλομένῳ.
1038 3326 1178 3380 Ἀλλ’
1207 3322 1297 3398 ἦν,
1332 3316 1378 3379 ὦ
1404 3325 1638 3394 γενναῖε,
1669 3324 1731 3378 τὸ

118 3426 327 3499 χρῆμα
351 3424 623 3492 σωτήριον
657 3418 734 3489 τῷ
755 3417 947 3488 κόσμῳ
976 3414 1159 3470 παντί.
1177 3414 1396 3485 Ἐπειδὴ
1420 3414 1476 3467 δὲ
1497 3412 1733 3484 ἠθέλησε

115 3518 210 3573 διὰ
261 3513 437 3570 τοῦτο
486 3510 680 3565 παθεῖν
713 3510 741 3563 6
777 3507 922 3578 πέρα
963 3505 1059 3561 τοῦ
1093 3504 1354 3559 δύνασθαι
1396 3503 1615 3566 παθεῖν,
1645 3501 1735 3556 διά

117 3629 207 3665 τοι
262 3608 331 3663 τὸ
381 3600 528 3660 εἶναι
577 3604 739 3674 φύσει
786 3600 940 3664 Θεὸς,
971 3600 1073 3672 τῆν
1118 3598 1212 3653 τοῦ
1253 3596 1445 3654 παθεῖν
1479 3595 1735 3667 δεκτικὴν

117 3702 465 3775 ἠμπέσχετο
509 3697 712 3769 σάρκα,
760 3695 859 3749 καὶ
904 3692 1040 3748 ἰδίαν
1092 3691 1373 3760 ἀπέφηνεν
1422 3690 1615 3762 αὐτὴν,
1648 3690 1737 3744 ἵνα

118 3797 222 3852 καὶ
254 3790 437 3849 αὐτοῦ
467 3789 678 3859 λέγοιτο
714 3786 777 3841 τὸ
806 3785 1020 3848 παθεῖν,
1046 3783 1127 3837 ὅτι
1161 3783 1236 3855 μὴ
1272 3782 1331 3836 τὸ
1359 3782 1546 3852 ἐτέρου
1568 3781 1736 3846 τινὸς,

117 3889 268 3948 ἀλλὰ
307 3884 378 3939 τὸ
412 3880 578 3937 αὑτοῦ
615 3879 850 3935 πέπονθε
896 3877 1076 3949 σῶμα.
1107 3874 1316 3930 Οὐκοῦν
1362 3875 1596 3939 διδόντος
1641 3874 1737 3928 τοῦ

117 3982 345 4053 τρόπου
397 3975 501 4046 τῆς
551 3971 863 4044 οίκονομίας
914 3968 1265 4039 ἀνεγκλήτως
1320 3965 1469 4037 αὐτῷ
1513 3966 1609 4019 καλ⁵
1655 3965 1739 4032 τὸ,

121 4052 308 4145 σαρκὶ
340 4068 447 4141 μὶν
476 4066 693 4121 ἑλέσθαι
730 4062 948 4126 παθεῖν,
976 4060 1204 4131 Θεότητι
1233 4058 1292 4112 δὲ
1321 4061 1397 4130 μὴ
1432 4058 1628 4111 παθεῖν
1651 4052 1740 4127 (ἦν

121 4165 241 4238 γάρ
280 4165 345 4216 ὲν
376 4156 529 4230 αὑτῷ
556 4157 688 4220 Θεός
712 4173 771 4211 τε
793 4152 929 4226 ὁμοῦ
957 4152 1051 4206 καὶ
1068 4151 1165 4203 ἄνθ
1173 4151 1402 4221 ρωπος),
1428 4148 1743 4220 περιττολο-

1813 568 2079 627 quatenus
2110 564 2195 609 est
2224 551 2386 608 Deus.
2424 551 2629 606 Idcirco
2662 557 2719 601 et
2752 546 2967 600 divinus
2998 543 3191 598 Petrus
3218 542 3351 598 dicit
3382 561 3395 598 :

1816 664 1838 698 ι
1867 646 2006 713 Quia
2042 644 2290 699 Christus
2314 639 2482 696 semel
2518 653 2616 708 pro
2658 636 2895 707 peccatis
2925 634 3127 690 nostris
3154 642 3400 687 mortuus

1812 747 1919 800 est,
1954 736 2135 805 justus
2161 749 2258 803 pro
2285 731 2520 801 iujustis,
2550 740 2606 785 nt
2638 745 2736 785 nos
2761 727 2983 784 oﬂ‘erret
3030 726 3161 789 Deo,
3205 725 3397 779 morti-

1814 829 2006 883 ﬁcatus
2033 826 2248 896 quidem
2274 839 2462 888 carne.
2498 821 2806 878 viviﬁcatus
2826 830 3009 874 autem
3039 816 3244 887 Spiritu
3272 816 3339 870 “.
3375 834 3394 868 ι

1813 919 1922 977 Cur
1973 918 2142 985 enim,
2198 918 2364 979 dicat,
2403 924 2463 969 ut
2498 913 2760 978 arbitror,
2818 910 3037 979 aliquis,
3101 923 3206 963 non
3265 907 3402 961 dixit

1812 1013 2104 1084 Apostolus
2133 1010 2452 1079 simpliciter
2474 1016 2634 1075 atque
2660 1003 2941 1060 indefinite
2972 1016 3193 1071 passum
3222 1000 3397 1068 ipsum

1685 1142 1712 1155 -
1812 1122 1933 1165 esse
1960 1125 1977 1163 :
2009 1104 2106 1161 sed
2153 1104 2376 1173 adjecit,
2402 1099 2603 1155 carne?
2641 1096 2952 1152 Artiﬁciose
2998 1107 3131 1148 vero
3175 1091 3397 1160 adjecit,

1813 1218 1974 1258 carne
2003 1216 2024 1256 :
2048 1211 2113 1255 ut
2137 1213 2260 1252 cum
2299 1195 2466 1251 Deum
2503 1194 2678 1264 ipsum
2705 1205 2825 1246 esse
2863 1187 3054 1253 sciret,
3092 1186 3399 1257 passionem

1814 1294 1963 1352 carni
2004 1291 2269 1348 accidisse
2295 1287 2564 1358 signiﬁcet
2597 1304 2612 1339 :
2644 1283 2925 1339 Christum
2952 1294 3103 1348 vero,
3134 1288 3401 1349 quatenus

1817 1394 1902 1442 est
1962 1382 2124 1448 Deus,
2156 1380 2429 1453 passionis
2454 1385 2733 1448 expertem
2766 1374 2957 1429 fuisse.

1886 1475 1949 1531 B.
1989 1474 2257 1530 Caeterum
2297 1470 2529 1541 prodigii
2570 1466 2748 1524 simile
2795 1479 2917 1520 esse
2948 1462 3191 1531 ,dicunt,
3233 1469 3400 1530 atque

1816 1564 2132 1624 incredibile
2176 1563 2518 1632 absurdoque
2564 1560 2872 1631 proximum
2899 1594 2917 1623 ,
2971 1555 3200 1611 dicere:
3249 1567 3403 1605 eum-

1817 1663 1938 1718 dem
1971 1670 2027 1716 et
2054 1672 2268 1729 passum
2300 1669 2419 1710 esse
2474 1664 2528 1707 et
2556 1668 2661 1707 non
2691 1666 2811 1706 esse
2843 1663 3083 1719 passum.
3116 1647 3226 1701 Aut
3254 1644 3401 1700 enim

1816 1773 2038 1832 prorsus
2092 1772 2198 1813 non
2244 1762 2332 1810 est
2384 1765 2597 1822 passus,
2644 1756 2706 1803 ut
2738 1748 2927 1801 Deus:
2980 1752 3072 1797 aut
3124 1742 3168 1797 si
3213 1753 3403 1810 passus

1818 1867 1940 1909 esse
1977 1850 2196 1913 dicitur,
2226 1844 2493 1915 quomodo
2523 1842 2595 1897 sit
2626 1840 2805 1895 Deus?
2833 1836 3180 1894 Ceusendum
3218 1834 3404 1902 itaque

1820 1954 1903 2001 est
1948 1942 2123 1999 solum
2176 1953 2299 1995 eum
2346 1936 2439 2007 qui
2490 1943 2573 1990 est
2606 1947 2673 1988 ex
2724 1932 2933 1987 semine
2973 1925 3140 1983 David
3185 1937 3405 1995 passum

1821 2049 1962 2091 esse.

1891 2129 1961 2185 A.
2000 2128 2072 2181 At
2112 2138 2242 2180 vero
2287 2118 2561 2192 quomodo
2612 2132 2719 2171 non
2774 2114 2845 2168 sit
2904 2106 3405 2168 manifestissimum

1821 2226 2196 2291 argumentum
2231 2212 2517 2270 imbecillis
2558 2208 2895 2270 intellectus,
2928 2202 3233 2272 huiusmodi
3276 2198 3407 2269 quid

1822 2314 2029 2371 sentire
2066 2325 2131 2365 ac
2151 2307 2369 2364 dicere?
2408 2304 2593 2372 Neque
2623 2300 2767 2355 enim
2805 2311 3147 2353 communem
3192 2309 3255 2348 ac
3292 2289 3382 2345 vul

1822 2418 2006 2475 garem
2038 2400 2308 2456 hominem
2345 2395 2569 2452 tradidit
2597 2390 2742 2445 Deus
2772 2404 2869 2458 pro
2896 2386 3068 2444 nobis.
3098 2385 3272 2439 instar
3303 2392 3414 2433 me-

1824 2471 2048 2550 diatoris
2078 2498 2438 2560 assumptum,
2466 2496 2523 2542 et
2557 2485 2793 2542 ascititia
2840 2481 2962 2536 Filii
2997 2477 3166 2548 gloria
3215 2471 3407 2540 praedi-

1827 2596 1964 2650 tum,
2008 2592 2063 2639 et
2100 2581 2290 2647 stricta
2337 2578 2569 2648 quadam
2618 2573 3004 2645 conjunctione
3053 2568 3411 2623 decoratum:

1824 2681 1919 2735 sed
1954 2689 2170 2731 omnem
2213 2682 2520 2728 creaturam
2560 2681 2899 2738 exsuperans
2929 2662 3165 2718 Verbum
3215 2671 3281 2712 ex
3325 2670 3415 2710 es-

1825 2770 2000 2828 sentia
2031 2768 2203 2837 ipsius
2246 2765 2508 2836 genitum,
2543 2761 2714 2817 nostri
2762 2758 2994 2814 similem
3042 2761 3269 2825 propter
3314 2764 3415 2803 nos

1827 2865 2030 2920 factum
2060 2899 2077 2927 ,
2129 2869 2190 2915 ut
2249 2866 2567 2913 cerneretur
2606 2854 2852 2908 omnium
2896 2849 3021 2903 vita:
3068 2844 3243 2913 pretio
3295 2856 3415 2911 par.

1828 2954 2230 3014 Perabsurdum
2261 2959 2441 3005 autem
2468 2945 2848 3018 iudicaverint,
2888 2956 3011 2997 cum
3050 2936 3372 3007 Unigeuitus
3397 2974 3412 2994 .

1830 3061 1892 3106 ut
1915 3050 2051 3114 dixi,
2079 3062 2205 3101 caro
2245 3044 2546 3099 secundum
2579 3038 2892 3108 Scripturas
2920 3034 2992 3091 sit
3015 3032 3214 3097 factus,
3243 3038 3297 3084 et
3324 3030 3417 3082 iu-

1832 3145 2203 3204 carnationem
2232 3141 2551 3209 dedignatus
2578 3149 2685 3190 non
2721 3132 2906 3192 fuerit.
2939 3129 3114 3199 ipsum
3146 3122 3417 3193 quodam-

1834 3240 1995 3295 modo
2020 3236 2241 3307 culpare
2282 3246 2350 3287 ac
2378 3226 2799 3303 reprehendere,
2831 3232 3085 3290 tanquam
3114 3215 3207 3286 qui
3242 3212 3419 3282 priva-

1834 3345 1902 3390 ta:
1928 3346 2038 3387 suae
2062 3328 2248 3400 gloriae
2276 3325 2547 3388 olfecerit,
2573 3331 2629 3375 et
2649 3333 2817 3374 carne
2842 3313 2951 3386 pati
2983 3317 3421 3385 praztera’quum

1833 3422 2088 3480 voluerit.
2128 3419 2403 3475 Caeterum
2432 3414 2537 3469 fuit
2564 3427 2627 3467 ea
2663 3426 2753 3466 res
2803 3408 3005 3465 mundo
3036 3407 3290 3458 universo
3330 3414 3421 3454 sa-

1836 3515 2050 3573 lutaris.
2085 3511 2221 3568 Cum
2243 3518 2423 3566 autem
2455 3505 2662 3562 idcirco
2691 3502 2801 3573 pati
2835 3497 3065 3554 voluerit
3094 3495 3140 3549 is
3170 3494 3223 3548 iu
3261 3508 3421 3562 quem

1836 3609 1984 3667 nulla
2023 3604 2211 3678 passio
2251 3603 2448 3658 cadere
2486 3606 2686 3669 p0test,
2731 3594 2877 3665 quod
2919 3589 3173 3644 nimirum
3215 3585 3286 3640 sit
3326 3599 3423 3636 na-

1838 3714 1962 3759 tura
1998 3699 2174 3765 Deus,
2222 3696 2424 3752 idcirco
2469 3703 2690 3747 carnem
2736 3682 3008 3757 passionis
3051 3691 3299 3747 capacem
3351 3671 3424 3726 in-

1843 3796 1982 3860 duit,
2012 3805 2246 3859 eamque
2283 3782 2556 3857 propriam
2583 3793 2736 3834 suam
2759 3771 3054 3830 declaravit
3080 3788 3094 3824 :
3128 3770 3202 3823 ita
3227 3775 3287 3821 ut
3313 3776 3423 3833 ιρεε

1841 3858 2117 3943 diceretur
2143 3858 2275 3952 pati.
2300 3876 2486 3946 Neque
2512 3873 2673 3935 {enim
2722 3867 2949 3923 alterius
2975 3860 3301 3931 cuiuspiam,
3330 3858 3426 3913 sed

1840 3992 2000 4037 suum
2032 3947 2203 4046 ipsius
2235 3983 2433 4039 corpus
2460 3978 2677 4038 passum
2699 3968 2804 4017 est.
2844 3956 2980 4013 Cum
3019 3956 3202 4019 itaque
3248 3947 3417 4002 incar-

1844 4037 2080 4128 nationis
2113 4065 2252 4122 ratio
2287 4037 2345 4117 id'
2374 4037 2550 4121 ferat,
2579 4057 2737 4126 eique
2770 4052 2973 4107 tribuat
3010 4056 3066 4100 ut
3113 4056 3277 4100 carne
3307 4037 3428 4110 qui-

1845 4165 1967 4219 dem
2017 4159 2125 4230 pati
2165 4155 2416 4219 voluerit,
2470 4150 2680 4205 Deitate
2726 4159 2855 4201 tero
2905 4151 3249 4210 nequaquam
3285 4135 3429 4205 (erat

121 4256 334 4326 γοῡσιν
368 4252 420 4305 οἱ
452 4247 774 4312 διεναντίας,
807 4245 903 4299 καὶ
930 4243 1027 4313 τὴν
1053 4239 1147 4294 τοῦ
1188 4238 1487 4312 μυστηρίου
1512 4238 1715 4308 δύναμιε

1846 4258 1993 4311 enim
2025 4254 2078 4308 in
2114 4254 2233 4322 ipso
2262 4248 2406 4303 Deus
2436 4241 2600 4299 simul
2634 4249 2687 4293 et
2711 4234 2896 4303 homo)
2921 4275 2937 4301 ,
2967 4227 3264 4287 adversarii
3293 4223 3430 4279 mul-

125 4343 541 4406 ἀσυνετώτατα
590 4338 1021 4411 κιϐδηλεύοντες,
1069 4335 1272 4390 οἴονται
1319 4334 1461 4404 τάχα
1510 4350 1611 4388 που
1649 4349 1715 4385 κα

1851 4348 1922 4402 tis
1974 4313 2227 4398 inanibus
2284 4334 2466 4391 verbis
2514 4334 2871 4397 obstrepunt,
2919 4334 2976 4378 et
3028 4316 3271 4391 mysterii
3323 4313 3431 4369 vim

124 4405 378 4495 ἐπαίνου
413 4433 617 4508 μεστὴν
641 4405 909 4486 ποιεῖσθαι
931 4429 1029 4499 τὴν
1056 4428 1265 4482 ἕνωσιν.
1290 4427 1493 4481 Ἐδόκει
1516 4426 1614 4496 μὲν
1636 4424 1715 4493 γάρ

1852 4445 2018 4505 atque
2048 4434 2305 4486 virtutem
2333 4419 2741 4495 imperitissime
2764 4415 3154 4473 adulterantes,
3180 4405 3433 4460 eximiam

124 4550 260 4596 πως
309 4496 748 4602 πρδστρίδεσθαί
796 4540 921 4577 τινα
959 4496 1148 4593 μῶμον
1179 4519 1328 4591 αὖτῷ
1382 4517 1443 4571 τὸ
1472 4517 1567 4571 καὶ
1608 4516 1714 4571 ὄλω

1850 4496 2140 4599 quamdam
2172 4532 2227 4577 et
2260 4518 2436 4574 laudis
2468 4514 2683 4586 plenam
2729 4508 2993 4562 unitatem
3034 4508 3225 4572 putant
3267 4496 3438 4553 conli~

127 4587 380 4682 ἑλέσθαί
430 4587 597 4692 σαρκὶ
636 4618 851 4681 παθεῖν,
886 4587 1000 4669 ἀλλ’
1029 4587 1097 4686 ἦν
1131 4587 1332 4684 ἑτέρως
1366 4611 1715 4674 εὐκλεές.⁹’οτ

1849 4587 1994 4670 cere.
2060 4611 2451 4666 Existimarunt
2508 4602 2654 4656 enim
2712 4598 2813 4653 hoc
2860 4596 2910 4649 ei
2963 4592 3139 4647 labem
3194 4587 3436 4656 aliquam

284 4677 436 4770 vitam
485 4677 717 4766 θανάτου
762 4677 1026 4778 κρείττων
1053 4677 1167 4759 ’καὶ
1220 4677 1447 4776 ιρθορᾶς,
1484 4701 1598 4773 ζωὴ
1649 4720 1715 4755 κα

1850 4719 2158 4778 aspergere,
2192 4699 2334 4771 quod
2368 4695 2528 4769 767
2560 4691 2782 4748 omuiuo
2810 4685 3043 4742 voluerit
3079 4696 3245 4737 carne
3272 4677 3438 4745 mori,

132 4771 429 4875 ξιοὸποιὸς
457 4800 739 4872 ὑπάρχων,
762 4771 960 4859 ὁΘεὸς,
996 4771 1420 4867 μεμαρτυρηιιεν
1445 4795 1479 4863 ή
1510 4771 1715 4846 ἀνάστα

1852 4808 1907 4853 at
1958 4803 2149 4851 contra
2197 4792 2406 4859 insigne
2458 4803 2521 4841 ac
2567 4783 2887 4857 praeclarum
2937 4786 3039 4833 est.
3085 4773 3241 4841 Quod
3290 4771 3439 4827 enirn

137 4865 254 4964 σις.
271 4865 587 4967 Ἐγηγερκε
609 4865 725 4962 γὰρ
753 4888 845 4943 τὸν
871 4865 1067 4941 ἑαυτοῦ
1094 4886 1241 4941 ναόν.
1270 4886 1559 4957 Τοιγάρτοι
1584 4885 1715 4955 φησι

1857 4898 2031 4946 morte
2072 4898 2237 4955 atque
2271 4882 2492 4938 interitu
2539 4876 2789 4949 superior
2824 4873 2930 4936 sit,
2960 4884 3082 4925 cum
3133 4867 3205 4921 sit
3234 4865 3339 4919 vita
3386 4871 3442 4917 et

131 4999 163 5048 6
197 4961 509 5049 θεσπέσιος
539 4961 771 5048 Παῦλοςο
813 5002 832 5035 ι
862 4981 938 5035 Οὑ
967 4978 1077 5051 γάρ
1105 4977 1504 5049 ἐπαισχύνομαι
1538 4977 1602 5030 τὸ
1648 4976 1715 5030 Εὐ

1857 4979 2174 5043 viviﬁcaris,
2230 4984 2415 5044 utpote
2472 4974 2649 5033 Deus,
2705 4961 3035 5020 resurrectio
3088 4966 3283 5013 testata
3332 4963 3440 5007 est.

134 5046 441 5153 αγγέλιον’
471 5046 699 5148 δύναμις
726 5046 833 5147 γὰρ
865 5046 1000 5127 Θεοθ
1026 5046 1171 5124 ἔστιν
1193 5046 1281 5133 εἰς
1294 5046 1569 5140 σωτηρίαν
1590 5084 1715 5121 mw

1860 5072 2157 5129 Suscitavit
2200 5067 2344 5122 enim
2391 5079 2546 5120 suum
2588 5059 2757 5131 ipsius
2801 5052 3081 5123 templum.
3131 5046 3339 5102 Idcirco
3383 5050 3443 5097 et

139 5138 815 5248 τέ’)’πιστεύοντιίιήιξαῖ
842 5164 1037 5218 πάλιν·
1080 5163 1178 5215 ιύ
1223 5160 1378 5228 λόγος
1429 5138 1540 5229 γὰρ
1582 5161 1609 5213 ὁ
1656 5175 1715 5211 το

1862 5166 2076 5222 divinus
2122 5161 2322 5215 Paulus
2371 5156 2592 5226 inquit:
2644 5170 2665 5205 ι
2722 5148 2839 5204 Non
2888 5144 3150 5201 erubesco
3190 5138 3441 5207 Evange-

144 5231 433 5336 σταυροῦ,
456 5264 570 5326 τοῖς
601 5260 700 5332 μὲν
722 5256 1116 5327 ἀπολλυμένοις
1150 5253 1332 5324 μωρία
1391 5227 1530 5315 ἐστὶ,
1557 5254 1668 5314 τοῖς
1696 5251 1715 5304 ξ

1862 5256 2019 5312 lium.
2051 5250 2238 5306 Virtus
2265 5249 2407 5303 enim
2450 5245 2542 5299 Dei
2592 5249 2677 5296 est
2740 5239 2794 5292 in
2838 5234 3067 5291 salutem
3126 5227 3276 5283 omni
3326 5240 3444 5281 cre-

140 5318 504 5428 ααιξοὶιένὸις
532 5318 666 5425 μῖν
698 5318 1094 5420 δύναμις-Θεοῦ
1149 5318 1294 5399 εστιν
1320 5360 1335 5374 θ
1360 5342 1543 5407 αὐτοῖς
1565 5342 1623 5396 δὲ
1644 5344 1715 5396 το]

1858 5347 2002 5403 denti
2023 5346 2090 5398 ¹².
2127 5363 2147 5397 ι
2180 5342 2244 5397 Et
2276 5353 2528 5395 rursum:
2566 5353 2584 5388 ι
2617 5332 2853 5389 Verbum
2880 5325 3026 5381 enim
3058 5318 3239 5376 crucis
3262 5357 3279 5383 ,
3322 5328 3439 5386 per-

2601 5427 2608 5428 ,
2851 5419 2882 5428 ,,
3026 5425 3033 5428 _
3176 5408 3256 5428 ,με
3309 5403 3439 5428 um

142 5403 731 5519 κῖτῖτᾶςξξίουιδαίοις
775 5403 848 5493 ἑτέ
891 5403 985 5490 διαὶ
1026 5433 1274 5506 Ἕλλησι,
1323 5403 1580 5503 Χριστὸς,
1625 5431 1715 5485 Θει

1859 5439 2115 5495 euntibus
2159 5434 2371 5505 quidem
2417 5427 2647 5484 stultitia
2680 5434 2757 5480 est
2792 5436 2807 5474 :
2850 5419 2916 5473 iis
2948 5425 3126 5470 autem
3168 5408 3259 5479 qui
3308 5403 3439 5462 salvi

137 5500 419 5608 δυναμις,
468 5536 562 5588 καὶ
614 5500 749 5588 Θεοί)
803 5530 985 5600 σοφία.
1018 5547 1035 5578 ι
1073 5500 1193 5580 Καὶ⁷
1231 5524 1338 5598 μὴν
1379 5500 1483 5577 *καὶ
1527 5523 1692 5585 αὐτὸς

1864 5528 2019 5591 liunt,
2052 5500 2280 5579 hoc-est
2334 5519 2522 5584 nobis,
2576 5513 2669 5568 Dci
2724 5511 2895 5564 virtus
2937 5514 3040 5562 est.
3089 5500 3221 5571 Ipsis
3260 5507 3439 5550 autem

144 5590 324 5693 Ξῖιὸξξ
366 5590 577 5697 μέλλων
627 5590 941 5678 ἀναϐαίνειν
985 5620 1079 5673 ἐπὶ
1125 5617 1187 5670 τὸ
1232 5590 1501 5689 σωτήριον
1549 5614 1715 5678 πάθος

1865 5590 2071 5677 vocatis
2098 5613 2296 5673 Juda'is
2323 5620 2484 5681 atque
2512 5604 2738 5671 Graecis,
2767 5600 3016 5658 Christus
3039 5593 3135 5650 Dei
3167 5590 3358 5653 virtus,
3390 5598 3439 5643 et

191 5808 239 5840 ¹¹
294 5804 313 5858 l
364 5803 509 5857 l’etr.
546 5817 625 5863 ιιι.
661 5800 748 5855 l8.
826 5800 866 5830 "
909 5796 1060 5852 Rom.
1095 5811 1133 5861 ι,
1171 5794 1255 5850 l6.
