3856 6212
415 311 554 368 13ιό

1405 316 1463 371 S.
1505 309 1781 371 CYRILLI
1821 317 2288 376 ALEXANDRINI
2331 319 2651 378 ARCllIEl’.

3541 302 3690 362 Πιιᾶ

417 425 510 481 Dei
536 427 796 496 sapientia
827 428 894 480 ".
937 447 954 475 ι
1009 429 1182 498 Atque
1222 427 1356 481 adeo
1401 427 1517 494 ipse
1553 427 1724 483 Filius
1765 445 1888 484 cum
1927 431 1992 485 ad

2147 434 2259 487 Νῦν
2290 435 2572 506 ἐδοξάσθη,
2605 450 2792 505 φησιν,
2824 449 2852 484 ο
2897 433 3017 493 fta:
3051 428 3147 483 τοῦ
3178 423 3490 497 ἀνθρώπου,
3528 422 3630 474 καὶ
3659 420 3692 472 6

418 517 708 572 salutarem
767 521 1072 588 passionem
1114 520 1503 575 conscenderet
1543 536 1557 574 :
1613 540 1631 570 ι
1682 520 1866 588 Nunc,
1915 525 1996 576 itt-

418 611 555 679 quit,
585 610 914 666 clarilicatus
946 621 1030 666 est
1073 610 1242 666 Filius
1272 613 1530 676 hominis,
1569 625 1624 668 et
1653 615 1789 668 Deus
1833 616 1998 669 claris

424 706 616 758 lit-atus
689 713 772 758 est
825 707 877 758 in
928 719 993 758 eo
1038 723 1052 759 :
1114 715 1167 759 et
1215 705 1357 761 Deus
1409 707 1728 760 clarificahit
1774 724 1894 760 eum
1943 712 1996 762 in

421 798 736 865 semetipso,
777 807 832 851 et
861 797 1118 852 continuo
1143 799 1467 853 clariticabit
1495 817 1618 854 eunt
1645 801 1710 852 ἰ.
1749 819 1766 850 ι
1805 799 2001 853 Resur-

2102 525 2232 590 Θεὸς
2261 526 2519 598 ἐδοξάσθη
2555 528 2613 580 ἐν
2643 522 2816 594 αὐτῷ,
2846 523 2941 578 καὶ
2973 525 3002 576 ὁ
3027 522 3158 585 Θεὸς
3185 519 3400 586 δοξάσει
3431 513 3605 568 αὑτὸν
3630 514 3688 564 ἐν

2103 620 2298 692 ἐαυτῷ,
2339 621 2434 674 καὶ
2463 620 2623 683 εὐθὺς
2649 618 2862 682 δοξάσει
2888 616 3068 669 αὐτόν.
3103 635 3122 666 ι
3143 612 3370 667 ’Δνεϐίω
3396 611 3508 678 γὰρ
3555 624 3690 660 σκυ-

2104 712 2301 776 λεύσας
2331 713 2421 766 τὸν
2453 713 2606 784 ᾆδην,
2640 712 2732 764 καὶ
2753 709 2911 763 τοῦτο
2933 710 3035 762 οὐκ
3059 709 3138 770 εἰς
3164 705 3401 776 μακρὰν,
3434 701 3556 756 ἀλλ’
3579 694 3692 752 οἷον

2108 805 2267 867 εὐθὺς
2294 805 2386 858 καὶ
2415 804 2558 858 κατὰ
2585 803 2752 864 πόδας
2781 801 2874 854 τοῦ
2903 799 3115 854 παθεῖν.

427 889 564 941 rexit
621 889 790 952 enim,
831 889 1058 958 spoliato
1134 891 1380 958 inferno,
1449 900 1506 946 et
1567 893 1783 961 quidem
1863 893 1914 945 id
1971 909 2075 948 non
2135 897 2300 950 ιιιιιΙιο
2370 905 2532 962 post,
2578 896 2671 950 sed
2732 891 3132 964 quodammodo
3185 887 3368 943 statim
3440 893 3612 953 atque
3663 899 3695 937 ο

427 981 666 1051 vestigio
711 993 830 1052 post
882 983 1210 1052 passionem.

493 1070 558 1125 Β.
601 1075 758 1142 Atqui
821 1076 992 1144 inquit
1038 1078 1475 1147 sapientissimus
1530 1077 1776 1134 Paulus:
1849 1097 1867 1130 ι
1925 1081 2010 1132 An

426 1166 853 1232 experimentum
913 1168 1154 1236 quaeritis
1205 1169 1324 1238 ejus
1377 1173 1466 1240 qui
1532 1173 1583 1224 in
1641 1188 1724 1224 me
1776 1171 2011 1234 loquitur

427 1253 663 1320 Christi;
731 1261 818 1326 qui
875 1276 978 1315 nou
1033 1261 1361 1325 inlinuntur,
1422 1267 1516 1316 sed
1575 1275 1763 1332 potens
1819 1277 1902 1317 est
1958 1267 2010 1318 in

433 1348 627 1401 uobis?
689 1346 823 1400 Nam
869 1351 968 1403 etsi
999 1352 1293 1406 crucilixus
1337 1363 1418 1406 est
1448 1368 1512 1406 ex
1549 1354 1880 1417 inﬁrmitate,
1918 1357 2012 1408 sed

428 1440 562 1491 vivit
607 1454 673 1493 ex
705 1442 903 1496 virtute
943 1442 1035 1496 Dei
1061 1444 1128 1498 ’⁵.
1183 1463 1204 1496 ι
1235 1447 1350 1508 Otto
1385 1455 1544 1508 pacto
1578 1459 1704 1496 vero
1743 1447 2007 1514 quispiam

429 1530 573 1581 dicat
603 1532 930 1585 inlirmatnm
963 1549 1082 1589 esse
1115 1535 1286 1605 ipsum
1322 1535 1576 1600 Verbum,
1607 1548 1766 1605 atque
1803 1552 1866 1590 ex
1900 1538 2012 1590 vir-

433 1632 542 1675 tute
573 1623 663 1675 Dei
696 1624 921 1678 vivere?

2181 1083 2240 1139 Β.
2283 1085 2476 1139 Καίτοι
2506 1083 2668 1153 φησὶν
2701 1083 2729 1135 6
2767 1080 3040 1148 πάνσοφος
3074 1075 3317 1137 Παῦλος·
3353 1093 3370 1124 ‹
3425 1071 3587 1124 Ἐπεὶ
3614 1069 3702 1122 δο-

2108 1180 2276 1248 κιμὴν
2311 1177 2522 1247 ζητεῖτε
2569 1176 2664 1229 τοῦ
2720 1177 2777 1226 ἐν
2827 1175 2950 1240 ἐμοὶ
2995 1171 3280 1230 λαλοῦντος
3331 1163 3602 1233 Χριστοῦ,
3642 1160 3702 1224 ὃς

2107 1271 2206 1322 ουκ
2241 1269 2476 1329 ἀσθενεῖ,
2507 1267 2640 1320 ἀλλὰ
2672 1265 2886 1318 δυνατεῖ
2923 1263 2980 1315 ἐν
3015 1263 3169 1330 ἡμῖν.
3209 1259 3318 1312 Καὶ
3355 1255 3466 1325 γὰρ
3501 1254 3703 1304 eam»

2113 1362 2259 1433 ρώθη
2305 1361 2362 1429 ἐξ
2409 1361 2716 1421 ἀσθενείας,
2753 1357 2888 1411 ἀλλὰ
2932 1355 2997 1426 ζῇ
3048 1356 3114 1406 ἐκ
3149 1352 3432 1420 δυνάμεως
3467 1342 3635 1398 Θεοῦ.
3680 1362 3698 1393 ι

2118 1448 2250 1507 Εἶτα
2285 1453 2402 1516 πῶς
2446 1452 2607 1505 αὑτὸν
2641 1449 2931 1518 ἀσθενῆσαι
2973 1446 3106 1516 φαίη
3139 1461 3220 1507 τις
3257 1442 3322 1495 ἂν
3367 1438 3572 1507 Λόγον.
3612 1435 3706 1488 καὶ

2121 1548 2228 1619 μὴν
2262 1548 2356 1601 καὶ
2383 1547 2447 1598 ἐκ
2475 1544 2757 1614 δυνάμεως
2790 1540 2953 1611 ζῆσαι
2984 1537 3158 1605 Θεοῦ;

500 1713 564 1768 Δ.
612 1715 874 1771 Nouuein
919 1718 1232 1774 universum
1279 1720 1379 1773 hoc
1429 1718 1738 1786 statuimus,
1783 1719 2012 1775 Verbum

2191 1725 2255 1777 Α.
2297 1723 2372 1774 Οὐ
2403 1720 2512 1792 γὰρ
2548 1718 2662 1772 ἂνω
2688 1735 2746 1772 τε
2777 1716 2872 1770 καὶ
2901 1716 3052 1770 κάτω
3106 1714 3196 1767 τὸν
3229 1709 3320 1765 τοῦ
3354 1707 3494 1762 Θεοῦ
3531 1703 3710 1774 Λόγον

431 1820 652 1862 carnem
688 1811 888 1864 factum
919 1826 1062 1880 esse,
1093 1822 1148 1866 et
1193 1812 1485 1866 humanam
1515 1822 1763 1865 naturam
1800 1827 2015 1866 assmu-

435 1901 614 1970 psissci

506 1992 562 2045 Β.
605 1994 864 2050 Omnino.

504 2083 572 2138 Δ.
616 2085 847 2142 Proinde
879 2089 923 2142 is
957 2089 1047 2158 qui
1079 2089 1383 2144 infirmatus
1413 2100 1494 2142 est
1525 2103 1709 2155 carne,
1743 2101 2016 2159 quatenus

435 2175 742 2231 declaratus
777 2187 860 2232 est
900 2180 1079 2239 homo,
1118 2181 1246 2234 vixit
1283 2181 1370 2234 hic
1400 2180 1542 2234 idem
1574 2196 1638 2234 ex
1671 2182 1872 2234 virtute
1896 2182 2018 2245 Dei,

435 2282 542 2321 non
571 2270 788 2336 quidem
825 2270 1024 2336 aliena,
1054 2273 1147 2326 sed
1179 2287 1298 2341 qua!
1334 2273 1432 2342 ipsi
1470 2274 1664 2327 inerat.
1703 2272 1844 2327 Deus
1873 2274 2020 2327 enim

435 2372 553 2414 erat
577 2362 627 2413 iu
653 2377 839 2416 carne.

509 2453 568 2508 Β.
610 2454 770 2522 Atqui
831 2453 993 2508 Pater
1032 2455 1205 2524 ipsum
1261 2461 1559 2514 suscitasse
1593 2459 1838 2512 dicitur:
1884 2459 2022 2516 scri-

437 2556 586 2614 ptum
621 2557 706 2601 est
743 2547 887 2600 enim
918 2566 931 2603 :
965 2566 983 2598 ι
1018 2547 1326 2603 Secundum
1365 2552 1730 2619 operatirmem
1767 2555 2022 2621 potentiae

437 2639 653 2692 virtutis
687 2639 825 2706 ejus,
870 2656 1028 2709 quam
1060 2653 1315 2709 operatus
1345 2654 1430 2697 est
1476 2645 1528 2697 in
1570 2645 1807 2705 Christo,
1846 2647 2022 2700 susci-

438 2740 558 2784 tans
593 2730 741 2785 illum
779 2747 807 2785 a
854 2733 1115 2798 mortuis,
1147 2744 1200 2788 et
1239 2737 1580 2790 constituens
1626 2741 1692 2790 ad
1737 2725 2025 2792 dexteram

437 2838 590 2875 suam
629 2823 684 2876 in
711 2825 1046 2889 caelestibus,
1086 2843 1248 2895 supra
1286 2843 1502 2882 omnem
1539 2829 1902 2899 principatum
1929 2871 1944 2896 ,
1969 2844 2024 2886 et

441 2924 784 2980 potestatem,
821 2926 874 2970 et
907 2918 1186 2982 virtutem,
1219 2929 1275 2974 et
1302 2921 1754 2987 dominationem,
1779 2931 1835 2977 et
1863 2937 2025 2979 omne

443 3021 634 3059 nomen
667 3009 810 3076 quod
842 3011 1150 3064 nominatur
1173 3013 1241 3064 “.
1271 3031 1289 3064 ι

511 3098 576 3152 Α.
601 3098 868 3152 Caeterum
907 3101 1080 3171 ipsum
1107 3119 1226 3157 esse
1253 3107 1482 3161 dicimus
1511 3108 1879 3165 vivificantem
1913 3113 2025 3166 vir-

445 3202 612 3245 tutem
665 3192 879 3258 Patris,
929 3205 982 3248 et
1035 3199 1276 3266 paternis
1327 3201 1683 3271 dignitatibus
1739 3204 2022 3272 przeditum

440 3299 582 3348 esse,
615 3286 824 3341 tametsi
851 3286 1027 3342 lactus
1055 3289 1128 3342 sit
1161 3305 1309 3354 caro,
1355 3293 1496 3360 quod
1540 3295 1757 3364 quidem
1800 3297 2026 3365 ipsemet

445 3386 673 3431 testatur
707 3377 894 3432 dicens
921 3397 934 3432 :
971 3398 989 3431 ι
1028 3381 1490 3447 Quemadmodum
1522 3387 1667 3438 enim
1697 3386 1860 3441 Pater
1889 3403 2025 3456 quos

449 3467 554 3520 vult
593 3469 865 3534 vivilirat',
897 3472 966 3525 ita
997 3483 1052 3527 et
1080 3472 1246 3526 Filius
1296 3489 1432 3541 qttos
1475 3475 1589 3530 vult
1630 3477 1957 3531 vivillcat".
1998 3497 2024 3531 ν

450 3562 620 3630 Atque
649 3572 708 3615 ut
737 3562 782 3616 is
808 3565 896 3632 qui
932 3565 1134 3632 absque
1172 3566 1386 3634 negotio
1427 3565 1477 3618 id
1523 3575 1784 3632 praestare
1827 3557 2026 3637 potest,

450 3650 656 3709 Iudaeos
684 3655 755 3708 ita
793 3656 1134 3724 compellavit
1159 3673 1172 3709 :
1195 3639 1232 3707 ἰ
1284 3655 1488 3712 Solvite
1531 3659 1786 3727 templum
1820 3662 1939 3725 hoc,
1971 3671 2027 3715 et

449 3759 500 3799 tn
535 3746 710 3801 tribus
747 3748 936 3802 diebus
972 3749 1398 3803 suscitaboillud
1427 3751 1496 3804 ’⁸.
1537 3769 1556 3804 ι
1583 3750 1752 3805 Porro
1773 3767 1896 3807 cum
1941 3769 2026 3808 re-

451 3840 791 3905 snrrexisset,
822 3840 961 3894 sedit
981 3840 1046 3893 ad
1081 3840 1358 3895 dexteram
1384 3841 1561 3896 Patris
1596 3844 1676 3897 sui
1708 3844 1761 3898 iu
1798 3845 2028 3900 caelesti-

453 3933 567 3996 bus,
583 3945 742 4000 supra
781 3948 994 3985 onmem
1031 3931 1397 4004 Principatum
1419 3946 1473 3988 et
1493 3935 2029 3998 Potestatetn.Tltro-

451 4035 546 4074 nos
589 4031 643 4074 et
678 4021 1108 4087 Domiuationes,
1136 4036 1192 4079 et
1235 4039 1398 4092 Supra
1439 4041 1598 4080 omne
1653 4041 1846 4080 nomen
1882 4027 2026 4096 quod

451 4112 756 4166 nominatur
785 4113 848 4168 ".
873 4114 1042 4184 768
1061 4115 1214 4168 Anne
1238 4126 1490 4183 tauquam
1514 4118 1763 4171 diversus
1792 4105 1822 4171 a
1846 4115 2027 4172 Verbo

455 4203 589 4269 quod
617 4214 699 4257 est
739 4219 804 4258 ex
836 4203 1020 4271 Patre,
1062 4208 1201 4259 nuda
1246 4216 1454 4260 tantum
1492 4207 1872 4276 conjunctione
1899 4225 2023 4263 cum

455 4290 541 4345 Illo
569 4293 871 4358 decoratus,
911 4305 964 4348 et
993 4296 1208 4350 deitatis
1255 4312 1448 4351 nomen
1487 4312 1586 4366 per
1632 4301 1858 4367 gratiam
1888 4315 2020 4354 con-

2117 1817 2294 1888 σάρκα
2320 1832 2382 1868 τε
2411 1812 2663 1883 γενέσθαι
2689 1810 2785 1864 καὶ
2813 1804 3229 1877 ἐνανθρωπῆσαί
3262 1817 3484 1874 φαμενς

2189 1994 2249 2048 Β.
2290 1993 2434 2047 Ναί·
2478 1989 2596 2054 πῶς
2622 1989 2730 2060 γὰρ
2760 1986 2858 2052 οὓς

2188 2073 2256 2142 Α.
2301 2084 2530 2146 Οὐκοῦν,
2560 2087 2588 2137 ό
2619 2081 2924 2149 ἀσθενήσας
2957 2077 3140 2147 σαρκὶ,
3179 2073 3314 2129 καθὸ
3335 2072 3586 2142 πέφηνεν
3618 2071 3717 2125 ﬁv-

2121 2179 2358 2250 θρωπος,
2391 2176 2584 2246 ἔζησεν
2629 2170 2784 2236 οὗτος
2835 2175 2899 2224 ὲκ
2937 2169 3221 2238 δυνάμεως
3265 2165 3422 2228 Θεοῦ,
3472 2165 3577 2218 καὶ
3612 2165 3718 2216 οὐκ

2120 2271 2404 2342 ἀλλοτρίας
2435 2267 2654 2338 μᾶλλον,
2689 2265 2826 2319 ἀλλὰ
2856 2264 2956 2334 τῆς
2989 2263 3214 2331 ἐνούσης
3238 2257 3404 2329 αὐτῷ.
3440 2258 3581 2318 Θεὸς
3606 2256 3718 2326 γὰρ

2119 2365 2188 2438 ἦν
2218 2368 2275 2419 ἐν
2312 2364 2496 2435 σαρκί.

2193 2461 2252 2512 Β.
2295 2459 2406 2511 Καὶ
2457 2456 2564 2526 μὴν
2612 2456 2641 2508 ὁ
2679 2450 2870 2521 Πατὴρ
2907 2447 3070 2502 αὑτὸν
3108 2444 3414 2515 ἀναστῆσαι
3465 2442 3719 2509 λέγεται·

2123 2551 2433 2622 γέγραπται
2465 2547 2574 2616 γὰρ
2594 2584 2609 2609 ,
2643 2545 2724 2598 ὅτι
2758 2561 2776 2593 ι
2819 2539 2977 2596 Κατὰ
3006 2537 3106 2609 τὴν
3129 2537 3414 2605 ἐνέργειαν
3457 2532 3560 2586 τοῦ
3585 2534 3700 2601 κρά

2123 2660 2250 2705 τους
2273 2641 2375 2710 τῆς
2411 2638 2590 2708 ἰσχύος
2624 2634 2811 2696 αὐτοῦ,
2841 2633 2908 2703 ἠν
2933 2631 3240 2702 ἐνήργηκεν
3278 2630 3335 2681 ἐν
3359 2626 3441 2696 τῷ
3468 2625 3723 2698 Χριστῷ,

2126 2733 2346 2803 ἐγείρας
2379 2729 2541 2784 αὐτὸν
2581 2730 2646 2780 ἐκ
2674 2725 2907 2796 νεκρῶν,
2937 2723 3031 2776 καὶ
3073 2720 3305 2782 καθίσας
3343 2720 3403 2771 ἐν
3431 2716 3589 2788 δεξιᾷ
3618 2716 3726 2768 αὖ·

2125 2824 2218 2876 τοῦ
2253 2824 2309 2874 ἐν
2338 2822 2449 2882 τοῖς
2485 2816 2851 2887 ἐπουρανίοις,
2885 2812 3142 2884 ὑπεράνω
3171 2811 3353 2879 πάσης
3391 2808 3594 2878 ἀρχῆς,
3626 2806 3729 2859 καὶ

2126 2915 2396 2981 ἐξουσίας,
2434 2913 2530 2965 καὶ
2567 2910 2908 2979 κυριότητος,
2943 2907 3037 2959 καὶ
3070 2903 3271 2967 παντὸς
3303 2902 3574 2971 ὀνόματος
3603 2903 3730 2953 ὀνο-

2132 3009 2458 3080 μαζομένου.
2485 3024 2505 3056 ι

2199 3105 2263 3154 Δ.
2317 3099 2456 3153 Ἀλλ’
2492 3097 2654 3150 αὐτὸν
2684 3091 2824 3149 εἷναί
2853 3109 3033 3163 φαμεν
3055 3091 3156 3162 τὴν
3187 3087 3454 3154 (moth
3487 3086 3734 3157 δύναμιν

2125 3193 2218 3247 τοῦ
2252 3193 2484 3264 Πατρὸς,
2529 3191 2622 3244 καὶ
2651 3192 2765 3251 τοῖς
2809 3187 2902 3241 τοῦ
2933 3185 3183 3248 τεκόντος
3215 3181 3532 3252 ἀξιώμασιν
3575 3180 3734 3244 εἰκὸς

2126 3284 2542 3357 ἐναϐρύνεσθαι,
2573 3283 2668 3334 καὶ
2713 3280 2761 3333 ει
2800 3279 2992 3349 γέγονε
3034 3275 3192 3346 σὰρξ.
3229 3275 3322 3327 καὶ
3364 3272 3735 3343 αὑτομάρτυς

2126 3381 2286 3442 αὐτὸς
2319 3376 2631 3447 εἱσὸήσεται
2657 3373 2833 3442 λέγων
2854 3390 2866 3402 ·
2904 3389 2924 3422 ι
2950 3371 3164 3439 Ὠσπερ
3193 3367 3302 3438 γὰρ
3335 3369 3364 3420 ὁ
3385 3367 3590 3437 Πατὴρ
3639 3364 3736 3429 οὓς

2129 3472 2272 3525 θέλει
2301 3470 2573 3535 ζωοποιεῖ,
2602 3465 2745 3520 οὕτω
2773 3465 2867 3518 καὶ
2897 3466 2924 3517 ὀ
2945 3463 3074 3526 Υἱὸς
3119 3459 3212 3524 οὓς
3235 3459 3380 3512 θέλει
3399 3460 3731 3524 ζωοποιεῖ.»

2128 3566 2237 3618 Καὶ
2257 3563 2414 3617 τοῦτο
2435 3560 2672 3630 ἀμογητὶ
2696 3555 2996 3628 κατορθοῦν
3017 3550 3076 3608 εὖ
3102 3552 3242 3624 μάλα
3260 3551 3596 3621 δυνάμενος.
3621 3553 3735 3614 τοῖς

2138 3655 2405 3711 Ἰουδαίων
2425 3653 2618 3723 δήμοις
2652 3647 3090 3721 προσπεφώνηκε
3112 3646 3305 3712 λέγων’
3333 3659 3350 3694 ι
3380 3643 3610 3696 Λύσατε
3640 3643 3732 3694 τὸν

2126 3753 2254 3804 ναὸν
2299 3747 2521 3810 τοῦτον,
2567 3745 2664 3798 καὶ
2695 3745 2754 3795 ἐν
2780 3740 2960 3812 τρισὶν
2993 3740 3228 3810 ἡμέραις
3263 3735 3444 3805 ἐγερῶ
3478 3736 3674 3789 αὐτόν.
3710 3755 3728 3784 ο

2133 3843 2278 3913 Πλὴν
2315 3839 2611 3900 ὁάναστὰς
2669 3835 2964 3889 κεκάθικεν
3025 3835 3082 3886 ἐν
3135 3831 3286 3902 δεξιᾷ
3326 3827 3426 3882 τοῦ
3482 3827 3733 3899 Πατρὸς,

2132 3940 2189 3989 ἐν
2245 3936 2356 3996 τοῖς
2409 3929 2792 3999 ἐπουρανίοις,
2846 3927 3104 3998 ὑπέρανω
3151 3927 3333 3993 πάσης
3377 3922 3594 3991 Ἀρχῆς
3637 3921 3735 3974 καὶ

2140 4025 2436 4092 Ἐξουσίας,
2476 4021 2680 4092 Θρόνυυ
2730 4038 2788 4074 τε
2835 4021 2930 4073 καὶ
2975 4019 3339 4088 κυριότητος,
3385 4016 3486 4068 καὶ
3525 4016 3736 4078 ﬂave”;

2127 4121 2391 4190 ὀνόματος
2442 4114 2870 4184 ὀνομαζομένου.
2935 4108 3060 4180 'Ap'
3117 4107 3209 4164 οῦν
3261 4108 3335 4171 ὼς
3407 4108 3609 4178 ἔτερος
3660 4108 3736 4161 ὢν

2131 4212 2258 4275 Υἱὸς
2304 4209 2458 4281 παρὰ
2511 4209 2602 4262 τὸν
2653 4210 2710 4274 ἐξ
2753 4204 2919 4259 αὑτοῦ
2966 4204 3138 4274 φύντα
3188 4203 3384 4270 Λόγον,
3443 4201 3584 4272 ψιλῇ
3615 4219 3738 4253 συν-

2128 4304 2294 4376 αφείᾳ
2345 4300 2732 4371 τετιμημένος,
2782 4298 2876 4349 καὶ
2920 4299 2979 4349 ἐν
3030 4295 3248 4366 χάριτος
3285 4293 3452 4364 μοίρᾳ
3508 4296 3576 4346 τὸ
3636 4298 3738 4366 τῆς

457 4394 702 4439 secutus:
735 4400 800 4439 an
831 4389 1006 4454 potius
1031 4388 1143 4458 ipse
1175 4400 1368 4443 natura
1406 4399 1460 4445 et
1482 4405 1607 4444 vere
1633 4388 1821 4456 Filius,
1863 4393 1915 4446 in
1951 4393 2019 4447 si-

2138 4396 2382 4466 θεότητος
2429 4393 2600 4463 ὄνομα
2663 4391 2862 4459 λαχὼνς
2919 4389 2951 4457 ἢ
3015 4387 3215 4457 μᾶλλον
3265 4387 3432 4449 αὐτὸς
3475 4389 3510 4439 ὁ
3569 4387 3737 4456 φύσει

457 4475 750 4532 militudine
791 4479 1069 4532 homitnun
1115 4479 1313 4548 factus,
1351 4489 1406 4538 et
1455 4484 1643 4539 habitu
1688 4485 1941 4540 inventus
1971 4496 2029 4541 ut

458 4577 612 4622 nomo
640 4586 734 4638 per
765 4571 1194 4628 incarnationem
1217 4575 1240 4626 ?

527 4749 584 4804 Β.
631 4752 873 4806 Dixerint
921 4754 1168 4811 fortassis
1217 4759 1490 4815 hominem
1523 4761 1670 4815 illum
1709 4764 1797 4830 qui
1847 4779 1910 4817 ex
1943 4781 2028 4819 se-

462 4847 596 4898 mine
635 4844 796 4898 David
838 4845 1161 4913 cauittnctus
1209 4853 1256 4904 ei
1294 4851 1414 4916 fuit,
1442 4863 1496 4906 et
1546 4857 1612 4906 ad
1661 4856 2022 4924 arqualitateut

463 4940 674 4992 sonoris
728 4941 972 5008 ascitus,
1022 4945 1110 4997 cui
1159 4945 1374 5014 quidem
1440 4946 1726 5001 conveniat
1795 4958 2022 5002 mortem

464 5031 620 5086 )hire.

451 5145 459 5152 ν
519 5128 585 5180 Α.
629 5118 898 5181 Caeterum
943 5128 1234 5198 aequalitas.
1267 5129 1487 5184 honoris
1534 5145 1654 5200 quae
1704 5131 1863 5186 alicui
1909 5132 2026 5188 col-

473 5228 558 5272 ata
595 5220 815 5282 dicitur,
873 5235 978 5274 non
1035 5237 1198 5274 unum
1243 5237 1471 5277 numero
1524 5223 1706 5285 fuerit.
1755 5235 1813 5279 ut
1868 5234 2024 5279 antea

467 5312 585 5376 lixi,
620 5311 713 5364 sed
747 5327 911 5366 unum
953 5327 1074 5368 cum
1113 5329 1237 5371 uno.
1279 5313 1403 5368 llzec
1445 5330 1576 5371 vero
1607 5316 1712 5370 duo
1752 5330 1872 5371 esse
1898 5333 2026 5372 ceu-

465 5406 676 5469 nteritn,
720 5413 774 5459 et
809 5406 1021 5462 ratione
1070 5416 1276 5461 natum
1317 5408 1460 5461 inter
1509 5423 1568 5463 se
1608 5408 1912 5477 inaequalia,
1946 5409 2026 5462 si-

460 5500 671 5568 quidem
710 5495 936 5556 inferior
970 5500 1230 5556 dicendus
1274 5511 1358 5555 est
1396 5501 1489 5570 qui
1533 5501 1739 5557 honore
1772 5501 2023 5562 adicitur,

528 5698 574 5727 ’³
613 5699 629 5751 1
671 5699 798 5753 Cor.
829 5719 865 5755 ι.
897 5701 1082 5756 ill-ii.

1161 5701 1206 5732 "
1245 5699 1400 5754 Juan.
1443 5719 1560 5769 xm,
1589 5701 1676 5767 5i,
1705 5703 1794 5758 52.

462 5766 508 5800 ⁸⁸
547 5765 698 5821 Joau.
728 5786 782 5826 II.
821 5772 903 5824 l9.

982 5774 1024 5803 ’θ
1067 5771 1262 5830 Ειιιιρε.
1303 5787 1336 5831 t,
1373 5771 1458 5825 ‘21.

1893 5703 1937 5734 ’⁸
1978 5701 2016 5756 ll
2060 5701 2184 5757 Cor.
2220 5717 2337 5768 xm,
2368 5700 2421 5765 '5,
2456 5700 2509 5754 κι.

2125 4506 2186 4542 τε
2216 4488 2310 4542 καὶ
2340 4485 2556 4555 ἀληθῶς
2593 4485 2852 4552 ὑπάρχων
2897 4480 3038 4544 Υἱὸς,
3076 4483 3140 4532 ὲν
3167 4478 3477 4549 ὁμοιώματι
3515 4479 3736 4550 ἀνθρὼ-

2127 4598 2246 4634 πων
2279 4579 2590 4648 γενόμενος,
2625 4576 2720 4630 καὶ
2754 4575 2992 4644 σχήματι
3040 4572 3285 4644 εὑρεθεὶς
3321 4572 3399 4636 ὡς
3429 4573 3735 4646 ἄνθρωπος

2125 4671 2485 4740 οἰκονομικῶς
2507 4688 2522 4735 ;

2199 4761 2254 4814 Β.
2299 4763 2461 4814 Φαῖεν
2503 4759 2568 4812 ἂν
2605 4759 2734 4820 ἴσως
2778 4756 2933 4810 αὐτοὶ
2981 4754 3071 4808 τὸν
3124 4756 3188 4809 ἐκ
3245 4755 3582 4826 σπέρματος
3637 4757 3728 4810 τοῦ

2131 4852 2295 4905 Δαϐὶδ
2345 4850 2684 4919 συναφθέντα
2738 4847 2886 4917 αὐτῷ
2935 4846 3056 4898 κατ’
3093 4847 3364 4915 ἰσοτιμίαν
3404 4848 3724 4919 ἄνθρωπον,

2130 4941 2283 5016 ᾧπερ
2311 4945 2376 4998 ἂν
2411 4945 2608 4999 ποὲποι
2637 4944 2732 4997 καὶ
2763 4945 2826 4998 τὸ
2860 4943 3051 4998 παθεῖν
3080 4942 3171 4995 τὸν
3211 4940 3467 4993 θάνατον.

2204 5131 2269 5181 Α.
2324 5125 2486 5180 Ἀλλὰ
2532 5125 2594 5178 τὸ
2649 5124 2889 5194 ἱσότιμόν
2944 5137 3048 5175 τινι
3098 5118 3349 5188 γενέσθαι
3400 5118 3720 5190 λεγόμενον,

2135 5219 2219 5291 εἴη
2255 5219 2322 5272 ἂν
2364 5217 2462 5288 οὐχ
2523 5216 2582 5270 ἓν
2636 5215 2836 5286 μᾶλλον
2881 5214 2958 5283 τῷ
3009 5211 3249 5282 ἀριθμῷ,
3309 5211 3581 5283 καθάπερ
3626 5213 3721 5282 ἤδη

2134 5313 2415 5384 προεῖπον,
2457 5309 2571 5362 ἀλλ’
2603 5308 2662 5362 ἓν
2695 5308 2812 5380 μεθ’
2839 5306 2977 5370 ἑνός.
3009 5305 3114 5357 Δύο
3143 5303 3203 5356 δὲ
3231 5295 3385 5371 οἶμαι
3419 5305 3613 5369 ταυτὶ,
3637 5301 3725 5358 καὶ

2133 5403 2507 5475 ἁνισομέτρως
2561 5401 2756 5472 ἔχοντα
2797 5398 2940 5453 κατὰ
2991 5395 3174 5466 φύσιν,
3232 5397 3398 5465 εἴπερ
3453 5397 3616 5450 ἐστὶν
3672 5398 3728 5449 ὲν

2137 5495 2361 5566 μειώσει
2406 5492 2500 5547 τοῦ
2542 5492 2829 5563 τιμῶντος,
2878 5490 2940 5544 τὸ
2984 5485 3314 5559 τιμώμενον.
3384 5487 3618 5558 Ἐπειδὴ
3671 5486 3726 5540 δὲ

2611 5700 2655 5729 ²⁶
2699 5697 2890 5767 Ιζιιιιοε.
2927 5712 2966 5761 t,
3008 5691 3191 5750 ill-2|.
3270 5692 3314 5720 "
3357 5688 3521 5745 Joau.
3556 5689 3727 5753 ηεξ.
