3856 6212
131 370 261 423 1⁸535

131 481 207 549 εἷς
257 481 549 539 κεκάθικεν
600 479 749 545 Υἱὸς,
799 475 1159 530 διδασκόντων
1220 472 1397 535 αὐτοὶ,
1447 470 1531 533 τίς

131 574 383 631 ἀνωτάτω
403 573 690 644 τετίμηται
720 569 927 634 θάκοις,
952 568 1042 623 καὶ
1067 563 1373 635 συνεδρεύει
1400 560 1479 632 τῷ
1505 559 1700 629 Πατρί,

132 672 178 722 εἰ
206 669 296 722 καὶ
327 668 408 721 ὅτι
443 666 678 736 μάλιστα
723 662 829 717 τῶν
863 662 1001 731 ἄγαν
1060 656 1493 728 σφαλερωτάτων
1523 654 1608 723 είη
1640 651 1705 705 ἂν

133 761 191 816 τὸ
215 758 561 828 ἀνακομίζειν
595 756 907 829 άποτολμᾷν
940 754 1019 817 εἰς
1052 751 1324 822 ἰσοτιμίαν
1352 747 1444 818 ’τῷ
1470 746 1707 816 δεσπότῃ

134 852 193 907 τὸ
234 852 438 915 δοῦλον,
488 849 567 920 τῷ
607 849 801 920 κτίστῃ
832 836 893 901 ’έὸ
934 845 1174 916 ποιηθὲν,
1219 843 1295 913 τῷ
1345 841 1553 913 βασιλεί
1601 838 1708 892 τῶν

136 954 267 1005 ὅλων
310 951 371 1003 τὸ
416 949 520 1001 ὑπὸ
572 947 757 1015 ζυγὸν,
810 944 888 1015 τῷ
938 942 1155 997 πάντων
1219 940 1478 993 ἐπέκεινα
1527 939 1588 991 τὸ
1650 936 1710 986 ὲν

137 1047 267 1097 πᾶσι
299 1041 512 1095 τελοῦν.

208 1134 263 1186 Β.
306 1133 596 1201 Σαφηνιεῖς
625 1124 718 1182 οὖν
754 1130 859 1198 ἄρα
896 1124 1057 1179 τοῦτο
1094 1126 1224 1195 ἡμῖν
1256 1120 1445 1176 εἰσέτι.

208 1225 273 1277 Δ.
314 1221 531 1285 Καίτοι,
562 1219 814 1287 καθάπερ
859 1210 1094 1286 ἐγῷμαι,
1125 1213 1301 1281 σαφὴς
1335 1212 1430 1265 καὶ⁸
1455 1206 1713 1279 ἀποχρῶν

140 1316 168 1367 6
208 1316 295 1368 ἐπ’
345 1314 527 1375 αὐτοῖς
577 1312 640 1383 δὴ
690 1310 898 1372 τούτοις
931 1310 1063 1378 ἡμῖν
1115 1304 1490 1373 ἐκπεπόνηται
1535 1301 1715 1369 λόγος,

140 1407 296 1459 ὅκνου
347 1404 403 1457 δὲ
451 1402 572 1471 δίχα
612 1401 811 1462 παντὸς
845 1396 1140 1467 προσθείην
1190 1394 1256 1448 ἂν
1303 1388 1385 1455 οἷς
1432 1390 1569 1461 ἔφην
1622 1389 1719 1442 καὶ

143 1495 326 1564 ἕτερα,
373 1492 467 1544 καὶ
512 1491 612 1543 οὐκ
658 1487 857 1557 ἀγεννῆ
896 1486 1285 1554 συναγόρευσιν
1320 1482 1419 1552 τὴν
1468 1478 1610 1550 ύπέρ
1655 1492 1719 1546 γε

142 1585 250 1638 τῶν
277 1583 437 1655 ἱερῶν
466 1583 748 1652 δογμάτων
783 1578 1037 1647 καθάπερ
1075 1576 1196 1629 τινὰ
1225 1572 1553 1644 παντευχίαν
1584 1572 1720 1626 ἀνα·-

143 1676 347 1737 λαϐὼν,
399 1674 789 1743 ἀνταναστήσω
830 1670 891 1724 τὸ
937 1668 1132 1741 ἀληθὲς
1183 1670 1292 1731 τοῖς
1348 1663 1603 1737 φρονοῦσι
1654 1661 1723 1716 τὰ

143 1768 569 1839 διεστραμμένα.
605 1767 727 1819 ’Ὀτι
759 1764 867 1834 γάρ
903 1764 931 1815 6
981 1760 1275 1832 μονογενὴς
1307 1757 1403 1812 τοῦ
1449 1755 1585 1810 Θεοῦ
1617 1755 1722 1809 Λό-

1245 351 1435 419 QUOD
1479 346 1666 407 [ΕΝυὸ
1706 343 1813 400 SIT
1854 337 2221 399 CHRISTUS.

1582 468 1696 529 τοῖς
1724 468 1771 526 Α
1798 476 1961 531 quam
1983 459 2072 528 qui
2106 456 2287 512 allii-it.
2317 452 2384 506 At
2425 466 2546 506 cum
2585 462 2722 501 unus
2757 440 3015 499 assederit
3048 437 3251 503 Filius,
3280 440 3380 489 do-

3248 319 3378 378 tam

1807 563 1967 607 ceant
2003 549 2107 620 ipsi
2156 548 2406 618 quisnam
2433 543 2486 598 in
2521 553 2833 609 supremum
2871 533 2998 588 illud
3019 532 3211 587 solium
3244 530 3382 585 asci-

1810 656 1893 701 tus
1924 646 2015 711 sit,
2042 643 2298 709 Patrique
2332 635 2584 692 assideat.
2616 630 2892 699 Siquidem
2938 625 3231 682 absurdum
3275 623 3382 678 im-

1807 739 1998 807 primis
2038 734 2201 789 furrit
2242 730 2603 800 mqualitatem
2660 723 2881 780 honoris
2936 720 3174 774 tribuere
3226 730 3384 773 servo

1808 845 1931 883 cum
1998 826 2235 888 domino,
2278 831 2541 877 creatura:
2578 832 2701 873 cum
2748 820 3020 873 creatore.
3060 810 3107 865 ei
3153 808 3244 878 qni
3285 809 3383 862 sub

1804 920 1934 990 jugo
1964 929 2047 974 est
2081 933 2203 971 cum
2254 914 2418 968 t0tius
2466 908 2703 966 universi
2755 904 3021 969 Domino;
3072 910 3126 954 et
3163 899 3304 968 quod
3332 896 3388 952 itt

1811 1013 2065 1070 Omnibus
2087 1017 2238 1079 paret
2267 1005 2516 1074 imperio,
2543 1018 2663 1058 cum
2683 1014 2747 1053 eo
2772 997 2862 1067 qui
2892 1008 3055 1063 supra
3081 992 3260 1046 omnia
3280 999 3386 1045 est.

1884 1104 1946 1159 Β.
1985 1101 2206 1170 Explica
2240 1099 2343 1153 ltoc
2374 1096 2528 1150 nobis
2557 1091 2805 1149 ulterius.

1798 1180 1801 1183 ’
1884 1196 1950 1250 Α.
1992 1193 2177 1263 Atqui,
2204 1202 2263 1244 ut
2302 1189 2561 1252 arbitror,
2602 1181 2889 1238 manifeste
2923 1176 3055 1233 satis
3088 1182 3143 1239 et,
3187 1170 3396 1243 prolixe

1816 1290 1975 1344 nobis
2001 1290 2103 1342 bac
2138 1288 2204 1339 de
2238 1299 2295 1338 re
2337 1287 2722 1350 pertractatum
2768 1284 2884 1338 est;
2931 1285 3103 1340 neque
3146 1282 3274 1321 vero
3310 1277 3397 1323 me

1819 1380 2024 1453 pigebit
2048 1381 2112 1433 iis
2133 1393 2252 1445 quae
2281 1375 2393 1430 dixi
2419 1373 2587 1426 etiam
2625 1368 2726 1422 alia
2764 1366 3007 1435 quaedam
3039 1359 3273 1427 adjicere
3300 1373 3316 1421 ;
3343 1362 3399 1407 et

1821 1491 1927 1531 non
1960 1472 2176 1545 ignobili
2207 1468 2507 1540 patrocinio
2535 1479 2631 1533 pro
2658 1459 2830 1516 sacris
2861 1452 3200 1525 dogmatibus
3234 1446 3398 1501 veluti

1820 1570 2051 1641 quadam
2088 1564 2265 1621 omnis
2312 1560 2526 1633 generis
2574 1565 2848 1609 armatura
2896 1550 3164 1608 indutum,
3204 1541 3402 1596 verita-

1826 1674 1933 1718 tem
1959 1672 2233 1729 opponere
2271 1632 2336 1709 iis
2357 1653 2445 1723 qui
2479 1646 2751 1705 contraria
2780 1641 3041 1711 sentiunt.
3073 1633 3223 1702 Quod
3253 1632 3401 1685 enim

1826 1752 2159 1823 unigenitum
2200 1746 2293 1801 Dei
2329 1744 2568 1799 Verbum
2592 1782 2608 1807 ,
2642 1755 2746 1794 non
2785 1732 3181 1791 interveniente
3216 1726 3281 1779 ad
3319 1724 3403 1776 in-

146 1815 568 1839 ""'r"r'r""-
642 1815 662 1819 ν
691 1815 724 1817 η
771 1815 782 1832 ι
835 1815 846 1834 ι
981 1815 994 1832 ι
1028 1826 1031 1827 ν
1123 1815 1134 1828 ι
1233 1815 1272 1831 .-

144 1878 261 1930 γος.
310 1860 370 1912 οὐ
421 1854 842 1928 μεσολαϐοῦντος
896 1855 996 1921 τὴν
1050 1851 1362 1919 οἰκονομίαν
1414 1848 1533 1904 υίοῦ
1594 1848 1723 1917 παρ’

1850 1845 2199 1903 :arnationem
2242 1838 2351 1892 lilio
2408 1836 2498 1907 qui
2531 1850 2562 1889 a
2608 1847 2668 1887 se
2708 1831 2952 1884 diversus
2988 1830 3150 1884 esset,
3191 1830 3245 1871 et
3275 1815 3405 1869 stri-

145 1952 310 2007 αὐτὸν
349 1952 558 2022 ἐτέρου,
583 1949 678 2004 καὶ
706 1947 1067 2015 συναφθέντος
1100 1945 1248 2014 αύτῷ
1279 1942 1564 2014 σχετικῶς,
1598 1958 1730 1995 κατ-

148 2046 365 2116 ήργηκε
398 2041 490 2095 τοῦ
522 2040 754 2094 θανάτου
781 2038 841 2090 τὸ
867 2037 1090 2110 κράτος,
1124 2034 1287 2097 αὐτὸς
1334 2034 1392 2087 δὲ
1437 2032 1637 2103 μᾶλλον
1662 2030 1729 2084 δι’

147 2134 370 2201 ἑαυτοῦ,
404 2132 735 2187 πιστώσεται
768 2131 959 2199 λέγων·
999 2148 1017 2181 ι
1060 2128 1217 2183 Οὕτω
1244 2128 1353 2197 γάρ
1388 2125 1675 2196 ἠγάπησεν
1703 2125 1732 2176 6

148 2228 287 2292 Θεὸς
311 2228 400 2281 τὸν
430 2225 655 2294 κόσμον,
686 2222 826 2276 ὥστε
854 2222 943 2275 τὸν
974 2219 1100 2273 Υἰόν
1133 2218 1299 2273 αὐτοῦ
1343 2216 1435 2271 τὸν
1468 2214 1733 2286 μονογενῆ

148 2321 378 2383 ἔδωκεν,
410 2318 497 2372 ίνα
528 2319 637 2379 πᾶς
676 2318 703 2370 ὁ
750 2314 1021 2369 πιστεύων
1063 2315 1140 2376 εἰς
1175 2312 1336 2367 αὑτὸν
1397 2311 1470 2383 μὴ
1502 2310 1737 2379 ἀπόλλη-

150 2430 267 2475 ται,
300 2411 418 2465 ἀλλ’
457 2410 553 2480 ἔχῃ
583 2408 727 2478 ζωὴν
758 2407 995 2461 αἰώνιον.
1035 2425 1054 2458 ι
1096 2405 1353 2475 Αἴροντος
1382 2404 1438 2456 δὲ
1474 2402 1609 2472 ὑψοῦ
1637 2401 1737 2474 τὴν

151 2508 233 2571 sic,
265 2506 358 2558 τὸν
390 2504 594 2573 κόσμον
628 2501 850 2570 ἀγάπην
880 2500 975 2553 τοῦ
1024 2499 1158 2552 Θεοῦ
1200 2499 1293 2551 mi.
1315 2496 1547 2567 Πατρὸς,
1578 2497 1741 2567 ὑπερ-

154 2596 374 2669 μεγέθη
405 2612 464 2647 τε
512 2594 607 2648 καὶ
638 2594 896 2663 ὑπερφυᾶ
932 2591 1261 2662 γεγενῆσθαι
1313 2590 1580 2659 λέγοντος,
1614 2587 1744 2642 ἀνθ-

150 2690 282 2743 ότου
320 2685 856 2757 κατασμικρύνουσιν
893 2682 1281 2748 οίδιεναντίας,
1314 2682 1373 2734 οὐ
1402 2681 1494 2733 τὸν
1526 2678 1751 2751 άληθῶς·

154 2783 289 2836 Υἰὸν
320 2782 459 2853 ὑπὲρ
482 2779 638 2851 ἡμῶν
670 2778 914 2833 δεδόσθαι
940 2778 1211 2847 λέγοντες,
1238 2776 1353 2830 ἀλλ’
1383 2776 1478 2829 ἕνα
1492 2775 1600 2829 τῶν
1622 2773 1743 2828 καθ’

154 2877 335 2949 ἡμᾶς,
367 2874 679 2944 εἰσποίητον
708 2871 901 2941 ἔχοντα
927 2871 1026 2941 τὴν
1057 2868 1157 2940 τῆς
1189 2869 1436 2939 υἱότητος
1459 2868 1639 2938 χάριν,
1666 2867 1745 2930 εἰς

150 2968 248 3019 τὸν
280 2964 376 3018 τοῦ
404 2963 546 3017 κατὰ
570 2962 731 3032 φύσιν
756 2961 889 3014 Υἰοῦ
921 2962 1083 3014 τόπον
1122 2958 1564 3022 ἀναϐιϐάζοντες,
1594 2958 1747 3020 ὄντος

154 3059 216 3112 δὲ
243 3056 586 3125 Μονογενοῦς
611 3053 706 3107 τοῦ
737 3054 978 3117 δοθέντος
1009 3054 1149 3125 ὑπὲρ
1176 3051 1334 3123 ἡμῶν
1354 3067 1368 3116 ;
1388 3045 1524 3104 Εἶτα
1545 3067 1751 3120 γεγρα-

1830 1950 1917 1994 cte
1929 1938 1978 1993 ei
2003 1935 2437 2005 coniungeretur,
2457 1927 2647 1982 mortis
2664 1922 2945 1992 imperium
2966 1911 3293 1975 tlissolmrit,
3311 1909 3404 1964 sed

1790 2034 2007 2103 ripsum
2038 2004 2215 2098 potius
2237 2024 2473 2079 Verbum
2501 2019 2593 2075 Dei
2627 2031 2721 2083 per
2749 2028 2830 2076 se,
2867 2008 3137 2081 probabit,
3170 2004 3360 2059 dicens
3389 2019 3404 2055 :

1810 2101 1865 2181 -r—
1894 2127 1971 2181 lla
2000 2125 2144 2181 enim
2194 2119 2385 2176 dilexit
2428 2115 2566 2169 Dens
2605 2110 2883 2171 mundum,
2920 2113 2977 2157 ιιι
3020 2101 3212 2156 Filium
3252 2110 3408 2150 suum

1836 2219 2170 2289 unigenitum
2208 2212 2447 2272 dederit,
2486 2219 2545 2261 ut
2582 2203 2758 2259 omnis
2807 2199 2897 2270 qui
2931 2196 3101 2252 credi:
3148 2192 3201 2246 in
3235 2190 3409 2259 ipsum

1832 2328 1942 2369 non
1984 2318 2186 2382 pereat,
2223 2308 2316 2362 sed
2358 2303 2553 2357 habeat
2602 2298 2767 2351 vitam
2807 2303 3062 2347 aeternam
3086 2286 3155 2340 ⁸⁸.
3195 2302 3218 2337 ι
3274 2283 3409 2338 Cum

1839 2420 1969 2460 vero
2002 2404 2095 2457 Dei
2142 2414 2205 2454 ac
2252 2395 2431 2451 Patris
2475 2389 2820 2445 dilectionem
2864 2396 2991 2450 erga
3022 2376 3295 2431 mundum
3338 2370 3412 2425 ita

1839 2497 2093 2557 extollat,
2145 2502 2200 2547 et
2248 2491 2563 2542 immensam
2611 2491 2772 2547 atque
2826 2473 3202 2529 inexhaustam
3252 2465 3417 2519 fuisse

1843 2591 2008 2652 dit-at,
2041 2602 2138 2641 cur
2168 2579 2408 2637 hmretiri
2447 2576 2588 2631 banc
2617 2571 2832 2626 elevant
2858 2577 3020 2633 atque
3068 2560 3416 2617 imminuum,

1843 2683 2086 2739 dicentes
2122 2691 2226 2730 non
2274 2686 2462 2725 verum
2498 2666 2664 2720 [ilium
2705 2677 2804 2733 pro
2842 2658 2995 2713 nobis
3029 2655 3211 2707 datum
3261 2664 3415 2709 esse,

1846 2774 1940 2830 sed
1983 2769 2268 2841 quemdam
2326 2778 2394 2817 ex
2430 2759 2582 2814 nobis
2622 2770 2715 2825 per
2756 2751 2983 2823 gratiam
3016 2749 3068 2801 itt
3115 2744 3280 2799 lilium
3324 2742 3422 2794 ad-

1848 2875 2116 2936 optatum,
2135 2870 2367 2926 eumque
2394 2856 2447 2907 in
2469 2848 2727 2905 naturalis
2762 2843 2852 2898 lilii
2878 2842 3051 2896 locum
3077 2835 3382 2892 attollentes
3407 2869 3419 2892 ,

1848 2926 1970 3015 cum
2005 2956 2077 3011 sit
2097 2950 2418 3021 Unigenitns
2448 2944 2539 3014 qui
2583 2955 2678 3011 pro
2713 2937 2868 2993 nobis
2914 2933 3074 2989 datus
3119 2928 3248 2984 est?
3283 2926 3428 2981 Prat-

1852 3060 1998 3105 terea
2049 3061 2171 3101 cum
2221 3042 2458 3098 Joannes
2503 3041 2689 3104 aperte
2734 3030 2974 3085 scribat:
3035 3043 3053 3076 ε
3108 3020 3428 3091 Unigenitos

154 3152 331 3225 φότος
369 3110 619 3203 Ἰωάννου
651 3146 838 3218 σαφῶς
858 3163 872 3178 ο
921 3166 940 3198 ‹
960 3110 974 3117 ν
996 3145 1054 3199 '0
1087 3110 1380 3216 μονογενὴς
1412 3110 1569 3207 Θεὸς,
1613 3110 1731 3196 ό’ὢπ

1854 3140 1994 3195 Deus
2020 3143 2109 3207 qui
2139 3144 2217 3189 est
2261 3134 2311 3185 itt
2343 3132 2463 3184 sinu
2501 3123 2675 3179 Patris
2704 3121 2744 3152 "
2779 3138 2792 3174 :
2834 3139 2852 3172 ι
2890 3114 3161 3186 quomodo
3199 3126 3302 3165 non
3342 3110 3430 3163 ad-

2198 3226 2205 3228 μ
2284 3226 2293 3228 -
2672 3214 2684 3224 .
2765 3227 2803 3228 _
2967 3225 2993 3228 __
3055 3206 3138 3228 η,
3171 3207 3233 3228 ,ιι
3259 3202 3397 3228 dm:

140 3232 241 3305 ei;
272 3241 367 3293 τὸν
400 3239 599 3293 κόλπον
641 3237 737 3290 τοῦ
782 3236 995 3306 Πατρός
1017 3253 1030 3267 ο
1068 3254 1086 3286 ›
1120 3235 1240 3298 πῶς
1264 3235 1364 3288 ούκ
1390 3233 1455 3287 ἂν
1485 3232 1751 3302 άγάσαιτό

153 3352 247 3397 τις
285 3332 387 3401 τῆς
417 3328 657 3399 ἀμαθίας
687 3328 904 3407 αὐτοὺς,
933 3326 1269 3393 ὲξωθοῦντας
1303 3327 1399 3397 μὲν
1422 3327 1522 3397 τῆς
1551 3327 1754 3378 οἰκονο-

160 3423 301 3495 μίας
321 3420 412 3473 τὸν
437 3421 701 3491 μονογενῆ
730 3418 860 3471 Θεὸν
882 3417 1076 3485 Λόγον,
1105 3416 1553 3488 άντεισφέροντας
1575 3417 1650 3481 δὲ,
1678 3416 1754 3479 ὡς

152 3518 327 3588 ἔφην,
362 3516 483 3576 ταῖς
532 3512 766 3583 θύραθεν
809 3510 987 3575 δόξαις
1020 3508 1420 3580 ὲξωραῖσθέντα
1467 3507 1608 3572 τινά,
1660 3508 1756 3561 κα)⁵

153 3606 410 3665 ἐπακτὸν
443 3605 634 3677 ἔχοντα
664 3604 725 3657 τὸ
748 3604 847 3674 τῆς
886 3602 1139 3674 θεότητος
1185 3603 1358 3672 ὄνομα
1383 3618 1397 3666 ;
1424 3596 1555 3654 Εἶτα
1598 3600 1651 3653 τί
1696 3600 1758 3653 τὸ

159 3701 322 3773 μέγα
349 3698 445 3751 καὶ
486 3696 816 3764 ἁξιάγαστον
846 3696 905 3746 ὲν
947 3695 1013 3763 τῇ
1061 3691 1155 3746 τοῦ
1188 3691 1403 3763 [ἰατρὸς
1431 3692 1621 3763 ἀγάπῃ
1654 3708 1758 3757 φα-

154 3794 349 3846 νεῖται
382 3788 587 3853 λοιπὸν,
624 3789 671 3839 εἰ
706 3786 870 3858 μέρος
898 3784 950 3838 τί
983 3785 1212 3855 κόσμου,
1240 3785 1333 3836 καὶ
1365 3782 1525 3836 τοῦτο
1561 3782 1756 3853 βραχὺ,

154 3884 407 3938 δέδωκεν
428 3881 565 3950 ὑπὲρ
591 3879 790 3947 αὐτοῦ;
832 3880 903 3932 Ἢ
931 3877 1074 3948 τάχα
1107 3894 1208 3929 που
1235 3876 1329 3929 καὶ
1357 3875 1761 3943 ἀνεπίπληκτον

157 3976 376 4039 εἰπεῖν,
400 3973 476 4037 ὼς
499 3972 832 4041 λελύτρωται
862 3971 1066 4041 κόσμος
1092 3968 1242 4023 οὐδὲν
1262 3967 1400 4038 ἔχων
1429 3967 1582 4039 παρὰ
1604 3965 1761 4031 Θεοῦ,

158 4065 314 4122 ἀλλὰ
349 4066 463 4127 τοῖς
510 4061 674 4115 αὑτοῦ
714 4062 905 4133 μέρεσι
935 4059 1074 4132 πρὸς
1102 4058 1260 4113 τοῦτο
1298 4056 1762 4130 ὑπηρετούμενος.

241 4338 313 4390 Β.
358 4332 615 4386 Δεδόσθαι
646 4330 780 4398 φασὶ
807 4328 898 4382 τὸν
928 4326 1213 4396 Μονογενῆ
1245 4324 1397 4397 παρὰ
1417 4322 1511 4377 τοῦ
1534 4323 1767 4395 Πατρὸς,

164 4426 240 4480 ἶν’
274 4420 621 4491 οἰκονομήσῃ
666 4418 735 4470 τὰ
782 4417 902 4469 καθ’
933 4418 1099 4487 ἡμᾶς,
1133 4418 1233 4485 οὐχ
1274 4416 1361 4468 ἵνα
1391 4432 1443 4467 τι
1481 4414 1629 4485 πάθῃ
1661 4413 1770 4466 τῶν

1858 3234 2083 3288 miretur
2118 3226 2384 3295 quispiam
2420 3219 2634 3274 illorum
2672 3210 3021 3281 imperitiam,
3050 3206 3138 3275 qui
3170 3207 3236 3259 ab
3258 3202 3431 3257 admi-

1859 3323 2179 3379 nistratione
2213 3320 2263 3371 in
2296 3329 2461 3370 carne
2495 3308 2837 3378 Unigenitum
2868 3302 2961 3358 Dei
2997 3299 3229 3355 Verbum
3254 3298 3433 3351 exclu-

1858 3419 2008 3477 dant,
2044 3410 2209 3483 769
2231 3423 2295 3463 ac
2329 3406 2505 3476 potius
2543 3402 2706 3456 alium
2753 3396 3060 3468 quemdam,
3092 3400 3150 3444 ut
3188 3390 3319 3454 dixi,
3355 3389 3434 3440 itt-

1862 3510 2165 3569 t-roducant,
2197 3502 2502 3556 extrinseca
2538 3506 2699 3562 atque
2728 3488 2961 3545 ascititia
3001 3484 3167 3555 gloria
3195 3477 3435 3549 Splendi-

1861 3600 2030 3661 dum,
2079 3590 2486 3657 adventitioque
2543 3582 2769 3639 Deitatis
2832 3577 3050 3631 nomine
3101 3568 3437 3641 praeditum?

1864 3686 2066 3741 Deinde
2095 3682 2350 3752 quidnam
2383 3674 2641 3731 eximium
2672 3678 2765 3723 aut
2798 3679 3125 3738 magnopere
3164 3661 3439 3716 admiran-

1865 3781 1990 3834 dum
2026 3777 2077 3829 in
2112 3772 2399 3829 dilectione
2437 3765 2615 3821 Patris
2645 3776 2769 3817 esse
2801 3768 3087 3814 censeatur
3109 3795 3123 3820 ,
3153 3755 3196 3809 si
3229 3762 3439 3823 partem

1867 3871 2151 3938 quamdam
2182 3862 2386 3927 mundi,
2424 3868 2584 3927 atque
2620 3854 2765 3908 illam
2790 3852 3005 3922 quidem
3038 3848 3308 3915 exiguam,
3345 3859 3441 3912 pro

1867 3963 1984 4031 ipso
2041 3955 2223 4013 dedit?
2254 3951 2558 4020 Quinetiam
2598 3948 2700 4001 ltoc
2736 3944 2969 3998 fortasse
3013 3950 3157 3995 recte
3203 3938 3307 3993 dici
3349 3952 3442 4006 po-

1872 4053 2018 4116 terit,
2065 4051 2399 4113 redemptum
2443 4055 2567 4095 esse
2606 4035 2865 4094 mundum
2910 4032 3042 4087 nihil
3089 4032 3376 4084 habentem
3412 4044 3443 4083 a

1870 4146 2019 4209 Deo,
2077 4140 2172 4196 sed
2235 4152 2362 4194 suas
2425 4134 2593 4205 ipsius
2646 4141 2830 4203 partes
2880 4125 3241 4194 rcdefnptioni
3302 4124 3445 4176 inse-

1873 4239 2063 4294 ruisse.

1942 4326 2003 4383 Β.
2040 4326 2205 4380 Aiunt
2238 4321 2452 4393 quidem
2479 4318 2664 4371 datum
2690 4329 2811 4369 esse
2840 4328 2868 4366 a
2896 4310 3057 4364 Patre
3102 4305 3445 4376 Unigenitnm

1875 4433 1937 4477 ut
1973 4436 2060 4476 res
2094 4426 2308 4472 nustras
2338 4410 2698 4470 administret,
2734 4420 2839 4459 non
2877 4413 3055 4456 autem
3106 4400 3159 4453 in
3209 4413 3303 4452 sua
3356 4412 3449 4449 na-

164 4513 546 4589 ἀνθρωπίνων
582 4510 745 4574 αὐτὸς
790 4511 869 4571 εἰς
901 4509 1036 4561 ἰδίαν
1074 4506 1237 4577 φύσιν
1259 4522 1273 4537 ⁸
1305 4507 1586 4577 ἀμήχανον
1635 4506 1731 4575 γάρ

1877 4524 1995 4569 tura
2026 4513 2319 4566 humanum
2350 4503 2551 4572 aliquid
2582 4500 2850 4571 patiatur;
2881 4510 3003 4549 nam
3048 4494 3150 4547 hoc
3186 4490 3299 4544 ﬁeri
3344 4505 3448 4542 non

244 4699 321 4751 Α.
367 4691 540 4746 Πάθοι
574 4689 674 4761 μὲν
708 4688 774 4743 ἂν
802 4686 964 4751 αὐτὸς
993 4687 1071 4751 εἰς
1104 4685 1239 4739 ἰδίαν
1269 4685 1430 4754 φύσιν
1460 4683 1522 4737 τὸ
1552 4684 1775 4754 σύμπαν

166 4788 362 4849 οὐδέν.
413 4783 728 4854 Ἀσώματος
770 4780 881 4851 γὰρ
929 4778 1191 4849 ὑπάρχων
1224 4777 1298 4840 ὡς
1346 4776 1498 4840 Θεὸς,
1538 4775 1641 4842 ἔξω
1673 4792 1776 4829 που

168 4884 415 4941 πάντως
443 4876 684 4930 κείσεται
711 4872 805 4927 τοῦ
834 4870 1027 4930 παθεῖν
1047 4884 1060 4900 ⁸
1086 4869 1211 4924 ἐπεὶ
1236 4869 1293 4922 δὲ
1320 4868 1458 4923 κατὰ
1490 4869 1588 4939 τὴν
1611 4866 1775 4922 αὑτοῦ

168 4972 407 5046 φωνὴν,
436 4968 535 5040 τὴν
560 4967 650 5021 διά
677 4983 763 5034 γε,
806 4964 971 5035 φημὶ,
1000 4963 1099 5033 τῆς
1126 4961 1220 5015 τοῦ
1238 4961 1560 5031 ¹Ψόιλλοντος
1584 4960 1774 5032 λύρας,

170 5067 356 5137 σῶμα
377 5059 528 5129 αὑτῷ
547 5059 901 5129 κατήρτισται
933 5056 1082 5125 παρὰ
1112 5052 1204 5106 τοῦ
1236 5052 1467 5123 Πατρὸς,
1497 5052 1777 5122 παρῆλθεν

170 5156 540 5225 ὲνσώματος,
573 5150 668 5204 τοῦ
702 5148 928 5227 ποιῆσαι
961 5147 1020 5201 τὸ
1053 5146 1263 5217 θέλημα
1292 5143 1479 5201 αὐτοῦ.
1516 5145 1686 5197 Τοῦτο
1721 5144 1777 5196 δὲ

170 5250 248 5322 ἦν
290 5250 331 5319 ἡ
368 5243 461 5297 διὰ
498 5242 592 5296 τοῦ
630 5242 810 5312 τιμίου
861 5238 1095 5310 σταυροῦ
1142 5238 1410 5309 λύτρωσις
1447 5237 1542 5291 καί
1580 5238 1778 5295 ἀνακε-

173 5339 507 5413 ςαλαίωσις
539 5334 647 5387 τῶν
688 5334 845 5398 ὅλων,
880 5331 945 5384 δι’
974 5329 1137 5385 αὑτοῦ
1166 5346 1228 5382 τε
1271 5330 1364 5382 καὶ
1392 5331 1471 5393 εἰς
1518 5329 1679 5382 αὐτὸν
1717 5324 1776 5381 εὖ

177 5434 345 5506 μάλα
390 5426 822 5499 κατορθουμένη.
870 5424 1206 5494 Συλλήψεται
1234 5423 1291 5476 δὲ
1320 5418 1401 5487 οἷς
1443 5422 1578 5493 ἔφην
1631 5423 1722 5476 καὶ
1756 5425 1784 5475 ὁ

176 5525 542 5592 πανάριστος
561 5520 791 5583 Παῦλος,
814 5516 911 5570 ὠδί
928 5515 1238 5586 γεγραφώς
1282 5536 1301 5569 ι
1335 5515 1505 5570 Τοῦτο
1537 5518 1783 5587 φρονεῖτε

174 5626 439 5677 ἕκαστος
472 5616 527 5667 ὲν
561 5614 687 5683 ύμῖν
716 5611 918 5674 αὐτοῖς,
947 5609 975 5661 ὃ
1003 5610 1097 5663 καὶ
1139 5610 1197 5661 ἐν
1229 5608 1450 5681 Χριστῶ
1490 5608 1687 5673 Ἰττσοῦ,
1728 5608 1785 5671 ὃς

261 5800 311 5829 ³ο
355 5792 524 5847 Joan.
566 5806 645 5857 Ill,
690 5790 767 5845 16.
847 5789 885 5820 ³¹
928 5786 1080 5841 Joan.
1127 5801 1161 5847 l,
1199 5786 1280 5837 l8.

1914 4613 2078 4659 otcst.

1878 4622 2078 4677 petest.

1947 4696 2013 4749 Α.
2056 4693 2174 4762 Ipse
2209 4698 2357 4744 certe
2387 4687 2443 4741 in
2469 4700 2563 4740 sua
2595 4690 2787 4737 natura
2814 4678 2945 4733 nihil
2970 4675 3189 4731 omnino
3220 4673 3446 4744 patitur.

1874 4790 2011 4845 Cum
2043 4787 2186 4840 enim
2218 4784 2289 4839 sit
2329 4783 2702 4848 incorporeus,
2732 4784 2791 4829 ut
2836 4773 3003 4834 Deus,
3038 4769 3304 4839 passionis
3336 4782 3453 4820 om-

1876 4883 1963 4937 nis
1988 4893 2181 4947 expers
2210 4884 2313 4930 est.
2336 4875 2470 4928 Cum
2503 4884 2633 4926 vero
2671 4868 2821 4936 juxta
2850 4865 3016 4934 ipsius
3056 4877 3263 4926 vocem,
3296 4860 3449 4929 juxta

1880 4972 2123 5036 Davidis,
2160 4969 2407 5038 inquam,
2443 4960 2638 5035 lyram,
2672 4974 2866 5029 corpus
2895 4957 2944 5011 ei
2976 4972 3004 5009 a
3037 4954 3197 5008 Patre
3229 4965 3449 5023 coapta-

1883 5074 1993 5120 tum
2026 5070 2130 5127 est,
2154 5072 2446 5128 corporeus
2469 5053 2687 5110 advenit
2714 5060 2773 5106 ut
2796 5058 3186 5119 exsequeretur
3210 5046 3453 5101 volunta-

1888 5167 1994 5210 tem
2027 5152 2221 5207 Patris.
2252 5148 2375 5204 Htec
2400 5160 2562 5217 porro
2587 5154 2706 5201 erat
2735 5141 3032 5210 redemptio
3063 5154 3157 5207 per
3183 5152 3451 5193 veneran-

1888 5250 2007 5302 dam
2041 5261 2103 5301 ac
2147 5242 2438 5315 pretiosam
2485 5252 2722 5303 crucem,
2766 5245 2929 5304 atque
2973 5232 3297 5287 instauratio
3335 5231 3456 5285 uni-

1889 5352 2166 5392 versorum
2210 5350 2306 5405 per
2362 5333 2535 5400 ipsum
2582 5339 2637 5385 et
2688 5328 2739 5382 in
2791 5328 2904 5396 ipso
2959 5325 3161 5393 optime
3216 5331 3453 5392 peracta.

1888 5416 2166 5482 Consentit
2197 5439 2323 5479 vero
2354 5424 2420 5477 iis
2446 5435 2566 5492 quae
2605 5419 2740 5474 dixit
2769 5419 2931 5472 etiam
2964 5416 3198 5486 optimus
3233 5412 3454 5476 Paulus,

1892 5515 1966 5567 ita
1998 5512 2242 5567 scribens
2277 5529 2290 5566 :
2321 5528 2340 5561 ι
2374 5510 2486 5565 lloc
2507 5508 2649 5564 enim
2697 5507 2894 5563 sentite
2933 5506 2986 5559 in
3030 5504 3204 5568 vobis.
3236 5503 3377 5573 quod
3407 5514 3460 5555 et

1893 5607 1944 5660 in
1974 5604 2192 5659 Christo
2224 5601 2375 5670 Jesu,
2401 5603 2489 5673 qui
2519 5618 2640 5659 cum
2667 5600 2736 5674 _in
2772 5600 2945 5656 forma
2994 5596 3086 5653 Dei
3135 5603 3299 5651 esset.
3346 5609 3452 5648 nan
