3856 6212
477 316 608 370 1347

1459 304 1510 357 S.
1553 299 1825 357 CYRILLI
1865 296 2334 353 ALEXANDRINI
2373 296 2691 353 ARCHIEP.

3598 287 3748 344 νεεδ

469 428 707 500 rapinam
739 424 1037 480 arbitratus
1065 430 1179 487 est,
1211 436 1333 476 esse
1371 433 1429 475 se
1459 418 1719 489 aqualem
1760 417 1910 472 Deo:
1947 417 2040 472 sed

2148 419 2200 469 ἐν
2232 418 2411 487 μορφῇ
2446 415 2584 469 Θεοῦ
2620 415 2902 486 ὑπάρχων,
2938 414 3040 484 οὐχ
3069 405 3361 484 ἁρπαγμὸν
3394 408 3656 500 ἡγήσατο
3684 406 3745 456 τὸ

466 519 812 589 semetipsum
840 513 1158 577 exinanivit,
1192 511 1418 566 formam
1460 509 1604 565 servi
1644 509 1952 578 accipiens,
1986 510 2039 563 in

467 608 875 666 similitudinem
906 603 1183 659 hominum
1228 601 1424 664 factus,
1466 608 1523 655 et
1565 599 1751 655 habitu
1792 600 2044 654 inventus

467 712 526 755 ιιι
552 701 733 755 homo.
787 695 1100 751 Humiliavit
1141 693 1514 761 semetipsum,
1560 690 1734 745 factus
1784 690 2044 746 obediens

467 808 637 863 usque
670 791 736 845 ad
766 798 1013 852 mortem,
1072 796 1301 840 mortem
1347 793 1526 838 autem
1569 784 1769 839 crucis.
1815 782 2045 851 Propter

465 884 607 955 quod
632 891 685 938 et
713 883 853 936 Deus
884 879 1141 934 exaltavit
1166 877 1335 941 illum,
1382 886 1439 932 et
1477 876 1696 931 donavit
1737 876 1812 931 illi
1847 892 2041 931 nomen

466 974 607 1043 quod
635 982 720 1027 est
760 985 922 1039 super
959 982 1118 1023 omne
1163 981 1375 1029 nomen,
1461 977 1520 1020 ut
1562 966 1614 1020 in
1665 966 1880 1021 nomine
1913 965 2043 1022 Jesu

466 1066 665 1120 Christi
720 1078 883 1118 omne
930 1075 1097 1132 genus
1149 1058 1432 1122 ﬂectatur,
1490 1057 1823 1124 caelestium,
1869 1066 2043 1113 terre-

465 1157 680 1217 strimn,
706 1161 760 1206 et
788 1151 1146 1212 infernarum,
1190 1157 1242 1201 et
1286 1148 1466 1202 oninis
1502 1147 1685 1216 lingua
1725 1146 2045 1203 conﬁteatur

464 1245 586 1313 quia
616 1241 879 1295 Dominus
899 1238 1055 1293 Jesus
1088 1236 1338 1291 Christus
1379 1236 1431 1289 in
1478 1236 1645 1307 gloria
1688 1244 1772 1291 est
1812 1235 1906 1291 Dei
1949 1235 2044 1290 Pa-

466 1333 564 1388 tris
586 1333 652 1388 “.
703 1351 723 1385 ι
755 1332 923 1397 Quem
959 1331 1107 1383 enim
1140 1344 1261 1383 esse
1292 1329 1451 1394 dicis,
1488 1331 1579 1399 qui
1612 1338 1698 1384 est
1734 1330 1949 1396 quidem
1987 1330 2040 1384 in

465 1422 637 1477 forma
694 1421 788 1475 Dei
844 1436 909 1475 ac
960 1419 1158 1485 Patris,
1207 1428 1261 1474 et
1313 1434 1435 1473 cum
1493 1419 1764 1490 integrum
1809 1420 1859 1474 ei
1898 1432 2044 1476 esset

464 1513 721 1584 aqualem
756 1512 903 1567 Patri
953 1525 1309 1581 permanere,
1364 1526 1469 1565 non
1522 1514 1760 1581 rapinam
1807 1511 2044 1567 arbitra-

466 1614 552 1658 tus
583 1611 666 1659 est
691 1602 963 1677 eximiam
987 1601 1129 1655 illam
1159 1611 1321 1671 atque
1351 1602 1588 1656 divinam
1618 1601 1954 1672 dignitatem,
1990 1612 2046 1657 et

470 1711 626 1764 supra
655 1710 843 1749 omnes
865 1693 1288 1749 excellentiam?
1321 1709 1462 1748 anne
1496 1695 1662 1749 Demn
1706 1694 1937 1750 Verbum
1976 1710 2043 1750 ex

2148 506 2288 561 εἶναι
2319 509 2410 561 ι’σα
2439 508 2580 579 Θεῷ,
2617 507 2731 562 ἀλλ’
2777 508 2969 562 ἑαυτὸν
3000 505 3254 570 ὲκένωσε,
3292 501 3510 574 μορφὴν
3540 498 3743 554 δοῦλον

2144 598 2346 664 λαϐὼν,
2379 600 2438 653 ὲν
2469 599 2774 671 ὁμοιώματι
2802 598 3106 671 ἀνθρώπων
3130 597 3441 667 γενόμενος,
3470 592 3578 646 καὶ
3604 594 3743 661 σκῆ’

2150 707 2282 759 ματι
2315 682 2558 762 εὑρεθεὶς
2594 691 2668 752 ὡς
2696 690 3004 763 ἄνθρωπος.
3065 687 3461 743 Ἐταπείνωσεν
3511 685 3740 743 ἑαυτὸν.

2146 783 2437 853 γενόμενος
2467 783 2705 852 ὑπήκοος
2740 782 2899 853 μέχρι
2929 781 3187 845 θανάτου,
3216 778 3449 833 θανάτου
3473 776 3538 829 δὲ
3570 792 3743 828 σταυ-

2153 873 2271 947 ροῦο
2300 874 2381 928 διὸ
2409 875 2506 929 καὶ
2530 876 2559 927 6
2592 874 2726 939 Θεὸς
2748 875 2914 928 αὐτὸν
2945 871 3293 944 ὑπερύψωσε,
3315 870 3412 922 καὶ
3434 866 3743 940 ἐχαρίσατο

2149 965 2298 1036 αὑτῷ
2328 966 2498 1036 ὕνομα
2530 964 2592 1017 τὸ
2619 963 2758 1035 ὑπὲρ
2798 966 2907 1019 πᾶν
2938 963 3129 1033 ὄνομα,
3177 961 3264 1014 ἵνα
3292 961 3349 1013 ἐν
3390 958 3471 1030 τῷ
3504 957 3744 1027 ὀνόματι

2163 1057 2340 1130 Ἰησοῦ
2386 1057 2624 1129 Χριστοῦ
2678 1059 2785 1111 πᾶν
2815 1056 2945 1124 γόνυ
2988 1056 3181 1127 κάμψῃ
3219 1052 3590 1124 ἐπουρανίων,
3617 1052 3740 1103 ἑπι-

2147 1150 2312 1219 γείων
2345 1151 2440 1203 καί⁵
2497 1148 2889 1221 καταχθονίων,
2922 1151 3017 1203 καὶ
3050 1151 3200 1203 πᾶσα
3227 1147 3448 1216 γλῶσσα
3473 1144 3738 1214 ἐξομολο-

2148 1243 2407 1313 γήσηται,
2437 1242 2520 1296 ὅτι
2548 1243 2750 1315 Κύριος
2781 1241 2988 1312 Ἰησοῦς
3017 1241 3252 1313 Χριστὸς
3278 1242 3359 1303 εἰς
3384 1238 3551 1304 δόξαν
3596 1236 3738 1291 Θεοῦ

2149 1334 2383 1404 Πατρός.
2422 1353 2440 1387 ι
2478 1335 2612 1389 Τίνα
2651 1334 2759 1406 γὰρ
2788 1330 2928 1388 εἶναι
2974 1334 3078 1404 φὴς
3136 1334 3227 1387 τὸν
3269 1332 3592 1403 ὑπάρχοντα
3640 1329 3741 1399 μὲν

2149 1427 2207 1478 ἐν
2239 1416 2421 1498 μορφῇ
2454 1424 2548 1479 τοῦ
2592 1425 2728 1479 Θεοῦ
2762 1428 2857 1479 καὶ
2898 1426 3132 1496 Πατρὸς,
3164 1419 3283 1478 εἶτα
3318 1426 3504 1494 μένειν
3534 1421 3662 1486 ἐξὸν
3686 1424 3742 1473 ὲν

2153 1524 2360 1593 ἰσότητι
2398 1522 2533 1593 πρὸς
2578 1522 2759 1588 αὑτὸν,
2810 1522 2907 1593 οὐχ
2955 1519 3244 1592 ἁρπαγμὸν
3276 1519 3637 1591 ἡγησάμενον
3682 1514 3746 1569 τὸ

2149 1613 2427 1685 ὑπερφυὲς
2454 1612 2598 1668 οῦτω
2619 1614 2714 1667 καὶ
2743 1613 3045 1682 θεοπρεπὲς
3065 1611 3300 1682 ἀξίωμα,
3329 1610 3427 1663 καὶ
3453 1608 3560 1681 τὴν
3596 1607 3745 1661 κατὰ

2150 1707 2372 1761 πάντων
2412 1706 2710 1778 ὑπεροχήν·
2742 1705 2862 1777 οὐχὶ
2885 1704 2979 1758 τὸν
3008 1706 3067 1771 ἐξ
3094 1702 3257 1757 αὐτοῦ
3282 1700 3573 1774 πεφηνότα
3604 1699 3745 1751 Θεὸν

469 1787 750 1842 PatreiAt
779 1789 1049 1856 quomodo
1083 1802 1188 1840 non
1218 1787 1470 1842 omnibus
1507 1786 1790 1842 manifesta
1821 1789 1936 1843 hanc
1962 1804 2040 1845 res

2150 1798 2357 1867 Λόγονς
2411 1794 2545 1852 Εἶτα
2590 1799 2707 1862 πῶς
2754 1798 2854 1868 οὐχ
2909 1796 3114 1851 ἀπα-σιν
3162 1794 3394 1867 ἐναργὲς
3437 1792 3503 1847 τὸ
3544 1792 3745 1865 χρῆμά

468 1880 576 1934 sit?
605 1880 870 1935 Craterum
910 1881 1048 1932 idem
1090 1880 1141 1933 in
1181 1880 1352 1933 forma
1375 1877 1553 1935 Patris
1580 1880 1870 1946 exsistens,
1887 1882 2048 1951 eique

2149 1891 2336 1957 ὲστιν;
2382 1889 2522 1944 Ἀλλ’
2565 1884 2717 1953 οὗτος
2748 1889 2912 1953 αὐτὸς
2941 1891 3000 1942 ὲν
3038 1889 3217 1960 μορφῇ
3252 1886 3345 1940 καὶ
3380 1885 3597 1955 ἰσότητι
3640 1885 3739 1936 τοῦ

467 1974 713 2044 aequalis,
741 1972 914 2028 forma
959 1973 1101 2027 servi
1145 1974 1397 2040 accepta,
1446 1987 1552 2026 non
1589 1974 1883 2029 secundum
1917 1976 2040 2030 stri-

2150 1983 2383 2054 Πατρὸς,
2437 1983 2650 2055 μορφὴν
2684 1982 2872 2035 δούλου
2905 1980 3109 2043 λαϐὼν,
3157 1980 3220 2033 οὗ
3254 1976 3397 2032 κατὰ
3431 1978 3743 2048 συνάφειαν

467 2078 606 2120 ctam
634 2066 874 2135 aliquam
903 2064 1366 2132 coniunctionem,
1407 2066 1460 2119 in
1501 2065 1914 2121 similitudinem
1946 2066 2050 2121 ho-

467 2158 666 2212 minum
694 2156 898 2221 factus,
927 2169 1089 2227 atque
1114 2156 1296 2210 habitu
1334 2156 1584 2213 inventus
1613 2166 1672 2212 ut
1703 2158 1864 2213 homo
1896 2157 2049 2231 (erat

466 2250 605 2303 enim
638 2248 795 2304 simul
846 2249 1010 2304 etiam
1072 2248 1597 2318 Dcus),humiliavit
1650 2251 2044 2321 semetipsum,-

465 2340 639 2395 factus
674 2349 855 2394 autem
889 2341 1148 2396 obediens
1190 2355 1363 2411 usque
1396 2342 1465 2397 ad
1510 2353 1743 2399 mortem
1764 2381 1781 2411 ,
1815 2353 2046 2399 mortem

464 2442 644 2485 autem
669 2433 873 2487 crucis.

536 2543 701 2613 77o
735 2541 797 2597 Β.
839 2542 1133 2598 Atdictum
1162 2553 1266 2611 est,
1311 2545 1597 2616 inquiunt,
1633 2548 1699 2603 de
1736 2547 1862 2613 illo,
1905 2548 2046 2616 quod

466 2640 611 2692 dedit
648 2638 722 2691 illi
760 2638 903 2692 Deus
936 2654 1129 2693 nomen
1154 2640 1296 2709 quod
1324 2652 1406 2694 est
1444 2654 1605 2707 super
1630 2656 1789 2696 omne
1828 2656 2047 2707 nomen,

464 2739 525 2780 ut
556 2729 607 2780 in
645 2727 864 2781 nomine
903 2727 1028 2782 Jesu
1062 2744 1223 2784 omne
1272 2746 1408 2799 genu
1460 2728 1728 2785 ﬂectatur.
1774 2731 1872 2785 llic
1918 2747 2047 2787 vero

465 2832 587 2873 cum
608 2830 754 2873 esset
781 2817 1036 2885 Verbum,
1066 2835 1131 2874 ac
1164 2821 1386 2891 proinde
1414 2824 1574 2889 Deus,
1607 2838 1712 2892 quo
1744 2833 1900 2893 pacto
1928 2838 2050 2878 cen-

468 2910 576 2964 seri
621 2920 801 2978 potest
840 2912 1159 2979 accepisse?
1202 2912 1576 2968 Necessarium
1636 2914 1800 2983 igitur
1853 2926 1937 2968 est
1989 2923 2047 2968 ut

468 3004 645 3071 potius
669 3004 872 3058 homini
902 3016 1177 3074 assumpto
1203 3022 1402 3061 nomen
1429 3008 1568 3077 quod
1592 3018 1674 3062 est
1701 3023 1862 3076 super
1884 3023 2046 3063 omne

465 3110 659 3149 nomen
705 3095 891 3150 datum
940 3098 1329 3167 intelligamus,
1366 3115 1432 3154 ne
1472 3103 1600 3169 quid
1643 3102 1710 3155 de
1760 3100 2043 3171 Unigenito

462 3190 704 3260 cogitare
737 3192 1016 3247 videamur
1049 3194 1191 3262 quod
1222 3194 1290 3247 ab
1318 3209 1384 3247 eo
1411 3194 1482 3248 sit
1507 3194 1760 3248 alienum.

538 3307 602 3359 A.
646 3303 755 3357 lmo
786 3319 913 3358 vero
939 3304 1203 3372 quomodo
1230 3319 1332 3358 non
1365 3304 1435 3358 sit
1458 3305 1627 3357 multo
1656 3305 1827 3359 satius
1858 3304 2047 3360 dicere

461 3401 644 3455 datum
672 3399 723 3451 id
751 3411 871 3453 esse
893 3412 921 3450 a
955 3396 1115 3451 Patre
1144 3397 1373 3451 naturali
1423 3395 1558 3451 Filio
1589 3407 1807 3467 propter
1837 3414 1932 3452 nos
1966 3399 2050 3452 in-

462 3500 710 3554 carnato,
760 3498 819 3542 ut
869 3489 1031 3543 etiam
1084 3488 1137 3543 in
1188 3488 1424 3543 humana
1478 3500 1671 3543 natura
1716 3491 2047 3562 intelligatur

463 3585 636 3647 Deus,
682 3592 735 3636 et
778 3581 830 3634 in
875 3598 1084 3635 summa
1126 3582 1441 3636 celsitudine
1480 3585 1809 3638 constitutus
1850 3588 1940 3655 qui
1982 3601 2043 3641 se

463 3690 561 3743 pro
596 3673 751 3727 nobis
800 3672 1123 3734 humiliavit,
1167 3688 1234 3726 ne
1272 3688 1441 3726 novus
1474 3674 1691 3743 quidam
1741 3684 1793 3729 et
1848 3691 2041 3731 recens

462 3767 603 3821 Dens
638 3766 840 3834 angelis
871 3775 1032 3834 atque
1070 3765 1380 3819 hominibus
1420 3776 1779 3834 proponatur,
1811 3768 1897 3822 cui
1928 3768 2042 3823 dei-

462 3857 590 3910 tatis
619 3857 786 3925 gloria
815 3855 1183 3910 essentialiter
1228 3872 1332 3910 non
1372 3858 1531 3921 insit,
1567 3859 1660 3912 sed
1704 3860 2041 3917 extrinsecus

462 3947 773 4012 advenerit,
816 3956 1069 4015 tanquam
1116 3946 1229 3999 sola
1275 3947 1547 4000 voluntate
1586 3946 1681 4003 Dei
1717 3964 1781 4004 ac
1838 3948 2036 4007 Patris.

461 4038 565 4108 ipsi
593 4041 773 4108 itaque
806 4038 982 4092 Verbo
1025 4053 1089 4091 ex
1138 4037 1247 4091 Deo
1287 4038 1444 4093 Patre
1484 4043 1665 4109 genito
1694 4044 1881 4097 datum
1918 4057 2041 4099 esse

461 4130 690 4184 dicimus
721 4142 913 4182 nomen
940 4127 1079 4197 quod
1104 4137 1188 4182 est
1223 4143 1386 4198 super
1413 4145 1576 4185 omne
1604 4146 1821 4187 nomen.

524 4323 586 4377 Β.
628 4322 884 4380 Omnino.

528 4439 595 4492 A.
638 4437 823 4509 Neque
864 4456 992 4496 vero
1037 4456 1220 4497 sermo
1266 4455 1453 4499 noster
1496 4459 1527 4499 a
1569 4460 1731 4516 scopo
1780 4448 2032 4515 aberrat,

460 4531 725 4600 siquidem
762 4546 949 4586 verum
988 4544 1102 4599 est,
1143 4537 1285 4604 quod
1322 4553 1424 4591 non
1460 4539 1701 4608 rapinam
1742 4541 2035 4597 arbitratus

457 4633 541 4678 est
586 4638 646 4679 se
682 4639 805 4678 esse
847 4626 1110 4693 :equalem
1156 4627 1312 4683 Deo:
1358 4630 1638 4686 descendit
1695 4648 1820 4689 vero
1861 4635 1927 4688 ad
1976 4634 2029 4689 id

456 4716 601 4784 quod
630 4730 735 4769 non
766 4724 848 4770 est
876 4716 1193 4786 gloriosum,
1234 4731 1502 4789 quatenus
1540 4725 1712 4778 lactus
1736 4735 1821 4779 est
1848 4725 2032 4780 homo.

457 4806 663 4862 Idcirco
688 4807 853 4862 etiam
881 4808 1062 4862 dixit:
1099 4828 1118 4862 ι
1154 4811 1315 4867 Pater
1358 4814 1529 4885 major
1564 4830 1651 4871 me
1698 4827 1782 4872 est
1802 4817 1869 4882 ³³,
1898 4835 1918 4870 ›
1953 4826 2033 4871 ta-

456 4900 612 4953 metsi
639 4913 855 4969 semper
897 4900 951 4954 in
982 4900 1074 4957 illo
1107 4903 1212 4969 sit,
1242 4914 1507 4974 quatenus
1547 4917 1630 4962 est
1667 4909 1833 4972 Deus,
1863 4919 1919 4964 et
1962 4924 2029 4964 ex

457 4991 575 5059 ipso
609 4990 820 5060 genitus
842 4992 1140 5048 secundmn
1190 5007 1435 5052 naturam
1456 5039 1471 5062 ,
1502 4999 1866 5056 omnimodam
1904 5017 2028 5056 cum

456 5083 574 5150 ipso
610 5082 1013 5137 similitudinem
1058 5085 1293 5154 habens,
1337 5098 1391 5141 et
1448 5090 1665 5144 deitatis
1697 5091 1865 5161 gloria
1904 5093 2027 5148 illit-

455 5176 602 5227 stris.
623 5171 873 5242 Oportuit
912 5175 1094 5245 itaque
1133 5193 1255 5232 eum
1302 5180 1392 5250 qui
1431 5188 1650 5251 propter
1686 5197 1785 5238 nos
1813 5184 1878 5238 ad
1924 5185 2019 5239 hu-

456 5280 627 5318 mana:
650 5275 854 5320 natura:
892 5267 1231 5324 conditiones
1270 5285 1328 5324 se
1361 5272 1618 5336 demisit,
1656 5276 1881 5330 naturali
1927 5290 2028 5332 suo

455 5354 741 5422 splendore
790 5366 955 5425 atque
1003 5358 1320 5413 excellentia
1372 5376 1713 5432 nequaquam
1764 5367 2027 5423 destitui:

454 5448 548 5501 sed
579 5446 913 5502 exinanitum
947 5455 1227 5522 nostrique
1260 5454 1494 5508 similem
1524 5455 1724 5511 factum
1746 5497 1760 5521 ,
1793 5457 2030 5525 plenitu-

454 5537 632 5592 dinem
665 5537 888 5595 Deitatis
931 5540 1167 5610 habere,
1216 5554 1270 5600 et
1306 5547 1357 5598 in
1399 5544 1706 5603 humilitate
1746 5548 2025 5609 celsitudi-

524 5720 565 5750 ³¹
606 5718 833 5781 Philiuu.
868 5738 925 5789 ιι,
960 5724 992 5777 5
1035 5724 1115 5780 ll.
1196 5727 1237 5757 ⁸³
1273 5724 1431 5781 Joan.
1480 5742 1532 5788 x,
1566 5726 1634 5782 28

2151 2075 2429 2147 σχετικὴν,
2471 2077 2539 2128 ὲν·
2577 2075 2881 2146 ὁμοιώματι
2928 2073 3233 2146 ἀνθρώπων
3274 2072 3601 2143 γενόμενος,
3647 2072 3743 2124 καὶ

2150 2172 2390 2240 σχήματι
2417 2168 2662 2240 εὑρεθεὶς
2691 2170 2769 2231 ὡς
2793 2167 3076 2239 ἄνθρωπος
3107 2161 3196 2238 (ἦν
3224 2165 3333 2236 γὰρ
3368 2164 3514 2234 μετὰ
3543 2163 3741 2217 τούτου

2147 2264 2242 2317 κοιλ⁸
2273 2262 2450 2331 Θεὸς),
2479 2261 2838 2316 ἐταπείνωσεν
2886 2260 3097 2325 ἑαυτὸν,
3136 2259 3326 2329 γέγονε
3380 2258 3439 2312 δὲ
3490 2257 3743 2327 ὑπήκοος

2152 2356 2313 2427 μέχρι
2341 2355 2593 2418 θανάτου,
2626 2354 2855 2407 θανάτου
2883 2352 2939 2405 δὲ
2975 2350 3229 2423 σταυροῦ.

2220 2558 2278 2609 Β.
2316 2554 2453 2610 Ἀλλ’
2481 2554 2721 2637 εἴρηται,
2758 2552 2910 2622 φασὶ,
2955 2550 3083 2622 περὶ
3114 2549 3301 2612 αὑτοῦ,
3326 2550 3410 2601 ὅτι
3439 2549 3743 2621 ἐχαρίσατο

2147 2648 2294 2718 αὖτῷ
2338 2649 2366 2700 6
2404 2645 2534 2707 Θεὸς
2582 2645 2753 2715 ὄνομα
2797 2643 2860 2696 τὸ
2903 2642 3042 2713 ὑπὲρ
3077 2642 3183 2695 πᾶν
3212 2641 3403 2709 ὄνομα,
3434 2639 3527 2692 ἵνα
3575 2642 3636 2692 ἐν
3666 2638 3741 2708 τῷ

2146 2738 2368 2807 ὀνόματι
2409 2734 2584 2805 Ἰησοῦ
2614 2736 2721 2788 πάν
2750 2733 2879 2802 γόνυ
2907 2731 3120 2802 κάμψῃ.
3180 2732 3243 2783 Ὀ
3276 2730 3332 2782 δὲ
3366 2726 3436 2801 ἦν
3460 2732 3490 2784 6
3539 2730 3744 2798 Λόγος,

2144 2829 2300 2900 δῆλον
2327 2828 2383 2881 δὲ
2414 2828 2496 2881 ὅτι
2530 2826 2683 2889 Θεὸς,
2716 2824 2831 2888 πῶς
2859 2824 2925 2878 ἂν
2957 2826 3127 2876 νοοῖτο
3179 2822 3395 2886 λαῦὼνς
3441 2823 3605 2875 Ἐστι
3632 2825 3743 2873 τοξ-

2147 2939 2239 2975 νυν
2265 2922 2579 2988 ἀναγκαῖον,
2613 2917 2691 2988 τῷ
2719 2915 3079 2987 ἁναληφθέντι
3112 2915 3310 2987 μᾶλλον
3336 2911 3622 2985 ἀνθρώπῳ
3658 2914 3743 2966 δε.

2144 3011 2518 3079 δόσθαιλὲγειν
2542 3009 2604 3062 τὸ
2623 3010 2763 3080 ὑπὲρ
2786 3011 2892 3061 πᾶν
2918 3007 3105 3078 ὄνομα,
3132 3008 3217 3061 ἵνα
3242 3010 3315 3077 μή
3336 3024 3389 3059 τι
3416 3006 3530 3059 τῶν
3551 3008 3741 3060 ἀπεοι-

2145 3106 2317 3159 κότων
2348 3104 2670 3176 φρονοῦντες
2695 3101 3045 3172 άλισκώμεθα
3080 3100 3209 3172 περὶ
3234 3100 3327 3153 τοῦ
3363 3099 3741 3169 Μονυγενοῦς.

2212 3302 2277 3356 Α.
2320 3297 2450 3355 Εἶτα
2495 3299 2614 3364 πῶς
2653 3298 2753 3352 οὐκ
2788 3297 3411 3369 ἄμεινονοάσυγκρετως,
3449 3299 3739 3372 ὲνανθρω-

2143 3392 2379 3463 πήσαντι
2404 3390 2470 3443 δι’
2493 3390 2640 3462 ἡμᾶς
2664 3388 2741 3459 τῷ
2762 3387 2904 3442 κατὰ
2927 3387 3089 3458 φύσιν
3114 3389 3245 3459 Υἱῷ,
3274 3389 3522 3444 δεδόσθαι
3554 3391 3738 3461 λέγειν

2143 3483 2290 3554 αὐτῷ
2307 3482 2456 3557 παρὰ
2471 3482 2563 3535 τοῦ
2579 3483 2690 3535 Πατ
2700 3481 2810 3554 ρὸς,
2827 3482 2915 3538 ἵνα
2932 3482 3023 3537 καὶ
3044 3484 3100 3535 ὲν
3121 3482 3503 3554 ἀνθρωπότητι
3544 3485 3737 3555 νοῆται

2142 3578 2293 3640 Θεὸς,
2323 3577 2417 3629 καὶ
2466 3576 2525 3627 ὲν
2551 3574 2882 3646 ὑπερτάτοις
2904 3574 3211 3645 ὑψώμασιν,
3247 3577 3275 3628 6
3309 3576 3409 3645 τὴν
3433 3576 3567 3627 καθ’
3589 3578 3734 3647 ἡμᾶς

2142 3668 2467 3723 ταπείνωσιν
2506 3664 2761 3733 ἀνατλὰς,
2802 3666 2887 3718 ἵνα
2917 3664 2992 3736 μὴ
3018 3666 3135 3728 νέος
3166 3667 3259 3719 καὶ
3290 3667 3608 3739 ἀρτιιρανὴς
3638 3672 3733 3735 ἀγ-

2146 3761 2320 3831 γέλοις
2350 3777 2411 3813 τε
2438 3760 2532 3813 καὶ
2562 3757 2870 3831 ἀνθρώποις
2909 3757 3287 3831 εἰσκομίζηται
3314 3759 3467 3824 Θεὸς,
3500 3760 3607 3833 τὴν
3638 3762 3733 3830 τῆς

2148 3852 2399 3923 θεότητος
2428 3849 2607 3915 δόξαν,
2645 3849 2745 3904 οὐκ
2794 3848 3067 3912 οὑσιωδῶς
3117 3849 3541 3920 ἐνυπάρχουσαν
3568 3852 3730 3923 ἔχων,

2145 3945 2257 3999 ἀλλ’
2294 3942 2494 4009 ἔξωθεν
2526 3942 2967 4015 εἰσκεκριμένην,
3012 3943 3104 3995 καὶ
3134 3942 3207 4006 ὡς
3236 3945 3295 3995 ὲν
3336 3944 3478 4016 μόνῃ
3510 3944 3731 4016 θελήσει

2139 4035 2235 4089 τοῦ
2261 4034 2396 4089 Θεοῦ
2435 4038 2526 4088 καὶ
2556 4034 2788 4105 Πατρός.
2821 4032 2979 4103 Αὑτῷ
3006 4032 3070 4105 δὴ
3113 4029 3204 4087 οῦν
3232 4033 3339 4104 ἄρα
3376 4035 3455 4106 τῷ
3487 4038 3558 4090 ὲκ
3596 4036 3729 4090 Θεοῦ

2138 4128 2356 4200 Πατρὸς
2406 4128 2565 4197 φύντι
2602 4127 2763 4199 Λόγῳ
2814 4126 3059 4181 δεδόσθαι
3106 4128 3285 4198 φαμὲν
3334 4129 3396 4181 τὸ
3442 4130 3625 4202 ὄνομα
3669 4136 3729 4185 τὸ

2137 4221 2279 4292 ὑπὲρ
2306 4222 2413 4276 πᾶν
2439 4221 2631 4291 ὸνομα.

2066 4342 2110 4399 ι)
2211 4339 2269 4394 Β.
2317 4336 2461 4390 Πάνυ
2495 4337 2594 4408 μὲν
2626 4355 2743 4392 ουν.

2212 4454 2277 4507 Α.
2322 4447 2444 4505 Εῐσι
2470 4452 2524 4505 δὲ
2554 4454 2685 4524 ἡμῖν
2726 4452 2756 4505 6
2794 4451 2949 4520 λόγος
2986 4452 3086 4505 οὐκ
3148 4452 3257 4506 ἀπὸ
3288 4453 3521 4514 σκοποῦ.
3566 4457 3725 4530 εἴπερ

2141 4546 2287 4597 ἐστὶν
2312 4546 2371 4597 οὐ
2403 4545 2858 4616 κατεψευσμένον,
2895 4544 2969 4608 ὡς
3013 4545 3110 4615 οὐχ
3140 4546 3437 4617 ἁρπαγμὸν
3473 4550 3721 4620 ἡγήσατο

2138 4638 2197 4690 τὸ
2226 4634 2363 4690 εἶναι
2401 4638 2489 4691 ἴσα
2519 4636 2660 4707 Θεῷ,
2691 4636 3129 4709 καταπεφοίτηκε
3166 4637 3225 4691 δέ
3268 4654 3387 4701 πως
3426 4640 3528 4692 ἐπὶ
3558 4642 3620 4694 τὸ
3652 4644 3720 4712 μὴ

2135 4729 2195 4780 ὃν
2223 4732 2279 4782 ὲν
2307 4729 2453 4800 δόξῃ,
2499 4728 2644 4782 καθὰ
2675 4728 2914 4801 πέφηνεν
2950 4728 3251 4801 ἄνθρωπος.
3300 4730 3606 4802 Τοιγάρτοι
3636 4739 3718 4788 καὶ

2137 4820 2408 4889 ἔφασκεν·
2461 4840 2479 4871 ι
2541 4821 2599 4874 ’0
2634 4819 2824 4892 Πατὴρ
2876 4819 3076 4891 μείζων
3111 4819 3212 4891 μού
3261 4822 3410 4876 ἐστι·
3469 4843 3490 4874 ι
3545 4827 3715 4879 καίτοι

2140 4915 2299 4984 μετὸν
2342 4913 2489 4985 αὑτῷ
2532 4912 2628 4967 καὶ
2655 4914 3014 4987 ἐνυπάρχοντι
3042 4913 3131 4967 ἀεὶ
3178 4912 3313 4968 καθὸ
3343 4919 3584 4983 νοεῖται,
3633 4923 3713 4974 καὶ

2136 5007 2251 5059 ἐστι
2282 5006 2434 5071 Θεὸς,
2465 5006 2559 5059 καὶ
2605 5003 2665 5070 ἐξ
2705 5005 2870 5059 αὐτοῦ
2900 5003 3220 5077 γεγέννηται
3250 5007 3393 5061 κατὰ
3433 5009 3627 5079 φύσιν,
3660 5016 3710 5065 τὸ

2136 5097 2568 5168 ἀπαραλλάκτως
2620 5096 2764 5168 ἔχειν
2807 5097 2943 5168 πρὸς
2976 5098 3084 5150 πᾶν
3130 5097 3328 5166 ὁτιοῦν,
3376 5102 3477 5154 καὶ
3514 5108 3586 5175 τῇ
3622 5108 3709 5175 τῆς

2133 5187 2384 5259 θεότητος
2428 5187 2817 5261 ὲναὸρύνεσθαι
2842 5189 3143 5263 δόξῃ.⁹Εδει
3172 5189 3236 5261 δὴ
3259 5186 3375 5253 οῦν,
3416 5193 3516 5247 τὸν
3545 5214 3706 5251 κατα-

2131 5283 2466 5353 φοιτήσαντα
2497 5281 2563 5333 δι’
2593 5282 2739 5352 ἡμᾶς
2785 5283 2865 5346 εἰς
2906 5281 2968 5336 τὸ
3004 5282 3104 5353 τῆς
3148 5282 3582 5355 ἀνθρωπότητος
3617 5290 3707 5356 μέν

2127 5390 2277 5442 τρον,
2336 5375 2437 5426 οὐκ
2486 5373 2846 5444 ἀπολισθῆσαι
2894 5374 3075 5447 δοκεῖν
3123 5374 3225 5445 τῆς
3276 5374 3514 5445 ἐνούσης
3570 5380 3707 5450 αὐτῷ

2128 5464 2269 5517 κατὰ
2298 5464 2460 5533 φύσιν
2489 5464 2870 5537 λαμπρότητος
2911 5469 3005 5520 καὶ
3048 5466 3341 5537 ὑπεροχῆς,
3380 5467 3504 5521 ἀλλ’
3535 5473 3594 5523 ἐν
3622 5487 3704 5523 κε-

2127 5554 2287 5610 νώσει
2316 5558 2380 5626 τῇ
2427 5556 2547 5611 καθ’
2587 5558 2734 5629 ἡμᾶς
2769 5557 2831 5611 τὸ
2877 5559 3083 5630 πλῆρες
3120 5559 3309 5632 ἔχοντα
3335 5558 3567 5627 θεῖκῶς,
3618 5562 3704 5615 καὶ
