3856 6212
149 340 277 399 1569

1262 335 1449 406 QUOD
1493 333 1677 392 UNUS
1718 333 1824 390 SIT
1865 335 2231 395 CHRISTUS.

3262 345 3404 404 1350

147 463 202 513 ὲν
236 454 557 514 ταπεινώσει
602 455 662 509 τὸ
700 456 923 527 ὑψηλὸν,
967 457 1060 510 καὶ
1101 456 1163 510 τὸ
1210 456 1371 526 φύσει
1421 454 1624 527 προσὸν
1651 450 1727 516 ὡς

1849 470 1975 524 tem,
2005 466 2062 512 et
2090 458 2140 512 id
2177 455 2323 528 quod
2366 468 2559 514 natura
2594 458 2695 529 ipsi
2739 460 2882 516 inest
2924 458 3083 531 quasi
3122 473 3406 532 acceptum

148 553 285 606 ὃοτδν
313 549 399 604 διὰ
439 550 501 603 τὸ
531 548 871 620 ἀνθρώπινον
902 548 1327 621 προσκυνεῖσθαι
1365 546 1504 619 πρὸς
1548 544 1722 599 ἀπάν-

148 661 267 698 των.
305 643 568 713 Κάμπτει
614 640 724 712 γὰρ
762 638 911 711 αὐτῷ
947 642 1055 694 πᾶν
1102 640 1232 710 γόνυ
1278 639 1387 693 τῶν
1430 656 1491 692 τε
1537 638 1597 690 ὲν
1629 636 1724 691 ob-

147 737 343 808 ρανοῖς,
374 733 471 788 καὶ
509 733 601 786 ἐπὶ
633 733 757 802 γῆς,
792 734 886 785 καὶ
934 732 1041 785 πᾶν
1073 731 1263 802 τάγμα
1290 730 1581 798 δοξολογεῖ.
1612 728 1726 782 Κύ-

149 844 257 898 ριος
285 825 395 896 γὰρ
423 820 563 878 εἶναι
593 823 913 877 πιστεύεται
953 823 1189 895 Χριστὸς
1229 821 1436 892 Ἰησοῦς
1464 823 1544 885 εἰς
1567 821 1725 889 δόξαν

146 919 274 973 Θεοῦ
301 918 539 990 Πατρός.
583 918 692 971 Καὶ
718 916 848 985 γοῦν
893 915 999 987 ἔφη
1029 918 1164 989 πρὸς
1187 916 1277 971 τὸν
1302 917 1361 969 ὲν
1400 919 1513 980 τοῖς
1557 916 1725 986 οὐρα-

147 1016 251 1078 νοῖς
281 1012 501 1083 Πατέρα
529 1011 622 1065 καὶ
659 1010 811 1065 Θεόν·
852 1030 871 1062 ι
907 1010 1112 1079 Πάτερ,
1160 1008 1382 1073 δόξασόν
1411 1026 1479 1080 με
1504 1010 1569 1080 τῇ
1595 1008 1723 1079 δόξῃ

148 1100 180 1180 ᾖ
209 1102 373 1178 εἶχον,
402 1105 509 1176 πρὸ
532 1103 625 1157 τοῦ
658 1103 749 1156 τὸν
776 1088 980 1175 διόσμον
1013 1098 1173 1168 εἶναι,
1208 1101 1360 1174 παρά
1394 1102 1497 1157 σοι.
1535 1120 1553 1152 ι
1596 1096 1725 1172 ’Ἆρ’

145 1196 256 1263 οὖν,
298 1199 418 1253 εἰπέ
451 1215 564 1268 μοι,
596 1195 932 1269 προκόσμιος
964 1189 1031 1265 ἧν
1075 1195 1104 1248 ὁ
1134 1193 1443 1265 ἄνθρωπος,
1475 1192 1536 1246 ὃν
1578 1193 1727 1246 ἀνει-

145 1290 346 1363 λῆφθαι
383 1306 520 1360 φασι
549 1286 699 1359 παρά
741 1286 836 1339 τοῦ
868 1283 1206 1354 Μονογενοῦς
1239 1284 1384 1339 κατά
1429 1284 1725 1354 συνάφειαν

146 1386 401 1456 σχετικήν
420 1401 439 1444 ς

216 1479 278 1533 Β.
315 1477 602 1548 Οὐδαμῶς.

213 1574 278 1626 Α.
320 1572 417 1636 Τίς
446 1567 537 1626 οὖν
579 1573 689 1643 ἄρα
720 1571 867 1626 ἐστὶν
913 1570 942 1624 ὁ
986 1568 1143 1634 δόξαν
1172 1566 1360 1631 αἰτῶν,
1392 1567 1460 1639 ἢν
1487 1567 1582 1621 καὶ
1618 1567 1726 1640 πρὸ

143 1664 313 1733 αὐτῆς
353 1664 451 1732 τῆς
476 1660 572 1717 τοῦ
598 1662 808 1733 κόσμου
851 1660 1156 1732 καταϐολῆς
1189 1659 1517 1731 ἐνυπάρχειν
1546 1659 1727 1730 ἑαυτῷ

1827 549 2112 603 habentem
2133 561 2352 620 propter
2376 552 2792 617 humanitatem,
2814 552 2881 607 ab
2895 552 3148 609 omnibus
3166 555 3405 612 adorari.

1826 640 2076 695 Flectunt
2104 643 2246 696 enim
2275 644 2323 697 ei
2348 660 2484 713 genu
2509 645 2689 699 omnia
2720 645 2987 714 coelestia,
3013 656 3071 702 et
3105 648 3409 714 terrestria.

1825 742 1879 784 et
1908 734 2085 788 omnis
2113 736 2244 788 ordo
2266 735 2554 791 clariticat.
2592 738 2848 793 Dominus
2885 739 3028 793 enim
3064 753 3188 795 esse
3228 741 3379 795 credi

1831 830 1921 877 tur
1949 824 2204 879 Christus
2247 825 2401 881 Iesus
2439 828 2492 881 in
2539 827 2766 898 gloriam
2800 828 2893 885 Dei
2928 830 3145 886 Patris:
3186 832 3317 903 quin
3356 843 3406 887 et

1829 914 1941 983 ipse
1971 915 2038 969 ad
2072 913 2283 971 Patrem
2311 931 2378 972 ac
2407 915 2576 972 Deum
2609 919 2883 975 caelestem
2911 922 2984 975 ita
3017 923 3229 991 inquit:
3262 940 3283 975 ι
3308 922 3410 978 Pa-

1831 1015 1931 1069 ter,
1957 1006 2195 1075 glorifica
2240 1021 2325 1063 me
2368 1024 2430 1062 ea
2462 1008 2634 1078 gloria
2674 1025 2837 1080 quam
2884 1012 3072 1080 habui,
3116 1024 3404 1084 antequam

1830 1100 2058 1154 mundus
2088 1109 2256 1161 esset,
2309 1102 2448 1171 apud
2486 1112 2538 1157 te
2571 1102 2638 1157 “.
2672 1120 2693 1154 ι
2733 1102 2830 1159 Dic
2870 1120 2998 1161 vero
3040 1106 3168 1161 mihi
3202 1125 3217 1163 :
3252 1108 3413 1163 homo

1829 1189 1917 1245 ille
1946 1205 2105 1260 quem
2132 1192 2199 1248 ab
2236 1191 2524 1263 Unigenito
2565 1195 2773 1250 ratione
2811 1206 2975 1251 arcta:
3013 1198 3414 1268 conjunctionis

1828 1294 2162 1353 assumptum
2211 1300 2332 1340 esse
2376 1286 2589 1353 dicunt,
2625 1288 2906 1344 exstititne
2962 1301 3089 1347 ante
3147 1293 3414 1347 constitu-

1832 1375 2030 1430 tionem
2059 1376 2280 1431 mundi?

1902 1466 1964 1521 Β.
2038 1467 2412 1539 Nequaquam.

1902 1561 1970 1616 Δ.
2012 1562 2272 1630 Quisnam
2301 1566 2462 1635 igitur
2481 1578 2564 1622 est
2596 1567 2686 1637 qui
2715 1568 2850 1639 petit
2882 1582 2999 1623 eam
3025 1568 3275 1640 gloriam,
3299 1585 3404 1640 qua

1830 1669 1890 1709 se
1938 1666 2065 1710 ante
2118 1657 2394 1712 conditum
2454 1661 2715 1714 mundum
2775 1662 3059 1731 praaditum
3109 1662 3282 1716 fuisse
3312 1664 3414 1727 ait,

143 1771 332 1825 φησιν,
366 1754 453 1807 ἀεὶ
498 1753 594 1806 καὶ
642 1752 730 1806 διὰ
774 1751 977 1815 παντὸς
1006 1750 1123 1804 ὄντι
1162 1750 1314 1822 παρά
1342 1749 1498 1821 Θεῷ;
1544 1751 1657 1820 Οὐχ
1700 1752 1729 1805 ό

1849 1746 1991 1816 771
2028 1761 2363 1817 semperque
2405 1757 2460 1804 et
2501 1750 2569 1804 ab
2607 1761 2813 1805 aeterno
2864 1753 3003 1822 apud
3045 1752 3210 1807 Deum
3249 1755 3419 1809 exsti~

144 1814 416 1908 συναῖδιος
457 1844 536 1916 τῷ
595 1844 775 1916 Πατρὶ
816 1814 969 1908 Θεὸς
992 1844 1165 1913 Λόγος
1188 1883 1206 1909 ,
1243 1814 1283 1897 ’ὁ
1329 1814 1722 1915 σύνθρονὸςητε

1849 1814 2004 1894 ίὶεεεῖ
2040 1814 2230 1894 Non—ne
2272 1814 2610 1897 coaeternum
2647 1840 2791 1898 Patri
2846 1814 3115 1912 verbum,
3151 1861 3255 1899 una
3291 1862 3413 1899 cum
3471 1913 3482 1922 .

142 1939 238 1994 καὶ
284 1936 705 2009 συνυφεστηκὼς
750 1936 921 2009 αύτῷ,
953 1937 1083 2009 περὶ
1115 1930 1176 1992 οὗ
1202 1953 1367 2007 φησιν
1393 1938 1423 1990 ό
1452 1935 1726 2005 πάνσοφος

140 2030 536 2102 εὐαγγελιστὴς
568 2029 839 2102 Ἰωάννης·
869 2049 887 2083 ι
909 2030 970 2083 '0
991 2029 1163 2099 Λόγος
1190 2024 1259 2101 ἦν
1295 2028 1432 2101 πρὸς
1458 2028 1549 2082 τὸν
1569 2027 1725 2093 Θεὸν,

138 2123 234 2178 καὶ
261 2122 397 2187 Θεὸς
422 2118 489 2194 ἦν
514 2126 542 2177 ό
573 2123 781 2191 Λόγος;
818 2142 839 2176 ι

209 2216 273 2269 Β.
313 2214 439 2278 Πῶς
470 2214 578 2287 γάρ
605 2214 699 2281 ob;

210 2306 280 2360 Α.
313 2306 525 2378 Ὥσπερ
553 2301 645 2359 οὖν
673 2304 773 2376 τῆς
816 2304 976 2376 δόξης
1011 2304 1217 2378 Κύριος
1249 2304 1343 2370 ὢν,
1376 2298 1493 2358 εἶτα
1539 2303 1727 2368 καθεὶς

139 2398 341 2452 ἑαυτὸν
366 2398 454 2452 διὰ
490 2397 657 2469 μέσου
692 2399 827 2469 πρὸς
849 2399 913 2451 τὸ
944 2397 1203 2461 δυσκλεὲς
1241 2397 1339 2468 τῆς
1369 2396 1557 2451 δούλου
1597 2413 1731 2468 μορ·

140 2492 277 2563 φῆς,
319 2491 421 2562 τῆς
474 2490 700 2562 ἐνούσης
738 2491 831 2545 ἀεὶ
872 2490 1031 2561 δόξης
1086 2489 1266 2560 ἑαυτῷ
1309 2490 1409 2560 τὴν
1462 2489 1730 2559 ἀνάληψιν

140 2587 307 2649 αἰτεῖ,
328 2584 423 2639 καὶ
448 2582 610 2637 τοῦτο
633 2582 773 2655 δρῶν
789 2581 885 2637 ἀνθ
895 2582 1294 2656 ρωποπρεπῶς·
1324 2580 1469 2635 οὕτω
1488 2582 1582 2635 καὶ
1599 2581 1731 2645 Θεὸς

143 2677 413 2749 ὑπάρχων
442 2675 549 2740 ἀεὶ,
583 2674 721 2746 πρὸς
747 2674 847 2746 τὴν
872 2675 971 2745 τῆς
1004 2674 1140 2737 ιδίας
1177 2674 1430 2745 θεότητος
1456 2675 1733 2747 ὑπεροχήν

138 2785 201 2819 τε
235 2764 524 2831 καὶδόξαν
570 2767 636 2817 ὲκ
680 2763 789 2817 τῶν
822 2762 945 2816 καθ’
991 2764 1137 2834 ἡμᾶς
1179 2762 1395 2834 μέτρων
1446 2754 1731 2832 ἀναφοιτᾷ,

142 2858 211 2911 ἶν’
226 2858 305 2921 ὡς
328 2858 411 2910 ἑνὶ
439 2856 623 2910 λοιπὸν
644 2856 756 2927 Υἱῷ
784 2854 861 2926 τῷ
888 2855 1030 2909 κατά
1052 2854 1319 2925 φύσινκαὶ
1340 2854 1597 2926 ἀληθινῷ,
1615 2855 1738 2909 καί-

135 2969 224 3005 τοι
261 2950 391 3005 καθ’
428 2950 577 3022 ἡμᾶς
610 2948 855 3018 γεγονότι
899 2948 996 3001 καὶ
1044 2928 1471 3019 σεσαρκωμένῲ,
1506 2947 1738 3019 κάμπτῃ

138 3047 256 3101 πᾶν
286 3044 441 3113 γόνυ,
478 3042 734 3113 καθάπερ
773 3041 909 3114 ἔφην
946 3041 1177 3114 ἀρτίως.
1209 3041 1380 3094 Ταυτὶ
1408 3040 1538 3111 γὰρ,
1560 3035 1735 3111 οἶμαι,

138 3136 480 3208 φρονοῦντες
508 3133 610 3187 ὼδέ
634 3151 693 3187 τε
720 3132 1091 3196 πιστεύοντες,
1133 3131 1495 3203 ἐγκλημάτων
1526 3132 1739 3203 ἀνθρω-

137 3227 476 3299 πολατρίας,
511 3225 739 3297 οὐρανόν
765 3241 824 3277 τε
849 3226 940 3278 καὶ
963 3224 1069 3294 γῆν
1094 3223 1501 3295 ἀπαλλάξομεν.
1534 3225 1747 3296 Γέγρα⁶

138 3338 281 3373 πται
314 3318 451 3388 γὰρ,
484 3318 565 3370 ὃτι
607 3334 625 3367 ι
662 3315 867 3387 Κύριον
898 3315 989 3368 τὸν
1018 3314 1151 3368 Θεόν
1200 3332 1292 3369 σου
1323 3316 1743 3387 προσκυνήσεις,

136 3413 238 3466 καὶ
280 3408 438 3478 αὐτῷ
470 3408 617 3479 μόνῳ
641 3406 983 3471 λατρεύσεις.
1029 3425 1049 3458 ι

1832 1929 1949 1999 ipso
1972 1930 2267 1998 exsisteus,
2303 1933 2462 2002 eique
2504 1934 2783 2001 assidens,
2834 1935 2899 1990 de
2939 1950 3046 2005 quo
3083 1936 3413 2006 evangelista

1831 2024 2068 2080 Joannes
2099 2026 2315 2096 inquit:
2346 2043 2367 2077 ι
2400 2025 2637 2082 Verbum
2681 2036 2798 2082 erat
2817 2029 2955 2097 apud
2976 2027 3166 2094 Deum,
3194 2041 3247 2084 et
3275 2026 3417 2082 Deus

1834 2128 1951 2173 erat
1981 2116 2212 2173 Verbum
2237 2119 2261 2172 ?
2300 2137 2320 2170 ι

1903 2209 1963 2265 Β.
2004 2207 2140 2275 Quis
2168 2209 2373 2265 dubitet
2406 2211 2431 2265 ?

1820 2350 1827 2359 .
1907 2302 1975 2358 A.
2006 2303 2469 2368 Quemadmodum
2522 2304 2688 2375 igitur
2737 2304 2926 2372 gloria:
2964 2304 3225 2361 Dominus
3270 2307 3418 2363 exsi-

1833 2407 2006 2463 stens,
2042 2411 2165 2451 cum
2200 2410 2259 2450 se
2285 2395 2505 2451 demisit
2536 2408 2721 2467 postea
2752 2399 2819 2452 ad
2864 2392 3077 2454 servilis
3100 2398 3285 2454 formae
3322 2401 3423 2454 hn-

1837 2491 2144 2556 militatem,
2164 2490 2390 2559 gloriam
2414 2506 2518 2561 qua
2543 2492 2611 2545 ab
2635 2500 2840 2546 aeterno
2866 2491 3126 2562 prmditus
3153 2502 3236 2547 est
3269 2495 3418 2548 reddi

1838 2582 1940 2639 sibi
1972 2583 2144 2652 poscit
2167 2593 2223 2637 et
2255 2582 2470 2650 quidem
2513 2583 2615 2636 hoc
2643 2593 3005 2654 congruenter
3036 2585 3285 2639 humanae
3320 2601 3418 2639 na-

1840 2683 1977 2730 tura:
2010 2675 2140 2730 facit
2174 2692 2188 2728 :
2224 2675 2298 2730 ita
2329 2676 2494 2730 etiam
2538 2675 2679 2729 Deus
2729 2691 2944 2746 semper
2989 2677 3258 2733 exsistens
3286 2717 3302 2741 ,
3354 2678 3421 2731 ad

1842 2768 2072 2837 propria:
2104 2783 2215 2823 suae
2272 2768 2490 2822 deitatis
2541 2768 3056 2837 supereminentiam
3102 2779 3158 2823 et
3195 2770 3421 2840 gloriam

1842 2868 1875 2908 e
1907 2866 2095 2910 nostra
2130 2856 2443 2911 conditione
2466 2871 2679 2910 rursum
2707 2859 3046 2923 conscendit,
3075 2868 3133 2912 ut
3166 2870 3420 2929 tauquam

1843 2949 1936 3002 uni
1998 2948 2252 3018 deinceps
2302 2948 2534 3002 naturali
2580 2964 2645 3003 ac
2687 2964 2818 3003 vero
2865 2947 3035 3013 Filio,
3070 2952 3283 3005 tametsi
3333 2966 3424 3006 no-

1845 3042 1944 3096 stri
2001 3041 2162 3095 simili
2224 3042 2373 3095 facto
2425 3050 2587 3110 atque
2617 3041 2900 3096 incarnato
2950 3058 3111 3097 omne
3144 3058 3281 3112 genu
3332 3042 3428 3098 tle-

1850 3143 2059 3198 ctatnr,
2109 3133 2249 3188 sicut
2292 3133 2451 3187 modo
2484 3133 2616 3187 dixi.
2667 3132 2742 3187 lta
2760 3135 2902 3188 enim
2927 3135 3225 3190 sentientes
3268 3146 3432 3205 atque

1851 3226 2156 3293 credentes,
2192 3228 2391 3281 costum
2426 3226 2629 3294 pariter
2665 3236 2722 3280 et
2747 3236 2947 3280 terram
2988 3226 3058 3281 ab
3091 3241 3158 3282 eo
3197 3227 3427 3281 crimine

1848 3320 1991 3391 quod
2020 3318 2293 3374 hominem
2312 3320 2500 3373 adoret
2520 3319 2833 3372 liberamus.
2851 3317 3123 3388 Scriptum
3141 3327 3224 3373 est
3246 3318 3425 3374 enim:

1850 3412 1976 3482 quia
2015 3430 2034 3462 ι
2076 3410 2364 3464 Dominum
2394 3410 2559 3463 Deum
2611 3418 2760 3462 tuum
2804 3408 3075 3475 adorabis,
3120 3418 3175 3464 et
3212 3409 3287 3464 illi
3330 3409 3429 3465 soll

1849 3505 2058 3560 servies
2078 3502 2144 3557 ³⁵.
2169 3520 2188 3554 ι

1923 3595 1985 3649 Β.
2025 3594 2205 3649 Multis
2238 3592 2583 3649 adminiculis
2618 3607 2800 3647 sermo
2842 3592 3045 3663 hac§de
3077 3608 3135 3648 re
3168 3592 3429 3665 indigeat.

1851 3686 2022 3757 Perge
2057 3687 2271 3754 itaque,
2308 3693 2364 3738 et
2402 3682 2524 3766 aliis
2565 3682 2730 3736 etiam
2777 3682 3082 3737 rationibus
3109 3683 3266 3738 nobis
3318 3698 3432 3754 my—

1850 3781 2077 3836 sterium
2107 3779 2340 3848 explica.

1922 3871 1988 3926 A.
2022 3874 2277 3941 Pergam,
2305 3879 2360 3925 et
2392 3869 2609 3939 quidem
2643 3867 2996 3938 perlibenter.
3032 3869 3272 3925 Dixerim
3298 3886 3433 3926 vero

1852 3978 1947 4020 eos
1976 3979 2005 4017 a
2030 3978 2161 4018 vero
2182 3963 2465 4027 aberrare,
2487 3961 2628 4031 quod
2656 3960 2821 4015 alium
2856 3961 3016 4016 nobis
3052 3960 3219 4016 ﬁlium
3238 3964 3328 4033 qui
3362 3968 3437 4019 sit

1853 4071 1921 4111 ex
1948 4055 2157 4111 semine
2184 4053 2354 4108 David
2385 4053 2722 4122 conjungnnt
2757 4068 2879 4107 cum
2939 4054 3169 4108 naturali
3203 4070 3267 4109 ac
3309 4070 3435 4110 vero

1853 4144 1997 4200 Filio
2031 4187 2046 4212 ,
2109 4144 2368 4200 nimirum
2442 4144 2773 4212 Unigenito,
2852 4158 2974 4198 cum
3019 4144 3221 4214 alioqui
3276 4160 3432 4201 sacra

1855 4240 2137 4311 Scriptura
2170 4247 2354 4307 aperte
2388 4236 2628 4292 clamet:
2672 4253 2691 4286 ι
2738 4234 3134 4291 Primusltomo
3182 4252 3246 4292 ex
3292 4248 3432 4292 terra

1853 4340 2126 4395 terrenus,
2177 4328 2447 4383 secundus
2499 4341 2563 4381 ex
2610 4326 2751 4380 cudo
2806 4326 3039 4381 caelestis
3076 4326 3122 4359 ³⁵
3161 4344 3175 4382 :
3236 4344 3256 4380 ι
3292 4330 3435 4399 ,ᾳιιὶη

1850 4432 1907 4479 et
1928 4422 2069 4477 Filio
2093 4420 2212 4489 ipso
2244 4419 2495 4481 dicente,
2549 4418 2675 4486 quia
2706 4434 2724 4468 ι
2760 4416 3023 4471 Descendi
3045 4432 3109 4472 ex
3142 4418 3300 4485 caelo,
3331 4436 3434 4473 non

1780 4542 1825 4597 ι)
1855 4526 1915 4572 ut
1948 4515 2147 4570 faciam
2180 4512 2515 4569 voluntatem
2564 4525 2774 4573 meam,
2815 4510 2909 4565 sed
2947 4510 3277 4565 voluntatem
3323 4511 3440 4579 ejus

1856 4610 1946 4681 qni
1976 4608 2123 4663 misit.
2161 4621 2269 4661 me.
2302 4604 2429 4658 Haec
2452 4610 2537 4658 est
2567 4612 2748 4656 autem
2779 4603 3024 4656 voluntas
3064 4600 3181 4669 ejus
3207 4602 3297 4672 qui
3333 4606 3436 4656 tui-

216 3591 283 3643 B.
317 3585 604 3640 Πλείστων
650 3584 718 3640 ἂν
751 3585 922 3639 δέοιτο
968 3585 1074 3640 τῶν
1114 3587 1575 3659 ἐπικουρημάτων
1604 3590 1632 3641 ὁ
1656 3589 1749 3643 ἐπὶ

126 3683 280 3755 τῷδε
314 3679 509 3748 λόγος.
555 3678 658 3732 Ἴθι
700 3678 765 3750 δὴ
788 3676 881 3733 οὖν
908 3680 1001 3733 καὶ
1029 3678 1096 3732 δι’
1141 3680 1342 3750 ἑτέρων
1373 3682 1505 3751 ἡμῖν
1530 3682 1748 3735 ἐννοιῶν

120 3776 402 3845 διασάφει
430 3774 499 3825 τὸ
524 3773 846 3844 μυστήριον.

196 3869 269 3922 Α.
311 3862 543 3920 Οὐκοῦν
572 3858 689 3934 εἶμι
729 3880 833 3929 τοι,
871 3863 967 3917 καὶ
1007 3862 1153 3933 μάλα
1207 3861 1507 3935 προθύμως
1531 3880 1544 3893 σ
1583 3863 1749 3934 φαίην

120 3964 169 4018 δ’
199 3962 297 4026 ἂν,
324 3960 417 4013 ὅτι
446 3956 810 4028 ἡμαρτήκασι
833 3954 1125 4027 τάληθοῦς,
1155 3954 1230 4019 ὡς
1260 3956 1447 4027 ἕτερον
1479 3957 1610 4027 ἡμῖν
1633 3956 1748 4008 υἱὸν

123 4057 228 4111 τὸν
266 4054 340 4106 ὲκ
383 4048 706 4120 σπέρματος
738 4048 833 4102 τοῦ
858 4048 1025 4102 Δαϐὶδ
1050 4046 1531 4120 παραζευγνύντες
1556 4047 1635 4119 τῷ
1656 4048 1750 4116 φύς

129 4166 221 4203 σει
258 4145 366 4200 καὶ
401 4140 645 4212 ἀληθῶς,
697 4140 855 4212 δῆλον
884 4142 943 4195 δὲ
986 4142 1069 4195 ὃτι
1114 4140 1193 4212 τῷ
1223 4142 1542 4210 Μονογενεῖ,
1572 4140 1748 4194 καίτοι

126 4240 387 4315 βοῶντος
428 4233 620 4303 σαφῶς
664 4233 809 4305 ἱεροῦ
851 4233 1203 4305 Γράμματος
1242 4253 1261 4286 ι
1309 4233 1367 4287 '0
1413 4233 1627 4304 πρῶτος
1658 4232 1749 4285 ἀν·-

126 4337 372 4408 θρωπος
393 4330 467 4382 ὲκ
496 4330 600 4398 γῆς
617 4326 821 4399 χοῖκὸς,
847 4327 876 4379 ὁ
912 4326 1165 4398 δεύτερος
1195 4325 1256 4391 ἐξ
1301 4324 1533 4397 ούρανοῦ
1555 4340 1566 4353 ’
1598 4344 1618 4376 ι
1654 4327 1748 4379 καὶ

132 4427 250 4498 μὴν
280 4422 388 4479 καὶ
413 4417 587 4474 αὐτοῦ
617 4417 711 4471 τοῦ
746 4417 901 4485 Υἱοῦ,
928 4420 1010 4472 ὅτι
1030 4436 1047 4469 ι
1068 4417 1443 4488 Καταὸἐϐηκα
1467 4418 1532 4471 ὲκ
1547 4416 1642 4471 τοῦ
1661 4418 1750 4470 ού-

130 4517 336 4593 ρανοῦ,
370 4514 436 4567 ού
445 4530 482 4582 χ
506 4511 593 4564 ἵνα
623 4509 763 4564 ποιῶ
789 4510 851 4563 τὸ
871 4510 1083 4581 θέλημα
1098 4510 1157 4563 τὸ
1177 4509 1336 4580 ἐμὸν,
1356 4509 1491 4563 ἀλλά
1511 4510 1574 4562 τὸ
1591 4508 1750 4580 θέλη-

126 4630 213 4685 μα
234 4608 337 4664 τοῦ
375 4602 708 4675 πέμψαντός
738 4619 829 4671 με.
856 4600 1027 4654 Τοῦτο
1062 4600 1121 4654 δέ
1167 4603 1284 4653 ἐστι
1319 4599 1380 4653 τὸ
1412 4599 1625 4670 θέλημα
1653 4598 1747 4653 τοῦ

125 4697 476 4774 πέμψαντός
518 4710 609 4766 με,
640 4694 729 4747 ἵνα
755 4694 862 4747 πᾶν
892 4692 920 4745 ὃ
943 4692 1141 4745 δέδωκέ
1172 4708 1262 4762 μοι
1297 4690 1372 4762 μὴ
1403 4691 1654 4745 ἀπολέσω
1692 4690 1750 4757 ἐξ

125 4793 334 4859 αὐτοῦ,
366 4787 521 4845 ἀλλά
545 4786 835 4858 ἀναστήσω
861 4785 993 4839 αὐτὸ
1016 4788 1084 4855 τῇ
1108 4784 1312 4855 ἐσχάτῃ
1336 4784 1537 4855 ἡμέρα.
1571 4803 1590 4835 ι
1620 4783 1752 4835 Τίνα

125 4892 195 4964 δὴ
231 4884 336 4943 οὖν
368 4885 493 4957 ἄρα
520 4881 659 4952 φασὶ
680 4880 773 4935 τὸν
801 4879 861 4945 ἐξ
891 4878 1120 4951 οὐρανοῦ
1159 4877 1488 4948 καθιγμένον
1512 4895 1526 4944 ;
1554 4876 1750 4945 Γεγέν-

125 4999 298 5056 νηται
331 4978 456 5050 γὰρ
490 4973 562 5029 τὸ
590 4973 751 5044 σῶμα
774 4975 840 5027 ὲκ
870 4973 1150 5042 γυναικός.

202 5078 270 5129 Β.
292 5072 411 5127 Τὸν
438 5070 514 5121 ἐκ
537 5064 675 5119 Θεοῦ
707 5066 922 5138 Πατρδς
947 5064 1189 5137 δηλονότι
1211 5063 1542 5137 γεννηθέντα
1561 5063 1754 5130 Λόγον.

124 5165 312 5241 Οἶμαι
355 5162 436 5235 γά
445 5179 483 5235 ρ
509 5159 617 5230 οὐχ
642 5158 827 5229 ἕτερόν
848 5175 901 5212 τι
940 5162 1158 5231 φρονεῖν
1181 5158 1394 5213 ἑλέσθαι
1424 5159 1576 5230 παρά
1600 5156 1759 5210 τοῦτο

123 5258 371 5321 αὐτούς.

1857 5250 2013 5305 velle.

201 5358 277 5409 Δ.
331 5347 587 5425 Ὀρθῶς,
620 5338 665 5399 ὦ
688 5346 890 5418 ἑταῖρε.
922 5346 1172 5416 Γέγραφε
1202 5346 1259 5399 δέ
1287 5363 1389 5399 που
1435 5346 1528 5400 καὶ
1553 5348 1582 5400 ό
1613 5345 1722 5399 πάν

1935 5344 2002 5397 Α.
2033 5340 2201 5396 Recte
2231 5339 2331 5401 ais,
2357 5354 2390 5394 ο
2426 5337 2619 5392 amice.
2650 5334 2885 5405 Scripsit
2909 5350 3037 5388 vero
3057 5332 3251 5387 alicubi
3276 5333 3438 5387 etiam

123 5464 307 5517 σοφος
359 5442 643 5509 Ἰωάννης
670 5456 689 5470 '
748 5458 767 5491 ι
832 5439 890 5493 ⁸0
936 5439 1141 5493 ἄνωθεν
1197 5439 1510 5510 ἐρχόμενος,
1570 5438 1730 5493 ὲπάνι

1866 5433 2301 5505 sapientissimus
2329 5429 2569 5486 Joannes
2605 5445 2620 5483 :
2662 5447 2680 5479 ι
2738 5428 2839 5495 Qui
2883 5442 2915 5483 e
2953 5427 3202 5495 superuis
3260 5427 3440 5491 venit,

124 5548 369 5597 πάντων
434 5530 619 5587 ἐστίν.
661 5550 679 5583 ι
719 5525 853 5584 Εἶτα
900 5530 1015 5595 πῶς
1066 5530 1484 5595 ἐθέλοντοςοτοῦ
1540 5530 1730 5601 Πατρὸη

1865 5542 2027 5601 super
2053 5523 2426 5598 omnesest“.
2452 5522 2639 5593 »Αυιυί
2672 5520 2943 5591 quomodo
2972 5536 3093 5574 cum
3123 5517 3289 5573 Pater
3316 5518 3446 5575 velit

1858 4702 1929 4756 sit
1951 4714 2059 4765 me,
2090 4705 2151 4752 ut
2176 4709 2341 4751 omne
2392 4694 2538 4764 quod
2573 4693 2723 4749 dedit
2764 4692 2900 4747 mihi
2937 4707 3044 4747 non
3093 4693 3337 4748 amittam
3368 4709 3437 4750 ex

1858 4808 1945 4856 eo,
1973 4791 2067 4847 sed
2100 4788 2417 4846 resuscitem
2440 4786 2569 4841 illud
2598 4787 2652 4841 in
2677 4786 2973 4842 novissimo
2996 4786 3084 4841 die
3111 4786 3209 4841 ⁸⁷.»
3229 4787 3433 4855 Quem-

1858 4903 1984 4941 nam
2009 4884 2173 4955 igitur
2200 4895 2324 4936 esse
2348 4880 2535 4934 dicunt
2560 4893 2682 4932 eum
2717 4877 2806 4945 qui
2841 4892 2871 4931 e
2919 4877 3061 4933 caelo
3102 4877 3382 4933 descendit
3415 4879 3439 4932 τ

1858 4988 2040 5034 natum
2072 4975 2216 5030 enim
2241 4980 2325 5028 est
2353 4986 2551 5041 corpus
2584 4985 2648 5023 ex
2677 4968 2927 5023 muliere.

1929 5067 1993 5123 B.
2027 5063 2263 5122 Verbum
2291 5062 2546 5135 profecto
2583 5077 2651 5117 ex
2682 5061 2793 5115 Deo
2830 5060 2991 5115 Patre
3022 5062 3285 5129 genitum.
3333 5060 3437 5115 Ar-

1860 5158 2035 5213 bitror
2113 5155 2259 5210 enim
2344 5153 2491 5223 ipsos
2564 5167 2673 5206 non
2744 5151 2892 5206 aliud
2976 5152 3265 5223 quidquam
3338 5154 3439 5208 hoc

202 5743 255 5776 ιδ
295 5736 473 5862 iam.
530 5745 669 5797 xm,
702 5731 752 5787 5.
831 5731 874 5764 ³⁸
916 5730 1075 5787 Deut.
1114 5745 1186 5798 Vt,
1220 5731 1317 5797 13;
1351 5729 1545 5789 Matth.
1584 5733 1775 5802 tv,10.
1890 5731 1995 5787 "Il
2034 5732 2160 5789 Cor.
2202 5745 2292 5793 xv.
2326 5729 2413 5783 ιτ.
2502 5728 2565 5803 η³τ
2605 5725 2762 5782 .loan.
2794 5742 2865 5793 vr,
2902 5723 2994 5791 58,
3024 5725 3110 5779 59.
3203 5725 3244 5756 "‘
3283 5722 3442 5779 Joau.

202 5857 215 5862 -
253 5813 292 5862 ’5
340 5844 358 5861 .
1824 5823 1834 5830 ·

124 5830 215 5881 ιιι,
253 5813 358 5869 ’51-
1824 5823 1834 5830 ·
