3856 6212
451 316 579 371 iE-‘il

1449 316 1507 371 S.
1550 313 1823 371 CYRILLI
1862 313 2338 369 ALEXANDRINI
2374 313 2701 373 ARCHIEP.

3564 323 3686 377 1-3::

448 434 771 488 resuscitare
790 445 951 487 omne
992 430 1135 500 quod
1179 429 1366 486 datum
1413 443 1496 486 est
1529 432 1601 497 ei,
1646 439 1704 487 et
1762 445 1885 487 cum
1925 445 2013 484 res

2135 428 2415 497 ιναστῆναι
2452 431 2561 483 πᾶν
2588 430 2649 482 τὸ
2691 428 2845 482 δοθὲν
2888 430 3056 501 αὐτῷ,
3090 432 3184 484 καὶ
3215 433 3421 500 ἀγαθοῦ
3465 450 3528 501 γε
3553 436 3687 495 ὄντος

445 525 583 579 bona
631 524 723 584 sit.
760 531 923 591 atque
969 524 1105 578 adeo
1150 521 1329 576 divina
1380 522 1658 594 (convenit
1704 522 1849 578 enim
1908 523 2022 578 Deo

445 616 701 681 salvare),
744 615 861 682 ipse
890 614 1024 668 dixit
1056 614 1387 670 descendere
1410 632 1489 681 se,
1519 632 1627 669 non
1663 626 1721 669 ut
1748 617 1910 670 faciat
1936 632 2026 670 vo-

447 708 704 762 Iuntatem
756 721 950 771 suam,
1004 710 1096 760 sed
1157 707 1379 761 Patris?
1443 707 1800 761 Existimetne
1860 709 2026 770 igitur

444 800 725 869 quisquam
764 808 1032 863 nostrum,
1070 816 1097 851 a
1136 798 1228 851 Dei
1256 808 1307 852 et
1343 799 1520 852 Patris
1556 801 1891 866 benignitate
1932 799 2021 854 Fi-

444 889 573 943 lium
605 889 694 959 qui
726 904 790 943 ex
831 890 945 957 ipso
970 890 1186 956 genitus
1212 900 1313 955 est,
1355 890 1797 957 degenerare?et
1822 892 2022 946 bonum

442 982 660 1051 quidem
690 983 1149 1048 ucutiqnamesse
1175 1022 1189 1045 ,
1240 981 1568 1034 resuscitare
1610 996 1736 1034 vero
1790 982 1838 1033 id
1881 983 2023 1047 quod

442 1073 628 1125 datum
654 1080 737 1126 est
758 1071 805 1124 ei
836 1083 889 1126 et
921 1072 989 1125 ab
1050 1072 1271 1129 interitu
1332 1071 1567 1128 liberare
1594 1073 1694 1143 ipsi
1736 1072 1897 1143 772
1922 1074 2026 1127 dis-

442 1165 642 1235 plicere
669 1162 691 1216 ?

509 1254 570 1307 Β.
611 1253 1013 1307 Periclitamur.

512 1346 578 1401 A.
609 1348 768 1415 Atqui
792 1345 982 1398 merito
1000 1343 1219 1413 quidem
1251 1343 1323 1397 ita
1350 1353 1677 1405 statuamus,
1706 1359 1829 1397 cum
1861 1342 2024 1397 Pater

443 1441 617 1495 bonus
656 1442 745 1501 sil,
786 1438 981 1491 Filium
1010 1453 1224 1505 quoque
1250 1453 1405 1490 suum
1444 1438 1616 1503 teipsa
1646 1442 1841 1488 bonum
1881 1451 2023 1490 esse.

444 1528 575 1582 Nam
610 1544 639 1581 a
674 1529 850 1579 fructu
891 1528 1054 1579 arbor
1086 1525 1433 1595 CugIIOSCiIUI‘
1457 1525 1522 1589 ³³,
1552 1528 1704 1593 jura
1744 1527 1913 1594 ipsius
1945 1525 2026 1579 di-

443 1632 611 1674 ctum.
645 1619 780 1673 Vere
841 1618 993 1679 dicit,
1027 1632 1153 1669 cum
1207 1616 1284 1670 ait
1318 1630 1334 1667 :
1378 1635 1395 1666 ι
1429 1617 1529 1683 Qui
1569 1620 1695 1669 vidit
1733 1634 1856 1681 uie,
1892 1616 2025 1670 vidit

444 1720 497 1762 et
520 1706 731 1761 Patrem
763 1706 830 1759 ⁸ο.
862 1704 975 1774 Ego
1010 1714 1060 1759 et
1101 1706 1261 1760 Pater
1284 1722 1450 1760 unum
1476 1723 1663 1761 sumus
1687 1708 1753 1761 δ’.
1791 1725 1812 1758 ι

517 1999 578 2053 Β.
636 1999 801 2054 Recte
845 1998 944 2053 ais.
1004 1996 1230 2052 Declara
1290 1999 1473 2071 itaque
1529 2010 1585 2055 tu
1623 2001 1737 2072 ipsc
1789 2000 1843 2056 id
1879 2003 2023 2071 quod

443 2094 672 2147 obscure
705 2095 906 2146 dictum
942 2103 1046 2146 est.

514 2186 581 2241 Α.
632 2184 869 2240 Dicimus
905 2200 1013 2239 non
1060 2184 1231 2241 fuisse
1279 2193 1478 2255 praeter
1521 2185 1852 2240 voluntatem
1899 2185 2019 2241 Filii

445 2268 661 2333 abolere
698 2287 945 2342 mortem,
974 2290 1027 2332 et
1078 2279 1146 2332 ab
1180 2278 1432 2331 humanis
1482 2279 1805 2345 corporibus
1855 2280 2025 2334 inter-

448 2372 579 2425 itum
622 2369 943 2438 proﬂigare:
996 2386 1015 2420 ι
1054 2368 1239 2439 Neque
1274 2370 1417 2423 enim
1466 2370 1767 2425 delectatur
1800 2371 2022 2426 interitu

445 2461 759 2516 viventium.
784 2460 1060 2515 Salutares
1079 2475 1206 2515 vero
1223 2470 1347 2514 sunt
1367 2463 1746 2529 generationes
1778 2464 2016 2528 mundi,»

444 2555 863 2623 sicutscriptum
886 2560 969 2607 est
984 2553 1085 2605 ".c
1104 2553 1306 2607 invidia
1332 2562 1513 2607 autem
1537 2554 1733 2607 diaboli
1764 2570 1909 2609 mors
1938 2556 2024 2609 in-

432 2646 629 2717 itroisit
660 2645 712 2700 in
736 2646 922 2699 orbem
949 2654 1215 2699 terrarum
1234 2643 1301 2699 “.
1324 2664 1342 2696 ι
1362 2644 1432 2698 At
1474 2645 1842 2700 tristissimum
1877 2663 2024 2701 mor-

448 2739 513 2792 tis
543 2738 828 2808 imperium
864 2752 966 2792 nou
998 2737 1100 2789 alia
1134 2737 1341 2790 ratione
1382 2738 1561 2790 ext-uti
1591 2749 1826 2805 poterat,
1860 2754 2023 2808 quam

446 2844 541 2897 per
569 2830 738 2883 solam
778 2826 1058 2895 Unigeniti
1087 2828 1544 2882 incarnatimiem.
1600 2826 1807 2884 Idcirco
1836 2830 1886 2883 in
1924 2848 2025 2883 no-

445 2932 554 2975 stra
591 2921 759 2976 forma
798 2920 1073 2990 apparuit,
1105 2922 1491 2990 propriumque
1522 2921 1625 2975 sibi
1675 2922 1802 2977 fecit
1831 2939 2027 2992 corpus

446 3014 589 3089 quod
622 3012 861 3067 interitui
891 3013 1191 3067 obnoxium
1240 3022 1400 3077 crat,
1446 3015 1741 3068 secundum
1785 3016 2025 3069 rationes

446 3121 565 3174 quae
607 3116 813 3158 natura;
856 3105 1062 3170 insunt,
1103 3115 1161 3159 ut
1204 3120 1326 3160 cum
1359 3107 1473 3175 ipse
1518 3105 1589 3159 sit
1638 3106 1747 3160 vita
1789 3107 2023 3176 (genitus

445 3202 588 3252 enim
625 3206 709 3252 est
753 3214 817 3252 ex
861 3200 973 3251 vita
1030 3197 1230 3262 Patris)
1289 3197 1568 3267 pr0prium
1622 3213 1779 3252 suum
1825 3203 2020 3251 bonum

448 3291 521 3343 illi
549 3291 777 3354 inserat,
812 3289 913 3343 hoc
948 3298 1056 3353 est,
1087 3289 1273 3341 vitam.
1306 3287 1442 3341 Cum
1469 3298 1649 3341 autem
1674 3287 1775 3357 ipsi
1805 3290 2027 3342 omnino

446 3382 709 3450 placuerit
740 3381 1075 3451 benignitate
1107 3391 1271 3449 atque
1304 3380 1682 3435 benevolentia
1740 3396 1867 3449 erga
1928 3381 2028 3434 liti-

449 3490 665 3527 manum
693 3488 882 3541 genus,
914 3484 1153 3527 nostram
1182 3472 1589 3526 similitudinem
1616 3473 1825 3537 subire,
1856 3487 2017 3541 opor-

451 3567 549 3621 tuit
583 3581 795 3634 quoque
822 3581 945 3619 eum
984 3566 1093 3635 pati
1157 3564 1349 3635 impias
1396 3563 1704 3619 Judaaorum
1741 3577 2025 3619 contume-

450 3657 573 3711 lias.
612 3656 740 3709 Erat
770 3670 900 3709 vero
954 3654 1033 3707 illi
1068 3656 1245 3724 gravis
1278 3656 1567 3724 conjuncta
1606 3670 1729 3709 cum
1773 3655 2025 3725 passione

447 3747 762 3818 ignominia.
804 3746 1011 3800 Idcirco
1042 3746 1362 3801 imminente
1407 3747 1521 3816 jam
1569 3754 1847 3816 tempore,
1905 3762 2017 3816 quo

449 3842 600 3895 illutn
628 3856 727 3909 pro
753 3841 998 3894 omnium
1027 3840 1137 3893 vita
1174 3853 1391 3895 crucem
1426 3839 1581 3893 adire
1614 3839 1921 3907 oportebat,
1967 3849 2028 3892 ut

449 3931 753 4001 passionem
792 3941 991 3999 praeter
1046 3930 1376 3984 voluntatem
1417 3944 1571 3983 suam
1616 3929 1866 3983 accidere
1920 3928 2023 3984 sibi

445 4022 767 4086 declararet,
810 4023 1044 4074 humano
1078 4035 1228 4075 more
1267 4019 1335 4073 ad
1383 4034 1501 4074 eam
1560 4020 1834 4083 accessit,
1878 4030 1933 4074 et
1973 4021 2023 4073 in

448 4115 665 4166 modum
695 4112 1029 4180 precationis
1062 4110 1135 4163 ita
1164 4109 1378 4164 Patrem
1412 4108 1678 4165 allocutus
1708 4120 1827 4163 est:
1864 4129 1881 4161 ι
1919 4110 2025 4165 Pa-

452 4214 552 4264 ter.
593 4205 637 4256 si
674 4201 790 4257 ﬁeri
829 4210 1030 4271 potest,
1081 4211 1321 4256 transeat
1360 4216 1390 4254 a
1431 4215 1515 4254 me
1554 4202 1690 4255 calix
1730 4203 1851 4255 iste.
1906 4200 2025 4257 Cte-

452 4306 624 4348 terum
649 4309 752 4347 non
781 4304 839 4347 ut
863 4308 961 4363 ego
985 4294 1126 4359 volo,
1156 4295 1249 4347 sed
1283 4296 1502 4346 sicuttu
1520 4291 1585 4345 “.
1623 4310 1642 4345 ι
1674 4291 2027 4347 Descendisse

449 4402 512 4438 ex
564 4386 701 4439 (mlo
728 4386 821 4449 ait,
863 4401 968 4436 non
1011 4383 1183 4437 invite
1219 4383 1489 4437 facturum
1525 4380 1578 4435 id
1607 4384 1749 4449 quod
1785 4380 2025 4436 dolorem

2129 520 2223 574 τοῦ
2253 522 2598 592 πράγματος,
2628 522 2719 575 καὶ
2747 522 2968 593 προσέτι
2995 522 3334 595 θεοπρεποῦς
3376 525 3576 594 (ἐοικὸς
3594 528 3690 595 γὰρ

2130 612 2250 684 Θεῴ
2278 614 2339 666 τὸ
2366 612 2560 678 σώζειν
2599 615 2789 684 ἐστίν),
2826 615 2986 677 αὐτὸς
3017 615 3119 686 ἔφη
3152 616 3452 679 κατελθεῖν,
3478 618 3578 687 οὐχ
3615 618 3689 669 iv:

2132 708 2257 774 ποιῇ
2292 706 2351 758 τὸ
2385 706 2595 776 θέλημα
2626 708 2685 761 τὸ
2726 707 2919 760 ἑαυτοῦ
2949 708 3168 777 μᾶλλον,
3196 709 3330 762 ἀλλὰ
3364 710 3425 762 τὸ
3466 710 3559 763 τοῦ
3591 711 3691 763 Πα-

2132 796 2289 866 τρός;
2324 792 2449 868 Ἆρ’
2479 794 2571 850 οὖν
2597 800 2825 868 οἱήσαιτ¹
2856 798 2919 850 ἄν
2950 815 3034 861 τις
3075 799 3182 850 τῶν
3223 800 3280 851 ὲν
3304 801 3457 870 ἡμῖν,
3483 802 3581 871 τῆς
3606 801 3691 854 τοῦ

2132 886 2264 939 Θεοῦ
2299 889 2394 940 καὶ
2441 889 2651 957 Πατρὸς
2684 888 3018 958 ἡμερότητος
3064 890 3199 943 ἰέναι
3238 890 3467 943 κατόπιν
3507 892 3599 943 τὸν
3640 892 3692 956 ἐξ

2132 977 2296 1031 αὑτοῦ
2328 978 2499 1047 φύντα
2529 978 2677 1041 Υἱὸν,
2710 981 2802 1032 καὶ
2831 974 2971 1031 εἶναι
3013 979 3109 1047 μὲν
3138 980 3339 1047 ἀγαθὸν
3370 981 3573 1049 ἥκιστὰ
3615 997 3689 1047 γε,

2132 1072 2191 1123 τδ
2232 1071 2288 1123 δὲ
2339 1071 2640 1140 ἀναστῆσαι
2689 1072 2749 1124 τὸ
2806 1070 2959 1127 δοθὲν
3000 1072 3094 1125 καὶ
3133 1071 3435 1138 ἀπαλλάξαι
3474 1073 3693 1143 φθορᾶς,

2132 1164 2404 1237 ἀπᾴδει[ν]
2446 1166 2592 1233 αὐτῷ
2618 1183 2631 1231 ;

2205 1258 2264 1311 Β.
2299 1259 2711 1328 Κινδυνεύομεν.

2202 1350 2267 1403 A'.
2305 1350 2492 1401 Καίτοι
2525 1350 3023 1420 καταλογισαίμεθα
3042 1350 3128 1417 ἂν,
3163 1350 3254 1405 καὶ
3288 1350 3433 1421 μάλα
3455 1350 3696 1413 εἰκότως.

2133 1442 2361 1513 ἐπείπερ
2388 1442 2533 1494 ἐστὶν
2560 1442 2762 1509 ἀγαθοῦ
2788 1444 2994 1513 Πατρὸς
3018 1450 3235 1513 γνήσιον
3257 1446 3524 1515 γέννημα,
3550 1444 3698 1495 voci-3

2133 1532 2245 1605 [ἂν]
2267 1534 2529 1603 ὑπάρχειν
2549 1535 2639 1585 καὶ
2658 1535 2819 1597 αὐτὸς
2836 1534 3058 1602 ἀγαθὸς,
3072 1536 3235 1605 ἤγουν
3257 1537 3604 1606 αὐτόχρημα,
3625 1536 3701 1586 ὅτι

2131 1627 2354 1694 ἀγαθόν.
2394 1625 2523 1678 Ἀπὸ
2576 1626 2683 1696 γὰρ
2735 1626 2829 1679 τοῦ
2854 1628 3071 1698 καρποῦ
3098 1628 3158 1680 τὸ
3200 1627 3411 1698 δένδρον
3439 1628 3702 1695 γινώσκε-

2129 1736 2240 1781 ται,
2270 1738 2291 1769 ι
2323 1720 2464 1772 κατὰ
2491 1717 2588 1789 τὴν
2634 1718 2797 1771 αὐτοῦ
2845 1720 3063 1790 φωνήν·
3093 1719 3379 1789 ἀληθεύσει
3426 1720 3509 1782 δὲ,
3567 1720 3703 1774 οὕτω

2058 1812 2100 1867 Β
2129 1810 2322 1878 λέγων·
2364 1812 2421 1863 '0
2449 1809 2708 1882 ἑωρακὼς
2745 1810 2863 1881 ἐμὲ,
2902 1810 3113 1881 ἑώρακε
3152 1812 3241 1865 τὸν
3282 1812 3522 1882 Πατέρα.
3567 1813 3703 1880 Ἐγὼ

2126 1904 2218 1957 καὶ
2250 1907 2280 1956 ὀ
2308 1903 2517 1975 Πατὴρ,
2554 1905 2611 1958 ἓν
2636 1905 2821 1975 ἐσμεν.
2857 1922 2875 1955 ι

2195 1995 2256 2049 Β.
2282 1992 2359 2049 Εὖ
2404 1995 2560 2067 ἔφης.
2609 1998 2871 2065 Διασὰφει
2899 1996 2962 2067 δὴ
3014 1992 3107 2049 οὖν
3136 1997 3295 2061 αὐτὸς
3324 1997 3387 2051 τὸ
3446 1997 3705 2070 ἀμυδρῶς

2124 2088 2378 2159 εἰρῆσθαι
2403 2088 2610 2142 δοκοῦν.

2196 2182 2259 2233 Δ.
2290 2181 2403 2233 Οὐκ
2433 2180 2727 2252 ἀϐούλητον
2757 2184 2853 2251 μὲν
2907 2184 3158 2251 γενέσθαι
3190 2185 3367 2254 φαμὲν
3396 2184 3476 2254 τῷ
3508 2184 3623 2253 Υἱῷ
3650 2186 3707 2235 τι

2125 2274 2470 2344 καταργῆσαι
2499 2275 2744 2341 θάνατον,
2785 2278 2881 2330 καὶ
2907 2279 3243 2347 ἀποσοϐῆσαι
3276 2279 3387 2331 τῶν
3427 2278 3707 2349 ἀνθρωπί-

2124 2382 2229 2417 νων
2274 2367 2539 2435 σωμὰτων
2580 2368 2680 2436 τὴν
2734 2368 2959 2440 φθοράν.
2994 2389 3012 2421 ι
3054 2372 3127 2424 Οὐ
3157 2370 3262 2441 γὰρ
3308 2371 3576 2441 τέρπεται
3626 2369 3709 2423 ἐπ’

2124 2457 2371 2529 ἀπωλείᾳ
2402 2458 2617 2523 ζώντων
2646 2477 2660 2491 ·
2701 2466 2955 2532 σωτήριοι
2992 2463 3048 2515 δὲ
3098 2465 3192 2515 καὶ
3234 2465 3288 2514 αἱ
3320 2463 3572 2529 γενέσεις
3619 2463 3709 2516 τοῦ

2126 2550 2354 2619 κόσμου,
2399 2570 2417 2601 ι
2459 2551 2602 2604 κατὰ
2638 2552 2697 2604 τὸ
2744 2554 3146 2623 γεγραμμένον.
3186 2572 3205 2602 ο
3242 2554 3427 2623 Φθόνῳ
3454 2554 3711 2607 δὲδιαϐό-

2124 2640 2216 2693 λου
2272 2642 2499 2706 Θάνατος
2533 2644 2777 2715 εἰσῆλθεν
2823 2647 2903 2708 εἰς
2927 2646 3017 2698 τὸν
3044 2648 3266 2717 κόσμον.
3306 2665 3322 2698 ι
3346 2647 3489 2699 Ἀλλ’
3517 2644 3587 2718 ἦν
3613 2650 3709 2716 οὐχ

2125 2726 2325 2805 ἑτέρως
2344 2736 2405 2788 τὸ
2434 2736 2654 2806 ἁμειδὲς
2686 2736 2779 2790 τοῦ
2808 2737 3037 2791 Θανάτου
3067 2738 3452 2792 κατασείεσθαι
3488 2740 3709 2809 κράτος.

2124 2826 2263 2896 πλὴν
2292 2827 2375 2879 ὅτι
2402 2826 2489 2880 διὰ
2520 2827 2689 2899 μόνης
2714 2830 2813 2898 τῆς
2842 2828 3303 2900 ὲνανθρωπήσεως
3335 2830 3432 2883 τοῦ
3466 2831 3712 2896 Μονογε-

2123 2918 2265 2981 νοῦς.
2286 2918 2553 2990 Ταύτῃτοι
2576 2922 2783 2991 πέφηνε
2806 2922 2926 2975 καθ’
2944 2924 3108 2993 ἡμᾶς,
3142 2923 3235 2976 καὶ
3261 2922 3390 2975 ἴδιον
3412 2925 3715 2995 ἐποιήσατο

2126 3008 2285 3079 σῶμα
2313 3009 2373 3063 τὸ
2402 3011 2508 3063 ὑπὸ
2534 3010 2761 3082 φθορὰν,
2784 3013 2924 3066 κατά
2955 3029 3020 3081 γε
3049 3013 3175 3076 τοὺς
3208 3012 3426 3076 ὲνόντας
3451 3017 3524 3084 τῇ
3554 3013 3715 3081 φύσει

2123 3101 2334 3169 λόγους,
2382 3102 2448 3155 ἶν’
2480 3102 2710 3175 ἐπείπερ
2744 3104 2892 3157 ἐστὶν
2932 3104 3093 3167 αὐτὸς
3132 3106 3164 3174 ἡ
3212 3102 3323 3174 ζωὴ
3364 3107 3717 3174 (γεγέννηται

2126 3198 2233 3265 γὰρ
2267 3199 2330 3248 ὲκ
2360 3196 2503 3267 ζωῆς
2532 3196 2624 3249 τοῦ
2654 3198 2911 3266 Πατρὸς),
2942 3198 3255 3270 ὲμφυτεύσῃ
3294 3198 3354 3250 τὸ
3396 3198 3534 3252 ἴδιον
3581 3200 3721 3267 ἁγαο

2128 3286 2218 3339 θὸν
2254 3286 2419 3358 αὐτῷ,
2455 3288 2700 3341 τουτέστι
2730 3288 2830 3354 τὴν
2873 3288 3041 3359 ζωήν.
3081 3289 3353 3359 Ἐλομένῳ
3390 3289 3448 3342 δὲ
3484 3289 3639 3354 ἅπαξ
3662 3289 3721 3354 ἐξ

2125 3380 2461 3449 ἡμερότητος
2506 3380 2601 3431 καὶ
2645 3379 3079 3451 φιλανθρωπίας,
3114 3383 3211 3451 τὴν
3256 3380 3390 3450 πρὸς
3430 3382 3721 3452 ἡμετέραν

2126 3471 2384 3540 ὁμοίωσιν
2416 3470 2689 3535 ὑπελθεῖν,
2718 3470 2825 3523 ἔδει
2850 3470 3121 3541 συμϐῆναι
3152 3471 3246 3524 καὶ
3280 3471 3339 3523 τὸ
3363 3472 3589 3535 παθεῖν,
3623 3472 3722 3541 τῆς

2141 3563 2404 3616 Ἰουδαίων
2453 3564 2799 3633 ἀνοσιότητος
2854 3562 3293 3634 ὲμπαροινούσης
3337 3562 3514 3633 αὐτῷ.
3578 3565 3723 3614 Ἀλλ’

2126 3652 2195 3727 ἦν
2246 3654 2395 3725 αὐτῷ
2439 3656 2692 3726 φορτικὸν
2734 3654 2795 3708 τὸ
2823 3658 2879 3709 ὲν
2918 3655 2997 3726 τῷ
3048 3656 3237 3709 παθεῖν
3286 3654 3574 3717 δυσκλεές.
3618 3658 3723 3707 Καὶ

2126 3746 2255 3815 γοῦν
2289 3746 2572 3809 ἐνστάντος
2602 3745 2818 3816 καιροῦ,
2855 3747 2973 3798 καθ’
3003 3746 3061 3798 ὃν
3092 3746 3196 3797 ἔδει
3221 3746 3311 3796 τὸν
3337 3745 3484 3815 ὑπέρ
3524 3761 3591 3811 γε
3619 3746 3721 3813 τῆς

2128 3837 2381 3890 ἁπάντων
2434 3835 2580 3906 ζωῆς
2625 3838 2915 3906 ὑπομεῖναι
2973 3837 3227 3909 σταυρὸν,
3276 3836 3363 3888 ἵνα
3409 3835 3475 3887 τὸ
3526 3836 3726 3889 παθεῖν

2127 3927 2422 3995 ἀϐούλητον
2470 3929 2747 3999 ἀποφήνῃ,
2796 3927 3238 3999 ἁνθρωποπρεπῆ
3305 3928 3405 3997 τὴν
3449 3927 3728 3997 πρόσοδον

2127 4021 2220 4073 καὶ
2250 4020 2325 4083 ὡς
2358 4021 2416 4071 ὲν
2450 4021 2692 4090 σχήματι
2720 4020 3030 4092 προσευχῆς
3060 4022 3293 4073 ἐποιεῖτο
3322 4019 3521 4086 λέγων·
3559 4038 3579 4069 ι
3620 4019 3728 4071 Πά-

2125 4128 2245 4181 τερ,
2278 4113 2325 4164 εἰ
2372 4111 2614 4175 δυνατὸν,
2674 4112 2994 4183 παρελθέτω
3026 4115 3119 4165 ἀπ’
3159 4111 3293 4181 ἐμοῦ
3341 4111 3404 4165 τὸ
3452 4114 3727 4181 ποτήριον

2125 4204 2304 4257 τοῦτο’
2336 4204 2475 4275 πλὴν
2510 4204 2607 4274 οὐχ
2646 4206 2720 4268 ὡς
2755 4204 2866 4272 ἐγὼ
2912 4204 3070 4269 θέλω,
3100 4206 3215 4258 ἀλλ’
3249 4204 3323 4267 ὡς
3351 4204 3435 4259 σύ.
3477 4224 3498 4257 ι
3530 4206 3727 4257 Κατα-

2127 4295 2288 4365 ϐῆναι
2326 4296 2417 4348 τὸν
2449 4295 2507 4360 ἐξ
2534 4296 2762 4367 οὐρανοῦ
2796 4313 2983 4366 φησιν,
3025 4298 3124 4349 οὐκ
3149 4295 3446 4365 ἀϐούλητον
3490 4299 3727 4366 ποιησό-

2130 4403 2289 4457 μενον
2319 4387 2381 4439 τὸ
2431 4386 2658 4450 λυποῦν,
2692 4388 2776 4439 ἵνα
2810 4386 3130 4459 κατορθώσῃ
3177 4388 3287 4447 τοῖς
3329 4388 3423 4438 ἐπὶ
3465 4387 3577 4457 γῆς
3628 4389 3729 4456 τήν

458 4478 706 4540 allen-et,
757 4484 817 4529 ut
855 4490 1042 4528 eorum
1072 4474 1165 4541 qui
1218 4473 1271 4526 in
1305 4473 1461 4527 terris
1497 4481 1623 4526 sunt
1665 4473 2023 4525 resurrectio—

2135 4481 2445 4545 ἀνάστασιν,
2476 4479 2541 4551 ἥν
2576 4479 2640 4551 δὴ
2680 4480 2773 4533 καὶ
2805 4479 2960 4549 μόνος
2991 4479 3149 4541 αὐτὸς
3175 4480 3623 4549 κεκαινοτόμηκε
3661 4483 3725 4547 τῇ

456 4580 573 4618 ncm
602 4563 976 4628 constitueret,
1009 4563 1163 4632 cujus
1188 4562 1407 4632 quidem
1435 4565 1550 4631 ipse
1588 4560 1737 4616 solus
1768 4563 2021 4618 humanae

454 4669 660 4709 naturaa
686 4669 877 4710 auctor
918 4655 1039 4709 fuit.
1091 4654 1292 4708 Factus
1328 4665 1412 4709 est
1458 4655 1603 4709 enim
1638 4656 2026 4723 priinogenitus

2125 4569 2411 4642 ἀνθρώπου
2447 4570 2626 4639 φύσει.
2660 4570 2851 4639 Γέγονε
2879 4571 2986 4640 γὰρ
3031 4572 3369 4641 πρωτότοκος
3399 4574 3469 4623 ἐκ
3503 4574 3727 4642 νεκρῶν

2127 4665 2269 4718 κατὰ
2295 4664 2493 4735 σάρκα,
2523 4665 2618 4719 καὶ
2647 4666 2871 4735 ἀπαρχὴ
2917 4664 3027 4717 τῶν
3055 4663 3507 4733 κεκοιμημένων.
3540 4664 3725 4719 Αὑτοῦ

454 4766 515 4803 ex
543 4749 769 4803 mortuis
800 4750 1093 4801 secundum
1125 4761 1345 4800 carnem
1370 4746 1415 4777 “
1440 4756 1528 4811 ,et
1564 4746 1815 4815 priinitim
1838 4763 2023 4800 eorum

2135 4755 2408 4825 τοιγαροῦν
2435 4755 2497 4809 τὸ
2526 4756 2716 4819 πάθος,
2743 4756 2837 4807 καὶ
2856 4755 2953 4825 οὐχ
2972 4755 3184 4823 ἑτέρου,
3219 4754 3433 4823 λέγοιτο
3463 4757 3565 4821 ἂν,
3591 4757 3726 4809 καθὸ

452 4844 542 4911 qui
579 4842 989 4895 obdormierant
1032 4839 1099 4892 “.
1158 4839 1333 4901 Ipsius
1363 4839 1528 4907 igitur
1568 4851 1621 4892 et
1663 4855 1770 4893 non
1801 4838 2028 4893 alterius

455 4934 631 5001 passio
661 4934 782 4995 fuit,
811 4942 1075 5000 quatenus
1104 4931 1265 4984 homo
1290 4927 1463 4982 factus
1490 4937 1595 4992 est,
1632 4930 1844 4983 tametsi
1876 4946 2027 4981 nian-

454 5028 583 5080 serit
606 5026 870 5094 passionis
889 5039 1103 5094 expers,
1140 5032 1413 5093 quatenus
1439 5031 1526 5075 est
1556 5022 1724 5077 Deus.

524 5118 585 5172 Β.
625 5116 700 5171 lta
726 5118 925 5172 sentio.

526 5210 587 5263 Α.
616 5210 797 5265 Sacrae
826 5225 953 5263 vero
996 5206 1293 5277 Scriptura:
1330 5208 1495 5262 etiam
1555 5207 1903 5268 memineris,
1942 5207 2025 5259 di-

456 5300 627 5354 centis
652 5315 667 5352 :
694 5317 712 5350 ι
750 5298 944 5353 Factus
977 5308 1059 5352 est
1087 5298 1293 5368 primus
1322 5297 1483 5351 homo
1511 5298 1678 5350 Adam
1714 5296 1764 5348 in
1786 5296 2023 5348 animant

460 5396 780 5456 viventem;
843 5394 1064 5447 ultimus
1121 5394 1292 5446 Adam
1343 5393 1397 5447 in
1438 5393 1684 5461 spiritum
1749 5392 2027 5444 vivilicau-

456 5496 562 5541 teni
586 5487 652 5539 ⁸⁷.
687 5506 711 5536 ι

533 5691 575 5717 δ’
617 5688 802 5743 Matth.
836 5706 933 5744 xu.
966 5690 1054 5743 3'5.
1160 5688 1203 5719 “
1248 5686 1405 5743 Joan.
1435 5701 1545 5747 xw,
1576 5683 1630 5738 9.

461 5776 605 5827 .tMt,
636 5761 722 5815 '59.
801 5761 842 5789 "5
882 5761 1089 5813 Culvss.
1128 5776 1165 5823 l,
1203 5760 1286 5813 18.

1750 5681 1791 5713 ⁸⁸
1830 5680 1987 5737 Jualt.
2026 5681 2191 5745 κ,50.

1365 5756 1410 5789 ⁸⁸
1449 5755 1464 5807 Ι
1504 5755 1628 5809 Cor.
1667 5769 1755 5816 xv,
1790 5756 1878 5807 ευ.
1958 5753 1999 5783 ³⁷
2044 5753 2172 5805 ibid.
2210 5748 2294 5801 i3.

2125 4850 2362 4919 πέφηνεν
2397 4849 2701 4919 ἄνθρωπος,
2727 4850 2776 4901 εἰ
2820 4851 2913 4902 καὶ
2945 4848 3246 4919 μεμένηκεν
3288 4849 3543 4920 ἀπαθὴς,
3586 4851 3726 4903 καθὸ

2131 4943 2329 4993 νοεῖται
2362 4941 2513 5004 Θεός.

2205 5117 2265 5170 Β.
2301 5115 2458 5173 Οὕτω
2491 5116 2650 5188 φημί.

2203 5212 2265 5264 Α.
2300 5210 2647 5281 Διαμέμνησο
2677 5209 2731 5262 δὲ
2754 5209 2851 5278 τῆς
2880 5206 3231 5261 θεοπνεύστου
3259 5206 3540 5279 λεγούσης
3585 5209 3724 5277 rp:-

2134 5302 2260 5370 φῆίῗ
2293 5321 2312 5354 ι
2367 5302 2611 5371 Ἐγένετο
2647 5304 2675 5356 ό
2704 5302 2919 5374 πρῶτος
2968 5299 3252 5370 ἄνθρωπος
3296 5298 3479 5369 Ἀδὰμ.
3507 5304 3593 5363 εἰς
3623 5303 3723 5367 ςυ-

2132 5395 2230 5462 χὴν
2250 5394 2451 5459 ζῶσαν,
2473 5396 2500 5447 ὁ
2531 5394 2752 5465 ἔσχατος
2782 5394 2972 5463 Ἀδὰμ,
3001 5395 3079 5455 εἰς
3108 5390 3323 5463 πνεῦμα
3350 5392 3722 5455 ζωοποιοῦν.»

2300 5678 2342 5708 δ’
2375 5679 2508 5748 .Sap.
2539 5693 2575 5743 ι,
2608 5677 2691 5742 l5,
2726 5676 2805 5729 Η.
2919 5674 2961 5705 ⁸³
3002 5674 3127 5741 Sap.
3165 5690 3221 5737 ti,
3249 5671 3339 5727 24.
3428 5675 3475 5705 ⁸³
3523 5673 3726 5729 ηδιιιι.
