3856 6212
400 324 543 385 1355

1421 323 1481 381 S.
1522 315 1797 381 CYR'ILLI
1834 320 2307 383 ALEXANDRINI
2346 324 2667 385 ARCHIEP.

3520 336 3644 395 I558

398 448 724 505 deliueatum
750 442 920 503 fuisse
949 440 1224 501 veteribus
1271 445 1596 515 comperias.
1646 445 1778 501 Ovis
1822 446 1969 501 enim

2079 447 2167 501 καὶ
2194 447 2404 520 φθορᾶς
2432 449 2466 521 ή
2491 448 2586 504 τοῦ
2619 447 2894 523 προϐάτου
2956 449 3138 523 σφαγή
3167 449 3292 515 τοὺς
3320 450 3379 519 ἐξ
3421 453 3644 526 Ἰσραὴλ,

401 538 655 596 mactatio
680 536 956 593 lsraelitas
977 552 1006 591 a
1030 545 1206 591 morte
1226 544 1390 607 atque
1406 536 1628 592 interitu
1650 549 1974 606 exemerat,

400 630 889 687 ctiuterl'ectorem
948 626 1206 700 placavit.
1242 627 1425 699 ‘Alqui
1480 641 1569 683 res
1619 627 1734 683 hare
1774 628 1976 684 Christi

401 734 560 796 typus
589 739 653 779 ac
674 723 841 795 ligura
872 730 1012 778 eral.
1041 719 1249 776 Pascha
1272 720 1417 775 enim
1458 730 1708 775 nostrum
1731 734 1830 788 pro
1880 734 1979 775 no-

401 816 484 869 his
512 813 824 872 immolatus
856 824 940 870 est
969 812 1243 879 Christus,
1299 821 1359 866 ut
1380 810 1757 868 tristissimum
1789 812 1978 867 mortis

402 907 690 978 imperium
731 906 1052 963 dissolveret
1084 904 1157 972 ³³,
1209 914 1263 960 et
1312 906 1532 976 proprio
1576 920 1677 961 suo
1715 904 1979 975 sanguine

400 1000 713 1055 universum
747 1009 1014 1055 terrarum
1037 997 1223 1053 orbem
1246 995 1349 1051 sibi
1372 997 1681 1067 acquireret
1702 996 1773 1051 “.
1797 995 1975 1065 Empti

397 1092 542 1147 enim
581 1105 771 1146 sumus
821 1090 997 1161 pretio
1030 1088 1114 1154 ",
1167 1096 1224 1142 et
1272 1102 1381 1143 non
1427 1104 1616 1144 sumus
1672 1089 1849 1145 nostri
1904 1089 1973 1145 ".

402 1181 551 1242 Unus
582 1182 727 1238 enim
773 1196 872 1251 pro
918 1179 1173 1235 omnibus
1207 1188 1451 1235 mortuus
1501 1188 1606 1245 est,
1661 1180 1753 1251 qui
1803 1180 1979 1251 pretio

397 1288 588 1329 omnes
627 1273 943 1345 superabat,
994 1280 1053 1325 ut
1107 1272 1353 1327 viventes
1406 1286 1515 1326 non
1574 1269 1812 1342 amplius
1871 1271 1975 1327 sibi

400 1367 531 1437 ipsis
576 1367 777 1427 vivant,
823 1364 917 1419 sed
956 1362 1008 1418 ei
1063 1362 1156 1431 qui
1203 1377 1303 1433 pro
1338 1362 1474 1432 ipsis
1521 1370 1769 1418 mortuus
1809 1370 1895 1418 est
1924 1370 1978 1417 et

398 1459 700 1515 resurrexit
755 1458 825 1513 ⁸⁷.
875 1456 1166 1512 Consentit
1214 1468 1346 1510 vero
1390 1454 1476 1509 his
1525 1454 1690 1509 etiam
1732 1453 1930 1510 Paulus
1958 1494 1974 1519 ,

398 1553 583 1609 dicens
612 1569 627 1606 :
668 1569 688 1604 ι
724 1549 837 1621 Ego
881 1550 1027 1605 enim
1060 1563 1155 1619 per
1194 1546 1365 1618 legem
1400 1546 1504 1619 legi
1545 1557 1794 1602 mortuus
1825 1561 1970 1610 sum,

396 1654 458 1699 ut
501 1642 612 1699 Deo
651 1642 829 1698 vivam
862 1658 878 1695 :
912 1639 1136 1698 Christo
1184 1639 1431 1696 conﬁxus
1470 1654 1590 1695 sum
1621 1639 1795 1694 cruci.
1840 1637 1976 1693 Vivo

396 1746 599 1801 autem,
638 1734 747 1805 jam
778 1747 882 1789 non
925 1746 1065 1802 ego,
1104 1730 1238 1785 vivit
1294 1744 1426 1785 vero
1470 1731 1524 1785 In
1576 1745 1664 1785 me
1699 1728 1973 1784 Christus.

2076 540 2171 595 καὶ
2218 541 2570 613 δεδυσώπηκε
2600 544 2693 597 τὸν
2740 542 3090 615 ὀλοθρευτήν.
3130 544 3315 610 Τύπος
3365 546 3424 600 δὲ
3456 543 3524 620 ἧν
3550 549 3649 619 άρα

2074 623 2139 688 τδ
2171 634 2359 705 χρῆμα
2386 631 2642 704 Χριστοῦ.
2673 633 2746 688 ’Ῑὸ
2769 635 2877 705 γὰρ
2905 635 3097 706 Πάσχα
3131 636 3289 708 ἡμῶν
3315 637 3459 709 ὑπὲρ
3504 638 3649 709 ἡμῶν

2077 723 2243 796 έτύθη
2265 724 2520 797 Χριστὸς,
2549 725 2637 778 ίνα
2663 727 2725 779 τὸ
2749 727 2973 797 άμειδὲς
2998 728 3093 782 τοῦ
3126 728 3357 783 θανάτου
3383 730 3649 802 καταλύσῃ

2079 814 2301 886 κράτος,
2321 816 2517 886 αἵματί
2545 831 2605 870 τε
2624 816 2702 888 τῷ
2735 817 2851 888 ἰδίῳ
2883 820 3302 892 κατακτήσηται
3330 822 3433 894 τὴν
3454 823 3544 876 ὑπ’
3574 823 3651 876 οὗ·

2080 910 2262 979 ρανόν.
2310 907 2693 981 Ἠγοράσμεθα
2728 907 2837 983 γὰρ
2868 912 3057 982 τιμῆς,
3083 912 3179 965 καί,
3222 912 3323 966 οὐκ
3346 914 3513 986 ἐσμὲν
3536 914 3649 967 έαυ-

2077 999 2209 1053 τῶν.
2263 994 2358 1062 Εἷς
2407 998 2516 1071 γὰρ
2561 1000 2701 1072 ὑπὲρ
2741 1001 2963 1056 πάντων
3016 1002 3306 1069 ἀπέθανεν,
3359 1006 3388 1058 ὁ
3444 1006 3652 1060 πάντων

2078 1090 2394 1163 ἀξιώτερος,
2423 1092 2489 1145 ἶν’
2519 1094 2569 1146 οί
2602 1090 2804 1157 ζῶντες
2838 1094 3035 1164 μηκέτι
3068 1093 3283 1158 ἑαυτοῖς
3313 1092 3503 1159 ζῶσιν,
3527 1094 3656 1149 ἀλλὰ

2077 1184 2156 1255 τῷ
2195 1184 2336 1255 ὑπὲρ
2369 1184 2550 1239 αὐτῶν
2579 1184 2907 1240 ἀποθανόντι
2945 1186 3039 1242 καὶ
3058 1187 3361 1259 ἐγερθέντι.
3396 1188 3657 1260 Συλλήψε-

2078 1294 2169 1331 ται
2202 1277 2259 1331 δὲ
2301 1278 2396 1333 καὶ
2420 1277 2448 1331 ὁ
2472 1276 2706 1345 Παῦλος,
2743 1277 2942 1347 λέγων,
2982 1297 3002 1332 ‹
3057 1278 3203 1348 Ἐγὼ
3236 1281 3347 1353 γὰρ
3380 1280 3470 1334 διὰ
3492 1281 3655 1353 νόμου

2078 1370 2229 1441 νόμῳ
2265 1368 2557 1438 ἀπέθανον,
2591 1370 2678 1423 ἵνα
2699 1369 2817 1441 Θεῷ
2845 1370 3015 1443 ζήσω,
3043 1372 3266 1444 Χριστῷ
3293 1373 3351 1427 δὲ
3378 1373 3659 1427 συνεσταύ-

2082 1479 2287 1533 ρωμαι,
2314 1460 2393 1528 ζῶ
2423 1462 2482 1516 δὲ
2528 1463 2630 1517 οὐκ
2661 1462 2742 1518 ἔτι
2778 1462 2910 1534 ἐγὼ,
2950 1463 3018 1537 ζῇ
3054 1464 3111 1518 δὲ
3140 1466 3200 1520 ὲν
3244 1465 3369 1538 ἐμοὶ
3405 1462 3655 1539 Χριστός.

2083 1557 2149 1609 "0
2193 1556 2251 1609 δὲ
2279 1557 2374 1610 νῦν
2405 1556 2483 1621 ζῶ
2531 1560 2591 1611 ἐν
2625 1555 2811 1630 σαρκὶ,
2842 1558 2902 1613 ὲν
2950 1558 3130 1613 πίστει
3158 1559 3254 1624 ζῶ,
3280 1562 3348 1631 τῇ
3388 1559 3484 1613 τοῦ
3529 1558 3660 1615 Υἱοῦ

2076 1648 2169 1702 τοῦ
2199 1648 2355 1717 Θεοῦ,
2384 1649 2480 1705 τοῦ
2509 1650 2895 1723 ἀγαπήσαντός
2931 1668 3019 1723 με,
3051 1651 3148 1707 καὶ
3169 1654 3508 1726 παραδόντος
3532 1656 3659 1709 ἑαυ-

2075 1736 2166 1789 τὸν
2183 1737 2324 1808 ὑπὲρ
2351 1738 2507 1807 ἐμοῦ.
2548 1758 2567 1790 ι
2592 1739 2830 1811 Χριστοῦ
2862 1741 3153 1813 τοιγαροῦν
3182 1744 3229 1796 οἱ
3246 1742 3447 1808 πάντες
3469 1745 3659 1815 ἐσμὲν,

396 1829 551 1895 Quod
581 1836 758 1881 autem
784 1827 944 1897 [nunc
974 1824 1099 1879 vivo
1142 1823 1196 1878 in
1235 1833 1426 1888 carne,
1467 1823 1520 1876 in
1552 1822 1655 1877 lide
1690 1822 1814 1877 vivo
1853 1819 1971 1875 Filii

2080 1829 2173 1881 καὶ
2208 1828 2276 1881 δι’
2291 1797 2470 1884 ἀὑτοῦ
2499 1797 2926 1903 κατηλλάγμεθα
2943 1797 3249 1907 τῷ.Πατρὶ,
3277 1797 3445 1909 σαρκί

395 1921 513 1985 Dei,
554 1920 646 1990 qui
698 1918 886 1975 dilexit
924 1931 1032 1983 me,
1090 1925 1149 1972 et
1203 1916 1425 1971 tradidit
1477 1915 1828 1983 semetipsum
1876 1929 1976 1984 pro

396 2026 484 2068 me
515 2012 583 2066 ⁸⁸.
621 2030 640 2064 ι
672 2008 876 2067 Christi
931 2022 1063 2080 ergo
1096 2020 1290 2063 omnes
1335 2016 1526 2063 sumus
1563 2013 1621 2061 et
1663 2020 1761 2076 per
1796 2004 1974 2077 ipsum

394 2104 669 2161 conciliati
699 2103 870 2169 Patri,
902 2103 993 2174 qui
1029 2116 1201 2158 carne
1235 2112 1425 2171 passus
1451 2107 1537 2154 est
1568 2107 1670 2169 pro
1710 2097 1887 2167 nobis,
1918 2107 1977 2152 ut

395 2196 626 2253 mundos
658 2195 917 2251 eiliceret.
957 2192 1235 2262 Scriptum
1273 2198 1363 2246 est
1403 2191 1550 2245 enim
1604 2202 1619 2241 :
1670 2207 1690 2241 ι
1746 2187 1976 2258 Propter

391 2291 536 2361 quod
563 2298 616 2345 et
648 2287 825 2352 Jesus,
852 2296 913 2342 ut
935 2286 1308 2342 sanetilicaret
1333 2297 1432 2355 per
1463 2297 1621 2337 suum
1653 2281 1973 2353 sanguinem

391 2382 671 2457 populum,
701 2389 854 2435 extra
886 2388 1096 2450 portam
1131 2391 1323 2447 passus
1362 2384 1448 2431 est
1476 2374 1545 2429 ‘°.
1602 2392 1622 2427 ι
1660 2372 1727 2428 Et
1757 2390 1773 2428 :
1804 2391 1823 2424 ι
1865 2372 1974 2429 Nos

392 2492 516 2532 cum
557 2488 805 2531 essemus
846 2470 1136 2542 aliquando
1187 2469 1410 2525 alienati
1454 2475 1512 2525 et
1556 2467 1771 2524 inimici
1805 2478 1973 2523 sensu

394 2568 448 2620 in
497 2562 754 2637 operibus
796 2560 957 2616 malis
1008 2575 1023 2613 :
1062 2572 1206 2614 nunc
1252 2565 1434 2612 autem
1486 2554 1860 2611 reconciliavit
1918 2556 1971 2610 in

391 2670 621 2728 corpore
646 2651 828 2711 carnis
856 2652 975 2722 ejus
1005 2666 1102 2722 per
1132 2658 1383 2715 mortem,
1417 2647 1679 2704 exhibere
1706 2662 1806 2705 vos
1844 2663 1961 2703 san-

390 2759 510 2805 ctos
557 2758 614 2802 et
670 2746 1084 2810 immaculatos,
1128 2753 1186 2799 et
1226 2741 1736 2813 irreprehensibiles
1787 2755 1971 2798 coram

390 2841 512 2910 ipso
548 2837 616 2892 ⁶⁰.
650 2855 669 2889 ι
696 2834 957 2906 intelligis
987 2835 1167 2904 itaque
1191 2846 1300 2903 quo
1331 2841 1492 2902 pacto
1512 2832 1794 2903 proprium
1832 2846 1969 2888 san—

391 2933 606 3001 guinem
637 2938 692 2985 et
722 2929 1000 2999 propriam
1026 2940 1243 2981 carnem
1272 2926 1441 2997 ipsius
1473 2935 1668 2992 vocet,
1700 2940 1821 2981 eam
1847 2939 1971 2995 qua:

390 3038 490 3093 pro
514 3021 673 3077 nobis
719 3020 845 3075 data
888 3027 1011 3086 est;
1053 3031 1229 3089 neque
1269 3016 1493 3073 alterius
1541 3017 1825 3086 cujusdam
1875 3016 1971 3072 lilii

388 3116 593 3172 diversi
627 3115 695 3169 ab
717 3116 833 3183 ipso
860 3127 982 3169 esse
1013 3110 1280 3176 dicamus,
1308 3112 1401 3180 qui
1434 3111 1731 3166 distinctus
1754 3112 1820 3165 ab
1849 3111 1968 3181 ipso

389 3209 482 3274 sit,
532 3217 589 3263 et
631 3205 745 3261 sola
797 3203 1180 3276 conjunctione
1232 3217 1356 3259 cum
1390 3202 1508 3271 ipso
1538 3202 1869 3267 decoratus,
1914 3212 1967 3257 et

387 3296 622 3355 asci‘ti‘tia
653 3296 823 3367 gloria
860 3294 1121 3366 praeditus
1148 3294 1243 3361 sit,
1269 3292 1552 3350 essentiali
1577 3293 1845 3364 dignitate
1881 3302 1969 3347 at-

386 3405 494 3460 que
521 3386 816 3445 eminentia
866 3400 1106 3449 carens;
1136 3388 1256 3452 sed,
1305 3384 1483 3439 instar
1506 3384 1674 3439 vestis
1712 3395 1766 3439 et
1806 3382 1967 3438 larva:

386 3479 669 3550 cujusdam
703 3518 718 3543 ,
768 3474 892 3533 Filii
926 3491 990 3532 ac
1042 3473 1138 3530 Dei
1195 3475 1438 3532 omnium
1483 3477 1726 3546 supremi
1770 3490 1967 3531 nomen

386 3581 558 3644 gerat.
592 3570 726 3625 Nam
755 3571 800 3625 si
823 3570 897 3624 ita
926 3584 987 3624 se
1029 3568 1350 3624 naturaliter
1386 3568 1607 3632 habeat,
1664 3577 1730 3622 ut
1771 3570 1971 3624 adver-

387 3665 520 3721 sarii
562 3665 829 3729 sentiunt,
881 3663 1025 3718 nulla
1072 3664 1284 3719 ratione
1312 3662 1389 3718 illi
1425 3661 1718 3718 conveniat
1744 3663 1968 3718 dicere:

392 3777 412 3812 ι
452 3755 565 3827 Ego
583 3771 701 3811 sum
734 3754 939 3810 veritas
967 3756 1035 3810 ⁸⁸.
1070 3770 1089 3807 ι
1130 3752 1414 3820 Quomodo
1462 3755 1612 3810 enim
1655 3768 1846 3808 verum
1898 3752 1972 3808 sit

383 3851 528 3917 quod
559 3863 665 3903 non
694 3846 766 3901 ita
796 3860 860 3901 se
895 3847 1056 3901 habet
1086 3844 1340 3914 acgdicit,
1371 3844 1466 3900 sed
1496 3845 1739 3917 spurium
1770 3857 1825 3901 et
1848 3844 1967 3901 falsi

389 3939 667 3995 nominis?
719 3938 792 3993 At
826 3953 956 3992 vero
1004 3936 1258 3993 Christus
1308 3934 1516 3992 veritas
1568 3946 1674 4000 est,
1718 3947 1776 3994 et
1809 3952 1971 4008 super

384 4047 598 4096 omnes,
625 4041 685 4085 ut
717 4031 881 4087 Deus.
909 4028 1108 4086 Mansit
1139 4030 1285 4084 enim
1310 4023 1549 4085 Verbum
1582 4028 1634 4084 id
1660 4031 1805 4101 quod
1828 4040 1966 4094 erat,

388 4125 602 4179 tametsi
636 4124 837 4178 factum
863 4123 934 4179 sit
977 4129 1129 4187 caro,
1193 4130 1254 4176 ut
1288 4120 1379 4192 qui
1431 4134 1597 4193 supra
1629 4136 1822 4177 omnes
1858 4130 1969 4187 est,

2077 1935 2169 1982 τος
2199 1920 2340 1991 ὑπὲρ
2374 1920 2552 1992 ἡμῶν,
2596 1924 2663 1976 ἵν’
2697 1924 2845 1995 ἡμᾶς
2890 1925 3145 1999 ἀποφήνῃ
3195 1928 3658 2000 κεκαθαρμένους.

2077 2012 2389 2083 Γέγραπται
2433 2014 2544 2088 γὰρ
2568 2056 2583 2083 ,
2614 2016 2697 2071 ὅτι
2731 2036 2751 2071 ‹
2791 2016 2884 2072 Διὸ
2927 2020 3024 2074 καὶ
3057 2018 3288 2090 Ἰησοῦς,
3327 2014 3417 2077 ἵνα
3456 2024 3662 2097 ἁγιάσῃ

2075 2104 2164 2160 διὰ
2193 2107 2287 2161 τοῦ
2324 2108 2456 2162 ἰδίου
2489 2110 2723 2181 αἵματος
2750 2111 2843 2166 τὸν
2875 2112 3025 2180 λαὸν,
3055 2113 3161 2182 ἔξω
3188 2116 3286 2187 τῆς
3316 2111 3493 2188 πύλης
3524 2116 3662 2173 ἔπα-

2077 2196 2190 2252 θεν.
2228 2216 2249 2251 ι
2277 2199 2388 2254 Καὶ
2436 2201 2599 2257 πάλιν
2622 2217 2637 2233 ο
2668 2221 2687 2255 ι
2724 2203 2838 2258 Καὶ⁵
2871 2204 3024 2277 ήμᾶς
3068 2223 3199 2260 ποτε
3231 2203 3392 2272 δντας
3421 2207 3661 2280 ἀπηλλοο

2075 2292 2413 2361 τριωμένους
2446 2293 2541 2347 καὶ
2588 2294 2820 2366 ἐχθροὺς
2855 2299 2921 2369 τῇ
2969 2297 3178 2370 διανοίᾳ
3216 2299 3275 2352 ἐν
3318 2303 3432 2363 τοῖς
3481 2301 3665 2372 ἔργοις

2074 2382 2187 2443 τοῖς
2226 2381 2483 2453 πονηροῖς
2503 2397 2516 2410 ’
2541 2386 2659 2437 νυνί
2690 2384 2747 2439 δὲ
2778 2387 3225 2459 ἀποκατήλλαξεν
3251 2390 3310 2442 ἐν
3338 2390 3419 2461 τῷ
3448 2390 3664 2461 σώματι

2074 2472 2174 2543 τῆς
2198 2474 2402 2545 σαρκὸς
2425 2475 2589 2530 αὑτοῦ
2620 2476 2708 2531 διὰ
2731 2477 2823 2533 τοῦ
2854 2478 3110 2548 θανάτου,
3138 2481 3494 2554 παραστῆσαι
3518 2485 3665 2556 ὑμᾶς

2076 2564 2267 2633 ἁγίους
2291 2566 2385 2619 κα)⁹
2408 2566 2676 2639 ἀμώμους
2706 2571 3050 2628 κατενώπιον
3078 2571 3265 2628 αὐτοῦ.
3308 2593 3328 2627 ι
3373 2575 3541 2641 Σύνες
3568 2573 3665 2630 οὖν

2074 2649 2223 2721 ὅπως
2259 2656 2389 2711 ἴδιον
2417 2653 2555 2731 αἷμα
2588 2653 2684 2715 καὶ
2725 2662 2863 2718 ίδίαν
2911 2665 3091 2737 σάρκα
3124 2667 3290 2737 φησὶν
3340 2666 3530 2735 αὐτοῦ,
3562 2670 3666 2740 τὴν

2078 2746 2328 2802 δοθεῖσαν
2356 2749 2497 2821 ὑπὲρ
2522 2752 2553 2821 ἡ
2564 2751 2702 2821 μῶν,
2727 2752 2815 2807 ἶνα
2846 2752 2922 2825 μὴ
2960 2754 3150 2827 ἑτέρου
3190 2755 3324 2828 παρ’
3356 2756 3521 2809 αὑτὸν
3545 2757 3667 2809 υἱοῦ

2073 2838 2327 2913 λέγωμεν
2371 2840 2562 2914 αὐτὴν,
2607 2844 2899 2916 νοουμένου
2949 2863 3011 2900 τε
3054 2847 3350 2918 ἀναμέρος,
3386 2848 3483 2901 καὶ
3534 2849 3668 2921 ψιλῇ

2076 2933 2341 3005 συναφείᾳ
2388 2930 2780 3006 τετιμημένου,
2812 2938 2907 2992 καὶ
2947 2938 3191 3011 ἑπακτὴν
3231 2940 3449 3011 ἔχοντος
3480 2942 3668 3008 δόξαν,

2072 3026 2170 3080 καὶ
2224 3027 2327 3081 οὐκ
2356 3026 2591 3100 οὑσιὼδη
2647 3024 2749 3102 τήν
2794 3028 3089 3104 ὑπεροχὴν,
3132 3034 3412 3106 ἐπίϐλημα
3459 3035 3521 3089 δὲ
3571 3038 3675 3091 καὶ

2072 3118 2263 3193 ὥσπερ
2290 3139 2343 3175 τι
2383 3125 2727 3193 προσωπεῖον
2750 3124 3157 3199 ὲπερῤιμμένον
3185 3129 3356 3200 αὐτῷ,
3389 3130 3450 3183 τό
3471 3147 3535 3183 τε
3568 3130 3675 3202 τῆς

2081 3212 2331 3283 υἰότητος
2371 3215 2589 3286 καὶτῆς
2618 3217 2760 3289 ὑπὲρ
2801 3220 2979 3274 πάντα
3008 3218 3261 3292 θεότητος
3282 3221 3477 3293 ὄνομα.
3509 3222 3675 3277 Οὖτω

2075 3300 2186 3373 γάρ
2215 3300 2391 3372 ἔχοντι
2419 3303 2562 3358 κατὰ
2603 3306 2787 3375 φύσιν,
2818 3307 2961 3364 καθά
3006 3315 3225 3382 φρονεῖν
3265 3313 3577 3381 ἐγνώκασιν
3620 3315 3675 3367 οῖ

2075 3394 2145 3447 δι’
2177 3395 2460 3463 ἐναντίας,
2489 3399 2783 3470 ἁρμόσειεν
2819 3401 2885 3455 ἂν
2921 3403 3070 3475 αὐτῷ
3096 3405 3215 3459 κατ’
3242 3405 3431 3460 οὐδένα
3460 3406 3680 3478 τρόπον

2074 3486 2137 3540 τὸ
2173 3488 2370 3559 χρῆναι
2398 3489 2603 3560 λέγειν,
2631 3512 2650 3544 ι
2674 3493 2817 3563 Ἐγώ
2847 3496 2963 3567 εἰμι
2988 3499 3020 3568 ὴ
3060 3496 3309 3568 ἀλήθεια.
3335 3516 3354 3550 ι
3393 3498 3525 3564 Πῶς
3559 3501 3680 3572 γὰρ

2074 3579 2294 3651 ἀληθὲς,
2324 3584 2384 3636 τὸ
2403 3584 2502 3655 οὐχ
2535 3585 2682 3641 οὕτω
2720 3588 2864 3659 ἕχον,
2893 3590 2971 3654 ὡς
3008 3589 3248 3658 λέγεται,
3290 3592 3443 3646 νόθον
3471 3593 3534 3646 δὲ
3563 3594 3681 3647 ὦσ-

2072 3690 2180 3745 περ
2206 3692 2258 3727 τι
2310 3676 2404 3730 καὶ
2434 3678 2835 3753 ψευδώνυμον;
2887 3682 3045 3737 Ἀλλὰ
3097 3684 3205 3756 μὴν
3237 3683 3488 3759 ἀλήθεια,
3534 3689 3679 3760 Χρι-

2075 3765 2221 3828 στὸς,
2275 3768 2368 3820 καὶ
2408 3769 2595 3823 ἐπάνω
2644 3772 2864 3827 πάντων
2895 3773 2971 3839 ὡς
3012 3775 3177 3839 Θεός⁶
3222 3776 3509 3849 μεμένηκε
3559 3782 3679 3851 γάρ

2073 3857 2209 3929 ὅπερ
2238 3854 2304 3930 ἦν
2337 3859 2365 3911 ὁ
2410 3863 2601 3931 Λόγος,
2634 3864 2684 3918 εἰ
2722 3867 2817 3920 καὶ
2854 3866 3045 3936 γέγονε
3087 3870 3243 3941 σάρξο
3274 3871 3339 3925 ἶν’
3369 3874 3398 3925 ὁ
3445 3874 3679 3927 πάντων

2075 3949 2333 4006 ἐπέκεινα
2357 3954 2449 4007 καί
2478 3955 2537 4009 ἐν
2566 3958 2679 4020 τοῖς
2704 3958 2840 4012 πᾶσι
2878 3959 3139 4029 γεγονὼς,
3172 3962 3263 4016 διά
3295 3964 3359 4015 τὸ
3383 3963 3680 4035 ἀνθρώπι-

2076 4055 2165 4090 νον
2191 4041 2524 4113 σωζόμενον,
2575 4046 2687 4118 ἔχοι
2717 4047 2779 4102 τὸ
2817 4045 2958 4104 εἶναι
2980 4053 3126 4125 πέρα
3156 4052 3379 4123 παντὸς,
3414 4057 3515 4109 καὶ
3558 4057 3678 4110 τῶν

2074 4128 2176 4200 τῆς
2205 4131 2437 4198 κτίσεως
2465 4135 2721 4191 ἐπέκεινα
2749 4141 2984 4212 μέτρων.

386 4227 440 4271 et
475 4217 530 4272 in
572 4214 822 4271 omnibus
870 4214 1068 4280 factus,
1110 4222 1330 4285 propter
1375 4215 1670 4269 humanam
1713 4223 1964 4271 naturam
2003 4218 2267 4280 salvatam
2331 4227 2402 4283 sit
2434 4234 2600 4301 sopra
2627 4247 2841 4301 omnes,
2872 4244 2927 4291 et
2992 4247 3260 4295 creatura:
3288 4240 3679 4297 conditionem

555 4365 631 4459 At
655 4402 919 4469 inuratur,
947 4398 1110 4474 775
1138 4401 1414 4471 inquiunt,
1438 4400 1549 4457 Deo
1568 4401 1748 4460 Verbo
1775 4417 1968 4476 magna

2145 4405 2206 4461 B.
2260 4407 2402 4463 Ἀλλ’
2433 4412 2856 4485 ἑναπομάξεται,
2887 4419 3040 4493 φησὶ,
3078 4421 3159 4492 τῷ
3176 4421 3294 4493 Θεῷ
3322 4426 3491 4497 Λόγῳ
3533 4431 3681 4485 πολύ

385 4495 708 4564 ignominia,
740 4495 786 4549 si
826 4494 1040 4551 dicatur
1073 4509 1268 4565 passus
1299 4508 1463 4562 esse;
1501 4503 1558 4550 et
1593 4497 1967 4552 venerandum

388 4597 631 4644 nostrum
663 4586 983 4656 mysterium
1014 4586 1217 4642 infame
1242 4586 1518 4642 reddetur.

455 4765 521 4816 Α.
562 4759 690 4828 Sed,
717 4770 1026 4832 contempta
1056 4762 1373 4833 ignominia,
1399 4763 1510 4834 pati
1544 4779 1710 4820 carne
1738 4779 1839 4835 pro
1871 4781 1968 4820 ne-

384 4854 470 4909 bis
498 4853 712 4918 'voluit,
755 4856 1052 4910 secundum
1097 4853 1501 4926 Scripturas".
1546 4855 1658 4928 Ego
1700 4871 1831 4912 vero
1871 4856 1968 4913 Ju-

381 4944 524 5001 daici
556 4946 755 5017 ingenii
785 4948 1056 5013 morbum,
1087 4956 1143 5003 et
1172 4947 1391 5017 gentilis
1423 4948 1747 5019 ignorantia:
1774 4950 1965 5005 vitium

382 5051 507 5093 esse
546 5039 851 5094 censuerim
898 5037 1102 5103 dicere,
1146 5038 1454 5109 passionem
1495 5038 1673 5095 crucis
1714 5040 1966 5096 dedecori

384 5141 529 5180 esse.
565 5124 768 5182 Scribit
806 5141 938 5198 ergo
977 5127 1049 5182 ita
1089 5128 1306 5184 divinus
1346 5126 1543 5185 Paulus
1579 5145 1596 5183 :
1639 5148 1658 5182 ‹
1697 5129 1965 5197 Quoniam

384 5226 438 5273 ct
479 5215 649 5273 Judaei
691 5219 843 5289 signa
889 5230 1100 5290 petunt,
1136 5229 1192 5275 et
1233 5220 1410 5278 Graeci
1454 5223 1776 5294 sapientiam
1817 5237 1968 5294 qum-

386 5320 512 5366 runt
542 5330 557 5366 :
588 5325 689 5367 nos
715 5320 901 5369 autem
937 5313 1295 5380 praedicamus
1315 5313 1590 5369 Christum
1622 5314 1965 5381 cruciﬁxum,

382 5400 583 5456 Judazis
621 5400 841 5472 quidem
886 5403 1228 5470 scandalum,
1274 5403 1526 5475 gentibus
1565 5414 1745 5461 autem
1786 5406 1969 5462 stulti-

385 5495 513 5547 tium
560 5511 576 5550 :
620 5495 753 5566 ipsis
801 5504 980 5551 autem
1024 5495 1478 5555 vocatisJudzeis
1526 5506 1689 5571 atque
1737 5497 1965 5567 Gracia,

2075 4514 2126 4552 τι
2156 4500 2217 4552 τὸ
2238 4498 2512 4569 δυσκλεὲς,
2541 4504 2603 4558 τὸ
2631 4505 2887 4577 λέγεσθαι
2916 4511 3129 4566 παθεῖν’
3157 4514 3590 4589 διαϐεϐλήσεται
3620 4522 3683 4577 δὲ

2075 4589 2436 4684 πρὸςῗτούτῳ
2485 4595 2580 4650 καὶ
2623 4598 2756 4653 αὐτό
2816 4618 2920 4655 που
2962 4604 3105 4676 τάχα
3148 4605 3212 4661 τὸ
3254 4610 3459 4665 σεπτὸν
3506 4614 3682 4684 ἡμῶν

2077 4683 2393 4754 μυστήριον.

2141 4774 2207 4828 Α.
2259 4775 2399 4829 Ἀλλ’
2427 4779 2692 4854 αἰσχύνης
2745 4788 3168 4860 καταφρονήσας
3231 4792 3410 4847 εἵλετο
3470 4797 3681 4852 παθεῖν

2076 4864 2240 4935 σαρκὶ
2262 4864 2331 4917 δι’
2363 4868 2534 4938 ἡμᾶς,
2583 4870 2725 4926 κατὰ
2765 4873 2866 4938 τὰς
2906 4876 3148 4947 Γραφάς.
3185 4878 3573 4954 ’Λρῤὡστημα
3618 4885 3680 4938 δὴ

2075 4956 2271 5047 φρενὸς
2330 4958 2661 5031 Ἰουδαϊκῆς,
2706 4963 2803 5018 καὶ
2846 4965 2948 5036 τῆς
3002 4967 3269 5041 Ἐλλήνων
3324 4971 3683 5047 ἀϐελτηρίας

2074 5046 2352 5135 έγκλημα
2380 5050 2552 5105 δεινὸν
2597 5055 3051 5129 καταλογίσαιμεν
3085 5060 3173 5126 ἂν,
3208 5061 3268 5115 τὸ
3300 5064 3681 5135 αἰσχύνεσθαι

2070 5134 2249 5190 δοκεῖν
2278 5137 2341 5192 τὸ
2364 5139 2458 5192 ἐπὶ
2484 5140 2563 5213 τῷ
2604 5146 2823 5217 σταυρῷ
2866 5148 3057 5213 πάθος.
3093 5152 3297 5222 Γράφει
3324 5134 3539 5223 γοῦν.ὁ
3594 5160 3685 5214 θε-

2075 5224 2297 5316 σπέσιος
2323 5226 2573 5298 Παῦλος,
2613 5251 2631 5284 ι
2675 5233 2893 5306 Ἐπειδὴ
2926 5239 3020 5292 καὶ
3060 5240 3299 5296 Ἰουδαῖοι
3336 5249 3555 5316 σημεῖα
3585 5253 3680 5303 αἰ-

2071 5315 2246 5415 τοῦσι,
2292 5320 2684 5415 καὶζΕλληνες
2717 5326 2907 5397 σοφίαν
2950 5328 3241 5402 ζητοῦσιν,
3270 5315 3441 5407 ἡμεῖς
3475 5341 3541 5396 δὲ
3573 5362 3685 5415 κη-

2075 5408 2348 5481 ρύσσομεν
2395 5412 2631 5484 Χριστὸν
2683 5415 3133 5492 ἐσταυρωμένον,
3200 5424 3491 5496 Ἰουδαίοις

2077 5500 2391 5571 σκάνδαλον,
2423 5504 2603 5559 ἔθνεσι
2622 5505 2690 5562 δὲ
2721 5510 3172 5592 μωρίαν,ὶαύτοῖς
3199 5516 3257 5570 δὲ
3294 5522 3409 5584 τοῖς
3440 5500 3689 5596 λληέοὶς

452 5690 499 5724 ⁸³
540 5690 726 5783 ξίφιον..
749 5709 801 5783 v,
830 5693 901 5762 ‘7;
930 5692 1191 5783 Ιιίξὺξλιι,
1385 5696 1455 5783 ,³⁸
1491 5697 1613 5752 Act.
1652 5712 1744 5783 ιδ,
1775 5697 1883 5783 28..⁸

2087 5697 2216 5755 Cor.
2244 5700 2483 5783 flung?»
2541 5703 2673 5783 _f‘_l
2710 5705 2836 5763 Cor.
2870 5723 2945 5774 vr,
2976 5711 3061 5783 l9.
3139 5714 3185 5745 "
3223 5712 3267 5771 ll
3307 5714 3438 5772 Cor.
3480 5732 3538 5782 ν,
3572 5719 3682 5783 15,

384 5759 471 5817 ιο.
546 5763 591 5795 ³⁸
627 5759 804 5820 'Galat.
840 5759 900 5833 It,
940 5763 1143 5836 19,20.
1178 5759 1184 5762 ⁷
1217 5766 1264 5800 ⁸*
1304 5766 1466 5826 llebr.
1493 5782 1638 5846 .xm,
1673 5759 1760 5823 12.
1837 5769 1884 5801 ⁶⁰
1922 5767 1971 5824 (Ζι

2079 5785 2134 5830 ιε.
2168 5785 2207 5837 ι,
2243 5759 2459 5840 Ξιίεε.
2539 5774 2582 5807 σι
2621 5759 2944 5851 margo:
2971 5759 3024 5837 ἐξ

3120 5785 3183 5861 ν⁶¹
3248 5784 3413 5845 Hebr.
3458 5804 3565 5859 xu,
3614 5790 3685 5847 2.
