3856 6212
196 388 325 437 1357

1316 372 1506 454 noon
1545 380 1736 444 UNUS
1774 384 1884 443 str
1924 378 2289 443 CHRISTUS.

3302 386 3441 447 i353

207 492 475 558 Ἰουδαίοις
522 511 579 548 τε
627 496 719 548 καὶ
753 495 1018 568 Ἕλλησι,
1067 498 1300 570 Χριστὸν
1334 499 1471 554 Θεοῦ
1516 499 1764 572 δύναμιν,

1871 497 2146 556 Christum
2196 488 2290 553 Dei
2340 497 2628 560 virtutem.
2674 506 2730 552 et
2774 491 2872 554 Dei
2916 496 3259 570 sapientiam.
3307 499 3441 568 Qui:

193 585 283 638 καὶ
307 584 441 639 Θεοῦ
473 585 683 655 σοφίαν,
723 585 804 640 ὅτι
828 586 889 640 τὸ
920 588 1104 659 μωρὸν
1134 590 1229 643 τοῦ
1257 582 1392 645 Θεοῦ
1411 631 1427 657 ,
1457 591 1765 664 σοφώτερον

190 676 297 730 τῶν
324 676 628 747 ἀνθρώπων
653 680 803 747 ἐστὶ,
836 679 929 733 καὶ
954 680 1015 734 τὸ
1044 681 1272 747 ἀσθενὲς
1302 682 1397 737 τοῦ
1425 683 1585 750 Θεοῦ,
1624 686 1766 755 ίσχυ-

194 768 409 840 ρότερον
437 769 545 824 τῶν
575 769 880 844 ἀνθρώπων
901 772 1038 826 ἐστί.
1073 792 1094 826 ι

260 858 321 914 Β.
363 853 499 915 Τίνα
528 862 768 932 τρόπον;
799 862 1026 934 συνίημι
1057 864 1168 935 γὰρ
1188 862 1392 936 ἥκιστά
1421 882 1504 935 γε.

258 951 322 1006 Α.
362 951 439 1006 Ὸύ
485 953 594 1026 γὰρ
647 954 923 1020 Ἰουδαίοις
953 955 1056 1027 μὲν
1105 956 1402 1012 σκάνδαλον
1439 957 1501 1011 τὸ
1547 955 1640 1012 ἐπὶ
1688 958 1767 1030 τῷ

191 1048 408 1119 σταυρῷ
439 1048 611 1112 πάθος
634 1048 892 1119 γενέσθαι
919 1052 1106 1123 φησὶν,
1146 1052 1374 1123 Ἕλλησι
1409 1052 1468 1106 δὲ
1513 1053 1762 1127 μωρίανς

189 1136 253 1189 Οἱ
290 1129 388 1207 μὶν
428 1138 538 1210 γὰρ
567 1131 825 1209 ἔφασκον,
858 1140 1246 1213 ἀπηρτημένον
1276 1141 1513 1213 ὁρῶντες
1541 1140 1636 1196 τοῦ
1670 1140 1764 1210 εὐ-

186 1226 303 1292 λου,
336 1228 431 1282 καὶ
454 1229 554 1294 τάς
592 1230 911 1302 ’μιαιφόνους
942 1232 1031 1287 ἐπ’
1060 1233 1209 1305 αὑτῷ
1238 1233 1473 1299 σείοντες
1497 1232 1763 1304 κεφαλὰς,

192 1337 209 1369 ι
243 1318 307 1372 Ei
348 1320 477 1385 Υἱὸς
506 1315 555 1374 εἴ
590 1320 685 1376 τοῦ
730 1323 888 1390 Θεοῦ,
925 1323 1196 1397 κατάϐηθι
1224 1325 1335 1380 ἀπὸ
1363 1325 1632 1397 σταυροῦ,
1671 1326 1766 1379 καὶ

186 1410 551 1481 πιστεύσομεν
580 1429 682 1467 σοι.
718 1426 740 1466 ⁷»
777 1415 967 1487 ᾭοντο
993 1416 1102 1489 γᾶρ
1131 1417 1214 1470 ὅτι
1239 1416 1341 1486 τῆς
1371 1417 1551 1471 αὐτῶν
1582 1417 1766 1488 ίσχύος

183 1504 495 1575 ἡττώμενος
522 1505 639 1577 ἥλω
692 1508 792 1562 καὶ
820 1502 1055 1564 πέπονθε
1084 1526 1098 1540 ·
1133 1509 1477 1583 πεπλάνηντο
1505 1510 1634 1583 γὰρ,
1665 1511 1765 1583 οὐχ

185 1594 316 1648 Υίὸν
341 1591 480 1650 εἴναι
522 1597 658 1651 Θεοῦ
687 1598 1010 1669 νομίσαντες
1060 1597 1301 1673 ἀληθῶς,
1324 1601 1439 1656 ἀλλ’
1472 1604 1553 1668 είς
1591 1601 1765 1674 μόνην

180 1685 419 1756 ὁρῶντες
441 1686 540 1758 τὴν
571 1689 769 1760 σάρκα.
802 1680 1061 1761 Ἕλληνές
1088 1708 1152 1760 γε
1181 1690 1308 1764 μὴν,
1339 1692 1401 1746 τὸ
1429 1690 1523 1749 τοῦ
1556 1710 1766 1765 μυστη-

184 1778 303 1849 ρίου
340 1777 501 1847 βάθος
548 1780 665 1832 κατ⁸
708 1777 899 1833 οὐδένα
933 1776 1135 1852 τρόπον
1181 1782 1421 1836 συνιέναι
1450 1782 1761 1853 δυνάμενοι,

1865 592 2009 663 quod
2038 590 2265 647 stultum
2302 598 2389 647 est
2423 589 2539 658 Dei,
2565 590 2864 660 sapientius
2894 599 2979 646 est
3007 587 3320 647 horninibus
3349 607 3365 644 ε
3392 604 3443 646 et

1866 681 2009 755 quod
2040 682 2311 737 inﬁrmum
2341 689 2428 737 est
2455 680 2574 747 Dei.
2605 680 2799 739 fortius
2829 692 2912 737 est
2940 680 3250 736 horninibus
3272 680 3338 738 ⁵³.
3378 700 3396 733 s

1936 854 1997 914 Β.
2039 857 2158 926 Quo
2186 858 2385 930 pacto?
2413 872 2589 930 neque
2617 859 2763 914 enim
2794 858 3057 927 intelligo.

1936 952 2001 1005 A.
2044 949 2235 1008 Nonne
2264 952 2412 1008 enim
2439 948 2640 1008 Judmis
2665 951 2930 1008 seandalo
2958 951 3126 1009 fuisse
3155 950 3287 1009 dicit
3317 966 3444 1021 pas-

1866 1042 2075 1099 sionem
2107 1042 2317 1111 crucis,
2352 1042 2559 1101 Graecis
2597 1052 2776 1100 aulam
2814 1042 3146 1101 stultitiam?
3182 1043 3264 1100 Illi
3298 1026 3445 1101 enim

1866 1134 2151 1202 dixerunt,
2184 1150 2307 1191 cum
2341 1133 2493 1190 illum
2524 1148 2848 1205 suspensum
2882 1148 2915 1191 ε
2946 1133 3092 1207 ligno
3125 1144 3447 1201 cernerent,

1867 1226 2279 1297 sanguinolenta
2319 1226 2636 1282 motitantes
2678 1227 2857 1298 capita
2902 1244 2918 1283 :
2967 1243 2988 1280 ι
3040 1226 3102 1282 Si
3141 1226 3310 1283 Filius
3349 1227 3449 1282 Dei

1865 1334 1946 1387 es,
1975 1317 2245 1374 descende
2276 1332 2308 1374 e
2337 1332 2521 1385 cruce,
2551 1326 2610 1373 et
2641 1319 2930 1375 credemus
2965 1317 3155 1375 tibi“.
3195 1336 3215 1371 ι
3251 1309 3448 1373 Existi—

1867 1408 2091 1465 mabant
2130 1407 2277 1463 enim
2322 1407 2471 1463 illum
2509 1400 2764 1465 violentia
2811 1409 3055 1481 ipsorum
3098 1418 3447 1482 superatum.

1866 1515 2084 1572 passum
2112 1515 2254 1557 esse.
2284 1499 2554 1556 Errarunt
2580 1510 2785 1568 autem,
2816 1506 3073 1572 putantes
3094 1517 3224 1557 vere
3250 1498 3447 1555 Filium

1871 1592 1963 1647 Dei
1999 1605 2105 1649 non
2139 1604 2296 1656 esse,
2331 1590 2501 1647 solam
2536 1599 2756 1647 carnem
2789 1591 3081 1648 intuentes.
3113 1591 3287 1648 (ἓνκοὶ
3319 1607 3449 1646 νει-ο

1869 1699 1988 1739 cum
2019 1682 2263 1754 mysterii
2293 1682 2723 1754 magnitudinem
2752 1682 2898 1740 nulla
2927 1684 3138 1741 ratione
3164 1682 3448 1754 percipere

1864 1783 2107 1844 possent,
2146 1771 2372 1828 stultum
2415 1786 2539 1829 esse
2579 1772 2770 1829 dicunt
2809 1774 2993 1830 dicere
3033 1772 3310 1831 Christum
3351 1790 3449 1844 pro

183 1870 401 1943 μωρίαν
449 1866 586 1925 εἶναι
637 1871 920 1943 νομίζουσι
978 1872 1042 1927 τὸ
1086 1872 1341 1942 λέγεσθαι
1394 1873 1532 1946 πρὸς
1582 1874 1762 1944 ἡμῶν,

1871 1864 1976 1918 vita
2011 1860 2195 1918 mundi
2228 1871 2503 1919 mortuum
2533 1877 2676 1919 esset
2713 1863 2820 1920 Sed
2853 1865 2957 1946 ltoc
2989 1865 3164 1935 ipsum
3196 1867 3339 1937 quod
3370 1864 3451 1921 vi-

178 1963 435 2018 τεθνάναι
462 1962 697 2036 Χριστὸν
723 1965 863 2036 ὑπὲρ
906 1964 1008 2037 τῆς
1034 1964 1127 2019 τοῦ
1163 1965 1370 2036 κόσμου
1411 1966 1577 2036 ζωῆς.
1621 1965 1762 2019 Ἀλλ’

179 2054 315 2108 αὐτὸ
339 2054 403 2125 δὴ
435 2055 589 2109 τουτὶ
608 2054 670 2108 τὸ
696 2052 888 2109 δοκοῦν
920 2053 1060 2110 εἶναι
1089 2046 1292 2129 μωρὸν,
1322 2052 1629 2125 σοφώτερον
1652 2050 1763 2107 τῶν

176 2147 485 2219 ἀνθρώπων
512 2146 647 2201 ὲστί.
675 2139 853 2212 Βαθὺς
879 2149 988 2219 γάρ
1018 2152 1049 2204 6
1072 2142 1250 2217 λόγος,
1268 2147 1481 2217 καὶτῆς
1501 2146 1763 2200 ἀνωτάτω

176 2239 377 2307 σοφίας
409 2237 703 2310 ὲπίμεστος
726 2238 961 2309 άληθῶς,
978 2241 1008 2293 6
1025 2238 1118 2294 ἐπί
1151 2255 1236 2309 γε,
1255 2236 1420 2308 φημὶ,
1446 2234 1525 2307 τῷ
1544 2238 1764 2291 πάντων

175 2331 342 2402 ἡμῶν
371 2332 584 2403 Σωτῆρι
609 2323 855 2405 Χριστῷ,
877 2331 974 2386 καὶ
994 2326 1055 2385 τὸ
1082 2322 1309 2394 ἀσθενὲς
1337 2324 1479 2383 εἶναι
1507 2322 1763 2400 νομισθὲν

177 2423 337 2494 παρά
385 2440 449 2492 γε
485 2425 601 2487 τοῖς
653 2421 919 2477 Ἰουδαίων
969 2418 1197 2495 δήμοις,
1254 2410 1602 2493 ἰσχυρότερον
1652 2418 1765 2507 τῶν

174 2516 490 2589 ἀνθρώπων
535 2514 674 2571 ὶστί.
705 2507 922 2570 Σέσωκε
954 2515 1065 2586 γάρ
1102 2516 1252 2586 ἡμᾶς
1278 2515 1307 2568 6
1334 2510 1632 2586 μονογενὴς
1666 2509 1762 2565 τοῦ

172 2607 317 2661 Θεοῦ
364 2608 569 2678 Λόγος,
603 2606 700 2677 τὴν
725 2607 861 2679 πρὸς
911 2608 1060 2677 ἡμᾶς
1104 2604 1365 2677 ὁμοίωσιν
1406 2594 1640 2667 ὑποδὺς,
1678 2601 1764 2654 ἴνα

175 2698 352 2769 σαρκὶ
397 2695 607 2760 παθὼν,
660 2697 754 2750 καῖ
800 2692 1169 2767 ἐγηγερμένος
1211 2695 1275 2748 ὲκ
1320 2692 1551 2765 νεκρῶν,
1586 2691 1767 2765 κρείτ-

169 2807 307 2844 τονα
340 2790 571 2845 Θανάτου
613 2788 710 2845 καὶ
736 2789 943 2861 φθορᾶς
982 2787 1081 2859 τὴν
1114 2780 1270 2857 ἡμῶν
1296 2778 1552 2856 ἀποφήνῃ
1577 2782 1761 2855 φύσιν.

174 2887 342 2940 Ἔστι
391 2884 449 2938 δὲ
482 2885 624 2955 ὑπὲρ
660 2886 817 2956 χεῖρα
861 2881 964 2954 την
1005 2880 1128 2934 καθ’
1159 2879 1329 2950 ἡμᾶς,
1369 2878 1430 2932 τὸ
1471 2876 1765 2949 κατωρθω-

174 2980 371 3049 μένον.
406 2976 617 3031 Οὐκοῦν
668 2975 1015 3047 ἰσχυρότερον
1070 2971 1180 3027 τῶν
1210 2962 1512 3043 ἀνθρώπων
1553 2962 1671 3022 ἐστὶ
1706 2967 1768 3023 τὺ

1870 1956 2031 2009 detur
2056 1969 2180 2010 esse
2212 1954 2469 2022 stultum,
2500 1965 2586 2011 est
2619 1943 2920 2027 sapientius
2953 1957 3286 2014 hominibus.
3314 1956 3453 2012 Gra-

1869 2047 2129 2102 vissimus
2156 2046 2301 2102 enitn
2332 2055 2418 2103 est
2445 2058 2660 2115 sermo,
2691 2060 3015 2119 summaque
3043 2050 3311 2121 sapientia
3339 2047 3453 2121 ple-

1869 2154 1976 2195 nus
2004 2140 2072 2194 de
2098 2139 2316 2196 Christo
2334 2136 2590 2196 Omnium
2621 2138 2907 2199 Salvatore
2938 2143 3191 2211 habetur,
3222 2153 3280 2199 et
3308 2144 3452 2214 quod

1866 2247 1896 2286 a
1926 2230 2129 2287 Judaeis
2158 2240 2416 2288 censetur
2445 2246 2566 2289 esse
2596 2231 2902 2303 inﬁrmum,
2933 2233 3127 2292 fortius
3160 2240 3245 2290 est
3279 2235 3454 2291 homi-

1865 2324 2044 2379 nibus.
2080 2321 2327 2380 Saiv‘avit
2359 2314 2507 2381 enim
2543 2330 2643 2383 nos
2677 2326 3018 2398 unigenitum
3055 2326 3150 2383 Dei
3177 2319 3453 2397 Verbum,

1866 2413 2041 2470 nostri
2062 2404 2472 2472 similitudinem
2494 2406 2738 2481 subiens,
2762 2426 2823 2473 ut
2848 2432 3042 2489 passus
3064 2429 3230 2475 carne
3255 2426 3309 2475 et
3335 2434 3456 2474 sus-

1864 2505 2068 2565 citatus
2120 2520 2155 2563 e
2188 2508 2449 2575 mortuis,
2503 2518 2755 2564 naturam
2795 2516 3037 2565 nostram
3077 2512 3253 2565 morte
3287 2517 3457 2578 atque

1873 2600 2095 2656 interitu
2139 2599 2479 2672 superiorem
2525 2600 2852 2658 declararet.
2896 2592 2996 2657 Est
3038 2607 3171 2657 sero
3214 2598 3268 2657 id
3310 2604 3456 2672 quod

1867 2691 2169 2764 praestitum
2214 2701 2334 2759 est,
2377 2698 2648 2762 potestate
2688 2702 2874 2749 nostra
2920 2694 3189 2766 superius.
3234 2690 3455 2748 Fortius

1869 2783 2055 2853 itaque
2092 2792 2178 2838 est
2220 2783 2562 2853 hominibus,
2606 2784 2751 2856 quod
2792 2782 2847 2840 in
2894 2780 3216 2841 inﬁrmitate
3256 2793 3456 2841 nostra:

1869 2873 2033 2930 simili
2062 2882 2117 2930 et
2147 2874 2201 2930 in
2228 2874 2481 2946 passione
2505 2882 2784 2947 peractum
2812 2888 2933 2932 esse
2961 2875 3192 2942 videtur,
3220 2886 3276 2932 et
3300 2876 3456 2934 divi-

1871 2983 1996 3023 nam
2027 2969 2325 3039 potentiam
2355 2968 2716 3025 demonstrat.

167 3048 439 3138 ἀσθενείᾳ
468 3069 533 3138 τῇ
561 3064 683 3120 καθ’
725 3065 877 3136 ἡμᾶς
914 3063 1008 3117 καὶ
1036 3062 1111 3125 ὡς
1136 3060 1193 3114 ἐν
1219 3077 1285 3130 γε
1323 3058 1401 3127 τῷ
1432 3059 1627 3114 παθεῖν
1654 3056 1972 3131 πεπρᾶχθαι
2007 3057 2221 3123 δοκοῦν,
2252 3048 2535 3129 δυνάμεῶς
2571 3064 2630 3112 τε
2660 3059 2760 3130 τῆς
2813 3054 3152 3127 θεοπρεποῦς
3194 3058 3454 3130 ἐπίδειξιν

168 3165 321 3220 ἕνον.

202 3185 213 3195 ι
237 3183 321 3220 ον.

199 3183 310 3312 ιΒ.
354 3254 492 3311 Εἶτα
522 3256 638 3319 πῶς
671 3254 736 3309 ἂν
760 3254 789 3306 ὁ
816 3252 997 3317 αὐτὸς,
1030 3269 1187 3322 φασι,
1222 3252 1298 3325 μὴ
1328 3250 1523 3316 πάθοις

240 3353 315 3407 A.
360 3349 536 3421 Xapx‘t
564 3351 629 3420 τῇ
681 3348 787 3420 iiii;
810 3346 1021 3412 παθὼν,
1069 3347 1164 3399 καὶ
1187 3347 1250 3399 οὐ
1282 3345 1537 3417 θεότητος
1581 3341 1762 3412 φύσει,

1784 3260 1828 3319 ο
1885 3303 1892 3312 ,
1934 3235 1997 3297 Β.
2037 3233 2199 3315 Atqui
2235 3243 2537 3314 quomodo,
2573 3242 2856 3313 inquiunt,
2889 3248 3008 3313 ipse
3040 3259 3146 3300 non
3178 3246 3457 3316 patiatur?

1938 3339 2005 3395 Α,
2049 3334 2272 3406 Propria
2302 3349 2468 3392 carne
2495 3349 2708 3406 passus,
2738 3348 2844 3389 non
2874 3337 3058 3390 autem
3090 3346 3284 3392 natura
3316 3338 3456 3394 divi-

1867 3430 2078 3495 uitatis,
2106 3429 2271 3500 idque
2301 3427 2561 3484 ineﬂ'abili
2589 3428 2820 3499 quadam
2850 3427 3086 3497 ratione,
3114 3444 3276 3499 quam
3306 3431 3454 3486 nulla

164 3444 267 3499 καὶ
295 3440 615 3512 ἀπόρρητος
650 3440 751 3511 μὲν
781 3437 1058 3501 παντελῶς
1112 3440 1141 3491 6
1185 3438 1279 3490 ἐπὶ
1320 3435 1531 3498 τούτοις
1579 3432 1766 3502 λόγος,

161 3536 266 3589 καὶ
301 3531 411 3585 οὐκ
434 3530 502 3585 άν
542 3547 626 3593 τις
675 3529 917 3599 ἐφίκοιτο
945 3527 1071 3592 νοῦς
1103 3527 1211 3581 τῶν
1230 3526 1404 3590 οὕτως
1441 3523 1637 3596 ίσχνῶν
1674 3525 1771 3578 καὶ

160 3623 587 3697 ὑπερηρμένων
610 3620 851 3676 ἐννοιῶν.
886 3619 1176 3690 Ἐπὸμενοί
1198 3636 1263 3688 γε
1291 3617 1397 3690 μὴν
1426 3620 1541 3681 τοῖς
1570 3617 1650 3680 είς
1678 3618 1771 3690 69-

156 3719 378 3789 θότητα
406 3713 693 3785 λογισμοῖς
711 3753 726 3779 ,
747 3713 957 3766 καὶτὸν
984 3711 1079 3766 τοῦ
1108 3710 1318 3774 είκότος
1347 3707 1770 3781 περιαθροῦντες

152 3812 369 3880 Λόγον,
418 3806 549 3860 οὒτε
586 3805 681 3859 τοῦ
715 3804 970 3873 λέγεσθαι
1006 3803 1199 3858 παθεῖν
1225 3801 1618 3873 ἀλλοτριοῦμεν
1672 3799 1772 3853 αὐ-

148 3906 273 3968 τὸν,
314 3902 410 3954 ἵνα
457 3898 533 3971 μὴ
571 3897 679 3970 πρὸ
704 3897 898 3950 τούτου
930 3896 1024 3950 καὶ
1071 3894 1173 3967 τὴν
1200 3894 1342 3949 κατὰ
1371 3894 1550 3966 σάρκα
1577 3892 1770 3963 γέννη-

148 4017 265 4063 σιν,
303 3995 416 4049 οὗκ
456 3992 623 4049 αὐτοῦ
654 3991 875 4065 μᾶλλον,
922 3990 1039 4044 ἀλλ’
1070 3990 1258 4061 ἑτέρου
1287 3987 1477 4058 φῶμεν
1507 3981 1647 4040 εἷναί
1684 4003 1769 4040 τι-

150 4110 275 4156 νος,
310 4086 457 4143 οὔτε
489 4085 600 4158 μὴν
640 4086 721 4149 είς
764 4085 865 4157 τὴν
895 4082 1047 4137 θείαν
1090 4081 1257 4137 αὐτοῦ
1305 4079 1401 4134 καὶ
1454 4077 1771 4152 ὑπερτάτην

156 4177 507 4256 πεπράχθαι
556 4178 716 4248 φύσιν
745 4174 1093 4249 διοριζόμεθα
1135 4174 1204 4228 τὰ
1237 4170 1470 4245 σαρκός·
1513 4173 1688 4225 νοοῖτο
1722 4170 1770 4223 δ’

156 4286 255 4349 ἂν,
290 4254 378 4343 ῶς
416 4276 581 4348 ἔφην,
630 4276 793 4348 σαρκὶ
823 4277 891 4346 τῇ
929 4273 1038 4345 ίδίᾳ
1068 4271 1284 4337 παθεῖν,
1331 4271 1508 4326 καίτοι
1555 4270 1764 4340 θεότητι

1871 4256 2111 4328 propria,
2142 4266 2201 4311 ut
2226 4255 2580 4328 dixi,passus
2598 4268 2743 4322 esse,
2777 4254 2993 4311 tametsi
3026 4255 3230 4312 deitate
3255 4270 3454 4327 passus

160 4378 246 4449 μὴ
282 4369 514 4433 παθὼν,
562 4367 688 4423 καθ’
732 4362 842 4421 οἷον
870 4366 935 4437 δή
969 4380 1094 4418 τινα
1122 4363 1344 4436 τρόπον.
1385 4361 1630 4417 Ἀσθενεῖ
1672 4360 1764 4431 μὲν

1872 4366 1980 4409 non
2010 4351 2104 4407 sit.
2131 4352 2250 4421 Quo
2279 4361 2462 4408 autent
2496 4350 2677 4416 modo,
2707 4348 2868 4405 nullis
2896 4348 3159 4419 exemplis
3185 4348 3317 4405 satis
3342 4363 3455 4403 ex-

156 4439 278 4541 γὰρ
309 4466 481 4520 πᾶσα
507 4458 968 4532 παραδειγμάτων
995 4456 1246 4528 δύναμις,
1269 4455 1365 4510 καὶ
1390 4454 1491 4527 τῆς
1514 4451 1764 4525 ἀληθείας

1872 4443 2060 4515 plicari
2095 4451 2296 4514 potest.
2324 4441 2519 4498 Omnia
2548 4441 2695 4498 enim
2723 4440 2984 4497 inferiora
3014 4448 3138 4497 sunt
3169 4439 3249 4496 rei
3280 4440 3452 4511 ipsius

156 4530 415 4618 κατόπιν
475 4530 716 4625 ἔρχεται.
767 4548 914 4621 Πλὴν
960 4549 1135 4618 ἐνίησι
1179 4546 1258 4617 τῷ
1331 4544 1408 4617 νῷ
1470 4542 1764 4613 φαντασίαν

1873 4533 2127 4591 veritate.
2149 4533 2306 4590 Venit
2331 4542 2511 4588 tamen
2536 4530 2665 4587 mihi
2692 4532 2750 4587 in
2772 4541 3008 4588 mentem
3031 4531 3278 4601 quaedam
3302 4532 3455 4586 ima-

396 4609 883 4714 τοῦπράγματος,
900 4638 997 4692 καὶ
1026 4609 1102 4701 ῶς
1120 4609 1311 4705 ἀπόγε
1334 4609 1444 4689 τῶν
1469 4609 1527 4687 ἐν
1553 4634 1764 4721 χερσὶν,

1872 4625 2103 4697 ginatio,
2133 4639 2256 4696 quas
2284 4640 2351 4679 ex
2386 4623 2455 4681 iis
2486 4638 2606 4694 qua:
2637 4624 2889 4679 manibus
2919 4631 3323 4679 contrectamus
3352 4637 3454 4679 nos

154 4714 516 4797 ἁναϐῖὸάσει
548 4730 685 4802 πρὸς
712 4729 773 4783 τὸ
799 4728 956 4798 ὕψος,
990 4726 1084 4780 καὶ
1108 4724 1170 4778 τὸ
1194 4723 1339 4795 πέρα
1367 4719 1764 4790 λόγου.“οσπερ

1873 4716 2067 4771 attollit
2086 4717 2153 4771 ad
2169 4714 2510 4771 altitudinem
2528 4714 2645 4787 ejus
2659 4716 2804 4785 quod
2823 4715 3089 4771 rationem
3109 4728 3326 4770 omnem
3346 4730 3455 4771 su-

152 4838 276 4906 γάρ
310 4832 344 4884 6
379 4827 612 4896 σίδηρος
643 4823 811 4893 ἣγουν
844 4820 1007 4891 ἑτέρα
1030 4835 1117 4881 τις
1149 4816 1251 4887 ῦλη
1279 4814 1503 4884 τοιαύτη
1519 4813 1644 4906 Δταῖς
1657 4810 1764 4906 ⁸τοῦ

1871 4819 2045 4882 perat.
2078 4807 2541 4876 Quemadmodum
2575 4806 2720 4865 enim
2755 4805 2986 4875 ferrum,
3018 4815 3110 4863 aut
3143 4806 3248 4863 alia
3287 4822 3453 4877 quae-

100 4909 107 4917 .
385 4918 713 4991 δμιλήσασα
745 4911 1105 4987 προσϐολαῖς,
1137 4908 1436 4999 εἰσδέχεται
1473 4904 1574 4999 μεν
1611 4900 1764 4965 αὐτὸ,

1872 4901 2019 4973 piam
2055 4899 2384 4972 ejuscemodi
2429 4900 2656 4955 materia
2703 4899 2899 4971 recipit
2939 4898 3157 4969 quidem
3200 4898 3253 4954 in
3294 4913 3355 4954 se
3380 4902 3454 4970 (et

152 4991 261 5075 καῖ
298 5006 609 5068 κατωδίνει
648 5005 748 5075 τὴν
777 5003 952 5074 φλόγα
971 5019 987 5035 ο
1022 5002 1072 5054 εί
1102 5000 1158 5053 δὲ
1194 4997 1260 5070 δὴ
1287 4994 1647 5052 καταπαίοιτο
1678 5011 1764 5047 τυ-

1875 4994 2078 5066 patitur
2114 4991 2387 5048 ﬂammam
2428 5010 2443 5047 ε
2488 4992 2535 5048 si
2575 5007 2706 5049 vero
2751 4992 3087 5065 percutiatur
3126 4993 3194 5047 ab
3242 4992 3450 5063 aliquo,

150 5114 257 5187 χὸν
289 5106 408 5163 ὑπό
453 5117 579 5166 του,
608 5084 821 5169 δέχεται
851 5093 950 5165 μὲν
974 5095 1009 5164 ἠ
1168 5090 1231 5187 τδ
1260 5087 1764 5187 βλάϐος,.άδικεῖται

1876 5086 1992 5156 ipsa
2016 5084 2234 5156 quidem
2261 5085 2487 5141 materia
2516 5084 2899 5141 detrimentum
2930 5083 3149 5155 accipit,
3176 5083 3294 5155 ipsa
3321 5098 3452 5139 vero

150 5174 215 5263 δὲ
248 5205 405 5263 ὅλως
431 5194 580 5266 πρὸς
604 5189 700 5245 τοῦ
732 5189 984 5252 παίοντος
1009 5184 1161 5240 οὐδὲν
1195 5183 1230 5255 η
1255 5180 1350 5236 τοῦ
1373 5178 1548 5252 πυρὸς
1568 5176 1764 5249 φύσις·

1878 5177 2017 5248 ignis
2046 5184 2237 5232 natura
2268 5191 2299 5230 a
2326 5176 2663 5246 percutieute
2695 5192 2802 5233 non
2835 5174 3050 5232 laeditur
3075 5192 3091 5232 :
3123 5177 3195 5231 ita
3222 5175 3338 5231 fere
3364 5177 3452 5231 in-

151 5301 316 5355 οὕτω
345 5265 493 5353 πως
510 5286 764 5357 συνήσεις
790 5282 881 5337 καὶ
902 5282 961 5335 ὲν
987 5278 1067 5349 τῷ
1089 5275 1252 5347 σαρκὶ
1274 5270 1529 5343 λέγεσθαι
1553 5269 1762 5333 παθεῖν,

1878 5268 2085 5339 telliges
2134 5266 2332 5323 Filium
2380 5281 2548 5324 carne
2594 5268 2810 5337 quidem
2864 5281 3115 5339 passum,
3168 5265 3453 5323 divinitate

152 5391 398 5458 θεότητι
430 5380 495 5434 δὲ
531 5375 607 5447 μὴ
639 5372 835 5429 παθεῖν
865 5371 957 5425 τὸν
991 5368 1139 5423 Υίόν.
1171 5365 1280 5421 Καὶ
1309 5362 1516 5436 σμικρὰ
1548 5362 1667 5458 μὲν,

1873 5376 2001 5416 vero
2028 5373 2385 5431 nequaquam.
2412 5358 2479 5413 Et
2505 5360 2699 5431 exigua
2726 5362 2944 5431 quidem
2973 5372 3085 5430 est,
3114 5368 3173 5417 ut
3201 5361 3350 5429 dixi,
3376 5362 3451 5416 si-

152 5448 333 5554 ἔφην,
361 5474 485 5528 τῶν
523 5464 982 5538 παραδειγμάτων
1031 5462 1066 5532 ἡ
1109 5459 1337 5554 δύναμις
1354 5495 1395 5554 ,ῃ
1410 5454 1677 5554 ἀποφέρει
1713 5453 1764 5508 δέ

1877 5450 2237 5506 militudinum
2266 5449 2347 5506 vis
2373 5464 2438 5506 ac
2467 5448 2716 5517 facultas,
2748 5455 2971 5524 propius
3000 5461 3179 5509 tamen
3211 5454 3280 5509 ad
3303 5454 3451 5509 veri-

317 5542 436 5635 ίτῆς
468 5557 738 5627 ἀληθείας
760 5555 926 5624 ὲγγὺς
959 5554 1086 5616 τοὺς
1120 5551 1232 5613 τοῖς
1259 5550 1425 5620 ἱεροῖς
1444 5545 1764 5618 Γράμμασιν

1879 5544 2005 5598 tatis
2051 5542 2413 5614 cognitionem
2461 5542 2681 5599 adducit
2728 5558 2824 5601 eos
2871 5545 2963 5616 qui
3011 5544 3186 5602 sacris
3225 5542 3453 5601 Litteris

149 5634 433 5724 ἀπειθεῖν
469 5650 808 5726 ᾑρημένους.

1880 5635 2037 5691 ﬁdem
2070 5634 2329 5731 adhibere
2361 5650 2471 5693 non
2503 5644 2773 5693 recusant.

1867 3536 2021 3578 mens
2052 3521 2218 3593 776
2244 3520 2529 3592 percipere
2558 3528 2743 3591 queat.
2774 3518 2883 3577 Nos
2913 3535 3045 3576 vero
3075 3521 3458 3579 ratiocinatio-

1868 3613 2031 3672 nibus
2063 3628 2185 3685 qute
2213 3612 2431 3670 veritati
2469 3612 2707 3669 maxime
2735 3621 3117 3670 consentaneae
3145 3614 3259 3670 sint
3292 3616 3459 3670 inlue-

1868 3715 2077 3773 rentes,
2099 3718 2284 3776 neque
2310 3703 2548 3762 alienum
2577 3704 2754 3777 ipsum
2782 3706 2850 3761 ab
2876 3720 2942 3761 eo
2970 3719 3287 3772 censemus,
3310 3708 3458 3777 quod

1868 3799 2084 3855 dicatur
2121 3812 2316 3869 passus
2364 3810 2515 3863 esse,
2559 3813 2629 3854 ne
2669 3805 2726 3853 et
2767 3797 3106 3853 nativitatem
3157 3800 3454 3855 secundum

1869 3905 2125 3957 carnem,
2161 3905 2285 3960 qua:
2316 3889 2626 3962 passionem
2661 3890 2975 3961 pratcessit,
3014 3905 3119 3947 non
3156 3891 3328 3963 ipsius
3360 3894 3456 3946 sed

1869 3980 2095 4038 alterius
2135 3979 2437 4052 cuiuspiam
2480 3980 2651 4037 fuisse
2690 3980 2968 4047 dicamus,
3008 3996 3185 4052 neque
3226 3995 3290 4037 ea
3335 3996 3458 4054 qua

1869 4072 2058 4129 carnis
2089 4081 2216 4128 sunt
2249 4073 2302 4127 in
2334 4072 2575 4129 divinam
2606 4071 2775 4144 ipsius
2804 4081 2969 4142 atque
2998 4086 3308 4145 supremam
3344 4088 3457 4129 ua-

1873 4176 2049 4221 turam
2081 4162 2227 4221 facta
2256 4178 2377 4221 esse
2406 4171 2733 4221 statuamus.
2763 4161 3098 4235 lntelligatur
3127 4178 3260 4221 vero
3289 4179 3459 4220 carne

244 5841 294 5873 ⁸³
328 5835 350 5891 1
393 5830 538 5887 Cor.
581 5841 621 5892 ι,
651 5823 838 5881 22-25.
920 5824 965 5856 "
1004 5821 1193 5879 Matth.
1247 5833 1414 5883 xxvn,
1448 5814 1534 5871 42.
