3856 6212
206 325 328 382 ιδσι

1324 313 1513 407 Quot)
1553 313 1743 397 unus
1781 314 1890 397 str
1928 312 2299 404 ουιυετυβ,

3308 304 3449 361 1363

206 439 353 501 ὕλαις
381 433 649 506 όμιλῆσαν
669 431 730 485 τὸ
755 430 887 501 πῦρ,
921 430 1099 486 καίτοι
1124 428 1331 499 θερμὰς
1352 391 1454 482 οὐκ
1477 426 1643 491 ούσας
1671 394 1771 479 αὑ-

1876 441 1980 482 non
2016 436 2118 482 est.
2151 425 2284 481 Nam
2321 426 2366 481 si
2400 440 2585 482 verum
2624 432 2707 479 est
2742 421 2884 493 quod
2923 418 3062 490 ignis
3094 418 3237 473 circa
3277 431 3448 472 mate-

200 530 295 592 τὰς
323 526 444 581 κατ’
476 525 612 580 ιδίαν
639 523 822 595 φύσιν,
851 521 1142 592 ἀποφαίνει
1172 519 1382 592 θερμάς
1401 535 1415 551 ·
1451 519 1631 589 ἐνίησι
1662 518 1772 590 γὰρ

202 622 293 675 καὶ
337 617 480 693 μάλα
533 615 805 679 πλουσίως
836 615 1028 679 αὐταῖς
1055 612 1155 682 τῆς
1181 611 1408 681 ἐνούσης
1434 609 1582 681 αύτῷ
1608 609 1771 663 δυνά-

207 729 346 783 μεως
376 710 474 783 τὴν
500 710 779 780 ἐνέργειαν
799 724 813 737 ·
841 706 957 771 πῶς
983 707 1044 761 οὐ
1096 704 1296 779 μᾶλλον
1325 704 1507 776 ἐνίησι
1535 702 1665 767 Θεὸς
1697 701 1773 757 ὢν

204 805 231 859 ὁ
256 802 427 872 Λόγος
453 804 519 873 τῇ
550 801 658 873 ἰδίᾳ
695 799 882 871 σαρκὶ,
907 798 1005 870 τὴν
1036 796 1300 863 ζωοποιδν
1327 794 1522 850 ἑαυτοῦ
1543 794 1774 864 δύναμιν

205 894 295 951 καὶ
345 894 663 966 ἐνέργειαν,
727 890 1020 946 ἐνωθεϊσαν
1070 890 1208 960 αὐτῇ
1258 888 1355 941 καὶ
1416 886 1551 941 ίδίαν
1601 885 1774 955 αὐτὴν

202 988 505 1059 ἀποφήνας,
548 984 891 1056 ἀσυγχύτως,
923 982 1229 1056 ἀτρέπτως,
1264 980 1359 1037 καὶ
1395 979 1518 1035 καθ’
1558 979 1618 1041 όν
1663 976 1771 1033 οἶδε

202 1080 397 1154 τρόπον
425 1078 625 1145 αύτόςς

269 1253 331 1310 Β.
384 1253 703 1323 Ἀναγκαῖον
760 1245 856 1306 οὖν
904 1250 1014 1322 ἄρα
1083 1248 1496 1320 συνομολογεῖν,
1555 1245 1775 1310 ούδενδς

201 1346 388 1417 ἐτέρου
423 1343 869 1417 μεσολασοῦντος,
916 1340 1198 1405 παντελῶς
1248 1340 1379 1395 ἴδιον
1423 1336 1675 1407 γενέσθαι
1712 1336 1776 1389 τὸ

202 1437 363 1507 σῶμα
404 1437 499 1491 τοῦ
533 1438 596 1491 ἐκ
632 1435 726 1490 τοῦ
757 1436 968 1507 Πατρδς
992 1434 1144 1498 δντος
1174 1432 1372 1501 Λόγου,
1416 1430 1522 1484 κᾶν
1555 1426 1772 1501 ἐψυχω-

201 1530 361 1602 μένον
388 1530 558 1583 νοοῖτο
584 1530 730 1600 ψυχῇ
756 1528 942 1600 νοερᾷ.

265 1625 333 1677 Α.
360 1621 509 1675 Πάνυ
539 1621 637 1692 μὲν
661 1617 777 1683 οὖν,
804 1621 853 1673 εί
873 1619 964 1673 τὸν
990 1615 1205 1686 ἀπλανῆ
1232 1618 1331 1687 τῆς
1359 1615 1595 1678 πίστεως
1623 1612 1776 1683 όρθο-

196 1711 468 1785 τομοῦμεν
514 1711 690 1781 λόγον,
729 1711 825 1764 καὶ
868 1709 979 1763 τῶν
1024 1709 1127 1779 τῆς
1174 1705 1430 1779 ἀληθείας
1480 1705 1770 1775 δογμάτων

1873 519 2007 573 riam
2038 517 2277 587 aliquam
2308 531 2560 583 versans,
2593 529 2714 571 eam
2745 527 2865 584 quae
2895 510 3094 580 alioqui
3125 524 3190 564 ex
3221 523 3319 563 sua
3351 524 3449 564 na~

1868 620 1991 667 tura
2024 610 2198 666 calida
2233 625 2339 664 non
2373 618 2492 674 est,
2527 607 2758 663 calidam
2794 602 2956 660 eiiicit
2992 601 3271 672 (immittit
3302 600 3448 656 enim

1870 701 1921 769 ei
1960 700 2172 771 abunde
2214 699 2486 755 facultatis
2523 711 2629 766 qua
2670 694 2927 765 praeditus
2964 698 3047 744 est
3081 688 3444 756 eﬂicaciam),

1869 809 1976 864 quo
2001 801 2159 863 pacto
2184 806 2289 847 non
2320 789 2498 858 potius
2525 786 2770 843 immittit
2798 783 2937 837 Deus
2955 780 3191 835 Verbum
3219 775 3449 847 propriae

1870 885 2023 941 carni
2059 884 2422 937 viviﬁcantem
2459 894 2610 935 suam
2646 878 2898 930 virtutem
2948 881 3110 941 atque
3165 867 3445 937 operatio-

1870 992 2018 1042 nem,
2047 991 2169 1032 cum
2198 974 2342 1030 illam
2372 973 2472 1028 sibi
2506 971 2711 1026 unitum
2740 977 2791 1024 et
2809 965 3106 1036 propriam,
3142 959 3276 1015 eitra
3308 971 3440 1012 con—

1869 1068 2135 1125 fusionem
2173 1075 2267 1122 aut
2299 1064 2655 1121 mutationem
2688 1069 2743 1116 et
2779 1073 2888 1130 quo
2922 1056 3037 1127 ipse
3071 1053 3221 1109 novit
3255 1049 3438 1114 modo.

1869 1159 2021 1217 decla
2030 1176 2086 1213 ra
2095 1159 2161 1213 rit
2176 1158 2202 1211 τ

1939 1253 2002 1309 Β.
2046 1249 2419 1308 Necessarium
2449 1249 2631 1317 itaque
2655 1254 2739 1301 est
2768 1243 2955 1308 fateri,
2989 1240 3202 1296 nemine
3229 1234 3335 1290 alio
3362 1234 3448 1289 in-

1870 1347 2235 1411 terveniente,
2270 1343 2511 1414 perfecte
2545 1339 2823 1409 propriqu
2863 1336 3062 1390 factum
3098 1344 3220 1387 esse
3252 1339 3446 1398 corpus

1870 1439 2050 1497 Verbo
2081 1452 2146 1493 ex
2182 1435 2365 1501 Patre,
2401 1433 2617 1489 tametsi
2654 1432 2833 1485 anima
2874 1425 3205 1497 intelligente
3236 1420 3445 1475 anima-

1869 1543 1982 1589 tum
2013 1537 2298 1588 censeatur
2313 1530 2339 1583 τ

1938 1622 2008 1678 Δ.
2044 1618 2300 1685 Omnino,
2337 1618 2381 1674 si
2425 1627 2629 1674 rectum
2671 1622 2726 1670 et
2763 1612 3032 1668 sincerum
3074 1604 3195 1661 ﬁdei
3238 1615 3447 1657 sermo-

1869 1729 1993 1770 nem
2028 1722 2216 1768 tenere
2244 1710 2504 1774 velimus,
2536 1718 2593 1763 et
2622 1705 2790 1778 778
2823 1704 3129 1772 dogmatum
3162 1694 3447 1749 veritatem

196 1801 362 1871 ἐσμέν
409 1802 675 1874 ἐρασταὶ,
720 1801 957 1855 καὶτῶν
995 1800 1165 1869 ἁγίων
1194 1798 1454 1870 Πατέρων
1500 1797 1602 1851 οὐκ
1637 1799 1773 1851 ἀπο-

1879 1794 2154 1867 amamus,
2183 1811 2347 1872 atque
2376 1816 2405 1853 a
2435 1799 2640 1855 sanctis
2672 1795 2924 1852 l’atribus
2948 1807 3052 1847 non
3081 1787 3445 1848 deﬂectimus.

194 1895 490 1967 φερόμενοι
535 1894 638 1965 τῆς
695 1893 944 1958 εὐθείας,
997 1892 1121 1947 οὔτε
1178 1890 1286 1963 μὴν
1336 1891 1436 1961 τὴν
1488 1888 1773 1961 βασιλικὴν

193 1987 430 2056 ἀφέντες
475 1986 685 2059 τρίϐον,
734 1986 831 2041 καὶ
876 1987 997 2050 ταῖς
1048 2001 1210 2040 τινων
1254 1981 1658 2053 είκαιομυθίαις
1693 1983 1776 2046 είς

194 2077 447 2151 κίϐδηλον
478 2078 602 2133 νοῦν
633 2078 1131 2150 ἁποκομιζόμενοι,
1166 2073 1679 2146 ἐποικοδομούμενοι
1715 2073 1773 2127 δέ

196 2172 402 2244 μᾶλλον
445 2174 536 2233 ἐπῗ
580 2172 731 2244 αι’)τῷ
776 2170 854 2243 τιῖ)
896 2170 1172 2244 θεμελίῳ,
1231 2167 1478 2224 τουτέστι
1530 2164 1772 2238 Χριστῷ.

198 2286 233 2331 ι,
256 2265 519 2336 Θεμέλιον
544 2265 837 2339 γὰράλλον
856 2264 1031 2329 οὐδεὶς
1056 2262 1280 2319 δύναται
1306 2262 1479 2315 θεῖναι
1507 2258 1659 2330 παρὰ
1679 2257 1777 2313 τὸν

183 2359 467 2428 κείμενον,
506 2378 527 2412 ι
565 2358 715 2417 καθά
755 2357 1035 2428 γέγραφεν
1058 2354 1275 2425 άληθῶς
1322 2355 1354 2410 ό
1396 2351 1561 2424 σοφὸς
1616 2351 1778 2422 ἁρχι-

191 2452 420 2518 ῖέρκτων,
447 2453 543 2507 καὶ
567 2451 677 2505 τῶν
704 2450 869 2506 αὑτοῦ
909 2448 1222 2521 μυστηρίων
1278 2444 1582 2519 ίερουργός.
1635 2444 1774 2497 Ἕνα

190 2543 487 2615 τοιγαροῦν
524 2545 616 2599 τὸν
659 2544 789 2599 Υἱὸν
833 2541 930 2597 τοῦ
961 2540 1098 2596 Θεοῦ
1144 2540 1240 2594 καὶ
1268 2536 1484 2609 Πατρὸς
1511 2531 1653 2589 εἶναι
1691 2550 1775 2597 πι-

192 2634 483 2706 στεύομεν,
510 2635 605 2690 καὶ
634 2635 693 2688 ἐν
715 2634 795 2688 ἐνὶ
822 2633 1099 2705 προσώπῳ
1126 2631 1416 2700 νοούμενον
1445 2626 1538 2682 τὸν
1566 2624 1775 2696 Κύριον

187 2727 355 2800 ἡμῶν
388 2726 594 2797 Ἰησοῦν
629 2726 885 2800 Χριστὸν,
920 2724 1251 2796 γεννηθέντα
1291 2722 1389 2794 μέν
1418 2722 1486 2781 ἐκ
1510 2717 1605 2775 τοῦ
1630 2715 1767 2772 Θεοῦ

189 2821 294 2891 agat
321 2820 555 2893 Πατρδς,
598 2819 796 2884 θεῖκῶς
819 2858 835 2884 ,
879 2818 955 2883 ὡς
977 2818 1171 2886 Λόγον,
1203 2814 1313 2887 πρὸ
1342 2814 1543 2877 παντὸς
1575 2810 1774 2875 αἰῶνος

188 2912 293 2979 καὶ
317 2912 552 2983 χρόνουέ
589 2914 657 2979 ἐν,
677 2911 929 2983 ἐσχάτοις
958 2910 1017 2965 δέ
1045 2907 1140 2965 τοῦ
1168 2907 1366 2981 αἰῶνος
1406 2906 1643 2978 καιροῖς,
1679 2900 1784 2967 τὸν,

186 3004 653 3077 αὐτον-γεγονότα
683 3003 827 3075 κατὰ
870 3004 1052 3075 σάρκα
1095 3002 1160 3063 ἐκ
1190 2998 1452 3070 γυναικὸς
1472 3036 1490 3062 ,
1523 2995 1675 3066 αὐτῷ
1710 3011 1775 3057 τε

188 3095 617 3168 προσειεμοῦμεν
662 3096 736 3161 τά
772 3111 833 3151 τε
865 3094 1146 3165 θεοπρεπῆ
1179 3091 1277 3146 καὶ
1318 3090 1388 3146 τά
1428 3087 1771 3161 ἀνθρώπινα,

1875 1910 2055 1965 neque
2084 1897 2297 1951 deserta
2325 1894 2409 1948 via
2442 1891 2621 1963 regia,
2650 1889 2878 1944 aliorum
2907 1898 3045 1940 vana
3076 1891 3237 1952 atque
3264 1876 3443 1933 inania

1875 1995 2181 2041 commenta
2208 1994 2506 2048 sectamur,
2532 1982 2585 2036 in
2614 1980 2899 2050 reproham
2927 1983 3161 2031 mentem
3186 1968 3400 2026 abducti
3426 1984 3443 2022 :

1875 2075 1972 2132 sed
2019 2077 2201 2145 potius
2248 2089 2411 2143 super
2482 2073 2656 2142 ipsum
2710 2068 3150 2128 fundamentum,
3214 2061 3319 2116 hoc
3363 2066 3449 2113 est

1873 2166 2172 2231 Christum,
2204 2164 2560 2229 aediﬁcamus.
2600 2179 2620 2214 ι
2658 2158 3089 2229 Fundamentum
3124 2153 3266 2207 enim
3301 2148 3447 2203 aliud

1873 2272 2034 2315 nemo
2057 2266 2234 2328 potest
2255 2268 2476 2326 ponere.
2502 2260 2697 2322 praeter
2720 2252 2773 2305 id
2795 2248 2936 2320 quod
2962 2246 3195 2317 positum
3218 2239 3390 2304 est";
3419 2256 3443 2295 ι

1874 2361 1935 2409 ut
1958 2366 2087 2407 vere
2116 2349 2336 2419 scripsit
2361 2351 2581 2418 sapiens
2609 2344 2697 2399 ille
2722 2336 3139 2413 architectus’r‘,
3166 2345 3222 2390 et
3250 2340 3447 2405 myste-

1870 2445 2079 2501 riorum
2122 2443 2221 2501 Dei
2262 2441 2677 2499 administrator
2698 2438 2767 2492 ".
2812 2435 2988 2492 Unum
3033 2433 3212 2500 itaque
3247 2426 3445 2485 Filium

1871 2536 1968 2591 Dei
2004 2551 2069 2593 ac
2102 2534 2282 2591 Patris
2312 2546 2432 2595 esse
2467 2530 2765 2594 credimus,
2792 2534 2846 2582 et
2875 2525 2929 2579 iu
2960 2539 3066 2577 nua
3100 2534 3326 2591 persona
3362 2518 3446 2571 in-

1872 2626 2147 2693 tellectum
2178 2624 2464 2680 Dominum
2496 2630 2740 2676 nostrmn
2768 2616 2951 2681 Jesum
2979 2614 3276 2674 Christum,
3300 2608 3448 2680 geni-

1871 2729 1987 2777 tum
2015 2719 2232 2790 quidem
2263 2731 2328 2774 ex
2361 2714 2474 2777 Deo
2499 2723 2554 2768 et
2582 2711 2745 2766 Patre
2774 2710 3060 2775 divinitus,
3094 2715 3151 2760 ut
3174 2702 3445 2769 Verbum,

1871 2824 2000 2868 ante
2040 2810 2223 2867 omnia
2261 2807 2457 2873 sarcula
2496 2813 2553 2865 et
2597 2812 2869 2872 tempora,
2911 2795 3220 2855 novissimis
3262 2802 3447 2853 autem

1870 2902 2058 2971 stcculi
2094 2900 2427 2970 temporibus
2460 2895 2708 2951 eumdem
2741 2892 2941 2948 factum
2972 2900 3193 2943 carnem
3228 2899 3296 2941 ex
3332 2897 3451 2937 mu-

1870 2994 2027 3060 liere,
2055 2994 2268 3065 ipsique
2302 2989 2590 3045 tribuimus
2611 3000 2667 3061 et
2701 2984 2911 3040 divinas
2941 2993 2995 3038 et
3029 2984 3293 3036 inuitantis
3327 2989 3450 3053 pro-

1875 3090 2141 3160 prietates
2172 3105 2186 3142 :
2218 3095 2275 3145 et
2304 3084 2446 3140 illius
2482 3083 2681 3137 factam
2708 3092 2832 3149 esse
2857 3076 3087 3132 dicimus
3117 3071 3451 3152 nativitatem

185 3154 289 3245 κᾶι
312 3154 479 3243 αὑτοῦ
507 3154 760 3256 γενέσθαι
790 3186 970 3256 φαμὲν
992 3154 1090 3256 τὴν
1112 3154 1257 3245 κατὰ
1286 3183 1467 3254 σάρκα
1495 3154 1771 3251 γέννησιν,

1876 3180 2172 3238 secundum
2206 3190 2459 3241 carnem,
2494 3181 2551 3231 et
2585 3170 2893 3243 passionem
2930 3166 2987 3239 in
3025 3178 3220 3228 cruce,
3254 3162 3452 3233 quippe

184 3285 291 3347 καὶ
331 3279 396 3334 τὸ
434 3280 527 3335 ἐπὶ
566 3279 659 3333 τοῦ
705 3277 940 3349 σταυροῦ
989 3276 1162 3344 πάθος
1186 3320 1203 3343 ,
1250 3272 1623 3345 οἰκειουμένου
1674 3270 1775 3343 μέν

184 3372 417 3448 ᾇπαντα
458 3372 528 3426 τὰ
571 3371 669 3441 τῆς
710 3370 848 3434 ιδίας
882 3369 1085 3441 σαρκὸς
1106 3409 1122 3435 ,
1161 3366 1536 3441 μεμενηκότος
1571 3380 1637 3433 γε
1669 3360 1776 3434 μὴν

182 3462 446 3541 ᾀπαθοῦς
483 3463 581 3535 τῆς
629 3462 883 3531 θεότητος
929 3459 1108 3530 φύσει.
1151 3459 1411 3530 Κάμπτει
1454 3456 1564 3527 γὰρ
1599 3453 1774 3533 οὕτως

182 3555 351 3631 αὐτῷ
394 3556 504 3629 πᾷν
533 3554 697 3627 γόνυ,
744 3553 837 3623 καὶ
878 3554 1028 3625 πᾶσα
1072 3550 1298 3629 γλῶσσα
1336 3546 1770 3619 ἐξομολογεῖται,

181 3650 276 3723 ﬁl
316 3646 528 3717 Κύριος
568 3645 776 3729 Ἰησοῦς
827 3645 1065 3729 KP}.an
1104 3645 1184 3723 είς
1222 3641 1379 3725 δόξαν
1409 3639 1502 3696 τοῦ
1534 3636 1769 3709 Πατρός.

194 3720 406 3812 itum.
768 3720 775 3729 ‘
848 3720 853 3723 '
1054 3723 1065 3731 '
1178 3720 1183 3723 '
1302 3720 1307 3725 ‘

1878 3271 1971 3345 qui
2009 3268 2191 3325 omnia
2232 3265 2335 3335 sibi
2374 3261 2641 3331 adaptarit
2676 3272 2794 3329 qua:
2831 3256 2980 3329 carni
3020 3269 3131 3337 suae
3165 3261 3291 3331 sunt
3328 3263 3454 3321 pro-

1880 3328 2031 3435 pria;
2060 3369 2312 3417 manente
2347 3355 2559 3411 interim
2598 3328 2788 3407 natura
2836 3348 3050 3405 deitatis
3080 3328 3300 3423 experte
3331 3355 3451 3413 pas-

1879 3452 2075 3511 sionis.
2106 3450 2218 3505 llac
2246 3447 2389 3501 enim
2423 3444 2633 3500 ratione
2664 3440 2736 3495 illi
2768 3422 2998 3494 ﬂectitur
3024 3450 3183 3517 omne
3207 3420 3369 3507 genu,
3399 3441 3453 3485 et

1877 3545 2058 3609 omnis
2081 3543 2263 3625 lingua
2288 3539 2574 3597 conﬁtetur
2596 3535 2720 3607 quia
2747 3532 3001 3605 Dominus
3021 3512 3179 3611 Jesus
3203 3512 3451 3613 Christus

1879 3639 1931 3717 in
1963 3638 2127 3723 gloria
2160 3634 2335 3689 Patris
2356 3631 2423 3687 τε.
2455 3633 2647 3685 Amen.

260 3923 309 3954 "
353 3918 371 3987 ι
412 3917 539 3983 Cor.
567 3931 651 3980 ut,
686 3915 775 3971 Η.
848 3912 899 3949 ⁷⁸
936 3912 1072 3987 Ibid.
1109 3911 1195 3983 1Q.
1275 3909 1320 3943 "
1360 3908 1380 3965 l
1417 3908 1543 3965 Cor.
1591 3924 1665 3973 ιν,
1704 3909 1751 3962 ί.

1876 3928 1877 3931 ‘
1920 3905 2152 3974 Philipp.
2192 3918 2251 3965 tt,
2291 3900 2376 3967 10,
2416 3900 2502 3954 Η.
