3856 6212
446 333 587 391 iam
1475 343 1531 401 s.
1575 345 1849 417 CYRlLLl
1890 350 1969 424 At,

2174 351 2357 425 nam
2396 355 2715 418 ARCHIEP.
3578 366 3696 422 issi

1416 701 1990 837 SANCTI
2084 711 2740 842 CYRILLI

1655 960 2127 1020 ALEXANDRINI
2164 965 2487 1027 ARCHIEP.

810 1154 1319 1261 SCHOLIA
1415 1160 1561 1260 DE
1644 1164 2555 1265 INCABNATIONE
2636 1173 3330 1264 UNIGENITI.

498 1370 593 1440 (Et.
628 1372 747 1431 edit.
780 1372 835 1436 Ρ.
867 1375 1111 1439 Carnerii,
1142 1378 1265 1451 Opp.
1298 1378 1435 1433 Marii
1460 1379 1765 1443 Mercatoﬁs,
1798 1383 2296 1507 additmrtaeggleris
2323 1386 2507 1438 Graecis
2531 1402 2644 1451 quae
2671 1389 2885 1440 Joannes
2904 1388 3181 1441 Autbertus
3213 1401 3275 1438 ex
3302 1386 3469 1436 codice
3496 1388 3660 1450 Regio

1691 1762 2451 1876 ADMONITIO.

2029 1996 2099 2009 ﬂ

518 2138 808 2198 hastatus
839 2142 962 2211 istc,
998 2159 1103 2202 non
1134 2146 1481 2218 praestantior
1506 2162 1673 2219 quam
1700 2148 1911 2215 utilior,
1938 2150 2254 2208 inscribitur
2302 2152 2522 2208 Scholia
2551 2151 2617 2208 de
2643 2153 3013 2209 incarnatione
3046 2152 3318 2226 Unigeniti
3347 2171 3367 2209 :
3418 2166 3715 2228 propterea

438 2233 582 2302 quod
609 2234 854 2293 continet
880 2251 985 2293 non
1024 2246 1234 2295 tantum
1259 2238 1681 2312 explicationem
1722 2240 1888 2297 trium
1933 2255 2130 2298 vocum
2163 2243 2462 2301 diilicilium
2507 2244 2811 2311 intellectu,
2845 2243 3118 2312 Christus,
3162 2244 3503 2314 Emmanuel,
3532 2247 3715 2313 Iesus,

437 2340 669 2393 quarum
703 2329 1043 2398 prmnotione
1070 2346 1208 2403 opus
1240 2340 1327 2389 est
1356 2332 1424 2389 ad
1455 2332 1775 2404 mysterium
1818 2332 2214 2393 incarnationis
2262 2337 2558 2395 Dominiea’:
2608 2339 2984 2405 tractandum;
3035 2340 3131 2396 sed
3166 2340 3333 2396 etiam
3385 2341 3713 2398 solutionem

439 2418 731 2490 implicatae
762 2426 1099 2495 quastionis,
1143 2431 1419 2497 quomodo
1462 2430 1587 2486 dua
1633 2440 1873 2499 naturae,
1908 2430 2029 2487 sine
2067 2433 2386 2490 confusione
2430 2444 2490 2491 et
2521 2436 2901 2502 conversione,
2942 2437 3297 2493 convenerint
3341 2438 3398 2492 in
3444 2440 3714 2495 unitatem

438 2531 685 2587 persona:
725 2521 944 2592 divinae,
978 2537 1207 2595 cunque
1248 2541 1359 2585 non
1412 2529 1674 2600 σχετικὴν
1729 2533 1787 2581 et
1834 2525 2125 2595 moralem,
2172 2528 2271 2586 sed
2317 2528 2556 2602 φυσικὴν
2604 2540 2661 2587 et
2701 2531 3091 2587 substantivam
3140 2550 3153 2587 :
3196 2533 3288 2604 qui
3327 2534 3505 2590 cardo
3555 2535 3719 2590 totius

435 2612 754 2681 quaestionis
790 2625 941 2673 tanta
971 2620 1339 2677 commotione
1367 2622 1535 2677 totius
1559 2621 1711 2678 orbis
1738 2623 1979 2694 agitata.

507 2706 627 2773 Quo
650 2719 879 2767 auctore
895 2712 1134 2783 scriptus
1163 2714 1258 2780 sit,
1277 2712 1529 2771 dubitare
1563 2728 1673 2769 non
1702 2714 1851 2782 licet,
1876 2731 2000 2773 cum
2030 2714 2409 2772 Theodoretus
2434 2713 2488 2772 in
2513 2716 2755 2772 secundo
2779 2715 2994 2787 dialogo
3015 2717 3109 2786 qui
3137 2718 3342 2773 dicitur
3367 2717 3720 2788 Inconfusiu,

437 2797 548 2858 Leo
573 2799 797 2874 Magnus
821 2804 1049 2875 epistola
1078 2803 1171 2871 97,
1195 2804 1487 2862 concilium
1511 2803 1961 2864 Chalcedonense
1986 2808 2203 2863 actione
2225 2807 2262 2863 2
2287 2806 2342 2866 in
2372 2805 2503 2872 line,
2532 2805 2822 2863 Facundos
2851 2809 3255 2866 llermianensis
3280 2810 3435 2866 libris
3452 2827 3530 2866 vn
3562 2821 3618 2867 et
3644 2829 3720 2876 xi,

440 2894 704 2957 Leontius
739 2896 1099 2963 scholasticus
1121 2897 1256 2953 libro
1278 2913 1293 2953 t
1319 2909 1508 2954 contra
1532 2898 1889 2958 Nestorianos
1908 2910 1962 2958 et
1989 2901 2378 2974 Eutychianos,
2402 2900 2623 2970 aliique,
2658 2917 2762 2957 non
2789 2910 2997 2958 tantum
3028 2903 3193 2972 huius
3222 2903 3428 2974 aperis,
3457 2914 3719 2974 tanquam

438 3006 471 3053 a
506 2990 709 3060 Cyrillo
736 2992 890 3059 editi,
926 2995 1307 3063 meminerint,
1344 2997 1441 3053 sed
1477 3012 1546 3053 ex
1580 3010 1648 3053 eo
1676 3010 1894 3069 quoque
1928 2996 1997 3052 ad
2033 2995 2466 3052 conﬁrmandam
2506 2995 2665 3052 ﬁdem
2706 2996 3018 3054 testimonia
3059 2998 3524 3068 deprompserint.
3548 2992 3721 3053 'Addc

437 3082 583 3149 quod
624 3084 679 3138 in
718 3083 1046 3142 bibliotheca
1099 3085 1264 3159 Regia
1317 3087 1542 3145 Parisiis
1582 3103 1690 3144 non
1738 3088 1952 3144 modica
1992 3101 2121 3158 pars
2167 3086 2357 3145 Graece
2408 3087 2659 3155 habetur,
2703 3087 2897 3162 Cyr-illi
2939 3090 3161 3144 nomine
3213 3090 3504 3161 inscripta,
3556 3107 3723 3162 quant

437 3172 677 3233 Ioannes
702 3176 999 3245 Autbertus
1027 3180 1303 3236 transtulit
1330 3180 1381 3236 in
1416 3196 1568 3237 suam
1595 3180 1833 3251 Operum
1854 3179 2041 3253 Cyrilli
2071 3178 2546 3237 Greco-Latinam
2573 3181 2889 3247 editionem,
2917 3189 3063 3235 tomo
3092 3180 3158 3245 ν,
3201 3192 3357 3251 parte
3388 3198 3427 3238 ι.

508 3271 629 3341 Quo
682 3281 932 3347 tempore
983 3277 1317 3347 compositus
1373 3276 1559 3344 fuerit,
1604 3277 1876 3347 conjicere
1919 3291 1987 3332 ex
2025 3290 2093 3332 eo
2139 3274 2290 3343 licet,
2343 3277 2489 3348 quod
2544 3275 2650 3332 etsi
2699 3285 2892 3333 contra
2951 3276 3267 3333 Nestorium
3313 3287 3549 3332 sanctus
3596 3277 3726 3333 ﬁdei

439 3366 692 3429 defensor
738 3371 1003 3440 disputet,
1038 3385 1162 3439 eum
1195 3377 1379 3426 tamen
1422 3372 1641 3439 nomine
1669 3387 1778 3443 non
1825 3370 2087 3445 appellet,
2130 3369 2326 3427 solitus
2363 3370 2716 3442 alioqui'non
2758 3380 2977 3439 tacere,
3013 3382 3135 3443 post
3170 3373 3726 3443 condemnationem,

439 3462 550 3528 imo
578 3474 633 3520 et
664 3474 793 3533 ante
824 3464 1354 3535 condemnationem,
1400 3466 1586 3522 statim
1627 3476 1791 3538 atque
1836 3467 1905 3521 lis
1952 3466 2113 3537 quasi
2152 3465 2422 3524 intentata
2455 3476 2581 3533 est,
2622 3474 2972 3536 coeptumque
3013 3465 3098 3536 agi
3142 3463 3295 3532 jure,
3340 3465 3395 3520 id
3430 3474 3560 3531 est,
3602 3482 3729 3537 post

439 3560 663 3623 missam
708 3573 833 3617 cum
883 3561 1088 3616 summi
1124 3560 1399 3632 poutilicis
1471 3558 1667 3625 litteris
1710 3544 2067 3633 depositionis
2108 3560 2437 3618 sententiam
2472 3557 2886 3616 continentibus
2931 3560 3246 3631 synodicam
3284 3574 3353 3615 ex
3386 3549 3729 3631 Egyptiaca

438 3656 647 3728 synodo
674 3654 993 3728 epistolam,
1018 3656 1308 3728 capitaque
1348 3655 1659 3721 duodecim,
1688 3638 1801 3727 qui
1832 3656 2277 3713 anathematismi
2312 3656 2594 3715 dicuntur.
2638 3644 2986 3727 Cdmpositus
3032 3656 3195 3727 igitur
3236 3655 3343 3711 dici
3389 3657 3560 3713 debet
3601 3666 3733 3713 ante

440 3746 733 3809 concilium
758 3746 1113 3819 Ephesinum.

512 3843 620 3902 Sed
653 3859 763 3916 quo
797 3846 851 3902 in
896 3844 1045 3918 loco,
1070 3860 1247 3918 quove
1285 3845 1594 3914 distinctius
1631 3846 1919 3926 tempore!
1955 3844 2182 3919 Ephesi,
2225 3845 2539 3918 opinabitur
2577 3846 2720 3902 forte
2754 3844 3061 3917 quispiam,
3100 3853 3229 3902 tunc
3274 3860 3399 3903 cum
3443 3845 3729 3919 Cyrillus,

438 3944 571 4015 ipsis
605 3943 949 4014 exigentibus
999 3944 1320 4010 catholicis,
1366 3958 1643 4015 exponere
1694 3953 1920 4001 coactus
1968 3952 2054 4000 est
2096 3946 2382 4011 nonnulla,
2431 3959 2554 4016 quae
2597 3943 2761 4016 paulo
2816 3942 2902 3998 vel
2958 3942 3216 4009 duriora,
3264 3943 3351 3999 vel
3394 3944 3729 4000 obscuriora

435 4038 764 4101 videbantur
809 4039 863 4093 in
910 4037 1413 4107 anathematismis,
1451 4038 1752 4110 praesertim
1790 4050 1851 4094 ut
1886 4036 2228 4110 propulsaret
2270 4038 2527 4094 invidiam
2562 4038 2667 4093 sibi
2708 4037 2776 4093 ab
2823 4035 3155 4092 adversariis
3192 4035 3521 4103 conﬂatam,
3562 4022 3731 4093 uuasi

440 4146 565 4195 cum
591 4130 996 4201 Apollinaristis
1023 4131 1274 4201 sentiret,
1304 4134 1519 4187 unicam
1548 4147 1671 4189 esse
1706 4132 1761 4188 iu
1795 4131 2016 4188 Christo
2049 4142 2325 4198 naturam,
2360 4146 2687 4202 versumque
2711 4131 2765 4186 in
2791 4144 3011 4186 carnem
3044 4128 3277 4186 Verbum
3302 4130 3579 4186 divinum.

507 4223 619 4296 Ego
650 4238 782 4283 vero
813 4223 1162 4282 Alexandriae
1186 4225 1449 4294 scriptum
1476 4234 1630 4296 puto,
1656 4224 1812 4296 longe
1836 4234 1995 4279 antea
2024 4240 2039 4285 :
2074 4225 2309 4297 Cyrillus
2357 4238 2593 4296 namque
2625 4232 2917 4294 antequam
2954 4224 3327 4293 responderet,
3364 4225 3449 4279 vel
3485 4224 3733 4281 Andre:

440 4322 835 4388 Samosateno.,
891 4321 975 4378 vel
1015 4318 1395 4391 Theodoreto,
1439 4321 1933 4378 anathematismos
1978 4320 2544 4394 reprehendentibus,
2601 4320 2654 4377 id
2704 4320 2885 4391 operis
2932 4320 3201 4391 suscepit,
3257 4336 3368 4392 quo
3417 4321 3731 4378 instrueret

441 4415 822 4486 disputaturos
846 4429 946 4485 pro
974 4412 1105 4479 lide,
1129 4411 1200 4473 de
1226 4411 1417 4484 primis
1446 4412 1600 4483 quasi
1630 4412 1949 4469 notionibus
1976 4426 2169 4468 vocum
2188 4453 2205 4480 ,
2238 4420 2402 4482 atque
2434 4411 2556 4476 aliis
2585 4410 2879 4475 nonnullis,
2909 4412 3108 4480 quibus
3140 4411 3284 4467 inter
3323 4412 3729 4481 disputandum

439 4524 571 4574 usus
599 4507 765 4575 foret._
788 4504 1054 4567 Instruxit
1085 4519 1235 4571 vero,
1274 4502 1377 4571 nisi
1421 4518 1507 4559 me
1548 4503 1687 4559 fallit
1718 4504 1936 4575 opinio,
1971 4519 2095 4560 cum
2131 4504 2366 4575 primum
2407 4502 2647 4559 ferveret
2690 4502 2918 4575 quiestio
2951 4501 3092 4571 apud
3137 4502 3539 4576 Alexandrinos
3563 4546 3582 4567 ,
3626 4523 3731 4562 nec

438 4603 773 4665 satisadhuc
804 4601 970 4666 animi
1008 4598 1404 4664 exercitatione
1429 4600 1628 4656 eruditi
1655 4608 1869 4666 essent;
1902 4615 2140 4673 cumque
2183 4600 2299 4671 ipse
2336 4600 2503 4655 etiam
2541 4598 2776 4668 primum
2810 4596 3044 4669 Cyrillus
3088 4613 3188 4667 pro
3226 4598 3449 4654 Christo
3480 4615 3727 4671 pugnam

439 4714 562 4761 cum
591 4696 849 4760 Nestorio
881 4694 1066 4759 iniret,
1102 4692 1245 4751 datis
1280 4692 1558 4764 prioribus
1594 4691 1791 4748 litteris
1821 4691 1981 4748 ollicii
2016 4692 2416 4748 monitricibus.
2459 4689 2707 4761 Scriptus
2738 4700 2823 4745 est
2861 4689 3025 4760 igitur
3066 4698 3331 4745 tractatus
3371 4689 3480 4746 iste
3522 4694 3725 4747 eodem

440 4791 560 4851 fere
589 4802 831 4862 tempore
861 4802 972 4860 quo
992 4786 1228 4859 epistola
1270 4787 1338 4843 ad
1375 4770 1678 4855 monachos
1723 4783 1973 4863 Algypti,
2029 4785 2081 4841 id
2121 4796 2228 4851 est,
2270 4786 2372 4841 sub
2414 4782 2653 4840 medium
2692 4792 2786 4838 aut
2829 4784 3021 4838 saltem
3061 4782 3165 4839 sub
3212 4782 3372 4840 linem
3406 4800 3547 4840 ann.
3596 4786 3725 4842 429.

437 4887 589 4955 idem
615 4888 761 4946 enim
780 4896 866 4945 est
889 4888 1175 4957 utriusque
1200 4894 1607 4957 argumentum,
1629 4901 1730 4942 nec
1755 4884 1900 4942 aliud
1925 4885 2137 4943 videtur
2166 4886 2462 4944 discrimen
2492 4900 2655 4957 quam
2683 4886 2948 4953 methodi,
2977 4900 3097 4959 quae
3124 4884 3179 4941 in
3204 4882 3433 4956 epistola
3470 4885 3725 4942 oratoria

439 4982 614 5053 magis
643 4990 748 5047 est,
785 4981 838 5037 in
872 4979 1109 5036 Scholiis
1143 4978 1259 5035 fere
1292 4978 1637 5049 scholastica.

400 5105 413 5123 -
514 5077 572 5139 in
594 5090 716 5133 eam
745 5088 833 5131 me
861 5074 1188 5136 sententiam
1216 5073 1499 5146 impellunt
1531 5074 1656 5130 tria.
1687 5075 1959 5152 Primum,
1977 5077 2120 5147 quod
2146 5077 2366 5133 Scholia
2403 5087 2532 5133 ante
2565 5076 2856 5134 concilium
2892 5076 3222 5148 Ephesinum
3251 5074 3461 5147 scripta
3490 5076 3643 5142 sint,
3672 5084 3727 5129 at

435 5180 599 5227 antea
630 5166 1085 5228 coniectumest:
1125 5181 1225 5224 nec
1253 5182 1421 5237 parvo
1458 5177 1637 5224 tamen
1672 5178 1934 5238 tempore,
1968 5186 2092 5225 cum
2136 5170 2381 5239 Andreas
2424 5170 2818 5231 Samosatenus
2863 5172 3003 5240 apud
3044 5169 3395 5226 Anastasium
3439 5168 3723 5223 Sinaitatn

441 5261 671 5332 huiusce
708 5260 890 5331 operis
933 5269 1189 5330 tanquam
1230 5260 1529 5331 pervulgati
1578 5262 1907 5325 meminerit.
1963 5260 2228 5334 Alterum,
2269 5264 2412 5335 quod
2462 5264 2708 5320 videatur
2740 5262 3090 5322 elementaria
3130 5262 3375 5327 quasdam
3422 5260 3721 5321 doctrina.

441 5359 666 5421 rudibus
724 5355 1115 5421 controversia:
1174 5354 1407 5426 ingeniis
1454 5355 1707 5414 tradita:
1760 5357 2070 5417 continetur
2123 5360 2269 5415 enim
2330 5361 2673 5431 expositione
2752 5375 2979 5426 vocum,
3031 5358 3602 5429 distinctionibusque
3660 5360 3725 5413 ad

438 5454 773 5522 obiectiones
803 5450 1090 5508 solvendas
1120 5449 1477 5521 necessariis,
1497 5459 1552 5506 et
1591 5451 1954 5521 exemplisad
2000 5468 2113 5510 rem
2146 5453 2520 5523 explicandam
2568 5453 2747 5511 lactis.
2799 5453 3064 5518 Tertium,
3097 5452 3241 5523 quod
3280 5451 3335 5506 in
3374 5465 3553 5521 Opere
3612 5461 3726 5505 toto

440 5544 582 5607 nulla
606 5558 704 5616 per
731 5557 794 5599 se
817 5543 910 5599 iiat
936 5540 1143 5597 mentio
1172 5540 1262 5596 Dei
1291 5541 1599 5611 pontiﬁcis;
1642 5543 1737 5600 sed
1781 5559 1969 5600 eorum
2016 5553 2228 5601 tantum
2266 5561 2387 5617 quin
2422 5546 2473 5600 in
2502 5547 2679 5615 primo
2711 5545 2941 5603 Nestorii
2982 5558 3233 5609 sermone
3264 5542 3637 5614 secundoque
3674 5555 3729 5598 et

436 5638 601 5699 tertio
628 5647 820 5692 contra
860 5633 984 5693 lidei
1022 5632 1263 5705 regulam
1297 5633 1568 5704 leguntur,
1601 5650 1723 5693 cum
1753 5644 1934 5694 tamen
1968 5637 2133 5710 digna
2173 5636 2315 5703 (oret
2354 5638 2452 5693 ista
2483 5639 2739 5708 qumstio,
2774 5653 2896 5708 qua:
2928 5644 3259 5701 tractaretur
3294 5643 3519 5706 propter
3560 5650 3724 5691 suam

439 5728 556 5797 sive
581 5727 959 5791 subtilitatem,
992 5725 1106 5788 sive
1133 5724 1532 5798 necessitatem.
1569 5726 1697 5782 Orta
1741 5745 1869 5786 vero
1894 5739 1978 5787 est
2013 5744 2081 5787 ex
2115 5728 2335 5791 homilia
2375 5728 2553 5786 Procli
2595 5744 2624 5784 a
2660 5728 2907 5789 Nestorio
2953 5728 3200 5797 acerbius
3251 5728 3631 5809 reprehensa,
3665 5729 3729 5783 ds

441 5838 548 5899 qua
572 5820 710 5885 nihil
742 5820 921 5885 allerri
955 5818 1127 5891 potuit
1152 5817 1323 5883 nuntii
1355 5818 1738 5881 Alexanlriam
1775 5834 1899 5883 ante
1930 5824 2214 5887 deﬁnitum
2245 5824 2511 5886 hactenus
2537 5834 2768 5905 tempus.
