3856 6212
213 359 336 416 1565
1127 362 1419 420 ΞΕΗΟΙᾸΑ
1458 365 1543 421 DE
1586 363 1736 421 INCA

1942 365 2100 424 IONE
2139 366 2512 430 UNHBENITI.
3333 365 3465 422 i566

267 477 340 531 De
370 476 666 550 interprete
695 481 854 549 paulo
883 478 1150 537 dilIicilior
1179 491 1262 538 est
1286 484 1536 552 quaestio.
1576 483 1834 554 Quisquis
1873 485 1966 543 ille
2005 484 2189 553 fuerit,
2217 487 2393 557 ipsum
2432 491 2653 557 oportet
2681 482 2872 554 quinto
2917 480 3119 538 saeculo
3155 479 3462 550 scripsisse,

210 569 309 625 imo
341 575 671 643 temporibus
701 575 888 648 Cyrilli
920 592 934 631 :
982 576 1245 646 siquidem
1279 593 1347 634 ex
1383 579 1485 635 hac
1517 580 1633 649 ipsa
1674 581 1942 646 versione,
1982 597 2104 651 quae
2151 597 2294 638 nunc
2334 580 2588 644 habetur,
2621 589 2678 635 et
2705 577 2825 636 Leo
2851 577 3073 647 abigatis
3104 571 3287 630 statim
3342 583 3466 642 post

207 661 404 718 obitum
430 664 615 736 Cyrilli
645 676 900 738 tanquam
930 683 998 724 ex
1029 669 1267 741 vulgata,
1294 680 1348 727 et
1375 672 1661 727 concilium
1694 672 2162 740 Cltalcedonense,
2202 684 2261 730 et
2299 672 2585 730 Facundus
2613 668 3020 727 llermianensis
3077 665 3467 736 decerpserint.

207 769 320 822 quae
347 755 480 812 locis
505 769 664 815 antea
686 761 870 817 citatis
889 762 1150 820 referunt.
1169 764 1476 820 Crediderit
1497 781 1599 820 non
1628 766 1898 822 immerito
1920 767 2210 837 quispiam,
2228 764 2575 823 tribuendum
2595 764 2699 820 hoc
2719 776 2855 834 opus
2873 758 2966 815 uni
2987 772 3054 814 ex
3083 755 3466 812 Alexandrinis

210 841 312 899 illis
342 862 572 915 quormn
603 850 951 909 Latinitatem
978 856 1125 924 apud
1144 865 1393 910 sanctum
1423 855 1777 912 Caelestinum
1800 856 2036 927 Cyrillus
2060 857 2381 920 excusabat,
2408 869 2533 910 cum
2559 853 2781 909 chartas
2802 849 3048 906 mitteret
3067 845 3137 903 ab
3157 847 3224 900 iis
3251 859 3463 902 versas.

213 933 405 993 Verum
437 942 765 1009 opinabilius
798 945 1034 1013 videtur,
1070 947 1422 1018 interpretem
1463 948 1649 1005 dicere
1694 948 1928 1005 Marium
1966 949 2366 1016 Mercatorem,
2407 948 2584 1004 virum
2626 941 2835 1014 alioqui
2879 939 3122 997 melioris
3157 937 3470 995 Latinitatis

207 1028 506 1087 scientem:
538 1049 662 1088 nam
697 1045 754 1090 et
781 1035 921 1090 inter
941 1035 1059 1104 ejus
1085 1052 1246 1108 opera
1276 1039 1547 1109 reperitur
1588 1039 1641 1093 in
1675 1047 1904 1109 utroque
1935 1037 2306 1106 manuscripto
2343 1035 2551 1098 codice,
2587 1048 2698 1106 quo
2739 1032 2824 1090 usi
2861 1043 3090 1095 sumus;
3119 1035 3175 1082 et
3210 1042 3273 1083 ea
3311 1037 3469 1081 aetate

208 1121 357 1186 vixit,
383 1138 486 1192 qua
521 1127 883 1194 scribebatur,
907 1139 962 1186 et
993 1132 1190 1186 ardore
1217 1133 1340 1187 tidei
1371 1131 1622 1187 incensus
1645 1129 1834 1186 Latina
1876 1130 2004 1186 fecit
2064 1143 2186 1202 quin
2226 1128 2405 1184 Graeci
2433 1128 2751 1184 defensores
2781 1122 2907 1180 fidei
2951 1121 3289 1183 scriberent;
3331 1127 3384 1172 et
3415 1118 3466 1171 in

207 1213 520 1280 praefatione
564 1217 631 1272 ad
686 1235 962 1278 sermones
1007 1221 1245 1278 Nestorii
1283 1232 1618 1281 contestatus
1665 1233 1777 1291 est,
1832 1239 1897 1280 se
1943 1223 2252 1279 Latinitatis
2301 1223 2446 1292 leges
2495 1219 2772 1290 sprevisse
2810 1215 2866 1271 in
2915 1211 3176 1282 operibus
3231 1207 3467 1264 Nestorii

206 1307 495 1378 Cyrillique
521 1313 812 1369 vertendis.
847 1313 913 1367 In
947 1315 1155 1384 quibus,
1193 1315 1387 1384 inquit,
1430 1315 1641 1371 verbum
1691 1316 1757 1369 de
1797 1316 1970 1382 verba,
2003 1317 2056 1370 in
2097 1325 2353 1385 quantum
2381 1313 2497 1382 ﬁeri
2541 1311 2714 1379 potuit
2751 1314 2980 1362 conatus
3021 1319 3140 1357 sum
3178 1299 3470 1355 translator

205 1399 508 1469 exprimere,
543 1420 605 1456 ne
633 1405 782 1473 prius
807 1405 1062 1474 falsarius
1097 1409 1264 1479 magis
1309 1425 1468 1478 quam
1500 1426 1648 1464 verus
1682 1420 1865 1480 postea
1904 1409 2158 1476 probarer
2199 1411 2482 1476 interpres.
2521 1405 2602 1458 Da
2647 1402 2818 1474 igitur
2846 1400 3088 1462 veniam,
3112 1395 3196 1468 pie
3219 1395 3402 1458 lector,
3425 1392 3471 1448 εἰ

201 1502 293 1548 aut
323 1495 498 1550 minus
527 1499 696 1553 oratio
753 1500 1042 1566 luculenta,
1081 1512 1173 1557 aut
1208 1508 1481 1559 verborum
1520 1507 1817 1576 ubicunque
1847 1515 2288 1576 prazsumptorum
2334 1504 2536 1558 novitas
2578 1515 2760 1554 aurem
2797 1497 2938 1569 forte
2978 1492 3278 1565 perculerit.
3318 1489 3470 1557 Elegi

204 1583 612 1641 obtrectatorum
673 1589 868 1662 linguis
918 1596 1088 1664 magis
1124 1597 1340 1664 exponi,
1387 1615 1545 1667 quam
1599 1617 1632 1653 α
1683 1601 1899 1655 ueritate
1943 1615 2190 1654 sensuum
2223 1596 2594 1665 exprimenda,
2652 1592 2738 1647 ubi
2795 1605 2947 1645 omne
2991 1595 3070 1642 est
3119 1585 3184 1640 de
3238 1582 3470 1637 ralsitate

203 1677 514 1750 periculum,
538 1681 744 1754 longius
775 1686 1042 1743 aberrare.

275 1769 393 1828 Non
432 1773 567 1831 levis
600 1792 766 1849 opera
797 1782 1046 1850 ponenda
1089 1784 1244 1840 nobis
1274 1785 1373 1840 fuit
1413 1785 1466 1840 in
1497 1785 1831 1841 emendanda
1857 1785 2110 1838 versione
2148 1787 2258 1835 tam
2290 1775 2789 1848 antiqua,ideoque
2815 1773 2882 1829 ab
2910 1769 3378 1834 exscnnentibus,
3411 1777 3469 1819 ut

204 1864 284 1931 ίῖί»
313 1879 568 1939 corrupta
596 1889 609 1925 :
640 1870 897 1940 juverunt
931 1874 1149 1946 quidem
1176 1880 1528 1950 manuscripti
1559 1881 1774 1935 codices
1798 1889 1854 1933 et
1886 1876 2008 1932 libri
2033 1874 2175 1948 typis
2199 1872 2411 1930 excusi.
2440 1873 2512 1928 At
2534 1874 2668 1940 :cum
2709 1883 2815 1924 una
2861 1867 2935 1922 sit
2971 1863 3214 1920 otnnium
3260 1859 3469 1915 versio-

199 1975 372 2031 eaque
416 1981 520 2022 non
568 1969 748 2026 minus
781 1988 810 2027 a
853 1973 1081 2030 notariis
1112 1976 1425 2046 depravata,
1455 1993 1617 2048 quam
1672 1977 1738 2031 ab
1793 1975 2090 2044 interprete
2139 1972 2404 2042 neglecta,
2446 1968 2664 2039 quoties
2701 1981 2810 2022 non
2861 1958 3469 2034 praeluxeruutGraaca.

200 2058 568 2126 praeluxerth
599 2080 727 2121 vero
757 2082 864 2123 non
910 2083 1072 2140 saepe,
1113 2070 1462 2126 divinandum
1506 2072 1630 2138 fuit,
1670 2081 1728 2127 ut
1768 2086 1904 2142 quas
1953 2069 2294 2126 adhibuisset
2333 2079 2496 2122 voces
2539 2064 2846 2133 interpres,
2904 2057 3318 2115 restitueremus
3369 2071 3468 2126 pro

198 2152 340 2210 virili
367 2171 380 2206 :
421 2157 662 2229 religioni
685 2160 828 2214 enim
855 2162 958 2218 fuit
991 2162 1130 2218 ullas
1162 2173 1397 2230 mutare,
1433 2180 1532 2221 nec
1565 2165 1612 2221 si
1640 2163 1861 2219 aliunde
1890 2161 2159 2227 licuisset,
2187 2159 2556 2231 potuissemus
2591 2165 2793 2219 tamen,
2819 2166 2944 2206 cum
2990 2146 3209 2205 deficiat
3244 2147 3469 2202 Graecus

200 2259 380 2305 textus
437 2251 489 2306 in
545 2252 822 2324 pluribus;
865 2271 1029 2329 quem
1075 2259 1218 2315 enim
1273 2260 1572 2329 habemus,
1613 2260 1700 2318 vel
1745 2276 1818 2318 ex
1866 2259 2234 2324 Theodoreto,
2263 2255 2352 2314 vel
2394 2271 2463 2312 ex
2489 2246 2921 2311 Chalcedonensi
2979 2246 3221 2316 synodo.
3267 2242 3349 2300 vel
3401 2258 3471 2299 ex

194 2337 526 2394 bibliotheca
554 2340 720 2412 Regia
754 2355 1009 2415 acceptus
1039 2355 1141 2402 est.

269 2431 455 2488 Prodit
485 2451 612 2492 vero
642 2438 900 2495 eximium
930 2456 1090 2510 opus,
1119 2450 1174 2496 et
1215 2457 1245 2496 a
1284 2440 1490 2496 sanctis
1521 2437 1776 2495 Patribus
1809 2437 2037 2494 summis
2079 2437 2328 2493 laudibus
2369 2443 2658 2501 ornatum,
2685 2449 2792 2490 non
2835 2441 3042 2489 tantum
3096 2426 3472 2486 emendatius,

191 2525 340 2593 quod
368 2533 513 2582 certe
537 2526 656 2583 leve
689 2543 794 2585 non
823 2541 906 2586 est
929 2549 945 2598 ;
970 2533 1062 2588 sed
1086 2543 1279 2603 quarta
1307 2533 1421 2587 fere
1457 2539 1608 2602 parte
1647 2530 1878 2596 auctius,
1910 2545 2074 2600 quam
2115 2528 2346 2598 legatur,
2382 2528 2467 2584 vel
2511 2527 2653 2600 apud
2697 2525 2886 2597 Cyrilli
2930 2535 3158 2594 operum
3188 2521 3427 2577 editores
3450 2557 3468 2582 .

195 2614 283 2670 vel
316 2618 454 2687 apud
481 2621 837 2677 conciliorum
862 2624 1204 2683 collectores.
1239 2625 1379 2692 Quid
1408 2634 1588 2681 autem
1613 2624 1751 2680 desit
1779 2624 1833 2678 in
1865 2623 2096 2694 vulgatis
2123 2621 2280 2677 libris
2311 2620 2696 2686 indicabimus,
2729 2618 2820 2675 ubi
2847 2617 2953 2674 erit
2979 2629 3137 2685 opus.

277 2711 491 2783 Vulgati
527 2718 745 2773 codices
783 2720 948 2775 totius
977 2720 1159 2790 operis
1197 2720 1598 2789 habentcaplta
1639 2719 1829 2790 viginti
1867 2729 1924 2774 et
1960 2728 2122 2784 octo;
2155 2717 2557 2787 manuscriptus
2593 2713 2871 2772 Marianus
2915 2710 3135 2781 triginta
3185 2707 3465 2779 quinque;

192 2804 426 2862 Photius
463 2823 567 2864 non
594 2811 746 2878 plura
779 2813 1147 2869 novemdecim
1183 2824 1454 2877 numerat,
1478 2815 1715 2870 redactis
1750 2812 1960 2868 scilicet
1985 2813 2050 2866 ad
2096 2813 2241 2866 hunc
2272 2824 2558 2865 numerum
2598 2805 2831 2869 cunctis,
2854 2819 2976 2877 quae
3008 2801 3150 2870 apud
3191 2799 3328 2855 alios
3362 2813 3468 2852 non

193 2900 401 2968 optima
430 2917 560 2959 sane
587 2904 655 2959 de
691 2921 854 2961 causa
883 2918 1224 2978 separantur.
1256 2909 1448 2979 Operae
1475 2911 1709 2979 pretium
1741 2919 1830 2964 est
1867 2907 2044 2964 Photii
2069 2908 2232 2962 verba
2267 2905 2620 2963 exscribere:
2653 2900 2845 2957 Lectus
2891 2909 2968 2954 est
2999 2899 3122 2953 item
3159 2895 3295 2949 alter
3339 2893 3474 2947 liber

190 2995 276 3047 sic
324 2995 653 3066 inscriptus:
696 2997 964 3056 Scnouou
1013 3016 1079 3055 ne
1135 3000 1416 3057 UNICBNITI
1457 3015 1879 3058 l-NCABNA'I‘IONE.
1924 2998 2042 3065 Quo
2076 2999 2190 3052 lucc
2226 2997 2338 3066 fere
2372 3003 2728 3065 exponuntur,
2774 2988 2904 3061 quid
2941 2998 3019 3042 est
3064 2986 3337 3049 Christus;
3368 3000 3473 3054 qua

194 3087 402 3141 ratione
431 3090 800 3162 intelligendus
837 3092 1188 3159 Emmanuel;
1223 3095 1354 3165 quid
1378 3103 1453 3149 est
1484 3092 1644 3148 Iesus
1680 3093 1955 3158 Christus;
1983 3093 2148 3162 juxta
2180 3092 2310 3163 quid
2348 3089 2446 3144 Dei
2491 3087 2718 3142 Verbum
2757 3085 2956 3138 dictum
2993 3091 3068 3136 est
3107 3082 3295 3141 homo;
3311 3077 3474 3148 juxta

192 3179 328 3250 quid
375 3192 683 3236 evacuatum
723 3199 834 3238 esse
875 3183 975 3238 Dei
1033 3183 1261 3240 Verbum
1300 3186 1540 3251 dicitur;
1595 3185 1858 3254 quomodo
1891 3185 2019 3238 item
2062 3184 2304 3238 Christus
2349 3196 2486 3235 unus
2527 3187 2636 3244 est;
2683 3174 2950 3248 quomodo
3001 3173 3164 3228 etiam
3217 3184 3354 3225 unus
3397 3177 3473 3223 est

195 3275 519 3331 Emmanuel
537 3294 860 3347 ;quamnant
887 3281 1112 3336 dicimus
1135 3299 1247 3338 esse
1271 3284 1724 3338 exinanitionem?
1750 3281 1887 3337 Item
1922 3283 1987 3337 de
2025 3283 2192 3353 ignito
2227 3282 2455 3334 carbone
2492 3278 2604 3331 viso
2650 3275 2715 3329 ab
2746 3273 2921 3338 Isaia,
2960 3270 3473 3342 aliaquepraaterea,

194 3369 283 3422 his
317 3377 491 3423 tamen
515 3371 716 3440 aﬁinia,
744 3373 918 3438 capita
944 3374 1141 3427 decem.
1172 3373 1527 3446 Permagnam
1552 3392 1671 3431 vero
1697 3373 1986 3444 legentibus
2013 3374 2301 3429 utilitatem
2329 3372 2463 3428 liber
2487 3371 2572 3424 hic
2597 3368 2792 3438 σπου-η
2811 3374 3000 3436 potest.

273 3459 452 3515 Aliam
490 3460 659 3516 videri
690 3471 870 3531 potest
909 3462 1192 3520 Facundus
1230 3464 1640 3523 Hermianensis
1670 3467 1722 3520 in
1748 3468 1936 3520 codice
1973 3480 2081 3536 quo
2107 3479 2239 3520 usus
2278 3472 2364 3518 est
2402 3461 2745 3532 partitionem
2801 3457 3117 3514 invenisse:
3169 3470 3294 3509 nam
3328 3452 3474 3525 quod

194 3557 434 3612 Photius
469 3565 719 3612 octavum
751 3570 916 3630 caput
937 3574 1060 3615 esse
1086 3560 1314 3626 indicat,
1337 3561 1625 3631 septinmm
1661 3563 1774 3632 ipse
1806 3571 1998 3628 vocat;
2031 3561 2301 3616 decimum
2333 3572 2480 3619 vero,
2506 3555 2652 3626 quod
2680 3553 2821 3622 apud
2849 3550 3105 3606 Photium
3127 3548 3471 3604 undecimum

194 3648 447 3717 ponitur.
478 3649 570 3706 Sic
596 3652 742 3705 enim
768 3650 960 3706 scribit
987 3670 1002 3708 :
1033 3651 1264 3722 Cyrillus
1293 3654 1350 3708 in
1377 3653 1512 3707 libro
1549 3670 1701 3724 quem
1741 3652 1958 3709 Scholia
2007 3652 2352 3721 nuncupavit,
2404 3648 2559 3703 titulo
2597 3649 2851 3716 septimo,
2885 3657 3050 3713 quam
3080 3655 3200 3696 esse
3234 3639 3472 3695 dicimus

191 3742 612 3807 adunationem,
642 3743 844 3807 anima,
879 3743 1072 3813 inquit,
1107 3745 1285 3799 omnia
1321 3763 1440 3813 qua:
1464 3754 1587 3800 sunt
1612 3748 1868 3816 corporis,
1897 3755 2003 3804 etc.
2037 3745 2179 3818 (Lib.
2217 3762 2292 3808 xl,
2329 3761 2379 3800 c.
2407 3743 2488 3812 7.)
2518 3742 2581 3797 Et
2605 3748 2790 3810 postea
2816 3753 2830 3789 :
2861 3735 3064 3791 Rursus
3088 3743 3260 3788 autent
3292 3735 3472 3788 eodem

188 3838 362 3899 libi-'6.
387 3836 550 3891 titulo
576 3838 796 3904 decimo,
822 3840 948 3909 quid
986 3840 1204 3904 dixerit,
1227 3840 1306 3895 vel
1336 3843 1464 3911 quid
1511 3843 1684 3911 prima
1717 3843 1890 3910 fronte
1923 3845 2068 3899 solus
2103 3845 2212 3911 ipse
2257 3839 2442 3895 titulus
2480 3837 2766 3907 pra’fcrat,
2803 3834 3174 3897 advertamus;
3213 3848 3338 3884 nam
3376 3832 3475 3885 hoc

187 3933 250 3984 in
287 3929 386 3984 illo
412 3947 468 3984 se
491 3940 824 3986 ostensurum
850 3949 960 3987 esse
987 3934 1228 4002 promisit
1263 3934 1443 3989 dicens
1473 3932 1687 4004 (Ibid.),
1733 3934 1876 4003 quod
1908 3945 1963 3991 et
1990 3933 2228 3990 aduttato
2260 3932 2371 3987 Deo
2411 3928 2586 3985 Verbo
2629 3941 2752 3981 vere
2793 3922 3139 3988 humanitati,
3175 3922 3474 3978 inconfusus

191 4037 387 4106 tamen
410 4024 726 4080 substantia:
755 4027 1176 4094 permanserint.
1213 4024 1385 4098 thue
1427 4027 1525 4082 hoc
1551 4033 1796 4099 probaret
1830 4031 2046 4101 subjecit
2077 4029 2181 4083 ista
2208 4043 2226 4081 :
2252 4027 2506 4082 Erectum
2539 4031 2620 4079 est
2674 4019 2971 4078 secundum
3010 4015 3103 4072 Dei
3139 4014 3469 4072 voluntatem

187 4121 460 4173 sanctum
491 4112 903 4169 tabernaculum
937 4130 1036 4184 per
1065 4117 1365 4182 desertum,
1392 4126 1500 4172 etc.

269 4209 598 4277 Quanquam
638 4209 690 4262 in
727 4218 1015 4280 utrumque
1055 4210 1231 4266 locum
1269 4211 1428 4267 facile
1456 4211 1633 4282 potuit
1663 4212 1914 4268 mendum
1962 4211 2223 4280 irrepere,
2268 4209 2312 4263 si
2349 4207 2506 4263 modo
2556 4202 2753 4261 litteris
2801 4201 3086 4265 Romanis,
3115 4212 3175 4257 ut
3214 4201 3472 4258 credibile

182 4311 307 4364 est,
340 4315 435 4365 vn,
465 4314 543 4364 xt,
576 4314 836 4356 numerus
864 4301 1103 4370 scriptus
1128 4301 1199 4357 sit
1227 4316 1242 4355 :
1275 4303 1452 4373 potuit
1481 4304 1626 4359 enim
1657 4303 1816 4357 facile
1850 4302 2066 4358 detrahi
2101 4302 2154 4355 in
2200 4314 2308 4354 uno
2348 4298 2489 4361 loco,
2519 4304 2573 4350 et
2614 4295 2666 4349 in
2710 4292 2881 4348 altero
2914 4291 3035 4346 addi
3064 4291 3136 4346 ab
3180 4290 3472 4347 incuriosis

187 4393 446 4452 librariis
481 4391 640 4448 tertia
675 4394 898 4449 vocalis.
933 4396 1114 4462 Quare
1137 4395 1381 4453 Facundi
1415 4398 1576 4455 lectio
1611 4397 1933 4469 corrigenda
1966 4395 2099 4451 mihi
2129 4394 2364 4460 videtur,
2394 4388 2681 4447 retinenda
2713 4385 2914 4451 Photii,
2952 4385 3248 4441 contractis
3282 4395 3466 4440 tamen

185 4495 246 4549 in
307 4505 476 4544 unum
513 4488 783 4560 capitibus
830 4488 1043 4546 duobus
1091 4493 1158 4548 de
1200 4495 1437 4550 carbone
1485 4495 1572 4550 vel
1620 4495 1775 4550 lilio:
1809 4509 1933 4563 quae
1989 4489 2238 4562 exempla
2281 4488 2350 4545 ad
2395 4487 2470 4552 id,
2501 4485 2644 4555 quod
2690 4483 2748 4539 in
2798 4479 2954 4538 titulo
2989 4479 3323 4550 propositum
3368 4489 3470 4543 est,

186 4586 548 4657 probandum
576 4583 781 4652 pariter
811 4585 1144 4639 conducunt.

271 4675 347 4730 Et
374 4689 501 4730 vero
531 4689 628 4744 par
649 4685 734 4730 est
762 4677 1004 4742 credere,
1036 4692 1193 4732 suum
1222 4677 1452 4746 singulis
1481 4688 1751 4748 captttous
1783 4675 2106 4746 inscriptum
2136 4675 2302 4730 fuisse
2331 4679 2718 4742 argumentum
2744 4668 2886 4739 quod
2924 4665 3262 4723 tractandum
3290 4665 3469 4732 foret;

189 4786 315 4826 non
369 4771 498 4825 item
533 4771 585 4826 id
633 4772 949 4841 contigisse,
993 4768 1137 4840 quod
1188 4769 1242 4825 in
1280 4769 1436 4825 libris
1478 4773 1640 4826 editis
1694 4771 1906 4841 legitur,
1953 4779 2016 4826 ut
2061 4768 2272 4838 singula
2320 4765 2498 4835 capita
2547 4765 2796 4836 singulis,
2823 4763 2936 4819 sive
2970 4761 3318 4824 testimoniis,
3355 4761 3469 4815 sive

182 4863 476 4932 exemplis
508 4864 829 4919 inconcinne
853 4874 908 4918 et
939 4863 1220 4934 ἀμεθόδως
1255 4863 1642 4919 tribuerentur.
1680 4862 1996 4919 Mercatoris
2029 4876 2192 4930 porro
2219 4860 2388 4916 codex
2422 4855 2554 4911 nihil
2598 4855 2888 4928 adiumenti
2931 4852 3182 4910 conferre
3207 4850 3373 4905 valuit
3401 4847 3472 4904 ad

184 4955 537 5009 alterutram
573 4953 884 5023 Opinionem
917 4955 1362 5019 confirmandam,
1396 4954 1660 5026 siquidem
1703 4955 1882 5010 titulos
1906 4954 2070 5010 habet
2104 4952 2224 5008 sine
2253 4951 2377 5006 ullis
2405 4950 2664 5005 numeris.

201 5035 204 5037 ’
279 5045 465 5114 Igitur
498 5048 710 5099 tametsi
741 5046 1053 5100 distributio
1076 5048 1336 5116 capitum,
1362 5063 1482 5117 quae
1525 5063 1624 5102 usu
1655 5057 1868 5114 recepta
1904 5056 2009 5114 est,
2043 5044 2292 5115 religiose
2317 5042 2580 5100 servanda
2611 5041 2703 5107 sit,
2734 5041 2906 5099 visum
2951 5048 3036 5097 est
3071 5048 3248 5096 tamen
3292 5055 3470 5109 Operae

187 5137 454 5210 pretium
490 5134 627 5199 fore,
662 5136 705 5190 si
731 5137 959 5207 singulis
989 5139 1262 5208 capitibus
1294 5138 1634 5195 Scholiorum
1667 5138 1844 5194 Photii
1868 5139 2079 5194 numeri
2104 5152 2228 5193 cum
2253 5135 2484 5207 vulgatis
2509 5141 2934 5205 apponerentur,
2960 5141 3016 5188 et
3051 5128 3159 5200 hic,
3183 5132 3472 5206 pmpositis

182 5228 555 5301 singulorum
585 5228 822 5298 capitum
853 5246 915 5283 ex
965 5229 1265 5286 Mercatore
1297 5231 1488 5297 titulis,
1525 5246 1622 5300 per
1652 5232 1924 5303 synopsim
1962 5239 2132 5288 totum
2173 5243 2311 5300 opus
2340 5227 2710 5282 exhiberetur.

1026 5371 1212 5441 Cyrilli
1241 5373 1468 5442 episcopi
1505 5373 1842 5429 Alexandria:
1876 5375 1940 5428 de
1977 5370 2342 5429 incarnatione
2367 5366 2652 5439 Unigeuiti.

265 5515 352 5570 Ca
367 5529 472 5566 pur
507 5508 547 5565 l.
581 5509 716 5575 Quid
739 5519 822 5565 cst
852 5509 1114 5565 Christus.

261 5611 418 5662 (in.
463 5604 522 5659 ll.
566 5603 805 5670 Qualiter
831 5600 1052 5672 intelligl
1087 5602 1280 5658 debeat
1313 5600 1646 5657 Enunanuel.

268 5701 424 5752 (λιν.
470 5694 554 5749 lll.
585 5693 722 5759 Quid
753 5702 833 5746 est
866 5690 1043 5747 Iesus.

271 5795 427 5850 Car.
474 5788 562 5841 ιγ.
604 5788 777 5853 Quam
805 5785 870 5842 ob
901 5800 1115 5841 causam
1149 5785 1307 5842 homo
1340 5784 1538 5839 dictum
1568 5780 1638 5838 sil
1667 5781 1759 5838 Dei
1791 5779 2047 5836 Verbum.
