3856 6212
427 355 564 410 ιδδτ
1410 342 1471 412 s;
1514 355 1786 415 CYRILLI
1825 354 1950 411 sua

2147 354 2294 410 >RINI
2330 346 2659 415 ARCHIBP‘.
3539 338 3670 405 5353

493 469 626 526 Cu».
668 472 733 526 V.
768 473 937 541 Quam
968 473 1039 530 ob
1059 474 1277 529 causam
1303 474 1639 529 exinanitum
1669 474 1885 532 dicatur
1912 468 2007 531 Dei
2045 476 2299 531 Verbum.

496 565 623 619 (In.
671 564 754 618 Vl.
796 565 1074 632 Quomodo
1110 582 1249 620 unus
1292 564 1567 620 Christus.

495 655 623 709 CAP.
666 655 769 713 VII.
804 658 1081 724 Quomodo
1104 675 1244 713 unus
1280 650 1617 714 Emmanuel.

497 741 625 801 Car.
662 740 796 804 Vlll.
828 755 996 817 Quam
1030 762 1157 807 esse
1176 754 1406 808 dicimus
1436 751 1838 806 adunationem.

496 836 623 895 Car.
668 838 758 894 Ix.
794 836 943 908 Quod
992 845 1349 913 incorporalis
1382 841 1683 898 divinitatis
1727 852 1927 908 corpus
1959 834 2098 888 facta
2127 830 2288 887 fuerit
2318 831 2433 900 ipsa
2470 841 2598 884 caro
2642 826 2849 882 habens
2896 825 3129 879 animam
3167 824 3583 897 rationabilem;
3616 836 3665 887 et

426 932 569 998 q‘uod
619 932 664 984 si
700 948 760 985 ea
812 950 841 985 a
893 944 959 989 se
1003 936 1241 991 dividere
1294 936 1640 997 voluerimus,
1697 929 1881 1001 procul
1925 927 2092 983 dubio
2140 923 2582 979 lahel'actabimus
2626 919 3124 993 dispensationem,
3180 933 3301 988 quae
3346 922 3398 975 iu
3448 925 3668 983 Christo

428 1023 763 1092 intelligitur.

495 1112 623 1168 (ltiti.
667 1113 733 1169 Χ.
775 1100 925 1182 Quod
954 1117 1190 1169 adunato
1224 1116 1331 1169 Deo
1361 1115 1536 1171 Verbo
1570 1130 1693 1169 vere
1724 1108 2073 1175 humanitati,
2102 1108 2400 1164 inconfusus
2440 1120 2618 1163 tamen
2650 1107 2967 1169 substantiae
2994 1114 3408 1177 permanserint.

495 1188 625 1263 Cir.
665 1208 758 1265 XI.
798 1210 971 1275 Quod,
1004 1226 1124 1264 cum
1155 1224 1300 1265 esset
1344 1210 1484 1263 Dens
1537 1208 1799 1271 Verbum,
1832 1205 2004 1260 laetus
2046 1206 2116 1260 sit
2152 1205 2330 1267 homo,
2380 1218 2481 1259 nec
2532 1204 2690 1257 homo
2734 1202 3072 1269 simpliciter,
3115 1204 3253 1257 nuda
3286 1205 3669 1275 conjunctione

429 1290 743 1365 honoratus,
773 1302 998 1357 vocatus
1024 1307 1094 1359 sit
1122 1308 1188 1359 ad
1221 1306 1400 1373 parem
1427 1305 1742 1374 dignitatem
1773 1302 1861 1354 Dei
1897 1298 2078 1361 Verbi,
2114 1300 2227 1353 sive
2260 1298 2661 1360 auctoritatem,
2698 1298 2837 1353 sicut
2868 1293 3187 1364 quibusdam
3221 1296 3450 1351 videtur.

496 1394 623 1471 Cui.
667 1396 783 1451 XII.
814 1398 967 1464 Quod
994 1400 1242 1455 Christus
1275 1398 1431 1455 Jesus
1456 1402 1672 1454 vocetur
1698 1399 1858 1451 homo
1890 1396 2063 1449 Iactus
2094 1395 2234 1449 Deus
2272 1393 2532 1449 Verbum.

492 1482 619 1543 Cati.
662 1487 801 1545 ΧΙΙΙ.
839 1491 988 1557 Quod
1016 1488 1264 1546 Christus
1287 1507 1391 1545 non
1432 1492 1502 1545 sit
1526 1492 1693 1545 homo
1712 1489 2015 1558 Θεοφόρος,
2050 1503 2148 1541 nec
2181 1486 2499 1555 simpliciter
2538 1486 2590 1539 in
2640 1485 2859 1540 homine
2902 1484 3219 1540 Inhttbitarit
3254 1484 3346 1539 Dei
3395 1482 3666 1549 Verbum;

427 1574 521 1631 sed
543 1582 710 1650 magis
740 1597 868 1637 caro
898 1585 967 1637 sit
992 1585 1219 1648 factum,
1248 1584 1361 1637 sive
1388 1584 1550 1637 homo
1582 1583 1871 1651 perfectus,
1896 1579 2193 1634 secundum
2228 1574 2565 1647 St-ripturas.

491 1670 623 1727 Car.
665 1670 800 1726 XIV.
840 1672 990 1726 Dicta
1023 1672 1337 1743 apostolica,
1365 1673 1416 1727 in
1453 1672 1651 1742 quibus
1685 1671 1825 1725 Deus
1858 1669 2163 1723 nominatus
2194 1668 2264 1721 sit
2300 1668 2569 1722 Christus.

491 1761 622 1818 Car.
664 1762 780 1819 XV.
814 1764 1093 1829 Quomodo
1124 1770 1374 1835 Oportea‘t
1402 1765 1737 1835 intelligere:
1777 1761 1996 1816 Verbum
2035 1766 2159 1816 euro
2207 1761 2407 1829 factum
2452 1769 2549 1825 est,
2588 1771 2637 1814 et
2669 1763 2917 1815 habitarit
2960 1762 3015 1816 in
3061 1762 3209 1816 nobis
3239 1778 3258 1816 .'
3302 1764 3360 1815 et
3395 1759 3673 1829 quomodo

424 1854 656 1909 mittitur
687 1854 921 1911 Verbum
951 1860 1095 1926 quod
1124 1858 1266 1912 Deus
1299 1862 1421 1925 est;
1450 1856 1717 1928 quomodo
1752 1857 2025 1925 proprium
2062 1854 2228 1921 ipsius
2267 1852 2465 1907 dicitur
2495 1867 2715 1923 corpus.

491 1938 622 2002 Car.
664 1948 805 2003 XVI.
840 1948 1125 2016 Quomodo
1161 1946 1493 2020 intelligatur
1524 1949 1785 2013 Θεοτόκος
1820 1948 1980 2017 Virgo
2012 1957 2219 2001 sancta.

490 2041 618 2095 Car.
661 2038 823 2095 XVII.
862 2042 1014 2108 Quod
1045 2043 1183 2096 Deus
1212 2043 1523 2095 nominetur
1544 2054 1597 2095 et
1634 2044 1815 2104 homo,
1853 2054 2123 2109 apparens
2155 2036 2497 2108 Unigenitus.

489 2128 619 2188 cus.
661 2133 850 2189 XVIII.
887 2133 963 2190 De
996 2135 1196 2189 Christi
1227 2137 1499 2203 passione,
1530 2133 1675 2205 quod
1703 2134 1831 2189 utile
1864 2134 1955 2188 sit.
1993 2132 2145 2199 Quod
2185 2133 2481 2187 secundum
2518 2130 2660 2185 aliud
2698 2140 2752 2184 et
2786 2129 2933 2183 aliud
2979 2131 3049 2185 de
3091 2135 3197 2184 uno
3229 2130 3418 2185 eodem
3447 2129 3669 2202 dicitur,

424 2242 521 2281 nec
549 2227 837 2283 dividimus
874 2230 924 2281 iu
955 2229 1079 2286 duo.

490 2318 620 2373 Car.
661 2318 805 2377 XIX.
848 2320 1119 2376 Adversus
1152 2320 1275 2377 illos
1303 2323 1398 2392 qui
1436 2320 1610 2382 aiunt,
1640 2320 1782 2388 quod
1811 2318 1933 2385 sola
1966 2316 2227 2372 relatione
2261 2316 2427 2370 Deum
2453 2316 2686 2371 Verbum
2711 2316 2936 2371 deceant
2971 2316 3226 2370 humana.

492 2413 602 2467 Etsi
636 2426 796 2481 porro
825 2412 1063 2482 quinque
1099 2415 1301 2482 capita,
1337 2428 1509 2482 eaque
1549 2411 1780 2482 prolixa,
1808 2425 1927 2481 qua:
1960 2408 2119 2479 vulgo
2160 2409 2438 2475 deﬁciunt,
2473 2406 2747 2462 Marianus
2791 2407 2959 2461 codex
3002 2407 3325 2477 suppeditet,
3357 2409 3441 2461 vix
3492 2412 3668 2465 ausim

424 2510 601 2560 tamen
622 2508 905 2576 spondere,
930 2507 1227 2562 etianmum
1254 2508 1524 2575 integrum
1547 2521 1682 2577 opus
1709 2506 1819 2573 edi,
1846 2506 1889 2560 si
1920 2522 2024 2576 qua
2050 2506 2183 2561 Ildes
2210 2504 2496 2559 Anastasio
2532 2502 2756 2558 Sinaitze
2789 2519 2803 2556 :
2837 2504 2967 2556 citat
2990 2502 3132 2556 enim
3167 2501 3345 2556 locum
3371 2504 3439 2557 de
3466 2512 3670 2559 statere

424 2613 635 2669 reperto
686 2604 739 2657 in
789 2618 886 2658 ore
929 2605 1117 2672 piscis,
1143 2607 1234 2674 qui
1277 2620 1383 2659 non
1431 2606 1702 2675 reperitur
1747 2607 1800 2661 in
1860 2603 2118 2670 Scholiis,
2162 2603 2462 2670 cuiusmodi
2508 2617 2651 2656 nunc
2703 2602 2987 2656 habentur.
3057 2599 3162 2655 Sed
3197 2599 3354 2655 valde
3393 2596 3667 2671 Suspicor,

421 2696 763 2751 Anastasium
793 2699 1054 2752 memoria
1080 2698 1289 2767 lapsum
1323 2714 1421 2768 pro
1444 2700 1551 2753 alio
1578 2713 1742 2770 opere
1789 2698 2007 2753 Scholia
2053 2698 2339 2767 posuisse:
2385 2711 2559 2765 eoque
2608 2694 2939 2765 probabilior
2985 2696 3221 2763 suspicio
3252 2695 3491 2758 videtur,
3523 2695 3669 2764 quod

422 2784 613 2840 librum
641 2788 836 2858 ὁδηγοῦ
868 2791 1243 2845 recordatione
1270 2790 1449 2859 potius
1477 2805 1639 2861 quam
1666 2791 1897 2846 lectione
1923 2800 2205 2845 auctorum
2242 2805 2302 2845 se
2328 2787 2699 2857 composuisse
2729 2796 2956 2842 testatus
2981 2788 3073 2849 sit,
3105 2798 3431 2857 moneatque
3463 2787 3670 2841 idcirco

422 2872 676 2935 lectorem
704 2888 769 2935 de
794 2882 1245 2954 recognoscendis
1274 2885 1357 2939 vel
1393 2886 1555 2941 etiam
1589 2885 1940 2940 restituendis
1974 2885 2320 2941 testimoniis.

490 2969 787 3029 Occasione
836 2991 995 3046 porro
1028 2977 1392 3045 Scholiorum,
1426 2994 1493 3033 ex
1548 2979 1742 3046 quibus
1794 2978 1891 3031 tria
1952 2978 2261 3033 testimonia
2305 2976 2682 3033 Theodoretus
2726 2976 2947 3031 adduxit
2997 2990 3049 3029 tn
3099 2974 3339 3029 secundo
3402 2972 3671 3027 Eranist:

420 3061 651 3132 dialogo,
679 3065 1087 3132 prmtermittere
1118 3082 1222 3121 non
1252 3081 1499 3136 possum,
1535 3067 1662 3135 quid
1704 3065 2027 3134 coniecerim
2062 3067 2129 3121 de
2179 3067 2504 3122 testimoniis
2536 3066 2671 3132 illis,
2697 3080 2817 3136 quae
2858 3066 2909 3119 in
2951 3064 3180 3119 cuncilio
3231 3062 3671 3120 Chalcedonensi

418 3154 590 3207 sancti
627 3154 821 3209 Leonis
844 3156 1083 3225 epistolae
1106 3158 1390 3228 subjuncta
1427 3165 1597 3213 sunt:
1631 3173 1694 3214 ea
1721 3173 1916 3228 nempe
1937 3173 1966 3211 a
2002 3158 2347 3213 Theodoreto
2384 3158 2638 3225 adjuncta
2674 3173 2830 3222 esse;
2869 3166 2991 3211 nam
3021 3157 3200 3211 omnia
3235 3157 3456 3210 totidem
3486 3158 3675 3211 verbis

420 3242 474 3309 in
495 3242 707 3311 dialogo
730 3260 887 3313 quem
910 3244 1045 3311 dixi,
1080 3246 1350 3314 leguntur,
1382 3247 1634 3316 nullaque
1658 3251 1715 3300 Ilt
1746 3249 1797 3300 in
1826 3257 1935 3301 tota
1962 3248 2190 3315 epistola
2215 3248 2331 3303 sive
2356 3252 2579 3313 mentio,
2608 3248 2723 3302 sive
2748 3248 3036 3316 promissio
3067 3245 3489 3301 all’erendorum.
3516 3246 3677 3301 Adde

418 3336 560 3403 quod
592 3335 964 3392 Theodoretus
991 3355 1020 3391 a
1050 3338 1304 3394 Facundo
1337 3339 1539 3393 dicitur
1570 3340 1871 3394 asseruisse
1894 3342 2155 3395 adversus
2188 3339 2507 3394 Palmstinos
2547 3349 2601 3394 et
2630 3340 2964 3410 lllyricianos
2994 3338 3348 3393 reclamantes
3378 3338 3676 3405 epistulam

421 3430 634 3495 Leonis,
660 3432 894 3486 adducto
922 3434 1149 3499 scilicet,
1192 3443 1249 3487 Ill
1271 3435 1472 3489 habent
1493 3445 1613 3507 acta
1641 3434 1859 3489 concilii
1886 3434 2348 3490 Chalcedonensis
2371 3474 2386 3498 ,
2414 3435 2757 3497 testimonio,
2792 3434 2931 3502 quod
2965 3435 3106 3486 inter
3132 3432 3416 3501 subiuncta
3450 3432 3674 3502 legitur.

420 3522 533 3575 Non
565 3523 757 3578 luisset
776 3540 902 3580 vero
927 3528 1158 3581 adducto
1190 3541 1345 3597 opus,
1370 3528 1415 3583 si
1442 3526 1554 3597 jam
1576 3529 1816 3597 epistolae
1843 3526 2186 3594 subjunctum
2211 3537 2354 3581 eSset
2388 3542 2402 3580 :
2432 3527 2622 3581 fuisset
2653 3526 2795 3580 enim
2837 3526 3021 3595 procul
3046 3525 3207 3579 dubio
3246 3524 3409 3579 simul
3443 3524 3677 3595 lectum,

416 3616 630 3685 aliaqute
673 3620 910 3686 pariter,
961 3621 1005 3674 si
1050 3623 1210 3676 modo
1264 3622 1443 3691 aliqua
1472 3633 1654 3677 essent
1702 3631 1831 3677 tunc
1880 3623 2157 3691 temporis.
2210 3622 2348 3687 Quid
2391 3622 2532 3690 quod
2584 3636 2613 3674 a
2662 3619 3007 3674 'l‘hcodoreto
3054 3628 3145 3673 aut
3176 3629 3324 3673 certe
3364 3617 3435 3673 ab
3474 3619 3541 3672 iis
3582 3620 3676 3687 qui

418 3706 738 3765 Theodoreti
790 3713 1031 3781 partibus
1083 3714 1402 3779 studebant,
1456 3703 1664 3768 versam
1721 3712 1773 3767 in
1831 3726 2137 3767 sermonem
2205 3712 2453 3767 Graecum
2524 3713 2806 3781 epistolam
2863 3712 3134 3780 proditum
3186 3719 3314 3773 est,
3366 3710 3481 3765 imo
3535 3722 3596 3765 et
3644 3728 3679 3767 a

419 3804 747 3859 vertentibus
780 3807 1043 3871 vitiatam,
1075 3812 1214 3877 quod
1246 3820 1578 3878 postremum
1615 3808 1723 3862 Leo
1754 3809 1867 3877 ipse
1899 3810 2147 3876 queritur
2186 3809 2325 3877 apttd
2357 3808 2689 3863 Marcianum
2737 3810 3139 3878 imperatorem.
3173 3807 3414 3862 Accedat
3458 3810 3631 3863 etiam
3656 3850 3677 3875 ,

418 3895 557 3969 quod
593 3897 643 3949 in
676 3897 897 3965 epistola
930 3898 1169 3967 pontifex
1202 3898 1351 3967 plura
1385 3900 1505 3953 Iidci
1541 3900 1739 3967 capita,
1773 3912 1881 3952 non
1918 3906 2125 3954 tantum
2157 3899 2420 3953 adversus
2454 3897 2774 3970 Eutychem,
2804 3900 2898 3953 sed
2925 3900 3084 3953 etiam
3117 3909 3306 3953 contra
3348 3897 3677 3958 Nestorium

417 4003 688 4061 exponat;
722 4007 819 4045 nec
844 3991 946 4044 alia
978 4002 1154 4045 tamen
1188 3994 1489 4048 testimonia
1515 3996 1839 4061 subdantur,
1863 4014 2022 4066 quam
2051 4011 2171 4065 quae
2204 3997 2270 4049 ad
2302 3995 2705 4049 distinctionem
2737 4003 3048 4048 naturarum
3076 3995 3434 4049 asset-endam
3466 3996 3675 4060 valent,

419 4093 646 4149 queque
669 4083 720 4135 in
747 4083 959 4152 dialogo
989 4084 1081 4152 qui
1116 4085 1311 4138 dicitur
1338 4084 1680 4155 Iuconfusus,
1714 4088 1955 4143 adhibita
1986 4089 2199 4143 fuerant
2240 4088 2306 4141 ad
2342 4101 2456 4152 eos,
2483 4086 2576 4156 qui
2623 4084 2964 4141 Theodoreto
3004 4085 3412 4154 Apollinarismi
3451 4090 3678 4141 nomine

420 4176 652 4242 suspecti
688 4187 863 4240 erant,
904 4175 1306 4242 confutandos;
1335 4191 1443 4233 non
1474 4176 1773 4235 aﬂ'erantur
1798 4196 1919 4251 quae
1944 4197 2013 4237 ex
2048 4181 2200 4237 libris
2229 4190 2419 4237 contra
2447 4178 2753 4235 Nestorium
2797 4178 3037 4247 scriptis,
3072 4178 3127 4233 in
3160 4178 3278 4248 ipso
3304 4179 3473 4233 etiam
3502 4180 3685 4235 citato

420 4264 630 4334 dialogo
659 4266 925 4336 leguntur.

490 4355 686 4422 Quanti
722 4373 848 4412 vero
879 4357 1033 4426 pretii
1068 4358 1140 4412 sit
1163 4357 1475 4426 opusculum
1507 4358 1672 4425 istud,
1699 4360 1971 4414 testimare
2009 4359 2135 4415 licet
2164 4361 2247 4415 vel
2279 4362 2404 4415 inde
2427 4363 2684 4427 maxime,
2707 4358 2847 4429 quod
2876 4374 3037 4414 nemo
3074 4358 3186 4413 fere
3213 4360 3678 4428 consequentium

419 4460 791 4517 tractatorum,
822 4456 909 4523 qui
942 4454 1260 4509 auctoritate
1290 4453 1474 4525 Cyrilli
1508 4455 1563 4508 in
1603 4457 1859 4525 mysterio
1888 4455 2277 4510 Incarnationis
2300 4457 2620 4525 exponendo
2652 4455 2728 4509 uti
2768 4455 3015 4518 voluerit,
3038 4453 3403 4508 testimoniqu
3439 4454 3677 4523 aliquod

416 4556 480 4595 ex
508 4542 738 4597 Scholiis
763 4560 865 4598 nou
889 4546 1196 4615 sumpserit.
1230 4545 1380 4600 Adde
1408 4547 1549 4615 quod
1584 4545 1821 4617 Cyrillus
1844 4546 1962 4616 ipse
1987 4546 2151 4599 videri
2179 4547 2346 4612 possit
2378 4548 2516 4601 hanc
2541 4562 2693 4601 suam
2718 4546 3179 4600 elucubrationcm
3224 4548 3677 4605 connuendasse,

418 4648 539 4688 eum
572 4637 831 4692 scriberet
865 4639 1082 4707 Eulogii)
1110 4656 1122 4690 :
1151 4638 1546 4706 Compleclitur,
1567 4640 1763 4709 inquit,
1792 4639 1926 4692 idem
1954 4639 2086 4692 liber
2112 4638 2208 4691 sub
2243 4638 2401 4707 ﬁnem
2443 4638 2617 4691 breves
2643 4640 2898 4708 quasdam
2935 4640 2998 4691 de
3034 4637 3229 4692 Christi
3272 4638 3680 4705 dispensatione

418 4732 785 4797 expositiones,
808 4746 994 4805 ensqye
1018 4731 1258 4795 pulchras
1281 4733 1565 4785 admodum
1588 4743 1633 4785 et
1660 4731 1833 4784 utiles.
1863 4731 2089 4799 Oportet
2123 4731 2265 4783 enim
2309 4730 2676 4797 expositiones
2706 4745 2841 4798 quas
2878 4739 3163 4792 memorat,
3209 4729 3287 4781 vel
3336 4746 3363 4781 a
3400 4728 3678 4794 Scholiis,

423 4821 501 4871 vel
533 4837 563 4872 a
598 4833 963 4890 consequente
1001 4832 1232 4878 tractatu
1265 4826 1331 4879 de
1361 4824 1737 4879 lttcarnatione
1770 4821 1958 4889 Verbi,
1985 4823 2066 4877 vel
2099 4839 2128 4876 a
2162 4823 2373 4892 dialogo
2404 4823 2688 4890 subjttucto
2720 4839 2827 4876 non
2861 4823 3077 4877 dill'erre
3104 4840 3119 4875 :
3146 4838 3318 4890 neque
3342 4823 3491 4876 enim
3519 4822 3677 4875 aliud

419 4912 688 4981 quidpiam
723 4916 959 4982 scripsit,
991 4917 1056 4971 de
1085 4932 1191 4985 quo
1227 4918 1447 4971 dubium
1476 4931 1595 4971 esse
1627 4916 1818 4983 possit.
1851 4916 1925 4969 At
1963 4914 2143 4969 dill‘ert
2169 4914 2410 4985 profecto
2440 4929 2469 4967 a
2500 4924 2865 4982 consequente
2900 4923 3129 4967 tractatu
3170 4915 3258 4982 qui
3305 4929 3494 4967 revera
3530 4928 3679 4967 unus

420 5008 635 5077 quidam
682 5025 861 5063 sermo
892 5021 1013 5075 est;
1059 5012 1239 5065 dillert
1273 5013 1435 5065 etiam
1482 5026 1512 5064 a
1557 5012 1766 5080 dialogo
1807 5025 1929 5063 mox
1967 5010 2152 5065 dicto:
2193 5010 2317 5079 quis
2357 5010 2501 5063 enim
2545 5009 2810 5077 dialogum
2864 5008 3129 5072 ἐκθέσεως
3176 5008 3395 5062 nomine
3442 5007 3677 5077 proprio

420 5100 691 5169 appellet?
714 5100 1032 5169 Quanquam
1072 5104 1243 5171 potuit
1270 5105 1515 5172 dialogus
1549 5102 1797 5169 subjungi
1831 5100 2083 5166 Scholiis,
2105 5114 2163 5155 ιιι
2192 5102 2427 5172 epitome
2464 5101 2711 5170 qumdam
2739 5112 2792 5153 et
2824 5100 2967 5152 velut
2990 5100 3310 5169 ὑπόμνημα.

492 5196 663 5263 Quam
722 5208 977 5250 accurata
1022 5197 1275 5251 melhodo
1337 5197 1409 5262 sit
1454 5197 1863 5263 conscriptum,
1918 5212 1982 5252 ex
2036 5197 2179 5251 serie
2233 5205 2480 5265 apertum
2545 5204 2647 5251 est.
2710 5195 2941 5265 Cyrillus
2995 5210 3024 5247 a
3077 5195 3405 5263 simplicium
3469 5208 3675 5246 voxutn

423 5291 870 5356 interpretatione
905 5306 1131 5345 exorsus
1165 5293 1420 5360 exponit,
1452 5293 1580 5361 quid
1621 5293 1692 5345 sit
1733 5291 2023 5357 Christus,
2053 5295 2180 5361 quid
2228 5291 2562 5357 Emmanuel,
2604 5292 2729 5361 qttid
2760 5291 2947 5356 Jesus,
2976 5290 3104 5360 quid
3142 5304 3298 5355 unus,
3341 5290 3475 5359 quid
3508 5291 3671 5345 unio.

424 5382 542 5438 Mox
582 5387 646 5436 ad
682 5386 1097 5454 propositiones,
1130 5386 1248 5454 qua:
1292 5386 1341 5438 in
1378 5387 1476 5439 hac
1511 5386 1737 5438 tuateria
1783 5386 2029 5453 usurpari
2066 5388 2261 5450 solent,
2309 5385 2607 5440 orationem
2662 5384 2954 5438 deflectens
3005 5383 3277 5444 edisserit,
3310 5398 3414 5449 qua
3457 5385 3678 5437 τςιιὶιιιιε

418 5475 667 5531 Christus
702 5474 771 5527 sit
821 5490 981 5541 unus,
1035 5491 1170 5530 unus
1210 5474 1548 5540 Emmanuel,
1595 5492 1732 5529 unus
1765 5474 1945 5541 Jesus,
1996 5478 2045 5532 id
2102 5487 2207 5542 est,
2245 5493 2382 5533 unus
2437 5478 2719 5542 Dominus,
2766 5487 2870 5531 etc.
2916 5475 3051 5531 Tum
3106 5478 3374 5545 quomodo
3425 5477 3675 5533 Verbum

422 5568 631 5621 dicatur
651 5566 1010 5627 exinanitum,
1044 5566 1191 5619 carni
1225 5566 1457 5631 unitum,
1492 5566 1691 5619 factum
1724 5566 1920 5635 homo,
1960 5583 2058 5623 nec
2094 5571 2214 5625 ideo
2252 5579 2430 5624 tamen
2462 5578 2725 5623 mutatum
2750 5610 2765 5635 ,
2800 5578 2893 5623 aut
2924 5569 3205 5624 divinitate
3234 5579 3485 5625 exutum.
3528 5570 3679 5627 Hinc

420 5675 524 5720 quo
552 5668 708 5727 pacto
740 5657 988 5713 Christus
1023 5674 1125 5713 non
1159 5658 1229 5712 sit
1254 5660 1416 5715 homo
1450 5659 1731 5731 θεοερόρος,
1761 5671 1854 5714 aut
1887 5663 2107 5718 numine
2138 5663 2372 5729 alilattts,
2404 5664 2495 5719 sed
2524 5678 2650 5719 vere
2686 5665 2846 5719 homo
2875 5664 3038 5729 Deus,
3074 5663 3268 5718 deinde
3314 5674 3418 5733 qua
3456 5666 3683 5719 ratione

422 5749 656 5807 Verbum
688 5750 1033 5820 perhibeatur
1064 5750 1116 5806 in
1162 5752 1316 5809 nobis
1344 5753 1606 5821 habitare,
1640 5758 1705 5811 ad
1746 5770 1846 5812 nos
1886 5757 2047 5824 mitti,
2075 5774 2273 5830 corpus
2312 5759 2511 5815 habere
2562 5757 2858 5827 proprium,
2907 5767 2960 5813 et
3004 5755 3274 5827 quomodo
3327 5756 3681 5825 intelligam:
