3856 6212
418 250 550 325 ιδτι

1387 266 1448 323 S.
1485 261 1751 320 CYRILLI
1788 254 2256 317 ALEXANDRINI
2293 242 2607 312 ARClllEP.

3536 245 3684 302 I372

419 397 505 441 rat
528 386 572 448 ⁵,
605 383 677 439 ob
724 398 951 452 eamque
1001 397 1221 438 causam
1282 383 1335 437 in
1388 383 1546 437 malis
1599 381 1853 437 omnibus
1901 355 1994 433 illa

2109 372 2298 445 ταύτης
2325 372 2488 426 ἓνεκα
2505 370 2606 441 τῆς
2634 366 2813 431 αἰτίας
2829 365 2887 419 ἐν
2908 364 3068 420 παντὶ
3092 363 3266 436 κακιῖν
3289 362 3394 416 ἔδει
3420 362 3479 416 δὲ
3516 364 3685 417 πάλιν

420 476 775 540 versabatur;
821 488 956 543 opus
993 481 1174 528 autem
1206 482 1325 528 erat
1375 483 1436 528 ut
1476 488 1718 538 rursum,
1756 487 1851 543 per
1897 471 1989 526 Dei

422 564 856 621 miscricordiam
886 563 939 618 in
964 563 1250 634 pristinum
1280 573 1551 629 revocata,
1581 562 1841 633 Spiritum
1878 576 1993 617 me-

424 667 633 711 reretur
660 674 673 710 :
703 656 863 709 homo
888 654 1086 707 factum
1122 662 1206 708 est
1231 655 1563 721 unigenitum
1612 655 1705 709 Dei
1732 654 1993 721 Verbum,

421 760 475 800 et
524 763 645 801 cum
696 756 915 800 terreno
966 758 1195 814 corpore
1253 747 1483 800 terrenis
1534 746 1804 816 apparuit.
1872 745 1997 802 Fuit

422 840 583 892 etiam
622 838 848 892 liberum
895 852 925 890 a
965 848 1209 907 peccato,
1249 845 1309 890 ut
1344 847 1400 892 et
1451 838 1503 891 in
1548 839 1685 907 ipso,
1735 846 1791 893 et
1836 837 1890 891 in
1930 853 1997 894 eo

420 927 558 993 solo,
593 927 915 983 innocentia:
940 927 1185 983 laudibus
1229 938 1417 982 natura
1447 927 1680 983 hominis
1704 938 1994 996 coronata,

423 1019 627 1088 Spiritu
681 1028 868 1075 sancto
916 1019 1215 1087 ditaretur,
1256 1035 1321 1075 ac
1372 1021 1453 1074 sic
1508 1019 1899 1077 reformaretur
1930 1019 1996 1075 ad

422 1107 592 1162 Deum
643 1121 742 1178 per
798 1108 1304 1164 sanctiﬁcationem.
1368 1110 1533 1181 780
1580 1109 1799 1166 Transit
1851 1109 1996 1166 enim

420 1200 490 1255 ad
530 1216 629 1258 nos
662 1216 877 1273 quoque
912 1202 1083 1270 gratia
1138 1212 1313 1272 ctepta
1349 1221 1379 1257 a
1428 1204 1661 1270 Christo,
1696 1203 1787 1274 qui
1821 1213 1905 1260 est
1944 1205 1997 1258 in

422 1293 578 1348 nobis
618 1292 1041 1362 primogenitus;
1090 1293 1253 1363 idque
1297 1309 1396 1350 nos
1427 1294 1624 1350 docens
1663 1294 1854 1350 beatus
1894 1293 1999 1349 Da-

421 1384 509 1437 vid
539 1383 717 1452 psallit
762 1385 829 1437 ad
855 1382 1050 1438 Filium
1083 1402 1096 1438 :
1136 1402 1155 1436 ι
1192 1384 1433 1440 Dilexisti
1455 1383 1718 1452 justitiam
1758 1395 1813 1440 et
1837 1385 1999 1441 odisti

423 1475 785 1546 iniquitatem,
822 1475 942 1531 ideo
989 1477 1144 1531 unxit
1179 1485 1230 1533 te
1267 1476 1408 1532 Deus
1438 1475 1579 1531 Deus
1606 1485 1728 1532 tuus
1755 1475 1875 1532 oleo
1904 1476 2008 1532 lte-‘

423 1568 558 1623 ιὶιίω
585 1568 625 1622 ⁸.
666 1585 684 1619 ι

494 1658 699 1714 Unctus
720 1667 805 1715 est
827 1660 992 1731 igitur
1009 1658 1258 1730 exemplo
1279 1670 1466 1717 nostro
1487 1660 1655 1717 Filius
1679 1661 2000 1718 innocentiae

420 1749 691 1817 laudibus,
730 1760 805 1817 et,
840 1760 900 1806 ut
935 1760 1061 1807 ante
1104 1750 1239 1815 dixi,
1287 1751 1339 1805 in
1376 1751 1490 1819 ipso
1530 1760 1723 1808 natura
1766 1752 1999 1810 hominis

420 1840 707 1906 illustrata,
733 1851 787 1897 et
828 1842 983 1913 digna
1009 1842 1123 1912 jam
1168 1841 1352 1898 sortiri
1396 1841 1660 1914 Spiritum
1708 1852 1996 1911 sanctum,

416 1931 528 2001 jam
560 1945 666 1986 non
706 1932 1097 1997 discessurum,
1141 1933 1281 1988 sicut
1325 1944 1507 1999 antea,
1551 1935 1642 1989 sed
1680 1950 1996 1991 mansurum

421 2022 593 2094 magis
616 2022 669 2077 in
697 2022 831 2093 ipsa.
857 2023 1091 2095 Ideoque
1113 2025 1377 2095 scriptum
1405 2035 1509 2090 est,
1542 2026 1686 2095 quod
1720 2044 1739 2079 ‹
1774 2027 2001 2082 descen-

420 2117 501 2169 dit
540 2115 591 2169 in
632 2129 755 2169 eum
811 2114 1084 2186 Spiritus,
1119 2126 1173 2172 et
1230 2118 1428 2171 mansit
1482 2132 1645 2188 super
1690 2119 1862 2189 ipsum
1894 2119 1937 2175 ⁷.
1971 2138 1991 2173 ι

419 2203 634 2261 Dicitur
682 2221 814 2277 ergo
865 2206 1116 2265 Christus
1162 2207 1257 2264 Dei
1314 2207 1574 2276 Verbum,
1603 2212 1746 2281 quod
1780 2221 1999 2281 propter

419 2312 520 2351 nos
552 2306 605 2352 et
635 2298 807 2353 nostri
847 2298 1044 2355 similis
1091 2300 1254 2355 homo
1280 2308 1365 2354 est
1400 2300 1630 2366 factum,
1667 2309 1723 2358 et
1754 2302 1805 2356 in
1850 2306 1993 2358 servi

418 2386 594 2440 forma
625 2404 640 2440 :
672 2396 726 2442 et
760 2388 979 2457 ungitur
1008 2387 1226 2457 quidem
1258 2389 1514 2454 humane,
1550 2387 1844 2443 secundum
1873 2405 1997 2443 car-

418 2479 763 2548 nem;ungit
804 2491 984 2533 autem
1031 2478 1211 2535 divine
1261 2495 1361 2535 suo
1417 2479 1624 2551 Spiritu
1668 2495 1763 2537 eos
1799 2482 1893 2552 qui
1941 2483 1994 2537 in

417 2567 594 2637 ipsum
626 2568 878 2626 credunt.

1078 2753 1233 2810 CAP.
1273 2752 1339 2810 ll.

665 2885 906 2951 Qualiter
933 2887 1157 2958 intelligi
1188 2887 1371 2942 debeat
1408 2887 1743 2944 Emmanuel.

488 3018 802 3075 Emmanuel
826 3024 1135 3078 nominatur
1160 3021 1299 3077 Deus
1322 3021 1577 3087 Verbum,
1642 3025 1784 3094 quod
1818 3025 1993 3081 Abra-

417 3116 500 3169 ha:
532 3128 718 3169 semen
756 3115 1130 3184 apprehendit,
1165 3123 1220 3169 et
1250 3115 1501 3170 similiter
1539 3132 1604 3171 ac
1634 3132 1734 3172 nos
1762 3117 1987 3187 partici-

416 3206 562 3273 pavit
585 3204 735 3262 carni
762 3216 815 3261 et
838 3208 1084 3278 sanguini
1111 3207 1153 3261 ⁸.
1206 3204 1599 3278 Interpretatur
1663 3219 1842 3266 autem
1873 3211 1997 3266 Em-

415 3297 652 3363 manuel,
690 3296 955 3351 nobiscum
998 3296 1156 3351 Deus.
1199 3297 1536 3352 Conﬂtemur
1576 3307 1756 3355 autem
1808 3302 1996 3356 nobis-

414 3405 537 3442 cum
572 3387 739 3444 fuisse
776 3390 863 3443 Dei
900 3388 1152 3454 Verbum,
1208 3404 1314 3444 non
1343 3391 1622 3445 localiter:
1651 3392 1702 3445 in
1728 3408 1836 3463 quo
1853 3394 1997 3448 enim

416 3482 535 3536 loco
581 3496 687 3536 non
725 3490 809 3537 est
853 3481 1023 3545 Deus,
1066 3482 1155 3548 qui
1213 3480 1401 3551 implet
1437 3483 1657 3537 omnia?
1703 3482 1812 3539 Nec
1858 3487 2001 3554 quod

412 3573 605 3627 adesse
629 3572 787 3627 nobis
808 3571 1145 3640 conspicitur
1179 3572 1364 3627 auxilii
1408 3573 1653 3640 ratione;
1688 3574 1889 3630 dictum
1919 3585 2003 3632 est

414 3661 560 3715 enim
590 3662 694 3717 hoc
731 3661 889 3715 modo
919 3662 987 3715 ad
1018 3659 1200 3716 Jesum
1246 3660 1416 3716 tilium
1456 3660 1641 3717 Nave:
1689 3681 1707 3715 ι
1761 3664 1828 3718 Ει
1861 3665 2003 3721 sicut

414 3769 564 3807 eram
606 3770 727 3807 cum
778 3751 982 3823 Moyse,
1030 3754 1102 3807 ita
1144 3768 1241 3808 ero
1281 3763 1337 3809 et
1371 3764 1550 3810 tecum
1574 3756 1616 3807 '.
1655 3774 1675 3807 ι
1724 3755 1828 3811 Sed
1858 3761 2002 3827 quod

415 3845 618 3901 factum
648 3856 733 3901 est
773 3847 826 3901 in
876 3848 1101 3911 nostris,
1141 3845 1195 3899 id
1228 3854 1338 3911 est,
1387 3848 1442 3901 in
1498 3846 1859 3914 humanitate,
1894 3864 2001 3904 non

415 3937 673 3993 derelicta
708 3953 803 3992 sua
835 3946 1030 3993 natura
1063 3953 1079 3991 :
1132 3937 1548 3995 inconvertibile
1593 3948 1679 3995 est
1719 3942 1865 3995 enim
1902 3956 2003 3997 na-

417 4042 539 4085 tura
570 4029 664 4085 Dei
698 4030 959 4085 Verbum.

490 4120 762 4177 Czeterum
798 4137 960 4191 quam
991 4124 1062 4178 ob
1086 4137 1326 4185 causam,
1364 4137 1486 4178 cum
1516 4122 1673 4192 plane
1698 4124 1913 4178 dicatur
1937 4121 2003 4176 ad

415 4209 598 4265 Jesum
641 4210 809 4265 tilium
837 4209 1009 4275 Nave,
1039 4214 1182 4282 quod
1214 4228 1233 4263 ι
1266 4212 1411 4268 sicut
1437 4227 1586 4267 eram
1628 4227 1752 4267 cum
1791 4212 1991 4284 Moyse,

417 4303 499 4357 sic
525 4316 619 4356 ero
644 4311 853 4365 tecum,
890 4320 908 4353 ι
949 4318 1053 4358 non
1098 4311 1183 4359 est
1223 4313 1401 4359 tamen
1438 4303 1747 4359 nominatus
1789 4302 2004 4359 Emma-

417 4393 581 4449 nuel?
614 4392 730 4463 Ipsa
767 4403 946 4447 autem
986 4394 1126 4449 ratio
1153 4404 1233 4450 est
1264 4411 1279 4448 :
1324 4396 1429 4451 etsi
1467 4395 1612 4450 enim
1648 4410 1774 4451 eum
1821 4395 2003 4465 aliquo

417 4492 728 4540 sanctorum
761 4484 925 4540 fuisse
951 4486 1197 4551 dicatur;
1234 4502 1339 4540 non
1385 4496 1566 4541 tamen
1603 4487 1887 4542 nobiscum
1921 4486 2001 4540 fa.

417 4587 563 4629 ctum
595 4592 716 4632 esse
746 4577 975 4633 dicimus
1012 4577 1182 4632 Deum
1219 4575 1480 4640 Verbum,
1514 4577 1618 4633 nisi
1646 4592 1712 4632 eo
1761 4585 2003 4647 tempore

419 4682 527 4735 quo
554 4665 710 4736 juxta
749 4668 891 4736 quod
919 4667 1052 4722 dicit
1096 4665 1303 4720 Daruch
1326 4707 1341 4732 ,
1380 4684 1399 4718 ι
1439 4665 1490 4721 in
1537 4675 1681 4721 terra
1710 4666 1858 4721 visus
1885 4676 1999 4731 est,

416 4763 475 4809 et
506 4755 645 4809 inter
675 4756 922 4811 homines
973 4765 1330 4812 conversatus
1373 4764 1477 4819 est,
1503 4764 1559 4810 et
1595 4769 1814 4809 omnem
1860 4754 1999 4808 viam

420 4846 704 4901 inveniens
727 4846 1048 4917 disciplinae,
1082 4854 1137 4901 et
1166 4848 1301 4901 dans
1326 4861 1444 4900 eam
1472 4844 1639 4902 Jacob
1671 4860 1839 4915 puero
1875 4860 1998 4909 suo,

388 4949 473 4995 .et
497 4937 659 4993 Israel
683 4939 881 4994 dilecto
905 4956 934 4994 a
975 4954 1035 4993 se
1067 4954 1080 4992 :
1117 4939 1229 5008 ipse
1258 4945 1340 4993 est
1366 4936 1511 4991 enim
1547 4935 1687 4993 Deus
1714 4945 1919 5001 noster,
1948 4944 2005 4991 et

404 5045 526 5084 non
557 5031 958 5099 comparabitur
977 5030 1117 5086 alius
1141 5030 1208 5086 ad
1227 5044 1349 5086 eum
1379 5030 1444 5084 ιο.
1483 5046 1501 5082 ι

491 5120 761 5187 Quantum
799 5123 943 5176 enim
986 5122 1051 5177 ad
1082 5120 1174 5177 Dei
1323 5120 1486 5174 Ὅσον
1519 5120 1617 5189 μὲν
1645 5121 1753 5194 γὰρ
1776 5114 1908 5193 ἧκεν
1924 5120 2005 5185 εἰς

420 5222 667 5266 naturam
719 5215 974 5284 pertinet,
1040 5230 1175 5269 non-
1248 5214 1309 5268 τὸ
1336 5210 1475 5268 εἶναι
1496 5215 1629 5280 Θεὸς
1649 5215 1791 5269 κατά
1820 5215 2003 5286 φύσιν,

417 5306 547 5360 dum
571 5305 1016 5372 eratnobiscutn;
1043 5306 1178 5360 mul-
1249 5306 1349 5361 οὐκ
1388 5303 1457 5379 ἦν
1488 5308 1606 5380 μεθ’
1632 5309 1810 5381 ήμῶν’
1842 5308 2006 5377 ἀσύγ-

2095 464 2232 536 ὲλέῳ
2254 464 2412 528 Θεοῦ,
2430 462 2566 535 πρὸς
2588 461 2649 515 τὸ
2664 462 2722 514 ὲν
2744 461 2938 532 ἀρχαῖς
2956 457 3355 512 ἀναϐαίνουσαν
3372 455 3687 526 ἀξιωθῆναι

2094 557 2191 612 τοῦ
2216 557 2356 612 Πνεύ
2364 573 2535 627 ματος
2551 573 2566 588 ο
2595 552 3023 626 ὲνηνθρώπησεν
3047 553 3075 605 ὁ
3098 549 3390 622 μονογενὴς
3417 547 3518 602 τοῦ
3539 548 3685 601 Θεοῦ

2094 649 2285 718 Λόγος.
2314 647 2492 719 Ὠφθη
2522 664 2584 701 τε
2611 648 2726 710 τοῖς
2754 645 2851 698 ἐπὶ
2875 644 2981 714 γῆς
3002 643 3140 714 μετά
3167 642 3359 713 γητνου
3396 640 3683 711 σώματος,

2097 736 2215 796 εἶτα
2241 739 2467 810 γέγονεν
2491 738 2766 810 ἁμαρτίας
2795 735 3100 809 ἐλεύθερος,
3120 735 3208 789 ἴνα
3235 735 3293 787 ὲν
3316 732 3467 803 αὒτῷ
3493 749 3556 785 τε
3583 732 3687 785 καὶ

2100 834 2246 905 μόνῳ
2261 836 2371 897 τοῖς
2388 833 2485 903 τῆς
2502 830 2846 902 ἀμαρτησίας
2866 828 3168 899 αὐχήμασι,
3197 827 3231 897 ἡ
3256 824 3549 895 ἀνθρώπου
3572 824 3686 892 φύε

2099 941 2184 989 σις
2215 922 2622 995 στεφανουμένη
2640 920 3060 990 καταπλουτήσῃ
3081 919 3141 973 τὸ
3160 916 3385 988 Πνεῦμα
3410 915 3473 969 τὸ
3496 916 3682 983 ᾰγιονο

2099 1015 2522 1089 ἀναμορφωθείη
2558 1032 2617 1069 τε
2646 1013 2787 1069 οὕτω
2816 1012 2953 1085 πρὸς
2972 1012 3105 1065 Θεὸν
3135 1010 3202 1064 δι’
3233 1007 3530 1079 ἀγιασμοῦ.
3553 1010 3689 1060 Δια-

2098 1109 2272 1164 ϐαίνει
2300 1108 2359 1162 δὲ
2388 1106 2531 1161 οὕτω
2561 1106 2656 1160 καὶ
2683 1106 2764 1169 είς
2790 1105 2937 1175 ἡμᾶς
2961 1104 2996 1173 ἡ
3020 1102 3204 1172 χάρις,
3230 1100 3404 1172 ἀρχὴν
3431 1097 3688 1151 λαϐοῦσα

2099 1199 2334 1272 Χριστὸν
2363 1197 2456 1251 τδν
2489 1198 2546 1250 ἐν
2574 1198 2706 1267 ἡμῖν
2748 1194 3115 1268 πρωτότοκον.
3142 1192 3254 1254 Καὶ
3297 1189 3386 1243 διὰ
3413 1188 3580 1244 τοῦτο
3607 1188 3692 1241 δι-

2098 1290 2311 1343 δάσκων
2327 1289 2474 1359 ἡμᾶς
2496 1289 2524 1342 ὁ
2554 1287 2823 1359 μακάριος
2840 1284 3034 1356 ψάλλει
3064 1282 3230 1336 Δαόὶδ
3252 1281 3387 1351 πρὸς
3405 1281 3500 1333 τὸν
3524 1279 3686 1333 T16»-

2105 1401 2123 1434 ι
2161 1382 2485 1454 Ἠγάπησας
2508 1377 2877 1448 δικαιοσύνην,
2905 1375 3002 1430 καὶ
3035 1375 3306 1445 ἐμίσησας
3328 1371 3569 1435 ἀδικίαν,
3596 1372 3690 1425 διὰ

2099 1473 2260 1527 τοῦτο
2305 1471 2489 1544 ἔχρισε
2522 1488 2583 1524 σε
2628 1472 2657 1524 ὁ
2689 1468 2822 1534 Θεὸς
2850 1469 2878 1521 ὁ
2909 1465 3043 1531 Θεὸς
3080 1482 3173 1519 σου
3201 1464 3381 1518 ἔλαιον
3410 1462 3689 1531 ἀγαλλιά-

2102 1582 2263 1629 σεως.
2300 1582 2319 1616 ι

2173 1655 2473 1726 Κέχρισται
2512 1652 2697 1705 τοίνυν
2737 1649 2861 1706 καθ’
2890 1650 3040 1721 ἡμᾶς
3084 1647 3443 1720 ἀνθρωπίνως
3479 1649 3510 1700 ὁ
3554 1647 3694 1709 Υἱὸς

2029 1727 2072 1783 Β
2098 1752 2212 1813 τοῖς
2241 1751 2342 1819 τῆς
2371 1744 2789 1817 ἀναμαρτησίας
2830 1743 3098 1805 ἐπαίνοις,
3124 1740 3201 1803 ὡς
3235 1739 3446 1810 ἔφημεν
3469 1756 3484 1769 ο
3527 1739 3695 1793 ὲκλε·

2103 1838 2550 1913 λαμπρυμμένης
2578 1839 2637 1890 ὲν
2683 1835 2832 1907 αὑτῷ
2862 1835 2964 1906 τῆς
2987 1834 3082 1887 τοῦ
3121 1832 3407 1905 ἀνθρώπου
3440 1831 3691 1902 φύσεως,

2097 1935 2255 2000 ἀξίας
2294 1950 2353 1987 τε
2382 1931 2484 2003 ἤδη
2519 1928 2824 2000 γενομένης
2848 1926 2942 1980 τοῦ
2990 1926 3191 1998 χρῆναι
3233 1926 3531 1997 μετασχεῖν
3590 1924 3694 1977 τοῦ

2099 2029 2254 2098 ἁγίου
2309 2024 2627 2095 Πνεῦματος
2649 2038 2662 2051 ο
2697 2022 2798 2075 οὐκ
2844 2020 3252 2089 ἀποφοιτιῖωτος
3285 2019 3365 2071 ἔτι
3397 2017 3544 2071 καθά
3596 2020 3699 2071 καὶ

2098 2120 2155 2175 ὲν
2190 2120 2408 2191 ἀρχαῖς,
2457 2112 2964 2188 ἐμφιλοχωροῦντος
2995 2113 3051 2166 δὲ
3097 2112 3296 2184 μᾶλλον
3339 2112 3506 2184 αὐτῇ.
3538 2112 3696 2165 Ταῦ-

2096 2225 2248 2283 τῃτοι
2272 2208 2369 2263 καὶ
2396 2206 2729 2277 γέγραπται,
2763 2201 2845 2256 ὅτι
2870 2220 2888 2253 ι
2921 2200 3186 2270 Κατέπτη
3219 2199 3317 2270 μὲν
3346 2199 3440 2252 ἐπὶ
3464 2199 3695 2269 Χριστῷ

2096 2303 2156 2356 τὸ
2187 2298 2435 2370 Πνεῦμα,
2470 2296 2749 2368 μεμένηκε
2773 2294 2831 2346 δὲ
2854 2294 2941 2347 ἐπ’
2967 2292 3149 2348 αὐτόν.
3184 2311 3203 2344 ›
3234 2291 3469 2360 Λέγεται
3506 2290 3698 2343 τοίνυν

2096 2392 2330 2465 Χριστὸς
2365 2392 2393 2445 ὁ
2420 2387 2512 2443 τοῦ
2548 2386 2688 2441 Θεοῦ
2720 2387 2894 2455 Λόγος
2920 2385 2949 2437 ὁ
2982 2385 3048 2439 δι’
3082 2385 3229 2455 ἡμᾶς
3261 2384 3355 2437 καὶ
3385 2383 3510 2438 καθ’
3536 2385 3697 2454 ἡμᾶς

2096 2477 2403 2549 ἄνθρωπος,
2432 2474 2525 2529 καὶ
2561 2476 2635 2527 ἐν
2662 2474 2729 2544 τῇ
2770 2472 2864 2526 τοῦ
2902 2472 3096 2527 δούλου
3133 2476 3352 2545 μορφῇ·
3393 2471 3494 2526 καὶ
3536 2474 3697 2543 χριό-

2100 2586 2259 2641 μενος
2286 2569 2385 2640 μὲν
2413 2564 2774 2637 ἀνθρωπίνως
2798 2564 2941 2618 κατά
2959 2566 3061 2636 τὴν
3079 2566 3277 2637 σάρκα,
3298 2565 3480 2635 χρίων
3497 2564 3554 2617 δὲ
3582 2564 3695 2617 θεῖ-

2096 2660 2208 2724 κῶς
2234 2658 2311 2732 τῷ
2347 2659 2460 2730 ἰδίῳ
2493 2655 2772 2728 Πνεύματι
2801 2656 2926 2721 τοὺς
2948 2657 3028 2721 είς
3067 2656 3229 2711 αὑτὸν
3267 2656 3656 2719 πιστεύοντας.

2098 2854 2284 2909 κριτον
2348 2834 2458 2906 γάρ
2520 2834 2581 2887 τὺ
2650 2832 2854 2905 μεταξὺ
2927 2842 3038 2888 tum
3087 2833 3228 2890 enim
3273 2833 3503 2888 interest
3546 2832 3695 2887 inter

2096 2933 2348 3005 Θεότητος
2424 2931 2520 2984 καὶ
2573 2928 2855 2999 ἀνθρωπό-
2927 2924 3690 3007 deitatemethumanitatem;

2093 3044 2287 3098 τητος·
2358 3026 2453 3079 καὶ
2529 3021 2695 3094 πολλή
2769 3039 2855 3087 τις
2926 3028 2981 3072 et
3010 3017 3197 3087 ingens
3228 3026 3313 3072 est
3344 3016 3510 3073 nimis
3533 3016 3695 3072 diﬁc-

2097 3121 2236 3188 ἄγαν
2260 3119 2370 3173 τῶν
2398 3116 2613 3189 φύσεων
2644 3118 2791 3170 ἐστιν
2820 3116 2853 3187 ή
2928 3113 3099 3168 rentia
3127 3121 3465 3165 naturarum.

2097 3210 2350 3283 διαφορά.

2172 3303 2404 3373 Ideoque
2450 3302 2663 3356 divinus
2705 3298 2873 3354 David
2926 3297 2991 3350 ad
3046 3292 3447 3366 proximitatem
3505 3295 3700 3363 mysti-

2102 3413 2217 3451 cam
2268 3396 2378 3467 [αι.
2437 3395 2688 3450 unionem
2737 3387 3160 3461 arctissimam],
3208 3388 3373 3443 Deum
3425 3384 3694 3451 Verbum,

2102 3489 2242 3557 quod
2292 3488 2532 3543 nondum
2568 3486 2636 3540 ad
2688 3499 2785 3539 nos
2821 3490 3064 3546 venerat,
3112 3479 3360 3544 vocabat,
3408 3479 3609 3534 dicens
3642 3481 3694 3532 in

2103 3580 2332 3651 spiritu:
2369 3598 2387 3630 ι
2415 3576 2497 3633 0b
2525 3576 2675 3647 quid,
2705 3575 2932 3630 Domine
2951 3613 2968 3639 ,
3015 3570 3305 3627 discessisti
3343 3569 3507 3639 longe
3536 3569 3585 3601 “
3610 3571 3635 3623 ?
3672 3590 3692 3622 ι

2173 3672 2253 3741 (l)
2284 3669 2423 3739 Ergo
2461 3667 2575 3738 jam
2607 3682 2715 3721 non
2761 3664 3031 3729 discessit,
3075 3660 3170 3717 sed
3217 3661 3505 3714 nobiscum
3564 3658 3691 3723 fuit,

2102 3760 2192 3829 qui
2226 3774 2349 3815 cum
2379 3757 2666 3813 mansisset
2695 3755 2747 3811 id
2793 3753 2937 3824 quod
2958 3760 3100 3817 erat,
3138 3749 3501 3821 apprehendit
3526 3751 3695 3804 Abra-

2105 3853 2186 3907 hae
2209 3865 2417 3915 semen,
2444 3857 2505 3903 ut
2528 3848 2639 3903 dixi
2666 3865 2681 3915 ;
2708 3845 2920 3915 accepit
2962 3853 3141 3899 autem
3189 3842 3355 3897 etiam
3387 3842 3537 3897 servi
3580 3842 3693 3896 fore

2105 3958 2274 4007 mam,
2298 3951 2356 3996 et
2382 3947 2707 4008 conspectus
2739 3937 2905 3990 homo
2928 3934 2982 3988 in
3011 3941 3155 3988 terra
3188 3939 3293 3988 est.

2176 4034 2430 4091 Christus
2455 4044 2585 4085 vero
2615 4037 2671 4084 et
2700 4023 3018 4082 Emmanuel
3043 4023 3290 4080 eumdem
3325 4020 3491 4075 nobis
3521 4020 3690 4074 tilium

2105 4128 2409 4196 designant,
2439 4123 2632 4194 partim
2663 4122 2786 4190 quia
2815 4128 3011 4176 unctus
3048 4124 3133 4173 est
3160 4127 3312 4169 more
3340 4122 3564 4177 nostro,
3595 4112 3691 4167 hu-

2107 4234 2282 4276 mana:
2310 4216 2543 4275 hominis
2572 4224 2783 4270 natura:
2818 4211 3070 4281 spiritum
3103 4207 3401 4278 accipiens,
3439 4213 3503 4259 ut
3534 4204 3593 4258 in
3636 4219 3693 4258 se

2108 4315 2223 4383 ipso
2257 4319 2312 4367 et
2358 4310 2531 4380 primo
2575 4306 2673 4378 [αι.
2718 4306 2953 4361 humana
3010 4311 3203 4356 natura
3245 4298 3498 4367 spiritum
3548 4297 3689 4351 acci-

2109 4407 2290 4477 piente
2325 4404 2378 4458 in
2411 4402 2547 4471 ipso,
2589 4408 2649 4454 ut
2682 4394 2903 4468 primo].
2931 4392 3147 4448 Positus
3169 4399 3255 4446 est
3276 4389 3420 4445 enim
3448 4388 3689 4457 primor-

2109 4497 2256 4553 dium
2288 4494 2525 4565 generis,
2557 4505 2744 4546 rursus
2780 4488 2893 4557 ipse
2932 4500 3161 4557 ungens,
3185 4493 3245 4538 ut
3278 4480 3448 4545 Deus,
3484 4479 3688 4548 Spiritu

2108 4595 2297 4643 sancto
2320 4599 2417 4641 eos
2442 4583 2531 4653 qui
2576 4583 2630 4636 in
2666 4596 2726 4637 se
2751 4579 3018 4635 credunt:
3057 4576 3276 4647 partim,
3299 4573 3425 4644 quia
3453 4571 3561 4627 fuit
3599 4588 3689 4625 no-

2109 4680 2313 4735 biscum
2342 4675 2642 4732 secundum
2664 4687 2801 4743 quas
2827 4670 2988 4726 modo
3014 4668 3221 4725 reddidi
3251 4667 3517 4731 rationes,
3542 4673 3603 4719 et
3629 4666 3689 4717 de

2108 4788 2175 4827 eo
2206 4787 2303 4827 nos
2331 4768 2461 4824 facit
2499 4775 2678 4822 certos
2706 4764 2873 4820 Isaias
2910 4762 3173 4833 propheta
3216 4758 3447 4813 dicens:
3494 4775 3515 4808 ι
3554 4757 3686 4811 Ecce

2109 4866 2261 4935 virgo
2291 4860 2346 4916 in
2390 4869 2546 4915 utero
2578 4856 2829 4926 accipiet,
2859 4864 2915 4910 et
2944 4852 3118 4923 pariet
3151 4850 3341 4915 tilium,
3380 4859 3438 4904 et
3470 4850 3683 4905 vocabi-

2109 4964 2198 5009 tur
2228 4968 2423 5009 nomen
2465 4950 2583 5021 ejus
2614 4944 2933 5003 Emmanuel
2964 4946 3030 4998 ¹’.
3066 4962 3085 4996 ι
3128 4942 3266 4998 Cum
3309 4941 3459 4996 enim
3502 4950 3685 4996 sancta

2112 5046 2299 5116 Virgo,
2323 5060 2389 5099 ex
2415 5041 2619 5113 Spiritu
2639 5039 2860 5110 quidem
2884 5045 3075 5093 sancto
3098 5046 3384 5104 praegnans
3402 5040 3494 5086 est
3524 5031 3682 5093 facta,

2110 5139 2319 5211 peperit
2341 5144 2520 5192 autem
2554 5131 2850 5189 secundum
2876 5142 3095 5184 carnem
3123 5124 3331 5191 ﬁlium;
3368 5133 3502 5179 tunc
3528 5124 3683 5178 etiam

2114 5228 2432 5287 Enunanuel
2470 5226 2651 5283 dictus
2699 5233 2822 5280 est:
2880 5222 2980 5277 l‘uit
3024 5221 3169 5276 enim
3226 5219 3535 5283 nobiscum,
3597 5234 3685 5286 per

2111 5322 2385 5381 carnalem
2431 5317 2834 5390 generationem
2885 5310 3276 5383 incorporalis;
3319 5319 3377 5365 et
3430 5310 3486 5365 id
3533 5321 3681 5368 erat.

544 5487 677 5543 Gen.
708 5504 781 5561 vI.
805 5487 860 5543 ’5.
938 5488 958 5520 ⁸
985 5487 1128 5561 Βδέιι.
1159 5509 1299 5561 XLIV,
1323 5496 1377 5551 8.
1451 5493 1643 5550 'Joun.
1676 5509 1714 5559 ι,
1739 5494 1825 5549 3'2.
1901 5494 1924 5525 ⁸
1946 5492 1998 5547 Η‹

2135 5507 2191 5555 ιι,
2229 5489 2307 5544 Η.
2383 5488 2403 5520 ⁹
2434 5486 2735 5551 Josuel,v.
2817 5478 3092 5535 "Baruch
3144 5491 3227 5540 ιιι.
3279 5474 3369 5529 58.
3453 5474 3495 5504 “
3534 5472 3677 5531 Psai.

420 5580 476 5628 κ,
516 5561 559 5612 l.
638 5560 680 5591 ”
716 5560 815 5615 Isa.
847 5575 942 5623 vn,
972 5558 1058 5614 H.

491 5722 568 5795 (Ι)
601 5722 779 5778 ΒιιΙυΖο
811 5739 823 5775 1
864 5721 1133 5789 υἱηίδδὲί,
1172 5724 1259 5779 sed
1320 5720 1585 5777 nobiarum
1643 5715 1777 5786 fuit;
1807 5718 1917 5792 qui,
1976 5731 1998 5772 ε

2135 5712 2291 5773 Eutr.
