3856 6212
149 371 265 427 I375

1042 346 1338 407 SCIIOLIA
1374 344 1462 402 DE
1501 321 2009 400 INCARNATIONE
2050 336 2423 396 UNIGENITI.

3245 308 3381 377 1574
3422 304 3425 309 λ

143 482 270 553 quod
292 493 388 552 per
417 490 607 533 vocem
640 473 809 530 David
835 469 1277 543 signiﬁcabatur:
1317 483 1336 517 ι
1365 465 1505 521 Deus
1531 461 1703 517 mani-
1731 464 1783 525 Α
1808 459 2052 516 omnium
2086 459 2368 524 Dominus,
2408 461 2594 525 utpote
2623 450 2713 524 qui
2746 457 2939 504 natura
2975 417 3029 502 et
3063 442 3288 498 veritate
3314 454 3384 494 ex

146 576 267 628 teste
309 569 526 631 veniet,
576 566 723 623 Deus
776 573 984 627 noster,
1034 566 1091 615 et
1133 573 1238 614 non
1274 554 1456 613 silebit
1487 554 1570 619 ¹³;
1602 571 1620 605 ι
1650 558 1705 605 et

145 663 263 718 illud
291 662 524 732 opinor:
552 677 572 712 ι
609 658 729 730 Ipse
757 657 851 727 qui
881 654 1093 710 locutus
1116 665 1260 714 sum,
1280 654 1477 719 praesto
1501 660 1645 701 sum.
1680 662 1700 696 ι

1808 555 1918 610 Deo
1958 562 2114 609 natus
2144 561 2228 607 est
2257 552 2439 606 Patre.
2478 547 2545 603 Et
2572 544 2625 602 id
2660 542 2816 600 nobis
2851 536 3259 596 evidentissime
3294 547 3386 587 sa-

1807 645 2181 717 pientissimus
2224 640 2420 696 Paulus
2465 635 2748 695 ostendit:
2782 650 2801 685 ι
2831 630 3047 687 Primus
3088 626 3258 689 enim,
3303 623 3388 677 in-

148 757 369 811 Iocutus
394 752 540 808 enim
580 766 680 823 per
706 747 1022 821 prophetas,
1054 752 1113 799 ut
1153 738 1491 812 incorporale
1534 738 1709 794 adhuc
1807 712 1950 808 quit,
1980 734 2141 790 homo
2166 748 2232 788 ex
2256 743 2400 787 terra
2424 730 2491 785 de
2521 727 2684 791 limo;
2726 721 3000 780 secundus
3035 734 3067 774 e
3101 715 3239 774 coelo
3262 712 3332 768 ’°.
3360 730 3381 765 ι

148 847 395 915 Verbum,
430 842 652 901 advenit
685 840 850 899 etiam
875 834 1249 909 corporaliter.

778 946 933 1007 CAP.
978 945 1074 1002 III.

688 1064 830 1133 Quid
864 1070 943 1121 est
976 1060 1010 1117 J
1017 1078 1157 1117 esus.

125 1175 127 1179 ’
217 1187 275 1245 Vi
322 1185 538 1259 quidem
590 1178 988 1243 intentionum,
1039 1191 1146 1247 qua
1196 1179 1442 1245 oporteat
1486 1185 1516 1223 a
1562 1167 1715 1224 nobis

147 1294 307 1335 unum
339 1276 447 1334 dici
480 1273 678 1330 Filium
709 1269 827 1336 Dei,
862 1267 1195 1325 tantumdem
1227 1272 1331 1331 est,
1366 1271 1421 1318 et
1444 1259 1716 1322 Christus,

148 1373 202 1423 et
224 1359 559 1427 Emmanuel,
585 1368 640 1415 et
674 1356 866 1423 Iesus;
893 1364 949 1411 et
993 1353 1049 1410 id
1090 1352 1306 1424 quidem
1349 1349 1504 1427 quasi
1546 1363 1612 1404 ex
1662 1362 1721 1403 re

152 1470 343 1512 nomen
386 1463 472 1510 est
516 1424 762 1507 factum:
817 1466 836 1500 ι
870 1446 988 1517 Ipse
1038 1444 1206 1509 enim,
1252 1424 1445 1512 inquit,
1495 1437 1725 1493 salvabit

152 1545 405 1618 populum
436 1557 592 1599 suum
618 1555 649 1596 a
678 1538 917 1611 peccatis
947 1540 1061 1593 suis
1091 1534 1159 1595 ιδ.
1197 1552 1217 1588 ι
1260 1529 1721 1600 Quemadmodum

82 1704 91 1711 η
150 1640 290 1695 enim
322 1632 644 1691 Emmanuel
677 1628 1039 1701 significabat,
1080 1640 1176 1696 per
1206 1623 1610 1697 generationem
1657 1634 1724 1674 ex

159 1729 384 1786 muliere
439 1725 725 1783 nobiscum
774 1721 978 1778 factum
1031 1717 1197 1774 fuisse
1235 1715 1330 1772 Dei
1362 1712 1635 1777 Verbum;
1672 1721 1727 1767 et

1879 826 2045 898 Atqui
2077 823 2241 897 Virgo
2270 830 2458 879 sancta
2491 818 2705 890 peperit
2740 813 2996 885 templum
3050 808 3228 867 Verbo
3266 804 3388 859 uni-

1811 897 2095 986 tum;sed
2123 930 2156 973 e
2183 916 2324 972 caelo
2362 912 2583 977 dicitur,
2615 917 2671 966 et
2721 917 2871 963 recte
2910 904 3125 975 quidem
3171 897 3391 953 Emma-

1813 1010 1941 1068 nuel
1970 1011 2241 1079 :desuper
2277 1006 2419 1063 enim
2458 1012 2515 1061 et
2551 1018 2618 1059 ex
2659 997 2965 1058 substantia
3006 993 3099 1050 Dei
3140 1001 3196 1047 et
3219 986 3395 1046 Patris

1814 1112 2000 1159 natum
2037 1109 2124 1158 est
2168 1098 2404 1154 Verbum
2447 1094 2615 1167 ipsius
2643 1109 2659 1149 :
2683 1088 2962 1148 descendit
3000 1100 3131 1142 vero
3160 1083 3228 1138 ad
3272 1095 3395 1146 ιιος,

1818 1204 1946 1250 tunc
1978 1206 2103 1247 cum
2132 1190 2333 1246 factum
2362 1194 2447 1243 est
2484 1187 2685 1252 homo;
2716 1190 2896 1238 tamen
2936 1179 3016 1233 sic
3052 1187 3268 1245 quoque
3298 1171 3398 1226 de-

1817 1302 1981 1359 super
2005 1294 2111 1343 est.
2136 1283 2394 1339 Testatus
2430 1287 2512 1336 est
2540 1286 2723 1333 autem
2758 1273 2920 1346 731
2951 1269 3193 1327 Joannes
3231 1266 3297 1320 de
3333 1280 3400 1319 eo

1820 1381 2005 1437 dicens
2050 1396 2065 1434 :
2114 1394 2135 1429 ι
2197 1374 2302 1442 Qui
2366 1372 2650 1428 desursum
2705 1366 2893 1432 venit,
2980 1375 3146 1433 supra
3212 1371 3402 1414 omnes

1821 1481 1905 1529 est
1924 1474 1992 1527 ἰ.
2029 1489 2047 1523 ι
2088 1468 2156 1524 Et
2202 1468 2316 1540 ipse
2358 1465 2607 1522 Christus
2655 1461 2734 1515 ait
2775 1458 2844 1516 ad
2892 1455 3146 1528 populum
3191 1450 3406 1508 Iudico-

1826 1580 1944 1620 rum
1970 1581 1986 1619 :
2015 1581 2036 1618 ι
2066 1561 2174 1619 Vos
2211 1561 2465 1618 deorsum
2514 1554 2649 1611 estis
2670 1593 2686 1618 ,
2728 1566 2831 1621 ego
2866 1549 3102 1617 desuper
3143 1558 3262 1600 sum
3284 1543 3349 1594 ".
3379 1557 3399 1591 ι

1827 1656 1895 1712 Ει
1930 1670 2119 1713 rursus
2144 1672 2157 1708 :
2192 1672 2211 1706 ι
2244 1652 2358 1724 Ego
2380 1665 2488 1706 non
2514 1661 2638 1703 sum
2674 1659 2742 1701 ex
2780 1644 2884 1698 hoc
2912 1636 3112 1695 mundo
3132 1635 3204 1700 ”,
3232 1651 3252 1687 ι
3281 1632 3408 1686 licet

1827 1763 1958 1820 pars
1978 1745 2161 1803 mundi
2185 1745 2326 1801 sicut
2348 1743 2514 1798 homo
2536 1743 2875 1807 nuncupatus
2897 1731 2993 1799 sit;
3018 1727 3113 1784 sed
3143 1734 3262 1782 erat
3285 1737 3407 1779 cum

151 1821 421 1885 Chrisms’
474 1816 602 1889 quia
628 1815 813 1907 tam“?
858 1812 1058 1907 ho'Po’
1100 1803 1726 1907 ¹¹¹¹⁰⁸¹¹³Ᾰ¹ί⁶ῖι¹¹τᾹ¹¹³ί¹³
1758 1825 1803 1881 Β
1829 1803 2190 1907 quoque
2234 1848 2400 1904 supra
2450 1803 2734 1884 mundum-
2758 1832 2819 1879 ut
2855 1821 3019 1876 Deus.
3066 1813 3411 1871 Meminimus

154 1928 253 1969 nos
297 1910 572 1965 humane:
624 1906 700 1962 ita
735 1904 901 1961 etiam
945 1901 1124 1966 .Iesus,
1178 1898 1323 1969 quod
1361 1896 1592 1953 salvavit
1631 1910 1729 1949 nos

154 2019 310 2061 suum
339 2000 618 2073 populum,
638 1997 783 2070 quod
813 1995 1051 2052 maxime
1071 2007 1194 2049 eum
1215 1991 1556 2048 demonstrat
1605 2000 1731 2043 vere

152 2103 210 2150 et
243 2101 437 2148 natura
464 2090 708 2146 omnium
746 2088 1054 2144 Dominum.
1085 2083 1272 2155 Neque
1314 2082 1457 2138 enim
1495 2079 1731 2136 hominis

155 2184 459 2243 communis
486 2190 737 2240 creatura
765 2193 888 2237 esse
919 2179 1166 2246 dicatur;
1197 2177 1386 2233 deceat
1414 2181 1591 2229 autem
1619 2187 1735 2226 nia-

154 2279 241 2353 gis
284 2277 463 2335 omnia
535 2277 715 2334 dicere
782 2289 904 2333 esse
947 2268 1258 2344 Unigeniti,
1294 2267 1399 2326 etsi
1449 2265 1624 2322 Iactus
1666 2264 1738 2320 sit

155 2371 343 2427 homo.

231 2461 388 2517 Dicet
419 2458 560 2517 forte
585 2457 781 2530 aliquis
807 2475 821 2513 :
852 2456 1017 2527 Atqui
1043 2452 1242 2526 Moysis
1265 2451 1441 2507 dictus
1464 2457 1549 2506 est
1574 2462 1741 2519 popu-

155 2554 246 2610 lus
274 2551 463 2609 Israel.
498 2551 583 2609 Ad
616 2550 721 2607 hoc
746 2549 1012 2612 dicemus.
1033 2546 1177 2618 quod
1203 2544 1299 2599 Dei
1324 2541 1547 2613 quidem
1572 2554 1742 2611 popu-

156 2645 247 2702 lus
283 2628 594 2701 dominatus
621 2642 713 2709 sit,
752 2649 808 2697 et
848 2640 904 2696 id
942 2647 1063 2699 erat
1104 2650 1313 2692 verum.
1359 2631 1564 2688 Verum
1610 2645 1746 2701 quo-

159 2736 315 2792 niam
342 2734 412 2790 ad
445 2731 802 2817 defectionem
834 2728 1101 2799 deductus
1121 2733 1230 2792 est;
1269 2732 1325 2779 et
1356 2720 1584 2776 vitulum
1618 2715 1746 2773 fecit

159 2843 263 2900 per
291 2808 583 2890 desertum,
616 2822 969 2877 inhonoratus
993 2827 1077 2875 est
1097 2833 1126 2871 a
1157 2816 1305 2871 Deo:
1331 2828 1436 2869 non
1467 2811 1610 2866 enim
1634 2808 1745 2880 iam

160 2935 326 2978 suum
355 2918 636 3001 noui'mare
675 2912 929 2984 populum
974 2907 1321 2982 dignabatur,
1350 2905 1443 2961 sed
1476 2918 1599 2958 eum
1637 2901 1748 2971 jam

165 3010 377 3068 homini
407 2991 723 3064 destinavit.
764 3006 835 3061 At
882 3018 981 3058 nos
1030 3016 1137 3057 non
1190 2999 1309 3054 ita:
1359 2994 1563 3068 proprii
1605 2991 1749 3048 enim

165 3116 363 3160 sumus
396 3100 510 3165 lilii,
539 3114 605 3154 eo
631 3097 776 3167 quod
802 3105 857 3150 et
896 3094 1039 3149 Deus
1062 3092 1151 3157 sit,
1182 3099 1237 3146 et
1255 3104 1348 3160 per
1374 3088 1547 3157 ipsum
1569 3090 1750 3140 creata

1830 1903 2155 2000 enim—plane
2180 1903 2413 1983 dicentis
2442 1940 2457 1978 :
2491 1940 2510 1974 ι
2543 1920 2610 1975 Εῑ
2633 1929 2793 1973 nemo
2827 1909 3077 1969 ascendit
3103 1908 3159 1975 in
3186 1903 3409 1967 caelum,

1834 2023 1939 2080 nisi
1976 1994 2067 2092 qui
2104 2018 2384 2076 descendit
2424 2015 2490 2071 de
2521 2011 2663 2068 εωιο
2691 2007 2860 2063 Filius
2891 1999 3129 2058 hominis
3150 1998 3219 2050 ιι.
3252 2015 3271 2049 ι
3308 1994 3414 2048 Dc-

1835 2113 2116 2173 scendisse
2160 2118 2344 2165 autem
2379 2104 2613 2162 dicimus
2638 2102 2704 2154 ile
2753 2096 2892 2152 coelo
2929 2092 3125 2147 Filium
3156 2086 3413 2149 hominis,

1836 2220 1935 2278 per
1961 2205 2223 2260 unitatem
2255 2193 2735 2268 dispensatoriam,
2776 2186 2956 2245 Verbo
2995 2182 3268 2238 tribuente
3291 2192 3417 2246 pro-

1837 2300 1970 2372 pria:
2002 2294 2155 2353 carni
2196 2292 2383 2365 gloria:
2404 2303 2519 2346 sua:
2557 2294 2613 2342 et
2644 2283 2839 2340 divina:
2877 2273 3177 2349 maiestatis
3202 2269 3419 2328 claritu-

1841 2392 2045 2450 dinem.

2505 2492 2658 2551 CAP.
2694 2488 2764 2546 ν.

1848 2620 2019 2688 Quam
2061 2617 2125 2671 ob
2161 2627 2379 2670 causam
2431 2607 2762 2665 exinanitum
2803 2602 3002 2658 dicitur
3031 2598 3129 2655 Dei
3177 2596 3426 2651 Verbum.

1918 2733 2143 2789 Plenum
2189 2730 2484 2787 secundum
2537 2733 2827 2787 naturam,
2878 2726 2933 2775 et
2978 2731 3047 2773 ex
3082 2712 3227 2771 omni
3276 2718 3430 2781 parte

1848 2825 2150 2898 perfectum
2197 2821 2367 2876 Deum
2418 2817 2678 2880 Verbum,
2722 2823 2777 2867 et
2825 2808 3154 2867 distribuens
3211 2818 3278 2858 ex
3331 2815 3430 2855 sua

1850 2890 2187 2988 plenitudine
2222 2910 2362 2964 bona
2405 2923 2502 2964 sua
2542 2914 2830 2968 creaturae,
2871 2914 2938 2956 eo
2962 2895 3107 2968 quod
3136 2894 3213 2949 ait
3242 2909 3256 2946 :
3287 2908 3306 2943 ι
3339 2890 3435 2944 Ef-

1854 3006 2074 3061 fundam
2118 3003 2185 3059 de
2216 3000 2422 3071 Spiritu
2468 3012 2588 3052 meo
2614 3010 2774 3066 super
2813 3004 3029 3048 omnem
3064 2998 3284 3042 carnem
3309 2984 3374 3035 '5.
3411 3000 3431 3033 ι

1859 3098 2205 3155 Exinanitum
2238 3092 2510 3156 dicimus;
2544 3088 2680 3143 nihil
2711 3088 2764 3141 in
2798 3094 2989 3140 natura
3025 3077 3244 3151 propria
3270 3075 3441 3130 viola-

166 3196 289 3252 εῖηι
318 3193 522 3248 omnim
574 3190 652 3246 11³
684 3190 831 3244 “lim
880 3187 956 3241 θῖι
1003 3183 1210 3240 Da'id:
1254 3200 1273 3233 ι
1333 3177 1598 3246 Quoniam
1640 3175 1756 3243 ipse
1782 3172 1825 3231 (ἶ
1863 3201 1999 3255 tum,
2041 3203 2162 3252 nec,
2196 3195 2255 3239 ut
2296 3184 2454 3239 aliter
2500 3197 2559 3237 se
2604 3180 2849 3243 haberet,
2878 3180 3293 3235 commutatum,
3339 3183 3443 3224 nec

167 3288 309 3349 fecit
339 3301 459 3355 nos,
485 3292 668 3340 etnon
703 3282 807 3351 ipsi
838 3294 976 3346 nos;
1026 3292 1124 3332 nos
1156 3283 1335 3329 autem
1392 3268 1618 3342 populus
1655 3280 1754 3336 pa-

170 3394 327 3441 scuae
369 3377 509 3448 ejus,
539 3384 595 3430 et
627 3388 757 3429 oves
782 3384 973 3425 manus
1009 3367 1126 3437 ejus
1151 3366 1216 3420 “.
1248 3382 1267 3417 ι
1307 3361 1550 3430 Denique
1592 3358 1757 3414 etiam

167 3472 299 3544 ipse
337 3468 404 3525 de
440 3465 595 3522 nobis
620 3462 798 3519 dixit:
828 3478 847 3513 ι
880 3458 1023 3516 Oves
1064 3469 1197 3511 mea:
1228 3466 1415 3508 vocem
1457 3463 1633 3504 meam
1660 3462 1759 3500 au-

170 3542 335 3622 diunt
372 3568 429 3617 et
453 3564 751 3631 sequuntur
773 3568 858 3609 me
881 3552 947 3605 ¹⁶.
990 3569 1010 3604 ι
1043 3550 1114 3606 Et
1152 3560 1375 3602 rursus:
1402 3561 1421 3596 ι
1464 3542 1614 3597 Alias
1634 3555 1763 3596 oves

169 3658 381 3721 habeo,
415 3668 534 3725 quae
563 3664 668 3705 non
705 3653 833 3703 sunt
864 3659 934 3701 ex
959 3642 1065 3699 hoc
1104 3638 1254 3705 ovili,
1291 3644 1346 3693 et
1392 3635 1513 3690 illas
1553 3638 1768 3704 Oportet

171 3764 273 3809 me
295 3757 653 3817 congregare,
676 3750 730 3797 et
758 3740 847 3795 tiet
872 3751 1010 3792 unus
1031 3748 1183 3807 grex,
1207 3740 1262 3787 et
1283 3744 1422 3785 unus
1446 3735 1631 3800 pastor
1648 3726 1712 3779 ³⁷.
1744 3742 1762 3775 ι

171 3841 481 3901 Mandabat
516 3845 697 3892 autem
722 3831 890 3887 etiam
920 3829 1077 3884 beato
1103 3824 1263 3882 Petro
1291 3836 1303 3873 :
1338 3840 1357 3875 ι
1393 3820 1578 3875 Simon
1608 3817 1770 3874 Joan-

171 3937 313 4001 nis,
365 3944 514 3986 amas
566 3926 689 3984 me?
742 3922 912 3979 Pasce
960 3932 1126 3991 agnos
1186 3930 1371 3972 meos.
1409 3926 1590 3971 .uasce
1644 3922 1774 3965 oves

1864 3278 2092 3337 inferius
2124 3292 2189 3332 ex
2220 3276 2326 3329 ulla
2349 3281 2503 3346 parte
2522 3271 2724 3326 factum
2750 3261 3197 3322 :inconvertibile
3221 3259 3367 3316 enim
3390 3266 3447 3313 et

1866 3365 2202 3427 immutabile
2239 3373 2323 3420 est
2368 3364 2541 3433 ipsum
2576 3372 2825 3431 quoque,
2872 3355 3015 3410 sicut
3054 3361 3129 3425 et,
3159 3356 3449 3421 generator

1868 3462 2064 3532 ipsius,
2114 3467 2169 3514 et
2245 3469 2517 3524 nunquam
2570 3451 2669 3505 l'uit
2725 3446 2995 3519 passionis
3043 3442 3205 3497 ullius
3256 3454 3448 3510 capax.

1870 3553 2096 3621 Quando
2127 3563 2255 3604 vero
2288 3546 2493 3601 factum
2525 3543 2625 3597 fuit
2649 3554 2801 3606 caro,
2835 3537 2888 3593 id
2917 3544 3002 3592 est
3046 3535 3231 3597 homo,
3265 3533 3452 3585 huma-

1873 3644 2063 3702 nitatis
2099 3649 2472 3712 paupertatem
2521 3632 2795 3704 propriam
2849 3628 2952 3683 sibi
3002 3625 3147 3681 fecit.
3189 3621 3455 3687 Primum,

1874 3739 2016 3812 quod
2047 3733 2215 3792 semel
2254 3733 2415 3787 homo
2441 3729 2515 3783 sit
2543 3727 2741 3789 factus,
2781 3722 2884 3777 etsi
2917 3715 3243 3775 remanserit
3268 3713 3413 3767 Deus
3441 3733 3455 3767 :

1856 3804 2076 3892 deinde
2101 3826 2244 3898 quod
2277 3823 2416 3879 servi
2448 3821 2678 3876 formam
2713 3811 3013 3883 acceperit.
3037 3806 3129 3877 qui
3163 3804 3459 3861 secundum

1879 3937 2035 3978 suam
2083 3895 2330 3975 naturam
2386 3914 2523 3968 liber
2567 3918 2673 3974 est,
2717 3915 2905 3977 utpote
2946 3902 3141 3957 Filius.
3176 3899 3354 3968 Atque
3384 3895 3458 3950 ita

1881 4025 2004 4067 cum
2034 4008 2108 4063 sit
2147 4008 2261 4076 ipse
2294 4002 2479 4075 gloriae
2503 3999 2784 4059 Dominus,
2814 3994 3041 4066 gloriam
3082 3990 3281 4045 dicitur
3310 3985 3462 4057 acci-

1885 4115 2051 4171 pere;
2086 4113 2208 4153 cum
2242 4095 2312 4150 sit
2353 4095 2467 4164 ipse
2502 4092 2632 4154 vita,
2664 4084 2923 4142 viviﬁcari
2959 4081 3293 4154 perhibetur,
3327 4087 3384 4132 et
3411 4077 3464 4131 in

1884 4205 2076 4248 omnes
2098 4188 2300 4257 accipit
2323 4192 2667 4256 potestatem,
2691 4194 2813 4235 cum
2843 4178 2913 4231 sit
2936 4177 3051 4245 ipse
3071 4188 3163 4228 rex
3190 4169 3466 4235 omnium;

602 4262 773 4301 tusam
804 4262 899 4296 νει
944 4262 1161 4294 vernum
1199 4262 1395 4289 usuum
1434 4262 1501 4286 οη
1532 4262 1705 4285 ηυιηυ.

602 4358 615 4370 ,
699 4366 710 4370 _
790 4369 798 4370 ί
1097 4346 1229 4370 “un
1243 4360 1419 4370 --ι-Μ
1447 4341 1756 4370 Aul-mn“
1887 4299 2122 4353 cumque
2148 4281 2261 4335 Deo
2282 4280 2353 4334 sit
2376 4274 2605 4346 aequalis
2634 4271 2806 4337 Patri,
2834 4267 3094 4325 obedieus
3116 4262 3219 4318 fuit
3248 4276 3466 4331 crucem

252 4364 439 4420 IIomo
473 4358 808 4415 nominatum
844 4361 950 4418 est,
1097 4346 1419 4417 Ἀνθρωπος
1446 4342 1735 4412 ὼνόμαστα

1892 4388 2103 4446 passus,
2141 4382 2196 4426 et
2233 4380 2450 4424 caetera.
2480 4364 2680 4421 Verum
2714 4375 2836 4416 cum
2883 4360 2997 4413 hac
3029 4354 3243 4426 quidem
3274 4351 3470 4406 huma-

174 4464 424 4579 f,“"'.s“
458 4459 648 4507 natura
678 4445 955 4546 nemina
1027 4434 1205 4490 mm"
1249 4431 1393 4487 κατὰ
1414 4448 1576 4502 φυσιν
1612 4444 1785 4533 EMP-
1895 4465 2081 4523 nitatis
2118 4476 2389 4518 mensura:
2441 4456 2809 4516 conveniant,
2844 4465 2908 4507 ea
2958 4458 3138 4504 tamen
3179 4441 3469 4498 familiaria

231 4556 377 4579 ,ιπηα
400 4541 635 4579 νρνιιιιηι
662 4555 676 4579 ρ
699 4550 954 4579 mmmam
1029 4545 1137 4579 νων
1162 4526 1319 4579 Θεὸς.
1345 4527 1374 4579 ὁ
1411 4527 1477 4579 ὲκ
1512 4524 1647 4577 Θεου
1676 4524 1789 4575 Πα-
1821 4532 1866 4579 D
1902 4558 2039 4579 _.-__,.
2098 4570 2213 4579 --η
2437 4562 2605 4579 mm...
2668 4554 2716 4579 οι
2757 4542 2935 4579 imm...
2987 4535 3468 4579 memnmﬁmmnh

400 4541 954 4655 Yeﬂfu‘mhitluonjﬁn
1411 4527 1494 4655 at:
1512 4524 1789 4655 (ffiff
1821 4532 1866 4588 Β
1895 4558 2047 4614 ducit
2093 4570 2215 4612 esse
2260 4567 2381 4608 cum
2436 4562 2628 4614 carne,
2667 4542 2943 4613 et,implet
2987 4535 3469 4610 dispensationem,

176 4640 453 4700 similiter
522 4650 587 4690 ac
645 4648 744 4688 nos
832 4644 959 4685 san-
1030 4618 1158 4689 ’πρὸς
1189 4616 1381 4686 Λόγος,
1418 4616 1494 4679 ὼς
1534 4630 1791 4686 peream.

176 4731 354 4807 guini
426 4720 844 4783 communicavit
904 4726 959 4774 et
1036 4710 1148 4772 κὼς
1178 4708 1430 4779 αἵματος,
1464 4707 1558 4760 καὶ
1588 4704 1789 4771 σαρκὸς

175 4796 359 4884 carni
421 4819 487 4873 ³⁵.
545 4816 638 4872 Sic
674 4815 818 4871 enim
855 4820 959 4866 ter-
1040 4796 1791 4872 παραπλησίωςὴμῖν.Ὤφθη

177 4916 354 4978 renis
376 4911 643 4983 apparuit,
669 4923 773 4963 non
805 4904 963 4959 amit-
1035 4897 1146 4967 γὰρ
1199 4893 1341 4948 οὓτω
1382 4895 1494 4957 τοῖς
1538 4893 1633 4945 ἐπὶ
1665 4891 1791 4960 γῆς,

178 4977 325 5068 tcns
386 4977 624 5075 illiquod
671 5008 824 5064 erat,
870 4996 965 5053 sed
1038 4991 1132 5045 καὶ
1186 4989 1247 5041 οὐ
1294 4986 1479 5059 μεθεὶς
1520 4984 1657 5053 ὅπερ
1703 4977 1794 5052 ἦν,

176 5112 496 5162 assumens
611 5087 968 5147 humanitatis
1039 5083 1153 5137 ἀλλ’
1188 5082 1245 5134 ὲν
1291 5077 1592 5153 προσλήψει
1635 5091 1795 5145 γεγο-

179 5203 464 5252 naturam
526 5186 579 5242 in
612 5200 707 5240 sua
762 5181 970 5237 ratione
1039 5174 1147 5237 νὼς
1189 5173 1290 5243 τῆς
1341 5170 1463 5225 καθ’
1501 5170 1649 5241 ἡμᾶς
1704 5169 1800 5221 ἀν.

326 5298 395 5338 ec
403 5291 508 5336 tam
518 5324 533 5338 .
1045 5270 1073 5322 Θ
1085 5262 1638 5340 ρωπότητος,τελείως
1652 5262 1737 5332 ὲχε

1903 5261 2166 5318 Dominus
2206 5257 2367 5314 Jesus
2401 5254 2677 5317 Christus,
2723 5264 2820 5320 per
2852 5261 3011 5317 quem
3047 5244 3254 5307 omnia,
3287 5250 3342 5294 ct
3383 5252 3480 5293 nos

1900 5369 1993 5373 _-_
2021 5368 2100 5373 μ--
2121 5369 2133 5373 -
2160 5352 2207 5373 η
2261 5369 2275 5373 -
2319 5349 2373 5373 Α.
2399 5362 2528 5373 ...ι-,ι
2555 5340 2984 5373 ηηηῖοηοῖοοῖιιιιια
3016 5335 3249 5373 ἶηιιηιιρο.
3271 5335 3336 5373 ἀρ
3370 5331 3480 5373 "an

642 5454 645 5455 ν
1047 5331 1148 5435 an:
1173 5331 1315 5416 κατᾶ
1341 5360 1435 5413 τὸν
1464 5358 1594 5413 ἴδιον
1620 5357 1737 5425 λόγε

1899 5369 1995 5425 per
2014 5368 2137 5408 eum
2160 5352 2227 5406 “.
2261 5369 2279 5403 ι
2309 5349 2380 5405 At
2399 5362 2531 5404 vero
2553 5340 2987 5413 sapientissimus
3010 5335 3249 5391 Joannes
3271 5335 3337 5387 de
3370 5331 3481 5384 Deo

1901 5447 1943 5455 "
2010 5448 2022 5455 ‘
2119 5445 2151 5455 "
2196 5444 2230 5455 ’λ
2422 5441 2433 5455 ·
2538 5454 2543 5455 ν
2624 5436 2697 5455 γενλ
2732 5449 2828 5455 —--
2857 5432 3027 5455 3-u-u-u
3067 5428 3202 5455 θαι-ιιι
3243 5433 3361 5455 mnu
3423 5431 3474 5455 nl

272 5454 684 5522 Verumtamen
731 5469 786 5514 et
832 5460 882 5513 in
932 5457 1269 5512 humanitate
1308 5453 1448 5508 Deus
1481 5450 1705 5515 mansit,
1744 5457 1803 5505 et
1901 5447 2079 5504 Verbo
2101 5444 2260 5510 dixit,
2293 5441 2435 5514 quod
2473 5459 2492 5492 ι
2525 5436 2704 5492 ouinia
2732 5449 2828 5506 per
2857 5432 3029 5504 ipsum
3064 5428 3204 5485 facta
3243 5433 3390 5490 sunt,
3422 5431 3480 5478 et

172 4041 341 4087 meas
371 4023 435 4079 ".
476 4039 497 4074 ι

833 4127 992 4185 CAP.
1033 4123 1123 4180 IV.

248 4252 434 4319 Quam
470 4246 531 4303 ob
557 4259 773 4301 causam
804 4241 900 4296 Dei
940 4237 1161 4294 Verbum
1199 4235 1395 4289 dictum
1434 4232 1501 4286 sit
1532 4231 1705 4285 homo.

1898 4663 2125 4706 manens
2151 4645 2292 4718 quod
2322 4649 2461 4698 erat.

2543 4751 2695 4811 CAP.
2739 4748 2831 4804 VI.

2257 4866 2532 4936 Quomodo
2566 4880 2703 4919 unus
2739 4872 2815 4918 est
2852 4859 3116 4915 Christus.

1972 4985 2199 5040 Divinus
2234 4981 2437 5037 Paulus
2475 4977 2711 5036 scribit:
2751 4992 2770 5026 ι
2813 4972 2927 5028 Etsi
2966 4978 3093 5026 sunt
3126 4968 3202 5023 dii
3236 4952 3386 5021 multi
3421 4972 3477 5019 et

1902 5077 2106 5135 domini
2144 5074 2296 5130 multi
2342 5073 2397 5127 in
2428 5070 2589 5137 caalo,
2618 5078 2674 5123 et
2704 5067 2759 5122 in
2790 5076 2970 5131 terra;
3016 5061 3109 5118 sed
3153 5059 3309 5116 nobis
3338 5034 3501 5112 unus,

1902 5173 2043 5227 Deus
2073 5169 2254 5233 Pater,
2299 5181 2367 5222 ex
2397 5179 2504 5234 quo
2543 5161 2746 5223 omnia,
2783 5166 2838 5212 et
2885 5171 2982 5211 nos
3009 5169 3075 5209 ex
3122 5167 3222 5216 eo;
3249 5160 3304 5205 et
3339 5162 3479 5205 unus

2545 5618 2586 5648 ιτ
2628 5614 2758 5671 Ibid.
2792 5610 2876 5665 ui.
2986 5606 3029 5639 οε
3064 5603 3220 5659 Joan.
3248 5616 3362 5665 xxi,
3392 5597 3476 5671 iz.

872 5635 913 5667 “
949 5634 1135 5688 Matth.
1166 5648 1201 5688 I.
1228 5632 1321 5685 ‘ZI.
1427 5631 1467 5662 ⁸³
1504 5627 1646 5684 Psal.
1674 5643 1737 5680 xc

872 5707 975 5742 l‘m-
1028 5719 1090 5742 ιν
1146 5702 1211 5742 AP;
1310 5703 1348 5732 ἰ
1383 5700 1518 5742 Ιιιειιι
1570 5714 1625 5742 ιιι
1675 5698 1733 5742 3|

1852 5624 1895 5679 5.
2017 5625 2058 5663 ⁸⁵
2092 5622 2245 5678 Joau.
2273 5636 2327 5678 χ.
2351 5620 2440 5673 ‘27.
2545 5620 2586 5648 ’⁷
2628 5620 2758 5671 Ibid.
2792 5620 2876 5665 Ili.
2986 5620 3029 5639 ’τ’
3064 5620 3220 5659 Joan.
3248 5620 3362 5665 xxI,
3392 5620 3409 5650 ι
3432 5620 3447 5650 ι

1859 5700 1901 5727 ’³
1935 5693 2090 5742 anm-
2125 5709 2239 5742 tm.
2265 5694 2354 5742 “25.
2464 5690 2507 5721 ²³
2539 5687 2693 5742 Joau.
2724 5699 2829 5742 XIV.
2866 5682 2945 5734 16.
3024 5678 3065 5708 ’³
3096 5674 3249 5735 δυὲιιιο
3281 5687 3363 5735 ΙΙΙ,
3392 5667 3460 5727 ίδ

266 5646 319 5679 1³
366 5646 457 5679 νει

364 5640 512 5695 Psal.
540 5654 683 5705 χιιι,
709 5638 763 5691 5.
872 5638 913 5667 “
949 5638 1135 5688 Matth.
1166 5648 1201 5688 I.
1228 5638 1321 5685 ‘21.
1427 5638 1467 5662 ιθ
1505 5638 1646 5684 I’sal.
1674 5642 1815 5692 xciv,
1844 5638 1895 5679 5.
2017 5638 2058 5663 υ·
2092 5638 2245 5678 soau.
2273 5638 2354 5678 x.'

364 5712 468 5764 :br.
497 5726 556 5764 ιι.
586 5711 669 5763 Li.
749 5708 791 5738 '°
826 5704 842 5757 I
872 5707 993 5760 Cur.
1028 5719 1113 5764 xv,
1146 5702 1230 5754 45.
1310 5703 1348 5732 ²¹
1383 5700 1539 5755 Juau.
1570 5714 1646 5764 ut,
1675 5698 1763 5753 5l.
1859 5700 1901 5727 "
1935 5693 2091 5759 Joan.
2125 5709 2239 5759 un,
2265 5694 2354 5745 “25.

180 5722 231 5752 η
281 5712 468 5769 Ilebr.
497 5726 556 5773 tt,
586 5702 677 5763 Li.
749 5708 791 5738 ¹⁰
826 5704 842 5757 |
872 5707 993 5760 Cur.
1028 5719 1113 5764 xv,
1146 5702 1230 5773 45.

176 5793 225 5824 ³⁵
274 5788 399 5841 Isa.
436 5797 577 5845 κων,
607 5780 658 5832 5.
735 5778 778 5808 "‘
810 5778 823 5829 l
858 5778 979 5831 Cor.
1014 5772 1192 5840 \m,.‘),
1226 5774 1278 5826 ϐ.
