3856 6212
421 279 562 332 1375

417 492 527 544 tem
568 483 760 543 beatus
794 483 1017 541 Gabriel
1057 493 1261 549 sant-tie
1296 485 1501 559 Virgini
1545 482 1731 544 dicens
1763 507 1777 544 :
1815 490 2001 548 LECCO

416 578 705 646 concipies,
729 577 781 629 in
813 586 989 642 utero,
1024 588 1077 633 et
1109 578 1297 646 paries
1319 579 1538 647 Filium,
1570 590 1625 635 et
1656 582 1879 639 vocabis
1906 599 2002 638 no.

417 682 541 725 tuen
579 670 696 737 ejus
738 666 919 725 Iesum
945 668 1011 722 ".
1042 688 1060 721 ι
1090 668 1225 724 Cum
1274 670 1434 740 igitur
1470 687 1565 741 per
1596 671 1871 729 Christum
1911 673 2001 737 1e:

418 778 535 813 sum
565 762 757 825 qnmia
778 762 997 816 divinus
1025 761 1226 818 Paulus
1255 762 1396 818 facta
1413 779 1536 823 esse
1568 774 1995 834 commemoret;

419 852 705 907 confirmet
734 864 913 907 autem
942 854 1047 907 vim
1075 856 1383 918 sententiae,
1410 864 1465 910 et
1485 855 1733 926 Opiﬁcem
1755 858 2000 912 omnium

416 945 593 1005 fuisse
629 946 795 1003 Deum
824 946 1186 1015 evangelizet,
1223 962 1339 1001 rem
1373 962 1557 1007 veram
1605 950 1795 1004 dicens
1825 965 1997 1004 evan-

415 1036 607 1107 gelista
655 1038 908 1105 divinus;
943 1040 1188 1109 designet.
1219 1051 1399 1095 autem
1447 1042 1609 1096 etiam
1660 1042 1837 1110 angeli
1871 1057 1999 1111 vox,

416 1142 633 1189 veroex
660 1140 847 1191 sancta
879 1128 1099 1195 Virgine
1123 1144 1306 1184 natum
1339 1146 1459 1185 esse
1490 1131 1672 1187 Jesum
1698 1133 1998 1198 Christum,

415 1232 520 1273 nec
556 1219 763 1287 absque
792 1220 1132 1274 humanitate
1162 1221 1513 1291 intelligimus
1536 1222 1701 1277 Deum
1727 1222 1999 1290 Verbum;

414 1309 510 1373 sed
547 1326 715 1371 unum
746 1312 985 1366 dicimus.
1005 1329 1073 1373 ex
1112 1314 1385 1375 ambobus,
1420 1314 1703 1381 enectum,
1747 1326 1801 1371 et
1832 1316 1997 1377 Deum

416 1404 691 1459 hominem
737 1404 961 1469 (actum,
1008 1407 1258 1465 emndem
1296 1422 1360 1467 ex
1410 1404 1599 1475 Patre,
1638 1418 1697 1463 ιιι
1738 1407 2001 1475 Verbum,

415 1504 611 1553 natum
639 1496 853 1561 divine,
876 1506 935 1553 et
952 1512 1017 1551 ex
1049 1497 1277 1553 muliere
1306 1497 1566 1564 humane,
1594 1508 1650 1553 ut
1674 1499 1951 1559 hominem
1980 1521 1996 1559 :

416 1599 521 1643 oon
569 1596 823 1654 tanquam
872 1596 929 1640 ιιι
965 1590 1261 1643 secundum
1291 1590 1615 1645 substantia:
1654 1591 1864 1645 initium
1902 1606 1996 1647 vo-

416 1688 600 1743 catum
635 1688 769 1731 tune
797 1693 920 1732 cum
969 1686 1263 1737 secundum
1301 1696 1521 1737 carnem
1563 1682 1761 1738 dicitur
1798 1693 1997 1757 natus;

417 1768 513 1831 sed
546 1778 730 1825 uatum
765 1770 981 1840 quidem
1020 1780 1147 1829 ante.
1168 1773 1350 1826 omnia
1384 1775 1604 1839 saecula,
1647 1775 1883 1831 instante
1914 1784 1999 1830 ιιι-
2032 1758 2074 1813 Β

415 1875 549 1914 ιηεη-
586 1868 855 1929 tempore,
898 1876 1006 1933 quo
1049 1862 1313 1917 debuerat
1362 1865 1589 1936 implere
1637 1866 2000 1935 dispensatio-

415 1965 572 2019 nem,
598 1960 783 2007 natum
833 1954 998 2008 etiatn
1037 1970 1102 2013 ex
1146 1955 1375 2011 muliere
1411 1957 1708 2015 secundum
1754 1975 1997 2019 carnem.

418 2039 615 2119 Uirgo,
632 2042 737 2101 etsi
774 2043 863 2097 alii
896 2043 1059 2099 simili
1094 2046 1459 2115 appellatione
1503 2050 1678 2102 vocati
1709 2060 1834 2107 sunt
1862 2052 2004 2113 chri-

414 2134 508 2197 sti,
539 2150 678 2188 unus
711 2143 893 2187 tamen
942 2144 1027 2190 est
1067 2151 1165 2207 per
1194 2152 1355 2208 quem
1405 2140 1610 2201 otmtia,
1639 2139 1802 2205 Iesus
1834 2142 1998 2203 Chri-

414 2233 571 2289 stus;
621 2240 726 2279 non
762 2228 904 2295 quod
948 2229 1113 2283 homo
1145 2230 1219 2282 sit
1267 2228 1444 2289 factus
1487 2232 1669 2300 opifex
1709 2234 1999 2309 omniuth

412 2316 506 2370 sed
554 2318 699 2387 quod
735 2317 877 2374 Deus
923 2318 1195 2376 Verbum:
1235 2341 1254 2374 ι
1286 2324 1387 2376 Per
1422 2339 1581 2394 quem
1629 2327 1811 2380 omnia
1857 2326 1999 2383 facta

413 2418 561 2468 sunt,
616 2409 867 2462 similiter
915 2424 980 2463 ac
1033 2426 1133 2475 nos
1182 2412 1527 2484 participarit
1576 2418 1726 2471 carni
1772 2427 1826 2472 et
1876 2433 2002 2472 san-

413 2499 560 2569 guini
584 2501 652 2565 ",
686 2519 705 2551 ι
737 2512 793 2555 ει
821 2515 1163 2571 nuncupatus
1188 2507 1262 2560 sit
1296 2508 1480 2571 homo,
1524 2524 1629 2562 non
1665 2519 1843 2566 tamen
1876 2526 2001 2581 per-

412 2589 614 2643 diderit
641 2605 785 2655 esse,
820 2593 961 2659 quod
989 2602 1108 2646 erat
1140 2610 1155 2648 :
1191 2597 1266 2650 ita
1291 2599 1437 2652 enim
1472 2608 1526 2653 et
1555 2599 1608 2654 in
1637 2613 1803 2656 carne
1827 2601 2003 2659 factus

419 2681 749 2755 intelligitur
798 2688 995 2745 merito
1027 2689 1210 2761 opifex
1238 2692 1502 2749 omnium.

937 3023 1100 3099 732
1132 3022 1285 3079 esp.
1328 3024 1467 3080 vut.

698 3136 876 3204 Quom
908 3154 1020 3195 esse
1059 3140 1284 3195 dicimus
1314 3138 1713 3195 adunationem.

492 3270 570 3344 (η
606 3271 876 3325 Adunatio
901 3271 1083 3326 multis
1103 3273 1277 3328 modis
1298 3272 1551 3342 impletur
1574 3294 1584 3327 :
1604 3273 1833 3342 sejuncti
1855 3274 1999 3328 enim

417 3363 661 3419 nonnulli
696 3363 892 3418 allecto
933 3365 1018 3420 vel
1047 3364 1344 3427 Voluntate,
1372 3376 1426 3420 et
1461 3368 1833 3420 discordantes
1860 3368 2002 3421 inter

418 3471 498 3517 se.
539 3456 768 3510 atlunari
814 3456 1092 3523 dicuntur,
1133 3473 1233 3527 per
1286 3458 1782 3513 reconciliationem
1826 3460 2001 3513 socia-

419 3542 563 3610 lem,
589 3549 833 3617 deposita
868 3550 1166 3603 simultate.
1220 3549 1461 3604 Adunari
1502 3551 1628 3606 item
1677 3551 1907 3606 dicimus
1938 3567 1999 3607 ea

417 3652 540 3708 quae
572 3638 674 3692 sibi
712 3637 1181 3708 conglutiuantur,
1208 3639 1325 3693 sive
1354 3638 1530 3695 modis
1560 3640 1683 3693 aliis
1710 3641 2001 3696 conferun-

420 3742 531 3794 tur,
559 3741 653 3782 aut
685 3745 779 3799 per
803 3731 1281 3799 compositionem,
1307 3741 1398 3785 aut
1425 3746 1520 3801 per
1548 3732 1878 3799 mistionem,
1908 3744 2003 3788 aut

418 3838 516 3891 per
550 3823 1015 3890 temperationem.
1045 3821 1275 3890 Quoties
1315 3835 1496 3878 autem
1540 3824 1838 3879 adunatum
1878 3839 2002 3881 esse

419 3925 618 3968 nostra:
650 3925 852 3969 natum
888 3913 979 3970 Dei
1014 3915 1251 3970 Verbum
1285 3915 1534 3981 dicimus,
1565 3918 1715 3971 onmi
1758 3917 1998 3972 humana

419 4006 745 4076 cogitatione
768 4008 1114 4063 ailunationis
1140 4006 1258 4077 ejus
1292 4008 1483 4062 tnodus
1510 4008 1729 4062 videtur
1750 4023 1875 4063 esse
1906 4026 2001 4063 su-

416 4100 620 4168 perior.
656 4097 843 4170 Neque
874 4101 1019 4154 enim
1055 4116 1151 4170 per
1177 4115 1338 4169 supra
1369 4100 1609 4170 scriptos
1646 4101 1836 4156 modos
1860 4100 1998 4156 iacta

417 4195 500 4238 est
544 4200 743 4240 arcana
795 4187 904 4255 illa,
945 4197 1000 4241 et
1043 4187 1176 4242 nulli
1212 4187 1430 4258 penitus
1474 4198 1625 4255 nota,
1676 4190 1778 4243 nisi
1827 4194 1874 4245 ei
1913 4191 2000 4245 cui

416 4277 600 4330 omnia
629 4286 753 4330 uota
782 4288 930 4344 sunt,
963 4278 1113 4332 unio.

1450 278 1509 334 S.
1550 276 1823 335 CYRILLI
1863 277 2337 337 ALEXANDBINI
2376 278 2692 337 ARCHIEP.

419 394 623 457 absque
662 406 739 454 eo.
771 392 978 447 factum
1008 400 1094 447 est
1124 393 1259 449 nihil
1289 394 1356 448 ".
1388 413 1407 446 ι
1444 393 1867 471 Evangelizabat
1906 414 2003 453 au-
2030 403 2079 462 Α

3558 274 3687 331 1376

2740 393 2901 452 CAP.
2935 392 3048 459 VII.

2425 488 2701 557 Quomodo
2745 496 2991 555 unus”;
3032 482 3363 559 Emmanuel.

2164 581 2491 645 Novissimis,
2530 581 2744 645 saeculis
2803 577 2943 642 Deus
2994 576 3226 633 Verbum
3279 578 3449 647 homo,
3490 578 3685 635 dicitur

2103 672 2304 737 factus,
2355 680 2428 739 et,
2479 673 2619 727 sicut
2663 672 2740 726 ait
2776 670 2992 724 divinus
3032 668 3253 733 Paulus,
3293 688 3325 734 ι,
3344 683 3444 740 per
3478 669 3686 737 sacriﬁ-

2102 768 2244 821 cium
2295 780 2449 819 suum
2487 761 2868 817 manifestatus
2913 774 2994 815 est
3015 759 3085 813 ”.
3118 778 3137 811 ο
3178 760 3244 814 Et
3286 763 3563 829 quodnam
3608 769 3686 813 est

2102 854 2481 910 sacrificium?
2515 874 2533 907 ι
2568 853 2739 908 Suum
2771 852 2914 905 enim
2940 865 3140 918 corpus
3164 850 3362 903 obtulit
3401 866 3501 918 pro
3532 849 3685 904 nobis

2102 943 2157 998 in
2192 946 2412 1000 odorem
2459 943 2749 997 suavitatis
2793 940 2903 995 Deo
2952 949 3006 997 et
3046 938 3219 1003 Patri,
3266 949 3320 993 et
3354 939 3585 997 intravit
3634 940 3685 994 in

2101 1046 2290 1092 sancta
2341 1034 2531 1100 semel,
2581 1049 2686 1088 non
2738 1048 2836 1102 per
2883 1033 3201 1101 sanguinem
3252 1032 3555 1098 hircorum,
3598 1039 3688 1085 aut

2102 1137 2402 1193 taurorum,
2434 1128 2529 1182 sed
2566 1141 2660 1196 per
2691 1140 2849 1181 suum
2893 1125 3237 1195 sanguinem.
3268 1124 3360 1180 Sic
3386 1122 3535 1177 enim
3566 1137 3687 1178 cre-

2102 1219 2353 1276 dentibus
2389 1220 2441 1273 in
2486 1234 2557 1275 se
2591 1219 2964 1274 remissionem
3008 1222 3061 1271 in
3105 1228 3370 1272 :elernnnt
3410 1230 3689 1285 compara-

2103 1310 2272 1365 vit”.
2308 1328 2330 1363 ι
2382 1310 2527 1381 Ergo
2570 1307 2788 1378 plurimi
2828 1310 3045 1379 quidem
3102 1319 3235 1364 ante
3283 1309 3460 1379 ipsum
3506 1312 3688 1365 sancti

2101 1404 2290 1471 fuere;
2339 1405 2434 1459 sed
2472 1416 2635 1461 nemo
2661 1415 2847 1455 eorum
2880 1400 3198 1461 Emmanuel
3242 1399 3556 1457 nominatus
3584 1409 3687 1457 est.

2101 1496 2273 1565 Quam
2320 1496 2390 1550 ob
2436 1495 2707 1553 causam?
2740 1491 2992 1548 Nondum
3034 1493 3178 1549 enim
3209 1501 3435 1548 venerat
3480 1503 3693 1563 tempus

2100 1604 2207 1659 quo
2236 1587 2456 1643 deberet
2486 1600 2619 1647 esse,
2652 1586 2956 1651 nobiscum,
3006 1586 3057 1640 id
3085 1596 3191 1651 est,
3222 1585 3276 1639 in
3320 1595 3569 1640 nostram
3602 1601 3697 1640 ve-

2100 1681 2220 1735 nire
2248 1692 2499 1735 naturam
2529 1693 2626 1748 per
2660 1693 2908 1742 carnem,
2939 1678 2987 1734 is
3023 1678 3114 1747 qui
3143 1688 3228 1732 est
3257 1678 3402 1731 omni
3424 1678 3695 1747 superior

2105 1781 2376 1825 creatura.
2430 1768 2578 1825 Unus
2611 1769 2783 1838 igitur.
2817 1768 3160 1835 Emmanuel,
3207 1769 3373 1825 semel
3415 1770 3568 1825 enim
3618 1768 3698 1823 Ειο

2103 1871 2224 1916 ctus
2256 1873 2339 1918 est
2384 1862 2545 1916 homo
2594 1858 2941 1932 Uuigenitus,
2985 1870 3113 1915 tunc
3142 1876 3268 1917 cum
3300 1876 3397 1930 per
3441 1872 3697 1918 sanctam

2104 1952 2384 2023 Virginem
2446 1953 2853 2024 generationem
2908 1954 3184 2009 carnalem
3248 1969 3546 2024 perpessus
3591 1968 3697 2011 est.

2104 2045 2321 2102 Dictum
2348 2056 2431 2101 est
2461 2045 2607 2101 enim
2644 2055 2699 2100 et
2746 2045 2813 2099 ad
2844 2042 3029 2100 Jesum
3062 2044 3229 2100 lilium
3257 2046 3407 2102 Nave
3434 2064 3449 2103 :
3483 2066 3503 2099 ι
3540 2046 3699 2114 Quod

2103 2152 2201 2193 ero
2249 2148 2427 2193 tecum
2451 2138 2515 2191 ".
2552 2155 2573 2189 ι
2606 2138 2679 2191 At
2718 2152 2823 2192 non
2869 2148 2990 2191 erat
3039 2138 3129 2192 ille
3178 2137 3522 2194 Emmanuel.
3574 2137 3705 2193 Fuit

2104 2232 2271 2286 etiam
2304 2246 2427 2284 cum
2460 2229 2681 2303 Moyse;
2715 2230 2809 2292 sed
2841 2246 2942 2285 nec
2980 2230 3067 2286 ille
3098 2230 3417 2285 Emmanuel
3447 2230 3702 2285 nomina-

2105 2333 2192 2379 tus
2222 2333 2327 2379 est.
2366 2322 2536 2393 Igitur
2568 2324 2784 2391 quoties
2815 2323 3067 2378 audimus
3098 2336 3295 2376 nomen
3338 2320 3479 2376 Filio
3505 2322 3699 2377 datum

2104 2431 2247 2483 esse,
2307 2417 2645 2472 suobiscum
2696 2416 2860 2478 Deus,
2892 2433 2913 2467 ι
2968 2415 3249 2482 sapienter
3297 2414 3698 2483 intelligamus.

2105 2524 2211 2563 non
2254 2508 2327 2563 ita
2370 2508 2542 2577 ipsum
2572 2507 2743 2562 luisse
2772 2507 3056 2562 nobiscum
3092 2506 3410 2561 novissimis
3438 2506 3704 2579 tempori-

2100 2600 2231 2667 bus,
2264 2602 2408 2655 sicut
2436 2601 2635 2653 dicitttr
2662 2599 2956 2668 aliquando
2981 2598 3148 2653 fuisse
3169 2614 3291 2653 cum
3322 2586 3568 2653 sanctis}
3597 2600 3705 2655 illis

2105 2693 2250 2746 enim
2301 2701 2421 2745 erat
2466 2700 2675 2745 tantum
2719 2690 2971 2760 adiutor;
3015 2690 3296 2745 nobiscum
3347 2701 3535 2743 autem
3579 2687 3699 2751 fuit.

2107 2782 2162 2838 id
2187 2793 2292 2848 est,
2322 2784 2497 2838 iactus
2518 2792 2602 2839 est
2632 2781 2829 2837 similis
2862 2783 3058 2846 nostri,
3092 2797 3214 2836 cum
3239 2797 3391 2836 suam
3429 2797 3539 2835 non
3567 2780 3705 2837 atul-

2106 2876 2268 2932 sisset
2306 2886 2553 2930 naturam
2582 2888 2599 2928 :
2626 2885 2710 2930 est
2744 2877 2889 2929 enim
2936 2874 3392 2942 iucouvertibilk,
3438 2884 3501 2929 ut
3534 2873 3707 2931 Deus.

2709 3011 2962 3073 ΚΕΦΑΔ.
3004 3010 3088 3068 Η⁹.

2266 3125 2426 3189 Τίνα..
2460 3127 2636 3199 φησι,
2658 3126 2916 3197 λέγομεν
2943 3122 3097 3183 εἶναι
3129 3124 3246 3193 τὴν
3276 3126 3529 3190 ,ξι-ωας.

2173 3262 2248 3315 Τὸ
2284 3262 2384 3332 τῆς
2430 3262 2675 3326 ὲνὼσεως
2706 3263 2896 3334 χρῆμα
2931 3262 3073 3317 κατὰ
3104 3262 3332 3325 πολλοὺς
3362 3262 3714 3316 ἐπιτελεῖται

2103 3352 2366 3421 τρόπουςο
2413 3352 2732 3424 διῃρημένοι
2777 3354 2887 3425 γᾶρ
2928 3371 3074 3418 τινες
3115 3353 3257 3406 κατὰ
3300 3352 3546 3409 διάθεσιν
3617 3360 3713 3421 καὶ

2104 3443 2351 3515 γνώμην,
2388 3446 2482 3498 καὶ
2515 3444 2879 3515 διχονοοῦντες
2933 3445 3069 3517 πρὸς
3103 3446 3402 3514 ἀλλήλους.
3446 3445 3713 3501 ἑνοῦσθαι

2104 3535 2352 3606 λέγονται
2381 3536 2523 3591 κατὰ
2553 3537 2828 3607 σύμϐασιν
2849 3537 3090 3611 φιλικὴν,
3124 3539 3188 3590 ὲκ
3217 3537 3388 3608 μέσου
3414 3536 3714 3607 ποιοῦντες

2102 3631 2204 3695 τὰς
2241 3628 2538 3700 διαφοράς·
2586 3628 2839 3682 ὲνοῦσθαι
2888 3628 2947 3682 δέ
2991 3645 3171 3700 φαμεν
3203 3631 3297 3682 καὶ
3342 3628 3413 3682 τὰ
3444 3628 3714 3700 ἀλλήλοις

2105 3722 2443 3793 κολλώμενα,
2476 3722 2646 3792 ἤγουν
2712 3720 3089 3791 συνηνεγμένα
3142 3719 3262 3775 καθ’
3316 3720 3549 3791 ἑτέρους
3586 3720 3715 3791 τρό-

2105 3830 2263 3877 πους,
2308 3813 2341 3884 ἢ
2390 3811 2532 3865 κατὰ
2568 3809 2893 3881 παράθεσιν,
2926 3809 2960 3878 ἦ
3002 3807 3233 3879 μίξιν,ἢ
3280 3809 3485 3880 κρᾶσιν
3512 3825 3529 3840 ·
3580 3807 3715 3862 ὅταν

2104 3900 2200 3957 οὖν
2230 3902 2485 3956 ὲνοῦσθαι
2523 3900 2757 3970 λέγομεν
2789 3903 2856 3970 τῇ
2901 3899 3023 3953 καθ’
3069 3901 3218 3971 ἡμᾶς
3267 3900 3432 3968 φύσει
3473 3897 3580 3954 τὸν
3613 3896 3710 3952 τοῦ

2105 3993 2242 4048 Θεοῦ
2268 3994 2463 4062 Λόγον,
2493 3992 2759 4064 κρείττων
2785 3991 2983 4061 ὁρᾶται
3011 3990 3113 4061 τῆς
3132 3990 3424 4062 ἀνθρώπου
3458 3989 3710 4055 διανοίας

2103 4087 2131 4137 ὁ
2153 4088 2253 4157 τῆς
2276 4084 2523 4148 ὲνὼσεως
2546 4082 2741 4154 τρόπος
2767 4098 2782 4113 ·
2810 4082 2873 4135 οὐ
2901 4082 3011 4154 γάρ
3034 4099 3117 4136 τοι
3138 4083 3260 4137 καθ’
3287 4082 3385 4136 ἕνα
3412 4082 3531 4135 τῶν
3562 4086 3712 4155 εἰρη-

2108 4179 2284 4249 μένων
2342 4178 2522 4232 ἐστίν·
2573 4176 2891 4247 ἀπόρρητος
2921 4174 2980 4240 δὲ
3024 4177 3326 4243 παντελῶς,
3373 4178 3473 4231 καὶ
3520 4177 3711 4231 οὐδενὶ

2102 4271 2245 4344 τάχα
2274 4270 2385 4326 τῶν
2443 4270 2613 4333 ὄντων
2653 4268 3088 4338 διεγνωσμὲνος,
3120 4269 3259 4343 πλὴν
3298 4270 3381 4324 ὅτι
3415 4269 3575 4343 μόνῳ
3630 4268 3712 4339 τῷ

2105 4364 2283 4419 πάντα
2322 4362 2486 4423 εἰδότι
2513 4362 2649 4433 Θεῷ.

523 4452 591 4507 Et
638 4452 772 4508 nihil
836 4455 1065 4521 mirum,
1104 4455 1148 4509 si
1193 4455 1247 4509 in
1311 4455 1619 4523 ltujusmodi
1673 4454 1998 4525 cogitatione

2178 4454 2289 4508 Καὶ
2325 4452 2635 4525 θαυμαστὸν
2686 4455 2868 4519 οὐδὲν,
2906 4456 2956 4511 εἱ
2993 4452 3106 4510 τῶν
3163 4450 3421 4517 τοιούτων
3476 4452 3711 4511 ἐννοιῶν

417 4548 725 4609 vincamur,
771 4562 891 4599 cum
929 4563 1015 4600 res
1050 4558 1290 4613 nostras,
1337 4550 1609 4620 quomodo
1654 4563 1712 4604 se
1742 4549 1994 4615 habeant,

416 4637 781 4705 lllqtlll‘t'llles,
826 4637 965 4692 ultra
1003 4642 1220 4692 modum
1253 4650 1453 4693 nostrae
1500 4640 1696 4693 mentis
1732 4641 1994 4694 inventio-

418 4744 540 4782 nem
584 4744 703 4784 esse
745 4732 1141 4796 conliteamur;
1175 4745 1527 4801 quonamque
1573 4731 1731 4785 modo
1759 4733 1997 4786 animam

416 4819 656 4876 hominis
699 4836 797 4878 suo
830 4822 1046 4890 corpori
1083 4825 1373 4879 adunatam
1403 4837 1524 4878 esse
1556 4824 1842 4893 putemus?
1866 4824 1997 4890 Quis

414 4920 501 4966 est
533 4913 624 4980 qui
658 4911 707 4965 id
734 4913 906 4980 possit
935 4912 1283 4980 exprimere?
1307 4912 1410 4968 Sed
1446 4914 1489 4968 si
1521 4924 1734 4983 oportet
1764 4930 1877 4982 eos,
1904 4917 1993 4985 qui

413 5018 580 5076 parva
613 5018 677 5058 ea
726 5004 813 5058 vix
868 5004 1170 5074 intelligere
1221 5006 1464 5071 soleant;
1513 5006 1622 5061 imo
1669 5017 1722 5069 et
1770 5023 1865 5064 eos
1904 5010 1993 5078 qui

417 5095 628 5151 valeant
663 5095 986 5169 intelligere,
1034 5106 1141 5151 tam
1173 5098 1400 5153 subtiles
1435 5114 1520 5153 res
1557 5109 1612 5154 et
1638 5114 1855 5157 omnem
1904 5116 1993 5158 ra-

416 5189 618 5247 tionem
668 5189 1120 5246 transcendentes
1169 5190 1478 5259 conjectare
1517 5212 1530 5247 :
1564 5194 1797 5251 dicimus
1850 5196 1992 5263 quod

415 5280 607 5337 deceat
639 5282 882 5353 cogitare
912 5282 1186 5355 (quamvis
1233 5285 1411 5343 minor
1445 5284 1514 5341 sit
1542 5285 1717 5345 oratio
1748 5285 1814 5339 ad
1852 5286 1989 5339 vcri-

483 5513 525 5542 ”
559 5510 711 5568 Joan.
762 5531 798 5578 ι,
853 5514 906 5568 3.
1002 5516 1047 5548 ¹⁸
1079 5514 1206 5571 Luc.
1261 5517 1411 5581 t,5l.
1518 5518 1564 5548 "
1600 5517 1759 5573 Hebr.
1816 5533 1871 5577 ll.
1928 5515 2011 5569 Η.

2106 4544 2425 4616 ἡττώμεθαο
2461 4546 2551 4599 ὅτε
2584 4548 2652 4600 τὰ
2687 4546 2808 4601 καθ’
2845 4548 2994 4618 ἡμᾶς
3025 4545 3222 4611 αὐτοὺς
3274 4544 3428 4609 ὅπως
3469 4541 3547 4596 ἂν
3597 4544 3710 4615 ἔχοι

2104 4637 2546 4709 διερευνῴμενοι,
2575 4641 2673 4710 τῆς
2725 4638 2957 4711 ἐνούσης
2998 4640 3130 4709 ἡμῖν
3161 4634 3399 4709 διανοίας
3433 4634 3712 4689 ἐπέκεινα

2104 4730 2204 4801 τὴν
2236 4729 2541 4801 κατάληψιν
2567 4731 2941 4802 ὁμολογοῦμεν
2967 4726 3406 4800 ὑπάρχειν.Τίνα
3432 4725 3555 4798 γὰρ
3589 4728 3708 4799 τρό-

2107 4838 2207 4875 πον
2240 4821 2482 4893 ήνῶσοαι
2524 4821 2755 4891 νοοῦμεν
2799 4822 2898 4894 τὴν
2930 4821 3024 4876 τοῦ
3074 4821 3364 4895 ἀνθρώπου
3409 4819 3608 4890 ψυχὴν

2109 4913 2225 4984 ἰδίῳ
2250 4917 2500 4985 σώματι;
2534 4914 2630 4977 Τίς
2678 4916 2708 4968 ὀ
2746 4916 2953 4985 φράσαι
2996 4914 3327 4984 δυνάμενος;
3354 4912 3422 4977 Εἰ
3459 4912 3523 4966 δὲ
3579 4913 3706 4983 χρὴ,

2106 5006 2279 5081 μικρὰ
2314 5008 2408 5061 καὶ
2428 5007 2581 5079 μόλις
2612 5009 2815 5062 ἐννοεῖν
2853 5007 3132 5071 εἰωθότας.
3157 5006 3253 5061 καὶ
3269 5005 3458 5059 λαλεῖν
3488 5005 3709 5075 ἰσχύον-

2098 5118 2231 5165 τας,
2265 5100 2373 5155 τῶν
2407 5099 2580 5162 οὕτως
2635 5101 2831 5170 ἰσχνῶν
2854 5142 2869 5167 ,
2908 5100 3002 5154 καὶ
3050 5097 3189 5170 ὑπὲρ
3240 5096 3367 5150 νοῦν
3406 5098 3509 5149 καὶ
3550 5095 3710 5163 λόγον

2100 5193 2446 5262 πραγμάτων
2469 5193 3014 5267 κατατεκμήρασθαι,
3042 5190 3245 5260 φαμὲν,
3270 5191 3351 5242 ὅτι
3388 5187 3613 5259 πρέποι
3648 5186 3707 5240 ἂν

2099 5290 2328 5343 ἐννοεῖν·
2363 5287 2529 5359 μείων
2550 5290 2607 5344 δὲ
2640 5289 2859 5352 πάντως
2883 5286 2983 5356 τῆς
3013 5284 3271 5356 ἀληθείας
3296 5284 3326 5336 ὁ
3351 5282 3523 5351 λόγος
3544 5300 3562 5313 ·
3596 5296 3712 5335 τα·

2118 5514 2165 5545 ⁸⁸
2198 5514 2360 5570 Hebr.
2392 5531 2467 5578 ιχ,
2501 5516 2587 5569 ιε.
2704 5514 2743 5543 ³⁸
2778 5513 2910 5567 Ibid.
2993 5514 3034 5547 ἰ
3067 5513 3232 5569 Josue
3257 5528 3292 5578 ι,
3323 5527 3379 5568 v.

486 5719 561 5779 ιιι
621 5722 913 5781 Antbertus
966 5726 1265 5781 versionem
1333 5725 1646 5783 Mcrcatoris
1707 5725 1996 5783 emendare
2038 5723 2203 5780 voluit
2230 5720 2309 5794 lex
2338 5721 2548 5779 Graeco.
