3856 6212
467 330 607 385 1579

1480 324 1540 383 S.
1565 324 1840 381 CYRILIJ
1876 326 2342 384 ALEXANDRINI
2384 329 2701 387 ARCIIIEP.

3579 331 3703 386 1380

466 449 550 504 bis
595 445 853 501 exhibere
890 443 1051 507 Verbi
1100 442 1337 511 hominis
1388 442 1557 498 facti:
1592 445 1757 514 quod,
1806 443 1850 499 si
1899 443 2033 499 labia

2149 446 2389 517 ἰνθρακα
2422 446 2590 500 τύπον
2619 448 2749 517 ἡμῖν
2789 446 2879 498 καὶ
2938 445 3121 499 εἰκόνα
3165 444 3406 517 πληροῦν
3433 444 3530 498 τοῦ
3561 448 3705 499 ἐναν-

465 539 650 595 nostra
679 537 940 609 tetigerit,
972 536 1026 591 id
1060 544 1165 600 est,
1214 536 1259 589 si
1290 534 1450 590 ﬁdem
1496 534 1548 590 in
1582 535 1764 605 ipsum
1799 536 2035 592 confessi

467 632 749 696 fuerimus,
800 641 930 685 tunc
953 630 1066 698 lnos
1107 629 1176 684 ab
1207 627 1353 683 omni
1401 638 1623 699 peccato
1658 643 1822 699 puros
1853 628 2036 694 eﬂicit,

462 732 519 779 et
548 722 793 794 pristinis
830 721 1151 777 criminibus
1183 719 1397 775 liberat.

534 900 829 967 Caeterum,
866 908 1119 968 tanquam
1151 897 1206 953 in
1256 899 1506 970 imagine,
1543 899 1669 956 licet
1702 901 1755 955 in
1804 916 2041 957 carbone

465 992 788 1059 conspicere
818 991 1111 1045 adunatum
1138 990 1355 1058 quidem
1405 990 1727 1046 humanitati
1776 992 1869 1047 Dei
1905 992 2041 1046 Ver-

470 1084 620 1146 bum,
655 1096 762 1136 non
810 1091 989 1136 tamen
1034 1079 1329 1150 proiecisse
1361 1082 1502 1149 quod
1547 1080 1740 1147 fuerat,
1774 1082 2039 1137 transfor-

462 1186 641 1227 masse
686 1181 865 1227 autem
913 1171 1086 1241 magis
1115 1181 1449 1241 assumptam
1494 1180 1739 1227 naturam
1787 1174 1839 1227 in
1885 1189 2038 1229 suam

464 1264 688 1333 gloriam
722 1274 779 1317 et
803 1264 1198 1332 operationem.
1229 1260 1691 1328 Quemadmodum
1718 1264 1864 1319 enim
1901 1266 2041 1335 ignis

462 1357 607 1426 ligno
635 1354 845 1421 afﬁxus,
878 1366 932 1410 et
960 1355 1011 1410 id
1042 1364 1350 1425 penetrans,
1389 1357 1798 1425 comprehendit
1821 1358 2039 1426 quidem

463 1449 661 1514 ipsum,
705 1458 762 1503 et
807 1447 1056 1517 quamvis
1096 1447 1299 1517 lignum
1335 1461 1456 1502 esse
1490 1462 1598 1501 non
1641 1448 1876 1514 desinat,
1928 1450 2038 1504 vim

464 1550 641 1593 tamen
664 1552 814 1595 suam
830 1530 996 1609 784
1015 1537 1357 1608 speciemque
1379 1547 1725 1604 transmutat,
1749 1549 1804 1594 et
1820 1553 2037 1595 omnem

461 1644 519 1684 ευ
548 1629 763 1685 confert
803 1630 858 1685 in
892 1632 1117 1700 lignum,
1148 1640 1201 1685 et
1240 1644 1363 1685 cum
1401 1631 1515 1699 ipso
1538 1631 1649 1701 jam
1685 1632 1839 1701 quasi
1872 1647 2037 1686 unum

461 1721 680 1792 aliquod
704 1722 1007 1777 aestimatur
1040 1740 1054 1776 :
1086 1722 1227 1777 idem
1273 1720 1511 1793 intellige
1555 1723 1622 1776 de
1656 1723 1893 1779 Christo.
1922 1725 2037 1778 Ad-

2141 539 2529 611 θρωπήσαντος
2558 540 2734 609 Λόγου
2760 556 2774 571 ·
2812 538 2893 603 ὃς,
2926 538 3086 610 εἴπερ
3121 537 3317 609 ἅψαιτο
3350 538 3460 592 τῶν
3491 535 3707 609 χειλέων

2139 632 2172 700 ἡ
2182 631 2327 701 μῶν,
2363 632 2505 685 τοῦτ’
2527 632 2695 698 ἔστιν,
2727 632 2855 686 ὅταν
2877 630 2974 702 τὴν
3004 632 3081 695 εἰς
3098 632 3259 685 αὐτὸν
3286 630 3706 702 ὁμολογήσωμεν

2140 724 2345 789 πίστιν,
2384 725 2505 778 τότε
2540 724 2636 779 καὶ
2669 724 2887 794 ἁπάσης
2926 722 3197 794 ἁμαρτίας
3222 720 3511 790 ἀποφαίνει
3541 721 3705 774 καθα-

2140 820 2289 890 ροὺς,
2319 816 2549 871 καὶτῶν
2574 815 2821 888 ἀρχαίων
2854 815 3192 886 αἰτιαμάτων
3224 814 3521 885 ἐλευθεροῖ.

2208 910 2358 980 Πλὴν
2393 908 2542 962 ἔστιν
2565 908 2714 975 ἰδεῖν,
2741 908 2817 972 ὡς
2840 909 2899 961 ὲν
2924 907 3095 960 εἰκόνι
3115 905 3205 960 τὸν
3234 906 3480 978 ἄνθρακα
3506 905 3603 977 [τῷ
3622 905 3709 958 ἆν-

2139 999 2349 1071 θρακι],
2375 999 2642 1053 ὲνωθέντα
2678 997 2776 1069 μὲν
2807 998 2876 1069 τῇ
2918 995 3299 1067 ἀνθρωπότητι
3329 996 3421 1049 τὸν
3448 995 3544 1048 τοῦ
3575 994 3707 1048 Θεοῦ

2137 1092 2337 1161 Λόγον,
2369 1091 2430 1144 οὐ
2488 1090 2595 1163 μὴν
2622 1089 3037 1158 ἀποσεόληκότα
3066 1087 3128 1141 τὸ
3153 1083 3294 1142 εἰναι
3320 1089 3349 1141 ὂ
3374 1088 3511 1149 ἐστι,
3550 1103 3712 1158 μετα-

2140 1182 2549 1253 στοιχειώσαντι
2598 1179 3243 1257 [μεταστοιχειώσαντα]
3294 1179 3349 1233 δὲ
3401 1178 3604 1250 μᾶλλον
3652 1177 3711 1229 τὸ

2138 1274 2364 1344 ληφθὲν,
2407 1275 2576 1344 ἤγουν
2602 1272 2821 1337 ὲνωθὲν,
2855 1273 2937 1335 εἰς
2963 1273 3059 1338 τὴν
3090 1269 3288 1325 ἑαυτοῦ
3324 1270 3481 1335 δόξαν
3522 1286 3583 1322 τε
3620 1269 3713 1322 καὶ

2138 1369 2223 1421 ὲνέ
2233 1384 2439 1439 ργειαν.
2458 1368 2664 1437 Ὀνπερ
2680 1366 2789 1436 γὰρ
2817 1366 3015 1437 τρόπον
3034 1365 3095 1418 τὸ
3122 1365 3233 1437 πῦρ
3252 1364 3521 1437 ὁμιλῆσαν
3548 1362 3711 1433 ξύλῳ,

2139 1458 2234 1510 καὶ
2280 1457 2585 1521 εἰσδεδυκὸς
2614 1456 2768 1519 αὐτὸ,
2804 1456 3233 1528 καταδράττεται
3268 1458 3366 1530 μὲν
3405 1456 3598 1521 αὑτοῦ,
3622 1457 3716 1508 καὶ

2137 1549 2238 1602 οὐκ
2272 1548 2513 1619 ἐξίστησι
2544 1548 2642 1618 μὲν
2679 1547 2773 1603 τοῦ
2801 1545 2941 1602 εἶναι
2971 1548 3147 1615 ξύλον,
3179 1548 3463 1620 μεθίστησι
3490 1549 3549 1601 δὲ
3581 1549 3716 1618 μᾶλ-

2138 1640 2230 1694 λον
2262 1642 2341 1703 εἰς
2358 1640 2456 1712 τὴν
2488 1640 2584 1694 τοῦ
2618 1642 2789 1713 πυρὸς
2822 1641 2943 1712 ὄψιν
2971 1658 3033 1696 τε
3064 1642 3160 1696 καὶ
3184 1641 3433 1713 δύναμιν,
3477 1641 3577 1695 καὶ
3604 1642 3715 1692 πᾶν

2139 1729 2287 1803 αὕτῷ
2327 1731 2389 1785 τὸ
2442 1732 2572 1786 ἴδιον
2609 1733 2988 1805 ἐνεργάζεται,
3020 1734 3115 1788 καὶ
3164 1734 3240 1799 ὡς
3298 1734 3357 1787 ἓν
3403 1734 3511 1807 ήδη
3563 1733 3716 1786 λελὸ-

465 1820 662 1865 unatus
704 1812 848 1865 enim
893 1811 1345 1867 inzestimabiliter
1377 1811 1695 1867 humanitati
1726 1804 1869 1868 Deus
1922 1827 2033 1869 ser-

2149 1840 2320 1891 γισται
2358 1824 2475 1894 μετ’
2513 1804 2717 1878 αὑτοῦλ
2765 1824 2909 1880 οὔτω
2948 1826 3150 1899 νοήσῃς
3188 1824 3285 1879 καὶ
3314 1826 3406 1879 ἐπὶ
3448 1804 3716 1897 Χριστοῦ.

462 1901 608 1955 vavit
636 1900 852 1971 quidem
887 1902 1056 1972 ipsam
1092 1901 1147 1957 in
1194 1917 1261 1957 eo
1287 1902 1433 1972 quod
1462 1901 1659 1970 fuerat,
1693 1913 1749 1960 et
1778 1905 1891 1974 ipse
1916 1918 2036 1974 per-

438 1993 660 2059 mansit
700 1993 844 2062 quod
889 2002 1039 2058 erat;
1093 1993 1260 2047 semel
1308 2004 1487 2048 tamen
1536 1995 1824 2062 adunatus,
1881 1997 2037 2065 quasi

464 2097 607 2137 unus
650 2082 762 2151 jam
813 2097 936 2137 cum
982 2083 1097 2153 ipsa
1152 2091 1394 2155 putatur,
1445 2097 1509 2139 ea
1558 2098 1676 2153 qua:
1728 2093 1857 2139 sunt
1898 2084 2039 2141 illius

460 2189 559 2227 sua
602 2173 838 2240 faciens;
875 2173 1158 2230 conferens
1184 2183 1364 2231 autem
1401 2174 1451 2231 ei
1479 2176 1644 2231 etiam
1674 2175 1790 2247 ipse
1823 2185 2035 2233 natura:

459 2278 571 2319 sua:
590 2265 985 2334 operationem.

1107 2484 1262 2544 CAP.
1298 2486 1367 2544 Χ.

458 2593 612 2663 Quae
648 2596 999 2671 incorporalis
1026 2597 1317 2671 divinitatis
1340 2612 1529 2671 corpus
1559 2598 1703 2668 facta
1734 2599 1895 2669 fuerit
1922 2602 2037 2671 ipsa

528 2666 893 2740 caro,_ltab_ens
911 2668 1141 2740 animant
1166 2669 1530 2740 rationabilem
1596 2679 1643 2740 et
1663 2666 1825 2740 quod,
1851 2672 1896 2723 si
1918 2666 1978 2724 ea
2005 2689 2038 2725 α

528 2750 640 2809 sese
659 2736 892 2809 dividere
921 2735 1262 2809 voluerimus,
1315 2738 1501 2809 procul
1536 2735 1696 2792 dubio
1746 2741 2038 2809 labefacta—

529 2805 702 2859 bimus
735 2806 1193 2875 dispensationem
1223 2822 1341 2877 qua:
1367 2808 1422 2862 in
1451 2808 1662 2863 Christo
1698 2805 2034 2880 intelligitur.

526 2985 581 3040 In
617 2983 844 3041 Cantico
874 2984 1211 3039 canticorum
1248 2982 1364 3055 ipse
1396 2985 1553 3041 nobis
1587 2985 1929 3044 introductus
1954 2999 2040 3045 est

455 3079 645 3133 dicens
682 3076 945 3132 Dominus
980 3089 1169 3132 noster
1198 3074 1359 3132 Jesus
1406 3078 1702 3137 Christus:
1737 3099 1755 3132 ι
1792 3080 1910 3152 Ego
1934 3081 2034 3137 llos

454 3171 653 3241 campi,
711 3178 767 3225 et
810 3169 983 3225 lilium
1035 3168 1366 3225 convalliqu
1388 3170 1456 3226 ”.
1490 3189 1508 3222 ι
1561 3171 2030 3239 Quemadmodum
2060 3177 2102 3233 C

453 3277 587 3333 ergo
615 3263 750 3317 odor
779 3275 869 3316 res
900 3260 1120 3331 quidem
1146 3266 1230 3316 est
1260 3261 1601 3333 incorporea,
1630 3262 1795 3320 habet
1826 3275 2029 3332 autem,

455 3353 611 3424 quasi
664 3352 942 3423 proprium
981 3367 1200 3422 corpus,
1251 3348 1307 3408 id
1356 3354 1410 3409 in
1464 3369 1572 3424 quo
1623 3355 1802 3423 inest;
1852 3364 2031 3414 tamen

460 3459 626 3499 unum
667 3459 733 3497 ex
770 3451 998 3511 utroque
1044 3442 1363 3512 intelligitur
1401 3443 1574 3499 lilium
1608 3456 1623 3500 :
1655 3449 2026 3518 corrumpitur

453 3547 638 3593 autem
675 3537 842 3606 ipsius
887 3537 1026 3590 ratio
1058 3535 1218 3591 unius
1248 3537 1325 3591 rei
1372 3534 1616 3591 discessu
1646 3554 1662 3592 :
1692 3538 1747 3592 in
1785 3540 2033 3611 subjecto

455 3626 602 3680 enim
639 3638 869 3693 corpore
899 3624 1038 3678 odor
1067 3633 1187 3678 est:
1215 3622 1289 3677 ita
1317 3623 1481 3677 etiam
1509 3624 1562 3678 in
1588 3623 1805 3679 Christo
1834 3624 2033 3681 intelli-

454 3718 632 3788 gimus
663 3717 962 3771 divinitatis
1002 3726 1272 3780 naturam,
1298 3728 1419 3784 qua:
1454 3729 1606 3769 suam
1636 3716 2030 3773 excellentissi~

459 3826 603 3863 mam
644 3806 1007 3876 maiestatem,
1046 3818 1105 3863 ut
1138 3809 1360 3864 odorem
1392 3807 1795 3876 suavissimum,
1833 3808 2031 3865 mundo

455 3900 738 3971 dispergit,
799 3910 1053 3970 tanquam
1101 3901 1152 3955 in
1211 3901 1475 3971 subjecto,
1521 3916 1643 3957 esse
1695 3902 1749 3957 in
1802 3914 2031 3972 corpore

455 3994 851 4060 humanitatis;
883 4003 938 4048 et
981 3995 1035 4050 id
1063 3993 1207 4064 quod
1250 3994 1591 4065 incorporale
1632 4006 1718 4053 est
1739 4007 1838 4068 per
1870 4006 2028 4051 natu-

456 4102 595 4152 ram,
632 4098 730 4155 per
757 4083 1139 4139 adunationem
1169 4084 1647 4155 dispensatoriam,
1680 4100 1817 4157 pene
1851 4088 2027 4143 dicam

453 4180 657 4237 factum
705 4180 874 4236 fuisse
904 4180 1215 4251 corporale,
1260 4191 1544 4254 propterea
1575 4185 1718 4252 quod
1757 4185 1926 4242 voluit
1967 4200 2030 4240 se

450 4273 709 4342 cognosci
736 4288 835 4344 per
867 4287 1067 4343 corpus
1102 4292 1120 4328 :
1154 4274 1206 4329 in
1235 4288 1303 4329 eo
1326 4274 1472 4331 enim
1499 4275 1683 4331 divina
1712 4276 1865 4346 signa
1893 4292 2026 4346 ope-

454 4378 603 4422 ratus
632 4375 737 4422 est.
785 4365 955 4435 Igitur
988 4366 1041 4422 id
1071 4367 1213 4437 quod
1248 4367 1589 4440 incorporale
1617 4376 1721 4432 est,
1770 4379 2025 4439 tanquam

453 4460 506 4515 in
534 4475 634 4515 suo
654 4474 882 4529 corpore
910 4460 1133 4531 intelligi
1156 4470 1356 4531 potest,
1384 4461 1839 4533 quemadmodum
1860 4462 2023 4537 etiam

2149 4487 2237 4558 τῆς
2261 4460 2524 4559 εὐοσμιας
2552 4460 2627 4543 τὸ.
2652 4489 2843 4561 χρῆμα
2862 4507 2876 4523 ο
2908 4490 3131 4561 λέγεται
3171 4493 3229 4546 δὲ

455 4554 591 4608 odor
620 4552 672 4608 in
714 4553 857 4609 ﬂore
900 4551 1181 4624 subjecto;
1215 4553 1387 4609 lilium
1418 4563 1599 4611 tamen
1633 4554 1748 4626 jam
1804 4566 1859 4611 et
1890 4556 2028 4613 odor
2059 4537 2103 4592 Ῑ)

451 4653 509 4700 et
535 4642 636 4701 ﬂos
669 4646 995 4701 nominatur.

1102 4780 1255 4837 CAP.
1294 4781 1386 4838 XI.

461 4893 637 4959 Quod,
657 4892 892 4972 adunato
916 4892 1022 4972 De_o
1052 4892 1216 4972 verba
1233 4911 1347 4951 vere
1377 4898 1715 4972 fluuianitati,
1732 4901 2028 4972 inconfusaz

524 4973 697 5085 tam‘en
736 4962 1042 5020 substantia:
1083 4963 1162 5028 [id
1192 4975 1277 5022 est
1306 4969 1676 5041 subsistentiaz]
1704 4962 2026 5041 permanse-

524 5047 621 5085 run
649 5069 667 5085 .

523 5047 667 5088 runt.

529 5142 804 5213 [Erectum
838 5152 922 5200 est
951 5146 1247 5202 secundum
1278 5148 1372 5204 Dei
1406 5150 1732 5210 voluntatem
1782 5168 2027 5213 Sanctum

2148 1913 2403 1979 Ἐνωθείς
2431 1914 2538 1985 γὰρ
2573 1916 2901 1988 ἀπορῤήτως
2950 1916 3328 1989 ἀνθρωπὸτητι
3374 1917 3532 1983 Θεὸς,
3560 1920 3721 1987 τετή-

2139 2024 2275 2079 ρηκε
2307 2008 2405 2079 μὲν
2454 2007 2624 2081 αὐτὴν
2662 2009 2808 2063 τοῦθ’
2835 2010 2973 2081 ὅπερ
3006 2003 3147 2063 εἶναί
3184 2026 3365 2081 φαμεν
3385 2027 3399 2042 ·
3433 2014 3719 2081 μεμένηκε

2135 2099 2192 2152 δὲ
2232 2100 2327 2152 καί
2357 2100 2518 2164 αὐτὸς
2549 2101 2686 2171 ὅπερ
2723 2097 2791 2172 ἦν
2812 2118 2827 2133 ο
2864 2101 3089 2165 ὲνωθεὶς
3111 2101 3169 2155 δὲ
3201 2100 3369 2167 ἅπαξ,
3409 2103 3490 2166 ὡς
3522 2098 3607 2167 εἷς
3637 2105 3724 2156 λε-

2136 2189 2383 2259 λόγισται
2416 2194 2535 2264 μετ’
2590 2193 2788 2263 αὐτῆς,
2842 2192 3210 2264 οἰκειούμενος
3258 2193 3359 2266 μὲν
3402 2194 3474 2247 τὰ
3524 2196 3721 2264 αὐτῆς,

2054 2351 2055 2354 η
2136 2283 2446 2354 ἐμποιήσας
2474 2284 2532 2337 δὲ
2564 2286 2657 2338 καί
2702 2284 2865 2348 αὐτὸς
2890 2284 3030 2357 αὐτῇ
3067 2286 3167 2357 τῆς
3207 2285 3345 2351 ἰδίας
3372 2286 3598 2357 φύσεως
3629 2288 3715 2357 sip

2138 2373 2441 2445 ἐνέργειαν.

2746 2517 2995 2570 ΚΕΦΛΛ.
3039 2518 3095 2571 I'.

2138 2623 2275 2701 ’Ὀτι
2325 2626 2449 2701 τῆς-
2484 2624 2806 2701 άᾳωμᾴτου
2851 2632 3129 2696 θεότητος
3175 2626 3346 2701 σῶμα
3380 2624 3644 2700 γέγονεν
3685 2634 3721 2701 ἡ

2207 2695 2385 2770 σὰρξ,
2414 2695 2631 2770 ψυχὴιῆ
2654 2699 2885 2766 ἔχουσα
2902 2701 3155 2770 λογικήν
3172 2710 3186 2731 "
3211 2695 3313 2755 κάι
3340 2695 3431 2755 ὅτι
3452 2695 3722 2756 διῖστάνὶ

2207 2783 2307 2833 τες
2338 2767 2441 2839 ἀπξ
2473 2766 2765 2839 ἀλλήλων
2790 2770 2960 2839 αὐτὰ,
2988 2766 3208 2838 ’πάντη
3244 2788 3307 2824 τε
3344 2773 3446 2825 καὶ
3477 2774 3725 2839 πάντως

2207 2837 2781 2911 παρᾳλύσομενλτῆς
2817 2838 2886 2891 ἐν
2914 2840 3147 2908 Χριστῷ
3182 2837 3527 2911 νοουμένης
3562 2837 3724 2896 οἰκοέ

2206 2908 2421 2975 νομίας
2452 2907 2559 2960 τὸν
2587 2907 2795 2977 λόγον.

2220 3019 2308 3072 Ἐν
2334 3018 2413 3090 τῷ
2435 3019 2674 3091 ’ᾼσματι
2695 3019 2804 3074 τῶν
2831 3021 3093 3093 ᾀσμάτων
3122 3023 3283 3086 αὐτὸς
3308 3024 3442 3094 ἡμῖν
3476 3024 3729 3077 εἰσκεκὸ-

2140 3127 2327 3182 μισται
2356 3111 2530 3180 λέγων
2545 3112 2573 3163 ὁ
2592 3111 2794 3184 Κύριος
2810 3127 2826 3143 '
2854 3132 2873 3165 ι
2901 3112 3050 3182 ’Ἐγὼ
3068 3113 3228 3177 ἄνθος
3248 3113 3342 3167 τοῦ
3364 3114 3586 3181 πεδίου,
3611 3118 3731 3186 κρῖ-

2139 3220 2230 3258 νον
2255 3202 2367 3271 τῶν
2395 3203 2678 3258 κοιλάδων.
2718 3223 2736 3256 ι
2778 3204 2987 3277 Ὥσπερ
3014 3201 3109 3260 οῦν
3161 3206 3194 3277 ἡ
3247 3205 3393 3278 ὀσμὴ
3423 3206 3733 3278 ἀσώματον

2140 3295 2243 3365 μέν
2284 3312 2368 3349 τοι
2402 3293 2514 3369 [ῑσ.
2549 3298 2627 3369 τιί
2668 3297 2859 3369 χρῆμά
2909 3299 3061 3352 ἐστι’
3108 3299 3373 3371 κέχρηται
3422 3299 3485 3353 δὲ
3533 3298 3733 3371 ὥσπερ

2142 3386 2257 3459 ἰδίῳ
2292 3386 2503 3459 σώματι
2528 3389 2608 3460 τῷ
2640 3391 2698 3442 ὲν
2725 3383 2769 3457 ᾧ
2795 3391 2939 3443 ἐστι·
2974 3389 3113 3462 πλὴν
3150 3390 3208 3443 ἓν
3238 3390 3297 3456 ἐξ
3341 3393 3561 3461 ἀμφοῖν
3597 3396 3734 3445 νοεῖ-

2136 3495 2227 3533 ται
2253 3478 2313 3532 τὸ
2341 3477 2549 3550 κρίνον,
2576 3480 2931 3553 καταφθείρει
2962 3480 3019 3533 δὲ
3046 3482 3262 3546 πάντως
3307 3482 3402 3535 τὸν
3444 3485 3539 3536 ἐπ’
3579 3484 3734 3556 αὐτῷ

2137 3570 2295 3640 λόγον
2332 3573 2367 3643 ἡ
2392 3572 2510 3635 ἐνὸς
2534 3572 2869 3636 ἀπόστασις·
2893 3574 2950 3626 ὲν
2978 3574 3323 3646 ὑποκειμένῳ
3353 3576 3469 3648 γὰρ
3492 3579 3528 3647 ἠ
3558 3579 3733 3649 ὀσμὴ.

2137 3664 2231 3717 καὶ
2257 3663 2375 3717 ἔστι
2409 3664 2569 3734 σῶμα
2595 3664 2656 3716 τὸ
2684 3662 3079 3734 ὑποκείμενον·
3130 3664 3273 3718 οὕτω
3299 3668 3606 3738 νοήσωμεν
3643 3674 3733 3722 καὶ

2136 3755 2231 3807 ἐπὶ
2262 3754 2528 3825 Χριστοῦ,
2565 3754 2819 3826 θεότητος
2844 3756 3003 3825 φύσιν
3031 3755 3127 3827 τὴν
3159 3757 3293 3813 ἰδίαν
3331 3775 3392 3811 τε
3429 3762 3532 3813 καὶ
3568 3761 3733 3832 ὕπερ-

2137 3846 2365 3916 κόσμιον
2397 3845 2668 3918 ὑπεροχὴν
2696 3844 3014 3910 εὐωδιάζειν
3038 3848 3116 3919 τῷ
3153 3848 3345 3920 κόσμῳ
3371 3851 3648 3922 καθάπερ
3676 3855 3731 3905 ἐν

2137 3938 2483 4010 ὑποκειμένῳ
2505 3941 2571 4009 τῇ
2603 3938 3006 4011 ἁνθρωπότητι,
3040 3940 3135 3995 καὶ
3164 3940 3226 3994 τὸ
3251 3942 3558 4014 ἀσώματον
3591 3946 3731 3999 κατὰ

2137 4030 2323 4098 φύσιν,
2363 4030 2485 4084 καθ’
2514 4031 2709 4085 ἕνωσιν
2745 4033 3097 4105 οἰκονομικὴν
3145 4036 3434 4106 μονονουχὶ
3465 4038 3728 4105 γενέσθαι

2136 4119 2233 4174 καὶ
2254 4119 2591 4189 ὲνσὼματον,
2613 4121 2702 4176 διά
2726 4140 2808 4176 τοι
2831 4122 2893 4175 τὸ
2926 4124 3100 4178 θέλειν
3132 4124 3615 4193 ὲπιγινὼσκεσθαι
3644 4127 3729 4180 διὰ

2136 4211 2406 4283 σώματος.
2426 4213 2729 4286 Ἐνήργηκε
2749 4215 2858 4288 γὰρ
2882 4216 2941 4268 ὲν
2974 4216 3125 4287 αὐτῷ
3145 4216 3215 4270 τὰ
3243 4216 3560 4289 θεοπρεπῆ.
3585 4221 3725 4274 Οὐκ-

2131 4302 2228 4357 οῦν
2265 4304 2423 4359 νοοῖτ’
2455 4304 2522 4358 ἂν
2558 4306 2784 4370 εἰκότως
2822 4304 2902 4369 ὡς
2924 4308 2984 4361 ὲν
3021 4307 3138 4380 ἰδίῳ
3167 4307 3381 4380 σώματι
3411 4311 3478 4363 τὸ
3501 4311 3727 4383 ambus-

2134 4411 2248 4459 τον,
2277 4394 2528 4471 καθάπερ
2572 4396 2765 4469 ἀμέλει
2812 4398 2907 4452 καὶ
2936 4400 2995 4452 ἐν
3042 4400 3390 4473 ὑποκειμένῳ
3441 4402 3523 4473 τῷ
3576 4404 3726 4459 ἄνθει

3260 4493 3455 4564 κρίνον
3490 4494 3558 4548 τὸ
3600 4513 3725 4547 συν-

2129 4581 2463 4653 αμφότερον.

2685 4842 2688 4843 ν
2722 4803 2973 4862 ΚΕΦΑΛ.
3015 4809 3118 4861 IA'.

2130 4918 2259 4969 Ὅτι
2277 4914 2387 4993 Ξίᾳλ
2413 4914 2575 4993 ,πρὸς
2612 4916 2836 4993 ἕνωσιν
2850 4919 3181 4993 μωηθινὴιο
3228 4926 3721 4993 συνενεχθέντες

2198 4985 2307 5040 τοῦ
2338 4987 2537 5068 ῥόγου
2569 4989 2718 5068 πρός
2743 4989 2810 5043 τὸ
2825 4985 3223 5068 ᾀνθρώπινον,
3253 4985 3599 5064 ἀσύγχῖγτα
3621 4985 3720 5068 ps:-

2198 5055 2501 5124 μενήκαοί
2538 5055 2619 5113 τὰ
2640 5059 2938 5129 ἡνωμένα.

2210 5171 2539 5243 Ἐγήγερται
2579 5174 2722 5227 κατά
2749 5174 3004 5247 βούλησιν
3033 5175 3169 5230 Θεοῦ
3202 5178 3345 5233 κατὰ
3370 5180 3478 5253 τὴν
3508 5184 3719 5256 ἔρημα

453 5235 858 5291 tabernaculum
890 5252 987 5308 per
1026 5238 1326 5308 desertum,
1358 5254 1414 5298 et
1444 5244 1497 5299 in
1541 5260 1606 5301 eo
1643 5250 1825 5304 multis
1854 5252 2031 5307 modis

457 5323 792 5349 f..-.....l...n.-..
826 5327 1140 5349 D..----_-_-I
1177 5331 1247 5349 ll\
1289 5332 1308 5349 Ἰ
1344 5335 1402 5349 λι
1448 5336 1480 5349 ο-
1517 5337 1553 5349 ,ι
1819 5341 1829 5349 .

2149 5282 2160 5334 ι
2199 5235 2546 5337 ἁγίασκ-ηνὴ,
2579 5266 2673 5319 καὶ
2798 5270 2855 5321 ἐν
2896 5235 3032 5339 αὐτῇ
3061 5235 3445 5343 πολυτρόπως.

454 5323 792 5428 [ιιι-ιιιειιιςιιιιι·
822 5327 1142 5387 Emmanuel
1173 5331 1309 5404 (1).]
1344 5335 1487 5390 Dixit
1516 5337 1658 5393 Deus
1687 5341 2029 5411 omnipotens

2149 5323 2288 5418 ιενος
2319 5357 2347 5407 ό
2380 5323 2760 5428 Ἐμμανουήλ⁸
2815 5357 2918 5428 ἔφη
2947 5323 3127 5413 τοίνυν
3172 5362 3202 5415 ό
3232 5323 3718 5428 τῶνήῦλιῐῦΐὸεξ

455 5418 520 5470 ad
550 5417 784 5475 divinum
820 5419 1083 5493 Moysen:
1118 5443 1139 5479 ι
1166 5424 1235 5482 Ει
1270 5424 1441 5485 facies
1476 5429 1610 5485 mild
1644 5445 1827 5487 arcam
1884 5434 2029 5489 testi-

526 5595 573 5628 “
607 5598 807 5656 Cantic.
837 5618 897 5668 ιι,
924 5603 974 5658 l.

2128 5443 2205 5513 τῷ
2226 5442 2499 5517 Θεσπεσίῳ
2515 5446 2711 5517 Μωσῇ·
2738 5467 2754 5499 ι
2767 5447 2876 5503 Καὶ
2891 5450 3139 5522 ποιήσεις
3156 5451 3390 5508 κιϐωτὸν
3407 5462 3717 5530 μαρτυρὲιυ

528 5750 603 5825 (1)
640 5753 705 5810 Ει
731 5756 872 5811 hunc
903 5772 1112 5831 qqune
1150 5761 1324 5820 locum
1362 5778 1426 5819 ex
1468 5763 1571 5849 ista
1615 5767 1861 5825 versione
1889 5770 2020 5829 citat
2058 5772 2347 5833 Facundos
2379 5779 2431 5835 in
2459 5783 2645 5838 eodem
2681 5782 2818 5840 loco.
