  <div class='ocr_page' id='page_1' title='image "/cluster/home/n/w/nwhite01/storage/ocr_20150623/75/nnc1.0046980121/786.png"; bbox 0 0 3856 6212; ppageno 0'>
   <div class='ocr_carea' id='block_1_1' title="bbox 148 354 257 415">
    <p class='ocr_par' dir='ltr' id='par_1_1' title="bbox 148 354 257 415">
     <span class='ocr_line' id='line_1_1' title="bbox 148 354 257 415; baseline 0.018 -2"><span class='ocrx_word' id='word_1_1' title='bbox 148 354 257 415; x_wconf 75' lang='grc'><strong>1581</strong></span> 
     </span>
    </p>
   </div>
   <div class='ocr_carea' id='block_1_2' title="bbox 1036 346 2421 407">
    <p class='ocr_par' dir='ltr' id='par_1_2' title="bbox 1036 346 2421 407">
     <span class='ocr_line' id='line_1_2' title="bbox 1036 346 2421 407; baseline -0.001 0"><span class='ocrx_word' id='word_1_2' title='bbox 1036 347 1341 407; x_wconf 77' lang='lat' dir='ltr'><strong>SCHOLIA&#39;</strong></span> <span class='ocrx_word' id='word_1_3' title='bbox 1369 350 1457 405; x_wconf 73' lang='grc' dir='ltr'><strong>ω.</strong></span> <span class='ocrx_word' id='word_1_4' title='bbox 1494 348 2007 404; x_wconf 63' lang='grc' dir='ltr'><strong>ΙδΟΑΗΝΑἸίΟΝΕ</strong></span> <span class='ocrx_word' id='word_1_5' title='bbox 2048 346 2421 405; x_wconf 82' lang='lat' dir='ltr'><strong>UNIGENITI.</strong></span> 
     </span>
    </p>
   </div>
   <div class='ocr_carea' id='block_1_3' title="bbox 3238 349 3374 405">
    <p class='ocr_par' dir='ltr' id='par_1_3' title="bbox 3238 349 3374 405">
     <span class='ocr_line' id='line_1_3' title="bbox 3238 349 3374 405; baseline 0 -1"><span class='ocrx_word' id='word_1_6' title='bbox 3238 349 3374 405; x_wconf 61' lang='lat'><strong>5382</strong></span> 
     </span>
    </p>
   </div>
   <div class='ocr_carea' id='block_1_4' title="bbox 143 462 1703 543">
    <p class='ocr_par' dir='ltr' id='par_1_4' title="bbox 143 463 1703 543">
     <span class='ocr_line' id='line_1_4' title="bbox 143 463 1703 543; baseline -0.008 -12"><span class='ocrx_word' id='word_1_7' title='bbox 143 479 199 531; x_wconf 81' lang='grc' dir='ltr'><strong>ὲκ</strong></span> <span class='ocrx_word' id='word_1_8' title='bbox 232 472 388 540; x_wconf 81' lang='grc' dir='ltr'><strong>ξύλων</strong></span> <span class='ocrx_word' id='word_1_9' title='bbox 418 470 701 543; x_wconf 76' lang='grc' dir='ltr'><strong>ἀσήπτων,</strong></span> <span class='ocrx_word' id='word_1_10' title='bbox 724 468 818 524; x_wconf 82' lang='grc' dir='ltr'><strong>δύο</strong></span> <span class='ocrx_word' id='word_1_11' title='bbox 851 467 1075 540; x_wconf 79' lang='grc' dir='ltr'><strong>πήχεων</strong></span> <span class='ocrx_word' id='word_1_12' title='bbox 1106 468 1203 523; x_wconf 75' lang='grc' dir='ltr'><strong>καὶ</strong></span> <span class='ocrx_word' id='word_1_13' title='bbox 1228 466 1464 539; x_wconf 77' lang='grc' dir='ltr'><strong>ἡμίσους</strong></span> <span class='ocrx_word' id='word_1_14' title='bbox 1502 465 1565 520; x_wconf 80' lang='grc' dir='ltr'><strong>τὸ</strong></span> <span class='ocrx_word' id='word_1_15' title='bbox 1598 463 1703 537; x_wconf 77' lang='grc' dir='ltr'><strong>μῆ-</strong></span> 
     </span>
    </p>
   </div>
   <div class='ocr_carea' id='block_1_5' title="bbox 1818 462 3374 543">
    <p class='ocr_par' dir='ltr' id='par_1_5' title="bbox 1818 462 3374 539">
     <span class='ocr_line' id='line_1_5' title="bbox 1818 462 3374 539; baseline 0.003 -19"><span class='ocrx_word' id='word_1_16' title='bbox 1818 466 1972 522; x_wconf 81' lang='lat' dir='ltr'><strong>monii</strong></span> <span class='ocrx_word' id='word_1_17' title='bbox 2003 481 2070 522; x_wconf 88' lang='lat' dir='ltr'><strong>ex</strong></span> <span class='ocrx_word' id='word_1_18' title='bbox 2102 466 2265 538; x_wconf 84' lang='lat' dir='ltr'><strong>lignis</strong></span> <span class='ocrx_word' id='word_1_19' title='bbox 2295 466 2736 539; x_wconf 87' lang='lat' dir='ltr'><strong>imputrihilibus,</strong></span> <span class='ocrx_word' id='word_1_20' title='bbox 2768 462 2933 538; x_wconf 72' lang='lat'><strong>785</strong></span> <span class='ocrx_word' id='word_1_21' title='bbox 2967 466 3192 521; x_wconf 86' lang='lat' dir='ltr'><strong>duorum</strong></span> <span class='ocrx_word' id='word_1_22' title='bbox 3225 470 3374 524; x_wconf 65' lang='lat' dir='ltr'><strong>cnbi«</strong></span> 
     </span>
    </p>
   </div>
   <div class='ocr_carea' id='block_1_6' title="bbox 145 558 1688 635">
    <p class='ocr_par' dir='ltr' id='par_1_6' title="bbox 145 558 1688 635">
     <span class='ocr_line' id='line_1_6' title="bbox 145 558 1688 635; baseline -0.006 -15"><span class='ocrx_word' id='word_1_23' title='bbox 145 584 225 631; x_wconf 84' lang='grc' dir='ltr'><strong>κος</strong></span> <span class='ocrx_word' id='word_1_24' title='bbox 247 582 258 595; x_wconf 91' lang='grc'>·</span> <span class='ocrx_word' id='word_1_25' title='bbox 280 563 371 618; x_wconf 73' lang='grc' dir='ltr'><strong>καὶ</strong></span> <span class='ocrx_word' id='word_1_26' title='bbox 392 564 596 635; x_wconf 81' lang='grc' dir='ltr'><strong>πήχεος</strong></span> <span class='ocrx_word' id='word_1_27' title='bbox 624 561 717 617; x_wconf 75' lang='lat' dir='ltr'><strong>xei.</strong></span> <span class='ocrx_word' id='word_1_28' title='bbox 748 561 979 634; x_wconf 79' lang='grc' dir='ltr'><strong>ἡμίσους</strong></span> <span class='ocrx_word' id='word_1_29' title='bbox 1010 559 1075 614; x_wconf 85' lang='grc' dir='ltr'><strong>τδ</strong></span> <span class='ocrx_word' id='word_1_30' title='bbox 1094 559 1297 624; x_wconf 83' lang='grc' dir='ltr'><strong>πλάτος</strong></span> <span class='ocrx_word' id='word_1_31' title='bbox 1314 574 1332 591; x_wconf 79' lang='grc' dir='ltr'><strong>ο</strong></span> <span class='ocrx_word' id='word_1_32' title='bbox 1358 558 1455 613; x_wconf 75' lang='grc' dir='ltr'><strong>καὶ</strong></span> <span class='ocrx_word' id='word_1_33' title='bbox 1486 558 1688 629; x_wconf 79' lang='grc' dir='ltr'><strong>πήχεος</strong></span> 
     </span>
    </p>
   </div>
   <div class='ocr_carea' id='block_1_7' title="bbox 141 649 1688 727">
    <p class='ocr_par' dir='ltr' id='par_1_7' title="bbox 141 649 1688 727">
     <span class='ocr_line' id='line_1_7' title="bbox 141 649 1688 727; baseline -0.006 -15"><span class='ocrx_word' id='word_1_34' title='bbox 141 657 225 713; x_wconf 77' lang='grc' dir='ltr'><strong>καὶ</strong></span> <span class='ocrx_word' id='word_1_35' title='bbox 276 653 501 727; x_wconf 77' lang='grc' dir='ltr'><strong>ἡμίσους</strong></span> <span class='ocrx_word' id='word_1_36' title='bbox 554 654 617 708; x_wconf 76' lang='grc' dir='ltr'><strong>τὸ</strong></span> <span class='ocrx_word' id='word_1_37' title='bbox 672 653 837 724; x_wconf 72' lang='grc' dir='ltr'><strong>ὕψος·</strong></span> <span class='ocrx_word' id='word_1_38' title='bbox 890 652 988 707; x_wconf 71' lang='grc' dir='ltr'><strong>καὶ¹</strong></span> <span class='ocrx_word' id='word_1_39' title='bbox 1036 649 1485 724; x_wconf 85' lang='grc' dir='ltr'><strong>καταχρυσώσεις</strong></span> <span class='ocrx_word' id='word_1_40' title='bbox 1518 649 1688 720; x_wconf 83' lang='grc' dir='ltr'><strong>αὐτὴν</strong></span> 
     </span>
    </p>
   </div>
   <div class='ocr_carea' id='block_1_8' title="bbox 141 738 1688 820">
    <p class='ocr_par' dir='ltr' id='par_1_8' title="bbox 141 738 1688 820">
     <span class='ocr_line' id='line_1_8' title="bbox 141 738 1688 820; baseline -0.008 -18"><span class='ocrx_word' id='word_1_41' title='bbox 141 747 325 820; x_wconf 78' lang='grc' dir='ltr'><strong>χρυσίῳ</strong></span> <span class='ocrx_word' id='word_1_42' title='bbox 350 744 598 818; x_wconf 82' lang='grc' dir='ltr'><strong>καθαρῷ,</strong></span> <span class='ocrx_word' id='word_1_43' title='bbox 625 744 826 813; x_wconf 74' lang='grc' dir='ltr'><strong>ἔξωθεν</strong></span> <span class='ocrx_word' id='word_1_44' title='bbox 881 742 979 798; x_wconf 76' lang='grc' dir='ltr'><strong>καὶ</strong></span> <span class='ocrx_word' id='word_1_45' title='bbox 1011 742 1215 796; x_wconf 76' lang='grc' dir='ltr'><strong>ἔσωθεν</strong></span> <span class='ocrx_word' id='word_1_46' title='bbox 1253 739 1558 813; x_wconf 78' lang='grc' dir='ltr'><strong>χρυσώσεις</strong></span> <span class='ocrx_word' id='word_1_47' title='bbox 1587 738 1688 791; x_wconf 82' lang='grc' dir='ltr'><strong>αύ-</strong></span> 
     </span>
    </p>
   </div>
   <div class='ocr_carea' id='block_1_9' title="bbox 138 827 1693 909">
    <p class='ocr_par' dir='ltr' id='par_1_9' title="bbox 138 827 1693 909">
     <span class='ocr_line' id='line_1_9' title="bbox 138 827 1693 909; baseline -0.005 -18"><span class='ocrx_word' id='word_1_48' title='bbox 138 839 245 909; x_wconf 83' lang='grc' dir='ltr'><strong>τήν.</strong></span> <span class='ocrx_word' id='word_1_49' title='bbox 283 836 440 892; x_wconf 82' lang='grc' dir='ltr'><strong>Ἀλλά</strong></span> <span class='ocrx_word' id='word_1_50' title='bbox 467 837 529 890; x_wconf 84' lang='grc' dir='ltr'><strong>τὸ</strong></span> <span class='ocrx_word' id='word_1_51' title='bbox 557 836 659 905; x_wconf 85' lang='grc' dir='ltr'><strong>μὲν</strong></span> <span class='ocrx_word' id='word_1_52' title='bbox 688 834 933 906; x_wconf 77' lang='grc' dir='ltr'><strong>ἄσηπτον</strong></span> <span class='ocrx_word' id='word_1_53' title='bbox 967 832 1124 900; x_wconf 78' lang='grc' dir='ltr'><strong>ξύλον</strong></span> <span class='ocrx_word' id='word_1_54' title='bbox 1156 832 1242 903; x_wconf 71' lang='grc' dir='ltr'><strong>εἴη</strong></span> <span class='ocrx_word' id='word_1_55' title='bbox 1282 831 1350 885; x_wconf 83' lang='grc' dir='ltr'><strong>ἂν</strong></span> <span class='ocrx_word' id='word_1_56' title='bbox 1396 831 1475 893; x_wconf 87' lang='grc' dir='ltr'><strong>είς</strong></span> <span class='ocrx_word' id='word_1_57' title='bbox 1523 827 1693 883; x_wconf 80' lang='grc' dir='ltr'><strong>τύπον</strong></span> 
     </span>
    </p>
   </div>
   <div class='ocr_carea' id='block_1_10' title="bbox 139 921 1694 1002">
    <p class='ocr_par' dir='ltr' id='par_1_10' title="bbox 139 921 1694 1002">
     <span class='ocr_line' id='line_1_10' title="bbox 139 921 1694 1002; baseline -0.006 -19"><span class='ocrx_word' id='word_1_58' title='bbox 139 929 222 983; x_wconf 79' lang='grc' dir='ltr'><strong>τοῦ</strong></span> <span class='ocrx_word' id='word_1_59' title='bbox 242 929 512 1002; x_wconf 81' lang='grc' dir='ltr'><strong>ἀφθάρτου</strong></span> <span class='ocrx_word' id='word_1_60' title='bbox 546 927 800 999; x_wconf 82' lang='grc' dir='ltr'><strong>σώματος</strong></span> <span class='ocrx_word' id='word_1_61' title='bbox 824 942 837 956; x_wconf 89' lang='grc'><strong>·</strong></span> <span class='ocrx_word' id='word_1_62' title='bbox 870 926 1116 996; x_wconf 79' lang='grc' dir='ltr'><strong>ἄσηπτος</strong></span> <span class='ocrx_word' id='word_1_63' title='bbox 1153 923 1264 996; x_wconf 81' lang='grc' dir='ltr'><strong>γάρ</strong></span> <span class='ocrx_word' id='word_1_64' title='bbox 1303 924 1339 994; x_wconf 77' lang='grc' dir='ltr'><strong>ἡ</strong></span> <span class='ocrx_word' id='word_1_65' title='bbox 1368 922 1588 994; x_wconf 77' lang='grc' dir='ltr'><strong>κέδρος·</strong></span> <span class='ocrx_word' id='word_1_66' title='bbox 1630 921 1694 975; x_wconf 74' lang='grc' dir='ltr'><strong>τὸ</strong></span> 
     </span>
    </p>
   </div>
   <div class='ocr_carea' id='block_1_11' title="bbox 138 1014 1695 1094">
    <p class='ocr_par' dir='ltr' id='par_1_11' title="bbox 138 1014 1695 1094">
     <span class='ocr_line' id='line_1_11' title="bbox 138 1014 1695 1094; baseline -0.006 -19"><span class='ocrx_word' id='word_1_67' title='bbox 138 1023 188 1075; x_wconf 78' lang='grc' dir='ltr'><strong>δὲ</strong></span> <span class='ocrx_word' id='word_1_68' title='bbox 216 1021 450 1094; x_wconf 91' lang='grc' dir='ltr'><strong>χρυσίον,</strong></span> <span class='ocrx_word' id='word_1_69' title='bbox 501 1021 577 1085; x_wconf 86' lang='grc' dir='ltr'><strong>ὼς</strong></span> <span class='ocrx_word' id='word_1_70' title='bbox 617 1018 721 1091; x_wconf 80' lang='grc' dir='ltr'><strong>ὕλη</strong></span> <span class='ocrx_word' id='word_1_71' title='bbox 767 1017 877 1072; x_wconf 80' lang='grc' dir='ltr'><strong>τῶν</strong></span> <span class='ocrx_word' id='word_1_72' title='bbox 926 1016 1106 1072; x_wconf 74' lang='grc' dir='ltr'><strong>ἄλλων</strong></span> <span class='ocrx_word' id='word_1_73' title='bbox 1157 1014 1550 1088; x_wconf 82' lang='grc' dir='ltr'><strong>ὑπερηρμένη,</strong></span> <span class='ocrx_word' id='word_1_74' title='bbox 1594 1014 1695 1084; x_wconf 80' lang='grc' dir='ltr'><strong>τῆς</strong></span> 
     </span>
    </p>
   </div>
   <div class='ocr_carea' id='block_1_12' title="bbox 140 1104 1657 1185">
    <p class='ocr_par' dir='ltr' id='par_1_12' title="bbox 140 1104 1657 1185">
     <span class='ocr_line' id='line_1_12' title="bbox 140 1104 1657 1185; baseline -0.005 -21"><span class='ocrx_word' id='word_1_75' title='bbox 140 1112 275 1176; x_wconf 80' lang='grc' dir='ltr'><strong>θείας</strong></span> <span class='ocrx_word' id='word_1_76' title='bbox 298 1114 430 1185; x_wconf 75' lang='grc' dir='ltr'><strong>ἡμῖν</strong></span> <span class='ocrx_word' id='word_1_77' title='bbox 450 1112 637 1176; x_wconf 78' lang='grc' dir='ltr'><strong>οὐσίας</strong></span> <span class='ocrx_word' id='word_1_78' title='bbox 662 1109 1110 1182; x_wconf 84' lang='grc' dir='ltr'><strong>κατασημήνειεν</strong></span> <span class='ocrx_word' id='word_1_79' title='bbox 1139 1107 1207 1163; x_wconf 83' lang='grc' dir='ltr'><strong>ἂν</strong></span> <span class='ocrx_word' id='word_1_80' title='bbox 1238 1106 1338 1179; x_wconf 84' lang='grc' dir='ltr'><strong>τὴν</strong></span> <span class='ocrx_word' id='word_1_81' title='bbox 1364 1104 1657 1177; x_wconf 80' lang='grc' dir='ltr'><strong>ὑπεροχήν.</strong></span> 
     </span>
    </p>
   </div>
   <div class='ocr_carea' id='block_1_13' title="bbox 204 1195 1698 1277">
    <p class='ocr_par' dir='ltr' id='par_1_13' title="bbox 204 1195 1698 1277">
     <span class='ocr_line' id='line_1_13' title="bbox 204 1195 1698 1277; baseline -0.006 -20"><span class='ocrx_word' id='word_1_82' title='bbox 204 1202 383 1277; x_wconf 80' lang='grc' dir='ltr'><strong>’Δθρει</strong></span> <span class='ocrx_word' id='word_1_83' title='bbox 410 1204 487 1270; x_wconf 77' lang='grc' dir='ltr'><strong>δὲ,</strong></span> <span class='ocrx_word' id='word_1_84' title='bbox 512 1204 659 1269; x_wconf 83' lang='grc' dir='ltr'><strong>ὅπως</strong></span> <span class='ocrx_word' id='word_1_85' title='bbox 685 1204 719 1272; x_wconf 80' lang='grc' dir='ltr'><strong>ἡ</strong></span> <span class='ocrx_word' id='word_1_86' title='bbox 751 1201 981 1265; x_wconf 79' lang='grc' dir='ltr'><strong>κιϐωτὸς</strong></span> <span class='ocrx_word' id='word_1_87' title='bbox 1006 1201 1103 1272; x_wconf 84' lang='grc' dir='ltr'><strong>ὅλη</strong></span> <span class='ocrx_word' id='word_1_88' title='bbox 1131 1200 1447 1271; x_wconf 79' lang='grc' dir='ltr'><strong>κεχρύσωτο</strong></span> <span class='ocrx_word' id='word_1_89' title='bbox 1489 1195 1698 1269; x_wconf 85' lang='grc' dir='ltr'><strong>χρυσίῳ</strong></span> 
     </span>
    </p>
   </div>
   <div class='ocr_carea' id='block_1_14' title="bbox 35 1278 1697 1369">
    <p class='ocr_par' dir='ltr' id='par_1_14' title="bbox 35 1278 1697 1369">
     <span class='ocr_line' id='line_1_14' title="bbox 35 1278 1697 1369; baseline -0.006 -19"><span class='ocrx_word' id='word_1_90' title='bbox 35 1314 47 1326; x_wconf 80' lang='grc' dir='ltr'><strong>ο</strong></span> <span class='ocrx_word' id='word_1_91' title='bbox 138 1295 345 1369; x_wconf 80' lang='grc' dir='ltr'><strong>καθαρῷ</strong></span> <span class='ocrx_word' id='word_1_92' title='bbox 415 1278 618 1351; x_wconf 77' lang='grc' dir='ltr'><strong>ἔσωθεν</strong></span> <span class='ocrx_word' id='word_1_93' title='bbox 667 1296 763 1349; x_wconf 74' lang='grc' dir='ltr'><strong>καὶ</strong></span> <span class='ocrx_word' id='word_1_94' title='bbox 806 1293 1023 1360; x_wconf 74' lang='grc' dir='ltr'><strong>ἔξωθεν.</strong></span> <span class='ocrx_word' id='word_1_95' title='bbox 1070 1293 1287 1347; x_wconf 86' lang='grc' dir='ltr'><strong>Ἦνωτο</strong></span> <span class='ocrx_word' id='word_1_96' title='bbox 1335 1291 1434 1362; x_wconf 75' lang='grc' dir='ltr'><strong>μὲν</strong></span> <span class='ocrx_word' id='word_1_97' title='bbox 1472 1289 1581 1361; x_wconf 87' lang='grc' dir='ltr'><strong>γὰρ</strong></span> <span class='ocrx_word' id='word_1_98' title='bbox 1629 1289 1697 1359; x_wconf 83' lang='grc' dir='ltr'><strong>τῇ</strong></span> 
     </span>
    </p>
   </div>
   <div class='ocr_carea' id='block_1_15' title="bbox 137 1378 1702 1461">
    <p class='ocr_par' dir='ltr' id='par_1_15' title="bbox 137 1378 1702 1461">
     <span class='ocr_line' id='line_1_15' title="bbox 137 1378 1702 1461; baseline -0.007 -18"><span class='ocrx_word' id='word_1_99' title='bbox 137 1390 258 1461; x_wconf 79' lang='grc' dir='ltr'><strong>ἁγίᾳ</strong></span> <span class='ocrx_word' id='word_1_100' title='bbox 282 1390 443 1460; x_wconf 76' lang='grc' dir='ltr'><strong>σαρκὶ</strong></span> <span class='ocrx_word' id='word_1_101' title='bbox 468 1388 600 1451; x_wconf 79' lang='grc' dir='ltr'><strong>Θεὸς</strong></span> <span class='ocrx_word' id='word_1_102' title='bbox 628 1386 704 1441; x_wconf 86' lang='grc' dir='ltr'><strong>ὣν</strong></span> <span class='ocrx_word' id='word_1_103' title='bbox 730 1389 759 1441; x_wconf 85' lang='grc' dir='ltr'>ὁ</span> <span class='ocrx_word' id='word_1_104' title='bbox 790 1386 961 1455; x_wconf 84' lang='grc' dir='ltr'><strong>Λόγος</strong></span> <span class='ocrx_word' id='word_1_105' title='bbox 980 1400 995 1415; x_wconf 85' lang='grc'><strong>·</strong></span> <span class='ocrx_word' id='word_1_106' title='bbox 1036 1385 1129 1439; x_wconf 78' lang='grc' dir='ltr'><strong>καὶ</strong></span> <span class='ocrx_word' id='word_1_107' title='bbox 1156 1383 1335 1449; x_wconf 80' lang='grc' dir='ltr'><strong>τοῦτο,</strong></span> <span class='ocrx_word' id='word_1_108' title='bbox 1369 1378 1547 1453; x_wconf 70' lang='grc' dir='ltr'><strong>οἶμαι,</strong></span> <span class='ocrx_word' id='word_1_109' title='bbox 1582 1380 1702 1433; x_wconf 69' lang='grc' dir='ltr'><strong>ἐστὶ</strong></span> 
     </span>
    </p>
   </div>
   <div class='ocr_carea' id='block_1_16' title="bbox 134 1471 1701 1551">
    <p class='ocr_par' dir='ltr' id='par_1_16' title="bbox 134 1471 1701 1551">
     <span class='ocr_line' id='line_1_16' title="bbox 134 1471 1701 1551; baseline -0.007 -16"><span class='ocrx_word' id='word_1_110' title='bbox 134 1483 191 1536; x_wconf 75' lang='grc' dir='ltr'><strong>τὸ</strong></span> <span class='ocrx_word' id='word_1_111' title='bbox 227 1478 419 1546; x_wconf 74' lang='grc' dir='ltr'><strong>ἔξωθεν</strong></span> <span class='ocrx_word' id='word_1_112' title='bbox 462 1477 843 1551; x_wconf 84' lang='grc' dir='ltr'><strong>κεχρυσῶσθαι</strong></span> <span class='ocrx_word' id='word_1_113' title='bbox 863 1477 960 1550; x_wconf 82' lang='grc' dir='ltr'><strong>τὴν</strong></span> <span class='ocrx_word' id='word_1_114' title='bbox 981 1476 1235 1531; x_wconf 86' lang='grc' dir='ltr'><strong>κιϐωτόν.</strong></span> <span class='ocrx_word' id='word_1_115' title='bbox 1261 1476 1384 1529; x_wconf 88' lang='grc' dir='ltr'><strong>Ὅτι</strong></span> <span class='ocrx_word' id='word_1_116' title='bbox 1404 1474 1461 1528; x_wconf 79' lang='grc' dir='ltr'><strong>δὲ</strong></span> <span class='ocrx_word' id='word_1_117' title='bbox 1490 1472 1585 1526; x_wconf 78' lang='grc' dir='ltr'><strong>καὶ</strong></span> <span class='ocrx_word' id='word_1_118' title='bbox 1605 1471 1701 1544; x_wconf 75' lang='grc' dir='ltr'><strong>τὴν</strong></span> 
     </span>
    </p>
   </div>
   <div class='ocr_carea' id='block_1_17' title="bbox 135 1567 1698 1645">
    <p class='ocr_par' dir='ltr' id='par_1_17' title="bbox 135 1567 1698 1645">
     <span class='ocr_line' id='line_1_17' title="bbox 135 1567 1698 1645; baseline -0.004 -18"><span class='ocrx_word' id='word_1_119' title='bbox 135 1573 348 1628; x_wconf 78' lang='grc' dir='ltr'><strong>ἐνοῦσαν</strong></span> <span class='ocrx_word' id='word_1_120' title='bbox 367 1571 446 1645; x_wconf 80' lang='grc' dir='ltr'><strong>τῷ</strong></span> <span class='ocrx_word' id='word_1_121' title='bbox 477 1574 691 1644; x_wconf 85' lang='grc' dir='ltr'><strong>σώματι</strong></span> <span class='ocrx_word' id='word_1_122' title='bbox 720 1570 899 1642; x_wconf 78' lang='grc' dir='ltr'><strong>ψυχὴν</strong></span> <span class='ocrx_word' id='word_1_123' title='bbox 930 1567 1153 1641; x_wconf 81' lang='grc' dir='ltr'><strong>λογικὴν</strong></span> <span class='ocrx_word' id='word_1_124' title='bbox 1195 1568 1334 1623; x_wconf 84' lang='grc' dir='ltr'><strong>ίδίαν</strong></span> <span class='ocrx_word' id='word_1_125' title='bbox 1380 1570 1698 1641; x_wconf 72' lang='grc' dir='ltr'><strong>ἐποιήσατο,</strong></span> 
     </span>
    </p>
   </div>
   <div class='ocr_carea' id='block_1_18' title="bbox 136 1660 1705 1734">
    <p class='ocr_par' dir='ltr' id='par_1_18' title="bbox 136 1660 1705 1734">
     <span class='ocr_line' id='line_1_18' title="bbox 136 1660 1705 1734; baseline -0.006 -12"><span class='ocrx_word' id='word_1_126' title='bbox 136 1666 486 1733; x_wconf 81' lang='grc' dir='ltr'><strong>καταδείξειεν</strong></span> <span class='ocrx_word' id='word_1_127' title='bbox 507 1666 575 1721; x_wconf 68' lang='grc' dir='ltr'><strong>ἂν</strong></span> <span class='ocrx_word' id='word_1_128' title='bbox 603 1665 664 1718; x_wconf 82' lang='grc' dir='ltr'><strong>τὸ</strong></span> <span class='ocrx_word' id='word_1_129' title='bbox 684 1663 781 1719; x_wconf 76' lang='grc' dir='ltr'><strong>καὶ</strong></span> <span class='ocrx_word' id='word_1_130' title='bbox 796 1662 998 1716; x_wconf 73' lang='grc' dir='ltr'><strong>ἔσωθεν</strong></span> <span class='ocrx_word' id='word_1_131' title='bbox 1027 1662 1197 1734; x_wconf 76' lang='grc' dir='ltr'><strong>αὐτὴν</strong></span> <span class='ocrx_word' id='word_1_132' title='bbox 1226 1660 1705 1733; x_wconf 84' lang='grc' dir='ltr'><strong>καταχρυσοῠσθαι</strong></span> 
     </span>
    </p>
   </div>
   <div class='ocr_carea' id='block_1_19' title="bbox 132 1751 1704 1823">
    <p class='ocr_par' dir='ltr' id='par_1_19' title="bbox 132 1751 1704 1823">
     <span class='ocr_line' id='line_1_19' title="bbox 132 1751 1704 1823; baseline -0.004 -13"><span class='ocrx_word' id='word_1_133' title='bbox 132 1758 238 1811; x_wconf 83' lang='grc' dir='ltr'><strong>δεῖν</strong></span> <span class='ocrx_word' id='word_1_134' title='bbox 281 1756 551 1820; x_wconf 79' lang='grc' dir='ltr'><strong>ἐπιτάξαι.</strong></span> <span class='ocrx_word' id='word_1_135' title='bbox 585 1754 711 1808; x_wconf 75' lang='grc' dir='ltr'><strong>Ὀτι</strong></span> <span class='ocrx_word' id='word_1_136' title='bbox 743 1753 835 1806; x_wconf 80' lang='grc' dir='ltr'><strong>καὶ</strong></span> <span class='ocrx_word' id='word_1_137' title='bbox 881 1752 1177 1823; x_wconf 86' lang='grc' dir='ltr'><strong>ἀσύγχυτοι</strong></span> <span class='ocrx_word' id='word_1_138' title='bbox 1227 1753 1603 1823; x_wconf 81' lang='grc' dir='ltr'><strong>μεμενήκασιν</strong></span> <span class='ocrx_word' id='word_1_139' title='bbox 1648 1751 1704 1804; x_wconf 89' lang='grc' dir='ltr'><strong>αἱ</strong></span> 
     </span>
    </p>
   </div>
   <div class='ocr_carea' id='block_1_20' title="bbox 1798 558 3376 630">
    <p class='ocr_par' dir='ltr' id='par_1_20' title="bbox 1798 558 3376 630">
     <span class='ocr_line' id='line_1_20' title="bbox 1798 558 3376 630; baseline 0.001 -18"><span class='ocrx_word' id='word_1_140' title='bbox 1798 566 1973 613; x_wconf 87' lang='lat' dir='ltr'><strong>torum</strong></span> <span class='ocrx_word' id='word_1_141' title='bbox 1998 569 2053 615; x_wconf 87' lang='lat' dir='ltr'><strong>et</strong></span> <span class='ocrx_word' id='word_1_142' title='bbox 2075 560 2282 615; x_wconf 87' lang='lat' dir='ltr'><strong>dimidii</strong></span> <span class='ocrx_word' id='word_1_143' title='bbox 2310 560 2674 630; x_wconf 78' lang='lat' dir='ltr'><strong>longitudine;</strong></span> <span class='ocrx_word' id='word_1_144' title='bbox 2706 569 2763 614; x_wconf 87' lang='lat' dir='ltr'><strong>et</strong></span> <span class='ocrx_word' id='word_1_145' title='bbox 2794 558 3072 613; x_wconf 87' lang='lat' dir='ltr'><strong>iuaurabis</strong></span> <span class='ocrx_word' id='word_1_146' title='bbox 3093 573 3213 613; x_wconf 92' lang='lat' dir='ltr'><strong>eam</strong></span> <span class='ocrx_word' id='word_1_147' title='bbox 3243 574 3376 615; x_wconf 90' lang='lat' dir='ltr'><strong>auro</strong></span> 
     </span>
    </p>
   </div>
   <div class='ocr_carea' id='block_1_21' title="bbox 1796 650 3375 723">
    <p class='ocr_par' dir='ltr' id='par_1_21' title="bbox 1796 650 3375 723">
     <span class='ocr_line' id='line_1_21' title="bbox 1796 650 3375 723; baseline 0 -18"><span class='ocrx_word' id='word_1_148' title='bbox 1796 664 1951 721; x_wconf 91' lang='lat' dir='ltr'><strong>puro,</strong></span> <span class='ocrx_word' id='word_1_149' title='bbox 1984 658 2139 708; x_wconf 89' lang='lat' dir='ltr'><strong>extra</strong></span> <span class='ocrx_word' id='word_1_150' title='bbox 2165 659 2221 708; x_wconf 88' lang='lat' dir='ltr'><strong>et</strong></span> <span class='ocrx_word' id='word_1_151' title='bbox 2259 651 2401 706; x_wconf 89' lang='lat' dir='ltr'><strong>intra</strong></span> <span class='ocrx_word' id='word_1_152' title='bbox 2438 650 2717 706; x_wconf 84' lang='lat' dir='ltr'><strong>inaurabis</strong></span> <span class='ocrx_word' id='word_1_153' title='bbox 2745 651 2946 704; x_wconf 82' lang='lat' dir='ltr'><strong>eam&quot;.</strong></span> <span class='ocrx_word' id='word_1_154' title='bbox 2979 669 2998 702; x_wconf 70' lang='grc' dir='ltr'><strong>ι</strong></span> <span class='ocrx_word' id='word_1_155' title='bbox 3033 650 3139 705; x_wconf 87' lang='lat' dir='ltr'><strong>Sed</strong></span> <span class='ocrx_word' id='word_1_156' title='bbox 3172 651 3375 723; x_wconf 90' lang='lat' dir='ltr'><strong>lignum</strong></span> 
     </span>
    </p>
   </div>
   <div class='ocr_carea' id='block_1_22' title="bbox 1796 739 3377 812">
    <p class='ocr_par' dir='ltr' id='par_1_22' title="bbox 1796 739 3377 812">
     <span class='ocr_line' id='line_1_22' title="bbox 1796 739 3377 812; baseline -0.001 -17"><span class='ocrx_word' id='word_1_157' title='bbox 1796 741 2037 812; x_wconf 85' lang='lat' dir='ltr'><strong>quidem,</strong></span> <span class='ocrx_word' id='word_1_158' title='bbox 2071 757 2196 796; x_wconf 91' lang='lat' dir='ltr'><strong>cum</strong></span> <span class='ocrx_word' id='word_1_159' title='bbox 2226 741 2559 811; x_wconf 87' lang='lat' dir='ltr'><strong>imputribile</strong></span> <span class='ocrx_word' id='word_1_160' title='bbox 2588 740 2679 806; x_wconf 89' lang='lat' dir='ltr'><strong>sit,</strong></span> <span class='ocrx_word' id='word_1_161' title='bbox 2704 751 2789 794; x_wconf 91' lang='lat' dir='ltr'><strong>est</strong></span> <span class='ocrx_word' id='word_1_162' title='bbox 2815 743 2983 808; x_wconf 84' lang='lat' dir='ltr'><strong>tigura</strong></span> <span class='ocrx_word' id='word_1_163' title='bbox 3022 740 3267 810; x_wconf 89' lang='lat' dir='ltr'><strong>corporis</strong></span> <span class='ocrx_word' id='word_1_164' title='bbox 3295 739 3377 795; x_wconf 76' lang='lat' dir='ltr'><strong>in—</strong></span> 
     </span>
    </p>
   </div>
   <div class='ocr_carea' id='block_1_23' title="bbox 1799 832 3377 902">
    <p class='ocr_par' dir='ltr' id='par_1_23' title="bbox 1799 832 3377 902">
     <span class='ocr_line' id='line_1_23' title="bbox 1799 832 3377 902; baseline -0.001 -15"><span class='ocrx_word' id='word_1_165' title='bbox 1799 834 2038 902; x_wconf 92' lang='lat' dir='ltr'><strong>corrupti</strong></span> <span class='ocrx_word' id='word_1_166' title='bbox 2073 849 2088 887; x_wconf 88' lang='lat'><strong>:</strong></span> <span class='ocrx_word' id='word_1_167' title='bbox 2118 832 2468 902; x_wconf 90' lang='lat' dir='ltr'><strong>imputribilis</strong></span> <span class='ocrx_word' id='word_1_168' title='bbox 2512 832 2658 888; x_wconf 90' lang='lat' dir='ltr'><strong>enim</strong></span> <span class='ocrx_word' id='word_1_169' title='bbox 2708 832 2936 898; x_wconf 82' lang='lat' dir='ltr'><strong>cedrus;</strong></span> <span class='ocrx_word' id='word_1_170' title='bbox 3000 846 3195 886; x_wconf 88' lang='lat' dir='ltr'><strong>aurum</strong></span> <span class='ocrx_word' id='word_1_171' title='bbox 3226 847 3377 897; x_wconf 89' lang='lat' dir='ltr'><strong>vero,</strong></span> 
     </span>
    </p>
   </div>
   <div class='ocr_carea' id='block_1_24' title="bbox 1799 923 3377 994">
    <p class='ocr_par' dir='ltr' id='par_1_24' title="bbox 1799 923 3377 994">
     <span class='ocr_line' id='line_1_24' title="bbox 1799 923 3377 994; baseline 0.001 -16"><span class='ocrx_word' id='word_1_172' title='bbox 1799 924 1953 994; x_wconf 89' lang='lat' dir='ltr'><strong>quasi</strong></span> <span class='ocrx_word' id='word_1_173' title='bbox 1991 924 2245 980; x_wconf 88' lang='lat' dir='ltr'><strong>materies</strong></span> <span class='ocrx_word' id='word_1_174' title='bbox 2276 923 2396 978; x_wconf 87' lang='lat' dir='ltr'><strong>aliis</strong></span> <span class='ocrx_word' id='word_1_175' title='bbox 2425 925 2737 994; x_wconf 82' lang='lat' dir='ltr'><strong>pretiosior,</strong></span> <span class='ocrx_word' id='word_1_176' title='bbox 2761 925 2957 980; x_wconf 65' lang='lat' dir='ltr'><strong>divinae</strong></span> <span class='ocrx_word' id='word_1_177' title='bbox 2988 924 3143 979; x_wconf 89' lang='lat' dir='ltr'><strong>nobis</strong></span> <span class='ocrx_word' id='word_1_178' title='bbox 3171 924 3377 979; x_wconf 85' lang='lat' dir='ltr'><strong>indicat</strong></span> 
     </span>
    </p>
   </div>
   <div class='ocr_carea' id='block_1_25' title="bbox 1801 1013 2524 1083">
    <p class='ocr_par' dir='ltr' id='par_1_25' title="bbox 1801 1013 2524 1083">
     <span class='ocr_line' id='line_1_25' title="bbox 1801 1013 2524 1083; baseline -0.001 -12"><span class='ocrx_word' id='word_1_179' title='bbox 1801 1014 2124 1071; x_wconf 71' lang='lat' dir='ltr'><strong>substantia:</strong></span> <span class='ocrx_word' id='word_1_180' title='bbox 2162 1013 2524 1083; x_wconf 73' lang='lat' dir='ltr'><strong>maiestatem.</strong></span> 
     </span>
    </p>
   </div>
   <div class='ocr_carea' id='block_1_26' title="bbox 1871 1192 3384 1263">
    <p class='ocr_par' dir='ltr' id='par_1_26' title="bbox 1871 1192 3384 1263">
     <span class='ocr_line' id='line_1_26' title="bbox 1871 1192 3384 1263; baseline 0.001 -16"><span class='ocrx_word' id='word_1_181' title='bbox 1871 1193 2152 1249; x_wconf 75' lang='lat' dir='ltr'><strong>Attendite</strong></span> <span class='ocrx_word' id='word_1_182' title='bbox 2199 1192 2363 1263; x_wconf 79' lang='lat' dir='ltr'><strong>igitur</strong></span> <span class='ocrx_word' id='word_1_183' title='bbox 2407 1192 2663 1263; x_wconf 88' lang='lat' dir='ltr'><strong>quoniam</strong></span> <span class='ocrx_word' id='word_1_184' title='bbox 2698 1207 2824 1248; x_wconf 86' lang='lat' dir='ltr'><strong>arca</strong></span> <span class='ocrx_word' id='word_1_185' title='bbox 2872 1200 2983 1249; x_wconf 91' lang='lat' dir='ltr'><strong>tota</strong></span> <span class='ocrx_word' id='word_1_186' title='bbox 3031 1194 3278 1248; x_wconf 87' lang='lat' dir='ltr'><strong>inaurata</strong></span> <span class='ocrx_word' id='word_1_187' title='bbox 3307 1194 3384 1248; x_wconf 90' lang='lat' dir='ltr'><strong>sit</strong></span> 
     </span>
    </p>
   </div>
   <div class='ocr_carea' id='block_1_27' title="bbox 1804 1283 3385 1355">
    <p class='ocr_par' dir='ltr' id='par_1_27' title="bbox 1804 1283 3385 1355">
     <span class='ocr_line' id='line_1_27' title="bbox 1804 1283 3385 1355; baseline 0.001 -18"><span class='ocrx_word' id='word_1_188' title='bbox 1804 1298 1937 1340; x_wconf 89' lang='lat' dir='ltr'><strong>auro</strong></span> <span class='ocrx_word' id='word_1_189' title='bbox 1965 1299 2103 1355; x_wconf 90' lang='lat' dir='ltr'><strong>puro</strong></span> <span class='ocrx_word' id='word_1_190' title='bbox 2143 1293 2296 1339; x_wconf 86' lang='lat' dir='ltr'><strong>extra</strong></span> <span class='ocrx_word' id='word_1_191' title='bbox 2333 1294 2387 1339; x_wconf 92' lang='lat' dir='ltr'><strong>et</strong></span> <span class='ocrx_word' id='word_1_192' title='bbox 2435 1284 2598 1338; x_wconf 90' lang='lat' dir='ltr'><strong>intra.</strong></span> <span class='ocrx_word' id='word_1_193' title='bbox 2633 1283 2917 1339; x_wconf 86' lang='lat' dir='ltr'><strong>Adunatus</strong></span> <span class='ocrx_word' id='word_1_194' title='bbox 2952 1285 3171 1353; x_wconf 88' lang='lat' dir='ltr'><strong>quidem</strong></span> <span class='ocrx_word' id='word_1_195' title='bbox 3203 1284 3385 1339; x_wconf 79' lang='lat' dir='ltr'><strong>fuerat</strong></span> 
     </span>
    </p>
   </div>
   <div class='ocr_carea' id='block_1_28' title="bbox 1805 1370 3381 1440">
    <p class='ocr_par' dir='ltr' id='par_1_28' title="bbox 1805 1370 3381 1440">
     <span class='ocr_line' id='line_1_28' title="bbox 1805 1370 3381 1440; baseline -0.003 -11"><span class='ocrx_word' id='word_1_196' title='bbox 1805 1383 2005 1430; x_wconf 82' lang='lat' dir='ltr'><strong>sanctae</strong></span> <span class='ocrx_word' id='word_1_197' title='bbox 2048 1372 2197 1428; x_wconf 88' lang='lat' dir='ltr'><strong>carni</strong></span> <span class='ocrx_word' id='word_1_198' title='bbox 2248 1372 2390 1428; x_wconf 89' lang='lat' dir='ltr'><strong>Deus</strong></span> <span class='ocrx_word' id='word_1_199' title='bbox 2421 1370 2679 1436; x_wconf 80' lang='lat' dir='ltr'><strong>Verbum,</strong></span> <span class='ocrx_word' id='word_1_200' title='bbox 2711 1382 2767 1426; x_wconf 91' lang='lat' dir='ltr'><strong>et</strong></span> <span class='ocrx_word' id='word_1_201' title='bbox 2815 1370 2868 1427; x_wconf 93' lang='lat' dir='ltr'><strong>id</strong></span> <span class='ocrx_word' id='word_1_202' title='bbox 2914 1380 3017 1437; x_wconf 89' lang='lat' dir='ltr'><strong>est,</strong></span> <span class='ocrx_word' id='word_1_203' title='bbox 3064 1378 3123 1424; x_wconf 91' lang='lat' dir='ltr'><strong>ut</strong></span> <span class='ocrx_word' id='word_1_204' title='bbox 3169 1372 3381 1440; x_wconf 87' lang='lat' dir='ltr'><strong>opinor,</strong></span> 
     </span>
    </p>
   </div>
   <div class='ocr_carea' id='block_1_29' title="bbox 1808 1461 3380 1529">
    <p class='ocr_par' dir='ltr' id='par_1_29' title="bbox 1808 1461 3380 1529">
     <span class='ocr_line' id='line_1_29' title="bbox 1808 1461 3380 1529; baseline -0.003 -9"><span class='ocrx_word' id='word_1_205' title='bbox 1808 1479 1990 1520; x_wconf 83' lang='lat' dir='ltr'><strong>aream</strong></span> <span class='ocrx_word' id='word_1_206' title='bbox 2012 1463 2182 1519; x_wconf 84' lang='lat' dir='ltr'><strong>fuisse</strong></span> <span class='ocrx_word' id='word_1_207' title='bbox 2210 1471 2362 1519; x_wconf 90' lang='lat' dir='ltr'><strong>extra</strong></span> <span class='ocrx_word' id='word_1_208' title='bbox 2391 1463 2716 1517; x_wconf 87' lang='lat' dir='ltr'><strong>inauratam.</strong></span> <span class='ocrx_word' id='word_1_209' title='bbox 2737 1461 2890 1529; x_wconf 88' lang='lat' dir='ltr'><strong>Quod</strong></span> <span class='ocrx_word' id='word_1_210' title='bbox 2914 1476 3044 1518; x_wconf 88' lang='lat' dir='ltr'><strong>vero</strong></span> <span class='ocrx_word' id='word_1_211' title='bbox 3064 1468 3119 1517; x_wconf 91' lang='lat' dir='ltr'><strong>et</strong></span> <span class='ocrx_word' id='word_1_212' title='bbox 3145 1461 3380 1516; x_wconf 89' lang='lat' dir='ltr'><strong>animam</strong></span> 
     </span>
    </p>
   </div>
   <div class='ocr_carea' id='block_1_30' title="bbox 1808 1553 3382 1626">
    <p class='ocr_par' dir='ltr' id='par_1_30' title="bbox 1808 1553 3382 1626">
     <span class='ocr_line' id='line_1_30' title="bbox 1808 1553 3382 1626; baseline -0.003 -15"><span class='ocrx_word' id='word_1_213' title='bbox 1808 1555 2205 1621; x_wconf 86' lang='lat' dir='ltr'><strong>rationabilem,</strong></span> <span class='ocrx_word' id='word_1_214' title='bbox 2235 1570 2356 1626; x_wconf 69' lang='lat' dir='ltr'><strong>quae</strong></span> <span class='ocrx_word' id='word_1_215' title='bbox 2386 1554 2606 1625; x_wconf 84' lang='lat' dir='ltr'><strong>corpori</strong></span> <span class='ocrx_word' id='word_1_216' title='bbox 2633 1554 2828 1620; x_wconf 86' lang='lat' dir='ltr'><strong>inerat,</strong></span> <span class='ocrx_word' id='word_1_217' title='bbox 2859 1553 3130 1624; x_wconf 83' lang='lat' dir='ltr'><strong>propriam</strong></span> <span class='ocrx_word' id='word_1_218' title='bbox 3168 1553 3382 1620; x_wconf 79' lang='lat' dir='ltr'><strong>fecerit,</strong></span> 
     </span>
    </p>
   </div>
   <div class='ocr_carea' id='block_1_31' title="bbox 1810 1644 3382 1718">
    <p class='ocr_par' dir='ltr' id='par_1_31' title="bbox 1810 1644 3382 1718">
     <span class='ocr_line' id='line_1_31' title="bbox 1810 1644 3382 1718; baseline -0.004 -15"><span class='ocrx_word' id='word_1_219' title='bbox 1810 1662 1877 1704; x_wconf 90' lang='lat' dir='ltr'><strong>ex</strong></span> <span class='ocrx_word' id='word_1_220' title='bbox 1910 1648 2013 1703; x_wconf 91' lang='lat' dir='ltr'><strong>hoc</strong></span> <span class='ocrx_word' id='word_1_221' title='bbox 2038 1656 2279 1718; x_wconf 86' lang='lat' dir='ltr'><strong>apparet,</strong></span> <span class='ocrx_word' id='word_1_222' title='bbox 2310 1646 2452 1717; x_wconf 92' lang='lat' dir='ltr'><strong>quod</strong></span> <span class='ocrx_word' id='word_1_223' title='bbox 2480 1655 2538 1702; x_wconf 91' lang='lat' dir='ltr'><strong>et</strong></span> <span class='ocrx_word' id='word_1_224' title='bbox 2562 1646 2705 1701; x_wconf 89' lang='lat' dir='ltr'><strong>intra</strong></span> <span class='ocrx_word' id='word_1_225' title='bbox 2733 1660 2915 1701; x_wconf 91' lang='lat' dir='ltr'><strong>arcam</strong></span> <span class='ocrx_word' id='word_1_226' title='bbox 2951 1645 3267 1714; x_wconf 81' lang='lat' dir='ltr'><strong>praeceperit</strong></span> <span class='ocrx_word' id='word_1_227' title='bbox 3297 1644 3382 1697; x_wconf 89' lang='lat' dir='ltr'><strong>in-</strong></span> 
     </span>
    </p>
   </div>
   <div class='ocr_carea' id='block_1_32' title="bbox 1812 1735 3384 1811">
    <p class='ocr_par' dir='ltr' id='par_1_32' title="bbox 1812 1735 3384 1811">
     <span class='ocr_line' id='line_1_32' title="bbox 1812 1735 3384 1811; baseline -0.004 -18"><span class='ocrx_word' id='word_1_228' title='bbox 1812 1739 2014 1795; x_wconf 81' lang='lat' dir='ltr'><strong>aurari.</strong></span> <span class='ocrx_word' id='word_1_229' title='bbox 2053 1737 2229 1811; x_wconf 84' lang='lat' dir='ltr'><strong>[Quod</strong></span> <span class='ocrx_word' id='word_1_230' title='bbox 2261 1749 2438 1794; x_wconf 89' lang='lat' dir='ltr'><strong>autem</strong></span> <span class='ocrx_word' id='word_1_231' title='bbox 2472 1748 2682 1794; x_wconf 72' lang='lat' dir='ltr'><strong>natura:</strong></span> <span class='ocrx_word' id='word_1_232' title='bbox 2708 1736 2824 1792; x_wconf 82' lang='lat' dir='ltr'><strong>sive</strong></span> <span class='ocrx_word' id='word_1_233' title='bbox 2849 1735 3166 1793; x_wconf 64' lang='lat' dir='ltr'><strong>substantiae</strong></span> <span class='ocrx_word' id='word_1_234' title='bbox 3195 1735 3384 1793; x_wconf 86' lang='lat' dir='ltr'><strong>incon-</strong></span> 
     </span>
    </p>
   </div>
   <div class='ocr_carea' id='block_1_33' title="bbox 134 1827 1703 1921">
    <p class='ocr_par' dir='ltr' id='par_1_33' title="bbox 134 1843 1703 1921">
     <span class='ocr_line' id='line_1_33' title="bbox 134 1843 1703 1921; baseline -0.006 -17"><span class='ocrx_word' id='word_1_235' title='bbox 134 1849 337 1920; x_wconf 84' lang='grc' dir='ltr'><strong>φύσεις,</strong></span> <span class='ocrx_word' id='word_1_236' title='bbox 384 1850 554 1921; x_wconf 72' lang='grc' dir='ltr'><strong>ἧγουν</strong></span> <span class='ocrx_word' id='word_1_237' title='bbox 602 1845 951 1911; x_wconf 82' lang='grc' dir='ltr'><strong>ύποστάσεις,</strong></span> <span class='ocrx_word' id='word_1_238' title='bbox 993 1843 1244 1898; x_wconf 76' lang='grc' dir='ltr'><strong>ἐντεῦθεν</strong></span> <span class='ocrx_word' id='word_1_239' title='bbox 1301 1843 1579 1915; x_wconf 79' lang='grc' dir='ltr'><strong>εἰσόμεθα.</strong></span> <span class='ocrx_word' id='word_1_240' title='bbox 1632 1843 1703 1895; x_wconf 78' lang='grc' dir='ltr'>Τὸ</span> 
     </span>
    </p>
   </div>
   <div class='ocr_carea' id='block_1_34' title="bbox 1818 1827 3386 1921">
    <p class='ocr_par' dir='ltr' id='par_1_34' title="bbox 1818 1827 3386 1897">
     <span class='ocr_line' id='line_1_34' title="bbox 1818 1827 3386 1897; baseline -0.004 -11"><span class='ocrx_word' id='word_1_241' title='bbox 1818 1830 1944 1887; x_wconf 63' lang='lat' dir='ltr'><strong>insae.</strong></span> <span class='ocrx_word' id='word_1_242' title='bbox 1996 1831 2316 1897; x_wconf 87' lang='lat' dir='ltr'><strong>manserint,</strong></span> <span class='ocrx_word' id='word_1_243' title='bbox 2346 1831 2472 1886; x_wconf 91' lang='lat' dir='ltr'><strong>hinc</strong></span> <span class='ocrx_word' id='word_1_244' title='bbox 2516 1830 2722 1886; x_wconf 87' lang='lat' dir='ltr'><strong>scimus</strong></span> <span class='ocrx_word' id='word_1_245' title='bbox 2752 1848 2767 1885; x_wconf 88' lang='lat'><strong>:</strong></span> <span class='ocrx_word' id='word_1_246' title='bbox 2796 1844 2989 1884; x_wconf 89' lang='lat' dir='ltr'><strong>aurum</strong></span> <span class='ocrx_word' id='word_1_247' title='bbox 3018 1827 3161 1882; x_wconf 89' lang='lat' dir='ltr'><strong>enim</strong></span> <span class='ocrx_word' id='word_1_248' title='bbox 3196 1839 3386 1896; x_wconf 87' lang='lat' dir='ltr'><strong>super-</strong></span> 
     </span>
    </p>
   </div>
   <div class='ocr_carea' id='block_1_35' title="bbox 132 1934 1708 2014">
    <p class='ocr_par' dir='ltr' id='par_1_35' title="bbox 132 1934 1708 2014">
     <span class='ocr_line' id='line_1_35' title="bbox 132 1934 1708 2014; baseline -0.005 -17"><span class='ocrx_word' id='word_1_249' title='bbox 132 1942 238 2014; x_wconf 86' lang='grc' dir='ltr'><strong>γάρ</strong></span> <span class='ocrx_word' id='word_1_250' title='bbox 262 1957 339 1996; x_wconf 88' lang='grc' dir='ltr'><strong>τοι</strong></span> <span class='ocrx_word' id='word_1_251' title='bbox 364 1938 585 2013; x_wconf 89' lang='grc' dir='ltr'><strong>χρυσίον</strong></span> <span class='ocrx_word' id='word_1_252' title='bbox 612 1937 1084 2009; x_wconf 83' lang='grc' dir='ltr'><strong>ὲπαληλειμμένον</strong></span> <span class='ocrx_word' id='word_1_253' title='bbox 1106 1934 1186 2008; x_wconf 81' lang='grc' dir='ltr'><strong>τῷ</strong></span> <span class='ocrx_word' id='word_1_254' title='bbox 1206 1934 1369 2007; x_wconf 82' lang='grc' dir='ltr'><strong>ξύλῳ,</strong></span> <span class='ocrx_word' id='word_1_255' title='bbox 1400 1936 1708 2007; x_wconf 85' lang='grc' dir='ltr'><strong>μεμένηκεν</strong></span> 
     </span>
    </p>
   </div>
   <div class='ocr_carea' id='block_1_36' title="bbox 131 2027 1707 2108">
    <p class='ocr_par' dir='ltr' id='par_1_36' title="bbox 131 2027 1707 2108">
     <span class='ocr_line' id='line_1_36' title="bbox 131 2027 1707 2108; baseline -0.006 -18"><span class='ocrx_word' id='word_1_256' title='bbox 131 2038 265 2106; x_wconf 79' lang='grc' dir='ltr'><strong>ὅπερ</strong></span> <span class='ocrx_word' id='word_1_257' title='bbox 292 2031 358 2108; x_wconf 81' lang='grc' dir='ltr'><strong>ἦν</strong></span> <span class='ocrx_word' id='word_1_258' title='bbox 376 2051 393 2066; x_wconf 69' lang='grc'><strong>⁸</strong></span> <span class='ocrx_word' id='word_1_259' title='bbox 441 2033 537 2088; x_wconf 70' lang='grc' dir='ltr'><strong>καὶ</strong></span> <span class='ocrx_word' id='word_1_260' title='bbox 562 2030 917 2087; x_wconf 84' lang='grc' dir='ltr'><strong>κατεπλούτει</strong></span> <span class='ocrx_word' id='word_1_261' title='bbox 950 2029 1050 2102; x_wconf 78' lang='grc' dir='ltr'><strong>μὲν</strong></span> <span class='ocrx_word' id='word_1_262' title='bbox 1081 2030 1143 2084; x_wconf 88' lang='grc' dir='ltr'><strong>τδ</strong></span> <span class='ocrx_word' id='word_1_263' title='bbox 1168 2028 1324 2095; x_wconf 80' lang='grc' dir='ltr'><strong>ξύλον</strong></span> <span class='ocrx_word' id='word_1_264' title='bbox 1348 2027 1443 2082; x_wconf 80' lang='grc' dir='ltr'><strong>τοῦ</strong></span> <span class='ocrx_word' id='word_1_265' title='bbox 1484 2029 1707 2101; x_wconf 89' lang='grc' dir='ltr'><strong>χρυσίου</strong></span> 
     </span>
    </p>
   </div>
   <div class='ocr_carea' id='block_1_37' title="bbox 131 2119 1709 2197">
    <p class='ocr_par' dir='ltr' id='par_1_37' title="bbox 131 2119 1709 2197">
     <span class='ocr_line' id='line_1_37' title="bbox 131 2119 1709 2197; baseline -0.003 -16"><span class='ocrx_word' id='word_1_266' title='bbox 131 2128 227 2196; x_wconf 83' lang='grc' dir='ltr'><strong>τὴν</strong></span> <span class='ocrx_word' id='word_1_267' title='bbox 250 2126 405 2193; x_wconf 76' lang='grc' dir='ltr'><strong>δόξαν</strong></span> <span class='ocrx_word' id='word_1_268' title='bbox 422 2142 436 2156; x_wconf 83' lang='lat'><strong>&#39;</strong></span> <span class='ocrx_word' id='word_1_269' title='bbox 470 2126 611 2197; x_wconf 79' lang='grc' dir='ltr'><strong>πλὴν</strong></span> <span class='ocrx_word' id='word_1_270' title='bbox 636 2124 737 2180; x_wconf 83' lang='grc' dir='ltr'><strong>οὐκ</strong></span> <span class='ocrx_word' id='word_1_271' title='bbox 764 2126 977 2197; x_wconf 75' lang='grc' dir='ltr'><strong>ἀπέστη</strong></span> <span class='ocrx_word' id='word_1_272' title='bbox 1001 2124 1095 2178; x_wconf 77' lang='grc' dir='ltr'><strong>τοῦ</strong></span> <span class='ocrx_word' id='word_1_273' title='bbox 1119 2119 1260 2180; x_wconf 79' lang='grc' dir='ltr'><strong>εῖναι</strong></span> <span class='ocrx_word' id='word_1_274' title='bbox 1287 2122 1464 2189; x_wconf 81' lang='grc' dir='ltr'><strong>ξύλον.</strong></span> <span class='ocrx_word' id='word_1_275' title='bbox 1499 2124 1621 2178; x_wconf 86' lang='grc' dir='ltr'><strong>’Ότι</strong></span> <span class='ocrx_word' id='word_1_276' title='bbox 1650 2124 1709 2178; x_wconf 83' lang='grc' dir='ltr'><strong>δὲ</strong></span> 
     </span>
    </p>
   </div>
   <div class='ocr_carea' id='block_1_38' title="bbox 131 2211 1707 2288">
    <p class='ocr_par' dir='ltr' id='par_1_38' title="bbox 131 2211 1707 2288">
     <span class='ocr_line' id='line_1_38' title="bbox 131 2211 1707 2288; baseline -0.003 -17"><span class='ocrx_word' id='word_1_277' title='bbox 131 2219 164 2288; x_wconf 80' lang='grc' dir='ltr'><strong>ἡ</strong></span> <span class='ocrx_word' id='word_1_278' title='bbox 199 2216 428 2280; x_wconf 84' lang='grc' dir='ltr'><strong>κιϐωτὸς</strong></span> <span class='ocrx_word' id='word_1_279' title='bbox 469 2216 551 2280; x_wconf 80' lang='grc' dir='ltr'><strong>εἰς</strong></span> <span class='ocrx_word' id='word_1_280' title='bbox 577 2214 750 2271; x_wconf 78' lang='grc' dir='ltr'><strong>τύπον</strong></span> <span class='ocrx_word' id='word_1_281' title='bbox 792 2214 1288 2288; x_wconf 82' lang='grc' dir='ltr'><strong>παραλαμϐάνεται</strong></span> <span class='ocrx_word' id='word_1_282' title='bbox 1327 2213 1423 2268; x_wconf 80' lang='grc' dir='ltr'><strong>τοῦ</strong></span> <span class='ocrx_word' id='word_1_283' title='bbox 1447 2211 1707 2285; x_wconf 80' lang='grc' dir='ltr'><strong>Χριστοῦ,</strong></span> 
     </span>
    </p>
   </div>
   <div class='ocr_carea' id='block_1_39' title="bbox 129 2304 1710 2378">
    <p class='ocr_par' dir='ltr' id='par_1_39' title="bbox 129 2304 1710 2378">
     <span class='ocr_line' id='line_1_39' title="bbox 129 2304 1710 2378; baseline -0.001 -17"><span class='ocrx_word' id='word_1_284' title='bbox 129 2308 215 2362; x_wconf 80' lang='grc' dir='ltr'><strong>διὰ</strong></span> <span class='ocrx_word' id='word_1_285' title='bbox 245 2307 453 2361; x_wconf 86' lang='grc' dir='ltr'><strong>πολλῶν</strong></span> <span class='ocrx_word' id='word_1_286' title='bbox 481 2307 547 2363; x_wconf 80' lang='grc' dir='ltr'><strong>ἄν</strong></span> <span class='ocrx_word' id='word_1_287' title='bbox 574 2323 659 2371; x_wconf 91' lang='grc' dir='ltr'><strong>τις</strong></span> <span class='ocrx_word' id='word_1_288' title='bbox 678 2306 1013 2362; x_wconf 80' lang='grc' dir='ltr'><strong>πιστώσεται</strong></span> <span class='ocrx_word' id='word_1_289' title='bbox 1035 2305 1575 2378; x_wconf 72' lang='grc' dir='ltr'><strong>λόγωνσπροεϐάδιζε</strong></span> <span class='ocrx_word' id='word_1_290' title='bbox 1601 2304 1710 2376; x_wconf 81' lang='grc' dir='ltr'><strong>γὰρ</strong></span> 
     </span>
    </p>
   </div>
   <div class='ocr_carea' id='block_1_40' title="bbox 1806 1919 3387 1995">
    <p class='ocr_par' dir='ltr' id='par_1_40' title="bbox 1806 1919 3387 1995">
     <span class='ocr_line' id='line_1_40' title="bbox 1806 1919 3387 1995; baseline -0.005 -16"><span class='ocrx_word' id='word_1_291' title='bbox 1806 1923 2043 1995; x_wconf 87' lang='lat' dir='ltr'><strong>positum</strong></span> <span class='ocrx_word' id='word_1_292' title='bbox 2090 1922 2236 1993; x_wconf 90' lang='lat' dir='ltr'><strong>ligno</strong></span> <span class='ocrx_word' id='word_1_293' title='bbox 2290 1922 2491 1977; x_wconf 84' lang='lat' dir='ltr'><strong>mansit</strong></span> <span class='ocrx_word' id='word_1_294' title='bbox 2544 1921 2597 1977; x_wconf 94' lang='lat' dir='ltr'><strong>id</strong></span> <span class='ocrx_word' id='word_1_295' title='bbox 2640 1922 2784 1993; x_wconf 91' lang='lat' dir='ltr'><strong>quod</strong></span> <span class='ocrx_word' id='word_1_296' title='bbox 2831 1930 2972 1985; x_wconf 89' lang='lat' dir='ltr'><strong>erat,</strong></span> <span class='ocrx_word' id='word_1_297' title='bbox 3004 1926 3059 1973; x_wconf 91' lang='lat' dir='ltr'><strong>et</strong></span> <span class='ocrx_word' id='word_1_298' title='bbox 3090 1919 3387 1972; x_wconf 85' lang='lat' dir='ltr'><strong>ornabatur</strong></span> 
     </span>
    </p>
   </div>
   <div class='ocr_carea' id='block_1_41' title="bbox 1808 2014 3382 2087">
    <p class='ocr_par' dir='ltr' id='par_1_41' title="bbox 1808 2014 3382 2087">
     <span class='ocr_line' id='line_1_41' title="bbox 1808 2014 3382 2087; baseline -0.004 -16"><span class='ocrx_word' id='word_1_299' title='bbox 1808 2016 2023 2087; x_wconf 89' lang='lat' dir='ltr'><strong>quidem</strong></span> <span class='ocrx_word' id='word_1_300' title='bbox 2048 2015 2251 2087; x_wconf 77' lang='lat' dir='ltr'><strong>lignum</strong></span> <span class='ocrx_word' id='word_1_301' title='bbox 2280 2014 2399 2070; x_wconf 91' lang='lat' dir='ltr'><strong>auri</strong></span> <span class='ocrx_word' id='word_1_302' title='bbox 2422 2015 2655 2080; x_wconf 90' lang='lat' dir='ltr'><strong>decore;</strong></span> <span class='ocrx_word' id='word_1_303' title='bbox 2689 2024 2873 2068; x_wconf 87' lang='lat' dir='ltr'><strong>tamen</strong></span> <span class='ocrx_word' id='word_1_304' title='bbox 2904 2014 3106 2083; x_wconf 87' lang='lat' dir='ltr'><strong>lignum</strong></span> <span class='ocrx_word' id='word_1_305' title='bbox 3133 2026 3255 2067; x_wconf 88' lang='lat' dir='ltr'><strong>esse</strong></span> <span class='ocrx_word' id='word_1_306' title='bbox 3278 2025 3382 2065; x_wconf 89' lang='lat' dir='ltr'><strong>non</strong></span> 
     </span>
    </p>
   </div>
   <div class='ocr_carea' id='block_1_42' title="bbox 1809 2100 3385 2174">
    <p class='ocr_par' dir='ltr' id='par_1_42' title="bbox 1809 2100 3385 2174">
     <span class='ocr_line' id='line_1_42' title="bbox 1809 2100 3385 2174; baseline -0.008 -10"><span class='ocrx_word' id='word_1_307' title='bbox 1809 2106 1986 2163; x_wconf 88' lang='lat' dir='ltr'><strong>desiit.</strong></span> <span class='ocrx_word' id='word_1_308' title='bbox 2012 2105 2165 2174; x_wconf 84' lang='lat' dir='ltr'><strong>Quod</strong></span> <span class='ocrx_word' id='word_1_309' title='bbox 2197 2119 2326 2161; x_wconf 89' lang='lat' dir='ltr'><strong>vero</strong></span> <span class='ocrx_word' id='word_1_310' title='bbox 2355 2120 2480 2159; x_wconf 89' lang='lat' dir='ltr'><strong>arca</strong></span> <span class='ocrx_word' id='word_1_311' title='bbox 2519 2105 2572 2159; x_wconf 91' lang='lat' dir='ltr'><strong>in</strong></span> <span class='ocrx_word' id='word_1_312' title='bbox 2602 2103 2803 2160; x_wconf 85' lang='lat' dir='ltr'><strong>Christi</strong></span> <span class='ocrx_word' id='word_1_313' title='bbox 2853 2102 3150 2173; x_wconf 86' lang='lat' dir='ltr'><strong>accipiatur</strong></span> <span class='ocrx_word' id='word_1_314' title='bbox 3191 2100 3385 2170; x_wconf 87' lang='lat' dir='ltr'><strong>imagi-</strong></span> 
     </span>
    </p>
   </div>
   <div class='ocr_carea' id='block_1_43' title="bbox 1809 2189 3384 2269">
    <p class='ocr_par' dir='ltr' id='par_1_43' title="bbox 1809 2189 3384 2269">
     <span class='ocr_line' id='line_1_43' title="bbox 1809 2189 3384 2269; baseline -0.007 -14"><span class='ocrx_word' id='word_1_315' title='bbox 1809 2215 1955 2264; x_wconf 87' lang='lat' dir='ltr'><strong>nem,</strong></span> <span class='ocrx_word' id='word_1_316' title='bbox 1986 2198 2230 2269; x_wconf 85' lang='lat' dir='ltr'><strong>pluribus</strong></span> <span class='ocrx_word' id='word_1_317' title='bbox 2272 2206 2453 2267; x_wconf 89' lang='lat' dir='ltr'><strong>potest</strong></span> <span class='ocrx_word' id='word_1_318' title='bbox 2487 2195 2903 2267; x_wconf 87' lang='lat' dir='ltr'><strong>probationibus</strong></span> <span class='ocrx_word' id='word_1_319' title='bbox 2950 2191 3210 2249; x_wconf 90' lang='lat' dir='ltr'><strong>declarari</strong></span> <span class='ocrx_word' id='word_1_320' title='bbox 3243 2189 3384 2263; x_wconf 81' lang='lat' dir='ltr'><strong>(I).]</strong></span> 
     </span>
    </p>
   </div>
   <div class='ocr_carea' id='block_1_44' title="bbox 1809 2284 3387 2358">
    <p class='ocr_par' dir='ltr' id='par_1_44' title="bbox 1809 2284 3387 2358">
     <span class='ocr_line' id='line_1_44' title="bbox 1809 2284 3387 2358; baseline -0.008 -10"><span class='ocrx_word' id='word_1_321' title='bbox 1809 2289 2239 2348; x_wconf 69' lang='lat' dir='ltr'><strong>Prteambulabat</strong></span> <span class='ocrx_word' id='word_1_322' title='bbox 2266 2290 2410 2345; x_wconf 90' lang='lat' dir='ltr'><strong>enim</strong></span> <span class='ocrx_word' id='word_1_323' title='bbox 2441 2289 2525 2345; x_wconf 90' lang='lat' dir='ltr'><strong>his</strong></span> <span class='ocrx_word' id='word_1_324' title='bbox 2555 2288 2648 2358; x_wconf 90' lang='lat' dir='ltr'><strong>qui</strong></span> <span class='ocrx_word' id='word_1_325' title='bbox 2678 2296 2806 2345; x_wconf 91' lang='lat' dir='ltr'><strong>sunt</strong></span> <span class='ocrx_word' id='word_1_326' title='bbox 2830 2302 2896 2343; x_wconf 91' lang='lat' dir='ltr'><strong>ex</strong></span> <span class='ocrx_word' id='word_1_327' title='bbox 2920 2284 3103 2350; x_wconf 89' lang='lat' dir='ltr'><strong>Israel,</strong></span> <span class='ocrx_word' id='word_1_328' title='bbox 3134 2297 3387 2354; x_wconf 70' lang='lat' dir='ltr'><strong>quaerens</strong></span> 
     </span>
    </p>
   </div>
   <div class='ocr_carea' id='block_1_45' title="bbox 1811 2373 3391 2453">
    <p class='ocr_par' dir='ltr' id='par_1_45' title="bbox 1811 2373 3391 2453">
     <span class='ocr_line' id='line_1_45' title="bbox 1811 2373 3391 2453; baseline -0.008 -15"><span class='ocrx_word' id='word_1_329' title='bbox 1811 2383 1945 2453; x_wconf 87' lang='lat' dir='ltr'><strong>ipsis</strong></span> <span class='ocrx_word' id='word_1_330' title='bbox 1997 2381 2263 2450; x_wconf 90' lang='lat' dir='ltr'><strong>requiem.</strong></span> <span class='ocrx_word' id='word_1_331' title='bbox 2299 2380 2390 2435; x_wconf 85' lang='lat' dir='ltr'><strong>Ait</strong></span> <span class='ocrx_word' id='word_1_332' title='bbox 2437 2378 2636 2435; x_wconf 87' lang='lat' dir='ltr'><strong>alicubi</strong></span> <span class='ocrx_word' id='word_1_333' title='bbox 2688 2387 2742 2434; x_wconf 89' lang='lat' dir='ltr'><strong>et</strong></span> <span class='ocrx_word' id='word_1_334' title='bbox 2784 2376 3078 2433; x_wconf 84' lang='lat' dir='ltr'><strong>Christus:</strong></span> <span class='ocrx_word' id='word_1_335' title='bbox 3125 2392 3145 2428; x_wconf 90' lang='grc' dir='ltr'><strong>ι</strong></span> <span class='ocrx_word' id='word_1_336' title='bbox 3178 2373 3289 2437; x_wconf 92' lang='lat' dir='ltr'><strong>Ibo,</strong></span> <span class='ocrx_word' id='word_1_337' title='bbox 3334 2382 3391 2427; x_wconf 89' lang='lat' dir='ltr'><strong>et</strong></span> 
     </span>
    </p>
   </div>
   <div class='ocr_carea' id='block_1_46' title="bbox 1811 2472 2539 2548">
    <p class='ocr_par' dir='ltr' id='par_1_46' title="bbox 1811 2472 2539 2548">
     <span class='ocr_line' id='line_1_46' title="bbox 1811 2472 2539 2548; baseline -0.008 -17"><span class='ocrx_word' id='word_1_338' title='bbox 1811 2475 2015 2548; x_wconf 89' lang='lat' dir='ltr'><strong>parabo</strong></span> <span class='ocrx_word' id='word_1_339' title='bbox 2045 2473 2199 2531; x_wconf 81' lang='lat' dir='ltr'><strong>vobis</strong></span> <span class='ocrx_word' id='word_1_340' title='bbox 2227 2474 2402 2529; x_wconf 90' lang='lat' dir='ltr'><strong>locum</strong></span> <span class='ocrx_word' id='word_1_341' title='bbox 2418 2472 2488 2527; x_wconf 79' lang='grc' dir='ltr'><strong>⁸ο.</strong></span> <span class='ocrx_word' id='word_1_342' title='bbox 2521 2491 2539 2525; x_wconf 74' lang='grc' dir='ltr'><strong>ι</strong></span> 
     </span>
    </p>
   </div>
   <div class='ocr_carea' id='block_1_47' title="bbox 125 2394 1711 2472">
    <p class='ocr_par' dir='ltr' id='par_1_47' title="bbox 125 2394 1711 2472">
     <span class='ocr_line' id='line_1_47' title="bbox 125 2394 1711 2472; baseline -0.003 -20"><span class='ocrx_word' id='word_1_343' title='bbox 125 2400 235 2454; x_wconf 80' lang='grc' dir='ltr'><strong>τῶν</strong></span> <span class='ocrx_word' id='word_1_344' title='bbox 263 2397 323 2464; x_wconf 78' lang='grc' dir='ltr'><strong>ἐξ</strong></span> <span class='ocrx_word' id='word_1_345' title='bbox 355 2399 591 2471; x_wconf 83' lang='grc' dir='ltr'><strong>Ἰσραὴλ,</strong></span> <span class='ocrx_word' id='word_1_346' title='bbox 626 2397 868 2472; x_wconf 81' lang='grc' dir='ltr'><strong>ζητοῦσα</strong></span> <span class='ocrx_word' id='word_1_347' title='bbox 891 2398 1076 2462; x_wconf 83' lang='grc' dir='ltr'><strong>αὐτοῖς</strong></span> <span class='ocrx_word' id='word_1_348' title='bbox 1102 2397 1432 2453; x_wconf 81' lang='grc' dir='ltr'><strong>ἀνάπαυσιν.</strong></span> <span class='ocrx_word' id='word_1_349' title='bbox 1470 2397 1615 2468; x_wconf 83' lang='grc' dir='ltr'><strong>Ἔφη</strong></span> <span class='ocrx_word' id='word_1_350' title='bbox 1652 2394 1711 2449; x_wconf 79' lang='grc' dir='ltr'><strong>δέ</strong></span> 
     </span>
    </p>
   </div>
   <div class='ocr_carea' id='block_1_48' title="bbox 128 2488 1712 2564">
    <p class='ocr_par' dir='ltr' id='par_1_48' title="bbox 128 2488 1712 2564">
     <span class='ocr_line' id='line_1_48' title="bbox 128 2488 1712 2564; baseline -0.003 -19"><span class='ocrx_word' id='word_1_351' title='bbox 128 2510 233 2545; x_wconf 81' lang='grc' dir='ltr'><strong>που</strong></span> <span class='ocrx_word' id='word_1_352' title='bbox 251 2493 347 2546; x_wconf 79' lang='grc' dir='ltr'><strong>καὶ</strong></span> <span class='ocrx_word' id='word_1_353' title='bbox 365 2494 393 2547; x_wconf 83' lang='grc' dir='ltr'>ὁ</span> <span class='ocrx_word' id='word_1_354' title='bbox 418 2491 673 2564; x_wconf 83' lang='grc' dir='ltr'><strong>Χριστός·</strong></span> <span class='ocrx_word' id='word_1_355' title='bbox 704 2510 723 2544; x_wconf 80' lang='grc' dir='ltr'><strong>ι</strong></span> <span class='ocrx_word' id='word_1_356' title='bbox 744 2489 1118 2563; x_wconf 85' lang='grc' dir='ltr'><strong>Πορεύσομαι,</strong></span> <span class='ocrx_word' id='word_1_357' title='bbox 1136 2491 1233 2545; x_wconf 70' lang='grc' dir='ltr'><strong>καὶ</strong></span> <span class='ocrx_word' id='word_1_358' title='bbox 1255 2489 1530 2561; x_wconf 80' lang='grc' dir='ltr'><strong>ἑτοιμάσω</strong></span> <span class='ocrx_word' id='word_1_359' title='bbox 1547 2488 1712 2542; x_wconf 82' lang='grc' dir='ltr'><strong>τόπον</strong></span> 
     </span>
    </p>
   </div>
   <div class='ocr_carea' id='block_1_49' title="bbox 127 2586 330 2639">
    <p class='ocr_par' dir='ltr' id='par_1_49' title="bbox 127 2586 330 2639">
     <span class='ocr_line' id='line_1_49' title="bbox 127 2586 330 2639; baseline 0 0"><span class='ocrx_word' id='word_1_360' title='bbox 127 2586 283 2639; x_wconf 70' lang='grc' dir='ltr'><strong>ὑμῖν.</strong></span> <span class='ocrx_word' id='word_1_361' title='bbox 308 2603 330 2639; x_wconf 68' lang='grc' dir='ltr'><strong>ι</strong></span> 
     </span>
    </p>
   </div>
   <div class='ocr_carea' id='block_1_50' title="bbox 166 2604 3393 2728">
    <p class='ocr_par' dir='ltr' id='par_1_50' title="bbox 166 2604 3393 2728">
     <span class='ocr_line' id='line_1_50' title="bbox 213 2604 330 2639; baseline 0.009 -1"><span class='ocrx_word' id='word_1_362' title='bbox 213 2604 283 2639; x_wconf 86' lang='grc' dir='ltr'><strong>ιν.</strong></span> <span class='ocrx_word' id='word_1_363' title='bbox 308 2604 330 2639; x_wconf 63' lang='grc' dir='ltr'><strong><em>ὓ</em></strong></span> 
     </span>
     <span class='ocr_line' id='line_1_51' title="bbox 166 2604 3393 2728; baseline -0.01 4"><span class='ocrx_word' id='word_1_364' title='bbox 166 2604 206 2657; x_wconf 68' lang='grc' dir='ltr'><strong>μ</strong></span> <span class='ocrx_word' id='word_1_365' title='bbox 766 2717 831 2728; x_wconf 85' lang='grc'><strong>,.,</strong></span> <span class='ocrx_word' id='word_1_366' title='bbox 857 2716 891 2728; x_wconf 70' lang='lat'><strong>..</strong></span> <span class='ocrx_word' id='word_1_367' title='bbox 955 2712 1053 2728; x_wconf 82' lang='lat'><strong>-._.</strong></span> <span class='ocrx_word' id='word_1_368' title='bbox 1883 2654 2167 2712; x_wconf 86' lang='lat' dir='ltr'><strong>Credimus</strong></span> <span class='ocrx_word' id='word_1_369' title='bbox 2196 2653 2381 2728; x_wconf 89' lang='lat' dir='ltr'><strong>igitur,</strong></span> <span class='ocrx_word' id='word_1_370' title='bbox 2405 2667 2510 2708; x_wconf 90' lang='lat' dir='ltr'><strong>non</strong></span> <span class='ocrx_word' id='word_1_371' title='bbox 2542 2653 2597 2707; x_wconf 90' lang='lat' dir='ltr'><strong>in</strong></span> <span class='ocrx_word' id='word_1_372' title='bbox 2625 2666 2792 2706; x_wconf 91' lang='lat' dir='ltr'><strong>unum</strong></span> <span class='ocrx_word' id='word_1_373' title='bbox 2824 2647 2997 2705; x_wconf 90' lang='lat' dir='ltr'><strong>nostri</strong></span> <span class='ocrx_word' id='word_1_374' title='bbox 3028 2644 3259 2703; x_wconf 88' lang='lat' dir='ltr'><strong>similem</strong></span> <span class='ocrx_word' id='word_1_375' title='bbox 3284 2645 3393 2701; x_wconf 80' lang='lat' dir='ltr'><strong>dei-</strong></span> 
     </span>
    </p>
   </div>
   <div class='ocr_carea' id='block_1_51' title="bbox 1816 2736 3394 2820">
    <p class='ocr_par' dir='ltr' id='par_1_51' title="bbox 1816 2736 3394 2820">
     <span class='ocr_line' id='line_1_52' title="bbox 1816 2736 3394 2820; baseline -0.008 -16"><span class='ocrx_word' id='word_1_376' title='bbox 1816 2757 1926 2804; x_wconf 90' lang='lat' dir='ltr'><strong>tate</strong></span> <span class='ocrx_word' id='word_1_377' title='bbox 1951 2763 2047 2819; x_wconf 89' lang='lat' dir='ltr'><strong>per</strong></span> <span class='ocrx_word' id='word_1_378' title='bbox 2072 2746 2303 2820; x_wconf 86' lang='lat' dir='ltr'><strong>gratiam</strong></span> <span class='ocrx_word' id='word_1_379' title='bbox 2333 2745 2681 2808; x_wconf 89' lang='lat' dir='ltr'><strong>honoratum,</strong></span> <span class='ocrx_word' id='word_1_380' title='bbox 2715 2756 2784 2796; x_wconf 89' lang='lat' dir='ltr'><strong>ne</strong></span> <span class='ocrx_word' id='word_1_381' title='bbox 2813 2740 3050 2796; x_wconf 91' lang='lat' dir='ltr'><strong>cultores</strong></span> <span class='ocrx_word' id='word_1_382' title='bbox 3075 2752 3198 2794; x_wconf 89' lang='lat' dir='ltr'><strong>esse</strong></span> <span class='ocrx_word' id='word_1_383' title='bbox 3223 2736 3394 2793; x_wconf 81' lang='lat' dir='ltr'><strong>homi-</strong></span> 
     </span>
    </p>
   </div>
   <div class='ocr_carea' id='block_1_52' title="bbox 1816 2827 3393 2911">
    <p class='ocr_par' dir='ltr' id='par_1_52' title="bbox 1816 2827 3393 2911">
     <span class='ocr_line' id='line_1_53' title="bbox 1816 2827 3393 2911; baseline -0.01 -15"><span class='ocrx_word' id='word_1_384' title='bbox 1816 2841 1902 2896; x_wconf 89' lang='lat' dir='ltr'><strong>nis</strong></span> <span class='ocrx_word' id='word_1_385' title='bbox 1928 2841 2276 2911; x_wconf 86' lang='lat' dir='ltr'><strong>detegamur;</strong></span> <span class='ocrx_word' id='word_1_386' title='bbox 2308 2835 2402 2893; x_wconf 90' lang='lat' dir='ltr'><strong>sed</strong></span> <span class='ocrx_word' id='word_1_387' title='bbox 2426 2837 2480 2891; x_wconf 93' lang='lat' dir='ltr'><strong>in</strong></span> <span class='ocrx_word' id='word_1_388' title='bbox 2511 2835 2794 2891; x_wconf 89' lang='lat' dir='ltr'><strong>Dominum</strong></span> <span class='ocrx_word' id='word_1_389' title='bbox 2816 2831 3008 2902; x_wconf 87' lang='lat' dir='ltr'><strong>magis,</strong></span> <span class='ocrx_word' id='word_1_390' title='bbox 3027 2830 3117 2900; x_wconf 89' lang='lat' dir='ltr'><strong>qui</strong></span> <span class='ocrx_word' id='word_1_391' title='bbox 3138 2830 3192 2883; x_wconf 93' lang='lat' dir='ltr'><strong>in</strong></span> <span class='ocrx_word' id='word_1_392' title='bbox 3209 2827 3393 2883; x_wconf 80' lang='lat' dir='ltr'><strong>servili</strong></span> 
     </span>
    </p>
   </div>
   <div class='ocr_carea' id='block_1_53' title="bbox 1815 2920 3395 3000">
    <p class='ocr_par' dir='ltr' id='par_1_53' title="bbox 1815 2920 3395 3000">
     <span class='ocr_line' id='line_1_54' title="bbox 1815 2920 3395 3000; baseline -0.009 -12"><span class='ocrx_word' id='word_1_393' title='bbox 1815 2933 1992 2988; x_wconf 77' lang='lat' dir='ltr'><strong>forma</strong></span> <span class='ocrx_word' id='word_1_394' title='bbox 2031 2929 2352 3000; x_wconf 90' lang='lat' dir='ltr'><strong>comparuit,</strong></span> <span class='ocrx_word' id='word_1_395' title='bbox 2384 2937 2440 2984; x_wconf 90' lang='lat' dir='ltr'><strong>et</strong></span> <span class='ocrx_word' id='word_1_396' title='bbox 2472 2927 2562 2999; x_wconf 91' lang='lat' dir='ltr'><strong>qui</strong></span> <span class='ocrx_word' id='word_1_397' title='bbox 2594 2925 2697 2980; x_wconf 77' lang='lat' dir='ltr'><strong>fuit</strong></span> <span class='ocrx_word' id='word_1_398' title='bbox 2727 2939 2853 2979; x_wconf 90' lang='lat' dir='ltr'><strong>vere</strong></span> <span class='ocrx_word' id='word_1_399' title='bbox 2890 2922 3061 2980; x_wconf 90' lang='lat' dir='ltr'><strong>nostri</strong></span> <span class='ocrx_word' id='word_1_400' title='bbox 3095 2920 3310 2985; x_wconf 90' lang='lat' dir='ltr'><strong>similis,</strong></span> <span class='ocrx_word' id='word_1_401' title='bbox 3338 2928 3395 2973; x_wconf 88' lang='lat' dir='ltr'><strong>et</strong></span> 
     </span>
    </p>
   </div>
   <div class='ocr_carea' id='block_1_54' title="bbox 1817 3011 3397 3077">
    <p class='ocr_par' dir='ltr' id='par_1_54' title="bbox 1817 3011 3397 3077">
     <span class='ocr_line' id='line_1_55' title="bbox 1817 3011 3397 3077; baseline -0.008 0"><span class='ocrx_word' id='word_1_402' title='bbox 1817 3023 1872 3077; x_wconf 90' lang='lat' dir='ltr'><strong>in</strong></span> <span class='ocrx_word' id='word_1_403' title='bbox 1903 3021 2241 3076; x_wconf 89' lang='lat' dir='ltr'><strong>humanitate</strong></span> <span class='ocrx_word' id='word_1_404' title='bbox 2268 3029 2446 3074; x_wconf 88' lang='lat' dir='ltr'><strong>tamen</strong></span> <span class='ocrx_word' id='word_1_405' title='bbox 2479 3017 2621 3073; x_wconf 86' lang='lat' dir='ltr'><strong>Deus</strong></span> <span class='ocrx_word' id='word_1_406' title='bbox 2653 3015 2854 3071; x_wconf 89' lang='lat' dir='ltr'><strong>mansit</strong></span> <span class='ocrx_word' id='word_1_407' title='bbox 2880 3033 2894 3071; x_wconf 87' lang='lat'><strong>:</strong></span> <span class='ocrx_word' id='word_1_408' title='bbox 2921 3014 3064 3070; x_wconf 84' lang='lat' dir='ltr'><strong>Deus</strong></span> <span class='ocrx_word' id='word_1_409' title='bbox 3090 3013 3235 3068; x_wconf 91' lang='lat' dir='ltr'><strong>enim</strong></span> <span class='ocrx_word' id='word_1_410' title='bbox 3264 3011 3397 3067; x_wconf 84' lang='lat' dir='ltr'><strong>Ver-</strong></span> 
     </span>
    </p>
   </div>
   <div class='ocr_carea' id='block_1_55' title="bbox 1818 3105 3395 3182">
    <p class='ocr_par' dir='ltr' id='par_1_55' title="bbox 1818 3105 3395 3182">
     <span class='ocr_line' id='line_1_56' title="bbox 1818 3105 3395 3182; baseline -0.007 -12"><span class='ocrx_word' id='word_1_411' title='bbox 1818 3115 1968 3180; x_wconf 89' lang='lat' dir='ltr'><strong>bum,</strong></span> <span class='ocrx_word' id='word_1_412' title='bbox 1998 3128 2159 3169; x_wconf 91' lang='lat' dir='ltr'><strong>carne</strong></span> <span class='ocrx_word' id='word_1_413' title='bbox 2184 3120 2481 3182; x_wconf 87' lang='lat' dir='ltr'><strong>assumpta,</strong></span> <span class='ocrx_word' id='word_1_414' title='bbox 2516 3125 2623 3165; x_wconf 91' lang='lat' dir='ltr'><strong>non</strong></span> <span class='ocrx_word' id='word_1_415' title='bbox 2660 3108 2907 3178; x_wconf 88' lang='lat' dir='ltr'><strong>deposuit</strong></span> <span class='ocrx_word' id='word_1_416' title='bbox 2947 3107 3091 3178; x_wconf 90' lang='lat' dir='ltr'><strong>quod</strong></span> <span class='ocrx_word' id='word_1_417' title='bbox 3114 3116 3271 3173; x_wconf 90' lang='lat' dir='ltr'><strong>erat;</strong></span> <span class='ocrx_word' id='word_1_418' title='bbox 3306 3105 3395 3160; x_wconf 92' lang='lat' dir='ltr'><strong>in-</strong></span> 
     </span>
    </p>
   </div>
   <div class='ocr_carea' id='block_1_56' title="bbox 1823 3200 3116 3277">
    <p class='ocr_par' dir='ltr' id='par_1_56' title="bbox 1823 3200 3116 3277">
     <span class='ocr_line' id='line_1_57' title="bbox 1823 3200 3116 3277; baseline -0.005 -15"><span class='ocrx_word' id='word_1_419' title='bbox 1823 3206 2081 3277; x_wconf 89' lang='lat' dir='ltr'><strong>telligitur</strong></span> <span class='ocrx_word' id='word_1_420' title='bbox 2106 3214 2286 3260; x_wconf 86' lang='lat' dir='ltr'><strong>tamen</strong></span> <span class='ocrx_word' id='word_1_421' title='bbox 2315 3204 2457 3259; x_wconf 91' lang='lat' dir='ltr'><strong>idem</strong></span> <span class='ocrx_word' id='word_1_422' title='bbox 2489 3202 2633 3258; x_wconf 91' lang='lat' dir='ltr'><strong>Deus</strong></span> <span class='ocrx_word' id='word_1_423' title='bbox 2662 3201 2826 3256; x_wconf 87' lang='lat' dir='ltr'><strong>simul</strong></span> <span class='ocrx_word' id='word_1_424' title='bbox 2854 3208 2909 3256; x_wconf 89' lang='lat' dir='ltr'><strong>et</strong></span> <span class='ocrx_word' id='word_1_425' title='bbox 2932 3200 3116 3255; x_wconf 91' lang='lat' dir='ltr'><strong>homo.</strong></span> 
     </span>
    </p>
   </div>
   <div class='ocr_carea' id='block_1_57' title="bbox 1889 3290 3399 3368">
    <p class='ocr_par' dir='ltr' id='par_1_57' title="bbox 1889 3290 3399 3368">
     <span class='ocr_line' id='line_1_58' title="bbox 1889 3290 3399 3368; baseline -0.007 -13"><span class='ocrx_word' id='word_1_426' title='bbox 1889 3300 1956 3355; x_wconf 87' lang='lat' dir='ltr'><strong>Et</strong></span> <span class='ocrx_word' id='word_1_427' title='bbox 1994 3299 2119 3355; x_wconf 80' lang='lat' dir='ltr'><strong>ﬁdei</strong></span> <span class='ocrx_word' id='word_1_428' title='bbox 2165 3298 2382 3368; x_wconf 89' lang='lat' dir='ltr'><strong>quidem</strong></span> <span class='ocrx_word' id='word_1_429' title='bbox 2425 3295 2568 3351; x_wconf 89' lang='lat' dir='ltr'><strong>ratio</strong></span> <span class='ocrx_word' id='word_1_430' title='bbox 2600 3295 2674 3349; x_wconf 92' lang='lat' dir='ltr'><strong>ita</strong></span> <span class='ocrx_word' id='word_1_431' title='bbox 2708 3307 2769 3350; x_wconf 91' lang='lat' dir='ltr'><strong>se</strong></span> <span class='ocrx_word' id='word_1_432' title='bbox 2795 3291 2978 3357; x_wconf 89' lang='lat' dir='ltr'><strong>habet,</strong></span> <span class='ocrx_word' id='word_1_433' title='bbox 3012 3300 3067 3346; x_wconf 92' lang='lat' dir='ltr'><strong>et</strong></span> <span class='ocrx_word' id='word_1_434' title='bbox 3095 3299 3241 3346; x_wconf 92' lang='lat' dir='ltr'><strong>recte</strong></span> <span class='ocrx_word' id='word_1_435' title='bbox 3276 3290 3399 3360; x_wconf 92' lang='lat' dir='ltr'><strong>qui-</strong></span> 
     </span>
    </p>
   </div>
   <div class='ocr_carea' id='block_1_58' title="bbox 1818 3382 3396 3457">
    <p class='ocr_par' dir='ltr' id='par_1_58' title="bbox 1818 3382 3396 3457">
     <span class='ocr_line' id='line_1_59' title="bbox 1818 3382 3396 3457; baseline -0.008 -9"><span class='ocrx_word' id='word_1_436' title='bbox 1818 3393 1963 3448; x_wconf 86' lang='lat' dir='ltr'><strong>dem.</strong></span> <span class='ocrx_word' id='word_1_437' title='bbox 1992 3389 2099 3446; x_wconf 88' lang='lat' dir='ltr'><strong>Sed</strong></span> <span class='ocrx_word' id='word_1_438' title='bbox 2143 3392 2187 3445; x_wconf 93' lang='lat' dir='ltr'><strong>si</strong></span> <span class='ocrx_word' id='word_1_439' title='bbox 2232 3389 2373 3445; x_wconf 83' lang='lat' dir='ltr'><strong>forte</strong></span> <span class='ocrx_word' id='word_1_440' title='bbox 2417 3386 2615 3457; x_wconf 88' lang='lat' dir='ltr'><strong>aliquis</strong></span> <span class='ocrx_word' id='word_1_441' title='bbox 2660 3385 2827 3450; x_wconf 89' lang='lat' dir='ltr'><strong>dicat,</strong></span> <span class='ocrx_word' id='word_1_442' title='bbox 2864 3383 3009 3453; x_wconf 89' lang='lat' dir='ltr'><strong>Quid</strong></span> <span class='ocrx_word' id='word_1_443' title='bbox 3043 3382 3170 3436; x_wconf 87' lang='lat' dir='ltr'><strong>mali</strong></span> <span class='ocrx_word' id='word_1_444' title='bbox 3216 3389 3319 3447; x_wconf 89' lang='lat' dir='ltr'><strong>est,</strong></span> <span class='ocrx_word' id='word_1_445' title='bbox 3348 3382 3396 3435; x_wconf 88' lang='lat' dir='ltr'><strong>si</strong></span> 
     </span>
    </p>
   </div>
   <div class='ocr_carea' id='block_1_59' title="bbox 1821 3469 3400 3549">
    <p class='ocr_par' dir='ltr' id='par_1_59' title="bbox 1821 3469 3400 3549">
     <span class='ocr_line' id='line_1_60' title="bbox 1821 3469 3400 3549; baseline -0.007 -15"><span class='ocrx_word' id='word_1_446' title='bbox 1821 3479 2154 3549; x_wconf 86' lang='lat' dir='ltr'><strong>intelligatur</strong></span> <span class='ocrx_word' id='word_1_447' title='bbox 2198 3477 2363 3532; x_wconf 90' lang='lat' dir='ltr'><strong>homo</strong></span> <span class='ocrx_word' id='word_1_448' title='bbox 2410 3474 2608 3531; x_wconf 88' lang='lat' dir='ltr'><strong>similis</strong></span> <span class='ocrx_word' id='word_1_449' title='bbox 2642 3473 2816 3529; x_wconf 90' lang='lat' dir='ltr'><strong>nostri</strong></span> <span class='ocrx_word' id='word_1_450' title='bbox 2848 3470 3253 3543; x_wconf 87' lang='lat' dir='ltr'><strong>apprehendere</strong></span> <span class='ocrx_word' id='word_1_451' title='bbox 3282 3469 3400 3524; x_wconf 89' lang='lat' dir='ltr'><strong>dei-</strong></span> 
     </span>
    </p>
   </div>
   <div class='ocr_carea' id='block_1_60' title="bbox 761 2712 1074 2774">
    <p class='ocr_par' dir='ltr' id='par_1_60' title="bbox 761 2712 1074 2774">
     <span class='ocr_line' id='line_1_61' title="bbox 761 2712 1074 2774; baseline -0.01 0"><span class='ocrx_word' id='word_1_452' title='bbox 761 2716 916 2774; x_wconf 80' lang='lat' dir='ltr'><strong>CAP.</strong></span> <span class='ocrx_word' id='word_1_453' title='bbox 955 2712 1074 2771; x_wconf 76' lang='lat' dir='ltr'><strong>XII.</strong></span> 
     </span>
    </p>
   </div>
   <div class='ocr_carea' id='block_1_61' title="bbox 128 2823 1715 2897">
    <p class='ocr_par' dir='ltr' id='par_1_61' title="bbox 128 2823 1715 2897">
     <span class='ocr_line' id='line_1_62' title="bbox 128 2823 1715 2897; baseline -0.001 -15"><span class='ocrx_word' id='word_1_454' title='bbox 128 2827 287 2894; x_wconf 81' lang='lat' dir='ltr'><strong>Quod</strong></span> <span class='ocrx_word' id='word_1_455' title='bbox 315 2843 433 2882; x_wconf 85' lang='lat' dir='ltr'><strong>cum</strong></span> <span class='ocrx_word' id='word_1_456' title='bbox 453 2836 583 2882; x_wconf 82' lang='lat' dir='ltr'><strong>esset</strong></span> <span class='ocrx_word' id='word_1_457' title='bbox 625 2826 762 2883; x_wconf 79' lang='lat' dir='ltr'><strong>Deus</strong></span> <span class='ocrx_word' id='word_1_458' title='bbox 805 2825 1049 2895; x_wconf 69' lang='lat' dir='ltr'><strong>Verbum,</strong></span> <span class='ocrx_word' id='word_1_459' title='bbox 1083 2826 1258 2897; x_wconf 74' lang='lat' dir='ltr'><strong>{actus</strong></span> <span class='ocrx_word' id='word_1_460' title='bbox 1296 2826 1364 2881; x_wconf 81' lang='lat' dir='ltr'><strong>sit</strong></span> <span class='ocrx_word' id='word_1_461' title='bbox 1407 2823 1582 2897; x_wconf 76' lang='lat' dir='ltr'><strong>homo,</strong></span> <span class='ocrx_word' id='word_1_462' title='bbox 1622 2842 1715 2881; x_wconf 82' lang='lat' dir='ltr'><strong>nec</strong></span> 
     </span>
    </p>
   </div>
   <div class='ocr_carea' id='block_1_62' title="bbox 202 2895 1712 2966">
    <p class='ocr_par' dir='ltr' id='par_1_62' title="bbox 202 2895 1712 2966">
     <span class='ocr_line' id='line_1_63' title="bbox 202 2895 1712 2966; baseline 0.001 -16"><span class='ocrx_word' id='word_1_463' title='bbox 202 2900 361 2952; x_wconf 80' lang='lat' dir='ltr'><strong>homo</strong></span> <span class='ocrx_word' id='word_1_464' title='bbox 406 2898 756 2966; x_wconf 64' lang='lat' dir='ltr'><strong>simplieiter,</strong></span> <span class='ocrx_word' id='word_1_465' title='bbox 805 2902 950 2951; x_wconf 84' lang='lat' dir='ltr'><strong>nuda</strong></span> <span class='ocrx_word' id='word_1_466' title='bbox 988 2895 1358 2966; x_wconf 60' lang='lat' dir='ltr'><strong>conjunctione</strong></span> <span class='ocrx_word' id='word_1_467' title='bbox 1405 2895 1712 2963; x_wconf 75' lang='lat' dir='ltr'><strong>honoratus,</strong></span> 
     </span>
    </p>
   </div>
   <div class='ocr_carea' id='block_1_63' title="bbox 202 2964 1716 3035">
    <p class='ocr_par' dir='ltr' id='par_1_63' title="bbox 202 2964 1716 3035">
     <span class='ocr_line' id='line_1_64' title="bbox 202 2964 1716 3035; baseline 0 -14"><span class='ocrx_word' id='word_1_468' title='bbox 202 2977 419 3022; x_wconf 78' lang='lat' dir='ltr'><strong>vocatus</strong></span> <span class='ocrx_word' id='word_1_469' title='bbox 442 2964 515 3021; x_wconf 81' lang='lat' dir='ltr'><strong>sit</strong></span> <span class='ocrx_word' id='word_1_470' title='bbox 530 2968 598 3021; x_wconf 85' lang='lat' dir='ltr'><strong>ad</strong></span> <span class='ocrx_word' id='word_1_471' title='bbox 624 2983 803 3029; x_wconf 80' lang='lat' dir='ltr'><strong>parem</strong></span> <span class='ocrx_word' id='word_1_472' title='bbox 824 2964 1134 3035; x_wconf 74' lang='lat' dir='ltr'><strong>dignitatem</strong></span> <span class='ocrx_word' id='word_1_473' title='bbox 1162 2965 1257 3018; x_wconf 82' lang='lat' dir='ltr'><strong>Dei</strong></span> <span class='ocrx_word' id='word_1_474' title='bbox 1293 2964 1470 3031; x_wconf 78' lang='lat' dir='ltr'><strong>Verbi,</strong></span> <span class='ocrx_word' id='word_1_475' title='bbox 1493 2968 1598 3021; x_wconf 78' lang='lat' dir='ltr'><strong>sive</strong></span> <span class='ocrx_word' id='word_1_476' title='bbox 1620 2983 1716 3021; x_wconf 84' lang='lat' dir='ltr'><strong>au-</strong></span> 
     </span>
    </p>
   </div>
   <div class='ocr_carea' id='block_1_64' title="bbox 199 3036 1323 3106">
    <p class='ocr_par' dir='ltr' id='par_1_64' title="bbox 199 3036 1323 3106">
     <span class='ocr_line' id='line_1_65' title="bbox 199 3036 1323 3106; baseline -0.001 -15"><span class='ocrx_word' id='word_1_477' title='bbox 199 3037 526 3102; x_wconf 83' lang='lat' dir='ltr'><strong>ctoritatem,</strong></span> <span class='ocrx_word' id='word_1_478' title='bbox 565 3038 703 3091; x_wconf 81' lang='lat' dir='ltr'><strong>sicut</strong></span> <span class='ocrx_word' id='word_1_479' title='bbox 742 3036 1057 3106; x_wconf 82' lang='lat' dir='ltr'><strong>quibusdam</strong></span> <span class='ocrx_word' id='word_1_480' title='bbox 1096 3037 1323 3090; x_wconf 80' lang='lat' dir='ltr'><strong>videtur.</strong></span> 
     </span>
    </p>
   </div>
   <div class='ocr_carea' id='block_1_65' title="bbox 200 3147 1716 3219">
    <p class='ocr_par' dir='ltr' id='par_1_65' title="bbox 200 3147 1716 3219">
     <span class='ocr_line' id='line_1_66' title="bbox 200 3147 1716 3219; baseline 0 -16"><span class='ocrx_word' id='word_1_481' title='bbox 200 3149 433 3204; x_wconf 89' lang='lat' dir='ltr'><strong>Divinus</strong></span> <span class='ocrx_word' id='word_1_482' title='bbox 470 3148 670 3204; x_wconf 89' lang='lat' dir='ltr'><strong>Paulus</strong></span> <span class='ocrx_word' id='word_1_483' title='bbox 691 3148 735 3180; x_wconf 81' lang='lat'>“</span> <span class='ocrx_word' id='word_1_484' title='bbox 777 3163 1030 3219; x_wconf 88' lang='lat' dir='ltr'><strong>maguum</strong></span> <span class='ocrx_word' id='word_1_485' title='bbox 1060 3148 1276 3218; x_wconf 90' lang='lat' dir='ltr'><strong>quidem</strong></span> <span class='ocrx_word' id='word_1_486' title='bbox 1304 3147 1382 3203; x_wconf 89' lang='lat' dir='ltr'><strong>ait</strong></span> <span class='ocrx_word' id='word_1_487' title='bbox 1436 3162 1556 3204; x_wconf 77' lang='lat' dir='ltr'><strong>esse</strong></span> <span class='ocrx_word' id='word_1_488' title='bbox 1602 3163 1716 3219; x_wconf 82' lang='lat' dir='ltr'><strong>my-</strong></span> 
     </span>
    </p>
   </div>
   <div class='ocr_carea' id='block_1_66' title="bbox 123 3239 1718 3310">
    <p class='ocr_par' dir='ltr' id='par_1_66' title="bbox 123 3239 1718 3310">
     <span class='ocr_line' id='line_1_67' title="bbox 123 3239 1718 3310; baseline 0.001 -15"><span class='ocrx_word' id='word_1_489' title='bbox 123 3242 363 3297; x_wconf 87' lang='lat' dir='ltr'><strong>sterium</strong></span> <span class='ocrx_word' id='word_1_490' title='bbox 411 3240 647 3310; x_wconf 87' lang='lat' dir='ltr'><strong>pietatis.</strong></span> <span class='ocrx_word' id='word_1_491' title='bbox 696 3239 765 3295; x_wconf 87' lang='lat' dir='ltr'><strong>Et</strong></span> <span class='ocrx_word' id='word_1_492' title='bbox 789 3254 916 3295; x_wconf 90' lang='lat' dir='ltr'><strong>vere</strong></span> <span class='ocrx_word' id='word_1_493' title='bbox 943 3239 1018 3294; x_wconf 90' lang='lat' dir='ltr'><strong>ita</strong></span> <span class='ocrx_word' id='word_1_494' title='bbox 1075 3253 1136 3294; x_wconf 89' lang='lat' dir='ltr'><strong>se</strong></span> <span class='ocrx_word' id='word_1_495' title='bbox 1180 3254 1269 3294; x_wconf 90' lang='lat' dir='ltr'><strong>res</strong></span> <span class='ocrx_word' id='word_1_496' title='bbox 1315 3240 1718 3296; x_wconf 78' lang='lat' dir='ltr'><strong>habetzmani-</strong></span> 
     </span>
    </p>
   </div>
   <div class='ocr_carea' id='block_1_67' title="bbox 123 3328 1713 3397">
    <p class='ocr_par' dir='ltr' id='par_1_67' title="bbox 123 3328 1713 3397">
     <span class='ocr_line' id='line_1_68' title="bbox 123 3328 1713 3397; baseline -0.001 -12"><span class='ocrx_word' id='word_1_497' title='bbox 123 3334 363 3387; x_wconf 71' lang='lat' dir='ltr'><strong>testatus</strong></span> <span class='ocrx_word' id='word_1_498' title='bbox 391 3339 475 3385; x_wconf 89' lang='lat' dir='ltr'><strong>est</strong></span> <span class='ocrx_word' id='word_1_499' title='bbox 497 3330 642 3386; x_wconf 91' lang='lat' dir='ltr'><strong>enim</strong></span> <span class='ocrx_word' id='word_1_500' title='bbox 678 3331 732 3386; x_wconf 90' lang='lat' dir='ltr'><strong>in</strong></span> <span class='ocrx_word' id='word_1_501' title='bbox 761 3344 947 3395; x_wconf 91' lang='lat' dir='ltr'><strong>carne,</strong></span> <span class='ocrx_word' id='word_1_502' title='bbox 992 3344 1116 3384; x_wconf 93' lang='lat' dir='ltr'><strong>cum</strong></span> <span class='ocrx_word' id='word_1_503' title='bbox 1144 3329 1217 3385; x_wconf 87' lang='lat' dir='ltr'><strong>sit</strong></span> <span class='ocrx_word' id='word_1_504' title='bbox 1246 3329 1389 3385; x_wconf 88' lang='lat' dir='ltr'><strong>Deus</strong></span> <span class='ocrx_word' id='word_1_505' title='bbox 1437 3328 1673 3385; x_wconf 81' lang='lat' dir='ltr'><strong>Verbum</strong></span> <span class='ocrx_word' id='word_1_506' title='bbox 1697 3348 1713 3397; x_wconf 89' lang='lat'><strong>;</strong></span> 
     </span>
    </p>
   </div>
   <div class='ocr_carea' id='block_1_68' title="bbox 116 3416 1719 3494">
    <p class='ocr_par' dir='ltr' id='par_1_68' title="bbox 116 3416 1719 3494">
     <span class='ocr_line' id='line_1_69' title="bbox 116 3416 1719 3494; baseline -0.005 -15"><span class='ocrx_word' id='word_1_507' title='bbox 116 3423 460 3494; x_wconf 82' lang='lat' dir='ltr'><strong>justiticatus</strong></span> <span class='ocrx_word' id='word_1_508' title='bbox 484 3430 568 3478; x_wconf 92' lang='lat' dir='ltr'><strong>est</strong></span> <span class='ocrx_word' id='word_1_509' title='bbox 592 3431 771 3476; x_wconf 89' lang='lat' dir='ltr'><strong>autem</strong></span> <span class='ocrx_word' id='word_1_510' title='bbox 810 3420 864 3474; x_wconf 87' lang='lat' dir='ltr'><strong>in</strong></span> <span class='ocrx_word' id='word_1_511' title='bbox 896 3419 1122 3490; x_wconf 91' lang='lat' dir='ltr'><strong>Spiritu.</strong></span> <span class='ocrx_word' id='word_1_512' title='bbox 1161 3416 1319 3472; x_wconf 80' lang='lat' dir='ltr'><strong>Nullo</strong></span> <span class='ocrx_word' id='word_1_513' title='bbox 1361 3417 1504 3471; x_wconf 91' lang='lat' dir='ltr'><strong>enim</strong></span> <span class='ocrx_word' id='word_1_514' title='bbox 1557 3416 1719 3471; x_wconf 91' lang='lat' dir='ltr'><strong>modo</strong></span> 
     </span>
    </p>
   </div>
   <div class='ocr_carea' id='block_1_69' title="bbox 119 3506 1719 3577">
    <p class='ocr_par' dir='ltr' id='par_1_69' title="bbox 119 3506 1719 3577">
     <span class='ocr_line' id='line_1_70' title="bbox 119 3506 1719 3577; baseline -0.006 -6"><span class='ocrx_word' id='word_1_515' title='bbox 119 3516 339 3571; x_wconf 88' lang='lat' dir='ltr'><strong>nostris</strong></span> <span class='ocrx_word' id='word_1_516' title='bbox 368 3514 580 3570; x_wconf 88' lang='lat' dir='ltr'><strong>videtur</strong></span> <span class='ocrx_word' id='word_1_517' title='bbox 611 3510 1018 3568; x_wconf 81' lang='lat' dir='ltr'><strong>inﬁrmitatibus</strong></span> <span class='ocrx_word' id='word_1_518' title='bbox 1063 3508 1353 3577; x_wconf 88' lang='lat' dir='ltr'><strong>contineri,</strong></span> <span class='ocrx_word' id='word_1_519' title='bbox 1388 3506 1517 3563; x_wconf 88' lang='lat' dir='ltr'><strong>licet</strong></span> <span class='ocrx_word' id='word_1_520' title='bbox 1560 3507 1719 3577; x_wconf 80' lang='lat' dir='ltr'><strong>juxta</strong></span> 
     </span>
    </p>
   </div>
   <div class='ocr_carea' id='block_1_70' title="bbox 120 3597 1717 3668">
    <p class='ocr_par' dir='ltr' id='par_1_70' title="bbox 120 3597 1717 3668">
     <span class='ocr_line' id='line_1_71' title="bbox 120 3597 1717 3668; baseline -0.004 -7"><span class='ocrx_word' id='word_1_521' title='bbox 120 3622 230 3661; x_wconf 87' lang='lat' dir='ltr'><strong>nos</strong></span> <span class='ocrx_word' id='word_1_522' title='bbox 279 3606 448 3660; x_wconf 88' lang='lat' dir='ltr'><strong>homo</strong></span> <span class='ocrx_word' id='word_1_523' title='bbox 485 3604 558 3659; x_wconf 89' lang='lat' dir='ltr'><strong>sit</strong></span> <span class='ocrx_word' id='word_1_524' title='bbox 600 3602 777 3657; x_wconf 79' lang='lat' dir='ltr'><strong>factus</strong></span> <span class='ocrx_word' id='word_1_525' title='bbox 809 3618 823 3656; x_wconf 91' lang='lat'>:</span> <span class='ocrx_word' id='word_1_526' title='bbox 859 3613 969 3655; x_wconf 91' lang='lat' dir='ltr'><strong>non</strong></span> <span class='ocrx_word' id='word_1_527' title='bbox 1016 3598 1162 3653; x_wconf 92' lang='lat' dir='ltr'><strong>enim</strong></span> <span class='ocrx_word' id='word_1_528' title='bbox 1205 3597 1339 3654; x_wconf 78' lang='lat' dir='ltr'><strong>fecit</strong></span> <span class='ocrx_word' id='word_1_529' title='bbox 1388 3608 1667 3668; x_wconf 85' lang='lat' dir='ltr'><strong>peccatum</strong></span> <span class='ocrx_word' id='word_1_530' title='bbox 1702 3617 1717 3655; x_wconf 90' lang='lat'>:</span> 
     </span>
    </p>
   </div>
   <div class='ocr_carea' id='block_1_71' title="bbox 115 3687 1721 3768">
    <p class='ocr_par' dir='ltr' id='par_1_71' title="bbox 115 3687 1721 3768">
     <span class='ocr_line' id='line_1_72' title="bbox 115 3687 1721 3768; baseline -0.005 -17"><span class='ocrx_word' id='word_1_531' title='bbox 115 3696 395 3768; x_wconf 77' lang='lat' dir='ltr'><strong>apparuit</strong></span> <span class='ocrx_word' id='word_1_532' title='bbox 426 3702 607 3749; x_wconf 88' lang='lat' dir='ltr'><strong>autem</strong></span> <span class='ocrx_word' id='word_1_533' title='bbox 663 3700 721 3747; x_wconf 92' lang='lat' dir='ltr'><strong>et</strong></span> <span class='ocrx_word' id='word_1_534' title='bbox 777 3689 1006 3762; x_wconf 89' lang='lat' dir='ltr'><strong>angelis.</strong></span> <span class='ocrx_word' id='word_1_535' title='bbox 1058 3687 1249 3757; x_wconf 81' lang='lat' dir='ltr'><strong>Neque</strong></span> <span class='ocrx_word' id='word_1_536' title='bbox 1305 3688 1450 3743; x_wconf 89' lang='lat' dir='ltr'><strong>enim</strong></span> <span class='ocrx_word' id='word_1_537' title='bbox 1496 3702 1721 3759; x_wconf 84' lang='lat' dir='ltr'><strong>genera-</strong></span> 
     </span>
    </p>
   </div>
   <div class='ocr_carea' id='block_1_72' title="bbox 118 3776 1722 3852">
    <p class='ocr_par' dir='ltr' id='par_1_72' title="bbox 118 3776 1722 3852">
     <span class='ocr_line' id='line_1_73' title="bbox 118 3776 1722 3852; baseline -0.003 -14"><span class='ocrx_word' id='word_1_538' title='bbox 118 3785 343 3838; x_wconf 89' lang='lat' dir='ltr'><strong>tionem</strong></span> <span class='ocrx_word' id='word_1_539' title='bbox 353 3781 529 3852; x_wconf 87' lang='lat' dir='ltr'><strong>ipsius</strong></span> <span class='ocrx_word' id='word_1_540' title='bbox 545 3779 844 3836; x_wconf 88' lang='lat' dir='ltr'><strong>secundum</strong></span> <span class='ocrx_word' id='word_1_541' title='bbox 862 3791 1084 3834; x_wconf 91' lang='lat' dir='ltr'><strong>carnem</strong></span> <span class='ocrx_word' id='word_1_542' title='bbox 1140 3776 1529 3847; x_wconf 87' lang='lat' dir='ltr'><strong>ignoraverunt</strong></span> <span class='ocrx_word' id='word_1_543' title='bbox 1547 3794 1563 3831; x_wconf 91' lang='lat'><strong>:</strong></span> <span class='ocrx_word' id='word_1_544' title='bbox 1583 3793 1722 3849; x_wconf 80' lang='lat' dir='ltr'><strong>prae-</strong></span> 
     </span>
    </p>
   </div>
   <div class='ocr_carea' id='block_1_73' title="bbox 105 3867 1723 3942">
    <p class='ocr_par' dir='ltr' id='par_1_73' title="bbox 105 3867 1723 3942">
     <span class='ocr_line' id='line_1_74' title="bbox 105 3867 1723 3942; baseline -0.006 -11"><span class='ocrx_word' id='word_1_545' title='bbox 105 3878 353 3931; x_wconf 78' lang='lat' dir='ltr'><strong>dicatus</strong></span> <span class='ocrx_word' id='word_1_546' title='bbox 403 3883 582 3928; x_wconf 90' lang='lat' dir='ltr'><strong>autem</strong></span> <span class='ocrx_word' id='word_1_547' title='bbox 631 3880 691 3927; x_wconf 89' lang='lat' dir='ltr'><strong>et</strong></span> <span class='ocrx_word' id='word_1_548' title='bbox 735 3870 1016 3942; x_wconf 81' lang='lat' dir='ltr'><strong>gentibus,</strong></span> <span class='ocrx_word' id='word_1_549' title='bbox 1067 3867 1224 3940; x_wconf 85' lang='lat' dir='ltr'><strong>quasi</strong></span> <span class='ocrx_word' id='word_1_550' title='bbox 1284 3867 1425 3924; x_wconf 85' lang='lat' dir='ltr'><strong>Deus</strong></span> <span class='ocrx_word' id='word_1_551' title='bbox 1455 3867 1617 3923; x_wconf 88' lang='lat' dir='ltr'><strong>homo</strong></span> <span class='ocrx_word' id='word_1_552' title='bbox 1641 3868 1723 3923; x_wconf 81' lang='lat' dir='ltr'><strong>fa-</strong></span> 
     </span>
    </p>
   </div>
   <div class='ocr_carea' id='block_1_74' title="bbox 106 3957 1722 4033">
    <p class='ocr_par' dir='ltr' id='par_1_74' title="bbox 106 3957 1722 4033">
     <span class='ocr_line' id='line_1_75' title="bbox 106 3957 1722 4033; baseline -0.006 -10"><span class='ocrx_word' id='word_1_553' title='bbox 106 3980 289 4033; x_wconf 79' lang='lat' dir='ltr'><strong>ctus;</strong></span> <span class='ocrx_word' id='word_1_554' title='bbox 340 3964 417 4019; x_wconf 88' lang='lat' dir='ltr'><strong>ita</strong></span> <span class='ocrx_word' id='word_1_555' title='bbox 464 3974 645 4019; x_wconf 87' lang='lat' dir='ltr'><strong>autem</strong></span> <span class='ocrx_word' id='word_1_556' title='bbox 692 3961 933 4019; x_wconf 90' lang='lat' dir='ltr'><strong>creditus</strong></span> <span class='ocrx_word' id='word_1_557' title='bbox 981 3969 1068 4015; x_wconf 91' lang='lat' dir='ltr'><strong>est</strong></span> <span class='ocrx_word' id='word_1_558' title='bbox 1144 3960 1199 4015; x_wconf 94' lang='lat' dir='ltr'><strong>in</strong></span> <span class='ocrx_word' id='word_1_559' title='bbox 1253 3960 1475 4015; x_wconf 90' lang='lat' dir='ltr'><strong>mundo.</strong></span> <span class='ocrx_word' id='word_1_560' title='bbox 1519 3957 1722 4014; x_wconf 86' lang='lat' dir='ltr'><strong>Proba-</strong></span> 
     </span>
    </p>
   </div>
   <div class='ocr_carea' id='block_1_75' title="bbox 109 4049 1725 4121">
    <p class='ocr_par' dir='ltr' id='par_1_75' title="bbox 109 4049 1725 4121">
     <span class='ocr_line' id='line_1_76' title="bbox 109 4049 1725 4121; baseline -0.005 -7"><span class='ocrx_word' id='word_1_561' title='bbox 109 4062 200 4114; x_wconf 87' lang='lat' dir='ltr'><strong>vit</strong></span> <span class='ocrx_word' id='word_1_562' title='bbox 257 4064 449 4111; x_wconf 87' lang='lat' dir='ltr'><strong>autem</strong></span> <span class='ocrx_word' id='word_1_563' title='bbox 485 4056 705 4111; x_wconf 90' lang='lat' dir='ltr'><strong>divinus</strong></span> <span class='ocrx_word' id='word_1_564' title='bbox 737 4052 938 4109; x_wconf 88' lang='lat' dir='ltr'><strong>Paulus</strong></span> <span class='ocrx_word' id='word_1_565' title='bbox 983 4051 1060 4108; x_wconf 88' lang='lat' dir='ltr'><strong>ita</strong></span> <span class='ocrx_word' id='word_1_566' title='bbox 1112 4050 1402 4108; x_wconf 89' lang='lat' dir='ltr'><strong>scribens:</strong></span> <span class='ocrx_word' id='word_1_567' title='bbox 1440 4066 1461 4103; x_wconf 83' lang='grc' dir='ltr'><strong>ι</strong></span> <span class='ocrx_word' id='word_1_568' title='bbox 1495 4049 1725 4121; x_wconf 87' lang='lat' dir='ltr'><strong>Propter</strong></span> 
     </span>
    </p>
   </div>
   <div class='ocr_carea' id='block_1_76' title="bbox 1822 3560 3401 3637">
    <p class='ocr_par' dir='ltr' id='par_1_76' title="bbox 1822 3560 3401 3637">
     <span class='ocr_line' id='line_1_77' title="bbox 1822 3560 3401 3637; baseline -0.008 -10"><span class='ocrx_word' id='word_1_569' title='bbox 1822 3580 2011 3635; x_wconf 90' lang='lat' dir='ltr'><strong>tatem,</strong></span> <span class='ocrx_word' id='word_1_570' title='bbox 2045 3584 2112 3624; x_wconf 87' lang='lat' dir='ltr'><strong>ac</strong></span> <span class='ocrx_word' id='word_1_571' title='bbox 2147 3583 2252 3625; x_wconf 91' lang='lat' dir='ltr'><strong>non</strong></span> <span class='ocrx_word' id='word_1_572' title='bbox 2280 3565 2454 3637; x_wconf 86' lang='lat' dir='ltr'><strong>magis</strong></span> <span class='ocrx_word' id='word_1_573' title='bbox 2481 3565 2625 3622; x_wconf 91' lang='lat' dir='ltr'><strong>Deus</strong></span> <span class='ocrx_word' id='word_1_574' title='bbox 2655 3566 2817 3620; x_wconf 92' lang='lat' dir='ltr'><strong>homo</strong></span> <span class='ocrx_word' id='word_1_575' title='bbox 2849 3563 3002 3618; x_wconf 78' lang='lat' dir='ltr'><strong>lteri?</strong></span> <span class='ocrx_word' id='word_1_576' title='bbox 3048 3560 3401 3631; x_wconf 89' lang='lat' dir='ltr'><strong>respondebi-</strong></span> 
     </span>
    </p>
   </div>
   <div class='ocr_carea' id='block_1_77' title="bbox 1822 3652 3398 3729">
    <p class='ocr_par' dir='ltr' id='par_1_77' title="bbox 1822 3652 3398 3729">
     <span class='ocr_line' id='line_1_78' title="bbox 1822 3652 3398 3729; baseline -0.006 -12"><span class='ocrx_word' id='word_1_577' title='bbox 1822 3676 1944 3717; x_wconf 89' lang='lat' dir='ltr'><strong>mus</strong></span> <span class='ocrx_word' id='word_1_578' title='bbox 1996 3659 2144 3715; x_wconf 90' lang='lat' dir='ltr'><strong>mille</strong></span> <span class='ocrx_word' id='word_1_579' title='bbox 2193 3675 2314 3716; x_wconf 88' lang='lat' dir='ltr'><strong>esse</strong></span> <span class='ocrx_word' id='word_1_580' title='bbox 2356 3673 2476 3729; x_wconf 66' lang='lat' dir='ltr'><strong>qua:</strong></span> <span class='ocrx_word' id='word_1_581' title='bbox 2504 3656 2781 3715; x_wconf 88' lang='lat' dir='ltr'><strong>contrario</strong></span> <span class='ocrx_word' id='word_1_582' title='bbox 2821 3662 3049 3725; x_wconf 85' lang='lat' dir='ltr'><strong>possunt</strong></span> <span class='ocrx_word' id='word_1_583' title='bbox 3096 3652 3318 3721; x_wconf 90' lang='lat' dir='ltr'><strong>opponi,</strong></span> <span class='ocrx_word' id='word_1_584' title='bbox 3342 3662 3398 3707; x_wconf 91' lang='lat' dir='ltr'><strong>et</strong></span> 
     </span>
    </p>
   </div>
   <div class='ocr_carea' id='block_1_78' title="bbox 1823 3744 3399 3826">
    <p class='ocr_par' dir='ltr' id='par_1_78' title="bbox 1823 3744 3399 3826">
     <span class='ocr_line' id='line_1_79' title="bbox 1823 3744 3399 3826; baseline -0.005 -17"><span class='ocrx_word' id='word_1_585' title='bbox 1823 3768 1958 3826; x_wconf 86' lang='lat' dir='ltr'><strong>pene</strong></span> <span class='ocrx_word' id='word_1_586' title='bbox 1989 3754 2153 3810; x_wconf 91' lang='lat' dir='ltr'><strong>etiam</strong></span> <span class='ocrx_word' id='word_1_587' title='bbox 2205 3763 2336 3807; x_wconf 88' lang='lat' dir='ltr'><strong>nutu</strong></span> <span class='ocrx_word' id='word_1_588' title='bbox 2383 3748 2766 3822; x_wconf 81' lang='lat' dir='ltr'><strong>signiﬁcantia,</strong></span> <span class='ocrx_word' id='word_1_589' title='bbox 2794 3760 2893 3803; x_wconf 91' lang='lat' dir='ltr'><strong>nos</strong></span> <span class='ocrx_word' id='word_1_590' title='bbox 2934 3752 3189 3817; x_wconf 84' lang='lat' dir='ltr'><strong>oportere</strong></span> <span class='ocrx_word' id='word_1_591' title='bbox 3234 3744 3399 3803; x_wconf 87' lang='lat' dir='ltr'><strong>reniti</strong></span> 
     </span>
    </p>
   </div>
   <div class='ocr_carea' id='block_1_79' title="bbox 1822 3841 2816 3911">
    <p class='ocr_par' dir='ltr' id='par_1_79' title="bbox 1822 3841 2816 3911">
     <span class='ocr_line' id='line_1_80' title="bbox 1822 3841 2816 3911; baseline -0.009 -8"><span class='ocrx_word' id='word_1_592' title='bbox 1822 3854 2155 3911; x_wconf 88' lang='lat' dir='ltr'><strong>constanter,</strong></span> <span class='ocrx_word' id='word_1_593' title='bbox 2186 3857 2287 3898; x_wconf 92' lang='lat' dir='ltr'><strong>nec</strong></span> <span class='ocrx_word' id='word_1_594' title='bbox 2316 3843 2541 3899; x_wconf 90' lang='lat' dir='ltr'><strong>credere</strong></span> <span class='ocrx_word' id='word_1_595' title='bbox 2571 3841 2645 3896; x_wconf 89' lang='lat' dir='ltr'><strong>ita</strong></span> <span class='ocrx_word' id='word_1_596' title='bbox 2673 3854 2816 3895; x_wconf 90' lang='lat' dir='ltr'><strong>esse.</strong></span> 
     </span>
    </p>
   </div>
   <div class='ocr_carea' id='block_1_80' title="bbox 1894 3930 3402 4008">
    <p class='ocr_par' dir='ltr' id='par_1_80' title="bbox 1894 3930 3402 4008">
     <span class='ocr_line' id='line_1_81' title="bbox 1894 3930 3402 4008; baseline -0.005 -16"><span class='ocrx_word' id='word_1_597' title='bbox 1894 3936 2009 4008; x_wconf 78' lang='lat' dir='ltr'><strong>Age</strong></span> <span class='ocrx_word' id='word_1_598' title='bbox 2036 3938 2205 4002; x_wconf 90' lang='lat' dir='ltr'><strong>enim,</strong></span> <span class='ocrx_word' id='word_1_599' title='bbox 2225 3947 2350 3991; x_wconf 90' lang='lat' dir='ltr'><strong>ante</strong></span> <span class='ocrx_word' id='word_1_600' title='bbox 2368 3933 2473 3989; x_wconf 85' lang='lat' dir='ltr'><strong>alia</strong></span> <span class='ocrx_word' id='word_1_601' title='bbox 2500 3930 2945 4003; x_wconf 87' lang='lat' dir='ltr'><strong>dispensationis,</strong></span> <span class='ocrx_word' id='word_1_602' title='bbox 2959 3944 3081 4001; x_wconf 64' lang='lat' dir='ltr'><strong>quae</strong></span> <span class='ocrx_word' id='word_1_603' title='bbox 3095 3945 3216 3985; x_wconf 92' lang='lat' dir='ltr'><strong>cum</strong></span> <span class='ocrx_word' id='word_1_604' title='bbox 3234 3945 3402 3993; x_wconf 87' lang='lat' dir='ltr'><strong>carne</strong></span> 
     </span>
    </p>
   </div>
   <div class='ocr_carea' id='block_1_81' title="bbox 1824 4026 3399 4093">
    <p class='ocr_par' dir='ltr' id='par_1_81' title="bbox 1824 4026 3399 4093">
     <span class='ocr_line' id='line_1_82' title="bbox 1824 4026 3399 4093; baseline -0.005 -8"><span class='ocrx_word' id='word_1_605' title='bbox 1824 4030 1967 4086; x_wconf 80' lang='lat' dir='ltr'><strong>facta</strong></span> <span class='ocrx_word' id='word_1_606' title='bbox 2014 4038 2119 4093; x_wconf 92' lang='lat' dir='ltr'><strong>est,</strong></span> <span class='ocrx_word' id='word_1_607' title='bbox 2154 4026 2371 4081; x_wconf 90' lang='lat' dir='ltr'><strong>modum</strong></span> <span class='ocrx_word' id='word_1_608' title='bbox 2423 4038 2739 4087; x_wconf 90' lang='lat' dir='ltr'><strong>cernamus,</strong></span> <span class='ocrx_word' id='word_1_609' title='bbox 2774 4031 2831 4076; x_wconf 91' lang='lat' dir='ltr'><strong>et</strong></span> <span class='ocrx_word' id='word_1_610' title='bbox 2875 4031 3182 4077; x_wconf 88' lang='lat' dir='ltr'><strong>nostrarum</strong></span> <span class='ocrx_word' id='word_1_611' title='bbox 3218 4036 3399 4077; x_wconf 90' lang='lat' dir='ltr'><strong>rerum</strong></span> 
     </span>
    </p>
   </div>
   <div class='ocr_carea' id='block_1_82' title="bbox 1822 4112 3401 4188">
    <p class='ocr_par' dir='ltr' id='par_1_82' title="bbox 1822 4112 3401 4188">
     <span class='ocr_line' id='line_1_83' title="bbox 1822 4112 3401 4188; baseline -0.008 -9"><span class='ocrx_word' id='word_1_612' title='bbox 1822 4130 2071 4179; x_wconf 91' lang='lat' dir='ltr'><strong>naturam</strong></span> <span class='ocrx_word' id='word_1_613' title='bbox 2096 4120 2351 4175; x_wconf 88' lang='lat' dir='ltr'><strong>subtilius</strong></span> <span class='ocrx_word' id='word_1_614' title='bbox 2379 4125 2781 4188; x_wconf 87' lang='lat' dir='ltr'><strong>perscrutemur</strong></span> <span class='ocrx_word' id='word_1_615' title='bbox 2808 4131 2822 4168; x_wconf 88' lang='lat'><strong>:</strong></span> <span class='ocrx_word' id='word_1_616' title='bbox 2855 4113 3156 4184; x_wconf 81' lang='lat' dir='ltr'><strong>periclitata</strong></span> <span class='ocrx_word' id='word_1_617' title='bbox 3187 4121 3271 4169; x_wconf 87' lang='lat' dir='ltr'><strong>est</strong></span> <span class='ocrx_word' id='word_1_618' title='bbox 3298 4112 3401 4168; x_wconf 89' lang='lat' dir='ltr'><strong>ho-</strong></span> 
     </span>
    </p>
   </div>
   <div class='ocr_carea' id='block_1_83' title="bbox 1824 4205 3402 4282">
    <p class='ocr_par' dir='ltr' id='par_1_83' title="bbox 1824 4205 3402 4282">
     <span class='ocr_line' id='line_1_84' title="bbox 1824 4205 3402 4282; baseline -0.008 -10"><span class='ocrx_word' id='word_1_619' title='bbox 1824 4216 1986 4271; x_wconf 88' lang='lat' dir='ltr'><strong>minis</strong></span> <span class='ocrx_word' id='word_1_620' title='bbox 2017 4224 2234 4279; x_wconf 88' lang='lat' dir='ltr'><strong>natura,</strong></span> <span class='ocrx_word' id='word_1_621' title='bbox 2260 4220 2316 4267; x_wconf 89' lang='lat' dir='ltr'><strong>et</strong></span> <span class='ocrx_word' id='word_1_622' title='bbox 2347 4212 2602 4282; x_wconf 88' lang='lat' dir='ltr'><strong>depressa</strong></span> <span class='ocrx_word' id='word_1_623' title='bbox 2633 4214 2716 4263; x_wconf 90' lang='lat' dir='ltr'><strong>est</strong></span> <span class='ocrx_word' id='word_1_624' title='bbox 2741 4205 2901 4263; x_wconf 90' lang='lat' dir='ltr'><strong>malis</strong></span> <span class='ocrx_word' id='word_1_625' title='bbox 2923 4206 3203 4273; x_wconf 75' lang='lat' dir='ltr'><strong>extremis,</strong></span> <span class='ocrx_word' id='word_1_626' title='bbox 3235 4205 3402 4260; x_wconf 78' lang='lat' dir='ltr'><strong>male-</strong></span> 
     </span>
    </p>
   </div>
   <div class='ocr_carea' id='block_1_84' title="bbox 1822 4294 3403 4370">
    <p class='ocr_par' dir='ltr' id='par_1_84' title="bbox 1822 4294 3403 4370">
     <span class='ocr_line' id='line_1_85' title="bbox 1822 4294 3403 4370; baseline -0.009 -5"><span class='ocrx_word' id='word_1_627' title='bbox 1822 4308 2060 4365; x_wconf 89' lang='lat' dir='ltr'><strong>dictione</strong></span> <span class='ocrx_word' id='word_1_628' title='bbox 2090 4313 2145 4361; x_wconf 89' lang='lat' dir='ltr'><strong>et</strong></span> <span class='ocrx_word' id='word_1_629' title='bbox 2173 4315 2345 4360; x_wconf 88' lang='lat' dir='ltr'><strong>morte</strong></span> <span class='ocrx_word' id='word_1_630' title='bbox 2372 4303 2648 4363; x_wconf 89' lang='lat' dir='ltr'><strong>damnata,</strong></span> <span class='ocrx_word' id='word_1_631' title='bbox 2679 4307 2732 4354; x_wconf 90' lang='lat' dir='ltr'><strong>et</strong></span> <span class='ocrx_word' id='word_1_632' title='bbox 2764 4298 2973 4370; x_wconf 90' lang='lat' dir='ltr'><strong>peccati</strong></span> <span class='ocrx_word' id='word_1_633' title='bbox 3018 4294 3224 4366; x_wconf 88' lang='lat' dir='ltr'><strong>laqueis</strong></span> <span class='ocrx_word' id='word_1_634' title='bbox 3262 4296 3403 4352; x_wconf 86' lang='lat' dir='ltr'><strong>irre-</strong></span> 
     </span>
    </p>
   </div>
   <div class='ocr_carea' id='block_1_85' title="bbox 1823 4390 3405 4464">
    <p class='ocr_par' dir='ltr' id='par_1_85' title="bbox 1823 4390 3405 4464">
     <span class='ocr_line' id='line_1_86' title="bbox 1823 4390 3405 4464; baseline -0.008 -9"><span class='ocrx_word' id='word_1_635' title='bbox 1823 4402 1942 4464; x_wconf 91' lang='lat' dir='ltr'><strong>tita,</strong></span> <span class='ocrx_word' id='word_1_636' title='bbox 1977 4399 2217 4461; x_wconf 86' lang='lat' dir='ltr'><strong>errabat,</strong></span> <span class='ocrx_word' id='word_1_637' title='bbox 2250 4404 2306 4451; x_wconf 88' lang='lat' dir='ltr'><strong>et</strong></span> <span class='ocrx_word' id='word_1_638' title='bbox 2340 4403 2459 4451; x_wconf 84' lang='lat' dir='ltr'><strong>erat</strong></span> <span class='ocrx_word' id='word_1_639' title='bbox 2490 4392 2659 4464; x_wconf 77' lang='lat'><strong>786</strong></span> <span class='ocrx_word' id='word_1_640' title='bbox 2706 4391 2759 4446; x_wconf 91' lang='lat' dir='ltr'><strong>in</strong></span> <span class='ocrx_word' id='word_1_641' title='bbox 2809 4390 3079 4455; x_wconf 89' lang='lat' dir='ltr'><strong>tenebris;</strong></span> <span class='ocrx_word' id='word_1_642' title='bbox 3110 4390 3276 4445; x_wconf 90' lang='lat' dir='ltr'><strong>Deum</strong></span> <span class='ocrx_word' id='word_1_643' title='bbox 3308 4404 3405 4443; x_wconf 88' lang='lat' dir='ltr'><strong>ne-</strong></span> 
     </span>
    </p>
   </div>
   <div class='ocr_carea' id='block_1_86' title="bbox 105 4141 1721 4218">
    <p class='ocr_par' dir='ltr' id='par_1_86' title="bbox 105 4141 1721 4218">
     <span class='ocr_line' id='line_1_87' title="bbox 105 4141 1721 4218; baseline -0.004 -17"><span class='ocrx_word' id='word_1_644' title='bbox 105 4147 278 4218; x_wconf 76' lang='lat' dir='ltr'><strong>quod</strong></span> <span class='ocrx_word' id='word_1_645' title='bbox 311 4159 584 4201; x_wconf 84' lang='lat' dir='ltr'><strong>memores</strong></span> <span class='ocrx_word' id='word_1_646' title='bbox 610 4150 808 4208; x_wconf 87' lang='lat' dir='ltr'><strong>estote,</strong></span> <span class='ocrx_word' id='word_1_647' title='bbox 836 4142 980 4213; x_wconf 91' lang='lat' dir='ltr'><strong>quod</strong></span> <span class='ocrx_word' id='word_1_648' title='bbox 1008 4141 1304 4213; x_wconf 86' lang='lat' dir='ltr'><strong>aliquando</strong></span> <span class='ocrx_word' id='word_1_649' title='bbox 1332 4154 1427 4197; x_wconf 90' lang='lat' dir='ltr'><strong>vos</strong></span> <span class='ocrx_word' id='word_1_650' title='bbox 1455 4151 1643 4211; x_wconf 88' lang='lat' dir='ltr'><strong>gentes</strong></span> <span class='ocrx_word' id='word_1_651' title='bbox 1666 4142 1721 4196; x_wconf 89' lang='lat' dir='ltr'><strong>in</strong></span> 
     </span>
    </p>
   </div>
   <div class='ocr_carea' id='block_1_87' title="bbox 100 4232 1725 4308">
    <p class='ocr_par' dir='ltr' id='par_1_87' title="bbox 100 4232 1725 4308">
     <span class='ocr_line' id='line_1_88' title="bbox 100 4232 1725 4308; baseline -0.006 -11"><span class='ocrx_word' id='word_1_652' title='bbox 100 4253 329 4305; x_wconf 76' lang='lat' dir='ltr'><strong>carne,</strong></span> <span class='ocrx_word' id='word_1_653' title='bbox 351 4238 442 4308; x_wconf 90' lang='lat' dir='ltr'><strong>qui</strong></span> <span class='ocrx_word' id='word_1_654' title='bbox 495 4234 738 4292; x_wconf 85' lang='lat' dir='ltr'><strong>dicimini</strong></span> <span class='ocrx_word' id='word_1_655' title='bbox 784 4233 1128 4305; x_wconf 66' lang='lat' dir='ltr'><strong>praeputium,</strong></span> <span class='ocrx_word' id='word_1_656' title='bbox 1155 4233 1224 4289; x_wconf 90' lang='lat' dir='ltr'><strong>ab</strong></span> <span class='ocrx_word' id='word_1_657' title='bbox 1272 4245 1335 4288; x_wconf 89' lang='lat' dir='ltr'><strong>ea</strong></span> <span class='ocrx_word' id='word_1_658' title='bbox 1376 4246 1497 4304; x_wconf 67' lang='lat' dir='ltr'><strong>qua:</strong></span> <span class='ocrx_word' id='word_1_659' title='bbox 1525 4232 1725 4288; x_wconf 90' lang='lat' dir='ltr'><strong>dicitur</strong></span> 
     </span>
    </p>
   </div>
   <div class='ocr_carea' id='block_1_88' title="bbox 102 4321 1721 4393">
    <p class='ocr_par' dir='ltr' id='par_1_88' title="bbox 102 4321 1721 4393">
     <span class='ocr_line' id='line_1_89' title="bbox 102 4321 1721 4393; baseline -0.007 -4"><span class='ocrx_word' id='word_1_660' title='bbox 102 4329 487 4389; x_wconf 82' lang='lat' dir='ltr'><strong>circumcisio</strong></span> <span class='ocrx_word' id='word_1_661' title='bbox 538 4327 592 4382; x_wconf 92' lang='lat' dir='ltr'><strong>in</strong></span> <span class='ocrx_word' id='word_1_662' title='bbox 646 4340 813 4381; x_wconf 92' lang='lat' dir='ltr'><strong>carne</strong></span> <span class='ocrx_word' id='word_1_663' title='bbox 857 4322 1168 4379; x_wconf 81' lang='lat' dir='ltr'><strong>manuiacta</strong></span> <span class='ocrx_word' id='word_1_664' title='bbox 1202 4338 1219 4378; x_wconf 91' lang='lat'><strong>:</strong></span> <span class='ocrx_word' id='word_1_665' title='bbox 1249 4322 1378 4393; x_wconf 88' lang='lat' dir='ltr'><strong>quia</strong></span> <span class='ocrx_word' id='word_1_666' title='bbox 1428 4322 1598 4379; x_wconf 90' lang='lat' dir='ltr'><strong>eratis</strong></span> <span class='ocrx_word' id='word_1_667' title='bbox 1629 4321 1721 4377; x_wconf 93' lang='lat' dir='ltr'><strong>illo</strong></span> 
     </span>
    </p>
   </div>
   <div class='ocr_carea' id='block_1_89' title="bbox 104 4412 1720 4494">
    <p class='ocr_par' dir='ltr' id='par_1_89' title="bbox 104 4412 1720 4494">
     <span class='ocr_line' id='line_1_90' title="bbox 104 4412 1720 4494; baseline -0.009 -14"><span class='ocrx_word' id='word_1_668' title='bbox 104 4436 389 4494; x_wconf 78' lang='lat' dir='ltr'><strong>tempore</strong></span> <span class='ocrx_word' id='word_1_669' title='bbox 415 4422 535 4478; x_wconf 86' lang='lat' dir='ltr'><strong>sine</strong></span> <span class='ocrx_word' id='word_1_670' title='bbox 547 4418 770 4474; x_wconf 89' lang='lat' dir='ltr'><strong>Christo</strong></span> <span class='ocrx_word' id='word_1_671' title='bbox 796 4415 1016 4471; x_wconf 86' lang='lat' dir='ltr'><strong>alienati</strong></span> <span class='ocrx_word' id='word_1_672' title='bbox 1048 4430 1080 4469; x_wconf 87' lang='lat' dir='ltr'><strong>a</strong></span> <span class='ocrx_word' id='word_1_673' title='bbox 1102 4413 1519 4471; x_wconf 86' lang='lat' dir='ltr'><strong>conversatione</strong></span> <span class='ocrx_word' id='word_1_674' title='bbox 1534 4412 1720 4477; x_wconf 88' lang='lat' dir='ltr'><strong>Israel,</strong></span> 
     </span>
    </p>
   </div>
   <div class='ocr_carea' id='block_1_90' title="bbox 103 4481 1703 4584">
    <p class='ocr_par' dir='ltr' id='par_1_90' title="bbox 103 4481 1703 4584">
     <span class='ocr_line' id='line_1_91' title="bbox 103 4481 1703 4584; baseline -0.009 -11"><span class='ocrx_word' id='word_1_675' title='bbox 103 4528 170 4574; x_wconf 84' lang='lat' dir='ltr'><strong>et</strong></span> <span class='ocrx_word' id='word_1_676' title='bbox 212 4481 479 4584; x_wconf 58' lang='lat' dir='ltr'><strong>hospites</strong></span> <span class='ocrx_word' id='word_1_677' title='bbox 518 4516 990 4571; x_wconf 87' lang='lat' dir='ltr'><strong>testamentorum,</strong></span> <span class='ocrx_word' id='word_1_678' title='bbox 1023 4504 1401 4579; x_wconf 83' lang='lat' dir='ltr'><strong>promissionis</strong></span> <span class='ocrx_word' id='word_1_679' title='bbox 1431 4520 1583 4577; x_wconf 87' lang='lat' dir='ltr'><strong>spem</strong></span> <span class='ocrx_word' id='word_1_680' title='bbox 1609 4520 1703 4561; x_wconf 79' lang='lat' dir='ltr'><strong>nor</strong></span> 
     </span>
    </p>
   </div>
   <div class='ocr_carea' id='block_1_91' title="bbox 1818 4481 3404 4584">
    <p class='ocr_par' dir='ltr' id='par_1_91' title="bbox 1824 4481 3404 4557">
     <span class='ocr_line' id='line_1_92' title="bbox 1824 4481 3404 4557; baseline -0.009 -9"><span class='ocrx_word' id='word_1_681' title='bbox 1824 4492 2033 4548; x_wconf 88' lang='lat' dir='ltr'><strong>sciebat</strong></span> <span class='ocrx_word' id='word_1_682' title='bbox 2077 4505 2225 4554; x_wconf 90' lang='lat' dir='ltr'><strong>eum,</strong></span> <span class='ocrx_word' id='word_1_683' title='bbox 2257 4488 2347 4557; x_wconf 89' lang='lat' dir='ltr'><strong>qui</strong></span> <span class='ocrx_word' id='word_1_684' title='bbox 2394 4494 2481 4541; x_wconf 86' lang='lat' dir='ltr'><strong>est</strong></span> <span class='ocrx_word' id='word_1_685' title='bbox 2525 4495 2715 4539; x_wconf 88' lang='lat' dir='ltr'><strong>natura</strong></span> <span class='ocrx_word' id='word_1_686' title='bbox 2761 4490 2817 4539; x_wconf 90' lang='lat' dir='ltr'><strong>et</strong></span> <span class='ocrx_word' id='word_1_687' title='bbox 2862 4482 3124 4549; x_wconf 88' lang='lat' dir='ltr'><strong>veritate;</strong></span> <span class='ocrx_word' id='word_1_688' title='bbox 3168 4495 3266 4551; x_wconf 92' lang='lat' dir='ltr'><strong>pro</strong></span> <span class='ocrx_word' id='word_1_689' title='bbox 3294 4481 3404 4535; x_wconf 85' lang='lat' dir='ltr'><strong>Deo</strong></span> 
     </span>
    </p>
   </div>
   <div class='ocr_carea' id='block_1_92' title="bbox 100 4571 3403 4667">
    <p class='ocr_par' dir='ltr' id='par_1_92' title="bbox 100 4571 3403 4667">
     <span class='ocr_line' id='line_1_93' title="bbox 100 4571 3403 4667; baseline -0.011 -5"><span class='ocrx_word' id='word_1_690' title='bbox 100 4571 421 4664; x_wconf 66' lang='lat' dir='ltr'><strong>habentes,</strong></span> <span class='ocrx_word' id='word_1_691' title='bbox 441 4610 497 4657; x_wconf 89' lang='lat' dir='ltr'><strong>et</strong></span> <span class='ocrx_word' id='word_1_692' title='bbox 511 4598 752 4656; x_wconf 90' lang='lat' dir='ltr'><strong>sineDeo</strong></span> <span class='ocrx_word' id='word_1_693' title='bbox 770 4597 821 4652; x_wconf 91' lang='lat' dir='ltr'><strong>in</strong></span> <span class='ocrx_word' id='word_1_694' title='bbox 855 4571 1181 4667; x_wconf 45' lang='lat' dir='ltr'><strong>hocm&#39;undo</strong></span> <span class='ocrx_word' id='word_1_695' title='bbox 1194 4594 1334 4650; x_wconf 75' lang='grc' dir='ltr'><strong>³¹σ³³.</strong></span> <span class='ocrx_word' id='word_1_696' title='bbox 1359 4613 1379 4648; x_wconf 73' lang='grc' dir='ltr'><strong>ι</strong></span> <span class='ocrx_word' id='word_1_697' title='bbox 1408 4571 1577 4649; x_wconf 75' lang='lat' dir='ltr'><strong>Erant</strong></span> <span class='ocrx_word' id='word_1_698' title='bbox 1601 4609 1733 4666; x_wconf 70' lang='lat' dir='ltr'><strong>ergo</strong></span> <span class='ocrx_word' id='word_1_699' title='bbox 1831 4583 1998 4641; x_wconf 92' lang='lat' dir='ltr'><strong>coluit</strong></span> <span class='ocrx_word' id='word_1_700' title='bbox 2019 4577 2410 4637; x_wconf 79' lang='lat' dir='ltr'><strong>creaturam”.</strong></span> <span class='ocrx_word' id='word_1_701' title='bbox 2431 4576 2711 4645; x_wconf 89' lang='lat' dir='ltr'><strong>Quomodo</strong></span> <span class='ocrx_word' id='word_1_702' title='bbox 2732 4574 2895 4644; x_wconf 89' lang='lat' dir='ltr'><strong>igitur</strong></span> <span class='ocrx_word' id='word_1_703' title='bbox 2919 4571 3226 4643; x_wconf 77' lang='lat' dir='ltr'><strong>huiusmodi</strong></span> <span class='ocrx_word' id='word_1_704' title='bbox 3248 4571 3403 4627; x_wconf 91' lang='lat' dir='ltr'><strong>malis</strong></span> 
     </span>
    </p>
   </div>
   <div class='ocr_carea' id='block_1_93' title="bbox 98 4664 3405 4768">
    <p class='ocr_par' dir='ltr' id='par_1_93' title="bbox 98 4664 3405 4768">
     <span class='ocr_line' id='line_1_94' title="bbox 98 4664 3405 4768; baseline -0.011 -15"><span class='ocrx_word' id='word_1_705' title='bbox 98 4706 326 4768; x_wconf 75' lang='lat' dir='ltr'><strong>gentes</strong></span> <span class='ocrx_word' id='word_1_706' title='bbox 354 4691 412 4747; x_wconf 87' lang='lat' dir='ltr'><strong>in</strong></span> <span class='ocrx_word' id='word_1_707' title='bbox 442 4689 644 4747; x_wconf 90' lang='lat' dir='ltr'><strong>mundo</strong></span> <span class='ocrx_word' id='word_1_708' title='bbox 684 4689 806 4745; x_wconf 91' lang='lat' dir='ltr'><strong>sine</strong></span> <span class='ocrx_word' id='word_1_709' title='bbox 837 4664 971 4752; x_wconf 78' lang='lat' dir='ltr'><strong>Deo,</strong></span> <span class='ocrx_word' id='word_1_710' title='bbox 1002 4700 1125 4741; x_wconf 90' lang='lat' dir='ltr'><strong>cum</strong></span> <span class='ocrx_word' id='word_1_711' title='bbox 1159 4685 1365 4757; x_wconf 90' lang='lat' dir='ltr'><strong>absque</strong></span> <span class='ocrx_word' id='word_1_712' title='bbox 1391 4683 1609 4741; x_wconf 87' lang='lat' dir='ltr'><strong>Christo</strong></span> <span class='ocrx_word' id='word_1_713' title='bbox 1638 4664 1727 4741; x_wconf 68' lang='lat' dir='ltr'><strong>es.</strong></span> <span class='ocrx_word' id='word_1_714' title='bbox 1828 4682 2042 4750; x_wconf 91' lang='lat' dir='ltr'><strong>poterat</strong></span> <span class='ocrx_word' id='word_1_715' title='bbox 2081 4671 2341 4728; x_wconf 73' lang='lat' dir='ltr'><strong>liberarii</strong></span> <span class='ocrx_word' id='word_1_716' title='bbox 2384 4670 2467 4724; x_wconf 84' lang='lat' dir='ltr'><strong>An</strong></span> <span class='ocrx_word' id='word_1_717' title='bbox 2511 4667 2643 4724; x_wconf 91' lang='lat' dir='ltr'><strong>illud</strong></span> <span class='ocrx_word' id='word_1_718' title='bbox 2686 4665 3125 4768; x_wconf 26' lang='lat' dir='ltr'><strong>dicemusaquod</strong></span> <span class='ocrx_word' id='word_1_719' title='bbox 3163 4664 3245 4719; x_wconf 81' lang='lat' dir='ltr'><strong>fas</strong></span> <span class='ocrx_word' id='word_1_720' title='bbox 3285 4672 3405 4720; x_wconf 88' lang='lat' dir='ltr'><strong>erat</strong></span> 
     </span>
    </p>
   </div>
   <div class='ocr_carea' id='block_1_94' title="bbox 94 4758 3404 4852">
    <p class='ocr_par' dir='ltr' id='par_1_94' title="bbox 94 4758 3404 4852">
     <span class='ocr_line' id='line_1_95' title="bbox 94 4758 3404 4852; baseline -0.011 -7"><span class='ocrx_word' id='word_1_721' title='bbox 94 4758 268 4845; x_wconf 60' lang='lat' dir='ltr'><strong>sent.</strong></span> <span class='ocrx_word' id='word_1_722' title='bbox 311 4782 525 4839; x_wconf 83' lang='lat' dir='ltr'><strong>Verum</strong></span> <span class='ocrx_word' id='word_1_723' title='bbox 563 4780 820 4852; x_wconf 89' lang='lat' dir='ltr'><strong>quoniam</strong></span> <span class='ocrx_word' id='word_1_724' title='bbox 870 4793 997 4835; x_wconf 88' lang='lat' dir='ltr'><strong>eum</strong></span> <span class='ocrx_word' id='word_1_725' title='bbox 1040 4791 1169 4833; x_wconf 90' lang='lat' dir='ltr'><strong>vere</strong></span> <span class='ocrx_word' id='word_1_726' title='bbox 1217 4787 1274 4833; x_wconf 90' lang='lat' dir='ltr'><strong>et</strong></span> <span class='ocrx_word' id='word_1_727' title='bbox 1318 4784 1511 4832; x_wconf 89' lang='lat' dir='ltr'><strong>natura</strong></span> <span class='ocrx_word' id='word_1_728' title='bbox 1556 4775 1728 4833; x_wconf 90' lang='lat' dir='ltr'><strong>Deum</strong></span> <span class='ocrx_word' id='word_1_729' title='bbox 1828 4768 2153 4829; x_wconf 87' lang='lat' dir='ltr'><strong>humanitati</strong></span> <span class='ocrx_word' id='word_1_730' title='bbox 2199 4764 2438 4821; x_wconf 85' lang='lat' dir='ltr'><strong>divinam</strong></span> <span class='ocrx_word' id='word_1_731' title='bbox 2497 4771 2747 4817; x_wconf 89' lang='lat' dir='ltr'><strong>naturam</strong></span> <span class='ocrx_word' id='word_1_732' title='bbox 2794 4758 3239 4828; x_wconf 88' lang='lat' dir='ltr'><strong>apprehendere,</strong></span> <span class='ocrx_word' id='word_1_733' title='bbox 3283 4771 3404 4826; x_wconf 87' lang='lat' dir='ltr'><strong>quae</strong></span> 
     </span>
    </p>
   </div>
   <div class='ocr_carea' id='block_1_95' title="bbox 94 4848 3406 4949">
    <p class='ocr_par' dir='ltr' id='par_1_95' title="bbox 94 4848 3406 4949">
     <span class='ocr_line' id='line_1_96' title="bbox 94 4848 3406 4949; baseline -0.01 -13"><span class='ocrx_word' id='word_1_734' title='bbox 94 4895 243 4936; x_wconf 87' lang='lat' dir='ltr'><strong>esse</strong></span> <span class='ocrx_word' id='word_1_735' title='bbox 298 4848 672 4949; x_wconf 69' lang='lat' dir='ltr'><strong>agnoverunt,</strong></span> <span class='ocrx_word' id='word_1_736' title='bbox 714 4872 842 4944; x_wconf 72' lang='lat' dir='ltr'><strong>ipsa:</strong></span> <span class='ocrx_word' id='word_1_737' title='bbox 875 4885 1091 4944; x_wconf 91' lang='lat' dir='ltr'><strong>quoque</strong></span> <span class='ocrx_word' id='word_1_738' title='bbox 1131 4870 1200 4925; x_wconf 92' lang='lat' dir='ltr'><strong>ab</strong></span> <span class='ocrx_word' id='word_1_739' title='bbox 1232 4884 1300 4926; x_wconf 91' lang='lat' dir='ltr'><strong>eo</strong></span> <span class='ocrx_word' id='word_1_740' title='bbox 1331 4870 1529 4939; x_wconf 65' lang='lat' dir='ltr'><strong>agnita</strong></span> <span class='ocrx_word' id='word_1_741' title='bbox 1571 4877 1720 4935; x_wconf 90' lang='lat' dir='ltr'><strong>sunt,</strong></span> <span class='ocrx_word' id='word_1_742' title='bbox 1832 4863 2066 4921; x_wconf 87' lang='lat' dir='ltr'><strong>nesciret</strong></span> <span class='ocrx_word' id='word_1_743' title='bbox 2093 4859 2338 4924; x_wconf 91' lang='lat' dir='ltr'><strong>omnino,</strong></span> <span class='ocrx_word' id='word_1_744' title='bbox 2377 4855 2553 4927; x_wconf 91' lang='lat' dir='ltr'><strong>qualis</strong></span> <span class='ocrx_word' id='word_1_745' title='bbox 2580 4862 2727 4909; x_wconf 88' lang='lat' dir='ltr'><strong>esset</strong></span> <span class='ocrx_word' id='word_1_746' title='bbox 2755 4851 2985 4922; x_wconf 88' lang='lat' dir='ltr'><strong>dignitas</strong></span> <span class='ocrx_word' id='word_1_747' title='bbox 3013 4860 3217 4904; x_wconf 64' lang='lat' dir='ltr'><strong>natura:</strong></span> <span class='ocrx_word' id='word_1_748' title='bbox 3239 4848 3406 4904; x_wconf 72' lang='lat' dir='ltr'><strong>coele-</strong></span> 
     </span>
    </p>
   </div>
   <div class='ocr_carea' id='block_1_96' title="bbox 93 4943 3407 5035">
    <p class='ocr_par' dir='ltr' id='par_1_96' title="bbox 93 4943 3407 5035">
     <span class='ocr_line' id='line_1_97' title="bbox 93 4943 3407 5035; baseline -0.01 -6"><span class='ocrx_word' id='word_1_749' title='bbox 93 4971 292 5029; x_wconf 75' lang='lat' dir='ltr'><strong>ﬁdem</strong></span> <span class='ocrx_word' id='word_1_750' title='bbox 319 4943 673 5031; x_wconf 56' lang='lat' dir='ltr'><strong>conﬁtentes,</strong></span> <span class='ocrx_word' id='word_1_751' title='bbox 693 4943 749 5020; x_wconf 85' lang='lat' dir='ltr'><strong>et</strong></span> <span class='ocrx_word' id='word_1_752' title='bbox 772 4943 899 5035; x_wconf 87' lang='lat' dir='ltr'><strong>ipse</strong></span> <span class='ocrx_word' id='word_1_753' title='bbox 923 4971 1231 5032; x_wconf 89' lang='lat' dir='ltr'><strong>assumptus</strong></span> <span class='ocrx_word' id='word_1_754' title='bbox 1277 4948 1371 5017; x_wconf 78' lang='lat' dir='ltr'><strong>est</strong></span> <span class='ocrx_word' id='word_1_755' title='bbox 1414 4962 1467 5015; x_wconf 92' lang='lat' dir='ltr'><strong>in</strong></span> <span class='ocrx_word' id='word_1_756' title='bbox 1530 4959 1721 5032; x_wconf 87' lang='lat' dir='ltr'><strong>gloria,</strong></span> <span class='ocrx_word' id='word_1_757' title='bbox 1830 4954 1963 5017; x_wconf 86' lang='lat' dir='ltr'><strong>stis,</strong></span> <span class='ocrx_word' id='word_1_758' title='bbox 2011 4965 2134 5007; x_wconf 91' lang='lat' dir='ltr'><strong>cum</strong></span> <span class='ocrx_word' id='word_1_759' title='bbox 2181 4957 2328 5004; x_wconf 84' lang='lat' dir='ltr'><strong>esset</strong></span> <span class='ocrx_word' id='word_1_760' title='bbox 2369 4943 2690 5017; x_wconf 73' lang='lat' dir='ltr'><strong>ignorantia:</strong></span> <span class='ocrx_word' id='word_1_761' title='bbox 2732 4943 2973 5035; x_wconf 88' lang='lat' dir='ltr'><strong>tenebris</strong></span> <span class='ocrx_word' id='word_1_762' title='bbox 3017 4949 3313 5012; x_wconf 87' lang='lat' dir='ltr'><strong>occupata,</strong></span> <span class='ocrx_word' id='word_1_763' title='bbox 3350 4949 3407 4996; x_wconf 89' lang='lat' dir='ltr'><strong>et</strong></span> 
     </span>
    </p>
   </div>
   <div class='ocr_carea' id='block_1_97' title="bbox 87 5033 3402 5127">
    <p class='ocr_par' dir='ltr' id='par_1_97' title="bbox 87 5033 3402 5127">
     <span class='ocr_line' id='line_1_98' title="bbox 87 5033 3402 5127; baseline -0.009 -3"><span class='ocrx_word' id='word_1_764' title='bbox 87 5077 272 5127; x_wconf 85' lang='lat' dir='ltr'><strong>certe</strong></span> <span class='ocrx_word' id='word_1_765' title='bbox 310 5063 528 5120; x_wconf 86' lang='lat' dir='ltr'><strong>divina.</strong></span> <span class='ocrx_word' id='word_1_766' title='bbox 567 5060 753 5116; x_wconf 87' lang='lat' dir='ltr'><strong>Psallit</strong></span> <span class='ocrx_word' id='word_1_767' title='bbox 782 5033 925 5115; x_wconf 82' lang='lat' dir='ltr'><strong>enim</strong></span> <span class='ocrx_word' id='word_1_768' title='bbox 957 5058 1148 5114; x_wconf 91' lang='lat' dir='ltr'><strong>beatus</strong></span> <span class='ocrx_word' id='word_1_769' title='bbox 1176 5054 1385 5111; x_wconf 85' lang='lat' dir='ltr'><strong>David:</strong></span> <span class='ocrx_word' id='word_1_770' title='bbox 1423 5071 1444 5107; x_wconf 82' lang='grc' dir='ltr'><strong>ι</strong></span> <span class='ocrx_word' id='word_1_771' title='bbox 1469 5054 1727 5111; x_wconf 79' lang='lat' dir='ltr'><strong>Ascendit</strong></span> <span class='ocrx_word' id='word_1_772' title='bbox 1831 5043 2040 5117; x_wconf 71' lang='lat' dir='ltr'><strong>peccati</strong></span> <span class='ocrx_word' id='word_1_773' title='bbox 2069 5041 2322 5099; x_wconf 75' lang='lat' dir='ltr'><strong>sordibus</strong></span> <span class='ocrx_word' id='word_1_774' title='bbox 2350 5037 2675 5109; x_wconf 73' lang='lat' dir='ltr'><strong>inquinata?</strong></span> <span class='ocrx_word' id='word_1_775' title='bbox 2711 5034 2994 5104; x_wconf 75' lang='lat' dir='ltr'><strong>Qtl0m0d0</strong></span> <span class='ocrx_word' id='word_1_776' title='bbox 3024 5044 3249 5127; x_wconf 61' lang='lat' dir='ltr'><strong>poterat</strong></span> <span class='ocrx_word' id='word_1_777' title='bbox 3286 5033 3402 5088; x_wconf 80' lang='lat' dir='ltr'><strong>ﬁeri</strong></span> 
     </span>
    </p>
   </div>
   <div class='ocr_carea' id='block_1_98' title="bbox 88 5123 3405 5227">
    <p class='ocr_par' dir='ltr' id='par_1_98' title="bbox 88 5123 3405 5227">
     <span class='ocr_line' id='line_1_99' title="bbox 88 5123 3405 5227; baseline -0.011 -12"><span class='ocrx_word' id='word_1_778' title='bbox 88 5123 267 5218; x_wconf 76' lang='lat' dir='ltr'><strong>Deus</strong></span> <span class='ocrx_word' id='word_1_779' title='bbox 320 5157 386 5212; x_wconf 88' lang='lat' dir='ltr'><strong>in</strong></span> <span class='ocrx_word' id='word_1_780' title='bbox 431 5154 690 5227; x_wconf 72' lang='lat' dir='ltr'><strong>iubilo“.</strong></span> <span class='ocrx_word' id='word_1_781' title='bbox 716 5171 737 5206; x_wconf 74' lang='grc' dir='ltr'><strong>ι</strong></span> <span class='ocrx_word' id='word_1_782' title='bbox 773 5150 1037 5208; x_wconf 83' lang='lat' dir='ltr'><strong>Ascendit</strong></span> <span class='ocrx_word' id='word_1_783' title='bbox 1081 5150 1227 5205; x_wconf 90' lang='lat' dir='ltr'><strong>enim</strong></span> <span class='ocrx_word' id='word_1_784' title='bbox 1259 5156 1409 5203; x_wconf 91' lang='lat' dir='ltr'><strong>certe</strong></span> <span class='ocrx_word' id='word_1_785' title='bbox 1438 5162 1561 5203; x_wconf 92' lang='lat' dir='ltr'><strong>cum</strong></span> <span class='ocrx_word' id='word_1_786' title='bbox 1603 5161 1726 5203; x_wconf 84' lang='lat' dir='ltr'><strong>cor-</strong></span> <span class='ocrx_word' id='word_1_787' title='bbox 1828 5147 1887 5193; x_wconf 90' lang='lat' dir='ltr'><strong>ut</strong></span> <span class='ocrx_word' id='word_1_788' title='bbox 1932 5134 2360 5207; x_wconf 89' lang='lat' dir='ltr'><strong>apprehenderet</strong></span> <span class='ocrx_word' id='word_1_789' title='bbox 2408 5139 2649 5187; x_wconf 86' lang='lat' dir='ltr'><strong>sanetam</strong></span> <span class='ocrx_word' id='word_1_790' title='bbox 2694 5136 2945 5183; x_wconf 88' lang='lat' dir='ltr'><strong>naturam</strong></span> <span class='ocrx_word' id='word_1_791' title='bbox 2971 5164 2987 5191; x_wconf 93' lang='lat'><strong>,</strong></span> <span class='ocrx_word' id='word_1_792' title='bbox 3034 5133 3091 5180; x_wconf 90' lang='lat' dir='ltr'><strong>et</strong></span> <span class='ocrx_word' id='word_1_793' title='bbox 3136 5123 3405 5193; x_wconf 88' lang='lat' dir='ltr'><strong>acciperet</strong></span> 
     </span>
    </p>
   </div>
   <div class='ocr_carea' id='block_1_99' title="bbox 86 5214 3402 5326">
    <p class='ocr_par' dir='ltr' id='par_1_99' title="bbox 86 5214 3402 5326">
     <span class='ocr_line' id='line_1_100' title="bbox 86 5214 3402 5326; baseline -0.013 -17"><span class='ocrx_word' id='word_1_794' title='bbox 86 5266 280 5326; x_wconf 73' lang='lat' dir='ltr'><strong>pore;</strong></span> <span class='ocrx_word' id='word_1_795' title='bbox 302 5214 502 5304; x_wconf 46' lang='lat' dir='ltr'><strong>nec&#39;in</strong></span> <span class='ocrx_word' id='word_1_796' title='bbox 535 5245 679 5302; x_wconf 89' lang='lat' dir='ltr'><strong>nuda</strong></span> <span class='ocrx_word' id='word_1_797' title='bbox 708 5244 950 5301; x_wconf 87' lang='lat' dir='ltr'><strong>deitate:</strong></span> <span class='ocrx_word' id='word_1_798' title='bbox 980 5241 1123 5297; x_wconf 81' lang='lat' dir='ltr'><strong>Deus</strong></span> <span class='ocrx_word' id='word_1_799' title='bbox 1153 5239 1299 5296; x_wconf 89' lang='lat' dir='ltr'><strong>enim</strong></span> <span class='ocrx_word' id='word_1_800' title='bbox 1329 5246 1448 5295; x_wconf 87' lang='lat' dir='ltr'><strong>erat</strong></span> <span class='ocrx_word' id='word_1_801' title='bbox 1472 5238 1724 5294; x_wconf 88' lang='lat' dir='ltr'><strong>incarna-</strong></span> <span class='ocrx_word' id='word_1_802' title='bbox 1828 5230 2076 5301; x_wconf 66' lang='lat' dir='ltr'><strong>gloriam.</strong></span> <span class='ocrx_word' id='word_1_803' title='bbox 2102 5241 2265 5297; x_wconf 76' lang='lat' dir='ltr'><strong>Quam</strong></span> <span class='ocrx_word' id='word_1_804' title='bbox 2309 5238 2469 5279; x_wconf 88' lang='lat' dir='ltr'><strong>nemo</strong></span> <span class='ocrx_word' id='word_1_805' title='bbox 2503 5219 2762 5287; x_wconf 79' lang='lat' dir='ltr'><strong>inveniat,</strong></span> <span class='ocrx_word' id='word_1_806' title='bbox 2781 5218 2890 5326; x_wconf 41' lang='lat' dir='ltr'><strong>.nis&#39;i</strong></span> <span class='ocrx_word' id='word_1_807' title='bbox 2928 5215 3230 5286; x_wconf 85' lang='lat' dir='ltr'><strong>acceperit?</strong></span> <span class='ocrx_word' id='word_1_808' title='bbox 3257 5214 3402 5318; x_wconf 68' lang='lat' dir='ltr'><strong>Con-</strong></span> 
     </span>
    </p>
   </div>
   <div class='ocr_carea' id='block_1_100' title="bbox 87 5306 3406 5403">
    <p class='ocr_par' dir='ltr' id='par_1_100' title="bbox 87 5306 3406 5403">
     <span class='ocr_line' id='line_1_101' title="bbox 87 5306 3406 5403; baseline -0.013 -1"><span class='ocrx_word' id='word_1_809' title='bbox 87 5306 272 5403; x_wconf 24' lang='lat' dir='ltr'><strong>:us;</strong></span> <span class='ocrx_word' id='word_1_810' title='bbox 1264 5390 1267 5393; x_wconf 76' lang='grc'><strong>,</strong></span> <span class='ocrx_word' id='word_1_811' title='bbox 1829 5323 2085 5380; x_wconf 85' lang='lat' dir='ltr'><strong>cedamus</strong></span> <span class='ocrx_word' id='word_1_812' title='bbox 2127 5320 2273 5376; x_wconf 88' lang='lat' dir='ltr'><strong>enim</strong></span> <span class='ocrx_word' id='word_1_813' title='bbox 2326 5316 2467 5388; x_wconf 88' lang='lat' dir='ltr'><strong>quod</strong></span> <span class='ocrx_word' id='word_1_814' title='bbox 2509 5312 2821 5383; x_wconf 85' lang='lat' dir='ltr'><strong>cognoverit</strong></span> <span class='ocrx_word' id='word_1_815' title='bbox 2852 5308 3103 5375; x_wconf 83' lang='lat' dir='ltr'><strong>fortasse,</strong></span> <span class='ocrx_word' id='word_1_816' title='bbox 3135 5316 3190 5363; x_wconf 90' lang='lat' dir='ltr'><strong>et</strong></span> <span class='ocrx_word' id='word_1_817' title='bbox 3218 5306 3406 5362; x_wconf 89' lang='lat' dir='ltr'><strong>scierit</strong></span> 
     </span>
    </p>
   </div>
   <div class='ocr_carea' id='block_1_101' title="bbox 2909 5461 3401 5529">
    <p class='ocr_par' dir='ltr' id='par_1_101' title="bbox 2909 5461 3401 5529">
     <span class='ocr_line' id='line_1_102' title="bbox 2909 5461 3401 5529; baseline -0.018 -3"><span class='ocrx_word' id='word_1_818' title='bbox 2909 5471 2952 5502; x_wconf 63' lang='grc' dir='ltr'><strong>’δ</strong></span> <span class='ocrx_word' id='word_1_819' title='bbox 2982 5465 3125 5526; x_wconf 87' lang='lat' dir='ltr'><strong>Psal.</strong></span> <span class='ocrx_word' id='word_1_820' title='bbox 3173 5479 3315 5529; x_wconf 78' lang='lat' dir='ltr'><strong>vat,</strong></span> <span class='ocrx_word' id='word_1_821' title='bbox 3345 5461 3401 5518; x_wconf 90' lang='lat'><strong>6.</strong></span> 
     </span>
    </p>
   </div>
   <div class='ocr_carea' id='block_1_102' title="bbox 1429 5470 2792 5546">
    <p class='ocr_par' dir='ltr' id='par_1_102' title="bbox 1429 5470 2792 5546">
     <span class='ocr_line' id='line_1_103' title="bbox 1429 5470 2792 5546; baseline -0.01 -7"><span class='ocrx_word' id='word_1_822' title='bbox 1429 5483 1473 5517; x_wconf 80' lang='grc'><strong>³¹</strong></span> <span class='ocrx_word' id='word_1_823' title='bbox 1506 5480 1695 5538; x_wconf 85' lang='lat' dir='ltr'><strong>l&#39;I&#39;im.</strong></span> <span class='ocrx_word' id='word_1_824' title='bbox 1740 5495 1824 5546; x_wconf 85' lang='grc' dir='ltr'><strong>ιιι,</strong></span> <span class='ocrx_word' id='word_1_825' title='bbox 1877 5478 1966 5535; x_wconf 82' lang='lat' dir='ltr'><strong>I6.</strong></span> <span class='ocrx_word' id='word_1_826' title='bbox 2068 5475 2187 5512; x_wconf 82' lang='grc' dir='ltr'>³¹ο³³</span> <span class='ocrx_word' id='word_1_827' title='bbox 2220 5473 2507 5545; x_wconf 83' lang='lat' dir='ltr'><strong>Ephes.tt,</strong></span> <span class='ocrx_word' id='word_1_828' title='bbox 2562 5470 2651 5539; x_wconf 76' lang='lat' dir='ltr'><strong>Il,</strong></span> <span class='ocrx_word' id='word_1_829' title='bbox 2703 5470 2792 5527; x_wconf 74' lang='lat' dir='ltr'><strong>I2.</strong></span> 
     </span>
    </p>
   </div>
   <div class='ocr_carea' id='block_1_103' title="bbox 168 5491 766 5559">
    <p class='ocr_par' dir='ltr' id='par_1_103' title="bbox 168 5491 766 5559">
     <span class='ocr_line' id='line_1_104' title="bbox 168 5491 766 5559; baseline -0.007 -8"><span class='ocrx_word' id='word_1_830' title='bbox 168 5498 226 5534; x_wconf 81' lang='grc'><strong>³⁹</strong></span> <span class='ocrx_word' id='word_1_831' title='bbox 304 5491 497 5550; x_wconf 76' lang='lat' dir='ltr'><strong>Exod.</strong></span> <span class='ocrx_word' id='word_1_832' title='bbox 520 5508 653 5559; x_wconf 82' lang='lat' dir='ltr'><strong>xxv,</strong></span> <span class='ocrx_word' id='word_1_833' title='bbox 676 5491 766 5547; x_wconf 77' lang='grc'><strong>10.</strong></span> 
     </span>
    </p>
   </div>
   <div class='ocr_carea' id='block_1_104' title="bbox 73 5563 567 5626">
    <p class='ocr_par' dir='ltr' id='par_1_104' title="bbox 73 5563 567 5626">
     <span class='ocr_line' id='line_1_105' title="bbox 73 5563 567 5626; baseline -0.022 2"><span class='ocrx_word' id='word_1_834' title='bbox 73 5573 135 5609; x_wconf 80' lang='grc'><em>³³</em></span> <span class='ocrx_word' id='word_1_835' title='bbox 176 5570 376 5626; x_wconf 76' lang='lat' dir='ltr'><strong>Rom.</strong></span> <span class='ocrx_word' id='word_1_836' title='bbox 411 5578 452 5623; x_wconf 87' lang='lat' dir='ltr'><strong>t.</strong></span> <span class='ocrx_word' id='word_1_837' title='bbox 476 5563 567 5618; x_wconf 71' lang='lat'><strong>25.</strong></span> 
     </span>
    </p>
   </div>
   <div class='ocr_carea' id='block_1_105' title="bbox 869 5487 1328 5556">
    <p class='ocr_par' dir='ltr' id='par_1_105' title="bbox 869 5487 1328 5556">
     <span class='ocr_line' id='line_1_106' title="bbox 869 5487 1328 5556; baseline -0.007 -10"><span class='ocrx_word' id='word_1_838' title='bbox 869 5490 916 5524; x_wconf 83' lang='grc'><strong>³⁸</strong></span> <span class='ocrx_word' id='word_1_839' title='bbox 953 5489 1112 5547; x_wconf 75' lang='lat' dir='ltr'><strong>toan.</strong></span> <span class='ocrx_word' id='word_1_840' title='bbox 1133 5501 1247 5556; x_wconf 85' lang='lat' dir='ltr'><strong>xtv,</strong></span> <span class='ocrx_word' id='word_1_841' title='bbox 1271 5487 1328 5543; x_wconf 86' lang='lat'><strong>&#39;5.</strong></span> 
     </span>
    </p>
   </div>
   <div class='ocr_carea' id='block_1_106' title="bbox 161 5671 3538 5784">
    <p class='ocr_par' dir='ltr' id='par_1_106' title="bbox 161 5671 3538 5784">
     <span class='ocr_line' id='line_1_107' title="bbox 161 5671 3538 5784; baseline -0.009 -27"><span class='ocrx_word' id='word_1_842' title='bbox 161 5704 488 5784; x_wconf 26' lang='lat' dir='ltr'><strong>(natione</strong></span> <span class='ocrx_word' id='word_1_843' title='bbox 519 5710 732 5784; x_wconf 71' lang='lat' dir='ltr'><strong>quoque</strong></span> <span class='ocrx_word' id='word_1_844' title='bbox 769 5687 1563 5784; x_wconf 44' lang='lat' dir='ltr'><strong>locum[exleademversione</strong></span> <span class='ocrx_word' id='word_1_845' title='bbox 1587 5686 1718 5744; x_wconf 88' lang='lat' dir='ltr'><strong>citat</strong></span> <span class='ocrx_word' id='word_1_846' title='bbox 1758 5685 2045 5743; x_wconf 81' lang='lat' dir='ltr'><strong>Facundos</strong></span> <span class='ocrx_word' id='word_1_847' title='bbox 2103 5683 2322 5743; x_wconf 90' lang='lat' dir='ltr'><strong>ibidem.</strong></span> <span class='ocrx_word' id='word_1_848' title='bbox 2384 5683 2524 5741; x_wconf 89' lang='lat' dir='ltr'><strong>Citat</strong></span> <span class='ocrx_word' id='word_1_849' title='bbox 2551 5681 2715 5740; x_wconf 88' lang='lat' dir='ltr'><strong>etiam</strong></span> <span class='ocrx_word' id='word_1_850' title='bbox 2751 5678 3006 5737; x_wconf 79' lang='lat' dir='ltr'><strong>Leontius</strong></span> <span class='ocrx_word' id='word_1_851' title='bbox 3025 5675 3318 5751; x_wconf 74' lang='lat' dir='ltr'><strong>Byzantius</strong></span> <span class='ocrx_word' id='word_1_852' title='bbox 3346 5671 3401 5730; x_wconf 88' lang='lat' dir='ltr'><strong>iu</strong></span> <span class='ocrx_word' id='word_1_853' title='bbox 3514 5698 3538 5725; x_wconf 61' lang='grc' dir='ltr'><em>ς</em></span> 
     </span>
    </p>
   </div>
   <div class='ocr_carea' id='block_1_107' title="bbox 68 5763 2587 5843">
    <p class='ocr_par' dir='ltr' id='par_1_107' title="bbox 68 5763 2587 5843">
     <span class='ocr_line' id='line_1_108' title="bbox 68 5763 2587 5843; baseline -0.019 -2"><span class='ocrx_word' id='word_1_854' title='bbox 68 5763 205 5843; x_wconf 58' lang='lat' dir='ltr'><strong>ﬁn}:</strong></span> <span class='ocrx_word' id='word_1_855' title='bbox 240 5763 414 5834; x_wconf 72' lang='grc' dir='ltr'><strong>ἠυτί</strong></span> <span class='ocrx_word' id='word_1_856' title='bbox 454 5763 616 5841; x_wconf 71' lang='grc' dir='ltr'><strong>υτὶἱιιί</strong></span> <span class='ocrx_word' id='word_1_857' title='bbox 645 5763 917 5825; x_wconf 77' lang='lat' dir='ltr'><strong>adversus</strong></span> <span class='ocrx_word' id='word_1_858' title='bbox 957 5763 1346 5834; x_wconf 78' lang='lat' dir='ltr'><strong>Eutychianos.</strong></span> <span class='ocrx_word' id='word_1_859' title='bbox 2585 5799 2587 5801; x_wconf 56' lang='grc'><strong>,</strong></span> 
     </span>
    </p>
   </div>
  </div>
