3856 6212
161 415 280 469 1383

1059 410 1351 469 δοῐιοιιΑ
1393 406 1481 464 DE
1520 403 2032 463 INCARNATIONE
2070 402 2387 462 υΝιῦΕΝΓι
2403 430 2443 461 ι.

3243 395 3383 455 1386

155 529 288 591 Θεὸς,
317 529 343 582 ό
367 530 428 582 ὲκ
457 529 588 583 Θεοῦ
615 529 893 602 ἀληθινοῦ,
935 528 995 583 τὸ
1036 529 1151 601 φῶς
1178 530 1239 583 τὸ
1270 529 1335 582 ὲκ
1371 525 1469 581 τοῦ
1505 526 1702 594 φωτὸς,

1816 532 2091 578 carnatutn
2124 522 2215 587 sit,
2253 530 2307 576 et
2331 522 2489 575 homo
2535 519 2759 584 factum,
2807 525 2861 575 et
2905 514 3277 577 descenderit,
3336 529 3392 572 et

157 618 422 689 ἑσαρκώθη
463 637 522 671 τε
564 621 660 673 καὶ
695 618 1084 692 ὲνηνθρὼπησε
1108 637 1121 651 ο
1158 617 1453 687 κατῆλθεν,
1482 615 1706 679 ἔπαθεν,

153 713 430 780 ἐγήγερται
470 712 524 763 δὲ
567 713 630 765 ἐκ
659 712 884 781 νεκρῶν.
927 712 1173 783 Ὠρίσατο
1213 710 1323 781 γὰρ
1350 707 1491 763 οὕτω
1520 705 1583 760 τὸ
1612 705 1711 776 τῆς

157 805 371 864 πίστεως
392 803 719 874 Σύμϐολονή
748 804 878 871 ἁγία
906 821 963 856 τε
996 803 1091 857 καὶ
1113 803 1323 873 μεγάλη
1353 801 1577 863 Σύνοδος
1608 799 1707 871 (Ι).

214 894 621 963 Διερευνώμενοι
669 894 725 946 δὲ
772 896 865 948 καὶ
899 894 1091 965 μαθεῖν
1126 895 1399 957 ἐθέλοντες
1443 892 1470 945 ὃ
1494 892 1546 945 τί
1580 890 1711 945 ποτέ

151 986 253 1038 ἐστι
277 988 391 1038 κατ’
422 988 699 1055 ἀλήθειαν,
730 989 789 1041 τὸ
820 988 1171 1059 σαρκωθῆναί
1213 1005 1271 1041 τε
1303 988 1393 1040 καὶ
1429 986 1709 1056 ὲνανθρω-

152 1079 305 1146 πῆσαι
334 1077 422 1130 τὸν
446 1079 638 1147 Λόγον,
672 1079 1129 1150 καταθρήσωμεν,
1173 1082 1254 1133 ὅτι
1286 1080 1385 1132 οὐκ
1422 1078 1709 1148 ἄνθρωπόν

152 1171 252 1221 ἐστι
284 1171 605 1241 προσλαῦεῖν
629 1171 704 1234 ὠς
736 1172 793 1223 ἐν
821 1173 1086 1242 συναιρείᾳ
1108 1175 1173 1242 τῇ
1208 1173 1350 1224 κατά
1378 1188 1440 1239 γε
1475 1171 1571 1241 τὴν
1601 1173 1709 1224 ἰσό-

154 1278 274 1331 τητα
303 1262 397 1329 τῆς
421 1260 595 1326 ἀξίας,
625 1263 790 1332 ἤγουν
818 1264 1124 1327 αῦθεντίας,
1167 1264 1198 1334 ἢ
1229 1264 1320 1315 καὶ
1364 1263 1505 1315 κατᾶ
1540 1263 1709 1332 μόνην

147 1353 235 1421 τῆς
258 1355 497 1424 υἱότητος
529 1356 868 1425 ὁμωνυμίαν,
904 1356 1105 1424 μᾶλλον
1127 1357 1181 1409 δὲ
1214 1358 1272 1408 τὸ
1298 1356 1554 1424 γενέσθαι
1586 1355 1709 1408 καθ’

146 1444 280 1513 ἡμᾶς
307 1445 613 1516 ἄνθρωπον,
646 1447 785 1517 μετά
814 1447 905 1500 τοῦ
952 1448 1236 1520 ἀτρέπτως
1276 1450 1371 1501 καὶ
1414 1447 1708 1501 ἀναλλοιώδ

143 1551 241 1599 τως
269 1536 407 1606 ἔχειν
438 1538 821 1592 ἀνασώσασθαι
864 1543 929 1610 τῇ
980 1540 1088 1611 ἰδίᾳ
1127 1541 1285 1608 φύσει
1323 1543 1414 1593 τὸν
1447 1542 1505 1593 ἑν
1538 1557 1708 1612 προσο

143 1626 293 1698 λήψει
320 1629 517 1700 σαρκὸς
555 1632 648 1684 καὶ
684 1631 914 1702 αἵματος
940 1633 1299 1703 οἰκονομικῶς
1330 1634 1606 1702 γεγονότα.

210 1796 299 1863 Εἷς
330 1801 427 1870 μὲν
459 1796 548 1855 οὖν
574 1804 718 1856 ἐστιν
738 1804 844 1875 ἄρα
869 1804 973 1876 πρὸ
1004 1806 1101 1876 μὲν
1120 1808 1215 1877 τῆς
1240 1808 1559 1880 ἐνανθρωπή
1572 1828 1705 1876 σεως

138 1892 537 1962 ὀνομαζόμενος
587 1894 674 1947 διὰ
726 1896 825 1965 τῆς
864 1895 1220 1951 θεοπνεύστου
1268 1900 1489 1970 Γραφῆς

136 1985 316 2054 γενὴς,
355 1985 450 2037 καὶ
478 1985 665 2055 Λόγος,
710 1988 803 2040 καὶ
841 1987 994 2053 Θεὸς,
1037 1990 1128 2042 καὶ
1160 1990 1345 2054 εἰκὼν,
1394 1996 1488 2046 καὶ
1533 1996 1709 2048 ἀπαύο

136 2089 343 2144 γασμα.
387 2075 480 2127 καὶ
508 2076 797 2147 χαρακτὴρ
832 2080 929 2148 τῆς
969 2079 1318 2144 ὑποστάσεως
1347 2082 1439 2135 τοῦ
1476 2085 1706 2154 Πατρὸς,

134 2160 267 2234 ζωὴ,
314 2163 459 2231 δόξα,
508 2164 643 2233 φῶς,
695 2167 877 2237 σοφία,
919 2168 1166 2239 δύναμις,
1234 2171 1498 2243 βραχίων,
1536 2174 1706 2241 δεξιὰ,

138 2254 373 2325 ὕψιστος,
429 2256 896 2329 μεγαλοπρέπεια,
940 2261 1141 2331 Κύριος
1177 2262 1415 2329 σαϐαὼθ,
1460 2267 1555 2318 καὶ
1588 2268 1707 2319 ἐτέ-

141 2363 252 2420 ροις
288 2348 398 2400 τισὶ
438 2348 700 2413 τοιούτοις
726 2351 974 2422 ὀνόμασι,
1006 2357 1118 2418 τοῖς
1148 2355 1367 2427 ἀληθῶς
1412 2358 1710 2430 θεοπρεπε·

136 2439 381 2502 στάτοις*
424 2440 562 2510 μετά
595 2440 651 2493 δέ
696 2459 761 2510 γε
802 2444 897 2514 τὴν
943 2444 1379 2517 ἑνανθρώπησιν,
1422 2449 1709 2521 ἄνθρωπος

131 2530 365 2599 Χριστὸς
407 2530 633 2601 Ἰησοῦς,
670 2533 1006 2605 ἱλαστήριον,
1060 2539 1308 2609 μεσίτης,
1340 2542 1563 2613 ἀπαρχὴ
1600 2543 1709 2596 τῶν

131 2622 570 2692 κεκοιμημένων,
622 2626 966 2694 πρωτότοκος
1024 2630 1088 2682 ἐκ
1152 2632 1383 2702 νεκρῶν,
1458 2634 1709 2705 δεύτερος

144 2711 336 2783 Ἀδὰμ,
373 2713 584 2785 κεφαλή
612 2716 705 2768 τοῦ
758 2714 1010 2786 σώματος
1052 2718 1152 2789 τῆς
1189 2721 1535 2794 Ἐκκλησίας,
1584 2726 1709 2779 έπο-

130 2806 313 2877 μένων
335 2806 484 2877 αὐτῷ
513 2808 608 2861 καὶ
638 2807 745 2861 τῶν
770 2811 827 2861 ὲν
854 2810 1046 2879 ἀρχαῖς
1066 2813 1364 2882 ὀνομάτων.
1396 2817 1580 2870 Πάντα
1601 2820 1709 2890 γὰρ

127 2897 316 2962 αὑτοῦ,
347 2897 416 2951 τά
454 2915 513 2951 τε
549 2898 765 2969 πρῶτα,
791 2902 884 2953 καὶ
917 2901 986 2954 τὰ
1024 2902 1079 2955 ἐν
1114 2905 1359 2975 ἐσχάτοις
1389 2907 1481 2960 τοῦ
1515 2911 1710 2974 αἰῶνος

125 2991 362 3059 καιροῖς.

200 3076 296 3144 Εἷς
324 3082 430 3151 ἄρα
457 3083 606 3135 ἐστὶν
626 3084 653 3137 ὀ
690 3084 781 3136 καὶ
812 3085 916 3156 πρὸ
941 3086 1039 3156 τῆς
1075 3087 1543 3162 ἐνανθρωπήσεως
1577 3093 1707 3157 Θεὸς

125 3173 405 3242 ἀληθινὸς,
444 3174 538 3226 κα).
578 3176 634 3226 ὲν
663 3175 1045 3247 ἀνθρωπότητι
1100 3183 1423 3252 μεμενηκὼς
1456 3185 1592 3255 ὅπερ
1614 3182 1701 3255 ἢν,

123 3265 222 3318 καὶ
253 3264 391 3330 ἔστι,
436 3266 531 3318 καὶ
573 3265 744 3319 ἔσται.
778 3268 851 3320 Οὐ
885 3270 1184 3341 διοριστέον
1219 3269 1310 3326 οῦν
1345 3274 1453 3346 ἄρα
1484 3277 1575 3329 τὸν
1608 3277 1703 3329 ἕνα

121 3356 337 3428 Κύριον
373 3355 579 3427 Ἰησοῦν
625 3359 877 3429 Χριστὸν,
930 3362 1009 3425 εἰς
1051 3362 1231 3428 ἰδικῶς
1269 3365 1582 3435 ἄνθρωπον,
1613 3370 1706 3421 καὶ

124 3450 209 3511 εἰς
254 3446 387 3500 Θεὸν
424 3447 625 3513 ἰδικῶς,
667 3449 784 3502 ἀλλ’
835 3450 929 3505 ἕνα
988 3452 1080 3505 καὶ
1138 3453 1230 3505 τὸν
1292 3456 1454 3510 αὑτὸν
1501 3458 1706 3528 Ἰησοῦν

128 3538 372 3610 Χριστόν
398 3556 577 3607 φαμεν
607 3534 769 3604 εἶναι,
803 3541 903 3610 τὴν
930 3540 1036 3593 τῶν
1071 3542 1283 3611 φύσεων
1313 3546 1511 3607 εἰδότες
1533 3547 1707 3618 διαφοο

122 3631 251 3703 ράν,
302 3630 397 3682 καὶ
442 3630 782 3699 ἀσυγχύτους
823 3631 1079 3702 ἀλλήλαις
1124 3632 1416 3703 τηροῦντες
1445 3635 1635 3700 αὐτάς.

199 3720 376 3773 Ὅταν
422 3716 515 3772 οὖν
554 3720 686 3793 λέγῃ
715 3722 773 3773 τὸ
804 3722 1043 3793 Γράμμα
1076 3724 1137 3776 τὸ
1175 3724 1341 3796 ἱερὸν,
1379 3727 1460 3779 ὅτι
1491 3728 1549 3780 ἐν
1576 3730 1733 3805 Χριο.

120 3812 241 3883 στῷ
283 3832 299 3862 ι
342 3812 628 3883 κατῴκησε
652 3815 760 3867 πᾶν
788 3813 847 3866 τὸ
888 3814 1159 3887 πλήρωμα
1190 3817 1286 3888 τῆς
1324 3818 1573 3889 θεότητος
1607 3837 1710 3873 σω-

119 3903 403 3976 ματικῶς,
426 3924 443 3955 ι
475 3904 536 3957 οὑ
566 3904 653 3958 διὰ
674 3905 830 3958 τοῦτό
858 3923 1059 3977 φαμεν,
1094 3908 1169 3973 ὼς
1205 3912 1261 3963 ἐν
1291 3910 1461 3982 ἑτέρῳ
1486 3911 1709 3982 Χριστῷ

115 3996 201 4068 τῷ
260 3993 555 4066 ἀνθρώπῳ,
616 3998 931 4068 καταμόνας
985 4002 1313 4070 κατοικῆσαι
1372 4000 1464 4053 τὸν
1512 4001 1705 4070 Λόγον·

113 4087 253 4141 οὔτε
332 4085 437 4156 μὴν
487 4086 821 4152 διασπῶντες
881 4087 1126 4159 ἀλλήλων
1177 4091 1243 4143 τὰ
1302 4091 1558 4162 ἡνωμένα
1616 4092 1709 4147 δύο

114 4176 363 4247 νοοῦμεν
404 4176 585 4239 υἱούςδ
639 4179 815 4231 ἐκεῖνο
848 4178 905 4231 δὲ
940 4180 1161 4250 μᾶλλον,
1206 4182 1287 4234 ὅτι
1319 4183 1552 4253 Χριστὸν
1595 4185 1709 4237 ὀνο-

118 4267 299 4337 μάζει.
341 4267 402 4319 τὸ
444 4268 679 4338 Γράμμα
713 4268 773 4321 τὸ
812 4269 977 4341 ἱερὸν,
1028 4273 1123 4325 καὶ
1150 4271 1227 4335 ὡς
1271 4275 1333 4325 ὲκ
1362 4274 1558 4344 μέρους
1596 4273 1709 4330 ἐσθ’

115 4364 238 4424 ὅτε,
275 4358 377 4430 τὴν
403 4359 800 4430 ἀνθρωπότητα
823 4361 917 4416 τοῦ
946 4363 1082 4416 Θεοῦ
1122 4364 1299 4433 Λόγου
1327 4366 1463 4419 ἰδίαν
1489 4366 1628 4437 ἔχων
1653 4370 1711 4421 ὲν

111 4446 285 4511 τάξει
330 4446 621 4517 πεποίηται
673 4449 823 4504 ναοῦ.
856 4451 1168 4522 Γέγραπται
1214 4454 1269 4507 δέ
1305 4472 1408 4508 που
1447 4458 1540 4509 καὶ
1584 4458 1710 4530 περὶ

112 4538 235 4591 τῶν
289 4536 646 4608 ἀνθρωπίνων
704 4539 891 4611 ψυχῶν
920 4559 935 4574 ·
972 4545 1155 4608 «Τοὺς
1210 4546 1268 4598 δὲ
1321 4547 1702 4613 κατοικοῦντας

1816 4554 1869 4599 et
1913 4544 1980 4599 de
2033 4546 2315 4599 animabus
2367 4544 2616 4598 humanis
2661 4562 2675 4599 :

106 4630 228 4682 οὶκί
251 4642 311 4690 ις
344 4628 591 4699 πηλίνας,
623 4629 683 4695 ἐξ
706 4625 781 4685 ὧν
822 4632 917 4685 καὶ
944 4633 1097 4687 αὐτοὶ
1126 4636 1191 4688 ὲκ
1227 4635 1321 4688 τοῦ
1348 4638 1513 4691 αὐτοῦ
1539 4640 1710 4709 πηλοῦ

1732 3231 1779 3290 C

1812 628 2025 684 passum
2058 614 2148 675 sit,
2173 623 2227 667 et
2252 613 2553 666 surrexerit
2582 626 2647 667 ex
2694 610 2941 665 mortuis.
2969 610 3043 665 Ita
3074 610 3217 664 enim
3244 609 3381 665 delia

1809 706 1945 761 ttirit
1982 706 2105 761 ﬁdei
2142 704 2458 778 Symbolum
2491 704 2739 777 Synodus
2778 711 2973 776 magna
3010 710 3066 758 et
3102 712 3311 758 sancta.

1880 880 2261 954 Perquirentes
2289 893 2465 936 autent
2500 891 2553 936 et
2598 896 2715 947 nos,
2745 892 2801 935 et
2825 880 3135 935 disreruere
3157 880 3387 948 cupien-

1813 984 1915 1039 les,
1946 976 2072 1046 quid
2103 976 2173 1029 sit
2203 977 2437 1039 tandem,
2471 974 2807 1027 incarnatutn
2840 988 2981 1036 esse,
3010 983 3068 1025 et
3109 971 3386 1025 hominem

1810 1068 2013 1123 factum
2048 1068 2139 1121 Dei
2173 1066 2404 1121 Verbum
2437 1084 2450 1119 :
2481 1068 2772 1127 cernimus,
2802 1067 2941 1134 quod
2985 1081 3090 1117 non
3139 1066 3243 1118 hoc
3278 1074 3382 1128 cst,

1812 1159 2083 1213 hominem
2130 1172 2405 1213 assumere
2436 1167 2688 1224 tanquam
2738 1157 2790 1209 in
2828 1154 3230 1223 conjunctione,
3264 1163 3384 1223 qna:

1812 1247 1906 1302 liat
1952 1263 2049 1317 per
2093 1248 2453 1317 :equalitatem
2500 1247 2797 1317 dignitatis,
2850 1247 2966 1301 sive
3016 1244 3382 1308 auctoritatis,

1811 1339 1893 1394 vel
1918 1355 2012 1409 per
2029 1341 2198 1395 solam
2224 1341 2462 1394 lilietatis
2488 1340 2801 1411 ὁμωνυμίαν
2823 1356 2838 1403 ;
2870 1338 3038 1406 magis
3063 1349 3240 1391 autem
3265 1335 3382 1390 fieri

1806 1430 1958 1498 juxta
1993 1446 2091 1487 nos
2125 1431 2395 1487 hominem
2430 1433 2546 1501 (ita
2589 1441 2763 1484 tamen
2816 1442 2872 1483 ut
2921 1430 3062 1481 nulla
3104 1429 3386 1482 conversio

1810 1525 1893 1578 vel
1925 1526 2276 1579 commutatio
2314 1525 2717 1594 subsequatur),
2747 1532 2801 1576 et
2843 1523 3133 1576 sublevare
3178 1519 3385 1589 pariter

1809 1631 1930 1670 cum
1962 1631 2056 1670 sua
2094 1625 2283 1670 natura
2310 1633 2429 1669 eum
2476 1616 2567 1684 qui
2603 1618 2654 1669 in
2684 1614 3053 1683 assultiptioue
3084 1612 3187 1665 fuit.
3203 1610 3384 1666 carnis

1807 1714 1860 1763 ct
1900 1708 2178 1778 sanguinis
2215 1709 2632 1776 distieusatorie.

1883 1799 2031 1854 Unus
2068 1801 2229 1871 igitur
2266 1813 2370 1865 Bst,
2402 1802 2494 1870 qui
2526 1812 2650 1855 aute
2678 1800 3103 1854 incarnationem
3140 1811 3169 1851 a
3204 1797 3383 1852 divina

1538 1904 1712 1955 Μονο-
1741 1897 1783 1951 Β
1814 1894 2097 1963 Scriptura
2134 1894 2461 1954 nominatur,
2480 1904 2533 1947 et
2571 1891 2913 1962 Uuigenitus,
2953 1904 3006 1943 et
3035 1890 3294 1953 Verbum,
3328 1896 3387 1941 et

1810 1986 1974 2052 Deus,
2017 1996 2070 2039 et
2114 1987 2308 2057 imago,
2338 1994 2391 2040 et
2418 1986 2619 2047 lumen,
2643 1994 2697 2039 et
2725 1985 2891 2052 ligura
2926 1982 3243 2037 substantia:
3281 1979 3385 2033 Pa-

1814 2077 1931 2142 tris,
1961 2086 2017 2131 et
2050 2078 2184 2141 vita,
2218 2090 2269 2133 et
2299 2077 2491 2147 gloria,
2519 2086 2572 2131 et
2611 2075 2883 2145 splendor,
2922 2084 2979 2129 et
3008 2074 3292 2142 sapientia,
3327 2081 3386 2127 et.

1810 2169 2004 2231 virtus,
2029 2177 2083 2223 et
2113 2168 2414 2231 brachium,
2442 2178 2496 2222 et
2525 2168 2733 2232 dextra,
2765 2178 2817 2222 et
2844 2166 3171 2231 Altissimus,
3194 2174 3249 2219 et
3269 2181 3384 2219 ma-

1809 2258 2137 2327 gniﬁcentia,
2174 2269 2226 2312 et
2256 2259 2510 2313 Dominus
2534 2255 2793 2322 Sabaoth,
2824 2267 2877 2311 et
2902 2257 3025 2311 aliis
3061 2256 3261 2311 talibus
3288 2271 3385 2310 no-

1811 2351 2067 2414 minibus,
2096 2365 2214 2420 quaa
2256 2365 2381 2404 vere
2419 2350 2747 2405 conveniunt
2786 2350 2992 2404 deitati.
3028 2348 3156 2404 Post
3204 2350 3386 2403 incar-

1811 2442 2085 2497 nationem
2127 2456 2257 2497 vero
2296 2444 2477 2505 homo,
2523 2440 2795 2507 Christus,
2830 2440 3008 2506 Jesus,
3064 2440 3383 2511 propitiato-

1810 2534 1972 2598 riutn,
2017 2535 2298 2599 mediator,
2355 2534 2606 2604 primitiae
2663 2533 3065 2594 dormientium.
3114 2533 3385 2603 primoge-

1810 2625 1956 2679 nitus
2000 2641 2030 2679 a
2078 2626 2333 2687 mortuis.
2375 2626 2641 2680 secundus
2691 2626 2860 2678 Adam
2885 2664 2900 2690 ,
2940 2634 3100 2694 caput
3139 2624 3385 2693 corporis

1812 2716 2083 2781 Ecclesiae,
2101 2734 2223 2772 cum
2248 2734 2371 2772 eum
2396 2718 2558 2771 etiam
2591 2718 2805 2771 nomina
2837 2716 3015 2786 prisca
3039 2725 3336 2785 sequantur
3365 2732 3382 2769 :

1807 2810 1989 2864 omnia
2024 2811 2167 2863 enim
2204 2810 2368 2879 ipsius
2398 2811 2613 2877 propria
2667 2817 2817 2872 sunt,
2844 2819 2899 2863 et
2926 2809 3128 2879 priora,
3178 2818 3233 2863 et
3261 2822 3385 2880 quae

1809 2902 2116 2957 novissimis
2149 2902 2289 2957 facta
2320 2902 2671 2971 temporibus.

1879 3075 2027 3133 Unus
2056 3076 2215 3147 igitur
2240 3087 2340 3142 est,
2379 3084 2434 3132 et
2459 3076 2551 3146 qui
2603 3085 2727 3133 ante
2767 3074 3199 3131 incarnationem
3244 3076 3388 3131 Deus

1808 3179 1926 3223 erat
1949 3184 2128 3232 verus,
2159 3180 2212 3222 et
2227 3169 2318 3237 qui
2350 3168 2402 3222 iu
2434 3170 2767 3223 humanitate
2790 3168 3057 3223 mansitid
3073 3167 3216 3237 quod
3242 3176 3384 3234 erat,

1806 3271 1859 3314 et
1882 3268 1982 3324 est,
2002 3268 2056 3314 et
2080 3261 2201 3314 erit.
2232 3259 2351 3314 Non
2373 3260 2758 3315 discernendus
2784 3260 2945 3331 igitur
2970 3275 3109 3314 unus
3131 3259 3387 3314 Dominus

1806 3350 1962 3406 Jesus
1990 3351 2254 3419 Christus,
2288 3352 2340 3406 in
2370 3351 2639 3407 hominem
2671 3367 2946 3417 seorsum,
2972 3361 3028 3406 et
3060 3367 3302 3406 seorsum
3327 3351 3386 3405 iu

1808 3444 1975 3498 Deum
2004 3460 2019 3510 ;
2049 3444 2143 3499 sed
2173 3458 2336 3499 unum
2375 3446 2729 3513 eumdemque
2753 3442 2934 3499 Iesum
2964 3442 3240 3497 Christum
3264 3456 3387 3498 esse

1810 3536 2070 3602 dicimus,
2111 3549 2218 3590 non
2275 3536 2585 3607 ignorantes
2631 3534 2988 3590 dill‘ereutiam
3044 3544 3385 3599 naturarum,

1808 3629 1976 3699 788
2005 3628 2099 3685 sed
2125 3644 2219 3684 eas
2258 3628 2568 3683 inconfusas
2597 3628 2739 3683 inter
2769 3643 2891 3683 sese
2915 3638 3212 3683 servantes.

1883 3720 2105 3787 Quoties
2134 3720 2303 3788 igitur
2328 3718 2529 3774 Littera
2561 3733 2715 3774 sacra
2742 3730 3137 3773 commemorat
3158 3718 3299 3787 quod
3330 3719 3385 3773 in

1807 3812 2032 3868 Christo
2078 3830 2099 3863 ι
2150 3812 2470 3867 inltabitavit
2520 3812 2695 3866 omnis
2750 3812 3023 3879 plenitudo
3086 3812 3386 3866 divinitatis

1809 3904 2167 3975 corporaliter
2195 3904 2239 3935 “
2270 3919 2285 3971 ;
2327 3923 2345 3956 ι
2379 3919 2485 3958 non
2518 3904 2637 3959 ideo
2665 3903 2892 3959 dicimus
2914 3911 3168 3972 tanquam
3198 3903 3250 3957 in
3275 3902 3384 3957 alio

1809 3997 2046 4062 Christo,
2081 3996 2134 4050 in
2161 3996 2377 4050 homine
2409 4011 2651 4050 seorsum
2682 3995 3017 4051 inhabitasse
3044 3996 3212 4049 Deum
3242 3995 3381 4050 Ver-

1810 4086 1937 4140 bum
1967 4102 1981 4152 ;
2013 4099 2110 4139 nec
2140 4099 2303 4155 porro
2332 4085 2631 4139 dividentes
2658 4099 2721 4139 ea
2752 4100 2871 4153 quae
2900 4085 3047 4139 unita
3073 4094 3220 4147 sunt,
3246 4086 3381 4139 duos

1811 4176 2160 4248 intelligimus
2199 4176 2365 4240 ﬁlios;
2412 4176 2538 4231 illud
2565 4184 2745 4230 autem
2784 4176 2983 4243 magis,
3020 4177 3163 4244 quod
3219 4173 3378 4231 Chri-

1810 4280 1952 4325 stum
1985 4270 2227 4324 nominat
2256 4268 2458 4324 Littera
2486 4283 2640 4323 sacra
2672 4282 2737 4322 ex
2776 4277 2929 4339 parte
2977 4284 3385 4338 nonnunquam,

1808 4369 1866 4415 et
1889 4361 2027 4429 quod
2082 4360 2467 4415 humanitatem
2504 4359 2597 4415 Dei
2631 4360 2883 4427 Verbum,
2920 4374 3081 4430 quam
3110 4362 3385 4432 propriam

1813 4453 2004 4519 habet,
2034 4454 2087 4507 in
2118 4452 2289 4507 locum
2339 4454 2515 4522 posuit
2540 4452 2742 4522 templi.
2792 4452 3063 4524 Scriptum
3092 4464 3177 4508 est
3204 4462 3383 4508 autem

2718 4562 2737 4595 ι
2780 4544 3149 4601 lnhabitantes
3205 4556 3384 4601 autem

1809 4637 1997 4691 domos
2021 4635 2214 4702 luteas,
2250 4637 2318 4691 de
2340 4638 2533 4707 quibus
2568 4645 2620 4690 et
2652 4651 2749 4693 ncs
2796 4651 2863 4693 ex
2893 4639 3081 4692 eodem
3131 4640 3243 4693 luto
3291 4654 3387 4694 su-

106 4723 248 4791 ἐσμι
266 4737 329 4773 ’ν.
362 4738 381 4771 t
416 4715 545 4791 Ἆρ’
570 4714 670 4798 οὖν
694 4720 995 4793 ἐπειδήπερ
1025 4724 1205 4788 οἰκίας
1255 4726 1483 4794 πηλίνας
1511 4730 1579 4783 τὰ
1607 4730 1702 4785 τῶι

1816 4742 1930 4781 mus
1959 4726 2023 4779 “.
2077 4746 2097 4782 ι
2131 4729 2379 4798 Ergone,
2410 4730 2664 4797 quoniam
2699 4729 2869 4783 luteas
2908 4730 3099 4784 domos
3146 4732 3383 4784 humana

103 4813 257 4881 ἁνθρ
280 4808 439 4863 ’ὓπων
477 4794 732 4883 ὀνομάζει
760 4812 1008 4883 σώματα,
1033 4814 1433 4872 διαϐεϐαιοῦται
1456 4819 1511 4871 δὲ
1538 4836 1713 4875 κατοι-

104 4907 245 4960 κεῖν
278 4899 350 4954 ὲν
391 4902 583 4967 αὑταῖς
622 4905 722 4968 τὰς
770 4904 970 4975 ψυχὰς,
1025 4906 1106 4969 εἰς
1152 4905 1245 4959 δύο
1293 4912 1711 4983 κατατεμοῦμεν

102 4991 296 5063 ἀνθρά
316 5008 458 5056 mou;
505 4993 597 5046 τὸν
644 4994 778 5063 ἕνας
843 4996 1037 5049 Καίτοι
1094 4996 1210 5061 πῶς
1267 5000 1367 5053 οὐκ
1410 5002 1713 5075 ἀμώμητον

100 5101 300 5142 παντε
332 5084 439 5148 ιὼς,
473 5086 535 5138 τὸ
558 5087 648 5141 καὶ
681 5089 739 5140 έν
767 5087 1039 5159 ἀνθρώπῳ
1069 5088 1318 5158 λέγεσθαι
1345 5098 1618 5149 κατοικεῖν
1646 5098 1708 5150 τὸ

107 5183 366 5252 πνεῦμα
405 5184 605 5249 αὐτοῦς
639 5184 802 5239 ’Ὥστε
854 5186 958 5239 κᾶν
998 5188 1046 5239 εἰ
1091 5186 1152 5239 τὸ
1189 5188 1282 5242 τοῦ
1323 5190 1480 5258 λόγου
1522 5193 1707 5263 σχῆμα

101 5278 205 5332 διὰ
269 5274 537 5329 τοιούτων
578 5276 797 5348 ἔρχεται
850 5277 1106 5348 τρόπων,
1164 5279 1261 5351 οὐχ
1307 5282 1510 5353 ἑτέρως
1563 5284 1706 5356 ἔχειν

101 5370 457 5441 δυνάμενον,
523 5366 582 5419 οὐ
642 5367 738 5428 τὰς
806 5366 915 5419 τῶν
987 5366 1327 5438 πραγμάτων
1400 5371 1705 5430 ἀδικεῖσθαι

100 5461 328 5532 φύσεις
363 5457 450 5511 διὰ
490 5456 648 5510 τοῦτο
682 5456 901 5525 πρέπει,
936 5458 1133 5510 ἐννοεῖν
1171 5456 1227 5510 δὲ
1274 5459 1473 5528 μᾶλλον
1513 5461 1702 5530 αὑτὰς,

97 5552 211 5608 καὶ
244 5548 499 5604 κατευθὺ
529 5546 627 5616 τῆς
650 5545 905 5616 ἀληθείας
936 5546 1273 5601 διασπεύδειν
1298 5550 1631 5619 ἐπείγεσθαι.

185 5686 239 5718 ⁸⁸
303 5682 525 5738 Coloss.
555 5696 614 5745 tt,
643 5682 696 5736 9.
774 5679 1156 5744 "Jobtv,l9.

1811 4828 2036 4891 cOrpora
2065 4822 2326 4887 nominat,
2352 4831 2407 4876 et
2431 4820 2662 4875 atﬁrutat
2687 4822 2737 4875 in
2769 4821 2853 4876 his
2878 4823 3087 4877 animas
3114 4824 3383 4888 habitare,
3464 4826 3465 4829 “

1815 4913 1869 4967 in
1898 4916 2031 4968 duos
2058 4912 2302 4969 homines
2321 4929 2481 4967 unum
2510 4913 2781 4967 hominem
2822 4914 3119 4967 dividemus
3143 4914 3167 4966 ?
3221 4914 3383 4983 Atqui

1818 5016 1923 5056 non
1976 5003 2286 5057 irrationale
2314 5004 2534 5057 omnino
2567 5002 2667 5068 sit,
2710 5013 2767 5057 ut
2815 5003 2867 5056 in
2904 5003 3120 5056 homine
3164 5004 3387 5072 spiritus

1815 5108 1947 5150 suus
1988 5095 2291 5151 inhabitare
2330 5096 2557 5152 dicatur.
2600 5096 2769 5163 Ergo,
2804 5097 2905 5150 etsi
2935 5112 3032 5165 per
3078 5095 3385 5166 huiusmodi

1815 5187 2004 5242 modos
2032 5189 2294 5244 orationis
2340 5188 2510 5259 figura
2574 5190 2849 5256 procedat,
2893 5203 3013 5242 cum
3063 5187 3221 5241 aliter
3269 5187 3385 5240 lieri

1813 5296 1919 5336 non
1954 5281 2144 5351 possit,
2171 5296 2276 5336 non
2306 5292 2482 5335 tamen
2510 5281 2630 5336 ideo
2663 5295 2840 5335 rerum
2860 5280 3135 5349 corrumpi
3163 5288 3384 5332 naturas

1812 5381 2079 5443 oporteat,
2106 5374 2213 5447 sed
2251 5374 2423 5444 magis
2451 5388 2543 5432 eas
2584 5382 2731 5431 recto
2766 5373 3006 5430 veritatis
3035 5381 3221 5427 tenore
3264 5387 3382 5426 ser-

1810 5481 1949 5522 V3”.

180 5823 277 5894 (1)
311 5818 559 5887 ltttellige
587 5834 831 5888 magnam
863 5818 1003 5871 illam
1034 5828 1086 5873 et
1106 5821 1484 5894 οἰκουμενικην
1514 5822 1702 5893 synodi

1816 5820 2102 5880 Nicauam.

504 5914 769 5975 PATROL.
809 5916 921 5978 GR.
954 5912 1183 5975 LXXV.

2871 5919 2944 5980 tt
3143 5962 3185 6001 ,ν
