3856 6212
224 358 359 415 1589

1132 352 1420 411 SCHOLIA
1463 353 1549 412 DE
1588 351 2101 413 INCARNATIONE
2144 351 2516 410 UNIGENITI.

3334 350 3470 411 £390

223 489 320 527 nas
369 483 582 524 sursum
635 468 1181 538 superobumbrantes
1229 474 1426 538 pennis
1463 474 1577 529 suis
1628 469 2072 543 superAminus
2139 479 2325 523 noster
2378 470 2534 525 Jesus
2571 468 2838 533 Christus,
2894 468 3124 537 imagine
3164 479 3218 526 et
3277 471 3466 543 ﬁgura.

219 563 647 636 propitiatorium
667 579 681 628 ;
701 572 754 616 et
770 561 944 616 vultus
963 577 1148 617 eorum
1175 551 1490 620 adinvicem'
1505 565 1792 635 respicien-

223 671 300 712 tes
325 655 753 727 propitiatorium
779 665 936 708 erunt
955 655 1019 708 ⁸⁷.
1041 673 1060 706 ι
1091 654 1342 725 ΛΕιιίςιῐιει
1361 657 1720 713 certissimum
1740 657 1792 711 id

221 749 314 811 sit,
348 747 513 800 Deum
545 744 776 800 Verbum
803 744 966 798 etiam
994 745 1046 800 in
1082 747 1416 802 humanitate
1447 749 1610 803 Deum
1641 763 1793 801 man-

219 841 464 904 sisse,et
493 837 545 890 in
595 852 688 890 sua
733 836 902 906 gloria
948 851 1011 891 ac
1064 837 1376 904 majestate,
1417 840 1517 894 etsi
1571 849 1794 910 prapter

223 928 680 997 dispensationem
734 927 910 982 factus
974 929 1042 982 sit
1093 930 1285 985 similis
1344 931 1560 985 nostri:
1607 931 1795 1001 Pr0pi-

198 1020 493 1074 ~tiatorium
525 1032 754 1087 namque
777 1034 872 1086 per
903 1020 1058 1072 fidem
1095 1019 1268 1073 factus
1291 1029 1373 1076 est
1398 1023 1551 1076 nobis
1578 1020 1793 1076 Emma-

221 1110 363 1164 nuel.
403 1108 460 1162 ld
506 1117 682 1162 autem
738 1109 890 1162 nobis
937 1109 1304 1178 comprobavit
1360 1111 1793 1180 sapientissimus

219 1199 454 1254 Joannes
512 1201 694 1254 dicens
744 1215 756 1251 :
803 1218 822 1250 ι
859 1199 1064 1264 Filioli,
1100 1202 1280 1254 scribo
1338 1202 1520 1264 vobis,
1570 1211 1628 1256 ut
1685 1218 1790 1256 non

222 1294 494 1362 peccetis;
525 1294 618 1346 sed
651 1293 696 1345 si
737 1292 857 1361 quis
904 1296 1237 1361 peccaverit,
1269 1295 1666 1348 consolatorem
1700 1293 1793 1347 ha-

229 1382 418 1437 bemus
468 1385 609 1453 apud
673 1381 925 1448 Patrem,
985 1381 1167 1436 .lesum
1217 1383 1486 1437 Christum
1533 1384 1732 1450 justum
1775 1399 1790 1448 ;

223 1484 280 1528 et
312 1474 425 1544 ipse
454 1484 538 1528 est
598 1474 903 1544 pmpitiatio
963 1490 1057 1543 pro
1104 1476 1336 1541 peccatis
1374 1477 1571 1531 nostris
1598 1475 1738 1531 “3-”.
1768 1494 1787 1524 ι

222 1565 332 1621 Nec
361 1581 466 1620 non
514 1567 674 1620 etiam
709 1566 904 1620 Paulus
926 1608 943 1631 ,
999 1586 1014 1617 ι
1044 1565 1213 1632 Quem
1269 1569 1562 1636 preposuit,
1598 1566 1789 1634 inquit,

224 1656 365 1713 Deus
403 1659 804 1728 propitiatorem
836 1672 932 1728 per
977 1658 1130 1711 fidem
1165 1658 1216 1711 in
1246 1673 1344 1712 suo
1376 1660 1638 1727 sanguine
1679 1657 1787 1710 ⁸ο.»

292 1750 558 1806 Caeterum
598 1766 756 1806 cerne
779 1750 1070 1805 Cherubim
1098 1750 1509 1805 circumstantes
1535 1751 1792 1819 propitia-

221 1844 449 1908 torium,
478 1853 533 1898 et
562 1843 1114 1912 superobumbrantes
1145 1845 1361 1913 quidem
1388 1845 1578 1912 pennis
1608 1861 1623 1909 ;
1651 1859 1784 1898 con-
1821 1825 1862 1882 Β

219 1948 405 1989 versos
471 1944 650 1989 autem
702 1937 767 1989 ad
820 1936 1284 2005 propitiatorium,
1331 1946 1384 1989 et
1447 1950 1582 2004 pene
1639 1935 1789 1989 nutui

219 2023 500 2080 Dominico
524 2026 735 2082 oculum
784 2028 1140 2081 intendentes.
1177 2024 1254 2080 Ad
1293 2025 1386 2080 Dei
1413 2026 1556 2080 enim
1596 2025 1791 2080 volun-

219 2123 380 2169 tatem
414 2123 617 2170 tantum
664 2116 881 2183 respicit
914 2119 1099 2170 sancta
1149 2115 1452 2170 caelestium
1504 2113 1789 2182 spirituum

219 2205 539 2271 multitudo,
569 2215 623 2260 et
669 2222 940 2276 nunquam
987 2208 1080 2262 Dei
1132 2209 1362 2261 satiatur
1417 2215 1658 2275 aspectu.
1712 2206 1790 2258 ita

216 2295 412 2351 Filium
465 2300 724 2369 propheta
785 2301 950 2356 lsaias
1003 2301 1204 2355 vidisse
1247 2314 1305 2354 se
1355 2298 1482 2354 dicit
1549 2299 1602 2352 in
1663 2298 1789 2353 sede

217 2389 478 2444 altissima
524 2399 578 2445 et
619 2393 1071 2455 eminentissima,
1118 2390 1595 2446 circumstantibus
1621 2387 1788 2444 Sera-

215 2480 362 2550 phim
388 2489 442 2538 et
463 2481 878 2553 obsequentibus
903 2485 951 2537 ei
983 2491 1039 2536 ut
1060 2481 1172 2538 Deo
1195 2483 1240 2514 ⁵¹

763 2616 926 2687 790
956 2615 1108 2671 CAP.
1139 2614 1260 2671 xv.

670 2733 827 2786 Aliud
865 2732 929 2787 de
959 2733 1105 2803 virga
1137 2730 1325 2787 Mosis.

287 2849 663 2906 Destinabatur
710 2847 995 2917 aliquando
1029 2847 1241 2901 divinus
1287 2845 1498 2919 Moyses
1537 2854 1596 2899 ut
1625 2843 1791 2900 lsrael

215 2941 284 2998 ab
305 2941 682 3012 Egyptiorum
701 2940 954 2994 violentia
989 2938 1265 2993 liberaret.
1294 2937 1494 2992 Verum
1532 2937 1788 3006 quoniam

215 3047 438 3088 necesse
489 3041 607 3086 erat
659 3046 782 3095 eos,
823 3031 914 3100 qui
966 3031 1064 3086 sub
1096 3031 1220 3098 jugo
1272 3037 1455 3083 essent
1517 3029 1792 3083 servitutis

216 3126 467 3191 insolitae,
510 3125 658 3193 prius
701 3125 894 3178 docere
963 3123 1107 3191 quod
1160 3122 1238 3176 eis
1290 3121 1431 3176 Deus
1474 3120 1586 3191 jam
1642 3125 1787 3174 esset

215 3217 618 3280 reconciliatus,
652 3215 890 3283 prodigia
919 3227 1043 3267 eum
1078 3213 1256 3267 facere
1302 3212 1641 3280 imperabat:
1679 3210 1786 3279 ple-

216 3321 442 3376 rumque
463 3308 606 3361 enim
647 3305 968 3360 miraculum
1010 3319 1106 3357 nos
1143 3304 1360 3357 adducit
1399 3304 1450 3356 in
1476 3303 1656 3356 fidem.
1695 3303 1786 3356 Ait

218 3400 378 3470 igitur
405 3398 615 3468 Moyses
645 3397 712 3453 ad
742 3396 910 3450 Deum
941 3395 1365 3462 omnipotentem
1397 3411 1410 3444 :
1450 3411 1468 3442 ι
1508 3392 1563 3446 Si
1601 3401 1780 3445 autem

215 3503 320 3542 non
347 3488 672 3543 crediderint
700 3487 852 3547 mihi,
888 3497 1060 3554 neque
1084 3483 1351 3536 audierint
1380 3496 1560 3534 vocem
1585 3496 1780 3543 meam,

215 3580 452 3635 dicentes
485 3596 500 3633 :
534 3578 649 3634 Non
679 3577 925 3648 apparuit
954 3575 1046 3629 tibi
1079 3574 1218 3627 Deus
1246 3591 1262 3639 ;
1287 3574 1415 3642 quid
1438 3574 1613 3627 dicam
1645 3574 1786 3627 illis?

219 3669 362 3724 Dixit
393 3669 584 3723 deinde
625 3668 878 3721 Dominus
918 3684 930 3718 :
973 3663 1109 3730 Quid
1144 3665 1248 3719 hoc
1299 3674 1384 3718 est
1422 3666 1561 3732 quod
1599 3672 1684 3717 est
1729 3665 1782 3717 in

214 3775 377 3814 manu
419 3770 506 3815 tua
537 3760 558 3812 1’
589 3759 885 3828 Respondit
919 3775 932 3810 :
966 3756 1144 3827 Virga.
1201 3756 1264 3810 Et
1301 3757 1376 3810 ait
1418 3757 1488 3809 illi
1526 3775 1538 3809 :
1576 3756 1784 3822 Projiee

217 3850 361 3905 illam
383 3850 435 3904 in
466 3841 661 3905 terram
690 3867 702 3914 ;
732 3859 787 3902 et
808 3848 948 3902 facta
970 3857 1051 3901 est
1078 3860 1321 3915 serpens,
1347 3854 1400 3902 et
1425 3847 1555 3917 fugit
1575 3846 1785 3918 Moyses

216 3942 284 3995 ab
312 3955 397 3995 ea.
433 3940 501 3994 Et
532 3940 666 3995 dixit
692 3937 949 3993 Dominus
978 3937 1044 3990 ad
1080 3935 1293 4009 Moysen
1331 3951 1346 3990 :
1380 3937 1622 3991 Extende
1665 3951 1783 3989 ma-

218 4048 343 4086 num
377 4041 518 4086 tuam
539 4069 554 4097 ,
591 4039 645 4087 et
676 4031 1015 4101 apprehende
1058 4032 1282 4085 caudam
1315 4029 1430 4098 ejus
1462 4048 1476 4095 ;
1509 4038 1564 4083 et
1595 4038 1783 4084 exten-

217 4127 351 4179 deus
378 4139 594 4178 manum
636 4124 985 4194 apprehendit
1011 4126 1256 4188 caudam,
1287 4133 1341 4178 et
1371 4122 1508 4176 facta
1537 4134 1617 4176 est
1637 4123 1784 4192 virga

218 4215 273 4270 in
317 4230 477 4270 manu
513 4217 647 4283 ejus.
677 4215 741 4269 Et
789 4215 924 4268 dixit
960 4215 1034 4269 illi
1075 4214 1188 4270 :Ut
1225 4216 1445 4269 credant
1494 4215 1624 4282 tibi,
1659 4215 1785 4283 quia

218 4307 462 4376 apparuit
492 4306 582 4360 tibi
623 4305 881 4360 Dominus
925 4306 1066 4360 Deus
1104 4315 1316 4374 patrum
1357 4321 1611 4370 suorum,
1648 4307 1786 4360 Deus

219 4400 510 4462 Abraham,
545 4407 600 4452 et
640 4398 778 4453 Deus
801 4399 971 4464 lsaac,
1001 4406 1055 4452 et
1091 4397 1228 4452 Deus
1257 4396 1508 4452 Iacob".
1546 4416 1564 4450 ι
1599 4398 1788 4451 Anim-

1895 571 2113 630 propter
2135 561 2589 627 dispensationem
2632 559 2828 614 factam
2855 576 2974 614 cum
3000 577 3161 617 carne
3191 601 3206 626 ,
3241 579 3336 632 pro
3359 579 3476 620 scr-

1893 661 2055 721 pente
2082 652 2344 720 accipitur
2374 667 2536 716 :ereo,
2571 666 2728 720 quem
2775 653 2947 705 erexit
2982 652 3220 722 Moyses.
3249 663 3307 709 ut
3355 669 3474 709 ser-

1896 753 2118 812 pentum
2177 758 2390 798 morsus
2430 751 2640 797 arceret
2674 744 2742 797 ".
2804 743 3054 798 Aitenim
3096 762 3110 799 :
3145 764 3163 796 ¢
3225 744 3289 799 Et
3335 746 3476 800 sient

1894 835 2103 906 Moyses
2149 836 2405 889 exaltavit
2442 846 2745 904 serpentem
2776 835 2826 889 in
2852 837 3062 890 deserto
3085 875 3099 899 ,
3135 838 3206 890 ita
3252 849 3470 906 oportet

1895 926 2122 981 exaltari
2165 925 2355 980 Filium
2393 925 2651 991 hominis,
2693 935 2753 979 ut
2788 942 2976 981 omnes
3020 929 3109 995 qui
3154 932 3378 982 credunt
3417 933 3468 980 in

1895 1019 2092 1087 ipsum,
2125 1034 2230 1072 non
2257 1028 2499 1087 pereant,
2523 1018 2614 1073 sed
2635 1018 2865 1072 habeant
2886 1019 3048 1071 vitam
3075 1029 3328 1073 :eternatn
3351 1020 3416 1075 ⁸⁸.
3447 1039 3464 1070 ι

1894 1109 2358 1176 Quemadmodum
2387 1108 2529 1163 enim
2565 1124 2787 1177 serpens
2833 1110 3005 1163 factus
3036 1125 3100 1164 ex
3126 1126 3234 1164 tere
3284 1095 3473 1164 salutis

1895 1211 2014 1257 erat
2042 1203 2474 1271 periclitantibus
2495 1217 2656 1256 causa
2692 1203 3063 1273 (sanabantur
3093 1206 3234 1257 enim
3266 1205 3317 1257 in
3345 1219 3468 1258 eum

1896 1297 2248 1365 respicientes
2275 1294 2293 1364 )
2328 1308 2341 1350 :
2377 1310 2440 1349 eo
2467 1295 2625 1350 modo
2649 1297 2808 1350 etiam
2841 1296 3096 1350 Dominus
3119 1277 3276 1350 .lesus
3316 1295 3471 1351 Chri-

1896 1397 2014 1441 stus
2063 1388 2143 1442 eis
2192 1388 2282 1456 qui
2339 1402 2460 1440 eum
2516 1388 2699 1440 vident
2748 1387 2960 1454 quidem
3003 1389 3055 1440 in
3120 1388 3470 1442 similitmliue

1895 1477 2272 1547 malignorum,
2296 1493 2361 1533 eo
2389 1481 2530 1548 quod
2568 1478 2739 1532 factus
2762 1478 2830 1531 sit
2864 1479 3042 1543 homo,
3083 1495 3186 1531 non
3220 1479 3470 1545 ignorant

1899 1579 2077 1623 tamen
2132 1570 2274 1638 quod
2331 1569 2472 1624 Deus
2505 1569 2577 1623 sit
2617 1569 2861 1623 vivificus
2910 1582 3069 1623 causa
3104 1569 3206 1622 erit
3239 1571 3388 1633 vitta,
3416 1579 3470 1624 et

1896 1660 1987 1714 dat
2013 1675 2169 1730 posse
2192 1659 2444 1715 animalia
2471 1675 2735 1716 venenosa
2763 1663 2955 1726 vitare,
2981 1662 3033 1715 id
3049 1672 3151 1726 est,
3174 1662 3470 1717 contrarias

1896 1758 2207 1820 potestates.

1965 1839 2019 1892 Id
2044 1854 2255 1908 quoque
2278 1840 2434 1908 hujus
2463 1842 2537 1894 rei
2573 1842 2739 1909 figura
2764 1843 2855 1908 sit,
2882 1841 3023 1912 quod
3059 1841 3298 1908 Moyseos
3319 1843 3465 1914 virga

1891 1930 2070 2000 virgas
2115 1933 2249 1984 alias
2278 1932 2637 1997 devoraverit,
2673 1949 2809 2003 quas
2837 1935 2891 1988 in
2933 1943 3129 1988 terram
3162 1936 3299 2004 magi
3343 1950 3467 2002 pro-

1885 2019 2130 2091 jecerant
2167 2023 2235 2075 ⁵⁷.
2278 2020 2450 2093 Igitur
2478 2024 2628 2092 virga
2652 2025 2870 2092 quidem
2911 2024 2964 2078 in
2998 2033 3198 2079 terram
3234 2024 3466 2093 projecta

1891 2121 1974 2166 est
2008 2131 2022 2179 ;
2062 2129 2166 2168 non
2201 2122 2379 2169 tamen
2413 2130 2626 2186 semper
2650 2117 2929 2170 remansit.
2974 2117 3261 2184 Resumpta
3290 2128 3464 2171 autern

1893 2203 2088 2260 iterum
2155 2206 2257 2260 fuit
2286 2207 2426 2275 quod
2455 2216 2572 2260 erat
2601 2222 2614 2260 :
2649 2223 2770 2262 nam
2803 2209 2924 2263 licet
2959 2209 3099 2264 facta
3129 2209 3219 2275 sit,
3256 2221 3312 2263 ut
3343 2221 3468 2265 ante

1891 2294 2023 2357 dixi,
2044 2295 2094 2348 in
2114 2296 2463 2350 similitudine
2486 2305 2669 2350 nostra
2696 2296 2871 2352 Patris
2893 2298 3062 2367 virga,
3091 2299 3142 2352 id
3159 2309 3261 2362 est,
3279 2299 3464 2358 Filius.

1891 2402 1988 2458 per
2011 2405 2168 2458 quem
2202 2389 2364 2444 habet
2385 2390 2625 2444 omnium
2664 2399 2984 2457 potestatem
3018 2407 3032 2454 ;
3071 2401 3334 2454 attamen,
3365 2391 3467 2446 im-

1891 2479 2033 2549 pleta
2091 2481 2524 2551 dispensatione,
2575 2481 2834 2538 revolavit
2891 2483 2942 2536 in
2978 2481 3208 2547 caelum,
3262 2493 3316 2535 et
3363 2483 3465 2538 fuit

1895 2572 2090 2628 iterum
2141 2583 2396 2644 tauquam
2441 2574 2494 2629 in
2548 2591 2706 2631 manu
2751 2575 2924 2630 Patris
2984 2576 3132 2647 virga
3197 2576 3467 2645 aequitatis

1891 2678 1954 2717 ac
1985 2665 2132 2734 regni
2160 2681 2173 2717 :
2201 2667 2352 2720 sedet
2402 2666 2544 2721 enim
2588 2668 2654 2721 ad
2684 2667 2959 2721 dexteram
3003 2667 3273 2722 Genitoris
3297 2670 3375 2722 sui
3406 2669 3457 2721 in

1889 2757 2104 2824 propria
2142 2758 2442 2823 majestate,
2475 2759 2634 2812 sedes
2672 2758 2962 2812 altissimas
2983 2758 3231 2813 obtinens
3257 2798 3273 2823 ,
3303 2759 3465 2815 etiam

1893 2859 2013 2899 cum
2049 2862 2212 2902 carne
2239 2847 2306 2902 ⁵⁸.

2513 2979 2665 3034 CAP.
2704 2977 2846 3034 XVI.

1962 3092 2121 3145 Aliud
2145 3092 2209 3146 de
2237 3106 2394 3146 manu
2422 3092 2842 3164 Moysisleprosa
2873 3104 2919 3148 et
2959 3092 3155 3168 integre
3186 3109 3394 3152 sanata.

1964 3225 1981 3257 ι
2013 3206 2436 3262 Dixitautemad
2459 3222 2580 3262 eum
2619 3209 2760 3263 Deus
2784 3209 3040 3266 Dominus
3062 3211 3255 3266 iterum
3281 3229 3294 3264 :
3325 3211 3465 3267 lnfer

1889 3315 2103 3352 manum
2131 3310 2275 3353 tuam
2310 3301 2361 3354 in
2395 3301 2570 3354 sinum
2596 3308 2743 3354 tuum
2771 3317 2785 3366 ;
2816 3311 2870 3356 et
2895 3303 3115 3372 protulit
3143 3319 3358 3359 manum
3397 3305 3464 3358 de

1890 3393 2008 3445 sinu
2043 3407 2162 3454 suo,
2194 3402 2247 3444 et
2276 3392 2414 3445 facta
2445 3400 2527 3446 est
2555 3406 2744 3446 manus
2776 3392 2894 3462 ejus
2933 3393 3071 3448 sicut
3100 3395 3210 3449 nix.
3249 3396 3308 3448 Et
3329 3396 3462 3450 dixit

1890 3482 2079 3534 iterum
2110 3500 2124 3534 :
2155 3479 2297 3535 infer
2331 3495 2545 3534 manum
2581 3490 2724 3535 tuam
2758 3483 2809 3536 in
2858 3484 3033 3538 sinum
3071 3491 3219 3538 tuum
3251 3503 3264 3540 :
3291 3497 3344 3541 et
3379 3487 3459 3542 in-

1891 3573 2006 3626 tulit
2033 3589 2247 3627 manum
2286 3589 2440 3628 suam
2481 3574 2532 3626 in
2554 3575 2730 3629 sinum
2773 3590 2926 3630 suum
2949 3617 2964 3641 ,
3003 3585 3057 3630 et
3092 3578 3312 3646 protulit
3341 3593 3458 3634 eam

1887 3664 1954 3717 de
1975 3666 2096 3718 sinu
2125 3677 2315 3730 suo,et
2350 3666 2540 3720 iterum
2571 3667 2816 3720 restituta
2843 3677 2927 3720 est
2959 3667 3010 3720 in
3032 3667 3265 3723 colorem
3281 3671 3462 3725 carnis

1887 3757 2004 3823 ejus
2025 3757 2091 3812 ⁸⁹.
2127 3775 2146 3810 ι
2191 3756 2400 3811 Manum
2427 3759 2490 3810 ad
2523 3759 2794 3812 dexteram
2837 3758 2928 3813 Dei
2962 3768 3016 3814 et
3053 3758 3227 3814 Patris
3269 3777 3456 3816 verum

1888 3846 2080 3902 Filium
2105 3847 2217 3916 ejus
2252 3848 2430 3903 divina
2459 3845 2737 3918 Scriptura
2769 3851 3032 3906 nominat.
3060 3851 3277 3909 luduxit
3309 3855 3458 3910 enim

1887 3939 2061 4008 ipsum
2113 3941 2378 3995 dicentem
2417 3959 2430 3994 :
2467 3959 2486 3993 ‹
2533 3941 2644 4012 Ego
2699 3957 2859 3997 manu
2913 3959 3028 4000 mea
3077 3947 3285 4003 firmavi
3343 3963 3460 4005 cte-

1888 4029 1994 4083 lum
2027 4030 2073 4062 ⁶⁶
2115 4048 2128 4096 ;
2171 4049 2190 4083 ι
2245 4046 2343 4085 nec
2393 4045 2499 4084 non
2559 4033 2725 4085 etiam
2764 4033 2928 4088 David
2965 4035 3177 4092 divinus
3223 4048 3405 4094 cantat
3441 4061 3458 4098 ;

1894 4140 1912 4172 ι
1938 4121 2112 4176 Verbo
2144 4121 2354 4177 Domini
2387 4122 2506 4177 caeli
2538 4123 2728 4178 firmati
2762 4133 2885 4180 sunt
2911 4125 2954 4158 “
3011 4144 3033 4179 ι
3076 4128 3248 4186 Cerne
3275 4130 3458 4201 igitur,

1890 4215 1942 4268 in
1974 4217 2152 4270 sinum
2181 4217 2393 4284 quidem
2428 4211 2625 4287 Moysis
2666 4215 2842 4271 adlmc
2875 4233 3094 4274 manum
3129 4219 3246 4291 ejus
3272 4226 3459 4278 occul-

1891 4308 2022 4371 tari,
2059 4317 2112 4362 et
2145 4309 2378 4362 nondum
2434 4308 2630 4363 factam
2683 4302 2944 4379 leprosam
2969 4350 2985 4374 ,
3019 4314 3288 4384 prolatam
3327 4332 3458 4372 vero

1888 4401 2069 4456 statim
2127 4401 2390 4470 leprosam
2442 4400 2642 4456 factam
2672 4420 2685 4456 :
2718 4401 2911 4459 deinde
2954 4419 3080 4460 mox
3135 4406 3337 4462 illatam
3361 4447 3377 4472 ,
3406 4419 3461 4463 et

221 4490 440 4544 adverte
499 4489 555 4543 in
599 4488 687 4543 his
736 4495 930 4541 natura
988 4496 1042 4540 et
1113 4486 1344 4539 veritate
1412 4485 1609 4539 Filium
1662 4484 1780 4547 Dei,
1817 4507 2078 4566 Drursus
2135 4492 2427 4561 prolatam,
2482 4502 2536 4546 et
2593 4494 2658 4546 de
2708 4504 2901 4548 caetero
2961 4511 3064 4551 non
3138 4497 3455 4567 leprosam:

222 4593 476 4650 tanquam
533 4581 776 4649 qumdam
826 4579 977 4647 virga
1029 4578 1098 4631 sit
1144 4576 1363 4642 Patris;
1401 4578 1546 4642 virga
1606 4586 1783 4630 autent

221 4674 431 4742 insigne
459 4681 542 4726 est
587 4671 737 4741 regni
769 4689 782 4725 :
824 4688 843 4723 ι
883 4668 1022 4723 Filio
1054 4668 1196 4723 enim
1251 4669 1397 4722 dedit
1434 4670 1634 4722 habere
1664 4683 1784 4722 om-

221 4766 368 4818 nium
415 4772 728 4832 potestatem
771 4762 834 4814 ⁵³.
885 4779 904 4814 ι
936 4760 1086 4815 Unde
1119 4760 1283 4814 etiam
1322 4760 1535 4814 divinus
1563 4760 1730 4814 David
1769 4777 1785 4814 :

225 4877 244 4909 ι
288 4855 535 4910 Thronus
563 4865 704 4920 tuus,
734 4855 925 4924 inquit,
959 4855 1120 4917 Deus,
1149 4853 1200 4906 in
1221 4853 1473 4907 saeculum
1496 4852 1696 4915 saeculi,
1735 4861 1791 4906 et

220 4950 363 5019 virga
384 4948 673 5017 aequitatis,
693 4949 843 5016 virga
869 4943 1016 5016 regni
1037 4945 1229 4998 μήν’.»
1264 4943 1368 4997 Sed
1403 4959 1522 4998 eam
1556 4943 1784 5013 projecit

217 5039 272 5096 in
301 5050 522 5105 terram,
552 5041 604 5093 id
625 5047 741 5103 est,
773 5053 997 5106 corpore
1022 5047 1235 5090 terreno
1262 5037 1636 5099 circumdedit,
1667 5037 1783 5090 sive

216 5148 315 5204 per
360 5131 747 5190 humanitatem
802 5130 948 5183 misit
984 5128 1035 5180 in
1090 5137 1286 5182 terram
1324 5145 1337 5182 :
1373 5137 1500 5182 tunc
1533 5127 1674 5181 enim
1725 5127 1777 5180 in

216 5225 562 5280 similitudine
589 5221 763 5277 factus
793 5230 874 5275 est
907 5219 1262 5288 malignorum
1302 5218 1603 5281 hominum,
1628 5216 1778 5273 scili-

217 5315 676 5385 cet'maliguitatis
715 5313 921 5381 signum
953 5322 1036 5366 est
1064 5326 1304 5380 serpens.

249 5407 404 5476 Quod
423 5415 600 5461 autem
624 5419 807 5460 verum
830 5405 918 5470 sit,
945 5404 1068 5458 hinc
1092 5404 1314 5457 scimus.
1354 5400 1469 5471 Ipse
1497 5403 1640 5456 enim
1666 5400 1740 5455 Do
1756 5429 1776 5443 -

413 5521 455 5532 -‘

217 5573 260 5605 "
364 5573 532 5628 Exod.
555 5589 684 5636 xxv,
713 5573 799 5626 17.
874 5571 988 5604 ‘3'"
1021 5570 1217 5626 lJoan.
1247 5586 1309 5636 ll,
1353 5572 1403 5635 1,
1440 5572 1496 5624 2.

218 5643 425 5708 'xvn,2.
499 5643 546 5675 “
580 5643 720 5698 Psal.
761 5659 904 5707 κων,
963 5644 1012 5695 7.
1090 5644 1135 5674 ⁵⁸
1168 5641 1329 5696 Num.
1381 5657 1496 5704 ιιι,
1552 5639 1606 5694 8.

216 5715 262 5748 ⁸³
293 5708 457 5767 Exod.
487 5729 562 5778 IV,
585 5714 636 5767 6.

218 5786 264 5815 ⁸⁸
296 5784 466 5841 Le'vit.
495 5799 612 5848 xm,
637 5785 690 5837 2.

1573 5570 1620 5601 ⁵ο
1652 5567 1810 5622 Rom.
1836 5583 1920 5635 ιιι,
1978 5568 2069 5625 25.

761 5659 904 5707 μιν,
963 5644 1012 5695 7.
1090 5641 1329 5696 "Num.
1381 5657 1496 5704 ιιι,
1552 5639 1606 5694 8.
1685 5639 1730 5670 "
1793 5637 1950 5695 Joau.
2017 5655 2099 5703 ιιι,
2157 5639 2243 5694 14.
2320 5641 2363 5670 ⁸⁷
2404 5638 2571 5695 Exod.
2627 5657 2701 5706 tv,
2749 5641 2802 5695 2.
2883 5643 2928 5673 ⁸³
2985 5645 3126 5697 Psal.
3193 5660 3332 5706 xuv,
3394 5645 3450 5702 7.

751 5712 1248 5778 ‘°lsa.x1.vttt,l5.
1362 5713 1400 5743 "
1439 5710 1854 5777 Psal.xxxtt,6.
1932 5711 1977 5741 "
2011 5709 2165 5766 Rom.
2197 5710 2401 5775 Vttt,3;
2435 5709 2539 5765 lsa.
2567 5727 2687 5777 LIII,
2766 5712 2850 5768 l2.
2933 5715 3180 5770 "lCor.
3238 5733 3288 5781 v,
3359 5717 3450 5774 :11.

1840 4625 1845 4629 .
1891 4583 2192 4637 «Restituta
2207 4591 2292 4636 est
2313 4583 2478 4647 enim,
2509 4580 2700 4651 inquit,
2731 4581 2783 4636 in
2812 4583 3045 4638 colorem
3068 4586 3245 4640 carnis
3267 4587 3401 4656 ejus.
3432 4605 3452 4637 ι

1885 4674 2027 4743 Ergo
2074 4671 2308 4743 quandiu
2384 4673 2596 4741 quidem
2659 4685 2777 4728 erat
2829 4676 2880 4729 in
2936 4676 3058 4730 sinu
3111 4676 3286 4732 Patris
3315 4680 3457 4735 Deus

1887 4760 2142 4826 Verbum,
2180 4760 2478 4814 divinitatis
2510 4761 2686 4816 nitore
2721 4760 2993 4833 fulgebat;
3028 4781 3214 4820 verum
3238 4769 3457 4838 quando

1886 4852 2066 4921 aliquo
2126 4852 2284 4906 modo
2345 4861 2496 4906 extra
2545 4851 2646 4906 fuit
2701 4868 2798 4924 per
2855 4855 3278 4913 incarnationem
3341 4860 3458 4914 sive

1888 4943 2333 5015 ἐνανορώπησιν,
2368 4945 2544 5000 factus
2589 4958 2670 5000 est
2710 4965 2729 4993 ι
2777 4948 2828 5002 in
2878 4948 3225 5004 similitudine
3278 4955 3458 5009 carnis

1887 5037 2129 5104 peccati,
2168 5047 2222 5089 et
2271 5037 2412 5094 inter
2469 5039 2682 5107 iniquos
2734 5049 3012 5107 reputatus
3062 5052 3144 5095 est
3174 5042 3239 5093 ⁶².
3305 5062 3324 5094 ι
3365 5045 3456 5100 Ait

1886 5127 2028 5182 enim
2053 5127 2266 5182 divinus
2291 5127 2528 5196 Paulus,
2563 5146 2582 5180 ι
2623 5143 2745 5184 eum
2781 5131 2869 5198 qui
2906 5141 3183 5198 peccatum
3220 5149 3324 5187 non
3356 5151 3452 5187 no-

1884 5229 2056 5284 verat,
2079 5234 2174 5288 pro
2195 5219 2349 5273 nobis
2373 5230 2650 5288 peccatum
2679 5221 2864 5287 fuisse,
2889 5231 2945 5276 ut
2975 5239 3070 5278 nos
3097 5223 3348 5279 fieremus
3365 5225 3455 5295 ju-

1886 5311 2030 5365 stitia
2071 5312 2122 5364 in
2150 5311 2263 5380 ipso
2301 5311 2367 5367 ⁸³.
2412 5330 2431 5365 ι
2468 5310 2580 5366 Hoc
2603 5313 2856 5367 existimo
2885 5313 3083 5383 lcpram
3118 5316 3447 5383 significare,

1887 5403 2193 5458 immundus
2236 5405 2382 5463 enim
2411 5405 2705 5461 secundum
2745 5406 2912 5476 legem
2955 5407 3196 5476 lcprosus
3226 5408 3292 5463 “.
3346 5409 3452 5466 Sed

2147 5569 2191 5601 ⁸¹
2226 5568 2330 5626 lsa.
2357 5584 2428 5633 VI,
2458 5572 2509 5625 1.
2585 5571 2631 5604 ⁵⁸
2667 5570 2836 5626 Exod.
2887 5587 2963 5633 Iv,
3020 5575 3136 5630 1-5.
3215 5572 3261 5605 ⁸³
3289 5573 3449 5633 Joan.

2883 5643 2928 5673 "
2985 5645 3126 5697 Psal.
3193 5660 3332 5706 thv,
3394 5645 3451 5702 7.

2585 5571 2631 5604 ⁵⁸
2667 5570 2836 5626 Exod.
2887 5587 2963 5637 Iv,
3020 5575 3136 5630 1-5.

2320 5641 2363 5670 ⁸⁷
2404 5638 2571 5695 Exod.
2627 5657 2701 5706 tv,
2749 5641 2802 5695 ἓ.
