3856 6212
452 334 581 390 1591

1464 328 1522 385 S.
1561 324 1835 382 CYRILL]
1871 323 2341 381 ALEXANDRINI
2377 321 2699 378 ARCHIEP.

3515 326 3624 381 159?

451 445 707 521 quoniam
747 444 940 497 iterum
966 441 1019 496 in
1050 441 1171 496 sinu
1214 440 1312 496 fuit
1344 442 1517 498 Patris
1545 442 1897 514 (aSsnmptus
1943 457 2003 497 es

2128 439 2461 511 Θρωπήσεως
2482 439 2505 490 ?
2530 439 2635 492 Aut
2661 449 2830 506 quare
2864 434 3197 489 incarttatum
3221 434 3341 491 dicit
3359 434 3501 491 Deum
3522 440 3619 493 Ven--

451 544 503 593 in
540 535 984 593 resurrectionem
1029 548 1057 586 a
1094 533 1395 604 mortuis),
1428 535 1632 602 prolata
1677 535 1870 589 iterum
1912 549 2028 587 ma-

451 646 551 684 nus
579 628 860 682 videbatur
891 625 1087 679 munda
1121 640 1135 677 :
1168 626 1415 680 adveniet
1451 628 1595 680 enim
1635 635 1758 696 post
1787 635 2026 695 tempora

453 716 1071 775 DominusnosterJesus
1098 715 1372 782 Christus,
1398 716 1451 771 in
1478 718 1792 772 sinceritate
1840 716 2027 771 divini-

452 813 575 865 tatis
602 824 656 866 et
679 810 871 881 gloria,
914 809 1162 879 quamvis
1191 809 1603 865 similitudinem
1638 819 1877 866 nostram
1917 825 2024 865 non

452 904 753 971 projecerit.
802 903 893 957 Ait
926 904 1069 957 enim
1100 912 1157 955 et
1187 902 1377 957 beatus
1416 900 1617 958 Paulus
1664 903 1733 957 de
1754 900 1970 957 Christo
2003 920 2017 956 :

455 1013 477 1048 ι
507 997 639 1061 Quia
672 994 835 1051 semel
866 1004 1111 1048 mortuus
1133 1003 1217 1049 est
1244 994 1312 1049 ad
1340 994 1623 1049 multorum
1657 993 2021 1050 exhaurienda

446 1095 691 1154 peccata.
733 1084 981 1141 Secundo
1013 1086 1129 1141 sine
1158 1098 1378 1154 peccato
1398 1086 1677 1156 apparebit
1704 1094 2023 1155 exspectan-

451 1179 591 1231 tibus
632 1190 691 1232 se
742 1177 799 1230 in
831 1176 1057 1232 salutem
1088 1176 1153 1230 ".
1207 1197 1225 1229 ι
1260 1177 1402 1248 Ergo
1428 1179 1640 1247 quoties
1677 1178 1836 1234 nobis
1866 1193 2021 1234 sacra

446 1265 653 1322 Littera
684 1268 928 1323 nominat
954 1268 1225 1322 Christum
1242 1268 1446 1333 Jesum,
1475 1269 1631 1339 791
1660 1285 1726 1326 ne
1748 1271 2020 1325 hominem

445 1373 684 1414 senrsum
743 1359 1044 1430 putaveris,
1095 1375 1200 1414 non
1253 1375 1377 1415 vere
1437 1364 1671 1417 adunato
1748 1362 1847 1431 ipsi
1912 1362 2021 1417 Deo

452 1450 623 1505 Verbo
658 1467 672 1514 ;
714 1451 805 1506 sed
836 1450 1233 1506 existimaveris
1264 1452 1432 1523 magis
1454 1452 1626 1520 ipsum
1664 1466 1783 1508 eSse
1803 1468 1870 1508 ex
1912 1452 2020 1507 Deo

446 1552 501 1592 et
536 1540 695 1597 Patre
745 1539 979 1597 Verbum
1014 1538 1203 1596 Jesum
1243 1540 1515 1597 Christum
1537 1584 1552 1609 ,
1576 1558 1695 1597 cum
1728 1542 1906 1599 factus
1950 1544 2020 1600 sit

446 1633 479 1687 lt
493 1647 625 1689 υιιιο.

1053 1767 1203 1825 CAP.
1236 1768 1397 1824 XVII.

449 1875 600 1940 Quod
631 1876 868 1953 Christus
900 1898 1001 1953 non
1027 1893 1136 1953 erat
1158 1883 1308 1953 homo
1333 1882 1607 1953 θεοφόρος,
1632 1900 1724 1938 nec
1749 1885 2007 1952 simplici-

449 1900 597 1940 uuoa
631 1900 868 1934 ιιηνιδιυδ
900 1900 1001 1934 non
1027 1900 1136 1935 erat
1158 1900 1308 1935 nomo
1333 1900 1423 1936 σεο
1466 1900 1607 1953 ορος,
1632 1900 1724 1938 nec
1749 1900 2007 1952 simptm-

446 1960 522 1997 θει-
565 1953 618 2025 in
662 1951 866 2025 homine
892 1952 1226 2025 ‘inhabt’lart‘t
1262 1952 1401 2025 Deus
1426 1900 1673 2007 QVerbum
1694 1969 1714 2016 ;
1746 1955 1835 2007 sed
1873 1955 2010 2025 quod

448 2020 609 2135 gmgis
634 2035 758 2071 caro
786 2022 855 2072 sit
878 2020 1094 2088 factum,
1122 2022 1226 2075 sive
1248 2024 1399 2075 horno
1421 2025 1694 2091 perfectus,
1728 2020 2012 2078 secundum

489 2100 764 2135 crmmras-

489 2100 764 2155 crtpturas.

515 2222 616 2287 Qui
665 2223 824 2280 ﬁdem
873 2225 1072 2282 habent
1120 2228 1175 2283 in
1228 2227 1444 2284 Christo
1503 2230 1900 2287 immaculatam
1960 2240 2014 2287 et

446 2314 606 2366 rectis
634 2315 885 2369 omnibus
905 2315 1170 2388 suﬂ'ragiis
1202 2323 1625 2390 comprobatam,
1664 2324 1845 2377 dicant
1867 2325 2014 2378 vide-

444 2404 567 2458 licet
605 2407 746 2474 quod
776 2407 888 2477 ipse
903 2423 966 2463 ex
994 2409 1100 2463 Deo
1121 2408 1279 2465 Patre
1305 2413 1443 2468 Deus
1471 2411 1706 2469 Verbum
1735 2417 1787 2469 in
1824 2416 2010 2470 exina-

444 2499 667 2549 uitatem
752 2498 1124 2566 descenderit,
1206 2501 1439 2558 formam
1500 2504 1642 2559 servi
1716 2507 2007 2576 accipiens,

445 2590 822 2658 propriumque
861 2590 961 2646 sibi
996 2590 1197 2648 faciens
1242 2608 1461 2664 corpus,
1512 2596 1656 2664 quod
1698 2606 1782 2652 est
1823 2608 2008 2653 natum

444 2693 506 2730 ex
533 2679 743 2749 Virgine
768 2697 783 2748 ;
808 2682 949 2751 quod
982 2682 1155 2738 factus
1185 2685 1256 2738 sit
1288 2687 1453 2741 nostri
1488 2688 1699 2752 similis,
1728 2700 1782 2743 et
1806 2705 2012 2745 nuneuo

445 2778 602 2835 putus
621 2768 788 2825 Filius
812 2771 1062 2827 hominis.
1094 2774 1189 2828 Est
1213 2785 1391 2830 autem
1413 2774 1553 2832 Deus
1576 2777 1786 2847 quidem
1816 2795 2007 2834 secun-

444 2862 568 2910 dum
588 2860 831 2927 spiritum
860 2877 876 2927 ;
906 2861 1066 2917 homo
1087 2875 1262 2919 autem
1291 2866 1429 2921 idem
1453 2870 1746 2924 secundum
1769 2886 2005 2927 carnem.

445 2948 646 3004 Deinde
669 2949 881 3007 divinus
906 2951 1104 3009 Paulus
1126 2954 1435 3015 Judteorum
1471 2960 1723 3031 populum
1764 2964 2005 3033 alloque-

445 3039 601 3094 batur
639 3041 864 3099 dicens:
895 3063 913 3097 ι
944 3044 1284 3103 Multifariam
1330 3051 1620 3123 multisque
1666 3056 1839 3111 modis
1880 3056 2006 3111 olim

446 3132 583 3187 Deus
600 3133 821 3202 loquens
847 3138 1088 3207 patribus
1108 3141 1159 3195 in
1184 3144 1806 3211 prOpbetis,novissimis
1823 3150 2008 3206 diebus
2034 3153 2077 3213 C

447 3225 564 3278 istis
584 3224 791 3282 locutus
814 3237 897 3283 est
919 3230 1075 3287 nobis
1104 3231 1157 3287 in
1180 3233 1315 3289 Filio
1336 3235 1401 3291 “.
1442 3255 1469 3289 ι
1492 3238 1555 3292 Et
1579 3254 1811 3308 quonam
1855 3243 2013 3298 modo

446 3315 776 3385 intelligatur
806 3318 1017 3377 locutus
1050 3321 1219 3380 fuisse
1248 3324 1387 3383 Deus
1426 3339 1480 3384 et
1510 3329 1671 3386 Pater
1707 3333 2013 3390 novissimis

442 3404 630 3459 niebus
661 3406 711 3460 in
737 3407 919 3465 Filio?
957 3408 1189 3470 Locutus
1221 3426 1303 3472 est
1328 3419 1471 3473 enim
1502 3422 1896 3493 antiquioribus
1917 3441 2012 3494 per

442 3503 619 3573 ipsum
657 3506 789 3561 dans
818 3506 1011 3579 legem,
1038 3519 1092 3565 et
1143 3513 1342 3569 idcirco
1367 3517 1479 3586 ipse
1514 3516 1683 3574 Filius
1717 3536 1845 3576 suos
1878 3521 2011 3577 dicit

440 3610 562 3650 esse
590 3612 893 3665 sermones,
918 3616 1013 3671 per
1033 3606 1485 3673 sapientissimum
1509 3609 1724 3684 Moysen
1748 3615 2005 3683 prolatos.

438 3686 526 3737 Ait
548 3686 689 3740 enim
720 3704 734 3741 :
775 3706 796 3739 ι
821 3688 997 3746 Nolite
1029 3704 1216 3762 putare
1245 3699 1368 3768 quia
1408 3701 1531 3756 veni
1575 3703 1785 3759 solvere
1810 3706 2003 3776 legem,

440 3790 529 3832 aut
552 3784 860 3851 prophetas.
894 3782 1009 3841 Non
1037 3789 1157 3844 veni
1198 3790 1424 3856 solvere,
1466 3796 1560 3848 sed
1591 3796 1832 3867 implere.
1872 3798 2005 3855 Dico

437 3873 581 3924 enim
620 3874 792 3940 vobis,
818 3874 925 3930 iota
950 3893 1138 3946 unum,
1160 3892 1257 3936 aut
1287 3899 1423 3941 unus
1452 3902 1584 3956 apex
1610 3905 1716 3944 non
1756 3891 2003 3947 transibit

438 3979 466 4014 a
492 3964 624 4034 lege,
640 3966 808 4022 donec
829 3970 1007 4024 omnia
1035 3973 1182 4027 fiant.
1209 3976 1413 4031 Caelum
1430 3990 1485 4032 et
1513 3989 1649 4035 terra
1678 3985 1997 4050 transibunt,

436 4058 597 4108 verba
639 4068 816 4114 autem
864 4078 980 4118 mea
1029 4080 1134 4119 non
1173 4070 1478 4125 transibunt
1515 4072 1580 4126 ".
1612 4091 1630 4124 ι
1664 4074 1815 4130 Adde
1835 4078 1998 4131 etiam

434 4150 707 4216 prophetae
764 4156 948 4209 voceni
1001 4171 1016 4209 :
1077 4174 1093 4208 ι
1141 4154 1260 4227 Ipse
1327 4162 1419 4230 qui
1470 4162 1757 4232 loquebar,
1801 4178 1998 4237 prasto

435 4263 553 4301 sum
583 4247 648 4305 “.
686 4266 705 4301 ι
751 4246 893 4319 Ergo
938 4263 1061 4304 cum
1122 4251 1294 4305 laetus
1347 4263 1431 4306 est
1480 4252 1647 4309 Filius
1696 4258 1748 4310 in
1810 4273 1993 4324 carne,

436 4353 561 4393 tum:
610 4341 818 4396 locutus
866 4349 951 4396 est
1009 4342 1161 4397 nobis
1212 4345 1373 4399 Pater
1441 4346 1493 4400 in
1527 4347 1662 4417 ipso,
1728 4350 1867 4405 sicut
1918 4353 1997 4406 ait

432 4430 622 4485 beatus
685 4429 904 4497 Paulus,
956 4433 1262 4490 novissimis
1311 4437 1577 4492 diebus".
1650 4438 1754 4495 Sed
1792 4456 1859 4495 ne
1896 4457 1992 4512 pa-

434 4537 547 4572 ιιιιιι
572 4523 874 4589 credamus,
908 4528 1052 4596 quod
1081 4528 1193 4596 ipse
1222 4529 1291 4582 sit
1322 4529 1409 4584 ille
1432 4530 1522 4599 qui
1550 4531 1714 4587 etiam
1743 4541 1868 4587 ante
1893 4548 1992 4587 sa:-

431 4615 549 4667 cnla
610 4612 797 4682 Filius,
850 4617 1031 4673 intulit
1079 4620 1308 4675 statim:
1350 4621 1499 4678 «Per
1546 4639 1704 4692 quem
1759 4623 1889 4678 fecit
1939 4633 1994 4678 et

428 4706 621 4760 saecula
654 4707 733 4773 ⁷⁸,
768 4726 786 4760 ι
838 4708 1176 4778 Splendorem
1230 4716 1391 4767 etiam
1429 4715 1611 4783 gloria:
1657 4725 1711 4768 et
1767 4716 1989 4777 ﬁguram

429 4797 740 4849 substantia:
771 4797 948 4851 Patris
979 4814 1099 4854 eSse
1137 4815 1565 4858 commemorans
1591 4803 1659 4858 ⁷¹.

500 4890 669 4945 lluino
700 4893 859 4959 igitur
886 4893 1066 4949 factus
1084 4903 1166 4949 est
1207 4909 1335 4947 vere
1374 4893 1420 4948 is
1462 4909 1557 4962 per
1588 4910 1746 4962 quem
1778 4893 1906 4950 fecit
1935 4901 1991 4950 et

424 4999 514 5038 san
536 4986 616 5038 nla
648 4986 787 5041 Deus
814 4987 1008 5052 Pater;
1037 4994 1090 5041 et
1118 5002 1245 5052 non,
1279 4997 1335 5039 ut
1365 4985 1603 5040 nonnulli
1646 4987 1977 5051 existimant,

424 5080 478 5130 in
513 5074 728 5131 homine
766 5079 884 5143 fuit,
918 5088 971 5132 ut
1016 5084 1174 5132 homo
1222 5077 1547 5147 intelligatur
1588 5092 1618 5131 a
1663 5079 1817 5133 nobis
1864 5089 1982 5132 tan-

422 5183 580 5234 quam
613 5166 775 5219 Deum
797 5166 1001 5220 habens
1024 5166 1438 5220 inhabitantetn.
1470 5163 1600 5217 Nam
1630 5165 1673 5218 si
1702 5166 1815 5219 haec
1839 5175 1983 5220 recte

423 5276 479 5309 se
513 5258 708 5309 habere
760 5271 882 5308 vere
910 5255 1203 5317 conﬁdunt,
1233 5268 1669 5322 supervacaneus
1691 5269 1810 5306 esse
1838 5255 1977 5306 vide-

422 5350 564 5400 bitur
587 5348 774 5400 beatus
799 5348 1125 5417 evangelista
1160 5345 1400 5400 Joannes
1436 5346 1625 5400 dicens
1654 5360 1669 5399 :
1704 5363 1729 5396 ι
1754 5345 1819 5399 Et
1849 5344 1983 5400 Ver-

421 5439 544 5490 bum
576 5454 701 5492 caro
730 5442 925 5491 factum
950 5449 1031 5494 est
1058 5437 1127 5492 ⁷¹.
1160 5457 1177 5490 ι
1216 5436 1313 5491 Ubi
1336 5438 1479 5491 enim
1509 5438 1800 5492 necessitas
1826 5438 1979 5490 ἐναν-

489 5584 531 5654 σίι
569 5582 730 5637 Hebr.
759 5584 944 5647 mes.
1022 5585 1067 5615 εκ
1100 5585 1404 5652 llebr.t,l.
1480 5584 1522 5619 ιτ
1556 5566 1744 5646 Matth.
1773 5589 1939 5654 v,l7.

2107 5592 2195 5647 Ιςτι.
2228 5610 2324 5654 ιιι,
2352 5594 2402 5646 8.

420 5651 461 5679 ⁷⁸
494 5651 644 5707 Jnatt.
674 5668 713 5716 ι,
746 5657 823 5708 Μ.

936 5655 981 5686 ⁷³
1018 5657 1184 5711 Levii.
1235 5672 1373 5721 xxvi,
1408 5657 1501 5724 ης
1533 5658 1549 5712 l
1576 5661 1699 5715 Cor.
1724 5676 1824 5728 'vt,
1864 5662 1951 5719 l6.

418 5716 462 5749 7‘
494 5724 512 5771 ι
542 5724 662 5775 Cor.
692 5740 761 5789 vi,
795 5724 877 5777 19.

2062 5665 2105 5695 ’δ
2142 5668 2306 5733 Αμιιι.
2351 5679 2428 5729 ιιι,
2483 5662 2580 5731 20;
2633 5662 2791 5717 Joan.
2822 5677 2931 5728 xtv,
2986 5664 3073 5718 l6.

2125 531 2276 594 bum,
2319 532 2362 585 si
2412 544 2515 584 non
2558 529 2736 583 factus
2768 538 2850 582 est
2888 525 3058 581 caro?
3093 525 3187 580 Vis
3224 525 3619 601 ὲνανθρωπήσεως

2123 634 2178 679 et
2201 623 2431 680 similem
2458 623 2629 678 nostri
2653 637 2775 677 eum
2799 620 2999 675 factum
3025 632 3145 674 esse
3163 619 3427 690 signiﬁcat,
3448 632 3620 677 etman-

2123 714 2257 777 sisse
2281 723 2458 768 tamen
2494 714 2573 768 sic
2597 725 2812 782 quoque
2863 710 3037 781 ipsum
3091 723 3249 779 supra
3291 725 3404 774 nos,
3442 710 3533 767 imo
3550 726 3621 766 su-

2123 821 2217 875 pra
2253 808 2557 861 universam
2589 806 2759 875 ipsam
2785 813 3113 859 creaturam.

2192 898 2456 969 Oportere
2497 908 2675 952 autem
2711 897 2986 960 existimo,
3015 909 3077 949 ea
3117 909 3234 964 qua
3260 895 3381 960 dixi,
3413 896 3620 965 exemplis

2121 990 2283 1051 etiam
2327 991 2680 1060 comprobare
2725 998 2781 1041 et
2822 987 3169 1057 persuadere,
3201 987 3334 1055 quod
3359 985 3620 1056 Unigenitus

2123 1081 2302 1136 factus
2336 1082 2408 1136 sit
2441 1082 2623 1144 homo,
2655 1094 2710 1133 et
2748 1080 2819 1134 sit
2844 1078 3006 1143 Deus,
3038 1078 3198 1131 etiam
3235 1092 3345 1131 cum
3387 1092 3539 1143 carne,
3572 1095 3619 1133 ac

2122 1189 2228 1229 non
2266 1184 2475 1228 tantum
2508 1173 2824 1227 inhabitarit
2857 1172 2910 1225 in
2950 1172 3190 1232 homine,
3230 1170 3463 1241 θεοφόρον
3485 1170 3621 1241 ipsum

2119 1266 2374 1331 eﬂiciens,
2412 1276 2667 1335 tanquam
2711 1265 2866 1327 alios,
2894 1264 2983 1333 qui
3016 1264 3308 1319 divinitatis
3337 1264 3480 1332 ipsius
3504 1262 3626 1319 luere

2119 1358 2427 1429 participes.

2710 1512 2862 1568 CAP.
2901 1512 3084 1567 XVIII.

2119 1627 2271 1692 Quod
2299 1622 2611 1683 Emmanuel
2640 1628 2810 1683 Deum
2837 1629 3073 1683 habuerit
3098 1630 3242 1685 aliter
3278 1627 3621 1699 inhabitatum,

2748 1715 2906 1768 quam
2947 1714 3059 1753 nos.

2042 1805 2085 1860 Β
2182 1810 2271 1866 Ait
2298 1810 2493 1866 alicubi
2523 1811 2670 1867 Dens
2707 1813 2772 1867 de
2813 1814 2967 1869 nobis
2992 1831 3010 1868 :
3040 1833 3061 1867 ι
3089 1815 3395 1871 lnbabitabe
3433 1816 3477 1870 in
3504 1817 3622 1887 ipsis,

2113 1914 2168 1959 ct
2194 1903 2557 1967 inambttlabo,
2599 1913 2653 1959 et
2683 1918 2777 1957 ero
2805 1905 2939 1975 ipsis
2974 1904 3139 1972 Deus,
3172 1917 3224 1961 et
3248 1907 3338 1976 ipsi
3365 1917 3501 1961 erunt
3521 1909 3622 1962 mihi

2112 1995 2341 2064 populus
2367 1995 2433 2049 ".
2469 2014 2486 2045 ι
2530 1993 2638 2049 Nec
2680 2010 2788 2049 non
2827 1996 2991 2051 etiam
3044 1997 3158 2067 ipse
3206 1997 3446 2053 Dominus
3480 2010 3623 2053 noster

2111 2085 2271 2141 Jesus
2296 2084 2544 2141 Christus
2577 2105 2591 2141 :
2638 2104 2656 2137 ι
2689 2086 2827 2141 Ecce
2857 2102 2957 2158 ego
3005 2089 3200 2157 venio;
3235 2100 3289 2145 et
3311 2090 3351 2144 si
3387 2090 3492 2160 quis
3519 2090 3622 2145 mihi

2112 2178 2405 2246 aperuerit,
2459 2178 2669 2233 intrabo
2713 2193 2835 2248 ego,
2886 2188 2942 2233 et
2982 2179 3120 2250 apud
3158 2197 3283 2235 eum
3330 2183 3546 2245 eosnabo,
3583 2194 3625 2235 et

2111 2266 2291 2333 Pater,
2316 2279 2370 2324 et
2397 2270 2463 2323 ad
2492 2284 2614 2324 eum
2636 2271 2932 2334 veniemus,
2964 2281 3020 2327 et
3042 2273 3365 2329 mansionem
3389 2275 3509 2344 apud
3527 2289 3623 2327 eum

2113 2360 2373 2418 faciemus
2391 2363 2458 2417 ".
2494 2381 2514 2415 ι
2553 2361 2821 2418 Nominati
2853 2380 3040 2420 sumus
3061 2367 3228 2421 etiam
3254 2368 3485 2435 templum
3516 2365 3623 2420 Dei:

2118 2473 2136 2505 ι
2171 2454 2274 2510 Vos
2316 2455 2480 2519 enim,
2533 2453 2724 2525 inquit,
2761 2454 2958 2525 templa
2986 2457 3118 2511 estis
3164 2456 3256 2511 Dei
3296 2458 3395 2512 vivi
3432 2458 3489 2509 ".
3517 2475 3535 2508 ι
3575 2456 3624 2511 Et

2111 2560 2299 2600 rursus
2321 2564 2333 2600 :
2354 2565 2371 2597 ‹
2394 2546 2621 2602 Nescitis
2637 2562 2863 2619 corpora
2889 2556 3063 2603 vestra
3089 2549 3339 2618 templum
3367 2564 3473 2603 esse
3492 2550 3626 2617 Spiri-

2115 2646 2197 2691 tus
2224 2638 2424 2705 sancti,
2442 2637 2531 2707 qui
2558 2648 2640 2692 est
2676 2638 2727 2692 in
2757 2640 2926 2705 vobis,
2952 2653 3109 2708 quem
3135 2641 3340 2696 habetis
3358 2658 3385 2694 a
3406 2641 3584 2695 Deo"!
3604 2659 3624 2691 ν

2120 2727 2310 2784 Verum
2332 2729 2376 2784 si
2402 2729 2475 2783 ita
2503 2730 2674 2796 aiunt,
2696 2731 2869 2799 ipsum
2905 2746 3119 2801 quoque
3144 2746 3205 2787 se
3234 2732 3420 2787 habere
3448 2733 3626 2786 Emma-

2111 2821 2255 2885 nuel,
2270 2830 2346 2885 et,
2360 2830 2616 2891 tanquam
2638 2835 3076 2893 unumquemque
3092 2836 3362 2892 nostrum,
3373 2816 3625 2879 inhabitan-

2112 2918 2218 2963 tem
2238 2910 2290 2964 in
2308 2924 2428 2966 sese
2444 2910 2610 2965 Deum
2634 2911 2910 2978 habuisse,
2938 2923 3121 2983 aperte
3142 2915 3512 2983 conﬁteantur;
3531 2930 3624 2968 cum

2110 2997 2284 3068 ipsum
2334 2998 2550 3054 adorari
2595 3001 2956 3069 conspiciunt,
2994 3012 3100 3057 tam
3140 3019 3169 3057 a
3218 3004 3384 3069 nobis,
3412 3020 3548 3073 quam
3572 3004 3632 3059 alr

2109 3089 2339 3160 angelis,
2365 3090 2418 3144 in
2453 3090 2590 3149 ctelo
2615 3095 2819 3161 pariter
2848 3102 2903 3149 et
2924 3093 2979 3148 in
3013 3103 3182 3163 terra,
3214 3096 3514 3153 erubescant
3531 3104 3627 3149 tan-

2111 3198 2271 3253 quam
2317 3185 2529 3239 diversa
2575 3183 2860 3256 alienaque
2908 3187 3227 3254 sentientes,
3255 3197 3310 3244 et
3352 3189 3624 3243 Litterarum

2112 3289 2391 3329 sacrarum
2431 3277 2762 3346 propositum
2798 3280 3127 3346 nescientes,
3167 3296 3266 3337 nec
3312 3281 3545 3336 habentes
3584 3279 3630 3332 is

2110 3381 2169 3422 se
2201 3366 2380 3433 iidem,
2415 3382 2575 3438 quam
2614 3370 2770 3424 nobis
2801 3370 3171 3437 tradiderunt,
3208 3373 3299 3443 qui
3332 3373 3382 3427 in
3409 3370 3631 3441 principio

2109 3465 2163 3511 et
2186 3456 2458 3524 viderunt,
2491 3466 2549 3512 et
2579 3458 3021 3515 ministraverunt
3054 3458 3261 3517 Verbo.

2181 3548 2237 3602 Si
2278 3559 2460 3603 autem
2501 3549 2704 3617 dicant,
2738 3552 2880 3621 quod
2910 3561 3197 3622 promerea
3240 3554 3377 3609 Deus
3402 3554 3485 3621 sit,
3514 3560 3561 3608 et
3580 3559 3628 3603 nt

2108 3638 2249 3694 Deus
2276 3640 2628 3711 glorllicetur,
2661 3644 2786 3712 quia
2820 3644 2873 3698 in
2898 3659 2965 3699 eo
2988 3653 3196 3701 tantum
3230 3647 3528 3702 inhabitavit
3552 3645 3628 3699 Dei

2103 3733 2280 3789 Patris
2319 3732 2592 3801 Verbum,
2629 3750 2693 3790 ac
2724 3752 2829 3792 non
2873 3747 3182 3808 propterea,
3224 3741 3345 3811 quia
3381 3739 3536 3795 factus
3568 3737 3623 3791 sit

2102 3825 2301 3892 homo;
2326 3827 2546 3883 audient
2566 3843 2754 3884 rursus
2783 3845 2810 3883 a
2835 3828 2990 3885 nobis
3017 3848 3031 3885 :
3056 3830 3114 3885 Si
3137 3832 3229 3898 iis,
3251 3832 3347 3901 qui
3366 3830 3621 3887 inbabinm

2104 3929 2211 3973 tem
2247 3919 2297 3973 in
2335 3933 2395 3974 se
2422 3918 2589 3975 Deum
2621 3919 2927 3990 habuerint,
2954 3922 3085 3978 satis
3105 3933 3212 3982 est.
3238 3931 3295 3977 ut
3322 3924 3505 3978 idcirco
3524 3934 3619 3973 vero

2100 4012 2173 4066 dii
2206 4027 2327 4068 esse
2352 4013 2579 4084 possint,
2607 4022 2663 4068 et
2687 4014 2756 4069 ab
2791 4014 3100 4070 hominibus
3140 4015 3448 4080 adorentur,
3472 4028 3621 4068 omnes

2099 4119 2233 4160 sane
2266 4106 2440 4175 angeli
2475 4106 2828 4175 hominesque
2857 4110 2969 4161 sint
3006 4107 3077 4162 dii
3103 4117 3160 4161 et
3189 4107 3472 4170 adorandi;
3496 4106 3618 4158 inha-

2098 4196 2232 4251 bitat
2254 4197 2396 4251 enim
2432 4198 2573 4251 Deus
2607 4198 2659 4251 in
2692 4196 2892 4252 sanctis
2912 4197 3139 4265 angelis.
3181 4197 3465 4253 Habuimus
3490 4195 3617 4251 etiam

2098 4302 2197 4341 nos
2230 4287 2405 4356 ipsum
2435 4287 2488 4341 in
2519 4288 2676 4343 nobis
2700 4303 2794 4358 per
2824 4288 3088 4358 Spiritum
3118 4302 3395 4357 sanctum;
3430 4290 3511 4345 sed
3534 4302 3616 4341 nos

2096 4377 2294 4433 suﬂicit
2316 4380 2417 4434 hoc
2445 4381 2750 4443 ostendere,
2785 4390 2973 4435 natura
2997 4380 3129 4436 deos
3149 4392 3205 4437 et
3245 4381 3527 4437 adorandus
3546 4393 3616 4433 eos

2024 4495 2071 4552 υ
2096 4471 2187 4537 qui
2225 4470 2421 4524 habent
2457 4469 2717 4540 Spiritum
2744 4483 3010 4527 sanctum.
3049 4473 3220 4543 Igitur
3248 4491 3352 4529 non
3381 4481 3615 4543 propterea

2092 4558 2241 4614 Deus
2274 4571 2379 4623 est,
2405 4573 2458 4615 et
2483 4563 2792 4618 adorandus
2818 4563 3156 4630 Emmanuel,
3180 4567 3325 4637 quod
3349 4563 3617 4621 inhabitant

2091 4650 2144 4704 in
2178 4666 2263 4713 eo,
2316 4662 2567 4722 tanquam
2617 4655 2671 4709 in
2720 4656 2934 4711 homine
2978 4660 3276 4725 communi,
3322 4668 3375 4714 et
3414 4670 3614 4713 seorsum

2089 4742 2441 4815 intelligendo
2486 4754 2543 4799 et
2573 4746 2625 4801 in
2655 4758 2807 4816 parte
2846 4748 3011 4802 Deum
3055 4747 3335 4815 Verbum;
3370 4748 3459 4804 sed
3499 4744 3617 4817 quod

2085 4832 2290 4893 factum
2333 4836 2406 4891 sit
2428 4851 2581 4903 caro,
2617 4839 2671 4894 id
2700 4848 2807 4904 est,
2842 4839 3005 4895 homo
3040 4858 3054 4896 :
3102 4843 3304 4899 mansit
3329 4842 3466 4898 enim
3501 4840 3616 4896 idem

2084 4932 2141 4979 et
2164 4923 2331 4993 Deus,
2356 4938 2412 4984 et
2437 4929 2745 4985 adorandus

2607 5062 2765 5134 792
2802 5063 2963 5120 cae.
2994 5063 3135 5119 χιιι.

2157 5177 2313 5232 Dicta
2351 5180 2639 5234 anoatolica
2677 5181 2952 5262 inquibus
2990 5181 3129 5236 Deus
3165 5181 3462 5262 nominatus
3494 5185 3561 5231 est

2739 5253 3000 5305 Christus.

2160 5361 2234 5415 De
2264 5362 2524 5431 mysterio
2553 5359 2738 5414 dicens
2768 5364 3059 5415 secundum
3095 5361 3370 5417 Christum
3400 5379 3413 5415 :
3446 5379 3462 5410 ι
3489 5356 3611 5424 Quod

2077 5453 2216 5517 aliis,
2232 5452 2424 5521 inquit,
2450 5451 2891 5523 generationibus
2908 5468 3011 5505 non
3032 5464 3111 5507 est
3132 5452 3372 5522 agnitum
3394 5450 3505 5504 ﬁliis
3532 5448 3610 5502 bo-

2974 5594 3019 5625 ⁷ο
3054 5593 3184 5649 ibid.
3211 5593 3267 5647 ‘2.
3347 5593 3389 5625 "
3427 5590 3543 5645 ibid.
3564 5585 3606 5639 5.

2499 5593 2542 5624 ⁴¹’
2578 5590 2740 5648 Hebr.
2771 5609 2812 5656 ι,
2844 5595 2892 5647 l.
2974 5594 3019 5625 ⁷ο
3054 5593 3184 5649 ibid.
3211 5593 3267 5647 ‘2.
3347 5593 3389 5625 "
3427 5590 3543 5645 ibid.
3564 5590 3606 5639 5.

2499 5662 2580 5725 20;
2633 5662 2791 5717 Joan.
2822 5677 2931 5725 xtv,
2986 5664 3073 5718 l6.
3163 5665 3211 5695 "
3246 5664 3264 5718 Ι
3294 5662 3415 5717 Cor.
3442 5676 3517 5725 tu,
3542 5655 3608 5712 Π.
