3856 6212
253 399 396 457 1595

1170 398 1461 454 SCIIULIA
1504 400 1592 454 DE
1624 396 2143 455 INCARNATIONE
2180 398 2552 456 UNIGENITI.

3366 398 3505 456 I395

255 515 636 579 minum,sicut
652 529 794 570 nunc
812 513 1105 569 revelatum
1124 522 1207 568 est
1223 515 1426 569 sanctis
1445 515 1815 585 apostolis".i
1850 519 1897 574 Α
1928 532 1945 565 ι
1982 513 2242 585 Apparuit
2267 515 2410 570 enim
2436 515 2605 585 gratia
2633 514 2726 570 Dei
2757 514 3045 568 salvatoris
3074 513 3345 579 omnibus,
3376 529 3503 567 crn-

256 607 364 662 Et:
417 623 436 658 (
468 605 779 677 Mysterium
815 607 956 676 quod
1006 608 1380 663 absconditum
1426 607 1529 663 fuit
1554 624 1583 663 a
1618 609 1828 663 saeculis

257 710 313 753 et
341 698 800 768 generationibus,
833 713 975 754 nunc
998 706 1179 753 autem
1211 698 1556 754 manifestum
1591 709 1674 755 est
1700 714 1826 753 san-

256 788 355 843 ctis
384 789 520 856 ejus,
552 789 746 859 quibus
774 788 943 843 voluit
970 790 1211 844 revelare
1245 790 1460 845 divitias
1489 790 1673 862 gloria
1708 807 1828 864 my-

254 882 403 936 sterii
434 882 591 949 hujus
614 882 668 937 in
694 883 965 954 gentibus,
996 885 1139 954 quod
1172 894 1255 940 est
1282 884 1553 952 Christus,
1586 887 1640 941 in
1677 886 1829 942 vobis

254 988 378 1040 spes
423 973 627 1043 gloria,
658 990 818 1043 quem
860 990 959 1031 nos
999 977 1379 1033 annnntiamus
1399 977 1465 1031 ⁷⁸.
1504 996 1525 1031 ι
1560 978 1618 1033 Si
1669 979 1831 1049 igitur

254 1075 337 1119 est
379 1065 658 1136 Θεοφόρος,
689 1078 742 1121 et
775 1084 880 1122 tton
923 1068 1062 1123 Deus
1108 1083 1254 1134 vere,
1285 1071 1557 1138 quomodo
1598 1072 1711 1141 ipse
1747 1079 1830 1126 est

251 1156 456 1210 divitia
483 1159 666 1225 gloria
703 1160 966 1227 mysterii,
993 1162 1135 1229 quod
1164 1163 1513 1215 annuntiatur
1541 1163 1831 1235 gentibus?

256 1246 349 1298 Vel
383 1248 653 1315 quomodo
676 1251 897 1304 omnino
922 1252 1062 1306 Deus
1084 1254 1477 1309 aununtiatur?

887 1360 1041 1416 CAP.
1078 1361 1195 1419 XX.

950 1476 1131 1531 Aliud.

328 1598 346 1629 ι
379 1579 511 1636 Volo
540 1582 684 1637 enim
720 1599 815 1638 vos
848 1586 992 1641 scire
1027 1590 1243 1658 qualem
1275 1592 1691 1652 sollicitudinem
1734 1601 1829 1654 ba-

250 1668 404 1724 beam
446 1688 542 1741 pro
564 1675 714 1730 vobis
736 1687 790 1731 et
821 1693 917 1747 pro
946 1679 1011 1733 iis
1034 1682 1123 1748 qui
1147 1693 1271 1738 sunt
1296 1683 1593 1756 Laodicea,
1620 1700 1676 1745 et
1701 1691 1827 1761 qui-

250 1778 463 1829 cunque
514 1782 620 1820 non
676 1769 926 1826 viderunt
959 1771 1153 1827 faciem
1209 1792 1383 1831 meam
1434 1780 1485 1833 in
1536 1797 1721 1847 carne,
1773 1794 1831 1839 ut

1929 609 2081 663 (tiens
2114 626 2233 675 nos,
2270 616 2327 662 nt
2373 611 2701 673 abuegantes
2747 610 3080 678 impietatem
3133 619 3189 665 et
3220 608 3502 665 saecularia

1929 700 2217 764 desideria,
2272 699 2453 756 sobrie
2496 710 2551 755 et
2589 698 2737 766 juste
2761 710 2817 756 et
2852 702 2938 771 pie
2984 703 3250 764 vivamus,
3300 699 3352 754 in
3406 701 3506 754 hoc

1927 790 2147 857 saculo,
2199 800 2578 859 exspectantes
2628 792 2841 847 beatam
2889 807 3065 863 spem,
3109 803 3164 846 et
3211 793 3500 847 adventum

1930 880 2113 951 gloria
2133 882 2308 953 magni
2324 882 2415 937 Dei
2432 892 2487 937 et
2502 882 2799 939 Salvatoris
2817 882 2985 937 nostri
3007 880 3133 937 Iesu
3158 882 3359 937 Christi
3380 881 3497 934 εν.»

1931 973 2070 1029 Ecce
2109 972 2270 1042 Deus,
2320 984 2376 1031 et
2419 992 2667 1047 magnus,
2717 976 3029 1044 plenissime
3064 976 3370 1030 nominatus
3420 984 3506 1029 est

1933 1068 2190 1122 Dominus
2218 1081 2403 1124 noster
2428 1067 2583 1124 Iesus
2612 1070 2862 1125 Christus
2891 1088 2903 1126 :
2932 1069 3043 1139 ipse
3069 1078 3151 1123 est
3183 1070 3326 1123 enim
3351 1067 3504 1135 cujus

1929 1159 2214 1213 adventum
2265 1160 2449 1228 gloria
2513 1171 2927 1231 exspectantes,
2986 1161 3166 1215 sobrie
3216 1159 3398 1214 vivere
3449 1169 3506 1213 et

1931 1250 2479 1320 irreprehensibiliter
2538 1253 2879 1308 festinamus.
2937 1252 3043 1307 Sed
3102 1252 3147 1305 si
3210 1262 3295 1306 est
3338 1252 3501 1305 homo

1930 1340 2210 1411 θεοφόρος,
2243 1344 2515 1411 quomodo
2541 1344 2613 1397 sit
2639 1358 2863 1413 magnus
2893 1342 3073 1397 Deus?
3106 1340 3197 1396 Vel
3235 1343 3505 1410 quomodo

1930 1433 2088 1488 beata
2121 1448 2246 1503 spes
2274 1433 2325 1486 in
2350 1433 2514 1487 eum?
2540 1430 2816 1502 Siquidem
2848 1448 3009 1488 verus
3033 1442 3117 1487 est
3149 1431 3388 1500 profecto
3416 1428 3505 1485 Ie-

1932 1524 2127 1579 remias
2153 1523 2379 1577 dicens:
2423 1540 2441 1574 ι
2480 1520 2798 1578 Maledictus
2827 1524 2919 1591 qui
2957 1538 3105 1593 spem
3156 1539 3308 1579 suam
3353 1525 3507 1591 ponit

1930 1615 1983 1669 in
2015 1616 2232 1669 homine
2255 1614 2323 1669 ⁸⁸.
2356 1632 2375 1667 ι
2416 1613 2599 1683 Neque
2619 1615 2763 1670 enim
2793 1616 2959 1671 Deum
2990 1616 3160 1684 ipsum
3192 1616 3362 1683 possit
3385 1614 3503 1668 cili-

1929 1722 2073 1774 cere,
2105 1716 2163 1762 ut
2202 1718 2328 1761 ante
2358 1706 2493 1770 dixi,
2531 1707 2583 1761 id
2619 1708 2760 1777 quod
2796 1720 2881 1763 est
2927 1711 3091 1764 Deum
3132 1720 3369 1779 portare.
3403 1709 3505 1761 De-

1930 1800 2095 1869 nique
2124 1798 2354 1854 doceant
2377 1814 2496 1865 nos,
2532 1799 2660 1869 quid
2686 1800 2938 1869 impediat
2964 1799 3099 1855 alios
3122 1800 3286 1854 etiam
3315 1814 3503 1855 omnes

249 1856 603 1911 consolentur
631 1861 793 1913 corda
844 1862 1107 1931 ipsorum,
1143 1867 1392 1924 instructi
1441 1874 1492 1927 in
1537 1874 1817 1944 charitate,

1932 1856 2062 1948 deos
2091 1906 2223 1948 esse
2254 1901 2309 1947 et
2333 1856 2660 1958 adorandos,
2686 1856 2777 1963 qui
2808 1892 2861 1946 in
2891 1907 2948 1947 se
2978 1891 3265 1947 habuerint
3295 1890 3505 1947 Deum?

246 1955 301 2039 et
328 1946 379 1999 itt
411 1962 599 2003 omnes
622 1951 835 2006 divitias
865 1956 1216 2023 plenitudinis
1240 1961 1565 2029 intellectus,
1595 1968 1650 2023 in
1678 1971 1826 2039 agni-

250 2036 452 2091 tionem
503 2042 744 2110 tnystcrii
779 2041 872 2099 Dei
926 2046 1127 2103 Christi
1162 2049 1229 2103 ⁷⁸.
1262 2070 1281 2104 t
1321 2050 1461 2110 Ecce
1510 2036 1823 2127 mysterium

248 2127 367 2191 Dei,
398 2134 709 2199 mysterium
746 2137 988 2191 nominat
1008 2138 1230 2205 Christi,
1253 2156 1309 2199 et
1340 2145 1499 2213 plene
1527 2147 1825 2221 intelligere

240 2222 506 2290 quosdam
534 2225 648 2277 vnit
677 2226 727 2278 in
756 2229 1080 2297 agnitionem
1114 2232 1303 2301 ipsius.
1331 2235 1448 2303 Quo
1469 2238 1633 2308 igitur
1663 2241 1823 2298 intel~

242 2310 389 2365 lectu
436 2328 571 2381 opus
603 2326 741 2378 erat,
797 2320 1097 2377 volentibus
1130 2324 1329 2380 Christi
1378 2332 1692 2399 mysterium
1742 2333 1825 2388 di-

241 2416 426 2468 scere,
452 2405 496 2457 si
533 2404 748 2463 fuerant
782 2410 1039 2478 audituri,
1080 2417 1223 2483 quod
1265 2417 1595 2476 inltabitaret
1641 2424 1693 2477 in
1729 2424 1826 2479 ho-

241 2494 392 2548 mine
431 2494 615 2551 Dens?
659 2498 808 2568 Opus
846 2512 931 2557 est
971 2513 1149 2560 autem
1201 2508 1369 2563 nimio
1418 2512 1715 2579 intellectu,
1765 2526 1825 2572 ut

237 2586 388 2638 scias
414 2594 601 2640 contra
633 2591 776 2658 quod
818 2590 1075 2660 Verbum,
1125 2613 1250 2651 cum
1303 2600 1376 2655 sit
1424 2602 1584 2671 Deus,
1620 2604 1823 2662 factum

238 2678 313 2732 sit
350 2677 531 2733 homo.

867 2798 1021 2856 CAP.
1060 2800 1201 2857 XXI.

956 2913 1135 2970 Aliud.

322 3038 340 3069 ι
380 3019 421 3071 Α
455 3020 606 3076 vobis
637 3020 779 3077 enim
814 3026 991 3079 sonuit
1018 3043 1198 3081 sermo
1227 3029 1460 3096 Domini,
1498 3050 1604 3092 non
1646 3038 1820 3095 solum

236 3110 295 3163 in
329 3107 644 3168 Macedonia
678 3125 731 3168 et
754 3116 989 3185 Achaia;
1018 3121 1112 3175 sed
1135 3125 1281 3180 omni
1313 3126 1431 3182 loco
1455 3128 1586 3184 ﬁdes
1618 3143 1821 3201 vestra,

237 3219 366 3298 qua
398 3215 481 3258 est
508 3206 575 3259 ad
616 3206 805 3273 Deum,
831 3211 998 3264 exivit
1028 3213 1094 3267 ⁸⁴.
1128 3233 1146 3266 ι
1185 3215 1321 3272 Ecce
1350 3219 1543 3274 iterum
1574 3223 1627 3277 in
1656 3225 1822 3283 Deum
1851 3240 1894 3298 ο

238 3297 405 3350 fidem
434 3298 628 3352 factam
670 3316 792 3354 esse
822 3318 1231 3373 commemorat,
1256 3325 1376 3363 cum
1394 3312 1558 3367 etiam
1579 3313 1830 3375 Christus

233 3391 419 3445 dicat:
449 3408 467 3440 ι
498 3390 597 3454 Qui
628 3393 805 3447 credit
834 3395 1017 3462 inme,
1042 3396 1204 3452 habet
1228 3400 1392 3456 vitam
1421 3412 1677 3463 aternam
1702 3410 1770 3467 ".
1804 3431 1823 3464 ι

236 3482 563 3539 Sermonem
594 3496 772 3542 autem
805 3488 1239 3555 pradicationem
1273 3494 1405 3549 dicit
1435 3497 1501 3552 de
1528 3500 1725 3570 seipse.

852 3622 1003 3678 CAP.
1047 3624 1215 3683 XXII.

942 3736 1124 3793 Aliud.

320 3863 340 3896 ι
381 3846 483 3913 ipsi
536 3849 678 3902 enim
728 3852 879 3907 scitis
914 3854 1196 3911 introitum
1244 3868 1485 3929 nostrum
1522 3865 1663 3934 apud
1704 3883 1821 3933 vos,

233 3937 499 4009 quoniam
547 3957 651 3994 non
685 3941 861 3997 inanis
900 3944 1041 4010 fuit;
1081 3949 1174 4001 sed
1205 3959 1331 4004 ante
1369 3953 1532 4007 tnulta
1576 3958 1741 4025 passi,
1770 3967 1824 4012 et

230 4032 588 4087 contumeliis
620 4033 820 4099 affecti,
856 4037 1188 4105 sicutscitis,
1224 4041 1276 4095 in
1312 4041 1597 4114 Philippis,
1628 4049 1816 4102 confisi

234 4123 446 4176 fuimus
473 4125 524 4176 in
558 4125 665 4182 Deo
700 4128 933 4198 colloqui
966 4131 1032 4184 ad
1067 4146 1162 4187 vos
1202 4134 1552 4207 Evangelium
1587 4140 1676 4194 Dei
1704 4142 1770 4193 ⁸³.
1795 4160 1813 4193 ι

230 4214 383 4270 Ecce
422 4214 647 4285 loquens
676 4218 728 4272 in
770 4220 903 4288 Deo,
944 4222 1040 4277 Dei
1089 4224 1434 4296 Evangeliutn
1463 4234 1817 4299 memoravit;

230 4307 331 4377 qui
358 4308 615 4377 pradicat
650 4312 906 4380 gentibus
931 4314 1229 4371 Christum.

836 4444 991 4502 CAP.
1031 4446 1216 4503 XXIII.

938 4557 1123 4615 Aliud.

315 4692 337 4725 c
360 4672 761 4739 Recordamini,
781 4673 998 4740 fratres,
1021 4674 1255 4730 laborem
1277 4687 1520 4731 nostrum
1542 4689 1597 4732 et
1619 4694 1814 4735 arum-

227 4783 388 4830 nam,
422 4776 581 4820 nocte
608 4776 663 4820 et
687 4766 773 4821 die
794 4777 1104 4836 cperantes,
1136 4783 1204 4822 ne
1224 4784 1382 4838 quem
1413 4777 1652 4824 vestrum
1679 4788 1809 4839 gra-

226 4873 511 4921 varemus;
537 4857 943 4925 pradicavimus
964 4858 1306 4928 Evangelium
1327 4859 1417 4913 Dei
1444 4862 1581 4915 inter
1600 4863 1763 4917 vos”.
1778 4880 1795 4911 ι

228 4950 301 5005 Et
336 4950 534 5001 iterum
569 4961 580 4994 :
621 4964 640 4998 ι
670 4944 960 5014 Propterea
1001 4957 1058 5001 et
1090 4962 1189 5002 nos
1219 4947 1419 5017 gratias
1459 4949 1667 5018 agimus
1700 4949 1806 5003 Deo

224 5044 353 5097 sine
409 5038 848 5103 intermissione;
898 5039 1150 5107 quoniam
1198 5055 1321 5094 cum
1355 5041 1730 5109 percepissetis
1774 5060 1804 5095 ει

223 5131 397 5189 nobis
426 5130 667 5193 verbum,
695 5130 877 5184 auditu
910 5129 1003 5184 Dei
1041 5130 1346 5199 excepistis,
1371 5147 1477 5186 non
1505 5143 1559 5184 ut
1585 5135 1805 5186 verbum

223 5221 541 5285 hominum,
570 5220 661 5275 scd
690 5229 748 5272 ttt
772 5220 989 5274 verbum
1021 5221 1135 5284 Dei,
1164 5222 1251 5288 qui
1274 5231 1527 5289 operatur
1556 5224 1608 5276 itt
1632 5224 1804 5287 vobis,

222 5316 322 5383 qui
368 5314 679 5368 credidistis
723 5314 791 5366 “.
828 5332 845 5364 ι
899 5313 1090 5366 Nonne
1132 5314 1411 5368 evidenter
1460 5314 1805 5384 Evangeliuut

228 5406 355 5467 Dei,
385 5412 444 5457 et
474 5406 564 5459 Dei
597 5406 819 5458 verbum
851 5404 1283 5472 pradicationem
1321 5406 1385 5459 de
1420 5406 1637 5461 Christo
1657 5423 1805 5461 com-

223 5496 545 5551 memoret?
572 5497 768 5564 quippe
795 5496 845 5547 id
867 5495 1116 5549 omnibus
1148 5494 1641 5551 tttattifcstissitttuttt
1676 5507 1756 5551 est
1788 5514 1803 5551 :

302 5700 350 5731 ’τ
389 5697 585 5762 Epltes.
618 5709 697 5761 ιιι,
726 5697 775 5752 5.
856 5700 899 5729 ⁷⁸
929 5700 1129 5754 Coloss.
1160 5716 1198 5763 ι,
1225 5702 1311 5757 ‘26.
1392 5702 1435 5733 "
1469 5700 1673 5757 Coloss.
1702 5718 1759 5763 ιι,
1793 5704 1837 5755 Ι.

224 5774 273 5805 ⁸³
316 5768 332 5821 Ι
373 5768 567 5819 ”ΙἸιεδδ.
602 5784 658 5832 tt,
687 5770 736 5819 4.
850 5769 895 5799 ⁸⁸

224 5845 270 5873 ⁸³
292 5836 483 5896 Galat.
516 5840 627 5901 1,6.
708 5839 749 5871 ⁸⁹
787 5840 911 5892 ibid.

951 5772 1076 5823 ibid.
1113 5772 1193 5825 l5.
1306 5773 1369 5803 ⁸⁶⁹
1407 5771 1511 5827 Tit.
1567 5789 1629 5837 tt,
1695 5775 1779 5828 ll.

1858 5774 1901 5803 ⁸⁸
1935 5771 2133 5828 Jcrom.
2186 5788 2223 5837 ι,
2265 5772 2317 5825 5.
2397 5768 2441 5801 "
2479 5768 2633 5824 Rom.
2683 5785 2756 5835 tv,
2818 5769 2871 5821 9.

1928 1984 2095 2039 Deum
2131 1996 2308 2039 autem
2339 1992 2396 2040 et
2428 2000 2679 2057 magnum
2709 1992 2764 2039 et
2794 1985 3034 2049 beatum,
3067 1983 3348 2039 habentem
3380 1985 3502 2039 illu-

1928 2077 2276 2133 minationem
2320 2078 2594 2134 Christum
2632 2079 2872 2132 nominat
2920 2078 3110 2133 beatus
3141 2076 3362 2140 Paulus,
3408 2078 3501 2147 qui

1927 2170 2198 2226 invenitur
2221 2170 2407 2225 dicens
2433 2170 2501 2227 de
2522 2170 2724 2227 Iudais
2746 2180 2801 2224 et
2824 2167 3143 2224 Emmanuel
3169 2186 3182 2223 :
3214 2185 3233 2219 ι
3261 2167 3500 2234 Quorum

1927 2270 2130 2329 patres,
2163 2269 2216 2317 et
2249 2270 2651 2326 testamentum,
2685 2271 2740 2315 et
2770 2259 3177 2330 promissiones,
3210 2268 3267 2314 et
3288 2274 3350 2314 ex
3377 2260 3502 2329 qui-

1928 2354 2026 2408 bus
2058 2352 2309 2408 Christus
2347 2354 2645 2408 secundum
2682 2368 2924 2419 carnem,
2955 2352 3048 2418 qui
3080 2362 3160 2406 est
3195 2367 3357 2419 super
3386 2368 3502 2407 ont-

1928 2445 2012 2499 nia
2045 2444 2359 2500 benedictus
2390 2458 2443 2498 tn
2472 2442 2667 2498 sacula
2702 2441 3047 2498 saculorum.
3084 2443 3258 2496 Amen
3299 2442 3367 2494 ⁸⁸.
3406 2463 3425 2495 ι

1994 2535 2146 2603 Quod
2196 2550 2327 2590 vero
2359 2535 2653 2590 secundum
2708 2535 2942 2588 divinam
2994 2533 3376 2588 revelationem
3420 2534 3500 2587 fa-

1924 2629 2099 2684 ciebat
2132 2627 2595 2696 pradicationem,
2623 2625 2961 2695 perspicuum
2990 2624 3071 2687 fit,
3104 2626 3218 2693 ipso
3245 2624 3459 2680 dicente
3483 2642 3498 2679 ς

1931 2737 1952 2769 ‹
1995 2716 2199 2771 Deinde
2242 2726 2362 2787 post
2391 2731 2564 2771 annos
2594 2716 3002 2787 quattuordecim
3041 2716 3232 2769 iterum
3282 2717 3500 2771 ascendi

1924 2806 2353 2880 Hierosolymam
2385 2821 2507 2862 cum
2544 2806 2815 2870 Barnaba,
2839 2816 3119 2875 assumpto
3157 2806 3320 2860 etiam
3353 2805 3497 2860 Tito.

1925 2900 2153 2955 Ascendi
2196 2909 2375 2954 autem
2416 2902 2711 2955 secundum
2753 2898 3159 2959 revelationem,
3188 2906 3244 2951 et
3275 2899 3499 2961 exposui

1923 2989 2006 3047 eis
2046 2989 2422 3061 Evangelium,
2464 2990 2607 3058 quod
2651 2990 2886 3059 pradico
2918 2988 3206 3057 gentibus;
3256 3003 3499 3043 seorsum

1924 3093 2103 3139 autem
2158 3084 2223 3138 iis
2269 3083 2362 3153 qui
2407 3082 2733 3137 videbantur
2758 3081 2958 3150 aliquid
2994 3095 3136 3143 esse,
3174 3096 3241 3133 ne
3279 3079 3417 3134 forte
3446 3081 3498 3134 itt

1925 3188 2152 3228 vacuum
2172 3189 2473 3237 currerem,
2500 3183 2592 3227 aut
2613 3174 2973 3228 cucurrissem
3005 3172 3073 3227 ".
3112 3192 3129 3225 ι
3155 3172 3313 3244 793
3338 3172 3499 3227 Chri-

1928 3276 2071 3321 stum
2098 3266 2400 3335 pradicans
2428 3265 2697 3338 gentibus,
2730 3278 2788 3319 ut
2824 3267 3013 3329 Deum,
3049 3266 3287 3320 divinum
3321 3268 3495 3321 nomi-

1931 3367 2023 3413 nat
2051 3358 2220 3426 ipsius
2256 3356 2453 3426 ubique
2492 3359 2827 3428 mysterium.
2870 3358 3126 3413 Ascendit
3162 3373 3256 3427 per
3291 3359 3499 3412 revela-

1930 3451 2128 3504 tionem
2176 3446 2630 3520 Hierosolymam,
2674 3457 2729 3503 et
2775 3450 3026 3519 exposuit
3069 3449 3155 3503 his
3196 3448 3288 3518 qui
3347 3451 3499 3503 vide-

1928 3540 2125 3593 bantur
2154 3537 2354 3609 aliquid
2398 3550 2540 3601 esse,
2581 3537 2630 3591 id
2660 3546 2764 3602 est,
2814 3538 3019 3593 sanctis
3061 3538 3342 3607 apostolis,
3385 3539 3498 3593 sive

1927 3631 2226 3701 discipulis,
2262 3646 2329 3685 ne
2364 3630 2502 3685 forte
2532 3630 2585 3683 in
2617 3644 2842 3683 vacuum
2882 3638 3086 3684 currat.
3114 3629 3247 3685 Cmn
3275 3645 3402 3684 vero
3428 3632 3497 3684 ab

1927 3719 2316 3792 Hierosolymis
2347 3720 2737 3783 descendisset,
2769 3729 2824 3773 et
2869 3734 3057 3773 rursus
3099 3720 3337 3785 gentium
3369 3736 3495 3788 gre-

1924 3814 2081 3879 gibus
2111 3812 2465 3877 interfuisset,
2488 3810 2866 3865 emendavitne
2889 3808 3087 3877 aliquid
3107 3825 3169 3861 ex
3196 3807 3497 3876 prioribus?

1923 3904 2113 3960 Nonne
2149 3903 2513 3972 perseveravit
2558 3901 2726 3955 Deum
2766 3901 3029 3954 confitens
3053 3896 3371 3953 Christum?
3401 3899 3494 3951 At-

1921 4014 2028 4069 que
2053 3997 2173 4051 ideo
2209 3995 2398 4050 scribit
2421 3994 2742 4063 quibusdam
2786 4011 2799 4047 :
2835 4011 2856 4045 ι
2892 3992 3057 4046 Miror
3093 3992 3233 4061 quod
3269 3993 3348 4046 sic
3384 3994 3493 4046 cito

1924 4086 2313 4142 transferimini
2345 4084 2412 4139 ab
2438 4098 2524 4150 eo,
2553 4086 2641 4152 qui
2686 4099 2780 4138 vos
2814 4085 3025 4137 vocavit
3057 4084 3108 4136 in
3141 4083 3283 4137 aliud
3327 4098 3493 4137 evan-

1920 4182 2142 4252 gelium,
2176 4177 2319 4249 quod
2353 4191 2456 4230 non
2482 4185 2563 4230 est
2591 4174 2754 4237 aliud,
2782 4175 2884 4228 nisi
2918 4175 3081 4244 aliqui
3120 4184 3246 4228 sunt
3272 4186 3493 4228 contur-

1919 4274 2109 4329 bantes
2137 4287 2231 4325 vos
2259 4278 2313 4323 et
2340 4268 2579 4323 volentes
2612 4278 2929 4321 convertere
2962 4266 3307 4335 Evangelium
3335 4265 3491 4321 Chri-

1918 4367 1986 4423 sti
2022 4365 2090 4417 ⁸⁸.
2127 4382 2145 4415 ι
2189 4362 2280 4417 Ait
2323 4371 2502 4414 autent
2553 4358 2745 4413 iterum
2795 4374 2809 4408 :
2861 4376 2879 4407 ι
2922 4354 3027 4411 Sed
3081 4359 3182 4413 etsi
3243 4373 3341 4413 nos
3397 4366 3491 4411 aut

1918 4458 2140 4528 angelus
2187 4456 2257 4509 de
2302 4452 2441 4506 caelo
2489 4449 2941 4519 evangelizaverit
2977 4450 3146 4511 vobis,
3199 4459 3392 4519 prater
3436 4450 3488 4502 id

1849 4580 1893 4635 Β
1920 4549 2062 4619 quod
2105 4545 2413 4614 accepiStis,
2456 4542 2738 4595 anathema
2770 4541 2839 4594 sit
2868 4540 2937 4595 ".
2990 4561 3009 4593 ι
3046 4540 3151 4594 Pro
3180 4555 3284 4609 qua
3325 4539 3488 4609 igitur

1918 4655 2078 4696 causa
2121 4639 2255 4691 alios
2290 4651 2477 4690 omnes
2510 4636 2787 4700 omittens,
2822 4633 2948 4688 licet
2980 4633 3146 4688 Deum
3179 4632 3485 4687 inhabitan-

1918 4742 2027 4786 tem
2050 4728 2357 4792 habuerint,
2382 4727 2553 4782 solum
2575 4723 3101 4796 pradicahatIesum
3129 4724 3268 4780 sicut
3292 4723 3481 4777 Deum.

2509 4881 2656 4937 CAP.
2700 4880 2886 4935 XXIV.

2602 4995 2783 5053 Aliud.

1984 5131 2255 5199 Scriptum
2286 5141 2369 5187 est
2397 5134 2464 5186 de
2508 5130 2725 5185 Christo
2761 5146 2775 5184 :
2822 5148 2840 5181 ι
2872 5129 3005 5185 Cum
3038 5142 3215 5184 autem
3250 5139 3394 5183 esset
3426 5128 3479 5183 in

1918 5222 2302 5294 Hierosolymis
2326 5223 2380 5277 in
2418 5224 2503 5278 die
2537 5223 2695 5287 festo,
2730 5222 2884 5276 multi
2923 5221 3267 5275 crediderunt
3299 5221 3349 5272 in
3384 5238 3477 5271 no-

1918 5314 2061 5369 mine
2085 5314 2203 5383 ejus
2236 5316 2477 5369 videntes
2508 5316 2659 5383 signa
2688 5329 2810 5383 qua
2854 5312 3119 5375 faciebat;
3153 5312 3265 5379 ipse
3296 5322 3475 5363 autem

1912 5404 2067 5459 Iesus
2090 5420 2192 5459 non
2214 5406 2466 5461 credebat
2487 5419 2545 5460 se
2573 5404 2711 5471 illis;
2736 5405 2874 5474 quod
2901 5404 3014 5472 ipse
3038 5405 3243 5457 sciebat
3266 5418 3473 5463 omnes.

1913 5506 1966 5551 ct
1994 5497 2135 5568 quod
2162 5513 2267 5553 non
2292 5512 2508 5553 necesse
2533 5496 2784 5561 habebat,
2816 5502 2873 5549 ut
2892 5496 3085 5566 aliquis
3109 5493 3473 5549 testimonium

1916 5701 1959 5733 ⁸ο
1992 5700 2011 5754 l
2040 5701 2235 5757 Thess.
2262 5718 2298 5763 ι,
2324 5699 2376 5755 8.
2453 5700 2497 5730 ⁸⁸
2526 5698 2681 5753 Ioan.
2712 5696 2915 5761 vtt.25.
2990 5698 3033 5729 “
3072 5694 3300 5751 lThess.
3331 5710 3388 5761 ιι,
3413 5696 3467 5750 2.

3001 5767 3045 5797 ⁸⁷
3076 5766 3248 5821 Galat.
3294 5782 3356 5829 tt,
3419 5767 3472 5825 1.
