3856 6212
385 209 387 212 ’
445 206 586 258 2575

437 416 548 470 tem
588 410 780 472 beatus
814 415 1037 484 Gabriel
1077 433 1280 486 sanctae
1317 426 1520 502 Virgini
1564 410 1751 493 dicens
1781 456 1796 494 :
1833 441 2020 502 «Ecce

434 503 723 572 concipias,
747 507 799 559 in
831 518 1007 577 utero,
1042 524 1094 568 et
1126 518 1316 583 paries.
1336 521 1556 592 Filium,
1587 537 1642 581 et
1675 532 1896 588 vocabis
1922 552 2019 591 no-

433 605 558 650 men
596 597 713 664 ejus
754 596 936 657 Iesum
962 604 1027 657 ".
1058 625 1076 657 ι
1107 605 1242 662 Cum
1290 610 1450 681 igitur
1485 631 1582 685 per
1611 617 1887 679 Christum
1927 625 2017 690 le:-

432 702 551 738 sum
580 691 762 752 omnia
793 693 1013 756 divinus
1040 697 1241 756 Paulus
1269 701 1410 760 facta
1428 722 1550 767 esse
1582 727 2008 788 commemoret;

432 777 719 834 conﬁrmet
747 795 927 839 autem
955 788 1060 842 vim
1088 796 1395 860 sententiae,
1423 808 1477 854 et
1497 802 1746 872 opiﬁcem
1767 809 2013 866 omnium

427 869 605 934 fuisse
640 873 806 930 Deum
836 882 1196 949 evangelizet,
1234 901 1351 942 rem
1385 905 1568 952 veram
1616 897 1805 954 dicens
1836 915 2008 957 evan-

425 962 617 1031 gelista
665 967 918 1038 divinus;
953 975 1198 1046 designet
1229 991 1408 1038 autem
1456 987 1619 1041 etiam
1669 991 1846 1059 angeli
1879 1008 2008 1066 vox,

424 1066 642 1115 vereex
667 1070 855 1121 sancta
887 1060 1107 1130 Virgine
1131 1082 1314 1123 natum
1346 1087 1467 1132 esse
1497 1075 1680 1133 Jesum
1705 1082 2004 1152 Christum,

420 1157 536 1198 nec.
562 1146 769 1216 absque
799 1151 1139 1212 humanitate
1168 1160 1518 1232 intelligimus
1541 1167 1706 1224 Deum
1733 1146 2004 1243 Verbum;

418 1235 514 1299 sed
552 1254 720 1300 unum
751 1243 990 1300 dicimus.
1009 1265 1078 1310 ex
1116 1254 1389 1314 ambobus,
1424 1257 1708 1333 effectum,
1750 1275 1804 1320 et
1835 1235 2000 1330 Deum

418 1329 693 1387 hominem
739 1334 964 1404 (actium,
1010 1345 1261 1404 etinulem
1298 1363 1364 1410 ex
1412 1347 1602 1420 Patre,
1641 1329 1706 1411 nt.
1741 1357 2002 1432 Verbum,

415 1431 611 1482 natum
641 1424 854 1493 divine.
877 1439 936 1488 et
952 1446 1018 1488 ex
1050 1434 1278 1492 muliere
1306 1438 1573 1509 humane,
1594 1455 1650 1500 ut
1672 1446 1950 1510 hominem
1980 1474 1996 1512 :

415 1524 520 1570 non
568 1523 822 1584 tanquam
871 1529 928 1574 ut
963 1527 1260 1582 secundum
1290 1531 1614 1591 Substantia:
1652 1538 1862 1594 initium
1900 1557 1995 1600 νος

413 1615 597 1670 catum
633 1616 767 1664 tunc
794 1625 918 1666 cum
966 1624 1260 1673 secundum
1298 1637 1518 1682 carnem
1560 1628 1758 1684 dicitur
1794 1645 1994 1710 natus;

413 1694 509 1757 sed
542 1707 725 1753 natum
761 1702 977 1772 quidem
1014 1717 1142 1766 ante
1163 1713 1346 1768 omnia
1379 1720 1598 1785 saecula,
1642 1722 1878 1781 instante
1909 1694 1994 1782 ta:

409 1800 544 1840 tnen-
581 1795 848 1859 tempore,
892 1809 1001 1866 quo
1043 1798 1306 1858 debuerat
1355 1806 1582 1879 implere
1629 1813 1993 1884 dispensatio-

408 1889 565 1946 nem,b
591 1889 775 1937 natum
824 1887 990 1942 etiam
1028 1906 1095 1948 ex
1137 1895 1367 1952 muliere
1403 1903 1700 1961 sectandum
1745 1924 1989 1972 carnem.

409 1963 606 2044 [Ει-εο,
622 1972 727 2030 etsi
764 1974 854 2028 alii
887 1977 1050 2033 simili
1085 1985 1450 2054 appellatione
1493 1996 1667 2049 vocati
1698 1963 1994 2066 sunt

404 2058 498 2123 sti,
529 2075 667 2116 unus
700 2073 882 2120 tamen
931 2078 1016 2125 est
1055 2088 1154 2143 per
1183 2090 1344 2147 quem
1393 2085 1598 2147 omnia,
1626 2086 1795 2154 {esus
1822 2093 1986 2156 Chri-

402 2157 558 2215 stus;
608 2167 714 2208 non
749 2161 891 2225 quod
935 2163 1100 2218 homo
1132 2169 1206 2220 sit
1253 2168 1431 2228 factus
1473 2178 1654 2245 opifex
1695 2185 1985 2264 oniniumd

402 2241 493 2264 -..Δ
546 2258 642 2264 ,κι-
673 2247 685 2264 ⁸
722 2247 761 2264 λ
909 2251 946 2264 ¹⁹
1017 2257 1028 2264 ·
1277 2263 1285 2264 '

398 2241 493 2295 sed
541 2247 685 2313 quod
719 2247 862 2306 Deus
909 2251 1180 2314 Verbum:
1220 2280 1240 2313 ι
1271 2263 1372 2317 Per
1406 2241 1565 2336 quem
1614 2276 1795 2330 omnia
1841 2241 1983 2336 fact:

397 2343 544 2394 sunt,
600 2337 851 2393 similiter
899 2357 964 2396 ac
1017 2362 1117 2413 nos
1165 2352 1510 2425 participat-it
1559 2366 1709 2419 carni
1755 2376 1809 2422 et
1858 2385 1985 2425 san-

395 2425 543 2492 guini
566 2428 634 2492 ",
667 2447 687 2480 ι
719 2441 774 2485 et
802 2448 1144 2506 nuncupatus
1169 2445 1242 2498 sit
1278 2447 1462 2513 homo,
1505 2468 1610 2507 non
1647 2466 1824 2516 tamen
1857 2477 1982 2532 per-

393 2513 594 2570 diderit
621 2532 764 2585 esse,
801 2526 942 2590 quod
969 2538 1088 2581 erat
1120 2547 1135 2586 :
1170 2534 1246 2588 ita
1270 2539 1417 2593 enim
1451 2552 1506 2596 et
1535 2543 1588 2599 in
1617 2559 1783 2606 carne
1807 2513 1983 2612 Factus

398 2604 728 2682 intelligitur
777 2621 974 2677 ιιιιειὶιο
1005 2625 1187 2697 opifex
1215 2633 1480 2690 omnium.

909 2956 1072 3034 732
1103 2959 1256 3017 esp.
1300 2965 1439 3023 Vili.

669 3065 846 3134 Om
878 3085 990 3128 esse
1028 3075 1253 3134 dicimus
1283 3079 1683 3150 adunationwi.

459 3195 538 3268 (ι)
573 3198 844 3256 Adunatio
869 3205 1050 3262 multis
1070 3211 1244 3267 modis
1265 3213 1518 3283 impletur
1541 3219 1801 3289 :sejuncti
1823 3225 1966 3281 enim

383 3291 628 3344 nonnulli
662 3293 858 3350 affectu
899 3299 984 3353 vel
1013 3300 1309 3368 voluntate,
1337 3318 1391 3362 et
1425 3311 1799 3369 discordantes
1827 3318 1969 3374 inter

381 3395 462 3441 se.
503 3383 731 3440 adunari
778 3387 1056 3459 dicuntur,
1097 3409 1197 3464 per
1250 3402 1746 3462 reconciliationem
1789 3411 1965 3464 socia-

381 3466 526 3536 lem,
551 3478 796 3544 deposita
831 3481 1129 3540 simultate.
1181 3488 1423 3546 Adnnari
1464 3495 1590 3551 item
1639 3499 1870 3557 dicimus
1900 3519 1962 3560 ea

377 3575 500 3631 quae
533 3565 635 3620 sibi
673 3568 1141 3641 conglulinalttur,
1169 3578 1286 3633 sive
1314 3581 1490 3640 modis
1521 3585 1644 3640 aliis
1670 3590 1961 3648 conferun-

379 3665 489 3719 tur,
518 3668 612 3709 aut
644 3674 739 3728 per
763 3666 1239 3736 compositionem,
1265 3682 1356 3726 aut
1383 3689 1479 3744 per
1507 3679 1836 3750 mistionem,
1867 3697 1962 3741 aut

376 3761 474 3815 per
507 3753 971 3819 temperationem.
1002 3757 1232 3826 Quoties
1272 3776 1454 3821 autem
1496 3769 1795 3829 adunatam
1835 3790 1959 3833 esse

374 3849 574 3896 nostra:
605 3853 808 3900 natura:
844 3845 934 3902 Dei
969 3849 1206 3908 Verbum
1239 3856 1490 3924 dicimus,
1520 3866 1670 3919 omni
1713 3865 1954 3926 humana

372 3931 698 4001 cogitatione
722 3938 1068 3997 adunationis
1094 3942 1212 4014 ejus
1246 3948 1438 4004 modus
1464 3953 1683 4009 videtur
1704 3971 1828 4014 esse
1858 3977 1955 4016 su-

369 4025 572 4092 perior.
609 4025 796 4098 Neque
827 4033 971 4087 enim
1007 4051 1103 4105 per
1128 4053 1290 4108 supra
1320 4042 1561 4113 scriptos
1599 4050 1788 4106 modos
1811 4050 1950 4108 iacta

367 4120 450 4162 est
495 4127 694 4170 arcana
745 4117 855 4188 illa,
895 4131 950 4174 et
993 4123 1126 4178 nulli
1162 4126 1381 4196 penitus
1424 4141 1576 4200 nota,
1626 4138 1728 4192 nisi
1777 4143 1825 4194 ei
1863 4144 1950 4198 cui

365 4203 548 4256 omnia
577 4215 702 4260 uota
731 4219 878 4276 sunt,
911 4212 1062 4267 unio.

1473 222 1532 278 S.
1573 223 1847 286 CYRILLI
1887 231 2359 296 ALEXANDBIN!
2398 239 2716 301 ARCHIEP.

440 321 646 383 absque
684 336 761 384 eo,
793 323 1000 382 factum
1029 337 1116 385 est
1145 331 1280 388 nihil
1311 335 1376 391 ".
1409 354 1428 390 ι
1465 337 1888 420 Evangelizabat
1927 366 2024 407 au-
2051 359 2100 418 Α

3588 257 3717 316 1376

2761 361 2921 424 CAP.
2957 365 3070 433 VII,

2443 451 2720 520 Quomodo
2764 469 3011 528 unuse”
3051 455 3385 530 Emmanuel.

2180 537 2508 610 Novissimis,
2547 547 2762 610 satculis
2819 546 2961 604 Deus
3012 549 3246 608 Verbum
3298 556 3468 630 homo
3509 560 3710 618 dicitur

2117 629 2319 696 factus,
2369 641 2443 700 et,
2495 636 2635 690 sicut
2679 639 2755 692 ait
2792 639 3009 696 divinus
3049 643 3270 710 Baulos,
3310 629 3467 720 «,per
3496 653 3709 720 sacriﬁ-

2115 723 2258 777 cium
2309 739 2464 780 suum
2501 727 2882 786 manifestatus
2926 745 3010 787 est
3031 732 3099 787 “.
3132 753 3152 786 ι
3192 735 3259 791 Et
3302 743 3580 808 quodnam
3627 755 3708 798 est

2113 813 2494 871 sacrificium?
2527 837 2546 870 ι
2581 818 2752 873 Suum
2784 821 2926 875 enim
2952 837 3154 890 corpus
3178 826 3377 881 obtulit
3415 847 3516 898 pro
3547 834 3705 890 nobis

2112 898 2168 954 in
2202 905 2423 960 odorem
2469 908 2759 964 suavitatis
2803 908 2915 964 Deo
2963 921 3018 968 et
3058 912 3231 979 Patri,
3277 926 3332 971 et
3366 918 3598 980 intravit
3650 924 3704 980 in

2109 1004 2298 1048 sancta
2350 997 2538 1063 semel,
2589 1014 2696 1054 non
2747 1015 2845 1070 per
2893 1006 3212 1074 sanguinem
3262 1008 3566 1080 hircorum,
3611 1025 3704 1071 aut

2109 1092 2409 1154 taurorum,
2441 1091 2537 1144 sed
2573 1105 2669 1161 per
2698 1108 2857 1152 suum
2900 1099 3247 1168 sanguinem.
3276 1101 3369 1158 Sic
3395 1103 3545 1158 enim
3576 1120 3702 1162 crc-

2107 1176 2359 1236 dentibns
2395 1181 2446 1235 in
2491 1197 2563 1238 se
2596 1185 2970 1243 remissionem
3014 1194 3069 1244 in
3111 1203 3377 1249 aternnm
3417 1212 3703 1267 compara-

2106 1267 2276 1323 vit”.
2311 1287 2334 1323 ι
2385 1271 2531 1344 Ergo
2575 1273 2793 1343 plurimi
2832 1281 3051 1349 quidem
3107 1295 3240 1340 ante
3288 1286 3466 1357 ipsum
3513 1296 3698 1350 sancti

2103 1360 2292 1429 fuere;
2342 1366 2437 1420 sed
2475 1380 2638 1424 uerno
2664 1381 2850 1422 eorum
2882 1371 3201 1432 Eiiimanuel
3245 1379 3561 1438 nominatus
3589 1393 3694 1442 est.

2101 1451 2274 1521 Quam
2321 1456 2392 1511 ob
2436 1471 2656 1515 causam
2681 1461 2708 1516 ἲ
2740 1459 2993 1520 Nondum
3035 1467 3184 1523 enim
3210 1481 3437 1528 venerat
3482 1484 3700 1546 tempus

2098 1559 2206 1614 quo
2235 1547 2455 1603 deberet
2484 1564 2617 1613 esse.
2651 1553 2955 1622 nobiscum,
3006 1558 3058 1612 id
3085 1571 3191 1626 est,
3222 1561 3275 1616 in
3318 1575 3568 1622 nostram
3603 1584 3700 1624 ve-

2097 1637 2217 1692 nire
2245 1651 2504 1695 naturam.
2526 1657 2624 1712 per
2657 1660 2906 1713 carnem,
2937 1649 2986 1706 is
3021 1652 3113 1719 qui
3141 1664 3226 1708 est
3255 1657 3400 1710 omni
3434 1661 3697 1729 superior

2028 1711 2069 1768 Β
2099 1738 2371 1784 creatura.
2424 1711 2574 1787 Unus
2607 1733 2781 1803 igitur-
2814 1738 3156 1810 Eintnanuel,
3203 1747 3370 1804 semel
3409 1752 3562 1806 enim
3613 1751 3696 1808 Εισ-

2097 1827 2218 1872 ctus
2249 1832 2333 1877 est
2377 1823 2538 1878 homo
2587 1823 2935 1898 Unigenitus,
2979 1842 3108 1889 tunc
3138 1850 3263 1892 eum
3294 1853 3392 1908 per
3434 1855 3691 1903 sanctam

2097 1908 2376 1980 Virginem
2437 1919 2846 1986 generationem
2901 1927 3178 1986 carnalem
3241 1947 3535 2003 perpessus
3581 1951 3689 1996 est.

2094 2000 2312 2059 Dictum
2339 2017 2422 2062 est
2451 2009 2598 2065 enim
2635 2021 2690 2067 et
2737 2013 2805 2067 ad
2835 2012 3020 2072 Jesum
3053 2017 3220 2076 lilium
3243 2000 3439 2082 Nave:
3472 2047 3493 2080 ι
3525 2027 3690 2097 Quod

2091 2108 2190 2149 ero
2239 2106 2415 2153 tecum
2439 2100 2504 2154 "t.
2539 2119 2560 2153 ι
2595 2103 2668 2158 At
2706 2120 2813 2160 non
2857 2120 2982 2163 erat
3029 2111 3118 2166 ille
3167 2113 3508 2176 Emmanuel.
3557 2120 3693 2178 Fuit

2091 2189 2257 2244 etiam
2291 2207 2414 2246 cum
2446 2191 2669 2267 Moyse;
2701 2199 2798 2258 sed
2827 2216 2929 2256 nec
2967 2202 3054 2259 ille
3085 2204 3402 2263 Emmanuel
3432 2213 3686 2270 nomina-

2091 2289 2176 2335 tus
2207 2291 2312 2339 est.
2350 2283 2522 2354 Igitur
2553 2291 2770 2356 quoties
2800 2293 3053 2351 amliInus
3083 2312 3280 2352 nomen
3323 2299 3460 2356 Filio
3487 2303 3683 2361 datum

2087 2387 2230 2441 esse,
2291 2379 2629 2434 suobiscum
2680 2383 2843 2448 Deus,
2875 2402 2897 2437 ι
2951 2389 3231 2455 sapienter
3281 2391 3680 2464 intelligamus,

2087 2479 2192 2519 non
2235 2466 2308 2521 ita
2351 2469 2524 2538 ipsum
2554 2471 2725 2528 misse
2754 2477 3037 2532 nobiscum
3074 2483 3390 2540 novissimis
3415 2489 3685 2562 tempori—

2079 2555 2211 2624 bus,
2244 2561 2388 2614 sicut
2416 2563 2616 2618 dicitur
2641 2565 2936 2636 aliquando
2961 2570 3128 2626 fuisse
3149 2585 3272 2629 cum
3302 2555 3543 2635 sanctis";
3568 2582 3683 2639 illis

2083 2649 2228 2702 enim
2279 2662 2399 2705 erat
2444 2663 2654 2709 tantum
2697 2659 2950 2728 adjutor;
2993 2664 3274 2721 nobiscum
3324 2681 3504 2723 autem
3547 2670 3675 2736 fuit.

2083 2738 2138 2794 id
2163 2751 2268 2806 est,
2298 2743 2474 2800 lactus
2494 2755 2578 2802 est
2609 2747 2806 2804 similis
2838 2754 3034 2819 nostri,
3068 2771 3190 2811 cum
3214 2773 3367 2814 suam
3401 2776 3506 2816 non
3533 2763 3679 2821 ami-

2081 2831 2242 2888 sisset
2281 2845 2529 2892 naturam
2556 2852 2574 2892 :
2601 2851 2685 2895 est
2719 2845 2865 2898 enim
2911 2845 3365 2922 iuconvertibilk,
3409 2864 3471 2908 ut
3498 2853 3675 2914 Deus.

2681 2977 2935 3042 ΚΕΦΑΔ.
2977 2982 3061 3041 H'.

2235 3084 2396 3149 Τίνα,
2430 3091 2606 3161 φησι,
2627 3092 2888 3164 λέγομεν
2913 3092 3068 3159 εἷναι
3098 3099 3216 3168 τὴν
3246 3102 3489 3170 Exacta.

2140 3218 2215 3272 Τὸ
2251 3221 2352 3291 τῆς
2396 3224 2643 3290 ὲνώσεως
2673 3230 2863 3301 χρῆμα
2899 3235 3040 3289 κατὰ
3071 3237 3300 3302 πολλοὺς
3330 3241 3674 3299 ἐπιτελεῖται

2069 3307 2332 3377 τρόπουςο
2379 3312 2698 3386 διῃρημένοι
2742 3322 2853 3394 γᾶρ
2893 3341 3040 3390 τινες
3079 3329 3224 3382 κατὰ
3267 3330 3500 3390 διάθεσιν
3568 3342 3670 3404 καὶ

2068 3400 2315 3473 γνώμην,
2351 3407 2446 3459 καὶ
2479 3407 2842 3479 διχοκιοοῦντες
2897 3417 3033 3488 πρὸς
3067 3420 3364 3492 ἀλλήλους,
3404 3401 3686 3491 ἑνοΰσθαι,

2067 3491 2315 3561 λέγονται
2342 3499 2486 3552 κατὰ
2515 3501 2790 3572 σύμϐασιν
2811 3507 3051 3584 φιλικὴν,
3085 3513 3150 3564 ὲκ
3180 3513 3350 3583 μέσου
3374 3517 3666 3591 ποιοῦντες

2063 3586 2164 3652 τὰς
2201 3586 2498 3661 διαφοράς·
2546 3593 2800 3649 ὲνοῦσθαι
2849 3598 2907 3652 δέ
2951 3618 3132 3673 φαμεν
3164 3607 3258 3660 καὶ
3303 3607 3370 3662 τὰ
3400 3586 3664 3681 ἀλλήλοις

2063 3679 2401 3751 κολλώμενα,
2435 3685 2606 3754 ἤγουν
2672 3692 3048 3761 συνηνεγμένα
3101 3695 3223 3750 καθ’
3275 3698 3496 3772 ἑτέρους

2062 3785 2220 3835 τίους,
2265 3771 2298 3844 ἢ
2347 3773 2489 3826 κατὰ
2524 3775 2850 3846 παράθεσιν,
2883 3779 2916 3850 ἢ
2958 3780 3126 3851 μίξιν,
3159 3785 3191 3855 ἢ
3238 3771 3438 3858 κρᾶσιν
3462 3805 3478 3821 ο
3519 3771 3660 3844 is“

2059 3855 2156 3913 οὖν
2185 3861 2440 3917 ὲνοῦσθαι
2477 3863 2713 3936 λέγομεν
2745 3871 2812 3940 τῇ
2857 3869 2978 3924 καθ’
3025 3875 3175 3946 ἡμᾶς
3223 3855 3385 3946 φόσει
3425 3879 3518 3934 τὸν
3552 3879 3655 3936 τοῦ

2058 3951 2196 4004 Θεοῦ
2221 3953 2416 4021 Λόγον,
2447 3956 2714 4027 κρείττων
2739 3959 2937 4030 ὁρᾶται
2965 3963 3067 4034 τῆς
3085 3966 3377 4039 ἀνθρώπου
3407 3969 3653 4038 διανοίας

2055 4042 2084 4092 ὁ
2105 4044 2205 4115 τῆς
2229 4044 2475 4110 ἐνώσεως
2497 4047 2694 4118 τρόπος
2719 4065 2735 4081 ·
2763 4051 2825 4104 οὐ
2853 4053 2962 4126 γάρ
2985 4072 3068 4110 τοι
3090 4059 3214 4113 καθ’
3240 4060 3338 4116 ἕνα
3364 4062 3474 4117 τῶν
3500 4067 3652 4136 sip!)-

2058 4135 2235 4204 μένων
2292 4139 2472 4194 ἐστίν·
2523 4141 2842 4214 ἀπόρρητος
2872 4145 2930 4211 δί
2975 4151 3278 4221 παντελῶς,
3326 4157 3420 4211 καὶ
3463 4135 3648 4214 οὐδενὶ

2051 4227 2195 4302 τάχα
2223 4230 2334 4284 τῶν
2391 4232 2561 4296 ὄντων
2601 4235 3000 4312 διεγνωσμὲνος
3020 4284 3036 4312 ,
3069 4245 3209 4319 iam
3247 4249 3331 4302 ὅτι
3361 4250 3507 4324 μόνῳ
3562 4252 3647 4324 τῷ

2053 4321 2230 4376 πάντα
2269 4322 2432 4384 εἰδότι
2459 4325 2596 4400 Θεῷ.

467 4377 536 4433 Et
583 4380 718 4437 nihil
781 4387 1010 4456 mirum,
1049 4391 1093 4446 si
1139 4392 1192 4448 in
1256 4396 1565 4465 huiusmodi
1618 4405 1947 4474 cogitatione

2123 4411 2234 4470 Καὶ
2270 4377 2580 4490 deum;th
2631 4422 2814 4488 οὐδὲν,
2851 4426 2901 4484 εἰ
2939 4425 3051 4482 τῶν
3109 4428 3360 4494 τοιούτων
3411 4431 3644 4500 ἐννοιῶν

360 4472 668 4538 vincamur,
715 4491 834 4531 cum
873 4495 959 4534 res
993 4495 1234 4553 nostras,
1281 4495 1553 4562 quomodo
1597 4511 1656 4551 se
1687 4498 1938 4568 habeant,

357 4562 723 4630 inquirentes,
768 4569 906 4625 ultra
945 4579 1162 4631 modum
1196 4592 1396 4636 nostras
1441 4587 1638 4640 tuentis
1675 4589 1937 4646 inventio-

357 4667 480 4706 nem
523 4671 644 4712 esse
685 4663 1082 4735 conlitealnur;
1116 4684 1467 4744 quonamqne
1513 4678 1671 4732 modo
1699 4683 1937 4738 animam

354 4742 594 4804 hominis
637 4766 736 4807 suo
769 4758 986 4823 corpori
1023 4762 1312 4817 adunatam
1341 4779 1462 4822 esse
1495 4774 1782 4838 putemus?
1805 4775 1935 4842 Quis

350 4846 437 4891 est
469 4841 560 4906 qui
594 4839 645 4894 id
670 4845 843 4910 possit
872 4848 1220 4914 exprimere?
1244 4853 1347 4910 Sed
1382 4857 1426 4911 si
1457 4871 1671 4928 Oportet
1700 4839 1930 4936 eos,'qui

347 4941 515 5000 parva
547 4945 612 4986 ea
661 4934 749 4990 vix
804 4936 1107 5012 intelligere
1156 4945 1398 5014 soleant;
1448 4951 1557 5008 imo
1604 4965 1657 5014 et
1705 4973 1800 5014 eos
1839 4934 1928 5030 qui

351 5020 561 5077 valeant
595 5024 920 5102 intelligere,
967 5042 1076 5088 tam
1107 5038 1334 5095 subtiles
1368 5057 1453 5098 res
1491 5055 1545 5101 et
1571 5061 1787 5107 omnem
1837 5068 1927 5110 ra-

348 5114 550 5172 tionein
599 5123 1053 5184 transcendenles
1101 5131 1409 5200 conjectare
1448 5157 1461 5192 :
1495 5139 1728 5200 dicimus
1781 5148 1924 5214 quod

345 5205 538 5268 deceat
571 5213 813 5284 cogitare
842 5217 1116 5290 (quamvis
1163 5227 1342 5288 minor
1374 5228 1444 5286 sit
1471 5233 1647 5294 oratio
1677 5235 1743 5289 ad
1782 5205 1920 5290 veri-

410 5437 638 5497 "Joao.
689 5461 724 5510 ι,
779 5446 832 5500 3.
929 5451 973 5483 ³⁸
1003 5450 1131 5508 an.
1187 5457 1337 5521 1,31.
1444 5462 1489 5493 ”
1525 5462 1684 5520 Hebr.
1741 5483 1797 5534 ιι,
1852 5468 1937 5522 14.

2050 4501 2369 4574 ἡττώμεθα·
2405 4509 2494 4562 ὅτε
2526 4513 2595 4567 τὰ
2630 4514 2751 4568 καθ’
2789 4517 2938 4590 ἡμᾶς
2969 4519 3167 4588 αὐτοὺς
3216 4521 3362 4586 ὅπως
3402 4519 3473 4576 ἂν
3518 4524 3642 4598 εχοι

2047 4593 2488 4675 διερευνώμενοι,
2516 4607 2616 4676 τῆς
2666 4606 2899 4682 ἐνούσης
2940 4613 3073 4683 ἡμῖν
3104 4611 3334 4688 διανοίας
3366 4593 3640 4671 ἐπέκεινα

2045 4686 2145 4756 τὴν
2177 4689 2482 4764 κατάληψιν
2506 4696 2881 4771 ὁμολογοῦμεν
2907 4686 3341 4774 ὑπάρχειν.Τίνα
3365 4704 3478 4777 γὰρ
3508 4709 3635 4780 τρό-

2046 4794 2148 4832 πον
2179 4780 2420 4850 ἡνῶσθαι
2462 4786 2694 4857 νοοῦμεν
2737 4791 2837 4864 τὴν
2869 4793 2964 4848 τοῦ
3013 4796 3302 4870 ἀνθρώπου
3343 4797 3523 4871 ψυχὴν
3553 4802 3634 4873 τῷ

2046 4868 2162 4940 ἰδίῳ
2188 4875 2436 4944 coam;
2471 4878 2567 4942 Τίς
2615 4883 2646 4934 ό
2682 4885 2890 4953 φράσαι
2933 4868 3264 4958 δυνάμενοςξ
3291 4868 3629 4966 Elidis—1943‘,

2040 4964 2214 5037 μικρὰ
2250 4969 2344 5021 καὶ
2363 4969 2516 5040 μόλις
2547 4974 2750 5030 ἐννοεῖν
2788 4979 3066 5045 εἰωθότας.
3093 4982 3188 5036 καὶ
3205 4981 3388 5038 λαλεῖν
3416 4964 3630 5055 ἰσχύον-

2032 5073 2164 5123 τας,
2199 5059 2308 5115 τῶν
2341 5061 2513 5126 οὕτως
2567 5066 2764 5137 ἰσχνῶν
2787 5111 2803 5136 ,
2842 5072 2936 5126 καὶ
2983 5071 3123 5145 ὑπὲρ
3175 5073 3300 5128 νοῦν
3336 5076 3431 5128 καὶ
3466 5075 3630 5144 λόγον

2032 5152 2379 5220 πραγμάτων
2401 5163 2946 5236 κατατεκμήρασθαι,
2974 5165 3177 5234 φαμὲν,
3202 5168 3283 5220 ὅτι
3317 5167 3517 5238 πρέποι
3554 5168 3626 5222 ἂν

2028 5245 2231 5302 ἐννοεῖν
2247 5264 2259 5278 ’
2293 5248 2460 5319 μεῐῳν
2481 5253 2538 5308 δὲ
2569 5255 2790 5320 πάντως
2814 5257 2914 5328 τῆς
2942 5258 3202 5330 ἀληθείας
3226 5261 3257 5314 ὁ
3282 5260 3438 5330 λόγος
3457 5278 3470 5292 ·
3501 5276 3628 5315 τοι-

2044 5470 2090 5503 ³⁸
2123 5471 2286 5529 Hebr.
2318 5491 2394 5540 ικ,
2427 5478 2514 5533 l9.
2630 5481 2670 5510 ³¹
2704 5481 2836 5537 lbid.
2919 5485 2961 5519 "
2992 5486 3158 5545 Josue
3183 5504 3218 5555 ι,
3249 5505 3302 5546 v.

408 5645 483 5706 (ιι
544 5650 834 5713 Antbertns
889 5661 1188 5720 versionem
1254 5665 1568 5728 Mercatoris
1629 5675 1918 5736 emendare
1960 5678 2124 5736 voluit
2152 5679 2230 5753 lex
2259 5681 2470 5742 Graeco.
