3856 6212
454 331 481 385 1
492 330 594 385 579

1468 329 1527 387 S.
1553 329 1827 386 CYRILIJ
1864 333 2330 392 ALEXANDRINI
2370 338 2689 396 ARCIIIEP.

3574 345 3696 400 £580

452 449 536 504 bis
582 446 840 503 exhibere
876 446 1038 511 Verbi
1087 445 1324 514 hominis
1375 446 1498 503 lacti
1529 465 1545 503 :
1579 450 1743 519 quod,
1792 449 1838 505 si
1886 449 2009 506 labi:

2125 454 2376 525 ἄνθρακα
2409 455 2577 509 τύπον
2607 457 2736 527 ἡμῖν
2774 456 2865 510 καὶ
2925 456 3107 511 εἰκόνα
3151 456 3393 529 πληροῦν
3421 458 3519 511 τοῦ
3553 462 3699 513 ἐναν-

451 540 635 595 nostra
665 540 926 610 tetigerit,
959 538 1011 593 id
1046 548 1151 604 est,
1201 539 1245 593 si
1276 537 1436 594 fidem
1482 539 1535 594 in
1568 540 1750 610 ipsum
1785 542 2022 599 confessi

452 633 734 698 fuerimus,
786 642 916 687 tunc
939 631 1052 700 [nos
1093 632 1162 687 ab
1192 631 1339 687 omni
1388 642 1608 703 peccato
1645 649 1808 704 puros
1839 635 2023 701 ellicit,

447 733 505 779 et
533 723 778 794 pristinis
816 724 1137 779 criminibus
1169 723 1383 779 liberat.

518 901 813 969 Caeterum,
850 910 1104 971 tanquam
1135 901 1191 957 in
1240 903 1491 973 imagine,
1528 904 1655 960 licet
1687 907 1740 961 in
1789 922 2026 965 carbone

448 993 771 1060 conspicere
802 993 1095 1047 adunatum
1123 994 1340 1062 quidem
1389 994 1711 1052 humanitati
1760 998 1853 1053 Dei
1891 999 2025 1053 Ver-

453 1084 603 1147 bum,
639 1097 746 1138 non
794 1093 972 1138 tamen
1017 1083 1312 1153 projecisse
1344 1086 1486 1153 quod
1532 1085 1724 1154 fuerat,
1758 1088 2024 1144 transfor-

446 1187 624 1228 masse
669 1184 847 1229 autem
896 1174 1070 1244 magis
1098 1186 1433 1246 assumptam
1478 1186 1722 1232 naturam
1770 1180 1823 1234 in
1869 1195 2022 1237 suam

446 1265 671 1335 gloriam
705 1275 761 1319 et
786 1266 1181 1335 operationem.
1212 1264 1674 1332 Quemadmodum
1701 1270 1846 1325 enim
1885 1272 2024 1343 ignis

444 1357 590 1426 ligno
618 1356 828 1423 afﬁxus,
860 1369 915 1413 et
942 1358 994 1412 id
1025 1368 1332 1428 penetrans,
1371 1363 1781 1430 comprehendit
1803 1365 2022 1433 quidem

445 1449 644 1515 ipsum,
688 1459 745 1504 et
790 1451 1037 1518 quamvis
1078 1450 1281 1521 lignum
1318 1466 1438 1507 esse
1472 1468 1580 1507 non
1624 1453 1859 1521 desinat,
1911 1458 2021 1512 vim

446 1550 623 1593 tamen
645 1554 796 1595 suam
813 1532 978 1611 785
998 1540 1339 1611 speciemque
1361 1552 1707 1610 transmutat,
1731 1556 1787 1601 et
1802 1560 2020 1602 omnem

443 1645 500 1684 Se
530 1630 745 1686 confert
785 1631 840 1687 in
873 1634 1099 1702 lignum,
1130 1644 1181 1688 et
1221 1648 1344 1688 cum
1382 1636 1496 1703 ipso
1520 1637 1630 1707 jam
1667 1638 1821 1707 quasi
1854 1654 2018 1693 unum

442 1722 661 1793 aliquod
685 1723 988 1779 aestimatur
1021 1743 1035 1779 :
1068 1725 1209 1780 idem
1254 1724 1492 1797 intellige
1536 1729 1603 1781 de
1637 1729 1875 1785 Christo.
1904 1732 2019 1786 Ad-

2128 546 2516 619 θρωπήσαντος
2544 549 2721 619 Λόγου
2746 566 2760 582 ο
2797 548 2879 615 ὃς,
2912 549 3072 620 εἴπερ
3107 549 3303 619 ἅψαιτο
3336 551 3449 604 τῶν
3480 550 3700 623 χειλέων

2126 639 2314 709 ἡμῶν,
2349 641 2492 694 τοῦτ’
2514 640 2681 707 ἔστιν,
2713 642 2841 696 ὅταν
2862 641 2960 713 τὴν
2989 644 3067 707 εἰς
3084 643 3246 697 αὑτὸν
3272 642 3699 716 ὁμολογήσωμεν

2126 731 2331 797 πίστιν,
2370 734 2491 787 τότε
2525 733 2622 788 κοιλ⁸
2655 734 2874 804 ἁπάσης
2911 734 3183 805 ἁμαρτίας
3207 733 3497 803 ἀποφαίνει
3530 734 3697 788 καθα-

2125 827 2275 898 ροὺς,
2305 824 2534 879 καὶτῶν
2560 825 2805 897 ἀρχαίων
2838 826 3178 897 αῑτιαμάτων
3210 826 3507 898 ἐλευθεροῖ.

2193 918 2343 988 Πλὴν
2378 917 2527 971 ἐστιν
2550 918 2700 985 ἰδεῖν,
2725 918 2801 982 ὡς
2825 920 2884 971 ὲν
2909 918 3079 971 είκόνι
3098 917 3189 972 τὸν
3218 918 3465 991 ἄνθρακα
3491 919 3593 990 [τῷ
3610 919 3699 973 ἄν·

2124 1007 2333 1080 θρακι],
2359 1008 2627 1062 ἑνωθέντα
2662 1007 2761 1078 μὲν
2791 1009 2860 1079 τῇ
2902 1007 3284 1080 ἀνθρωπότητι
3314 1009 3406 1062 τὸν
3433 1009 3531 1062 τοῦ
3563 1008 3695 1061 Θεοῦ

2122 1099 2321 1169 Λόγον,
2353 1099 2414 1152 οὐ
2472 1100 2580 1173 μὴν
2606 1099 3021 1170 ἀποϐεϐληκότα
3050 1098 3112 1152 rb
3138 1095 3279 1154 εἶναι
3305 1102 3333 1154 ὃ
3358 1102 3495 1163 ἐστι,
3535 1118 3698 1171 μετα-

2124 1191 2531 1261 στοιχειώσαντι
2582 1190 3227 1268 [μεταστοιχειώσαντα]
3277 1192 3334 1246 δὲ
3384 1192 3589 1263 μᾶλλον
3638 1191 3697 1244 τὸ

2122 1283 2347 1352 ληφθὲν,
2391 1284 2559 1353 ἤγουν
2585 1282 2804 1348 ἐνωθὲν,
2838 1284 2920 1347 είς
2946 1284 3043 1349 τὴν
3073 1282 3270 1337 ἑαυτοῦ
3307 1283 3465 1348 δόξαν
3505 1300 3569 1336 τε
3603 1284 3698 1336 καὶ

2122 1377 2422 1447 ἐνέργειαν.
2440 1378 2647 1447 Ὂνπερ
2662 1377 2771 1447 γὰρ
2799 1378 2997 1448 τρόπον
3017 1377 3078 1430 rb
3105 1377 3215 1449 πῦρ
3235 1377 3504 1449 όμιλῆσαν
3531 1378 3695 1449 ξύλῳ,

2122 1466 2216 1518 καλ⁵
2263 1466 2567 1530 εἰσδεδυκὸς
2596 1467 2750 1530 αὐτὸ,
2786 1468 3216 1538 καταδράττεται
3249 1471 3348 1542 μὲν
3388 1470 3581 1535 αὐτοῦ,
3603 1470 3699 1523 καὶ

2120 1558 2220 1610 οὐκ
2254 1557 2495 1628 ἐξίστησι
2526 1557 2625 1629 μὲν
2661 1558 2755 1613 τοῦ
2784 1556 2923 1614 εἶναι
2953 1559 3130 1627 ξύλον,
3160 1560 3446 1633 μεθίστησι
3470 1562 3531 1615 δὲ
3564 1563 3700 1633 μᾶλ-

2121 1648 2211 1703 λον
2244 1650 2323 1712 είς
2340 1649 2437 1721 τὴν
2470 1650 2565 1703 τοῦ
2600 1652 2770 1724 πυρὸς
2803 1652 2924 1723 ὄψιν
2952 1670 3014 1707 τε
3047 1654 3141 1708 καὶ
3166 1654 3416 1725 δύναμιν,
3458 1655 3559 1708 καὶ
3585 1649 3697 1707 πᾶν

2120 1738 2269 1811 αὐτῷ
2309 1740 2371 1794 rb
2422 1742 2553 1796 ἴδιον
2590 1744 2968 1815 ἐνεργάζεται,
3000 1746 3096 1800 καὶ
3145 1746 3221 1811 ὡς
3280 1748 3339 1800 ἓν
3385 1748 3490 1820 ήδη
3545 1747 3697 1800 λεὶόο

445 1821 643 1866 unatus
685 1814 829 1868 enim
874 1814 1327 1869 iumstimabiliter
1357 1816 1676 1873 humanitati
1706 1809 1850 1875 Deus
1903 1834 2009 1876 ser-

2123 1809 2301 1900 γισται
2338 1832 2456 1903 μετ’
2494 1809 2699 1887 αὑτοῡί
2731 1809 2890 1890 ὀῡτω
2929 1809 3131 1910 νοήσῃς
3168 1809 3266 1891 καὶ
3296 1839 3388 1891 ἐπὶ
3410 1809 3697 1911 ’Χριστοῖη

442 1901 588 1955 vavit
616 1901 833 1972 quidem
868 1904 1037 1974 ipsam
1072 1904 1127 1960 in
1175 1921 1242 1961 eo
1268 1906 1413 1976 quod
1442 1906 1639 1976 fuerat,
1673 1919 1730 1966 et
1758 1912 1871 1980 ipse
1897 1926 2017 1980 per-

416 1994 640 2059 mansit
680 1995 825 2063 quod
869 2005 1019 2061 erat;
1073 1996 1240 2051 semel
1288 2008 1467 2052 tamen
1516 2000 1804 2069 adunatus,
1861 2004 2017 2072 quasi

443 2098 585 2138 unus
630 2084 742 2152 jam
793 2098 915 2139 cum
962 2086 1077 2155 ipsa
1132 2095 1374 2158 putatur,
1425 2102 1489 2144 ea
1538 2103 1655 2158 qua!
1707 2099 1835 2145 sunt
1877 2091 2019 2147 illius

440 2189 537 2227 sua
581 2173 817 2242 laciens;
854 2176 1138 2234 conferens
1163 2187 1343 2235 autem
1380 2178 1431 2236 ei
1459 2181 1623 2236 etiam
1653 2181 1770 2253 ipse
1802 2192 2015 2240 natura;

438 2278 549 2320 sua:
568 2266 964 2335 operationem.

1084 2487 1240 2547 CAP.
1276 2490 1345 2548 Χ.

435 2593 590 2663 Quae
625 2597 976 2677 incorporalis
1003 2600 1294 2677 diuinitatis
1317 2616 1507 2677 corpus
1536 2603 1680 2673 facta
1712 2605 1872 2674 fuerit
1899 2608 2015 2677 ipsa

505 2668 870 2745 caro,_(totgens
888 2670 1118 2745 animant
1144 2668 1506 2745 rationabilem
1572 2683 1620 2745 et
1640 2668 1802 2745 qubd,
1827 2678 1873 2729 si
1895 2668 1955 2730 ea
1982 2695 2015 2733 α

505 2751 617 2815 sese
637 2736 869 2815 dividere
898 2739 1239 2815 uoluerimus,
1292 2736 1672 2815 proculdubio
1722 2736 2015 2815 labefacta-

506 2806 679 2860 bimus
712 2808 1169 2877 dispensationem
1199 2806 1317 2881 qua:
1343 2811 1399 2865 in
1427 2813 1638 2868 Christo
1675 2806 2009 2886 intelligitur.

502 2985 557 3041 In
593 2985 820 3042 Cantico
849 2986 1187 3041 canticorum
1222 2986 1340 3058 ipse
1372 2989 1529 3045 nobis
1563 2990 1905 3051 introductus
1930 3006 2016 3052 est

430 3078 619 3133 dicens
657 3077 920 3133 Dominus
956 3090 1143 3134 noster
1173 3077 1333 3135 Jesus
1381 3081 1677 3142 Christus:
1712 3104 1731 3137 ι
1767 3085 1885 3158 Ego
1909 3088 2009 3143 ﬂos

429 3172 628 3241 campi,
686 3180 741 3225 et
784 3170 957 3225 lilium
1010 3170 1340 3228 convallium
1363 3174 1430 3230 ".
1464 3193 1483 3226 ι
1536 3175 2004 3243 Quemadmodum
2034 3183 2076 3240 C

428 3277 562 3333 ergo
589 3264 725 3318 odor
754 3276 843 3317 res
874 3261 1093 3333 quidem
1120 3269 1203 3319 est
1235 3264 1576 3336 incorporea,
1605 3266 1769 3326 habet
1800 3280 2003 3338 autem,

430 3353 585 3423 quasi
637 3353 915 3423 pr0prium
955 3369 1174 3425 corpus,
1225 3352 1281 3411 id
1330 3358 1384 3413 in
1438 3373 1546 3428 quo
1596 3360 1776 3429 inest;
1826 3370 2004 3419 tamen

433 3459 599 3498 unum
640 3459 707 3498 ex
742 3452 971 3512 utroque
1017 3445 1336 3515 intelligitur
1374 3447 1547 3503 lilium
1581 3461 1597 3505 :
1629 3455 1999 3524 corrumpitur

426 3547 611 3593 autem
648 3537 816 3606 ipsius
860 3538 1000 3593 ratio
1031 3538 1191 3594 unius
1221 3541 1299 3594 rei
1344 3538 1589 3596 discessu
1619 3559 1635 3597 :
1666 3543 1720 3597 in
1758 3545 2007 3616 subjecto

428 3626 574 3680 cnim
612 3639 841 3694 corpore
871 3626 1011 3680 odor
1040 3636 1159 3681 est:
1188 3626 1262 3681 ita
1290 3626 1454 3681 etiam
1482 3628 1534 3683 in
1561 3628 1778 3685 Christo
1806 3631 2006 3687 intelli-

426 3717 604 3787 gimns
635 3717 935 3773 divinitatis
975 3728 1244 3783 naturam,
1270 3732 1392 3788 qua
1427 3733 1579 3773 suam
1608 3721 2003 3778 excellentissi-

431 3825 574 3863 mam
616 3806 979 3877 majestatem,
1018 3821 1078 3866 ut
1110 3812 1331 3867 odorem
1364 3812 1766 3882 suavissimum,
1805 3815 2003 3872 mundo

425 3900 709 3972 dispergit,
771 3911 1025 3971 tanquam
1073 3903 1123 3958 in
1182 3904 1446 3975 subjecto,
1492 3921 1613 3962 esse
1665 3907 1720 3961 in
1774 3920 2003 3979 corpore

426 3995 781 4051 humanitatis
808 4012 823 4062 ;
854 4005 910 4050 et
952 3996 1007 4052 id
1034 3996 1178 4066 quod
1220 3997 1561 4069 incorporale
1603 4011 1689 4058 est
1710 4012 1808 4073 per
1841 4012 1999 4058 natu-

426 4101 565 4152 ram,
603 4099 700 4156 per
728 4085 1110 4142 adunationem
1140 4087 1617 4159 dispensatoriam,
1649 4106 1787 4163 pene
1822 4094 1998 4149 dicam

423 4180 627 4237 factum
674 4181 844 4237 fuisse
875 4182 1186 4253 corporale,
1231 4194 1514 4258 propterea
1545 4190 1687 4257 quod
1727 4191 1895 4248 voluit
1938 4207 2000 4247 se

420 4273 679 4343 cognosci
706 4288 805 4345 per
837 4289 1037 4346 corpus
1073 4295 1089 4332 :
1124 4276 1177 4332 in
1206 4291 1273 4333 eo
1296 4278 1441 4334 enim
1468 4280 1652 4337 divina
1681 4281 1834 4352 signa
1862 4298 1996 4353 ope-

423 4378 573 4422 ratus
601 4376 705 4422 est.
754 4367 925 4436 lgitur
958 4368 1010 4424 id
1041 4370 1183 4439 quod
1218 4370 1558 4443 incorporale
1586 4383 1689 4439 est,
1738 4385 1994 4445 tanquam

422 4460 475 4515 in
503 4475 603 4515 suo
623 4461 1103 4533 corporeintelligi
1126 4473 1325 4533 potest,
1354 4466 1808 4536 quemadmodum
1829 4469 1993 4544 etiam
2028 4544 2056 4548 _
2101 4512 2132 4548 τ

423 4553 559 4607 odor
589 4552 640 4608 in
682 4554 825 4609 ﬂore
869 4552 1151 4625 subjecto;
1184 4555 1355 4612 lilium
1387 4567 1567 4615 tamen
1603 4560 1715 4632 jam
1772 4572 1828 4618 et
1859 4563 1997 4620 odor
2028 4544 2072 4600 Ῑ)

420 4652 476 4699 et
502 4641 603 4701 ﬂos
636 4645 964 4701 nominatur.

1070 4782 1223 4839 CAP.
1262 4784 1354 4841 XI.

427 4890 603 4979 Quod,
624 4892 859 4979 adunati)
883 4893 990 4979 Deo
1020 4894 1184 4979 verba
1201 4914 1316 4979 vere
1344 4902 1683 4979 (inmanitati,
1700 4906 1994 4979 inconfusa:

490 4972 664 5085 ωηιξη
702 4962 1009 5021 substantia:
1050 4966 1129 5030 [id
1160 4978 1245 5024 est
1274 4972 1644 5046 subsietentiw]
1672 4962 1992 5046 permensa:

490 5047 588 5085 run
615 5069 633 5085 .

489 5047 633 5088 runt.

495 5142 770 5213 [Erectum
804 5154 889 5202 est
918 5149 1213 5205 secundum
1244 5150 1338 5207 Dei
1372 5154 1699 5214 voluntatem
1749 5174 1993 5219 sanctum

418 5235 824 5292 tabernaculum
857 5253 953 5310 per
992 5240 1292 5311 desertum,
1324 5256 1380 5300 et
1410 5247 1463 5301 iu
1507 5264 1573 5304 eo
1610 5254 1792 5309 multis
1821 5258 1995 5314 modis

419 5323 758 5381 formabatur
788 5328 1107 5389 Emmanuel
1138 5333 1236 5405 (1).
1255 5334 1274 5407 Ἰ
1310 5338 1453 5393 Dixit
1482 5340 1624 5397 Deus
1653 5346 1995 5417 omnipotens

419 5418 484 5470 ad
513 5418 750 5475 divinum
785 5420 1003 5495 Moysen
1032 5443 1047 5482 :
1082 5445 1103 5480 ι
1131 5426 1199 5485 Et
1234 5426 1405 5488 facies
1442 5432 1576 5490 mihi
1610 5450 1794 5493 arcam
1850 5441 1994 5497 testi-

489 5595 536 5628 ³⁸
570 5599 771 5656 Cantic.
802 5619 860 5670 tt,
887 5605 937 5660 i.

2129 1922 2383 1988 Ἐνωθεὶς
2412 1924 2518 1995 γὰρ
2554 1926 2881 1999 ἁπορῤήτως
2930 1929 3309 2001 ἀνθρωπὸτητι
3355 1930 3510 1997 Θεὸς,
3540 1934 3701 2002 τετή-

2119 2032 2254 2087 ρηκε
2286 2016 2385 2087 μὲν
2434 2017 2605 2090 αὐτὴν
2642 2020 2788 2074 τοῦθ’
2815 2021 2952 2092 ὅπερ
2985 2015 3127 2076 εἶναί
3163 2039 3379 2094 φαμεν·
3414 2027 3698 2095 μεμένηκε

2115 2107 2171 2160 δὲ
2211 2109 2307 2161 καὶ
2336 2109 2497 2173 αὐτὸς
2528 2111 2666 2181 ὅπερ
2703 2107 2771 2182 ἦν
2792 2128 2806 2144 ι
2844 2113 3067 2177 ὲνωθεὶς
3090 2114 3148 2167 δὲ
3181 2114 3348 2180 ἅπαξ,
3389 2116 3467 2180 ὡς
3499 2111 3585 2181 εἷς
3613 2119 3703 2170 λε-

2115 2197 2362 2267 λόγισται
2395 2204 2514 2272 μετ’
2569 2203 2767 2273 αὐτῆς,
2820 2204 3190 2276 οἰκειούμενος
3237 2206 3337 2279 μὲν
3380 2206 3451 2261 τὰ
3500 2209 3699 2277 αὑτῆςε

2115 2291 2425 2362 ἐμποιήσας
2453 2293 2511 2347 δὲ
2542 2295 2635 2348 καὶ
2680 2294 2844 2359 αὐτὸς
2868 2296 3008 2368 αὐτῇ
3045 2298 3145 2369 τῆς
3186 2297 3323 2364 ἰδίας
3350 2298 3574 2369 φύσεως
3606 2302 3695 2373 rip

2117 2381 2419 2453 ἐνέργειαν.

2724 2526 2972 2580 ΚΕΦΛΛ.
3016 2529 3072 2582 1’.-

2116 2632 2253 2716 "Ott.
2302 2634 2426 2716 τῇς.
2460 2633 2781 2716 ἀσςωμᾴτου
2828 2642 3107 2716 θεᾴτητος
3152 2638 3700 2716 σῶμαλγέΐονεννή

2184 2703 2362 2780 σὰρξ,
2390 2703 2607 2780 ψυχὴή
2630 2708 2862 2775 ἔχουσα
2880 2703 3134 2780 λογλικῆν
3150 2724 3163 2743 δ
3189 2703 3289 2768 καὶ
3317 2703 3405 2768 ὄὲι
3427 2703 3703 2770 διῖστάνί

2184 2791 2283 2840 τες
2315 2776 2419 2853 dar:
2449 2775 2741 2853 d.l./lri.1w_r
2766 2781 2940 2853 αι’)τὰ,
2964 2775 3185 2853 ’πὰὶςτη
3220 2800 3283 2837 τε
3320 2786 3422 2837 καί
3450 2787 3705 2853 πάντως

2183 2846 2758 2924 παρᾳλύσρμεγιτῆς
2793 2848 2863 2902 ἐν
2892 2852 3124 2919 Χριστῷ
3160 2846 3460 2924 ἱλοουμένη

2182 2916 2396 2982 νομίας
2427 2916 2535 2969 τὸν
2562 2917 2771 2986 λόγον.

2196 3026 2284 3080 Ἐν
2308 3027 2387 3098 τῷ
2410 3028 2648 3099 ’ᾼσματι
2670 3029 2778 3084 τῶν
2806 3032 3069 3103 ᾀσμάτων
3097 3036 3259 3099 αὐτὸς
3284 3036 3416 3107 ήμῖν
3448 3038 3709 3092 είσκεκόο

2115 3135 2302 3189 μιστοιι
2330 3118 2505 3188 λέγων
2519 3120 2547 3172 ό
2566 3121 2768 3193 Κύριος
2786 3136 2801 3153 ⁸
2829 3142 2848 3176 ι
2876 3124 3026 3193 ’Ἐγὼ
3044 3125 3204 3189 ἄνθος
3224 3125 3317 3180 τοῦ
3338 3127 3558 3195 πεδίου,
3583 3132 3711 3200 κρὶο

2113 3226 2205 3265 νον
2229 3210 2340 3279 τῶν
2369 3211 2652 3267 κοιλάδων.
2691 3232 2710 3265 ι
2753 3214 2962 3288 Ὠσπερ
2991 3213 3085 3271 οὖν
3136 3218 3170 3289 ἡ
3223 3218 3367 3291 ὀσμὴ
3396 3219 3711 3292 ἀσώματον

2114 3302 2217 3371 μέν
2259 3319 2342 3356 τοι
2376 3302 2488 3378 [ῖσ.
2522 3307 2600 3378 rt}
2641 3307 2834 3378 χρῆμά
2884 3310 3036 3363 ἐστι’
3084 3311 3347 3383 κέχρηται
3396 3312 3455 3366 δὲ
3505 3312 3711 3386 ὥσπερ

2116 3393 2230 3466 ἰδίῳ
2266 3394 2476 3467 σώματι
2502 3398 2581 3469 τῷ
2612 3400 2671 3452 ὲν
2698 3392 2743 3467 ᾧ
2768 3401 2914 3454 ἐστι·
2948 3401 3087 3473 πλὴν
3125 3403 3183 3455 ἓν
3212 3402 3273 3469 ἐξ
3315 3406 3532 3474 ἀμφοῖν
3566 3409 3712 3459 νοεῖ-

2109 3502 2200 3540 ται
2226 3486 2287 3539 rb
2314 3485 2521 3558 κρίνον,
2549 3490 2905 3563 καταφθείρει
2936 3490 2993 3545 δὲ
3020 3494 3236 3558 πάντως
3282 3494 3375 3549 τὸν
3415 3497 3510 3549 ἐπ’
3548 3498 3710 3571 αὐτῷ

2110 3576 2268 3647 λόγον
2305 3581 2339 3651 ἡ
2364 3580 2482 3644 ἐνὸς
2507 3581 2842 3647 ἀπόστασιςο
2866 3585 2924 3637 ὲν
2951 3586 3296 3659 ὑποκειμένῳ
3325 3588 3438 3661 γὰρ
3460 3591 3498 3659 ἡ
3528 3592 3708 3662 ὀσμὴ,

2110 3671 2203 3724 καὶ
2230 3671 2348 3725 εστι
2381 3673 2541 3742 σῶμα
2566 3672 2628 3726 rb
2656 3672 3053 3745 ὑποκείμενον⁸
3103 3676 3246 3730 οὕτω
3272 3680 3574 3751 νοήσωμεν
3610 3687 3708 3736 καὶ

2108 3762 2203 3815 ἐπὶ
2234 3763 2500 3833 Χριστοῦ,
2537 3763 2791 3836 θεότητος
2816 3768 2977 3837 φύσιν
3003 3767 3099 3839 τὴν
3131 3769 3266 3825 ίδίαν
3304 3788 3363 3824 τε
3398 3775 3500 3827 καὶ
3535 3775 3707 3847 ὑπερ-

2109 3853 2336 3923 κόσμιον
2369 3853 2640 3927 ὑπεροχὴν
2668 3855 2985 3921 εὑώιάζειν
3009 3860 3087 3930 τῷ
3126 3861 3316 3933 κόσμῳ
3342 3864 3614 3937 καθάπερ
3642 3869 3703 3920 ὲν

2108 3946 2455 4019 ὑποκειμένῳ
2477 3950 2543 4018 τῇ
2574 3948 2976 4022 ἁνθρωπότητι,
3011 3952 3107 4006 καὶ
3135 3953 3198 4006 rb
3223 3955 3525 4027 ἀσώματον
3556 3961 3702 4013 κατὰ

2108 4037 2293 4106 φύσιν,
2334 4039 2456 4092 καθ’
2486 4039 2681 4094 ξνωσιν
2716 4042 3069 4116 οἰκονομικὴν
3116 4049 3403 4119 μονονουχὶ
3433 4052 3699 4119 γενέσθαι

2106 4128 2202 4181 καὶ
2225 4127 2561 4197 ὲνσὼματον,
2584 4130 2674 4185 διὰ
2696 4150 2779 4186 τοι
2802 4133 2863 4186 rb
2896 4134 3071 4189 θέλειν
3102 4137 3576 4206 ὲπιγινώσκεσθαι
3609 4142 3702 4195 διὰ

2106 4218 2376 4290 σώματος.
2396 4222 2700 4295 Ἐνήργηκε
2720 4225 2829 4297 γὰρ
2852 4226 2911 4278 ἐν
2945 4227 3096 4299 αὐτῷ
3116 4228 3185 4282 τὰ
3214 4230 3524 4303 θεοπρεπῆ.
3548 4235 3695 4288 Οὐκ-

2099 4310 2198 4365 οῦν
2234 4313 2393 4367 νοοῖτ’
2424 4313 2491 4367 ἂν
2528 4316 2754 4380 εἰκότως
2793 4315 2871 4380 ὡς
2894 4319 2955 4371 ὲν
2991 4319 3109 4391 ίδίῳ
3138 4320 3351 4393 σώματι
3378 4324 3444 4376 rb

2103 4419 2216 4467 τον,
2245 4403 2496 4480 καθάπερ
2541 4406 2734 4479 ἀμέλει
2782 4408 2876 4463 καὶ
2905 4411 2965 4464 ἐν
3012 4412 3357 4485 ὑποκειμένῳ
3407 4415 3487 4487 τῷ
3538 4418 3697 4471 ἄνθει

3464 2876 3500 2922 ς
3538 2860 3704 2911 οἱκο-

2137 4496 2204 4567 ῆς
2229 4496 2491 4568 εὖοσμίας
2521 4497 2584 4553 rb
2621 4500 2811 4571 χρῆμα
2831 4519 2845 4534 ·
2877 4501 3101 4573 λέγεται
3141 4504 3199 4559 δὲ
3229 4506 3420 4578 κρίνον
3454 4508 3521 4561 τὸ
3562 4527 3698 4562 συν-

2098 4590 2431 4663 αμφότερον.
3354 4589 3358 4592 ’

2688 4814 2941 4873 ΚΕΦΑΛ.
2982 4821 3086 4873 IA’.

2096 4926 2227 4977 ’Ὀτι
2244 4923 2354 5009 μαι
2379 4923 2542 5009 ,πρὸς
2578 4926 3148 5009 ἒηωσιγββηρινὴν
3195 4939 3695 5009 σ’γνενεχθέιτος

2164 4992 2273 5047 τοῦ
2305 4992 2504 5083 fider
2535 4998 2685 5083 {tde
2710 5000 2777 5054 τὸ
2791 4992 3189 5083 ρνθρῶπιιίον,
3220 4992 3559 5077 ἀσύτχτῦτά

2164 5064 2467 5131 μενήκασι
2504 5064 2587 5122 rd‘
2606 5069 2905 5139 ἡνωμένα.

2175 5179 2504 5252 Ἐγήγερται
2546 5184 2688 5237 κατὰ
2714 5184 2971 5258 βούλησιν
2999 5188 3135 5243 Θεοῦ
3167 5191 3310 5245 κατὰ
3335 5193 3439 5265 τὴν
3468 5196 3691 5269 ἔρημον

2090 5272 2125 5341 η
2163 5270 2292 5340 ἁγία
2319 5272 2512 5346 σκηνὴ,
2545 5276 2638 5328 καὶ
2663 5272 2733 5349 ἦν
2763 5280 2821 5332 ἐν
2863 5280 2998 5351 αὐτῇ
3027 5282 3385 5355 πολυτρόπως
3429 5293 3688 5361 popped-

2097 5379 2253 5433 μενος
2284 5364 2313 5416 ὀ
2345 5364 2724 5438 Ἐμμανουήλ·
2780 5368 2883 5439 ἔφη
2913 5369 3092 5426 τοίνυν
3137 5375 3166 5426 ὁ
3196 5374 3306 5428 τῶν
3349 5376 3499 5431 ὅλων
3553 5380 3689 5445 Θεὸς

2093 5451 2170 5521 τῷ
2191 5450 2464 5527 θεσπεσίῳ
2481 5456 2676 5528 Μωσῇ·
2702 5458 2841 5513 «Καὶ
2856 5462 3104 5533 ποιήσεις
3121 5463 3350 5521 κιϐωτὸν
3366 5473 3689 5544 μαρτυρίου

490 5750 566 5825 (1)
602 5754 668 5810 Et
694 5757 834 5812 hunc
865 5773 1075 5832 qucque
1113 5763 1287 5822 locum
1326 5781 1391 5822 ex
1433 5767 1535 5853 ista
1580 5772 1827 5830 versione
1854 5776 1984 5836 citat
2021 5779 2311 5841 Facundos
2341 5787 2394 5843 in
2423 5793 2608 5848 eodem
2644 5792 2780 5850 loco.
