3856 6212
153 336 278 395 1581

1067 330 1370 390 SCHOLIA'
1400 334 1487 388 Dls
1525 333 2037 388 INCAHNA'HONE
2079 330 2450 389 UNIGENITI.

3269 335 3290 390 ί
3301 335 3404 390 δὸἓ

149 461 211 512 ἐκ
249 454 419 521 ξύλων
449 452 731 525 ἀσήπτων,
755 451 848 506 δύο
882 449 1105 522 πήχεων
1136 452 1233 505 καὶ
1258 450 1493 522 ἡμίσους
1532 449 1594 503 τὸ
1628 447 1732 520 μῆ-

1849 450 2002 504 monii
2033 465 2100 506 ex
2133 450 2295 522 lignis
2326 451 2765 523 imputribilibus,
2799 447 2962 522 785
2996 452 3222 505 duorum
3255 456 3404 509 cubi-

151 566 241 612 κος
267 564 279 576 ⁸
307 546 401 600 καὶ
424 546 626 617 πήχεος
654 544 747 598 καὶ
778 543 1008 616 ἡμίσους
1041 541 1104 596 τὸ
1125 542 1326 606 πλάτος
1343 557 1362 574 ο
1388 542 1484 596 καὶ
1516 543 1716 612 πήχεος

147 639 242 694 καὶ
300 635 531 709 ἡμίσους
584 636 647 690 τὸ
703 635 867 706 ὕψοςο
921 635 1017 689 καὶ
1066 633 1514 706 καταχρυσώσεις
1548 632 1717 703 αὐτὴν

149 729 355 801 χρυσίῳ
381 727 628 800 καθαρῷ,
655 727 856 795 ἔξωθεν
912 725 1008 780 καὶ
1040 724 1244 778 ἔσωθεν
1283 722 1587 796 χρυσώσεις
1617 722 1717 774 αὐ-

146 821 265 890 τήν.
309 818 470 873 Ἀλλὰ
498 818 559 872 τὸ
587 818 688 886 μὲν
718 817 962 888 ἄσηπτον
997 814 1154 882 ξύλον
1185 815 1271 885 εἴη
1313 814 1380 867 ἂν
1426 813 1503 876 είς
1553 810 1721 866 τύπον

148 911 238 964 τοῦ
263 910 542 982 ἀφθάρτου
576 909 829 980 σώματος
853 924 866 938 '
901 909 1145 978 ἄσηπτος
1183 906 1293 979 γὰρ
1333 907 1368 976 ἡ
1398 905 1617 977 κέδρος’
1659 905 1722 958 τὸ

146 1004 202 1055 δὲ
233 1002 480 1074 χρυσίον,
531 1003 607 1066 ὼς
647 1001 750 1072 ὕλη
796 1000 905 1055 τῶν
957 999 1134 1053 ἄλλων
1187 997 1579 1070 ὑπερηρμένη,
1624 998 1724 1067 τῆς

150 1094 299 1157 θείας
325 1096 459 1166 ἡμῖν
479 1094 666 1157 οὐσίας
692 1092 1139 1164 κατασημήνειεν
1169 1090 1236 1144 ἂν
1268 1090 1367 1161 τὴν
1393 1087 1686 1159 ὑπεροχήν.

221 1184 412 1258 Ἀθρει
440 1185 516 1251 δὲ,
542 1187 689 1249 ὅπως
715 1187 748 1254 ή
781 1184 1009 1247 κιϐωτὸς
1036 1184 1132 1254 ὅλη
1161 1183 1476 1254 κεχρύσωτο
1518 1179 1727 1252 χρυσίῳ

149 1276 374 1350 καθαρῷ
445 1278 646 1332 ἔσωθεν
697 1278 792 1330 καὶ
834 1275 1052 1342 ἔξωθεν,
1099 1276 1315 1329 Ἥνωτο
1364 1274 1462 1344 μὲν
1501 1273 1609 1344 γὰρ
1658 1273 1725 1342 τῇ

149 1371 281 1441 ἁγίᾳ
308 1371 471 1441 σαρκὶ⁵
496 1370 628 1434 Θεὸς
657 1369 732 1423 ὢν
759 1371 788 1422 ὁ
819 1369 989 1438 Λόγος
1010 1383 1023 1398 ·
1065 1367 1158 1422 καὶ
1184 1366 1364 1431 τοῦτο,
1399 1361 1575 1435 οἶμαι,
1612 1364 1730 1416 ἐστὶ

147 1464 207 1517 τὸ
249 1460 447 1528 ἔξωθεν
491 1460 871 1532 κεχρυσῶσθαι
891 1460 988 1531 τὴν
1010 1459 1263 1514 κιϐωτόν.
1289 1458 1412 1512 Ὀτι
1433 1457 1489 1511 δὲ
1519 1456 1613 1509 καὶ
1633 1454 1729 1526 τὴν

149 1554 376 1609 ἐνοῦσαν
395 1554 474 1626 τῷ
506 1556 719 1625 σώματι
749 1552 928 1624 ψυχὴν
958 1550 1181 1622 λογικὴν
1223 1551 1362 1605 ίδίαν
1409 1553 1726 1624 ἐποιήσατο,

150 1648 514 1714 καταδείξειεν
536 1649 602 1703 ἂν
632 1647 692 1700 τὸ
713 1646 810 1701 καὶ
825 1645 1026 1698 ἔσωθεν
1055 1644 1224 1716 αὐτὴν
1255 1644 1732 1716 καταχρυσοῦσθαι

148 1740 260 1792 δεῖν
307 1737 579 1802 ἐπιτάξαι.
614 1737 738 1790 Ὅτι
772 1736 862 1788 καὶ
910 1735 1206 1806 ἀσύγχυτοι
1255 1736 1630 1806 μεμενήκασιν
1677 1735 1732 1787 αἱ

1828 551 2002 597 torum
2028 554 2083 599 et
2105 544 2311 599 dimidii
2341 545 2703 614 longitudine;
2736 554 2793 599 et
2825 544 3101 598 inaurabis
3123 559 3242 598 eam
3274 560 3405 599 auro

1827 649 1980 704 puro,
2015 643 2168 692 extra
2195 643 2251 691 et
2289 636 2430 690 intra
2467 635 2746 690 inaurabis
2775 636 2975 688 eam".
3009 654 3026 686 ι
3063 635 3168 689 Sed
3203 636 3404 707 lignum

1826 725 2066 795 quidem,
2101 741 2225 780 cum
2257 725 2588 795 imputribile
2619 724 2707 790 sit,
2734 735 2818 779 est
2844 727 3012 792 ﬁgura
3052 726 3296 794 corporis
3325 725 3406 779 in-

1829 817 2067 885 corrupti
2103 834 2117 870 :
2147 816 2496 886 imputribilis
2541 817 2687 871 enim
2737 817 2965 882 cedrus;
3029 831 3223 870 aurum
3255 833 3406 882 vero,

1829 908 1982 977 quasi
2021 908 2274 963 materies
2306 907 2425 962 aliis
2454 909 2766 978 pretiosior,
2791 910 2985 964 divinae
3017 909 3172 963 nobis
3201 909 3406 963 indicat

1831 997 2153 1054 substantia:
2192 997 2553 1067 maiestatem.

1900 1177 2180 1233 Attendite
2228 1176 2391 1246 igitur
2435 1177 2691 1247 quoniam
2728 1192 2852 1232 arca
2902 1186 3011 1233 tota
3060 1179 3306 1233 inaurata
3337 1181 3412 1234 sit

1833 1282 1966 1324 auro
1994 1283 2132 1338 puro
2173 1277 2325 1322 extra
2362 1279 2416 1322 et
2464 1268 2626 1323 intra.
2663 1268 2945 1324 Adunatus
2981 1269 3199 1337 quidem
3231 1270 3413 1324 fuerat

1835 1367 2033 1413 sanctae
2077 1357 2225 1411 carni
2277 1356 2419 1412 Deus
2449 1355 2706 1420 Verbum,
2741 1367 2795 1411 et
2845 1356 2896 1411 id
2943 1365 3045 1421 est,
3092 1364 3152 1409 ut
3198 1357 3408 1425 Opinor,

1837 1463 2018 1503 arcam
2041 1447 2210 1502 fuisse
2239 1456 2390 1502 extra
2420 1447 2743 1501 inauratam.
2766 1445 2918 1513 Quod
2943 1462 3072 1503 vero
3093 1454 3147 1502 et
3173 1447 3408 1501 animam

1836 1539 2233 1604 rationabilem,
2264 1555 2384 1609 quae
2415 1539 2634 1609 corpori
2661 1540 2856 1604 inerat,
2888 1539 3158 1609 propriam
3197 1538 3410 1604 fecerit,

1838 1645 1904 1687 ex
1938 1631 2041 1686 hoc
2068 1640 2307 1701 apparet,
2339 1631 2480 1701 quod
2509 1640 2566 1686 et
2591 1631 2732 1685 intra
2761 1645 2943 1686 arcam
2979 1630 3295 1699 praeceperit
3326 1630 3410 1682 in-

1840 1723 2042 1778 aurari.
2081 1721 2257 1794 [Quod
2290 1733 2466 1777 autem
2501 1733 2709 1778 natura:
2736 1722 2851 1777 sive
2878 1720 3193 1777 substantiae
3225 1720 3412 1778 incon-

150 1831 364 1900 φύσεις,
413 1831 582 1902 ἧγουν
631 1827 978 1894 ὑποστάσεις,
1021 1826 1272 1880 ἐντεῦθεν
1329 1826 1607 1897 εἰσόμεθα.
1660 1826 1735 1878 Τὸ

1849 1814 1972 1870 Fusa:
2024 1815 2344 1880 manserint,
2374 1815 2500 1870 hinc
2545 1815 2750 1870 scimus
2781 1834 2794 1869 :
2824 1828 3016 1868 aurum
3047 1813 3188 1866 enim
3224 1825 3414 1881 super-

150 1923 260 1995 γάρ
285 1939 366 1976 τοι
392 1920 612 1994 χρυσίον
640 1919 1110 1991 ὲπαληλειμμένον
1135 1918 1214 1990 τῷ
1235 1918 1396 1988 ξύλῳ,
1428 1919 1735 1989 μεμένηκεν

149 2019 289 2088 ὅπερ
317 2013 386 2088 ἦν
405 2032 420 2046 ο
469 2015 564 2069 καὶ
591 2013 945 2068 κατεπλούτει
979 2012 1077 2084 μὲν
1108 2013 1170 2066 τὸ
1196 2012 1351 2077 ξύλον
1377 2010 1470 2065 τοῦ
1511 2012 1734 2083 χρυσίου

149 2109 249 2177 τὴν
273 2108 433 2174 δόξαν
451 2124 464 2137 ·
499 2108 638 2178 πλὴν
664 2107 764 2160 οὐκ
792 2108 1004 2179 ἀπέστη
1030 2107 1121 2160 τοῦ
1147 2102 1287 2162 εἶναι
1315 2105 1491 2171 ξύλον.
1527 2108 1649 2160 Ὅτι
1678 2107 1736 2161 δὲ

149 2200 184 2269 ἡ
221 2198 455 2261 κιϐωτὸς
497 2197 579 2261 εἰς
605 2196 777 2252 τύπον
819 2196 1315 2270 παραλαμϐάνεται
1355 2197 1449 2250 τοῦ
1475 2195 1735 2268 Χριστοῦ,

148 2289 238 2343 διὰ
268 2288 480 2342 πολλῶν
509 2289 574 2343 ἄν
602 2305 686 2352 τις
705 2288 1040 2344 πιστώσεται
1062 2288 1602 2360 λόγωνοπροεϐἀδιζε
1629 2288 1737 2360 γὰρ

146 2381 258 2434 τῶν
287 2378 350 2444 ἐξ
383 2381 618 2453 Ἰσραὴλ,
653 2379 894 2454 ζητοῦσα
919 2381 1103 2444 αὐτοῖς
1129 2380 1459 2435 ἀνάπαυσιν.
1497 2381 1642 2451 Ἔφη
1680 2378 1738 2432 δέ

149 2491 256 2526 που
275 2473 373 2527 καὶ
392 2475 420 2527 ὁ
445 2473 700 2544 Χριστός·
732 2492 750 2526 ς
772 2472 1144 2544 Πορεύσομαι,
1164 2474 1260 2527 καὶ
1281 2472 1557 2544 ἑτοιμάσω
1574 2472 1739 2525 τόπον

149 2567 307 2637 ὑμῖν.
335 2585 356 2619 ι

789 2699 942 2755 CAP.
982 2694 1100 2753 Xll.

150 2809 311 2875 Quod
343 2825 459 2864 cum
481 2818 610 2863 esset
652 2808 788 2864 Deus
832 2807 1076 2876 Verbum,
1110 2809 1284 2878 factus
1323 2809 1390 2862 sit
1434 2807 1608 2873 homo,
1649 2826 1741 2864 nec

226 2881 387 2933 homo
434 2880 783 2947 simpliciter,
832 2885 976 2932 nuda
1015 2879 1384 2948 conjunctione
1432 2878 1738 2945 honoratus,

225 2959 445 3003 uocatus
469 2951 534 3003 sit
557 2951 625 3002 ad
652 2965 829 3011 parem
852 2947 1160 3017 dignitatem
1190 2948 1283 3001 Dei
1319 2947 1496 3014 Verbi,
1519 2951 1624 3003 sive
1647 2967 1741 3003 au-

224 3020 553 3083 ctoritatem,
592 3020 730 3073 sicut
769 3019 1084 3088 quibusdam
1123 3019 1349 3072 videtur.

227 3131 459 3185 Divinus
498 3129 695 3185 Paulus
718 3130 761 3161 “
804 3146 1056 3201 magnum
1087 3131 1302 3200 quidem
1331 3131 1408 3185 ait
1463 3145 1582 3186 esse
1629 3147 1742 3202 my-
1770 3155 1813 3214 α

150 3224 388 3278 sterium
438 3222 674 3291 pietatis.
723 3221 791 3276 Ει
815 3235 942 3277 vere
971 3221 1044 3276 ita
1102 3236 1162 3276 se
1207 3237 1294 3277 res
1342 3223 1744 3278 habetzmani-

151 3315 388 3368 testatus
418 3321 501 3366 est
523 3312 668 3367 enim
704 3313 758 3367 in
789 3326 972 3377 carne,
1019 3327 1142 3366 cum
1170 3311 1242 3366 sit
1273 3311 1415 3368 Deus
1465 3311 1738 3379 Verbum;

145 3405 486 3475 justiﬁcatus
511 3412 594 3458 est
619 3413 797 3457 autem
837 3402 890 3455 in
922 3401 1148 3472 Spiritu.
1188 3399 1345 3455 Nullo
1387 3400 1530 3454 enim
1584 3400 1744 3454 modo

150 3498 365 3553 nostris
394 3496 606 3551 videtur
638 3493 1043 3549 inlirmitatibus
1089 3491 1380 3559 contineri,
1415 3489 1543 3546 licet
1586 3490 1744 3559 juxta

151 3604 257 3643 nos
307 3589 473 3641 homo
512 3586 584 3640 sit
627 3584 802 3639 factus
836 3601 849 3637 :
886 3595 994 3636 non
1043 3581 1187 3635 enim
1232 3580 1364 3636 fecit
1415 3591 1692 3651 peccatum
1728 3601 1742 3637 :

148 3678 420 3750 apparuit
452 3684 632 3731 autem
690 3683 747 3729 et
803 3671 1032 3744 angelis.
1084 3669 1275 3739 Neque
1332 3671 1475 3726 enim
1523 3686 1747 3741 genera-

151 3763 555 3834 tionemipsius
572 3761 869 3817 secundum
889 3773 1110 3815 carnem
1167 3758 1554 3828 ignoraverunt
1573 3777 1588 3812 :
1608 3775 1747 3831 prae-

141 3859 379 3912 dicatus
429 3865 607 3909 autem
657 3863 716 3909 et
762 3852 1041 3924 gentibus,
1093 3850 1250 3922 quasi
1310 3850 1450 3907 Deus
1482 3849 1642 3906 homo
1668 3851 1748 3906 fa-

140 3961 317 4015 ctus;
367 3946 442 4000 ita
489 3956 670 4000 autem
719 3944 958 4000 creditus
1007 3953 1093 3997 est
1170 3942 1224 3996 in
1279 3943 1500 3997 mundo.
1545 3940 1747 3996 Proba-

147 4043 231 4094 vit
288 4047 474 4092 autem
510 4038 730 4092 divinus
762 4034 963 4090 Paulus
1009 4034 1085 4090 ita
1139 4033 1428 4089 scribens:
1466 4050 1486 4085 ‹
1521 4032 1749 4103 Propter

142 4130 305 4199 quod
339 4141 610 4183 memores
637 4133 834 4190 estote,
861 4125 1005 4196 quod
1034 4123 1328 4194 aliquando
1357 4137 1451 4179 vos
1481 4134 1668 4194 gentes
1692 4125 1746 4178 in

140 4235 355 4288 carne,
377 4220 467 4290 qui
521 4217 763 4275 dicimini
811 4215 1153 4286 praeputium,
1181 4216 1249 4270 ab
1297 4228 1360 4270 ea
1402 4230 1522 4286 qua:
1551 4215 1749 4270 dicitur

143 4311 512 4370 circumcisio
564 4309 617 4364 in
671 4323 838 4363 carne
883 4305 1193 4361 manuiacta
1228 4320 1243 4360 :
1275 4305 1403 4375 quia
1453 4305 1622 4361 eratis
1654 4304 1746 4360 illo

146 4417 414 4476 tempore
441 4401 795 4459 sineChristo
822 4398 1040 4453 alienati
1074 4413 1105 4451 a
1128 4395 1744 4459 conversationelsrael,

1835 1907 2070 1978 positum
2119 1906 2264 1976 ligno
2319 1907 2519 1961 mansit
2572 1906 2624 1960 id
2669 1907 2811 1977 quod
2859 1915 2999 1969 erat,
3033 1911 3086 1958 et
3118 1905 3415 1957 ornabatur

1836 2000 2050 2070 quidem
2077 1999 2279 2070 lignum
2309 1998 2427 2054 auri
2450 2000 2682 2065 decore;
2718 2009 2900 2052 tamen
2933 1999 3133 2068 lignum
3162 2011 3283 2051 esse
3306 2010 3410 2050 non

1837 2090 2013 2146 desiit.
2041 2089 2192 2157 Quod
2226 2104 2354 2144 vero
2384 2105 2508 2143 arca
2548 2090 2599 2143 in
2631 2088 2831 2144 Christi
2881 2087 3177 2157 accipiatur
3220 2085 3412 2155 imagi-

1837 2199 1982 2248 nem,
2014 2182 2257 2252 pluribus
2301 2190 2480 2251 potest
2515 2180 2930 2251 probationibus
2979 2177 3237 2233 declarari
3270 2175 3411 2248 (1).]

1837 2274 2266 2331 Prieambulabat
2293 2275 2438 2329 enim
2468 2274 2552 2328 his
2583 2273 2675 2342 qui
2707 2281 2833 2329 sunt
2858 2287 2923 2326 ex
2948 2269 3130 2335 Israel,
3162 2282 3413 2338 quaerens

1839 2367 1972 2437 ipsis
2025 2365 2289 2434 requiem.
2327 2365 2417 2418 Ait
2465 2362 2663 2419 alicubi
2716 2372 2770 2417 et
2812 2362 3105 2417 Christus:
3152 2377 3172 2412 ι
3205 2359 3316 2422 lbo,
3361 2368 3417 2412 et

1839 2459 2042 2531 parabo
2073 2458 2225 2515 vobis
2254 2456 2515 2513 locum".
2549 2476 2566 2509 ι

1911 2638 2194 2695 Credimus
2223 2637 2408 2711 igitur,
2432 2652 2536 2692 non
2570 2637 2623 2691 in
2652 2650 2818 2690 unum
2852 2632 3023 2689 nostri
3056 2629 3285 2688 similem
3311 2630 3420 2685 dei-

1844 2741 1952 2787 tate
1979 2747 2074 2802 per
2099 2731 2330 2803 gratiam
2361 2729 2708 2791 honoratum,
2742 2741 2811 2780 ne
2840 2725 3077 2780 cultores
3103 2737 3224 2779 esse
3250 2721 3420 2776 homi-

1843 2825 1929 2879 nis
1956 2824 2302 2893 detegamur;
2335 2819 2429 2876 sed
2453 2821 2507 2874 in
2538 2820 2821 2874 Dominum
2843 2815 3035 2886 magis,
3055 2815 3144 2884 qui
3166 2815 3218 2867 in
3237 2812 3420 2868 servili

1843 2917 2018 2971 forma
2058 2913 2378 2982 comparuit,
2411 2922 2466 2968 et
2499 2911 2588 2982 qui
2622 2909 2723 2963 fuit
2754 2923 2880 2963 vere
2918 2907 3088 2963 nostri
3122 2905 3337 2968 similis,
3366 2913 3421 2958 et

1844 3006 1898 3060 in
1930 3005 2268 3059 humanitate
2295 3014 2472 3058 tamen
2505 3001 2647 3056 Deus
2680 3000 2880 3054 mansit
2907 3017 2921 3055 :
2948 2999 3090 3054 Deus
3117 2999 3260 3052 enim
3291 2996 3423 3052 Ver-

1845 3098 1994 3162 bum,
2025 3112 2185 3152 carne
2211 3104 2507 3165 assumpta,
2543 3109 2648 3148 non
2686 3093 2934 3162 deposuit
2974 3092 3118 3162 quod
3141 3101 3297 3158 erat;
3333 3091 3422 3144 in-

1849 3189 2107 3260 telligitur
2133 3197 2312 3243 tamen
2342 3188 2482 3242 idem
2516 3186 2660 3241 Deus
2689 3185 2852 3240 simul
2881 3193 2934 3239 et
2959 3184 3143 3239 homo.

1916 3283 1982 3338 Et
2021 3283 2145 3338 ﬁdei
2191 3282 2408 3351 quidem
2451 3279 2593 3335 ratio
2627 3279 2700 3334 ita
2735 3292 2794 3334 se
2822 3275 3004 3341 habet,
3039 3285 3093 3330 et
3122 3285 3268 3330 recte
3302 3276 3425 3344 qui-

1845 3377 1988 3431 dem.
2018 3373 2125 3429 Sed
2169 3376 2213 3429 si
2259 3373 2398 3428 forte
2443 3371 2641 3440 aliquis
2687 3370 2853 3434 dicat,
2891 3367 3034 3436 Quid
3070 3366 3196 3420 mali
3243 3374 3345 3430 est,
3375 3366 3423 3418 si

1847 3463 2180 3532 intelligatur
2225 3462 2388 3515 homo
2437 3459 2634 3514 similis
2669 3457 2842 3512 nostri
2875 3455 3278 3526 apprehendere
3308 3454 3425 3509 dei-

1848 3563 2036 3618 tatem,
2072 3568 2137 3607 ac
2173 3567 2278 3608 non
2306 3549 2479 3621 magis
2507 3549 2650 3605 Deus
2681 3550 2843 3603 homo
2876 3547 3027 3601 ﬁeri?
3075 3545 3425 3615 respondebi-

1848 3660 1970 3699 mus
2022 3643 2170 3698 mille
2219 3658 2339 3699 esse
2383 3657 2502 3712 qua:
2530 3640 2807 3698 contrario
2847 3647 3074 3709 possunt
3122 3637 3344 3705 Opponi,
3368 3647 3424 3691 et

1849 3752 1984 3808 pene
2015 3737 2178 3792 etiam
2231 3747 2361 3790 nutu
2409 3732 2791 3805 signiﬁcantia,
2820 3745 2918 3786 nos
2960 3737 3214 3802 oportere
3261 3729 3424 3787 reniti

1847 3837 2180 3894 constanter,
2213 3841 2313 3882 nec
2343 3826 2566 3882 credere
2597 3825 2669 3879 ita
2699 3838 2841 3878 esse.

1920 3919 2034 3991 Age
2062 3921 2230 3984 enim,
2251 3930 2375 3974 ante
2393 3917 2498 3972 alia
2526 3914 2970 3987 dispensationis,
2985 3929 3106 3984 qua:
3121 3930 3241 3969 cum
3260 3929 3427 3976 carne

1850 4013 1991 4068 facta
2039 4022 2144 4075 est,
2179 4010 2396 4065 modum
2449 4022 2764 4070 cernamus,
2799 4016 2855 4060 et
2901 4016 3207 4061 nostrarum
3244 4020 3424 4061 rerum

1848 4114 2096 4162 naturam
2122 4104 2376 4158 subtilius
2405 4109 2806 4172 perscrutemur
2833 4115 2847 4152 :
2881 4097 3181 4168 periclitata
3213 4106 3296 4153 est
3323 4097 3426 4152 ho-

1849 4199 2010 4254 minis
2043 4208 2258 4260 natura,
2286 4204 2341 4251 et
2372 4196 2627 4266 depressa
2658 4200 2740 4247 est
2766 4190 2925 4247 malis
2949 4191 3228 4257 extremis,
3261 4190 3427 4245 male-

1848 4291 2084 4348 dictione
2115 4297 2170 4344 et
2198 4299 2369 4344 morte
2397 4287 2672 4348 damnata,
2705 4292 2756 4338 et
2789 4283 2998 4354 peccati
3043 4280 3249 4350 laqueis
3288 4282 3427 4336 irre-

1848 4385 1967 4446 tita,
2003 4383 2241 4444 errabat,
2275 4389 2330 4435 et
2365 4387 2483 4434 erat
2515 4376 2683 4448 786
2732 4375 2783 4430 in
2835 4375 3104 4440 tenebris;
3136 4375 3301 4429 Deum
3334 4389 3430 4428 ne-

146 4510 207 4555 et
248 4466 503 4565 liospites
544 4498 1015 4552 testamentorum,
1049 4487 1425 4561 promissionis
1457 4503 1606 4559 spem
1635 4503 1735 4543 non

1850 4475 2058 4531 sciebat
2103 4489 2249 4537 eum,
2282 4472 2372 4541 qui
2419 4479 2505 4524 est
2550 4479 2740 4523 natura
2786 4474 2841 4523 et
2887 4467 3148 4533 veritate;
3193 4481 3290 4536 pro
3320 4466 3429 4519 Deo

147 4587 446 4645 habentes,
466 4592 521 4638 et
536 4583 652 4637 sine
668 4580 777 4636 Deo
795 4580 846 4634 in
881 4577 1205 4648 hoc-mundo
1219 4577 1358 4632 ³¹ο³³.
1384 4595 1404 4630 ι
1433 4576 1601 4631 Erant
1626 4592 1758 4648 ergo

146 4688 354 4749 gentes
381 4674 436 4728 in
468 4672 669 4728 mundo
709 4671 831 4726 sine
862 4668 996 4734 Deo,
1027 4683 1149 4723 cum
1184 4667 1390 4739 absque
1417 4667 1634 4723 Christo
1664 4681 1751 4723 es-

144 4778 302 4826 sent.
342 4764 549 4820 Verum
588 4762 844 4834 quoniam
896 4776 1020 4816 eum
1065 4774 1192 4816 vere
1242 4769 1298 4815 et
1343 4766 1535 4814 natura
1581 4757 1752 4816 Deum

145 4876 280 4917 esse
331 4866 696 4930 agnoverunt,
738 4855 867 4926 ipsa:
901 4868 1115 4926 quoque
1156 4853 1224 4908 ab
1258 4867 1324 4908 eo
1357 4853 1553 4921 agnitae
1596 4861 1744 4918 sunt,

147 4953 325 5008 ﬁdem
350 4947 697 5012 conﬁtentes,
718 4958 774 5002 et
798 4947 912 5016 ipse
948 4955 1255 5015 assumptus
1302 4931 1395 4999 est
1439 4945 1490 4998 in
1555 4942 1745 5014 gloria,

141 5058 309 5107 certe
343 5045 553 5101 divina.
592 5042 777 5098 Psallit
807 5041 949 5096 enim
982 5041 1172 5096 beatus
1201 5037 1409 5093 David:
1448 5054 1468 5089 ‹
1494 5037 1750 5093 Ascendit

147 5143 305 5198 Deus
354 5139 413 5192 in
456 5136 714 5208 iubilo“.
743 5153 762 5188 ›
798 5133 1061 5190 Ascendit
1106 5132 1251 5187 enim
1284 5139 1433 5186 certe
1463 5145 1585 5186 cum
1627 5144 1750 5184 cor-

145 5247 317 5306 pore,-
339 5243 448 5285 nec
473 5228 526 5283 in
561 5228 703 5284 nuda
732 5227 933 5282 deitate
959 5241 974 5280 :
1005 5223 1147 5280 Deus
1178 5222 1322 5278 enim
1354 5230 1472 5278 erat
1497 5221 1747 5276 incarna-

148 5337 266 5382 tus.

222 5479 273 5514 η
342 5474 521 5531 Exod.
545 5491 677 5540 xxv,
701 5473 790 5529 10.

141 5553 194 5588 ³⁸
232 5550 406 5606 Rom.
437 5561 477 5605 ι,
501 5545 591 5598 25.

895 5472 940 5505 ³⁸
977 5472 1136 5528 Joan.
1157 5484 1270 5538 xrv,
1295 5471 1351 5525 '5.

1454 5467 1497 5500 ³¹
1531 5464 1719 5521 ITim.
1765 5479 1847 5528 ιιι,
1902 5461 1990 5518 16.

1855 4567 2023 4623 coluit
2044 4573 2350 4620 creaturam
2365 4561 2434 4615 ³⁵.
2456 4560 2736 4628 Quomodo
2757 4559 2919 4628 igitur
2944 4556 3250 4627 huiusmodi
3273 4557 3428 4612 malis

1853 4666 2066 4732 poterat
2107 4655 2365 4711 liberari?
2409 4654 2492 4708 An
2537 4651 2666 4707 illud
2711 4651 2976 4715 dicemus,
3008 4650 3150 4720 quod
3189 4649 3269 4704 l'as
3310 4658 3429 4704 erat

1853 4751 2177 4811 humanitati
2224 4748 2462 4805 divinam
2521 4756 2771 4800 naturam
2819 4743 3264 4812 apprehendere,
3309 4757 3428 4811 quae

1856 4846 2090 4903 nesciret
2118 4843 2362 4907 omnino,
2401 4839 2577 4911 qualis
2605 4847 2751 4892 esset
2780 4835 3010 4905 dignitas
3038 4845 3241 4888 natura:
3264 4833 3430 4888 coele-

1855 4937 1987 5000 stis,
2036 4949 2158 4989 cum
2206 4941 2352 4988 esset
2394 4927 2714 5000 ignorantiae
2761 4927 2998 4984 tenebris
3042 4935 3336 4996 occupata,
3375 4934 3430 4980 et

1855 5027 2064 5100 peccati
2094 5025 2346 5082 sordibus
2375 5022 2698 5093 inquinata?
2737 5019 3018 5088 Quomodo
3049 5028 3258 5088 poterat
3310 5018 3426 5072 ﬁeri

1853 5131 1911 5176 ut
1957 5118 2383 5190 apprehenderet
2432 5123 2673 5170 sanctam
2718 5121 3010 5176 naturam,
3060 5118 3115 5164 et
3160 5108 3430 5176 acciperet

1854 5213 2100 5284 gloriam,
2126 5225 2288 5280 quam
2334 5222 2492 5262 nemo
2527 5205 2785 5272 inveniat,
2814 5203 2914 5258 nisi
2953 5200 3254 5271 acceperit?
3281 5199 3426 5255 Con-

1853 5307 2108 5362 cedamus
2152 5303 2297 5359 enim
2351 5301 2491 5371 quod
2533 5297 2845 5367 cognoverit
2877 5293 3127 5359 fortasse,
3159 5301 3214 5347 et
3243 5291 3430 5347 scierit

2092 5459 2211 5495 ³¹ο³³
2244 5457 2441 5528 Ephes.
2470 5471 2531 5521 ιι,
2587 5454 2675 5522 il,
2727 5454 2814 5511 12.
2933 5455 2976 5486 ³³
3007 5450 3149 5510 Psal.
3198 5464 3339 5514 XLVI.
3369 5446 3424 5502 6ο

218 5691 303 5763 (ι)
329 5685 511 5763 __Hunc
544 5693 756 5763 quoque
794 5678 1080 5763 locumnes
1104 5674 1304 5763 [eadem
1337 5671 1587 5730 versione
1611 5669 1741 5726 citat
1782 5669 2068 5726 Facundus
2127 5667 2345 5726 ibidem.
2408 5667 2548 5724 Citat
2575 5665 2738 5723 etiam
2775 5663 3030 5720 Leontius
3049 5661 3341 5735 Byzantius
3371 5657 3424 5714 in

140 5745 257 5822 ﬁne
288 5745 438 5813 'librl
480 5745 640 5824 priiui
670 5745 940 5807 "adversus
982 5745 1369 5816 Eutychianos.
