3856 6212
182 412 318 465 1583

1100 410 1391 468 SCIIOLIA
1434 405 1522 464 DE
1562 403 2073 462 INCARNATIONE
2111 403 2484 463 UNlGENl'n.

3283 398 3424 459 1386

177 526 327 588 Θεὸς.
359 527 386 579 ό
409 527 470 580 ὲκ
498 526 629 581 θεοῦ
656 528 934 601 ἀληθινοῦ,
976 527 1035 582 τὸ
1077 528 1191 600 φῶς
1219 529 1279 582 τὸ
1311 529 1376 582 ὲκ
1412 525 1506 581 τοῦ
1546 525 1740 595 φωτὸς,

1855 533 2132 578 carnatum
2165 524 2255 589 sil,
2293 531 2348 577 et
2372 524 2529 577 homo
2576 522 2799 586 factum,
2847 528 2901 577 et
2946 518 3318 580 descenderit.
3376 532 3432 576 et

179 616 464 687 ὲσαρκώθη
504 634 562 669 τε
605 618 700 671 καὶ
735 617 1125 690 ὲνηνθρὼπησε
1149 636 1162 651 ο
1199 617 1494 687 κατῆλθεν,
1523 616 1747 679 ἔπαθεν,

175 710 471 777 ἐγήγερται
512 709 565 761 δὲ
608 711 671 763 ὲκ
699 710 924 780 νεκρῶν.
968 711 1214 781 Ὧρίσατο
1254 708 1363 781 γὰρ
1391 706 1531 762 οὕτω
1561 705 1624 760 τὸ
1652 705 1752 776 τῆς

178 801 412 861 πίστεως
433 800 759 872 Σύμϐολονή
788 803 918 871 ἁγία
946 820 1004 855 τε
1037 802 1132 856 καὶ
1153 803 1363 873 μεγάλη
1394 801 1618 863 Σύνοδος
1648 800 1747 871 (Ι).

245 891 661 961 Διερευνώμενοι
709 893 766 945 δὲ
812 895 906 947 καὶ
939 893 1131 964 μαθεῖν
1166 894 1440 956 ἐθέλοντες
1483 892 1511 945 ὅ
1534 892 1586 945 τί
1620 891 1751 945 ποτέ

172 983 288 1034 ἐστι
314 986 431 1035 κατ’
463 985 739 1053 ἀλήθειαν,
770 987 830 1039 τὸ
860 988 1210 1059 σαρκωθῆναί
1254 1004 1310 1040 τε
1343 988 1433 1039 καὶ
1469 985 1748 1056 ὲνανθρω-

173 1076 344 1143 πῆσαι
375 1074 462 1127 τὸν
486 1077 678 1145 Λόγον,
712 1078 1169 1149 καταθρήσωμεν,
1214 1081 1294 1132 ὅτι
1326 1080 1425 1131 οὐκ
1462 1077 1750 1148 ἄνθρωπόν

174 1168 288 1218 ἑστι
322 1168 644 1238 προσλαῦεἶν
669 1169 744 1233 ὡς
776 1171 833 1222 ὲν
861 1172 1126 1241 συναφεία
1148 1174 1213 1242 τῇ
1248 1172 1389 1224 κατά
1418 1188 1480 1239 γε
1515 1171 1610 1241 τὴν
1641 1173 1748 1223 ἰσό-

177 1275 310 1327 τητα
342 1259 436 1326 τῆς
461 1258 634 1324 ἀξίας,
665 1262 830 1330 ἦγουν
858 1263 1163 1327 αὐθεντίας,
1206 1264 1237 1333 ἢ
1268 1263 1359 1315 καὶ
1404 1263 1544 1315 κατά
1580 1263 1749 1332 μόνην

170 1350 268 1418 τῆς
294 1352 537 1422 υἱότητος
569 1355 907 1423 ὁμωνυμίαν,
944 1355 1143 1423 μᾶλλον
1166 1356 1221 1409 δὲ
1253 1356 1311 1408 τὸ
1338 1356 1593 1423 γενέσθαι
1625 1355 1748 1407 καθ’

170 1441 317 1510 ἡμᾶς
346 1442 653 1514 ἄνθρωπον,
686 1446 823 1515 μετά
854 1446 945 1499 τοῦ
991 1447 1275 1518 ἀτρέπτως
1316 1450 1409 1501 καὶ
1454 1447 1747 1501 ἀναλλοιώδ

166 1548 275 1596 τως
306 1534 447 1604 ἔχειν
477 1536 860 1590 ἀνασώσασθαι
903 1542 968 1609 τῇ
1019 1540 1127 1610 ἰδίᾳ
1167 1540 1325 1608 φύσει
1362 1542 1452 1592 τὸν
1486 1542 1543 1593 ἐν
1577 1557 1747 1612 προσ-

167 1624 330 1696 λήψει
358 1627 556 1698 σαρκὸς
594 1630 687 1682 καὶ
722 1630 953 1700 αἵματος
979 1632 1337 1702 οἰκονομικῶς
1369 1633 1646 1701 γεγονότα.

267 1793 313 1813 ’τ’

241 1794 337 1861 Εἷς
369 1799 465 1867 μὲν
498 1794 587 1853 οῦν
612 1802 757 1853 ἐστιν
777 1803 882 1874 ἄρα
907 1803 1013 1875 πρὸ
1042 1804 1140 1875 μὲν
1158 1806 1254 1875 τῆς
1278 1808 1598 1880 ἐνανθρωπή
1611 1827 1744 1876 σεως

1852 629 2067 685 passum
2098 616 2189 675 sit.
2214 624 2267 669 et
2293 614 2593 668 surrexerit
2622 629 2686 669 ex
2734 612 2982 667 mortuis.
3009 613 3084 668 Ita
3114 613 3257 667 enim
3284 613 3420 668 delia

1850 706 1985 762 nivit
2022 706 2145 762 ﬁdei
2182 706 2498 778 Symbolum
2530 706 2779 779 Synodus
2818 714 3012 779 magna
3050 712 3105 761 et
3142 715 3351 761 sancta.

1921 880 2301 954 Perqnirentes
2329 894 2506 937 autem
2540 893 2592 937 et
2638 898 2755 949 nos,
2785 895 2840 937 et
2865 882 3174 938 discernere
3196 883 3426 951 cupien-

1853 984 1955 1040 tes,
1986 977 2112 1046 quid
2143 978 2213 1030 sit
2243 979 2476 1040 tandem,
2511 976 2847 1029 incarnatnm
2880 989 3020 1039 esse,
3050 986 3107 1028 et
3148 974 3425 1027 hominem

1851 1068 2053 1123 factum
2088 1069 2179 1122 Dei
2214 1067 2443 1122 Verbum
2477 1086 2490 1120 :
2520 1069 2811 1129 cernimus,
2841 1070 2980 1136 quod
3024 1084 3128 1120 non
3178 1068 3281 1121 hoc
3316 1076 3422 1131 est,

1852 1160 2122 1213 hominem
2170 1172 2444 1213 assumere
2476 1168 2727 1226 tanquam
2778 1159 2830 1210 in
2867 1157 3269 1225 conjunctione,
3302 1167 3424 1226 qua

1852 1248 1945 1302 ﬁat
1992 1264 2089 1318 per
2132 1249 2492 1318 aequalitatem
2540 1249 2837 1318 dignitatis,
2890 1249 3005 1303 sive
3056 1248 3421 1311 auctoritatis,

1850 1339 1932 1394 vel
1957 1355 2051 1410 per
2069 1342 2237 1396 solam
2264 1342 2501 1395 tilietatis
2527 1341 2876 1412 ὁμωνυμίανς
2910 1340 3077 1409 magis
3102 1352 3279 1394 autem
3304 1338 3421 1393 fieri

1845 1430 1997 1499 juxta
2032 1446 2130 1488 nos
2164 1432 2434 1487 hominem
2469 1434 2585 1502 (ita
2628 1443 2802 1486 tamen
2855 1444 2911 1484 ut
2960 1432 3101 1483 nulla
3142 1432 3424 1484 conversio

1849 1525 1932 1579 vel
1964 1527 2315 1580 commutatio
2353 1526 2756 1596 subsequatur),
2786 1534 2839 1579 et
2882 1525 3169 1578 sublevare
3216 1522 3424 1591 pariter

1848 1632 1969 1670 cum
2000 1632 2094 1671 sua
2132 1626 2323 1671 natura
2349 1634 2468 1670 eum
2515 1618 2606 1686 qui
2641 1619 2693 1671 in
2723 1617 3091 1686 assumptione
3122 1615 3225 1668 fuit
3241 1614 3423 1669 carnis

1846 1715 1899 1763 ct
1939 1709 2216 1779 sanguinis
2254 1710 2671 1777 disnensatorie.

1922 1799 2070 1854 Unus
2106 1802 2267 1871 igitur
2304 1814 2409 1866 est,
2440 1803 2531 1871 qui
2564 1814 2687 1856 ante
2716 1802 3140 1856 incarnationem
3178 1814 3207 1854 a
3241 1799 3421 1855 divina

163 1889 574 1960 ὀνομαζόμενος
624 1892 712 1946 διά
764 1894 863 1963 τῆς
903 1894 1258 1950 θεοπνεύστου
1307 1899 1528 1969 Γραφῆς
1577 1904 1740 1955 Μονο-

1853 1893 2135 1963 Scriptura
2172 1895 2500 1954 nominatur,
2518 1905 2571 1949 et
2609 1892 2951 1963 Unigenitns,
2991 1906 3043 1946 et
3073 1892 3332 1955 Verbum,
3366 1899 3425 1944 et

163 1983 354 2051 γενὴςν
394 1982 488 2035 καὶ
516 1984 704 2053 Λόγος,
748 1987 842 2038 καὶ
879 1986 1032 2052 Θεὸς,
1076 1989 1167 2041 καὶ
1198 1989 1383 2053 εἰκὼν,
1432 1995 1527 2045 καὶ
1571 1995 1748 2047 ἀπαύ-

163 2086 381 2141 γασμα.
425 2073 518 2124 καὶ
546 2075 835 2146 χαρακτὴρ
870 2078 967 2147 τῆς
1007 2078 1356 2144 ὑποστάσεως
1386 2082 1477 2134 τοῦ
1514 2084 1744 2155 Πατρὸς,

161 2158 303 2231 ζωὴ,
351 2161 496 2229 δόξα,
546 2162 681 2231 φῶς,
732 2166 915 2236 σοφία,
958 2166 1205 2238 δύναμις,
1272 2170 1536 2242 βραχίων,
1574 2174 1744 2240 δεξιὰ,

165 2252 411 2322 ὕψιστος,
467 2254 934 2327 μεγαλοπρέπεια,
978 2260 1179 2330 Κύριος
1214 2262 1453 2328 σαϐαῶθ,
1498 2266 1593 2317 καὶ
1626 2268 1745 2319 ἐτέ-

170 2360 288 2417 ροις
324 2346 436 2398 τισὶ
476 2347 737 2411 τοιούτοις
763 2350 1012 2421 ὀνόμασι,
1045 2356 1155 2417 τοῖς
1186 2354 1404 2427 ἀληθῶς
1450 2357 1747 2430 θεοπρεπε-

166 2436 418 2499 στάτοιςσ
462 2438 599 2508 μετά
633 2439 689 2492 δέ
734 2457 798 2508 γε
839 2443 935 2513 τὴν
982 2443 1416 2516 ὲνανθρῶπησιν,
1459 2449 1746 2521 ἄνθρωπος

162 2527 402 2597 Χριστὸς
444 2528 671 2600 Ἰησοῦς,
708 2532 1044 2603 ἱλαστήριον,
1097 2538 1345 2609 μεσίτης,
1378 2541 1600 2613 ἀπαρχὴ
1638 2543 1746 2596 τῶν

163 2620 607 2690 κεκοιμημένων,
658 2625 1003 2693 πρωτότοκος
1061 2629 1125 2681 ἐκ
1189 2631 1420 2701 νεκρῶν,
1495 2633 1747 2705 δεύτερος

178 2708 373 2780 Ἀδὰμ,
410 2712 620 2783 κεφαλὴ
649 2714 742 2767 τοῦ
796 2713 1047 2785 σώματος
1089 2717 1189 2789 τῆς
1225 2720 1572 2794 Ἐκκλησίας,
1621 2726 1746 2779 ἑπο-

165 2803 350 2874 μένων
373 2805 521 2875 αὐτῷ
551 2806 645 2859 καὶ
676 2806 782 2859 τῶν
808 2810 864 2861 ὲν
892 2809 1083 2878 ἀρχαῖς
1102 2812 1401 2881 ὀνομάτων.
1433 2816 1617 2869 Πάντα
1638 2820 1745 2890 γὰρ

160 2894 354 2959 αὐτοῦ,
385 2895 453 2949 τά
490 2914 549 2950 τε
586 2897 802 2968 πρῶτα,
828 2900 921 2952 καὶ
954 2900 1022 2953 τὰ
1060 2901 1116 2954 ὲν
1150 2904 1396 2974 ἐσχάτοις
1426 2906 1518 2960 τοῦ
1552 2910 1746 2974 αἰῶνος

161 2989 399 3057 καιροῖς.

240 3074 333 3141 Εἷς
362 3080 467 3149 ἄρα
494 3080 643 3134 ἐστὶν
663 3083 690 3135 ὀ
727 3083 817 3135 καὶ
850 3084 953 3154 πρὸ
978 3084 1075 3155 τῆς
1112 3086 1581 3161 ἐνανθρωπήσεως
1613 3093 1744 3156 Θεὸς

162 3169 442 3240 ἀληθινὸς,
481 3172 575 3224 καὶ
614 3175 671 3224 ἐν
700 3173 1081 3246 ἀνθρωπότητι
1136 3182 1460 3251 μεμενηκὼς
1493 3185 1628 3255 ὅπερ
1650 3181 1737 3255 ἦν,

160 3263 263 3315 καὶ
291 3262 427 3329 ἔστι,
472 3264 568 3316 καὶ
609 3262 781 3318 ἔσται.
815 3266 887 3318 Οὐ
921 3268 1220 3340 διοριστέον
1255 3269 1346 3326 οῦν
1380 3274 1489 3345 ἄρα
1521 3276 1611 3328 τὸν
1644 3276 1739 3329 ἕνα

160 3352 373 3425 Κύριον
410 3354 615 3426 Ἰησοῦν
661 3358 913 3427 Χριστὸν,
966 3362 1045 3423 εἰς
1087 3361 1267 3427 ίδικῶς
1304 3364 1618 3435 ἄνθρωπον,
1649 3369 1742 3422 καὶ

164 3448 250 3509 είς
292 3445 423 3499 Θεὸν
460 3447 661 3512 ίδικῶς,
703 3448 820 3501 ἀλλ’
871 3449 965 3503 ἕνα
1024 3451 1116 3504 καὶ
1174 3452 1265 3505 τὸν
1328 3455 1490 3510 αὑτὸν
1537 3458 1742 3528 Ἰησοῦν

168 3537 408 3607 Χριστόν
434 3554 613 3607 φαμεν
643 3534 805 3603 εἶναι,
839 3541 938 3609 τὴν
966 3540 1072 3593 τῶν
1106 3541 1319 3611 φύσεων
1349 3546 1546 3606 εἰδότες
1568 3547 1743 3618 διαιροο

162 3628 290 3700 ράν,
339 3629 433 3680 καὶ
478 3628 817 3698 ἀσυγχύτους
859 3629 1115 3701 ἀλλήλαις
1159 3632 1451 3703 τηροῦντες
1480 3635 1670 3700 αὐτάς.

242 3717 411 3771 Ὅταν
458 3715 550 3771 οῦν
590 3719 721 3792 λέγῃ
751 3721 808 3773 τὸ
840 3722 1078 3792 Γράμμα
1112 3723 1173 3775 τὸ
1210 3724 1376 3795 ἱερὸν,
1414 3726 1495 3779 ὅτι
1526 3728 1583 3779 ὲν
1612 3730 1767 3805 Χριτ

164 3810 282 3881 «τῷ
320 3831 336 3861 ι
377 3811 663 3882 κατῴκησε
688 3815 796 3866 πᾶν
822 3813 883 3865 τὸ
924 3813 1194 3887 πλήρωμα
1224 3817 1321 3887 τῆς
1359 3818 1608 3889 θεότητος
1642 3837 1745 3872 σω-

166 3902 438 3973 ματικῶς,
461 3923 479 3953 ι
511 3904 572 3956 οὐ
602 3904 688 3957 διὰ
710 3904 866 3958 τοῦτό
894 3923 1095 3977 φαμεν,
1129 3907 1204 3973 ὡς
1240 3911 1297 3962 ἐν
1326 3910 1496 3981 ἑτέρῳ
1521 3911 1743 3982 Χριστῷ

161 3992 247 4065 τῷ
299 3992 590 4065 ἀνθρώταμ,
652 3997 966 4067 καταμόνας
1020 4001 1348 4069 κατοικῆσαι
1406 4000 1498 4053 τὸν
1547 4001 1740 4070 Λόγονο

161 4083 294 4137 οὔτε
368 4083 473 4154 μὴν
522 4085 858 4152 διασπῶντες
917 4088 1161 4158 ἀλλήλων
1212 4091 1278 4143 τὰ
1336 4091 1593 4162 ἡνωμένα
1650 4092 1744 4147 δύο

161 4174 398 4244 νοοῦμεν
440 4174 620 4237 υἱούςσ
674 4178 851 4231 ἐκεῖνο
883 4178 940 4230 δὲ
974 4180 1195 4249 μᾶλλον,
1241 4181 1321 4233 ὃτι
1353 4183 1586 4253 Χριστὸν
1629 4184 1744 4237 ὀνο-

169 4262 335 4333 ⁸ιἰἱζει.
376 4264 437 4317 τὸ
479 4265 714 4336 Γράμμα
748 4267 809 4320 τὸ
847 4268 1013 4340 ἱερὸν,
1063 4272 1158 4324 καὶ
1186 4270 1261 4334 ὼς
1306 4274 1369 4325 ὲκ
1397 4274 1591 4344 μέρους
1630 4272 1743 4329 ἐσθ’

165 4359 281 4420 ὅτε,
313 4356 411 4428 τὴν
437 4358 834 4429 ἀνθρωπότητα
858 4360 951 4415 τοῦ
981 4362 1117 4415 Θεοῦ
1156 4364 1334 4432 Λόγου
1362 4366 1497 4419 ίδίαν
1522 4366 1662 4437 ἔχων
1687 4370 1744 4421 ὲν

163 4443 323 4506 τάξει
365 4445 655 4515 πεποίηται
708 4447 858 4502 ναοῦ.
890 4450 1202 4522 Γέγραπται
1248 4453 1304 4507 δέ
1339 4472 1442 4508 που
1481 4458 1574 4510 καὶ
1618 4458 1744 4530 περὶ

165 4533 281 4585 τῶν
327 4534 681 4607 ἀνθρωπίνων
738 4538 926 4610 ψυχῶν
954 4558 969 4573 ’
1006 4562 1024 4594 ι
1051 4544 1189 4607 Τοὺς
1244 4545 1302 4598 δὲ
1356 4547 1740 4613 κατοικοῦντας

1853 4555 1902 4599 et
1947 4544 2013 4599 de
2066 4546 2349 4599 animabus
2401 4546 2649 4599 humanis
2695 4562 2709 4600 :

1848 1986 2013 2053 Deus,
2054 1996 2108 2040 et
2151 1987 2347 2058 imago,
2376 1996 2429 2041 ct
2456 1987 2657 2048 lumen.
2680 1996 2735 2040 et
2762 1987 2929 2054 tignra
2964 1984 3282 2039 substantiae
3319 1982 3423 2036 Pa-

1851 2077 1969 2142 tris,
1999 2087 2054 2131 et
2089 2079 2222 2142 vita,
2255 2090 2307 2133 et
2336 2079 2527 2148 gloria,
2556 2087 2610 2133 et
2649 2077 2921 2147 splendor,
2960 2086 3017 2131 et
3045 2076 3330 2145 sapientia,
3364 2085 3424 2131 et

1847 2169 2041 2232 virtus,
2066 2177 2121 2223 et
2150 2169 2451 2233 brachium,
2480 2180 2533 2223 et
2563 2170 2770 2234 dextra,
2802 2180 2855 2223 et
2881 2168 3208 2234 Altissimus,
3231 2178 3286 2222 et
3307 2184 3422 2223 ma-

1847 2258 2174 2328 gniﬁcentia,
2211 2270 2263 2313 et
2293 2260 2547 2315 Dominus
2571 2257 2830 2324 Sabaoth,
2861 2269 2913 2313 et
2939 2260 3061 2313 aliis
3098 2258 3299 2314 talibus
3325 2274 3423 2313 no-

1848 2352 2104 2415 minibus,
2133 2366 2251 2421 quaz
2293 2366 2418 2405 vere
2456 2352 2785 2406 conveniunt
2823 2352 3029 2405 dcitati.
3064 2350 3193 2406 Post
3240 2353 3423 2406 incar-

1848 2442 2121 2497 nationem
2164 2458 2294 2498 vero
2333 2445 2514 2506 homo,
2559 2442 2832 2509 Christus,
2866 2443 3044 2509 Jesus,
3101 2442 3420 2513 propitiato-

1847 2535 2008 2599 rinm,
2054 2536 2335 2600 mediator,
2392 2535 2643 2605 primitiae
2699 2535 3102 2597 dormientium.
3151 2536 3422 2606 primoge-

1846 2626 1993 2680 nitus
2037 2642 2067 2680 a
2115 2628 2370 2689 mortuis,
2412 2628 2677 2682 secundus
2728 2628 2896 2680 Adam
2921 2666 2937 2692 ,
2976 2636 3137 2697 caput
3176 2628 3421 2695 corporis

1849 2716 2120 2783 Ecclesia},
2138 2734 2260 2773 cum
2285 2735 2408 2774 eum
2433 2720 2594 2773 etiam
2628 2720 2842 2773 nomina
2874 2719 3051 2788 prisca
3075 2729 3373 2788 sequantur
3402 2736 3419 2772 :

1844 2810 2025 2864 Omnia
2060 2812 2204 2864 enim
2240 2811 2405 2880 ipsius
2434 2812 2650 2879 propria
2704 2819 2853 2875 sunt,
2880 2822 2936 2865 et
2962 2811 3164 2882 priora,
3214 2821 3270 2867 et
3297 2825 3421 2883 quin

1846 2903 2153 2958 novissimis
2185 2903 2325 2957 facta
2356 2903 2707 2973 temporibus.

1914 3074 2062 3133 Unus
2092 3078 2251 3147 igitur
2276 3088 2376 3143 est,
2415 3086 2471 3134 et
2494 3077 2587 3148 qui
2639 3086 2763 3134 ante
2802 3076 3237 3134 incarnationem
3279 3078 3424 3134 Deus

1845 3179 1962 3223 erat
1987 3184 2164 3233 verus,
2194 3180 2247 3223 et
2262 3170 2353 3239 qui
2385 3170 2437 3223 in
2469 3171 2802 3224 humanitate
2826 3170 3093 3225 mansitid
3109 3170 3252 3239 quod
3278 3180 3419 3237 erat,

1806 3270 1811 3289 ί
1842 3271 1895 3313 et
1918 3269 2017 3324 est,
2038 3268 2091 3314 et
2116 3261 2237 3314 erit.
2268 3260 2387 3315 Non
2408 3261 2793 3317 discernendus
2820 3261 2981 3333 igitur
3006 3277 3144 3316 unus
3166 3261 3423 3318 Dominus

1842 3350 1997 3406 Jesus
2025 3352 2290 3420 Christus,
2323 3353 2375 3407 in
2404 3353 2675 3409 hominem
2706 3368 2981 3419 seorsum,
3008 3363 3063 3408 et
3095 3369 3338 3408 seorsum
3363 3354 3421 3408 in

1844 3444 2010 3498 Deum
2039 3461 2054 3511 ;
2085 3444 2178 3499 sed
2208 3460 2371 3500 unum
2410 3447 2764 3515 eumdemque
2788 3444 2969 3500 Iesum
3000 3445 3275 3500 Christum
3300 3459 3422 3500 esse

1846 3536 2105 3603 dicimus,
2146 3551 2253 3591 non
2310 3537 2620 3607 ignorantes
2665 3536 3023 3592 differentiam
3080 3546 3421 3602 naturarum,

1844 3629 2012 3699 788
2040 3629 2134 3685 sed
2160 3645 2253 3684 eas
2293 3629 2603 3684 incnnl‘usas
2632 3629 2773 3684 intcr
2804 3645 2926 3685 sese
2950 3640 3247 3686 servantes.

1918 3720 2140 3787 Quoties
2170 3720 2336 3789 igitur
2362 3719 2563 3775 Littera
2596 3734 2749 3775 sacra
2777 3732 3173 3775 commemorat
3193 3722 3334 3791 quod
3364 3723 3419 3777 in

1842 3812 2067 3868 Christo
2112 3830 2135 3863 ι
2186 3812 2505 3867 inhabitavit
2554 3815 2729 3867 omnis
2784 3814 3057 3880 plenitudo
3121 3815 3420 3869 divinitatis

1844 3904 2202 3975 corporaliter
2230 3905 2272 3936 “
2304 3920 2319 3972 ;
2361 3923 2380 3957 ι
2414 3921 2519 3959 non
2552 3905 2671 3960 ideo
2700 3905 2927 3961 dicimus
2949 3914 3203 3974 tanquam
3233 3906 3284 3959 in
3309 3905 3418 3959 alio

1844 3997 2081 4062 Christo,
2115 3997 2169 4050 in
2196 3996 2411 4050 homine
2443 4012 2685 4052 seorsum
2717 3996 3051 4052 inhabitasse
3078 3999 3246 4052 Deum
3276 3997 3414 4052 Ver-

1845 4086 1971 4140 bum
2001 4101 2015 4151 ;
2047 4099 2145 4139 nec
2174 4100 2337 4155 porro
2367 4085 2665 4141 dividentes
2693 4101 2755 4141 ea
2786 4102 2905 4155 qua:
2934 4087 3081 4140 unita
3107 4096 3255 4150 sunt,
3280 4088 3415 4142 duos

1845 4176 2194 4248 intelligimus
2232 4176 2399 4241 ﬁlios;
2446 4176 2572 4232 illud
2598 4186 2779 4231 autem
2817 4178 3017 4244 magis,
3054 4179 3197 4246 quod
3253 4175 3412 4234 Chri-

1844 4281 1987 4325 stum
2019 4270 2261 4324 nominat
2291 4269 2493 4325 Littera
2520 4284 2674 4324 sacra
2706 4284 2771 4323 ex
2810 4279 2963 4340 parte
3010 4285 3418 4341 nonnunquam,

1842 4370 1900 4415 et
1923 4361 2061 4428 quod
2116 4361 2501 4415 humanitatem
2539 4361 2630 4416 Dei
2664 4361 2917 4428 Verbum,
2954 4376 3112 4431 quam
3144 4364 3417 4434 propriam

1847 4453 2038 4519 habet,
2068 4454 2120 4508 in
2152 4452 2323 4507 locum
2373 4454 2549 4523 posuit
2574 4453 2776 4523 templi.
2826 4454 3096 4525 Scriptum
3126 4465 3210 4509 est
3237 4465 3417 4510 autem

2752 4563 2771 4596 ι
2814 4546 3183 4602 lnhabitantes
3238 4558 3417 4603 autem

160 4625 275 4677 οἰκί
295 4639 347 4688 ις
377 4626 625 4697 πηλίνας,
657 4627 717 4693 ἐξ
740 4624 814 4683 ὧν
856 4631 951 4684 καὶ
978 4633 1131 4686 αὐτοὶ
1160 4635 1225 4687 ἐκ
1261 4635 1355 4689 τοῦ
1382 4638 1547 4692 αὑτοῦ
1572 4640 1740 4709 πηλοῦ

1853 4638 2030 4691 domos
2055 4636 2248 4703 luteas,
2284 4638 2351 4693 de
2374 4638 2566 4708 quibus
2601 4646 2653 4691 et
2685 4652 2782 4694 nos
2829 4652 2896 4694 ex
2926 4641 3113 4694 eodem
3164 4641 3276 4695 luto
3324 4656 3420 4695 su-

164 4716 293 4786 ἑσμι
308 4734 362 4770 ν.
396 4736 415 4769 ι
449 4714 579 4789 'Ap'
604 4713 703 4794 οῦν
728 4719 1029 4792 ἐπειδήπερ
1059 4723 1239 4788 οίκίας
1289 4726 1516 4794 πηλίνας
1544 4730 1613 4783 τὰ
1640 4730 1747 4785 τῶν

162 4806 302 4877 ἁνθρ
321 4806 473 4861 ’ὓπων
511 4792 766 4882 ὀνομάζει
793 4810 1041 4882 σώματα,
1066 4814 1466 4872 διαϐεϐαιοῦται
1490 4819 1545 4871 δὲ
1572 4836 1747 4875 κατοι-

165 4901 292 4953 κεῖν
336 4896 383 4952 ἒν
424 4901 617 4965 αὑταῖς
656 4904 755 4967 τὰς
804 4903 1004 4975 ψυχὰς,
1059 4906 1139 4969 είς
1186 4905 1279 4959 δύο
1326 4912 1744 4984 κατατεμοῦμεν

162 4986 491 5059 ἀνθράιπους
538 4991 629 5045 τὸν
677 4992 812 5061 ἕνας
876 4996 1070 5048 Καίτοι
1127 4996 1244 5061 πῶς
1301 5001 1401 5053 οὐκ
1443 5002 1746 5076 ἀμώμητον

164 5082 343 5135 παντί
366 5082 473 5147 ιῶς,
506 5084 568 5137 τὸ
591 5086 680 5140 καὶ
714 5087 772 5139 ὲν
801 5085 1072 5159 ἀνθρώπῳ
1102 5088 1351 5159 λέγεσθαι
1378 5099 1651 5149 κατοικεῖν
1680 5098 1741 5151 τὸ

173 5179 398 5249 πνεῦμα
438 5182 638 5248 αὐτοῦς
672 5183 835 5237 Ὥστε
886 5185 991 5238 κᾶν
1031 5188 1079 5238 εί
1125 5186 1185 5239 τὸ
1222 5188 1315 5241 τοῦ
1356 5190 1513 5258 λόγου
1556 5193 1741 5263 σχῆμα

168 5269 263 5324 διὰ
315 5272 570 5328 τοιούτων
610 5275 830 5347 ἔρχεται
883 5276 1139 5347 τρόπων,
1197 5279 1294 5350 οὐχ
1342 5282 1543 5353 ἑτέρως
1596 5284 1739 5356 ἔχειν

170 5360 490 5437 δυνάμενον,
555 5365 614 5417 οὐ
674 5366 771 5427 τὰς
838 5366 947 5419 τῶν
1020 5366 1361 5437 πραγμάτων
1433 5371 1738 5429 ἀδικεῑσθαι

173 5453 366 5521 φύσεις
395 5456 482 5511 διὰ
521 5454 680 5509 τοῦτο
714 5454 933 5525 πρέπει,
968 5457 1165 5509 ἐννοεῖν
1204 5456 1259 5509 δὲ
1307 5458 1506 5527 μᾶλλον
1546 5462 1735 5530 αὐτὰς,

172 5545 271 5598 καὶ
298 5546 531 5600 κατευθὺ
560 5545 659 5615 τῆς
681 5544 937 5615 ἀληθείας
968 5545 1305 5600 διασπεύδειν
1331 5550 1663 5619 ἐπείγεσθαι.

253 5680 297 5711 ⁸⁸
349 5680 556 5736 Coloss.
586 5695 646 5743 ιι,
674 5681 728 5734 9.
806 5680 849 5711 δ’
877 5678 977 5735 Job
1001 5696 1076 5744 Iv,
1103 5680 1189 5735 i9.

1844 4742 1963 4782 mus
1992 4727 2056 4781 ⁸¹.
2112 4747 2131 4783 ι
2164 4729 2412 4798 Ergone,
2444 4731 2697 4798 quoniam
2732 4730 2903 4785 luteas
2941 4733 3131 4785 domos
3179 4734 3415 4787 humana

1844 4828 2069 4892 corpora
2098 4823 2359 4888 nominat,
2385 4832 2440 4877 et
2464 4820 2695 4875 aﬂirmat
2720 4823 2770 4876 in
2802 4822 2886 4877 his
2911 4825 3119 4878 animas
3147 4825 3417 4890 habitare,

1848 4914 1902 4967 in
1931 4917 2064 4969 duos
2091 4913 2335 4969 homines
2355 4930 2515 4968 unum
2544 4914 2814 4968 hominem
2855 4914 3151 4969 dividemns
3176 4916 3199 4967 ’ί
3254 4917 3416 4984 Atqui

1851 5017 1957 5057 non
2008 5004 2319 5058 irrationale
2348 5004 2567 5058 omnino
2600 5004 2700 5070 sit,
2743 5014 2800 5058 ut
2848 5005 2899 5057 in
2936 5004 3153 5058 homine
3197 5006 3420 5074 spiritus

1848 5109 1980 5150 suus
2021 5096 2324 5152 inhabitare
2363 5096 2590 5152 dicatur.
2634 5098 2802 5164 Ergo,
2837 5098 2938 5151 etsi
2967 5113 3064 5165 per
3110 5096 3417 5167 huiusmodi

1848 5188 2037 5242 modos
2065 5189 2327 5244 orationis
2374 5190 2543 5259 ﬁgura
2606 5191 2882 5257 procedat,
2926 5204 3045 5243 cum
3096 5188 3253 5243 aliter
3302 5188 3418 5242 lteri

1846 5296 1952 5336 non
1986 5281 2177 5352 possit,
2205 5297 2309 5337 non
2340 5292 2515 5336 tamen
2543 5282 2663 5337 ideo
2696 5296 2873 5336 rerum
2892 5281 3168 5350 corrumpi
3195 5290 3417 5334 naturas

1844 5382 2111 5443 oporteat,
2138 5374 2245 5447 sed
2284 5375 2456 5445 magis
2484 5389 2575 5433 eas
2616 5383 2764 5431 recto
2799 5374 3039 5431 veritatis
3068 5382 3254 5428 tenore
3297 5389 3414 5428 ser-

1843 5481 1981 5523 vart.

252 5815 331 5885 (i)
358 5816 590 5884 lntellige
618 5833 863 5887 magnam
894 5818 1036 5871 illam
1066 5828 1119 5873 et
1138 5820 1517 5893 οἰκοῦμενικην
1547 5822 1740 5893 synodu

1853 5821 2134 5880 Nicanam.

536 5911 800 5973 ΡΑ-ιτιοι.
840 5915 953 5978 Gn.
984 5912 1215 5974 LXXV.

2903 5920 2976 5981 ιι
3175 5964 3217 6002 ,ν
