3856 6212
395 376 527 432 i387

463 492 684 563 Quoties
741 490 902 562 igitur
953 486 1253 560 quapiam,
1302 499 1422 555 qua:
1472 481 1789 538 dissimilem
1845 483 2046 539 sunt}.

391 591 534 643 inter
550 602 610 642 se
628 585 813 640 sortita
838 590 1107 647 naturam,
1126 578 1352 635 collecta
1370 577 1422 634 in
1447 574 1827 630 adunationem
1870 584 1967 639 per

389 676 829 748 compositionem
848 673 1097 727 videntur
1124 687 1138 725 :
1164 667 1354 725 deinde
1371 666 1686 721 alterutrum
1714 679 1776 717 ex
1806 660 1891 716 his
1913 660 1968 715 in

392 773 655 824 alterutro
682 766 930 821 habitare
961 763 1176 826 dicitur,
1210 775 1317 815 non
1357 757 1699 813 dividendum
1745 754 1799 807 in
1840 752 1966 813 duo,

394 860 736 917 adunationis
782 854 1138 912 conventione
1180 849 1401 907 minime
1428 846 1806 912 violata,licet
1856 845 1971 898 suis

398 950 705 1007 nominibus
744 963 841 1017 per
890 959 1010 1000 sese
1049 958 1117 998 ea
1173 957 1295 1012 qua!
1341 940 1573 995 adnnata
1621 946 1747 992 sunt
1796 934 1972 990 nomi-

394 1051 593 1098 nentur
619 1054 649 1092 a
684 1036 858 1091 nobis.
890 1033 1097 1088 Dicitur
1127 1045 1381 1099 namque,
1416 1037 1475 1082 ut
1512 1037 1639 1081 ante
1666 1025 1798 1088 dixi,
1835 1033 1887 1077 et
1916 1023 1969 1077 in

394 1132 618 1187 homine
666 1128 910 1184 habitare
966 1124 1192 1195 Spiritus
1233 1137 1403 1186 suus,
1432 1133 1530 1174 nec
1589 1129 1766 1171 tamen
1812 1115 1972 1169 homo

396 1222 620 1285 dicitur,
641 1229 695 1273 et
719 1230 959 1272 seorsum
986 1212 1209 1282 spiritus
1230 1225 1379 1275 suus,
1414 1220 1655 1263 seorsum
1678 1213 1732 1259 et
1756 1216 1971 1272 corpus.

396 1312 467 1370 Et
492 1312 593 1366 tale
617 1309 746 1382 quid
780 1308 932 1362 nobis
957 1305 1173 1359 divinus
1213 1300 1407 1356 Paulus
1438 1298 1656 1366 obliqua
1698 1293 1973 1365 signiﬁca-

399 1406 546 1459 tione
593 1401 615 1474 [
654 1401 707 1455 id
730 1406 815 1455 est
856 1398 1088 1453 obscure
1124 1401 1181 1448 et
1210 1391 1365 1462 quasi
1391 1387 1729 1457 :enigmatice
1754 1383 1774 1456 ⁷1
1822 1397 1968 1438 eom-

400 1501 697 1558 memorat,
721 1491 907 1546 dicens
940 1507 954 1543 :
987 1502 1010 1539 ι
1044 1485 1178 1539 Nam
1204 1482 1308 1538 etsi
1347 1481 1581 1537 exterior
1610 1487 1794 1532 noster
1816 1478 1977 1529 homo

400 1583 825 1655 corrumpitur;
871 1577 967 1636 sed
1020 1574 1249 1631 interior
1314 1578 1606 1627 renovatur
1661 1568 1729 1621 de
1779 1564 1866 1619 die
1922 1564 1975 1617 in

404 1680 545 1734 diem
575 1677 641 1731 “.
673 1693 693 1728 ι
725 1673 781 1729 Si
808 1674 931 1743 quis
956 1667 1116 1741 igitur
1140 1664 1339 1722 dixerit
1392 1662 1705 1718 interiorem
1734 1665 1974 1711 nostrum

402 1769 678 1825 hominem
696 1766 749 1820 in
769 1763 1037 1820 exteriore
1056 1758 1275 1815 homine
1295 1753 1621 1815 inhabitare,
1651 1764 1834 1803 verum
1857 1746 1979 1817 qui-

1405 363 1466 423 S.
1508 356 1781 419 CYRlLLI
1820 354 2287 415 ALEXANDle
2326 351 2647 413 ARCHIEP.

3506 344 3645 404 i388

2141 477 2310 531 ὀταν
2329 476 2512 530 τοίνυν
2534 472 2658 527 τινὰ
2688 470 2796 526 τῶν
2828 468 3079 541 ἀλλήλοις
3106 468 3205 537 οὐχ
3234 466 3428 538 ὁμοίαν
3456 466 3645 537 λαχόν-

2067 583 2176 622 των
2223 566 2324 640 τὴν
2373 564 2536 637 φύσιν
2574 561 2747 636 ὁρῷτο
2794 559 3181 631 συνειλεγμένα
3221 558 3361 630 πρὸς
3417 560 3643 630 ἑνότητα

2072 656 2216 711 κατὰ
2263 655 2552 709 σύνθεσινο
2630 651 2750 707 εἶτα
2801 652 2863 707 τὸ
2906 651 2965 706 δέ
3012 668 3065 704 τι
3120 650 3286 720 τυχὸν
3344 653 3404 705 ἐν
3456 652 3648 722 ἐκείνῳ

2070 744 2284 813 λέγοιτο
2330 746 2627 806 κατοικεῖν,
2676 743 2738 796 οὑ
2799 739 3098 813 διοριστέον
3137 742 3218 803 είς
3258 739 3382 805 δύο,
3418 740 3523 809 τῆς
3572 740 3648 803 είς

2075 834 2305 908 ἑνότητα
2336 834 2641 907 συνδρομῆς
2668 831 2790 887 κατ⁹
2813 832 3003 886 οὐδένα
3030 830 3232 901 τρόπον
3267 830 3649 901 ἀδικουμένης,

2070 928 2175 981 κᾶν
2212 929 2261 980 εί
2303 927 2409 981 τῶν
2458 925 2752 997 ἡνωμένων
2791 923 3054 994 ἑκάτερον
3102 920 3282 984 ἰδικῶς
3334 921 3655 993 ὀνομάζοιτο

2071 1018 2209 1090 πρὸς
2239 1017 2423 1089 ⁴ἡμῶν,
2446 1016 2594 1071 τοῦθ’
2635 1017 2772 1087 ὅπερ
2820 1015 2887 1069 ἂν
2930 1011 3042 1067 εἷεν
3078 1012 3384 1084 ἀμφότερα.
3413 1014 3651 1082 Λέγεται

2069 1110 2201 1182 γὰρ,
2242 1109 2319 1173 ὡς
2346 1108 2502 1180 ἔφην,
2540 1109 2631 1161 καὶ
2657 1110 2715 1161 ἐν
2741 1105 3016 1177 ἀνθρώπῳ
3043 1107 3320 1161 κατοικεῖν
3347 1105 3408 1157 τὸ
3436 1103 3655 1175 πνεῦμα

2072 1200 2240 1254 αὑτοῦ
2264 1216 2279 1231 ·
2338 1199 2480 1271 πλὴν
2522 1198 2810 1272 ἄνθρωπος
2875 1197 3119 1266 λέγεται,
3182 1198 3278 1252 καὶ.
3352 1196 3535 1260 ίδικῶς
3596 1197 3655 1249 τὺ

2076 1290 2320 1359 πνεῦμα,
2347 1290 2445 1343 καὶ
2480 1288 2586 1360 μὴν
2616 1289 2711 1343 καὶ
2737 1288 2797 1341 τὸ
2825 1286 3006 1357 σῶμα.
3040 1287 3234 1342 Καίτοι
3260 1286 3500 1341 τοιοῦτον
3524 1289 3655 1357 ἡμῖν

2074 1381 2448 1435 ὐπαινίττεται
2469 1381 2499 1433 δ
2531 1381 2841 1449 σοφώτατος
2868 1377 3081 1443 Παῦλος
3119 1379 3315 1447 λέγων·
3361 1397 3380 1431 ι
3404 1380 3469 1432 Εἰ
3493 1378 3605 1449 γάρ
3624 1380 3656 1432 δ

2075 1471 2182 1539 ἔξω
2205 1470 2361 1542 ἡμῶν
2385 1471 2669 1543 ἄνθρωπος
2695 1467 3087 1538 διαφθείρεται,
3110 1470 3225 1523 ἀλλ’
3252 1472 3280 1523 ὁ
3306 1471 3417 1523 ἔσω
3433 1470 3658 1524 ἀνακαιο

2074 1563 2260 1620 νοῦται
2278 1563 2461 1636 ἡμέρᾳ
2497 1563 2591 1617 καὶ
2611 1561 2814 1634 ἡμέρᾳ.
2830 1582 2848 1614 ι
2866 1562 3035 1615 Ὅταν
3049 1557 3141 1615 οῦν
3153 1577 3238 1625 τις
3253 1560 3401 1629 λέγοι
3424 1560 3516 1615 τὸν
3553 1562 3664 1614 ἔσω

2073 1656 2106 1724 ή
2117 1652 2232 1725 μῶν
2257 1652 2541 1724 ἄνθρωπον
2579 1652 2636 1705 ἒν
2670 1653 2745 1723 τῷ
2781 1652 2886 1717 ἔξω
2916 1651 3185 1724 ἀνθρώπῳ
3201 1654 3499 1715 κατοικεῖν,
3522 1651 3661 1724 άλη-

2078 1743 2224 1798 θεύει
2256 1743 2373 1815 μὲν,
2409 1743 2491 1806 είς
2510 1741 2603 1795 δύο
2618 1758 2683 1811 γε
2717 1741 2825 1813 μὴν
2852 1742 2946 1795 τὸν
2968 1741 3065 1795 Eva.
3084 1739 3265 1811 τεμὼν
3297 1742 3395 1811 οὐχ
3421 1742 3617 1813 ὁρᾶται
3640 1756 3658 1770 °

402 1861 525 1917 dem
557 1855 909 1920 memoravit,
948 1852 1002 1908 in
1034 1850 1142 1907 duo
1178 1859 1356 1904 tamen
1396 1860 1560 1900 unum
1590 1840 1828 1897 dividere
1874 1852 1979 1893 non

2089 1837 2217 1907 φησὶ
2248 1835 2306 1889 δέ
2345 1852 2448 1887 που
2488 1834 2585 1887 καὶ
2611 1835 2639 1887 ὁ
2661 1836 2947 1905 προφήτης
2984 1833 3246 1897 Ἡσαΐας·
3285 1851 3304 1884 ι
3326 1833 3420 1885 Ἐκ
3467 1831 3664 1894 νυκτὸς

403 1951 693 2009 videbitur.
741 1948 830 2002 Ait
863 1955 1040 1999 autem
1064 1941 1260 1997 alicubi
1281 1939 1444 1993 etiam
1481 1935 1739 2007 propheta
1771 1930 1977 1987 lsaias:

410 2063 431 2095 ι
463 2043 537 2097 De
560 2050 715 2096 nocte
742 2037 932 2109 vigilat
954 2035 1174 2106 spiritus
1205 2045 1355 2087 meus
1380 2030 1446 2083 ad
1475 2036 1560 2092 te,
1594 2025 1818 2081 Domine
1847 2022 1914 2077 “.
1955 2040 1975 2074 ι

408 2135 676 2193 Utrumne
725 2142 982 2201 tanquam
1024 2127 1395 2205 aliuspmter
1432 2121 1602 2189 ipsum
1649 2117 1869 2187 spiritus
1897 2114 1981 2184 ip-

411 2230 523 2283 sius
549 2228 615 2281 ad
659 2230 823 2279 Deum
852 2221 1051 2276 dicitur
1080 2206 1313 2287 vigilare
1342 2214 1366 2267 i
1401 2212 1592 2266 Nonne
1623 2210 1675 2265 id
1705 2207 1979 2276 ineptissi-

410 2335 558 2375 mum
586 2313 875 2372 videatur?
924 2312 1065 2380 Ergo
1097 2309 1239 2363 scire
1263 2306 1479 2376 quidem
1504 2316 1726 2357 necesse
1750 2309 1833 2353 est
1856 2313 1983 2352 ora-

412 2413 575 2467 tionis
632 2410 864 2480 tiguras,
900 2421 1005 2460 non
1053 2414 1231 2457 tamen
1271 2400 1339 2453 ab
1398 2397 1669 2451 intellectu
1708 2393 1985 2447 discedere

409 2500 775 2572 competenti,
807 2498 899 2552 sed
924 2495 1134 2551 referre
1166 2491 1335 2561 magis
1363 2488 1755 2543 sententiarum
1781 2482 1888 2535 vim
1916 2480 1985 2535 ad

412 2609 633 2651 sensum
668 2590 761 2660 qui
795 2588 1084 2656 unicuique
1113 2584 1199 2640 rei
1225 2581 1533 2638 conveniat.

477 2684 643 2757 789
661 2681 727 2735 Et
748 2682 791 2736 si
822 2681 1028 2734 dicatur
1053 2694 1071 2728 ι
1098 2678 1364 2744 prolicere
1386 2669 1548 2726 Jesus
1569 2676 1749 2730 aetate,
1783 2664 1987 2734 sapien-

414 2754 509 2832 tia:
533 2754 588 2831 et
616 2773 785 2844 gratia
817 2768 889 2835 ",
927 2787 947 2821 ι
981 2763 1395 2835 dispensationis
1437 2761 1554 2814 hree
1582 2771 1667 2811 res
1711 2763 1811 2808 est.
1847 2754 1987 2805 Deus

414 2867 613 2924 etenim
667 2863 897 2919 Verbum
957 2857 1346 2914 humanitatem
1393 2866 1542 2906 more
1594 2862 1693 2903 suo
1724 2845 1988 2917 prolicere

417 2956 782 3031 permittebat,
821 2963 875 3009 et
896 2952 1046 3022 quasi
1087 2947 1343 3019 paulatim
1386 2941 1686 2999 divinitatis
1715 2952 1827 2993 suae
1874 2936 1988 3005 glo-

418 3052 553 3105 riam
615 3047 829 3102 voiebat
892 3042 1205 3103 declarare,
1241 3047 1296 3092 et
1352 3050 1476 3091 cum
1530 3034 1771 3102 corporis
1830 3038 1989 3084 relate

416 3144 581 3198 etiam
638 3154 732 3194 sua
774 3136 1099 3197 extendere,
1145 3144 1215 3185 ne
1271 3129 1398 3199 quid
1453 3141 1649 3181 novum
1695 3123 1983 3184 videretur,

2079 1927 2322 2000 ὀρθρίζει
2348 1927 2408 1980 τὸ
2427 1926 2648 1997 πνεῦμά
2676 1943 2775 1996 μου
2799 1926 2934 1997 πρὸς
2961 1925 3251 1991 σὲ,ῢΘεός.
3273 1944 3292 1977 ι
3310 1920 3436 1995 'Ap‘
3470 1918 3564 1978 οῦν
3586 1923 3666 1987 ὡς

2080 2020 2267 2089 ἔτερον
2299 2019 2430 2089 παρ’
2455 2017 2618 2073 αὐτὸν
2638 2018 2699 2073 τὸ
2724 2017 2940 2087 πνεῦμα
2970 2017 3133 2072 αὑτοῦ
3162 2018 3298 2089 πρὸς
3331 2018 3461 2071 Θεδν
3480 2017 3662 2090 ὀρθρί-

2082 2110 2195 2177 ζειν
2243 2110 2497 2181 λέγεται;
2553 2110 2745 2164 Καίτοι
2803 2098 2921 2174 πῶς
2972 2111 3071 2163 οὐκ
3114 2112 3311 2165 ἄτοπον
3368 2109 3433 2163 τδ
3494 2110 3666 2178 φάναι

2081 2202 2325 2257 τοιοῦτόν
2355 2219 2442 2268 τι;
2491 2200 2702 2256 Οὐκοῦν
2740 2202 2938 2257 εἰδέναι
2977 2201 3078 2273 μὲν
3116 2202 3411 2269 ἀναγκαῖον
3444 2200 3515 2253 τὰ
3556 2200 3670 2253 τῶν

2082 2297 2254 2366 λόγων
2297 2296 2582 2367 σχήματα,
2628 2294 2691 2346 οὐ
2751 2294 2857 2363 μὴν
2892 2294 2987 2346 καὶ
3042 2293 3351 2359 ἐξίστασθαι
3393 2291 3489 2345 τοῦ
3528 2291 3671 2346 εἰκό-

2082 2407 2196 2454 τος,
2243 2388 2531 2461 περιάγειν
2568 2385 2626 2438 δὲ
2675 2384 2875 2455 μᾶλλον
2920 2383 3029 2437 τῶν
3078 2382 3493 2454 σημαινομένων
3569 2382 3671 2450 τὴν

2084 2477 2312 2548 δύναμιν
2342 2479 2435 2530 ἐπὶ
2463 2476 2555 2530 τὸν
2586 2473 2801 2545 ἑκάστῳ
2826 2472 3111 2543 πράγματι
3136 2473 3413 2543 πρέποντα
3442 2470 3670 2527 σκοπόν.

2155 2658 2220 2713 Εἰ
2240 2658 2296 2712 δὲ
2316 2656 2381 2727 δὴ
2403 2656 2498 2710 καὶ
2520 2656 2732 2724 λέγοιτο
2757 2673 2775 2706 ι
2801 2653 3125 2724 προκόπτειν
3155 2656 3183 2707 ὁ
3215 2653 3427 2726 Ἰησοῦς
3456 2654 3675 2727 ἡλικίᾳ,

2088 2748 2181 2803 καὶ
2234 2747 2397 2818 σοφίᾳ
2438 2746 2534 2799 καὶ
2583 2745 2831 2816 χάριτι,›
2905 2744 3007 2815 τῆς
3053 2744 3364 2815 οἰκονομίας
3416 2743 3577 2798 ἔσται
3615 2745 3682 2798 τὺ

2086 2841 2299 2911 χρῆμα.
2341 2837 2645 2909 Συνεχώρει
2675 2836 2784 2908 γὰρ
2822 2838 2851 2889 ὁ
2894 2834 3031 2889 Θεοῦ
3072 2836 3245 2905 Λόγος
3294 2836 3383 2890 διὰ
3421 2837 3535 2889 τῶν
3577 2837 3681 2908 τῆς

2091 2930 2227 2993 ἰδίας
2286 2928 2504 2999 φύσεως
2545 2927 2682 2982 ὲθῶν
2727 2928 2865 2981 ίέναι
2903 2926 2965 2979 τὸ
3007 2925 3382 2998 ἀνθρώπινον·
3427 2928 3526 2980 καὶ
3566 2922 3683 2982 οἷον

2088 3021 2229 3074 κατά
2269 3019 2444 3091 βραχὺ
2472 3018 2572 3090 τῆς
2602 3018 2797 3073 ἑαυτοῦ
2827 3018 3078 3089 θεότητος
3116 3018 3276 3089 ἡθελε
3315 3020 3686 3090 κατευρύνειν

2094 3112 2157 3164 τὸ
2208 3111 2546 3181 περιφανέςο
2603 3110 2698 3162 καὶ
2745 3104 2929 3181 τῇτοῦ
2992 3107 3244 3179 σώματος
3282 3110 3472 3181 ἡλικίᾳ
3538 3128 3687 3183 συμ-

419 3234 581 3304 idque
629 3228 914 3284 nonnullos
960 3225 1126 3279 nimia
1184 3198 1419 3275 novitate
1472 3222 1819 3287 perterreret.
1853 3211 1982 3266 Cum

2097 3200 2474 3272 παρεκτείνειν
2499 3203 2569 3255 τά
2592 3198 2783 3253 ἑαυτοῦ
2808 3216 2821 3231 °
2850 3201 2927 3263 ὡς
2950 3199 3016 3254 ἂν
3046 3202 3124 3271 μή
3148 3218 3201 3253 τι
3218 3201 3279 3255 τὸ
3300 3201 3455 3264 ξένον
3475 3203 3689 3274 ὁρῷτο,

418 3319 721 3394 praesertim
777 3318 856 3373 sic
901 3330 1115 3386 quoque
1158 3314 1399 3369 dicerent
1441 3326 1456 3363 :
1500 3325 1518 3359 ι
1580 3303 1858 3372 Quomodo
1903 3301 1982 3355 hic

2096 3294 2192 3394 καὶ
2244 3293 2321 3363 τῷ
2378 3292 2497 3345 λίαν
2552 3292 2812 3362 ἀσυνήθει
2861 3293 3116 3364 ταράττοι
3166 3294 3343 3357 τινάς.
3395 3295 3536 3349 Ὅτε
3589 3296 3696 3350 καὶ

420 3379 629 3468 litteras
680 3409 804 3474 scit,
841 3422 962 3463 cum
999 3379 1104 3461 non
1144 3402 1397 3458 didicerit
1427 3399 1522 3453 “‘1
1556 3418 1576 3451 ›
1612 3399 1756 3467 Ergo
1807 3407 1982 3462 corpo-

2096 3384 2266 3448 οὕτως
2297 3384 2565 3452 ἔφασκον
2605 3404 2624 3435 ι
2657 3385 2781 3447 Πῶς
2805 3379 2959 3448 οὗτος
2982 3380 3086 3437 οἶδε
3126 3386 3428 3456 γράμματα
3464 3387 3550 3459 μὴ
3589 3406 3695 3459 με-

425 3502 533 3559 rale
564 3510 937 3571 augmentum,
960 3508 1015 3553 et
1064 3494 1334 3566 profectus
1366 3494 1552 3563 gratia:
1593 3504 1657 3544 ac
1694 3485 1982 3555 sapientiae,

2102 3476 2395 3571 μαθηκώς;
2432 3496 2451 3529 ι
2496 3478 2706 3531 Οὐκοῦν
2734 3479 3020 3550 σωματικὴ
3050 3479 3147 3550 μὲν
3180 3480 3212 3549 ή
3252 3477 3415 3549 αὔξη,
3469 3482 3580 3533 καὶ
3632 3478 3701 3534 τδ

423 3595 772 3651 humanitatis
805 3575 1072 3645 tnetisurze
1109 3589 1399 3650 convenit;
1429 3587 1603 3655 ipsum
1647 3594 1778 3635 vero
1823 3577 1982 3632 Deum

2098 3569 2427 3641 προκόπτειν
2461 3571 2520 3623 ἐν
2546 3569 2729 3640 χάριτι
2768 3570 2861 3623 καὶ
2903 3572 3084 3640 σοφίᾳ,
3113 3572 3313 3640 πρέποι
3340 3572 3408 3624 ἂν
3439 3573 3562 3635 τοῖς
3588 3571 3698 3642 τῆς

422 3687 659 3743 Verbum
691 3699 785 3756 per
816 3698 968 3738 suam
997 3690 1242 3736 naturam
1272 3674 1721 3748 perfectissimum
1768 3668 1994 3723 conﬁte-

425 3792 582 3842 mur,
632 3790 737 3829 non
781 3786 1006 3845 egenum
1059 3770 1358 3839 profectus,
1389 3782 1493 3821 non
1534 3761 1845 3833 sapientiae,
1890 3773 1993 3813 non

427 3865 632 3936 gratiae.
662 3865 843 3933 ipsum
882 3861 1025 3916 enim
1064 3868 1329 3916 creatura:
1363 3868 1417 3914 et
1454 3853 1770 3926 sapientiam
1800 3862 1995 3922 etgra-

431 3959 580 4024 tiam,
611 3966 665 4012 et
696 3957 833 4011 bona
862 3954 1042 4010 omnia
1073 3950 1329 4023 impertit.

502 4134 561 4191 Si
593 4148 722 4189 vero
749 4130 904 4187 Jesus
932 4143 1122 4201 passus
1146 4139 1265 4183 esse
1304 4126 1549 4188 dicatur,
1574 4122 1752 4193 passio
1781 4121 1997 4191 quidem

2098 3662 2518 3732 ἀνθρωπότητος
2561 3661 2803 3733 μέτροις.
2862 3661 3035 3714 Αὐτόν
3077 3677 3141 3729 γε
3201 3661 3310 3732 μὴν
3360 3660 3485 3714 κατ’
3554 3662 3697 3715 ἰδίαν

2101 3753 2262 3823 φύσιν
2294 3752 2605 3807 παντέλειον
2631 3750 2769 3806 εἷναί
2796 3768 2974 3821 φαμεν
3011 3752 3101 3804 τὸν
3132 3752 3197 3805 ὲκ
3225 3750 3359 3804 Θεοῦ
3388 3752 3594 3819 Λόγον,
3629 3754 3694 3805 οὗ

2102 3845 2386 3918 προκοπῆς
2405 3845 2759 3916 δεόμενον,οὐ
2788 3844 2998 3913 σοφίας,
3026 3845 3085 3897 οὗ
3112 3846 3330 3916 χάριτος
3354 3862 3369 3876 ·
3403 3845 3696 3915 διανέμειν

2102 3935 2159 3990 δὲ
2188 3935 2387 4007 μᾶλλον
2412 3939 2479 4006 τῇ
2501 3935 2677 3989 κτίσει
2713 3935 2906 4004 σοφίαν
2936 3934 3033 3989 καὶ
3070 3937 3251 4008 χάριν,
3284 3936 3383 3988 καὶ
3412 3936 3481 3989 τά
3511 3936 3585 3989 δι’
3614 3928 3695 3991 ὧν

2104 4027 2218 4099 ἔχοι
2252 4026 2449 4091 καλῶς.

2175 4119 2238 4172 El
2264 4118 2321 4171 δὲ
2349 4118 2414 4190 δὴ
2457 4116 2669 4186 λέγοιτο
2704 4116 2895 4170 παθεῖν
2935 4119 2964 4170 ὁ
3005 4115 3230 4188 Ἰησοῦς,
3274 4117 3337 4171 τδ
3373 4117 3476 4190 μὲν
3512 4116 3697 4183 πάθος

430 4231 535 4285 erit
573 4225 1026 4297 dispensationis;
1056 4223 1221 4292 ipsius
1268 4230 1448 4275 tamen
1496 4219 1716 4282 dicitur,
1762 4224 1816 4271 et
1856 4224 1982 4269 rectt

2107 4208 2258 4262 ἔσται
2283 4208 2383 4279 τῆς
2415 4208 2756 4279 οἰκονομίας·
2788 4206 2954 4260 αὑτοῦ
2998 4207 3055 4261 δὲ
3081 4207 3320 4277 λέγεται,
3349 4211 3447 4262 καὶ
3475 4211 3699 4281 σφόδρα

432 4321 672 4392 quidem,
696 4319 825 4389 quia
875 4329 1071 4384 corpus
1111 4313 1278 4383 ipsius
1318 4312 1590 4382 proprium
1639 4322 1856 4378 passum
1896 4316 1999 4372 est,

433 4425 491 4470 et
515 4422 632 4468 erat
654 4411 707 4464 in
730 4421 955 4478 corpore
988 4405 1221 4476 patiente
1242 4404 1375 4475 ipse,
1398 4402 1487 4472 qui
1509 4401 1620 4473 pati
1642 4415 1746 4455 non
1770 4408 2001 4468 poterat,

2107 4302 2331 4364 εἰκότως
2350 4318 2363 4331 ·
2395 4301 2476 4355 ὅτι
2508 4300 2603 4354 καὶ
2631 4300 2761 4353 ίδιον
2782 4301 2948 4354 αὐτοῦ
2978 4300 3040 4353 τὸ
3068 4301 3354 4364 πεπονθός.
3390 4302 3506 4355 Καὶ
3531 4298 3607 4373 ἦν
3632 4305 3694 4355 ὲν

2108 4390 2185 4462 τῷ
2220 4390 2481 4461 πάσχοντι
2517 4387 2753 4459 σώματι,
2780 4388 3012 4458 πάσχειν
3042 4387 3144 4458 μὲν
3172 4388 3269 4441 οὐκ
3308 4387 3467 4451 εἰδώς
3489 4406 3505 4418 ·
3544 4393 3701 4443 datat-

436 4503 785 4577 lmpassibilis
815 4474 900 4557 est
923 4474 1089 4566 enim,
1117 4507 1177 4553 ut
1208 4474 1352 4552 Deus
1383 4511 1399 4550 :
1429 4506 1689 4566 quantum
1713 4503 1895 4548 tamen
1935 4506 1982 4545 at

2112 4481 2210 4552 θὴς
2242 4480 2352 4549 γάρ
2397 4481 2546 4532 ἐστιν
2574 4479 2648 4543 ὡς
2676 4478 2805 4542 Θεός
2829 4494 2844 4509 ⁸
2884 4479 3007 4531 ὅσον
3038 4479 3095 4532 δὲ
3122 4474 3254 4550 ἦκεν
3292 4477 3372 4540 εἷς
3394 4493 3461 4545 γε
3488 4479 3561 4532 τὺ
3586 4482 3702 4532 τῶν

438 4599 861 4668 conviciatorum
887 4593 1232 4666 petulantiam
1257 4589 1534 4662 pertinuit,
1557 4602 1747 4658 passus
1767 4595 1932 4649 esset,
1955 4600 1981 4639 s

2109 4572 2633 4668 ἔμπαροινησάντων
2661 4569 2883 4643 θράσος,
2919 4570 3130 4637 παθὼν,
3168 4571 3267 4625 κᾶν
3293 4572 3340 4623 εἰ
3374 4570 3454 4640 μὴ
3489 4572 3703 4627 παθεῖν

434 4661 549 4763 pati
575 4698 776 4761 posset.
817 4661 958 4759 Ergo
996 4661 1451 4755 quoniamnostri
1481 4680 1673 4735 similis
1711 4677 1883 4733 factus
1921 4692 1978 4731 es

2109 4662 2348 4716 ἐδύνατο.
2399 4661 2607 4716 Οὐκοῦν
2660 4661 2961 4734 ἐπειδήπερ
3005 4663 3128 4717 καθ’
3186 4662 3325 4732 ἡμᾶς
3382 4663 3630 4730 γέγονεν
3676 4667 3704 4716 ὁ

436 4781 779 4854 Unigenitus,
809 4780 1229 4851 quotiescunque
1260 4774 1419 4829 homo
1440 4771 1748 4827 nominatur
1770 4786 1798 4823 a
1823 4768 1982 4824 divin:

2110 4753 2443 4854 λξονογενὴς,
2480 4754 2672 4817 ὁσάκις
2714 4753 2780 4807 ἂν
2822 4753 3106 4824 ἄνθρωπος
3162 4753 3499 4825 ὀνομάζηται
3544 4761 3700 4827 παρὰ

437 4844 1048 4944 Scriptura—intuentes
1106 4844 1579 4935 dispensationem,
1610 4862 1777 4919 Deum
1830 4861 1982 4932 ipsun

2113 4846 2212 4944 τῆς
2261 4844 2622 4944 θεᾼοπνεύστου
2670 4847 2914 4918 Γραφῆς,
2963 4845 3271 4909 ἐννοοῦντες
3330 4847 3434 4917 τὴν
3480 4852 3705 4901 οἰκονο-

437 4976 630 5021 ..πω-ε
659 4936 743 5020 δίε
766 4975 977 5035 quoque
1009 4962 1377 5016 εοηιίιεεηηυικ
2118 4936 2270 5007 μίαν,
2300 4936 2431 4990 Θεὸν
2456 4937 2585 4992 ὄντα
2610 4937 2752 4991 κατὰ
2771 4938 2933 5007 φύσιν
2969 4938 3132 4992 αὑτὸν
3172 4939 3267 4991 καὶ
3294 4936 3472 5003 οὕτως
3498 4941 3703 5009 ὁμολο-

2113 5027 2392 5099 γήσωμεν.

1916 5138 2070 5200 CAP.
2090 5140 2231 5199 XIV.

642 5261 898 5331 Exempla
924 5260 1113 5316 divina
1156 5259 1443 5329 Scriptura
1473 5259 1613 5330 quod
1648 5258 1741 5314 Dei
1793 5258 2017 5315 Verbum
2060 5260 2214 5317 hante
2250 5260 2452 5331 factum
2486 5263 2734 5317 manserit
2771 5262 2930 5317 Deus.
2980 5261 3058 5318 De
3083 5264 3479 5333 propitiatorio.

512 5376 604 5430 Ait
626 5371 821 5430 alicubi
846 5370 987 5426 Deus
1008 5369 1075 5424 ad
1101 5370 1405 5439 pontiﬁcem
1429 5368 1645 5443 Moysen
1675 5384 1694 5426 :
1729 5368 2015 5429 «Etfacies
2122 5390 2244 5432 reos
2298 5385 2561 5443 ornatos,
2621 5384 2676 5431 et
2726 5377 3006 5447 imponens
3044 5377 3163 5433 illos
3204 5394 3273 5433 ex
3325 5374 3577 5451 utroque
3632 5382 3711 5436 ιε.-

446 5463 876 5539 propitiatorium
905 5462 1253 5532 impositione
1286 5461 1401 5515 auri
1434 5462 1551 5530 puri
1586 5462 1813 5516 duorum
1862 5462 2014 5516 cubi-
2121 5477 2253 5522 tere.
2300 5466 2519 5522 Cherub
2556 5485 2693 5523 unus
2724 5470 2788 5525 de
2824 5469 2991 5526 mere
3044 5472 3167 5538 hoc,
3203 5482 3256 5527 ει
3286 5472 3516 5529 Chemb
3573 5489 3715 5529 unus

449 5575 623 5620 torum
658 5570 711 5616 et
758 5558 963 5615 dimidii
999 5556 1406 5629 longitudinem,
1445 5565 1496 5611 et
1539 5557 1705 5612 cubiti
1743 5556 1903 5611 unius
1955 5565 2013 5610 et
2120 5557 2185 5613 de
2211 5556 2378 5613 latere
2405 5560 2510 5614 isto
2538 5560 2916 5631 propitiatorii.
2951 5562 3019 5617 Et
3043 5563 3209 5620 facies
3242 5564 3377 5621 duos
3404 5564 3717 5622 Cherubin

449 5652 658 5711 dimidii
691 5650 1025 5707 altitudinem
1062 5668 1077 5706 :
1112 5660 1167 5705 et
1214 5644 1375 5704 facies
1433 5649 1564 5704 duos
1593 5647 1882 5705 Cherubim
1911 5662 2012 5702 au-
2121 5664 2285 5723 super
2304 5649 2410 5706 duo
2444 5652 2636 5709 latera.
2662 5652 2836 5709 Erunt
2864 5652 3156 5713 Cherubim
3184 5657 3555 5723 extendentes
3577 5669 3721 5728 pea-

525 5831 635 5890 “ll
657 5830 781 5888 Cor.
808 5847 881 5899 Iv,
906 5830 992 5885 l6.
1068 5829 1114 5860 “
1141 5829 1242 5887 lsa.
1270 5842 1414 5895 xxvi,
1442 5824 1496 5882 9.
1571 5826 1613 5859 "
1644 5823 1772 5882 Luc.
1802 5839 1861 5895 Il,
1888 5824 1975 5880 52..
2053 5823 2105 5861 “
2134 5823 2287 5882 Joan.
2310 5840 2413 5895 vu,
2447 5824 2532 5880 15.
