3856 6212
218 371 352 427 1589

1127 363 1414 422 SCHOLIA
1457 363 1543 424 DE
1582 363 2095 424 INCARNATIONE
2138 362 2510 420 UNlGENlTl.

3327 360 3464 422 1390

218 501 314 539 nas
363 496 576 536 sursum
629 479 1175 550 superobumbrantes
1225 485 1420 550 pennis
1457 485 1571 540 suis
1621 481 2066 554 superAminus
2133 490 2319 534 noster
2372 481 2528 536 Jesus
2565 479 2832 544 Christus,
2888 479 3118 547 imagine
3158 490 3212 536 et
3271 482 3460 553 ﬁgura.

213 575 640 649 propitiatorium
661 591 676 640 ;
695 584 748 628 et
765 572 938 628 vultus
957 589 1143 628 eorum
1169 563 1483 632 adinvicem'
1498 577 1786 646 respicien-

217 684 294 724 tes
319 667 746 739 propitiatorium
773 677 931 720 erunt
949 667 1013 720 "'.
1036 684 1054 718 ›
1086 665 1336 737 Ᾱίιιῐειηιι
1354 668 1714 724 certissimum
1735 668 1787 722 id

215 762 308 824 sit,
342 760 507 812 Deum
539 757 770 812 Verbum
797 756 960 810 etiam
988 756 1041 811 in
1076 759 1410 813 humanitate
1441 760 1604 814 Deum
1636 774 1788 812 man-

214 853 458 916 sisse,et
487 849 538 902 in
588 864 682 902 sua
728 848 896 918 gloria
943 863 1006 902 ac
1058 848 1370 916 majestate,
1411 851 1511 905 etsi
1565 860 1789 920 prepter

217 941 674 1010 dispensationem
728 939 904 993 factus
968 940 1036 994 sit
1087 941 1280 996 similis
1338 942 1554 996 nostri:
1602 942 1789 1012 Pr0pi-

214 1033 487 1087 tiatorium
519 1044 748 1098 namque
771 1045 866 1098 per
897 1032 1052 1084 iidem
1089 1031 1262 1085 factus
1285 1040 1368 1087 est
1392 1034 1546 1087 nobis
1571 1031 1787 1086 Emma-

215 1123 357 1176 nuel.
397 1120 454 1174 ld
500 1130 676 1174 autem
732 1121 884 1174 nobis
930 1120 1299 1190 comprobavit
1355 1122 1788 1191 sapientissimus

212 1212 448 1266 Joannes
506 1213 689 1266 dicens
738 1227 750 1263 :
797 1229 815 1262 ι
853 1210 1058 1275 Filioli,
1094 1213 1275 1266 scribo
1333 1213 1514 1274 vobis,
1565 1221 1622 1266 ut
1680 1229 1784 1267 non

214 1306 447 1374 peccetis
475 1321 488 1370 ;
519 1306 612 1358 sed
645 1305 690 1357 si
731 1304 852 1373 quis
897 1307 1232 1372 peccaverit,
1263 1306 1660 1360 consolatorem
1694 1304 1788 1358 ha-

223 1395 412 1450 bemus
463 1397 603 1465 apud
668 1394 919 1459 Patrem,
980 1392 1161 1448 .lesum
1212 1394 1481 1448 Christum
1528 1395 1727 1461 justum
1769 1410 1784 1459 ;

216 1496 275 1540 et
305 1486 420 1556 ipse
448 1496 532 1540 est
593 1485 898 1556 prepitiatio
957 1501 1052 1554 pro
1099 1488 1331 1553 peccatis
1369 1488 1566 1542 nostris
1593 1486 1733 1542 δί’-δ’.
1763 1505 1782 1535 ι

215 1577 327 1633 Nec
355 1593 460 1632 non
509 1579 668 1632 etiam
704 1578 938 1642 Paulus,
993 1598 1009 1629 ι
1039 1577 1208 1644 Quem
1264 1579 1556 1647 pr0posuit,
1593 1577 1784 1645 inquit,

216 1668 360 1725 Deus
398 1670 798 1740 propitiatorem
831 1684 927 1740 per
971 1669 1125 1723 (idem
1159 1669 1211 1722 in
1241 1684 1338 1724 suo
1371 1671 1632 1738 sanguine
1674 1668 1782 1721 ⁸ο.»

286 1761 553 1818 Caeterum
592 1777 750 1818 cerne
774 1761 1065 1817 Cherubim
1093 1762 1504 1816 circumstantes
1530 1761 1787 1830 prepitia-

211 1855 444 1920 torium,
473 1865 528 1910 et
557 1855 1109 1923 superobumbrantes
1140 1856 1356 1924 quidem
1383 1856 1572 1923 pennis
1603 1872 1618 1920 ;
1645 1870 1779 1909 con-
1817 1836 1857 1893 Β

209 1960 400 2001 versos
466 1955 644 2001 autem
697 1948 762 2001 ad
814 1947 1279 2016 propitiatorium,
1326 1957 1379 2000 et
1442 1961 1578 2015 pene
1634 1945 1784 2000 nutui

208 2035 495 2092 Dominico
518 2038 730 2093 oculum
779 2039 1134 2092 intendentes.
1172 2036 1250 2091 Ad
1287 2036 1381 2091 Dei
1409 2037 1551 2091 enim
1591 2036 1786 2091 volun-

207 2136 376 2182 tatem
409 2135 612 2182 tantum
659 2128 876 2195 respicit
909 2131 1094 2182 sancta
1144 2126 1447 2182 ccelestium
1498 2125 1784 2193 Spirituum

205 2217 534 2282 multitudo,
564 2226 618 2272 et
665 2233 936 2286 nunquam
982 2219 1074 2272 Dei
1127 2219 1358 2272 satiatur
1412 2225 1653 2286 aspectu.
1707 2217 1785 2268 Ita

202 2307 407 2364 Filium
461 2312 720 2380 propheta
781 2312 946 2367 lsaias
998 2312 1198 2366 vidisse
1242 2325 1300 2365 se
1349 2309 1477 2364 dicit
1545 2309 1597 2363 in
1658 2309 1784 2364 sede

202 2401 473 2456 altissima
519 2411 573 2457 et
614 2404 1065 2466 eminentissima,
1113 2401 1590 2457 circumstantibus
1617 2398 1783 2455 Sera-

199 2493 358 2564 Phim
383 2501 438 2550 οι
459 2492 874 2565 obsequentibus
898 2496 947 2549 ei
978 2503 1034 2547 ut
1056 2493 1168 2549 Deo
1190 2494 1235 2524 ⁸⁸

759 2627 922 2699 790
951 2627 1102 2682 CAP.
1135 2625 1254 2682 xv.

666 2745 822 2799 Aliud
860 2744 924 2798 de
955 2745 1100 2814 virga
1132 2741 1320 2798 Mosis.

276 2860 659 2919 Destinabatur
705 2859 990 2928 aliquando
1025 2858 1237 2912 divinus
1282 2855 1493 2930 Moyses
1533 2865 1592 2910 ut
1621 2855 1786 2911 lsrael

198 2954 272 3010 ab
295 2953 677 3024 Egyptiorum
697 2951 949 3006 violentia
985 2949 1260 3004 liberaret.
1289 2947 1489 3003 Verum
1527 2948 1783 3017 quoniam

198 3059 433 3102 necesse
485 3053 603 3098 erat
655 3057 777 3107 eos,
818 3043 909 3111 qui
961 3042 1060 3097 sub
1091 3042 1216 3109 jugo
1267 3049 1451 3094 essent
1512 3040 1788 3094 servitutis

198 3138 462 3203 insolita},
507 3137 653 3204 prius
697 3136 890 3190 docere
957 3133 1101 3202 quod
1155 3133 1233 3187 eis
1284 3132 1427 3186 Deus
1470 3131 1582 3201 jam
1637 3136 1783 3185 esset

196 3229 614 3291 reconciliatus,
648 3227 886 3295 prodigia
915 3239 1038 3278 eum
1073 3224 1252 3278 facere
1296 3223 1595 3291 imperabat
1624 3239 1637 3276 :
1675 3221 1781 3290 ple-

196 3333 438 3389 rumque
459 3320 602 3372 enim
643 3317 963 3371 miraculum
1005 3330 1102 3368 nos
1138 3315 1355 3368 adducit
1395 3315 1445 3366 in
1472 3314 1652 3368 iidem.
1691 3314 1781 3367 Ait

199 3414 372 3483 igitur
400 3409 611 3480 Moyses
641 3408 707 3463 ad
738 3407 905 3461 Deum
936 3406 1361 3473 omnipotentem
1392 3421 1406 3455 :
1446 3421 1464 3453 ‹
1504 3403 1559 3457 Si
1596 3412 1776 3456 autem

194 3517 307 3557 non
338 3499 668 3555 crediderint
695 3497 848 3559 mihi,
885 3509 1056 3564 neque
1080 3494 1346 3548 audierint
1375 3507 1556 3545 vocem
1580 3506 1776 3553 meam,

193 3595 447 3649 dicentes
481 3608 496 3644 :
530 3589 646 3645 Non
675 3589 922 3660 apparuit
951 3586 1042 3640 tibi
1074 3585 1214 3638 Deus
1241 3602 1258 3650 ;
1283 3585 1411 3654 quid
1434 3585 1609 3638 dicam
1641 3585 1781 3638 illis?

198 3683 354 3738 Dixit
388 3681 580 3734 deinde
621 3679 874 3732 Dominus
914 3695 926 3730 :
968 3675 1105 3742 Quid
1141 3676 1244 3730 hoc
1295 3685 1379 3729 est
1418 3676 1556 3743 quod
1595 3684 1679 3729 est
1725 3677 1777 3728 in

191 3789 371 3829 manu
415 3781 502 3826 tua
533 3772 554 3824 2
585 3770 881 3840 Respondit
915 3787 928 3821 :
962 3768 1141 3838 Virga.
1197 3767 1260 3821 Et
1296 3769 1372 3821 ait
1414 3768 1484 3820 illi
1522 3786 1534 3821 :
1572 3766 1779 3833 Projice

193 3865 353 3920 illam
377 3863 431 3916 in
462 3853 658 3916 terram
686 3879 699 3926 ;
729 3871 784 3915 et
804 3859 944 3914 facta
966 3868 1046 3913 est
1074 3873 1317 3927 serpens,
1342 3867 1396 3913 et
1421 3858 1551 3928 fugit
1571 3857 1780 3928 Moyses

193 3957 267 4010 ab
298 3968 392 4008 ea.
429 3952 497 4006 Et
528 3952 662 4007 dixit
689 3949 945 4005 Dominus
974 3949 1039 4002 ad
1075 3946 1288 4021 Moysen
1327 3963 1342 4001 :
1376 3948 1618 4002 Extende
1661 3961 1779 4000 ma-

195 4062 332 4101 num
371 4054 514 4098 tuam
535 4081 551 4108 ,
587 4052 642 4098 et
672 4043 1011 4113 apprehende
1054 4043 1278 4096 caudam
1311 4040 1427 4109 ejus
1457 4059 1472 4106 ;
1505 4049 1560 4094 et
1591 4049 1779 4094 exten-

192 4142 341 4194 deus
371 4150 591 4190 manum
632 4136 982 4205 apprehendit
1007 4138 1252 4200 caudam,
1283 4145 1338 4189 et
1367 4133 1504 4187 facta
1533 4145 1612 4187 est
1632 4134 1780 4202 virga

193 4231 254 4287 in
303 4243 473 4284 manu
509 4228 643 4295 ejus.
675 4227 738 4280 Et
785 4227 921 4280 dixit
957 4226 1030 4280 illi
1071 4244 1085 4280 :
1115 4225 1184 4280 Ut
1220 4227 1441 4280 credant
1490 4225 1620 4294 tibi,
1655 4226 1780 4294 quia

193 4317 458 4392 apparuit
488 4317 580 4371 tibi
621 4317 878 4371 Dominus
922 4319 1062 4372 Deus
1100 4325 1312 4386 patrum
1353 4331 1607 4382 suorum,
1644 4319 1781 4371 Deus

191 4414 508 4474 Abraham,
543 4418 597 4464 et
638 4409 775 4464 Deus
797 4409 968 4476 Isaac,
998 4418 1052 4463 et
1087 4409 1224 4463 Deus
1254 4407 1504 4463 Iacob".
1541 4428 1560 4461 ι
1594 4409 1783 4462 Anim-

1890 582 2106 641 propter
2128 572 2583 638 dispensationem
2626 570 2821 625 factam
2849 587 2968 625 cum
2994 587 3155 627 carne
3184 612 3200 637 ,
3235 590 3330 643 pro
3353 589 3470 630 ser-

1888 672 2049 732 pente
2075 662 2338 731 accipitur
2369 678 2530 727 aereo,
2565 677 2723 730 quem
2768 663 2941 716 erexit
2976 663 3215 733 Moyses.
3243 674 3300 719 ut
3348 679 3468 720 ser-

1891 763 2113 823 pentum
2171 768 2384 808 morsus
2425 763 2634 808 arceret
2669 754 2737 808 ".
2797 754 3048 808 Aitenim
3089 772 3104 809 :
3139 775 3157 806 ι
3219 755 3283 810 Et
3329 757 3470 811 sicut

1888 846 2097 917 Moyses
2143 847 2400 901 exaltavit
2437 857 2740 914 serpentem
2770 845 2820 899 in
2847 847 3056 901 deserto
3079 886 3093 910 ,
3130 849 3200 900 ita
3245 859 3464 916 oportet

1889 937 2116 992 exaltari
2158 936 2349 990 Filium
2388 936 2645 1001 hominis,
2687 946 2747 990 ut
2782 952 2969 992 omnes
3014 939 3103 1005 qui
3148 943 3372 992 credunt
3411 943 3461 990 in

1890 1030 2086 1098 ipsum,
2119 1044 2223 1083 non
2251 1039 2493 1098 pereant,
2517 1029 2608 1083 sed
2630 1028 2859 1083 habeant
2880 1030 3042 1082 vitam
3068 1040 3322 1083 :cternam
3345 1030 3410 1084 ⁵⁸.
3441 1049 3458 1080 ι

1889 1120 2352 1186 Quemadmodum
2381 1119 2524 1173 enim
2559 1135 2781 1187 serpens
2827 1121 2999 1175 laetus
3030 1136 3094 1175 ex
3120 1136 3228 1174 mre
3278 1105 3467 1174 salutis

1889 1222 2008 1268 erat
2037 1213 2468 1282 periclitantibus
2490 1227 2651 1267 causa
2687 1214 3057 1284 (sanabantur
3087 1217 3228 1293 enim
3260 1215 3312 1267 in
3339 1230 3462 1268 eum

1891 1308 2242 1375 respicientes
2269 1305 2288 1376 )
2322 1318 2336 1361 :
2371 1320 2434 1360 eo
2461 1306 2619 1360 modo
2643 1308 2802 1361 etiam
2834 1307 3090 1360 Dominus
3114 1305 3270 1361 Jesus
3310 1306 3466 1361 Chri-

1891 1407 2009 1452 stus
2057 1399 2138 1452 eis
2187 1399 2277 1468 qui
2334 1412 2455 1450 emn
2510 1398 2693 1451 vident
2742 1398 2955 1465 quidem
2997 1399 3049 1450 in
3114 1398 3464 1452 similitudine

1890 1489 2266 1558 malignorum,
2291 1505 2356 1544 eo
2384 1492 2525 1558 quod
2562 1489 2734 1542 iactus
2756 1488 2825 1542 sit
2859 1490 3036 1554 homo,
3078 1505 3180 1542 non
3215 1489 3465 1556 ignorant

1893 1590 2072 1634 tamen
2126 1581 2269 1649 quod
2326 1580 2467 1635 Deus
2499 1580 2572 1634 sit
2611 1579 2855 1634 vivificus
2904 1594 3064 1634 causa
3099 1580 3200 1632 erlt
3233 1581 3382 1644 vitze,
3411 1590 3464 1634 et

1891 1671 1982 1725 dat
2008 1685 2164 1741 posse
2187 1670 2438 1726 animalia
2467 1686 2730 1727 venenosa
2758 1673 2949 1737 vitare,
2976 1672 3027 1725 id
3043 1683 3145 1737 est,
3168 1671 3464 1727 contrarias

1891 1770 2202 1831 potestates.

1959 1850 2014 1903 Id
2039 1865 2250 1918 quoque
2273 1851 2429 1918 hujus
2457 1852 2531 1906 rei
2567 1852 2734 1920 ligura
2759 1854 2850 1919 sit,
2876 1851 3017 1923 quod
3053 1852 3292 1919 l.lloyseos
3313 1853 3460 1924 virga

1886 1941 2065 2011 virgas
2110 1943 2244 1995 alias
2273 1943 2632 2008 devoraverit,
2668 1960 2804 2013 quas
2833 1945 2886 1998 in
2927 1952 3124 1999 terram
3157 1946 3293 2015 magi
3337 1960 3462 2013 pro-

1881 2030 2125 2102 jecerant
2162 2034 2230 2086 ⁵⁷.
2273 2031 2445 2104 Igitur
2472 2035 2622 2102 virga
2647 2035 2864 2103 quidem
2905 2035 2958 2088 in
2993 2043 3193 2089 terram
3229 2034 3461 2104 projecta

1885 2132 1969 2178 est
2003 2141 2017 2190 ;
2057 2139 2160 2178 non
2195 2132 2374 2180 tamen
2408 2141 2620 2197 semper
2644 2127 2924 2182 remansit.
2970 2129 3256 2195 Resumpta
3284 2138 3460 2181 autem

1888 2215 2083 2270 iterum
2150 2217 2251 2271 fuit
2281 2218 2420 2287 quod
2450 2227 2567 2272 erat
2595 2234 2609 2270 :
2645 2233 2764 2272 nam
2797 2219 2918 2274 licet
2953 2219 3094 2275 facta
3123 2219 3214 2286 sit,
3250 2231 3307 2274 ut
3337 2231 3464 2275 ante

1886 2305 2018 2368 dixi,
2039 2305 2088 2359 in
2108 2307 2457 2362 similitudine
2481 2316 2664 2361 nostra
2691 2306 2865 2363 Patris
2887 2309 3056 2378 virga,
3086 2309 3136 2363 id
3154 2319 3256 2372 est,
3273 2309 3458 2370 Filius.

1886 2413 1983 2468 per
2006 2415 2163 2469 quem
2197 2400 2359 2454 habet
2380 2401 2620 2455 omnium
2659 2410 2978 2468 potestatem
3013 2418 3026 2464 ;
3066 2411 3328 2464 attamen,
3359 2402 3462 2456 in.-

1885 2490 2028 2560 pleta
2086 2491 2520 2562 dispensatione,
2569 2492 2829 2549 revolavit
2886 2493 2937 2546 in
2973 2492 3203 2557 caelum,
3257 2503 3311 2545 et
3357 2493 3460 2548 fuit

1890 2583 2084 2639 iterum
2136 2595 2390 2654 tauquam
2436 2585 2488 2640 in
2543 2601 2702 2642 manu
2745 2585 2920 2641 Patris
2979 2587 3128 2657 virga
3191 2587 3462 2656 aequitatis

1886 2689 1950 2729 ac
1980 2675 2127 2745 regni
2155 2692 2168 2728 :
2195 2677 2346 2732 sedet
2397 2677 2538 2732 enim
2583 2679 2649 2732 ad
2679 2678 2954 2732 dexteram
2998 2678 3268 2733 Genitoris
3292 2680 3370 2732 sui
3401 2679 3452 2731 in

1884 2767 2099 2836 pr0pria
2137 2769 2436 2834 majestate,
2471 2769 2628 2823 sedes
2667 2769 2957 2823 altissimas
2979 2769 3226 2824 obtinens
3252 2808 3268 2833 ,
3298 2769 3460 2825 etiam

1887 2870 2008 2909 cum
2044 2873 2206 2912 carne
2233 2859 2302 2913 ⁸⁸.

2508 2989 2660 3044 CAP.
2699 2988 2841 3045 XVI.

1957 3103 2116 3155 Aliud
2141 3103 2204 3157 de
2231 3117 2389 3157 manu
2417 3103 2837 3174 Moysisleprosa
2868 3115 2915 3159 et
2954 3102 3150 3178 integre
3181 3119 3388 3162 sanata.

1959 3237 1977 3267 ι
2009 3216 2152 3272 Dixit
2171 3219 2430 3272 autemad
2453 3233 2575 3272 eum
2614 3219 2755 3273 Deus
2779 3219 3036 3276 Dominus
3057 3221 3250 3276 iterum
3277 3239 3289 3274 :
3319 3221 3460 3277 Infcr

1885 3325 2098 3363 manum
2126 3321 2270 3363 tuam
2306 3311 2357 3365 in
2391 3311 2565 3364 sinum
2591 3319 2738 3365 tuum
2767 3327 2780 3377 ;
2811 3322 2865 3367 et
2891 3313 3111 3382 protulit
3139 3330 3353 3369 manum
3391 3315 3459 3368 de

1885 3404 2003 3455 sinu
2039 3417 2157 3464 suo,
2189 3413 2242 3454 et
2271 3402 2410 3455 facta
2441 3410 2522 3456 est
2551 3417 2739 3457 manus
2772 3402 2890 3473 ejus
2929 3403 3067 3458 sicut
3095 3405 3206 3460 nix.
3244 3406 3303 3458 Et
3324 3407 3458 3460 dixit

1886 3492 2075 3545 iterum
2106 3510 2120 3546 :
2151 3489 2293 3546 infer
2326 3506 2540 3544 manum
2577 3501 2719 3545 luant
2754 3493 2804 3546 iu
2854 3494 3028 3548 sinum
3066 3501 3214 3549 tuum
3246 3514 3259 3550 :
3286 3507 3340 3551 et
3375 3498 3454 3551 in-

1887 3584 2002 3636 tulit
2029 3599 2242 3637 manum
2282 3599 2435 3638 suam
2477 3584 2527 3637 in
2549 3585 2725 3640 sinum
2769 3600 2921 3640 suum
2945 3627 2959 3651 ,
2998 3595 3052 3640 et
3087 3588 3307 3656 protulit
3336 3603 3454 3644 eam

1882 3675 1950 3728 de
1971 3677 2092 3729 sinu
2120 3687 2310 3741 suo,et
2345 3676 2535 3730 iterum
2567 3678 2811 3730 restituta
2839 3687 2923 3731 est
2954 3677 3006 3731 in
3027 3677 3260 3733 colorem
3277 3681 3458 3735 carnis

1883 3767 1999 3834 ejus
2021 3768 2086 3823 ⁸³.
2123 3787 2142 3820 ι
2186 3767 2396 3821 Manum
2422 3769 2486 3821 ad
2518 3770 2790 3822 dexteram
2833 3769 2923 3823 Dei
2958 3777 3012 3824 et
3048 3769 3222 3824 Patris
3263 3787 3451 3826 verum

1884 3857 2075 3912 Filium
2101 3857 2213 3926 ejus
2248 3859 2426 3914 divina
2455 3856 2732 3929 Scriptura
2765 3861 3027 3916 nominat.
3055 3862 3272 3919 lnduxit
3305 3866 3454 3920 enim

1883 3950 2056 4019 ipsum
2109 3952 2374 4006 dicentem
2413 3970 2426 4004 :
2463 3970 2482 4003 ‹
2528 3951 2639 4022 Ego
2695 3968 2855 4007 manu
2908 3969 3025 4010 mea
3073 3957 3281 4013 ﬁrmavi
3339 3974 3454 4014 cm-

1883 4040 1991 4094 lum
2023 4041 2069 4072 ⁶⁶
2111 4058 2124 4107 ;
2167 4059 2185 4094 ι
2240 4057 2339 4096 nec
2389 4055 2495 4095 non
2556 4043 2720 4096 etiam
2759 4043 2924 4098 David
2961 4045 3172 4102 divinus
3219 4059 3401 4103 cantat
3437 4071 3453 4108 :

1890 4151 1908 4183 ο
1934 4131 2107 4187 Verbo
2140 4131 2350 4188 Domini
2383 4132 2503 4187 cmli
2533 4133 2724 4188 ﬁrmati
2757 4143 2881 4190 sunt
2907 4135 2951 4168 “
3006 4154 3028 4188 ο
3071 4138 3243 4195 Cerne
3271 4139 3454 4211 igitur,

1886 4226 1937 4278 in
1970 4227 2147 4280 sinum
2176 4227 2389 4294 quidem
2423 4221 2620 4298 Moysis
2662 4225 2837 4282 adhuc
2871 4243 3090 4283 manum
3125 4229 3242 4300 ejus
3268 4235 3455 4288 occul-

1886 4319 2017 4382 tari,
2054 4327 2108 4372 et
2140 4320 2374 4373 nondum
2429 4318 2626 4373 factam
2678 4312 2940 4389 leprosam
2965 4360 2980 4384 ,
3015 4323 3284 4394 prolatam
3322 4342 3454 4382 vero

1883 4412 2064 4467 statim
2122 4412 2387 4480 leprosam
2439 4411 2637 4466 iactam
2667 4431 2680 4466 :
2713 4411 2906 4469 deinde
2950 4429 3075 4470 mox
3131 4416 3373 4482 illatam,
3401 4429 3457 4474 et

194 4506 436 4560 adverte
497 4500 551 4555 in
596 4499 684 4554 his
733 4507 925 4552 natura
984 4507 1038 4551 et
1109 4498 1340 4551 veritate
1408 4496 1605 4550 Filium
1659 4495 1776 4558 Dei,
1813 4518 2074 4576 Drursus
2131 4503 2423 4572 prolatam,
2479 4512 2532 4556 et
2588 4504 2654 4557 de
2704 4515 2898 4558 caetero
2957 4521 3060 4561 non
3134 4507 3450 4577 leprosam:

195 4607 472 4665 tanquam
529 4593 772 4660 qutedam
822 4591 972 4659 virga
1025 4589 1094 4643 sit
1141 4588 1360 4654 Patris;
1397 4589 1542 4653 virga
1602 4597 1779 4641 autent

193 4690 428 4756 insigne
455 4693 539 4738 est
584 4682 734 4752 regni
766 4699 778 4735 :
820 4699 840 4734 ι
880 4680 1018 4734 Filio
1050 4679 1193 4734 enim
1248 4681 1393 4734 dedit
1431 4681 1630 4733 habere
1661 4693 1781 4733 om-

193 4782 356 4836 nium
409 4784 725 4844 potestatem
767 4773 830 4825 ⁸³.
882 4791 900 4824 ι
933 4771 1082 4827 Unde
1115 4772 1280 4826 etiam
1319 4771 1531 4826 divinus
1559 4771 1726 4825 David
1765 4788 1782 4825 :

196 4894 217 4926 ι
267 4871 530 4926 Thronus
560 4876 700 4932 tuus,
730 4866 922 4936 inquit,
956 4866 1116 4928 Deus,
1145 4865 1197 4918 in
1218 4864 1470 4918 saeculum
1493 4863 1693 4926 szeculi,
1731 4871 1788 4916 et

191 4967 349 5034 virga
374 4959 669 5028 mquitatis,
690 4960 839 5028 virga
866 4955 1012 5027 regni
1034 4957 1226 5010 tui“.)
1261 4955 1364 5009 Sed
1399 4970 1518 5010 eam
1552 4955 1781 5024 projecit

186 5058 247 5115 in
280 5066 518 5116 terram,
548 5051 599 5104 id
621 5059 737 5114 est,
769 5063 994 5118 corpore
1018 5058 1232 5102 terreno
1259 5048 1632 5110 circumdedit,
1664 5047 1780 5102 sive

185 5164 294 5223 per
345 5143 743 5203 humanitatem
798 5142 944 5195 misit
980 5140 1032 5192 in
1087 5149 1282 5194 terram
1321 5157 1334 5193 :
1370 5149 1496 5193 tunc
1529 5138 1670 5192 enim
1722 5139 1774 5191 in

183 5235 558 5298 similitudine
586 5233 760 5288 factus
789 5241 870 5286 est
903 5231 1258 5300 malignorum
1299 5230 1600 5292 hominum,
1625 5227 1776 5284 scili~

183 5326 673 5396 cet-malignitatis
711 5325 918 5392 signum
950 5335 1032 5377 est
1061 5338 1302 5392 serpens.

217 5423 389 5494 Quod
412 5428 596 5473 autem
620 5431 803 5472 verum
827 5416 915 5481 sit,
942 5416 1065 5470 hinc
1089 5416 1311 5469 scimus.
1351 5412 1466 5483 Ipse
1494 5415 1637 5467 enim
1663 5411 1773 5466 Do-

397 5531 445 5541 σε.

177 5593 226 5625 ⁸⁷
340 5585 528 5639 Exod.
551 5600 680 5646 xxv,
707 5584 794 5636 l7.
871 5583 984 5614 ‘3'"
1017 5580 1214 5637 lJoan.
1244 5597 1306 5648 ll,
1350 5583 1400 5647 l,
1437 5584 1493 5636 2.

173 5668 314 5722 itm,
345 5655 405 5708 2.
495 5654 541 5686 “
576 5654 715 5708 Psal.
756 5669 900 5717 μιν,
960 5654 1009 5706 7.
1087 5655 1133 5685 ⁸⁸
1166 5653 1326 5709 Num.
1379 5669 1493 5716 xu,
1549 5651 1603 5706 8.

169 5735 220 5768 ⁸³
255 5725 438 5784 Exod.
483 5725 631 5787 tv,6.

171 5806 222 5835 ιδ
260 5798 449 5855 Le'vtt.
491 5809 608 5857 xttt,
632 5795 686 5847 2.

1571 5581 1617 5612 '°
1649 5578 1807 5633 Rom.
1832 5594 1916 5645 Ill,
1973 5578 2066 5635 25.

1682 5650 1727 5681 ⁸⁸
1789 5648 1946 5706 Joan.
2014 5666 2096 5714 Ill,
2154 5651 2240 5704 M.

746 5723 789 5753 ‘°
819 5725 919 5782 lsa.
948 5724 1246 5788 XLvttt,13.
1360 5724 1398 5754 ⁸³
1436 5722 1574 5778 Psal.
1605 5735 1774 5788 xxxtt,
1797 5721 1850 5776 6.
1928 5722 1974 5753 “
2007 5719 2162 5776 Rom.
2194 5738 2308 5784 vttt,
2333 5721 2398 5785 25;
2432 5719 2536 5775 lsa.
2564 5737 2684 5787 Llll,
2764 5723 2847 5778 l2.
2929 5725 2972 5755 ⁸⁸
3005 5725 3024 5780 ι
3052 5725 3177 5780 Cor.
3235 5743 3285 5791 v,
3355 5727 3446 5784 21.

1837 4635 1841 4639 .
1886 4594 2189 4647 «Restituta
2203 4601 2288 4646 est
2309 4593 2473 4658 enim,
2504 4591 2697 4661 inquit,
2727 4591 2779 4645 in
2808 4593 3041 4649 colorem
3064 4596 3241 4650 carnis
3263 4597 3398 4666 ejus.
3429 4615 3448 4647 ι

1882 4685 2022 4754 Ergo
2070 4681 2304 4753 quandiu
2380 4683 2592 4751 quidem
2655 4695 2773 4738 erat
2826 4685 2876 4738 in
2932 4686 3054 4741 sinu
3107 4686 3282 4742 Patris
3311 4689 3454 4744 Deus

1883 4771 2137 4836 Verbum,
2176 4770 2474 4825 divinitatis
2505 4772 2682 4826 nitore
2717 4770 2989 4843 fulgebat;
3025 4791 3210 4830 verum
3235 4778 3453 4847 quando

1883 4863 2062 4931 aliquo
2122 4863 2280 4916 modo
2341 4871 2491 4916 extra
2540 4861 2642 4917 fuit
2697 4878 2795 4934 per
2852 4865 3274 4922 incarnationem
3337 4869 3455 4924 sive

1884 4953 2330 5026 ἐνανθρώπησιν,
2365 4955 2540 5010 factus
2585 4968 2666 5010 est
2706 4975 2724 5003 σ
2773 4958 2824 5012 in
2874 4959 3222 5014 similitudine
3274 4965 3455 5018 carnis

1884 5047 2125 5114 peccati,
2164 5057 2218 5100 et
2267 5047 2408 5104 inter
2465 5049 2678 5117 iniquos
2731 5059 3009 5117 reputatus
3058 5061 3141 5105 est
3170 5053 3235 5104 “.
3302 5072 3320 5104 ι
3361 5055 3453 5110 Ait

1883 5138 2024 5192 enim
2050 5138 2262 5192 divinus
2287 5137 2524 5205 Paulus,
2559 5156 2578 5189 ι
2620 5154 2742 5194 eum
2777 5141 2865 5207 qui
2901 5151 3180 5208 peccatum
3217 5159 3320 5198 nou
3352 5161 3450 5197 no-

1881 5239 2052 5294 verat,
2076 5244 2170 5299 pro
2192 5229 2346 5284 nobis
2369 5240 2647 5298 peccatum
2676 5231 2861 5298 fuisse,
2886 5241 2942 5286 ut
2971 5249 3066 5289 nos
3094 5233 3344 5289 lieremus
3361 5235 3452 5305 ju-

1882 5321 2026 5375 stitia
2067 5322 2118 5374 in
2146 5322 2259 5390 ipso
2297 5321 2363 5377 ⁸³.
2408 5340 2428 5375 ι
2464 5320 2576 5376 lloc
2600 5322 2853 5377 existimo
2881 5323 3080 5393 lepram
3115 5326 3444 5393 srgniﬁcare,

1883 5413 2190 5468 immundus
2232 5414 2378 5472 enim
2407 5415 2702 5470 secundum
2741 5416 2909 5486 legem
2951 5417 3192 5486 leprosus
3223 5418 3289 5473 “.
3343 5419 3449 5475 Sed

2581 5581 2627 5614 ”
2663 5580 2833 5636 Exod.
2884 5597 2960 5647 tv,
3014 5585 3132 5640 l-5.

2317 5651 2360 5681 ⁵⁷
2401 5649 2568 5705 Exod.
2625 5667 2698 5716 tv,
2746 5652 2800 5706 2.

3211 5583 3258 5616 ⁸³
3286 5583 3445 5643 Joan.

2880 5654 2924 5684 "
2983 5655 3122 5707 Psal.
3191 5670 3328 5716 xuv,
3390 5655 3446 5712 7.

2144 5579 2188 5612 “
2222 5579 2326 5636 lsa.
2353 5595 2425 5644 vn,
2455 5583 2506 5634 l.
