3856 6212
374 326 503 382 1391

1386 318 1445 375 S.
1484 314 1757 372 CYBILLI
1794 313 2261 371 ALEXANDRI‘NI
2298 311 2619 369 ARCHIEP.
2699 307 2702 311 ’

3484 310 3508 363 1
3521 311 3632 364 33'!

374 437 630 511 quoniam
670 437 863 489 iterum
888 433 941 488 in
972 433 1095 488 sinu
1138 432 1235 487 fuit
1267 433 1440 489 Patris
1468 433 1820 504 (assumptus
1866 440 1949 487 est
1977 434 2022 492 Α
2050 428 2426 501 Θρωπήσεωςῖ
2451 429 2557 482 Ant
2582 439 2751 496 quare
2785 423 3120 478 incarnatum
3146 422 3277 479 dicit
3298 421 3465 476 Deum
3492 424 3621 476 Ver-

373 535 426 585 in
462 527 906 585 resurrectionem
951 540 980 578 a
1017 524 1319 595 mortuis),
1351 526 1555 593 prolata
1599 525 1794 579 iterum
1836 539 1950 578 ma-

374 638 474 677 nus
502 619 783 674 videhatur
814 616 1009 670 munda
1043 632 1058 669 :
1091 617 1338 671 adveniet
1373 619 1517 671 enim
1557 625 1681 687 post
1709 625 1949 685 tempora

376 708 995 767 DominusuosterJesus
1022 707 1296 773 Christus,
1321 708 1373 762 in
1402 709 1714 763 sinceritate
1763 706 1950 761 divini-

375 806 498 857 tatis
526 816 579 858 et
602 802 794 874 gloria,
837 801 1085 872 quamvis
1114 800 1526 856 similitudinem
1561 810 1800 856 nostram
1840 815 1947 855 non

375 896 676 964 projecerit.
725 894 815 948 Ait
849 895 993 948 enim
1024 904 1080 947 et
1110 893 1300 948 beatus
1340 892 1540 949 Paulus
1587 893 1655 948 de
1676 891 1893 947 Christo
1927 911 1940 946 :

378 1006 400 1041 ι
430 989 563 1054 Quia
596 987 758 1043 semel
789 996 1035 1041 mortuus
1056 994 1141 1040 est
1168 985 1235 1040 ad
1263 985 1546 1040 multortnn
1580 983 1944 1040 exhaurienda

370 1088 614 1147 peccata.
656 1077 905 1133 Secundo
937 1078 1052 1133 sine
1082 1089 1301 1146 peccato
1321 1077 1599 1147 apparebit
1627 1086 1946 1146 exspectan-

375 1172 515 1225 tibus
556 1183 614 1225 se
666 1169 721 1224 iu
754 1168 982 1224 salutem
1012 1168 1077 1222 ".
1131 1188 1149 1220 ι
1184 1168 1325 1239 Ergo
1351 1169 1563 1238 quoties
1600 1168 1759 1225 nobis
1789 1183 1944 1224 sacra

370 1258 576 1314 Littera
608 1261 852 1315 nominat
877 1260 1149 1314 Christum
1166 1259 1369 1323 Jesum,
1398 1259 1554 1330 791
1583 1276 1649 1317 ne
1671 1261 1943 1315 hominem

369 1366 608 1406 seorsutn
666 1351 967 1423 putaveris,
1018 1367 1123 1405 non
1176 1366 1301 1407 vere
1360 1354 1594 1408 adunato
1671 1352 1771 1422 ipsi
1835 1352 1944 1408 Deo

377 1442 547 1497 Verbo
583 1460 596 1507 ;
638 1444 729 1499 sed
759 1442 1157 1498 existimaveris
1188 1443 1355 1514 magis
1377 1443 1550 1511 lpsum
1587 1457 1706 1499 eSse
1727 1459 1793 1498 ex
1834 1442 1943 1496 Deo

370 1544 425 1584 et
460 1532 619 1589 Patre
669 1531 902 1588 Verbum
938 1530 1126 1588 Jesum
1166 1531 1475 1600 Christum,
1500 1549 1619 1587 cum
1652 1533 1829 1590 factus
1873 1535 1944 1590 sit

370 1625 404 1679 li
418 1639 549 1681 uno.

977 1758 1127 1817 CAP.
1159 1760 1321 1815 XVII.

373 1867 524 1932 Quod
556 1868 792 1926 Christus
824 1889 924 1925 non
951 1884 1060 1927 erat
1083 1875 1232 1926 homo
1258 1873 1530 1997 θεοῆςρος,
1555 1890 1647 1928 nee
1673 1875 1931 1943 simplici-

373 1953 447 1990 ter
490 1945 543 1992 in
586 1943 790 1993 homine
844 1943 1150 1996 inhabitat-it
1188 1943 1325 1997 Deus
1421 1950 1638 1997 erbum:
1670 1945 1759 1997 sed
1797 1945 1931 1997 auad

371 1953 447 1990 ter
490 1945 543 2015 in
586 1943 790 2015 homine
818 1943 1150 2015 ⁸ἱηΙιαὺὶιαμπ
1188 1943 1325 1997 Deus
1375 1943 1638 2007 Verbum;
1670 1945 1759 1998 sed
1797 1945 1934 2015 quod

372 2012 534 2082 uiagt's
559 2026 682 2063 caro
711 2012 780 2064 sit
802 2011 1019 2079 factum,
1047 2013 1150 2066 sive
1172 2014 1323 2067 homo
1345 2015 1618 2082 perfectus,
1653 2011 1936 2068 secundum

372 2079 689 2147 δτι-ἔρωτας.

440 2215 541 2279 Qui
590 2215 748 2271 ﬁdem
797 2216 997 2273 habent
1045 2220 1100 2274 in
1154 2218 1368 2276 Christo
1426 2221 1824 2278 immaculatam
1884 2231 1938 2278 et

371 2308 531 2359 rectis
559 2306 810 2361 omnibus
830 2307 1097 2380 suﬂragiis
1129 2314 1549 2382 comprobatam,
1589 2315 1770 2369 dicant
1792 2316 1938 2370 vide-

369 2397 492 2451 lii-et
530 2399 671 2466 quod
701 2400 812 2469 ipse
828 2415 892 2456 ex
919 2401 1026 2455 Deo
1047 2400 1204 2457 Patre
1230 2405 1368 2459 Deus
1395 2402 1631 2459 Verbum
1660 2407 1712 2459 in
1748 2407 1935 2460 exina-

369 2492 592 2542 nitatem
678 2491 1050 2557 descenderit,
1133 2493 1363 2549 los-mam
1424 2495 1566 2551 servi
1640 2497 1932 2567 accipiens,

370 2582 747 2650 propriumque
786 2583 886 2638 sibi
922 2582 1123 2639 faciens
1168 2598 1386 2655 corpus,
1437 2586 1581 2655 quod
1622 2596 1707 2642 est
1748 2598 1933 2643 natum

369 2685 431 2723 ex
458 2671 669 2741 Virgine
692 2690 709 2740 ;
732 2674 874 2743 quod
908 2673 1081 2730 factus
1111 2676 1181 2729 sit
1213 2677 1377 2732 nostri
1413 2679 1624 2743 similis,
1653 2691 1707 2734 et
1732 2695 1937 2735 nuncu-

371 2771 527 2828 patus
546 2760 714 2817 Filius
737 2762 988 2819 hominis.
1020 2765 1114 2819 Est
1138 2775 1317 2821 autem
1337 2764 1478 2823 Deus
1501 2768 1711 2838 quidem
1740 2785 1933 2825 secun-

370 2855 493 2903 dum
513 2852 757 2920 spiritum
785 2868 801 2919 ;
832 2854 991 2909 homo
1012 2866 1188 2910 autem
1216 2857 1354 2912 idem
1378 2861 1671 2914 secundum
1694 2877 1931 2917 carnem.

371 2940 571 2996 Deinde
594 2942 807 2999 divinus
831 2943 1029 3001 Paulus
1051 2945 1360 3007 Judzeorum
1396 2951 1649 3022 populum
1689 2954 1931 3024 alloque-

370 3032 527 3087 batur
564 3034 789 3092 dicens:
820 3055 839 3089 ε
870 3036 1209 3095 Multifariam
1256 3042 1546 3115 multisque
1590 3046 1764 3101 modis
1805 3046 1931 3102 olim

372 3125 509 3180 Deus
525 3125 748 3195 loquens
772 3130 1014 3199 patrihus
1034 3132 1085 3186 in
1109 3135 1732 3203 prophetis,novissimis
1749 3140 1934 3196 diebus
1959 3143 2003 3203 C

374 3218 490 3271 istis
510 3217 717 3275 locutus
739 3229 822 3276 est
844 3222 1001 3279 nobis
1029 3224 1082 3279 in
1106 3225 1241 3281 Filio
1262 3226 1328 3282 ⁵⁸.
1368 3247 1394 3280 s
1418 3229 1481 3283 Et
1505 3246 1737 3299 quonam
1781 3233 1938 3289 modo

372 3308 702 3379 intelligatur
731 3311 943 3369 locutus
976 3313 1145 3373 fuisse
1175 3316 1313 3374 Deus
1352 3330 1406 3375 et
1435 3320 1597 3377 Pater
1632 3324 1939 3380 novissimis

368 3397 557 3453 niebus
586 3399 637 3453 in
663 3400 845 3457 Filio?
882 3401 1114 3462 Locutus
1147 3417 1230 3464 est
1254 3410 1397 3465 enim
1428 3413 1822 3484 antiquioribus
1843 3431 1938 3484 per

369 3497 545 3565 ipsum
583 3498 715 3553 dans
744 3498 937 3571 legem,
963 3512 1018 3557 et
1068 3505 1269 3561 idcirco
1292 3508 1405 3577 ipse
1440 3508 1608 3564 Filius
1643 3526 1771 3566 suos
1804 3512 1937 3567 dicit

367 3603 488 3642 esse
516 3604 819 3656 sermones,
843 3608 939 3663 per
959 3597 1411 3665 sapientissimum
1435 3600 1650 3674 Moysen
1675 3605 1932 3675 prolatos.

365 3677 452 3730 Ait
474 3679 615 3733 enim
646 3696 661 3734 :
701 3698 723 3731 ο
747 3680 923 3738 Nolite
955 3696 1142 3754 putare
1171 3691 1294 3759 quia
1335 3692 1458 3747 veni
1501 3693 1712 3749 solvere
1738 3696 1929 3766 legem,

366 3782 455 3824 aut
479 3777 786 3844 prephetas.
819 3774 934 3832 Non
963 3781 1083 3835 veni
1124 3782 1351 3848 solvere,
1393 3786 1486 3839 sed
1517 3787 1758 3858 implere.
1798 3788 1931 3845 Dico

364 3864 508 3916 enim
547 3866 718 3932 vobis,
744 3866 851 3922 iota
876 3885 1063 3938 unum,
1086 3884 1183 3928 aut
1214 3891 1349 3932 unus
1378 3893 1511 3948 apex
1537 3896 1642 3935 non
1682 3881 1929 3937 transibit

364 3972 393 4007 a
419 3957 551 4026 lege,
567 3958 734 4015 donec
755 3962 933 4017 omnia
962 3965 1108 4019 ﬁant.
1136 3967 1339 4023 Caelum
1357 3980 1412 4024 et
1439 3980 1576 4027 terra
1604 3975 1924 4040 transibunt,

364 4051 525 4101 verba
566 4060 743 4106 autem
791 4070 907 4110 mea
956 4072 1060 4112 non
1099 4061 1404 4118 transibunt
1441 4062 1506 4117 ".
1538 4082 1557 4115 ι
1591 4064 1741 4120 Adde
1762 4068 1924 4121 etiam

361 4143 635 4209 prophetae
690 4148 875 4201 voceni
928 4164 943 4201 :
1003 4166 1019 4200 ι
1068 4146 1187 4219 ipse
1254 4154 1345 4222 qui
1397 4153 1683 4223 loquebar,
1729 4168 1925 4226 praesto

362 4256 480 4293 sum
510 4240 575 4297 “.
613 4259 632 4293 ι
677 4239 820 4311 Ergo
865 4256 988 4296 cum
1049 4243 1221 4297 factus
1273 4255 1357 4297 est
1406 4244 1573 4301 Filius
1622 4249 1674 4300 in
1736 4263 1920 4314 carne,

364 4345 489 4386 tunc
537 4334 746 4389 locutus
793 4341 878 4388 est
936 4334 1088 4389 nobis
1139 4337 1299 4391 Pater
1367 4338 1420 4392 in
1454 4339 1588 4408 ipso,
1654 4340 1794 4395 sicut
1845 4343 1923 4396 ait

359 4423 549 4477 beatus
612 4421 831 4489 Paulus,
883 4425 1189 4482 novissimis
1238 4429 1504 4484 diebus".
1576 4429 1681 4486 Sed
1718 4447 1786 4486 ne
1823 4448 1919 4503 pa-

362 4529 476 4565 Hltlt
500 4516 801 4583 credamus,
835 4520 979 4589 quod
1008 4519 1121 4589 ipse
1150 4521 1218 4574 sit
1249 4520 1337 4575 ille
1359 4522 1449 4590 qui
1476 4523 1640 4579 etiam
1669 4532 1795 4578 ante
1820 4539 1919 4578 sa:-

358 4608 477 4660 cnla
537 4605 725 4675 Filius,
778 4610 957 4666 intulit
1007 4613 1235 4668 statim:
1277 4612 1426 4669 «Per
1472 4630 1630 4683 quem
1686 4614 1816 4669 fecit
1866 4625 1922 4669 et

356 4698 549 4753 smcnla
582 4700 660 4766 ⁷⁸,
695 4718 713 4752 s
765 4700 1105 4770 Spietidorem
1158 4707 1319 4758 etiam
1357 4706 1538 4774 gloria:
1584 4716 1637 4760 et
1693 4708 1916 4769 ﬁgurant

357 4790 668 4842 sunstantia:
699 4789 875 4844 Patris
906 4806 1027 4846 eSse
1064 4807 1493 4849 commemorans
1518 4794 1587 4849 ⁷⁸.

428 4882 597 4938 ilomo
628 4885 786 4950 igitur
814 4885 993 4941 factus
1013 4896 1094 4941 est
1135 4901 1261 4939 vere
1300 4885 1348 4939 is
1389 4900 1484 4954 per
1516 4901 1673 4954 quem
1705 4884 1833 4941 fecit
1862 4891 1917 4941 et

352 4980 545 5032 uetula
576 4978 714 5034 Deus
741 4978 936 5045 Pater;
966 4986 1019 5033 et
1047 4994 1173 5043 non,
1206 4989 1263 5031 ut
1292 4976 1530 5032 nonnulli
1573 4978 1905 5041 existimant,

352 5073 407 5124 in
442 5068 657 5123 homine
694 5071 812 5135 fuit,
846 5080 900 5123 ut
945 5076 1102 5124 homo
1150 5069 1474 5138 intelligatur
1515 5084 1546 5123 a
1590 5070 1744 5124 nobis
1792 5079 1909 5122 tan-

351 5176 508 5228 quam
540 5159 704 5213 Deum
726 5158 930 5212 habens
954 5157 1365 5211 inhabitanteni.
1398 5155 1527 5209 Nam
1557 5156 1600 5209 si
1629 5157 1742 5210 haec
1766 5166 1911 5210 recte

351 5270 408 5302 si:
441 5250 636 5303 habere
689 5263 810 5301 vere
838 5246 1132 5309 conﬁdunt,
1161 5259 1596 5313 supervacaneus
1618 5261 1738 5297 esse
1766 5246 1905 5297 vide-

351 5344 492 5393 bitur
516 5341 702 5393 beatus
726 5339 1053 5408 evangelista
1088 5336 1329 5392 Joannes
1364 5338 1552 5392 dicens
1581 5352 1596 5391 :
1632 5355 1659 5387 ι
1682 5337 1747 5391 Et
1778 5335 1910 5392 Ver-

349 5433 472 5483 hum
505 5446 629 5484 caro
658 5432 853 5483 factum
879 5440 960 5484 est
986 5429 1055 5483 η.
1089 5448 1105 5481 s
1144 5428 1242 5482 Ubi
1264 5430 1407 5483 enim
1438 5430 1728 5484 necessitas
1754 5430 1907 5481 ἐναν-

417 5576 459 5607 ﬁt
497 5575 658 5630 Hebr.
687 5576 872 5639 mea.
951 5577 995 5607 ια
1029 5576 1188 5631 Hebr.
1216 5575 1333 5642 1,1.
1408 5576 1450 5609 ιτ
1485 5558 1673 5637 Matth.
1701 5580 1865 5645 v,t7.

2037 5583 2123 5637 Ra.
2156 5600 2252 5643 Lit.
2280 5584 2331 5636 8.

348 5645 389 5673 ⁷¹
422 5645 573 5699 Jttatt.
603 5661 641 5708 l,
670 5649 752 5700 Η.

865 5646 909 5679 ⁷³
947 5649 1113 5702 Levit.
1163 5662 1302 5712 xxvi,
1336 5647 1429 5714 4‘2;
1461 5649 1478 5702 Ι
1506 5652 1629 5706 Cor.
1654 5668 1753 5719 ‘Vl,
1791 5653 1877 5710 16.

345 5710 391 5743 ’θ
422 5718 440 5765 ι
470 5717 590 5768 Cor.
620 5732 689 5781 γι,
724 5717 806 5769 19.

1989 5655 2033 5685 ⁷³
2069 5658 2235 5723 Alme.
2279 5670 2357 5719 nt,
2412 5652 2509 5720 20;
2562 5651 2719 5707 Joan.
2750 5666 2859 5716 xtv,
2915 5653 3002 5707 16.

2047 521 2198 584 bum,
2241 521 2284 574 si
2333 534 2436 574 non
2480 518 2657 573 factus
2689 527 2771 571 cst
2809 514 2979 570 caro?
3015 513 3110 569 Vis
3149 512 3623 585 ὲνανθρωπήσεως

2046 624 2101 668 et
2122 613 2353 670 similem
2380 612 2551 668 nostri
2574 626 2697 666 eum
2721 609 2922 664 factum
2946 621 3067 663 esse
3085 607 3374 678 signiﬁcat,
3398 617 3621 662 etman-

2046 704 2179 767 sisse
2203 712 2379 757 tamen
2415 703 2495 757 sic
2518 715 2734 772 quoque
2785 699 2959 770 ipsum
3012 713 3175 768 supra
3220 712 3348 761 nos,
3392 697 3502 752 imo
3527 711 3623 751 su-

2046 811 2139 864 pra
2175 798 2480 850 universam
2511 795 2681 865 ipsam
2706 802 3035 847 creaturam.

2092 887 2378 958 .Oportere
2419 898 2597 942 autem
2634 886 2907 949 existimo,
2938 898 2999 939 ea
3039 897 3159 953 qua
3186 883 3320 948 dixi,
3356 882 3619 952 exemplis

2043 980 2205 1040 etiam
2249 980 2601 1049 comprobare
2647 988 2703 1030 et
2744 976 3091 1046 persuadere,
3124 975 3266 1044 quod
3296 973 3617 1043 Unigenitus

2045 1071 2224 1126 iactus
2258 1071 2330 1124 sit
2364 1071 2546 1133 homo,
2576 1083 2633 1123 et
2670 1069 2741 1123 sit
2766 1066 2928 1132 Deus,
2960 1067 3122 1120 etiam
3158 1081 3277 1119 cum
3325 1080 3509 1130 carne,
3553 1080 3617 1119 ac

2045 1179 2151 1219 non
2189 1174 2398 1218 tantum
2430 1162 2747 1217 inhahitarit
2780 1160 2833 1214 in
2874 1160 3113 1221 homine,
3154 1158 3413 1228 θεοφόρον
3438 1159 3617 1228 ipsum

2042 1257 2297 1321 eiiiciens,
2334 1266 2590 1325 tanquam
2634 1254 2789 1317 alios,
2817 1253 2907 1321 qui
2939 1252 3237 1307 divinitatis
3268 1252 3433 1321 ipsius
3462 1250 3623 1306 fuere

2042 1348 2351 1419 participes.

2633 1501 2785 1557 CAP.
2823 1500 3007 1557 XVIII.

2042 1617 2195 1682 Quod
2222 1612 2534 1673 Emmanuel
2564 1617 2733 1672 Deum
2758 1619 2995 1672 habuerit
3021 1618 3166 1674 aliter
3204 1616 3613 1689 inhabitauut,

2671 1704 2829 1757 quam
2869 1704 2982 1742 nos.

1966 1795 2008 1851 B
2105 1801 2195 1856 Ait
2222 1800 2416 1855 alicubi
2447 1801 2593 1857 Deus
2630 1803 2695 1856 de
2735 1804 2890 1858 nobis
2914 1820 2933 1857 :
2961 1822 2985 1856 ι
3012 1804 3329 1860 lnhabitabe
3373 1805 3426 1860 in
3457 1806 3614 1876 ipsis,

2036 1904 2091 1949 ct
2118 1893 2481 1957 inambulatio,
2522 1903 2576 1948 et
2606 1908 2701 1947 ero
2728 1894 2861 1964 ipsis
2897 1893 3062 1960 Deus,
3094 1906 3145 1950 et
3170 1896 3267 1965 ipsi
3296 1906 3453 1950 erunt
3478 1899 3611 1951 mihi

2036 1985 2265 2054 populus
2291 1985 2357 2039 ⁷³.
2392 2003 2410 2035 ι
2455 1983 2561 2039 Nec
2604 1999 2711 2038 non
2750 1985 2914 2040 etiam
2966 1987 3080 2056 ipse
3127 1986 3387 2043 Dominus
3428 2000 3613 2043 noster

2035 2075 2195 2130 Jesus
2220 2075 2468 2130 Christus
2501 2095 2515 2130 :
2561 2093 2580 2127 ι
2613 2074 2749 2131 Ecce
2780 2092 2880 2147 ego
2928 2078 3121 2144 venio;
3155 2090 3212 2133 et
3237 2079 3280 2133 si
3320 2079 3441 2149 quis
3473 2080 3610 2135 mihi

2036 2168 2328 2236 aperuerit,
2383 2168 2592 2222 intrabo
2636 2183 2758 2237 ego,
2810 2177 2865 2222 et
2905 2168 3043 2239 apud
3079 2186 3205 2223 eum
3257 2172 3507 2235 cwnabo,
3556 2184 3615 2227 es

2036 2256 2216 2323 Pater,
2241 2268 2294 2314 et
2322 2259 2387 2312 ad
2416 2274 2538 2313 eum
2559 2260 2856 2324 veniemus,
2888 2270 2943 2316 et
2965 2262 3295 2318 mansionem
3320 2265 3459 2334 apud
3483 2280 3611 2318 eum

2037 2351 2298 2408 faciemus
2315 2352 2382 2406 ⁷⁸.
2418 2371 2438 2405 ›
2477 2350 2745 2407 Nominati
2776 2369 2964 2409 sumus
2984 2355 3147 2409 etiam
3175 2356 3429 2424 templum
3466 2356 3615 2411 Dei:

2042 2463 2061 2495 ε
2095 2444 2198 2500 Vos
2240 2445 2403 2509 enim,
2456 2443 2648 2514 inquit,
2685 2443 2882 2514 templa
2910 2445 3042 2501 estis
3085 2444 3177 2500 Dei
3220 2447 3326 2501 vivi
3369 2448 3434 2499 ".
3466 2466 3491 2499 ι
3544 2448 3610 2504 Et

2035 2551 2224 2591 rursus
2246 2555 2257 2590 :
2278 2556 2296 2587 ι
2319 2536 2545 2592 Nescitis
2562 2552 2787 2608 corpora
2812 2545 2987 2592 vestra
3013 2538 3266 2607 templum
3295 2554 3415 2593 esse
3436 2541 3611 2608 Spiri-

2040 2636 2122 2681 tus
2149 2628 2349 2695 sancti,
2367 2627 2455 2697 qui
2482 2636 2565 2682 est
2600 2627 2651 2681 in
2681 2629 2851 2694 vobis,
2876 2642 3033 2698 quem
3058 2630 3266 2685 habetis
3286 2647 3314 2684 a
3338 2631 3446 2685 Deo
3465 2632 3554 2687 "1
3581 2652 3612 2684 ν

2045 2717 2235 2774 Verum
2257 2719 2300 2774 si
2327 2719 2399 2773 ita
2427 2719 2598 2787 aiunt,
2620 2721 2793 2788 ipsum
2829 2735 3043 2791 quoque
3066 2735 3125 2776 se
3154 2721 3353 2778 habere
3385 2723 3612 2777 Emma-

2037 2811 2180 2875 nuel,
2194 2819 2270 2875 et,
2285 2819 2541 2881 tanquam
2562 2824 3000 2882 unumquemque
3016 2825 3290 2882 nostrum,
3302 2810 3611 2870 inhabitan—

2038 2908 2143 2954 tem
2164 2901 2215 2954 in
2232 2915 2353 2955 sese
2368 2900 2535 2955 Deum
2558 2901 2835 2968 habuisse,
2863 2913 3046 2973 aperte
3065 2905 3457 2973 conﬁteantur;
3480 2922 3613 2961 eum

2035 2987 2209 3058 ipsum
2258 2988 2476 3044 adorari
2520 2991 2881 3058 conspiciunt,
2919 3002 3025 3046 tam
3063 3007 3091 3046 a
3138 2993 3312 3059 nobis,
3342 3010 3503 3064 quam
3536 2998 3620 3054 alr

2034 3079 2265 3151 angelis,
2290 3081 2343 3134 in
2378 3081 2515 3139 coelo
2540 3084 2743 3151 pariter
2772 3092 2828 3139 et
2849 3083 2904 3137 in
2938 3093 3103 3150 terra,
3134 3085 3459 3142 erubescant
3480 3095 3609 3142 tan-

2037 3188 2196 3243 quam
2243 3175 2454 3229 diversa
2501 3174 2785 3245 alienaque
2833 3176 3147 3242 sentientes,
3176 3185 3233 3233 et
3277 3178 3607 3235 Litterarum

2037 3280 2316 3319 sacrarum
2356 3267 2686 3337 propositum
2722 3269 3052 3334 nescientes,
3089 3284 3188 3325 nec
3234 3269 3497 3328 habentes
3548 3272 3615 3327 in

2036 3371 2095 3412 se
2127 3356 2306 3422 (idem,
2340 3372 2500 3428 quam
2539 3358 2694 3413 nobis
2727 3360 3092 3427 tradiderunt,
3129 3361 3220 3431 qui
3256 3362 3309 3417 in
3337 3363 3617 3435 principio-

2034 3455 2088 3501 et
2112 3446 2384 3513 viderunt,
2416 3456 2473 3501 et
2504 3447 2947 3504 ministraverunt
2980 3447 3182 3505 Verbo.

2107 3538 2164 3592 Si
2204 3548 2386 3592 autem
2427 3539 2629 3605 dicant,
2664 3542 2806 3610 quod
2836 3549 3119 3611 propterea
3162 3543 3302 3598 Deus
3331 3544 3423 3613 sit,
3458 3554 3519 3601 et
3544 3555 3612 3600 ns

2035 3629 2175 3684 Deus
2202 3630 2553 3700 gloriﬁcetur,
2586 3634 2712 3702 quia
2746 3633 2799 3687 in
2824 3648 2890 3689 eo
2913 3643 3118 3689 tantum
3152 3635 3475 3693 inhabitarit
3506 3639 3611 3695 Dei

2029 3723 2206 3779 Patris
2244 3722 2518 3790 Verbum,
2555 3740 2619 3780 ac
2650 3741 2755 3781 non
2799 3736 3104 3797 propterea,
3145 3730 3269 3799 quia
3306 3729 3487 3785 factus
3528 3733 3605 3788 sit

2029 3815 2227 3881 homo;
2252 3817 2471 3872 audient
2492 3832 2680 3874 rursus
2710 3835 2737 3872 a
2763 3818 2916 3875 nobis
2944 3837 2958 3874 :
2982 3819 3039 3875 Si
3062 3821 3151 3887 iis,
3172 3822 3271 3891 qui
3290 3821 3599 3878 inhabitan-

2030 3918 2137 3963 tem
2173 3908 2223 3963 in
2262 3923 2321 3963 se
2348 3907 2515 3964 Deum
2547 3908 2854 3979 habuerint,
2881 3911 3012 3967 satis
3031 3922 3135 3970 est.
3160 3920 3216 3966 ut
3245 3914 3447 3969 ideirco
3470 3930 3596 3969 vere

2026 4002 2098 4056 dii
2133 4017 2253 4057 esse
2279 4003 2506 4073 possint,
2534 4012 2590 4058 et
2614 4004 2683 4059 ab
2718 4003 3026 4059 hominibus
3064 4004 3381 4070 adorentur,
3408 4021 3599 4061 omnes

2026 4108 2160 4150 sane
2193 4096 2366 4165 angeli
2401 4096 2755 4164 hominesque
2784 4098 2895 4149 sint
2933 4096 3003 4151 dii
3028 4104 3084 4150 et
3112 4096 3409 4161 adorandi;
3437 4098 3597 4153 iuba-

2024 4186 2159 4241 bitat
2181 4187 2322 4240 enim
2359 4187 2500 4241 Deus
2535 4187 2586 4240 iu
2618 4185 2818 4241 sanctis
2839 4186 3064 4254 angelis.
3105 4185 3399 4243 Habuimus
3428 4190 3591 4243 etiam

2025 4292 2124 4331 nos
2157 4277 2333 4346 ipsum
2362 4277 2415 4331 in
2446 4277 2602 4333 nobis
2626 4292 2721 4347 per
2751 4277 3015 4347 Spiritum
3045 4290 3321 4347 sanctum;
3361 4283 3453 4336 sed
3483 4298 3592 4337 non

2022 4367 2220 4422 sufﬁcit
2244 4369 2345 4424 hoc
2373 4370 2677 4432 ostendere,
2712 4378 2900 4423 natura
2923 4369 3055 4425 deos
3074 4380 3128 4425 et
3167 4372 3472 4428 adorandus
3498 4389 3592 4429 eos

1950 4486 1998 4543 Β
2023 4461 2114 4527 qui
2151 4460 2349 4514 habent
2384 4458 2643 4529 Spiritum
2671 4471 2937 4516 sanctum.
2976 4460 3144 4531 Igitur
3172 4480 3276 4518 non
3306 4474 3591 4536 propterea

2019 4549 2167 4605 Deus
2201 4561 2307 4613 est,
2331 4561 2385 4604 et
2410 4551 2719 4607 adorandus
2745 4552 3083 4618 Emmanuel,
3104 4557 3248 4625 quod
3272 4557 3594 4613 inhabitarit

2018 4642 2070 4695 in
2104 4657 2190 4703 eo.
2243 4652 2494 4712 tanquam
2544 4644 2597 4699 in
2647 4646 2861 4700 homine
2906 4647 3198 4713 communi,
3245 4657 3299 4703 et
3340 4664 3589 4705 seorsum

2016 4732 2367 4804 intelligendo
2413 4744 2470 4789 et
2499 4736 2553 4790 in
2582 4747 2735 4806 parte
2774 4738 2939 4792 Deum
2982 4735 3210 4793 Verbum
3231 4755 3257 4804 ;.
3294 4738 3391 4794 sed
3436 4742 3593 4810 quod

2011 4823 2216 4881 factum
2259 4826 2333 4881 sit
2355 4841 2508 4893 care,
2544 4829 2598 4884 id
2627 4837 2735 4893 est,
2769 4828 2932 4884 homo
2967 4847 2981 4885 :
3029 4832 3227 4886 mansit
3252 4831 3398 4888 enim
3438 4833 3593 4890 idem

2011 4922 2067 4969 et
2090 4913 2257 4982 Deus,
2283 4927 2339 4973 et
2364 4919 2671 4975 adorandus

2535 5052 2693 5123 792
2731 5052 3063 5109 CAP..Xl1t.

2084 5166 2240 5221 Dicto
2279 5170 2568 5223 auostolt'ca
2605 5170 2879 5293 iannibus
2918 5170 3058 5224 Deus
3093 5169 3394 5253 nominatus
3430 5181 3519 5224 est

2698 5242 2928 5293 ‘m'stus.

2698 5242 2739 5291 ξΙι
2750 5244 2928 5294 ristus.

2087 5350 2161 5404 De
2191 5351 2452 5421 mysterio
2482 5349 2667 5404 dicens
2697 5352 2987 5404 secundum
3023 5350 3294 5405 Christum
3326 5368 3339 5405 :
3376 5371 3395 5403 ς
3424 5352 3588 5419 Quod

2004 5443 2143 5508 aliis,
2159 5442 2353 5512 inquit,
2379 5440 2819 5513 generationibus
2836 5457 2939 5495 non
2960 5453 3039 5496 est
3061 5441 3297 5512 agnitum
3320 5442 3445 5498 ﬁliis
3481 5444 3586 5499 hoc

2428 5583 2471 5613 ⁶⁹
2506 5579 2669 5637 Hebr.
2700 5597 2740 5645 ι,
2772 5584 2821 5636 1.
2902 5583 2948 5613 "°
2984 5583 3113 5639 ibid.
3139 5583 3193 5637 2.
3272 5583 3315 5615 "
3358 5582 3495 5637 ibid.
3524 5585 3581 5640 5.

3094 5654 3139 5684 ⁷⁸
3174 5654 3191 5707 Ι
3220 5651 3344 5707 Cor.
3375 5668 3462 5718 tit,
3496 5656 3583 5711 Π.
