3856 6212
255 408 398 465 1395

1172 404 1463 460 SCIIULIA
1506 405 1593 459 DE
1626 401 2144 461 lNCARNATIONE
2182 402 2554 461 UNIGENITI.

3368 400 3507 459 139$

256 522 637 586 minum,sicut
653 536 796 576 nunc
814 520 1107 575 revelatum
1126 528 1209 574 est
1225 521 1429 575 sanctis
1447 521 1817 590 apostolis77.»
1851 524 1899 579 Α
1930 537 1948 570 ι
1984 518 2244 590 Apparuit
2269 519 2412 575 enim
2438 519 2607 590 gratia
2635 518 2728 573 Dei
2760 516 3047 572 salvatoris
3076 516 3346 581 omnibus,
3378 532 3505 570 cru-

258 615 365 670 Et:
419 631 438 667 (
470 612 782 685 Mysterium
817 614 959 683 quod
1008 615 1383 668 absconditum
1428 613 1531 669 fuit
1556 630 1585 668 a
1620 614 1831 668 saeculis

259 718 315 761 et
343 705 802 776 generationibus,
836 720 977 760 nunc
1001 712 1181 759 autem
1214 704 1559 760 manifestum
1594 715 1677 760 est
1703 720 1829 759 san-

258 796 357 850 ctis
386 796 521 864 ejus,
554 796 749 866 quibus
777 794 946 850 voluit
972 796 1214 850 revelare
1248 796 1463 851 divitias
1492 796 1676 868 gloriae
1711 812 1831 869 my-

257 889 405 944 sterii
437 889 593 956 hujus
617 889 671 944 in
697 890 968 961 gentibus,
999 891 1142 960 quod
1176 900 1259 946 est
1284 890 1555 957 Christus,
1589 893 1643 947 in
1680 891 1832 948 vobis

256 996 380 1047 spes
426 980 629 1050 gloriae,
661 996 821 1050 quem
862 997 962 1037 nos
1003 983 1382 1038 annuntiamus
1402 983 1468 1036 τ’.
1507 1002 1528 1037 ι
1563 983 1621 1039 Si
1672 984 1833 1054 igitur

256 1082 339 1127 est
382 1072 661 1144 Θεοφόρος,
692 1085 746 1128 et
778 1090 883 1129 non
926 1075 1065 1129 Deus
1110 1090 1257 1140 vere,
1288 1076 1560 1144 quomodo
1602 1077 1714 1147 ipse
1750 1084 1832 1131 est

254 1163 459 1217 divitia:
486 1167 670 1232 gloriae
706 1166 969 1235 mysterii,
997 1167 1138 1236 quod
1167 1169 1515 1221 annuntialur
1544 1168 1835 1240 gentibus?

258 1253 352 1306 Vel
386 1255 656 1323 quomodo
679 1258 900 1311 omnino
925 1259 1066 1313 Deus
1088 1260 1480 1314 annuntiatur‘.’

891 1366 1045 1422 CAP.
1082 1367 1199 1425 XX.

954 1482 1136 1537 Aliud.

248 1666 255 1669 _
331 1606 349 1637 ι
383 1587 516 1644 Volo
545 1589 689 1644 enim
724 1606 819 1645 vos
852 1592 996 1647 scire
1031 1596 1247 1665 qualem
1278 1598 1695 1658 sollicitudinem
1738 1606 1834 1659 ha-

252 1674 409 1732 beam
451 1696 546 1749 pro
568 1683 718 1737 vobis
740 1694 794 1737 et
825 1700 920 1754 pro
950 1686 1015 1740 iis
1038 1688 1127 1755 qui
1151 1699 1275 1744 sunt
1300 1690 1598 1761 Laodiceae,
1625 1705 1681 1750 et
1705 1696 1831 1766 qui.

253 1785 468 1837 cunque
518 1789 624 1827 non
680 1776 930 1833 viderunt
964 1778 1157 1833 faciem
1213 1797 1387 1837 meam
1438 1785 1489 1839 in
1541 1802 1725 1852 carne,
1777 1799 1836 1844 ut

1932 615 2083 668 diem
2117 630 2235 679 nos,
2272 621 2329 666 ut
2375 615 2704 677 abnegantes
2749 613 3082 681 impietatem
3135 621 3191 668 et
3222 611 3504 667 saecularia

1932 705 2219 768 desideria,
2274 704 2456 760 sobrie
2499 715 2553 759 et
2592 702 2739 770 iuste
2764 712 2820 759 et
2854 705 2940 774 pie
2986 706 3252 767 vivamus,
3302 702 3355 757 in
3408 704 3508 756 hoc

1930 795 2150 861 saculo,
2202 804 2581 863 exspectantes
2631 795 2844 850 beatam
2892 810 3067 866 spem,
3111 805 3167 849 et
3214 796 3502 849 adventum

1932 885 2116 956 gloriae
2135 887 2311 958 magni
2328 886 2418 942 Dei
2434 896 2490 941 et
2505 886 2801 942 Salvatoris
2820 886 2988 941 nostri
3010 883 3136 941 Iesu
3161 885 3362 940 Christi
3382 884 3499 937 ⁸⁸⁸.»

1934 978 2073 1033 Ecce
2113 978 2273 1046 Deus,
2323 988 2379 1035 et
2422 996 2669 1051 magnus,
2720 979 3031 1048 plenissime
3067 979 3373 1032 nominatus
3424 987 3509 1031 est

1935 1073 2193 1127 Dominus
2221 1085 2406 1128 noster
2431 1070 2586 1128 Iesus
2616 1074 2865 1130 Christus
2894 1091 2906 1129 :
2935 1072 3046 1142 ipse
3071 1081 3154 1126 est
3185 1072 3329 1126 enim
3354 1070 3508 1138 cujus

1932 1164 2217 1217 adventum
2268 1164 2453 1232 gloriae
2517 1175 2930 1235 exspectantes,
2989 1164 3168 1218 sobrie
3218 1162 3401 1216 vivere
3453 1171 3509 1215 et

1935 1254 2482 1325 irrepreltensibiliter
2542 1257 2881 1311 festinamus.
2941 1254 3046 1310 Sed
3105 1255 3151 1308 si
3213 1264 3298 1309 est
3341 1255 3504 1308 homo

1934 1344 2214 1416 θεοφόρος,
2246 1347 2518 1415 quomodo
2545 1347 2616 1401 sit
2642 1362 2867 1417 magnus
2897 1346 3077 1400 Deus?
3108 1343 3200 1399 Vel
3239 1345 3509 1413 quomodo

1933 1437 2091 1493 beata
2125 1452 2250 1507 spes
2277 1438 2329 1490 in
2354 1436 2518 1491 eum?
2544 1435 2819 1506 Siquidem
2852 1451 3013 1491 verus
3036 1445 3120 1491 est
3152 1434 3391 1504 profecto
3419 1431 3508 1488 Ie-

1935 1529 2131 1583 remias
2157 1527 2383 1581 dicens:
2427 1544 2445 1577 ι
2483 1524 2801 1582 Maledictus
2831 1529 2922 1595 qui
2960 1542 3109 1596 spem
3160 1542 3312 1582 suam
3357 1528 3510 1594 ponit

1934 1619 1987 1674 in
2018 1620 2236 1674 homine
2259 1618 2326 1673 ".
2361 1637 2379 1670 ι
2419 1616 2603 1688 Neque
2623 1618 2767 1674 enim
2797 1619 2962 1674 Deum
2993 1619 3164 1688 ipsum
3196 1618 3365 1687 possit
3388 1617 3507 1671 clli-

1934 1727 2077 1778 cere,
2109 1720 2167 1766 ut
2206 1722 2333 1766 ante
2362 1710 2497 1773 dixi,
2535 1712 2587 1765 id
2623 1712 2765 1780 quod
2800 1724 2885 1767 est
2930 1714 3094 1767 Deum
3136 1722 3372 1783 portare.
3406 1711 3508 1764 De-

1935 1805 2099 1874 nique
2128 1803 2359 1859 doceant
2381 1818 2501 1868 nos,
2536 1803 2664 1873 quid
2690 1804 2941 1873 impediat
2968 1802 3103 1858 alios
3127 1804 3289 1857 etiam
3318 1818 3508 1857 omnes

252 1864 607 1964 ⁰⁰ξ¹⁵⁰¹θ¹¹¹¹¹⁹
635 1868 797 1966 Ῡ9¹ξ¹¹ξ¹
848 1870 1111 1938 ίΡ⁸⁰Γ¹¹¹¹¹ν
1148 1874 1396 1930 “mrum
1445 1880 1497 1933 ίη
1542 1878 1830 1949 οδπίιαιθ»
1864 1880 1908 1935 Ι
1937 1864 2066 1953 deos
2095 1911 2228 1952 esse
2259 1905 2314 1951 et
2338 1864 2665 1961 adorandos,
2691 1864 2781 1966 qui
2812 1896 2865 1950 in
2895 1910 2953 1950 se
2984 1894 3269 1950 habuerint
3298 1893 3509 1950 Deum?

250 1964 304 2007 et
330 1954 385 2007 in
416 1970 603 2010 omnes
627 1958 839 2013 divitias
869 1962 1221 2029 plenitudinis
1245 1967 1570 2035 intellectus,
1600 1973 1655 2028 in
1684 1977 1831 2043 agni-

252 2044 457 2098 tionem
507 2049 749 2117 mystcrii
782 2048 877 2105 Dei
930 2053 1131 2109 Christi
1166 2055 1234 2109 ⁷⁸.
1267 2076 1287 2110 ι
1326 2056 1466 2115 Ecce
1515 2066 1828 2132 mysterium

250 2135 371 2199 Dei,
403 2140 714 2207 mysterium
750 2144 993 2198 nominat
1013 2144 1235 2211 Christi,
1258 2162 1313 2205 et
1345 2151 1504 2219 plene
1532 2152 1830 2226 intelligere

242 2230 511 2298 quosdam
540 2232 653 2284 vult
682 2233 732 2285 in
761 2236 1085 2304 agnitionem
1118 2238 1307 2308 ipsius.
1336 2240 1454 2309 Quo
1474 2244 1638 2314 igitur
1668 2246 1828 2303 intel-

245 2318 394 2373 lectu
441 2336 576 2389 opus
608 2334 746 2385 erat,
802 2326 1102 2383 volentibus
1136 2330 1335 2386 Christi
1383 2337 1697 2405 mysterium
1748 2338 1830 2393 di-

242 2424 430 2476 scere,
458 2413 501 2465 si
538 2411 753 2470 fuerant
788 2417 1045 2485 audituri,
1085 2423 1228 2490 quod
1270 2423 1600 2481 iuhabitaret
1646 2428 1699 2482 in
1734 2429 1831 2484 bo-

240 2502 397 2556 mine
436 2501 621 2558 Deus?
664 2505 813 2575 Opus
852 2519 936 2564 est
977 2519 1155 2566 autem
1206 2515 1374 2569 nimio
1423 2517 1720 2585 intellectu,
1771 2532 1831 2577 ut

235 2594 392 2647 scias
419 2601 606 2647 contra
638 2598 781 2665 quod
824 2596 1079 2666 Verbum,
1130 2619 1255 2657 cum
1309 2606 1382 2661 sit
1429 2608 1590 2676 Deus,
1626 2609 1829 2667 factum

238 2685 315 2740 sit
353 2685 536 2740 homo.

873 2804 1027 2863 CAP.
1066 2806 1206 2863 XXI.

962 2920 1141 2976 Aliud.

323 3046 341 3078 ε
383 3027 425 3080 Α
462 3028 612 3083 vobis
643 3027 785 3084 enim
820 3033 997 3086 sonuit
1025 3049 1204 3088 sermo
1233 3035 1466 3102 Donuni,
1504 3056 1610 3097 non
1652 3043 1826 3099 solum

235 3118 295 3172 in
329 3116 650 3175 Macedonia
684 3132 737 3175 et
760 3124 996 3192 Achaia;
1025 3127 1118 3182 sed
1142 3131 1288 3185 omni
1319 3132 1437 3188 loco
1462 3134 1593 3189 fides
1624 3148 1827 3206 vestra,

236 3227 367 3281 qua:
401 3222 488 3266 est
514 3214 581 3266 ad
622 3214 812 3279 Deum,
838 3217 1004 3271 exivit
1034 3219 1100 3273 “.
1134 3238 1153 3272 ι
1191 3221 1328 3278 Ecce
1356 3225 1550 3279 iterum
1581 3227 1634 3282 in
1663 3230 1828 3288 Deum
1857 3246 1900 3302 ο

236 3304 409 3359 ﬁdem
440 3304 635 3359 factam
676 3322 798 3361 esse
828 3324 1238 3379 commemorat,
1262 3330 1383 3369 cum
1401 3318 1565 3372 etiam
1585 3318 1836 3381 Christus

232 3399 424 3454 dicat:
456 3415 474 3448 ε
505 3397 604 3462 Qui
635 3400 812 3454 credit
841 3402 894 3455 in
918 3418 1024 3469 me,
1048 3404 1211 3458 habet
1235 3405 1399 3462 vitam
1428 3417 1683 3468 teternam
1709 3415 1777 3472 ⁸¹.
1811 3436 1830 3469 ι

235 3490 570 3547 Sermonem
601 3502 779 3549 autem
812 3495 1246 3562 praedicationem
1279 3500 1412 3555 dicit
1442 3503 1508 3557 de
1534 3504 1732 3575 seipso.

860 3629 1010 3685 CAP.
1054 3630 1222 3689 XXII.

950 3744 1131 3801 Aliud.

318 3872 338 3905 ε
381 3855 491 3922 ipsi
544 3856 686 3910 enim
736 3860 887 3914 scitis
922 3861 1204 3917 introitum
1252 3875 1492 3935 nostrum
1529 3871 1670 3939 apud
1711 3889 1829 3938 vos,

230 3946 506 4018 quoniam
555 3965 658 4002 non
693 3949 869 4005 inanis
909 3951 1049 4017 fuit;
1089 3955 1182 4008 sed
1213 3966 1339 4011 ante
1377 3958 1540 4013 multa
1585 3963 1749 4030 passi,
1778 3972 1832 4017 et

227 4040 596 4095 contumeliis
629 4041 829 4107 affecti,
865 4045 1195 4111 sicutscitis,
1232 4048 1283 4102 in
1320 4047 1605 4119 Philippis,
1636 4054 1823 4108 confisi

230 4132 451 4185 fuimus
480 4130 533 4183 in
567 4133 673 4189 Deo
710 4136 942 4205 colloqui
974 4138 1041 4191 ad
1075 4153 1170 4195 vos
1210 4140 1560 4213 Evangelium
1594 4145 1685 4200 Dei
1712 4147 1778 4199 ⁸⁸.
1802 4165 1821 4199 ι

225 4223 380 4279 Ecce
423 4221 655 4291 loquens
685 4225 737 4279 in
780 4227 911 4295 Deo,
953 4229 1048 4284 Dei
1098 4231 1442 4302 Evangelium
1472 4238 1824 4304 memoravit;

225 4316 325 4387 qui
353 4314 624 4386 praedicat
659 4320 915 4385 gentibus
940 4321 1237 4377 Christum.

845 4451 999 4508 CAP.
1039 4453 1224 4510 XXIII.

946 4564 1132 4621 Aliud.

308 4702 330 4735 ι
354 4680 770 4745 Recordamini,
790 4680 1007 4747 fratres,
1030 4681 1264 4736 laborem
1286 4693 1529 4737 nostrum
1552 4694 1606 4738 et
1627 4699 1822 4740 arum-

222 4793 383 4841 nam,
421 4782 591 4829 nocte
617 4782 672 4827 et
696 4773 782 4827 die
802 4783 1113 4842 operantes,
1146 4791 1213 4829 ne
1233 4791 1391 4845 quem
1422 4783 1661 4830 vestrum
1688 4792 1817 4845 gra-

220 4880 519 4928 vat-emus;
547 4864 952 4932 praedicavimus
974 4865 1315 4934 Evangelium
1336 4866 1427 4920 Dei
1453 4867 1590 4921 inter
1609 4868 1772 4923 vos".
1787 4886 1804 4916 ι

222 4962 296 5017 Et
331 4961 543 5012 iterum
578 4967 589 5000 :
631 4971 649 5004 ι
679 4951 970 5021 Propterea
1011 4965 1067 5008 et
1098 4970 1198 5008 nos
1228 4954 1428 5024 gratias
1468 4955 1676 5023 agimus
1708 4954 1816 5009 Deo

219 5055 348 5110 sine
404 5046 856 5111 intermissione;
907 5045 1159 5114 quoniam
1207 5062 1331 5101 cum
1364 5046 1739 5115 pereepissetis
1784 5065 1813 5101 a

218 5142 391 5201 nobis
421 5136 676 5201 verbum,
704 5136 887 5191 auditu
920 5136 1012 5191 Dei
1051 5137 1356 5205 excepistis,
1381 5153 1486 5192 non
1514 5148 1569 5191 ut
1594 5140 1815 5192 verbum

217 5234 550 5291 hominum,
579 5227 671 5280 sed
700 5236 757 5279 ut
781 5227 999 5281 verbum
1031 5228 1145 5291 Dei,
1173 5228 1261 5294 qui
1284 5237 1537 5295 operatur
1566 5230 1618 5281 in
1642 5230 1814 5293 vobis,

215 5327 315 5395 qui
360 5319 688 5378 credidistis
732 5320 800 5373 “.
837 5339 855 5371 ι
908 5320 1099 5373 Nonne
1142 5321 1421 5375 evidenter
1470 5320 1814 5390 Evangeliunt

220 5419 347 5479 Dei,
377 5422 438 5469 et
472 5410 572 5465 Dei
606 5412 828 5465 verbum
860 5411 1293 5478 pr:edicationetn
1331 5412 1395 5466 de
1431 5412 1646 5467 Christo
1667 5429 1815 5467 coan-

216 5501 549 5564 memorat?
579 5503 777 5571 qnippe
805 5502 855 5553 id
877 5501 1125 5556 omnibus
1158 5500 1652 5557 manifestissimum
1687 5512 1766 5556 est
1798 5519 1813 5556 ε

291 5714 338 5744 1?
377 5704 589 5773 Ephes.
628 5715 707 5767 ιιι,
735 5703 785 5758 5.
866 5706 908 5735 ⁷⁸
939 5705 1140 5760 Culoss.
1172 5723 1209 5770 t,
1235 5709 1323 5763 “26.

214 5789 261 5819 ⁸³
304 5782 319 5835 Ι
360 5782 564 5831 τηρεε.
612 5790 668 5838 tt,
697 5775 746 5825 ὁ.
860 5774 905 5805 “
961 5778 1087 5829 ibid.
1124 5778 1204 5831 l3.
1318 5779 1380 5810 ⁸⁵⁸
1418 5776 1521 5833 Tit.
1578 5796 1639 5843 tt,
1707 5780 1790 5834 II.

212 5860 258 5888 ιιι
280 5850 470 5911 σοιςιι.
507 5858 546 5907 l,
577 5844 638 5894 ὕ.
718 5845 759 5876 ⁸⁸
798 5845 922 5897 ibitl.

1403 5710 1445 5739 "
1480 5706 1683 5763 Coluss.
1712 5724 1771 5769 ll,
1803 5710 1848 5761 l.
1926 5706 1970 5738 ⁸ο
2003 5706 2023 5760 ῐ
2051 5706 2245 5762 Thess.
2272 5722 2309 5768 t.

1418 5776 1521 5833 Tit.
1578 5796 1639 5843 tt,
1707 5780 1790 5834 ll.
1869 5780 1911 5809 ”
1946 5777 2143 5833 Icrem.
2197 5793 2234 5843 ι,
2276 5777 2328 5829 5.

1933 1988 2100 2043 Deum
2136 2000 2313 2044 autem
2344 1997 2400 2043 et
2433 2004 2683 2060 magnum
2714 1996 2769 2043 et
2798 1988 3039 2051 beatum,
3071 1987 3352 2043 habentem
3384 1988 3507 2041 illu-

1932 2082 2281 2138 minationem
2324 2081 2599 2138 Christum
2636 2082 2877 2135 nominat
2925 2082 3114 2136 beatus
3145 2079 3367 2142 Paulus,
3412 2080 3506 2149 qui

1932 2174 2204 2231 invenitur
2226 2174 2412 2229 dicens
2438 2174 2506 2230 de
2527 2173 2729 2231 Iudaeis
2751 2183 2805 2227 et
2829 2169 3147 2227 Emmanuel
3174 2189 3187 2226 :
3219 2188 3238 2222 ‹
3266 2170 3504 2237 Quorum

1932 2275 2135 2334 patres,
2169 2273 2221 2322 et
2254 2274 2656 2330 testamentum,
2690 2274 2745 2319 et
2776 2263 3182 2333 promissiones,
3215 2270 3272 2316 et
3293 2277 3354 2317 ex
3382 2262 3507 2331 qui-

1933 2358 2031 2413 bus
2063 2357 2314 2413 Christus
2352 2357 2650 2412 secundum
2687 2371 2929 2422 carnem,
2960 2355 3053 2421 qui
3084 2364 3165 2409 est
3200 2370 3361 2422 super
3391 2371 3507 2410 om-

1933 2450 2018 2503 nia
2049 2449 2364 2505 benedictus
2395 2462 2447 2501 tn
2476 2446 2672 2502 sarcula
2707 2445 3052 2501 saeculorum.
3089 2446 3262 2500 Amen
3304 2444 3371 2497 ⁸⁸.
3411 2466 3430 2498 ι

2000 2540 2152 2607 Quod
2201 2554 2332 2595 vero
2365 2538 2659 2594 secundum
2713 2538 2947 2592 divinam
2999 2536 3381 2591 revelationem
3425 2537 3504 2590 fa-

1930 2633 2105 2688 ciebat
2138 2631 2600 2701 prmdicationem,
2628 2629 2966 2699 perspicuum
2996 2628 3077 2690 lit,
3110 2629 3223 2696 ipso
3250 2627 3463 2683 dicente
3489 2646 3503 2682 :

1937 2741 1957 2775 ι
2001 2720 2204 2776 Deinde
2248 2730 2367 2792 post
2396 2735 2570 2775 annos
2600 2720 3008 2791 quatuordecim
3047 2719 3238 2772 iterum
3288 2720 3506 2773 ascmdi

1930 2811 2359 2885 Hierosolymam
2390 2826 2512 2866 cum
2550 2811 2821 2873 Barnal-a,
2845 2820 3125 2879 assumpto
3163 2808 3326 2864 etiam
3359 2808 3503 2863 Tito.

1931 2906 2159 2960 Ascendi
2203 2914 2380 2958 autem
2422 2906 2717 2959 secundum
2759 2901 3165 2963 revelationem,
3194 2909 3250 2954 et
3280 2901 3504 2964 exposui

1929 2994 2012 3051 eis
2052 2993 2428 3065 Evangelium,
2470 2994 2613 3062 quod
2656 2993 2892 3062 praedico
2924 2991 3212 3060 gentibus;
3262 3006 3505 3045 seorsum

1931 3098 2110 3144 autem
2164 3089 2229 3142 iis
2275 3087 2367 3157 qui
2412 3087 2739 3141 videbantur
2764 3085 2964 3153 aliquid
3001 3098 3142 3146 esse,
3179 3099 3247 3136 ne
3286 3082 3423 3137 forte
3452 3084 3504 3137 in

1932 3192 2158 3233 vacuum
2179 3192 2479 3241 currerem,
2506 3186 2597 3232 aut
2619 3178 2979 3232 cucurrissem
3011 3174 3079 3231 ".
3118 3196 3135 3228 ι
3161 3175 3319 3247 793
3344 3175 3505 3230 Chri-

1935 3281 2078 3326 stum
2105 3270 2406 3339 praadicans
2434 3269 2703 3342 gentibus,
2736 3281 2795 3323 ut
2831 3270 3019 3332 Deum,
3056 3269 3293 3323 divinum
3328 3271 3502 3324 norni-

1937 3372 2029 3418 nat
2057 3362 2227 3431 ipsius
2262 3361 2459 3431 ubique
2498 3362 2834 3433 mysterium.
2876 3360 3132 3417 Ascendit
3168 3376 3263 3430 per
3298 3362 3506 3415 revela-

1938 3455 2135 3509 tionem
2184 3451 2637 3524 Hierosolymam,
2680 3461 2735 3507 et
2781 3453 3033 3522 exposuit
3076 3452 3161 3506 his
3203 3451 3294 3521 qui
3354 3454 3506 3506 vide-

1935 3545 2133 3598 bantur
2161 3542 2361 3613 aliquid
2405 3554 2547 3604 esse,
2587 3542 2637 3595 id
2666 3549 2770 3606 est,
2820 3542 3025 3596 sanctis
3068 3542 3349 3611 apostolis,
3392 3542 3504 3596 sive

1934 3635 2233 3706 discipulis,
2269 3650 2336 3689 ne
2371 3635 2509 3689 forte
2540 3633 2592 3687 in
2625 3648 2849 3687 vacuum
2889 3642 3093 3687 currat.
3121 3632 3254 3689 Cttm
3282 3648 3409 3687 vero
3435 3634 3503 3686 ab

1935 3724 2324 3796 Hierosolymis
2354 3723 2744 3787 descendisset,
2776 3732 2831 3776 et
2876 3738 3064 3776 rursus
3107 3723 3344 3789 gentium
3376 3739 3501 3791 gre-

1932 3819 2088 3884 gibus
2118 3816 2473 3880 iuterfuisset,
2495 3813 2873 3868 emendavitne
2896 3812 3094 3880 aliquid
3114 3828 3176 3864 ex
3203 3810 3504 3878 prioribus?

1930 3908 2120 3965 Nonne
2155 3906 2520 3977 perseveravit
2565 3904 2733 3958 Deum
2774 3903 3036 3957 confitens
3061 3900 3377 3955 Christum?
3407 3901 3501 3954 At—

1929 4018 2035 4073 que
2060 4002 2181 4056 ideo
2216 4000 2405 4054 scribit
2428 3997 2749 4067 quibusdam
2793 4014 2807 4050 :
2844 4013 2864 4048 t
2901 3994 3064 4048 Miror
3100 3995 3241 4064 quod
3276 3996 3355 4049 sic
3390 3996 3500 4048 cito

1932 4091 2320 4147 transferimiui
2353 4088 2420 4143 ab
2446 4102 2531 4154 eo,
2561 4089 2649 4156 qui
2694 4102 2788 4141 vos
2822 4087 3033 4140 vocavit
3065 4086 3115 4139 in
3148 4084 3290 4139 aliud
3334 4101 3500 4138 evan-

1928 4186 2149 4258 gelium,
2183 4181 2326 4253 quod
2361 4188 2570 4235 nonest
2598 4178 2762 4241 aliud,
2790 4178 2893 4232 nisi
2926 4177 3089 4247 aliqui
3128 4187 3255 4231 sunt
3280 4187 3500 4230 contur-

1927 4279 2117 4334 bantes
2144 4292 2239 4330 vos
2267 4282 2321 4328 et
2347 4272 2587 4327 volentes
2620 4281 2936 4325 convertere
2970 4268 3314 4338 Evangelium
3343 4267 3498 4322 Citri-

1926 4372 1994 4427 sti
2029 4369 2099 4422 ⁸⁸.
2135 4387 2154 4419 ι
2198 4367 2288 4422 Ait
2331 4374 2510 4418 autem
2561 4363 2753 4417 iterum
2804 4378 2817 4412 :
2868 4380 2887 4411 ι
2930 4354 3034 4415 Sed
3088 4361 3189 4415 etsi
3250 4376 3348 4415 nos
3404 4368 3499 4413 aut

1927 4462 2149 4532 angelus
2196 4460 2265 4513 de
2311 4456 2449 4510 ctelo
2498 4452 2948 4523 evangelizaverit
2984 4453 3154 4515 vobis,
3206 4461 3400 4521 praeter
3444 4452 3496 4505 id

1858 4585 1902 4640 υ
1929 4553 2071 4623 quod
2114 4549 2420 4618 accepistis,
2465 4545 2746 4599 anathema
2778 4544 2847 4598 sit
2876 4542 2945 4598 ⁸⁸.
2998 4564 3016 4596 ι
3054 4542 3159 4597 Pro
3188 4558 3292 4612 qua
3333 4541 3496 4611 igitur

1927 4660 2088 4701 causa
2129 4643 2264 4696 alios
2298 4654 2486 4694 omnes
2518 4640 2795 4704 omittens,
2830 4636 2956 4691 licet
2988 4636 3154 4691 Demn
3188 4635 3493 4690 inhabitan-

1928 4747 2036 4791 tem
2060 4732 2366 4797 habuerint,
2390 4731 2561 4786 solum
2584 4726 2908 4799 prmdicabat
2925 4726 3109 4782 Iesum
3137 4727 3277 4783 sicut
3301 4726 3489 4780 Deum.

2518 4884 2665 4941 CAP.
2708 4883 2895 4939 XXIV.

2611 4998 2792 5056 Aliud.

1993 5135 2265 5203 Scriptum
2295 5145 2379 5190 est
2407 5137 2473 5190 de
2518 5134 2734 5189 Christo
2771 5150 2785 5187 :
2831 5152 2849 5184 ‹
2882 5132 3013 5187 Cum
3047 5144 3224 5187 autem
3259 5141 3404 5185 esset
3436 5130 3488 5186 in

1928 5227 2312 5299 Hierosolymis
2336 5227 2389 5280 in
2427 5228 2513 5282 die
2547 5226 2705 5290 festo,
2740 5225 2893 5279 multi
2933 5223 3277 5278 crediderunt
3309 5224 3359 5275 in
3394 5240 3487 5274 IN)-

1929 5319 2071 5373 mine
2095 5319 2213 5387 ejus
2246 5320 2487 5373 videntes
2518 5319 2670 5386 signa
2698 5332 2819 5387 quae
2864 5315 3129 5379 faciebat;
3163 5314 3275 5382 ipse
3306 5324 3484 5365 autem

1923 5409 2077 5463 Iesus
2100 5424 2201 5463 non
2224 5410 2476 5464 credebat
2497 5422 2555 5464 se
2583 5407 2721 5474 illis;
2747 5408 2884 5477 quod
2912 5408 3024 5475 ipse
3048 5408 3254 5461 sciebat
3276 5421 3483 5465 omnes,

1924 5511 1976 5557 et
2005 5502 2145 5572 quod
2171 5517 2277 5556 non
2302 5515 2518 5557 necesse
2544 5499 2795 5564 habebat,
2824 5505 2883 5553 ut
2902 5500 3095 5568 aliquis
3119 5496 3482 5553 testimOnium

3002 5701 3045 5732 ³¹
3084 5698 3311 5753 lThess.
3341 5713 3398 5763 tr,
3423 5698 3478 5751 2.

1926 5706 1970 5738 ⁸ο
2003 5705 2023 5760 ῐ
2051 5705 2245 5762 Thess.
2272 5722 2309 5768 ι.
2334 5703 2386 5760 8.
2463 5704 2507 5734 “
2536 5702 2693 5757 Ioan.
2723 5700 2927 5764 vtt,25.
3002 5701 3045 5732 ³¹
3084 5700 3311 5753 l'l‘hess.
3341 5713 3398 5763 tr,
3423 5700 3454 5751 Ξ

1946 5777 2143 5825 .It-rum-
2197 5793 2233 5825 r.
2276 5777 2328 5825 5.
2408 5773 2451 5805 "
2490 5772 2645 5825 Rom.
2695 5788 2767 5825 tv.
2829 5771 2883 5825 9.
3014 5770 3057 5801 ⁸⁷
3087 5768 3258 5825 Galal.
3305 5784 3366 5825 tl.
3430 5769 3454 5823 1

2408 5773 2451 5805 ⁸⁶
2490 5772 2645 5828 Rom.
2695 5788 2767 5838 tv,
2829 5771 2883 5825 9.
