3856 6212
412 375 552 432 1395

1428 376 1485 431 S.
1525 371 1803 431 CYRILLI
1840 370 2309 428 ALEXANDRINI
2346 369 2665 425 ABCHIEP.

3508 376 3641 431 1396

410 489 719 560 perhiberet
750 488 814 543 de
844 489 1103 546 homine:
1146 490 1259 561 ipse
1297 489 1439 545 enim
1473 488 1678 545 sciebat
1701 486 1828 559 quid
1858 498 1976 548 erat
2000 490 2052 550 Α
2077 500 2198 541 esse
2248 484 2393 549 talia,
2429 485 2482 540 in
2539 486 2731 552 quibus
2805 486 3066 541 habitavit
3112 486 3251 543 Deus
3300 492 3657 561 omnipotens.

412 583 466 634 in
499 581 713 635 homine
752 580 841 635 ⁸⁹⁶.
878 598 897 633 ι
920 581 978 637 Si
1022 582 1183 636 homo
1211 591 1356 636 esset
1397 582 1672 654 θεοφόρος,
1717 583 2019 659 quomodo,’

413 687 517 726 non
546 671 754 740 decepti
785 681 909 725 sunt
947 670 1123 739 multi,
1156 671 1246 740 qui
1285 670 1675 744 Hierosolymis
1704 674 1755 727 in
1788 687 1981 725 nomen

411 765 528 833 ejus
566 763 948 823 crediderunt?
1022 761 1115 817 Vel
1155 779 1322 833 quare
1370 764 1514 819 solus
1553 764 1825 834 cognoscit
1867 776 1986 831 qua:

411 863 537 907 sunt
573 852 623 905 iu
661 853 907 915 homine,
941 867 1062 906 cum
1110 853 1407 922 przesertim
1445 867 1603 907 nemo
1638 854 1775 906 alius
1813 852 1986 906 sciat?

412 942 662 996 Finxisse
683 942 823 995 enim
847 940 1047 996 dicitur
1072 942 1212 996 Deus
1235 942 1394 996 corda
1421 952 1599 996 nostra
1624 939 1893 1012 sigillatim
1915 941 1980 994 ’°.

413 1030 509 1085 Vel
541 1046 706 1101 quare
735 1032 880 1088 solus
917 1032 1146 1086 remittit
1180 1041 1398 1102 peccata
1418 1033 1441 1085 ?
1465 1033 1554 1085 Ait
1581 1032 1721 1086 enim
1750 1048 1765 1086 :
1800 1051 1819 1083 ‹
1848 1031 1982 1098 Quia

412 1132 730 1193 potestatem
750 1124 910 1177 habet
928 1121 1095 1181 Filius
1118 1124 1168 1177 in
1191 1131 1334 1178 terra
1355 1126 1626 1177 remittere
1645 1134 1862 1192 peccata
1879 1125 1945 1178 ".
1962 1143 1979 1176 ι

416 1218 595 1281 Quare
632 1216 777 1270 solus
810 1226 1005 1285 praeter
1034 1215 1168 1270 alios
1213 1230 1458 1271 assessor
1487 1216 1638 1270 sedet
1672 1217 1767 1271 Dei
1792 1227 1845 1270 et
1878 1214 1983 1269 Pa—

414 1308 559 1361 tris?
592 1306 769 1375 Quare
802 1308 900 1367 soli
924 1309 1297 1377 obsequuntur
1332 1307 1547 1375 angeli?
1576 1307 1684 1362 Cur
1728 1323 1827 1363 nos
1865 1308 1987 1376 (ιυί-

415 1398 535 1451 dem
582 1398 764 1453 docuit
804 1412 1145 1452 communem
1179 1406 1370 1467 putare
1404 1397 1643 1462 Patrem,
1685 1399 1774 1467 qui
1807 1408 1891 1453 est
1928 1399 1983 1453 in

415 1490 601 1555 cmlis;
629 1491 732 1545 sibi
766 1500 943 1544 autem
974 1506 1095 1546 eum
1127 1489 1434 1561 specialiter
1464 1490 1779 1547 scribebat?

486 1582 591 1637 Sed
624 1580 760 1636 forte
789 1581 937 1636 dices
964 1582 1106 1650 quod
1136 1579 1441 1647 huiusmodi
1470 1595 1631 1635 voces
1669 1580 1987 1636 inhabitauti

416 1671 594 1725 Verbo
627 1673 941 1740 deputanda:
966 1672 1093 1725 sint.
1122 1668 1309 1724 Nonne
1337 1670 1501 1739 igitur
1534 1685 1654 1724 eum
1683 1671 1986 1738 oportebat,

408 1761 560 1829 juxta
590 1762 866 1836 prophetis
888 1761 1296 1816 convenientem
1320 1760 1835 1829 mensuram,ipsum
1855 1776 1986 1829 quo-

2154 578 2384 647 Scripsit
2410 586 2590 632 autem
2623 576 2817 632 alicubi
2837 579 2998 631 etiam
3027 579 3240 635 divinus
3268 579 3463 638 Paulus
3490 602 3504 638 :
3539 604 3558 637 ι
3584 585 3657 640 lr-

2085 670 2241 723 ritam
2290 670 2496 725 faciens
2529 670 2649 739 quis
2684 668 2852 739 legem
2887 669 3109 739 Moysis,
3134 670 3252 727 sine
3280 674 3387 728 ulla
3432 677 3657 731 misera-

2086 760 2231 816 tione
2274 761 2483 817 duobus
2531 771 2625 815 aut
2661 761 2833 817 tribus
2870 763 3096 817 testibus
3146 766 3393 832 moritur,
3456 778 3659 835 quanto

2084 854 2258 923 magis
2286 854 2487 924 putatis
2507 854 2777 909 deteriora
2809 855 3003 908 mereri
3026 856 3306 923 supplicia,
3339 859 3427 925 qui
3460 858 3655 913 Filium

2086 946 2183 1001 Dei
2210 944 2634 1008 conculcaverit,
2663 953 2715 998 et
2737 946 3052 1015 sanguinem
3076 952 3377 1002 testamenti
3398 951 3657 1019 pollutum

2085 1038 2296 1094 duxerit
2323 1037 2410 1095 "2
2440 1056 2457 1089 ι
2484 1036 2646 1105 Atqui
2670 1038 2849 1090 divina
2871 1047 2991 1091 erat
3013 1038 3123 1104 lex,
3153 1049 3207 1094 et
3234 1042 3483 1096 mandata
3516 1045 3657 1097 dicta

2085 1146 2180 1200 per
2212 1129 2457 1197 angelos.
2505 1127 2783 1194 Quomodo
2816 1129 2978 1198 igitur
3007 1130 3201 1199 dignus
3242 1134 3345 1186 erit
3386 1134 3659 1189 deteriore

2085 1217 2373 1287 supplicio,
2410 1216 2503 1286 qui
2527 1216 2784 1286 pollutum
2812 1217 3026 1271 duxerit
3059 1221 3372 1289 sanguinem
3412 1222 3667 1277 Christi?

2089 1310 2180 1363 Vel
2205 1309 2474 1378 quomodo
2496 1308 2672 1377 potior
2692 1316 2774 1362 est
2804 1308 3082 1377 religione,
3114 1326 3233 1379 qua:
3256 1322 3337 1367 est
3363 1317 3662 1369 secundum

2088 1401 2279 1467 legem,
2307 1398 2439 1452 lides
2463 1399 2513 1450 io
2543 1396 2857 1451 Christum?
2882 1398 3010 1462 Sed,
3038 1406 3097 1452 ut
3118 1401 3227 1466 jam
3255 1411 3378 1456 ante
3404 1404 3665 1468 diximus,

2085 1492 2334 1547 Christus
2358 1507 2461 1544 non
2499 1490 2693 1544 similis
2725 1491 2951 1544 aliorum
2988 1503 3321 1561 sanctorum,
3352 1497 3514 1550 homo
3547 1498 3669 1551 θεο-

2088 1582 2273 1654 φόρος,
2300 1582 2392 1636 sed
2435 1581 2577 1635 Deus
2603 1582 2772 1651 magis
2798 1597 2943 1647 vere,
2972 1592 3026 1636 et
3054 1586 3198 1638 omni
3239 1590 3437 1641 mundo
3468 1588 3669 1642 celsio-

2090 1690 2201 1729 rem
2232 1673 2469 1741 possidet
2490 1670 2738 1741 gloriam,
2770 1675 2909 1742 quod
2934 1689 3054 1729 cum
3083 1674 3225 1730 Deus
3250 1676 3321 1730 sit
3348 1686 3540 1730 natura
3572 1677 3671 1733 Dei

2095 1764 2348 1824 Verbmn,
2400 1763 2575 1817 factus
2617 1773 2700 1818 est
2750 1779 2899 1827 caro,
2963 1764 3076 1820 sive
3128 1767 3290 1821 homo
3332 1768 3609 1835 perfectus
3653 1787 3669 1822 :

416 1869 521 1923 que
551 1854 769 1909 dicere:
806 1871 824 1905 ι
857 1851 980 1911 llmc
1006 1851 1138 1906 dicit
1160 1850 1452 1917 Dominus?
1485 1871 1503 1903 ι
1542 1848 1740 1905 Verum
1774 1866 1893 1903 cum
1926 1864 1988 1903 ea
2022 1837 2066 1893 Β
2096 1856 2390 1909 animatum
2423 1858 2567 1908 enim
2592 1865 2646 1909 et
2680 1858 3002 1912 rationabile
3030 1872 3169 1923 esse,
3200 1859 3345 1927 quod
3371 1859 3671 1913 adunatum

418 1961 536 2012 qua?
552 1961 710 2016 supra
731 1945 900 2015 legem
923 1944 1136 1998 sancire
1155 1943 1335 2007 vellet,
1362 1958 1643 1998 assumens
1668 1942 1769 1998 sibi
1791 1957 1989 1998 conve-

418 2038 653 2093 nientem
677 2037 968 2108 legislatori
998 2036 1398 2101 auctoritatem,
1425 2036 1601 2090 aiebat
1638 2053 1651 2089 :
1691 2052 1708 2086 ε
1735 2034 1846 2104 Ego
1871 2035 1991 2089 dico

422 2130 573 2185 vobis
600 2131 648 2163 "
675 2131 770 2201 (l).
814 2148 834 2182 ι

490 2218 768 2291 Quomodo
798 2217 1029 2272 liberum
1065 2232 1123 2273 se
1157 2218 1251 2280 ait,
1284 2226 1338 2271 et
1370 2231 1474 2270 non
1514 2216 1803 2269 obnoxium
1843 2216 1995 2269 Deo?

418 2310 542 2365 Ideo
563 2310 687 2380 quia
718 2320 802 2368 eSt
850 2310 1014 2373 Filius
1044 2312 1098 2369 in
1147 2310 1419 2365 veritate?
1456 2310 1522 2363 Et
1568 2307 1611 2362 si
1649 2318 1791 2363 esset
1832 2309 1992 2362 homo

419 2399 696 2472 Θεοφόρος,
729 2410 943 2456 essetne
989 2400 1153 2455 etiam
1194 2400 1331 2455 liber
1358 2399 1652 2454 secundum
1703 2395 1990 2452 naturam?

423 2493 591 2563 llnjus
632 2492 774 2547 enim
807 2491 948 2552 Deus
994 2491 1148 2558 liber,
1194 2502 1357 2561 atque
1398 2490 1610 2545 solutus
1652 2499 1736 2543 est
1783 2508 1797 2545 :
1846 2491 1991 2548 solus

419 2584 562 2637 cnim
583 2585 734 2652 quasi
773 2582 971 2644 tributa
994 2584 1233 2637 omnium
1256 2582 1456 2651 exigit;
1489 2592 1543 2636 et
1589 2599 1849 2649 tauquam
1876 2582 1994 2638 loco

421 2678 719 2739 debitorum
738 2678 804 2732 ab
824 2676 1073 2731 omnibus
1095 2674 1287 2743 recipit
1311 2672 1644 2743 religionem.
1682 2674 1788 2727 Etsi
1818 2674 1995 2729 exitus

423 2768 554 2832 legis
585 2781 636 2821 et
664 2769 1045 2834 prophetarum
1080 2765 1327 2820 Christus
1361 2773 1466 2831 est,
1501 2774 1585 2819 est
1620 2779 1799 2819 autem
1833 2766 1994 2821 homo

425 2858 714 2927 θ.οφόρος;
741 2873 917 2912 nonne
947 2858 1128 2914 dicere
1170 2858 1351 2920 liceat,
1387 2856 1528 2926 quod
1558 2859 1992 2927 propheticarum

422 2951 859 3021 pmdicationum
885 2953 1062 3007 exitus
1095 2950 1573 3024 ἁνθρωπολατρίας
1604 2951 1759 3007 nobis
1789 2952 1992 3008 crimen

424 3043 690 3097 induxerit
710 3042 734 3096 ἲ

496 3133 701 3190 Deinde
729 3133 812 3189 lex
835 3133 1047 3205 quidem
1080 3135 1410 3204 prmdicahat
1431 3155 1444 3192 :
1469 3156 1488 3189 σ
1514 3138 1797 3191 Dominum
1827 3137 1993 3194 Deum

424 3234 580 3283 tuum
599 3224 872 3289 adorabis,
906 3235 960 3280 et
986 3226 1059 3279 illi
1087 3226 1184 3281 soli
1214 3228 1417 3284 servies
1442 3230 1509 3282 ”.
1541 3248 1560 3281 ι
1593 3229 1707 3295 Qua
1736 3244 1835 3283 nos
1871 3244 2000 3284 eru-

424 3315 628 3375 ditione
658 3314 906 3385 perduxit
937 3316 1003 3370 ad
1046 3315 1344 3382 Christum,
1378 3319 1529 3385 quasi
1563 3319 1628 3372 ad
1670 3318 1998 3388 agnitionem

428 3404 533 3459 illis
578 3405 667 3477 qui
697 3405 757 3466 in
782 3406 988 3464 umbris
1009 3406 1224 3461 fuerant
1278 3407 1540 3478 petiorem
1568 3427 1583 3462 :
1614 3419 2000 3479 Spernentesue

426 3494 590 3569 igitur
614 3498 776 3552 Deum
808 3498 943 3571 legis
972 3506 1025 3556 et
1057 3499 1437 3569 prophetarum
1468 3502 1714 3563 adorare,
1745 3500 1997 3554 adorabi-

428 3604 547 3647 mus
579 3589 849 3654 hominem
898 3588 1179 3651 habentem
1225 3589 1389 3651 Deum
1423 3592 1849 3647 inhabitantem?
1896 3590 1997 3647 Ubi

424 3678 569 3737 enim
601 3677 956 3745 przestabilius
985 3689 1102 3737 erat
1142 3680 1305 3735 Deum
1344 3680 1612 3748 intelligi?
1649 3680 1703 3735 In
1734 3679 1894 3741 coelo.
1928 3696 1997 3733 an

428 3766 481 3821 in
511 3776 651 3824 terra
668 3768 767 3831 ‘I'ln
801 3769 1106 3838 Seraphim,
1135 3786 1203 3825 an
1236 3774 1287 3825 in
1320 3781 1539 3827 terreno
1565 3775 1835 3839 corpore?

499 3858 555 3918 Si
584 3870 704 3917 erat
741 3860 903 3917 homo
942 3861 1220 3934 θεοφόρος,
1257 3863 1525 3932 quomodo
1559 3882 1578 3915 ι
1610 3868 1998 3931 propemodum

428 3964 492 4005 ac
534 3965 630 4004 nos
672 3951 1011 4021 partieipavit
1041 3954 1188 4007 carni
1230 3968 1292 4006 ac
1321 3955 1569 4021 sanguini
1600 3953 1695 4006 “1’
1730 3976 1749 4009 ι
1792 3955 1921 4015 Nam
1952 3958 1998 4013 si

427 4040 557 4110 quia
587 4040 727 4096 Deus
756 4040 1097 4108 inhabitavit,
1132 4044 1232 4098 hoc
1258 4044 1305 4098 ei
1338 4046 1550 4109 sullicit,
1582 4055 1641 4100 ut
1663 4046 1916 4102 similiter
1938 4062 2001 4103 ac

431 4148 529 4187 nos
552 4132 898 4204 participaret
934 4135 1084 4187 carni
1119 4145 1175 4189 et
1212 4136 1495 4203 sanguini;
1536 4148 1587 4191 et
1617 4137 1690 4193 ita
1721 4139 1804 4199 his
1835 4140 2003 4207 parti-

430 4225 611 4292 cipare
635 4224 685 4278 id
718 4226 894 4294 ipsum
921 4226 1183 4295 est,quod
1216 4227 1488 4281 hominem
1523 4227 1894 4285 factumesse:
1918 4233 2001 4284 in-

430 4315 693 4371 habitavit
729 4326 906 4372 autem
941 4329 995 4373 et
1037 4317 1090 4371 in
1132 4318 1312 4372 multis
1356 4321 1593 4384 sanetis;
1635 4320 1795 4377 homo
1836 4322 2003 4391 igitur

433 4422 541 4462 non
590 4408 776 4476 semel,
812 4410 907 4464 sed
952 4409 1246 4479 smpissime
1291 4410 1464 4465 factus
1499 4420 1603 4466 est.
1653 4411 1830 4479 Quare
1872 4428 2002 4483 ergo

2095 1958 2177 2002 est
2206 1947 2277 2009 ei,
2320 1944 2485 2017 794
2514 1946 2783 2003 credimus
2816 1962 3033 2018 corpus,
3076 1958 3131 2003 ct
3176 1963 3300 2003 vera
3329 1948 3548 2004 omnino
3586 1959 3675 2004 est

2097 2036 2368 2089 adunado.

2705 2218 2853 2274 CAP.
2894 2215 3058 2272 XXV.

2101 2332 2371 2399 Quomodo
2400 2342 2635 2400 oporteat
2662 2333 2987 2400 intelligere:
3012 2351 3031 2384 ‹
3062 2330 3285 2399 Verbum
3312 2348 3435 2386 raro
3466 2332 3676 2401 factum

2169 2413 2265 2465 εει,
2298 2415 2343 2455 et
2376 2405 2629 2457 habitavit
2668 2405 2722 2455 in
2752 2404 2936 2471 nobis;
2974 2423 2992 2455 ι
3026 2414 3075 2456 et
3108 2404 3364 2473 quomodo
3394 2405 3675 2471 proprium

2169 2474 2331 2542 ipsius
2362 2475 2573 2527 dicatur
2595 2490 2799 2542 corpus.

2172 2584 2366 2639 Semen
2399 2584 2630 2639 Abrahae
2663 2584 3084 2654 apprehendisse
3115 2582 3345 2637 Verbum
3365 2581 3460 2636 Dei
3482 2582 3679 2653 unige-

2102 2676 2293 2739 nitum,
2340 2676 2532 2730 beatus
2597 2673 2795 2729 Paulus
2844 2682 3227 2730 commemorat
3276 2673 3359 2738 ";
3416 2688 3516 2727 nec
3569 2687 3681 2725 non

2099 2769 2285 2833 etiam,
2317 2769 2459 2837 quod
2494 2768 2879 2837 propemodum
2915 2782 2977 2820 ac
3008 2780 3105 2821 nos
3140 2766 3486 2835 partieipavit
3524 2767 3681 2819 carni

2101 2869 2157 2913 et
2200 2860 2447 2927 sanguini
2478 2860 2548 2913 9'.
2595 2860 2859 2914 Dlemores
2889 2868 3067 2912 autem
3100 2873 3285 2911 sumus
3308 2857 3473 2911 etiam
3509 2854 3687 2910 Joan-

2102 2948 2219 3013 nis;
2255 2949 2329 3003 ait
2357 2950 2500 3003 enim
2529 2967 2543 3004 :
2578 2967 2598 3001 ι
2633 2949 2867 3004 Verbum
2896 2964 3022 3002 caro
3050 2948 3245 3001 factum
3278 2958 3383 3010 est,
3425 2956 3482 3001 et
3524 2947 3687 3002 habi-

2105 3039 2236 3092 tavit
2264 3039 2315 3091 in
2351 3039 2508 3093 nobis
2527 3039 2594 3095 ”.
2629 3057 2646 3089 ›
2680 3038 2809 3094 ldne
2836 3039 2999 3109 igitur
3032 3037 3131 3092 fuit
3172 3039 3510 3107 propositum
3544 3039 3688 3093 viris

2102 3128 2458 3198 spiritalibus,
2491 3129 2705 3193 docere,
2744 3130 2886 3200 quod
2917 3129 3009 3184 Dei
3037 3126 3273 3183 Verbum
3302 3129 3690 3183 conversionis

2100 3218 2171 3273 sit
2204 3221 2452 3287 patiens;
2486 3230 2577 3273 aut
2606 3220 2746 3289 quod
2777 3222 2950 3290 ipsum
2978 3220 3059 3275 fas
3084 3220 3688 3282 sitcommutationem,

2099 3327 2219 3381 quae
2260 3313 2429 3380 magis
2463 3326 2726 3366 creatum:
2757 3313 3060 3376 conveniat,
3097 3312 3407 3367 sustinere:
3455 3312 3592 3365 adeo
3629 3321 3691 3365 ut

2101 3402 2150 3454 id
2184 3400 2325 3470 quod
2380 3418 2486 3456 non
2521 3410 2659 3465 erat,
2704 3400 2929 3455 forsitan
2968 3402 3018 3453 in
3066 3400 3117 3453 id
3160 3414 3254 3452 sua
3294 3408 3489 3467 sponte
3516 3399 3690 3450 deve-

2098 3493 2243 3556 niat;
2293 3499 2389 3545 aut
2432 3492 2569 3545 alius
2603 3502 2792 3545 contra
2836 3491 3002 3559 ipsius
3036 3490 3368 3543 voluntatem
3406 3490 3475 3541 ad
3519 3487 3689 3539 aliam

2100 3596 2347 3641 naturam
2392 3584 2735 3654 impellatur?
2778 3583 2937 3639 absit.
2968 3582 3148 3636 Manet
3187 3596 3421 3648 namque
3447 3580 3616 3642 idem,
3657 3594 3689 3631 a

2100 3693 2197 3733 sua
2229 3688 2419 3732 natura
2444 3678 2924 3732 commutationem
2952 3690 3166 3730 omnem
3192 3674 3510 3735 exeludens,
3548 3688 3689 3726 con-

2101 3772 2367 3825 versionis
2389 3771 2634 3825 umbram
2666 3770 2911 3824 nesciens
2935 3770 3040 3839 pati
3068 3789 3080 3822 :
3115 3769 3216 3823 ﬁxa
3247 3777 3329 3823 est
3361 3765 3507 3819 enim
3536 3780 3688 3819 sem-

2100 3874 2195 3930 per
2221 3861 2274 3913 in
2300 3861 2414 3915 suis
2444 3875 2675 3929 superna
2709 3859 2796 3912 illa
2825 3858 3167 3926 cmlestisque
3198 3866 3406 3910 natura.

2170 3951 2450 4017 Quomodo
2499 3952 2663 4019 igitur
2701 3951 2935 4006 Verbum
2964 3966 3091 4003 caro
3139 3949 3338 4003 factum
3366 3948 3458 4012 sit,
3492 3945 3688 3999 videre

2102 4058 2322 4097 necesse
2344 4052 2447 4099 est.
2472 4042 2707 4097 Primum
2729 4043 2943 4112 quidem
2963 4042 3137 4095 divina
3158 4040 3439 4108 Scriptura
3458 4053 3684 4091 carnem

2101 4135 2418 4204 plerumque
2441 4135 2681 4188 nominat
2706 4133 3002 4199 hominem,
3029 4140 3083 4186 et
3114 4131 3264 4202 quasi
3288 4147 3352 4186 ex
3390 4140 3544 4199 parte
3566 4129 3688 4182 ani-

2102 4226 2259 4281 malis
2292 4229 2458 4282 totius
2489 4227 2937 4296 signilicationem
2977 4225 3126 4289 facit,
3168 4240 3269 4278 uec
3311 4239 3418 4276 non
3449 4225 3621 4277 etiam
3654 4242 3681 4273 ει

2102 4319 2216 4375 sola
2245 4321 2423 4375 anima
2445 4320 2714 4374 interdum
2757 4320 3089 4373 tantumdem
3127 4320 3266 4385 agit;
3300 4317 3565 4384 scriptum
3597 4327 3687 4368 est

2102 4411 2247 4464 enim
2271 4410 2412 4476 quod
2444 4428 2463 4461 ι
2499 4410 2711 4467 Videbit
2746 4408 2922 4464 omnis
2949 4424 3081 4463 caro
3107 4409 3347 4462 salutare
3373 4408 3464 4461 Dei
3494 4409 3537 4459 ι.
3573 4426 3593 4458 ι
3619 4408 3687 4460 Et

438 4516 458 4550 ε
492 4498 655 4559 semel
679 4499 729 4553 iu
761 4502 1222 4555 consummatione
1248 4502 1587 4567 sarculorum,
1612 4503 1661 4557 in
1687 4504 2004 4559 destructio-
2034 4534 2079 4590 Β
2106 4502 2223 4574 ipse
2249 4503 2461 4556 divinus
2499 4501 2695 4555 Paulus
2715 4520 2737 4556 ε
2779 4520 2797 4553 ι
2832 4499 2948 4554 Non
2977 4501 3248 4563 consensi,
3290 4498 3482 4568 inquit,
3530 4498 3685 4551 carni

435 4603 555 4645 nem
575 4589 800 4661 peccati,
816 4605 911 4663 per
928 4590 1156 4645 hostiam
1180 4606 1331 4645 suam
1351 4592 1547 4646 dicitur
1562 4594 1873 4663 apparuisse
1894 4596 1995 4648 ”?D

435 4679 716 4749 Quomodo.
751 4693 929 4742 autem
961 4698 1124 4737 unum
1161 4684 1313 4737 nobis
1354 4683 1515 4737 Verbi
1550 4686 1835 4741 adventum
1864 4702 1998 4754 prm-

430 4771 615 4827 dicant
638 4773 831 4828 divina:
864 4773 1175 4844 Scriptum,
1204 4774 1246 4828 si
1279 4775 1535 4846 θεοφόρος
1571 4787 1686 4831 erat
1712 4779 1913 4834 homo?
1937 4779 1993 4835 Si

432 4864 685 4933 templum
715 4874 769 4919 et
796 4866 909 4934 ipse
935 4865 1107 4928 factus
1131 4877 1214 4920 est
1237 4865 1353 4932 Dei,
1395 4868 1661 4936 quomodo
1683 4881 1734 4923 et
1763 4871 1815 4925 in
1844 4871 1997 4925 nobis

430 4954 595 5009 etiam
642 4953 890 5011 Christus
921 4957 1047 5011 est?
1095 4956 1314 5013 Sicutne
1359 4959 1613 5029 templum
1657 4960 1710 5015 in
1750 4963 1998 5031 templis?

430 5048 512 5100 An
540 5054 600 5100 ut
627 5044 770 5101 Deus
799 5047 969 5117 magis
993 5047 1045 5101 in
1073 5048 1284 5118 templis
1309 5064 1406 5117 per
1434 5047 1692 5119 Spiritum
1716 5052 1739 5105 ?
1778 5051 1834 5107 Si
1874 5052 1994 5107 θεο-

431 5134 597 5208 φόρος
632 5145 752 5189 erat
781 5138 959 5203 homo,
992 5148 1104 5192 cur‘
1130 5146 1213 5193 est
1238 5138 1407 5194 solius
1445 5138 1611 5209 ipsius
1635 5155 1831 5211 corpus
1860 5140 1997 5197 vivi-

435 5226 641 5281 ticum?
695 5225 1018 5298 Oportuerat
1085 5230 1231 5283 enim
1280 5229 1510 5286 aliorum
1566 5233 1728 5287 etiam
1770 5248 1995 5305 corpora

506 5383 575 5414 ω
610 5383 766 5442 Joau.
796 5382 853 5443 ii,
885 5379 983 5445 25.
1038 5382 1084 5413 ’θ
1103 5380 1247 5435 Psal.
1274 5396 1451 5446 xxx".
1480 5384 1565 5440 55.

433 5453 478 5485 "
516 5451 676 5506 llchr.
718 5468 794 5517 Ix,
830 5450 919 5508 26.
1026 5452 1072 5483 "
1109 5452 1269 5507 Hebr.
1328 5468 1382 5513 κ,
1422 5453 1512 5520 28,
1556 5456 1645 5512 29.

436 5524 455 5553 ¹
496 5520 669 5577 Galat.
713 5536 752 5588 I,
795 5523 880 5576 l6.
956 5522 978 5553 ³
1012 5520 1165 5577 Deut.
1207 5538 1263 5588 x,
1301 5522 1393 5579 22.

1640 5386 1683 5417 "
1713 5384 1903 5440 Matth.
1931 5402 2010 5452 Ix,
2036 5387 2088 5442 6.

2108 4603 2163 4650 et
2184 4594 2432 4665 sanguini
2457 4595 2500 4649 ¹.
2527 4612 2546 4647 ι
2584 4594 2861 4649 Allocutus
2885 4602 2968 4647 est
2996 4604 3176 4646 autem
3202 4607 3293 4648 eos
3327 4593 3417 4660 qui
3447 4600 3583 4643 sunt
3617 4605 3688 4643 ex

2107 4686 2272 4741 Israel
2299 4687 2537 4756 pontifex
2562 4686 2771 4756 Moyses
2802 4705 2815 4741 :
2854 4706 2872 4738 ι
2905 4685 2963 4740 1η
2991 4685 3323 4755 septuaginta
3350 4695 3405 4736 et
3435 4684 3688 4753 quinque

2102 4779 2383 4833 animabus
2410 4780 2798 4834 descenderunt
2840 4789 3018 4848 patres
3051 4778 3127 4832 tui
3170 4778 3222 4831 in
3256 4775 3556 4846 Egyptum
3580 4777 3623 4829 ³.
3662 4796 3681 4825 ι

2103 4867 2209 4925 Sed
2240 4886 2349 4923 non
2372 4869 2571 4925 ideirco
2596 4870 2815 4936 dixeris,
2843 4871 2987 4941 quod
3017 4870 3173 4924 nudas
3195 4878 3248 4923 et
3273 4870 3391 4922 sine
3420 4868 3688 4921 carnibus

2104 4962 2297 5016 animae
2345 4962 2396 5015 in
2451 4960 2736 5032 Egyptum
2778 4962 3182 5027 descenderint;
3217 4974 3314 5014 nec
3345 4975 3513 5029 porro
3540 4959 3687 5027 quod

2101 5053 2353 5108 inanimis
2404 5053 2745 5122 corporibus,
2806 5063 2861 5109 et
2919 5053 3049 5109 solis
3102 5051 3389 5117 carnibus,
3439 5050 3688 5104 salutare

2101 5158 2256 5199 suum
2292 5144 2432 5200 Deus
2466 5144 2769 5202 indulserit.
2807 5144 3029 5213 Quoties
3065 5145 3227 5215 igitur
3258 5142 3517 5198 audimus
3558 5159 3671 5198 ea-

2103 5252 2226 5292 nem
2254 5238 2455 5292 factum
2485 5251 2605 5293 esse
2635 5237 2895 5304 Verbum,
2932 5237 3200 5291 hominem
3230 5235 3589 5305 intelligimus
3618 5252 3682 5289 ex

2165 5390 2209 5421 "
2238 5389 2430 5451 Matth,
2452 5403 2504 5455 ν,
2528 5389 2615 5444 52.
2692 5392 2738 5423 ’³
2775 5390 2928 5444 Deut.
2958 5406 3028 5449 vI.
3056 5389 3139 5442 15.
3224 5390 3270 5421 ’⁸
3304 5386 3472 5442 Hebr.
3501 5406 3566 5450 tt.
3596 5390 3681 5443 υ.

1754 5457 1798 5488 ⁸⁷
1839 5455 1992 5514 Hebr.

2108 5497 2124 5523 ,
2168 5460 2253 5515 16.
2327 5460 2373 5491 ’⁸
2410 5461 2547 5518 ibid.
2606 5462 2689 5516 l4.
2765 5464 2809 5494 ⁹⁹
2837 5459 2996 5517 Joan.
3038 5474 3077 5524 ι,
3125 5458 3205 5515 14.
3284 5460 3297 5489 ¹
3337 5458 3472 5514 Luc.
3508 5476 3597 5525 Ill,
3628 5462 3680 5513 6.

2701 5628 2751 5647 ,ιβ

507 5703 583 5777 (l)
622 5703 849 5760 Videtur
873 5704 1072 5777 aliquid
1108 5706 1195 5763 hic
1218 5705 1434 5773 deesse;
1468 5706 1542 5770 id.
1591 5705 1801 5773 ooiuor,
1848 5702 1991 5775 quod
2030 5706 2348 5766 Anastasius
2415 5708 2620 5765 Sinaita
2649 5720 2912 5767 memorat
2945 5727 3007 5768 ue
3046 5721 3244 5768 statere
3309 5713 3364 5770 in
3412 5714 3686 5771 tributum

432 5775 717 5847 pensitato.
