3856 6212
240 302 377 360 I597

1152 295 1444 355 SCHOLIA
1481 297 1573 353 DE
1608 295 2129 355 INCARNATIONE
2169 300 2544 363 UNIGENITI.

3354 307 3489 366 1598

232 424 412 483 anima
441 430 495 477 et
524 432 771 490 corpore.
800 417 1024 474 Factum
1059 427 1144 474 est
1183 426 1364 474 autem
1394 415 1653 485 Verbum,
1682 432 1804 474 cum
1831 469 1832 473 η

1948 420 2042 477 ἰδν
2099 421 2208 479 οἵδε
2274 424 2536 498 μονογενῆ
2579 422 2672 481 τδν
2742 424 2886 482 enim
2927 438 3092 480 unum
3132 438 3254 479 esse
3297 421 3491 478 Filium

234 518 305 574 sit
330 515 490 580 Deus,
518 514 677 570 homo
694 510 988 585 perfectus,
1002 524 1197 579 corpus
1220 510 1491 582 accipiens
1510 510 1811 567 animatum

232 618 291 663 et
330 606 670 670 rationabile,
717 605 876 675 idque
904 602 1005 658 sibi
1039 617 1165 658 vere
1190 602 1453 658 adunavit
1489 621 1503 661 ε
1540 605 1814 673 quomodo

176 696 189 777 ξ
237 701 351 771 ipse
385 699 542 763 sciat,
573 698 775 752 nostris
806 698 950 751 enim
989 696 1235 752 sensibus
1266 696 1574 766 huiusmodi
1603 697 1814 768 cogita-

239 796 410 847 tiones
434 791 654 846 omnino
677 790 826 845 cerui
857 803 961 845 non
981 798 1208 859 possunt
1236 807 1252 846 :
1277 797 1332 844 et
1364 797 1704 859 nuncupatus
1732 799 1815 846 est

239 883 403 940 Filius
441 882 696 938 hominis.

308 974 415 1031 Sed
443 975 487 1029 si
516 984 730 1045 oportet
758 982 1015 1044 tanquam
1042 973 1105 1029 in
1131 975 1409 1046 speculum
1443 975 1713 1032 intuentes
1734 975 1821 1031 di-

239 1080 388 1133 cere,
419 1065 688 1133 coniectat
716 1064 899 1136 aliquo
932 1063 1093 1120 modo
1133 1079 1324 1121 sensus
1385 1065 1678 1132 humanos,
1713 1066 1811 1121 ad-

243 1168 469 1214 unatum
501 1158 672 1211 fuisse
700 1156 938 1212 Verbum
958 1157 1172 1227 corpori
1207 1156 1427 1214 babenti
1462 1159 1697 1212 animam
1728 1173 1819 1213 ra-

245 1249 554 1305 tionabilem
589 1247 821 1318 qualiter
848 1248 1011 1304 etiam
1042 1247 1279 1304 hominis
1304 1248 1538 1304 animam
1569 1264 1667 1304 suo
1699 1264 1820 1307 cor-

246 1340 387 1412 pori,
414 1340 583 1411 ipsam
608 1338 824 1411 quidem
852 1339 1079 1396 diversa:
1105 1350 1331 1408 natura},
1364 1341 1610 1398 sortitam
1642 1349 1819 1396 tamen

247 1431 679 1486 communionem
718 1430 1209 1499 adunationemque
1261 1444 1383 1485 cum
1436 1445 1697 1501 corpore;
1763 1442 1823 1485 ut

247 1536 385 1591 pene
411 1521 659 1575 videatur
690 1536 796 1576 non
826 1534 949 1577 esse
978 1519 1083 1575 alia
1109 1529 1303 1592 pra-ter
1334 1535 1551 1589 corpus,
1582 1535 1647 1575 eo
1676 1521 1820 1591 quod

249 1627 345 1681 per
373 1611 818 1681 compositionem
850 1628 917 1667 ex
943 1620 1172 1681 utroque
1198 1611 1398 1666 animal
1433 1626 1596 1666 unum
1626 1610 1827 1667 cilicia-

251 1713 357 1770 tur,
390 1712 641 1758 maneute
668 1712 847 1757 tamen
877 1702 1014 1773 ipsa,
1048 1712 1107 1758 ut.
1140 1712 1267 1758 ante
1296 1703 1614 1767 memoravi,
1644 1703 1696 1756 in
1726 1718 1821 1758 sua

250 1803 467 1849 natura.
496 1792 639 1861 Ergo
684 1809 790 1848 non
837 1807 934 1863 per
964 1793 1441 1848 commutationem
1471 1803 1567 1849 aut
1596 1807 1825 1849 conver-

246 1882 457 1940 sionem
488 1883 759 1937 hominem
785 1881 988 1937 factum
1027 1882 1118 1937 Dei
1148 1882 1381 1937 dicimus
1408 1881 1683 1948 Verbum;
1722 1897 1823 1938 nec

248 1987 496 2044 prorsus,
527 1973 667 2043 quod
701 1973 839 2028 Deus
870 1986 992 2031 esse
1019 1973 1273 2040 desierit;
1302 1972 1395 2028 sed
1424 1974 1568 2043 quod
1600 1988 1820 2029 carnem

251 2064 524 2133 accipiens
564 2082 631 2122 ex
665 2067 909 2133 muliere,
936 2075 993 2122 et
1019 2066 1067 2123 ei
1099 2080 1164 2121 es
1195 2075 1351 2121 utero
1376 2071 1667 2131 adunatus,
1693 2067 1827 2122 exiit

254 2158 417 2213 homo
450 2158 588 2212 idem
622 2160 782 2218 simul
814 2169 867 2214 et
910 2159 1080 2227 Deus;
1113 2172 1289 2230 neque
1329 2156 1422 2215 Dei
1453 2171 1510 2214 et
1536 2159 1712 2216 Patris
1739 2176 1830 2231 ge—

252 2248 594 2302 nerationem
634 2258 889 2304 aeternam
930 2251 1241 2321 projicicns,
1272 2250 1526 2306 sustinuit
1561 2260 1833 2321 tempora-

253 2336 381 2404 lem,
411 2355 477 2394 ex
509 2340 733 2397 muliere
764 2342 888 2397 inde
936 2343 1172 2408 initium,
1212 2353 1271 2398 ut
1317 2354 1479 2407 esset,
1535 2344 1830 2413 accipiens.

253 2430 609 2489 Permittebat
651 2443 829 2489 autem
857 2436 1005 2489 carni
1045 2436 1277 2505 propriae
1316 2450 1426 2491 suae
1463 2444 1669 2490 natura:
1701 2436 1836 2507 legi-

255 2526 355 2580 bus
400 2524 570 2590 nasci,
618 2526 917 2582 nativitatis
966 2526 1175 2583 ratione
1224 2527 1509 2583 duntaxat.
1559 2528 1834 2584 Caeterum

255 2614 419 2670 habet
454 2615 506 2669 in
555 2630 616 2671 se
660 2616 861 2686 aliquid
898 2618 965 2672 ab
1022 2618 1255 2673 humana
1300 2630 1493 2674 natura
1521 2619 1832 2676 dissimile:

254 2717 418 2762 natus
445 2717 529 2764 est
549 2712 692 2764 enim
716 2726 783 2764 ex
807 2709 1049 2781 Virgine,
1068 2720 1122 2765 et
1144 2713 1291 2767 solus
1322 2713 1480 2769 habet
1504 2712 1580 2787 (1)
1608 2723 1839 2771 matrem

257 2799 573 2869 innuptam;
616 2800 819 2859 factum
867 2813 1044 2859 autem
1078 2805 1256 2875 ipsum
1297 2806 1462 2861 etiam
1503 2822 1748 2875 carnem,
1785 2822 1841 2867 et

256 2890 311 2944 in
347 2892 504 2947 nobis
553 2894 909 2962 inhabitasse,
945 2898 1277 2969 evangelista
1328 2910 1735 2968 commemorat,
1783 2911 1842 2960 ut

255 2992 489 3052 utroque
515 2986 916 3055 comprobaret,
946 2997 1000 3042 et
1027 2988 1226 3043 factum
1263 2988 1432 3044 fuisse
1467 2990 1763 3058 hominem,
1788 3002 1842 3049 et

1915 516 2095 589 σάρκα
2165 516 2499 589 γενόμενον,
2574 516 2672 572 καὶ
2744 516 3074 587 unigenitum
3104 530 3322 572 carnem
3378 516 3494 571 fac-

1913 607 2431 681 ὲνανθρωπήσαντα.
2743 617 2879 674 tum,
2908 615 2963 664 et
2988 608 3286 663 hominem.

1988 699 2068 773 (2)
2099 701 2278 758 Carne
2299 711 2478 758 autem
2515 701 2647 758 mihi
2674 702 2887 758 videtur
2919 701 3135 756 divinus
3158 698 3496 769 Evangelista

1918 799 2087 846 totam
2122 791 2401 865 sapienter
2436 799 2684 847 naturam
2732 791 3010 848 hominum
3061 791 3343 847 nominare
3373 807 3389 844 :
3422 790 3500 844 ait

1917 883 2063 938 enim
2093 880 2330 938 Verbum
2361 882 2692 938 inhabitasse
2724 883 2774 937 in
2808 884 2984 947 nobis,
3014 896 3123 936 non
3155 880 3401 944 alterius,
3437 887 3499 933 ut

1916 988 2017 1046 ego
2044 974 2257 1046 opinor,
2283 974 2478 1045 gratia,
2506 974 2931 1030 incarnationem
2948 971 3112 1029 Verbi
3136 971 3333 1027 factam
3356 985 3500 1037 esse,

1918 1080 2388 1133 commemorans;
2424 1066 2527 1120 nisi
2553 1075 2613 1121 ut
2641 1065 2805 1121 etiam
2828 1080 2947 1130 nos,
2974 1064 3297 1135 participato
3331 1061 3502 1131 ipsius

1918 1175 2018 1232 per
2054 1160 2320 1231 Spiritum
2354 1169 2602 1214 sanctum
2630 1156 2963 1227 locupletati,
2997 1154 3306 1223 ad0ptionis
3341 1154 3507 1209 bene-

1922 1253 2101 1309 ficium
2132 1253 2486 1308 lucraremur.
2526 1251 2696 1321 igitur
2729 1252 2785 1305 in
2820 1250 3040 1305 Christo
3071 1249 3330 1302 unitatem
3357 1260 3507 1301 sum-

1922 1359 2066 1401 mam
2097 1360 2387 1414 veramque
2409 1343 2680 1399 credimus
2708 1341 2926 1397 factam.
2953 1339 3048 1395 Sin
3072 1349 3250 1395 autem
3274 1338 3326 1391 in
3354 1335 3509 1391 nobis

1923 1432 2174 1490 Christus
2204 1433 2505 1489 inhabitare
2532 1432 2770 1498 dicatur,
2806 1429 3061 1502 σχετικὴν
3095 1428 3210 1497 ipse
3235 1426 3393 1480 faciet
3424 1424 3509 1479 in-

1925 1524 2342 1579 habitationem.
2368 1521 2485 1578 Non
2515 1532 2694 1577 autem
2729 1537 2851 1576 cum
2888 1522 3026 1577 Deus
3055 1519 3257 1573 dicitur
3295 1515 3511 1571 inhabi-

1928 1625 2071 1672 tasse
2102 1617 2155 1669 in
2186 1615 2408 1672 Christo
2442 1632 2457 1670 :
2498 1633 2516 1666 ι
2554 1613 2877 1668 luhabitavit
2909 1626 3141 1682 namque
3162 1611 3215 1664 in
3242 1623 3308 1663 eo
3335 1606 3513 1662 omnis

1929 1704 2204 1776 plenitudo
2233 1706 2538 1761 divinitatis
2572 1704 3001 1774 corporaliter‘;
3034 1723 3051 1755 ι
3088 1718 3194 1757 non
3225 1716 3325 1772 per
3347 1699 3514 1770 parti-

1924 1795 2181 1865 cipatum,
2214 1798 2297 1852 vel
2330 1798 2516 1868 σχέσιν
2539 1798 2863 1867 simplicem,
2900 1795 3056 1864 quasi
3092 1794 3206 1849 sole
3232 1793 3512 1857 illucente,

1925 1900 2018 1947 aut
2046 1892 2167 1955 igne
2203 1889 2426 1944 insitum
2458 1890 2561 1944 sibi
2591 1888 2822 1943 calorem
2850 1888 2971 1943 aliis
3002 1887 3355 1952 immittente;
3393 1882 3513 1950 sed,

1928 1992 1987 2038 ut
2017 1985 2088 2040 ita
2120 1983 2318 2051 dicam,
2364 1982 2478 2053 ipsa
2523 1982 2705 2037 divina
2752 1982 3072 2051 sinceraque
3105 1987 3324 2041 natura,
3361 1976 3517 2047 juxta

1928 2082 2098 2131 totum
2136 2075 2187 2129 id
2218 2075 2360 2146 quod
2391 2084 2497 2138 est,
2529 2072 2975 2128 inhabitationem
3004 2071 3106 2125 sibi
3137 2070 3391 2137 faciente,
3421 2083 3519 2139 per

1929 2180 2140 2230 veram,
2168 2174 2228 2218 ut
2254 2174 2380 2218 ante
2407 2162 2664 2228 diximus,
2705 2163 2989 2226 unitatem,
3031 2160 3084 2215 in
3123 2158 3322 2229 templo
3372 2154 3519 2229 quod

1931 2266 2013 2309 est
2043 2265 2225 2309 natum
2260 2271 2327 2311 ex
2353 2253 2574 2326 Virgine
2603 2270 2618 2308 :
2651 2256 2725 2308 ita
2760 2254 2903 2309 enim
2942 2268 3083 2308 unus
3125 2262 3180 2307 et
3208 2261 3315 2318 est,
3345 2258 3403 2304 et
3431 2248 3517 2305 iu-

1935 2348 2192 2418 telligitur
2213 2348 2465 2403 Christus
2494 2346 2679 2402 Jesus.

2007 2441 2161 2508 Quod
2193 2456 2320 2496 vero
2354 2440 2406 2495 in
2434 2440 2843 2508 expressionum
2875 2454 3082 2494 summa
3125 2445 3310 2492 noster
3339 2447 3550 2490 sermo.

1936 2533 2204 2597 vincatur,
2232 2545 2336 2585 non
2367 2531 2608 2598 negabo;
2652 2531 2746 2586 sed
2781 2545 2885 2585 non
2932 2529 3135 2586 idcirco
3164 2526 3365 2583 Christi
3405 2540 3524 2597 myx-

1938 2621 2160 2675 stcrium
2187 2634 2293 2674 non
2326 2620 2617 2687 credatur;
2645 2621 2738 2674 sed
2772 2619 2943 2689 magis
2968 2619 3038 2672 sit
3073 2618 3270 2673 merito
3305 2615 3526 2671 mirabi-

1937 2713 2063 2768 lius.
2093 2712 2305 2780 Quanto
2339 2713 2484 2767 enim
2518 2712 2662 2764 omni
2696 2722 2780 2764 est
2824 2718 3001 2764 mente
3041 2708 3290 2776 superius
3328 2715 3525 2761 etaer-

1940 2821 2122 2871 mone,
2151 2815 2301 2860 tanto
2333 2804 2502 2875 magis
2532 2802 2672 2857 ultra
2712 2817 2929 2857 omnem
2976 2799 3393 2855 admirationem
3427 2811 3525 2867 po-

1943 2900 2175 2956 nendum
2212 2908 2316 2954 est.

2014 2989 2244 3046 Carnem
2295 3005 2424 3044 vero
2457 2988 2659 3043 factum
2709 2986 2970 3049 Verbum,
3006 2981 3061 3037 io
3112 2990 3214 3045 est,
3252 2978 3537 3035 hominem

262 3088 422 3128 suum
453 3091 560 3131 non
592 3079 892 3147 perdidisse
920 3098 934 3135 :
962 3081 1161 3135 mansit
1183 3082 1323 3135 enim
1354 3083 1496 3152 quod
1526 3094 1665 3139 erat.
1872 3105 1919 3168 ρ
1947 3083 2273 3154 perfectura,
2304 3096 2409 3135 non
2439 3080 2674 3135 dicimus
2726 3090 2981 3132 mensura
3015 3072 3263 3143 corporis
3286 3080 3525 3138 compte-

357 3164 683 3237 lntelligitur
779 3186 1017 3241 namque

257 3268 408 3313 certe
461 3268 718 3325 tanquam
769 3261 911 3316 aliud
960 3264 1015 3317 in

259 3347 368 3404 alio
438 3350 764 3421 inhabitare,
817 3352 869 3408 id
909 3364 1014 3419 est,

258 3437 444 3495 divina
471 3453 659 3497 natura
692 3445 747 3499 in
779 3445 1019 3500 humani-

262 3540 408 3600 tate,
445 3549 551 3590 non
593 3550 846 3607 perpessa
875 3553 1022 3592 com-

265 3624 607 3691 mixtionem,
630 3638 724 3683 aut
745 3629 1022 3685 confusio.

265 3729 432 3783 nem,
491 3729 586 3776 aut
638 3724 1022 3780 commutatio-

266 3822 414 3876 nem,
446 3820 507 3866 ut
560 3824 703 3869 esset
738 3817 881 3886 quod
916 3832 1022 3873 non

263 3912 408 3959 erat.
451 3902 719 3975 Quidquid
773 3909 915 3963 enim
965 3908 1021 3963 iu

266 3989 378 4046 alio
404 3994 645 4053 habitare
667 3999 883 4067 dicitur,
916 4017 1023 4056 non

266 4084 445 4151 ipsum
462 4087 657 4152 fittale,
673 4092 832 4162 quale
849 4102 933 4148 est
973 4094 1023 4148 id

267 4172 323 4225 in
351 4189 459 4245 quo
490 4177 729 4247 habitat;
760 4183 852 4236 sed
880 4184 1025 4238 aliud

269 4266 326 4321 in
380 4268 489 4323 alio
544 4272 717 4341 magis
780 4272 1031 4344 intelligi-

271 4364 381 4412 tur.
412 4361 484 4415 At
509 4375 637 4417 vero
671 4363 727 4417 in
750 4363 911 4419 Verbi
942 4384 1031 4422 na-

271 4458 397 4505 tura
432 4460 489 4507 et
520 4451 902 4523 humanitatis,
934 4472 1024 4511 so-

274 4539 381 4595 lam
396 4544 552 4599 nobis
563 4543 921 4601 diﬂ‘erentiam
935 4550 1028 4602 de-

273 4630 454 4702 signat
490 4637 773 4694 diversitas
810 4649 1028 4697 natura-

275 4737 419 4782 rum.
438 4727 591 4786 Unus
618 4732 763 4787 enim
791 4748 855 4788 ex
883 4744 1031 4792 utro-

274 4828 385 4884 que
416 4818 732 4899 iutelligitur
759 4826 1029 4885 Christus.

278 4903 423 4979 Ergo
436 4912 893 4984 inconfusioue,ut
906 4932 1035 4977 ante

278 4998 415 5066 disi,
438 5019 672 5074 servata,
700 5011 1033 5071 inhabitasse

285 5086 518 5152 Verbum
541 5101 614 5154 ait
637 5102 688 5155 in
711 5104 866 5160 nobis
893 5123 908 5160 :
933 5106 1035 5162 scit

352 5271 376 5299 ⁸
406 5271 616 5331 Coloss.
643 5292 703 5341 tl,
743 5281 799 5335 9.

1159 3171 1377 3226 Νοεῖται
1438 3174 1547 3245 γὰρ
1600 3176 1817 3242 πάντως
1831 3218 1847 3243 ,

1089 3262 1165 3328 ὡς
1210 3264 1395 3336 ἕτερον
1443 3268 1499 3319 ὲν
1543 3268 1746 3340 ἑτέρῳ,
1790 3269 1852 3323 τὸ

1092 3355 1403 3419 κατοικοῦν,
1444 3355 1587 3411 τοῦτ’
1614 3357 1783 3423 ἔστιν,
1817 3361 1850 3431 ἡ

1092 3447 1212 3501 Θεία
1257 3448 1418 3517 φύσις
1467 3452 1524 3503 ὲν
1566 3450 1852 3522 ἀνθρωπό-

1092 3557 1237 3613 τητι,
1255 3544 1346 3596 καὶ
1366 3544 1425 3595 οὐ
1444 3544 1693 3598 παθοῦσα
1723 3563 1854 3617 φυρ-

1096 3634 1220 3706 μὸν,
1249 3635 1281 3707 ἥ
1306 3636 1567 3708 ἅνάχυσίν
1590 3655 1733 3702 τινα,
1757 3641 1855 3694 καὶ

1099 3729 1454 3800 μετάστασιν,
1485 3729 1583 3801 τὴν
1613 3732 1691 3793 εἰς
1717 3732 1854 3802 ὅπερ

1093 3822 1193 3874 οὐκ
1230 3817 1318 3893 ἦν.
1367 3822 1440 3876 Τὸ
1466 3822 1574 3893 γὰρ
1622 3824 1855 3876 ἐνοικεῖν

1094 3914 1268 3988 ἑτέρῳ
1294 3913 1607 3984 λεγόμενον,
1634 3915 1734 3967 οὐκ
1761 3914 1858 3967 αὐ-

1094 4008 1156 4061 τὸ
1172 4008 1413 4077 γέγονεν,
1439 4007 1576 4077 ὅπερ
1602 4007 1718 4059 ἐστὶ
1738 4007 1858 4060 τοῦ·

1095 4112 1179 4158 το,
1197 4098 1254 4149 ὲν
1279 4088 1324 4163 ᾧ
1356 4099 1623 4148 κατοικεῖ·
1649 4098 1852 4148 νοεῖται

1098 4186 1367 4257 δὲμᾶλλον
1388 4189 1472 4241 Ere
1484 4206 1572 4260 ρον
1589 4190 1645 4241 ὲν
1661 4190 1851 4260 ἑτέρῳ.

1112 4279 1201 4333 Ἐν
1232 4280 1291 4334 δέ
1330 4297 1393 4349 γε
1445 4283 1511 4350 τῇ
1556 4280 1715 4350 φύσει
1760 4279 1853 4334 τοῦ

1105 4375 1304 4443 Λόγου,
1333 4377 1427 4429 καὶ
1453 4376 1551 4447 τῆς
1566 4376 1853 4449 ἀνθρωπό-

1952 3176 2137 3241 bendi,
2172 3176 2223 3228 id
2267 3174 2408 3227 enim
2460 3169 2853 3241 ineptissimum
2881 3177 2965 3223 est
2987 3185 3019 3234 ;,
3040 3167 3137 3221 sed
3185 3162 3409 3233 implere
3450 3159 3527 3215 sic

1952 3283 2164 3340 quoque
2194 3268 2488 3329 credimus,
2527 3266 2664 3320 sicut
2695 3264 2851 3328 solet,
2895 3261 3093 3315 coelum
3128 3270 3182 3313 et
3216 3266 3440 3319 terram,
3473 3261 3527 3308 et

1952 3375 2071 3430 qua
2097 3358 2324 3413 inferius
2353 3358 2525 3427 posita
2563 3363 2689 3410 sunt
2727 3371 2742 3409 :
2774 3353 2955 3407 omnia
2987 3350 3186 3408 etenim
3214 3347 3371 3419 plena
3403 3353 3527 3401 sunt

1954 3454 2083 3518 Deo,
2112 3463 2167 3507 et
2194 3452 2373 3506 omnia
2406 3450 2504 3520 ipsi
2536 3446 2758 3518 parvula
2792 3454 2939 3501 sunt.
2972 3445 3041 3499 At
3082 3440 3352 3512 quomodo
3382 3446 3437 3492 et
3473 3438 3530 3491 in

1951 3548 2200 3615 singulis,
2227 3555 2280 3599 et
2307 3544 2360 3597 in
2390 3542 2644 3596 omnibus
2673 3551 2818 3594 totus
2848 3542 2941 3603 sit,
2974 3536 3246 3592 intellectu
3278 3532 3534 3600 dictuque

1953 3636 2165 3693 diﬂicile
2196 3643 2301 3699 est,
2336 3634 2445 3687 imo
2480 3647 2610 3686 vero
2640 3630 2804 3683 etiam
2848 3624 3200 3697 impossibile.
3245 3621 3300 3675 ld
3326 3630 3531 3685 autem,

1952 3740 2015 3785 ut
2039 3729 2331 3797 opinor,eo
2355 3720 2775 3795 possidet,quod
2804 3721 3157 3787 incorporeus
3180 3713 3247 3770 sit
3278 3722 3334 3767 et
3362 3711 3536 3767 indis-

1955 3819 2238 3890 pertibilis.

2024 3910 2308 3977 Proprium
2340 3914 2520 3962 autem
2574 3904 2735 3960 Verbi
2770 3917 2968 3972 corpus
3007 3901 3207 3956 dicitur
3238 3916 3269 3953 a
3314 3896 3472 3952 nobis
3513 3913 3531 3949 :

1956 4018 2060 4056 non
2100 3999 2551 4068 quemadmodum
2591 3995 2841 4065 proprius
2883 4003 2966 4048 est
3001 3991 3233 4047 hominis
3260 3991 3419 4051 risus,
3449 3986 3534 4042 vel

1953 4095 2075 4164 equi
2106 4091 2375 4157 hinnitus;
2424 4089 2520 4146 sed
2554 4090 2717 4158 quod,
2765 4085 2963 4139 factum
2999 4084 3166 4151 ipsius
3202 4098 3295 4152 per
3326 4080 3533 4134 aduna-

1958 4186 2156 4240 tiouetn
2188 4198 2393 4257 veram,
2438 4180 2781 4236 instrumenti
2813 4178 2860 4233 ei
2910 4177 3149 4245 prazbeat
3181 4174 3436 4236 cilicium,
3466 4172 3534 4225 ad

1954 4277 2355 4348 exsequendum
2381 4289 2444 4330 ea
2474 4289 2592 4345 qua:
2635 4288 2784 4327 more
2823 4269 2982 4324 solito
3014 4278 3289 4338 operatur,
3333 4264 3537 4336 absque

1958 4371 2076 4428 solo
2105 4378 2344 4440 peccato.

1101 4485 1285 4540 τητος,
1330 4467 1500 4538 μόνην
1567 4446 1700 4539 ἡμῖν
1759 4484 1828 4539 ση

2026 4464 2120 4519 Sin
2149 4479 2275 4519 vero
2310 4464 2453 4518 Deus
2486 4459 2717 4514 Verbum
2752 4457 2917 4511 etiam
2949 4453 3172 4508 missum
3202 4450 3366 4505 fuisse
3397 4446 3563 4503 forte

1102 4560 1284 4630 μαίνει
1322 4559 1586 4633 διαφορὰν
1612 4558 1720 4613 τῶν
1752 4559 1857 4629 φύς

1099 4669 1238 4705 σεων
1297 4653 1358 4705 τὸ
1421 4652 1698 4724 διάφορον.
1763 4647 1857 4715 Εἷς

1099 4740 1208 4813 γὰρ
1256 4741 1316 4808 ἐξ
1388 4742 1594 4811 ἀμφοῖν
1658 4744 1858 4795 νοεῖται

1101 4833 1358 4902 Χριστόςς
1379 4830 1590 4886 Οὐκοῦν
1610 4832 1671 4887 τὸ
1686 4832 1857 4902 ἀσύγο

1104 4944 1266 5000 χυτον
1282 4922 1340 4982 εὖ
1349 4927 1492 4999 μάλα
1517 4927 1856 4999 τετηρηκὼς,

1107 5018 1269 5089 φησὶν
1296 5018 1353 5071 ὲν
1386 5019 1521 5088 ἡμῖν
1554 5018 1861 5087 ἐσκηνωκὲ-

1107 5128 1195 5164 ναι
1231 5111 1321 5164 τὸν
1363 5111 1557 5182 Λόγον.
1582 5110 1720 5165 Ἕνα
1752 5110 1861 5184 γὰρ

356 5448 437 5528 (ί)
481 5455 692 5531 ιιι-ρει,
738 5473 856 5531 qua:
898 5460 998 5531 viri
1041 5461 1378 5528 amplexibus
1424 5458 1709 5531 inquinata
1756 5476 1861 5531 non

289 5514 505 5606 fuisset.
547 5514 789 5606 Nuben'di
826 5514 993 5606 enim;
1016 5514 1374 5606 vocabulum:
1398 5514 1864 5606 εξειῖςξτθρέτίὲέιέ

290 5590 345 5639 in
376 5590 651 5667 obscenis.
681 5593 818 5652 Hinc
851 5598 974 5651 illud
1001 5614 1069 5654 ex
1101 5599 1389 5667 Evangelia
1426 5590 1489 5655 DZ
1516 5590 1688 5657 Μαι-(Ξῖ
1714 5618 1729 5654 :
1755 5599 1864 5653 Ne-

292 5670 393 5735 σιω
443 5664 863 5739 ηιιὺειιί,λιεᾳιίε
894 5669 1169 5725 uubentur.
1238 5664 1303 5726 Et
1343 5670 1436 5725 lib.
1470 5685 1550 5731 vr,
1591 5668 1869 5739 Capitula-

293 5732 435 5781 rium
469 5746 588 5801 cap.
621 5732 727 5787 209
755 5732 866 5791 {Si
897 5739 1003 5806 ipse
1029 5748 1206 5796 tamen
1244 5744 1493 5810 innuptas
1528 5740 1609 5795 uel
1647 5732 1869 5796 innupta

1964 4557 2198 4621 dicatur,
2231 4571 2299 4609 ne
2327 4552 2450 4622 quis
2483 4560 2723 4604 vestrum
2767 4555 3054 4609 terreatur,
3090 4542 3219 4596 illud
3248 4540 3532 4609 cogitans:

1963 4648 2080 4716 Quo
2108 4653 2291 4718 perget
2314 4629 2708 4713 incorporeum,
2734 4638 2816 4693 vel
2848 4651 2954 4706 quo
2990 4636 3141 4690 cedet
3167 4634 3213 4689 is
3245 4647 3353 4701 quo
3380 4630 3561 4701 plena.

1963 4751 2093 4798 sunt
2120 4736 2347 4793 omnia?
2377 4735 2526 4790 Sciat
2571 4741 2748 4787 autem
2798 4728 2988 4799 magis,
3033 4725 3177 4796 quod
3205 4724 3274 4778 sit
3314 4731 3370 4776 et
3400 4718 3539 4776 alius

1964 4831 2242 4889 missionis
2262 4831 2472 4885 modus.
2499 4825 2612 4880 Non
2640 4833 2697 4877 ut
2722 4824 2897 4877 locum
2923 4820 2989 4875 de
3013 4819 3154 4881 loco,
3174 4815 3262 4885 qui
3286 4814 3563 4881 mittitur,.

1967 4934 2171 4990 mutet;
2203 4922 2297 4978 sed
2332 4931 2389 4975 ut
2422 4917 2778 4973 ministerium
2812 4914 2984 4983 magis
3009 4923 3226 4965 sacrum
3254 4905 3536 4976 suscipiat,

1965 5017 2109 5088 quod
2159 5015 2322 5070 etiam
2367 5010 2643 5078 discipulis
2695 5009 2994 5079 injunclum
3048 5016 3183 5058 esse.
3219 4999 3559 5059 discimusa,

1965 5108 2184 5165 Christo
2210 5104 2447 5162 omnium
2484 5101 2781 5158 Salvatore.

1968 5458 2332 5528 pemauseril.
2372 5459 2569 5521 Bawx.

2035 5530 2114 5599 (2)
2153 5528 2283 5595 Quae
2309 5541 2628 5596 sequuntur,
2658 5524 2929 5599 usquead
2951 5526 3151 5599 inciam
3190 5521 3376 5599 Jacobi
3416 5536 3537 5599 cum

1963 5592 2590 5671 speciosaque-verba,
2628 5592 2756 5671 cap.
2794 5596 2897 5671 5i,
2942 5595 3274 5671 latitudinem
3324 5592 3540 5671 {quieris

1966 5663 2103 5794 ciliis,
2131 5663 2321 5726 desunt
2350 5668 2403 5725 in
2433 5663 2758 5726 editionibus
2782 5667 3031 5738 vulgatis,
3055 5678 3107 5722 et
3135 5680 3274 5721 nunc
3306 5663 3538 5735 primum

1967 5755 1996 5794 e
2036 5749 2215 5794 untur.

1967 5749 2215 5794 eduntur.
