3856 6212
369 280 527 343 £1399

1372 274 1430 331 S.
1467 266 1745 333 CVRILLI
1782 266 2252 327 ALEXANDRIM
2291 273 2593 336 ABCHEEP

3506 275 3642 331 μεθ

458 393 698 464 Denique
731 391 893 447 etiam
939 391 1157 447 divinus
1198 388 1400 448 Paulus
1444 391 1523 446 ait
1574 390 1641 445 de
1689 388 1912 444 Christo
1942 406 1954 442 :
1985 389 2037 448 Δ
2068 408 2085 439 ι
2114 387 2285 445 Amen
2324 391 2447 447 dico
2494 390 2671 459 vobis,
2705 400 2994 461 antequam
3035 391 3308 446 Abraham
3343 401 3511 456 esset,
3541 408 3641 463 ego

368 502 411 563 ζ(
445 487 606 556 Ergo,
633 484 826 539 fratres
853 484 1046 547 sancti,
1072 481 1370 537 vocationis
1392 482 1626 537 caelestis
1645 480 1954 551 participes,

387 576 727 632 considerate
779 573 1080 645 apostolum
1132 586 1187 628 et
1240 574 1553 642 pontiﬁcem
1604 571 2028 629 confessioniso.

386 678 588 725 nostra:
635 664 821 723 Iesum
844 667 887 719 ⁸.
924 684 943 718 ι
986 663 1367 721 Animadverte
1409 672 1587 721 autem
1624 666 1787 736 quod,
1834 678 1957 719 cum

386 776 508 816 eum
556 757 952 813 ministrantem
1002 756 1282 812 hominum
1328 771 1480 811 more
1521 756 1788 821 ostendit,
1834 754 1959 834 licet

387 859 577 905 natura
609 849 679 904 sit
705 848 866 911 Deus,
901 855 1028 901 tunc
1064 845 1114 903 ei
1147 848 1310 903 etiam
1353 846 1586 902 olIicium
1629 844 1962 916 apostolatus

385 940 630 995 attribuit
668 957 683 994 :
728 937 863 993 nihil
906 948 1107 1004 autem,
1137 946 1195 993 ut
1225 949 1350 994 ante
1386 938 1641 1004 diximus,
1668 938 1958 993 absurdum

385 1039 487 1095 est,
523 1030 568 1084 si
606 1028 748 1085 Deus
775 1027 1011 1087 Verbum
1050 1028 1189 1085 mitti
1232 1030 1396 1084 etiam
1445 1030 1654 1085 dicatur
1696 1044 1725 1083 a
1763 1028 1955 1096 Patre;

387 1120 570 1190 implet
600 1134 832 1189 namque
862 1120 1166 1175 certissime
1206 1118 1415 1187 omnia,
1448 1129 1501 1175 et
1548 1120 1678 1174 nulli
1718 1120 1837 1176 loco
1867 1134 1962 1189 pe-

388 1212 529 1269 nitus
555 1210 707 1266 deest
738 1229 751 1265 :
784 1225 885 1265 nos
927 1225 1056 1266 vero
1099 1209 1349 1266 humanis
1393 1211 1618 1265 vocibus
1650 1209 1831 1265 divina
1875 1211 1960 1264 in-

387 1310 766 1371 terpretantes,
797 1300 1205 1373 ﬁgurationibus
1238 1302 1483 1372 corporis
1513 1302 1837 1357 immortalis
1868 1316 1962 1355 na-

389 1402 522 1447 tura:
546 1392 999 1463 dispensationem
1029 1393 1264 1450 solemus
1289 1392 1612 1464 intelligere.

461 1484 702 1553 Denique
751 1500 874 1543 eum
928 1495 1148 1540 sanctus
1204 1482 1440 1553 Spiritus
1488 1485 1669 1539 omnia
1723 1483 1962 1555 impleat,

388 1574 574 1632 scribit
609 1576 798 1632 beatus
832 1574 1051 1641 Paulus,
1080 1584 1138 1632 et
1184 1575 1316 1630 dicit
1365 1594 1379 1631 :
1415 1594 1434 1627 ι
1467 1574 1733 1642 Quoniam
1780 1586 1960 1631 autem

388 1671 519 1722 estis
554 1667 669 1733 lilii,
711 1668 857 1722 misit
910 1666 1051 1723 Deus
1100 1666 1361 1738 Spiritum
1408 1666 1530 1721 Filii
1578 1667 1661 1722 sui
1697 1669 1751 1722 in
1798 1668 1961 1724 corda

2060 493 2180 534 sum
2220 482 2363 537 “-“.
2411 502 2430 535 ι
2480 482 2762 549 Quomodo
2807 482 2950 538 enim
2988 481 3145 537 aliter
3196 493 3322 539 ante
3364 483 3635 537 Abraham

2059 582 2202 636 erat,
2232 573 2325 642 qui
2358 572 2537 628 multis
2567 583 2688 643 post
2728 573 3057 641 temporibus
3084 574 3384 627 secundum
3415 588 3637 627 carnem

2058 673 2218 718 natus
2252 665 2382 718 est?
2420 663 2564 719 Satis
2600 674 2777 718 autem
2822 666 2986 734 ipsos,
3014 674 3075 718 ut
3102 664 3313 733 opinor,
3353 665 3639 732 redarguct

2061 753 2277 809 divinus
2303 754 2539 811 Joannes
2562 757 2744 809 dicens
2772 775 2787 811 :
2815 776 2833 808 ι
2858 758 2959 811 Hie
2978 764 3117 821 erat,
3139 756 3206 810 de
3226 769 3331 823 quo
3357 769 3458 823 ego
3485 754 3595 808 dixi
3622 773 3635 807 :

2061 845 2187 901 Post
2212 862 2298 900 me
2322 848 2465 902 venit
2490 848 2592 912 vir,
2617 848 2707 916 qui
2736 858 2860 902 ante
2893 863 2979 903 me
3003 847 3178 903 lactus
3202 856 3305 910 est,
3332 846 3453 915 quia
3487 847 3639 915 prior

2059 952 2145 992 me
2178 950 2293 992 erat
2318 938 2378 993 υ.
2424 956 2440 989 ι

2134 1028 2317 1102 794·
2358 1029 2840 1086 Prmtermittentes
2883 1029 3049 1101 igitur
3091 1029 3145 1083 in
3195 1043 3252 1083 re
3290 1038 3396 1082 tam
3444 1028 3637 1081 frivola

2036 1122 2179 1189 sine
2206 1136 2370 1177 causa
2411 1131 2645 1189 certare,
2684 1124 2752 1177 ad
2789 1124 2917 1177 illud
2950 1121 3124 1191 magis
3159 1120 3458 1181 veniamus,
3489 1119 3639 1187 quod

2060 1210 2222 1265 etiam
2262 1211 2607 1269 emolumenti
2654 1212 2857 1283 aliquid
2899 1213 3070 1282 possit
3099 1209 3314 1274 aﬂ'erre,
3355 1225 3420 1265 ne
3462 1208 3639 1264 mole-

2061 1308 2143 1355 ste
2180 1299 2358 1356 {erant
2393 1301 2634 1356 nonnulli
2674 1302 2975 1366 audientes,
3017 1314 3137 1355 esse
3182 1308 3420 1354 sanctam
3455 1294 3638 1364 Virgi-

2062 1405 2185 1447 nem
2226 1390 2509 1457 Θεοτόκον,
2549 1406 2650 1447 nec
2681 1391 3077 1448 incredulitatis
3114 1388 3352 1445 Judaicte
3378 1404 3505 1442 suas
3536 1402 3640 1455 op-

2061 1483 2246 1554 pleant
2271 1492 2499 1549 mentes,
2525 1483 2635 1538 imo
2657 1497 2787 1539 vero
2822 1484 2983 1538 etiam
3006 1483 3281 1553 paganica!
3317 1482 3634 1550 impietatis.

2061 1574 2228 1631 Judtei
2272 1575 2469 1630 etenim
2518 1575 2974 1646 aggrediebantur
3022 1574 3293 1631 Christum
3340 1571 3585 1626 dicentes
3620 1590 3638 1626 :

2069 1686 2088 1721 ι
2119 1666 2195 1723 De
2228 1667 2370 1723 bono
2395 1681 2557 1738 opere
2582 1684 2689 1724 non
2726 1668 3025 1738 lapidamus
3055 1676 3136 1731 te;
3168 1666 3261 1721 sed
3285 1665 3351 1719 de
3381 1664 3639 1734 blasphe-

388 1767 595 1821 nostra.
613 1758 665 1812 in
698 1772 804 1827 quo
826 1756 1118 1813 clamamus
1147 1776 1161 1813 :
1186 1757 1338 1813 Abba
1365 1756 1523 1813 Pater
1544 1757 1584 1812 '.
1611 1776 1629 1810 ι
1669 1759 1757 1812 Ait
1779 1768 1955 1813 autem
1987 1746 2033 1807 Β
2060 1759 2190 1826 mia,
2216 1760 2358 1829 quod
2379 1774 2499 1815 cum
2522 1759 2600 1813 sis
2622 1760 2811 1823 homo,
2832 1757 2969 1813 facis
2990 1765 3044 1812 te
3074 1757 3241 1812 Deum
3261 1756 3325 1812 ".
3362 1775 3379 1807 ι
3409 1758 3477 1809 At
3503 1770 3641 1809 vero

388 1857 443 1903 et
475 1848 592 1917 ipse
621 1847 868 1907 Salvator
898 1866 917 1901 :
947 1866 965 1901 (
996 1846 1224 1917 Expedit
1252 1847 1424 1913 vobis,
1455 1859 1512 1900 ut
1539 1861 1638 1917 ego
1660 1861 1809 1911 eam;
1838 1861 1960 1901 nam

388 1940 435 1993 si
470 1953 576 1994 non
624 1938 831 2003 abiero,
874 1936 1189 1995 Paracletus
1239 1954 1345 1993 non
1389 1938 1569 1994 veniet
1603 1939 1670 1991 ad
1716 1954 1810 1993 vos
1849 1938 1890 1992 ⁷.
1934 1954 1957 1998 r

387 2025 612 2097 Oportet
634 2027 798 2099 igitur
820 2029 886 2083 ad
912 2030 1175 2085 rationem
1200 2030 1419 2100 pietatis
1438 2029 1619 2084 omnia
1643 2028 1958 2093 referentes,

385 2128 530 2171 certa
558 2118 885 2187 cogitatione
915 2120 1113 2175 sectari
1154 2137 1168 2175 :
1205 2119 1259 2175 id
1295 2118 1440 2175 enim
1484 2117 1743 2175 facientes
1781 2118 1963 2175 nobis-

386 2209 629 2279 tnetipsis
658 2209 893 2271 maxime
918 2209 1300 2281 prolueritnus.

979 2388 1130 2445 CAP.
1169 2388 1361 2443 XXVI.

489 2523 762 2584 Quomodo
797 2522 1109 2594 intelligitur
1145 2524 1405 2589 Θεοτόκος
1445 2524 1606 2596 Virgo
1640 2539 1843 2582 sancta.

452 2652 643 2707 Natum
677 2663 757 2709 est
786 2656 1009 2724 quidem
1033 2656 1482 2713 inaestimabiliter
1512 2658 1748 2714 Verbum
1784 2662 1874 2715 Dei
1903 2672 1957 2719 et

384 2742 591 2807 Patris;
626 2755 678 2801 et
712 2748 823 2801 haac
852 2748 1128 2817 generatio
1170 2764 1384 2803 omnem
1416 2763 1633 2804 sensum
1673 2754 1957 2820 cogitatio-

385 2851 615 2903 nemque
651 2839 1003 2903 transcendit,
1040 2849 1094 2895 et
1124 2850 1206 2895 est
1237 2841 1560 2912 incorporali
1588 2853 1796 2898 natura:
1824 2860 1957 2899 con-

2063 1849 2158 1905 lilii
2214 1865 2543 1922 paganorum
2597 1850 2855 1906 Ecclesia:
2901 1852 3152 1918 dogmata
3193 1849 3482 1910 derident,
3533 1861 3639 1899 au-

2062 1943 2268 1997 dientes
2294 1956 2361 1997 ex
2386 1943 2609 1999 muliere
2636 1940 2806 1997 Deum
2848 1956 2969 1997 esse
3008 1941 3380 2011 progenitum;
3422 1941 3517 1994 sed
3555 1938 3639 1992 illi

2062 2035 2276 2099 quidem
2310 2050 2422 2091 sua:
2450 2035 2735 2090 dementiae
2776 2036 3011 2089 exedent
3052 2034 3287 2095 fructus,
3320 2043 3376 2086 et
3414 2032 3640 2087 audient

2060 2143 2091 2183 a
2146 2128 2301 2184 nobis
2331 2147 2346 2183 :
2381 2148 2399 2180 ι
2431 2127 2640 2185 Stultus
2691 2129 2853 2182 stulte
2904 2127 3162 2198 loquitur,
3219 2136 3271 2179 et
3324 2141 3416 2179 eor
3465 2126 3639 2191 ipsius

2060 2235 2194 2275 vana
2227 2219 2506 2292 intelliget.
2534 2238 2554 2272 ›
2596 2219 2777 2275 Nostri
2818 2218 2960 2274 enim
3013 2219 3256 2289 mysterii
3300 2218 3464 2279 ratio,
3506 2217 3639 2271 licet

2058 2312 2258 2370 Iudaeis
2299 2315 2371 2367 sit
2408 2313 2744 2378 scandalum,
2790 2312 3039 2382 gentibus
3073 2321 3251 2366 autem
3290 2310 3521 2365 stultitia
3546 2309 3635 2374 u';

2060 2404 2213 2459 nobis
2243 2413 2442 2470 tamen,
2490 2404 2631 2474 quod
2668 2404 2893 2469 scimus,
2918 2418 3045 2458 vere
3083 2412 3167 2457 est
3208 2401 3550 2465 admirabile,
3580 2412 3640 2455 et

2059 2493 2319 2561 salutare,
2347 2502 2401 2548 et
2434 2494 2812 2563 dignissimum
2839 2492 2984 2547 credi
3016 2511 3029 2546 :
3060 2501 3114 2548 et
3152 2492 3197 2547 si
3228 2501 3371 2547 esset
3410 2491 3641 2545 omnino

2058 2584 2367 2653 quisquam,
2394 2584 2484 2654 qui
2523 2585 2703 2639 dicere
2738 2584 2983 2649 auderet,
3027 2587 3167 2638 hanc
3198 2598 3419 2638 carnem
3458 2592 3637 2637 terre-

2058 2690 2179 2729 nam
2219 2676 2374 2730 nudzn
2420 2677 2717 2730 divinitatis
2756 2677 2925 2730 fuisse
2976 2674 3314 2746 genitricem.
3368 2687 3423 2730 et
3465 2689 3531 2729 ex
3568 2690 3637 2730 ea

2057 2776 2303 2821 creatura
2350 2768 2497 2822 omni
2536 2766 2869 2836 superiorem
2921 2776 3101 2819 natam
3149 2764 3317 2820 fuisse
3355 2776 3635 2831 naturam,

2059 2856 2268 2913 insania
2301 2858 2352 2911 id
2391 2867 2538 2913 esset
2567 2868 2620 2912 et
2665 2858 2837 2911 l'uror.
2877 2854 3063 2925 Neque
3094 2857 3240 2911 enim
3287 2870 3356 2911 ex
3390 2857 3637 2911 terradi-

384 2927 625 3019 ""J‘iWS-
653 2926 1036 2984 νεΐιιηιιθηιεη
1079 2929 1133 2985 id
1176 2935 1317 3001 ειυοά
1352 2942 1537 2987 “illum
1574 2944 1680 3000 εει,
1709 2937 1957 3005 proprius
1982 2910 2029 2971 θ
2063 2949 2184 3002 vina
2210 2959 2292 3003 est
2324 2948 2465 3003 facta
2493 2959 2719 3012 natura;
2758 2963 2857 3002 nec
2894 2949 3243 3019 corruptibile
3275 2948 3640 3017 incorruptio—

386 3026 570 3084 partus
595 3018 913 3087 intelligitur
935 3020 1229 3087 Genitoris,
1245 3032 1297 3077 et
1324 3024 1563 3094 ejusdem
1593 3040 1714 3079 cum
1745 3042 1809 3082 eo
1834 3030 1959 3082 sub-

384 3110 634 3173 stamine;
689 3110 915 3179 ideoque
953 3112 1115 3168 etiam
1146 3113 1315 3170 Filius
1365 3118 1693 3179 nominatur,
1744 3120 1962 3175 nomine

385 3199 590 3254 scilicet
628 3194 899 3257 indicante
932 3206 1081 3273 quasi
1130 3220 1312 3261 veram
1354 3210 1735 3280 sinceramque
1766 3227 1959 3277 proge-

387 3290 560 3354 hient;
600 3290 690 3343 sed
721 3306 843 3344 cum
870 3293 941 3346 sit
967 3293 1117 3347 vivus
1149 3294 1201 3348 in
1233 3306 1495 3351 aeternum
1524 3296 1705 3364 Pater,
1740 3315 1961 3355 necesse

387 3388 491 3445 est,
523 3396 641 3432 eum
673 3396 886 3449 quoque
918 3382 1100 3439 vivere
1139 3386 1192 3439 in
1220 3397 1503 3453 aeternum.
1551 3400 1768 3459 propter
1797 3408 1960 3460 quem

385 3480 469 3522 est
524 3468 701 3525 Pater.
753 3471 919 3541 Igitur
971 3492 990 3525 ι
1028 3474 1082 3528 In
1136 3477 1403 3547 principio
1449 3489 1567 3533 erat
1600 3480 1854 3546 Verbum,
1907 3493 1961 3535 et

386 3560 527 3620 Deus
574 3572 691 3617 erat
746 3563 1001 3630 Verbum,
1049 3576 1103 3620 et
1150 3575 1268 3620 erat
1318 3570 1481 3623 etiam
1540 3568 1772 3626 Verbum
1818 3577 1958 3642 apud

387 3652 552 3707 Deum
584 3654 632 3720 5,
661 3673 680 3706 ι
719 3665 774 3707 ut
798 3657 1226 3725 sapientissimus
1266 3659 1599 3731 Evangelista
1636 3679 1962 3718 commemo-

388 3754 493 3795 rat.
537 3742 593 3796 ln
632 3748 1093 3803 cousnmmatione
1135 3759 1315 3804 autem
1362 3761 1683 3822 temporum,
1739 3768 1961 3825 propter

388 3850 487 3901 nos
514 3836 781 3899 homines,
815 3847 871 3892 et
908 3850 1131 3908 propter
1169 3852 1409 3899 nostram
1445 3845 1669 3899 salutem
1710 3846 1961 3903 incarna-

390 3938 502 3980 tum
534 3936 635 3993 est,
679 3935 734 3983 et
763 3929 923 3984 homo
962 3941 1047 3986 est
1091 3931 1327 4001 factum;
1377 3950 1479 3989 non
1524 3937 1775 3993 amittens
1817 3941 1959 4003 quod

387 4027 529 4085 erat,
560 4018 652 4073 sed
686 4019 925 4073 retinens
970 4021 1438 4078 inconvertibilem
1481 4039 1631 4078 suam
1685 4038 1956 4094 naturam,

388 4116 445 4163 et
472 4124 686 4177 semper
708 4111 758 4162 in
788 4108 1089 4166 divinitatis
1116 4112 1333 4184 fastigio
1364 4115 1712 4181 collocatam;
1742 4118 1961 4174 subiens

2060 3040 2147 3095 nis
2179 3041 2329 3094 radix
2386 3056 2619 3110 unquam
2670 3038 2803 3105 ﬁet;
2846 3053 2948 3094 nee
2993 3039 3301 3094 mortalitas
3345 3040 3519 3109 pariet
3552 3040 3637 3093 vi-

2061 3140 2171 3183 tam
2199 3146 2215 3195 ;
2249 3144 2348 3184 nec
2378 3130 2625 3196 corporis
2654 3126 2951 3183 tractabilis
2999 3128 3337 3199 incorporale
3383 3128 3477 3183 (iet
3502 3142 3633 3198 ger-

2061 3236 2220 3285 men;
2254 3235 2354 3275 nee
2395 3221 2694 3275 increatutn
2733 3236 2761 3275 a
2810 3230 2993 3275 creato
3026 3230 3313 3275 nascetur
3353 3236 3453 3277 nec
3487 3220 3635 3276 quod

2061 3312 2265 3380 absque
2294 3312 2466 3375 initio,
2502 3312 2567 3365 ab
2595 3326 2659 3365 eo
2684 3311 2825 3381 quod
2859 3312 3019 3366 habet
3044 3312 3276 3366 initium.

2133 3404 2329 3457 Verum
2375 3403 2634 3472 quoniam
2690 3403 2781 3457 Dei
2826 3402 3056 3458 Verbum
3097 3404 3251 3472 juxta
3298 3420 3396 3461 nos
3433 3405 3639 3461 factum

2061 3508 2180 3547 esse
2209 3492 2563 3559 afﬁrmamus,
2596 3502 2649 3549 et
2678 3495 2878 3548 nostris
2908 3497 3226 3563 corporibus
3254 3510 3448 3566 corpus
3481 3511 3640 3551 surn-

2065 3584 2238 3654 psisse
2295 3585 2594 3649 consimile,
2649 3586 2811 3653 idque
2860 3583 2962 3639 sibi
3014 3587 3293 3642 verissime
3340 3588 3640 3653 adunasse,

2061 3689 2260 3729 arcana
2300 3676 2762 3746 inenarrabilique
2794 3680 3023 3745 ratione,
3056 3688 3109 3733 et
3134 3679 3214 3733 sie
3246 3680 3519 3735 hominem
3554 3680 3637 3735 fa-

2060 3774 2207 3818 ctum
2239 3765 2533 3821 carnaliter
2557 3776 2741 3822 natum
2771 3784 2914 3835 esse,
2944 3771 3073 3841 quid
3095 3770 3389 3826 absurdum
3418 3782 3527 3837 est,
3552 3773 3642 3827 vel

2061 3858 2206 3924 quod
2251 3858 2401 3912 credi
2447 3873 2553 3913 non
2600 3860 2829 3915 debeat?
2867 3864 3001 3918 Cum
3049 3867 3349 3934 prmsertim
3400 3867 3642 3923 hominis

2063 3948 2265 4013 anima,
2299 3958 2355 4002 ut
2384 3950 2683 4019 saepissime
2707 3952 2966 4019 diximus,
3001 3970 3126 4009 cum
3152 3956 3222 4011 sit
3264 3966 3473 4012 natura
3502 3958 3641 4013 alte-

2061 4041 2175 4094 rius
2200 4050 2394 4108 prteter
2421 4057 2638 4113 corpus,
2669 4055 2923 4100 nascatur
2953 4056 3134 4102 tamen
3179 4064 3299 4103 cum
3336 4051 3478 4119 ipso,
3513 4064 3637 4105 cum

2062 4132 2134 4186 sit
2180 4132 2227 4186 ei
2273 4134 2528 4198 adunata,
2581 4150 2681 4189 nec
2721 4136 3008 4206 quisquam
3048 4139 3345 4195 arbitretur
3383 4152 3637 4196 naturam

394 4209 573 4303 fatue"
605 4211 830 4303 ντοριςιξ
853 4216 952 4256 nos
984 4204 1379 4273 dispensatorie
1411 4206 1958 4275 exinanitalemmco
1988 4243 2034 4298 ο
2063 4226 2304 4292 corporis
2337 4227 2532 4280 animae
2578 4204 2790 4284 initium
2840 4204 3084 4299 praebere
3122 4235 3479 4303 substantiae;
3537 4240 3637 4293 sed

390 4292 723 4348 inhonoraus
773 4291 867 4364 [id
918 4305 1025 4359 est,
1074 4311 1179 4353 non
1229 4297 1572 4370 despiciens]
1623 4303 1954 4368 pauperiem,

387 4397 506 4451 quae
554 4383 801 4437 humana:
850 4393 1055 4440 natura:
1085 4388 1336 4441 convenit
1379 4404 1393 4441 :
1441 4403 1562 4441 nam
1600 4405 1619 4440 σ
1648 4404 1771 4445 cum
1815 4400 1957 4445 esset

386 4471 557 4535 «lives,
586 4486 786 4541 pauper
810 4483 892 4527 est
924 4475 1121 4539 Factus,
1151 4476 1291 4531 sicut
1317 4476 1579 4547 scriptum
1610 4486 1695 4533 est
1722 4495 1740 4535 ε
1769 4491 1827 4533 ut
1856 4495 1956 4536 nos

386 4572 700 4629 paupertate
752 4563 869 4630 ejus
908 4565 1102 4620 divites
1148 4580 1390 4621 essemus
1440 4570 1483 4630 ’.
1516 4588 1541 4622 ι
1599 4566 1823 4623 Factum
1875 4578 1957 4626 est

389 4654 551 4721 igitur
589 4653 857 4715 homo,-et
886 4656 1285 4725 generationem
1310 4672 1376 4712 ex
1403 4658 1625 4714 muliere
1642 4674 1859 4729 passum
1877 4661 1957 4714 di—

388 4746 545 4796 citur.
582 4741 744 4813 Igitur
771 4755 1054 4813 propterea
1076 4746 1218 4815 quod
1262 4762 1329 4801 ex
1362 4758 1545 4803 sancta
1584 4750 1799 4819 Virgine
1833 4767 1958 4809 vere

388 4833 491 4889 sibi
510 4835 801 4889 adunatum
824 4850 1018 4906 corpus
1042 4838 1350 4907 acceperit;
1386 4839 1508 4894 inde
1546 4842 1805 4896 Θεοτάκον
1836 4857 1958 4899 esse

388 4922 617 4977 dicimus
659 4921 931 4993 Virginem
973 4935 1240 4991 sanctam,
1278 4927 1403 4997 quia
1449 4929 1499 4981 id
1548 4931 1800 4997 humane,
1846 4933 1962 4989 sive

387 5014 682 5067 secundum
708 5028 925 5068 carnem
958 5016 1188 5084 peperit,
1216 5016 1342 5073 licet
1366 5019 1590 5074 haberet
1612 5030 1735 5077 aute
1762 5026 1958 5079 saecula

388 5109 789 5174 generationem
820 5124 885 5163 ex
912 5106 1094 5171 Patre.

314 5260 329 5273 Γ
458 5194 677 5262 Opinari
724 5206 900 5251 autem
952 5198 1241 5254 nonnullos
1281 5196 1520 5257 Verbum
1568 5200 1693 5257 hinc
1743 5203 1956 5260 initium

392 5283 560 5342 fuisse
593 5289 864 5355 sortitum,
911 5306 1032 5346 cum
1075 5290 1238 5346 homo
1272 5289 1343 5346 sit
1392 5290 1615 5357 factum,
1669 5294 1959 5363 impietatis

388 5387 472 5431 est
517 5378 821 5449 lurorisque
868 5379 1260 5449 plenissimum.
1313 5381 1419 5437 Eos
1464 5387 1659 5439 etenim
1703 5386 1961 5456 insipien-

392 5470 628 5527 tissirnos
651 5486 791 5537 esse,
816 5473 1133 5529 monstravit
1162 5476 1274 5543 ipse
1296 5474 1542 5531 Salvator
1564 5478 1627 5531 de
1649 5493 1705 5533 se
1734 5478 1916 5534 dicens
1941 5498 1955 5536 :

456 5630 495 5716 "
511 5629 673 5684 Hebr.
720 5645 802 5716 '1":
847 5634 945 5716 ι...
973 5633 1004 5716 ⁸.
1031 5631 1205 5687 Galat.
1239 5650 1310 5716 Lv_,
1354 5636 1444 5716 6.__
1539 5635 1691 5716 {0am
1734 5654 1844 5716 ΣΗ,
1876 5640 1927 5695 ’7.

2064 5645 2212 5705 loan.
2253 5665 2285 5716 ι,
2326 5651 2372 5706 1.

388 5695 435 5732 ⁸³
469 5698 627 5757 Joan.
669 5719 705 5767 I,
738 5702 823 5757 50.
901 5701 947 5741 “
977 5698 1132 5763 Joatt.
1162 5695 1330 5775 3,23,.

1412 5707 1500 5762 “l
1538 5706 1663 5765 Cor.
1695 5725 1737 5777 ι,
1762 5710 1851 5771 23.

2058 4314 2302 4369 immittit
2330 4315 2543 4383 quidem
2575 4318 2743 4387 ipsam
2776 4320 3222 4379 inmstimabiliter
3253 4327 3393 4381 Deus
3424 4329 3481 4383 in
3514 4344 3642 4384 eor-

2058 4421 2180 4475 pus,
2210 4416 2262 4459 et
2306 4421 2428 4459 cum
2481 4407 2595 4475 ipso
2633 4410 2800 4465 etiam
2842 4413 3122 4468 nascitur:
3152 4431 3313 4471 unum
3346 4426 3524 4473 tamen
3565 4435 3642 4475 ex

2059 4504 2288 4564 utroque
2318 4496 2515 4571 animal
2545 4498 2855 4564 dellnimus,
2885 4501 3157 4558 hominem
3203 4505 3425 4561 scilicet.
3469 4505 3642 4579 Igitur

2063 4584 2300 4643 Verbum
2338 4588 2555 4655 quidem
2604 4589 2748 4647 Deus
2795 4601 2934 4657 erat,
2982 4593 3184 4648 factum
3216 4606 3300 4650 est
3348 4609 3533 4652 autem
3581 4608 3643 4653 et

2065 4675 2247 4737 homo,
2284 4685 2335 4727 et
2355 4675 2479 4743 quia
2512 4686 2692 4731 uatum
2716 4688 2799 4733 est
2828 4680 3121 4735 secundum
3146 4696 3386 4745 carnem,
3415 4694 3644 4751 propter

2063 4766 2456 4820 humanitatem
2503 4769 2871 4823 necessarium
2913 4782 3018 4835 εει,
3067 4786 3128 4827 ut
3164 4788 3282 4843 quae
3323 4774 3502 4841 ipsum
3538 4790 3642 4842 pe-

2060 4860 2222 4929 perit,
2254 4860 2325 4913 sit
2355 4860 2647 4924 Θεοτόκοςε
2682 4877 2804 4915 nam
2829 4863 2872 4917 si
2902 4880 3005 4917 non
3036 4868 3241 4935 peperit
3267 4866 3459 4931 Deum,
3487 4879 3642 4923 certe

2066 4963 2167 5002 nec
2203 4950 2411 5003 dicetur
2460 4949 2619 5015 Deus,
2653 4950 2745 5018 qui
2779 4961 2865 5006 est
2903 4953 2970 5005 ab
3010 4955 3122 5021 ipsa
3169 4956 3520 5025 progenitus;
3550 4960 3639 5012 sin

2063 5052 2194 5093 vero
2226 5039 2391 5092 Deum
2425 5040 2595 5107 ipsum
2637 5042 2834 5096 divinae
2867 5040 3162 5112 Scriptura:
3193 5047 3497 5107 nominant,
3543 5065 3641 5117 pe-

2064 5130 2203 5195 perit
2234 5129 2347 5197 ipsa
2395 5130 2560 5183 Deum
2606 5130 2874 5187 hominem
2920 5132 3139 5197 factum,
3172 5137 3431 5205 siquidem
3473 5140 3641 5193 homo

2062 5219 2221 5273 aliter
2262 5221 2375 5274 lieri
2423 5237 2527 5275 non
2577 5234 2776 5290 posset,
2830 5225 2931 5278 nisi
2984 5241 3076 5292 per
3122 5231 3528 5295 generationem
3568 5249 3639 5287 ex

2064 5310 2308 5365 muliere.
2344 5311 2624 5378 Quomodo
2659 5313 2823 5384 igitur
2850 5331 2956 5368 non
2986 5317 3076 5379 sit,
3116 5332 3235 5385 qua:
3268 5320 3437 5388 ipsum
3466 5338 3639 5389 pep»-

2065 5400 2475 5469 rit,;Oeo-r6xog?
2499 5404 2649 5469 Quod
2671 5416 2849 5459 autem
2887 5408 3025 5461 Deus
3054 5408 3124 5462 sit
3149 5423 3327 5477 verus,
3356 5414 3446 5481 qui
3475 5423 3641 5469 natus

2064 5488 2188 5544 inde
2213 5499 2314 5555 est,
2349 5506 2410 5548 ex
2444 5492 2624 5548 divina
2668 5494 2945 5563 Scriptura
2976 5495 3253 5553 discimus.

2450 5654 2469 5683 ’
2499 5649 2541 5709 ll
2578 5650 2698 5709 Cor.
2738 5668 2851 5721 riu,
2894 5654 2943 5709 9.
3026 5659 3141 5690 ³⁶ο¹¹
3175 5656 3328 5716 Joan.
3376 5675 3495 5727 vui,
3536 5661 3631 5718 58.

2395 5828 2468 5843 σιμ.
