3856 6212
192 358 319 416 MOI

765 470 917 528 CAP.
958 469 1171 527 XXV".

714 586 870 641 Dicta
910 586 973 639 de
1001 584 1235 640 Christo.

267 720 284 753 ι
316 702 452 756 Ecce
499 701 649 771 virgo
691 701 744 755 in
779 708 933 754 utero
974 700 1225 770 accipiet,
1265 708 1321 752 et
1352 697 1523 765 pariet
1564 694 1755 757 tilium,

192 805 239 846 rt
285 794 557 847 vocabunt
596 808 791 847 nomen
823 792 940 861 ejus
980 791 1291 845 Emmanuel
1320 791 1387 843 ¹⁵.
1424 809 1442 841 ι
1480 788 1758 854 Quomodo

191 900 318 951 t-rgn
350 884 399 936 id
434 884 573 953 quod
611 894 796 938 natum
830 897 915 938 εει
950 897 1017 936 ex
1048 891 1231 937 sancta
1269 880 1507 950 Virgine,
1544 878 1759 930 Emma-

194 976 311 1029 nuel
355 978 684 1042 nominatur,
724 990 846 1030 cum
891 974 1229 1039 Emmanuel,
1259 983 1316 1027 ut
1362 982 1486 1025 aute
1516 970 1647 1031 dixi,
1684 969 1758 1022 si-

192 1068 411 1135 guilicet
460 1069 512 1122 in
566 1079 751 1122 nostra
800 1077 990 1120 natura
1040 1076 1262 1136 prepter
1308 1080 1531 1120 carnem
1592 1062 1758 1115 fuisse

192 1156 449 1225 Verbum,
497 1160 637 1229 quod
689 1173 773 1215 est
821 1159 960 1215 Deus
1003 1175 1163 1213 verus
1200 1158 1265 1213 de
1313 1160 1419 1211 Deo
1453 1155 1619 1209 vero?
1651 1152 1757 1207 Sed

193 1252 365 1308 factus
401 1260 485 1307 est
513 1253 827 1307 Emmanuel
860 1270 873 1307 ε
905 1252 1203 1308 exinanivit
1244 1251 1388 1305 enim
1418 1266 1475 1303 se
1503 1248 1567 1312 ¹⁶,
1597 1262 1759 1315 gene-

191 1344 452 1398 rationem
484 1353 726 1399 nostram
756 1356 813 1399 et
852 1344 1082 1398 similem
1112 1358 1321 1411 passus,
1356 1358 1419 1394 ac
1449 1341 1528 1394 sic
1573 1338 1758 1393 nobis-

190 1451 314 1491 cum
363 1446 709 1491 conversatus
760 1445 862 1491 est.
906 1435 1044 1505 Ergo
1083 1442 1138 1489 et
1179 1434 1320 1487 Deus
1372 1432 1422 1486 in
1471 1445 1663 1494 carne,
1703 1438 1758 1485 et

190 1525 450 1591 Θιοτόκος
475 1542 599 1580 vere
627 1537 710 1581 est
750 1542 867 1596 qua:
896 1542 1017 1581 euut
1048 1524 1361 1588 carnaliter,
1406 1525 1521 1578 sive
1560 1538 1758 1577 secun-

189 1618 319 1677 dum
351 1634 568 1675 carnem
610 1620 909 1689 generavit.

746 1732 897 1786 CAP.
954 1728 1192 1785 XXVIII.

876 1840 1057 1896 Aliud.

259 1976 280 2010 ι
314 1957 584 2025 Quoniam
625 1971 815 2010 omnes
854 1954 1048 2009 stolam
1095 1953 1218 2008 dolo
1247 1963 1653 2024 congregatum,
1702 1962 1758 2008 et

179 2053 566 2107 vestimentum
604 2065 726 2103 cum
775 2048 1196 2104 commutatione
1242 2059 1524 2117 reponent,
1565 2058 1618 2101 et
1665 2062 1756 2100 vo-

180 2144 316 2209 lent,
346 2145 394 2197 si
436 2141 665 2195 fuissent
706 2139 793 2194 isti
846 2140 1143 2206 combusti;
1193 2140 1447 2209 quoniam
1497 2140 1754 2208 parvulus

176 2244 344 2292 natus
392 2243 476 2288 est
527 2231 702 2295 nobis,
744 2241 797 2286 et
847 2231 987 2284 ﬁlius
1036 2231 1195 2285 datus
1237 2242 1318 2285 est
1374 2232 1550 2295 nobis,
1601 2232 1757 2301 cujus

176 2328 520 2399 principatus
570 2326 745 2379 factus
778 2335 861 2379 est
892 2324 945 2378 in
993 2323 1220 2377 humero
1262 2324 1398 2393 ejus,
1445 2334 1497 2377 et
1535 2334 1758 2376 vocatur

174 2436 379 2477 nomen
406 2419 520 2489 ejus
545 2420 722 2489 magni
751 2416 964 2472 consilii
998 2416 1220 2471 nuntius
1246 2417 1310 2469 ‘7.
1343 2434 1362 2467 ›
1396 2415 1587 2474 Audis.
1613 2414 1755 2483 quod

173 2528 317 2583 puer
350 2512 660 2567 nominatus
696 2511 787 2575 sit,
816 2509 1071 2579 quodque
1104 2509 1508 2578 generationem
1543 2509 1611 2562 sit
1651 2523 1757 2561 uo-

171 2614 305 2659 ιιι-ε
352 2604 585 2658 similem
630 2584 839 2672 prssus.
890 2602 961 2655 At
994 2614 1115 2652 eum
1153 2614 1377 2669 puerum
1419 2599 1616 2653 coelum
1661 2612 1756 2668 per

171 2697 392 2754 stellam
426 2695 781 2750 clarissimam
809 2693 1099 2759 indicavit;
1129 2693 1266 2762 magi
1298 2693 1663 2745 adoraverunt
1687 2706 1755 2745 ex

168 2788 388 2845 ultimis
424 2796 581 2841 terra:
604 2785 865 2841 limitibus
901 2786 1292 2850 adventantes;
1319 2784 1491 2854 angeli
1526 2784 1757 2851 pastori-

167 2879 272 2935 bus
301 2877 776 2948 evangelizabant,
818 2876 1153 2930 Salvatorem
1187 2890 1306 2929 esse
1346 2885 1526 2928 uatum
1566 2875 1753 2927 dicen-

168 2981 280 3035 tes,
313 2980 373 3025 et
402 2985 589 3039 pacem
623 2983 721 3023 nec
752 2984 858 3023 non
891 2970 1056 3023 etiam
1087 2967 1261 3023 Patris
1289 2969 1485 3022 bonam
1510 2971 1756 3022 volunta-

167 3071 281 3118 tem
322 3062 714 3116 annuntiautes
743 3081 755 3114 :
798 3080 816 3114 ι
849 3060 948 3116 Est
980 3063 1155 3132 magni
1194 3062 1405 3116 consilii
1452 3061 1696 3114 nuntius.
1729 3079 1749 3111 ι

1099 355 1390 412 SCIIOLIA
1427 353 1515 409 DE
1550 349 2064 408 INCABNATIONE
2096 349 2465 406 UNIGENITI.

1783 469 1840 530 Δ
1863 475 1947 523 est
1978 466 2319 523 benedictum
2355 466 2407 519 in
2453 474 2615 519 terra.
2649 462 2889 518 Observa
2921 468 3096 512 autem
3131 459 3274 526 quod
3310 474 3434 526 pru-

3299 341 3316 393 l
3336 339 3437 395 £03

1860 558 2033 629 priam
2070 559 2308 612 nominet
2342 567 2596 621 matrem,
2638 569 2756 622 qum
2785 568 2941 607 suum
2972 550 3180 619 peperit
3210 564 3430 615 corpus.

1860 650 2001 719 Ergo
2045 650 2088 704 si
2135 650 2301 703 Deum
2341 663 2524 701 verum
2572 659 2633 701 se
2671 659 2792 698 esse
2840 646 3140 711 cognoscit,
3179 642 3264 694 illa
3313 657 3433 710 qua:

1858 760 1984 800 eum
2013 744 2306 799 carnaliter
2334 741 2564 810 peperit,
2594 738 2854 801 Θεοτὸκος
2883 737 3099 798 dicitur,
3132 745 3186 789 et
3215 733 3432 802 quidem

1862 837 2157 892 recte:siu
2204 850 2332 888 vero
2383 848 2485 886 non
2530 840 2613 886 est
2668 829 2832 894 Deus,
2868 829 2916 881 id
2968 828 3111 897 quod
3154 826 3432 889 audacter,

1863 927 1971 981 imo
1994 924 2173 995 potius
2195 923 2461 977 scelerate
2484 919 2724 976 nonnulli
2747 920 3008 980 sentiunt,
3035 916 3238 985 privari
3270 930 3433 981 opor-

1863 1028 1941 1073 tet
1976 1019 2145 1086 ipsam
2186 1016 2458 1083 Virginem
2489 1024 2732 1068 sanctam
2767 1012 2870 1066 hoc
2915 1010 3130 1064 nomine
3162 1024 3268 1077 quo
3301 1006 3434 1060 θεο-

1860 1110 2019 1172 τόκος
2052 1122 2175 1164 esse
2224 1107 2454 1160 dicatur.

2452 1235 2604 1291 CAP.
2644 1232 2841 1289 XXIX.

1863 1376 2017 1444 Quod
2049 1375 2187 1429 Deus
2219 1374 2522 1427 nominatur
2543 1380 2587 1423 et
2617 1370 2773 1423 homo
2806 1381 3064 1435 apparens
3099 1362 3436 1431 Unigenitus.

1932 1511 2186 1567 Salomon
2239 1509 2314 1561 ait
2367 1520 2531 1559 orans
2561 1546 2573 1557 .
2615 1523 2631 1555 ι
2668 1504 2734 1556 Et
2780 1515 2958 1564 nunc,
3018 1497 3244 1551 Domine
3293 1495 3435 1550 Deus

1859 1603 2048 1668 Israel,
2085 1599 2341 1657 credibile
2374 1600 2467 1652 tiat
2496 1597 2721 1649 verbum
2753 1603 2925 1653 tuum,
2968 1592 3110 1660 quod
3141 1590 3350 1643 locutus
3378 1604 3437 1642 es

1858 1712 2028 1767 puero
2059 1702 2150 1749 tuo
2181 1692 2368 1745 David.
2412 1690 2625 1756 Ergone
2646 1684 2906 1741 credibile
2941 1692 3022 1737 est
3046 1682 3189 1753 quod
3222 1682 3436 1736 habita-

1785 1814 1830 1870 Β
1859 1789 1938 1842 vit
1962 1787 2104 1841 Deus
2127 1798 2247 1839 cum
2277 1780 2589 1835 hominibus
2623 1777 2675 1831 in
2706 1786 2846 1830 terra
2864 1773 2950 1828 '5?
2977 1793 2997 1825 ι
3030 1773 3432 1834 Animadverte,

1859 1879 2000 1950 quod
2033 1876 2258 1931 miretur
2286 1871 2448 1928 Verbi
2480 1868 2910 1924 incarnationem
2942 1882 2955 1919 :
2992 1865 3257 1919 habitavit
3282 1879 3436 1916 nam-

1856 1986 1964 2041 que
1994 1985 2116 2024 cum
2145 1966 2453 2022 hominibus
2477 1962 2527 2015 in
2556 1970 2721 2024 terra,
2749 1974 2870 2012 cum
2900 1958 3060 2010 homo
3090 1966 3173 2009 est
3205 1953 3433 2017 factum,

1858 2080 1946 2120 res
1977 2063 2121 2118 enim
2146 2057 2480 2115 incredibilis
2518 2053 2825 2108 videbatur.
2863 2048 3118 2117 Alioquin
3163 2045 3435 2113 quomodo

1866 2156 1919 2211 id
1954 2153 2283 2224 praecipuum
2316 2146 2570 2217 quiddam
2609 2145 2698 2211 sit,
2743 2141 2827 2195 vel
2864 2140 3132 2209 quomodo
3181 2138 3232 2191 id
3269 2136 3434 2189 mira-

1858 2247 2006 2302 tioue
2038 2244 2279 2314 dignum,
2315 2255 2437 2294 cum
2476 2237 2616 2291 Deus
2654 2237 2723 2289 ab
2763 2234 2867 2295 his,
2902 2246 3022 2301 quae
3070 2231 3183 2299 ipse
3213 2242 3436 2283 creave-

1857 2339 1948 2403 rit,
1990 2351 2097 2391 non
2142 2331 2405 2394 discedat,
2440 2329 2627 2383 fovens
2659 2342 2722 2381 ea
2760 2324 2989 2387 scilicet,
3019 2331 3073 2377 et
3109 2336 3170 2374 ea
3219 2319 3435 2386 quidem

1858 2430 2165 2490 continens,
2202 2439 2320 2494 qure
2349 2423 2460 2491 jam
2498 2421 2638 2475 facta
2683 2426 2847 2479 sunt;
2881 2430 2945 2469 ea
2974 2429 3106 2468 vero
3146 2426 3268 2483 qua:
3298 2425 3437 2463 nou~

1857 2522 1985 2575 dum
2034 2519 2173 2571 facta
2226 2524 2385 2577 sunt,
2435 2513 2665 2568 creatis?
2702 2507 3019 2564 Miraculum
3068 2515 3247 2559 autem
3304 2516 3432 2556 vere

1858 2612 2211 2684 pra‘cipuum,
2249 2607 2391 2676 quod
2417 2606 2469 2659 in
2506 2614 2647 2657 terra
2678 2617 2803 2657 cum
2832 2598 3144 2655 hominibus
3174 2594 3439 2650 habitarit

1858 2708 2021 2762 homo
2069 2706 2244 2756 factus
2294 2702 2457 2763 Deus,
2508 2696 2659 2766 juxta
2701 2693 3092 2764 promissiones
3130 2688 3239 2756 jam
3280 2696 3434 2740 antea

1858 2799 2010 2853 datas
2050 2797 2236 2849 divino
2272 2792 2472 2853 David;
2509 2790 2773 2857 scriptum
2818 2794 2904 2840 est
2944 2783 3093 2836 enim
3127 2799 3141 2834 :
3174 2799 3192 2831 ι
3227 2776 3439 2832 Iuravit

1856 2888 2120 2943 Dominus
2181 2884 2345 2938 David
2402 2881 2727 2943 veritatem,
2800 2886 2855 2929 et
2915 2889 3020 2927 non
3085 2870 3439 2925 lrustrabitur

1857 2996 1976 3035 eam
1999 2979 2064 3031 ".
2100 2996 2119 3028 ›
2159 2974 2296 3041 Quid
2341 2985 2523 3024 autem
2559 2968 2804 3037 juravit?
2836 2984 2855 3016 ι
2891 2964 2963 3018 De
3017 2962 3195 3017 fructu
3226 2959 3435 3014 ventris

1861 3076 1936 3127 tui
1997 3085 2189 3139 ponam
2237 3081 2403 3135 super
2446 3064 2627 3118 sedem
2686 3070 2834 3113 tuam
2856 3058 2924 3109 ³⁷.
2960 3073 2978 3106 ι
3033 3054 3100 3109 Ει
3144 3067 3273 3105 vero
3322 3050 3434 3109 ille.

169 3150 549 3208 ManifeStavit
595 3153 795 3206 etenim
848 3152 1005 3206 nobis
1045 3152 1222 3207 Patris
1265 3152 1614 3216 voluntatem,
1667 3153 1750 3206 cui
1781 3156 1826 3214 C
1858 3162 2103 3234 quamvis
2136 3158 2477 3221 credidisset,
2516 3152 2658 3222 quod
2728 3163 3002 3217 nunquam
3048 3146 3279 3210 abneget
3314 3154 3439 3209 prec

170 3264 189 3297 ι
224 3247 279 3300 in
316 3259 387 3300 eo
422 3243 747 3313 complacuit
773 3242 959 3299 orbem
1002 3244 1214 3298 salvare
1249 3253 1514 3297 terrarum
1539 3243 1606 3305 “',
1642 3263 1659 3295 ι
1699 3252 1754 3296 et

162 3355 264 3409 per
300 3342 484 3410 ipsum
534 3348 590 3391 et
634 3335 686 3389 iu
734 3337 850 3404 ipso
899 3336 1158 3388 mundum
1204 3334 1306 3387 sibi
1354 3334 1749 3388 reconciliare:

160 3432 396 3487 Christo
423 3428 570 3484 enim
601 3426 955 3491 reconciliati,
991 3427 1098 3479 Deo
1124 3442 1311 3481 smnus
1333 3426 1664 3479 reconciliati
1688 3427 1752 3491 ‘9,

164 3523 315 3578 Deus
348 3530 437 3577 est
479 3520 620 3572 enim
654 3534 779 3572 vere
814 3516 981 3571 Filius
1030 3517 1122 3571 Dei
1153 3527 1205 3571 et
1242 3518 1438 3572 Patris.
1472 3517 1753 3583 Quodnam

162 3615 342 3683 igitur
386 3612 459 3666 sit
495 3610 671 3663 Patris
701 3608 1009 3673 consilium,
1041 3608 1196 3675 cujus
1230 3608 1386 3662 nobis
1418 3608 1578 3661 fuerit
1612 3624 1753 3661 nuu-

162 3704 302 3769 tius,
347 3703 469 3772 ipse
501 3700 718 3754 docebit
765 3699 992 3753 dicens:
1032 3716 1050 3749 ‹
1083 3695 1157 3751 Ita
1192 3697 1337 3751 enim
1385 3697 1575 3751 dilexit
1614 3696 1755 3752 Deus

159 3790 467 3854 mundum,
520 3796 576 3839 ut
622 3785 817 3839 Filium
866 3802 1020 3839 suum
1074 3787 1407 3855 unigenitum
1458 3787 1633 3852 daret,
1697 3795 1757 3841 ut

156 3879 353 3936 omnis
389 3876 487 3946 qui
522 3875 697 3931 credit
736 3875 786 3929 in
821 3876 1016 3944 ipsum,
1044 3891 1148 3930 non
1179 3886 1388 3946 pereat,
1423 3879 1517 3931 sed
1561 3878 1757 3934 habeat

156 3974 337 4026 vitam
370 3969 721 4022 :L-ternam".
756 3987 773 4019 ι
802 3967 967 4022 Filius
1004 3979 1184 4021 autem
1217 3970 1523 4038 unigenitns
1558 3970 1646 4024 ille
1675 3980 1759 4025 est

154 4065 253 4135 qui
304 4070 397 4115 est
434 4073 501 4110 ex
537 4068 721 4113 sancta
749 4057 972 4129 Virgine
1005 4068 1328 4129 procreatus
1360 4075 1374 4112 :
1409 4060 1581 4129 ipsum
1610 4061 1758 4114 enim

155 4156 419 4213 Verbum
444 4149 605 4203 homo
626 4150 846 4215 factum,
869 4151 1008 4222 quod
1030 4149 1128 4204 fuit
1149 4149 1290 4206 Deus
1308 4150 1360 4205 in
1384 4166 1572 4217 carne,
1597 4166 1661 4205 ac
1681 4152 1760 4206 sic

156 4245 412 4304 terrenis
448 4242 720 4311 apparuit.
760 4242 1003 4311 Denique
1032 4243 1245 4297 dicebat
1272 4261 1284 4298 :
1322 4262 1339 4294 ι
1371 4240 1473 4310 Qui
1502 4242 1678 4297 credit
1704 4243 1757 4296 in

154 4358 272 4407 me,
308 4337 484 4393 habet
506 4334 672 4387 vitam
704 4344 960 4389 aeternam
986 4334 1050 4389 ²¹.
1087 4355 1105 4387 ι
1138 4333 1286 4400 Quod
1318 4350 1442 4388 vero
1466 4350 1561 4404 per
1587 4335 1757 4402 ipsum

152 4448 212 4491 et
247 4436 304 4488 in
339 4432 468 4500 ipso
499 4427 787 4482 credamus
810 4424 980 4491 Patri,
1014 4428 1321 4496 explanavit
1349 4428 1569 4483 dicens:
1610 4445 1629 4479 ι
1658 4426 1760 4495 Qui

1860 3257 2172 3311 missionem
2206 3254 2347 3306 Deus
2385 3247 2749 3314 omnipotens,
2789 3250 2964 3295 tamen
3008 3237 3183 3306 ipsum
3215 3247 3439 3304 genera-

1860 3348 2023 3402 tionis
2049 3346 2224 3399 locum
2260 3342 2526 3395 curiosius
2558 3335 2895 3406 inquirebat,
2931 3331 3159 3398 ideoque
3189 3325 3435 3383 dicebat:

1866 3461 1884 3492 ι
1916 3439 1971 3494 Si
2013 3436 2309 3491 ascendero
2358 3446 2520 3500 super
2566 3429 2764 3483 lectum
2813 3424 2964 3479 strati
3002 3420 3130 3486 mei,
3167 3418 3211 3471 si
3240 3416 3441 3471 dedero

1860 3543 2109 3585 somnum
2152 3523 2325 3578 oculis
2366 3522 2519 3584 meis,
2560 3527 2651 3571 aut
2696 3512 2967 3583 palpebris
3000 3509 3136 3563 meis
3173 3506 3439 3560 dormitat.

1861 3622 2083 3680 tionem,
2118 3626 2211 3670 aut
2243 3614 2481 3683 requiem
2513 3608 2846 3678 temporibus
2887 3604 3046 3666 meis,
3084 3602 3258 3654 donec
3285 3598 3441 3652 iuve-

1863 3713 2003 3766 niam
2036 3710 2210 3764 locum
2248 3706 2496 3767 Domino,
2536 3697 2942 3755 tabernaculum
2975 3696 3088 3749 Deo
3116 3690 3286 3746 Iacob
3306 3689 3378 3743 ".
3412 3705 3437 3740 ι

1861 3802 2065 3857 Deinde
2106 3814 2227 3854 cum
2276 3797 2324 3849 id
2353 3808 2569 3864 quoque
2619 3806 2713 3858 per
2755 3788 3005 3858 spiritum
3039 3783 3353 3855 reperisset,
3386 3789 3444 3836 et

1860 3892 2097 3950 carnalis
2140 3886 2501 3959 generationis
2541 3881 2816 3953 Uuigeniti
2854 3880 3033 3932 locum
3069 3875 3437 3947 cognovisset,

1861 3983 2268 4053 evangelizabat
2337 3990 2391 4033 et
2451 3977 2663 4031 dicebat
2714 3994 2726 4028 :
2785 3992 2803 4026 ι
2847 3972 3160 4026 Audivimus
3208 3982 3326 4022 eam
3387 3970 3441 4024 in

1863 4077 2124 4146 Ephrata,
2156 4092 2173 4125 ι
2212 4074 2263 4126 id
2288 4082 2390 4137 est,
2425 4072 2474 4123 in
2509 4069 2823 4133 Bethleem;
2860 4085 2878 4115 ι
2907 4063 3209 4118 invenimus
3239 4077 3358 4117 eam
3386 4062 3444 4121 in

1861 4168 2067 4238 campis
2096 4166 2244 4221 silva:
2264 4165 2331 4218 ".
2368 4182 2386 4215 ›
2433 4163 2586 4230 Quod
2623 4176 2750 4215 vero
2776 4159 2961 4214 dicens
2984 4158 3238 4224 Ephrata,
3266 4155 3440 4225 signi-

1863 4261 1988 4316 ﬁcet
2033 4257 2309 4312 Bethleem
2340 4297 2355 4321 ,
2402 4255 2663 4324 prepbeta
2713 4248 3087 4319 comprobavit
3132 4264 3146 4301 :
3200 4266 3218 4298 ι
3250 4247 3315 4301 Ει
3347 4259 3439 4309 ιιι,

1864 4348 2162 4411 Bethleem,
2191 4346 2380 4401 domus
2412 4344 2645 4412 Ephrata
2677 4341 2743 4395 ³ο.
2777 4361 2795 4393 ι
2833 4339 3071 4395 Observa
3100 4347 3280 4391 autem
3315 4350 3444 4404 quoe

1866 4440 2024 4496 modo
2062 4453 2209 4500 eum,
2245 4451 2404 4506 quem
2444 4435 2751 4491 crediderat
2777 4432 3197 4499 creatumjuxta
3247 4444 3348 4482 nos
3384 4428 3440 4483 in

153 4528 350 4585 credit
379 4525 438 4577 in
484 4533 592 4584 me,
621 4535 725 4574 non
752 4520 927 4573 credit
956 4519 1008 4573 iu
1035 4535 1139 4584 nte,
1173 4520 1267 4574 sed
1295 4519 1347 4572 iu
1377 4535 1499 4573 eum
1531 4520 1620 4587 qui
1654 4519 1752 4572 mi-

1864 4532 2121 4602 Ephrata,
2172 4530 2337 4583 Deum
2380 4527 2548 4582 Jacob
2600 4526 2859 4587 nominet,
2915 4523 3072 4592 cujus
3122 4519 3447 4575 iubabitatin

151 4622 230 4677 sit
278 4632 371 4671 me
395 4616 486 4679 ης
520 4631 539 4665 ι
572 4620 626 4666 et
658 4628 671 4664 :
710 4629 729 4662 ι
761 4608 863 4678 Qui
890 4610 1024 4664 vidit
1055 4625 1161 4675 me,
1212 4611 1343 4664 vidit
1374 4625 1498 4664 eum
1530 4610 1619 4679 qui
1656 4611 1758 4664 mi-

149 4717 229 4768 sit
263 4728 357 4763 me
382 4708 457 4760 ’³.
494 4722 514 4756 ι

230 4822 250 4856 ι
287 4799 503 4855 Audite
549 4812 656 4859 me,
698 4793 906 4857 insulto,
953 4803 1006 4848 et
1054 4794 1335 4857 attendite,
1380 4805 1585 4863 gentes.
1637 4796 1761 4852 Post

148 4896 402 4954 multum
462 4890 725 4958 temporis
756 4887 940 4951 stabit,
975 4887 1104 4941 dicit
1145 4886 1439 4951 Dominus;
1489 4904 1551 4941 ex
1606 4900 1761 4945 utero

148 4988 364 5047 matris
411 4983 698 5036 vocabunt
742 4995 934 5033 nomen
975 4994 1150 5031 meum
1174 4978 1241 5032 ³⁵.
1278 4997 1296 5029 ι
1344 4979 1477 5032 Cum
1523 4977 1757 5035 Verbum

147 5084 225 5138 sit
256 5080 439 5137 Deus,
470 5086 583 5125 non
611 5070 879 5140 ignoravit
902 5071 1045 5138 quod
1069 5069 1469 5138 generationem
1500 5071 1757 5136 patietur,

146 5190 223 5229 ex
259 5169 516 5226 muliere
561 5162 897 5217 incarnatum
930 5172 1150 5230 propter
1182 5174 1297 5215 nos.
1330 5158 1546 5215 Sciebat
1581 5172 1758 5216 autem

147 5263 308 5337 quod
361 5252 666 5314 vocabitur
719 5254 968 5308 Christus
1012 5252 1167 5307 Jesus
1215 5269 1243 5305 a
1294 5251 1405 5308 Deo
1459 5265 1513 5308 et
1566 5252 1759 5317 Patre;

146 5352 430 5414 omnibus
480 5345 646 5401 nobis
681 5360 874 5400 novum
902 5344 998 5398 ﬁlii
1036 5360 1232 5399 nomen
1265 5345 1582 5414 praedicans,
1620 5348 1761 5415 (ιυοά

226 5580 273 5613 η
313 5576 424 5630 ιεε,
476 5579 582 5623 vit.
620 5566 703 5625 Η,
729 5565 880 5631 juxta
920 5561 1106 5616 Matth.
1143 5573 1195 5617 et
1233 5565 1415 5631 Cyrilli
1447 5566 1750 5622 lectionem.

143 5652 376 5707 Coloss.
421 5657 463 5696 l.
500 5637 595 5687 ⁵20-
686 5633 1111 5707 ‘A’_Il_utu.__v.__l0:
1183 5636 1227 5666 "
1265 5633 1421 5689 Joan.
1450 5652 1526 5707 Ill,
1567 5638 1647 5692 Ib'.

145 5738 302 5778 xm.
343 5716 397 5776 1,

146 5771 471 5847 ῖῖἷίήειξθζ
562 5773 615 5801 ³“
648 5774 799 5826 λιι-ιι.
839 5789 886 5834 v,
922 5772 974 5825 :2.
1053 5771 1095 5803 "
1136 5771 1275 5829 I'sal.
1322 5791 1460 5840 tut,
1506 5780 1583 5832 lu.

1824 5572 1866 5639 f‘
1895 5570 2119 5639 Philipp.
2171 5588 2229 5635 ll,
2263 5573 2315 5625 7.

463 5710 473 5720 .
500 5638 595 5720 2Q.
686 5638 1120 5720 ¹.⁹“βέ›ιιι..“ν.η1()ἐι
1183 5638 1236 5720 ’θ’
1265 5638 1421 5689 Joan.
1450 5652 1541 5720 Ill,-
1567 5638 1647 5692 Ib'.
1727 5642 1745 5671 ³

1864 5658 1965 5720 ea
2014 5638 2089 5720 "ita
2118 5641 2204 5720 £7-

458 5703 851 5778 justa__l.XX.
884 5704 949 5778 ⁸⁵⁸
991 5699 1314 5778 II__Paraltp.
1372 5721 1443 5770 \‘t,
1480 5706 1563 5763 I7.
1617 5710 1767 5778 juxta
1808 5710 1969 5767 LXX.
2048 5713 2091 5744 "
2120 5712 2259 5767 Psal.
2293 5728 2476 5774 CSXSI,
2517 5711 2602 5764 Il.

1866 4622 1967 4676 fuit
2001 4622 2053 4674 in
2087 4618 2437 4673 tabernaculo
2469 4635 2483 4672 :
2514 4617 2583 4671 ibi
2615 4616 2761 4670 enim
2798 4615 3007 4684 peperit
3036 4610 3219 4665 Iesum
3247 4616 3438 4663 Sancta

1868 4713 2054 4783 Virgo.

1934 4804 2188 4860 Nominat
2218 4812 2395 4857 autem
2426 4814 2548 4853 eum
2576 4808 2633 4852 et
2664 4796 2790 4850 alibi
2828 4795 2997 4849 Deum
3038 4793 3311 4848 Abraham
3348 4792 3428 4845 di-

1867 4912 1997 4953 cens
2030 4914 2042 4949 :
2077 4914 2095 4947 ι
2128 4894 2403 4959 Principes
2432 4889 2750 4959 pepulerum
2793 4884 3105 4955 congregati
3151 4891 3277 4938 sunt
3319 4897 3443 4936 cum

1868 4990 1978 5043 Deo
2020 4986 2288 5040 Abraham
2319 4985 2385 5043 “,
2424 5002 2441 5033 ι
2475 4981 2618 5035 Pene
2653 4980 2795 5033 enim
2849 4978 3046 5031 mentis
3090 4991 3199 5030 suae
3247 4974 3438 5035 oculis.

1870 5094 1967 5147 per
1988 5076 2431 5131 illuminatinucm
2453 5074 2686 5142 Spiritus
2708 5069 2907 5132 sancti,
2934 5068 3235 5122 futurorum
3259 5070 3441 5121 scien-

1872 5169 1942 5223 tia
1987 5169 2252 5233 eruditus,
2290 5167 2558 5237 principes
2602 5165 2943 5237 populorum,
2992 5164 3055 5245 id.
3090 5173 3193 5226 est,
3225 5171 3441 5216 sanctos

1872 5260 2145 5328 apostolus
2187 5261 2237 5313 iu
2291 5258 2495 5312 Domini
2546 5258 2716 5311 nostri
2760 5257 2889 5312 Jesu
2935 5256 3135 5310 Christi
3184 5255 3439 5308 cernebat

1872 5352 2149 5421 obsequio.
2195 5352 2329 5409 Cum
2367 5351 2529 5420 igitur
2565 5369 2583 5401 ι
2614 5347 2757 5404 Deus
2795 5348 3069 5408 Abraham
3102 5365 3118 5397 ι
3152 5356 3205 5403 et
3246 5364 3262 5396 ι
3298 5342 3438 5397 Deus

2282 5573 2315 5625 l.
2433 5572 2472 5602 ”
2514 5570 2613 5625 Isa.
2656 5586 2733 5631 tu,
2776 5567 2829 5633 5,
2860 5565 3086 5629 6,juxta
3127 5562 3288 5615 LXX.
3394 5558 3437 5595 ¹⁸

2282 5645 2326 5673 η
2366 5640 2492 5673 Imm
2554 5656 2625 5673 ν..
2694 5639 2749 5673 Η
2850 5638 2892 5667 ιθ
2930 5639 3033 5673 ίιιίιι
3087 5636 3152 5673 ἐκ
3255 5634 3299 5664 ³³
3335 5633 3435 5673 Im-

2358 5640 2512 5696 .Iuatt.
2553 5656 2649 5705 xtl,
2683 5639 2769 5691 εΗ.
2850 5638 2892 5667 ’³
2929 5639 3055 5689 ibid.
3087 5636 3171 5686 45.
3255 5634 3299 5664 ’⁵
3335 5633 3435 5685 Isa.

2369 5728 2476 5761 xxI.
2517 5711 2602 5761 II.
2716 5711 2758 5741 ’⁷
2803 5710 2928 5761 IIlltI.
3044 5708 3086 5736 ³⁸
3148 5708 3277 5759 ibttl.
3321 5704 3353 5757 5
