3856 6212
440 340 574 397 “03

1457 337 1516 393 S.
1558 336 1836 393 CYRILLI
1873 335 2344 392 ALEXANDRIM
2380 334 2697 392 ARCHIEP.

3548 321 3675 376 NN

441 451 623 515 lacob,
655 468 673 502 ι
715 451 809 519 qui
842 459 927 505 est
969 460 1127 505 natus
1156 467 1224 505 ex
1280 450 1527 516 muliere,
1573 462 1882 509 nominatus
1910 452 2001 520 sit,
2033 458 2081 517 Α
2110 451 2286 504 anima
2333 422 2473 505 mea.
2505 467 2524 499 ι
2567 446 2707 501 Deus
2736 458 2966 515 namque
3000 448 3085 498 est
3116 447 3306 494 natura
3340 435 3670 492 Emmanuel.

439 556 607 611 quare
633 556 735 596 non
761 541 830 596 sit
860 541 1021 611 Virgo
1045 551 1231 595 sancta
1271 539 1567 606 Θεοτόκοςτ

1032 668 1184 725 CAP.
1235 669 1405 726 XXX.

1132 804 1309 859 Aliud.

510 915 775 985 Propheta
827 917 1076 972 Ilabacuc
1109 935 1123 974 :
1162 938 1181 970 ι
1213 918 1467 983 Domine,
1513 918 1719 988 inquit,
1770 919 2008 976 lnaudivi

438 1008 676 1061 auditum
710 1018 883 1068 tuum,
911 1018 965 1062 et
1015 1008 1194 1065 timui.
1229 1009 1578 1064 Consideravi
1606 1025 1767 1079 opera
1797 1020 1909 1076 tua,
1955 1019 2011 1066 et

438 1100 650 1167 cxpavi.
688 1097 743 1153 In
785 1100 961 1153 medio
1002 1101 1230 1154 duorum
1275 1101 1585 1154 animalium
1623 1101 2006 1170 cognosceris:

440 1188 495 1242 in
532 1189 817 1241 adventum
855 1190 1108 1257 temporis
1146 1190 1447 1245 ostenderis
1487 1191 1672 1244 ineo:
1706 1190 1833 1243 duin
1874 1206 2007 1244 con-

440 1280 653 1334 turbata
692 1280 853 1333 fuerit
890 1281 1070 1334 anima
1100 1296 1239 1343 mea,
1275 1281 1327 1334 in
1360 1282 1437 1334 ira
1479 1281 1863 1335 misericordia:
1894 1295 2010 1334 me-

440 1388 560 1427 mor
595 1373 724 1428 eris.
770 1374 908 1426 Deus
954 1378 1019 1427 de
1058 1372 1301 1426 Theman
1344 1372 1547 1438 veniet,
1599 1382 1653 1427 et
1695 1381 1915 1426 sanctus
1946 1374 2011 1427 de

438 1474 623 1519 monte
662 1463 874 1519 Pharan
899 1464 965 1518 ³¹.
1000 1483 1018 1515 ι
1060 1466 1216 1528 Vide,
1264 1465 1533 1533 quomodo
1567 1464 1621 1518 in
1675 1465 1849 1519 medio
1874 1464 2009 1517 duo-

439 1571 559 1610 rum
589 1555 904 1609 anitnalium
937 1564 1293 1625 cognoscetnr
1323 1573 1337 1609 :
1375 1571 1496 1609 nam
1523 1571 1644 1609 cum
1676 1567 1838 1610 natus
1866 1568 2009 1613 esset

435 1661 503 1700 ex
551 1645 795 1710 muliere,
824 1656 877 1699 et
914 1647 1138 1701 vixisset
1181 1662 1352 1717 usque
1398 1646 1463 1699 ad
1503 1657 1710 1715 tempus
1762 1648 2010 1715 pretiosae

435 1737 646 1801 crucis;
680 1755 698 1787 ‹
734 1735 918 1791 Gratia
974 1736 1087 1800 Dei,
1120 1737 1261 1791 sicut
1314 1738 1389 1790 ait
1437 1738 1626 1791 beatus
1660 1738 1876 1803 Paulus,
1912 1754 2006 1806 per

434 1842 590 1881 suum
624 1842 819 1894 corpus
843 1843 939 1895 pro
961 1828 1209 1882 omnibus
1234 1829 1470 1896 gustavit
1496 1838 1722 1882 mortem
1746 1829 1811 1883 ³³.
1842 1848 1861 1879 ι
1899 1828 2006 1884 Sed

432 1918 685 1987 quoniam
732 1927 925 1972 natura
981 1929 1100 1972 erat
1154 1919 1327 1985 Deus,
1376 1922 1673 1974 resurrexit
1718 1924 1893 1975 denuo
1951 1923 2003 1975 in

434 2009 820 2078 sempiternam
852 2010 1036 2064 vitam.
1067 2010 1324 2080 Cognitns
1353 2022 1437 2065 est
1468 2012 1633 2080 igitur
1658 2013 1763 2075 hic,
1792 2014 1881 2081 qui
1908 2028 2006 2083 pro

434 2101 592 2155 nobis
619 2100 908 2170 pretiosam
939 2103 1195 2156 sustinuit
1222 2120 1437 2158 crucem
1478 2105 1530 2157 in
1566 2105 1743 2157 medio
1774 2106 2003 2159 duorum

432 2191 766 2246 animalium.
795 2189 925 2243 Nam
964 2192 1077 2259 ipse
1101 2193 1297 2247 alicubi
1327 2195 1403 2248 ait
1434 2195 1500 2249 ad
1533 2192 1788 2249 Inda-ns:
1829 2214 1845 2247 ι
1870 2196 2004 2249 Cum

429 2277 802 2332 exaltaveritis
833 2274 1026 2331 Filium
1062 2279 1319 2345 hominis,
1354 2293 1464 2335 tum
1503 2285 1843 2353 cognoscetis
1875 2287 2004 2353 quia

428 2384 530 2436 ego
575 2386 693 2425 sum
718 2371 784 2425 “.
819 2390 839 2424 ι
879 2373 1013 2427 Vide
1052 2373 1240 2437 etiam,
1288 2376 1559 2442 quomodo
1605 2376 1769 2430 Deum
1828 2377 2004 2444 ipsum

429 2463 738 2528 nominans,
790 2480 859 2518 ex
904 2463 1145 2518 Theman
1196 2474 1509 2531 venturum,
1566 2476 1620 2519 et
1673 2481 1741 2520 ex
1792 2466 2004 2522 Pharon

432 2562 613 2607 monte
637 2556 945 2623 pronuntiat
976 2557 1385 2625 (interpretatur
1409 2568 1589 2611 autem
1618 2558 1862 2614 Thetnan
1892 2563 2004 2615 Au-

427 2645 603 2710 ster):
636 2646 884 2713 apparuit
930 2648 1073 2701 enim
1121 2646 1389 2712 Christus,
1448 2663 1553 2702 non
1604 2665 1633 2701 a
1690 2651 2004 2719 regionibus

427 2736 732 2804 Aquilonis,
784 2736 879 2791 sed
930 2739 999 2792 ab
1044 2738 1271 2792 australi
1324 2737 1533 2801 Judaza,
1585 2740 1635 2794 in
1690 2757 1796 2810 qua
1836 2742 2002 2798 etiam

427 2827 700 2883 Bethleem
731 2838 836 2885 est.
871 2830 1002 2886 Cum
1048 2831 1212 2900 igitur
1241 2834 1309 2892 is,
1337 2834 1429 2900 qui
1476 2830 1736 2887 Dominus
1770 2842 1824 2887 et
1864 2834 2005 2889 Deus

427 2921 737 2976 nominatus
765 2931 866 2988 est,
900 2936 966 2976 ex
994 2921 1176 2978 Judtea
1208 2924 1431 2977 venerit’
1452 2923 1696 2987 australi,
1731 2935 1887 2977 natus
1922 2933 2003 2979 est

425 3012 569 3067 enim
612 3013 664 3067 in
712 3013 1025 3080 Bethleem;
1053 3016 1323 3084 quomodo
1370 3029 1477 3071 non
1523 3016 1593 3070 sit
1625 3027 1810 3071 saneta
1841 3016 2002 3086 Virgo

424 3102 687 3167 Θεοτόκος
697 3101 722 3156 τ

1013 3219 1166 3276 CAP.
1208 3219 1403 3276 XXXI.

1125 3334 1306 3389 Aliud.

496 3443 555 3502 In
599 3444 797 3504 Genesi
853 3447 1113 3515 scriptum
1162 3458 1243 3501 est
1288 3466 1301 3501 :
1343 3469 1361 3500 ι
1392 3446 1774 3506 Subremausit
1820 3465 2001 3507 autem

423 3537 592 3595 Iacob
620 3539 787 3605 solus,
821 3547 875 3593 et
899 3538 1206 3593 luctabatur
1230 3541 1391 3594 homo
1422 3556 1543 3594 cum
1590 3543 1708 3610 ipso
1737 3560 1904 3613 usque
1932 3545 1998 3599 ad

427 3646 585 3687 mane
612 3648 628 3687 :
658 3630 792 3685 vidit
819 3638 1000 3685 autem
1029 3630 1171 3700 quod
1217 3647 1319 3684 non
1346 3633 1667 3701 prmvaleret
1695 3635 1758 3687 ad
1799 3636 1996 3703 ipsum,

423 3730 481 3778 et
512 3720 693 3793 tetigit
741 3720 1077 3775 latitudinem
1111 3719 1271 3791 795
1297 3721 1515 3776 femoris
1566 3722 1704 3791 ejus,
1742 3740 1863 3780 cum
1914 3727 1999 3780 iu-

423 3820 665 3867 ctaretur
698 3827 819 3867 cum
859 3827 945 3877 eo,
982 3823 1037 3865 et
1070 3812 1207 3866 dixit
1238 3813 1286 3866 ei
1321 3832 1335 3865 :
1375 3812 1595 3869 Dimitte
1644 3830 1748 3878 me,
1799 3833 1992 3871 ascen-

424 3904 503 3960 dit
542 3905 684 3958 enim
711 3916 881 3958 ortus.
923 3903 1017 3958 Ille
1062 3914 1240 3959 autem
1277 3903 1455 3958 dixit:
1493 3905 1609 3960 Non
1656 3916 1707 3963 te
1754 3908 1993 3976 dimitto,

422 3996 527 4053 nisi
552 3996 895 4051 benedixeris
917 3995 1049 4049 mihi
1076 3996 1141 4050 ³⁵.
1179 4015 1197 4046 ι
1235 3994 1299 4049 Ει
1325 4006 1444 4064 post
1472 4000 1577 4052 alia
1614 4018 1628 4054 :
1667 4020 1685 4051 ι
1713 4001 1997 4058 Benedixit

422 4098 603 4144 autem
638 4104 759 4143 eum
792 4088 889 4153 ibi,
919 4099 973 4143 et
1007 4089 1218 4143 vocavit
1249 4104 1445 4144 nomen
1479 4090 1578 4146 loci
1610 4092 1770 4157 illius,
1804 4096 1994 4151 fat-ient

422 4182 514 4237 Dei
543 4199 558 4236 :
591 4182 699 4237 vidi
735 4182 903 4245 enim,
936 4181 1133 4251 inquit,
1189 4181 1351 4235 Deum
1394 4181 1532 4238 facie
1575 4185 1640 4237 ad
1678 4184 1894 4250 faciem,
1939 4196 1995 4242 et

418 4275 623 4332 ealvata
670 4286 753 4330 est
801 4274 979 4328 anima
1032 4275 1465 4330 nteazascendit
1519 4290 1696 4331 autem
1759 4279 1874 4346 sol,
1938 4291 1994 4335 et

420 4368 636 4422 transiit
687 4365 852 4422 facies
901 4367 1025 4435 Dei;
1075 4370 1190 4436 ipse
1235 4379 1411 4422 autem
1466 4369 1734 4425 titubabat
1784 4371 1993 4429 femore

2114 540 2321 595 Dicitur
2364 550 2543 595 autem
2594 540 2761 593 etiam
2796 535 2963 592 facies
2999 534 3118 590 Dei.
3154 532 3287 587 Nam
3326 538 3411 585 est
3453 548 3474 581 ι
3509 528 3671 595 llgnra

2108 632 2423 687 substantia:
2470 630 2648 685 Patris
2669 628 2737 694 ³⁷,
2776 646 2796 680 ι
2824 637 2877 682 et
2916 626 2992 681 ita
3034 639 3093 680 se
3136 623 3365 678 vocabat
3416 619 3556 687 apud
3585 616 3672 670 .lu-

2109 724 2278 789 dteos,
2308 738 2429 776 cum
2456 722 2660 777 diceret
2690 720 2757 774 de
2781 718 2888 773 Deo
2912 725 2966 772 et
2996 716 3156 770 Patre
3181 732 3195 768 :
3225 732 3245 765 ι
3278 711 3459 780 Neque
3486 708 3670 762 faciem

2109 811 2226 879 ejus
2259 810 2488 875 vidistis,
2519 822 2573 865 et
2614 808 2835 864 verbum
2882 807 2999 875 ejus
3043 820 3149 859 non
3189 801 3397 857 habetis
3438 799 3493 853 in
3526 797 3673 851 vobis

2110 917 2362 967 manens,
2398 902 2525 972 quia
2576 916 2738 975 quem
2782 899 2931 955 misit
2961 897 3072 962 ille,
3112 895 3237 949 huic
3263 907 3360 947 vos
3408 906 3513 945 non
3553 903 3672 944 cre-

2111 992 2238 1047 ditis
2260 990 2325 1041 ³⁸.
2359 1008 2378 1043 ι

2183 1081 2337 1149 Quod
2366 1094 2498 1136 vero
2533 1079 2677 1135 Deus
2705 1078 2775 1133 sit
2798 1092 2963 1132 verus
2991 1077 3157 1131 homo
3187 1073 3272 1128 ille
3316 1072 3405 1140 qui
3435 1067 3677 1123 luctaba-

2113 1182 2200 1227 tur
2243 1188 2363 1226 cum
2396 1169 2584 1235 Jacob,
2616 1184 2769 1224 sacra
2817 1168 3011 1222 iterum
3056 1166 3234 1220 littera
3268 1163 3428 1216 faciet
3473 1160 3672 1222 fidem;

2112 1262 2246 1315 dixit
2295 1262 2439 1315 enim
2475 1277 2491 1314 :
2530 1279 2548 1311 ι
2584 1258 2760 1328 Inquit
2818 1258 3075 1311 Dominus
3124 1256 3189 1309 ad
3221 1253 3430 1309 .lacob:
3470 1250 3674 1317 Surge,

2110 1354 2342 1407 ascende
2375 1352 2428 1405 in
2474 1352 2649 1405 locum
2694 1348 2992 1414 Bethleem,
3028 1347 3209 1402 habita
3259 1345 3353 1407 ibi,
3390 1353 3443 1397 et
3475 1341 3563 1396 fac
3606 1342 3679 1395 ibi

2111 1443 2285 1497 altare
2323 1442 2456 1507 Deo,
2498 1444 2588 1510 qui
2643 1440 2891 1511 apparuit
2918 1438 3015 1492 tibi
3061 1453 3181 1491 cum
3212 1436 3424 1505 fugeres
3472 1448 3502 1485 a
3543 1431 3681 1485 facie

2110 1534 2297 1588 fratris
2330 1534 2405 1587 tui
2447 1532 2589 1587 Esau
2612 1532 2675 1585 ”.
2712 1550 2730 1582 ι
2764 1531 3059 1585 Revertens
3087 1528 3228 1582 enim
3273 1541 3339 1580 ex
3372 1523 3683 1592 MesOpota-

2111 1627 2216 1681 mia
2252 1626 2342 1682 Dei
2366 1626 2543 1696 jussu,
2590 1635 2644 1679 et
2677 1626 2873 1679 timens
2908 1623 3071 1686 Esau,
3107 1619 3317 1687 trajecit
3358 1617 3527 1670 Jacob
3554 1628 3683 1683 pne-

2111 1734 2201 1773 ros
2227 1728 2280 1772 et
2301 1718 2483 1772 omnia
2514 1733 2643 1771 vasa
2676 1731 2771 1770 sua
2801 1734 2816 1770 :
2854 1732 2873 1765 ι
2908 1710 3285 1768 Subremausit
3306 1714 3486 1764 autem
3509 1702 3683 1770 solus,

2039 1794 2081 1849 Β
2108 1819 2164 1864 et
2191 1809 2494 1865 luctabatur
2522 1808 2679 1863 homo
2704 1821 2824 1861 cum
2855 1819 2941 1859 eo.
2976 1821 2995 1855 ι

2687 1920 2839 1976 CAP.
2882 1916 3099 1974 XXXII.

2800 2030 2983 2089 Aliud.

2177 2149 2375 2203 Beatus
2423 2148 2606 2202 Daniel
2659 2146 2975 2202 horribilem
3013 2145 3273 2200 visionem
3323 2141 3481 2197 nobis
3522 2155 3689 2210 expo-

2107 2256 2240 2296 nens
2271 2260 2283 2295 :
2318 2258 2336 2292 ι
2370 2241 2649 2305 Videbam,
2678 2240 2872 2308 inquit,
2906 2238 2959 2290 in
2988 2237 3196 2291 visione
3221 2234 3419 2296 noctis,
3451 2243 3506 2287 et
3529 2247 3683 2297 ecce,

2106 2347 2229 2386 cum
2271 2331 2502 2387 nubibus
2534 2332 2658 2385 caeli
2699 2330 2853 2401 quasi
2880 2328 3053 2384 Filius
3078 2326 3314 2383 hominis
3344 2325 3597 2387 veniens,
3630 2332 3689 2378 et

2108 2438 2281 2493 usque
2318 2423 2384 2476 ad
2415 2420 2697 2477 Vetustum
2729 2422 2937 2476 dierum
2973 2420 3237 2490 pervenit,
3276 2426 3331 2473 et
3361 2416 3415 2470 in
3453 2428 3687 2483 conspe-

2105 2524 2252 2569 ctnm
2280 2513 2395 2581 ejus
2424 2516 2762 2569 adduxerunt
2790 2528 2935 2577 eum,
2972 2523 3027 2569 et
3058 2512 3157 2580 ipsi
3184 2511 3342 2566 datus
3371 2518 3457 2563 est
3485 2510 3687 2569 honor,

2105 2618 2158 2663 et
2193 2622 2413 2677 regnum
2443 2626 2457 2661 :
2485 2617 2539 2660 et
2570 2621 2757 2660 omnes
2792 2604 2995 2676 populi,
3034 2605 3225 2667 tribus,
3271 2612 3325 2657 et
3355 2600 3555 2670 lingua:
3582 2601 3685 2668 ipsi

2105 2700 2347 2753 servient
2374 2718 2387 2754 :
2415 2709 2655 2766 potestas
2694 2698 2812 2765 ejus
2856 2706 3094 2766 potestas
3139 2697 3191 2749 in
3239 2702 3527 2755 aternum,
3565 2706 3689 2760 qna:

2106 2805 2210 2845 non
2244 2791 2695 2859 transgredietur,
2732 2800 2787 2843 et
2823 2802 3049 2860 regnum
3081 2786 3197 2855 ejus
3228 2801 3332 2839 non
3360 2798 3688 2849 corrumpe-

2106 2891 2192 2936 tur
2213 2882 2277 2937 ⁸⁸.
2312 2900 2332 2933 ι
2364 2882 2533 2935 Audis
2558 2880 3010 2951 quemadmodum
3035 2894 3138 2933 non
3163 2876 3436 2933 hominem
3473 2876 3686 2943 simpli-

2106 2974 2243 3027 citer
2268 2988 2326 3028 se
2354 2973 2556 3028 vidisse
2586 2981 2998 3037 commemoret,
3043 2986 3111 3026 ne
3146 2986 3285 3024 unus
3314 2984 3378 3023 ex
3414 2969 3593 3030 nobis,
3628 2979 3690 3023 et

2104 3066 2254 3135 juxta
2291 3080 2389 3119 nos
2428 3064 2745 3118 Emmanuel
2784 3078 2904 3119 esse
2945 3062 3234 3128 credatur;
3266 3063 3359 3116 sed
3402 3062 3561 3130 quasi
3590 3058 3689 3114 Fi-

2106 3160 2237 3215 lium
2283 3158 2535 3215 hominis.
2580 3157 2697 3231 [(l)
2737 3157 2869 3213 Cum
2902 3156 3045 3210 enim
3096 3152 3326 3208 Verbum
3368 3163 3567 3207 natura
3613 3155 3689 3208 sit

2107 3253 2279 3319 Dens,
2339 3253 2431 3305 «in
2480 3252 2836 3306 similitudine
2885 3259 3063 3303 tamen
3122 3247 3399 3301 hominum
3468 3247 3682 3299 factum

2102 3345 2223 3408 fuit,
2257 3353 2311 3399 et
2344 3345 2619 3399 inventum
2652 3354 2733 3397 est
2761 3342 3033 3397 habitn'ut
3064 3341 3226 3395 homo
3250 3338 3316 3402 “,
3342 3360 3363 3391 ι
3397 3348 3458 3392 nt
3492 3339 3552 3393 in
3590 3353 3691 3391 eo.

2102 3436 2221 3489 dem
2276 3444 2562 3504 utrumque
2609 3432 2963 3499 intelligatur,
3022 3432 3072 3485 id
3122 3441 3240 3496 est,
3287 3445 3462 3499 neque
3515 3430 3691 3485 homo

2102 3530 2299 3591 nudus,
2325 3544 2499 3598 neque
2526 3527 2759 3582 Verbum
2792 3528 2997 3594 absque
3021 3524 3354 3579 humanitate
3382 3532 3437 3576 et
3464 3526 3689 3593 carne.[

2100 3617 2304 3673 Tamen
2338 3618 2387 3672 ei
2412 3618 2767 3688 principatum
2799 3626 2852 3672 et
2882 3617 3164 3678 honorem,
3188 3629 3309 3684 qua:
3333 3629 3557 3682 semper
3586 3614 3689 3668 ba-

2100 3710 2245 3772 beat,
2275 3709 2398 3764 data
2430 3724 2551 3764 esse
2587 3718 3020 3765 commemorat:
3053 3707 3129 3761 ait
3154 3707 3296 3761 enim
3325 3706 3469 3775 quod
3516 3726 3537 3757 ι
3567 3723 3687 3760 om-

2099 3814 2195 3853 nes
2230 3799 2433 3869 populi,
2479 3800 2670 3866 tribus,
2707 3809 2763 3854 et
2809 3798 3009 3868 lingua:
3055 3798 3158 3866 ipsi
3191 3797 3452 3853 servient.
3486 3815 3507 3847 ι
3547 3797 3687 3851 Cum

2101 3891 2268 3959 igitur
2298 3893 2460 3946 etiam
2489 3890 2544 3945 in
2574 3891 2911 3945 humanitate
2940 3890 3171 3959 positum
3207 3889 3555 3959 unigenitum
3592 3889 3684 3943 Dei

2098 3977 2334 4034 Verbum
2386 3982 2709 4035 servientem
2765 3981 2962 4035 habeat
3009 3990 3354 4045 creaturam,
3398 3988 3455 4033 et
3500 3978 3682 4033 Patris

2095 4070 2464 4140 principatum
2484 4079 2539 4125 et
2558 4086 2737 4137 suum,
2758 4071 3029 4139 pepererit
3048 4080 3226 4124 autem
3242 4070 3544 4125 secundum
3560 4086 3680 4123 car-

2096 4174 2218 4214 nem
2270 4159 2444 4228 ipsum
2476 4171 2661 4216 sancta
2698 4161 2888 4231 Virgo;
2920 4162 3191 4231 quomodo
3221 4176 3325 4216 non
3356 4161 3679 4217 inlelli'itur

2093 4252 2255 4305 Θεοτό
2261 4269 2350 4316 κος
2360 4250 2384 4304 τ

2654 4361 2810 4424 CAP.
2847 4363 3089 4420 XXXIII.

416 4472 518 4515 suo
538 4457 605 4510 ".
639 4477 658 4511 ι
686 4456 944 4528 Mysticus
964 4458 1179 4527 quidem
1204 4469 1286 4513 est
1316 4458 1719 4527 Scripturarutn
1752 4477 1946 4519 sensus
1970 4480 1987 4519 :

2107 4479 2176 4534 De
2211 4478 2407 4533 Christi
2434 4493 2717 4545 passione;
2749 4486 2798 4530 et
2831 4477 2972 4546 quod
3001 4476 3131 4531 utile
3166 4486 3257 4540 ut,
3294 4492 3436 4545 quoa
3492 4495 3682 4533 mea.

414 4548 756 4604 subindicare
792 4549 935 4603 enim
964 4549 1175 4603 videtur
1202 4549 1507 4604 Iudaeorum
1541 4551 1985 4621 obluctationem,

416 4655 521 4709 qua
556 4639 845 4693 utebantur
882 4656 1005 4695 cum
1038 4640 1277 4707 Christo,
1311 4656 1446 4710 pene
1481 4657 1601 4695 cum
1636 4644 1751 4712 ipso
1777 4644 1985 4699 luctan-

413 4739 536 4797 tes;
566 4730 658 4800 qui
692 4740 865 4786 tamen
906 4732 1146 4801 superati
1194 4740 1342 4798 sunt,
1375 4741 1429 4786 et
1472 4732 1570 4802 ipsi
1604 4734 1768 4786 etiam
1801 4735 1977 4805 impe-

413 4823 607 4877 traturi
634 4824 1063 4878 benedictionem
1097 4824 1284 4894 ipsius,
1330 4824 1376 4878 si
1430 4840 1527 4895 per
1563 4826 1722 4881 [idem
1753 4828 1821 4881 ad
1861 4844 1985 4884 eum

414 4914 720 4968 novissimis
769 4915 1102 4983 temporibus
1154 4931 1213 4969 se
1253 4918 1676 4973 convertissem.
1725 4920 1984 4976 Attamen

411 5003 499 5058 ille
527 5013 675 5059 certe
711 5004 870 5059 homo
900 5014 1041 5067 erat,
1083 5005 1173 5074 qui
1206 5006 1531 5072 luctabatur,
1563 5016 1618 5062 et
1647 5022 1768 5061 eum
1799 5016 1979 5065 tamen

409 5094 575 5150 Jacob
614 5096 706 5150 Dei
739 5095 930 5151 faciem
974 5097 1320 5165 nominabat;
1351 5114 1527 5169 neque
1561 5099 1611 5153 id
1653 5100 1851 5165 solum,
1883 5100 1978 5156 sed

410 5186 619 5242 sciebat
645 5203 766 5241 eum
794 5188 957 5243 Deum
985 5204 1105 5244 esse
1128 5191 1424 5245 secundum
1448 5191 1728 5246 veritatem
1760 5209 1773 5245 :
1810 5211 1829 5246 ‹
1865 5190 1980 5246 Vidi

408 5280 575 5347 enim,
609 5280 801 5350 inquit,
834 5280 1000 5335 Deum
1042 5281 1179 5337 facie
1213 5282 1281 5337 ad
1326 5282 1540 5350 faciem,
1574 5293 1626 5338 et
1658 5284 1861 5338 saivata
1898 5294 1981 5339 est

1266 5421 1310 5453 ³³
1358 5420 1517 5476 llehr.
1554 5438 1623 5487 ll,
1664 5424 1717 5477 9.

502 5416 547 5448 η
584 5415 781 5472 llabac.
822 5435 916 5479 ill,
968 5419 987 5471 I
1034 5433 1187 5490 seqq.
1266 5421 1310 5453 ³³
1358 5420 1517 5476 llehr.
1554 5438 1623 5487 ll,
1664 5424 1717 5477 9.
1797 5422 1840 5454 ³⁵
1871 5420 1933 5475 .lo

505 5487 640 5541 lehr.
691 5504 732 5548 l,
760 5489 811 5542 ὅ.
918 5488 963 5520 ⁸⁸
1000 5486 1154 5544 Joau.
1190 5508 1244 5548 v.
1274 5492 1361 5546 58.
1442 5492 1483 5523 ³⁹
1520 5494 1652 5548 Gen.
1699 5509 1861 5548 xxxv.
1914 5495 1935 5546 i

409 5484 450 5515 "
481 5487 655 5557 llehr.
691 5504 732 5552 ι,
760 5489 811 5542 3.
918 5488 963 5520 ⁸⁸
1000 5484 1166 5544 δοθιίξ
1190 5508 1244 5557 v,
1274 5492 1361 5546 58.

407 5558 458 5609 9.
573 5556 616 5588 ⁸³
644 5556 662 5609 I
688 5560 811 5613 Cor.
852 5575 939 5623 xv,
977 5559 1028 5613 ὅ.

2168 4551 2292 4601 dum
2325 4548 2473 4601 aliud
2509 4557 2557 4601 et
2584 4547 2731 4599 aliud
2764 4548 2827 4601 de
2852 4562 2957 4600 uno
2997 4547 3250 4603 eteadem
3275 4548 3502 4613 dicitur,
3565 4566 3661 4604 nec

2162 4619 2441 4671 dividimus
2466 4619 2522 4671 in
2554 4620 2680 4671 duo.

2104 4705 2111 4715 ⁸
2186 4731 2420 4785 Sanctus
2448 4728 2645 4783 Paulus
2676 4728 2969 4784 salutarem
3014 4728 3315 4797 passionem
3362 4732 3531 4786 nobis
3582 4749 3679 4787 ex-

2084 4824 2252 4894 ponit,
2300 4824 2376 4877 ait
2409 4838 2639 4891 namque
2670 4840 2686 4881 ;
2716 4842 2733 4874 ι
2762 4820 2917 4876 Nunc
2945 4824 3114 4893 gratia
3149 4820 3243 4876 Dei
3270 4837 3367 4890 pro
3393 4826 3663 4879 omnibus

2081 4915 2316 4983 gustavit
2339 4924 2567 4968 mortem
2589 4914 2656 4977 “,
2683 4933 2702 4967 ι
2741 4929 2838 4968 nec
2865 4931 2967 4968 non
2991 4915 3153 4969 etiam
3184 4933 3198 4969 :
3223 4934 3243 4967 ι
3265 4914 3491 4971 Tradidi
3524 4922 3672 4974 enim

2090 5007 2243 5062 vobis
2275 5006 2560 5077 imprimis,
2587 5006 2727 5076 quod
2754 5016 2809 5060 et
2835 5008 3018 5076 accepi
3058 5025 3069 5060 :
3100 5008 3354 5077 quoniam
3408 5010 3673 5065 Christus

2086 5109 2334 5155 mortuus
2366 5110 2448 5155 est
2472 5114 2570 5168 pro
2598 5100 2840 5169 peccatis
2883 5102 3110 5166 nostris,
3161 5103 3461 5155 secundum
3516 5103 3669 5158 Scri-

2085 5199 2295 5262 pturas,
2330 5200 2384 5246 et
2414 5191 2539 5260 quia
2560 5190 2802 5259 sepultus
2825 5202 2925 5257 est,
2947 5203 3001 5247 et
3023 5193 3145 5259 quia
3177 5196 3482 5247 resurrexit
3505 5198 3668 5249 tertia

2083 5283 2170 5338 die
2204 5281 2273 5340 “.
2329 5300 2349 5336 ι
2415 5282 2493 5340 Ad
2555 5282 2659 5339 hoc
2701 5283 2861 5337 etiam
2916 5284 3352 5355 sapientissimus
3397 5286 3607 5342 Petrus
3651 5304 3662 5337 :

1797 5422 1840 5454 ³⁵
1871 5420 2025 5477 Joan.
2068 5438 2205 5491 vttt,
2260 5422 2351 5478 28.
2426 5423 2471 5457 ⁸⁸
2499 5423 2637 5479 Gen.
2694 5438 2883 5485 xxxn,
2914 5423 3107 5479 2i-26.
3184 5423 3229 5455 ⁸⁸
3270 5424 3403 5478 ibid.
3454 5424 3661 5479 ist-3!.

2040 5492 2085 5525 ι’
2110 5492 2241 5549 Dan.
2286 5509 2387 5560 vn,
2420 5495 2487 5549 15
2518 5510 2672 5565 seqq.

2747 5494 2789 5524 '”
2825 5492 3053 5565 Philipp.
3091 5507 3149 5557 tl,
3182 5494 3232 5546 7.
3311 5494 3355 5524 "
3397 5495 3573 5548 llehr.
3602 5511 3661 5555 ll,

478 5693 552 5755 ti)
596 5690 688 5751 llic
724 5694 872 5752 locus
903 5696 1131 5753 habetur
1161 5698 1457 5766 descriptus
1509 5696 1558 5751 in
1604 5696 1737 5753 libro
1786 5697 1962 5766 primo
2004 5694 2211 5754 Leontii
2251 5695 2534 5768 Byzantini
2570 5696 2860 5758 ’adrersus
2906 5701 3267 5772 Entychianos
3338 5703 3438 5756 sub
3472 5705 3662 5757 tinem.

407 5758 597 5815 [ἕκητι.
