3856 6212
232 336 369 394 “05

1140 338 1428 395 SCHOLIA
1469 339 1555 395 DE
1590 339 2096 397 INCARNATIONE
2131 340 2498 398 UNIGENITI.

3334 335 3467 394 1406

237 474 256 507 ι
297 455 531 516 Christo,
562 454 753 522 inquit,
808 470 968 522 passo
998 469 1095 522 pro
1120 457 1273 511 nobis
1306 472 1471 511 carne
1495 457 1559 510 “.
1605 478 1622 508 ι
1655 457 1789 512 Cum
1821 460 1867 517 Α
1895 457 2057 511 Pullis
2086 459 2292 513 duobus
2324 469 2671 529 comparatur
2708 459 2976 523 Christus,
3029 472 3136 511 non
3165 458 3307 525 quod
3357 459 3464 511 duo

231 562 395 601 unum
446 544 609 613 igitur
663 547 934 601 credimus
982 546 1266 601 Dominum
1315 559 1556 603 nostrum
1608 548 1790 601 .Iesnm

231 636 524 701 Christum,
556 636 608 690 id
634 646 739 701 est,
796 636 849 691 in
884 636 1117 691 humana
1168 637 1343 692 forma
1395 649 1742 706 conspectum
1776 679 1792 704 ,

231 726 345 783 sive
373 728 644 783 hominem
693 727 892 782 factum
942 729 1099 798 juxta
1150 744 1267 791 nos.
1303 730 1469 783 Deum
1507 728 1739 783 Verbum
1775 768 1790 793 ,

231 821 498 889 quomodo
534 830 587 874 et
625 820 926 890 passionem
963 821 1061 889 ipsi
1102 820 1441 890 deputemus.
1486 831 1542 875 et
1590 821 1792 891 impas~

230 911 385 965 sibile
424 919 597 965 tamen
616 926 915 976 servemus,
951 918 1012 964 ut
1044 911 1257 965 Deum?

292 1002 433 1073 Ergo
467 1003 644 1070 passio
671 1002 1090 1072 dispensationis
1114 1012 1255 1068 erat,
1288 1018 1383 1057 sua
1417 1003 1636 1071 quidem
1686 1004 1788 1058 du-

229 1103 385 1149 cente
426 1094 534 1147 Deo
572 1092 752 1147 Verbo
792 1107 879 1155 ea,
937 1107 1057 1163 quae
1111 1102 1237 1147 sunt
1293 1094 1508 1161 propria
1562 1094 1744 1146 carnis
1772 1131 1789 1157 ,

228 1195 449 1255 propter
501 1185 921 1240 inenarrabilem
971 1184 1285 1250 unitatem;
1344 1192 1599 1237 manente
1662 1199 1792 1238 vero

227 1286 383 1331 extra
412 1278 741 1346 passionem,
764 1286 1025 1347 quantum
1057 1276 1123 1330 ad
1171 1275 1342 1344 ipsius
1384 1285 1630 1330 naturam
1665 1292 1792 1345 per-

228 1367 363 1422 tinet
395 1386 410 1422 :
440 1368 782 1438 impassibilis
802 1368 943 1421 enim
977 1365 1117 1422 Deus
1148 1377 1251 1423 est.
1274 1366 1530 1437 Nequeid
1558 1368 1752 1422 mirum
1773 1408 1790 1433 ,

226 1474 348 1514 cum
379 1469 434 1514 et
458 1460 626 1527 ipsam
663 1458 894 1513 hominis
923 1458 1158 1513 animam
1187 1460 1469 1514 videamus
1498 1499 1514 1523 ,
1568 1460 1613 1514 si
1665 1461 1793 1529 quid

224 1563 424 1615 corpus
444 1562 655 1619 passum
685 1546 866 1612 fuerit,
892 1556 1044 1601 extra
1078 1548 1382 1615 passionem
1412 1547 1627 1617 quidem
1679 1564 1793 1602 ma-

227 1650 467 1706 nentem,
518 1649 779 1709 quantum
816 1640 1054 1709 pertinet
1103 1640 1170 1693 ad
1220 1650 1503 1707 naturam;
1553 1650 1790 1694 attamen

222 1746 335 1785 non
365 1739 519 1786 extra
545 1732 849 1799 passionem
876 1744 996 1786 esse
1048 1728 1275 1799 intelligi
1309 1772 1326 1797 ,
1362 1746 1428 1784 eo
1474 1732 1615 1800 quod
1658 1747 1789 1799 pro-

224 1823 401 1891 prium
432 1824 502 1877 sit
536 1791 732 1892 corpus
761 1821 929 1892 ipsius
959 1822 1099 1891 quod
1133 1791 1351 1891 patitur.
1383 1791 1548 1893 796
1577 1822 1642 1876 Et
1662 1791 1791 1877 licet
1824 1791 1867 1850 Β

226 1912 534 1982 incontigua
566 1912 657 1977 sit,
709 1921 765 1967 et
802 1911 1028 1982 simplex
1064 1930 1080 1982 ;
1128 1922 1305 1969 tamen
1338 1914 1390 1968 id
1419 1916 1561 1984 quod
1589 1914 1794 1983 patitur

223 2017 328 2057 non
360 2011 446 2058 est
481 2002 737 2059 alienum.
782 2004 874 2059 Sic
918 2004 1187 2074 intelliges
1238 2007 1401 2061 etiam
1455 2006 1522 2059 de
1574 2005 1793 2061 Christo

220 2095 461 2149 omnium
486 2094 784 2151 Salvatore.
812 2096 950 2153 Utar
972 2107 1147 2153 autem
1176 2098 1459 2167 exemplis,
1489 2115 1609 2168 quae
1634 2100 1791 2170 quasi

220 2200 317 2253 per
352 2185 586 2255 aenigma
627 2186 783 2241 nobis
829 2188 1038 2257 possint
1087 2187 1406 2251 ostendere,
1444 2189 1591 2258 quod
1633 2204 1785 2244 com-

218 2276 516 2330 municarit
559 2277 776 2347 quidem
831 2278 1068 2347 passioni
1110 2276 1473 2349 Unigenitus,
1524 2290 1787 2351 quantum

221 2368 501 2437 pertineat
529 2374 595 2423 ad
632 2368 1058 2425 familiaritatem
1112 2372 1357 2442 corporis
1390 2373 1494 2438 sui,
1528 2373 1789 2429 manserit

216 2469 401 2516 autem
430 2461 697 2530 passionis
724 2476 941 2533 expers,
974 2472 1033 2516 ιιι
1064 2462 1224 2519 Deus.

287 2550 474 2623 Itaque
512 2554 651 2609 Deus
696 2554 1044 2624 omnipotens
1088 2553 1333 2627 prodigia
1377 2557 1790 2624 sapientissimo

214 2641 393 2716 Moysi
418 2644 642 2713 jubebat
675 2644 910 2713 ellicere,
953 2658 1014 2700 ιιι
1034 2647 1285 2702 crederet
1306 2647 1356 2702 ei
1394 2646 1563 2702 lsrael
1592 2688 1608 2714 ,
1643 2649 1787 2717 quod

214 2746 365 2792 esset
393 2739 590 2793 missus
620 2753 648 2792 a
680 2736 811 2800 Deo,
837 2747 891 2794 et
911 2749 969 2792 ut
992 2753 1022 2793 a
1048 2738 1300 2793 violentia
1321 2740 1644 2795 liberaretur
1668 2757 1682 2807 ;
1712 2743 1788 2795 ait

215 2836 434 2884 autent:
473 2848 492 2882 ι
527 2829 594 2884 Ει
621 2830 854 2899 accipies
879 2844 1076 2899 aquam
1102 2830 1170 2885 de
1199 2829 1441 2896 ﬂumine,
1470 2839 1524 2886 et
1545 2829 1788 2885 eﬂ‘undes

214 2935 377 2992 super
405 2932 625 2986 terram,
651 2931 708 2978 et
737 2922 843 2978 erit
872 2938 1013 2992 aqua
1036 2939 1197 2993 quam
1222 2924 1460 2993 accipies
1492 2939 1521 2976 a
1539 2922 1782 2988 ﬂumine,

216 3014 436 3082 sanguis
476 3028 640 3083 super
676 3023 877 3069 terram
928 3016 996 3071 ⁸⁸.
1034 3034 1054 3068 ι
1101 3013 1412 3086 luquimus,
1457 3017 1598 3086 quod
1646 3030 1784 3084 aqua

214 3103 433 3169 quidem
466 3104 633 3173 ﬁgura
666 3106 739 3160 sit
769 3107 915 3169 vitae,
947 3115 1000 3161 et
1030 3107 1171 3175 quod
1203 3108 1273 3161 sit
1298 3121 1392 3176 per
1410 3118 1658 3161 naturam
1678 3107 1783 3160 vita
1816 3146 1863 3210 ο

215 3192 385 3251 Filius
407 3211 475 3251 ex
508 3197 670 3251 Patre
698 3206 956 3269 tanquam
986 3215 1051 3253 ex
1077 3198 1297 3254 ﬂumine
1321 3201 1528 3267 exiens,
1546 3199 1789 3269 ejusdem

214 3290 532 3347 substantia:
584 3292 825 3359 ratione;
878 3292 1057 3360 itaque
1102 3293 1282 3347 omnia
1327 3292 1582 3346 viviﬁcat.
1621 3309 1641 3343 ι
1686 3290 1791 3345 Sed

214 3397 340 3437 cum
365 3400 585 3455 aquam,
609 3385 805 3456 inquit,
833 3384 1087 3440 eﬂ'nderis
1113 3398 1275 3452 super
1294 3395 1515 3447 terram,
1538 3383 1643 3438 erit
1666 3399 1792 3438 san-

214 3474 357 3542 guis.
396 3496 415 3530 ι
451 3476 706 3541 Verbum,
739 3493 859 3531 cum
895 3476 1096 3531 tactum
1146 3486 1229 3531 est
1264 3492 1392 3530 caro
1438 3478 1504 3531 de
1532 3487 1700 3541 terra,
1738 3475 1793 3531 id

214 3576 319 3634 est,
356 3574 574 3640 quando
595 3586 623 3625 a
659 3580 800 3624 terra
825 3585 1042 3624 carnem
1071 3569 1170 3625 sibi
1190 3568 1567 3635 circumdedit,
1592 3566 1788 3622 tnncin

214 3675 281 3715 ea
325 3674 554 3719 mortem
596 3673 797 3719 nostrae
845 3662 1075 3719 similem
1133 3663 1333 3718 dicitur
1386 3676 1630 3732 passum,
1666 3660 1792 3716 licet

216 3761 313 3817 per
341 3762 588 3807 naturam
625 3753 698 3808 sit
722 3752 852 3807 vita.

788 3889 940 3947 CAP.
976 3887 1213 3944 XXXIV.

911 4004 1093 4060 Aliud.

288 4110 344 4166 In
366 4111 611 4172 Levitico
645 4119 904 4187 pollutum
930 4119 1068 4173 Deus
1088 4127 1142 4172 et
1165 4118 1498 4173 immundum
1524 4119 1790 4188 leprosum

211 4216 338 4258 esse
372 4206 671 4276 signiﬁcat,
707 4219 870 4278 atque
896 4210 969 4262 ita
993 4224 1118 4263 eum
1152 4208 1219 4264 de
1236 4210 1432 4265 castris
1453 4210 1574 4278 ejici
1604 4210 1794 4279 pra‘ci-

211 4293 292 4360 pit
325 4306 585 4364 oportere
601 4297 646 4329 “
673 4315 688 4365 ;
719 4307 772 4352 et
806 4298 849 4352 si
884 4306 1110 4353 sanatus
1165 4299 1331 4354 fuerit
1377 4301 1631 4363 morbus,
1689 4298 1793 4353 hoc

211 4398 338 4437 eum
389 4398 556 4455 pacto
600 4388 816 4457 purgari
860 4405 873 4439 :
930 4408 948 4439 ι
1005 4388 1073 4443 Et
1114 4390 1387 4459 accipiens
1431 4390 1567 4444 duos
1620 4390 1793 4457 pullos

213 4477 469 4542 mundos,
498 4486 555 4533 et
586 4479 786 4547 lignum
819 4480 1120 4543 cedrinum,
1150 4491 1205 4534 et
1250 4483 1531 4535 coccinum
1569 4491 1624 4536 et
1659 4482 1787 4551 hys-
1820 4507 1865 4563 ι)

216 4576 434 4633 sopum,
458 4577 515 4623 et
537 4568 814 4638 prmcipiet
855 4569 1108 4623 sacerdos
1132 4607 1147 4633 ,
1196 4578 1251 4624 et
1282 4570 1536 4625 occidens
1578 4571 1788 4639 pullum

214 4668 386 4711 unum
417 4659 471 4713 in
504 4676 633 4717 vase
659 4661 829 4727 fictili,
864 4661 916 4715 in
964 4677 1099 4731 aqua
1145 4660 1264 4715 viva
1294 4702 1309 4727 ,
1374 4668 1429 4716 et
1463 4662 1662 4731 pullum
1697 4663 1789 4731 qui

215 4747 353 4801 vivit
402 4753 642 4825 accipiet
671 4794 688 4819 ,
743 4763 797 4808 et
823 4753 1029 4807 lavabit
1080 4752 1233 4807 illum
1271 4754 1327 4808 in
1356 4754 1620 4825 sanguine
1649 4754 1782 4823 pulli

216 4838 384 4894 occisi
415 4842 469 4896 in
491 4860 630 4915 aqua
660 4846 805 4909 viva,
833 4855 888 4899 et
914 4853 1162 4915 aspergat
1189 4859 1351 4914 super
1371 4858 1495 4899 eum
1527 4845 1617 4913 qui
1647 4860 1783 4914 pur-

218 4936 377 4992 Satus
413 4941 496 4984 est
525 4950 555 4987 a
586 4935 730 5003 lepra
766 4934 982 5004 septies,
1012 4944 1069 4987 et
1098 4934 1330 4989 mundus
1354 4933 1459 4987 erit
1484 4931 1553 4988 ⁸⁷.
1588 4952 1608 4985 ι
1644 4932 1786 4986 Red-

219 5014 301 5068 dit
353 5020 575 5086 quidem
642 5041 741 5080 nos
783 5028 1013 5080 mundos
1047 5067 1063 5092 ,
1104 5034 1159 5080 et
1194 5025 1553 5096 pollutionum
1605 5026 1796 5080 sordes

217 5102 411 5172 θωυίι.
444 5121 501 5165 et
532 5114 771 5170 carnalis
804 5115 1261 5183 concupiscentiae
1288 5114 1671 5169 mortalitatem
1705 5128 1791 5167 re-

218 5192 370 5258 Pellit
414 5206 645 5273 sanguis
693 5204 1118 5274 pretiosissimas
1167 5204 1406 5268 Christi,
1452 5214 1506 5258 et
1544 5202 1792 5274 purgatio

217 5280 564 5351 baptismatis
615 5298 971 5352 sacrosancti.
1042 5295 1310 5351 Caeterum
1372 5295 1501 5350 illud
1566 5295 1792 5364 aspice:

216 5373 536 5439 amittentes
589 5389 732 5443 enim
778 5389 1103 5457 scriptorum
1156 5390 1265 5442 vim
1297 5388 1612 5443 examinare
1651 5384 1793 5456 quod

222 5470 488 5533 “Haterio
542 5480 840 5551 expediat,
893 5481 945 5536 in
1000 5481 1285 5551 praesentia
1351 5480 1789 5536 memorabimus.

299 5731 435 5796 Luc.
476 5760 535 5812 ιι,
562 5731 653 5811 52',

1896 549 2004 604 sint
2033 548 2150 613 ﬁlii,
2186 553 2280 604 sed
2330 552 2470 619 quod
2516 566 2657 605 unus
2704 550 2883 618 potius
2922 563 2988 602 ex
3040 549 3287 612 duobus,
3330 548 3467 601 divi-

1894 642 2064 695 nitate
2107 649 2162 694 et
2202 642 2539 696 humanitate
2588 643 2639 695 in
2686 642 2946 695 unitatem
2994 641 3224 694 collatis.
3274 639 3459 693 Mundi

1894 744 2070 787 autem
2102 734 2229 804 pulli
2258 750 2272 786 :
2301 748 2477 801 neque
2506 734 2648 788 enim
2680 734 2809 787 fecit
2844 742 3121 801 peccatum
3166 733 3304 787 Deus
3362 748 3466 786 no-

1895 834 2010 877 ster
2036 824 2193 879 Jesus
2230 824 2511 886 Christus;
2540 825 2635 879 sed
2663 834 2781 880 erat
2826 825 3059 879 Verbum
3094 835 3366 887 sanctum,
3409 833 3465 876 et

1894 913 2187 966 divinitatis
2234 922 2286 967 et
2318 913 2671 968 humanitatis
2704 915 2933 967 ratione.
2975 911 3302 967 Vulneribus
3333 927 3464 966 vero

1893 1015 2273 1074 comparatur,
2325 1006 2468 1074 quod
2500 1006 2652 1073 quasi
2690 1006 2741 1059 in
2779 1005 2996 1058 sublimi
3034 1005 3105 1057 sit
3150 1019 3311 1072 supra
3349 1013 3462 1057 ter-

1895 1112 2032 1160 ram,
2071 1107 2127 1151 et
2163 1112 2199 1151 e
2240 1097 2379 1151 ctelo
2428 1098 2705 1167 desuper:
2746 1099 2939 1151 ectelo
2976 1098 3119 1151 enim
3176 1097 3338 1152 homo
3381 1103 3467 1150 est

1892 1190 2157 1253 Christus,
2193 1189 2317 1244 licet
2346 1204 2565 1243 carnem
2612 1200 2801 1243 sancta
2854 1187 3019 1256 Virgo
3046 1188 3362 1256 pepererit;
3395 1202 3462 1240 eo

1892 1282 2052 1336 modo
2075 1282 2236 1351 Igitur
2255 1281 2488 1349 desuper
2504 1292 2557 1336 et
2582 1283 2647 1336 de
2676 1282 2837 1335 coelo.
2869 1280 3009 1334 Deus
3033 1281 3175 1334 enim
3201 1277 3462 1342 Verbum,

1893 1371 2036 1441 quod
2060 1381 2146 1426 est
2177 1372 2409 1439 desuper
2440 1382 2492 1427 et
2521 1387 2587 1427 ex
2613 1372 2773 1426 Patre
2797 1411 2812 1436 ,
2857 1386 3077 1426 carnem
3124 1385 3190 1423 ex
3242 1368 3466 1437 Virgine

1892 1472 2077 1519 sancta
2102 1463 2389 1531 accipiens,
2421 1472 2475 1518 et
2500 1479 2618 1518 eam
2659 1479 2813 1517 suam
2839 1464 3221 1532 propriamque
3256 1461 3450 1514 existi-

1892 1568 2065 1618 mans,
2103 1563 2355 1623 tanquam
2386 1553 2432 1607 si
2460 1568 2581 1607 eam
2626 1554 2854 1620 desuper
2886 1563 2941 1606 et
2989 1553 3055 1605 de
3102 1550 3239 1605 coelo
3297 1550 3458 1602 detu—

1894 1644 2061 1709 lisset,
2094 1644 2349 1699 dicebat:
2393 1662 2413 1695 ‹
2454 1643 2619 1697 Nemo
2668 1644 2911 1697 ascendit
2966 1642 3019 1695 in
3067 1642 3303 1704 caelum,
3355 1639 3463 1693 nisi

1893 1737 1983 1806 qui
2016 1738 2083 1790 de
2135 1736 2275 1790 coelo
2323 1736 2604 1791 descendit
2637 1734 2806 1789 Filius
2848 1733 3119 1796 hominis,
3164 1732 3361 1800 quiest
3408 1731 3463 1783 in

1901 1829 2040 1884 cmlo
2063 1830 2129 1884 “.
2172 1847 2190 1880 ι
2228 1828 2302 1882 Ea
2331 1828 2474 1882 enim
2525 1842 2646 1897 qua:
2690 1842 2787 1882 sua
2827 1835 2991 1887 sunt,
3038 1824 3267 1893 propriae
3313 1821 3461 1875 carui

1902 1937 2116 1992 semper
2151 1921 2435 1985 attribuit;
2461 1919 2753 1972 adunatum
2788 1931 2916 1970 vero
2939 1914 3149 1978 semel,
3192 1912 3303 1983 jam
3339 1925 3463 1964 cum

1903 2015 2017 2082 ipsa
2049 2028 2210 2067 unum
2241 2011 2450 2065 scilicet
2473 2010 2791 2064 :estimatur.

1972 2102 2235 2157 Caeterum
2264 2102 2404 2165 vide,
2444 2100 2626 2155 occiso
2657 2114 2766 2153 uno
2812 2098 2979 2167 pullo,
3019 2095 3188 2150 lavari
3239 2095 3461 2165 quidem

1898 2195 2123 2250 alterum
2149 2194 2264 2263 ejus
2296 2193 2578 2262 sanguine,
2614 2202 2792 2245 tamen
2825 2204 2932 2243 non
2977 2188 3149 2242 emori
3177 2204 3191 2252 ;
3241 2194 3296 2240 et
3328 2186 3460 2255 quid

1898 2289 2000 2343 hoc
2024 2288 2135 2341 sit?
2191 2286 2415 2341 Vivebat
2462 2283 2717 2347 Verbum,
2762 2281 2891 2334 licet
2949 2292 3046 2334 sua
3098 2292 3225 2332 caro
3268 2275 3462 2330 fuisset

1897 2388 2165 2439 emortua,
2210 2385 2265 2431 et
2304 2391 2641 2431 communem
2691 2373 3001 2442 passionem
3038 2382 3158 2422 esse
3206 2367 3462 2431 dicebat,

1895 2481 2113 2540 propter
2143 2468 2518 2523 aduuationem
2541 2478 2592 2518 et
2612 2465 3027 2520 familiaritatem
3047 2475 3205 2529 quam
3231 2459 3464 2514 habebat

1895 2576 2016 2615 cum
2045 2574 2230 2613 carne.
2273 2554 2436 2626 Igitur
2463 2556 2638 2624 ipsum
2684 2554 2901 2622 quidem
2944 2551 3119 2615 vivit,
3167 2558 3225 2603 ut
3274 2547 3461 2615 Deus;

1896 2665 2092 2717 corpus
2115 2665 2243 2701 vero
2273 2656 2531 2715 tauquam
2560 2645 2834 2715 proprium
2879 2642 3132 2707 faciebat,
3183 2650 3237 2694 et
3277 2640 3356 2694 sic
3406 2640 3461 2694 in

1894 2758 1953 2798 se
1980 2739 2319 2795 familiariter
2340 2737 2636 2805 accipiebat
2680 2736 2922 2803 corporis
2966 2734 3283 2803 passiones,
3329 2745 3454 2783 cum

1895 2834 2072 2903 ipsum
2108 2830 2241 2885 nihil
2290 2832 2343 2883 in
2391 2838 2579 2882 natura
2631 2826 2847 2895 propria
2882 2831 3180 2893 pateretur.
3230 2820 3461 2876 Prodest

1894 2925 2055 2994 igitur
2082 2932 2134 2976 et
2161 2920 2520 2976 necessariam
2552 2927 2657 2980 est,
2690 2918 2733 2971 si
2769 2920 2819 2969 in
2846 2932 2953 2970 uno
2979 2914 3195 2969 Christo
3224 2912 3276 2966 id
3301 2912 3451 2966 acci-

1893 3017 2105 3087 piamus
2139 3014 2283 3082 quod
2330 3011 2631 3066 secundum
2676 3009 2820 3063 aliud
2854 3016 2909 3062 et
2937 3007 3081 3059 aliud
3121 3006 3187 3059 de
3224 3019 3333 3058 uno
3366 3018 3465 3057 eo-

1893 3108 2125 3176 demque
2174 3104 2560 3167 constituatur,
2611 3110 2665 3155 ct
2704 3100 2845 3170 quod
2895 3099 2951 3153 in
3000 3097 3108 3151 duo
3143 3096 3308 3150 dividi
3352 3109 3463 3150 non

1895 3200 2242 3270 permittatur
2267 3237 2281 3261 ,
2320 3197 2445 3251 licet
2468 3195 2680 3250 diversa
2708 3193 2850 3247 inter
2882 3205 2961 3255 se,
2999 3198 3055 3244 et
3083 3187 3308 3243 minime
3336 3201 3462 3242 con-

1892 3292 2179 3353 venientia,
2212 3300 2334 3343 actu
2360 3302 2481 3343 esse
2505 3286 2773 3339 dicantur.

1966 3383 2057 3437 Est
2087 3392 2266 3436 autem
2302 3380 2406 3435 tale
2436 3377 2576 3447 quod
2613 3378 2755 3430 dico.
2787 3373 2983 3428 Natum
3012 3386 3136 3427 esse
3164 3370 3463 3427 secundum

1891 3487 2113 3528 Carnem
2143 3486 2208 3525 ex
2235 3469 2457 3523 muliere
2494 3467 2657 3521 Deum
2692 3464 2925 3519 dicimus
2967 3460 3194 3516 Verbum
3223 3498 3239 3523 ,
3272 3474 3465 3527 quam-

1891 3565 1977 3619 vis
2007 3563 2257 3618 omnibus
2292 3563 2406 3629 ipse
2438 3559 2675 3629 przebeat
2709 3555 2878 3619 nasci,
2913 3562 2968 3609 et
2996 3553 3064 3606 ad
3096 3552 3457 3614 nativitatem,

1890 3674 2010 3729 qum.
2038 3657 2273 3710 nondum
2318 3664 2438 3707 nata
2470 3661 2616 3715 sunt,
2650 3661 2822 3705 vocet.
2876 3646 3183 3702 Secundum
3229 3644 3373 3700 aliud
3411 3659 3466 3699 et

1893 3751 2036 3805 aliud
2064 3759 2247 3803 natum
2280 3755 2383 3810 est,
2408 3760 2473 3799 eo
2503 3743 2646 3814 quod
2689 3743 2852 3796 homo
2878 3740 3049 3795 nostri
3081 3738 3275 3794 similis
3302 3737 3461 3791 intel—

1905 3844 2141 3911 ligatur;
2169 3848 2323 3893 vocat
2352 3846 2529 3891 autem
2560 3836 2625 3889 ad
2660 3834 2990 3888 nativitatem
3013 3832 3211 3895 omnia,
3236 3845 3301 3884 eo
3323 3828 3465 3898 quod

1891 3944 2083 3987 natura
2112 3931 2181 3985 sit
2210 3930 2372 3983 Dens.

1962 4022 2235 4088 Scriptum
2261 4029 2345 4073 est
2378 4018 2540 4073 etiam
2570 4018 2636 4071 de
2662 4017 2779 4082 ipso
2817 4030 2828 4063 :
2872 4032 2889 4065 ι
2944 4013 3084 4066 Puer
3119 4010 3463 4082 proﬁciebat,

1890 4126 1945 4171 et
1976 4110 2409 4173 confortabalnr,
2456 4122 2512 4163 et
2545 4107 2872 4175 implebatur
2917 4103 3180 4171 sapientia
3236 4110 3290 4156 et
3337 4117 3465 4170 gra-

1893 4206 1964 4257 tia
1995 4203 2060 4258 ⁸⁹.
2094 4220 2113 4253 ›
2149 4199 2282 4255 Cum
2329 4207 2519 4252 natura
2553 4198 2623 4249 sit
2661 4194 2960 4262 perfectum
2993 4200 3049 4243 ut
3099 4189 3274 4254 Deus,
3319 4198 3373 4243 et
3399 4203 3465 4242 ex

1889 4309 1986 4349 sua
2026 4290 2355 4362 plenitudine
2398 4286 2661 4357 spiritalia
2706 4283 2909 4338 sanctis
2965 4280 3240 4348 impertiat
3279 4296 3292 4342 ;
3338 4292 3462 4332 cum

1890 4385 2061 4452 ipsum
2103 4379 2481 4449 sitsapientiae
2510 4377 2665 4428 dator
2689 4382 2744 4426 et
2767 4371 2976 4440 grati-ae,
3026 4367 3292 4437 quomodo
3340 4381 3466 4435 pro-

1894 4478 2001 4531 ﬁcit
2028 4490 2179 4542 puer,
2211 4482 2266 4527 et
2288 4470 2547 4539 sapientia
2582 4467 2837 4535 impletur
2886 4475 2939 4516 ct
2990 4460 3212 4530 gratia?
3257 4459 3467 4513 Secun-

1898 4569 2021 4623 dum
2049 4565 2191 4620 aliud
2224 4572 2278 4618 et
2304 4562 2446 4616 aliud
2484 4578 2497 4613 :
2530 4575 2650 4613 cum
2692 4558 2761 4612 sit
2785 4555 2929 4610 enim
2983 4554 3097 4621 ipse
3124 4553 3262 4604 idem
3304 4550 3465 4603 homo

1896 4658 2057 4714 simul
2097 4665 2152 4710 et
2196 4654 2354 4715 Deus,
2398 4659 2620 4721 propter
2667 4650 2925 4700 unitatem
2972 4644 3188 4713 quidem
3239 4640 3458 4710 propria

1898 4749 2044 4805 ducit
2073 4749 2305 4803 humana
2331 4760 2345 4809 ;
2373 4752 2455 4799 est
2476 4753 2657 4795 autem
2690 4738 2984 4810 perfectus,
3024 4744 3080 4789 ct
3107 4732 3384 4802 sapientia:
3409 4739 3465 4784 et

1894 4839 2081 4911 gratize
2111 4838 2290 4900 dator,
2322 4843 2379 4888 ut
2416 4834 2578 4886 Deus.

1968 4929 2316 4996 Nuncupatus
2371 4934 2453 4978 cst
2507 4924 2669 4978 etiam
2709 4928 2761 4973 et
2802 4914 3214 4985 primogenitus,
3256 4921 3311 4966 et
3348 4912 3469 4964 uni-

1897 5022 2149 5093 genitns;
2203 5019 2297 5073 sed
2350 5017 2393 5071 si
2428 5014 2550 5085 quis
2591 5013 2697 5066 vim
2741 5011 2911 5079 ipsam
2957 5007 3188 5063 scrutari
3240 5003 3467 5056 voluerit

1898 5110 2216 5172 dictionum,
2249 5104 2635 5175 primogenitus
2656 5112 2758 5163 est,
2800 5100 2890 5168 qui
2922 5099 3065 5151 inter
3106 5095 3305 5149 fratres
3341 5093 3463 5161 plu-

1900 5202 2064 5257 rimos
2091 5197 2477 5269 primogenitus
2499 5213 2514 5260 ;
2540 5194 2847 5264 unigenitus
2880 5205 3007 5241 vero
3034 5228 3049 5252 ,
3102 5196 3161 5241 ut
3198 5183 3453 5254 unigeni-

1894 5302 2004 5357 tus,
2034 5306 2138 5345 non
2164 5290 2274 5358 jam
2310 5287 2720 5357 primogenitus,
2752 5298 2850 5337 nec
2879 5282 3021 5335 inter
3054 5279 3315 5349 plurimos
3348 5276 3462 5328 fra—

1897 5395 2026 5439 trcs.
2056 5382 2126 5437 At
2153 5391 2235 5436 est
2266 5381 2400 5450 ipse,
2440 5387 2496 5433 et
2532 5378 2653 5435 hoc.
2687 5383 2740 5429 et
2772 5373 2899 5427 illud
2927 5388 2941 5438 ;
2988 5370 3258 5437 quomodo
3295 5365 3469 5435 ergo?

1900 5476 2202 5531 Secundum
2238 5471 2380 5527 aliud
2421 5481 2497 5540 et.
2520 5468 2663 5523 aliud
2698 5483 2713 5519 :
2748 5462 3140 5535 primogenitus
3187 5461 3372 5521 enim,
3409 5468 3466 5509 ut

296 5664 688 5753 ξδιιδειτελιγ,
733 5687 774 5740 l.
854 5687 897 5717 "
932 5686 1098 5742 Exod.
1147 5703 1221 5748 tv,
1256 5688 1307 5741 9.
1387 5686 1430 5718 "
1486 5684 1653 5740 Lcrit.
1721 5700 1789 5739 ιιι

1900 5684 2108 5753 tseqq.
2184 5679 2225 5712 "
2270 5675 2443 5733 Levit.
2501 5688 2614 5742 xw,
2676 5671 2859 5729 49-31.
2937 5670 2977 5701 ’⁸
3017 5666 3172 5721 Joan.
3238 5680 3314 5725 nt,
3382 5663 3460 5716 l5.
