3856 6212
396 383 408 401 δ
481 318 615 375 ιιοῖ

1504 326 1562 379 S.
1608 325 1885 381 CYRILLI
1919 322 2386 381 ALEXANDRINI
2430 326 2751 382 ABCHIEP.

3600 338 3731 394 Ηθὸ

475 433 619 485 inter
639 431 796 501 797
827 432 1084 501 plurimos
1116 434 1335 499 fratres,
1368 450 1586 507 propter
1610 441 2005 497 humanitatem
2034 461 2049 508 ;
2082 448 2128 502 Α
2156 443 2466 509 ειίθιηζιιιησ
2485 458 2606 496 cum
2633 444 2685 498 in
2706 442 2888 500 multis
2910 447 3071 501 l‘uerit
3109 447 3405 507 fratribus:
3435 462 3568 510 tunc
3589 458 3729 511 enim

476 524 783 592 nnigenitus
815 539 976 592 porro
1008 526 1171 589 idem,
1216 536 1273 581 ut
1305 528 1456 584 solus
1498 547 1567 585 ex
1601 532 1719 588 solo
1750 533 1913 590 Patre
1947 551 2049 589 na-

475 624 586 675 tus,
612 622 664 666 ct
694 623 751 667 ut
788 614 948 668 Deus.

546 704 940 759 Sanctiﬁcatus
989 705 1155 760 fuisse
1207 708 1407 764 dicitur
1446 726 1544 782 per
1584 714 1846 784 Spiritum
1873 757 1888 785 ,
1927 734 2048 773 cum

472 797 592 865 ipse
620 799 962 852 sanctilicare
1002 798 1181 853 soleat
1210 803 1564 871 accedentes;
1613 809 1925 877 baptizatus
1963 825 2049 866 se-

469 889 703 942 cundum
735 904 978 953 carnem,
1024 891 1115 957 qui
1154 893 1205 946 in
1235 906 1427 949 sancto
1456 894 1661 964 Spiritu
1709 898 2045 968 baptizabat.

467 977 754 1044 Quomodo
800 981 965 1049 igitur
1012 986 1151 1039 idem
1188 995 1245 1039 et
1291 986 1596 1041 sanctiﬁcat
1636 997 1691 1042 et
1740 992 2049 1046 sanctiﬁca-

471 1076 593 1131 tur,
644 1068 885 1138 baptizat
928 1084 982 1127 et
1032 1075 1388 1145 baptizatur?
1444 1078 1751 1137 Secundum
1800 1084 1944 1139 aliud
1990 1097 2047 1141 et

469 1156 613 1212 aliud
643 1176 657 1214 :
688 1163 1057 1219 sattctiﬁcatur
1085 1167 1231 1219 enim
1254 1168 1507 1232 humane,
1536 1173 1679 1226 sicut
1702 1174 1867 1228 etiam
1908 1178 2043 1248 hap-

468 1259 708 1319 tizatur;
768 1256 1074 1310 sanctiﬁcat
1117 1268 1299 1313 autem
1344 1261 1559 1328 divine,
1613 1274 1669 1318 et
1703 1264 1941 1334 baptizat
1989 1269 2041 1323 in

466 1340 675 1410 Spiritu
702 1359 915 1400 sancto.

532 1433 664 1488 Cum
694 1436 806 1505 ipse
829 1441 1051 1496 suscitet
1072 1459 1214 1495 mor-

462 1534 581 1579 tuos
610 1565 625 1590 ,
667 1532 965 1584 resurrexit
995 1549 1024 1585 a
1066 1550 1212 1588 mor-

461 1618 588 1681 tuis,
623 1630 817 1675 etcum
840 1624 908 1676 sit
940 1641 1035 1693 per
1061 1639 1213 1680 natu-

458 1726 570 1765 ram
595 1713 727 1779 vita,
776 1717 1038 1773 viviﬁcari
1077 1722 1210 1775 dici-

459 1815 578 1871 tur;
614 1806 715 1861 hoc
755 1824 988 1878 quonam
1014 1815 1212 1868 modo?

454 1895 761 1952 Secundum
779 1900 923 1955 aliud
944 1918 1134 1972 nempe
1155 1917 1209 1960 et

451 1983 597 2038 aliud
639 1987 797 2057 :ipse
837 1992 980 2044 enim
1034 2009 1209 2049 resur-

451 2078 592 2132 rexit
628 2081 842 2149 quidem
886 2100 915 2137 a
956 2090 1203 2153 mortuis,

445 2178 502 2220 et
520 2170 777 2227 viviﬁcari
807 2175 995 2231 dicitut
1016 2194 1207 2233 secun-

444 2264 570 2317 dum
628 2281 889 2337 carnem;
960 2272 1200 2328 vivilirat

442 2367 620 2411 autem
654 2370 710 2413 et
738 2364 1023 2419 suscitata
1054 2384 1198 2420 mor-

441 2449 568 2517 tuis,
615 2465 800 2523 utpote
850 2458 1008 2513 Deus.
1052 2460 1197 2515 l’ati-

441 2554 549 2610 tur,
590 2557 645 2600 et
694 2565 798 2604 non
843 2555 1064 2621 patitor,
1106 2573 1189 2612 se-

436 2635 673 2690 cundum
718 2639 860 2694 aliud
910 2654 965 2697 et
999 2645 1140 2701 aliud
1174 2663 1189 2699 :

435 2727 644 2792 patitur
688 2732 905 2799 quidem
958 2737 1191 2795 humane

430 2830 695 2881 carue,eo
720 2827 861 2891 quod
890 2827 1049 2880 homo
1078 2829 1183 2898 sit;

430 2911 776 2980 impassibilis
804 2930 981 2976 autem
1005 2925 1186 2981 divine

430 3016 633 3070 manet,
662 3018 718 3061 ttt
743 3009 901 3069 Deus.

1357 1446 1527 1512 Αὐτὸς
1544 1450 1771 1521 ἐγείρων
1802 1456 1929 1518 τοὺς
1953 1473 2041 1509 νε-

1286 1542 1471 1608 κροὺς,
1494 1544 1559 1595 ἐκ
1581 1546 1790 1615 νεκρῶν
1810 1548 2042 1619 ἐγήγερ-

1282 1649 1371 1685 ται
1390 1650 1403 1663 ·
1442 1635 1537 1688 καὶ
1566 1635 1675 1699 ζῶν
1704 1639 1846 1692 κατὰ
1877 1640 2039 1709 φύσιν

1281 1728 1563 1796 τυγχάνων
1580 1770 1594 1791 ,
1655 1728 2034 1793 ζωοποιεῖσθαι

1281 1821 1519 1893 λέγεται.
1552 1826 1660 1879 Καὶ
1690 1828 1809 1891 πῶς
1844 1831 2034 1898 scito;

1281 1916 1416 1969 Κατ’
1464 1920 1593 1973 ἄλλο
1642 1927 1736 1978 καὶ
1785 1929 1933 1986 ἄλλο.
1978 1930 2036 1982 '0

1279 2008 1387 2081 γὰρ
1408 2012 1565 2077 αὐτὸς
1600 2018 1897 2092 ἐγήγερται
1934 2024 2035 2094 μὲν

1277 2101 1341 2153 ὲκ
1382 2104 1611 2174 νεκρῶν,
1656 2108 2033 2171 ζωοποεείσθαί

1274 2211 1332 2247 τε
1380 2195 1595 2264 λέγεται
1644 2204 1783 2257 κατὰ
1831 2208 2028 2278 σάρκα,

1274 2287 1530 2351 ζωοποιεῖ
1547 2295 1604 2347 δὲ
1630 2299 1722 2350 καὶ
1746 2300 2029 2372 ἀνίστησιν

1268 2378 1395 2441 τοὺς
1440 2385 1685 2455 νεκροὺς,
1736 2388 1812 2452 ὡς
1858 2391 2022 2456 Θεός·

1270 2471 1489 2541 πάσχει,
1542 2479 1635 2529 καὶ
1679 2481 1739 2531 οὐ
1804 2482 2022 2553 πάσχει,

1270 2568 1390 2617 κατ’
1430 2566 1557 2620 ἄλλο
1602 2570 1692 2622 καὶ
1735 2572 1890 2629 ἄλλο·
1925 2577 2024 2629 πά-

1266 2674 1383 2729 σχει
1433 2662 1531 2732 μὲν
1585 2668 1693 2734 γὰρ
1740 2668 2016 2739 ἀνθρωπε-

1261 2766 1367 2815 νως
1398 2754 1590 2824 σαρκὶ,
1634 2757 1770 2811 καθὸ
1812 2760 2019 2833 ἄνθρω-

1259 2859 1359 2907 πος
1381 2860 1395 2875 ο
1427 2846 1644 2915 ἀπαθὴς
1670 2850 1726 2903 δέ
1760 2855 1876 2907 ἐστι
1909 2856 2017 2909 θεῖ-

1257 2937 1389 3001 κῶς,
1420 2938 1495 3002 ὡς
1524 2940 1675 3006 Θεός,

2153 543 2439 601 propterea
2475 535 2659 589 dictus
2689 544 2776 589 est
2804 536 3217 607 primogenitus.

2228 622 2410 678 Unum
2442 624 2636 680 Filittttt
2670 629 2923 682 adoravit
2971 645 3147 684 caicus
3199 647 3227 687 a
3262 635 3547 691 nativitate
3589 655 3679 691 sua
3708 681 3723 705 ,

2152 727 2273 767 cum
2301 717 2590 785 praecipuo
2615 717 2960 790 mirabilique
2994 724 3156 776 modo
3187 733 3409 781 sanatus
3438 737 3544 784 est.
3573 729 3723 792 Nam,

2156 822 2176 855 t
2216 818 2337 859 cum
2379 806 2680 863 invenisset
2705 825 2827 865 eum
2856 812 2908 864 in
2941 813 3140 882 templo
3167 811 3348 883 Jesus,
3397 818 3539 871 dixit
3580 840 3595 875 :
3651 821 3722 876 Tn

2151 896 2327 950 credis
2351 896 2402 951 itt
2442 897 2638 953 Filium
2678 900 2929 956 Dei‘Hlle
2975 913 3158 958 autem
3193 905 3329 959 dixit
3362 926 3375 961 :
3412 909 3547 976 Quis
3598 926 3721 977 est,

2151 981 2395 1048 Domine,
2428 995 2487 1041 ut
2517 989 2736 1043 credam
2782 991 2837 1045 in
2883 1006 3008 1046 eum
3028 992 3121 1047 "‘2
3173 1013 3193 1046 ι
3221 994 3475 1053 Christus
3504 1016 3639 1056 vero
3677 1007 3721 1057 ei

2149 1071 2386 1139 seipsum
2425 1090 2550 1129 cum
2603 1093 2831 1147 corpore
2878 1082 3290 1150 demonstrans,
3325 1090 3505 1145 aiebat
3539 1111 3552 1146 :
3608 1112 3629 1145 t
3665 1093 3723 1148 Et

2148 1163 2328 1218 vidisti
2360 1167 2575 1235 quidem
2607 1184 2753 1237 eum,
2802 1182 2857 1227 et
2903 1175 2994 1243 qui
3048 1174 3285 1246 loquitur
3338 1191 3515 1237 tecum
3546 1224 3563 1248 ,
3614 1186 3725 1254 ipse

2146 1263 2232 1307 est
2266 1253 2329 1308 “.
2363 1274 2383 1308 ι
2422 1255 2580 1312 Vides
2602 1261 2745 1329 quod
2786 1263 3043 1332 singulari
3083 1282 3311 1325 numero
3345 1284 3529 1327 utatur
3552 1314 3571 1339 ,
3619 1294 3721 1332 non

2147 1345 2468 1410 permittens
2520 1348 2688 1404 Deum
2741 1363 2797 1406 et
2840 1358 3114 1413 hominem
3172 1377 3391 1420 seorsus
3449 1366 3721 1439 intelligi;

2146 1431 2257 1487 imo
2301 1449 2429 1490 vero
2465 1445 2519 1493 et
2564 1439 2610 1494 si
2638 1443 2761 1510 quis
2790 1445 3064 1502 hominem
3119 1453 3485 1510 nominaverit
3508 1458 3725 1514 Emma-

2147 1526 2292 1591 nuel,
2328 1529 2553 1586 minime
2593 1534 2807 1601 quidem
2840 1552 3184 1595 communem
3239 1543 3518 1603 hominem
3550 1552 3724 1621 signi-

2146 1620 2422 1689 ﬁcaverit;
2446 1625 2540 1679 sed
2562 1626 2656 1681 Dei
2687 1625 2921 1683 Verbum
2941 1630 3240 1690 adunatum
3261 1650 3459 1696 nostrw
3491 1620 3720 1702 naturae.

2150 1710 2300 1768 lianc
2330 1715 2471 1769 sicut
2506 1732 2670 1772 unum
2694 1760 2710 1785 ,
2744 1720 3017 1779 hominem
3069 1728 3365 1786 adoravere
3414 1734 3564 1790 beati
3615 1739 3717 1793 dis-

2076 1790 2116 1846 Β
2143 1805 2325 1873 cipuli,
2354 1823 2481 1863 cum
2513 1822 2635 1865 eum
2667 1812 2911 1871 videntes
2963 1818 3119 1875 miris
3160 1824 3334 1878 modis
3379 1826 3521 1881 inter
3548 1846 3721 1900 aquas

2140 1897 2439 1964 ambulare,
2466 1900 2781 1969 adoravere,
2817 1906 3068 1966 dicentes
3120 1929 3133 1966 :
3190 1931 3208 1965 ι
3246 1912 3385 1972 Vere
3423 1920 3521 1975 Dei
3549 1897 3719 1980 Filius

2136 2003 2195 2043 es
2216 1989 2281 2043 ".
2323 2008 2342 2041 ι

2207 2081 2263 2136 Si
2296 2098 2429 2139 vero
2458 2085 2729 2144 hominem
2761 2106 2884 2147 cum
2927 2092 3038 2151 Deo
3062 2098 3343 2155 coadorari
3388 2103 3716 2172 dixerimus,

2135 2172 2453 2232 divisionem
2512 2181 2964 2248 spatiosissimam
3003 2189 3364 2249 inducemus:
3415 2196 3515 2249 σὺν
3563 2202 3707 2255 enim

2130 2280 2346 2335 semper
2377 2267 2541 2341 (quod
2572 2282 2658 2328 est
2689 2273 2881 2333 Latine
2900 2280 3066 2350 cum),
3095 2283 3196 2338 nisi
3228 2286 3280 2340 in
3310 2288 3713 2358 significatione

2131 2360 2380 2427 unitatis,
2411 2378 2532 2434 qua:
2556 2376 2641 2422 est
2662 2383 2761 2438 per
2790 2374 3261 2443 compositionem,
3292 2390 3545 2448 ponatur,
3601 2386 3710 2440 duo

2127 2453 2350 2507 nomino
2374 2464 2530 2526 coget
2563 2458 2813 2531 intelligi.
2848 2463 3317 2529 Quemadmodum
3354 2471 3504 2528 enim
3538 2491 3701 2532 nemo

2124 2541 2225 2595 sibi
2254 2552 2544 2603 convenire
2567 2551 2779 2608 dicatur
2802 2593 2819 2618 ,
2846 2570 3029 2628 neque
3050 2575 3396 2631 concmnare,
3423 2578 3517 2621 aut
3534 2570 3699 2625 coad-

2121 2645 2399 2700 orare,aut
2415 2643 2764 2701 coambulare
2788 2664 2803 2714 ;
2830 2649 3057 2705 duarum
3080 2654 3225 2709 enim
3248 2671 3609 2726 personarum
3626 2664 3700 2718 si-

2119 2724 2521 2790 gniﬁcationem
2547 2733 2753 2793 inducit
2779 2744 3089 2809 praepositio
3151 2724 3318 2804 verbo
3356 2758 3647 2822 praeposita
3684 2778 3698 2811 :

2121 2814 2192 2868 ita
2213 2817 2373 2873 etiam
2396 2822 2443 2877 si
2469 2826 2595 2892 quis
2611 2830 2893 2887 coadorari
2914 2834 3185 2893 hominem
3199 2856 3321 2895 cum
3469 2814 3697 2915 dixerit,

2116 2907 2252 2963 duos
2291 2910 2451 2979 plane
2485 2916 2625 2973 ﬁlios
2653 2920 2806 2988 dicit,
2838 2935 2943 2980 eta
2966 2942 3087 2983 sese
3103 2930 3402 3001 disjunctos
3427 2954 3442 3000 ;
3471 2907 3701 2997 unitatis

2119 3000 2262 3053 enim
2293 3004 2450 3070 ratio,
2478 3007 2522 3061 si
2546 3007 2598 3063 in
2626 3010 2740 3066 sola
2777 3014 3052 3087 dignitatis
3094 3000 3402 3091 aqualitate
3430 3028 3549 3083 sive
3594 3046 3694 3085 au-

497 3096 755 3153 Adonm
786 3102 897 3170 ipse
919 3106 1198 3163 nobiscum
1230 3128 1243 3164 ε
1271 3129 1291 3163 1
1336 3111 1447 3170 vos
1484 3116 1649 3181 enim,
1683 3119 1872 3189 inquit,
1910 3126 1999 3178 ML
2031 3130 2077 3189 α
2111 3092 2386 3189 ctoritatis
2406 3096 2755 3170 intelligatur,
2774 3120 2884 3162 non
2907 3124 3029 3165 esse
3055 3126 3178 3167 vera
3198 3116 3567 3185 convincitur,
3602 3122 3692 3176 ω.

425 3183 593 3239 eratis
608 3188 751 3255 quod
778 3192 1035 3263 nescitis;
1057 3212 1153 3253 nos
1173 3200 1461 3257 adoramus
1484 3208 1621 3273 quod
1643 3210 1845 3266 scimus
1865 3213 1946 3280 '°;
1978 3235 1996 3266 ι

424 3280 591 3329 etest
621 3278 784 3332 etiam
808 3282 1116 3342 adorandus
1150 3305 1164 3340 :
1198 3311 1215 3341 ι
1254 3290 1512 3349 Flectitur
1530 3299 1670 3350 enim
1706 3302 1803 3369 ipsi
1839 3319 1999 3361 onme

422 3379 561 3433 genu
611 3368 679 3422 ἰ.
716 3388 735 3421 ι
770 3372 882 3428 lloc
930 3390 1147 3449 quoque
1191 3386 1484 3440 secundum
1547 3391 1691 3445 aliud
1727 3368 1795 3448 et
1824 3396 1992 3456 aliud.

410 3456 627 3514 Aderat
655 3464 824 3529 enim,
849 3470 977 3536 quia
1011 3482 1255 3527 naturam
1280 3481 1594 3549 assumpsit,
1640 3500 1760 3551 quae
1800 3487 1997 3546 debeat

419 3550 649 3607 adorare
678 3572 692 3620 ;
729 3558 989 3615 adoretur
1018 3574 1198 3620 autem
1235 3584 1397 3639 porro
1430 3572 1593 3640 idem,
1636 3581 1790 3645 quasi
1823 3584 1996 3652 major

417 3638 681 3698 adorante
729 3658 944 3717 natura,
990 3666 1058 3706 eo
1106 3638 1248 3724 qttod
1298 3638 1618 3731 intelligitur
1654 3638 1824 3724 Deus.
1880 3638 1988 3728 A'd-

416 3735 667 3791 oratione
690 3754 820 3793 vero
850 3758 953 3796 non
982 3756 1065 3799 est
1087 3748 1431 3806 dividendum
1464 3754 1517 3808 io
1545 3758 1814 3815 hominem
1836 3781 1989 3819 seor-

416 3841 509 3880 sus
534 3837 589 3882 et
616 3844 833 3887 seorsus
867 3834 918 3888 in
965 3836 1165 3906 Deum;
1210 3858 1387 3912 neque
1420 3861 1549 3903 vero
1591 3862 1845 3923 tanquam
1879 3858 1988 3915 Deo

412 3916 758 3984 conjunctum
776 3925 1082 3991 :Btlllllillale
1102 3930 1401 4001 dignitatis,
1423 3936 1615 3995 divisis
1644 3916 1983 4015 substantiis,

409 4022 535 4061 cum
582 4010 699 4077 ipso
745 4019 958 4071 adorari
988 4019 1219 4081 dicimus
1270 4023 1546 4083 hominem
1607 4034 1684 4102 (id
1716 4038 1859 4092 enim
1888 4054 1985 4095 ex-

412 4106 599 4152 tremae
627 4101 917 4171 impietatis
944 4110 1315 4176 plenissimum
1343 4120 1450 4185 est)
1485 4126 1616 4176 :sed
1673 4142 1837 4180 onum
1874 4133 1974 4184 ad-

407 4191 671 4248 orandum
713 4195 983 4253 hominem
1022 4202 1313 4271 l'actnm,et
1342 4209 1684 4271 incarnatnm
1718 4220 1806 4273 Dei
1850 4220 1981 4277 Ver-

407 4279 555 4349 bum;
580 4284 651 4338 ita
684 4295 886 4352 tamen,
920 4303 977 4345 ttt
1020 4297 1303 4354 credamus
1345 4317 1542 4372 corpus
1586 4308 1635 4361 ei
1678 4315 1975 4373 adunatum

404 4373 641 4427 animam
670 4376 822 4442 justa
873 4398 973 4438 nos
1027 4386 1281 4444 habuisse
1337 4396 1737 4454 rationabilem.
1793 4404 1976 4474 Neque

403 4458 546 4511 enim
581 4461 721 4518 Dens
746 4469 1085 4536 omnipotens
1117 4475 1253 4533 duos
1284 4482 1677 4553 primogenitos
1715 4458 1974 4565 prteccpit

401 4559 673 4619 oportere,
708 4565 813 4609 tam
852 4576 879 4611 a
912 4563 1066 4618 nobis
1099 4583 1260 4635 quam
1284 4586 1311 4623 a
1350 4577 1555 4631 sanctis
1608 4585 1834 4652 angelis,
1869 4592 1968 4643 atl-

400 4642 570 4692 orari.
600 4640 750 4698 Unus
777 4660 857 4702 est
888 4653 1055 4720 enim,
1082 4658 1171 4725 qui
1207 4671 1290 4715 est
1328 4663 1666 4727 introductus
1695 4674 1747 4728 itt
1778 4678 1967 4739 orbent

398 4738 662 4788 terrarum
690 4737 767 4804 ⁸¹;
806 4751 858 4794 et
885 4744 927 4796 si
964 4746 1378 4812 introductionis
1424 4762 1641 4816 modum
1689 4770 1966 4829 curiosius

397 4834 831 4893 perscrutemnr,
871 4837 1104 4892 carnalis
1163 4843 1588 4912 dispensationis
1639 4863 1962 4927 mysterium

396 4909 751 4971 inveniemus.
787 4918 1131 4985 Introductus
1161 4944 1244 4987 est
1291 4949 1471 4993 autem
1529 4944 1579 4997 in
1614 4950 1802 5003 orbem
1856 4964 1964 5009 ter.

394 5017 597 5069 rarum,
635 5018 759 5063 tunc
787 5026 909 5068 cum
944 5017 1117 5076 factus
1152 5036 1235 5079 est
1267 5027 1447 5096 homo,
1481 5032 1604 5088 licet
1642 5050 1835 5095 natura
1865 5059 1960 5101 sua

395 5094 599 5152 distare
620 5102 685 5154 ab
708 5107 839 5162 orbe
864 5108 1176 5181 longissime
1201 5118 1466 5186 videatur,
1498 5136 1551 5177 et
1580 5127 1631 5180 io
1654 5130 1955 5192 divinitatis

387 5186 678 5243 eminentia
700 5207 823 5250 vere
842 5211 961 5251 esse
987 5203 1240 5259 credatur
1276 5224 1290 5263 :
1326 5211 1462 5266 alius
1486 5227 1565 5269 est
1588 5219 1731 5271 enim
1760 5234 1958 5291 pratter

384 5274 647 5333 elementa
673 5296 885 5342 creator
911 5292 1168 5362 ipsorum.
1210 5297 1345 5371 Ergo
1378 5319 1539 5373 super
1563 5323 1646 5375 ea,
1675 5326 1792 5379 qua:
1824 5316 1939 5384 ipse

383 5370 640 5436 condidit,
680 5382 971 5437 secundum
1006 5399 1252 5443 naturam
1288 5406 1405 5458 est,
1444 5402 1587 5465 quod
1640 5414 1835 5461 natura
1883 5408 1953 5464 sit

386 5455 545 5514 Deus.
585 5463 730 5522 Unus
769 5480 969 5540 tamen,
1035 5488 1091 5533 ut
1121 5492 1245 5537 autc
1273 5485 1381 5540 dixi
1414 5528 1427 5551 ,
1483 5492 1789 5552 adorandus
1824 5510 1905 5554 est
1936 5542 1949 5566 ,

452 5660 495 5692 ⁸⁰
514 5662 679 5746 gyan.
722 5692 790 5746 tv,
818 5680 903 5735 2‘2.

453 5685 494 5692 νν
528 5685 679 5726 .man,
722 5692 790 5746 ιν,
818 5685 903 5735 2‘2.
1024 5685 1063 5717 ⁵¹
1101 5687 1419 5763 Philipp“,
1460 5699 1541 5754 10·

379 5745 487 5790 !tv.
514 5734 599 5790 33.

1656 5704 1699 5738 ιη
1736 5706 1894 5765 llebr.
1932 5729 1971 5782 ι,
2012 5715 2062 5770 6.

2107 3197 2214 3251 que
2241 3201 2268 3237 a
2303 3187 2456 3244 nobis
2485 3190 2598 3261 jam
2630 3195 2873 3264 pluribus
2922 3213 3049 3256 ante
3092 3206 3378 3273 probatum
3435 3220 3541 3265 est.

2595 3309 2760 3380 793
2784 3312 2937 3367 CAP.
2971 3315 3188 3373 xxxv.

2102 3407 2364 3468 Adversus
2398 3414 2640 3495 “(atqui
2669 3422 2843 3488 aiunt,
2885 3429 3025 3489 quod
3072 3431 3185 3484 sola
3225 3434 3480 3491 relatione
3514 3436 3694 3495 Deut:

2508 3486 2732 3545 Verbum
2764 3486 2985 3550 deceant
3012 3499 3249 3557 humana

2167 3591 2427 3651 Garriunt
2456 3600 2693 3655 nonnulli
2726 3604 2792 3660 de
2842 3608 3046 3662 carnali
3086 3610 3496 3681 dispensatione
3526 3618 3670 3675 Uni-

2095 3684 2283 3750 gcniti,
2314 3695 2369 3740 et
2409 3693 2737 3758 venerabile,
2768 3711 2835 3751 ac
2876 3715 3147 3771 magnum,
3174 3714 3230 3760 et
3254 3711 3512 3777 supernis
3558 3716 3676 3781 ειιί·

2095 3772 2289 3829 ritibtts
2316 3780 2762 3839 amabilissimum
2798 3794 3135 3860 mysterium,
3178 3812 3275 3865 per
3302 3804 3449 3869 quod
3506 3807 3677 3860 etiam

2092 3862 2287 3920 salvati
2320 3882 2528 3935 sumus,
2561 3876 2628 3926 ad
2660 3890 2855 3935 sensus
2882 3880 3102 3954 fragiles
3139 3862 3475 3957 deterentes,
3510 3896 3681 3953 decus

2088 3958 2468 4013 contaminant
2494 3962 3068 4042 pulchritudinemque
3090 3978 3386 4048 veritatis;
3426 3999 3551 4039 cum
3581 4003 3677 4043 eos

2089 4056 2359 4117 oporteat,
2394 4067 2499 4107 non
2528 4055 2572 4110 si
2610 4058 2739 4127 quid
2784 4060 2915 4130 ipsis
2955 4077 3102 4123 recte
3148 4070 3353 4129 habere
3396 4077 3670 4143 videatur.

2086 4137 2345 4192 roborare
2375 4143 2581 4212 conari;
2622 4149 2715 4202 sed
2748 4150 3016 4222 inspicere
3047 4162 3240 4233 magis,
3265 4165 3455 4221 subtili
3475 4181 3671 4223 acuto—

2082 4240 2186 4295 que
2205 4232 2402 4287 mentis
2421 4236 2600 4303 oculo,
2623 4253 2902 4299 sacrarum
2941 4254 3274 4319 propositum
3302 4254 3672 4323 Litterarum.

2081 4326 2245 4385 atque
2270 4332 2476 4378 rectum
2507 4326 2579 4380 ita
2612 4329 2716 4385 iter
2743 4333 2971 4404 ingredi,
3007 4353 3279 4400 sectantes
3308 4360 3373 4399 ea
3408 4364 3533 4412 quae
3565 4350 3670 4405 Pa-

2082 4418 2194 4465 tres
2220 4416 2549 4473 sanctissimi
2584 4426 3007 4498 examinaruot,
3060 4435 3155 4504 qui
3193 4439 3367 4494 sancti
3421 4441 3670 4512 Spiritus

2081 4499 2561 4566 llluminationibns
2607 4515 2829 4583 eruditi,
2875 4536 3109 4580 sanxere
3156 4530 3309 4585 nobis
3344 4535 3666 4603 symbolum

2080 4592 2222 4658 ﬁdei,
2257 4598 2428 4667 ipsmn
2453 4603 2715 4673 dicentes,
2748 4612 2890 4678 quod
2918 4629 2981 4669 ex
3007 4615 3185 4674 Patris
3212 4592 3526 4682 substantia
3571 4629 3662 4684 in-

2073 4688 2463 4749 aastimabilitcr
2494 4708 2679 4754 natum
2708 4712 2812 4767 est,
2853 4703 3019 4763 Deum
3067 4708 3326 4781 Verbum,
3375 4732 3480 4786 per
3511 4723 3662 4790 quod

2070 4780 2251 4833 omnia
2281 4782 2423 4838 facta
2448 4797 2594 4852 sunt,
2622 4807 2740 4861 qua:
2764 4795 2816 4849 in
2850 4800 3008 4866 ctelo,
3032 4811 3220 4871 etquae
3250 4807 3302 4860 in
3332 4817 3505 4875 terra,
3528 4827 3660 4880 pro-

2071 4878 2191 4938 pter
2223 4890 2322 4928 nos
2348 4875 2615 4945 homines,
2649 4894 2703 4937 et
2746 4900 2946 4945 nostra:
2988 4895 3183 4950 salutis
3209 4912 3376 4953 causa
3408 4904 3655 4960 descen~

2067 4960 2231 5026 disse,
2272 4962 2542 5025 hominem
2578 4972 2801 5043 factum,
2846 4996 3188 5055 passamque,
3225 4993 3551 5050 ascendisse
3601 4998 3655 5052 in

2065 5051 2284 5119 coelum,
2325 5068 2610 5117 venturum
2663 5079 2784 5135 post
2821 5080 3059 5142 tempora
3099 5078 3351 5147 judicare
3387 5086 3550 5142 vivos
3598 5102 3656 5146 et

2063 5155 2322 5201 lllOl‘lUOS.

2134 5235 2329 5291 Verum
2371 5248 2611 5301 nonnulli
2644 5262 2790 5317 suot,
2819 5257 3010 5312 doctos
3043 5275 3101 5317 se
3134 5279 3257 5319 esse
3285 5268 3649 5344 scientesque

2060 5324 2283 5392 opinati,
2322 5341 2373 5383 et
2403 5339 2708 5405 supercilio,
2751 5355 2803 5397 et
2824 5356 3030 5405 tumore
3061 5353 3279 5419 sufﬂati,
3322 5362 3417 5430 qui
3449 5364 3494 5416 si
3524 5324 3646 5422 [:26

2052 5417 2210 5471 verba
2244 5424 2533 5493 audierint,
2569 5433 2813 5490 derident
2839 5454 2853 5501 ;
2885 5451 2935 5493 ct
2962 5458 3023 5494 ea
3046 5458 3165 5513 quae
3199 5457 3305 5502 tant
3335 5465 3489 5509 recte
3507 5469 3641 5512 sunt

2049 5507 2219 5575 dicta,
2244 5515 2592 5575 deliramenta
2628 5529 2793 5595 magis
2846 5532 3156 5592 existimant
3187 5558 3199 5593 :
3231 5557 3351 5596 cum
3396 5563 3638 5615 passer—

2175 5716 2220 5747 ⁸³
2276 5717 2428 5775 10m.
2465 5739 2535 5790 ιγ,
2570 5727 2654 5795 58,
2681 5732 2764 5788 59.
2879 5737 2921 5769 "
2961 5739 3087 5794 ibid.
3154 5742 3241 5798 37.
3351 5750 3395 5780 ⁵⁵
3431 5749 3625 5808 Matth.
