3856 6212
154 353 279 410 1409

1063 342 1350 401 SCHOLIA
1395 343 1479 396 DE
1520 340 2030 396 INCARNATIONE
2070 342 2446 399 UNIGENITI.

3263 339 3406 394 illi)

147 475 235 524 titn
264 470 550 523 credamus
581 464 975 521 illuminatione
1008 461 1243 533 Spiritus
1275 461 1447 515 sancti
1480 461 1719 527 patuisse
1749 471 1792 519 Α
1824 462 2081 529 patiente,
2114 477 2179 517 eo
2229 462 2371 531 quod
2396 475 2596 531 corpus
2650 460 2820 532 ipsius
2858 458 3037 515 fuisse
3067 457 3265 513 dicitur
3283 473 3407 528 pro-

148 564 343 617 sanctis
371 561 620 616 Patribus
643 559 924 613 scientiam
950 556 1216 609 veritatis.
1241 557 1309 608 At
1332 554 1429 617 illi,
1464 565 1719 623 tanquam

146 658 185 708 si
221 655 315 708 δην
355 654 560 723 possint
593 652 814 706 meliora
864 650 1092 712 sentire,
1153 663 1257 700 non
1299 647 1474 714 ipsum
1530 645 1723 699 existi-

149 756 313 810 mant,
344 746 675 814 unigenitum
717 740 809 796 Dei
842 740 1060 800 Filium,
1088 739 1179 808 qui
1206 746 1289 791 est
1317 754 1381 793 ex
1419 738 1719 793 substantia

151 837 287 902 ejus,
350 838 514 890 Deum
564 834 800 889 Verbum
859 846 1075 902 passum
1106 845 1227 885 esse
1272 845 1368 883 sua
1399 843 1567 884 carne
1622 845 1721 898 pro

150 930 298 982 nobis
333 928 588 988 humane,
617 926 741 979 licet
765 940 830 978 eo
847 924 989 992 quod
1016 922 1158 976 Deus
1185 921 1521 991 intelligitur,
1546 922 1598 975 itt
1627 935 1721 975 sua

150 1032 341 1074 natura
374 1021 588 1081 haheat,
624 1026 682 1069 nt
713 1018 819 1085 pati
863 1031 967 1069 non
998 1014 1164 1083 possit
1198 1032 1213 1081 ;
1246 1013 1516 1068 hominem
1540 1023 1719 1069 autem

153 1127 370 1167 seorsus
400 1120 455 1164 et
479 1109 767 1179 separatim
793 1124 913 1161 eum
958 1117 1238 1174 ponentes,
1270 1109 1361 1177 qni
1405 1117 1490 1163 est
1514 1122 1580 1163 ex
1607 1122 1726 1161 san-

151 1216 236 1257 cta
276 1202 493 1272 Virgine
538 1209 873 1269 procreatus.
933 1196 1136 1251 Deinde
1179 1196 1253 1261 ei,
1301 1206 1561 1262 quantum
1595 1197 1726 1267 ipsis

155 1298 387 1359 videtur,
412 1295 625 1348 modum
660 1292 845 1362 gloriae
872 1290 1189 1352 tribuentes,
1242 1290 1532 1342 adunatum
1561 1287 1725 1343 fuisse

152 1387 337 1439 dicunt
362 1381 541 1437 Verbo
577 1382 665 1435 Dei
698 1380 873 1434 Patris
910 1395 923 1441 ;
975 1386 1029 1430 et
1072 1377 1332 1429 rationem
1385 1375 1727 1429 adunationis

153 1486 508 1545 exponentes,
542 1474 795 1528 donatam
822 1483 943 1525 esse
989 1470 1088 1538 ipsi
1135 1468 1317 1521 dicunt
1344 1482 1372 1519 a
1402 1465 1514 1519 Deo
1544 1481 1727 1535 acqua-

154 1570 365 1623 litatsm
409 1566 715 1639 dignitatis,
770 1566 885 1617 sive
939 1560 1299 1622 auctoritatis,
1357 1571 1412 1613 et
1458 1569 1513 1613 ut
1564 1557 1726 1612 simili

153 1657 535 1726 appellatiOne,
566 1665 621 1707 et
650 1653 922 1717 Christus,
963 1661 1015 1705 et
1060 1648 1229 1703 Filius
1275 1650 1502 1711 dicatur,
1534 1660 1589 1704 et
1619 1647 1727 1702 Do-

150 1751 354 1805 minus.
410 1747 503 1803 Sin
533 1762 661 1801 vero
698 1746 861 1799 etiam
906 1758 1098 1814 passus
1118 1758 1239 1797 esse
1265 1741 1465 1811 aliquid
1515 1741 1728 1794 dicatur

1828 552 2002 620 prium
2038 568 2053 617 ;
2090 561 2270 607 manet
2298 567 2441 607 vero
2462 552 2577 621 ipse
2606 550 3053 622 impassibilis,eo
3076 549 3219 620 quod
3241 550 3411 619 ipsius

1824 652 1910 697 est
1940 643 2216 713 proprium
2240 651 2298 697 ut
2330 643 2440 713 pati
2476 658 2582 697 non
2617 643 2807 712 possit.

1896 734 2050 801 Quod
2075 735 2118 789 si
2141 734 2379 804 gloriﬂca
2394 744 2480 790 tus
2505 743 2589 790 est
2610 732 2926 789 Emmanuel
2953 748 3048 803 per
3076 731 3406 802 passionem,

1829 834 1887 878 tit
1941 826 2055 895 ipse
2109 825 2264 889 .lixit,
2324 840 2447 880 cum
2502 840 2601 895 pro
2654 826 2810 880 nobis
2860 825 3159 894 pretiosam
3190 838 3408 879 crucem

1826 924 1969 973 esset
2002 931 2257 985 passurus
2289 929 2305 969 :
2332 933 2353 967 ι
2384 913 2539 971 Nunc
2587 916 2921 986 gloriﬁcatus
2974 925 3059 970 est
3109 913 3280 969 Filius
3309 913 3408 967 ho-

1827 1007 1993 1063 minis
2025 1007 2073 1039 ⁵⁸
2114 1025 2130 1075 ;
2168 1026 2189 1059 ›
2209 1022 2329 1074 cur,
2357 1008 2623 1077 passionis
2646 1008 2880 1079 gloriam
2912 1007 3114 1063 homini
3160 1007 3407 1061 tribuen—

1831 1108 1912 1155 tes
1945 1100 2113 1155 solam
2143 1101 2360 1155 habenti
2394 1100 2832 1169 coniunctionem
2865 1116 2986 1155 cum
3013 1115 3086 1155 eo
3115 1100 3167 1155 in
3220 1112 3407 1168 aequa-

1826 1194 1981 1247 litate
2033 1194 2331 1263 dignitatis,
2382 1210 2488 1249 non
2531 1191 3075 1259 erubescunt?N»am,
3114 1193 3257 1248 sicut
3303 1191 3407 1262 ipsi

1829 1286 2167 1349 existimant,
2224 1286 2505 1357 conjunxit
2559 1287 2663 1343 sibi
2728 1285 3021 1341 secundum
3080 1284 3409 1339 voluntatem

1830 1374 2003 1430 Patris
2027 1386 2083 1431 et
2104 1378 2481 1447 complacitum
2517 1379 2799 1433 hominem
2837 1378 3175 1449 simpliciter,
3201 1387 3255 1431 et
3286 1392 3409 1431 eum

1832 1481 1947 1520 sua:
2002 1468 2187 1538 gloriae
2238 1484 2422 1538 parem
2484 1468 2682 1534 effecit,
2728 1480 2783 1524 et
2823 1471 3115 1533 concessit,
3159 1477 3215 1523 ut
3247 1467 3411 1523 simili

1832 1560 2199 1628 appellatione
2225 1560 2494 1625 Christus,
2526 1570 2579 1617 et
2601 1561 2792 1629 Filius,
2826 1573 2879 1617 et
2916 1562 3060 1617 Deus
3103 1563 3415 1617 nominatus

1832 1651 1925 1714 sit,
1950 1661 2003 1706 et
2035 1651 2315 1708 Dominus.

1905 1743 2046 1814 Ergo
2098 1760 2275 1815 neque
2312 1745 2651 1799 incarnatum
2703 1755 2788 1799 est
2832 1759 2961 1799 vere
3007 1744 3264 1808 Verbum,
3312 1757 3414 1797 nec

160 1843 347 1905 homo,
380 1841 468 1909 qui
509 1839 577 1893 ab
621 1838 752 1907 ipsis
786 1837 1147 1904 excogitatur,
1189 1844 1440 1905 oportere
1485 1834 1636 1886 aiunt
1672 1833 1723 1886 iu
1760 1813 1805 1869 Β
1833 1851 2054 1905 prorsus
2100 1838 2261 1891 homo
2300 1846 2385 1891 est
2436 1839 2656 1891 factum.
2692 1839 2775 1891 An
2835 1836 2997 1901 forte,
3052 1837 3214 1891 etiam
3250 1834 3414 1889 falsos

153 1936 330 2003 ipsum
357 1934 522 1987 Deum
569 1930 800 1984 Verbum
856 1928 1071 1993 referri,
1112 1942 1178 1981 eo
1207 1926 1349 1996 quod
1380 1924 1723 1992 conjunctum

153 2026 225 2079 sit
259 2024 360 2094 ipsi
394 2022 700 2092 aequalitate
730 2020 1035 2089 dignitatis,
1094 2034 1240 2083 cum,
1278 2016 1486 2072 naturis
1517 2015 1724 2079 divisis,

154 2114 529 2184 unusquisque
560 2113 610 2165 id
644 2112 735 2177 sit,
766 2111 908 2181 quod
934 2121 1038 2165 est.

248 2206 565 2277 Explanabo
610 2216 787 2259 autem
846 2203 953 2256 vim
1004 2200 1430 2267 sententiarum,
1468 2209 1727 2269 quantum

154 2302 270 2370 ipse
315 2297 556 2359 valuero,
614 2309 894 2350 sacrarum
931 2292 1257 2347 Litterarum
1312 2293 1557 2363 exempla
1603 2306 1731 2361 pro-

150 2404 384 2460 ponens.
414 2387 617 2442 Esuriit
638 2385 909 2449 Christus,
954 2384 1149 2438 itinere
1187 2382 1441 2453 fatigatus
1466 2391 1570 2448 est,
1602 2383 1730 2437 dor-

160 2483 343 2545 tnivil,
378 2482 658 2550 ingressus
695 2487 777 2532 est
827 2477 879 2530 in
928 2475 1251 2539 naviculam,
1287 2475 1530 2544 pulsatus
1580 2484 1665 2529 est
1702 2488 1733 2528 a

155 2573 426 2628 ministris
471 2570 811 2633 verberibus,
844 2584 871 2620 a
914 2567 1088 2622 Pilato
1137 2568 1438 2635 ﬂagellatus
1466 2575 1569 2628 est,
1602 2580 1732 2633 spu-

157 2669 365 2720 tamina
396 2664 623 2717 militum
657 2662 892 2731 excepit,
919 2660 1008 2730 qui
1037 2660 1222 2714 lancea
1250 2659 1391 2714 latus
1415 2667 1737 2727 pungentcs,

155 2767 375 2812 acetum
410 2757 623 2810 tnistum
654 2754 772 2808 felle
818 2753 899 2807 ori
953 2752 1068 2822 ejus
1119 2751 1467 2816 obtulerunt;
1503 2751 1739 2821 gustavit

160 2862 348 2902 autem
392 2858 445 2901 et
468 2857 723 2908 mortem,
755 2859 968 2899 crucem
1016 2858 1230 2912 passus,
1262 2853 1317 2896 et
1350 2842 1454 2896 alta
1494 2841 1738 2896 convicia

152 2937 498 2993 Jndtnorutn.
534 2936 656 2991 llaec
704 2935 885 2989 omnia
938 2934 1138 2988 homini
1184 2934 1399 3000 quidem
1447 2933 1742 3003 contigisse

157 3037 621 3090 commemorant,
658 3024 847 3080 referri
875 3039 1004 3078 vero
1046 3024 1096 3075 iit
1122 3022 1244 3077 Filii
1283 3024 1393 3076 veri
1431 3038 1738 3092 personam.

1826 1931 2222 2000 mendacesque
2247 1932 2428 1986 dicere
2469 1931 2721 1988 doctores
2753 1944 2973 1988 sanctos
3011 1931 3197 1986 mundi
3225 1932 3411 1993 totius.

1828 2021 2035 2076 nullum
2087 2022 2263 2091 pariat
2314 2023 2681 2079 detrimentun
2714 2025 2877 2080 lAut
2923 2024 3091 2096 799
3144 2026 3289 2079 enim
3329 2023 3413 2077 di-

1828 2114 2113 2177 cant,imo
2152 2114 2323 2185 magis
2362 2116 2660 2185 procedant
2712 2116 2766 2170 in
2822 2119 3056 2171 medium
3112 2114 3412 2184 probaturi,

1829 2206 1973 2275 quod
1999 2206 2089 2276 qui
2136 2207 2533 2276 coniunctionis
2567 2208 2634 2263 ab
2684 2207 2822 2278 ipsis
2861 2207 3138 2261 inducitur
3193 2207 3408 2269 modus,

1830 2298 2223 2354 incarnationis
2264 2300 2461 2355 habeat
2509 2301 2657 2364 vim,
2687 2309 2738 2355 et
2771 2300 2821 2354 id
2879 2302 2968 2365 sit,
3008 2297 3246 2351 Verbum
3293 2309 3414 2350 esse

1832 2389 2105 2443 hominem
2142 2389 2364 2447 factum.
2401 2394 2505 2446 Aut
2546 2392 2592 2447 si
2624 2406 2687 2446 ea
2720 2406 2825 2445 non
2866 2391 2947 2445 ita-
2978 2389 3179 2443 habere
3224 2386 3413 2441 existi-

1834 2490 2004 2548 mant,
2047 2496 2219 2550 quare
2263 2481 2668 2552 coniunctionis
2697 2482 2852 2537 nobis
2899 2479 3262 2548 inconjnnctze
3291 2492 3411 2531 mo-

1836 2574 1961 2627 dum
1997 2574 2332 2641 excogitant,
2365 2574 2593 2629 veritate
2626 2573 2867 2643 neglecta
2898 2572 3068 2626 tcum
3102 2571 3293 2624 deceat
3327 2583 3421 2623 eos

1838 2667 2019 2719 dicere
2101 2667 2421 2721 hmnauitati
2486 2676 2681 2721 nostra:
2738 2665 3032 2719 adunatum
3092 2661 3257 2715 fuisse
3327 2660 3418 2714 Dei

1840 2756 2077 2809 Verbum
2109 2768 2161 2810 et
2190 2756 2409 2812 Patris:
2444 2758 2515 2811 ita
2557 2759 2701 2811 enim
2743 2770 2910 2810 carne
2946 2754 3162 2825 quidem
3203 2752 3420 2823 prepria

1840 2848 2164 2916 intelligatur
2206 2865 2397 2917 passus
2428 2849 2683 2902 lnnnana.
2715 2846 2997 2914 Quantum
3021 2858 3157 2899 vero
3182 2844 3418 2913 pertinet

1843 2941 1909 2992 ad
1946 2941 2244 2994 divinitatis
2290 2951 2566 3005 naturam,
2599 2939 2863 2994 molestia:
2895 2938 3071 2993 omnis
3114 2950 3330 3005 expers,
3360 2942 3422 2989 ut

1847 3030 2012 3086 Deus.

155 3126 357 3176 Attius
415 3120 709 3180 credimus,
741 3117 911 3185 [sicut
962 3117 1011 3169 in
1069 3131 1232 3167 tnunn
1279 3114 1442 3168 Deum
1503 3113 1738 3177 Patrem,
1770 3149 1814 3209 ϐ
1919 3126 2069 3190 ρηοά
2111 3139 2237 3177 νει-ο
2286 3123 2607 3177 relationem
2662 3122 3034 3186 nominantes,
3070 3135 3201 3191 qua;
3235 3120 3422 3175 ηοεοίο

154 3214 616 3281 mnuipoteutcm,
662 3209 903 3261 omnium
964 3205 1256 3258 visibilium
1314 3217 1368 3258 et
1392 3204 1743 3258 invisibilittm

158 3302 584 3367 Iactoretu;ita
652 3301 816 3355 etiam
881 3298 933 3351 in
992 3312 1159 3350 unum
1215 3296 1498 3350 Dominum
1560 3294 1747 3349 les-um

154 3398 469 3458 Christum,
530 3389 721 3446 Filium
771 3391 908 3457 ejus.
962 3388 1216 3442 Dividere
1264 3402 1394 3442 vero
1443 3402 1661 3441 seorsus
1692 3387 1745 3439 in

158 3490 447 3544 hominem
485 3482 827 3546 Emmanuel,
875 3490 931 3536 et
962 3494 1181 3535 seorsus
1227 3479 1278 3532 in
1313 3477 1571 3543 Verbum,
1596 3492 1749 3532 recu-

155 3595 374 3634 samus.
405 3576 652 3631 Scientes
701 3583 880 3626 autem
921 3574 1064 3639 quod
1119 3570 1320 3622 factum
1350 3568 1421 3620 sit
1449 3566 1601 3635 juxta
1651 3579 1749 3619 uos

160 3672 413 3727 Verbum
476 3670 663 3733 homo,
714 3680 840 3720 vere
888 3664 1062 3733 ipsum
1106 3663 1465 3727 eumdemqne
1519 3658 1751 3712 dicimus

156 3768 340 3821 Deum
383 3764 449 3815 de
480 3763 639 3825 Deo;
672 3760 904 3814 humane
952 3769 1083 3809 vero
1131 3752 1402 3808 hominem
1444 3749 1599 3820 juxta
1654 3765 1751 3803 nos

154 3873 225 3911 ex
261 3855 525 3909 muliere.
556 3850 903 3905 Aﬁirmamus
930 3858 1109 3900 autem
1144 3860 1306 3915 porro
1337 3852 1556 3914 propter
1591 3842 1752 3896 fami-

158 3948 496 4009 liaritatem,
548 3942 730 3998 carnis
777 3940 993 4011 quidem
1048 3952 1170 3991 eum
1208 3936 1551 3992 inﬁrmitates
1587 3933 1753 3989 luisse

156 4049 494 4108 perpessum
529 4046 816 4096 ;servasse
839 4045 968 4083 vero
997 4039 1204 4083 natura:
1237 4043 1347 4081 suae
1403 4025 1751 4094 impossibili-

158 4142 373 4190 tatem,
413 4138 479 4178 eo
525 4123 668 4192 quod
723 4138 827 4177 non
883 4121 1044 4175 homo
1075 4130 1198 4174 erat
1242 4119 1439 4185 solum,
1487 4118 1580 4172 sed
1612 4116 1751 4171 idem

156 4220 337 4272 t'lium
387 4212 531 4267 Deus
589 4222 779 4265 natura
815 4221 918 4277 ',et
965 4207 1417 4279 quemadmodum
1475 4206 1751 4275 preprium

155 4318 286 4363 erat
322 4320 529 4374 corpus
570 4304 775 4373 ipsius,
800 4302 870 4355 ita
898 4303 1061 4355 etiam
1095 4299 1369 4353 naturales
1419 4297 1662 4367 corporis
1701 4305 1755 4351 et

159 4396 535 4467 inculpabiles
560 4395 861 4463 passiones,
896 4406 1104 4446 necnon
1128 4388 1293 4444 etiam
1312 4406 1374 4443 ea
1400 4405 1519 4459 qua:
1539 4390 1589 4445 ei
1608 4389 1754 4443 illata

155 4499 320 4555 sunt,
363 4486 665 4558 petulantia
698 4483 1099 4538 nonnullorum.

234 4579 565 4638 Patiebatur
599 4586 775 4631 autem
802 4576 1225 4645 inipassibiliter,
1262 4575 1387 4645 quia
1417 4589 1521 4629 non
1552 4576 1755 4634 idcirco

163 4692 233 4735 se
271 4669 615 4734 huniiliavit,
647 4678 705 4722 ut
736 4676 880 4722 esset
923 4676 1130 4721 tantum
1172 4669 1365 4725 similis
1398 4673 1568 4727 nostri
1603 4690 1619 4739 ;
1657 4674 1753 4728 sed

155 4770 323 4840 quia,
379 4771 442 4817 ut
471 4774 596 4816 ante
626 4762 760 4823 dixi,
792 4760 845 4815 id
883 4772 1088 4816 natura:
1121 4780 1252 4827 suae,
1295 4768 1369 4818 uti
1396 4765 1468 4819 sit
1506 4766 1757 4823 omnibus

159 4857 463 4928 superior,
508 4863 833 4908 reservarat.
888 4854 959 4907 At
1015 4854 1060 4907 si
1120 4854 1444 4920 diceremus,
1487 4857 1629 4924 quod
1663 4872 1758 4926 per

159 4946 600 5012 conversionem
658 4942 742 4997 vel
794 4945 1269 4999 commutationem
1317 4955 1522 4999 natura:
1568 4961 1679 5001 suae
1706 4949 1757 5001 in

163 5055 443 5102 naturam
506 5040 781 5094 transierit
823 5040 1025 5105 carnis,
1067 5051 1291 5093 necesse
1340 5048 1458 5091 erat
1509 5038 1758 5094 omnibus

162 5134 355 5191 modis
390 5143 518 5193 nos,
552 5131 752 5185 invitos
790 5132 977 5193 etiam,
1017 5128 1285 5199 conﬁteri,
1332 5142 1586 5182 arcanam
1619 5130 1759 5183 divi-

163 5238 422 5294 numque
453 5232 702 5276 naturam
732 5222 896 5277 fuisse
916 5220 1242 5290 passibilem.
1279 5219 1371 5272 Sin
1399 5228 1600 5284 autem,
1635 5219 1761 5275 licet

152 5323 323 5391 juxta
362 5328 472 5369 nos
505 5315 664 5367 homo
696 5314 767 5368 sit
799 5313 994 5376 factus,
1024 5313 1285 5366 manserit
1314 5313 1758 5376 incommutatns,

158 5422 251 5469 est
321 5407 481 5462 enim
540 5406 814 5474 pr0priutn
866 5405 1072 5460 caelesti
1117 5415 1342 5469 natum,
1401 5416 1457 5458 ut
1499 5406 1607 5475 pati
1653 5422 1757 5459 non

158 5503 346 5577 possit
380 5515 400 5565 ;
430 5496 633 5553 deinde
658 5514 753 5567 per
778 5499 1156 5553 adunationem
1185 5499 1352 5568 ipsius
1370 5498 1565 5554 factum
1601 5498 1763 5551 fuerit

158 5606 376 5665 corpus
440 5590 703 5656 passibile
754 5607 766 5642 :
824 5598 1036 5658 oportet
1088 5599 1143 5643 ttt
1202 5592 1455 5659 patiatur,
1533 5606 1759 5658 corpore

1434 5768 1478 5800 ⁸⁸
1511 5768 1633 5821 ibid.
1665 5766 1715 5819 ἶ.

238 5770 290 5805 ⁸⁸
322 5766 498 5824 Joan.
539 5780 685 5830 xxxi,
726 5766 813 5817 51.
892 5765 933 5795 ⁵⁷
966 5762 1131 5817 Exod.
1169 5782 1277 5830 xvr,
1306 5768 1355 5820 5.

1796 5768 1839 5797 δν
1883 5765 1897 5818 1
1945 5764 2073 5833 ηε.
2105 5779 2220 5829 \‘lll,
2254 5764 2305 5815 ἴε.

1851 3218 2121 3284 quomodo
2170 3217 2239 3270 ab
2312 3214 2443 3282 ipsis
2503 3223 2713 3283 reperta
2770 3213 3090 3280 esu-gloria
3141 3212 3426 3267 detrahant

1850 3306 2258 3367 Euitnanuelis;
2292 3306 2540 3374 quodque
2579 3318 2702 3358 eum
2752 3304 2841 3357 vix
2897 3318 3061 3357 unum
3114 3311 3424 3357 sanctorum

1850 3399 2084 3453 clliciant
2147 3399 2577 3467 prophetarum;
2631 3406 2686 3450 et
2738 3398 2880 3466 quod
2944 3396 3087 3451 inter
3144 3410 3427 3450 mensuras

1850 3490 2184 3544 Constituant
2241 3488 2616 3558 plurimorum,
2673 3490 2725 3543 in
2778 3503 2951 3557 eoque
3022 3488 3209 3556 procul
3261 3488 3427 3541 dubio

1851 3582 2153 3650 capiantur,
2185 3579 2423 3650 probabo
2460 3593 2641 3647 porro,
2670 3579 2866 3634 divina:
2898 3577 3195 3649 Scriptura:
3220 3591 3426 3647 ponens

1852 3672 2121 3739 exempla.

1926 3763 2295 3818 Murmurahat
2324 3761 2613 3831 aliquando
2652 3759 2705 3814 in
2735 3759 2947 3815 deserto
2971 3760 3235 3815 adversus
3280 3760 3428 3833 Moy-

1853 3872 1947 3909 seu
1972 3864 2027 3909 et
2072 3854 2252 3908 Aaron
2302 3853 2529 3924 populus
2583 3851 2769 3913 Israel,
2825 3851 3059 3906 dicens:
3116 3870 3141 3903 τ
3206 3850 3425 3906 Utinam

1856 3947 2053 4002 tuortui
2107 3961 2375 4009 essemus,
2433 3945 2673 4014 percussi
2706 3959 2735 3997 a
2782 3943 3011 3997 Domino
3065 3942 3117 3997 in
3172 3943 3427 4014 Egypto,

1855 4052 1978 4090 cum
2023 4037 2345 4089 scdebamus
2400 4032 2467 4087 ad
2522 4034 2661 4088 ollas:
2721 4033 2997 4098 carnium,
3040 4042 3095 4087 et
3139 4036 3430 4089 edebatnus

1857 4142 2027 4195 usque
2049 4128 2114 4179 ad
2144 4125 2449 4179 satietatem
2476 4125 2542 4179 ⁵⁷.
2576 4144 2599 4176 r
2620 4125 2756 4178 Dicit
2778 4125 2971 4178 deinde
2997 4125 3430 4194 sapientissimus

1856 4217 2069 4288 Moyses
2119 4216 2259 4286 (erat
2301 4217 2445 4269 enim
2481 4230 2827 4284 consequens
2861 4225 2967 4269 tam
3005 4225 3207 4269 temere
3257 4217 3430 4286 impa-

1859 4308 2051 4362 tientes
2077 4307 2377 4377 confutare)
2403 4326 2415 4360 :
2449 4325 2467 4358 t
2500 4307 2610 4362 Nos
2635 4316 2812 4361 autem
2844 4308 2971 4375 quid
2998 4324 3184 4363 sumus
3202 4308 3227 4361 ?
3246 4307 3431 4376 Neque

1856 4397 2001 4450 enim
2034 4397 2292 4452 adversus
2321 4413 2419 4452 nos
2454 4408 2537 4453 est
2571 4402 2925 4455 murmuratio
2959 4410 3168 4467 vestra,
3194 4403 3285 4455 sed
3325 4405 3428 4456 atl—

1788 4480 1834 4537 D
1861 4504 2049 4543 versus
2090 4490 2256 4545 Deum
2282 4490 2351 4545 '3.
2390 4509 2408 4541 ›
2436 4489 2717 4559 Regnabat
2743 4493 2886 4547 enim
2929 4507 3027 4561 per
3061 4492 3148 4547 illa
3190 4503 3425 4563 tempora

1862 4582 2024 4635 etiam
2068 4581 2208 4637 Deus
2237 4582 2600 4652 omnipotens,
2632 4599 2729 4654 per
2769 4593 2987 4639 sanctos
3032 4585 3340 4654 prophetas,
3375 4587 3439 4639 im

1862 4672 2056 4742 populo
2081 4671 2276 4726 Israel,

1938 4763 2013 4816 Illi
2043 4773 2223 4817 autem
2254 4763 2307 4816 in
2350 4764 2451 4817 hoc
2480 4764 2644 4818 etiam
2686 4764 3077 4833 pusillanimes,
3102 4768 3431 4822 accedebnul

1865 4857 1932 4909 ad
1954 4856 2192 4909 divinum
2239 4854 2494 4921 Samuel,
2538 4858 2774 4911 dicentes
2815 4871 2840 4910 :‘
2871 4876 2889 4908 α
2928 4857 3067 4913 Ecce
3099 4870 3152 4913 tu
3180 4861 3429 4922 senuisti,

1863 4963 1919 5005 et
1963 4949 2054 5003 lilii
2091 4951 2164 5003 tui
2189 4966 2292 5004 nou
2320 4949 2595 5003 ambulant
2625 4950 2803 5005 in-viis
2830 4952 2954 5017 tuis,
2985 4961 3039 5006 et
3062 4967 3205 5005 nunc
3229 4953 3435 5005 consti—

1865 5052 1954 5096 tvne
1988 5057 2150 5112 super
2177 5058 2275 5096 nos
2313 5056 2516 5112 regem,
2554 5044 2643 5111 qui
2665 5044 2869 5112 judicet
2901 5059 3017 5111 nos,
3060 5045 3197 5098 sicut
3224 5055 3436 5097 cautem

1869 5136 2066 5188 habent
2095 5145 2282 5203 gentes
2311 5134 2378 5187 ”.
2413 5153 2431 5186 ι
2472 5134 2692 5189 Moleste
2724 5135 2775 5189 id
2798 5136 3011 5204 quidem
3051 5136 3208 5190 nimis
3229 5133 3432 5189 ferebat

1871 5224 2154 5295 propheta.
2181 5224 2271 5277 Ait
2310 5234 2489 5279 autem
2526 5225 2666 5280 Deus
2694 5225 3034 5295 omnipotens
3066 5242 3081 5279 :
3113 5242 3131 5276 t
3169 5224 3304 5279 Audi
3334 5240 3435 5279 vo-

1863 5333 1980 5371 ci-m
2014 5316 2212 5386 populi,
2270 5315 2412 5370 sicut
2464 5315 2676 5370 locutus
2705 5326 2789 5369 est
2819 5316 2883 5369 ad
2929 5326 2977 5369 te
3010 5332 3024 5381 ;
3060 5315 3185 5385 quia
3220 5330 3324 5368 non
3380 5325 3436 5368 te

1862 5417 2203 5477 spreverunt,
2258 5405 2350 5459 sed
2403 5420 2488 5459 me
2545 5416 2886 5476 spreverunt,
2954 5417 3011 5459 ut
3054 5421 3159 5461 non
3215 5419 3433 5476 regnem

1862 5516 2023 5567 super
2045 5514 2137 5550 eos
2160 5497 2227 5549 ‘°.
2266 5516 2284 5547 ι

1938 5590 2075 5644 Dixit
2102 5598 2279 5641 autem
2324 5585 2515 5641 alicubi
2562 5586 2724 5642 etiam
2758 5589 3005 5646 Christus
3055 5590 3256 5647 sanctis
3301 5604 3433 5661 apo-

2383 5764 2425 5795 “
2457 5762 2586 5819 ibid.
2624 5762 2673 5815 7.
