3856 6212
486 300 617 357 ull

1483 298 1542 353 ὃ.
1581 295 1862 353 CYRILLI
1902 292 2369 349 ALEXANDRINI
2409 293 2731 348 ARCHIEP.

3577 300 3690 353 N13

481 413 635 469 ,ιοιες
672 431 687 468 ε
726 432 746 466 ι
790 412 890 479 Qui
930 412 1120 482 recipit
1158 426 1274 476 vos,
1320 425 1407 465 tne
1455 410 1647 480 recipit
1679 408 1746 462 ".
1781 427 1799 458 ι
1834 407 2049 461 Necnon
2086 412 2125 465 Α
2156 406 2315 461 bilem
2355 421 2481 460 vero
2514 417 2567 459 nt
2596 408 2759 460 Deum
2789 407 3146 463 servavimus.
3186 406 3321 465 Nam
3374 409 3496 466 licet
3540 410 3689 470 factus

477 508 640 562 etiam
695 506 1077 561 misericordes
1124 519 1223 573 pro
1264 502 1516 557 tribunali
1553 517 1652 555 suo
1698 500 2054 555 allocuturum

480 615 541 654 se
570 600 849 669 pollicetur
876 617 889 653 :
918 618 937 649 ι
985 597 1199 662 Venite,
1233 598 1497 651 benedicti
1524 595 1699 648 Patris
1726 593 1850 657 tnei,
1876 591 2056 662 perci-

478 693 586 758 pite
605 700 849 760 paratum
872 690 1021 743 vobis
1046 703 1266 757 regnum
1285 703 1314 740 a
1338 686 1720 741 constitutione
1738 682 2003 737 mundi“.
2030 700 2049 733 ι

481 780 769 835 Prohitatis
787 796 913 834 vero
939 781 1174 848 ipsorum
1195 794 1371 833 mores
1394 777 1732 831 familiariter
1751 790 2056 846 agnoscens

474 873 541 926 de
590 873 677 937 iis,
731 872 923 939 quibus
978 871 1114 925 bene
1170 869 1475 924 consultum
1534 867 1711 923 fuerat
1754 868 1821 921 ab
1870 868 2051 937 ipsis:

461 935 499 1029 ξ(
530 964 776 1029 Quandiu
805 963 1066 1027 feceritis,
1100 962 1294 1033 inquit,
1323 962 1412 1017 uni
1442 960 1634 1016 horum
1682 960 2047 1030 minimorum,

474 1055 602 1106 mihi
648 1052 850 1108 fecistis
872 1054 932 1105 ⁸³.
969 1072 988 1104 ι

543 1143 701 1207 Ecce,
729 1146 779 1197 in
811 1144 893 1198 his
923 1144 1200 1197 relationis
1228 1144 1416 1199 modus
1437 1144 1615 1214 qualis
1635 1145 1726 1211 sit,
1756 1148 2043 1216 cognosci-

477 1243 566 1288 tur
610 1236 905 1289 evidenter.
973 1234 1349 1289 Murmurabat
1410 1236 1670 1290 adversus
1722 1236 1939 1308 Moysen
1997 1250 2053 1294 et

471 1327 650 1379 Aaron
705 1326 932 1395 populus
962 1324 1149 1389 lsracl,
1184 1334 1238 1379 et
1274 1340 1361 1379 res
1391 1326 1606 1394 quidem
1642 1325 1874 1381 habebat
1906 1328 2047 1383 rela-

471 1417 669 1471 tionem
716 1417 768 1469 in
814 1408 1015 1481 Deum';
1042 1425 1197 1471 erant
1226 1426 1403 1471 tamen
1444 1416 1691 1472 homines
1735 1418 1944 1489 Moyses
1994 1430 2051 1474 et

471 1510 650 1560 Aaron
683 1506 888 1561 similes
934 1508 1130 1561 nostri.
1163 1506 1365 1562 Eodem
1431 1518 1591 1577 pacto
1642 1509 1806 1562 etiam
1841 1509 1895 1563 in
1928 1509 2048 1566 aliis

470 1598 756 1669 intelliges,
798 1614 1028 1669 quorum
1081 1614 1255 1668 nuper
1283 1599 1509 1653 fecimus
1562 1603 1921 1657 mentionem:
1954 1604 2045 1657 sed

469 1697 626 1743 erant
676 1689 914 1758 quidem,
948 1698 1004 1743 ut
1046 1697 1171 1744 ante
1201 1689 1335 1752 dixi,
1386 1691 1557 1744 sancti
1607 1700 1662 1745 et
1702 1694 2047 1749 admirabiles

2160 499 2231 551 sit
2256 498 2447 551 similis
2482 498 2675 563 nostri,
2711 508 2949 553 attamen
2978 498 3122 553 scire
3151 498 3406 556 debemus
3425 501 3691 559 caelestium

2159 588 2479 656 dignitatum
2508 598 2563 643 et
2584 589 2778 643 divina:
2805 586 2922 657 ejus
2967 590 3277 645 eminentia
3307 591 3641 662 maiestatem.

2238 679 2519 734 Prremissa
2555 680 2719 749 igitur
2748 680 2952 738 unitate
2990 698 3076 747 ea,
3104 684 3259 752 quasi
3294 681 3472 754 aliquo
3526 685 3690 741 funda-

2157 783 2336 827 mento
2366 773 2485 827 ﬁdei
2507 773 2782 842 praejacto,
2811 788 2974 827 carne
2990 788 3205 843 passum
3226 789 3347 830 esse
3364 777 3686 842 conﬁtemur;

2156 865 2419 918 mansisse
2453 880 2580 919 vero
2633 875 2787 919 extra
2836 864 3141 933 passiones,
3184 867 3384 936 quippe
3426 883 3537 921 cum
3570 871 3615 923 in
3642 887 3691 925 se

2155 956 2369 1022 habeat,
2395 966 2451 1009 ut
2475 958 2582 1027 pati
2618 972 2721 1012 non
2746 957 2914 1026 possit
2946 973 2962 1011 :
2995 955 3079 1011 sin
3114 972 3244 1013 vero
3273 960 3323 1013 in
3365 971 3512 1029 parte
3549 976 3689 1029 pona-

2155 1064 2276 1104 mus
2307 1049 2473 1103 Deum
2504 1058 2557 1103 et
2599 1049 2891 1113 hominem,
2924 1061 3146 1105 naturas
3176 1066 3207 1105 a
3239 1064 3361 1105 sese
3397 1050 3685 1115 dividentes,

2152 1148 2206 1192 et
2226 1142 2521 1194 secundum
2547 1140 2714 1193 solam
2740 1140 3054 1195 relationem
3086 1142 3330 1197 dicamus
3353 1140 3575 1196 Verbum
3605 1160 3684 1198 sua

2153 1230 2370 1285 duxisse
2403 1246 2489 1295 ea,
2519 1246 2637 1299 qua:
2669 1232 2882 1299 corpori
2914 1233 3274 1302 contigerunt,
3305 1231 3498 1303 Moysis
3524 1250 3688 1301 nempe

2150 1331 2205 1376 et
2233 1324 2410 1375 Aaron
2442 1326 2653 1375 modum
2677 1324 2835 1376 habet
2865 1323 2929 1388 is,
2960 1322 3052 1391 qui
3096 1332 3271 1377 estex
3304 1338 3453 1377 sacra
3498 1322 3687 1393 Virgine

2150 1424 2462 1483 procreatus
2534 1412 2870 1480 Emmanuel,
2935 1417 3078 1485 quod
3149 1424 3231 1470 est
3287 1415 3686 1485 interpretatum,

2150 1506 2429 1559 nobiseum
2468 1505 2628 1559 Dcus.

2215 1599 2382 1668 800
2431 1598 2570 1669 Ergo
2617 1599 2719 1652 etsi
2781 1612 2876 1668 per
2928 1598 3219 1669 prophetas
3265 1608 3485 1655 sanctos
3532 1600 3685 1655 dicat:

2153 1708 2172 1741 ε
2216 1690 2441 1743 Dorsum
2471 1705 2647 1743 meum
2683 1691 2835 1759 posui
2874 1691 2925 1745 in
2959 1690 3202 1758 ﬂagella;
3237 1690 3480 1745 maxillas
3531 1701 3685 1744 autem

476 1781 742 1845 homines,
772 1780 1015 1833 homines
1040 1792 1214 1833 tamen
1244 1781 1447 1835 similes
1482 1783 1671 1837 nostri.
1702 1781 1850 1838 Eone
1888 1786 2047 1854 igitur
2078 1758 2119 1811 Β
2150 1779 2392 1833 mcas'in
2431 1779 2676 1846 palmas;
2704 1778 2894 1833 faciem
2944 1792 3115 1832 meam
3159 1787 3337 1832 autem
3388 1794 3489 1832 non
3538 1779 3684 1834 averti

469 1873 628 1925 modo
651 1872 815 1925 etiam
844 1871 1002 1924 homo
1037 1871 1146 1925 Deo
1190 1869 1366 1926 Verbo
1407 1872 1752 1941 conjunctus,
1794 1877 1934 1929 sicut
1967 1876 2044 1930 illi

467 1966 635 2027 aiunt,
672 1962 987 2017 relatimtem
1022 1964 1073 2017 in
1108 1962 1161 2016 id
1206 1979 1425 2018 suarum
1462 1967 1655 2021 habeat
1689 1968 2047 2034 passionum?

467 2052 533 2105 lit
558 2053 948 2122 quomodojam
979 2069 1085 2107 non
1114 2053 1181 2107 sit
1200 2054 1361 2108 homo
1380 2057 1706 2120 communis,
1728 2066 1781 2110 et
1800 2072 2041 2123 seorsus,

467 2153 523 2197 ιιι
558 2145 699 2198 aliud
734 2145 1072 2214 nihit‘iErgo
1106 2160 1211 2199 non
1240 2156 1321 2200 est
1361 2160 1487 2200 vere
1533 2146 1675 2201 Deus
1700 2145 2040 2215 Emmanuel,

466 2251 571 2288 non
603 2236 908 2304 unigenitus
938 2235 1131 2302 Filius,
1160 2252 1265 2290 non
1291 2237 1428 2291 Deus
1452 2238 1745 2291 secundum
1774 2248 2037 2293 naturam.

538 2327 739 2381 Deinde
784 2342 946 2396 quam
1012 2332 1081 2382 ob
1129 2343 1347 2383 causam
1398 2343 1557 2384 nemo
1613 2328 1845 2383 aliorum
1873 2346 1902 2383 a
1932 2330 2041 2385 Deo

464 2417 644 2475 Verbo
704 2419 1001 2474 honoratus
1053 2428 1138 2474 est
1190 2420 1497 2489 aequalitate
1567 2420 1865 2489 dignitatis,
1926 2421 2040 2475 sive

465 2512 806 2567 auctoritatis
834 2512 858 2565 ’ἔ
887 2510 1070 2565 Solum
1117 2520 1295 2565 autem
1324 2512 1464 2566 hunc
1518 2513 1666 2581 paria
1713 2513 1893 2566 omnia
1922 2529 2041 2566 sor-

466 2602 619 2656 iitum
649 2601 815 2656 fuisse
838 2602 1204 2667 contendunt;
1230 2602 1465 2655 maxime
1491 2615 1611 2654 cum
1632 2600 1771 2654 Deus
1790 2598 2037 2655 Salvator

462 2692 728 2754 omnium,
762 2707 869 2745 non
896 2691 1104 2761 iudicet
1137 2692 1202 2747 ad
1228 2691 1874 2760 personam,sedjustum
1900 2692 2038 2761 judi-

460 2785 626 2847 cium,
655 2782 797 2837 sicut
824 2783 938 2850 ipse
965 2781 1438 2837 commemorat“.
1473 2782 1652 2847 Quare
1684 2796 1816 2849 ergo
1854 2782 2036 2835 consi-

459 2879 550 2929 det
580 2874 772 2928 solus?
809 2875 1100 2941 Quomodo
1152 2874 1331 2927 veniet
1360 2872 1548 2941 judex,
1607 2871 2031 2942 obsequentihus

458 2965 904 3037 angelis?Quare
954 2978 1131 3021 autem
1171 2967 1320 3021 solus
1367 2975 1475 3019 tam
1517 2981 1547 3019 a
1593 2966 1750 3021 nobis
1800 2982 1961 3036 quam
1998 2982 2028 3021 a

454 3059 704 3127 supernis
728 3060 1009 3129 spiritibus
1048 3058 1299 3113 adoratur
1325 3058 1349 3111 ?
1384 3059 1490 3113 Sed
1520 3058 1697 3122 valde,
1724 3059 1896 3127 inquit
1927 3076 1940 3111 :
1977 3068 2028 3114 te
2055 3090 2097 3147 ο

452 3153 598 3206 enim
653 3166 870 3221 quoque
927 3152 979 3207 id
1028 3166 1189 3221 agere
1235 3152 1584 3217 invenimus:;
1616 3166 1832 3218 passum
1882 3150 2025 3205 enim

457 3243 632 3310 ipsum
656 3243 949 3307 confiteris,
972 3254 1239 3312 quatenus
1264 3243 1312 3296 ei
1340 3244 1520 3296 carnis
1543 3242 1792 3296 attribuis
1815 3242 2023 3311 passio-

455 3348 573 3397 nes,
597 3333 719 3388 licet
747 3333 1130 3402 impassibilem
1167 3346 1351 3387 serves
1378 3330 1645 3386 utDeum.
1682 3332 1754 3386 At
1780 3347 1900 3398 nos,
1940 3334 2024 3387 vir

452 3427 675 3495 optime,
707 3440 833 3480 eum
866 3426 1014 3495 prius
1050 3424 1468 3479 adunaverimus
1502 3422 1739 3477 Verbum
1767 3434 1820 3478 et
1846 3424 2023 3478 homi-

452 3534 596 3584 nem,
641 3519 789 3573 carni
838 3519 1052 3587 quidem
1087 3517 1369 3589 passiones
1415 3516 1721 3583 tribuimus,
1764 3515 2020 3586 impassi-

518 3696 563 3731 ⁶¹
598 3694 730 3749 Luc.
756 3712 831 3760 ιχ,
856 3699 945 3752 48.

1056 3696 1099 3727 ⁸⁸
1131 3695 1316 3750 Matth.
1352 3714 1477 3758 xxv,
1518 3697 1607 3751 δι.

448 3763 494 3799 ⁸⁵
518 3763 658 3821 Psal.
687 3782 874 3831 uvm,
908 3770 993 3821 2.2.
1072 3767 1117 3797 ⁸⁸
1160 3766 1262 3818 lsa.
1291 3784 1401 3830 Lttt,
1441 3769 1469 3821 5'

1072 3767 1117 3797 ⁸⁸
1160 3766 1262 3818 lsa.
1291 3784 1401 3830 Lttt,
1441 3769 1491 3821 5'.

1722 3697 1768 3727 “
1809 3697 1936 3752 ibid.
1982 3695 2067 3750 10.

2148 1886 2177 1921 a
2206 1869 2521 1923 confusione
2541 1880 2817 1938 sputorum
2837 1868 2902 1924 “.
2930 1887 2949 1921 ο
2978 1868 3179 1924 Porro:
3206 1888 3226 1921 ‹
3265 1868 3570 1923 lnfoderunt
3597 1884 3686 1923 ma-

2147 1975 2248 2014 nus
2287 1976 2433 2015 meas
2481 1970 2536 2014 et
2585 1962 2745 2030 pedes
2795 1976 2965 2025 mcos,
3006 1960 3482 2015 dinumeraverunt
3531 1962 3683 2017 omnia

2144 2067 2267 2107 ossa
2299 2068 2415 2106 mea
2438 2053 2503 2107 “.
2542 2072 2560 2105 ι
2604 2051 2671 2106 Ει
2702 2067 2901 2122 porro:
2932 2072 2951 2105 ‹
2986 2052 3190 2109 Dedere
3223 2054 3275 2106 in
3318 2053 3493 2107 cibum
3534 2069 3681 2106 meum

2144 2143 2453 2214 hyssopum,
2492 2151 2547 2196 et
2598 2143 2648 2196 in
2690 2142 2835 2197 sitim
2872 2158 3045 2197 meam
3086 2144 3397 2199 obtulerunt
3426 2145 3550 2199 mihi
3584 2160 3682 2199 ace-

2146 2246 2254 2290 tum
2287 2237 2352 2289 ⁶⁷.
2396 2255 2413 2287 ι
2468 2236 2571 2303 ipsi
2625 2236 2806 2291 omnia
2861 2236 2977 2290 ilict:
3000 2232 3286 2305 Unigenito
3342 2239 3679 2300 attribuinuts,

2141 2343 2262 2398 qua:
2294 2343 2389 2396 pro
2408 2327 2559 2381 nobis
2579 2328 2973 2397 dispensatorie
2998 2343 3164 2383 carne
3182 2343 3375 2400 passus
3402 2340 3503 2394 est,
3526 2346 3683 2385 secun-

2140 2425 2263 2474 dum
2320 2418 2721 2486 Scripturaszt
2755 2417 2941 2474 Vibice
3010 2421 3154 2474 enim
3213 2419 3330 2488 ejus
3386 2438 3480 2476 nos
3533 2423 3679 2476 sanati

2137 2527 2346 2577 smnus,
2410 2521 2465 2565 et
2525 2511 2640 2579 ipse
2697 2509 2998 2565 inﬁrmatus
3064 2521 3149 2566 est
3212 2522 3436 2582 prapter
3491 2522 3681 2582 peccata

2137 2616 2321 2659 nostra
2352 2604 2417 2659 ⁸⁸.
2456 2624 2475 2656 ι
2537 2604 2926 2673 lmpassibilem
2980 2618 3111 2658 vero
3170 2617 3291 2658 eum
3352 2617 3540 2658 natura
3585 2618 3680 2658 esse

2136 2696 2512 2765 cognoscimus
2545 2712 2559 2747 :
2600 2710 2720 2746 nam
2751 2695 2829 2757 si,
2864 2703 2923 2747 ut
2968 2693 3165 2747 dudum
3195 2694 3326 2760 dixi,
3366 2695 3504 2748 idem
3549 2694 3680 2748 homo

2134 2799 2217 2843 est
2267 2787 2424 2842 simul
2480 2795 2535 2839 et
2587 2786 2750 2851 Deus,
2811 2793 2935 2839 sunt
2982 2796 3128 2840 certe
3183 2784 3535 2841 humanitatis
3586 2784 3679 2850 cjus

2134 2876 2435 2947 passiones,
2460 2873 2552 2927 Dei
2578 2888 2740 2943 porro
2765 2873 3063 2943 proprium,
3088 2884 3147 2929 ut
3174 2875 3521 2935 impassihilis
3546 2874 3676 2929 intel-

2133 2969 2349 3041 ligatur.

2203 3060 2328 3115 llaac
2355 3061 2428 3115 ita
2483 3061 2778 3117 sentientes
2826 3061 3159 3117 servabimus
3200 3058 3485 3131 pietatem,
3517 3069 3567 3114 et
3599 3073 3674 3129 per

2132 3160 2311 3205 rectas
2356 3151 2715 3221 cOgitationes
2761 3164 2952 3207 euntes
2998 3162 3053 3207 et
3102 3168 3317 3220 sensus,
3362 3154 3429 3207 ad
3474 3150 3674 3206 caelestis

2132 3243 2429 3297 vocationis
2476 3244 2707 3313 palmam
2766 3245 3139 3315 perveniemus
3195 3246 3249 3300 in
3308 3245 3550 3310 Christo,
3596 3258 3672 3313 per

2129 3346 2309 3401 quem,
2342 3343 2397 3385 et
2419 3348 2539 3387 cum
2573 3348 2700 3403 quo,
2733 3333 2845 3389 Deo
2882 3348 2940 3390 et
2966 3335 3110 3390 Patri
3140 3335 3309 3407 gloria
3347 3353 3468 3393 cum
3499 3335 3672 3406 Spiritu

2125 3436 2314 3480 sancto
2353 3424 2408 3479 in
2435 3427 2630 3482 secula
2660 3429 3001 3485 saeculorum.
3041 3430 3233 3484 Amen.

2156 3696 2199 3728 “
2238 3693 2392 3751 Joan.
2429 3713 2543 3763 vttt,
2580 3698 2676 3768 16.,
2757 3698 2803 3731 "
2831 3698 2932 3753 lsa.
2963 3713 3015 3765 t.,
3056 3698 3107 3752 6.
3194 3697 3238 3728 “
3268 3696 3416 3757 Psal.
3450 3713 3534 3754 xxt
3592 3696 3663 3759 t8,
