3856 6212
220 326 360 386 1415

1107 326 1396 384 SCHOLIA
1432 326 1521 380 DE
1558 321 2071 379 lNCARNATlONE
2108 319 2317 375 VERBI
2352 314 2484 376 DEI.

3344 318 3490 380 ιιιι

1253 504 1333 512 οσ-
1356 506 1391 511 η-.
1404 502 1657 511 η-Μο

936 505 1246 514 w

626 505 934 515 ————-———~—

694 669 1041 806 ΤΟΥ
1112 666 1997 804 ΜΑΚΑΡΙΟΥ
2067 662 2997 815 ΚΥΡΙΑΑΟΥ)

1282 926 1857 982 ΑΡΧΙΕΠΙΣΚΟΠΟΥ
1892 922 2433 988 ΔΛΕΞΑΝΔΡΕῙΔΣ,

508 1115 686 1174 ΠΕΡΙ
725 1116 863 1172 ΤΗΣ
900 1113 1542 1172 ΕΝΔΝΘΡΩΠΗΣΕΩΣ
1583 1111 1727 1165 ΤΟΥ
1762 1111 1951 1164 ΘΕΟΥ
1983 1118 2258 1181 ΛΟΓΟΥ,
2303 1118 2448 1171 ΤΟΥ
2489 1115 2666 1169 ΥῙΟΥ
2703 1114 2848 1167 ΤΟΥ
2878 1111 3190 1168 ΠΑΤΡΟΣ.

1056 1450 1647 1579 ΒΕΑΤΙ
1810 1449 2635 1579 CYRILLI

1313 1709 1844 1769 ARCHIEPISCOPI
1892 1708 2385 1776 ALEXANDRINI,

439 1890 590 1982 DE
667 1888 1577 1985 INCABNATIONE
1652 1894 2018 1987 VERBI
2101 1893 2347 2014 DEI,
2424 1890 2720 1979 FILII
2801 1890 3258 1979 PATRIS.

292 2254 358 2309 Ἦ
389 2256 487 2325 τῆς
518 2255 669 2319 θείας
696 2256 924 2328 Γραφῆς
965 2255 1229 2331 ὀρθοτάτη
1275 2258 1470 2325 ἔννοια,
1504 2262 1796 2326 είσοικιζο-

1973 2262 2135 2333 801
2179 2260 2482 2315 Germanus
2514 2259 2707 2312 divina:
2736 2259 3028 2327 Scriptum
3054 2271 3244 2311 sensns
3270 2265 3491 2312 sancto-

211 2347 351 2421 μένη
378 2348 455 2410 είς
482 2346 571 2400 τὸν
598 2346 706 2400 τῶν
734 2348 904 2416 ἁγίων
934 2348 1078 2411 νοῦν,
1109 2354 1478 2421 κατακοσμεῖν
1515 2352 1672 2407 εἴωθε
1695 2352 1795 2417 τὰς

207 2441 319 2495 τῶν
367 2439 539 2508 ἁγίων
586 2440 794 2510 ψυχάς·
831 2438 897 2504 ἃς
926 2440 988 2493 τὸ
1013 2440 1239 2512 Πνεῦμα
1284 2442 1346 2495 τὸ
1384 2442 1537 2511 ἅγιον
1584 2444 1795 2512 εἰσάγει

207 2532 291 2597 είς
324 2530 393 2583 τὰ
421 2529 631 2601 πελάγη
672 2529 774 2601 τῆς
802 2531 1027 2584 ἅεννάου
1074 2530 1330 2598 γνώσεώς
1375 2550 1435 2585 τε
1467 2532 1562 2586 καὶ
1604 2534 1797 2603 σοφίας

207 2619 450 2694 Χριστοῦ
469 2636 483 2651 ·
534 2620 601 2673 δι’
632 2614 706 2674 ὧν
737 2621 766 2672 ὁ
796 2621 985 2693 Πατὴρ
1021 2622 1128 2676 τῶν
1159 2624 1297 2677 ὅλων
1325 2624 1460 2689 Θεὸς
1497 2626 1797 2695 δοξολογεῖ-

206 2731 324 2768 ται.
351 2713 672 2784 Θησαυροὸς
688 2713 869 2766 τοίνυν
887 2714 1261 2786 ἀποκρύφους,
1287 2717 1573 2789 ἀοράτους,
1599 2718 1798 2784 ἀνοίξω

210 2821 321 2871 σοι,
353 2805 495 2859 κατὰ
522 2804 584 2856 τὸ
607 2805 1012 2876 γεγραμμένον.
1047 2806 1367 2878 Θησαυροὺς
1394 2808 1448 2861 δέ
1482 2827 1625 2881 φημι
1671 2810 1798 2874 τοὺς

207 2897 311 2966 τῆς
341 2895 510 2967 ὀρθῆς
532 2895 787 2964 γνώσεως
814 2896 1054 2960 διανοίας
1084 2899 1412 2970 ὀφθαλμοὺς,
1441 2902 1608 2969 ὑγιῶς
1628 2902 1798 2972 ὁρῶν-

207 3004 306 3052 τας
336 2987 434 3041 καὶ
461 2987 778 3060 ἀλωϐήτως.
813 2991 888 3043 Οὐ
920 2990 1028 3061 γὰρ
1068 2991 1385 3061 χαρίσματα
1414 2993 1579 3064 ἀτελῆ
1610 2993 1799 3065 δωρεῖ-

207 3097 300 3133 ται
346 3078 481 3143 Θεὸς
529 3083 645 3142 τοῖς
696 3082 1069 3149 ὲπεγνωκόσιν
1111 3084 1304 3137 αὐτόν·
1352 3084 1474 3137 οὔτε
1511 3085 1617 3156 μὴν
1649 3087 1797 3158 ὅροις

207 3170 562 3242 ἀνθρωπίνης
586 3171 825 3235 διανοίας
851 3176 1332 3246 περιγραφόμενα·
1360 3176 1565 3240 τέλειος
1588 3177 1696 3249 γὰρ
1721 3176 1795 3231 ὢν

207 3265 237 3317 ὁ
274 3264 383 3319 τῶν
416 3266 669 3318 ἁπάντων
698 3265 850 3337 ἡμῶν
878 3268 1156 3339 Δεσπότης
1173 3269 1325 3333 Θεὸς,
1357 3269 1576 3334 τελείως
1605 3271 1794 3342 δωρεῖ-

208 3373 301 3410 ται
348 3356 417 3410 τὰ
461 3357 668 3427 ἄφθονα
712 3360 823 3421 τοῖς
874 3359 1039 3424 ἀξίως
1102 3360 1537 3431 πολιτευομένοις
1586 3363 1790 3417 αὐτοῦ·

208 3448 447 3521 ἐραστὴς
469 3447 815 3520 γὰρ’πέιρυκε
846 3449 956 3502 τῶν
979 3451 1037 3502 ὲν
1060 3451 1278 3522 καθαρᾷ
1301 3452 1498 3523 καρδίᾳ
1520 3453 1795 3507 δουλευόν-

208 3556 320 3593 των
370 3538 518 3609 αὑτῷ
574 3540 972 3611 ἁνυποκρίτως.
1011 3540 1222 3593 Ἢκέτω
1272 3541 1451 3595 τοίνυν
1501 3544 1607 3608 πᾶς
1657 3545 1794 3615 ὀρθά

1899 2369 2018 2408 runt
2074 2354 2346 2406 mentibus
2400 2352 2653 2420 illapsns,
2703 2351 2915 2403 illorntn
2968 2351 3176 2402 animos
3217 2357 3479 2413 exornat,

1897 2455 2035 2512 quos
2075 2439 2310 2510 Spiritus
2350 2451 2573 2493 sanctus
2607 2440 2659 2492 in
2698 2438 2823 2492 illud
2864 2439 3117 2508 perennis
3150 2440 3391 2494 scientia:
3429 2450 3483 2494 et

1898 2533 2182 2603 sapientia:
2222 2532 2431 2587 Christi
2473 2532 2697 2600 pelagus
2736 2532 2945 2587 inducit
2981 2548 2995 2585 :
3032 2546 3127 2597 per
3160 2546 3281 2602 qua:
3322 2531 3483 2587 Pater

1898 2624 1989 2678 ille
2028 2624 2405 2678 universorum
2447 2624 2589 2677 Deus
2625 2623 2978 2693 gloriﬁcatur.
3014 2623 3325 2679 Thesauros
3360 2640 3499 2693 ιιι-οι

1900 2716 2026 2771 inde
2058 2717 2409 2772 absconditos
2437 2728 2489 2770 et
2524 2714 2851 2781 invisibiles,
2885 2724 2943 2768 nt
2971 2726 3054 2769 est
3083 2716 3137 2769 in
3169 2718 3341 2771 sacris
3368 2714 3484 2768 Lit-

1899 2810 2030 2863 teris
2050 2807 2086 2871 ⁸,
2116 2808 2210 2861 tibi
2241 2806 2535 2861 recludam.
2558 2803 2875 2859 Thesauros
2902 2814 3080 2858 autem
3114 2815 3277 2858 rectae
3301 2806 3485 2874 cogni-

1899 2900 2063 2955 tionis
2088 2899 2297 2969 appello
2322 2902 2517 2953 mentis
2537 2900 2744 2960 oculos,
2768 2899 2857 2968 qui
2881 2898 3093 2952 sincere
3117 2897 3483 2966 inolfenseqne

1897 2988 2256 3058 perspiciunt.
2293 2986 2479 3056 Neque
2512 2990 2659 3042 enim
2699 2988 2841 3043 Deus
2876 2987 3221 3056 imperfecta,
3258 2998 3351 3040 aut
3385 2988 3483 3041 hu-

1898 3096 2071 3134 mana:
2098 3080 2295 3134 mentis
2324 3080 2585 3133 limitibus
2611 3078 3019 3147 circumscripta
3048 3093 3267 3131 munera
3300 3078 3364 3132 iis
3391 3080 3481 3145 qui

1897 3171 2045 3225 illuni
2079 3173 2435 3241 agnoverint,
2472 3170 2805 3241 impertitur.
2840 3169 3011 3231 Nam,
3049 3171 3174 3238 quia
3211 3169 3482 3238 perfectus

1896 3276 1981 3319 est
2025 3264 2139 3334 ipse
2179 3264 2321 3319 Dens
2360 3274 2546 3317 noster
2584 3264 2825 3318 omnium
2870 3263 3147 3326 Dominus,
3187 3261 3479 3331 perfectam

1896 3372 2112 3428 quoque
2149 3357 2415 3410 bonorum
2453 3371 2674 3410 suorum
2711 3357 2920 3424 copiam
2957 3354 3065 3408 illis
3098 3355 3187 3423 qui
3224 3357 3338 3422 ipso
3373 3371 3479 3407 non

1837 3452 1845 3458 ’
1897 3449 2171 3517 indignam
2198 3448 2360 3500 vitam
2390 3456 2576 3517 agunt,
2602 3448 2841 3517 dilargiri
2866 3446 3022 3501 solet.
3049 3446 3179 3498 Nam
3231 3447 3319 3514 qni
3346 3460 3480 3514 puro

1895 3541 2154 3608 onmique
2184 3538 2530 3593 simulatione
2567 3553 2738 3591 vacuo
2769 3537 2949 3590 animo
2978 3536 3053 3589 illi
3082 3536 3357 3598 serviunt,
3386 3552 3480 3589 eos

208 3632 431 3701 φρονεῖν
473 3629 747 3701 ᾑρημένος
796 3632 888 3683 ἐπὶ
923 3633 1020 3702 τὴν
1049 3631 1277 3684 ἀένναον
1302 3631 1484 3704 πηγὴν
1528 3634 1619 3687 τὸν
1662 3636 1798 3707 Χρι-

1900 3630 2160 3701 singulari
2198 3645 2383 3684 amore
2418 3637 2472 3683 et
2506 3628 2882 3683 benevolentia
2916 3628 3312 3696 complectitur.
3346 3624 3479 3681 Om-

212 3717 359 3783 στὸν,
387 3719 599 3773 ἀκούων
645 3719 809 3771 αὑτοῦ
843 3721 1295 3791 προσφωνοῦντος
1322 3722 1410 3775 διὰ
1434 3723 1527 3776 τοῦ
1556 3723 1797 3795 Εὐαγγε-

210 3807 359 3863 λίουο
388 3828 407 3860 ι
432 3811 558 3863 Ἐάν
587 3828 671 3874 τις
695 3811 845 3882 διψᾷ,
874 3813 1118 3883 ἐρχέσθω
1145 3814 1282 3885 πρός
1306 3832 1396 3883 με,
1415 3815 1511 3867 καὶ
1537 3819 1790 3873 πινέτω.)

208 3900 287 3953 Οὐ
315 3898 423 3969 γὰρ
456 3899 573 3953 δέον
603 3902 750 3954 ἐστὶν
781 3903 949 3972 ἡμᾶς,
981 3904 1056 3974 μὴ
1092 3905 1356 3976 πρότερον
1387 3907 1708 3975 ἑπιγνόντας
1736 3911 1797 3963 τὸ

207 3992 313 4061 τῆς
346 3991 626 4056 εὐσεϐείας
675 3996 996 4066 μυστήριον,
1031 3995 1309 4069 διερευνᾷν
1352 3998 1385 4070 ἦ
1433 3999 1796 4070 ἐκλαμϐάνειν

208 4081 400 4144 ἁπλῶς
446 4085 574 4155 περὶ
612 4085 847 4155 Χριστοῦ
881 4086 976 4140 τοῦ
1007 4087 1573 4147 Θεοῦ.”Υποκλέπτειν
1618 4097 1796 4150 τοίνυν

205 4170 415 4225 οἴονταί
444 4188 587 4235 τινες
612 4174 723 4226 τῶν
753 4176 1119 4249 ἀκροωμένων
1144 4181 1241 4244 τὰς
1267 4181 1467 4253 ψυχὰς,
1486 4184 1791 4257 ἄνθρωπον,

207 4264 368 4335 φησὶ,
400 4265 649 4332 λέγοντες
686 4267 1035 4340 ἀνειληφέναι
1063 4273 1154 4326 τὸν
1187 4273 1320 4328 Θεὸν
1349 4278 1522 4349 Λόγον
1542 4295 1555 4309 ·
1592 4280 1684 4332 καὶ
1707 4278 1793 4334 διὰ

205 4355 372 4409 τοῦτο
404 4357 629 4429 πρόοδον
669 4360 1002 4431 πεποιῆσθαι
1040 4363 1129 4416 διὰ
1168 4366 1269 4438 τῆς
1299 4369 1459 4439 ἁγίας
1490 4372 1791 4443 Παρθένου,

206 4448 307 4499 καὶ
354 4447 542 4501 τοῦτον
590 4448 755 4502 αὐτὸν
803 4450 894 4503 τὸν
942 4452 1228 4525 ἄνθρωπον
1275 4459 1685 4516 ἀποτεθεῶσθαι
1715 4462 1795 4534 τῷ

206 4536 332 4608 Θεῷ
360 4539 540 4610 Λόγῳ,
565 4540 627 4593 οὐ
660 4540 931 4606 συνιέντες
957 4545 1020 4597 τὸ
1041 4546 1140 4616 τῆς
1159 4550 1445 4615 εὐσεϐείας
1470 4557 1790 4625 μυστήριον,

206 4631 308 4682 καὶ
328 4628 428 4699 τῆς
466 4631 604 4700 μετὰ
639 4632 840 4703 σαρκὸς
869 4634 1180 4706 οἰκονομίας
1207 4638 1301 4692 τοῦ
1335 4642 1672 4711 Μονογενοῦς
1692 4645 1795 4717 τὴν

206 4720 371 4791 χάριν
415 4721 643 4791 μετρίαν
688 4723 1021 4795 ποιούμενοι.
1041 4727 1234 4798 Ἡμεῖς
1265 4730 1323 4784 δὲ
1354 4733 1453 4803 οὐχ
1483 4733 1626 4788 οὕτω
1654 4735 1792 4789 δεδιο

204 4803 488 4874 δάγμεθα·
545 4805 661 4867 ἕνα.
696 4808 789 4861 καὶ⁵
842 4809 935 4863 τὸν
993 4813 1157 4866 αὐτὸν
1213 4814 1392 4885 ἴσμεν,
1426 4817 1667 4888 ἀδελφοὶ,
1699 4820 1793 4873 τὸν

204 4890 294 4943 διὰ
321 4890 423 4961 τῆς
450 4893 610 4959 ἁγίας
643 4896 923 4967 Παρθένου
948 4900 1049 4969 τῆς
1080 4901 1343 4958 Θεοτόκου
1369 4906 1587 4978 Μαρίας
1606 4925 1792 4980 γεννη-

1902 3738 1999 3777 nes
2041 3725 2221 3793 itaque
2255 3722 2346 3792 qui
2393 3730 2539 3775 recte
2579 3733 2770 3788 sapere
2811 3718 3179 3781 instituerunt,
3216 3719 3282 3772 ad
3321 3718 3481 3771 (ibri-

1900 3823 2042 3869 stum
2085 3830 2377 3883 perennem
2426 3814 2575 3867 illum
2621 3812 2823 3866 fontem
2868 3810 3147 3874 accedant,
3191 3810 3337 3863 illum
3382 3825 3479 3878 per

1898 3907 2251 3977 Evangelinm
2306 3907 2628 3961 clamantem
2683 3904 2962 3959 audientes
2998 3918 3012 3956 :
3054 3919 3072 3954 ι
3114 3903 3169 3956 Si
3206 3902 3327 3972 quis
3361 3903 3479 3957 sitit

1900 4002 2083 4055 veniat
2109 4002 2172 4054 ad
2204 4016 2310 4064 me,
2335 4010 2389 4054 et
2419 4000 2655 4054 bibat'.»
2686 3996 2869 4067 Neque
2898 3997 3041 4052 enim
3071 4012 3204 4066 opus
3236 4006 3338 4059 est,
3370 4012 3474 4051 non

1898 4095 2083 4160 agnito
2108 4094 2258 4164 prius
2283 4093 2371 4147 illo
2397 4093 2614 4163 pietatis
2638 4090 2919 4163 mysterio,
2948 4098 3149 4144 temere
3171 4090 3237 4143 de
3259 4089 3477 4144 Christo

1899 4185 2012 4241 Deo
2039 4184 2497 4257 investigare,vel
2531 4186 2824 4239 disserere.
2854 4182 2993 4236 Sunt
3021 4194 3151 4251 ergo
3175 4182 3265 4251 qui
3298 4182 3350 4236 in
3381 4196 3479 4235 au-

1897 4279 2135 4333 (litorum
2177 4280 2388 4332 animos
2430 4278 2613 4331 furtim
2663 4291 2725 4331 ac
2769 4292 2865 4346 per
2905 4274 3148 4331 fraudem
3194 4278 3474 4343 irrepnnt,

1899 4368 2067 4424 Deum
2089 4368 2319 4425 Verbum
2349 4379 2659 4425 asserentes
2691 4369 2963 4424 hominem
2993 4369 3371 4436 assumpsisse,
3399 4384 3467 4422 ac

1898 4459 2102 4514 idcirco
2145 4474 2240 4531 per
2278 4469 2522 4514 sanctam
2567 4457 2841 4530 Virginem
2890 4460 3188 4530 prodiisse,
3231 4466 3286 4512 et
3332 4459 3476 4512 hunc

1896 4550 2148 4603 eumdem
2195 4550 2467 4604 hominem
2513 4565 2544 4604 a
2592 4550 2702 4604 Deo
2740 4550 2918 4605 Verbo
2965 4551 3270 4606 deificatum
3315 4564 3473 4617 esse;

1897 4653 2155 4708 magnum
2188 4638 2317 4693 illud
2350 4639 2567 4708 pietatis
2598 4641 2917 4710 mysterium
2948 4656 3053 4694 non
3090 4640 3471 4709 intelligentes,

1895 4731 2422 4800 dispensationisque
2467 4730 2736 4801 Unigeniti
2772 4746 2904 4785 cum
2947 4746 3111 4786 carne
3148 4731 3470 4786 beneficium

1853 4892 1857 4896 ἢ
1895 4822 2331 4893 parvifacienles.
2371 4823 2480 4879 Nos
2522 4834 2722 4889 autem,
2762 4822 2982 4889 fratres,
3025 4840 3129 4878 non
3172 4826 3251 4880 sic
3295 4824 3470 4880 edocti

207 4980 393 5046 θέντα,
426 4983 558 5037 Θεὸν
582 4986 807 5054 τέλειον,
834 4989 930 5044 καὶ
956 4990 1241 5064 ἄνθρωπον
1266 4976 1491 5064 τέλειον,
1524 4976 1786 5070 ἔμψυχον,
1815 4976 1863 5040 c

202 5070 447 5144 λογικόν.
485 5076 754 5150 Ταύτῃτοι
799 5082 895 5136 καὶ
942 5082 1201 5140 Θεοτόκον
1234 5087 1465 5160 λέγομεν
1504 5090 1602 5163 τὴν
1630 5096 1793 5163 ἁγίαν

205 5164 511 5237 Παρθένον,
543 5170 634 5223 καὶ
662 5173 998 5244 ὲνῳκηκέναι
1026 5178 1296 5243 οὐσιωδῶς
1324 5181 1416 5236 τὸν
1446 5183 1579 5238 Θεὸν
1621 5188 1793 5256 Λόγον

202 5258 433 5351 ὲνῌαὺτῇ
479 5262 539 5351 οὐ
578 5261 817 5333 δοκήσει,
846 5266 983 5319 ἀλλὰ
1008 5269 1258 5343 ἐνεργείᾳ
1278 5284 1292 5298 ⁶
1316 5272 1406 5325 τὸν
1436 5275 1598 5331 αὐτὸν
1629 5279 1791 5351 διμη-

203 5346 377 5407 ναῖον,
412 5348 509 5401 καὶ
553 5355 898 5422 τριμηναίον,
934 5355 1057 5409 Υἰὸν
1084 5375 1144 5410 τε
1183 5359 1317 5414 Θεοῦ
1359 5362 1497 5433 ἅμα,
1540 5368 1634 5420 καὶ
1666 5346 1792 5424 Ῠίὸν

1894 4930 2102 4970 sumus.
2140 4916 2292 4971 Illum
2333 4932 2569 4986 namque
2604 4918 2695 4985 qui
2736 4932 2801 4972 ex
2841 4923 3026 4971 sancta
3060 4915 3276 4988 Virgine
3315 4927 3471 4971 natus

1893 5016 1997 5073 est,
2027 5023 2195 5061 unum
2231 5011 2590 5077 eamdemque
2620 5023 2740 5063 esse
2770 5010 3134 5078 agnoscimus,
3169 5007 3469 5078 perfectum

1892 5098 2061 5153 Deum
2095 5108 2150 5153 et
2183 5099 2480 5169 perfectum
2524 5101 2795 5156 hominem
2832 5101 3008 5154 anima
3046 5101 3291 5155 rati0nali
3329 5117 3469 5169 prte-

1891 5190 2086 5244 ditum.
2119 5190 2229 5245 llac
2263 5191 2429 5245 etiam
2462 5192 2527 5246 de
2558 5207 2718 5245 causa
2752 5202 2993 5246 sanctam
3031 5192 3320 5260 Virginem
3347 5192 3469 5247 Dei.

1892 5295 2077 5350 param
2104 5282 2469 5351 appellamus;
2499 5282 2776 5351 Deumque
2796 5281 3031 5339 Verbum
3060 5297 3164 5336 non
3192 5278 3467 5350 opinione,

1891 5371 1984 5425 sed
2023 5385 2082 5425 re
2119 5372 2233 5441 ipsa
2272 5371 2324 5426 in
2365 5373 2453 5426 illa
2494 5373 2765 5429 habitasse
2798 5374 3026 5428 dicimus
3058 5391 3071 5427 :
3106 5374 3351 5427 etnntlem
3387 5374 3469 5428 bi-
3580 5416 3583 5421 ,

203 5433 521 5529 ἀνθρώπου,
537 5439 697 5493 Ἀλλὰ
733 5442 841 5513 γὰρ
867 5446 960 5497 καὶ
985 5446 1082 5511 τὰς
1111 5451 1208 5520 τῆς
1234 5451 1674 5529 ἀνθρωπότητος,
1692 5462 1788 5514 καὶ

1896 5469 2149 5515 mestrem
2182 5472 2235 5515 et
2266 5464 2616 5529 trimestrem,
2642 5464 2833 5519 Filium
2863 5462 2956 5518 Dei
2986 5462 3169 5528 simul,
3195 5472 3249 5517 et
3273 5462 3467 5519 Filium

206 5523 316 5593 μὴν
342 5528 441 5580 καὶ
469 5527 568 5591 τὰς
595 5530 653 5582 ὲν
676 5530 895 5604 ἐξουσίᾳ
925 5537 991 5607 τῇ
1021 5538 1317 5612 θεοπρεπεῖ
1342 5548 1527 5615 φωνὰς
1582 5549 1649 5614 ἃς
1706 5552 1786 5606 δι-

1896 5549 2151 5605 ltominis.
2188 5550 2327 5618 Quin
2372 5553 2535 5607 etiam
2568 5568 2727 5610 voces
2770 5554 2911 5616 illas,
2946 5569 3081 5624 quas
3123 5553 3318 5608 divinae
3357 5551 3469 5606 Lit-

202 5616 563 5685 αγορεύουσιν
593 5621 723 5691 ημῖν
753 5624 807 5675 αἱ
834 5622 975 5678 θεῖαι
1008 5628 1219 5699 Γραφαὶ
1248 5636 1377 5707 περὶ
1404 5638 1593 5709 αὐτοῦ,
1615 5642 1694 5708 είς
1725 5642 1782 5696 ἒν

1896 5650 2023 5699 tera:
2051 5648 2213 5702 modo
2242 5646 2598 5716 humanitati,
2631 5648 2790 5703 modo
2819 5616 3015 5703 divina:
3045 5645 3186 5702 illius
3215 5647 3468 5730 potestati

281 5797 296 5825 ⁸
321 5795 432 5854 lsa.
471 5814 591 5868 xu,
624 5802 676 5857 ὅ.
754 5804 774 5835 ¹
812 5801 967 5863 Joan.
999 5824 1091 5878 vn,
1129 5811 1218 5867 '57.
