3856 6212
444 326 585 389 1415

1434 330 1492 386 S.
1529 327 1805 385 CYBJLLI
1843 326 2318 386 ALEXANDRIM
2358 331 2681 389 ARCHIEP.

3538 350 3644 403 lilii

445 449 707 513 tribuunt,
738 439 900 518 802
928 446 980 500 in
1012 454 1172 500 unam
1205 448 1468 500 duntaxat
1497 460 1782 516 personam
1814 459 2014 500 conve-

2124 451 2415 521 πρόσωπον
2445 452 2704 522 συνῆχθαί
2737 471 2936 525 φαμεν.
2962 456 3067 511 Τὸν
3094 461 3255 511 αυτὸν
3286 462 3387 531 γὰρ
3419 464 3557 533 ἴσμεν
3576 469 3645 519 ἐπὶ

444 542 560 593 nire
608 540 981 609 prasdicautus.
1028 538 1288 592 Eumdem
1337 538 1481 593 enim
1529 538 1873 607 agnoscimus
1921 536 2013 605 qui

442 647 606 700 super
631 630 864 685 cervical
898 629 1316 697 dormiebat,.et
1343 629 1439 698 qui
1472 644 1619 683 mare
1650 638 1702 682 et
1732 636 1923 682 ventos
1953 642 2022 682 ex

444 733 709 791 potestate
746 720 1099 790 iucrepahat'
1136 738 1150 775 :
1186 721 1434 775 eumdem
1468 722 1559 790 qui
1594 735 1659 774 ex
1697 721 1892 774 itinere
1926 720 2023 774 de-

446 814 775 881 l'.ttig:tbaltn'
799 811 840 876 ⁸,
876 823 930 865 et
964 813 1052 880 qui
1090 826 1253 880 super
1287 825 1469 875 mare,
1506 809 1728 880 perinde
1761 824 1826 863 ac
1861 823 2024 877 super

444 905 669 958 solidam
716 915 935 965 terram,
978 916 1073 956 sua
1118 910 1384 971 potestate
1424 902 1771 972 gradiebatur
1792 900 1834 953 ⁸.
1877 900 2020 954 Idem

446 997 631 1064 itaque
681 995 816 1048 citra
869 993 1028 1046 ullam
1086 993 1511 1047 controversiam
1565 992 1705 1046 Deus
1754 991 1914 1045 simul
1967 1002 2024 1046 et

446 1086 605 1136 homo
644 1083 878 1137 exsistit.
920 1082 1060 1148 Quid
1106 1082 1250 1136 enim
1294 1081 1488 1135 mirum
1533 1090 1695 1145 esset,
1734 1080 1778 1135 si
1826 1089 2023 1134 nostra:

443 1176 771 1230 Conditiouis
818 1176 976 1228 homo
1021 1173 1285 1241 quispiam
1331 1172 1424 1226 Dei
1474 1180 1738 1241 potestate
1784 1173 2022 1225 inunitus

449 1268 704 1320 Init‘at'ttla
749 1265 1025 1335 patraret?
1058 1265 1251 1319 Verum
1291 1274 1350 1316 ut
1380 1263 1507 1317 illud
1544 1266 1714 1332 ipsum
1763 1263 1853 1316 Dei
1889 1263 2021 1317 Ver-

447 1362 571 1415 lunn
617 1377 720 1412 tton
764 1359 1164 1429 imaginatione,
1206 1368 1298 1411 aut
1337 1359 1615 1427 apparenti
1656 1361 1887 1426 quadam
1928 1374 2021 1412 ra-

451 1464 614 1512 ttune,
643 1451 738 1503 sed
772 1467 827 1515 ne
859 1452 969 1517 ipsa
998 1465 1056 1503 se
1082 1451 1469 1518 exinauivisse,
1501 1452 1697 1507 divina:
1727 1453 2022 1521 Scriptum

449 1544 603 1594 nohis
642 1543 928 1595 ostendant
954 1541 1008 1605 ⁶;
1049 1557 1212 1593 unum
1258 1540 1615 1610 eumdemque
1659 1543 1821 1596 Deum
1862 1544 2024 1597 simul

446 1644 500 1684 et
528 1633 795 1684 hominem
828 1646 921 1698 per
948 1633 1239 1699 prophetas
1266 1643 1319 1684 et
1345 1633 1618 1701 apostolos
1646 1633 1799 1687 nobis
1824 1636 2024 1690 diserte

448 1723 858 1788 pronuntiantes
890 1724 1163 1777 «Vlixerunt.
1197 1725 1289 1777 Dei
1322 1721 1502 1792 itaque
1530 1733 1646 1777 erat
1681 1726 1767 1777 illa
1800 1741 1865 1779 ex
1896 1724 2021 1781 Vir-

2123 540 2183 593 τὸ
2212 543 2646 611 προσκεφάλαιον
2672 546 2997 602 καθεύδοντα
3018 552 3389 628 [καθήμενον],
3412 558 3492 610 τὸν
3516 561 3644 613 αὐτὸν

2123 631 2189 699 τῇ
2220 629 2460 703 Θαλάσσῃ
2493 634 2829 704 ἐπιτιμῶντα
2852 638 2910 690 ἐν
2932 639 3169 713 ἐξουσίᾳ,
3200 645 3289 697 καὶ
3313 649 3419 710 τοῖς
3442 649 3645 719 ἀνέμοις·

2122 716 2213 770 τὸν
2261 718 2425 773 αὑτὸν
2467 724 2561 774 καὶ
2606 723 2698 776 ἐπὶ
2737 726 2838 795 τῆς
2875 727 3180 799 ὁδοιπορίας
3225 716 3541 806 κεκμηκότα,
3574 744 3647 794 τὸν

2121 806 2283 861 αὐτὸν
2310 810 2406 862 καὶ
2436 811 2527 863 ἐπὶ
2558 814 2656 883 τῆς
2700 812 2973 887 θαλάσσης
3020 820 3437 890 περιπατοῦντα,
3467 825 3533 888 ὼς
3575 829 3649 881 ἐπὶ

2126 902 2353 971 στερεᾶς
2401 902 2525 973 γῆς,
2562 903 2666 976 ίδίᾳ
2724 906 2972 979 ἐξουσίᾳ⁹
3004 909 3032 960 6
3070 910 3233 973 αὐτὸς
3272 914 3444 967 τοίνυν
3470 917 3646 982 Θεὸς,ὸ

2122 991 2286 1054 αὐτὸς
2328 992 2612 1064 ἄνθρωπος
2657 997 3121 1070 ὁμολογουμένως.
3157 1004 3223 1057 Τί
3260 1005 3365 1076 γὰρ
3395 1008 3451 1061 τὸ
3479 1008 3644 1081 θαῦμα,

2122 1083 2170 1135 εί
2203 1082 2486 1155 ἄνθρωπός
2521 1103 2604 1149 τις
2636 1087 2745 1142 τῶν
2776 1090 2897 1143 καθ’
2925 1093 3076 1162 ἡμᾶς
3103 1095 3161 1146 ἐν
3193 1096 3406 1169 ἐξουσίᾳ
3432 1100 3645 1171 δυνάμεις

2120 1173 2257 1226 Θεοῦ
2278 1178 2517 1249 ἐνεργεῖν
2535 1176 2642 1249 [Ion
2665 1180 2722 1233 ἐν
2745 1180 2961 1254 ἐξουσίᾳ
2980 1184 3136 1252 Θεοῦ,
3158 1187 3408 1260 δυνάμεις
3429 1195 3647 1269 ἐνεργεῖν]

2121 1266 2369 1335 λέγεται;
2415 1269 2550 1322 Ἀλλ’
2582 1272 2667 1324 ἵνα
2696 1272 2785 1325 τὸν
2818 1275 2979 1330 αὐτὸν
3007 1279 3139 1332 Θεὸν
3165 1282 3337 1350 Λόγον
3357 1266 3647 1343 κεκενῶσθαι

2122 1359 2474 1427 ὑποδείξωσιν
2506 1365 2639 1434 ἡμῖν
2669 1367 2724 1418 αἱ
2757 1367 2896 1422 θεῖαι
2934 1370 3165 1440 Γραφαὶ,
3196 1375 3260 1428 οὐ
3288 1375 3511 1449 δοκήσει,
3539 1382 3651 1437 ἀλλὰ

2122 1450 2409 1522 ἐνεργείᾳ,
2476 1454 2573 1508 ἕνα
2622 1457 2716 1510 καὶ
2779 1458 2872 1511 τὸν
2931 1462 3095 1515 αὑτὸν
3144 1465 3275 1534 ἡμῖν
3319 1467 3650 1541 διαγορεύουσι

2123 1550 2496 1634 προφητικῶς,
2527 1550 2620 1602 καὶ
2666 1551 2773 1621 μὴν
2811 1553 2907 1606 ml.
2948 1556 3323 1624 ἀποστολικοϊς
3354 1563 3651 1634 κηρύγμασι,

2122 1632 2212 1688 τὸν
2261 1638 2423 1691 αὑτὸν
2468 1635 2619 1692 εἷπον
2668 1642 2820 1707 Θεὸν,
2864 1643 2955 1697 τὸν
3004 1647 3164 1701 αὑτὸν
3215 1632 3652 1721 ἄνθρωσεονίθεοῦ

2123 1726 2303 1781 τοίνυν
2347 1731 2379 1800 ἡ
2427 1729 2685 1802 σύλληψις
2716 1735 2761 1803 ,ἡ
2805 1736 3106 1808 παρθενική
3129 1757 3144 1771 ’
3178 1740 3314 1795 Θεοῦ
3342 1744 3373 1813 ὴ
3403 1744 3649 1817 γέννησις·

446 1815 569 1881 gitte
608 1813 912 1879 conceptio,
959 1813 1049 1867 Dei
1094 1814 1370 1879 nativitas,
1416 1814 1509 1868 Dei
1555 1814 1867 1881 similitudo,
1913 1833 2014 1888 qua

2121 1817 2258 1871 Θεοῦ
2285 1820 2317 1889 ή
2348 1819 2488 1873 κατὰ
2515 1821 2693 1875 πάντα
2727 1824 2866 1894 πρὸς
2885 1804 3060 1895 ἡμᾶς,
3092 1804 3187 1881 καὶ
3222 1830 3290 1883 δι’
3487 1804 3652 1903 ὁμοίιο-

447 1905 602 1960 nohis
637 1906 806 1957 nostri
846 1920 1007 1957 causa
1046 1905 1437 1973 dispensatoric
1469 1920 1565 1975 per
1593 1909 1769 1962 omnia
1804 1910 2021 1966 assimi-

445 1997 587 2050 latus
613 2008 724 2059 est;
759 1997 848 2050 Dei
882 1997 1082 2065 passio,
1114 1996 1205 2050 Dei
1237 1998 1300 2051 iis
1326 1998 1416 2067 qui
1448 2000 1500 2052 in
1529 2013 1747 2053 carcere
1773 2011 1825 2055 et
1858 2002 1908 2056 in
1942 2012 2022 2058 te-

446 2088 629 2141 nebris
652 2098 807 2141 erant
832 2088 1163 2157 praedicatio,
1190 2087 1281 2143 Dei
1312 2093 1660 2157 resurrectio,
1688 2093 1779 2149 Dei
1807 2099 2019 2150 tandem

446 2177 498 2229 in
529 2176 693 2229 cmlos
724 2176 1044 2246 assumptio.
1076 2178 1176 2243 Qui
1206 2182 1323 2248 capi
1358 2195 1463 2234 non
1496 2193 1743 2250 poterat,
1778 2199 1873 2252 per
1899 2199 2022 2240 car.

444 2283 565 2321 nem
598 2282 758 2337 quam
792 2269 963 2321 nostri
996 2284 1158 2323 causa
1192 2285 1257 2323 ex
1291 2269 1456 2325 Maria
1489 2274 1746 2342 sumpsit,
1776 2276 2018 2344 virginali

444 2369 596 2413 utero
627 2357 871 2411 concludi
909 2374 972 2411 ac
1008 2359 1216 2413 deliniri
1254 2359 1528 2415 sustinuit.
1559 2361 1661 2428 Qui
1698 2363 1805 2418 late
1838 2369 2016 2420 omnia

442 2453 674 2515 excedit,
718 2465 883 2505 carne
929 2452 1255 2507 continetur.
1304 2454 1361 2506 In
1406 2470 1565 2525 quem
1610 2455 1753 2511 nulla
1795 2458 2018 2514 mutatio

442 2540 611 2605 cadit,
653 2543 944 2593 humanam
990 2541 1217 2594 formam
1261 2542 1446 2600 subiit.
1486 2544 1833 2616 lmpatibilis,
1876 2549 2020 2605 ultro

441 2648 539 2700 pro
570 2634 723 2687 nobis
750 2645 804 2687 et
835 2646 1050 2703 propter
1079 2654 1175 2692 nos
1206 2656 1301 2709 per
1332 2644 1602 2711 propriam
1632 2660 1852 2699 carnem
1884 2662 2013 2715 pas-

441 2738 536 2776 sus
574 2733 673 2779 est.
710 2725 818 2779 Deo
854 2738 907 2781 et
942 2728 1085 2782 l’atri
1120 2730 1382 2787 iudivulse
1416 2733 1718 2800 cohaerens,
1756 2736 1807 2791 in
1848 2749 2012 2803 terra,

443 2826 501 2869 ut
533 2817 791 2884 scriptum
825 2825 928 2884 est,
965 2821 1111 2875 visus
1145 2833 1250 2887 est,
1284 2832 1339 2878 et
1377 2840 1501 2878 cum
1540 2826 1851 2882 hoiuinibus
1888 2847 2017 2883 ron-

442 2919 687 2962 versatus
708 2910 748 2962 ⁷.
781 2909 880 2976 Qui
910 2911 1011 2965 sub
1041 2921 1237 2968 tactum
1273 2933 1376 2970 non
1410 2919 1683 2987 veniebat,
1719 2920 1786 2973 ab
1817 2921 2019 2990 iniquis

444 2997 624 3051 lancea
660 3014 1014 3068 compunctus
1051 3012 1134 3056 est
1159 3004 1200 3055 ⁸.
1238 3001 1613 3075 lntpassibilis,
1652 3009 2014 3063 voluntariam

439 3107 653 3145 crucem
679 3094 846 3147 nostri
869 3110 1027 3149 causa
1055 3098 1294 3159 pertulit.
1319 3098 1625 3155 lnttnortale
1650 3102 1827 3157 lumen
1855 3105 2010 3157 tnorti

440 3182 675 3250 asipsum
707 3184 918 3250 obtulit,
943 3197 996 3241 et
1028 3190 1183 3241 morti
1214 3191 1428 3258 quidem
1455 3194 1654 3247 crucis.
1683 3195 1783 3261 Qui
1812 3196 1864 3248 in
1892 3196 2011 3250 sinu

440 3271 617 3327 Patris
647 3288 784 3339 erat,
820 3292 914 3345 per
944 3280 1211 3348 propriam
1244 3297 1463 3337 carnem
1497 3286 1549 3339 in
1581 3287 1775 3342 calum
1807 3289 2015 3343 assumi

443 3379 547 3418 non
590 3369 871 3421 recusavit.
910 3368 1009 3434 Qui
1056 3383 1234 3425 autem
1278 3373 1370 3428 Dei
1414 3374 1607 3431 Filium
1652 3378 1846 3449 [Deum
1884 3377 2017 3434 Ver—

439 3453 603 3527 bum]
644 3458 913 3511 hominem
959 3464 1264 3531 quempiam
1309 3466 1478 3519 nostri
1529 3467 1762 3521 similctn
1803 3484 2015 3523 assum-

440 3547 613 3616 psisse
652 3550 870 3617 dicunt;
914 3552 1087 3621 ipsmn
1136 3564 1314 3609 autem
1356 3558 1540 3612 vivum
1583 3569 1640 3613 et
1686 3558 1874 3614 efﬁcax
1922 3561 2013 3615 Dei

440 3637 738 3704 Verbum’,
779 3643 918 3711 quod
962 3643 1012 3696 in
1054 3646 1271 3713 propria
1314 3644 1611 3713 [eﬂicacem
1656 3650 1750 3705 Dei
1792 3652 2012 3717 Filium,

2126 1926 2210 1974 σις
2229 1912 2587 1983 οἰκονομικῶς
2602 1931 2616 1945 ’
2642 1914 2776 1969 Θεοῦ
2797 1916 2858 1969 τὸ
2876 1916 3044 1984 πάθος
3063 1936 3074 1950 θ
3099 1920 3232 1975 Θεοῦ
3258 1926 3372 1986 τοῖς
3399 1926 3453 1977 ἐν
3474 1927 3652 1998 φυλακῇ

2122 2002 2217 2053 καὶ
2255 2004 2313 2055 ἐν
2352 2003 2431 2073 τῷ
2460 2006 2640 2058 σκότει
2671 2007 2701 2075 ἡ
2734 2008 2990 2078 κήρυξις·
3023 2010 3159 2064 Θεοῦ
3184 2014 3473 2079 ἀνάστασις
3493 2034 3505 2046 ·
3544 2017 3651 2070 Θεοῦ

2123 2094 2155 2163 η
2184 2093 2470 2165 ἀνάληψις.
2489 2091 2545 2149 ’0
2573 2096 2856 2170 ἀχὼρητος
2898 2102 3088 2155 ἑαυτὸν
3118 2104 3318 2159 δέδωκε
3349 2109 3653 2179 κεχωρῆσθσι

2120 2182 2187 2236 δι’
2214 2185 2360 2253 ἡμᾶς
2389 2188 2446 2238 ἐν
2470 2189 2535 2257 τῇ
2570 2187 2671 2257 τῆς
2702 2190 2985 2261 Παρθένου
3021 2195 3223 2266 μήτρᾳ,
3256 2200 3394 2267 μετὰ
3423 2201 3515 2268 τῆς
3547 2202 3654 2265 ἰδίας

2124 2276 2344 2345 σαρκὸς.
2373 2278 2438 2348 ἠν
2484 2280 2850 2350 προσελάϐετο
2896 2284 2955 2350 ἐξ
3004 2287 3270 2357 αὑτῆς.’0
3314 2292 3578 2363 ἅχώρῃτος
3612 2296 3655 2347 ἐν

2124 2368 2288 2438 σαρκὶ
2317 2370 2606 2441 ἐχωρεῖτοο
2641 2374 2670 2425 6
2690 2374 3045 2440 ἀναλλοίωτος
3073 2381 3128 2431 ἐν
3159 2380 3445 2452 ἀνθρώπου
3474 2391 3653 2456 μορσὶγ

2119 2458 2148 2510 6
2173 2457 2389 2529 ἀπαθὴς
2418 2459 2652 2513 πέπονθε
2671 2461 2738 2515 δι’
2761 2464 2906 2533 ἡμᾶς
2935 2465 3216 2531 ἑκουσίως,
3249 2471 3346 2523 καὶ
3375 2472 3506 2542 ὑπὲρ
3528 2474 3657 2543 ἡμῶν

2118 2552 2184 2620 τῇ
2228 2549 2335 2621 ἰδία
2384 2551 2567 2622 σαρκί.
2599 2552 2659 2605 Ὀ
2708 2552 3011 2625 ἀχώριστος
3054 2558 3148 2612 τοῦ
3186 2558 3325 2614 Θεοῦ
3366 2564 3454 2616 καὶ
3483 2566 3656 2636 Πατρὶς

2119 2645 2211 2697 ἐπὶ
2234 2644 2338 2714 γῆς
2364 2643 2542 2716 ὤφθη,
2562 2645 2702 2699 κατὰ
2730 2646 2789 2699 τὸ
2829 2652 3229 2722 γεγραμμένον,
3261 2655 3359 2709 καὶ
3383 2658 3437 2708 ἐν
3461 2661 3561 2722 τοῖς
3582 2660 3656 2710 ἀι»

2118 2735 2358 2808 θρώποις
2411 2737 2843 2809 συνανεστράφη.
2884 2740 2943 2795 '0
2986 2742 3343 2815 ἀψηλάφητος
3388 2749 3545 2822 λόγχῃ
3577 2752 3658 2803 ὑπὸ

2116 2828 2226 2882 τῶν
2274 2830 2605 2901 παρανόμων
2666 2833 3040 2889 κατενύττετοι
3079 2836 3137 2889 '0
3192 2839 3412 2912 ἀπαθὴς
3463 2844 3657 2915 σταυρὸν

2117 2921 2421 2976 ἐθελούσιον
2469 2922 2730 2992 ὑπέμεινε
2772 2923 2838 2977 δι’
2873 2926 3052 2996 ἡμᾶςι
3097 2931 3158 2981 τὸ
3190 2931 3312 2999 φῶς
3341 2934 3402 2986 τὸ
3433 2935 3659 2988 ἀθάνατον

2118 3013 2330 3083 θανάτῳ
2365 3015 2554 3066 ἐαυτὸν
2594 3015 2881 3081 ἐκδέδωκε,
2919 3017 3133 3090 θανάτῳ
3168 3021 3227 3073 δὲ
3263 3026 3576 3097 σταυροῦ.’0
3598 3028 3657 3079 ὢν

2117 3108 2175 3159 ἐν
2204 3106 2280 3176 τῷ
2308 3106 2491 3177 κόλπῳ
2518 3106 2612 3160 τοῦ
2642 3109 2872 3179 Πατρὸς,
2899 3111 3166 3184 ἀνάληψιν
3194 3116 3455 3186 ὑπέμεινε
3485 3120 3563 3173 διὰ
3584 3124 3659 3189 τῆς

2127 3201 2260 3262 ἰδίας
2296 3201 2518 3270 σαρκός.
2548 3201 2686 3265 Τοὺς
2730 3202 2787 3255 δὲ
2817 3202 3093 3272 λέγοντας,
3126 3208 3414 3279 ἄνθρωπόν
3444 3230 3554 3265 τινα
3575 3213 3659 3264 τῶν

2115 3294 2235 3351 καθ’
2256 3295 2403 3364 ἡμᾶς
2425 3293 2775 3363 ἀνειληφέναι
2798 3295 2887 3348 τὸν
2910 3296 3041 3350 Θεὸν
3062 3298 3257 3367 Λόγον,
3280 3303 3374 3356 καὶ
3399 3306 3471 3375 μὴ
3492 3305 3659 3374 μᾶλλον

2114 3387 2281 3441 αὑτὸν
2312 3385 2404 3439 τὸν
2433 3386 2563 3439 Υἱὸν
2596 3388 2687 3440 τὸν
2723 3389 3089 3444 ἐνυπόστατόν
3119 3409 3180 3446 τε
3213 3396 3313 3448 καὶ
3339 3398 3526 3467 ἐνεργῆ
3546 3438 3559 3460 ,
3586 3397 3659 3450 καὶ

2115 3479 2314 3544 ζῶντα,
2348 3478 2601 3546 γενέσθαι
2648 3479 2937 3551 ἄνθρωπον
2984 3484 3078 3536 καὶ
3131 3486 3196 3538 ἐν
3246 3490 3362 3551 τοῖς
3399 3490 3514 3542 καθ’
3542 3491 3660 3558 ἡμᾶς

2112 3567 2468 3637 οἰκονομικῶς
2496 3568 2563 3620 δι’
2593 3570 2763 3638 ἡμᾶς,
2798 3569 3032 3641 ἐξορίζει
3064 3574 3095 3645 ἡ
3127 3576 3262 3643 ἁγία
3304 3578 3535 3643 Σύνοδος,
3560 3583 3587 3651 1;
3613 3582 3659 3630 ὲν

2112 3658 2178 3726 τῇ
2218 3656 2481 3724 Ἐφεσίων
2506 3656 2658 3709 πόλει
2683 3660 3051 3729 γεγενημένη.’

440 3730 529 3798 qui
580 3730 632 3784 in
684 3732 922 3806 pr0pria]
970 3750 1198 3804 persona
1249 3740 1514 3808 subsiStit,
1587 3741 1860 3798 hominem
1913 3744 2137 3813 factum,
2201 3749 2700 3819 dispensatorieque
2728 3750 2782 3804 in
2846 3752 3096 3809 humanis
3160 3769 3388 3827 propter
3438 3778 3528 3814 nos
3566 3774 3659 3811 vcrb

438 3828 614 3874 satum
651 3836 771 3877 esse
813 3824 1151 3878 inliciantur°
1196 3827 1317 3882 illos
1354 3845 1512 3885 sacra
1539 3830 1791 3902 Synodus
1836 3835 2103 3892 Enhesiua
2134 3838 2374 3909 explodit
2404 3850 2459 3893 et
2486 3838 2631 3903 ejicit

903 3960 1201 4017 Disoutatio
1239 3966 1303 4018 de
1339 3969 1540 4023 eodem.

510 4092 887 4165 Interrogatio.
923 4094 1035 4151 Cur
1060 4096 1224 4164 Deus,
1253 4099 1345 4170 qui
1372 4102 1757 4172 comprehendi
1789 4121 1892 4159 non
1922 4122 2012 4175 po:-

438 4193 567 4249 test,
608 4186 845 4255 virgineo
886 4198 1041 4243 utero
1083 4192 1519 4273 comprehensus_
1544 4194 1666 4248 est?
1700 4194 2009 4264 Responsio.

434 4276 573 4343 Quia
614 4277 919 4333 mortalium
960 4295 1133 4350 genus
1170 4281 1457 4352 redimere,
1494 4292 1549 4340 et
1587 4303 1617 4341 a
1658 4288 1916 4342 servitute
1959 4291 2011 4342 in

436 4367 739 4423 libertatem
768 4384 1016 4425 asserere
1047 4372 1269 4442 placuit.

507 4457 769 4530 luterrog.
805 4460 916 4516 Cur
942 4462 1094 4517 initio
1135 4478 1329 4519 carens
1354 4481 1419 4521 ex
1448 4466 1670 4522 muliere
1710 4470 1858 4523 nasci
1889 4484 2009 4538 per—

436 4550 594 4605 tulit?
642 4551 801 4619 Resp.
853 4552 1299 4625 Quandoquidem
1356 4559 1457 4613 sub
1510 4559 1796 4614 maledicto
1850 4575 2007 4617 erant

432 4661 621 4701 omnes
656 4648 902 4703 homines
938 4651 1125 4720 (erant
1162 4654 1305 4708 enim
1343 4657 1443 4710 sub
1481 4658 1687 4727 peccati
1721 4658 1883 4728 803
1924 4674 2006 4712 re-

429 4737 581 4809 gno),
614 4739 735 4795 ideo
766 4741 818 4794 in
847 4751 1053 4798 natura:
1082 4744 1236 4798 initia
1266 4747 1466 4803 relatus
1497 4758 1581 4803 est
1606 4767 1633 4803 a
1660 4752 1815 4805 nobis
1849 4752 2001 4820 ipsis,

429 4837 494 4883 ut
543 4837 599 4885 et
644 4842 994 4902 cognatorum
1043 4837 1413 4904 nativitatem,
1463 4849 1519 4895 et
1567 4842 1742 4910 ipsum
1795 4851 2005 4897 uterum

427 4922 814 4981 sanctiﬁcaret.

502 5013 767 5086 Interrog.
807 5017 917 5073 Cur
942 5018 1276 5078 inalterabile
1306 5034 1361 5079 et
1389 5025 1725 5083 immutabile
1754 5027 1847 5083 Dei
1870 5028 2001 5085 Ver-

433 5104 559 5158 bum
601 5108 740 5161 inter
781 5108 1030 5166 homines
1067 5124 1460 5184 computatum,
1504 5127 1559 5172 et
1601 5120 1763 5175 homo
1800 5120 2002 5175 factum

431 5196 547 5251 est?
573 5195 730 5268 Resp.
755 5198 837 5255 Ob
864 5202 916 5255 id
946 5204 1039 5259 Dei
1060 5203 1239 5262 Verbo
1266 5208 1629 5278 dispensative
1658 5223 1878 5281 propter
1899 5228 2002 5269 nos

433 5286 487 5339 in
519 5287 768 5345 humanis
794 5293 1036 5360 versari,
1070 5297 1331 5363 nobisque
1362 5313 1457 5367 per
1484 5301 1696 5366 omnia,
1729 5301 1845 5356 solo
1871 5317 1998 5372 pec-

428 5389 555 5431 cato
583 5388 830 5451 excepto,
864 5384 1149 5441 assimilari
1180 5386 1399 5457 placuit,
1431 5391 1556 5459 quia
1590 5392 1878 5449 humanum
1909 5411 2001 5466 ge-

430 5482 536 5524 nus
567 5472 778 5529 salvare
807 5476 997 5531 voluit.

508 5647 528 5676 ⁸
563 5647 742 5731 alat-fx
767 5667 838 5713 tv,
859 5652 1041 5731 '58.__‘
1067 5655 1221 5713 Joan.
1259 5673 1329 5726 tv,
1361 5658 1412 5713 6.
1492 5661 1510 5693 ⁵
1554 5663 1749 5718 Matth.
1792 5680 1899 5731 xlv,
1939 5664 2024 5719 2³3.

427 5714 523 5772 δι.
599 5720 617 5749 ’
649 5717 812 5773 Hebr.
840 5736 915 5787 tv,
948 5726 1033 5779 l2.

2465 3977 2783 4048 Συζιξτησις
2820 3982 2951 4051 περὶ
2991 3985 3093 4038 τοῦ
3125 3990 3342 4043 αὐτοῦ.

2194 4114 2530 4182 Ἐρώτησις.
2578 4115 2701 4180 Πῶς
2732 4119 2761 4171 6
2788 4117 2920 4183 Θεὸς
2945 4120 2974 4172 6
3006 4121 3298 4195 ἀχώρητος
3345 4129 3577 4199 ἐχωρήθη
3607 4131 3651 4181 ἐν

2112 4203 2296 4274 μήτρᾳ
2352 4204 2692 4277 παρθενικῇς
2765 4208 3114 4277 Ἀπόκρισις.
3153 4215 3382 4290 Ἐπειδὴ
3438 4221 3651 4283 εὐδόκησι

2109 4293 2530 4364 λυτρώσασθαι,
2588 4299 2681 4350 καὶ
2730 4298 3097 4370 ἐλευθερῶσαι
3146 4306 3209 4358 τὸ
3255 4309 3359 4378 τῆς
3407 4310 3651 4382 ἀνθρώπων

2112 4383 2326 4451 φύσεως
2351 4387 2528 4452 γένος.

2207 4475 2390 4543 Ερώτ.
2431 4476 2553 4540 Πῶς
2588 4480 2616 4531 6
2642 4481 2876 4552 ἄναρχος
2895 4485 3147 4554 γέννησιν
3177 4490 3442 4560 ὑπέμεινε
3468 4493 3553 4561 τὴν
3581 4491 3651 4543 διὰ

2110 4571 2399 4635 γυναικός;
2455 4570 2695 4641 Ἀπόκρ.
2735 4576 2946 4649 Ἐπειδὴ
2996 4580 3101 4633 ὑπὸ
3149 4587 3404 4655 κατάραν
3448 4588 3651 4654 ἐγεγόνει

2110 4661 2297 4715 λοιπὸν
2344 4664 2451 4725 πᾶς
2496 4663 2815 4736 ἄνθρωπος·
2871 4667 3221 4737 βεϐασίλευτο
3274 4676 3383 4746 γὰρ
3432 4679 3529 4731 ὑπὸ
3575 4677 3650 4746 τῆς

2112 4752 2386 4822 ἁμαρτίας
2409 4770 2422 4783 ·
2462 4753 2551 4807 διὰ
2580 4754 2737 4808 τοῦτο
2766 4758 2845 4820 είς
2876 4760 3052 4830 ἀρχὰς
3076 4762 3169 4815 τοῦ
3203 4760 3350 4820 εἶναι
3376 4768 3647 4836 λελόγισται

2103 4844 2237 4913 πρὸς
2256 4845 2288 4915 ἡ
2296 4845 2410 4915 μῶν
2426 4847 2628 4910 αὐτῶν,
2654 4847 2741 4901 ἴνα
2763 4850 2855 4902 καὶ
2879 4851 2976 4923 τὴν
2996 4852 3100 4907 τῶν
3127 4858 3413 4927 ὁμογενῶν
3439 4863 3649 4931 γέννησιν

2108 4934 2203 4986 καὶ
2244 4938 2457 5004 μήτραν
2493 4939 2713 5011 ἁγιάσῃ.

2194 5026 2391 5094 Ἐρώτι
2431 5028 2555 5093 Πῶς
2602 5031 2659 5084 ἐν
2706 5033 3013 5104 ἀνθρώποις
3050 5039 3435 5116 κατελογίσθη,
3468 5044 3647 5098 καὶᾶν-

2110 5117 2325 5189 θρωπος
2351 5121 2563 5190 γέγονε,
2612 5125 2879 5195 ἄτρεπτός
2911 5145 2969 5181 τε
2996 5133 3090 5185 καὶ
3124 5135 3487 5202 ἀναλλοίωτος
3516 5143 3543 5192 ὀ
3578 5138 3647 5190 τοῦ

2108 5210 2243 5263 Θεοῦ
2296 5213 2500 5282 Λόγος;
2563 5215 2789 5285 Ἀπόκρ.
2841 5220 2914 5272 Τὸ
2966 5222 3257 5294 ἀνθρώπου
3303 5232 3462 5298 γένος
3507 5233 3645 5285 σῶσαι

2106 5300 2447 5372 βουλόμενος,
2478 5305 2737 5377 εὐδόκησε
2783 5308 2850 5361 δι’
2879 5313 3025 5381 ἡμᾶς
3049 5316 3106 5366 ἐν
3132 5315 3145 5385 Ῐ
3170 5318 3260 5375 lo.
3301 5323 3543 5389 γενέσθαι
3569 5321 3645 5393 ἐν]

2104 5396 2217 5456 τοῖς
2266 5394 2388 5448 καθ’
2419 5396 2566 5465 ἡμᾶς
2606 5399 2983 5471 οίκονομικῶς,
3031 5408 3124 5460 καὶ
3166 5408 3491 5479 ὠμοιῶσθαι
3544 5416 3643 5483 ἡμῖν

2106 5488 2246 5541 κατὰ
2284 5488 2479 5554 πάντα,
2520 5490 2688 5562 χωρὶς
2726 5492 2998 5563 ἁμαρτίας

2106 5667 2124 5697 ⁸
2160 5667 2387 5723 l’ltilioo.
2422 5685 2480 5736 ll,
2516 5670 2568 5727 7.

2667 5670 2685 5700 ⁷
2727 5669 2956 5728 Baruch.
2991 5689 3071 5739 In,
3106 5677 3188 5733 3S.
3315 5684 3335 5713 '
3364 5682 3517 5739 Joan.
3552 5698 3637 5738 xu.
