3856 6212
182 260 306 314 ΗΠ

1094 261 1397 321 SCHOLIA
1440 261 1529 323 DE
1566 262 2080 329 INCARNATIONE
2118 270 2323 329 VERBI
2358 274 2490 331 DEI.

3272 289 3409 345 Hi3

252 377 439 447 Ἐρώτ.
484 372 607 442 Πως
660 380 737 450 τῷ
787 381 986 434 ἀπαθεῖ
1034 382 1217 446 ῦπνον,
1270 386 1359 437 καὶ
1410 387 1595 449 κόπον,
1644 388 1736 440 καὶ

1910 389 2173 461 Interrog.
2214 391 2491 459 Quomodo
2527 390 2805 462 impatihili
2840 411 3112 461 somnum,
3143 400 3403 468 laborem,

176 474 379 538 πεῖναν,
416 471 508 524 καὶ
541 473 793 540 σταυρὸν,
823 473 915 525 καὶ
944 472 1120 525 πάντα
1145 474 1214 528 τὰ
1238 475 1571 545 ὑποκείμενα
1612 477 1739 546 φθο-

176 564 262 633 ρᾷ,
297 563 616 633 περιάπτειν
661 563 931 633 τολμᾶτε;
995 565 1231 634 ’Λπόκμ
1262 567 1529 637 Εὐφήμει,
1576 562 1621 622 ὦ
1661 570 1741 622 iw-

172 653 376 721 θρωπε,
425 651 748 721 παρακαλῶ.
782 653 919 724 ’Ἤδη
963 658 1241 724 προεῖπον,
1282 658 1446 727 σαρκὶ
1497 658 1736 729 παθητῇ,

175 744 351 807 καθὼς
375 744 469 798 καὶ
494 747 549 797 αἱ
575 743 713 797 θεῖαι
731 745 947 814 Γραφαὶ
979 748 1110 816 ἡμῖν
1140 748 1553 818 παραδεδώκασι
1567 749 1741 822 [δεδη-

174 832 418 905 λώκασι],
451 836 750 907 περιῆφθαι
772 835 863 889 τὸν
883 835 976 890 τοῦ
1000 836 1131 890 Θεοῦ
1154 839 1344 905 Λόγον,
1382 841 1473 893 καὶ⁴
1501 840 1739 910 ἡνῶσθαι

171 927 329 981 αὑτὸν
363 928 523 998 αὐτῇ,
556 928 649 980 κα)⁸
693 928 759 980 δι’
790 929 958 999 αὐτῆς
1003 929 1281 998 πεφηνότα
1326 931 1415 983 τὸν
1464 932 1591 985 Υἱὸν
1644 932 1736 986 τοῦ

166 1020 324 1084 Θεοῦ,
370 1018 465 1073 τόν
492 1019 625 1093 Θεὸν
653 1019 845 1088 Λόγον,
882 1020 998 1091 μετ’
1025 1021 1196 1091 αὐτῆς
1238 1020 1403 1076 ὕπνον
1429 1022 1736 1094 ὑπομεῖναι,

170 1113 264 1167 καὶ
311 1111 501 1177 κόπον,
557 1112 652 1166 καὶ
702 1111 878 1165 πάντα
924 1110 993 1163 τά
1039 1110 1133 1164 τοῦ
1188 1111 1474 1183 ἀνθρώπου
1502 1153 1516 1177 ,
1571 1115 1741 1185 χωρὶς

167 1205 462 1276 ἁμαρτίας,
494 1204 556 1258 οὑ
600 1206 665 1275 τῇ
720 1202 897 1275 φθορᾷ
938 1204 1296 1273 ὑποκείμενος
1317 1220 1330 1234 ·
1359 1204 1598 1274 ἀμείνων
1630 1205 1739 1277 γὰρ

169 1297 394 1368 φθορᾶς,
422 1297 517 1351 καὶ
547 1297 776 1352 θανάτου
829 1299 858 1350 6
906 1296 1183 1368 ἄφθαρτος
1218 1295 1314 1350 καὶ
1354 1296 1616 1361 ζωοποιὸς
1642 1298 1736 1351 τοῦ

165 1389 301 1443 Θεοῦ
353 1388 557 1457 Λόγος,
595 1387 728 1441 ἀλλά
772 1386 871 1458 τὴν
914 1386 1119 1459 φθορὰν
1164 1387 1448 1441 ἁποσοόῶν
1492 1387 1600 1440 ἀπὸ
1643 1388 1737 1442 τοῦ

166 1481 359 1545 γένους
405 1482 513 1535 τῶν
557 1479 878 1551 ἀνθρώπων.
926 1480 1038 1532 Οὐκ
1091 1479 1244 1548 οἶμαι
1288 1478 1540 1550 ἔγκλημα
1586 1498 1771 1552 περι-,

164 1572 432 1628 ἅπτεσθαι
463 1572 692 1642 βασιλεῖ,
717 1571 914 1625 ὁπόταν
941 1569 1264 1641 βουλόμενος
1295 1569 1466 1623 σῶσαι
1492 1570 1553 1623 τὸ
1584 1570 1733 1636 ῐδιον,

162 1663 223 1717 τὸ
264 1662 361 1718 τοῦ
406 1662 593 1717 δούλου
624 1666 811 1735 σχῆμα
841 1663 1152 1733 ἐνδύσηται.
1186 1664 1296 1715 Καὶ
1328 1662 1445 1727 πῶς
1476 1662 1735 1734 τολμήσει

1845 481 2301 552 defatigationem,
2343 498 2579 551 crucem,
2620 483 2839 549 famem,
2881 496 3185 561 ereteraque
3227 497 3406 549 omnia

1843 573 2175 643 corruptioni
2213 575 2452 645 subjecta
2495 576 2734 632 tribuere
2755 577 3005 634 audetis?
3038 579 3189 650 Resp.
3218 584 3405 647 Parce,

1840 675 2044 730 quaeso,
2070 663 2389 719 maledictis.
2435 663 2556 720 Jam
2606 674 2733 720 ante
2781 667 2987 736 monui,
3036 670 3129 726 Dei
3175 672 3405 730 Verbum

1840 765 2003 805 carne
2048 751 2322 821 passibili,
2366 755 2664 810 secundum
2712 755 3113 825 Scripturarum
3162 764 3409 821 traditio»

1839 856 1993 909 nem,
2024 858 2085 898 se
2119 844 2387 911 induisse,
2422 854 2477 901 et
2509 860 2569 900 se
2606 846 2680 901 illi
2715 849 2899 903 unisse
2930 868 2943 904 :
2977 867 3073 920 per
3100 852 3270 921 ipsam
3311 874 3408 911 au-

1839 940 1945 984 tem
1996 932 2161 987 Deum
2204 933 2436 989 Verbum
2486 944 2542 990 et.
2590 936 2680 991 Dei
2726 934 2923 992 Filium
2970 946 3302 1010 apparuisse,
3355 961 3409 999 et

1838 1036 1960 1076 cum
2008 1023 2119 1094 ipsa
2148 1024 2411 1092 laborem,
2440 1036 2495 1081 et
2536 1042 2781 1083 somnum
2828 1041 2881 1085 et
2928 1034 3160 1089 humana
3203 1040 3402 1097 omnia.

1837 1122 2058 1182 peccato
2106 1125 2314 1169 tantum
2361 1127 2608 1186 excepto,
2662 1121 2985 1179 sustinuisse
3036 1144 3051 1180 :
3108 1143 3211 1181 non
3263 1134 3404 1197 quod

1838 1205 2173 1276 corruptioni
2217 1206 2552 1276 subiaceret,
2593 1211 2856 1280 siquidem
2900 1214 3313 1286 incorruptibile
3355 1232 3407 1273 et

1838 1293 2107 1350 viviﬁcum
2138 1296 2234 1352 Dei
2259 1296 2493 1354 Verbum
2529 1305 2879 1371 corruptione
2912 1315 2966 1360 et
3002 1307 3218 1364 interitu
3254 1311 3410 1383 longe

1837 1387 2086 1455 superius
2116 1397 2227 1456 est;
2262 1390 2353 1445 sed
2393 1400 2452 1444 ut
2488 1393 2762 1448 interitum
2801 1396 2867 1450 ab
2901 1397 3178 1455 hominum
3213 1417 3409 1470 genere

1837 1478 2199 1534 submoveret.
2234 1478 2343 1535 Nec
2381 1482 2617 1538 arbitror
2649 1484 2759 1556 regi
2798 1486 2929 1541 vitio
2967 1491 3103 1543 verti
3146 1506 3323 1561 posse,
3363 1498 3404 1548 si

1835 1581 2057 1625 servare
2090 1570 2231 1639 quod
2268 1573 2387 1643 ejus
2424 1575 2699 1645 proprium
2737 1589 2821 1633 est
2849 1579 3057 1644 volens,
3092 1584 3274 1639 servili
3312 1586 3407 1640 ha—

1838 1658 1952 1713 bitu
1982 1676 2040 1715 se
2068 1663 2273 1718 induat.
2301 1664 2367 1720 Et
2395 1668 2665 1735 quomodo
2694 1669 2957 1739 quispiam
2989 1674 3069 1738 ei,
3102 1675 3191 1743 qui
3222 1689 3408 1746 suapte

158 1772 245 1818 τις
288 1753 369 1824 τῷ
409 1756 476 1824 τῇ
530 1753 687 1823 φύσει
736 1752 1005 1824 ἐλευθέρῳ
1044 1752 1316 1820 ἐγκαλεῖν,
1348 1752 1429 1805 ὅτι
1457 1752 1647 1821 γέγονε
1673 1753 1736 1807 δι’

1844 1762 2037 1807 natura
2065 1754 2199 1810 liber
2219 1765 2322 1823 est,
2348 1759 2562 1814 crimini
2586 1771 2801 1818 vertere
2825 1765 3039 1829 audeat,
3066 1768 3207 1836 quod
3237 1775 3405 1825 nostri

161 1846 311 1915 ἡμᾶς
338 1845 644 1916 ἄνθρωπος,
672 1844 771 1897 καὶ
804 1846 860 1897 ὲν
885 1847 996 1908 τοῖς
1025 1844 1146 1897 καθ’
1174 1844 1320 1914 ἡμᾶς
1345 1844 1734 1915 οἰκονομικῶς;

174 1937 461 2007 Ἀποδὲχου
511 1935 601 1989 τοῦ
651 1935 864 2007 Πατρὸς
912 1934 1010 2005 τὴν
1053 1933 1482 2005 φιλανθρωπίαν,
1524 1936 1603 1988 ὅτι
1647 1936 1738 1988 τὸν

162 2031 293 2085 ῖδιον
319 2029 450 2082 Υἱὸν
494 2028 746 2100 δωρεῖται
795 2027 862 2079 δι’
894 2028 1075 2098 ἡμᾶς·
1134 2028 1208 2097 μὴ
1260 2026 1626 2099 περιεργάζου
1678 2027 1738 2081 τὸ

158 2121 413 2191 πρᾶγμα,
448 2117 779 2190 παρακαλῶ·
828 2118 890 2171 ου
934 2116 1042 2188 γὰρ
1092 2116 1150 2184 ἐξ
1176 2114 1503 2189 ’Ἑλληνικῆς
1548 2119 1737 2186 σοφίας

157 2213 217 2266 τὸ
241 2210 563 2282 γνώρισμα·
595 2210 715 2262 οὐδὲ
740 2208 848 2262 ἀπὸ
877 2209 1229 2280 φρονήματος
1257 2208 1551 2278 κοσμικοῦ·
1584 2208 1737 2261 ἀλλό-

154 2322 309 2375 τριον
336 2304 448 2373 γὰρ
474 2302 768 2373 ἑκατέρων.
802 2320 819 2352 ι
844 2302 1126 2372 Μακάριος
1145 2295 1212 2367 εἴ,
1239 2320 1256 2353 ι
1286 2301 1450 2372 φησὶν
1478 2302 1504 2352 ὁ
1534 2301 1737 2371 Κύριος

148 2398 233 2468 τῷ
258 2398 477 2468 Πέτρῳ,
518 2414 535 2447 ι
565 2394 747 2466 Σιμὼν
766 2394 882 2466 Βάρ
925 2395 1106 2459 Ἰωνᾶ,
1142 2394 1223 2447 ὅτι
1270 2392 1427 2463 σὰρξ,
1461 2392 1556 2445 καὶ
1598 2389 1738 2462 αἷμα

145 2491 255 2544 οὐκ
284 2486 606 2556 ἀπεκάλυψὲ
649 2503 750 2549 σοι,
775 2486 889 2538 ἀλλ’
915 2487 942 2539 6
974 2487 1164 2556 Πατήρ
1197 2502 1318 2555 μου,
1349 2486 1378 2536 6
1407 2487 1464 2538 ὲν
1502 2488 1613 2549 τοῖς
1648 2484 1738 2537 οὑ-

150 2584 361 2653 ρανοίς.
399 2597 417 2630 ι
462 2578 729 2649 Οὐράνιον
761 2576 821 2631 τὸ
858 2577 1029 2648 δῶρον
1058 2576 1120 2630 τὸ
1144 2577 1243 2647 τῆς
1270 2576 1421 2640 θείας
1452 2577 1734 2647 ἐπιφοιτή-

148 2686 294 2733 σεως
334 2665 432 2721 τοῦ
471 2666 602 2719 Υἰοῦ
640 2666 733 2719 τοῦ
772 2665 908 2719 Θεοῦ
946 2666 1251 2737 γνώρισμα.

233 2760 446 2831 Ἐρὼτ.
484 2758 609 2825 Πῶς
637 2758 666 2811 6
702 2758 812 2811 τῶν
861 2760 1078 2812 πάντων
1117 2758 1346 2829 ποιητὴς
1376 2757 1505 2821 Θεὸς
1542 2759 1734 2826 Λόγος,

140 2856 173 2911 6
202 2854 590 2927 ἀφηλάφητος,
619 2854 648 2905 6
676 2852 930 2923 ἀόρατος,
950 2852 979 2903 6
1002 2849 1358 2913 ἀναλλοίωτός
1382 2867 1440 2903 τε
1465 2851 1557 2903 καὶ
1578 2867 1735 2919 περι-

141 2948 371 3021 γραφὴν
420 2946 496 3017 μὴ
548 2944 891 3015 ἀνεχόμενος,
944 2944 1001 2995 ἐν
1048 2943 1255 2996 εὐτελεῖ
1307 2943 1449 3014 ξύλῳ
1506 2944 1737 3015 σταυρὸν

142 3042 443 3111 ὑπέμεινε,
500 3037 596 3090 καὶ
648 3036 907 3097 Θάνατον;
977 3035 1217 3102 Ἀπόκρ.
1267 3034 1508 3087 Θάνατόν
1555 3051 1733 3105 φαμεν

140 3126 614 3198 ὑπομεμενηκότα
659 3122 751 3177 τὸν
794 3123 889 3176 τοῦ
934 3121 1068 3175 Θεοῦ
1114 3123 1306 3188 Λόγον,
1340 3121 1433 3174 καὶ
1480 3120 1732 3190 σταυρὸν,

138 3222 232 3276 διά
266 3221 376 3289 τῆς
406 3214 610 3288 σαρκὸς
631 3215 734 3288 τῇς
768 3215 924 3278 ἰδίας,
963 3213 1049 3265 ἵνα
1084 3214 1230 3282 ἡμᾶς
1253 3211 1539 3283 ἀπαλλάξῃ
1570 3211 1733 3264 θανά-

137 3332 260 3377 του,
292 3314 393 3365 καὶ
424 3310 627 3380 φθορᾶς
647 3326 660 3340 ·
693 3307 792 3377 τὴν
824 3305 962 3359 ἰδίαν
995 3304 1104 3375 γὰρ
1128 3304 1305 3374 ψυχὴν
1333 3303 1574 3357 τέθεικεν
1598 3303 1736 3373 ὑπὲρ

138 3405 329 3477 ἡμῶν,
358 3405 466 3456 οὑκ
486 3399 771 3471 ἀλλοτρίαν
799 3394 1039 3465 οὗσαν,ἢ
1067 3395 1225 3463 ξένην
1243 3394 1336 3447 τοῦ
1367 3394 1502 3447 Θεοῦ
1529 3395 1730 3462 Λόγου·

133 3498 468 3569 ἀπόρρητος
494 3492 605 3563 γὰρ
636 3493 669 3563 ἡ
704 3491 926 3552 ἓνωσις·
965 3488 1126 3550 αὐτὸς
1148 3486 1257 3556 γὰρ
1285 3482 1464 3539 εἶπεν·
1513 3504 1530 3537 ι
1556 3485 1735 3550 Ἐξου-

134 3593 265 3644 σίαν
316 3591 433 3658 ἔχω
468 3587 564 3657 τὴν
600 3586 777 3657 ψυχήν
815 3602 915 3656 μου
961 3582 1153 3645 θεῖναι,
1188 3582 1281 3634 καὶ
1334 3578 1579 3644 ἐξουσίαν
1626 3579 1735 3649 ἔχω

130 3683 310 3736 πάλιν
345 3679 537 3732 λαϐεῖν
571 3678 762 3746 αὑτήν.
796 3696 815 3728 ι
851 3674 1066 3744 Ταύτης
1094 3673 1225 3726 ἴδιον
1253 3672 1314 3725 τὸ
1340 3672 1648 3742 ἀδημονεῖν,
1674 3670 1734 3722 τὸ

130 3777 322 3845 λύπην
361 3773 656 3841 ὑπομεῖναι
691 3766 1133 3840 [ὑπομένειν],τὸ
1178 3766 1432 3835 ἐκδημεῖν
1480 3764 1587 3816 ἀπὸ
1639 3762 1732 3815 τοῦ

128 3867 429 3938 σώματος,
459 3863 533 3924 ὡς
564 3862 656 3915 καὶ
688 3861 888 3928 σαρκὸς
917 3857 976 3911 τὸ
1004 3858 1221 3927 κοπιᾷν,
1248 3856 1309 3908 τὸ
1349 3852 1731 3925 σταυροῦσθαι,

123 3961 190 4012 τὸ
223 3953 588 4015 ἀνίστασθαι,
620 3953 681 4005 τὸ
713 3952 1006 4021 μετάρσιον
1042 3947 1334 4017 ὑπομένειν
1381 3946 1559 3998 θέσιν·
1594 3944 1733 4013 πλὴν

120 4052 272 4107 Θεοῦ
329 4050 405 4103 τά
463 4050 640 4101 πάντα
687 4048 922 4116 λέγεται,
956 4047 1049 4099 καὶ
1098 4043 1233 4097 εἰσί·
1271 4042 1404 4096 Θεοῦ
1434 4041 1541 4113 γὰρ
1574 4040 1669 4094 καὶ
1700 4042 1732 4111 ἡ

117 4148 319 4222 ψυχή·
360 4139 507 4196 Θεοῦ
548 4143 642 4194 καὶ
679 4140 740 4193 τὸ
780 4139 959 4209 σῶμα.

205 4324 429 4393 Ἔρὼτ.
478 4319 601 4382 Πῶς
650 4319 677 4370 ὁ
724 4318 1129 4389 παντοδύναμος
1161 4318 1330 4386 Λόγος
1370 4315 1464 4370 τοῦ
1520 4316 1732 4384 Πατρος

1842 1856 2007 1898 causa
2048 1845 2209 1900 homo
2248 1848 2363 1902 ﬁeri
2422 1851 2919 1923 dispensatorieque
2960 1856 3013 1911 in
3054 1862 3254 1916 nostris
3288 1877 3409 1916 ver-

1841 1933 1949 1988 sari
1994 1950 2100 1990 non
2146 1939 2432 1993 abnuerit?
2472 1940 2649 1997 Patris
2696 1943 3103 2014 benignitatem,
3147 1949 3237 2017 qui
3284 1966 3443 2021 pro-v

1840 2026 2015 2093 prium
2053 2028 2247 2083 Filium
2288 2041 2507 2101 prepler
2540 2048 2637 2088 nos
2671 2034 2919 2102 donavit,
2959 2039 3314 2111 amplectere;
3353 2044 3405 2099 in

1839 2118 2011 2186 ipsam
2045 2129 2223 2174 autem
2258 2137 2370 2177 rem
2405 2125 2693 2190 curiosius,
2727 2142 2931 2195 quaeso,
2969 2130 3074 2184 noli
3113 2132 3403 2202 inquirere.

1839 2208 1955 2264 Non
1993 2212 2136 2264 enim
2178 2227 2273 2281 per
2310 2213 2621 2269 Graecorum
2664 2220 3007 2286 sapientiam,
3049 2232 3141 2275 aut
3186 2225 3408 2278 munda-

1841 2317 1966 2355 num
2001 2318 2213 2357 sensum
2249 2306 2564 2373 percipitur,
2596 2309 2690 2361 sed
2726 2309 2793 2363 ab
2828 2319 3058 2380 utroque
3088 2320 3172 2366 est
3208 2313 3403 2369 aliena.

1844 2412 1862 2444 ι
1883 2394 2076 2449 Beatus
2093 2412 2171 2459 es,
2192 2396 2375 2451 Simon
2398 2398 2686 2461 Bar-Joua,
2706 2419 2724 2451 ι
2744 2402 2920 2470 inquit
2938 2404 3194 2459 Dominus
3222 2404 3401 2468 Petro.

1839 2505 1862 2535 ί
1908 2487 2033 2555 quia
2056 2503 2184 2541 caro
2206 2499 2258 2542 et
2282 2491 2501 2558 sanguis
2529 2508 2631 2545 non
2662 2493 3073 2564 revelavit‘tibi,
3108 2498 3204 2553 sed
3244 2498 3406 2553 Pater

1838 2594 1988 2632 meus
2014 2580 2104 2648 qui
2132 2590 2213 2633 est
2241 2580 2292 2633 in
2322 2582 2474 2635 oculis
2493 2583 2557 2637 ‘°.
2593 2602 2611 2634 ι
2644 2582 2775 2636 Nam
2804 2586 2968 2640 divini
2996 2590 3257 2645 adventus
3283 2591 3402 2647 Filii

1836 2665 1930 2721 Dei
1960 2669 2215 2737 cegnilio,
2244 2670 2465 2725 cmleste
2494 2672 2692 2725 donum
2721 2685 2825 2728 est.

1909 2757 2170 2829 [Men-ag.
2209 2761 2486 2826 Quomodo
2511 2763 2880 2819 universorum
2909 2768 3087 2837 opifex
3116 2770 3253 2826 Deus
3274 2771 3408 2828 Ver-

1837 2850 1987 2918 bum,
2017 2853 2106 2921 qui
2139 2867 2237 2907 nec
2270 2855 2432 2923 tangi,
2463 2870 2561 2909 nec
2593 2858 2763 2923 cerni,
2793 2874 2891 2914 nec
2920 2863 3139 2927 mutari,
3169 2880 3269 2920 nec
3298 2868 3407 2922 cir-

1838 2943 2123 2997 cumscribi
2165 2953 2372 3013 potest,
2410 2947 2461 2998 in
2497 2946 2587 3001 vili
2629 2947 2774 3019 ligno
2815 2966 3027 3006 crucem
3071 2965 3406 3027 mortemque

1836 3035 2123 3089 sustinuit?
2148 3034 2302 3106 Resp.
2333 3036 2561 3091 Mortem
2596 3049 2648 3093 et
2679 3055 2893 3095 crucem
2927 3043 3019 3098 Dei
3050 3044 3279 3103 Verbum
3312 3066 3407 3119 per

1839 3128 2106 3194 propriam
2136 3144 2353 3182 carnem
2383 3130 2703 3186 sustinuisse
2730 3133 2959 3190 dicimus
2985 3154 2999 3190 :
3026 3140 3283 3195 sustinuit
3310 3158 3405 3195 au-

1838 3227 1944 3273 tem
1987 3221 2125 3282 haec,
2166 3230 2224 3273 ut
2260 3237 2357 3274 nos
2393 3238 2421 3274 ει
2459 3233 2630 3277 morte
2665 3233 2719 3279 et
2754 3229 3101 3296 corruptione
3138 3233 3406 3290 immunes

1837 3310 2102 3365 redderet.
2130 3308 2265 3364 Nam
2299 3312 2534 3367 animam
2567 3317 2839 3384 propriam
2875 3318 2962 3373 ille
2994 3336 3090 3391 pro
3124 3324 3278 3381 nobis
3313 3343 3406 3396 po-

1834 3400 1961 3465 suit,
1990 3416 2093 3452 non
2122 3400 2482 3470 pmgrinam,
2510 3414 2604 3456 aut
2632 3418 2661 3458 a
2691 3403 2799 3460 Deo
2821 3406 2995 3463 Verbo
3019 3412 3251 3467 alienam
3278 3430 3294 3469 :
3324 3418 3406 3471 in-

1835 3492 2166 3561 explicabilis
2192 3495 2335 3548 enim
2361 3504 2444 3548 est
2470 3497 2616 3551 unio.
2646 3496 2762 3566 Ipse
2787 3500 2931 3555 enim
2959 3502 3036 3556 ait
3061 3522 3075 3557 :
3111 3523 3129 3555 ι
3162 3504 3406 3563 Potesta-

1838 3594 1942 3638 tem
1984 3584 2157 3639 habeo
2197 3586 2424 3653 ponendi
2466 3588 2699 3641 animam
2742 3605 2949 3655 meam,
2988 3601 3042 3647 et
3084 3606 3403 3665 potestatem

1836 3673 2006 3728 habeo
2044 3674 2236 3729 iterum
2274 3676 2516 3729 sumendi
2557 3679 2759 3734 eam“.
2808 3697 2826 3731 ι
2865 3680 3014 3737 Illius
3055 3687 3247 3741 animae
3280 3706 3405 3759 pro-

1834 3768 2009 3834 prium
2060 3768 2285 3833 taedere,
2329 3770 2673 3835 contristari,
2715 3785 2745 3824 e
2787 3772 2953 3845 804
2999 3791 3226 3846 corpore
3270 3785 3405 3837 emi-

1835 3872 2017 3925 grare,
2045 3862 2494 3926 quemadmodum
2526 3871 2579 3915 et
2609 3863 2759 3917 carni
2789 3880 3001 3934 quoque
3028 3871 3298 3935 peCuliare
3323 3886 3404 3928 est

1834 3948 2137 4018 del’aligari,
2169 3949 2435 4019 cruciﬁgi,
2468 3951 2813 4017 exsuscitari,
2848 3953 2898 4006 in
2935 3955 3103 4009 altum
3136 3960 3400 4014 sublatam

1834 4038 2109 4093 collocari.
2150 4038 2526 4094 Verumtamen
2568 4042 2746 4095 omnia
2793 4042 2905 4097 luec
2943 4054 2999 4098 et
3036 4046 3127 4099 Dei
3166 4056 3310 4118 sunt,
3348 4062 3403 4105 et

1836 4130 1927 4185 Dei
1976 4146 2096 4185 esse
2140 4132 2414 4185 dicuntur.
2465 4131 2560 4187 Dei
2601 4133 2746 4187 enim
2790 4141 2874 4187 est
2923 4136 3135 4203 anima,
3183 4139 3274 4195 Dei
3319 4154 3405 4197 est

1832 4237 1979 4277 caro.

1906 4312 2169 4383 Interrog.
2203 4313 2480 4379 Quomodo
2502 4313 2842 4383 omnipotens
2865 4315 3041 4373 Patris
3058 4316 3295 4375 Verbum
3318 4338 3403 4375 re-

117 4416 448 4473 ἀναστάσει
491 4411 860 4482 περιεπλάκη,
891 4411 984 4464 καὶ
1007 4410 1178 4480 φθορᾷ
1207 4412 1235 4461 6
1274 4410 1547 4479 ἄφθαρτος
1575 4406 1732 4478 [ἀθά-

1839 4402 2109 4467 surrexit,
2147 4412 2238 4455 aut
2283 4402 2687 4471 ineorruptibile
2731 4407 3061 4474 corruptioni
3106 4410 3400 4467 obnoxium

114 4511 351 4581 sia-cog];
394 4508 631 4574 Ἀπόκρ.
664 4506 871 4576 Φθορὰν
902 4505 999 4575 μὲν
1028 4505 1125 4575 οὐχ
1151 4504 1440 4572 ὑπέμεινεν
1465 4502 1572 4554 οὐδ’
1596 4498 1735 4568 αὑτὴ

113 4611 149 4679 ἠ
186 4604 293 4660 τοῦ
331 4598 482 4656 Θεοῦ
510 4600 684 4666 Λόγου
718 4596 883 4669 σάρξ·
920 4596 1088 4659 νόθως
1126 4595 1233 4665 γὰρ
1254 4593 1732 4663 διαλαμϐάνοντες,

110 4698 299 4759 νόθως
325 4692 432 4746 καὶ
460 4690 783 4758 ’ὲπερωτᾶτε
804 4702 819 4716 ⁸
855 4687 1322 4758 προανεκεκράγει
1343 4685 1450 4754 γὰρ
1472 4685 1500 4735 6
1525 4685 1734 4754 προφή-

108 4805 218 4859 της
253 4783 397 4855 περὶ
430 4780 634 4832 αὑτοῦ·
680 4797 697 4829 ι
729 4778 801 4829 Οὐ
832 4776 1027 4839 δώσεις
1054 4776 1143 4829 τδν
1164 4774 1309 4827 ὅσιόν
1341 4791 1432 4825 σου
1467 4775 1594 4826 ἰδεῖν
1617 4774 1733 4825 δια-

104 4880 358 4950 φθοράν.
391 4895 411 4926 ι
448 4873 632 4934 Πάθος
662 4872 759 4941 μὲν
786 4871 1073 4939 ὑπέμεινεν
1100 4867 1401 4920 ἐθελούσιον
1430 4868 1457 4917 ὀ
1478 4865 1571 4918 τοῦ
1596 4865 1730 4917 Θεοῦ

116 4974 243 5036 ι’ἰός
264 4987 279 5000 ·
312 4972 343 5022 6
372 4965 589 5036 χωρῶν
619 4966 675 5018 ἐν
706 4962 883 5031 ἑαυτῴ
913 4961 1002 5013 τὸν
1033 4963 1316 5030 ἀχώρητον
1347 4957 1563 5027 Πατέρα
1583 4974 1596 4989 ·
1629 4974 1735 5025 χω-

105 5067 398 5139 ρούμενος
436 5059 497 5110 δὲ
537 5057 630 5109 καὶ
662 5058 821 5116 αὐτὸς
853 5055 956 5107 ὑπὸ
977 5054 1070 5106 τοῦ
1106 5052 1313 5123 Πατρός
1334 5070 1347 5081 ·
1381 5050 1725 5121 χωρούμενος

103 5162 231 5233 γὰρ·
277 5156 395 5211 ὑπὸ
448 5148 553 5203 τοῦ
599 5150 831 5219 Πατρδς,
857 5148 949 5202 καὶ
974 5146 1048 5199 ὣν
1079 5149 1136 5198 ὲν
1165 5144 1241 5214 τῷ
1275 5144 1457 5212 κόλπῳ
1487 5144 1580 5194 τοῦ
1611 5144 1727 5196 Πα-

100 5254 267 5323 τρὺς,
301 5243 589 5317 ἐχωρεῖτο
622 5241 874 5310 ἀρρήτως
907 5239 1001 5291 καὶ
1047 5239 1103 5291 ὲν
1144 5238 1211 5306 τῇ
1263 5235 1367 5303 ἰδία
1407 5233 1588 5323 σαρκί.
1608 5233 1727 5323 ’Λνέ

100 5322 249 5396 εϐίω
296 5338 359 5391 δὲ
410 5330 743 5403 τριήμερος,
782 5328 1259 5398 λαφυραγωγήσας
1298 5325 1390 5377 τὸν
1436 5322 1601 5394 ᾅδην·
1634 5322 1728 5375 καὶ

100 5437 408 5501 ἐπέφανεν
464 5424 608 5490 ἡμῖν
659 5422 793 5492 μετά
840 5422 937 5489 τῆς
986 5420 1120 5480 ἰδίας
1164 5416 1365 5486 σαρκὸς
1397 5417 1425 5467 6
1466 5413 1559 5466 τοῦ
1591 5412 1725 5466 Θεοῦ

98 5524 268 5586 Υἱός·
316 5520 412 5571 ἵνα,
450 5512 555 5565 καὶ
612 5515 758 5583 ἡμᾶς
788 5510 1067 5580 ἀπαλλάξῃ
1112 5509 1340 5561 θανάτου
1374 5505 1466 5557 καὶ
1497 5505 1722 5575 φθορᾶς.

177 5704 226 5735 ιο
270 5693 483 5752 Matth.
521 5703 639 5749 3m,
678 5690 758 5743 l7.
838 5691 874 5719 “
913 5686 1069 5741 Jnau.
1103 5704 1155 5751 κ,
1190 5688 1271 5747 lS.

413 5786 705 5844 PATnuL.
739 5782 852 5839 Gn.
886 5782 1107 5840 LXXV.

1839 4491 1977 4544 fuit?
2015 4490 2171 4558 Resp.
2217 4490 2628 4560 Corruptionem
2672 4493 2812 4547 haud
2854 4497 3110 4550 sustinuit
3150 4515 3248 4555 nec
3290 4502 3399 4571 ipsa

1831 4585 2046 4654 quidem
2093 4585 2180 4636 Dei
2216 4584 2373 4637 Verbi
2416 4598 2561 4636 caro.
2595 4582 2729 4637 Nam
2769 4586 2894 4654 quia
2935 4603 3123 4656 parum
3165 4591 3401 4661 legitime

1832 4676 2182 4745 dis-tinguitis,
2213 4690 2401 4742 parum
2428 4675 2593 4729 etiam
2622 4673 2857 4745 legitime
2890 4677 3253 4749 interrogatis.
3279 4681 3401 4736 Jant

1830 4767 1974 4821 enim
2014 4767 2214 4818 dudum
2258 4778 2382 4817 ante
2414 4764 2677 4832 propheta
2719 4767 2788 4819 de
2828 4766 3043 4823 Christo
3082 4774 3402 4839 pronuntia.

1831 4867 1943 4912 rat:
1982 4875 2000 4907 ‹
2048 4855 2162 4911 Νοη
2208 4858 2361 4911 dabis
2391 4855 2648 4911 Sanctum
2694 4868 2842 4913 tuum
2880 4862 3063 4916 videre
3103 4864 3404 4931 corruptio-

1830 4967 1952 5006 nem
1974 4952 2038 5004 ".
2073 4969 2092 5002 ι
2126 4950 2268 5004 Sane
2300 4952 2604 5019 passionem
2628 4953 2989 5008 voluntariam
3020 4955 3277 5009 sustinuit
3304 4958 3396 5011 Dei

1834 5040 2023 5105 Filius,
2056 5041 2142 5109 qui
2178 5039 2391 5094 Patrem
2427 5045 2746 5098 immensum
2781 5047 2833 5098 in
2866 5060 2926 5100 se
2955 5049 3222 5112 Continet,
3250 5058 3305 5103 et
3333 5052 3401 5102 ah

1827 5137 1942 5203 ipso
1977 5134 2212 5188 vicissim
2253 5134 2411 5189 Patre
2452 5139 2783 5191 continetur.
2820 5136 2952 5192 Nam
2990 5155 3019 5192 ει
3063 5140 3222 5194 Patre
3254 5156 3403 5196 com-

1830 5227 2150 5294 prehensus,
2185 5234 2242 5278 et
2275 5226 2326 5278 in
2362 5234 2588 5293 paterno
2622 5229 2740 5282 sinu
2777 5236 3067 5294 exsistens,
3103 5232 3401 5300 inexplica-

1830 5317 1921 5372 hili
1948 5318 2180 5385 quodam
2212 5318 2368 5371 modo
2392 5318 2551 5372 etiam
2579 5321 2792 5389 propria
2816 5337 2975 5376 carne
2998 5323 3395 5378 continebatur.

1828 5410 1970 5463 idem
2006 5406 2095 5461 Dei
2128 5407 2296 5462 Filius
2322 5411 2479 5464 tertia
2510 5412 2596 5466 die
2626 5412 2818 5465 revixit
2849 5412 3037 5468 inferis
3062 5411 3395 5481 despoliati<,

1828 5511 1882 5555 et
1918 5515 2036 5552 cum
2075 5500 2291 5567 propria
2321 5516 2482 5555 carne
2513 5502 2673 5557 nobis
2703 5504 2978 5573 apparuit,
3013 5520 3119 5571 quo
3149 5500 3398 5556 videlicet

1352 5690 1390 5721 ¹²
1424 5688 1563 5742 Psai.
1594 5705 1681 5752 xv,
1722 5686 1785 5740 10
1816 5705 1829 5755 ;
1865 5690 1981 5743 Art.
2026 5703 2081 5752 ιι,
2114 5688 2201 5739 51.

2969 5773 3043 5833 45
