3856 6212
462 337 595 393 Hi9

1449 325 1501 379 S.
1548 323 1824 379 CYRILLI
1864 317 2335 376 ALEXANDHINI
2374 312 2690 372 ARCHIEP.

3592 306 3721 365 H20

457 458 556 502 nos
584 456 798 514 quoque
828 455 857 494 a
888 448 1061 495 morte
1091 448 1145 494 et
1174 434 1525 507 corruptione
1556 434 1813 487 liberaret
1835 434 1901 485 ιδ.
1938 433 2031 488 Dei
2061 490 2063 499 ι

2161 430 2274 483 ἓεοῦ
2303 430 2479 482 τοίνυν
2512 426 2572 483 τὺ
2601 426 2795 489 πάθος,
2838 423 2974 480 Θεοῦ
3011 424 3107 479 καὶ
3158 425 3193 495 ή
3243 423 3567 488 ἀνάστασις,
3595 421 3722 475 Θεοῦ

458 538 639 605 itaque
672 541 755 588 est
787 532 1001 602 passio,
1038 531 1130 584 Dei
1169 528 1526 588 resurrectio,
1566 524 1659 581 Dei
1698 526 2030 595 assumptio,

460 630 550 684 Dei
598 626 831 695 denique
879 622 966 678 illa
1016 622 1294 677 nobiseum
1342 635 1438 689 per
1480 620 1661 673 omnia
1709 618 2035 681 similitudo,

458 725 679 790 peccato
703 715 990 785 excepto“
1022 733 1034 767 :
1072 727 1247 783 neque
1276 710 1617 781 imaginarie,
1646 713 1741 764 sed
1767 724 1895 765 vere
1921 723 2038 763 om-

2142 524 2236 576 καὶ
2269 523 2301 592 ἡ
2333 520 2621 590 ἀνάληψις,
2655 518 2791 571 Θεοῦ
2821 519 2916 571 καὶ
2942 519 2977 589 ή
3007 518 3149 572 κατά
3192 517 3371 570 πάντα
3403 514 3541 585 πρὸς
3583 516 3728 584 ἡμᾶς

2140 614 2422 683 ὁμοίωσις,
2441 611 2610 683 χωρὶς
2640 609 2934 681 ἁμαρτίας.
2972 609 3047 661 οὐ
3078 607 3320 678 δοκήσει,
3342 606 3477 659 ἀλλά
3501 604 3727 675 ἀληθείᾳ

2134 706 2202 760 τὰ
2247 705 2423 758 πάντα
2468 703 2689 772 γέγονεν
2724 704 2781 755 ὲν
2808 699 2978 771 αὐτῷ.
3007 697 3168 770 Αὑτῷ
3211 701 3245 768 ἠ
3291 697 3448 763 δόξα,
3504 698 3629 766 ἅμα
3655 696 3728 765 τῷ

459 787 546 864 nia
586 812 638 864 in
673 824 738 864 eo
777 806 1015 862 fuerunt.
1050 805 1155 875 Ipsi
1193 802 1353 859 simul
1389 817 1513 857 cum
1549 801 1712 856 Patre
1742 810 1790 855 et
1834 796 2038 871 Spiritu

2161 797 2310 869 Ιατρὶ
2366 797 2460 849 καὶ
2487 795 2567 866 τῷ
2597 794 2737 864 ἁγίῳ
2764 792 3067 861 Πνεύματι,
3096 791 3214 856 νῦν,
3249 789 3343 843 καὶ
3371 789 3478 855 ἀεὶ,
3511 788 3611 841 καὶ
3655 787 3729 851 είς

460 911 650 956 sancto
678 902 749 956 sit
777 899 948 969 gloria
971 938 988 965 ,
1020 906 1162 952 nunc
1189 904 1244 951 et
1275 902 1513 965 semper,
1543 903 1599 947 et
1626 893 1677 948 in
1698 891 1906 949 ‘sazcula
1936 906 2038 947 saa-

446 992 731 1049 ‘culorum.
761 996 950 1047 Amen.

541 1170 585 1200 ¹⁸
616 1168 772 1225 Rom.
806 1182 924 1233 \‘lll,
960 1165 1051 1219 ἓν.
1133 1165 1175 1196 ’⁸
1208 1163 1375 1221 Hebr.
1413 1174 1485 1226 tv,
1520 1162 1605 1217 l5.

678 1364 1083 1374 Μ

928 1344 2407 1388 ψ

2134 892 2260 952 τοὺς
2289 889 2489 952 αἰῶνας
2517 888 2624 942 τῶν
2653 885 2886 940 αἰώνων.
2906 884 3099 955 Ἀμήν.

2443 1338 3725 1376 mm

2371 1364 2440 1374 -ρ

1155 1523 1503 1657 ΤΟΥ
1578 1516 2096 1648 ΑΓΙΟΥ
2178 1509 3043 1645 ΚΥΡΙΛΛΟΥ

884 1732 1147 1875 ΠΕΡΙ
1220 1789 1436 1874 ΤΗΣ
1509 1787 1737 1872 TOY
1812 1782 2230 1870 ΚΥΡΙοΥ
2304 1779 3305 1869 ΕΝΑΝΘΡΩΠΗΣΕΩΣ.

1437 2159 2005 2288 SANCTI
2087 2148 2739 2284 CYRILLI

1198 2411 1347 2499 DE
1430 2405 2331 2500 INCARNATIONE
2411 2402 2858 2494 DOMINI
2910 2396 2979 2489 ⁸.

1584 2618 1697 2677 Μλι,
1736 2615 1966 2668 Biblioth.
2002 2632 2125 2669 nova
2155 2620 2378 2675 Patrum,
2410 2618 2470 2675 ll,
2507 2618 2581 2666 51.

465 2937 755 3029 805ml.
796 2949 1133 3029 Quod_utilis
1158 2948 1227 3002 sit
1272 2934 1611 3025 audientibus
1646 2942 1841 2999 divina:
1870 2944 2047 3000 incar-

2161 2945 2228 3001 Ν.
2273 2945 2405 3000 Ὀτι
2440 2943 2746 3029 ὠφέλιμον
2787 2944 2912 3029 τοῖς
2953 2943 3291 3029 ᾀκούουσιν
3322 2943 3360 3012 ἡ
3406 2943 3520 3013 τῆς
3572 2945 3744 3012 θείας

863 3019 1095 3075 nationis
1142 3018 1591 3073 commemoratio.

544 3137 712 3203 Satis,
744 3144 805 3189 ut
829 3143 982 3205 puto,
1012 3131 1080 3186 de
1128 3136 1317 3186 sancta
1365 3127 1634 3183 Trinitale
1680 3136 1937 3199 tanquam
1992 3128 2047 3183 in

471 3226 904 3281 m-thodoxorum
940 3220 1203 3277 concione
1249 3228 1305 3274 et
1340 3218 1669 3287 evangelicis
1704 3218 2049 3289 dogmatibus

471 3318 808 3374 credentium
845 3314 1224 3371 disseruimus.
1256 3310 1374 3365 Non
1403 3312 1550 3366 enim
1590 3311 1967 3366 contradicere
1992 3310 2048 3365 in

471 3411 724 3483 praesenti
761 3406 1105 3478 irreligiosis,
1130 3404 1224 3460 sed
1253 3402 1619 3474 apostolorum
1655 3403 1933 3472 discipulis
1983 3403 2050 3457 ﬁ-

472 3507 594 3557 dem
626 3514 897 3571 exponere
936 3497 1273 3567 propositum
1312 3496 1469 3550 nobis
1512 3493 1634 3549 fuit.
1668 3494 1801 3563 Quia
1831 3510 1962 3549 vero
1995 3504 2051 3551 et

473 3597 779 3652 divinorum
823 3590 1210 3648 beneﬁciorum
1246 3587 1559 3659 magnitudo
1599 3603 1928 3659 magnopere
1958 3603 2049 3643 so—

474 3691 547 3743 let
600 3684 950 3741 succendere
985 3682 1105 3737 'Deo
1154 3680 1492 3735 addiclorum
1552 3678 1803 3735 affectum
1851 3695 2053 3751 eosque

475 3779 798 3834 fervidiores
845 3774 1061 3833 edicere
1087 3774 1178 3829 Dei
1227 3782 1539 3838 amatores,
1583 3772 1707 3827 ideo
1741 3774 2051 3829 necessario

477 3876 617 3928 hunc
642 3886 858 3943 quoque
904 3869 1191 3941 aggredior
1225 3867 1489 3931 libellum,
1518 3878 1578 3921 ut
1626 3869 1906 3936 praeterito
1938 3882 2053 3924 ser-

475 3965 619 4019 moni
658 3966 726 4018 de
764 3964 875 4018 Deo
916 3968 1239 4016 connectam
1290 3959 1685 4015 incarnationis
1732 3961 2051 4029 mysterium

476 4060 952 4124 demonstremque
989 4052 1170 4123 qualia
1217 4058 1272 4104 et
1327 4060 1531 4120 quanta
1578 4051 1809 4106 Creator
1863 4050 2049 4121 generi

477 4158 665 4205 nostro
705 4147 970 4204 beneﬁcia
1012 4142 1322 4200 contulerit.
1354 4141 1643 4213 Nunquam
1675 4143 1826 4198 enim
1860 4157 2048 4198 cessa-

481 4251 605 4296 runt
632 4241 933 4296 divinorum
961 4240 1225 4293 donorum
1255 4233 1433 4291 fontes
1464 4239 1757 4305 quominus
1785 4236 1926 4290 bona
1951 4236 2051 4291 bo-

478 4330 720 4385 minibus
746 4328 1111 4383 eﬂ'underent.

480 4445 544 4499 ll.
578 4441 839 4497 Narratio
875 4457 1055 4495 eorum
1095 4457 1212 4503 qua:
1240 4439 1380 4493 Deus
1420 4440 1489 4493 ad
1525 4439 1795 4492 hominum
1834 4439 1944 4507 iam
1977 4441 2061 4493 in-

797 4512 861 4565 de
892 4512 957 4565 ab
990 4511 1146 4563 initio
1176 4512 1458 4563 utilitatem
1489 4510 1737 4564 contulit.

547 4619 629 4676 Ex
654 4633 760 4688 quo
795 4620 940 4673 hunc
966 4619 1167 4684 optime
1205 4628 1565 4687 temperatum
1604 4619 1862 4673 mundum
1903 4634 2061 4674 crea-

477 4712 559 4765 vit
586 4712 751 4776 Deus,
783 4710 953 4765 variis
993 4710 1159 4765 simul
1190 4710 1472 4765 beneﬁciis
1512 4721 1764 4765 naturam
1815 4724 2058 4767 nostram

479 4804 741 4858 cumulat.
765 4802 829 4856 Et
860 4803 1035 4871 primo
1066 4800 1285 4872 quidem
1311 4817 1430 4856 eam
1464 4816 1584 4871 quae
1613 4819 1718 4857 non
1756 4812 1875 4857 erat
1906 4804 2053 4871 fecit,

480 4906 535 4951 et
564 4895 853 4951 formatam
880 4893 1586 4963 honorarit,pulveremque
1618 4896 1668 4948 in
1700 4895 1935 4952 hominis
1963 4915 2058 4950 na-

482 4996 658 5038 turam
686 4991 848 5053 prout
874 4982 1046 5036 voluit
1078 4984 1386 5050 convertit;
1428 4993 1482 5036 et
1511 4983 1739 5037 deformi
1791 4986 1904 5041 luto
1938 4986 2057 5055 pul-

479 5074 841 5129 chritudinem
876 5072 1035 5126 simul
1066 5074 1409 5143 animamque
1437 5074 1660 5145 806m
1692 5076 1927 5147 largitus
1950 5088 2055 5143 est,

479 5166 762 5222 oculorum
791 5165 1117 5228 claritatem,
1162 5166 1342 5219 vultus
1392 5167 1749 5233 hilaritatem,
1792 5184 2053 5239 genarum

483 5261 796 5324 laevitatem,
831 5256 1027 5326 linguae
1052 5255 1473 5322 ﬂexibilitatem,
1523 5260 1806 5328 sanguinis
1856 5262 2060 5318 rivulos

484 5349 549 5403 ad
583 5346 766 5403 omnia
820 5346 1066 5415 corporis
1101 5344 1477 5401 discurrentes
1525 5350 1793 5417 membra,
1830 5360 1884 5405 et
1929 5366 2061 5407 con-

484 5458 672 5512 gruam
714 5439 864 5495 carni
918 5440 1102 5495 nervis
1150 5449 1314 5508 atque
1356 5440 1467 5493 cuti
1526 5441 1849 5511 rigationem
1902 5444 2063 5499 mini-

484 5548 740 5603 strantes,
771 5537 978 5592 ossium
1019 5533 1295 5597 duritiem,
1341 5542 1395 5587 et
1426 5533 1760 5589 inclusarum
1813 5536 1898 5590 bis
1945 5552 2064 5591 rne-

2576 3015 2923 3085 οἰκονομίας
2951 3016 3310 3084 ἀνάμνησις.

2231 3132 2291 3185 Ὀ
2346 3133 2443 3203 μὲν
2489 3129 2619 3199 περὶ
2666 3131 2761 3203 τῆς
2796 3129 2958 3199 ἁγίας
3000 3129 3228 3200 Τρίαδος
3272 3130 3346 3193 ὡς
3394 3131 3455 3183 ὲν
3497 3129 3745 3185 εὖσεὸῶν

2153 3225 2416 3295 συλλόγῳ,
2466 3223 2561 3277 καὶ
2605 3225 2718 3286 τοῖς
2759 3221 3140 3292 εὐαγγελικοῖς
3172 3220 3439 3291 δόγμασιν
3483 3221 3749 3292 πιθομέ-

2150 3335 2278 3381 νων,
2311 3316 2679 3387 ἀποχρώντως
2712 3315 2865 3385 ἡμῖν,
2910 3315 2986 3378 ὼς
3015 3308 3188 3384 οἶμαι,
3225 3313 3381 3380 λόγος
3428 3314 3747 3383 διήνυσται.

2151 3404 2226 3457 Οὐ
2258 3404 2367 3475 γὰρ
2409 3405 2689 3458 ἀντειπεῖν
2719 3405 2812 3457 ἐπὶ
2854 3402 2949 3456 τοῦ
2995 3403 3264 3475 παρόντος
3306 3407 3421 3467 τοῖς
3462 3405 3748 3469 ἀσεϐέσιν,

2152 3494 2288 3549 ἀλλὰ
2320 3498 2432 3559 τοῖς
2476 3498 2762 3567 φοιτηταῖς
2785 3495 2895 3549 τῶν
2922 3496 3237 3550 ἀποστόλων
3270 3496 3530 3550 ἐκθέσθαι
3556 3498 3749 3551 πίστιν

2153 3586 2521 3658 προύθέμεθα.
2571 3586 2788 3658 Ἐπειδὴ
2820 3586 2878 3640 δὲ
2914 3587 3010 3640 καὶ
3046 3586 3156 3639 τῶν
3205 3586 3366 3640 θείων
3401 3587 3751 3659 εὐεργεσιῶν

2150 3680 2213 3731 τὸ
2247 3678 2475 3749 μέγεθος
2501 3679 2769 3748 ὑφάπτειν
2799 3675 2906 3733 οἶδε
2938 3679 3200 3750 μειζόνως
3226 3680 3333 3733 τῶν
3362 3680 3635 3750 φιλοθέων
3656 3682 3751 3735 τὸν

2154 3772 2339 3837 πόθον,
2375 3771 2469 3824 καὶ
2504 3771 2869 3842 θερμοτέρονς
2903 3772 3101 3835 αὐτοὺς
3148 3771 3468 3844 καθίστησιν
3502 3774 3751 3843 ἐραστὰς

2153 3864 2246 3918 τοῦ
2281 3864 2416 3918 Θεοῦ
2440 3905 2456 3929 ,
2488 3866 2805 3933 ἀναγκαίως
2837 3866 2931 3919 καὶ
2968 3865 3062 3918 ἐπὶ
3099 3864 3289 3919 τοῦτον
3325 3864 3621 3936 βαδιοῦμαι
3656 3868 3749 3919 τὸν

2154 3957 2331 4026 λόγον,
2380 3960 2446 4029 τῇ
2509 3956 2758 4030 θεολογίᾳ
2801 3958 2899 4029 τὴν
2940 3958 3252 4029 οἰκονομίαν
3310 3959 3626 4023 συνάπτων,
3652 3960 3749 4011 καὶ

2151 4051 2366 4114 δεικνὺς
2408 4051 2572 4121 ἡλίκα
2614 4052 2709 4104 καὶ
2748 4052 2850 4103 ὅσα
2878 4052 2907 4103 ό
2958 4051 3192 4122 Ποιητής
3236 4052 3297 4105 τὸ
3349 4052 3621 4122 ἡμέτερον
3665 4052 3749 4105 εὖ,

2153 4145 2428 4216 ηργέτησε
2472 4144 2649 4214 γένος.
2706 4144 2783 4199 Οὐ
2836 4143 2945 4217 γὰρ
3003 4146 3311 4200 ἐπαύσαντο
3356 4145 3575 4198 πώποτε
3636 4145 3751 4197 τῶν

2159 4237 2322 4290 θείων
2362 4237 2561 4309 δορεῶν
2608 4238 2667 4292 αἱ
2711 4240 2887 4309 πηγαὶ
2927 4241 3042 4303 τοῖς
3085 4237 3391 4310 ἀνθρώποις
3444 4238 3514 4291 τὰ
3558 4238 3750 4306 ἀγαθά

2085 4334 2128 4391 C
2160 4328 2575 4393 ἀναϐλύζουσαι.

2158 4442 2233 4497 B'.
2273 4442 2559 4511 Διήγησις
2592 4443 2712 4498 τῶν
2740 4443 2859 4499 ὑπὸ
2890 4443 3039 4498 Θεοῦ
3069 4443 3479 4513 γεγενημέκων
3513 4446 3608 4510 είς
3634 4445 3749 4509 τὴν

2420 4514 2737 4583 ἀνθερίκου
2771 4511 3125 4584 εὐεργεσίαν
3148 4511 3228 4578 ἐξ
3255 4511 3467 4582 ἀρχῆς.

2240 4626 2379 4679 Ἀλλ’
2427 4628 2520 4697 ἀφ’
2574 4622 2744 4698 οὗπερ
2781 4627 2934 4681 τόνδε
2980 4628 3072 4682 τὸν
3116 4628 3484 4699 παναρμόνιον
3536 4627 3746 4699 κόσμον

2158 4717 2612 4789 ἐδημιούργησεν,
2662 4722 2781 4783 ταῖς
2806 4719 3080 4782 ποικίλαις
3109 4718 3446 4791 εὐεργεσίαις
3474 4721 3577 4791 τὴν
3612 4725 3749 4793 ἡμε-

2159 4806 2327 4876 τέραν
2357 4809 2637 4872 ἐπικλύζει
2678 4812 2841 4879 φύσιν
2873 4814 2902 4864 ὁ
2930 4812 3188 4883 Ποιητής.
3230 4811 3342 4864 Καὶ
3378 4810 3604 4880 πρῶτον
3651 4812 3748 4881 μὲν

2169 4900 2243 4972 μὴ
2278 4901 2410 4953 ὄντα
2438 4903 2708 4972 πεποίηκε
2740 4904 2835 4956 καὶ
2858 4903 3201 4957 διαπλάττων
3225 4903 3509 4973 ἐτίμησεν,
3536 4905 3639 4957 καὶ
3660 4906 3745 4955 τὸν

2164 4992 2293 5062 χοῦν
2322 4993 2401 5056 είς
2427 4993 2713 5064 ἀνθρώπου
2745 4994 2909 5063 φύσιν
2944 4995 3237 5067 μετέϐαλεν
3263 4996 3339 5057 ὡς
3366 4994 3629 5065 ἠθέλησε,
3657 4997 3747 5047 καὶ

2167 5080 2245 5149 τῷ
2295 5082 2526 5137 δυσειδεῖ
2571 5082 2728 5154 πηλῷ
2775 5086 2973 5150 κάλλος
3022 5087 3116 5140 καὶ
3171 5086 3347 5157 ψυχὴν
3394 5088 3745 5157 ἐδωρήσατο,

2157 5172 2449 5241 ὀφθαλμῶν
2480 5174 2879 5247 λαμπρότητα,
2935 5178 3031 5231 καὶ
3077 5178 3320 5249 γαλήνης
3370 5176 3746 5247 καθαῴτητα,

2160 5264 2253 5317 καὶ
2281 5266 2524 5335 παρειῶν
2549 5267 2823 5339 λειότητα,
2852 5272 2950 5323 καὶ
2978 5269 3225 5342 γλώττης
3251 5270 3573 5340 ἁπαλότητα
3598 5313 3613 5335 ,
3657 5272 3748 5324 καὶ

2162 5356 2394 5426 αἵματος
2427 5359 2646 5427 ὀχετοὺς
2675 5362 2753 5423 εἰς
2782 5358 2999 5415 ἅπαντα
3033 5361 3127 5415 τοῦ
3160 5361 3409 5433 σώματος
3430 5362 3748 5423 διαθέοντας

2166 5446 2340 5516 μέλη,
2386 5453 2480 5501 καὶ
2529 5451 2749 5521 ἁρδεῖαν
2792 5453 3120 5524 ἀποχρῶσαν
3175 5454 3338 5525 σαρκὶ
3388 5456 3486 5508 καὶ
3533 5456 3751 5526 νεύροις

2164 5539 2534 5611 χορηγοῦντας
2580 5544 2673 5595 καὶ
2724 5544 2977 5617 δέρματι,
3029 5546 3202 5599 ὀστῶν
3254 5547 3603 5611 ἀντιτυπίαν,
3656 5547 3753 5599 καὶ

557 5694 593 5773 '_
608 5690 899 5778 Sequentia
923 5699 1114 5778 cuncta
1126 5690 1372 5773 capitula
1412 5706 1548 5763 opus
1571 5692 1905 5752 constituunt
1931 5711 2156 5769 prorsus
2215 5701 2486 5758 diversum
2548 5704 2616 5760 ab
2640 5705 2743 5761 illis
2762 5704 2967 5773 jamdiu
3027 5706 3186 5764 editis
3212 5706 3272 5765 S.
3295 5706 3485 5778 Cyrilli
3508 5706 3753 5762 Scholiis

485 5763 554 5818 de
578 5760 957 5819 incarnatione
986 5760 1219 5819 Domini.
