3856 6212
188 360 315 412 Mil

1352 342 1444 407 DE
1481 346 2004 407 INCARNATTONE
2039 345 2298 407 DOMN.

3307 348 3448 405 H29.

182 476 292 528 τῶν
344 476 401 524 ὲν
448 471 659 537 τούτοις
705 468 1087 541 ἀποκειμένων
1134 467 1346 541 μυελῶν
1376 466 1437 520 τδ
1476 465 1767 537 χρειῶδες,

1893 466 2139 521 Iuliarum
2188 465 2504 528 utilitatem,
2537 475 2593 519 et
2625 471 2894 534 quotquot
2941 462 3045 518 alia
3100 461 3154 517 in
3206 463 3446 518 humano

186 568 279 621 καὶ
320 564 491 619 τᾶλλα
526 566 627 617 ὅσα
662 562 756 617 τοῦ
797 562 1142 635 ἀνθρωπίνου
1186 559 1329 624 ζώου
1381 559 1443 612 τὸ
1490 556 1771 629 ὁρώμενον

185 657 323 727 ἔχει.
357 654 469 706 Καὶ
502 654 638 724 πρὸς
690 652 933 717 τούτοις,
983 651 1109 705 νοῦν
1156 649 1354 703 ἔδωκεν
1393 647 1638 718 ἡγεμόνα
1677 646 1773 699 καὶ

187 731 549 818 κυϐερνήτην,
590 745 777 814 σοφίας
812 743 1141 815 πληρώσας,
1186 742 1380 813 τέχνης
1423 740 1642 808 ἀπάσης
1680 741 1774 792 καὶ

188 841 499 909 ἐπιστήμης
526 838 838 909 ἐμπλήσας,
885 836 977 890 καί¹
1014 836 1231 905 λογικὸν
1263 835 1510 905 ἀπέφηνε
1535 832 1594 887 τὸ
1620 832 1774 902 πήλι-

189 951 280 987 νον
312 932 561 1002 ἄγαλμα,
595 931 689 985 καλ⁹
721 930 930 983 οἰκείαν
961 929 1149 983 εἰκόνα
1176 927 1446 998 πεποίηκε
1468 925 1559 979 τὸν
1591 922 1774 995 χοῖκὸν

192 1025 508 1097 ἀνδριάντα,
549 1023 611 1077 τὸ
650 1022 876 1095 ἀρχικὸν
924 1020 1020 1075 καὶ
1062 1019 1525 1092 αὐτοκρατορικὸν
1551 1018 1646 1071 καὶ
1680 1017 1775 1087 δη-

196 1116 515 1189 μιουργικὸν
547 1118 613 1186 τῇ
649 1117 811 1186 νοερᾷ
858 1113 1005 1185 ψυχῇ
1038 1112 1133 1166 καί¹
1166 1112 1420 1180 ἀθανάτῳ
1459 1110 1776 1182 δωρησάμε-

191 1225 299 1271 νος.
332 1202 467 1260 Εἶτα
496 1204 720 1275 βασιλέα
762 1203 995 1273 κτηνῶν,
1030 1202 1126 1255 καὶ
1158 1201 1525 1271 τετραπόδων,
1555 1201 1648 1254 καὶ
1685 1202 1777 1271 ἑρ-

194 1298 395 1363 πετῶν,
431 1295 667 1367 νηκτῶν,
717 1295 811 1349 καὶ
838 1293 1139 1365 άμεριὸίων,
1181 1292 1410 1346 καὶτῶν
1454 1293 1775 1363 ἀεροπόρων

192 1388 420 1461 ὀρνίθων
463 1384 860 1457 ἐχειροτόνησε.
903 1384 1017 1455 Πρὸ
1058 1384 1115 1436 δὲ
1155 1381 1360 1437 τούτων
1408 1382 1598 1452 ὥσπερ
1654 1381 1775 1435 τινὰ

193 1474 440 1528 παστάδα
502 1474 867 1547 χαριεστάτην
934 1472 1139 1526 ἀνωθεν
1195 1472 1458 1537 ἐξέτεινεν
1522 1471 1772 1541 οὐρανὸν,

193 1567 462 1637 λειμῶνας
496 1566 741 1637 ἀστέρων
765 1564 1176 1635 ὲγκαταπήξας,
1208 1564 1398 1635 χρείαν
1430 1582 1490 1617 τε
1521 1564 1657 1634 ὁμοῦ
1682 1564 1776 1617 καὶ

194 1659 384 1730 τέρψιν
414 1660 782 1731 παρέχοντας·
815 1657 966 1729 ἥλιόν
992 1674 1051 1709 τε
1087 1658 1329 1727 ἀνίσχειν
1359 1656 1652 1721 κελεύσας,
1683 1656 1776 1709 καὶ

194 1750 437 1815 δύεσθαι,
490 1750 587 1805 καὶ
631 1752 805 1803 ποιεῖν
864 1749 1079 1820 ἡμέρας
1143 1749 1238 1801 καὶ
1282 1748 1504 1811 νύκτας,
1554 1749 1651 1800 καὶ
1699 1745 1777 1816 τῷ

195 1843 382 1915 δρόμῳ
429 1843 521 1896 τὸν
576 1843 768 1912 χρόνον
833 1845 1084 1915 μετρείνι
1143 1843 1373 1913 σελήνην
1422 1841 1631 1910 φθίνειν
1684 1841 1778 1893 καὶ

198 1934 447 2004 πλήθειν,
485 1935 578 1987 καὶ
602 1936 719 1998 ταῖς
751 1937 979 1997 πυκναῖς
1011 1935 1337 2005 μεταόολαῖς
1362 1935 1512 2005 ἦδειν
1544 1952 1605 1987 τε
1641 1932 1777 2003 ὁμοῦ

198 2028 293 2081 καὶ
330 2027 616 2098 σημαίνειν
647 2025 845 2080 κύκλον
873 2027 964 2079 τὸν
992 2026 1292 2080 ἐνιαύσιον·
1321 2027 1425 2096 γῆν
1449 2026 1505 2079 δὲ
1532 2026 1779 2079 κάτωθεν

200 2120 555 2190 ὑπεστόρεσε,
590 2119 681 2171 καί
710 2117 954 2171 ποικίλον
992 2119 1130 2188 αὐτῇ
1166 2118 1370 2187 κόσμον
1401 2118 1633 2171 δέδωκεν
1654 2160 1667 2183 ,
1700 2120 1780 2181 είς

200 2210 337 2281 ἄλση
367 2211 459 2263 καὶ
490 2210 615 2281 λήϊα
649 2211 744 2262 καὶ
776 2210 1051 2280 λειμῶνας
1084 2210 1361 2282 διακρίνας
1384 2224 1398 2238 ’
1445 2210 1547 2280 ὅρη
1577 2209 1780 2280 κιρτώ-

202 2319 301 2365 σας
325 2304 402 2363 είς
434 2301 599 2371 ὕψος,
651 2303 745 2355 καὶ
774 2302 950 2365 νάπας
984 2302 1257 2365 κοιλάνας,
1285 2302 1381 2355 καὶ
1414 2302 1572 2354 πεδία
1616 2300 1783 2354 ὕπτια

204 2392 299 2444 καὶ
332 2392 549 2444 ίσόπεδα
579 2391 779 2455 δείξας,
825 2392 921 2445 καὶ
950 2392 1133 2463 πηγὰς
1173 2392 1491 2456 ἀναϐλύζειν
1537 2395 1593 2445 ὲν
1632 2392 1784 2463 μέσῳ

202 2483 497 2546 κελεύσας,
559 2485 655 2537 καὶ
716 2484 997 2554 ποταμοὺς
1063 2484 1277 2556 τρέχειν
1338 2484 1620 2549 ἀπαυστα,
1690 2486 1785 2537 καὶ

200 2575 365 2629 τᾶλλα
394 2574 493 2627 ὃσα
522 2573 624 2643 γῆν
652 2571 981 2637 καλλωπίζει
1005 2572 1101 2626 καὶ
1127 2572 1417 2627 θάλατταν.

204 2774 281 2830 ιν.
321 2772 425 2828 Διά
463 2774 520 2825 τί
565 2772 670 2825 τὸν
701 2771 1020 2841 ἄνθρωπον
1055 2775 1555 2842 προσηγόρευσεν
1588 2772 1783 2842 Ἀδάμ.

274 2886 431 2942 Οὕτω
455 2888 869 2959 δημιουργήσας
894 2886 983 2939 τὸν
1010 2886 1228 2957 πρῶτον
1250 2886 1558 2958 ἄνθρωπον,
1592 2886 1687 2938 καὶ
1720 2888 1786 2957 τῇ

204 2978 377 3032 εικόνι
410 2979 648 3048 τιμήσας
682 2977 777 3032 καὶ
807 2977 886 3049 τῷ
917 2977 1111 3045 πλήθει
1151 2977 1261 3031 τῶν
1290 2977 1512 3048 δωρεῶν
1550 2976 1760 3031 ἀποκλύ

208 3087 330 3136 σας,
370 3068 583 3141 τίθησιν
610 3069 758 3140 αὐτῷ
796 3070 858 3123 τὸ
884 3070 985 3141 τῆς
1010 3068 1227 3139 φύσεως
1260 3069 1460 3141 ὄνομα·
1481 3069 1651 3139 Ἀδὰμ
1678 3069 1787 3140 γὰρ

1852 557 2093 612 animali
2140 557 2325 612 videre
2353 564 2457 611 est.
2495 555 2558 609 Et
2602 565 2803 625 praeter
2848 553 2986 622 hmo,
3036 562 3273 609 mentem
3302 556 3448 610 dedit

1875 649 2066 703 ducem
2111 658 2167 704 et
2198 648 2662 717 gubernatricem,
2692 644 2959 717 sapientia
2994 645 3282 712 imbutam,
3314 648 3449 702 artis

1872 740 2050 794 omnis
2100 738 2450 809 scientiaeque
2484 752 2782 807 capacem;
2813 745 2868 792 et
2910 736 3233 793 rationalem
3288 740 3447 793 exhi—

1876 827 1989 880 buit
2016 827 2216 881 luteam
2250 834 2506 891 statuam,
2535 837 2699 897 atque
2721 826 2788 881 ad
2818 825 3107 896 imaginem
3138 840 3293 881 suam
3319 841 3451 881 con-

1875 915 2129 971 formavit
2158 918 2467 987 pulvereum
2490 917 2864 984 simulacrum,
2913 917 3290 987 imperativam
3313 919 3448 983 vim,

1876 1009 2108 1066 liberum
2138 1010 2446 1076 arbitrium,
2479 1020 2536 1066 et
2566 1010 2784 1080 quidvis
2812 1011 3120 1067 fabricandi
3155 1014 3449 1083 potentiam

1876 1101 2230 1157 intellectuali
2263 1102 2666 1172 immortalique
2698 1104 2895 1157 animus
2927 1105 3255 1160 concedens.
3283 1102 3450 1158 Dein-
3488 1164 3495 1171 1

1877 1195 1943 1250 de
1970 1194 2245 1249 hominem
2280 1195 2605 1259 belluarum,
2638 1205 2692 1249 et
2720 1196 3153 1266 quadrupedum,
3187 1211 3251 1250 ac
3280 1196 3450 1267 repti-
3488 1188 3494 1199 “

1879 1285 2073 1349 tilium,
2103 1285 2447 1354 aquatilium,
2476 1294 2532 1340 et
2585 1287 3008 1355 ampliibiorum,
3056 1296 3111 1342 et
3150 1287 3448 1342 volatilium

1879 1382 2054 1436 avium
2088 1397 2270 1451 regem
2298 1383 2607 1440 constituit.
2636 1383 2775 1437 Ante
2809 1383 2925 1439 haec
2956 1393 3158 1451 autem,
3182 1383 3450 1454 quoddam

1881 1474 2045 1529 veluti
2071 1473 2530 1544 jucundissimum
2566 1474 2877 1530 cubiculum
2929 1474 3163 1543 desuper
3207 1475 3452 1527 extendit

1878 1563 2097 1627 coelum,
2133 1563 2373 1617 siderum
2420 1564 2767 1618 ammnitates
2822 1564 3089 1626 inserens,
3138 1578 3257 1633 quae
3294 1578 3448 1617 usum

1877 1652 2037 1709 simul
2087 1653 2609 1723 delectationemque
2664 1656 2908 1724 praebent
2950 1654 3157 1709 :solem
3194 1655 3324 1709 oriri
3364 1654 3452 1725 ju-

1881 1752 2013 1806 bens
2035 1760 2089 1804 et
2115 1753 2461 1817 occumbere,
2493 1750 2719 1819 dieSqne
2746 1761 2800 1804 et
2844 1762 3030 1806 noctes
3063 1750 3297 1815 eﬂicere,
3328 1766 3455 1805 cur-

1886 1858 2056 1909 suque
2085 1858 2182 1897 suo
2214 1853 2453 1912 tempora
2494 1842 2677 1897 metiri
2705 1858 2720 1909 ;
2752 1842 2934 1895 lunam
2961 1842 3129 1897 mlnui
3162 1852 3215 1897 et
3247 1842 3452 1913 augeri,

1882 1936 2105 2005 suisque
2138 1936 2512 2004 frequentibus
2554 1934 2983 1990 revolutionibus
3009 1934 3281 1989 delectare
3307 1935 3454 2004 pari-

1885 2034 1986 2090 ter,
2015 2034 2069 2079 et
2112 2039 2351 2078 annuum
2382 2024 2647 2078 circulum
2698 2023 3026 2092 significare.
3054 2022 3173 2077 lam
3209 2024 3452 2078 tellurem

1882 2118 1971 2171 hic
1999 2117 2227 2172 inferius
2258 2118 2576 2181 substravit,
2621 2116 2779 2185 eique
2815 2117 3023 2172 varium
3062 2129 3312 2171 ornatum
3357 2118 3457 2172 de—

1884 2207 1981 2270 dit,
2020 2207 2192 2272 silvis,
2221 2210 2385 2271 arvis,
2418 2209 2701 2278 pratisque
2742 2209 3078 2278 distinguens
3100 2248 3115 2271 ,
3163 2220 3373 2264 montes
3405 2210 3455 2263 in

1884 2297 2248 2353 sublimitates
2281 2314 2539 2363 curvans,
2572 2299 2743 2353 valles
2769 2314 3062 2365 excavans,
3096 2314 3317 2370 campos
3362 2315 3458 2354 su-

1885 2392 2043 2460 pinos
2072 2393 2476 2463 aequabilesque
2505 2394 2818 2459 ostendens,
2858 2391 3141 2463 fontesque
3183 2394 3249 2447 de
3289 2393 3460 2447 medi-

1889 2484 2041 2537 tullio
2088 2486 2356 2540 scaturire
2393 2485 2614 2552 iubens,
2666 2494 2721 2539 et
2764 2482 2985 2538 ﬂumina
3012 2484 3323 2553 perenniter
3347 2484 3456 2540 dis-

1883 2590 2128 2640 currere,
2162 2586 2326 2645 atque
2355 2576 2460 2631 alia
2505 2576 2693 2631 omnia
2748 2583 3014 2647 quotquot
3048 2582 3247 2631 terram
3282 2590 3459 2631 mare-

1887 2682 1991 2736 que
2021 2679 2309 2722 exornant.

2065 2782 2152 2835 lll.
2189 2780 2299 2836 Cur
2329 2783 2591 2836 Iwnzinem
2627 2781 2965 2851 appellaverit
2994 2781 3282 2835 Adamum.

1962 2896 2097 2952 Cum
2129 2894 2207 2950 sic
2234 2895 2469 2965 primum
2511 2894 2786 2949 hominem
2835 2893 3187 2959 condidisset,
3229 2902 3286 2948 et
3328 2892 3464 2949 ima-

1891 2988 2035 3057 ginis
2092 3001 2205 3041 sure
2276 2985 2484 3040 honore
2544 2985 2822 3051 auxisset,
2886 2986 3258 3050 donorumque
3308 2984 3461 3052 copia

1891 3079 2186 3141 obruisset,
2226 3090 2421 3130 nomen
2468 3074 2517 3129 ei
2545 3083 2750 3129 natura:
2785 3072 2953 3143 ipsius
2985 3072 3261 3143 proprium
3295 3072 3468 3143 impu-

206 3163 371 3216 αὐτὸν
401 3162 881 3234 προσηγόρευσεν·
926 3162 1085 3216 τοῦτο
1125 3163 1183 3217 δὲ
1226 3163 1321 3216 τὸν
1364 3162 1493 3234 χοῦν
1539 3162 1691 3233 δηλοῖ
1722 3165 1786 3233 τῇ

1893 3172 2002 3227 suit
2029 3189 2043 3237 ;
2069 3169 2269 3224 etenim
2296 3168 2562 3223 Adamum
2593 3166 2946 3236 nuncupavit,
2970 3165 3114 3234 quod
3142 3163 3464 3219 vocabulum

220 3254 487 3325 Ἐϐραίων
518 3256 690 3325 φωνῇ.
716 3255 831 3307 Μία
860 3254 917 3307 δὲ
940 3255 1034 3308 καὶ
1060 3253 1201 3325 αῦτη
1230 3254 1362 3325 περ)⁸
1390 3254 1480 3307 τὸν
1506 3254 1791 3326 ἄνθρωπον

209 3347 529 3417 κηδεμονία.
587 3345 807 3416 Ἐπειδὴ
854 3345 963 3417 γὰρ
1016 3345 1207 3415 ἔμελλε
1252 3346 1528 3410 τοσούτοις
1568 3347 1795 3415 ἀγαθοῖς

205 3439 590 3509 ὲντρυφήσειν,
628 3437 723 3490 καὶ
770 3437 1039 3491 τοσούτων
1082 3438 1266 3509 ἄρχων
1312 3438 1656 3508 ἀνηγορεύθη
1700 3440 1795 3492 καὶ

214 3531 485 3599 βασιλεὺς,
518 3530 606 3584 ἵνα
640 3530 716 3600 μὴ
750 3529 829 3600 τῷ
855 3528 1053 3600 πλήθει
1080 3529 1188 3583 τῶν
1222 3530 1440 3600 δωρεῶν
1467 3530 1794 3601 ὑπερμαζή-

213 3640 334 3687 σας,
392 3624 488 3677 καὶ
534 3622 613 3695 τῷ
664 3622 789 3693 ὕψει
831 3623 931 3694 τῆς
977 3622 1271 3693 ἡγεμονίας
1316 3622 1577 3694 ἐπαρθεὶς
1622 3642 1797 3677 κατα-

214 3714 485 3784 σκιρτήση
511 3713 603 3766 τοῦ
637 3712 944 3778 κτίσαντος,
991 3714 1087 3765 καὶ
1122 3712 1387 3783 μεγίστην
1432 3715 1496 3765 ἐκ
1546 3713 1645 3782 τῆς
1698 3731 1794 3765 τυ-

212 3799 460 3868 ραννίδος
520 3800 892 3870 ἀπενέγκηται
953 3800 1199 3871 βλάϐην,
1249 3802 1390 3856 κατά
1443 3802 1533 3854 τὸν
1580 3802 1795 3873 πρῶτον

212 3892 527 3962 ἀποστάτην
558 3893 762 3946 ἐκεῖνον
790 3893 881 3948 τὸν
909 3894 985 3957 ὡς
1027 3894 1313 3966 ἀστραπὴν
1345 3898 1409 3948 ἐκ
1438 3897 1533 3949 τοῦ
1562 3894 1794 3966 ούρανοῦ

212 3980 452 4034 πεσόντα
479 3982 547 4033 δι’
568 3982 913 4047 ἀλαζονείαν,
946 3985 1262 4052 ἀναγκαίως
1281 3989 1308 4039 ό
1338 3986 1499 4054 σοφὸς
1524 3987 1636 4039 τῶν
1659 3987 1795 4040 ὅλων

213 4071 481 4143 πρύτανις
509 4074 733 4127 κωλύων
762 4075 927 4129 αὑτοῦ
965 4078 1057 4130 τὸν
1103 4078 1264 4146 ὄγκον
1292 4078 1386 4131 τοῦ
1425 4080 1595 4151 φρονή
1607 4097 1794 4150 ματος,

227 4163 399 4234 Ἀδὰμ
433 4166 899 4238 προσηγόρευσεν,
948 4169 1033 4221 ἵνα
1070 4172 1134 4223 ὲκ
1162 4170 1262 4240 τῆς
1304 4172 1677 4243 προσηγορίας
1712 4174 1798 4225 ὲν-

215 4255 355 4307 νοῶν
380 4255 480 4327 τὴν
518 4258 866 4325 συγγένειαν,
894 4260 989 4313 καὶ
1028 4260 1130 4324 τάς
1157 4262 1413 4333 ἀφορμὰς
1442 4264 1541 4334 τῆς
1579 4265 1797 4333 φύσεως

213 4345 587 4417 λογιζόμενος.
616 4350 710 4401 καὶ
738 4350 828 4402 τὸν
872 4352 1136 4422 πρόγονον
1163 4354 1292 4423 χοῦν
1322 4354 1429 4425 πρὸ
1458 4354 1567 4408 τῶν
1595 4355 1799 4425 ὀφθαλ-

219 4439 340 4507 μῶν
365 4438 659 4510 θεώμενος,
685 4441 878 4494 ἑαυτὸν
911 4444 1008 4511 μὲν
1040 4444 1303 4515 γνωρίζῃ,
1327 4449 1609 4519 προσκυνῇ
1629 4446 1685 4500 δὲ
1707 4448 1798 4501 τὸν

1894 3266 1947 3320 in
2002 3262 2352 3318 Hebraeorum
2408 3261 2587 3331 lingua
2635 3258 2912 3330 pulverem
2966 3256 3257 3329 significat.
3292 3257 3468 3326 Atque

1892 3359 2007 3413 haec
2035 3356 2197 3410 etiam
2247 3368 2375 3424 erga
2417 3352 2693 3407 hominem
2732 3349 3069 3420 providentia
3100 3348 3317 3419 807m
3345 3347 3466 3401 fuit.

1894 3446 2029 3500 Nam
2065 3444 2189 3512 quia
2234 3441 2401 3497 tantis
2428 3440 2585 3495 bonis
2614 3438 2880 3493 fruiturus
2911 3447 3052 3501 erat,
3092 3446 3281 3506 totque
3313 3450 3469 3490 crea-

1896 3546 2140 3591 turarum
2176 3534 2431 3603 princeps
2459 3532 2789 3586 constitutus
2818 3538 2939 3586 erat
2969 3540 3024 3584 et
3048 3544 3164 3593 rex,
3195 3542 3261 3582 ne
3299 3530 3470 3583 done-

1897 3644 2014 3681 rum
2043 3625 2391 3681 multitudine
2422 3623 2710 3678 lasciviens
2747 3634 2802 3677 et
2850 3622 3188 3692 principatus
3232 3621 3467 3676 excelsi-

1898 3730 2006 3773 tate
2061 3720 2235 3772 elattts
2304 3717 2567 3770 adversus
2620 3713 2935 3769 Creatorem
2990 3714 3239 3783 petulans
3292 3714 3467 3776 ﬁeret,

1897 3814 2301 3879 niaximumque
2334 3824 2398 3863 ex
2433 3809 2534 3862 hac
2564 3806 2729 3861 veluti
2767 3806 3053 3877 tyrannide
3082 3804 3468 3860 detrimentum

1896 3913 2137 3973 caperet,
2174 3918 2323 3956 more
2372 3901 2515 3956 illius
2548 3899 2709 3970 primi
2758 3908 3044 3967 apostatze,
3090 3896 3179 3966 qui
3214 3906 3470 3964 tanquam

1897 3994 2074 4063 fulgur
2116 3994 2383 4062 superbia:
2427 4007 2539 4047 suae
2584 4004 2747 4046 causa
2795 3989 2934 4044 caelo
2965 3988 3165 4041 excidit
3198 3988 3238 4051 ¹,
3282 4001 3473 4041 neces-

1899 4087 2045 4140 sario
2098 4086 2318 4153 sapiens
2380 4098 2562 4137 rerum
2616 4081 2857 4136 omnium
2908 4090 3149 4142 curator,
3204 4090 3470 4133 tumorem

1901 4178 2069 4246 ipsius
2098 4175 2295 4229 mentis
2326 4174 2710 4245 comprimens,
2744 4172 3012 4226 Adamum
3065 4170 3379 4240 appellavit,
3412 4180 3471 4223 ut

1899 4285 1965 4324 ex
1992 4268 2212 4323 nomine
2242 4266 2610 4320 conditionem
2658 4279 2814 4320 suam
2850 4273 3133 4333 reputans,
3169 4273 3223 4317 et
3263 4272 3472 4316 natura".

1902 4358 2196 4429 primordia
2232 4355 2614 4419 considerans,
2656 4362 3053 4424 parentemque
3101 4366 3258 4405 suum
3292 4350 3473 4421 pulve-

1904 4465 2018 4505 rem
2067 4466 2177 4518 pra:
2224 4446 2395 4501 oculis
2428 4446 2656 4508 habens,
2698 4458 2757 4498 se
2805 4443 2979 4513 ipsum
3012 4443 3229 4512 quidem
3276 4456 3478 4511 cogno-

216 4532 488 4602 τοσαύτην
556 4532 888 4604 εὐπρέπειαν
946 4535 1096 4605 αὐτῷ
1152 4538 1247 4589 καὶ
1310 4539 1786 4607 μεγαλοπρέπειαν

1902 4551 2101 4605 sceret,
2127 4538 2383 4593 adoraret
2410 4545 2588 4590 autem
2613 4534 2785 4600 illum,
2806 4532 2896 4603 qui
2922 4542 3127 4586 tantum
3152 4534 3200 4586 ei
3224 4532 3475 4588 decorem

215 4621 641 4692 δωρησιίιμενον⁹
707 4620 845 4692 αῦτη
915 4621 1105 4693 πρώτη
1169 4624 1298 4695 περὶ
1354 4625 1445 4677 τὸν
1504 4626 1795 4696 ἄνθρωπον

219 4710 435 4781 ἐδείχθη
466 4712 560 4765 τοῦ
595 4713 829 4783 Ποιητοῦ
874 4713 1010 4784 μετὰ
1033 4716 1132 4785 τὴν
1156 4714 1514 4786 δημιουργίαν
1543 4716 1793 4787 πρόνοιαο

220 4800 394 4865 οὕτως
423 4804 481 4869 ἐξ
517 4806 689 4876 ἀρχῆς
715 4804 801 4859 οἷά
831 4823 916 4869 τις
949 4806 1130 4877 πατὴρ
1178 4808 1274 4859 καὶ
1305 4807 1487 4878 ἰατρὸς
1518 4808 1614 4861 καί
1645 4807 1795 4861 διδά-

223 4895 441 4959 σκαλος,
492 4899 713 4966 κοσμῶν
759 4899 894 4968 ὁμοῦ
943 4900 1037 4952 καὶ
1088 4899 1351 4969 ίατρεύων
1400 4900 1493 4953 καὶ
1531 4900 1800 4955 διδάσκων

222 4985 386 5037 αὑτὸν
412 4987 510 5055 τὴν
540 4989 761 5059 ἀρετὴν,
797 4990 1116 5045 διετέλεσεν.

221 5122 299 5173 Δ⁸.
322 5122 426 5175 Διὰ
448 5122 503 5174 τί
530 5124 642 5191 τὴν
671 5125 925 5195 γυναῖκα
956 5128 1024 5179 ἐκ
1049 5126 1155 5195 τῆς
1190 5125 1456 5194 πλευρᾶς
1484 5126 1797 5197 ἐδημιούρ-

934 5214 1103 5267 γησε.

298 5304 484 5369 Οῦτως
517 5308 677 5362 αὑτὸν
716 5310 1019 5375 διαπλάσας
1044 5352 1059 5376 ,
1106 5312 1277 5376 οὕτως
1321 5311 1794 5383 προσαγορεύσας,

228 5396 423 5467 βοηθὸν
455 5399 603 5469 αὐτῷ
650 5402 743 5453 καὶ
791 5403 1053 5473 συνεργὸν
1100 5406 1195 5457 καὶ
1236 5404 1331 5456 τοῦ
1369 5404 1486 5474 βίου
1542 5404 1801 5457 κοινωνὸν

227 5493 569 5561 παραχρῆμα
613 5492 1071 5565 ἐδημιούργησεν*
1124 5497 1225 5549 οὐκ
1266 5498 1330 5550 ὲκ
1381 5496 1548 5567 μόνης
1592 5496 1647 5549 δὲ
1702 5496 1801 5564 τῆς

229 5575 373 5647 γῆς,
413 5577 487 5640 ὡς
538 5580 623 5631 ἐπ’
664 5582 895 5648 ἐκείνου,
944 5584 1206 5654 λαμϐάνει
1250 5584 1350 5651 τὰς
1396 5584 1650 5657 ἀφορμὰς
1699 5586 1799 5657 τῆς

302 5779 317 5809 ³
361 5778 465 5833 lsa.
497 5794 606 5841 XIV,
643 5778 724 5832 l2.

1903 4649 1967 4688 ac
1997 4632 2397 4701 speciositatem
2426 4627 2667 4683 donavit.
2704 4626 2883 4679 Prima
2911 4625 3027 4680 haec
3045 4640 3174 4695 erga
3201 4626 3474 4680 hominem

1903 4723 1944 4779 F
1950 4724 2154 4780 actoris
2179 4729 2301 4791 post
2335 4719 2667 4774 creationem
2697 4715 3038 4787 providentia
3073 4718 3304 4771 exstitit.
3337 4717 3411 4771 Ita
3432 4717 3479 4771 is

1900 4818 2011 4888 jam
2040 4815 2164 4871 inde
2190 4814 2260 4868 ab
2291 4812 2470 4875 initio,
2495 4826 2596 4867 ceu
2630 4819 2783 4880 pater
2813 4809 3031 4878 quidam
3064 4819 3117 4864 et
3150 4810 3391 4865 medicus
3422 4822 3477 4864 et

1902 4907 2178 4976 magister,
2208 4918 2419 4959 ornans
2450 4901 2610 4958 simul
2640 4911 2696 4957 et
2740 4915 2940 4956 sanans
2974 4901 3345 4970 virtutemque
3382 4899 3477 4954 do—

1900 5013 2051 5063 cens,
2075 5012 2133 5051 se
2164 4997 2351 5067 gessit.

2006 5134 2093 5189 IV.
2134 5133 2241 5187 Cur
2289 5136 2558 5187 mulierem
2590 5148 2655 5186 ex
2695 5133 2793 5186 viri
2826 5131 2988 5185 latere
3030 5131 3359 5201 formaverit.

1988 5315 2281 5386 P05tquam
2336 5332 2459 5371 eum
2512 5317 2583 5369 ita
2638 5314 2972 5369 formaverat
3025 5324 3187 5381 atque
3234 5308 3475 5378 appella-

1906 5415 2081 5471 verat,
2137 5406 2459 5460 auxiliarem
2491 5406 2665 5459 eidem
2696 5415 2752 5457 et
2792 5402 3216 5473 cooperatricetn
3248 5400 3479 5466 vitaeque

1905 5498 2145 5553 sodalem
2182 5495 2329 5551 illico
2360 5494 2670 5552 fabricavit.
2715 5493 2869 5549 Haud
2911 5502 3090 5547 tanten
3129 5504 3197 5545 ex
3234 5488 3347 5542 sola
3374 5497 3477 5541 ter-

1908 5602 1986 5652 ra,
2024 5589 2164 5645 sicut
2188 5588 2242 5644 in
2275 5588 2389 5660 ipso
2422 5588 2645 5655 fecerat,
2696 5587 2975 5644 materiam
3008 5583 3285 5655 plasmatis
3330 5596 3478 5637 sum-
