3856 6212
439 340 461 393 1
476 338 578 392 425

1428 324 1489 380 S.
1523 321 1799 381 CYRILLI
1831 316 2304 374 ALEXANDRINI
2343 312 2669 369 ARCHIEP.

3562 306 3706 359 H‘ZS

435 458 581 526 psit;
613 451 708 507 sed
739 464 899 504 unam
930 463 996 501 ex
1019 446 1122 500 viri
1145 444 1315 500 costis
1332 443 1573 513 capiens,
1595 450 1755 508 atque
1785 439 1887 494 hac
1913 451 2010 491 ceu

2149 434 2474 495 ιαπλὰσεως,
2493 428 2639 484 ’ἀλλὰ
2676 426 2803 498 μίαν
2832 425 2941 478 τῶν
2974 423 3220 495 πλευρῶν
3251 420 3457 474 ἐκείνου
3489 421 3699 479 λαεὼν,

442 547 557 602 basi
580 554 635 601 et
661 543 1014 599 fundamento
1044 548 1223 603 utens,
1254 537 1546 591 femineam
1588 545 1836 589 naturam
1862 546 2015 586 com-

442 637 662 709 posuit:
702 633 846 687 haud
896 645 1032 687 sane
1066 629 1310 685 materiae
1355 627 1606 697 penuria,
1646 625 1756 680 sola
1786 623 1928 678 enim
1962 621 2012 675 ei

442 726 701 782 voluntas
740 722 808 776 ad
842 719 1085 790 cujusvis
1112 719 1191 773 rei
1219 717 1551 773 creationem
1585 713 1902 775 sulIiciebat,
1922 712 2017 766 sed

443 815 569 885 quia
630 810 939 868 concordia:
997 806 1270 862 vinculum
1328 815 1536 859 naturae
1580 804 1766 857 indere
1820 800 2012 856 voluit.

443 908 671 964 Hortum
709 917 925 972 quoque
964 899 1235 962 cousevit,
1261 911 1494 969 eumqqe
1537 894 1733 964 plantis
1770 893 2017 961 omnige-

446 1001 531 1055 nis
561 997 867 1059 exornavit,
914 993 1077 1063 idque
1109 987 1485 1046 habitaculum
1542 985 1744 1041 homini
1793 998 2018 1039 conces-

445 1094 541 1155 sit.
571 1092 819 1162 prarbens
854 1088 929 1142 illi
959 1084 1179 1139 virtutis
1212 1080 1559 1141 exercitium,
1590 1078 1733 1132 haud
1773 1074 2016 1130 laborio-

440 1202 565 1240 sum
595 1198 770 1253 neque
805 1180 956 1234 multi
985 1176 1203 1234 sudoris
1231 1180 1558 1245 przeceptum
1595 1171 1899 1239 imponens,
1925 1165 2018 1223 sed

446 1278 689 1333 modesto
719 1284 865 1328 certe
892 1268 1169 1341 perfacile.

794 1386 854 1441 V.
891 1385 1002 1440 Cur
1030 1386 1081 1438 ei
1124 1384 1285 1453 legem
1317 1380 1675 1435 constituerit.

516 1504 649 1561 Nam
680 1520 803 1561 cum
838 1492 1090 1557 omnibus
1124 1498 1268 1555 horti
1317 1496 1517 1567 plantis
1562 1493 1709 1549 vesci
1752 1508 1874 1548 eum
1910 1490 2025 1558 jus-

448 1598 634 1658 sisset,
676 1597 834 1649 unius
860 1604 1075 1663 gustum
1113 1588 1320 1652 vetuit;
1355 1601 1530 1656 neque
1556 1584 1608 1640 id
1639 1584 1818 1655 ipsum
1846 1592 2022 1637 teme-

450 1706 508 1744 re
537 1689 682 1751 fecit,
702 1687 794 1740 sed
816 1695 870 1737 ut
899 1687 1059 1738 homo
1082 1681 1323 1752 808m.
1364 1687 1639 1732 auctorem
1667 1690 1825 1729 suum
1859 1688 2026 1744 agno-

2116 527 2208 578 καὶ
2234 524 2406 593 ταύτῃ
2436 521 2690 592 καθάπερ
2715 519 2821 572 τινὶ
2852 517 3076 588 κρηπῖδι
3106 516 3200 568 καὶ
3227 513 3462 584 θεμελίῳ
3488 516 3702 582 χρησά-

2121 633 2299 686 μενος,
2329 615 2428 685 τὴν
2458 612 2774 681 γυναικείαν
2820 610 2983 679 φύσιν
3028 610 3212 660 ποιεῖ·
3244 608 3343 675 οὐχ
3388 606 3520 675 ὕλης
3561 606 3701 657 ἀπο-

2122 708 2229 779 ρίᾳ·
2263 707 2396 777 μόνη
2432 705 2542 774 γὰρ
2570 701 2715 771 αὐτῷ
2748 701 2913 770 βουλὴ
2948 699 3081 769 πρὸς
3125 698 3222 767 τὴν
3265 697 3403 749 ὅλων
3434 695 3705 764 δημιουρ-

2118 801 2242 869 γίαν
2278 800 2508 868 ἤρκεσεν
2536 808 2548 825 ⁸
2576 794 2690 847 ἀλλ’
2721 795 2777 846 ἐν
2808 796 2875 863 τῇ
2920 791 3080 859 φύσει
3111 791 3210 858 τῆς
3254 786 3505 857 ὁμονοίας
3536 784 3703 854 θελή-

2124 908 2221 953 σας
2252 889 2483 941 ἐνθεῖναι
2511 888 2600 939 τὸν
2633 885 2949 954 σύνδεσμον.
2969 881 3194 935 Φυτεύει
3219 880 3311 933 καὶ¹
3346 878 3705 948 παράδεισον,

2122 982 2216 1033 καὶ
2247 981 2430 1047 φυτοῖς
2454 976 2618 1029 αὐτὸν
2663 974 3006 1042 κατακοσμεῖ
3033 970 3327 1033 παντοίοις,
3373 969 3469 1020 καὶ
3514 967 3710 1020 τοῦτον

2123 1071 2446 1140 ἐνδιαίτημα
2477 1070 2555 1138 τῷ
2582 1068 2857 1138 ἀνθρώπῳ
2907 1065 3211 1135 χαρίζεται,
3257 1058 3506 1123 δεδωκὼς
3553 1059 3713 1127 αύτῷ

2124 1160 2425 1230 γυμνάσιον
2454 1159 2656 1229 ἀρετῆς
2686 1199 2700 1221 ,
2728 1156 2948 1223 ἐντολὴν
2980 1154 3081 1207 οὐκ
3134 1153 3407 1215 ἐπίπονον,
3450 1148 3575 1203 οὐδὲ
3615 1150 3716 1215 γέο

2129 1269 2333 1323 μουσαν
2369 1252 2613 1323 ἱδρῶτος,
2645 1249 2782 1305 ἀλλὰ
2812 1250 2955 1320 μάλα
2990 1245 3355 1318 σωφρονοῦντι
3383 1244 3600 1316 ῥᾳδίαν.

2392 1365 2465 1418 Ε’.
2508 1364 2613 1418 Διὰ
2648 1364 2705 1416 τί
2729 1365 2917 1431 νόμον
2953 1358 3115 1425 αὐτῷ
3145 1359 3426 1413 τέθεικεν.

2201 1478 2423 1532 Πάντων
2456 1477 2563 1547 γὰρ
2590 1475 2699 1529 τῶν
2728 1474 2910 1543 φυτῶν
2946 1472 3041 1526 τοῦ
3069 1471 3397 1543 παραδείσου
3440 1469 3723 1533 κελεύσας

2128 1570 2455 1632 ἀπολαύειν,
2511 1570 2627 1633 ἐνὸς
2671 1568 3020 1638 ἀπηγόρευσε
3078 1567 3176 1637 τὴν
3222 1563 3560 1634 μετάληψιν·
3616 1562 3728 1631 οὐχ

2131 1664 2316 1727 ἁπλῶς
2344 1663 2464 1717 οὺδέ
2501 1661 2661 1715 τοῦτο
2704 1657 3044 1728 πεποιηκὼς,
3081 1656 3310 1710 ἀλλ’ἵνα
3353 1654 3445 1707 τὸν
3476 1670 3727 1721 πεποιηο

449 1793 649 1847 sceret,
682 1792 844 1848 atque
888 1779 1059 1830 instar
1088 1776 1201 1843 jugi
1235 1772 1517 1840 cujusdam
1549 1769 1717 1839 legem
1748 1766 2027 1821 Creatoris

2144 1755 2263 1808 κότα
2295 1753 2569 1825 γνωρίζῃ,
2603 1752 2697 1806 καὶ
2722 1750 2911 1819 ὥσπερ
2944 1748 3067 1802 τινὰ
3101 1747 3261 1816 ζυγὸν
3289 1747 3386 1818 ἔχῃ
3419 1745 3514 1797 τὸν
3547 1745 3730 1814 νόμον

451 1875 715 1935 haberet;
751 1880 915 1939 utque
944 1869 1111 1921 sciret
1153 1881 1212 1919 se
1245 1864 1462 1932 quidem
1495 1862 1547 1915 in
1586 1872 1728 1915 terra
1764 1873 2022 1926 regnare,

451 1967 544 2020 sed
580 1976 759 2017 tamen
796 1962 1077 2015 Factorem
1110 1973 1269 2011 suum
1304 1953 1542 2008 vicissim
1593 1951 1694 2006 sibi
1731 1949 2023 2012 dominari,

451 2071 688 2127 prascsse
726 2064 781 2107 et
804 2052 1020 2118 subjici,
1059 2051 1330 2117 imperare
1362 2057 1417 2101 et
1446 2045 1723 2115 imperari,
1754 2044 1955 2097 ducere
1974 2052 2030 2096 et

454 2147 713 2202 duci.Sed
738 2155 791 2198 et
817 2143 1059 2213 alioquin
1094 2154 1339 2208 congrua
1366 2147 1451 2192 est
1478 2136 1832 2190 rationalibus
1866 2133 2031 2203 legis-

454 2242 581 2296 latio
637 2246 767 2295 :est
800 2237 947 2290 enim
984 2236 1269 2290 brutorum
1311 2233 1590 2301 proprium
1625 2228 1742 2284 sine
1790 2227 1908 2297 lege
1950 2226 2033 2280 vi-

452 2348 599 2385 vere.
653 2328 965 2384 llaudatum
1022 2336 1205 2379 autent
1254 2324 1400 2378 circa
1446 2334 1625 2375 escam
1669 2317 1906 2373 Creator
1952 2316 2029 2370 illi

455 2421 733 2492 imposuit,
760 2418 884 2487 quia
920 2417 1057 2470 alius
1085 2414 1325 2481 cujusvis
1363 2413 1501 2482 legis
1534 2421 1664 2464 tunc
1712 2409 1905 2463 luisset
1946 2409 2031 2461 in-

456 2516 604 2568 utilis
628 2512 775 2565 latio.
831 2512 970 2576 Quid
1013 2508 1155 2563 enim
1185 2509 1232 2560 ei
1271 2506 1554 2560 velandum
1602 2513 1719 2558 erat
1744 2502 1768 2557 ?
1796 2502 1932 2555 Nunt
1966 2517 2034 2555 ne

455 2602 958 2671 occideret?Atqui
1009 2615 1169 2655 nemo
1199 2607 1337 2663 erat,
1377 2598 1429 2651 in
1461 2612 1622 2666 quem
1659 2597 1833 2649 ctedes
1872 2594 2034 2649 cade-

457 2708 559 2753 ret.
592 2695 730 2750 Num
764 2710 829 2749 ue
868 2692 1279 2749 tnmcharetur?
1311 2691 1474 2761 Atqui
1528 2706 1596 2744 ne
1636 2688 1681 2745 si
1713 2689 1872 2742 vellet
1906 2688 2031 2757 qui-

458 2791 578 2844 dem
610 2788 662 2842 id
691 2793 922 2857 poterat,
950 2798 1072 2838 cum
1101 2783 1204 2836 alia
1234 2781 1432 2836 femina
1462 2795 1566 2835 non
1598 2790 1765 2835 esset.
1799 2779 1934 2833 Num
1966 2793 2035 2833 ne

457 2877 775 2935 tereretur?
824 2876 896 2930 At
938 2876 1093 2943 cujus
1144 2873 1326 2929 bona?
1375 2872 1585 2927 Cuncta
1637 2870 1782 2926 enim
1835 2872 1886 2925 in
1918 2870 2035 2940 ejus

460 2981 731 3043 potestate
775 2977 953 3024 erant.
993 2966 1123 3021 Erat
1164 2966 1331 3036 igitur
1368 2964 1457 3017 ille
1514 2963 1747 3017 mundus
1802 2960 2033 3031 tempori

461 3078 561 3117 suo
595 3058 950 3123 conveniens,
999 3070 1177 3125 neque
1231 3056 1605 3109 tantummodo
1652 3052 1756 3106 illis
1794 3052 1888 3121 qui
1928 3052 2035 3105 duo

2131 1848 2226 1901 τοῦ
2249 1847 2777 1918 δημιουργήσαντος,
2821 1846 2907 1899 ἵνα
2936 1841 3180 1911 γινώσκῃ
3207 1839 3281 1901 ὼς
3312 1836 3589 1908 βασιλεύει
3620 1836 3731 1904 μὲν

2131 1940 2241 1994 τῶν
2274 1942 2329 1992 ἐν
2358 1941 2423 2009 τῇ
2457 1942 2550 2008 γῇ,
2594 1936 2941 2007 βασιλεύεται
2974 1934 3030 1987 δὲ
3064 1933 3167 1986 ὑπὸ
3199 1931 3528 1992 πλάσαντος,
3557 1930 3730 2000 ἄρχει

2130 2033 2227 2085 καὶ
2252 2031 2498 2101 ἄρχεται,
2550 2025 2799 2091 δεσπόζει
2836 2027 2930 2079 καὶ
2984 2023 3325 2085 δεσπόζεται,
3359 2021 3586 2090 ἡγεῖται
3626 2020 3732 2070 καὶ

2133 2119 2346 2188 ἄγεται.
2384 2117 2594 2180 ’Ἄλλως
2636 2117 2693 2169 δὲ
2728 2116 2825 2170 καὶ
2869 2115 3177 2186 πρόσφορος
3210 2114 3244 2184 ὴ
3272 2110 3572 2180 νομοθεσία
3610 2114 3731 2173 τοῖς

2133 2213 2404 2279 λογικοῖς·
2441 2210 2651 2277 ἀλόγων
2695 2211 2805 2279 γὰρ
2855 2208 2985 2261 ἴδιον
3017 2207 3080 2259 τὸ
3131 2205 3310 2275 νόμων
3349 2205 3524 2275 χωρἰς
3573 2203 3733 2256 πολι-

2132 2301 2407 2355 τεύεσθαιο
2434 2301 2525 2354 τὸν
2557 2301 2612 2355 δέ
2644 2302 2771 2371 περὶ
2808 2299 3063 2369 βρώσεως
3088 2298 3249 2367 νόμον
3286 2296 3538 2349 τέθεικεν
3574 2296 3733 2365 αὖτῴ

2134 2395 2162 2446 6
2195 2392 2449 2463 Ποιητὴς,
2483 2391 2672 2461 ἐπειδὴ
2696 2393 2804 2443 τῶν
2832 2390 3007 2443 ἄλλων
3031 2390 3211 2458 νόμων
3247 2390 3280 2458 ἡ
3306 2387 3461 2449 θέσις
3486 2404 3559 2439 πε
3570 2389 3733 2457 ριττὴ

2134 2485 2434 2555 τηνικαῦτα
2462 2480 2548 2555 ἦν.
2585 2484 2649 2535 Τί
2679 2485 2787 2554 γὰρ
2812 2481 2959 2552 αὐτῷ
2986 2482 3079 2534 καὶ
3102 2480 3478 2550 ἀπαγορεύειν
3508 2480 3693 2548 ἐχρῆν
3718 2498 3732 2543 ;

2114 2578 2228 2647 ΔΜὴ
2252 2576 2507 2646 φονεῦσαι
2529 2593 2543 2639 ;
2574 2575 2712 2629 Ἀλλ’
2735 2577 2835 2628 οὐκ
2862 2572 2928 2645 ἦν
2956 2577 2983 2628 6
3013 2574 3171 2627 τοῦτο
3200 2573 3549 2643 πεισόμενος.
3570 2571 3737 2625 Ἀλλὰ

2141 2672 2216 2742 μὴ
2252 2670 2570 2742 μοιχεῦσαι;
2609 2669 2748 2723 Ἀλλ’
2778 2669 2899 2722 οὐδὲ
2927 2668 3210 2739 βουληθεὶς
3238 2663 3347 2730 οἷός
3381 2685 3450 2720 τε
3479 2663 3553 2738 ἦν
3582 2710 3597 2731 ,
3634 2685 3737 2736 γυ-

2137 2762 2323 2824 ναικὸς
2367 2760 2536 2831 ἄλλης
2576 2762 2676 2815 οὐκ
2704 2760 2892 2830 οὔσης.
2940 2759 3103 2813 Ἀλλὰ
3152 2759 3227 2830 μὴ
3261 2759 3493 2827 κλέψακ
3532 2760 3622 2811 Τὰ
3654 2760 3739 2812 τίς·

2138 2873 2255 2922 νος;
2321 2855 2496 2908 Αὐτοῦ
2544 2854 2654 2923 γὰρ
2712 2849 2781 2923 ἦν
2829 2852 3065 2907 ἅπαντα.
3115 2852 3399 2924 Ἁρμόδιος
3458 2851 3652 2905 τοίνυν
3717 2854 3738 2903 ὁ

2138 2949 2343 3018 κόσμος
2367 2949 2575 3010 ἐκεῖνος
2609 2940 2678 3016 ἦν
2707 2944 2787 3015 τῷ
2812 2945 2935 2998 τότε
2967 2944 3166 3016 καιρῷ,
3200 2944 3294 2997 καὶ
3319 2944 3380 2996 οὐ
3420 2944 3595 3013 μόνον
3624 2948 3741 3007 τοῖς

2142 3040 2325 3109 μόνοις
2363 3036 2543 3103 οὖσιν,
2590 3036 2729 3091 ἀλλὰ
2774 3038 2871 3090 καὶ
2922 3036 3156 3100 παιδίοις
3201 3036 3557 3107 ἀρτιγενέσιν
3601 3054 3741 3108 συμ-

461 3152 563 3208 soli
592 3159 770 3216 erant,
804 3164 996 3204 verum
1028 3147 1192 3204 etiam
1244 3147 1431 3217 pueris
1465 3155 1711 3200 recenter
1740 3144 1883 3199 natis
1913 3142 2036 3198 ido—
2062 3133 2107 3192 ϐ
2138 3130 2362 3184 ϐαίνων.

460 3261 617 3303 nens.

919 3331 1005 3386 VI.
1036 3329 1112 3384 De
1146 3329 1343 3383 Adanti
1372 3327 1581 3383 exsilio.

536 3452 644 3507 Sed
682 3457 977 3521 postquam
1026 3447 1228 3502 invidia
1268 3444 1492 3507 diaboli,
1532 3453 1588 3495 et
1634 3439 1877 3496 mulieris
1908 3440 2039 3494 sint-

466 3544 711 3614 plicitate
754 3556 999 3596 errorem
1053 3537 1325 3593 commisit
1375 3535 1631 3607 (namque
1670 3533 1814 3588 hanc
1854 3541 2039 3601 utpote

464 3636 779 3693 debiliorem
820 3632 1036 3695 fallens,
1072 3631 1248 3700 primo
1291 3643 1389 3694 per
1430 3626 1627 3696 ipsam,
1667 3640 1765 3678 ceu
1814 3638 2039 3693 persua-

466 3728 640 3784 dendo
674 3726 964 3795 aptiorem,
992 3724 1257 3777 Adamum
1288 3730 1486 3774 nostra:
1515 3719 1706 3773 salutis
1738 3717 1909 3770 hostis
1928 3716 2039 3770 cir-

465 3817 782 3889 cumvenit),
808 3817 994 3887 pulsus
1043 3814 1187 3868 illico
1221 3811 1470 3881 paradiso
1502 3810 1623 3871 fuit,
1655 3819 1707 3862 et
1739 3808 1804 3861 ad
1845 3822 2044 3861 conua-

469 3910 700 3966 turalem
734 3922 887 3963 suam
939 3915 1140 3959 terram
1169 3904 1429 3956 dimissus
1463 3909 1566 3964 est,
1603 3898 1814 3965 sudori,
1843 3898 2039 3971 labori,

466 4012 830 4067 :erumnaaque
860 3997 1093 4059 deditus,
1128 4008 1193 4048 ac
1220 3992 1384 4047 veluti
1418 3992 1569 4045 freno
1613 3991 1865 4059 quodam,
1899 3989 2043 4055 agri-

467 4093 697 4148 cultura:
756 4089 962 4153 labore,
1002 4085 1340 4150 aliorumque
1370 4084 1494 4136 vine
1528 4082 1790 4135 malorum
1819 4095 2041 4150 perpes-

466 4185 618 4238 sioue
651 4179 1001 4236 constrictus.
1033 4176 1171 4242 Quia
1203 4175 1349 4229 enim
1384 4173 1532 4227 illam
1585 4171 1767 4226 labore
1800 4171 1945 4224 omni
1977 4185 2042 4224 ac

468 4274 654 4329 dolore
683 4272 910 4325 liberam
939 4268 1106 4321 vitam
1139 4282 1243 4320 nou
1270 4280 1391 4319 cum
1427 4274 1583 4333 grato
1610 4264 1793 4316 animo
1820 4261 2037 4325 tulerat,

467 4363 777 4418 calamitate
814 4359 1075 4427 deinceps
1124 4356 1415 4426 implicitus
1446 4354 1565 4419 fuit,
1602 4362 1658 4407 ut
1696 4363 2037 4407 contractum

467 4454 830 4524 prosperitate
880 4451 1129 4506 morbum
1166 4488 1181 4512 ,
1230 4447 1507 4501 laboribus
1543 4444 1855 4514 depelleret.
1899 4442 2036 4496 Tum

466 4548 632 4602 etiam
678 4553 851 4598 morte
888 4541 1100 4611 peccati
1148 4555 1364 4593 cursum
1418 4537 1698 4607 legislator
1731 4537 2040 4604 interrupit,

467 4646 521 4687 et
551 4647 767 4704 plenam
801 4632 971 4699 ipsam
1001 4630 1175 4683 instar
1196 4628 1498 4683 clementia:
1524 4627 1721 4680 intulit.
1745 4627 1879 4680 Cum
1898 4627 2042 4679 enim

474 4718 893 4788 transgressioni
938 4726 1169 4769 mortem
1217 4715 1550 4768 decrevisset
1606 4715 1911 4784 legislatur,
1957 4715 2043 4767 fa-

473 4820 592 4863 ctus
620 4823 748 4862 vero
798 4818 1174 4875 transgressor
1219 4806 1382 4859 homo
1427 4805 1481 4858 in
1533 4820 1652 4859 eam
1699 4818 1916 4874 pmnam
1965 4806 2046 4859 in-

473 4902 754 4966 currisset,
801 4914 1023 4968 operam
1070 4898 1158 4952 ille
1212 4898 1359 4951 dedit
1404 4907 1464 4950 ut
1511 4912 1670 4965 poena
1717 4899 1768 4951 itt
1816 4898 2043 4953 salutem

472 4999 741 5058 vergeret.
775 4987 1023 5057 Namque
1054 4988 1156 5040 hoc
1199 4985 1401 5039 animal
1436 5001 1583 5040 mors
1628 4986 1900 5051 dissolvit,
1932 5004 2046 5041 ma-

473 5082 601 5135 litiae
633 5082 902 5135 actionem
936 5079 1101 5144 sistit,
1127 5076 1405 5131 laboribus
1434 5077 1729 5140 subtrahit,
1757 5078 2045 5133 sudoribus

478 5173 694 5234 liberat,
730 5171 1012 5225 doloribus
1056 5169 1314 5237 curisque
1376 5167 1560 5235 eripit,
1612 5167 1773 5223 linem
1804 5170 2046 5238 corporis

474 5260 716 5333 809m,
743 5262 971 5329 imponit
1009 5260 1375 5330 passionibus.
1414 5261 1587 5315 Tanta
1632 5261 1886 5315 nimirum
1939 5263 2048 5316 cle-

476 5358 674 5410 tnentia
711 5371 926 5424 puniant
958 5353 1280 5424 temperavit
1305 5351 1467 5422 judex
1493 5355 1505 5407 !

438 5600 442 5605 .
480 5553 587 5610 VII.
622 5555 794 5620 Quam
835 5554 1037 5623 ingrati
1076 5552 1311 5607 homines
1344 5551 1563 5618 fuerint,
1597 5561 1645 5607 et
1680 5571 1835 5622 quam
1867 5556 2045 5621 provi-

954 5628 1051 5677 dus
1096 5624 1254 5687 Deus,
1283 5633 1553 5677 narratur.

549 5735 654 5789 Sed
697 5737 829 5790 nihil
867 5737 989 5791 inde
1032 5752 1200 5803 genus
1227 5735 1507 5789 hominum
1552 5735 1821 5803 ingratum
1861 5753 2043 5803 perce—

2397 3316 2489 3380 ς’.
2524 3313 2665 3382 Περὶ
2700 3313 2810 3381 τῆς
2842 3313 3082 3382 ἐξορίας
3115 3313 3223 3367 τοῦ
3262 3313 3461 3382 Ἀδάμ.

2229 3425 2447 3498 Ἐπειδὴ
2472 3425 2526 3479 δέ
2552 3426 2729 3495 φθόνῳ
2756 3425 3001 3479 διαϐόλου
3020 3466 3035 3489 ,
3077 3426 3173 3479 καὶ
3205 3427 3473 3494 γυναικὸς
3506 3422 3744 3501 εὐκολία

2147 3519 2246 3592 τὴν
2285 3519 2502 3590 ἀπάτην
2552 3518 2770 3582 ἐδέξατο
2817 3518 3042 3588 (ταύτην
3088 3518 3197 3589 γὰρ
3244 3519 3319 3582 ὡς
3366 3519 3749 3591 ἁπαλωτέρα-ί

2149 3612 2469 3681 φενακίσας,
2502 3612 2769 3682 πρότερον
2796 3611 2865 3664 δι’
2892 3613 3082 3682 αὐτῆς,
3111 3612 3186 3675 ὡς
3210 3613 3631 3684 πιθανωτέρας,
3660 3618 3749 3668 τὸν

2162 3702 2331 3773 Ἀδὰμ
2356 3705 2384 3756 ό
2408 3703 2506 3769 τῆς
2548 3703 2825 3773 ἡμετέρας
2852 3701 3070 3769 φύσεως
3111 3702 3365 3773 ἀλάστωρ
3401 3706 3743 3776 ἐπολιόρκη-

2151 3794 2286 3855 σεν),
2313 3792 2573 3863 ἐξεϐλήθη
2631 3793 2731 3862 μὲν
2762 3792 2926 3854 εὐθὺς
2954 3792 3049 3845 τοῦ
3083 3794 3440 3864 παραδείσου,
3474 3797 3577 3849 καὶ
3607 3798 3744 3868 πρὸς

2147 3884 2245 3955 τὴν
2277 3884 2517 3953 συγγενῆ
2543 3883 2648 3953 γῆν
2677 3883 3047 3954 παρεπέμφθη
3068 3924 3082 3946 ,
3115 3884 3299 3953 ἱδρῶτι
3336 3889 3437 3938 καὶ
3472 3888 3631 3959 πόνῳ
3652 3892 3743 3942 καὶ

2147 3975 2493 4046 ταλαιπωρίᾳ
2532 3974 2974 4046 συγκληρωθεὶς,
3010 3978 3104 4031 καὶ
3128 3971 3239 4031 οἷόν
3272 3995 3381 4031 τινι
3424 3979 3637 4052 χαλινῷ
3674 3986 3737 4049 τῇ

2148 4068 2387 4139 γηπονίᾳ
2433 4066 2528 4120 καὶ
2558 4068 2900 4139 κακοπαθείᾳ
2945 4070 3040 4121 καὶ
3080 4072 3201 4134 ταῖς
3244 4071 3440 4134 ἄλλαις
3484 4073 3585 4126 τοῦ
3623 4075 3740 4143 βίον

2148 4160 2436 4230 πονηρίαις
2478 4159 2822 4229 παραδοθείς.
2856 4160 2946 4224 Ὧς
2971 4161 3080 4232 γὰρ
3127 4162 3225 4231 τὴν
3266 4162 3476 4215 ἄπονον
3520 4166 3743 4235 ἐκείνην

2148 4252 2244 4303 καὶ
2269 4251 2475 4305 ἄλυπον
2502 4251 2601 4304 οὐκ
2623 4250 2859 4319 ἐνεγκὼν
2889 4254 3251 4324 εὐγνωμόνως
3298 4253 3471 4326 ζωὴν,
3518 4261 3589 4328 τῇ
3621 4260 3742 4311 δυσ-

2147 4343 2357 4413 ημερίᾳ¹
2381 4342 2760 4411 συζεύγνυται,
2789 4344 2873 4396 ἵνα
2905 4345 3006 4416 τὴν
3032 4347 3139 4398 ἀπὸ
3163 4348 3260 4416 τῆς
3304 4349 3617 4419 εὐημερίας
3647 4370 3740 4419 φε-

2152 4435 2386 4505 ρομένην
2414 4435 2566 4487 νόσον
2620 4435 2707 4488 διὰ
2738 4436 2845 4491 τῶν
2871 4438 3049 4489 πόνων
3084 4438 3563 4510 ἀποσκενάσηται.
3610 4448 3738 4496 Δια-

2148 4527 2339 4579 κόπτει
2383 4526 2440 4578 δέ
2483 4528 2577 4579 καὶ
2626 4528 2840 4598 θανάτῳ
2884 4529 2977 4581 τὸν
3025 4529 3223 4599 δρόμον
3252 4533 3350 4600 τῆς
3384 4533 3672 4602 ἁμαρτίας
3712 4540 3738 4587 ό

2145 4616 2440 4687 νομοθέτης
2465 4659 2479 4681 ν
2534 4618 2627 4670 καὶ
2669 4620 2839 4689 αὐτὴν
2884 4619 3121 4673 δείκνυσι
3153 4622 3250 4691 τὴν
3292 4626 3584 4694 τιμωρίαν
3620 4629 3737 4695 φιλ-

2145 4708 2486 4780 ανθρωπίαν.
2544 4710 2762 4781 Ἐπειδὴ
2794 4712 2903 4782 γὰρ
2946 4715 3011 4782 τῇ
3056 4715 3365 4783 παραϐάσει
3421 4718 3735 4786 νομοθετῶν

2148 4799 2434 4865 συνέζευξε
2474 4801 2725 4865 θάνατον,
2770 4803 3027 4872 παραόάς
3075 4804 3130 4857 δέ
3160 4807 3262 4857 ὑπὸ
3305 4810 3410 4875 τὴν
3462 4812 3733 4881 τιμωρίαν

2145 4893 2363 4963 ἐκείνην
2404 4894 2642 4961 ἐγένετο,
2701 4896 2976 4963 οἰκονομεῖ
3016 4896 3113 4964 τὴν
3144 4898 3423 4965 τιμωρίαν
3454 4904 3725 4973 σωτηρίαι.

2146 4984 2422 5052 γενέσθαι.
2454 4984 2669 5037 Διαλύει
2694 4988 2803 5056 γὰρ
2836 4985 2992 5039 τοῦτο
3022 4988 3081 5039 τὸ
3110 4987 3250 5050 ζῶον
3276 4991 3305 5039 ό
3344 4990 3609 5055 θάνατος,
3643 5012 3712 5046 κα

2116 5138 2119 5139 ν
2147 5073 2312 5127 παύει
2345 5075 2444 5144 μὲν
2475 5073 2573 5142 τὴν
2606 5072 2707 5142 τῆς
2750 5075 3014 5144 πονηρίας
3042 5077 3343 5145 ἐνέργειαν,
3392 5081 3730 5135 ἀπαλλάττει

2145 5165 2201 5218 δὲ
2234 5166 2431 5227 πόνων,
2466 5166 2562 5218 καὶ
2591 5164 2829 5234 ἱδρώτων
2853 5166 3146 5237 ἐλευθεροῖ,
3184 5167 3357 5231 λύπας
3383 5172 3480 5222 καὶ
3514 5174 3733 5242 φροντί-

2145 5258 2241 5320 δας
2277 5257 2512 5321 ἐλαύνει,
2558 5256 2711 5319 τέλος
2740 5260 2850 5320 τοῖς
2883 5258 2978 5311 τοῦ
3009 5259 3259 5330 σώματος
3291 5261 3478 5314 δίδωσι
3512 5265 3730 5318 πάθεσι.

2147 5348 2398 5418 Τοσαύτη
2457 5348 2839 5419 φιλανθρωπίᾳ
2898 5350 2997 5420 τὴν
3047 5352 3316 5423 τιμωρίαν
3368 5356 3644 5424 ἐκέρασεν
3708 5359 3737 5407 ὁ

2148 5440 2343 5510 κριτής
2366 5443 2378 5492 ί

2147 5554 2219 5606 Z'.
2258 5554 2683 5636 Anjrnmcfﬁc
2712 5558 2830 5636 ςῶτ
2857 5557 3182 5636 ἀξθρώςτων
3214 5560 3604 5636 ἀχαριστίας,
3634 5566 3735 5616 καὶ

2499 5630 2609 5695 τῆς
2640 5630 2745 5683 τοῦ
2785 5630 2934 5682 Θεοῦ
2968 5630 3343 5697 κηδεμονίας.

2233 5738 2373 5793 Ἀλλ’
2413 5741 2563 5794 οὐδὲν
2590 5743 2837 5797 ἐντεῦθεν
2866 5745 2925 5799 τὸ
2967 5744 3259 5816 ἀχάριστον
3293 5747 3453 5813 γένος
3491 5749 3603 5801 τῶν
3640 5749 3743 5801 αν-
