3856 6212
193 373 326 430 “25

1317 375 1441 430 ‘DE
1479 371 2001 431 INCARNATIONE
2039 370 2295 429 DOMINI.

3301 379 3438 435 “9.6

192 487 420 560 θρώπων
454 483 710 542 ἀπώνατο
731 503 745 518 ·
779 486 991 558 μείζοσι
1021 488 1077 542 δὲ
1106 489 1524 560 ἀγνωμοσύναις
1552 491 1644 546 τὸν
1674 491 1766 543 εὐ-

1883 488 1948 556 pit
1972 489 2258 547 utilitatis:
2289 490 2483 550 imoeb
2503 493 2782 564 peioribus
2811 491 3097 550 malellciis
3135 495 3437 552 benefacto-

190 579 415 651 εργέτην
442 578 736 650 ἠμείψατο.
786 579 964 643 Εὐθὺς
993 580 1102 652 γὰρ
1149 580 1532 652 ἀδελφοκτονία
1557 582 1762 652 τολμᾶ-

190 690 318 736 ται,
368 672 464 726 καὶ
513 670 742 741 φθόνος,
793 671 889 724 καὶ
933 670 1164 742 ψεῦδος,
1218 673 1507 728 ἀκολασίαι
1553 691 1615 728 τε
1671 676 1766 728 καὶ

191 765 506 832 ἀσέλγειαι,
570 763 814 828 ἀδικίαι,
880 765 977 818 καὶ
1043 763 1462 836 ἀλληλοφονίαι,
1513 768 1609 821 καὶ
1656 768 1767 821 τῶν

190 856 482 929 ἀλλοτρίων
521 858 793 930 ἁρπαγαὶ,
843 858 940 911 καὶ
981 858 1152 911 τᾶλλα
1204 858 1306 912 ὅσα
1358 859 1692 930 ἐϐλάστησεν
1731 861 1766 932 ή

191 948 430 1020 ἁμαρτία
460 949 627 1004 κακά.
669 948 814 1002 Ἀλλ’
843 949 964 1003 οὐδέ
992 948 1165 1014 οὕτως
1219 949 1248 1001 6
1287 949 1522 1022 Ποιητής
1559 952 1626 1022 ἣν
1660 950 1770 1004 διέ-
1811 994 1820 1003 .

193 1039 396 1092 πλασεν
427 1041 807 1110 ἀπηγόρευσεν
839 1040 1000 1110 φύσιν
1020 1058 1034 1073 ο
1064 1042 1241 1110 σοφῶς
1268 1042 1327 1095 δέ
1352 1042 1484 1096 αὐτὸ
1523 1042 1619 1097 καὶ
1660 1043 1768 1098 δια-

192 1129 370 1201 φόρως
409 1130 681 1194 ἐτέλεσεν,
715 1130 1004 1202 ἰατρεύων,
1040 1131 1329 1203 ἐπιτιμῶν,
1362 1131 1632 1201 ἐγκαλῶν,
1659 1134 1769 1186 εἰσ-

191 1220 489 1292 ηγούμενος
527 1223 588 1275 τὸ
638 1221 777 1287 δέον,
817 1222 1222 1292 συμϐουλεύων,
1258 1223 1514 1289 ἀπειλῶν,
1547 1223 1768 1293 ἐπάγων

190 1313 286 1384 τὴν
314 1313 564 1385 ἀπειλὴν,
598 1314 842 1378 κολάζων
861 1315 988 1377 τοὺς
1013 1316 1308 1385 πονηροὺς,
1337 1316 1618 1386 στεφανῶν
1642 1318 1770 1381 τοὺς

191 1404 428 1474 ἀγαθοὺς
450 1447 474 1468 ,ν
509 1405 605 1460 καὶ
633 1405 724 1459 τὸν
757 1406 855 1476 μὲν
900 1406 1291 1477 ἀνακηρύττων
1316 1448 1331 1473 ,
1365 1409 1458 1461 τὸν
1506 1407 1563 1460 δέ
1605 1424 1771 1477 μετα·

189 1497 359 1560 τιθεὶς
383 1536 398 1560 ,
430 1495 522 1550 τὸν
550 1497 606 1549 δέ
643 1496 788 1566 ξύλῳ
825 1496 965 1568 μετὰ
989 1497 1082 1551 τοῦ
1111 1498 1303 1568 γένους
1331 1497 1634 1565 διασώζων,
1675 1497 1771 1552 καὶ

193 1586 464 1659 σπινθῆρα
501 1590 569 1658 τῇ
619 1587 777 1656 φύσει
820 1587 1113 1660 διατηρῶν,
1145 1588 1451 1653 ἐπικλύζων
1505 1587 1602 1661 τὴν
1640 1588 1769 1660 γῆν,

189 1677 516 1750 διαφθείρων
550 1677 702 1732 ὕδατι
734 1679 861 1743 τοὺς
889 1679 1126 1750 ἐργάτας
1152 1683 1252 1752 τῆς
1279 1680 1564 1752 πονηρίας,
1590 1679 1771 1746 αὔξων

188 1764 346 1832 αὖθις
373 1769 435 1823 τὸ
463 1768 801 1841 ἀνθρώπινον
825 1770 1016 1839 γένος,
1052 1773 1308 1842 μερικαῖς
1333 1771 1632 1844 τιμωρίαις
1655 1789 1772 1825 κοι-

188 1860 284 1924 νὰς
327 1859 567 1931 ἰατρείας
599 1861 943 1932 ποιούμενος,
979 1862 1163 1926 πόλεις
1191 1863 1470 1927 ἀσεϐείαις
1519 1860 1772 1927 συζώσας

189 1953 324 2022 πυρὶ
373 1953 732 2021 καταφλέγων
765 1954 1034 2025 οὐρανίῳ,
1066 1955 1156 2008 τὸν
1191 1956 1288 2008 σὺν
1317 1955 1504 2019 αὐτοῖς
1555 1955 1655 2025 μὲν
1692 1955 1771 2008 οἰ-

188 2043 394 2104 κοῦντα
413 2083 428 2106 ,
457 2045 556 2114 τῆς
589 2042 634 2097 δ’
673 2043 925 2108 ἀσεϐείας
955 2045 1016 2097 οὐ
1055 2043 1436 2110 κοινωνοῦντα,
1470 2044 1572 2114 τῆς
1602 2061 1774 2114 τιμω-

191 2135 313 2206 ρίας
359 2135 678 2206 ἐλευθερῶν,
717 2136 1030 2206 εὐετηρίαις
1062 2134 1402 2206 δωρούμενος
1427 2177 1442 2200 ,
1497 2136 1556 2190 ἐν
1596 2135 1773 2207 καιρῷ

186 2225 344 2278 ὑετὸν
390 2223 786 2295 χαριζόμενος,
842 2223 1020 2289 αὔξων
1065 2225 1324 2296 ἀρρήτως
1363 2226 1432 2279 τὰ
1477 2223 1628 2296 παρὰ
1663 2223 1775 2278 τῶν

185 2313 494 2387 ἀνθρώπων
526 2314 974 2385 καταϐαλλόμενα
1010 2317 1330 2388 σπέρματα,
1353 2315 1585 2386 καρπῶν
1606 2315 1773 2383 ἀφθο-

186 2407 307 2470 νίας
386 2405 571 2476 βρύειν
617 2407 686 2460 τά
742 2406 932 2476 δένδρα
982 2406 1248 2473 κελεύων,
1315 2406 1460 2478 λιμῷ
1506 2406 1776 2460 παιδεύων

185 2497 314 2561 τοὺς
362 2497 516 2549 οὐδὲν
565 2498 628 2550 ἐκ
680 2497 780 2566 τῆς
832 2496 1086 2569 εὐθηνίας
1136 2499 1541 2570 ὠφεληθέντας,
1586 2499 1776 2562 νόσους

186 2589 436 2658 ἐπάγων,
470 2589 566 2640 καὶ
607 2589 770 2642 πάλιν
799 2589 999 2652 ταύτας
1029 2589 1291 2656 ἐλαύνων,
1333 2589 1778 2663 χαλασφενδονῶν

185 2678 286 2742 τὰς
329 2677 433 2747 τῆς
481 2675 624 2748 ζωῆς
671 2680 926 2750 ἀφορμὰς
949 2720 964 2744 ,
999 2680 1218 2750 νέφεσιν
1247 2682 1466 2752 ἁκρίδος
1497 2682 1588 2736 τὸν
1627 2683 1777 2754 ἦλιον

184 2765 454 2837 κρύπτων
477 2766 570 2818 καὶ
599 2767 725 2831 τοὺς
749 2769 996 2838 καρποὺς
1018 2768 1364 2842 διαφθείρων·
1399 2771 1570 2827 νεύων
1598 2769 1776 2837 αὖθις,

183 2857 286 2912 καὶ
337 2856 410 2909 τὰ
455 2857 675 2928 λυπηρά
723 2859 1108 2928 μεταϐάλλων,
1159 2863 1287 2927 τοὺς
1349 2864 1449 2934 τὴν
1496 2865 1779 2920 εὐσέϐειαν

183 2947 592 3015 ἀγαπήσαντας
623 2949 723 3006 οὐκ
752 2950 857 3002 ἐῶν
883 2992 896 3017 ,
932 2953 1027 3004 καὶ
1050 2952 1260 3017 τούτοις
1305 2954 1648 3026 φαινόμενος,
1685 2957 1780 3009 καὶ

182 3035 426 3105 φιλικῶς
454 3035 856 3108 διαλεγόμενος,
903 3040 1000 3093 καί⁸
1028 3040 1116 3094 διὰ
1145 3041 1351 3096 τούτων
1393 3045 1780 3115 προσημαίνων

179 3131 256 3186 τὰ
293 3131 586 3203 μέλλοντα.

183 3243 271 3296 H'.
320 3243 457 3296 Ὀτι
496 3246 946 3317 φιλανθρωπίας
989 3245 1154 3316 γέμει
1203 3249 1240 3317 ἠ
1289 3249 1396 3302 τοῦ
1428 3247 1577 3302 Θεοῦ
1607 3250 1783 3304 ἐναν-

825 3314 1154 3383 omanem.

277 3425 502 3496 Ἐπειδὴ
561 3426 618 3478 δὲ
683 3426 896 3494 ταῦτα,
972 3430 1067 3482 καὶ
1109 3429 1276 3483 τᾶλλα
1335 3431 1404 3484 τὰ
1461 3433 1631 3502 μυρία
1690 3434 1786 3486 καὶ

178 3519 532 3588 δυσδιήγητα
565 3517 666 3587 τῆς
697 3516 843 3580 θείας
889 3518 1203 3589 οἰκονομίας
1263 3520 1374 3590 εἴδη
1433 3521 1645 3589 ὀλίγους
1688 3523 1786 3592 μὲν

181 3611 593 3683 εὐηργέτησεν,
626 3611 675 3662 οἱ
706 3610 762 3662 δὲ
793 3611 974 3664 λοιποὶ
993 3612 1102 3665 τῶν
1136 3612 1441 3682 ἀνθρώπων
1465 3614 1786 3684 ἀνηκέστως

176 3707 483 3765 διέκειντο,
517 3703 638 3755 τότε
666 3702 749 3772 δὴ,
771 3704 893 3756 τότε
923 3704 983 3756 τὸ
1016 3705 1160 3774 μέγα
1189 3705 1283 3758 καὶ
1311 3705 1549 3778 ἄρρητον
1575 3707 1787 3775 γίνεται

175 3798 286 3868 τῆς
335 3795 654 3864 οἰκονομίας
702 3796 1034 3866 μυστήριον·
1068 3797 1230 3860 αὐτὸς
1260 3798 1369 3867 γὰρ
1410 3798 1438 3848 6
1482 3797 1653 3866 Λόγος
1691 3799 1784 3852 τοῦ

185 3884 366 3950 Θεοῦ,
406 3885 435 3936 ὁ
465 3884 796 3957 δημιουργὸς
829 3886 1044 3957 ἁπάσης
1087 3888 1186 3956 τῆς
1221 3888 1469 3952 κτίσεως,
1500 3891 1527 3940 ὁ
1559 3889 1786 3960 άχὼρη-

174 3999 274 4044 τος
301 4019 318 4041 ,
352 3979 384 4029 ὁ
417 3978 830 4048 ἁπερίγραπτος
856 4023 870 4045 ,
907 3979 934 4030 ὁ
983 3977 1344 4041 ἀναλλοίωτος
1367 4019 1380 4044 ,
1411 3981 1444 4051 ἡ
1495 3980 1645 4052 πηγὴ
1687 3981 1786 4050 τῆς

172 4071 340 4140 ζωῆς
363 4109 378 4131 ,
429 4066 492 4119 τὸ
528 4070 590 4120 ἐκ
625 4069 717 4122 τοῦ
757 4070 934 4138 φωτὸς
970 4069 1086 4138 φῶς
1115 4111 1128 4132 ,
1176 4071 1209 4140 ἠ
1256 4069 1406 4132 ζῶσα
1439 4071 1531 4124 τοῦ
1571 4071 1786 4142 Πατρὺς

171 4164 382 4227 εξκὼν,
441 4159 502 4212 τὸ
543 4161 881 4231 ἀπαύγασμα
928 4163 1027 4232 τῆς
1065 4162 1243 4232 δόξης,
1285 4164 1313 4215 ὁ
1360 4163 1648 4234 χαρακτὴρ
1687 4163 1788 4233 τῆς

170 4254 582 4315 ὑποστάσεως,
629 4254 726 4322 τὴν
774 4254 1119 4323 ἀνθρωπείαν
1166 4253 1329 4322 φύσιν
1384 4255 1792 4324 ἀναλαμϐάνει,

172 4349 281 4403 καὶ
331 4346 448 4415 τὴν
495 4343 702 4395 οἰκείαν
753 4344 937 4397 εἰκόνα
993 4347 1229 4397 νεοποιεῖ
1269 4348 1336 4416 τῇ
1391 4346 1637 4418 ἁμαρτίᾳ
1673 4347 1788 4399 διας

172 4438 535 4508 φθαρεῖσαν,
570 4433 778 4486 καὶτὸν
812 4434 1104 4503 ἀνδριάντα
1133 4435 1222 4486 τὸν
1253 4436 1358 4488 ὐπὸ
1399 4436 1491 4488 τοῦ
1536 4437 1653 4490 υἰοῦ
1689 4439 1787 4507 τῆς

1866 593 1980 634 rem
2010 587 2394 640 remuneratus
2417 593 2522 640 est.
2573 583 2770 640 Statim
2807 585 2952 640 enim
2987 584 3245 642 fraterna
3278 589 3439 644 cadis

1865 669 2099 738 facinus,
2141 674 2376 742 invidia,
2401 676 2766 744 mendacium,
2801 678 3246 748 intemperantia,
3287 680 3441 736 luxu-

1866 761 1984 828 ria,
2009 762 2244 833 injuria,
2275 773 2480 822 mutua
2503 768 2828 835 occisiones,
2869 768 3058 824 aliena
3094 771 3169 825 rei
3211 771 3438 840 rapina,

1866 862 1920 907 et
1954 853 2058 908 alia
2081 853 2384 922 huiusmodi
2415 871 2534 926 qua
2570 868 2852 928 peccatum
2882 861 3098 932 peperit
3125 863 3290 916 mala.
3331 865 3438 918 Sed

1867 958 1936 998 ne
1970 945 2052 1000 sic
2077 945 2294 1014 quidem
2325 962 2486 1018 quam
2511 948 2844 1006 formaverat
2881 952 3083 1024 abiecit
3109 955 3250 1010 Dens
3279 965 3440 1010 natu—

1869 1050 1985 1090 ram
2015 1055 2028 1090 :
2060 1041 2154 1092 sed
2204 1039 2350 1094 varia
2384 1041 2654 1110 sapientia
2703 1044 2771 1097 ad
2819 1057 2940 1098 eum
2979 1044 3140 1100 linem
3175 1061 3306 1100 usus
3335 1057 3440 1105 est.

1869 1129 2092 1182 medens
2135 1128 2368 1194 scilicet,
2403 1129 2720 1201 increpans,
2761 1134 3042 1200 incusans,
3087 1135 3156 1189 ad
3205 1135 3440 1190 ollicinm

1869 1218 2144 1282 erudiens,
2175 1219 2402 1275 consilia
2453 1235 2753 1292 suggerens
2780 1263 2796 1288 ,
2841 1225 3182 1280 comminans
3208 1265 3224 1290 ,
3270 1227 3443 1280 minas

1872 1311 2014 1379 ipsas
2044 1312 2098 1365 in
2130 1327 2242 1366 rem
2275 1312 2584 1379 conferens,
2629 1313 2803 1370 malos
2834 1316 3094 1386 puniens,
3117 1317 3290 1372 bonos
3323 1333 3443 1370 mn-

1871 1417 2088 1468 nerans,
2116 1413 2167 1456 et
2211 1403 2375 1458 alium
2434 1403 2650 1474 quidem
2699 1404 2869 1468 laude
2904 1421 3132 1471 ornans,
3169 1407 3332 1461 alium
3378 1408 3446 1461 de

1871 1493 2069 1546 mundo
2107 1493 2457 1559 transferens,
2489 1494 2654 1549 alium
2691 1511 2818 1551 arca
2853 1496 3034 1567 lignea
3075 1513 3198 1552 cum
3245 1513 3447 1568 genere

1870 1581 2103 1649 salvans,
2133 1594 2188 1638 et
2229 1593 2436 1640 natura
2477 1583 2778 1640 scintillam
2821 1602 3205 1656 conservans;
3244 1599 3448 1643 terram

1872 1674 2069 1730 diluvio
2096 1676 2354 1743 obruens,
2390 1686 2445 1730 et
2472 1677 2731 1747 nequitia
2759 1689 3082 1748 operatores
3114 1682 3272 1750 aquis
3314 1697 3448 1750 pra-

1872 1763 2090 1832 focans;
2126 1767 2492 1836 multiplicans
2527 1783 2722 1824 rursus
2775 1771 3080 1824 humanum
3112 1785 3308 1841 genus,
3334 1771 3449 1824 sin-

1802 1848 1845 1903 Β
1873 1857 2153 1928 gularibus
2184 1860 2361 1930 pcenis
2408 1859 2692 1930 generales
2720 1860 2963 1916 medelas
2998 1861 3231 1927 faciens,
3260 1861 3447 1915 civita.

1876 1959 1958 2007 tes
1983 1951 2280 2007 sceleribus
2308 1953 2516 2007 deditas
2545 1953 2670 2023 igne
2710 1968 2948 2009 exurens
2979 1953 3188 2010 caelesti
3224 1969 3242 2019 ;
3272 1955 3447 2008 virum

1874 2042 2090 2098 illarum
2110 2044 2324 2114 quidem
2357 2044 2616 2111 incolam,
2653 2047 2747 2101 sed
2771 2045 3049 2103 scelerum
3078 2044 3301 2100 minime
3332 2060 3450 2114 pare

1876 2135 2114 2206 ticipem,
2142 2149 2314 2204 poena
2341 2136 2623 2206 eripiens:
2655 2151 2878 2193 annuos
2915 2147 3219 2208 proventus
3262 2151 3452 2207 suppe-

1876 2225 2075 2292 ditans,
2106 2226 2332 2282 imbrem
2362 2237 2667 2298 opportune
2705 2227 2964 2298 largiens,
3001 2242 3209 2300 augens
3244 2241 3453 2284 arcano

1876 2319 2036 2374 modo
2054 2317 2199 2386 jacta
2225 2319 2292 2373 ab
2317 2319 2627 2375 hominibus
2641 2319 2870 2386 semina,
2895 2318 3168 2376 fructuum
3200 2318 3453 2374 ubertate

1876 2409 2099 2466 arbores
2125 2410 2401 2465 luxuriare
2424 2410 2645 2481 jubens,
2695 2410 2840 2466 fame
2876 2409 3168 2480 aliquando
3194 2408 3452 2470 erudiens

1879 2498 1999 2554 illos
2023 2516 2158 2570 quos
2201 2501 2532 2556 abundantia
2565 2519 2672 2558 non
2721 2503 2976 2573 iuverat,
2997 2503 3217 2558 morbos
3249 2501 3454 2556 immit-

1881 2601 2018 2657 lens,
2052 2602 2214 2662 atque
2255 2592 2354 2648 hos
2394 2608 2586 2648 rursus
2624 2593 2938 2664 depcllens;
2968 2593 3233 2664 grandine
3257 2591 3455 2651 verbe-

1880 2697 2009 2736 rans
2053 2681 2168 2736 vita
2213 2683 2491 2750 subsidia;
2539 2682 2868 2738 locustarum
2912 2681 3114 2737 nimbis
3146 2681 3316 2735 solem
3357 2679 3455 2735 ob-

1879 2787 2127 2838 scurans,
2165 2773 2453 2844 frugesque
2488 2789 2874 2844 corrumpens;
2915 2775 3103 2828 favens
3138 2774 3359 2835 iterum,
3400 2779 3454 2825 et

1881 2865 2158 2918 molestias
2186 2876 2459 2930 avertens,
2515 2865 2798 2934 religiosos
2841 2866 3090 2921 homines
3144 2879 3252 2921 non
3307 2864 3458 2919 dese-

1882 2969 2028 3020 rens,
2064 2955 2147 3009 his
2181 2956 2346 3009 etiam
2395 2971 2687 3024 apparens,
2723 2958 2898 3012 amice
2944 2955 3286 3026 colloquens,
3333 2968 3455 3026 per-

1883 3060 1988 3112 que
2024 3046 2123 3100 ltos
2154 3046 2335 3100 futura
2362 3050 2715 3115 portendens.

1886 3236 2015 3292 Vlll.
2056 3237 2210 3301 Quod
2245 3256 2506 3298 summam.
2556 3242 2880 3296 demonstrat
2929 3243 3258 3299 clementiam
3290 3246 3466 3301 incum.

2523 3313 2669 3365 natio
2712 3312 2830 3366 Dei.

1957 3424 2248 3495 Postquam
2281 3438 2416 3481 vero.
2449 3433 2563 3480 tum
2592 3426 2706 3482 hac
2735 3435 2848 3482 tum
2880 3425 2985 3481 alia
3016 3426 3302 3484 innumera
3333 3431 3467 3486 νῆις.

1884 3529 1989 3586 que
2041 3513 2274 3575 effabilia
2331 3517 2524 3571 divina
2569 3516 2926 3587 providentia
2959 3517 3200 3591 810m.
3234 3534 3456 3590 genera,

1886 3608 2072 3677 paucis
2119 3607 2315 3678 oppido
2356 3607 2701 3676 profuerunt,
2749 3607 2944 3677 reliqui
2983 3617 3166 3664 autem
3207 3610 3460 3665 homines

1885 3699 2213 3754 insanabiles
2239 3699 2652 3768 permanebant,
2685 3708 2814 3754 tunc
2836 3700 3056 3754 demum
3091 3714 3346 3771 magnum
3383 3712 3462 3755 at-

1885 3804 1992 3859 que
2039 3789 2311 3845 ineﬂ'abile
2359 3801 2638 3859 peractum
2676 3789 2778 3845 fuit
2809 3791 3208 3846 incarnationis
3258 3801 3464 3862 myste-

1887 3883 2048 3936 rium.
2093 3882 2267 3950 lpsum
2301 3881 2443 3936 enim
2486 3882 2579 3937 Dei
2617 3882 2876 3949 Verbum,
2906 3882 2983 3939 rei
3010 3882 3276 3938 universa
3303 3897 3460 3937 crea-

1887 3981 1955 4028 ta
1989 3981 2206 4036 auctor,
2248 3973 2551 4028 immensus
2595 3972 2718 4039 ille,
2764 3974 3272 4044 incircumscriptus
3297 4013 3312 4039 ,
3357 3973 3460 4028 im-

1884 4063 2183 4130 mutabilis,
2217 4063 2341 4118 vila
2379 4063 2523 4130 fons,
2558 4064 2738 4120 lumen
2777 4067 2843 4120 de
2878 4066 3100 4130 lumine,
3132 4064 3257 4120 viva
3285 4063 3471 4119 Patris

1886 4158 2088 4227 imago,
2120 4157 2374 4227 splendor
2407 4157 2613 4227 gloria,
2645 4157 2817 4226 figura
2842 4157 3160 4213 substantia
3189 4158 3235 4223 ³,
3269 4156 3460 4211 huma-

1889 4263 2014 4302 nam
2071 4261 2321 4302 naturam
2377 4249 2690 4317 assumpsit,
2741 4249 3125 4319 propriamque
3174 4247 3472 4316 imaginem.

1888 4351 2116 4411 peccato
2147 4350 2457 4410 corruptam
2491 4339 2834 4404 instauravit,
2865 4348 3100 4395 statuam
3130 4354 3160 4393 a
3209 4338 3321 4393 filio
3359 4338 3465 4391 ini-

1891 4434 2124 4504 quitatis
2153 4432 2497 4502 antiquatam
2540 4432 2840 4496 renovavit,
2894 4441 2950 4485 et
2985 4431 3169 4501 priore
3204 4429 3468 4500 pulchrio-

169 4527 475 4599 πονηρίας
505 4525 884 4577 παλαιωθέντα
914 4527 1156 4592 ἀνανεοῖ,
1181 4529 1272 4578 καὶ
1301 4527 1396 4580 τοῦ
1436 4528 1652 4599 πρώτου
1687 4547 1773 4601 χα-

1890 4538 2004 4579 rem
2036 4525 2294 4590 ostendit,
2332 4525 2474 4578 haud
2501 4522 2614 4594 jam
2655 4538 2723 4577 ex
2753 4532 2920 4590 terra,
2944 4531 3005 4578 ut
3025 4521 3178 4589 olim,
3209 4535 3328 4577 eam
3352 4521 3465 4577 for-

171 4622 490 4694 ριέστερον
534 4616 824 4679 δείκνυσιν,
863 4617 961 4670 οὐκ
991 4617 1099 4669 ἀπὸ
1144 4617 1248 4686 γῆς
1287 4619 1362 4682 ὡς
1396 4620 1563 4673 πάλαι
1599 4621 1797 4674 coam“

166 4709 661 4784 δημιουργήσας,
714 4707 828 4762 ἀλλ’
879 4708 1040 4772 αὐτὸς
1086 4710 1554 4781 καταδεξάμενος·
1592 4714 1652 4765 οὐ
1692 4715 1791 4784 τὴν

167 4806 340 4861 θείαν
369 4802 550 4872 φύσιν
573 4803 652 4864 εἰς
679 4801 1027 4871 ἀνθρωπείαν
1053 4801 1395 4871 μεταϐαλὼν,
1418 4802 1553 4856 ἀλλά
1577 4807 1642 4874 τῇ
1671 4803 1792 4876 θεία⁴

164 4896 279 4968 τὴν
318 4890 689 4962 ἀνθρωπείαν
721 4891 961 4960 συνάψας
985 4908 997 4922 -
1035 4890 1210 4960 μένων
1257 4892 1365 4962 γὰρ
1398 4891 1427 4944 δ
1475 4887 1564 4964 ἦν,
1600 4893 1791 4946 έλαϐεν

162 4988 197 5043 ὃ
251 4987 370 5042 οὐκ
428 4980 542 5054 ἦν’
606 4983 702 5035 καὶ
746 4983 906 5036 τοῦτο
952 4985 1098 5053 ἡμᾶς
1155 4983 1393 5038 διδάσκει
1441 4985 1470 5035 6
1523 4987 1794 5056 μακάριος

164 5079 411 5141 Παῦλος
449 5073 632 5144 βοῶν·
673 5094 690 5126 ι
726 5075 897 5127 Τοῦτο
938 5074 1242 5146 φρονείσθω
1274 5076 1332 5129 ἐν
1370 5077 1518 5144 ὑμῖν,
1547 5077 1575 5129 ὃ
1603 5079 1695 5131 καὶ
1736 5081 1800 5131 ἐν.

162 5169 424 5248 Χριστῷ
474 5168 654 5237 Ἰησοῦ
683 5207 697 5230 ,
739 5167 797 5230 δς
841 5170 897 5220 ἐν
957 5171 1137 5238 μορφῇ
1182 5168 1317 5222 Θεοῦ
1367 5169 1661 5239 ὑπάρχων,
1696 5171 1796 5241 οὐχ

165 5259 517 5338 ἁρπαγμὸν
553 5259 800 5328 ἡγήσατο
847 5258 908 5310 τὸ
941 5253 1081 5311 εἶναι
1133 5259 1223 5312 ἴσα
1251 5259 1391 5330 Θεῷ,
1439 5261 1556 5314 ἀλλ’
1605 5262 1796 5314 ἐαυτὸν

158 5358 436 5414 ἐκένωσε
470 5391 484 5412 ,
529 5349 742 5420 μορφὴν
784 5349 972 5402 δούλου
1006 5348 1204 5404 λαϐών.
1243 5370 1261 5401 ι
1315 5352 1403 5417 Ἐξ
1439 5348 1515 5406 ὦν
1545 5352 1790 5422 εὔδηλον,

158 5452 250 5513 ὡς
286 5449 326 5518 ἡ
364 5441 474 5496 τοῦ
529 5439 664 5493 Θεοῦ
712 5440 933 5510 μορφὴ,
972 5441 1207 5509 μένουσα
1250 5444 1279 5495 ὃ
1322 5438 1410 5514 ἦν,
1466 5444 1626 5496 ἔλαϐε
1693 5444 1793 5514 τὴν

158 5540 378 5596 δούλου
422 5532 682 5604 μορφήνο
724 5534 937 5603 μορφὴν
981 5534 1039 5587 δὲ
1072 5535 1228 5587 καλεῖ
1276 5537 1337 5589 οὐ
1372 5536 1432 5590 τὸ
1473 5538 1795 5607 φαινόμενον

165 5632 348 5704 μόνον
412 5620 526 5676 τοῦ
582 5620 891 5692 ἀνθρώπου,
940 5623 1076 5677 ἀλλὰ
1131 5626 1311 5678 πᾶσαν
1356 5628 1453 5696 τὴν
1507 5625 1797 5698 ἀνθρώπου

255 5813 278 5844 υ
309 5805 504 5864 llcbr.
549 5815 588 5860 ι,
617 5799 668 5854 3.
747 5801 766 5831 ³
807 5798 1036 5869 Philipp.
1073 5816 1133 5867 ιι,
1169 5801 1289 5857 5-7.

1891 4632 2076 4683 muns,
2100 4619 2194 4672 sed
2240 4618 2465 4687 ipsemet
2497 4619 2549 4669 in
2584 4629 2644 4670 se
2685 4613 2999 4684 recipiens:
3035 4613 3184 4667 haud
3219 4627 3351 4668 sane
3387 4613 3467 4666 di-

1890 4709 2071 4763 vinam
2103 4720 2353 4763 naturam
2389 4708 2440 4762 in
2476 4707 2771 4761 humanam
2801 4713 3146 4769 convertens,
3191 4705 3285 4759 sed
3327 4703 3465 4758 divi-

1890 4820 1974 4858 na
1997 4803 2291 4858 humanam
2325 4801 2606 4871 copulans.
2637 4800 2861 4854 Manens
2888 4798 3035 4853 enim
3069 4797 3213 4866 quod
3243 4804 3384 4862 erat,
3417 4797 3466 4850 id

1891 4897 2034 4965 quod
2062 4909 2166 4949 non
2200 4905 2320 4950 erat
2359 4894 2614 4963 suscepit.
2649 4891 2822 4959 Quam
2863 4905 2975 4945 rem
3018 4905 3116 4945 nos
3149 4889 3308 4944 docet
3348 4889 3469 4943 bea-

1895 4993 1982 5036 tus
2014 4981 2212 5038 Paulus
2237 4984 2514 5037 clamans:
2556 5000 2576 5033 ι
2606 4980 2719 5036 Hoc
2747 4980 2943 5035 sentite
2971 4980 3024 5034 in
3058 4979 3212 5034 vobis
3239 4976 3388 5048 quod
3416 4988 3472 5031 et

1895 5073 1948 5127 in
1994 5072 2218 5128 Christo
2245 5071 2396 5138 Jcsn,
2429 5073 2521 5141 qui
2555 5087 2676 5126 cum
2713 5071 2766 5126 in
2798 5069 2972 5124 forma
3008 5067 3102 5123 Dei
3151 5076 3317 5132 esset,
3361 5082 3467 5121 non

1895 5162 2144 5232 rapinam
2173 5164 2469 5220 arbitratus
2493 5173 2578 5219 est
2605 5177 2725 5219 esse
2770 5177 2831 5218 se
2893 5161 3157 5232 aqualem
3204 5159 3336 5227 Deo,
3367 5159 3460 5213 sed

1894 5257 2246 5325 semetipsum
2290 5255 2608 5321 exinanivit,
2638 5254 2868 5309 formant
2889 5253 3030 5309 servi
3058 5252 3332 5323 accipiens
3357 5249 3399 5303 ³.
3445 5270 3463 5301 ι

1898 5345 2054 5402 Unde
2085 5357 2254 5416 patet,
2273 5347 2366 5402 Dei
2399 5347 2626 5402 formam
2649 5347 2701 5400 in
2732 5361 2799 5401 eo
2819 5347 2962 5417 quod
2993 5354 3112 5398 erat
3139 5349 3466 5406 manentem,

1902 5439 2046 5495 servi
2093 5437 2325 5494 formam
2370 5439 2689 5509 sumpsisse.
2724 5437 2977 5492 Formam
3008 5445 3187 5490 autem
3232 5431 3466 5502 appellat

1901 5546 2008 5585 non
2034 5530 2086 5585 id
2113 5529 2485 5585 tantummodo
2503 5529 2735 5584 hominis
2757 5527 2900 5597 quod
2921 5534 3166 5598 apparet,
3183 5525 3279 5581 sed
3295 5533 3464 5578 totam

1903 5637 2128 5693 prorsus
2160 5622 2394 5678 hominis
2441 5629 2711 5677 naturam.
2760 5619 2895 5675 Nam
2936 5619 3095 5676 sicuti
3140 5617 3235 5673 Dei
3274 5616 3472 5682 forma,
