3856 6212
389 399 525 455 ΗΞἹ

1382 396 1443 452 S.
1485 395 1761 453 CYBILL!
1794 389 2269 449 ALEXANDRINI
2311 387 2634 447 ARCHIEP.

3503 376 3654 432 “28

384 515 746 575 substantiam
810 514 905 571 Dei
952 512 1221 587 signiﬁcat
1267 513 1357 584 (de
1405 524 1604 570 caetero
1636 514 1784 569 enim
1841 512 1956 566 sine

2087 509 2248 562 ιύσιν·
2281 507 2470 579 ὥσπερ
2498 507 2606 580 γὰρ
2632 507 2665 578 ἠ
2695 505 2789 559 τοῦ
2813 501 2951 559 Θεοῦ
2988 500 3208 574 μορφὴ,
3240 496 3331 553 τοῦ
3373 494 3510 548 Θεοῦ
3549 496 3653 563 τὴν

384 604 565 675 specie
594 603 733 659 Deus
762 612 851 660 est
872 612 929 659 et
976 604 1096 660 sine
1142 604 1335 675 ﬁgura,
1367 619 1637 673 nemoque
1680 603 1783 659 nisi
1822 602 1964 657 forte

2087 601 2252 655 ιύσίαν
2284 600 2563 672 σημαίνει,
2593 597 2831 652 ἀνείδεον
2856 598 2964 667 γάρ
2994 595 3055 649 τὸ
3097 594 3239 647 θεῖον
3269 591 3364 644 καὶ
3395 588 3652 658 ἀσχημὼ

389 693 652 757 delirans,
699 692 905 747 diceret
946 691 1112 749 Deum
1170 693 1400 747 formam
1445 692 1645 748 habere
1703 701 1757 746 et
1801 706 1964 745 mem-

389 784 608 839 brorum
648 782 1077 851 distinctionem,
1109 798 1233 840 cum
1262 784 1333 838 sit
1367 783 1719 853 incorporeus
1746 796 1811 838 ac
1842 782 1967 837 sim-

388 873 571 944 plex):
602 874 675 929 ita
718 874 862 930 servi
899 874 1073 930 forma
1106 889 1213 929 non
1263 875 1367 929 hoc
1408 874 1554 945 quod
1598 874 1843 929 cernitur
1885 888 1969 927 so.

389 967 522 1034 lum,
564 966 661 1022 sed
693 975 859 1023 totam
896 966 1134 1023 hominis
1162 967 1506 1023 demonstrat
1543 976 1820 1023 naturam.

634 1168 725 1227 rx.
753 1167 1098 1240 Reprehensio
1129 1168 1390 1224 heretica:
1421 1168 1719 1239 pravitatis.

463 1279 715 1336 Nonnulli
775 1290 937 1335 rectae
994 1279 1243 1351 religioni
1300 1280 1581 1335 contraria
1650 1281 1977 1344 sentientes,

395 1370 521 1425 dum
572 1370 884 1439 apostolicis
938 1371 1098 1427 dictis
1124 1371 1370 1426 nituntur
1420 1371 1669 1429 veritatis
1718 1372 1973 1441 dogmata

395 1463 703 1527 vulnerare,
756 1463 921 1518 Arius
963 1463 1180 1533 quidem
1234 1473 1291 1519 et
1334 1463 1634 1519 Eunomius
1679 1464 1970 1518 inanimem

399 1554 668 1608 hominem
701 1568 730 1608 a
762 1554 874 1609 Deo
908 1554 1087 1610 Verbo
1113 1565 1451 1625 assumptum
1481 1553 1789 1610 aﬂirmant:
1820 1554 1978 1626 Apol-

398 1645 585 1701 linaris
610 1654 788 1700 autem
816 1646 1114 1701 animalum
1145 1646 1385 1717 quidem,
1416 1649 1510 1701 sed
1558 1657 1739 1703 mente
1777 1662 1974 1718 exper-

400 1747 529 1800 tem,
560 1738 800 1808 sllm.
828 1738 917 1808 qui
950 1738 1015 1792 de
1065 1737 1299 1792 humana
1348 1738 1527 1792 anima
1566 1738 1695 1808 quid
1744 1739 1977 1795 aestimet

2061 711 2266 759 τιστον,
2303 692 2398 747 καὶ
2432 693 2609 755 οὐδεὶς
2640 691 2707 745 ἂν
2750 689 2878 761 είπῃ
2926 686 3002 759 μὴ
3044 683 3397 756 παραπαίων,
3433 678 3657 750 μορφὴν

2066 790 2230 858 ἔχειν,
2260 786 2354 840 καὶ
2389 786 2565 856 μελῶν
2589 782 2876 854 διαίρεσιν,
2912 780 3002 833 τὸν
3033 776 3321 847 ἀσώματον
3354 772 3448 827 καὶ
3482 769 3658 823 ἀσύν-

2070 882 2226 935 θετον
2246 920 2260 946 ,
2306 879 2478 943 οὕτως
2521 880 2555 949 ἡ
2586 878 2679 931 τοῦ
2705 875 2896 931 δούλου
2934 871 3115 945 μορφὴ
3135 908 3154 936 ,
3182 870 3243 922 οὐ
3279 866 3339 920 τὸ
3371 863 3661 935 ὁρώμενον

2071 974 2231 1028 τοῦτο
2266 973 2429 1045 μόνον
2450 1008 2474 1036 κ
2496 970 2636 1026 ἀλλά
2663 971 2845 1023 πᾶσαν
2891 965 2987 1020 τοῦ
3035 960 3323 1033 ἀνθρώπου
3369 956 3521 1029 δηλοῖ
3550 952 3665 1023 τὴν

2068 1064 2279 1121 οὐσίαν.

2176 1177 2256 1232 8’.
2299 1177 2592 1246 Ἔλεγχος
2622 1171 2731 1241 τῆς
2757 1170 2878 1225 τῶν
2904 1165 3217 1238 αἱρπικῶν
3247 1162 3547 1224 ἀσεϐείας.

2142 1291 2302 1357 Τινὲς
2330 1290 2389 1345 δὲ
2425 1289 2536 1343 τῶν
2570 1285 2829 1341 τάναντία
2856 1281 3196 1356 φρονούντων
3226 1277 3326 1347 τῆς
3349 1271 3664 1332 εὐσεϐείας,

2074 1386 2262 1458 ἐπειδὴ
2311 1386 2423 1447 τοῖς
2472 1379 2852 1440 ἀποστολικοῖς
2907 1376 3090 1447 ῥητοῖς
3136 1368 3433 1441 πειρῶνται
3488 1381 3668 1458 κατα·

2074 1457 2315 1543 τοξεύειν
2350 1474 2610 1546 ἀληθείας
2634 1471 2703 1525 τά
2736 1470 3003 1540 δόγματα,
3039 1466 3260 1534 Ἀρειος
3297 1460 3396 1531 μὲν
3424 1459 3521 1511 καλ⁵
3555 1457 3673 1509 Ei:-

2075 1570 2263 1641 νόμιος
2295 1566 2500 1637 ἄψυχον
2530 1564 2817 1635 ἄνθρωπον
2850 1554 3169 1627 ἀνειλῆφθαι
3210 1550 3363 1624 παρὰ
3389 1549 3484 1603 τοῦ
3523 1547 3671 1600 Θεοῦ

2076 1640 2251 1732 Λόγου
2279 1657 2750 1727 διαϐεϐαιούμενοι
2774 1654 2873 1723 (Ι),
2912 1647 3281 1717 Ἀπολινάριος
3308 1643 3365 1697 δὲ
3395 1640 3671 1711 ἔμψυχον,

2078 1756 2170 1812 νοῦ
2212 1755 2271 1809 δέ
2300 1749 2687 1822 ἐστερημένον,
2714 1746 2815 1799 οὐκ
2851 1738 2953 1797 οἷδ’
2982 1743 3009 1795 ὅ
3038 1758 3091 1793 τι
3119 1738 3255 1792 νοῶν
3302 1736 3400 1805 τὴν
3445 1732 3675 1802 ἀνθρω-

401 1831 604 1885 nescio.
635 1832 873 1886 Marcion
903 1844 1036 1885 vero
1069 1846 1136 1885 ac
1187 1829 1395 1899 Manes,
1438 1842 1493 1887 et
1520 1831 1727 1900 reliqua
1760 1832 1847 1886 illa
1873 1832 1975 1886 im-

2087 1850 2237 1904 πείαν
2280 1846 2479 1917 ψυχήνο
2510 1839 2777 1910 Μαρκίων
2822 1836 2880 1890 δὲ
2910 1834 3005 1888 καὶ
3034 1832 3250 1900 Μάνης,
3289 1826 3384 1881 καὶ
3420 1828 3456 1895 ἡ
3497 1824 3675 1893 λοιπὴ

401 1921 615 1992 pietatis
666 1920 852 1987 factio,
908 1922 1219 1976 universum
1294 1921 1685 1979 incarnationis
1728 1938 1977 1993 pessum-

402 2014 534 2069 ilant
588 2014 924 2085 mysterium.
976 2013 1040 2068 lii
1106 2011 1431 2070 ineﬂ'abilem
1487 2023 1690 2070 sancta:
1740 2013 1978 2085 Virginis

402 2112 720 2175 conceptum
748 2104 1256 2174 graviditatemque,
1278 2104 1509 2158 fabulam
1535 2120 1599 2159 ac
1630 2104 1979 2160 simulamen-

406 2205 519 2248 tum
565 2194 902 2249 arbitrantur
931 2196 1215 2263 :Acorporis
1272 2202 1451 2249 autem
1516 2196 1698 2263 specie
1751 2196 1979 2263 phanta-

402 2287 542 2341 'stica
570 2284 801 2340 velatam
844 2285 1183 2341 divinitatem
1209 2286 1485 2352 dictitant,
1512 2297 1673 2356 atque
1699 2288 1799 2341 boc
1823 2286 1979 2341 modo

406 2377 715 2435 hominibus
800 2380 1074 2436 hominem
1145 2380 1489 2451 apparuisse.
1572 2380 1811 2436 Necesse
1896 2391 1979 2437 est

406 2470 570 2538 igitur
598 2470 1017 2540 apostolicorum
1053 2470 1340 2524 verborum
1368 2464 1714 2542 perspicuu’m
1759 2486 1978 2527 sensum

404 2560 604 2614 sistere
628 2558 972 2624 orthodoxis,
1004 2574 1201 2629 nempe
1242 2575 1262 2609 ι
1291 2559 1381 2629 qui
1410 2575 1532 2614 cum
1581 2560 1635 2621 in
1678 2558 1852 2615 forma
1884 2561 1978 2615 Dei

405 2659 572 2715 esset,
604 2665 712 2710 non
738 2649 983 2720 rapinam
1010 2650 1313 2705 arbitratus
1347 2658 1431 2705 est
1477 2664 1601 2705 esse
1630 2665 1689 2705 se
1715 2651 1977 2719 aequalem

408 2741 539 2808 Deo,
598 2742 705 2797 sed
756 2742 1105 2811 semetipsum
1167 2741 1491 2808 exinanivit,
1550 2741 1777 2796 formam
1836 2743 1979 2798 servi

406 2833 703 2909 accipiens,
770 2834 823 2888 in
876 2833 1285 2890 similitudinem
1344 2836 1624 2889 hominum
1679 2834 1874 2901 iactus,
1926 2845 1983 2891 et

408 2925 594 2981 habitu
636 2926 888 2980 inventus
935 2934 994 2979 ut
1037 2924 1223 2981 homo.
1260 2945 1280 2979 ι
1316 2925 1495 2981 Verba
1547 2927 1663 2982 haec
1698 2928 1985 2997 praedicto-

407 3033 533 3073 rtzm
561 3018 930 3087 unusquisque
994 3018 1373 3075 haereticorum
1427 3020 1494 3075 ad
1542 3034 1699 3075 Suum
1761 3036 1981 3076 sensum

410 3108 654 3173 trahens,
687 3108 1131 3164 detestandorum
1181 3110 1494 3181 dogmatum
1552 3112 1783 3166 fabricat
1833 3110 1982 3166 falsi-

2078 1944 2179 2015 τῆς
2226 1938 2483 2001 ἀσεϐείας
2519 1934 2707 2003 ἐκείνη
2758 1926 3056 2000 συμμορία,
3105 1925 3166 1979 τὸ
3217 1924 3317 1991 τῆς
3349 1918 3676 1989 οἰκονομίας

2080 2014 2226 2089 ἅπαν
2259 2030 2395 2101 ὁμοῦ
2428 2028 2675 2099 ἀρνεῖται
2712 2022 3030 2094 μυστήριον.
3080 2017 3193 2071 Καὶ
3235 2015 3332 2085 τὴν
3363 2014 3463 2083 μὲν
3492 2014 3677 2083 ἀρρη-

2078 2144 2171 2181 τον
2214 2125 2315 2193 τῆς
2372 2121 2535 2191 ἁγίας
2581 2116 2861 2188 Παρθένου
2897 2109 3159 2182 σύλληψίν
3201 2123 3261 2160 τε
3306 2106 3399 2159 καὶ
3444 2105 3675 2171 κύησιν,

2084 2218 2254 2292 μῦθον
2303 2216 2446 2269 εἶναι
2499 2212 2594 2267 καὶ
2643 2210 2872 2279 πλάσμα
2918 2201 3241 2275 νομίζουσι’
3292 2198 3573 2269 φαντασίᾳ
3618 2198 3678 2248 δὲ

2083 2285 2337 2381 σώματος
2382 2304 2481 2376 τὴν
2514 2301 2747 2373 θεότητα
2786 2292 3231 2365 συγκαλυφθῆναι
3263 2285 3671 2381 διαγορεύουσι.

2078 2378 2378 2470 καῖτούτῳ
2406 2396 2482 2468 τῷ
2513 2395 2701 2467 τρόπῳ
2737 2394 2850 2456 τοῖς
2880 2387 3189 2460 ἀνθρώποις
3215 2382 3504 2452 ἄνθρωπον
3538 2378 3675 2431 ἀνα-

2083 2496 2341 2567 φανῆναι.
2389 2490 2713 2557 Ἀναγκαῖον
2742 2483 2852 2538 τῶν
2885 2476 3257 2537 ἀποστολικῶν
3306 2471 3487 2545 ῥητῶν
3505 2471 3691 2567 ’σαφῆ

2080 2562 2181 2660 τῆς
2218 2562 2477 2645 Ὗδιάνοιας
2526 2578 2880 2650 παραστῆσαι
2926 2573 3038 2635 τοῖς
3087 2568 3388 2630 εὐσεϐέσιν,
3440 2582 3459 2614 ι
3502 2562 3565 2624 ὃς
3617 2562 3689 2612 ἐν

2086 2655 2274 2754 μορφῇ
2303 2674 2464 2739 Θεοῦ,
2492 2674 2680 2745 φησιν,
2717 2669 3003 2738 ὑπάρχων,
3036 2663 3136 2733 οὐχ
3187 2655 3486 2731 ἁρπαγμὸν
3531 2655 3677 2754 ἡγη-

2085 2747 2223 2827 σατο-
2248 2747 2307 2824 τὸ
2333 2762 2475 2821 εἶναι
2503 2766 2598 2819 ῐσα
2624 2762 2764 2831 Θεῷ,
2795 2759 2909 2814 ἀλλ’
2940 2755 3129 2810 ἐαυτὸν
3163 2753 3420 2815 ἐκένωσε,
3455 2747 3683 2818 μορφὴν

2081 2864 2270 2921 δούλου
2305 2858 2513 2924 λαϐὼν,
2556 2858 2615 2910 ἐν
2651 2852 2957 2925 ὁμοιώματι
3001 2844 3305 2919 ἀνθρώπων
3350 2841 3676 2909 γενόμενος,

2082 2956 2178 3010 καὶ
2211 2953 2451 3024 σχήματι
2498 2946 2745 3020 εὑρεθεὶς
2791 2943 2867 3005 ὡς
2916 2940 3221 3010 ἅνθρωπος.
3278 2931 3529 3029 ’.Ταῦτα
3564 2929 3685 3029 τῶν

2085 3022 2503 3117 προειρημένων
2535 3035 2828 3111 αἱρετικῶν
2869 3034 3097 3092 ἕκαστος
3130 3022 3525 3093 οἰκειούμενος,
3566 3022 3684 3071 τῶν

2088 3114 2358 3207 βδελυρῶν
2386 3130 2673 3199 δογμάτων
2701 3120 3098 3183 κατασκευάζει
3128 3117 3189 3169 τὸ
3208 3114 3421 3207 ψεῦδος,
3452 3114 3691 3207 ξΑρε

410 3208 596 3254 tatem.
627 3200 791 3254 Arius
834 3199 1084 3269 quidem,
1120 3209 1173 3256 et
1205 3199 1525 3270 Eunomius,
1578 3211 1741 3272 atque
1774 3204 1980 3269 Apolli-

2088 3199 2191 3299 μὲν
2240 3199 2337 3278 καὶ
2390 3221 2651 3290 Εὑνὸμιος
2694 3216 2791 3269 καὶ
2853 3209 3227 3279 Ἀπολινάριος
3276 3206 3371 3299 καὶ
3414 3206 3477 3299 pi
3534 3202 3683 3299 κατά

411 3291 578 3357 naris,
621 3299 676 3344 et
704 3290 895 3347 horum
951 3291 1178 3359 similes,
1227 3292 1367 3354 servi
1412 3292 1584 3347 forma
1616 3302 1670 3348 et
1712 3294 1897 3348 habitu
1932 3304 1986 3348 et

410 3382 761 3437 similitudine
792 3382 1051 3448 hominis,
1081 3393 1359 3438 externam
1388 3394 1593 3439 naturae
1636 3396 1838 3438 nostra:
1861 3400 1981 3453 spe-

411 3476 549 3531 ciem
575 3475 821 3532 denotari
854 3476 1191 3546 praedicant:
1220 3476 1310 3545 qui
1332 3485 1513 3530 autem
1560 3474 1985 3530 d‘clestabilioris

412 3570 589 3626 adhuc
616 3568 850 3639 agminis
870 3578 1015 3632 sunt,
1055 3568 1301 3624 habitum
1350 3579 1405 3624 et
1458 3568 1873 3623 similitudinem
1918 3568 1984 3621 ad

412 3662 659 3716 umbram
683 3660 970 3730 quamdam
991 3670 1045 3715 et
1063 3660 1373 3730 imaginem,
1404 3675 1468 3716 ac
1489 3660 1829 3730 phantasiam
1861 3674 1990 3714 cor-.

412 3755 529 3823 pori
561 3754 815 3819 similem,
844 3755 1110 3809 sententia
1156 3769 1253 3809 sua
1292 3753 1533 3808 trahunt.

412 3864 480 3925 Χ.
514 3863 887 3937 Interpretalio
909 3866 1202 3931 verborum,
1241 3883 1261 3938 ι
1294 3868 1387 3935 qui
1434 3883 1553 3923 cum
1586 3868 1641 3921 in
1688 3868 1860 3938 forma
1888 3868 1991 3929 Dei

1082 3948 1213 3991 esset
1242 3935 1286 3993 ⁴.
1324 3956 1344 3989 ι

480 4052 591 4108 Nos
638 4052 820 4124 itaque
870 4052 1155 4123 utriusque
1213 4051 1470 4108 factionis
1518 4054 1795 4111 vesaniam
1858 4071 1989 4111 con-

412 4147 591 4202 festim
620 4145 994 4202 refutabimus.
1014 4145 1145 4200 Nam
1164 4144 1392 4200 formam
1424 4144 1587 4210 servi,
1607 4147 1999 4213 substantiam,

416 4249 473 4292 ut
499 4236 607 4302 iam
636 4236 1154 4303 demonstravimus,
1190 4236 1332 4292 servi
1364 4236 1621 4306 appellat.
1646 4237 1780 4292 Nam
1817 4240 1863 4293 si
1893 4240 1985 4293 Dei

416 4327 585 4382 forma
619 4328 977 4386 substantiam
1003 4327 1094 4381 Dei
1114 4327 1405 4398 signiﬁcat,
1428 4336 1577 4397 patet
1608 4330 1749 4383 servi
1772 4344 1990 4399 quoque

414 4416 681 4487 fortnam,
742 4418 885 4472 servi
969 4418 1325 4473 substantiam
1408 4418 1736 4487 signiﬁcare.
1810 4420 1986 4475 Verba

2087 3319 2331 3383 τούτους,
2364 3315 2463 3385 τὴν
2508 3310 2604 3365 τοῦ
2648 3307 2833 3361 δούλου
2869 3303 3079 3375 μορφὴν
3113 3300 3206 3352 καὶ
3242 3298 3301 3350 τὺ
3341 3295 3533 3374 σχῆμα
3586 3292 3686 3344 καὶ

2087 3411 2146 3464 τὸ
2190 3409 2440 3480 ὁμοίωμα
2472 3402 2563 3456 τοῦ
2610 3398 2919 3465 ἀνθρώπου,
2954 3393 3016 3446 τὸ
3050 3390 3369 3470 φαινόμενον
3538 3387 3687 3480 ἡμε-

2087 3476 2252 3573 “ti-91;;
2298 3498 2514 3568 φύσεως
2568 3491 2853 3561 σημαίνειν
2886 3482 3321 3573 διαγορεύοντεᾷς·
3346 3479 3443 3573 -οἱΑ
3466 3476 3548 3573 δὲ-
3584 3476 3691 3543 τῆς

2092 3567 2481 3664 μυσαρωτέρας
2515 3584 2811 3653 φάλαγγος,
2857 3578 2918 3631 τὸ
2970 3575 3155 3645 σχῆμα
3184 3571 3278 3625 καὶ⁵
3310 3570 3370 3664 τὸ
3421 3567 3684 3664 ὁμοίωμα

2089 3659 2168 3749 είς
2222 3659 2397 3736 σκιάν*
2433 3693 2551 3732 τινα
2601 3676 2695 3728 καὶ
2739 3672 2923 3725 εἰκόνα
2968 3668 3061 3720 καὶ
3113 3662 3415 3733 φαντασίαν
3461 3659 3683 3727 σώματι

2088 3779 2330 3831 ἐοικυῖαν
2358 3770 2746 3842 λαμϐάνοντες.

2090 3890 2148 3943 1'.
2179 3882 2496 3955 Ἐρμηνεία
2526 3880 2651 3945 τοῦ,
2679 3896 2699 3929 ι
2724 3877 2792 3944 ὃς
2813 3875 2883 3929 ἐν
2897 3870 3101 3945 μορφῇ
3136 3866 3282 3923 Θεοῦ
3307 3866 3619 3934 ὑπάρχων.
3654 3882 3675 3913 ι

2162 4056 2590 4131 Φρενοϐλάϐειαν
2622 4054 2681 4108 δὲ
2699 4053 2797 4125 τὴν
2821 4049 3144 4123 ἀμφοτέρων
3174 4042 3495 4117 παραυτίκα
3516 4043 3681 4112 ἡμεῖς

2091 4150 2468 4219 διελέγξομεν·
2524 4144 2737 4216 μορφὴν
2790 4143 2897 4213 γάρ
2946 4139 3132 4194 δούλου
3181 4138 3280 4208 τὴν
3327 4134 3556 4197 οὐσίαν,
3603 4133 3677 4192 ὡς

2090 4243 2487 4312 ἀπεδείξαμεν,
2540 4234 2937 4309 προσαγορεύει
2986 4233 3081 4287 τοῦ
3126 4230 3347 4284 δούλουο
3406 4230 3458 4281 εί
3507 4226 3618 4295 γὰρ
3646 4229 3679 4292 ἡ

2090 4332 2185 4385 τοῦ
2218 4331 2353 4384 Θεοῦ
2386 4325 2570 4399 μορφὴ
2595 4326 2693 4397 τὴν
2731 4324 2916 4378 οὐσίαν
2944 4322 3096 4393 δηλοῖ
3123 4320 3214 4374 τοῦ
3244 4318 3405 4382 Θεοῦ,
3453 4317 3677 4387 εὔδηλοι

2092 4424 2167 4486 ὡς
2197 4422 2290 4475 καὶ
2319 4423 2355 4491 ἡ
2384 4419 2478 4473 τοῦ
2507 4418 2693 4471 δούλου
2747 4416 2845 4486 τῆς
2876 4415 3065 4478 οὐσίας
3094 4414 3207 4465 ἐστὶ
3236 4410 3330 4464 τοῦ
3358 4409 3549 4462 δούλου
3579 4425 3675 4476 ση-

416 4520 632 4577 autem,
655 4529 673 4561 ι
706 4509 758 4563 in
800 4509 1207 4571 similitudinem
1240 4510 1474 4565 hominis
1510 4511 1707 4578 factus,
1733 4514 1982 4570 etbabitu

2100 4514 2357 4587 μαντική’
2389 4512 2449 4565 τὸ
2471 4511 2549 4576 δὲ,
2575 4530 2592 4563 ‹
2618 4513 2675 4564 ἐν
2701 4507 3007 4580 ὁμοιώματι
3023 4506 3118 4559 τοῦ
3138 4503 3425 4572 ἀνθρώπου
3450 4502 3677 4591 γενόμε-

417 4602 667 4656 inventus
694 4610 753 4657 ut
775 4600 960 4665 homo,
1004 4620 1022 4653 ι
1056 4617 1162 4655 non
1195 4610 1452 4670 tanquam
1484 4612 1695 4658 natura:
1728 4609 1989 4661 vocabula

415 4688 704 4758 Apostolus
727 4690 927 4759 posuit,
951 4691 1042 4745 sed
1064 4691 1419 4759 operationis.
1437 4690 1571 4746 Nam
1599 4694 1722 4762 quin
1741 4694 1993 4752 Christus

421 4780 698 4845 Dominus,
735 4790 971 4835 nostram
1041 4782 1248 4836 habens
1307 4790 1577 4846 naturam,
1612 4783 1754 4837 haud
1812 4793 1990 4839 tamen

420 4877 658 4925 nostram
695 4868 748 4923 in
796 4884 856 4923 se
888 4871 1089 4937 recepit
1119 4870 1399 4935 malitiam,
1448 4872 1542 4925 sed
1580 4872 1726 4926 omni
1770 4886 1995 4942 peccato

419 4958 617 5023 caruit,
645 4966 702 5012 ut
737 4959 998 5028 propheta
1025 4958 1224 5012 clamat
1249 4961 1293 5025 ⁸,
1322 4975 1515 5029 nempe
1549 4979 1567 5011 ι
1604 4962 1694 5028 qui
1738 4962 1995 5031 iniquita-

420 5064 528 5102 tem
564 5065 668 5104 non
702 5050 848 5115 fecit,
882 5065 981 5104 nec
1009 5050 1256 5104 inventus
1284 5061 1366 5104 est
1392 5051 1549 5106 dolus
1575 5052 1626 5105 in
1660 5051 1889 5127 oreejus
1917 5071 1931 5118 ;
1970 5075 1989 5108 ι

418 5150 518 5188 nec
546 5151 649 5191 non
681 5138 878 5191 deserti
908 5138 1080 5191 incola
1103 5137 1337 5218 Joannes
1381 5150 1716 5195 contestatur
1765 5144 1949 5198 dicens
1979 5163 1991 5197 :

423 5246 441 5276 ι
482 5227 622 5281 Ecce
650 5242 820 5297 agnus
842 5228 932 5298 qui
957 5228 1195 5298 812m.
1218 5230 1694 5300 ntundipeccatum
1730 5235 1931 5289 tollit‘:
1970 5254 1989 5285 ›

420 5319 622 5373 idcirco
679 5322 866 5375 beatus
917 5319 1133 5386 Paulus,
1190 5321 1243 5374 in
1300 5322 1706 5384 similitudinem
1761 5327 1996 5382 hominis

420 5412 621 5464 l’nctntn
654 5412 826 5481 ipsum
865 5413 1178 5469 necessario
1209 5414 1365 5479 dixit,
1404 5424 1457 5469 et
1498 5415 1679 5469 habitu
1706 5417 1993 5484 inventum~

494 5567 516 5596 ⁵
542 5564 772 5636 Philipp.
811 5582 872 5630 tl,
902 5568 954 5621 ϐ.
1031 5568 1053 5599 ³
1086 5568 1186 5622 Isa.
1220 5584 1334 5634 Llil,
1373 5570 1425 5624 9.
1504 5569 1523 5599 ⁶
1555 5565 1710 5623 Juau.
1747 5588 1781 5636 ι,
1816 5572 1913 5633 9.9.

2086 4622 2198 4669 νος,
2230 4603 2327 4656 καὶ
2344 4602 2587 4672 σχήματι
2604 4597 2848 4668 εὑρεθεὶς
2871 4596 2947 4659 ὡς
2975 4594 3283 4664 ἅνθρωπος,
3305 4610 3325 4642 ι
3347 4591 3448 4659 οὐχ
3468 4589 3549 4653 ὡς
3580 4588 3676 4655 si};

2086 4694 2302 4763 φύσεως
2342 4691 2584 4760 ὀνόματα
2638 4688 2880 4741 τέθεικεν
2911 4688 2939 4738 6
2979 4681 3316 4745 ’Δπόστολος,
3396 4678 3536 4731 ἀλλὰ
3583 4678 3678 4745 τῆς

2087 4783 2405 4855 ἐνεργείας·
2458 4779 2645 4851 ἐπειδὴ
2692 4779 2799 4847 γάρ
2866 4777 2895 4829 6
2958 4774 3235 4843 Δεσπότης
3284 4772 3530 4841 Χριστὸς
3582 4770 3675 4837 τὴν

2088 4876 2367 4947 ἡμετέραν
2418 4872 2555 4943 ἔχων
2591 4873 2772 4941 φύσιν,
2804 4869 2901 4940 τὴν
2938 4867 3214 4938 ἡμετέραν
3253 4864 3313 4917 οὐ
3347 4861 3675 4926 κατεδέξατο

2090 4965 2377 5037 πονηρίαν,
2416 4964 2531 5017 ἀλλ’
2573 4964 2787 5031 ἀπάσης
2838 4959 3149 5029 ἐλεύθερος,
3198 4956 3272 5019 ὡς
3309 4957 3338 5009 6
3386 4954 3675 5025 προφήτης

2092 5056 2211 5131 βοᾷ,
2243 5060 2324 5111 ὃτι
2360 5077 2378 5109 ι
2415 5056 2643 5127 ἀνομίαν
2678 5055 2779 5107 οὐκ
2821 5053 3096 5123 ἐποίησεν,
3127 5049 3247 5103 οὑδέ
3275 5047 3478 5119 εὑρέθη
3530 5046 3675 5106 δάλος

2090 5152 2149 5203 ἐν
2178 5150 2257 5221 τῷ
2292 5150 2519 5220 στόματι
2550 5148 2719 5203 αὐτοῦ
2743 5165 2758 5182 ο
2803 5167 2821 5199 ι
2856 5146 2946 5201 καὶ
2982 5146 3011 5199 6
3057 5144 3157 5215 τῆς
3194 5143 3405 5213 ἐρήμου
3445 5141 3675 5206 πολίτης

2102 5242 2356 5313 Ἰωάννης
2390 5241 2773 5312 συμμαρτυρεῖ
2812 5238 2984 5309 λέγων
3009 5255 3032 5300 :_
3065 5256 3083 5287 ι
3132 5234 3235 5288 Ἴδε
3265 5235 3293 5286 6
3320 5234 3501 5304 ἀμνὸς
3534 5237 3567 5289 6
3598 5236 3674 5287 σί-

2095 5349 2204 5403 ρων
2234 5333 2325 5391 τοῦ
2357 5334 2561 5404 κόσμου
2592 5333 2692 5404 τὴν
2724 5330 3030 5402 ἁμαρτίαν
3075 5349 3093 5380 ι
3131 5330 3160 5377 6
3203 5327 3483 5397 μακάριος
3531 5325 3676 5379 Παῦ-

2094 5422 2181 5487 λος
2233 5426 2290 5477 ἐν
2338 5424 2644 5494 ὁμοιώματι
2678 5423 2968 5494 ἀνθρώπου
3012 5422 3171 5477 αὑτὸν
3215 5420 3544 5488 ἀναγκαίως
3578 5420 3674 5485 Egi;

501 5738 707 5825 (Diis
741 5742 983 5825 pla-tie'i‘n
1021 5746 1181 5825 tertio
1210 5746 1512 5825 decimopx
1556 5747 1875 5825 Arianorum
1922 5750 1982 5805 l'r:

2095 5751 2264 5819 cutis,
2318 5767 2436 5821 qum
2501 5766 2597 5806 nos
2661 5750 2925 5810 edidimus
2959 5750 3151 5819 Script.
3188 5761 3280 5803 t'el.
3315 5759 3357 5801 t.
3394 5748 3460 5801 ιιι
3485 5792 3497 5813 ,
3538 5759 3671 5825 part.

432 5807 571 5881 ll,'p.
600 5807 843 5875 2‘28,'ubi
869 5813 1065 5868 viclesis
1092 5816 1141 5867 in
1174 5817 1353 5872 adnot.
1380 5819 1480 5873 alia
1514 5819 1837 5873 testiinonin.
