3856 6212
238 345 372 403 “29

1391 348 1479 403 DE
1514 346 2027 404 lNCARNATlONE
2064 346 2327 413 DOMINI.

3350 350 3487 407 H30

236 459 505 528 γενέσθαι,
538 459 630 512 καὶ
658 460 906 531 σχήματι
928 460 1216 536 εὑρεθῆναι
1256 463 1329 525 ὼς
1367 463 1670 535 ἄνθρωπον,
1704 463 1801 533 τῆς

1910 472 1964 516 ιιι
2021 464 2314 524 hominem,
2375 474 2540 530 prava
2604 460 2752 519 omni
2831 458 3110 516 hominum
3172 463 3486 529 operatione

235 551 473 621 πονηρᾶς
519 536 797 621 ἐνεργείας
855 552 962 606 τῶν
1009 553 1313 623 ἀνθρώπων
1363 554 1802 624 ἀπηλλαγμένον.

232 640 321 694 Διὸ
353 641 445 694 καὶ⁵
492 642 713 713 ἑτέρωθι
743 642 896 713 ἔλεγε
916 658 930 674 ο
978 662 997 697 ι
1047 645 1120 697 Τὸ
1158 645 1267 717 γάρ
1299 646 1559 702 ἀδύνατον
1590 645 1682 699 τοῦ
1716 645 1804 697 νό-

237 752 337 804 μου
361 735 418 787 ὲν
444 728 488 801 ᾧ
522 734 734 804 ἠσθένει
763 735 850 791 διὰ
880 736 981 807 τῆς
1011 737 1230 807 σαρκὸς,
1265 739 1293 790 ὁ
1322 736 1454 801 Θεὸς
1478 737 1568 791 τὸν
1609 736 1803 791 ἑαυτοῦ

235 825 358 877 Υίδν
390 826 636 896 πέμψας,
678 828 737 880 ἐν
784 826 1089 898 ὁμοιώματι
1143 827 1343 897 σαρκὸς
1384 827 1678 897 ἁμαρτίας,
1710 827 1807 881 καὶ

232 917 357 989 περὶ
389 918 684 990 ἁμαρτίας,
732 917 1021 989 κατέκρινε
1064 917 1164 987 τὴν
1201 918 1473 993 ἁμαρτίαν
1514 921 1570 971 ἐν
1616 919 1801 987 σαρκὶ,

230 1004 316 1058 ἵνα
338 1004 399 1057 τὸ
429 1005 704 1077 δικαίωμα
731 1005 826 1061 τοῦ
855 1007 1020 1077 νόμου
1044 1005 1304 1077 πληρωθῇ
1332 1008 1389 1059 ὲν
1416 1007 1547 1076 ἡμῖν
1579 1009 1691 1069 τοῖς
1725 1006 1801 1077 μὴ

230 1096 372 1150 κατά
414 1097 592 1168 σάρκα
622 1098 1035 1169 περιπατοῦσιν,
1062 1098 1199 1152 ἀλλὰ
1232 1098 1374 1152 κατά
1403 1098 1621 1169 πνεῦμα
1644 1100 1744 1170 (1).
1771 1118 1791 1153 ι

310 1189 503 1260 Ὁρᾶτε
546 1189 665 1253 πῶς
707 1189 795 1245 διὰ
832 1188 1036 1243 τούτων
1083 1190 1305 1244 ἐκείνων
1352 1190 1469 1244 λύει
1518 1191 1617 1262 τὴν
1664 1192 1802 1245 ἀσά-

227 1294 405 1348 φειαν.
445 1298 465 1332 ι
514 1280 574 1334 Ὀ
605 1280 756 1346 Θεὸς,
787 1282 939 1353 φησὶ,
971 1280 1061 1334 τὸν
1095 1280 1287 1337 ἑαυτοῦ
1329 1282 1455 1336 Υίὸν
1494 1282 1719 1352 πέμψας
1746 1284 1802 1336 ὲν

222 1368 530 1440 ὁμοιώματι
564 1372 765 1443 σαρκὸς
792 1372 1087 1444 ἁμαρτίας·
1118 1392 1138 1425 ι
1174 1371 1273 1443 οὑχ
1321 1373 1509 1437 ἁπλῶς
1542 1369 1714 1439 εἶπεν,
1746 1375 1805 1428 ὲν

222 1458 532 1531 ὁμοιώματι
582 1462 805 1533 σαρκὸς,
852 1460 1083 1516 διαλύων
1115 1463 1224 1517 τῶν
1254 1463 1467 1517 ἀσεϐῶν
1518 1464 1803 1534 δογμάτων

220 1552 322 1622 τὴν
370 1552 749 1625 βλασφημίαν·
787 1552 1147 1625 προγινώσκει
1180 1555 1289 1624 γάρ
1325 1555 1543 1610 ᾶπαντα
1582 1558 1613 1627 ἡ
1644 1556 1803 1628 χάρις

216 1645 316 1700 τοῦ
327 1644 665 1717 Πνεύματος’
679 1647 817 1715 ἀλλ’,
830 1666 848 1698 ι
859 1648 915 1700 ὲν
931 1646 1239 1719 ὁμοιώματι
1254 1648 1454 1721 σαρκὸς
1468 1650 1762 1720 ἁμαρτίας,
1776 1666 1795 1700 ι

220 1736 309 1791 τνα
342 1735 602 1807 μάθωμεν
633 1737 709 1801 ώς
728 1738 789 1792 τὸ
827 1740 1161 1809 «ὀμοίωμα,›
1194 1739 1282 1793 διὰ
1304 1739 1365 1793 τὸ
1397 1738 1578 1812 πάσης
1615 1741 1803 1812 ἀμαρ-

1905 554 2156 609 alienum.
2183 554 2474 623 Propterea
2498 552 2626 607 alibi
2649 566 2863 622 quoque
2880 552 3057 609 aiebat
3082 572 3109 621 ε,
3128 572 3145 604 ι
3177 552 3310 607 Nam
3343 558 3483 623 quod

1906 643 2234 711 impossibile
2250 654 2367 698 erat
2389 642 2513 714 legi,
2534 643 2712 711 inquo
2729 657 2825 711 per
2846 656 3065 710 carnem
3084 642 3481 704 inﬁrmabatnr,

1905 732 2046 790 Deus
2074 733 2266 801 Eilium
2292 749 2446 789 suum
2477 733 2713 793 mittens,
2746 734 2800 787 in
2855 732 3266 799 similitudinem
3305 739 3488 793 carnis

1904 826 2136 896 peccati,
2184 834 2237 879 et
2263 840 2361 894 pro
2396 825 2947 893 peccato,damnavit
2997 824 3050 880 in
3094 839 3257 880 carne
3298 840 3488 897 pecca-

1907 926 2017 971 tum
2051 933 2065 983 ;
2094 914 2507 984 utjustiﬂcatio,
2524 915 2657 985 legis
2703 915 3017 984 impleretur
3068 917 3123 970 in
3174 916 3355 984 nobis,
3391 916 3483 989 qui

1904 1024 2011 1065 non
2055 1007 2350 1064 secundum
2386 1023 2605 1069 carnem
2654 1007 3028 1079 ambulamus,
3067 1008 3158 1063 sed
3189 1009 3484 1071 secundum

1904 1099 2151 1170 Spiritum
2178 1102 2221 1158 ⁷.
2255 1119 2274 1154 ι

1976 1192 2407 1249 Animadvertite
2457 1192 2727 1263 quomodo
2754 1206 2853 1263 per
2890 1193 3006 1247 haec
3056 1192 3272 1255 illorum
3327 1192 3489 1248 solvit

1904 1281 2310 1339 obscuritatem.
2351 1301 2373 1341 (ν
2408 1283 2584 1352 Deus,
2607 1284 2802 1353 inquit,
2850 1282 3044 1338 Filium
3077 1298 3233 1339 suum
3265 1282 3488 1338 mittens

1906 1373 1960 1428 in
1987 1374 2401 1435 similitudinem
2427 1376 2611 1430 carnis
2654 1375 2856 1443 peccati
2895 1392 2909 1428 :
2953 1394 2973 1428 ι
3011 1389 3119 1429 non
3170 1375 3489 1444 simpliciter

1905 1465 2059 1529 dixit,
2096 1466 2150 1519 in
2174 1463 2581 1520 similitudinem
2606 1465 2809 1527 carnis,
2846 1478 3037 1533 nempe
3085 1473 3155 1527 ut,
3197 1463 3484 1533 impiorum

1904 1554 2216 1626 dogmatum
2268 1554 2665 1626 blasphemiam
2701 1555 3027 1623 dissiparet;
3060 1555 3260 1610 etenim
3305 1556 3495 1615 omnia

1905 1644 2161 1715 praevidet
2187 1645 2360 1715 gratia
2387 1645 2655 1714 Spiritus;
2679 1646 2794 1710 sed,
2818 1664 2835 1696 ‹
2860 1646 2912 1699 in
2937 1645 3347 1699 similitudinem
3368 1660 3490 1699 car-

1905 1738 1992 1791 nis
2014 1736 2244 1807 peccati,
2286 1754 2306 1788 »
2365 1745 2425 1789 ιιι
2475 1735 2856 1804 intelligamus,
2883 1735 3200 1792 vocabulum
3251 1755 3270 1789 ι
3301 1735 3487 1795 simili-

217 1827 343 1891 τίας
390 1828 735 1900 ἀπηλλάχθαι
766 1828 859 1883 τὸν
905 1830 1173 1901 ἡμέτερον
1216 1830 1469 1902 Σωτῆρα,
1521 1830 1795 1887 τέθεικεν·

1910 1828 2033 1881 [ιιιΙο
2079 1846 2098 1879 ι
2132 1828 2200 1882 ab
2222 1841 2287 1881 eo
2306 1827 2561 1896 positum,
2592 1825 2719 1893 quia
2760 1836 2984 1895 peccato
3034 1827 3181 1883 omni
3232 1827 3490 1890 Servator

215 1919 509 1990 ἄνθρωπος
556 1921 666 1989 γὰρ
709 1922 1000 1991 γενόμενος
1044 1922 1142 1993 τὴν
1192 1924 1351 1991 φύσιν
1385 1924 1483 1995 (2),
1516 1924 1659 1979 κατά
1704 1926 1802 1997 τὴν

215 2011 501 2082 ἁμαρτίαν
536 2013 759 2081 γέγονεν
793 2012 1079 2085 ἄνθρωπος
1098 2029 1113 2044 ⁶
1144 2015 1227 2068 διὸ
1250 2018 1305 2069 ὲν
1331 2016 1637 2089 ὁμοιώματι
1672 2036 1803 2091 σαρ-

215 2104 315 2168 κὸς
345 2106 623 2175 ἁμαρτίας
652 2105 944 2177 κατέκρινε
977 2108 1076 2177 τὴν
1101 2108 1377 2180 ἁμαρτίαν
1410 2112 1470 2163 ὲν
1495 2114 1562 2182 τῇ
1599 2112 1797 2182 σαρκί·

214 2197 566 2267 ἀνθρωπείαν
599 2200 698 2269 μὲν
736 2199 897 2269 φύσιν
945 2199 1255 2267 ἀναλαϐὼν,
1289 2199 1387 2272 τῆς
1416 2202 1474 2255 δὲ
1509 2203 1802 2275 τυραννού-

215 2306 321 2361 αης
351 2291 411 2342 ἐν
438 2292 550 2354 τοῖς
578 2290 886 2363 ἀνθρώποις
919 2292 1195 2363 ἁμαρτίας
1218 2291 1311 2346 τὸν
1349 2293 1511 2362 ζυγὸν
1543 2296 1618 2365 μὴ
1645 2295 1802 2362 δεξά-

216 2398 405 2451 μενος,
452 2381 589 2436 ἀλλά
629 2384 812 2437 πᾶσαν
860 2382 1062 2454 ταύτης
1107 2384 1420 2456 ἀπορρίψας
1470 2387 1567 2458 τὴν
1612 2386 1803 2442 δεσπο-

210 2470 390 2536 τείαν,
439 2471 533 2523 καὶ
561 2470 761 2536 δείξας,
796 2472 873 2536 ὡς
908 2472 1133 2525 δυνατὸν
1178 2474 1236 2526 ὲν
1280 2473 1597 2547 ἀνθρωπεία
1643 2476 1803 2545 φύσει

207 2561 325 2615 τῶν
352 2562 455 2633 τῆς
496 2564 770 2634 ἁμαρτίας
803 2565 1188 2635 περιγενέσθαι
1222 2565 1393 2636 βελῶν
1414 2583 1427 2597 °
1459 2566 1632 2633 οὑτως
1666 2587 1801 2623 κατ-

209 2653 405 2725 έκρινε
436 2655 537 2726 τὴν
578 2655 857 2726 ἁμαρτίαν
900 2657 959 2707 ὲν
984 2659 1049 2727 τῇ
1083 2657 1270 2728 σαρκὶ,
1299 2657 1360 2710 τὸ
1380 2658 1602 2723 ἀσθενὲς
1631 2660 1800 2731 αὐτῆς

209 2746 471 2815 ἐλέγξας,
506 2748 601 2801 καὶ
633 2749 732 2818 τὴν
762 2749 1051 2821 τυραννίδα
1087 2750 1321 2818 παύσας,
1350 2730 1449 2805 καῖ
1472 2755 1627 2824 νικᾷν
1660 2730 1803 2809 οὑτω

205 2840 342 2901 τοὺς
372 2837 693 2909 ἀνθρώπους
723 2840 976 2907 διδάξας·
1019 2840 1099 2895 διὸ
1148 2842 1426 2915 ἐπήγαγεν
1465 2846 1493 2897 ὁ
1530 2846 1799 2916 μακάριος

207 2931 453 2996 Παῦλος,
475 2932 591 2984 Ἵνα
616 2932 676 2985 τὸ
698 2931 973 3003 δικαίωμα
989 2933 1083 2986 τοῦ
1108 2934 1274 3005 νόμου
1305 2935 1567 3008 πληρωθῇ
1591 2939 1647 2989 ἐν
1670 2939 1803 3008 ἡμῖν

206 3025 326 3087 τοῖς
363 3022 440 3094 μὴ
487 3024 630 3078 κατά
675 3026 853 3098 σάρκα
882 3025 976 3079 τοῦ
1012 3025 1179 3099 νόμου
1220 3028 1636 3097 περιπατοῦσιν,
1666 3030 1803 3084 ἀλλά

206 3114 362 3169 κατά
394 3114 631 3185 πνεῦμα.
680 3115 890 3170 Οὑκοῦν
939 3117 1356 3189 ὲδικαιώθημεν,
1391 3120 1488 3191 τῆς
1531 3121 1803 3191 ἁμαρτίας

205 3210 269 3261 ὲν
301 3208 474 3279 σαρκὶ
506 3209 965 3279 κατακριθείσης·
1004 3211 1294 3281 κατέκρινε
1322 3211 1379 3264 δὲ
1408 3213 1468 3265 ἐν
1514 3212 1679 3284 σαρκὶ
1703 3215 1803 3284 τὴν

205 3298 517 3370 ἁμαρτίαν,
553 3299 610 3349 ὲν
638 3296 945 3368 ὁμοιώματι
977 3300 1180 3369 σαρκὸς
1209 3302 1484 3372 ἁμαρτίας
1515 3304 1803 3373 γενόμενος

202 3394 234 3443 ὁ
283 3390 483 3461 Σωτὴρ
528 3389 558 3441 ὁ
600 3389 901 3461 ήμέτεροςυ
943 3391 1041 3462 τὴν
1092 3394 1189 3463 μὲν
1238 3394 1587 3465 ἀνθρωπείαν
1641 3397 1804 3466 φύσιν

203 3482 524 3547 ἀναλαϐὼν,
554 3483 654 3553 τὴν
692 3482 748 3551 δὲ
780 3484 947 3537 πάλαι
975 3485 1179 3557 ταύτης
1206 3487 1573 3553 δεσπόζουσαν
1607 3490 1682 3562 μὴ
1708 3508 1805 3543 κα-

200 3574 581 3645 ταδεξάμενος
630 3576 925 3645 ἁμαρτίαν.
972 3576 1158 3642 Οὕτως
1190 3580 1219 3632 ὁ
1259 3578 1544 3644 θεσπέσιος
1594 3582 1804 3647 Παῦλος

201 3667 267 3718 ἐν
320 3664 527 3733 ὀλίγοις
578 3666 818 3737 ῥήμασιν
851 3667 998 3721 ἀπαν
1047 3669 1155 3722 τῶν
1188 3672 1477 3742 αἱρετικῶν
1511 3673 1570 3727 τὸ
1617 3674 1804 3743 στίφος

92 3802 93 3805 η
199 3757 494 3822 διέλυσεν,
557 3759 766 3830 Ἀρείου
833 3760 933 3830 μὲν
986 3761 1083 3815 καὶ
1132 3763 1400 3834 Εὑνομίου
1450 3763 1551 3837 τὴν
1608 3768 1803 3838 μανίαν

198 3846 466 3915 ἐλέγξας,
513 3850 570 3901 ὲν
602 3852 668 3920 τῇ
719 3850 829 3904 τῶν
864 3853 1279 3923 προειρημένων
1324 3856 1587 3925 ῥημάτων
1619 3858 1760 3930 ἀρχῇ
1786 3877 1799 3889 ’

204 3960 225 3991 ι
275 3937 455 3991 Τοῦτο
502 3940 611 4009 γὰρ
656 3942 959 4012 φρονείσθω
1008 3946 1066 3997 ὲν
1114 3945 1263 4017 ὑμῖν,
1298 3946 1328 3998 ὁ
1370 3949 1463 4001 καὶ
1495 3950 1554 4001 ὲν
1582 3949 1803 4023 Χριστῷ

212 4027 432 4101 Ἰησοῦ,
469 4030 526 4093 ὃς
578 4033 634 4084 ὲν
668 4036 849 4106 μορφῇ
890 4033 1024 4089 Θεοῦ
1051 4037 1334 4108 ὑπάρχων,
1377 4040 1476 4110 οὑχ
1504 4042 1798 4112 ἁρπαγμὸν

196 4124 470 4196 ἡγήσατο
494 4123 553 4175 τὸ
569 4119 708 4178 εἶναι
739 4128 831 4181 ica
855 4127 997 4199 Θεῷ,
1024 4129 1139 4183 ἀλλ’
1170 4131 1365 4185 ἑαυτὸν
1391 4133 1651 4199 ὲκένωσε,
1673 4152 1803 4206 μορ-

195 4216 317 4285 φὴν
348 4211 544 4265 δούλου
586 4213 786 4273 λαϐών.
838 4236 858 4270 ι
904 4220 978 4273 Οὑ
1000 4219 1110 4291 γὰρ
1156 4216 1329 4288 εἶπεν,
1362 4223 1421 4276 ὲν
1454 4229 1635 4296 μορφῇ
1667 4226 1802 4279 Θεοῦ

193 4306 534 4379 γενόμενος,
565 4306 704 4371 ἀλλ’,
739 4326 758 4359 ι
802 4309 860 4363 ὲν
895 4316 1077 4383 μορφῇ
1107 4313 1245 4369 Θεοῦ
1294 4316 1576 4388 ὑπάρχων.
1616 4339 1633 4371 ι
1670 4320 1804 4374 Ούδὲ

190 4403 364 4457 εἶπεν
395 4400 514 4471 Οὐχ
551 4401 845 4471 ἁρπαγμὸν
876 4405 1120 4476 ἡγήσατο
1163 4407 1223 4460 τὸ
1261 4405 1400 4462 εἶναι
1456 4412 1546 4465 ἴσα
1590 4412 1797 4483 ἐαυτῷ,

1904 1930 2089 1977 noster
2123 1920 2318 1975 caruit.
2343 1918 2514 1975 Homo
2543 1921 2686 1974 enim
2710 1929 2903 1983 natura
2945 1919 3139 1986 factus,
3192 1920 3486 1975 secundum

1903 2020 2187 2084 peccatum
2234 2010 2411 2067 factus
2468 2018 2553 2065 est
2603 2011 2790 2068 homo.
2845 2009 2971 2073 ldeo
3020 2011 3072 2064 in
3132 2010 3493 2066 similitudine

1906 2104 2087 2159 carnis
2113 2102 2317 2173 peccati
2342 2102 2615 2157 damnavit
2648 2103 2703 2156 in
2738 2116 2899 2157 carne
2927 2111 3207 2172 peccatum
3244 2121 3259 2157 :
3300 2103 3489 2167 huma-

1904 2214 2029 2255 nam
2079 2198 2295 2269 quidem
2351 2207 2598 2251 naturam
2649 2211 2957 2262 assumens,
2992 2206 3233 2252 attamen
3274 2199 3487 2271 tyranni

1905 2290 2184 2345 hominum
2238 2289 2449 2360 peccati
2487 2288 2676 2359 jugum
2732 2304 2837 2344 non
2876 2288 3120 2350 subiens,
3182 2287 3277 2341 sed
3333 2286 3489 2354 hujus

1904 2397 2117 2437 omnem
2142 2382 2473 2437 dominatum
2510 2394 2789 2451 respuens,
2832 2380 3327 2449 demonstransque
3368 2378 3485 2434 ﬁeri

1904 2490 2062 2547 posse
2100 2485 2158 2528 ut
2197 2474 2253 2528 in
2307 2475 2542 2528 humana
2579 2483 2770 2528 natura
2830 2474 3036 2545 peccati
3090 2473 3193 2528 tela
3234 2474 3483 2528 vitemus.

1906 2568 1999 2623 Sic
2029 2565 2308 2623 damnavit
2338 2567 2389 2619 in
2425 2580 2592 2621 carne
2618 2575 2920 2631 peccatum,
2976 2565 3309 2621 debilitatem
3342 2563 3485 2633 ejus-

1907 2657 2025 2713 dem
2046 2673 2366 2728 coarguens,
2398 2657 2740 2728 tyrannidem
2784 2657 3065 2722 cohibens,
3100 2666 3266 2725 atque
3314 2657 3385 2710 ita
3420 2657 3485 2709 ad

1907 2750 2189 2805 victoriam
2235 2750 2481 2804 homines
2532 2748 2807 2803 erudiens.
2861 2747 2984 2804 Ideo
3043 2748 3249 2805 addidit
3296 2748 3483 2803 beatus

1908 2841 2141 2897 Paulus:
2174 2842 2731 2913 Utjustilicatiolegis
2753 2842 3066 2911 impleretur
3104 2841 3155 2895 in
3185 2840 3359 2904 nobis,
3390 2841 3481 2911 qui

1906 2952 2012 2991 non
2052 2937 2347 2989 secundum
2389 2950 2608 2990 carnem
2659 2936 3023 3000 ambulamus,
3045 2934 3140 2989 sed
3187 2933 3483 2989 secundum

1908 3026 2179 3097 spiritum.
2232 3026 2373 3094 Ergo
2414 3025 2615 3080 fuimus
2654 3023 2961 3094 iustiﬁcati,
2993 3033 3214 3094 peccato
3240 3024 3291 3078 in
3320 3038 3487 3079 carne

1908 3119 2179 3173 danmato.
2216 3117 2503 3172 Damnavit
2549 3126 2728 3172 autem
2774 3116 2826 3170 in
2856 3130 3017 3171 carne
3039 3124 3339 3187 peccatum,
3362 3132 3484 3171 cum

1909 3210 1960 3262 in
2004 3210 2410 3264 similitudinem
2454 3210 2635 3264 carnis
2704 3208 2916 3279 peccati
2978 3207 3235 3263 Servatur
3304 3218 3487 3263 noster

1907 3301 2081 3354 factus
2114 3310 2239 3366 est;
2274 3300 2564 3355 humanam
2607 3302 2822 3371 quidem
2884 3310 3132 3353 naturam
3174 3314 3482 3363 assumens,

1907 3396 2128 3449 minime
2171 3402 2349 3449 tamen
2399 3395 2687 3450 dominans
2711 3395 2759 3449 ei
2821 3400 3101 3462 peccatum
3168 3392 3482 3449 admittens.

1908 3483 1999 3539 Sic
2023 3486 2178 3539 divus
2208 3486 2405 3541 Paulus
2449 3486 2630 3541 verbis
2667 3486 2852 3557 paucis
2904 3484 3217 3539 universum
3265 3484 3483 3539 haereti-

1904 3591 2092 3631 corum
2142 3591 2334 3646 agmen
2368 3575 2687 3647 proﬂigavit,
2745 3578 2909 3649 813
2937 3594 3006 3631 m.
3043 3577 3158 3631 Arii
3190 3576 3377 3646 utique
3431 3593 3485 3629 et

1909 3666 2154 3720 Eunomii
2188 3667 2455 3721 insaniam
2494 3667 2739 3723 refutans
2782 3669 3162 3737 praedictorum
3198 3669 3485 3727 verborum

1907 3758 2064 3811 initio
2096 3776 2109 3812 :
2145 3776 2163 3810 ι
2196 3756 2306 3812 Hoc
2336 3759 2482 3813 enim
2512 3760 2779 3814 sentitein
2812 3762 2965 3815 vobis
2989 3761 3129 3830 quod
3163 3770 3217 3816 et
3250 3761 3301 3815 in
3328 3760 3486 3821 Cbri-

1906 3857 1990 3900 sto
2032 3846 2180 3912 Jesu,
2215 3848 2305 3916 qni
2328 3862 2449 3902 cum
2488 3848 2539 3901 in
2575 3846 2746 3903 forma
2777 3850 2867 3905 Dei
2899 3860 3063 3917 esset,
3089 3866 3193 3906 non
3238 3852 3485 3921 rapinam

1905 3940 2200 3994 arbitratus
2217 3948 2302 3995 est
2330 3956 2450 3996 esse
2476 3954 2535 3996 se
2560 3940 2821 4010 aequalem
2852 3942 2978 4009 Deo,
3006 3943 3099 3997 sed
3129 3943 3480 4011 semetipsum

1906 4027 2224 4091 exinanivit,
2277 4028 2506 4082 formam
2562 4028 2703 4083 servi
2761 4028 3055 4097 accipiens.
3099 4046 3117 4079 ι
3174 4026 3287 4081 Non
3338 4027 3481 4081 enim

1906 4121 2059 4185 dixit,
2097 4119 2150 4173 in
2189 4118 2362 4173 forma
2389 4119 2481 4174 Dei
2504 4119 2694 4186 factus,
2727 4119 2843 4183 sed,
2883 4136 2903 4170 ι
2940 4134 3062 4173 cum
3088 4119 3141 4175 in
3174 4117 3347 4173 forma
3391 4117 3483 4172 Dei

1905 4223 2069 4268 esset.
2103 4230 2121 4262 ι
2169 4208 2354 4281 Neque
2394 4212 2521 4266 item
2561 4211 2696 4265 dixit
2726 4229 2741 4266 :
2767 4209 2883 4264 Non
2914 4210 3156 4283 rapinam
3188 4210 3485 4281 arbitratus

1906 4313 1987 4357 cst
2012 4318 2132 4358 esse
2153 4318 2212 4357 se
2228 4302 2492 4374 aequalem
2514 4302 2731 4356 sibimet
2754 4312 2846 4356 aut
2864 4301 3089 4374 angelis,
3108 4310 3200 4355 aut
3220 4301 3493 4371 aequalem

1904 4404 2190 4459 creaturae,
2236 4395 2331 4449 sed
2380 4394 2643 4464 aequalem
2707 4393 2844 4452 dixit
2912 4394 3019 4448 Deo
3072 4391 3220 4447 Patri
3276 4391 3367 4461 qui
3427 4408 3484 4444 se

191 4498 231 4565 ἢ
261 4493 363 4547 ἴσα
397 4492 676 4561 ἀγγέλοις,
708 4493 741 4563 ἢ
772 4494 860 4548 ica
890 4500 954 4567 τῇ
995 4498 1191 4565 κτίσει,
1214 4500 1331 4553 ἀλλ’
1376 4503 1486 4567 ica,
1520 4502 1646 4574 ἔφη,
1686 4482 1801 4574 Θεῷ

1910 4496 2187 4555 genuerat,
2206 4484 2375 4551 Patri,
2412 4486 2653 4553 inquam,
2680 4484 2887 4553 absque
2916 4484 3201 4554 principio,
3222 4482 3481 4554 ingenito.

196 4588 284 4659 τῷ
314 4586 522 4656 Πατρὶ,
556 4585 634 4657 τῷ
662 4587 1003 4657 γεννήσαντι,
1032 4590 1273 4663 ἀνάρχῳ,
1301 4593 1379 4665 τῷ
1409 4596 1706 4667 ἀγεννήτῳ,
1722 4598 1801 4669 τῷ

195 4676 535 4749 ἀπεράντῳ,
566 4676 644 4747 τῷ
681 4677 787 4731 τῶν
815 4678 951 4732 ὅλων
982 4680 1249 4754 Δεσπότῃ.

281 4770 516 4838 ’Ἄρειος
542 4769 641 4839 μὲν
664 4764 756 4823 οὖν
780 4771 875 4824 καὶ
902 4770 1167 4842 Εὑνόμιος
1194 4774 1277 4845 (5)
1306 4775 1523 4847 ἰσχυρὸν
1551 4778 1799 4833 ἐντεῦθεν

197 4862 472 4928 ἐδέξαντο
500 4864 597 4932 τῆς
628 4862 832 4927 οἰκείας
857 4863 1114 4928 ἀσεϐείας
1140 4866 1230 4920 τὸν
1276 4866 1527 4940 ἔλεγχον,
1559 4873 1653 4925 καὶ
1697 4872 1801 4926 Σα-

198 4954 432 5014 ϐέλλιος
454 4952 511 5004 δὲ
538 4953 633 5006 καλ⁷
658 4954 977 5026 Μάρκελλος
1006 4958 1101 5011 καὶ
1131 4959 1413 5025 Φωτεινὸς,
1450 4963 1499 5014 oi
1527 4964 1629 5026 τὰς
1653 4968 1803 5035 τρεῖς

198 5044 551 5109 ὑποστάσεις
599 5048 944 5119 ἀρνούμενοι,
978 5052 1072 5105 καὶ
1116 5052 1218 5116 τὰς
1259 5054 1357 5124 τῆς
1389 5053 1641 5127 θεότητος
1674 5075 1805 5127 συγ-

197 5138 439 5209 χέοντες
470 5135 757 5206 ίδιότητας,
788 5138 1038 5195 ἐντεῦθεν
1069 5139 1514 5213 βλασφημοῦντες
1558 5144 1806 5217 ἐλέγχον-ο

194 5244 337 5284 ται.
376 5226 571 5300 ἕτερος
612 5229 720 5301 γὰρ
769 5233 911 5286 κατὰ
948 5232 1048 5304 τὴν
1098 5233 1393 5288 ὑπόστασιν
1440 5237 1469 5288 ὁ
1516 5236 1575 5292 ὲν
1621 5240 1805 5310 μορφῇ

192 5317 346 5373 Θεοῦ
376 5316 667 5390 ὑπάρχων,
696 5322 789 5375 καὶ
818 5323 1003 5393 ἕτερος
1024 5327 1230 5391 ἐκεῖνος
1256 5320 1317 5381 οὗ
1344 5327 1402 5379 ὲν
1430 5332 1613 5400 μορφῇ
1638 5329 1809 5402 ὑπάρ-

267 5482 292 5513 "
334 5480 515 5533 Rom.
546 5496 665 5545 vm,
698 5482 753 5548 3,
786 5480 841 5539 4.

275 5642 362 5712 (ι)
395 5636 638 5712 _Legesis
655 5637 914 5712 Cyrillum
938 5639 991 5694 in
1010 5639 1419 5697 commentariis
1439 5639 1550 5696 suis
1570 5640 1637 5695 ad
1660 5639 1803 5695 hunc

193 5709 365 5775 Pauli
395 5709 578 5777 locum
609 5710 747 5777 apud
772 5724 891 5765 nos.

280 5784 370 5857 (9.)
414 5776 572 5836 Haud
614 5776 724 5835 scio
768 5795 835 5834 an
878 5778 964 5836 hic
1008 5777 1398 5851 interponenda
1443 5783 1513 5838 sit
1554 5780 1805 5852 negativa

1910 4578 2142 4641 inﬁnito,
2177 4591 2358 4632 rerum
2396 4576 2640 4631 omnium
2678 4574 2927 4630 Domino.

1981 4778 2147 4834 Arius
2189 4776 2352 4848 igitur
2402 4785 2566 4846 atque
2590 4773 2890 4831 Eunomius
2914 4770 3145 4829 validam
3188 4770 3312 4825 hinc
3358 4785 3482 4839 per-

1908 4873 2148 4926 tulerunt
2174 4869 2472 4939 impietatis
2497 4881 2609 4923 sua:
2649 4864 3085 4936 redargutionem
3115 4883 3128 4918 :
3156 4864 3483 4934 insuperque

1911 4962 2179 5018 Sabellius
2197 4971 2253 5017 et
2278 4960 2563 5015 Marcellus
2597 4967 2761 5029 atque
2794 4957 3080 5021 Photinus,
3143 4956 3235 5025 qui
3282 4966 3480 5025 negant

1905 5061 2016 5107 tres
2053 5054 2393 5122 bypostases,
2418 5058 2471 5103 et
2492 5048 2710 5103 deitatis
2731 5047 3068 5103 confundunt
3090 5046 3473 5116 proprietates,

1904 5145 2033 5199 hinc
2049 5142 2351 5213 blasphemi
2402 5147 2792 5210 coarguuntur.
2824 5138 2977 5195 Alius
3006 5146 3090 5193 est
3110 5138 3255 5193 enim
3287 5152 3483 5193 secun-

1903 5239 2027 5291 dum
2052 5234 2387 5306 bypostasim
2415 5233 2503 5287 ille
2532 5234 2625 5303 qui
2661 5233 2715 5287 in
2768 5229 2937 5286 forma
2969 5228 3067 5285 Dei
3096 5236 3236 5295 erat,
3265 5240 3321 5285 et
3342 5230 3480 5285 alius

1904 5327 1992 5383 ille
2025 5326 2176 5397 cujus
2209 5328 2263 5383 in
2293 5328 2464 5382 forma
2486 5336 2643 5382 erat:
2671 5336 2726 5382 et
2769 5325 2907 5395 alius
2930 5330 3133 5381 ‘rursus
3185 5322 3277 5407 qui
3324 5324 3480 5407 rapi-2

1909 5638 2171 5709 particula
2198 5638 2282 5703 οὐ,
2309 5655 2433 5693 non.

1983 5710 2060 5780 (3)
2104 5710 2160 5763 In
2205 5710 2305 5762 boc
2342 5718 2396 5761 et
2436 5716 2694 5780 sequente
2730 5711 2988 5778 opusculo
3030 5705 3230 5780 nullum
3271 5707 3483 5765 haeretio

1911 5778 2049 5837 cum
2069 5780 2428 5835 recentiorem
2462 5778 2731 5845 Eunomia.
2755 5780 2996 5839 nominat
3023 5778 3273 5851 Cyrillus.
