3856 6212
374 321 506 376 1451

1402 317 1458 373 S.
1493 313 1766 373 CYRILLI
1804 311 2280 371 ALEXANDRINI‘
2325 312 2672 385 AREHI‘EP4

3494 311 3637 364 ΗΕΘ.

373 455 494 492 nam
521 453 626 493 non
648 436 1021 493 arbitrabatur
1035 452 1156 493 esse
1177 450 1236 493 se
1265 437 1522 506 aequalem
1556 435 1688 500 Deo,
1718 446 1772 490 et
1813 432 1944 487 alius

2053 450 2170 503 χει·
2210 433 2304 485 καὶ
2331 433 2488 495 ἄλλος
2517 423 2676 486 πάλιν
2707 433 2735 485 6
2766 432 2840 504 μὴ
2870 427 3166 503 ἁρπαγμὸν
3189 426 3536 499 ἡγησάμενος
3574 425 3636 477 τὺ

374 531 460 583 ille
483 530 568 581 cui
593 529 935 598 estaequalis,
959 529 1052 585 sed
1077 544 1181 584 non
1204 531 1304 586 sibi
1336 529 1698 599 aequalitatem
1718 544 1838 581 cum
1859 526 1948 581 illo

373 620 570 688 rapuit.
611 617 876 674 Praeterea
915 619 1003 676 ille
1060 621 1227 675 etiam
1285 619 1404 676 falsi
1448 621 1686 676 nominis
1723 618 1943 683 Paulus,

371 707 460 774 qni
507 707 815 764 Senatoris
863 719 987 765 ante
1037 710 1232 765 saecula
1272 709 1676 780 generationem
1713 708 1960 781 negavit,

369 797 652 853 Iudaicam
717 802 1038 857 sententiam
1088 802 1299 868 fovens,
1354 811 1408 857 et
1446 801 1515 858 de
1566 801 1786 869 Virgine
1833 809 1950 853 tan-

374 889 650 944 tummodo
678 900 864 945 natum
895 891 1178 947 confessus
1199 901 1306 956 est,
1355 906 1422 945 ex
1467 891 1550 946 his
1593 891 1726 960 ipsis
1770 889 1949 945 verbis

373 980 587 1046 dignam
638 980 916 1051 impietate
959 999 1055 1037 sua
1104 985 1247 1053 capit
1287 983 1667 1052 ignominiam.
1720 983 1950 1036 nocetur

371 1070 515 1125 enim
547 1072 674 1128 hinc
703 1087 733 1126 a
756 1073 879 1129 divo
906 1073 1073 1130 Paulo
1099 1085 1156 1129 et
1181 1075 1274 1130 Dei
1316 1073 1549 1130 Verbum
1577 1076 1721 1144 quod
1763 1089 1949 1128 susce-

373 1161 469 1229 pit,
500 1175 554 1218 et
586 1163 878 1220 humanam
913 1177 1218 1237 susceptam
1274 1178 1544 1234 naturam,
1585 1177 1640 1222 et
1682 1167 1947 1238 prteexsi-

371 1262 600 1309 stentem
623 1256 714 1312 Dei
735 1257 986 1321 formam.
1003 1271 1057 1315 et
1079 1260 1131 1315 in
1151 1261 1256 1315 ﬁne
1272 1262 1592 1316 saeculorum
1613 1271 1944 1329 assumptam

372 1346 439 1400 ab
467 1350 656 1402 eadem
705 1351 846 1405 servi
901 1348 1154 1406 formam.
1208 1354 1439 1408 Docetur
1491 1353 1692 1423 pariter
1747 1351 1946 1420 Apollio

373 1440 520 1494 naris
557 1455 678 1495 cum
721 1441 852 1498 ΑΓίο
874 1453 1035 1514 atque
1064 1444 1353 1512 Eunomia,
1404 1445 1548 1515 quod
1606 1459 1944 1515 nequaquam

374 1532 514 1588 Deus
561 1533 821 1600 Verbum,
867 1537 1010 1606 quod
1057 1546 1139 1592 est
1189 1537 1550 1602 immutabile,
1613 1537 1666 1590 in
1724 1549 1946 1590 carnem

373 1623 536 1678 fuerit
610 1627 976 1690 immutatum,
1027 1627 1118 1682 sed
1190 1628 1334 1698 quod
1389 1641 1573 1683 n05tra
1641 1627 1945 1682 substantia

372 1729 646 1787 assumpta
669 1760 694 1788 ,,
733 1719 960 1774 salutem
1025 1729 1264 1774 nostram
1303 1720 1376 1776 sit
1422 1727 1725 1791 Operatum.
1775 1718 1946 1773 Porro

372 1812 622 1879 superius
682 1811 842 1866 dictis
897 1811 1414 1877 demonstravimus,
1499 1809 1730 1864 formam
1802 1809 1943 1864 servi

372 1904 693 1972 appellatam
727 1919 848 1960 esse
883 1903 1120 1959 hominis
1168 1913 1444 1960 naturam.
1489 1901 1624 1957 Nam
1669 1902 1717 1957 si
1769 1900 1944 1957 forma

373 1993 465 2048 Dei
529 2007 613 2050 est
663 1996 966 2049 substantia
999 1993 1091 2048 Dei
1138 1994 1313 2066 (caret
1358 1995 1505 2050 enim
1554 2008 1742 2049 revera
1773 1993 1946 2050 forma

368 2085 538 2162 814
560 2103 630 2141 m.
659 2096 715 2142 et
744 2087 934 2158 quavis
957 2088 1139 2159 specie
1167 2086 1331 2153 Deus,
1361 2087 1453 2158 qui
1483 2097 1567 2142 est
1587 2086 1836 2156 simplex,
1871 2085 1950 2140 in-

371 2181 723 2252 compositus,
761 2190 815 2236 et
847 2181 994 2237 omni
1031 2181 1207 2252 ﬁgura
1249 2179 1585 2253 destitutus),
1615 2181 1862 2252 sequitur
1890 2190 1950 2234 ut

369 2273 513 2328 servi
568 2274 775 2341 forma,
829 2288 981 2344 teque
1028 2273 1170 2330 servi
1214 2273 1518 2329 substantia
1588 2272 1945 2343 intelligatur.

373 2364 526 2421 Servi
578 2374 757 2420 autem
797 2366 1126 2434 substantia,
1173 2365 1226 2421 id
1272 2375 1358 2422 est
1404 2366 1664 2431 hominis,
1711 2380 1816 2420 non
1866 2373 1950 2418 est

370 2471 566 2527 corpus
608 2459 712 2514 hoc
766 2459 1138 2513 tantummodo
1187 2458 1328 2526 quod
1383 2466 1630 2526 apparet,
1687 2457 1780 2510 sed
1836 2465 1945 2510 tota

371 2551 606 2606 hominis
650 2559 844 2605 natura
899 2567 930 2606 a
981 2549 1341 2620 prudentibus
1390 2548 1753 2603 existimatur.
1800 2547 1947 2602 Prae-

372 2654 517 2698 terea
550 2641 704 2698 etilli
739 2643 1034 2712 impietatis
1066 2640 1432 2711 antesignani,
1486 2649 1540 2696 et
1599 2640 1948 2710 blasphemia:

370 2735 631 2789 adversus
669 2742 874 2790 rectam
923 2733 1083 2790 [idem
1113 2733 1274 2804 primi
1334 2741 1608 2795 auctores,
1665 2731 1756 2802 qui
1785 2731 1944 2786 Chri-

367 2825 666 2881 stianorum
702 2825 919 2896 quidem
971 2824 1075 2881 sibi
1116 2826 1336 2881 nomina
1390 2824 1792 2895 imposuerunt,
1851 2827 1943 2880 sed

367 2917 764 2973 idololatricum
857 2915 1203 2986 polytheismi
1283 2930 1528 2970 errorem
1593 2927 1943 2986 superarunt,

366 3012 628 3079 Marcion,
674 3011 918 3081 inquam,
968 3017 1026 3065 et
1056 3009 1270 3074 Manes,
1315 3018 1373 3064 et
1428 3011 1610 3065 caeteri
1645 3011 1944 3081 pestilentis

367 3105 580 3158 illorum
620 3103 894 3158 cathedrae
948 3100 1295 3157 consectanei
1349 3109 1404 3156 et
1457 3101 1732 3170 discipuli,
1767 3119 1832 3157 ex
1859 3103 1940 3156 his
1970 3131 2013 3188 ρ

367 3193 509 3263 ipsis
550 3191 792 3262 Apostoli
847 3190 1027 3247 verbis
1101 3206 1254 3245 suam
1323 3191 1600 3246 vesaniam
1661 3193 1795 3247 Satis
1847 3208 1939 3246 co-

366 3291 653 3356 gnoscunt.
697 3281 834 3336 Nam
868 3296 991 3335 cum
1017 3281 1116 3350 ipsi
1149 3279 1361 3335 Domini
1395 3282 1690 3337 secundum
1723 3298 1940 3337 carnem

366 3375 705 3430 nativitatem
730 3381 786 3429 et
813 3372 1211 3428 humanitatem
1234 3389 1353 3430 non.
1379 3374 1692 3438 admittant,
1715 3374 1944 3429 audiunt

365 3466 842 3538 praiclarissimum
877 3463 1100 3520 Paulum
1130 3465 1436 3531 docentem,
1463 3466 1604 3530 quod
1646 3465 1736 3521 Dei
1770 3467 1940 3522 forma

364 3561 507 3617 servi
541 3560 769 3616 formam
796 3560 1120 3630 susceperit.
1149 3543 1304 3614 Servi
1335 3569 1514 3614 autem
1574 3561 1749 3616 forma
1799 3562 1941 3615 haud

365 3650 648 3721 phantasia
672 3648 916 3720 quaedam
935 3657 1071 3715 erat,
1090 3662 1264 3718 neque
1288 3647 1499 3715 umbra,
1525 3665 1699 3719 neque
1723 3665 1942 3705 aereum

364 3740 736 3807 simulacrum,
771 3753 948 3810 neque
973 3738 1118 3794 aliud
1157 3738 1376 3807 quidvis
1401 3739 1720 3810 hujusmodi.
1753 3742 1939 3811 appel-

365 3835 537 3898 lalttr,
559 3831 654 3887 sed
682 3831 825 3886 servi
848 3841 1062 3886 natura.

434 3925 587 3992 Quod
621 3923 665 3978 si
703 3922 1088 3993 subsequentia
1121 3923 1214 3979 illa
1244 3922 1409 3978 verba
1468 3923 1625 3980 nobis
1658 3924 1943 3996 objicianl,

371 4037 389 4069 ι
422 4017 476 4072 in
502 4015 910 4073 sitnilitudinem
933 4014 1169 4070 hominis
1198 4015 1672 4084 iactus,ethabitu
1694 4019 1942 4071 inventus

365 4117 426 4164 ut
449 4113 610 4164 homo
638 4126 655 4176 ;
687 4127 714 4161 »-
739 4121 948 4163 necnon
982 4105 1072 4160 illa
1121 4106 1188 4161 ad
1229 4107 1504 4164 Romanos
1531 4125 1590 4163 τι
1618 4108 1672 4163 in
1695 4107 1942 4163 similitu-

365 4199 544 4255 dinem
570 4197 754 4253 carnis
782 4196 988 4266 peccati
1016 4196 1038 4228 ⁸
1073 4211 1088 4251 :
1139 4216 1164 4250 λ
1195 4199 1371 4268 primo
1404 4200 1620 4268 quidem
1655 4199 1936 4254 stultitiam

365 4290 603 4359 ipsorum
644 4289 1060 4346 convincamus.
1086 4287 1220 4342 Nam
1254 4289 1298 4343 si
1319 4289 1515 4355 verba,
1549 4307 1568 4342 ι
1606 4289 1660 4344 in
1686 4289 1942 4346 similitu.

365 4382 552 4437 dinem.
602 4381 858 4445 hominis,
911 4391 967 4436 et
1024 4381 1208 4436 habitu
1262 4381 1510 4437 inventus
1563 4392 1620 4435 ut
1697 4385 1936 4450 homo,»

367 4473 708 4546 phantasiam
773 4473 1006 4542 aliquam
1075 4471 1366 4527 humanam
1424 4475 1710 4542 denatant,

366 4574 546 4617 autem
581 4561 777 4626 forma,
829 4571 1019 4616 natura
1073 4562 1307 4617 hominis
1358 4573 1481 4618 est:
1514 4567 1940 4623 contradicentia

367 4657 546 4725 posuit
589 4653 904 4723 Apostolus.
956 4654 1076 4710 Jam
1136 4656 1181 4709 si
1226 4655 1466 4725 Apostoli
1527 4663 1689 4712 verba
1720 4659 1943 4714 minime

368 4748 595 4803 invicem
614 4748 1014 4812 contradicunt,
1049 4761 1180 4802 sane
1206 4747 1487 4813 discimus,
1517 4751 1659 4803 servi
1688 4749 1948 4817 formam,

369 4843 511 4895 servi
546 4854 666 4897 esse
692 4841 1082 4896 substantiam.
1115 4840 1284 4894 Porro
1306 4840 1357 4894 in
1386 4841 1662 4895 hominum
1697 4843 1956 4897 similitu-.

370 4931 552 4987 dinem
599 4928 743 4998 ﬁeri,
782 4940 838 4985 et
890 4930 1076 4985 habitu
1121 4938 1181 4984 ut
1221 4931 1494 4986 hominem
1540 4932 1794 4997 inveniri,
1858 4935 1937 4990 sic

371 5025 732 5096 intelligemus
776 5041 801 5091 ς,
847 5038 1040 5093 nempe
1105 5023 1393 5080 Dominum
1453 5035 1696 5080 nostrum
1751 5025 1936 5081 .lesum

369 5119 671 5184 Christum,
703 5127 954 5172 naturam
984 5124 1225 5171 nostram
1255 5115 1564 5182 habentem,
1595 5133 1706 5170 non.
1733 5117 1785 5170 in
1809 5134 1944 5172 cun~

368 5213 474 5267 ctis
525 5211 678 5267 nobis
709 5209 878 5265 fuisse
907 5208 1190 5280 aequalem.
1227 5207 1470 5278 Namque
1511 5217 1564 5264 et
1619 5209 1732 5277 ipse
1784 5221 1944 5266 natus

368 5315 451 5361 est
491 5304 560 5360 de
598 5303 846 5368 muliere,
901 5303 997 5358 sed
1054 5303 1158 5357 alia
1211 5317 1276 5356 ac
1325 5317 1422 5357 nos
1455 5303 1662 5357 ratione
1699 5319 1714 5370 ;
1745 5305 1945 5374 quippe

368 5399 458 5467 qui
515 5396 581 5452 de
637 5395 885 5467 virginali
941 5394 1137 5465 prodiit
1190 5393 1367 5449 vulva.
1416 5393 1482 5450 Et
1512 5395 1672 5450 homo
1727 5397 1942 5465 quidem

438 5577 460 5609 ⁸
496 5580 650 5633 llum.
687 5595 806 5642 vm,
839 5581 891 5633 5.

443 5757 518 5820 (l)
560 5755 812 5826 lntelligit
845 5752 1066 5809 Paulum
1103 5738 1568 5811 Samomtensetn'.

2051 520 2190 576 εἶναι
2237 523 2328 576 ίσα
2371 524 2508 595 Θεῷ,
2549 527 2677 594 παρ’
2725 526 2933 577 ἐκεῖνον
2961 541 3019 578 οι.
3054 523 3167 586 ίσος
3215 521 3464 590 ὑπάρχει,
3517 518 3636 570 ἀλλ’

2053 615 2150 685 οὐχ
2181 616 2431 686 ἥρπασεν
2463 618 2561 686 τὴν
2606 616 2740 686 πρὸς
2787 616 2949 668 αὐτὸν
2979 613 3220 684 ἰσότητα.
3260 611 3403 682 Πρὸς
3429 610 3488 662 δὲ
3515 608 3638 660 τού-

2050 728 2162 772 τοις
2209 711 2356 762 καὶὸ
2383 708 2732 780 ψευδώνυμος
2777 707 2989 770 Παῦλος
3033 706 3132 776 (1),
3173 706 3208 771 ῤ
3237 703 3332 774 τὴν
3384 702 3482 772 μὲν
3525 700 3638 770 πρὸ

2050 803 2260 858 αἰώνων
2291 802 2546 874 γέννησιν
2569 801 2663 854 τοῦ
2691 801 2941 872 Σωτῆρος
2964 799 3318 870 ἀρνούμενος,
3354 792 3648 862 Ἰουδαῖκῴ

2051 897 2107 951 δὲ
2136 896 2476 966 κεχρημένος
2510 897 2839 964 φρονήματι,
2871 891 2966 944 καὶ
3008 889 3108 960 τὴν
3137 889 3201 940 ὲκ
3230 886 3509 956 Παρθένου
3536 885 3639 954 μό-

2051 1006 2147 1057 νην
2166 988 2193 1040 6
2200 986 2465 1058 μολογῶν,
2487 988 2550 1039 ὲκ
2572 986 2682 1038 τῶν
2705 984 2886 1038 αὐτῶν
2913 982 3116 1036 τούτων
3136 981 3328 1049 λόγων,
3355 978 3454 1049 τὴν
3474 975 3647 1041 ἀξίαν.

2049 1081 2150 1150 τῆς
2198 1079 2455 1143 ἀσεϐείας
2497 1078 2758 1149 αἰσχύνην
2803 1076 3145 1147 καρποῦται·
3180 1073 3491 1126 διδάσκεται
3521 1071 3640 1141 γὰρ

2051 1173 2156 1226 ὑπὸ
2180 1171 2275 1225 τοῦ
2320 1171 2465 1225 θείου
2512 1170 2726 1223 Παύλου
2767 1169 2856 1222 τὸν
2883 1168 3116 1222 λαϐόντα
3145 1167 3278 1220 Θεὸν
3310 1166 3502 1234 Λόγον,
3537 1165 3641 1217 καὶ

2048 1267 2147 1336 τὴν
2174 1265 2521 1335 ἀνθρωπείαν
2555 1264 2714 1333 φύσιν
2747 1263 2843 1333 τὴν
2872 1263 3188 1332 ληφθεῖσαν,
3221 1261 3320 1330 τὴν
3353 1255 3644 1326 προϋπάρ-

2049 1375 2248 1431 χουσαν
2272 1357 2482 1429 μορφὴν
2506 1355 2599 1409 τοῦ
2629 1354 2788 1419 Θεοῦ,
2817 1357 2910 1408 καὶ
2938 1356 2993 1406 ὲν
3021 1354 3097 1423 τῷ
3119 1352 3263 1406 τέλει
3288 1352 3396 1405 τῶν
3417 1351 3648 1404 αἰώνων-

2050 1450 2492 1522 προσληφθεὲσαν
2532 1447 2625 1501 ἀπ’
2672 1445 2885 1515 ἐκείνης
2932 1443 3120 1496 δούλου
3179 1444 3414 1513 μορφήν.
3473 1443 3648 1494 mea-

2054 1562 2247 1599 σκεται
2275 1543 2332 1596 δὲ
2367 1541 2529 1595 πάλιν
2572 1537 2944 1608 Ἀπολινάριος
2978 1537 3074 1588 σὺν
3118 1535 3314 1604 Ἀρείῳ
3344 1533 3438 1587 καὶ
3471 1532 3645 1585 Εὐνο-

2052 1638 2181 1710 μίῳ,
2209 1636 2285 1699 ὡς
2329 1634 2429 1704 οὐχ
2455 1634 2484 1685 6
2532 1630 2666 1694 Θεὸς
2707 1630 2880 1698 Λόγος
2919 1631 2946 1681 6
2990 1630 3278 1700 ἄτρεπτος,
3321 1628 3397 1690 εἰς
3433 1624 3647 1696 σαρκὸς

2049 1729 2213 1799 φύσιν
2240 1727 2475 1796 ἐτράπη,
2508 1723 2643 1778 ἀλλὰ
2671 1725 2768 1794 τὴν
2799 1722 3079 1794 ἡμετέραν
3107 1719 3389 1775 ἀναλαϐὼν
3418 1715 3642 1776 οὐσίαν.

2050 1823 2149 1895 τὴν
2177 1821 2452 1894 ἡμετέραν
2474 1816 2969 1891 ἐπραγματεύσατο
2992 1813 3284 1884 σωτηρίαν.
3331 1811 3646 1876 Ἀπεδείξαο

2053 1933 2153 1986 μεν
2197 1914 2276 1980 δὲ,
2319 1913 2385 1966 δι’
2420 1906 2496 1966 ὧν
2540 1911 2863 1982 εἰρήκαμεν,
2904 1906 3118 1978 μορφὴν
3162 1905 3349 1958 δούλου
3394 1903 3494 1974 τὴν
3543 1903 3642 1954 τοῦ

2049 2004 2338 2078 ἀνθρώπου
2368 1999 2920 2076 προσαγορευομένην
2939 1997 3122 2050 οὐσίαν
3143 2013 3155 2026 ·
3185 1996 3235 2048 εί
3255 1994 3362 2066 γάρ
3391 1995 3425 2063 ἡ
3454 1993 3644 2062 μορφὴ

2047 2096 2143 2151 τοῦ
2177 2095 2334 2158 Θεοῦ,
2360 2093 2519 2148 οὐσία
2545 2090 2643 2146 τοῦ
2671 2089 2808 2144 Θεοῦ
2831 2103 2855 2120 ⁶
2871 2089 3199 2160 ἀμόρφωτον
3225 2085 3337 2157 γὰρ
3361 2086 3458 2138 καὶ
3489 2084 3647 2136 ἀνεί-

2049 2190 2168 2244 δεον
2193 2189 2253 2242 τὸ
2277 2188 2452 2241 Θεῖον·
2482 2183 2685 2239 ἁπλοῦν
2720 2182 2779 2236 δὲ
2805 2182 2901 2235 καὶ⁸
2933 2178 3225 2234 ἀσύνθετον
3253 2177 3346 2230 καὶ
3385 2174 3650 2244 ἀσχημάο

2048 2299 2251 2345 τιστον,
2283 2280 2376 2334 καὶ
2402 2280 2436 2350 ἡ
2475 2277 2570 2330 τοῦ
2598 2274 2787 2330 δούλου
2821 2272 3004 2344 μορφὴ
3035 2271 3276 2341 δηλονότι
3326 2270 3487 2322 οὐσία
3518 2267 3647 2320 δού-

2049 2373 2142 2426 λου
2183 2373 2406 2434 εἰκότως
2439 2370 2504 2423 ἂν
2548 2366 2800 2439 νοηθείη·
2834 2364 2994 2418 οὒσία
3022 2365 3078 2418 δὲ
3106 2363 3314 2426 δούλου,
3356 2361 3650 2414 τουτέστιν

2049 2460 2361 2534 ἀνθρώπου,
2385 2460 2446 2513 ού
2477 2457 2541 2511 τὸ
2565 2456 2891 2527 φαινόμενον
2925 2454 3086 2525 σῶμα
3123 2455 3304 2523 μόνον,
3324 2451 3464 2505 ἀλλὰ
3487 2455 3645 2504 πᾶσα

2047 2553 2141 2609 τοῦ
2172 2551 2461 2623 ἀνθρώπου
2491 2551 2525 2621 ἡ
2553 2548 2715 2618 φύσις
2745 2547 2899 2619 παρά
2941 2549 3054 2610 τοῖς
3080 2544 3457 2615 σωφρονοῦσιν
3485 2545 3648 2597 νενό-

2051 2663 2260 2718 μισται.
2283 2642 2509 2716 Πρὸς,δὲ
2529 2640 2740 2705 τούτοις
2758 2643 2807 2693 oi
2829 2638 3210 2709 πρωτοστάται
3232 2636 3333 2708 τῆς
3355 2636 3650 2701 ἀσεϐείας,

2048 2739 2143 2793 καὶ
2187 2736 2395 2808 πρῶτοι
2447 2733 2547 2806 τὴν
2596 2732 2946 2804 βλασφημίαν
2997 2731 3144 2783 κατά
3197 2729 3297 2800 τῆς
3349 2727 3647 2790 εὐσεϐείας

2050 2829 2472 2902 βλαστήσαντες,
2519 2824 2616 2878 καὶ
2658 2821 3011 2894 Χριστιανῶν
3053 2821 3152 2891 μὲν
3195 2822 3366 2890 ὄνομα
3414 2820 3646 2880 ἑαυτοῖς

2047 2921 2347 2983 ἐπιθέντες,
2378 2919 2562 2972 πᾶσαν
2595 2917 2651 2970 δὲ
2678 2917 2778 2988 τὴν
2805 2915 3066 2968 πολύθεον
3094 2912 3202 2967 τῶν
3230 2912 3466 2966 εἰδώλων
3501 2912 3638 2965 πλά-

2047 3029 2146 3084 νην
2175 3009 2721 3081 ὑπερακοντίσαντες,
2750 3005 3038 3076 Μαρκίων,
3084 3006 3250 3074 φημὶ,
3285 3004 3379 3056 καὶ
3416 3004 3648 3072 Μάνης,

2047 3105 2142 3157 καὶ
2171 3103 2219 3156 οἱ
2245 3104 2342 3171 τῆς
2371 3100 2625 3170 λοιμικῆς
2648 3097 2826 3153 αὐτῶν
2854 3097 3125 3170 καθέδρας
3156 3097 3355 3167 μύσται
3400 3097 3498 3149 καὶ
3529 3097 3639 3162 γεί-

2045 3210 2218 3256 τονες,
2265 3191 2332 3245 δι’
2360 3191 2538 3243 αὐτῶν
2571 3188 2779 3242 τούτων
2804 3187 2915 3242 τῶν
2966 3187 3225 3259 ῥημάτων
3279 3186 3378 3258 τὴν
3425 3187 3646 3238 οἰκείαν

2044 3283 2431 3357 παραπληξίαν
2477 3281 2844 3353 μανθάνουσι·
2875 3280 2976 3350 τὴν
3009 3279 3148 3332 κατά
3192 3279 3369 3349 σάρκα
3398 3277 3515 3348 γὰρ
3549 3279 3645 3331 τοῦ

2045 3380 2250 3451 Κυρίου
2283 3376 2536 3448 γέννησίν
2563 3391 2623 3426 τε
2676 3373 2771 3426 καὶ
2793 3373 2950 3428 ὲνανθ
2962 3372 3208 3445 ρὼπησιν
3235 3373 3296 3424 ού
3325 3371 3643 3441 δεχόμενοι,

2044 3472 2303 3526 ἀκούουσι
2347 3469 2441 3524 τοῦ
2489 3467 2766 3522 θειοτάτου
2805 3466 3020 3521 Παύλου
3053 3466 3419 3529 διδάσκοντος,
3478 3465 3564 3528 ὠς
3610 3467 3646 3535 ἡ

2043 3563 2137 3618 τοῦ
2166 3561 2301 3616 Θεοῦ
2334 3560 2516 3633 μορφὴ
2544 3558 2705 3612 ἔλαϐε
2733 3559 2833 3628 τὴν
2865 3558 2961 3612 τοῦ
2989 3557 3178 3612 δούλου
3213 3559 3427 3627 μορφήν
3451 3571 3466 3585 ·
3501 3559 3541 3626 ἡ
3587 3556 3644 3608 δὲ

2042 3655 2136 3710 τοῦ
2192 3654 2380 3709 δούλου
2431 3653 2612 3724 μορφὴ
2653 3655 2715 3707 οὐ
2742 3651 3014 3722 φαντασία
3039 3668 3124 3714 τις
3167 3645 3267 3722 ἦν’,
3312 3649 3435 3703 οὐδὲ
3483 3650 3643 3708 σκιὰ.

2045 3747 2165 3801 οὐδὲ
2211 3745 2395 3817 ἀέριον
2450 3743 2717 3814 ίνδαλμα,
2771 3743 2880 3796 οὐδ’
2925 3742 3054 3798 ἄλλο
3103 3759 3157 3794 τι
3201 3741 3311 3794 τῶν
3366 3740 3643 3794 τοιούτω-ν
3735 3763 3744 3774 ~

2045 3837 2534 3912 προσαγορεύεται,
2564 3837 2678 3890 ἀλλ’
2712 3836 2746 3908 ἡ
2780 3834 2876 3890 τοῦ
2899 3835 3087 3889 δούλου
3123 3833 3306 3904 φύσις.

2113 3931 2176 3984 Εἰ
2210 3930 2268 3984 δὲ
2295 3929 2364 3983 τά
2388 3929 2853 3999 ὲπαγόμεναὴμίν
2872 3927 3281 3999 προϐάλλοιντο,
3310 3947 3328 3978 ι
3360 3928 3419 3978 ἐν
3436 3927 3640 3996 ὁμοιὼ-

2049 4038 2177 4096 ματι
2209 4018 2498 4093 ἀνθρώπου
2528 4019 2838 4090 γενόμενος,
2869 4019 2965 4072 καὶ
3005 4019 3246 4088 σχήματι
3278 4016 3534 4086 εὑρεθεὶς
3564 4018 3638 4078 ὡς

2044 4114 2353 4188 ἄνθρωπος,
2397 4133 2414 4165 ›
2445 4113 2538 4167 καὶ
2592 4112 2652 4166 τὸ
2707 4114 2768 4166 ὲν
2813 4115 2881 4182 τῇ
2913 4111 3050 4182 πρὸς
3100 4110 3429 4180 Ῥωμαίους,
3492 4129 3514 4160 ο
3581 4112 3638 4162 ἐν

2047 4204 2354 4277 ὁμοιώματι
2405 4204 2604 4274 σαρκὸς
2646 4204 2939 4274 ἁμαρτίας,
2983 4222 3002 4254 ι
3055 4201 3272 4273 πρῶτον
3315 4201 3497 4254 αὐτῶν
3537 4203 3638 4271 τὴν

2046 4297 2230 4352 ἄνοιαν
2263 4296 2626 4367 διελέγξωμεν
2648 4316 2661 4328 ·
2693 4297 2742 4350 εί
2779 4296 2884 4366 γὰρ
2913 4295 2993 4361 τὸ,
3039 4315 3057 4347 ι
3095 4298 3153 4348 ἐν
3192 4293 3504 4365 ὁμοιώματι
3539 4297 3634 4347 ἀν-

2048 4389 2288 4461 θρώπου,
2314 4390 2411 4442 καὶ
2442 4390 2685 4459 σχήματι
2719 4387 2962 4459 εὑρεθεὶς
2990 4388 3066 4450 ὡς
3097 4386 3405 4458 ἄνθρωπος,
3442 4405 3463 4439 ο
3497 4405 3637 4456 τραν-

1793 4477 1936 4532 servi
1971 4493 2016 4548 ι)
2046 4480 2236 4536 τασίαν
2269 4480 2393 4534 τινὰ
2421 4479 2767 4551 ἀνθρωπείαν
2800 4479 2969 4549 δηλοῖ,
3002 4480 3036 4550 ἡ
3069 4479 3127 4532 δὲ
3161 4480 3339 4550 μορφὴ
3377 4478 3472 4531 τοῦ
3510 4479 3636 4532 δού-

2042 4574 2155 4639 λου,
2189 4573 2349 4643 φύσις
2370 4571 2680 4644 ἀνθρώπου·
2704 4572 2924 4625 ἐναντία
2957 4571 3171 4642 τίθησιν
3194 4573 3222 4625 6
3271 4572 3600 4637 Ἀπόστολος
3618 4591 3634 4604 ·

2043 4668 2093 4720 εἰ
2140 4667 2196 4720 δὲ
2227 4668 2326 4720 οὑκ
2359 4667 2575 4720 ἐναντία
2605 4664 2698 4718 τοῦ
2747 4665 3072 4719 ’Λποστόλου
3115 4666 3184 4717 τά
3223 4665 3468 4736 ῥήματα.
3518 4668 3628 4736 μά-

2045 4760 2227 4832 θωμεν
2255 4759 2329 4824 ὡς
2358 4762 2392 4830 ή
2426 4759 2518 4812 τοῦ
2551 4761 2738 4814 δούλου
2771 4760 2976 4833 μορφὴ,
3009 4759 3167 4813 οὐσία
3193 4759 3382 4812 δούλου
3429 4765 3636 4832 τυγχά-

2044 4869 2146 4908 νει.
2179 4852 2253 4904 Τὸ
2284 4852 2340 4904 δὲ
2384 4854 2441 4905 ὲν
2475 4852 3100 4924 ὁμοιώματιάνθρώπων
3128 4851 3208 4923 (ἓ)
3226 4851 3513 4920 γενέσθαι,
3542 4843 3649 4908 καί

2048 4944 2288 5014 σχήματι
2337 4944 2627 5014 εὑρεθῆναι
2663 4943 2739 5007 ὡς
2786 4943 3096 5016 ἄνθρωπον,
3130 4942 3303 5006 οὕτως
3335 4945 3633 5015 νοήσομεν,

2043 5035 2126 5088 ὃτι
2175 5034 2204 5086 6
2246 5034 2449 5106 Κύριος
2495 5035 2651 5106 ἡμῶν
2689 5035 2898 5108 Ἰησοῦς
2940 5037 3172 5107 Χριστὸς
3208 5037 3309 5108 τὴν
3345 5039 3634 5112 ἡμετέραν

2043 5125 2180 5196 ἔχων
2215 5127 2396 5197 φύσιν,
2445 5128 2504 5179 ού
2542 5127 2681 5181 κατά
2723 5129 2904 5183 πάντα
2957 5130 3069 5193 ἴσος
3112 5131 3244 5200 ἡμῖν
3296 5130 3630 5200 ἐτύγχανεν·

2042 5217 2305 5285 ἐγεννήθη
2340 5216 2440 5284 μὲν
2473 5216 2578 5286 γὰρ
2606 5217 2671 5271 ὲκ
2700 5219 2957 5287 γυναικὸς
3010 5218 3103 5271 καὶ
3151 5218 3334 5281 αὐτὸς,
3371 5219 3494 5273 ἀλλ’
3535 5223 3633 5291 οὐχ

2042 5305 2242 5374 ὁμοίως
2272 5307 2402 5377 ἡμῖν
2419 5324 2431 5336 ·
2457 5308 2520 5359 ἐκ
2547 5306 2886 5378 παρθενικῆς
2908 5307 3016 5378 γὰρ
3040 5308 3341 5380 ἐϐλάστησε
3373 5311 3594 5382 μήτρας
3616 5329 3630 5341 ·

2045 5398 2138 5452 καὶ
2175 5399 2378 5462 τέλειος
2431 5399 2528 5470 μὲν
2575 5398 2862 5471 ἄνθρωπος
2907 5397 2974 5470 ἦν
3029 5400 3104 5463 ὡς
3157 5402 3354 5471 ἡμεῖς·
3405 5396 3527 5473 εἶχε
3577 5402 3634 5456 δὲ

2115 5756 2190 5828 (9.)
2236 5759 2306 5813 ita
2342 5757 2427 5814 hic
2463 5758 2581 5814 cod.
2615 5765 2670 5812 ut
2708 5757 2762 5812 in
2799 5758 2924 5814 edu‘.
