3856 6212
227 393 249 446 l
265 394 363 448 433

1386 398 1473 453 DE
1514 396 2039 465 INCAHNATIONE
2079 398 2336 455 DOMINI.

3344 399 3484 454 ιιει

229 511 388 565 πλέον
426 512 555 583 ἡμῖν
599 513 693 566 τοῦ
740 514 873 568 Θεοῦ
918 515 1091 584 Λόγου
1134 515 1235 585 τὴν
1285 514 1555 586 ἐνοίκησιν
1596 532 1653 567 τε
1699 514 1795 567 καὶ

1908 515 2168 585 perfectus
2195 525 2475 585 eratzeque
2494 530 2558 569 ac
2585 530 2716 579 nos;
2747 515 2840 569 sed
2866 524 3061 583 prmter
3078 530 3190 569 rem
3212 523 3478 578 nostram,

226 604 451 657 Ξνωσινο
488 605 582 657 καὶ
613 605 792 676 σάρκα
824 607 922 677 μὲν
953 602 1097 677 εἶχεν
1139 605 1379 676 ἔμψυχόν
1406 623 1466 658 τε
1508 606 1600 659 καὶ
1648 607 1800 676 λογι-

224 695 327 765 κὴν
368 694 444 759 ὡς
489 698 667 767 ἡμεῖς,
702 698 808 750 τῶν
852 698 909 751 δέ
956 698 1056 767 τῆς
1090 699 1363 770 ἁμαρτίας
1405 700 1503 752 οὐκ
1530 699 1801 769 ἠνέσχετο

227 788 539 857 κινημάτων
571 787 761 860 ὥσπερ
792 791 973 860 ἡμεῖς,
1004 788 1118 844 ἀλλ’
1158 791 1215 843 ἐν
1247 789 1458 860 σώματι
1496 791 1586 859 ὑφ’
1620 792 1801 861 ἀμαρ-

224 879 345 940 τίας
374 878 785 951 πολεμουμένῳ,
803 882 903 951 τὴν
928 882 1027 951 τῆς
1060 881 1333 952 ἁμαρτίας
1361 881 1650 951 τυραννίδα
1672 898 1804 934 κατ-

226 969 411 1022 έλυσε·
463 970 550 1024 διά
598 972 754 1025 τοῦτο
822 975 879 1025 ἐν
948 974 1251 1045 ὁμοιώματι
1300 972 1587 1044 ἀνθρώπου
1648 973 1802 1041 γενό-

228 1077 404 1129 μενος,
439 1063 533 1115 καὶ
582 1065 820 1134 σχήματι
854 1065 1094 1137 εὑρεθεὶς
1145 1066 1221 1129 ὡς
1273 1064 1577 1136 ἄνθρωπος,
1612 1065 1803 1119 ἐαυτὸν

223 1152 606 1215 ἐταπείνωσεν,
640 1154 927 1226 γενόμενος
962 1157 1201 1228 ὑπήκοος
1235 1156 1395 1226 μέχρι
1428 1156 1679 1220 Θανάτου,
1706 1156 1803 1209 θα-

223 1244 384 1296 νάτου
413 1244 467 1297 δέ
498 1244 729 1315 σταυροῦ
752 1260 764 1274 °
813 1245 906 1298 καὶ
934 1246 1064 1300 αὐτὸ
1095 1246 1151 1299 δὲ
1194 1247 1252 1301 τὸ
1290 1246 1459 1315 ὄνομα
1492 1247 1592 1317 τῆς
1620 1264 1804 1301 ταπει-

225 1331 440 1396 νώσεως
484 1333 636 1405 δηλοῖ
673 1334 771 1406 τὴν
814 1335 913 1405 τῆς
955 1339 1216 1407 ταπεινῆς
1252 1336 1520 1409 ἀνάληψιν
1566 1338 1797 1408 φύσεως.

227 1424 436 1488 Ἀλλως
472 1443 531 1478 τε
561 1428 689 1495 περὶ
719 1426 813 1479 τοῦ
845 1428 902 1480 ἐν
935 1431 1116 1500 μορφῇ
1151 1428 1287 1482 Θεοῦ
1316 1430 1652 1501 ὑπάρχοντος
1683 1431 1801 1484 δια-

222 1515 534 1586 λεγόμενος,
583 1518 899 1589 ἐπήγαγεν·
953 1538 971 1570 ι
1032 1521 1119 1574 Ἐν
1149 1519 1455 1591 ὁμοιώματι
1501 1521 1802 1592 ἀνθρώπων

222 1603 533 1673 γενόμενος,
566 1608 658 1658 καὶ
704 1609 942 1678 σχήματι
990 1608 1233 1679 εὑρεθεὶς
1288 1610 1363 1673 ὡς
1411 1610 1715 1682 ἄνθρωπος,
1775 1631 1795 1664 ›

220 1693 487 1747 διδάσκων
517 1697 599 1749 ὅτι
645 1698 674 1749 6
702 1696 994 1767 ἀσώματος
1033 1698 1168 1752 Θεοῦ
1200 1700 1372 1767 Λόγος
1414 1703 1488 1764 ώς
1518 1700 1802 1773 ἄνθρωπος

222 1781 400 1854 ὤφθη,
424 1784 585 1853 φύσιν
615 1786 962 1856 ἀνθρωπείαν
990 1788 1277 1842 ἀναλαϐών
1296 1808 1309 1821 ·
1345 1790 1427 1843 διὸ
1465 1792 1558 1845 καὶ
1588 1792 1649 1845 τὸ
1678 1812 1695 1843 ι
1725 1794 1800 1857 ὠς

221 1873 504 1945 ἄνθρωπος
541 1895 559 1927 ι
591 1876 856 1944 τέθεικεν,
880 1878 969 1933 ῖνα
1000 1879 1074 1950 μὴ
1097 1882 1307 1952 τροπήν
1330 1899 1450 1935 τινα
1476 1883 1801 1953 γεγενῆσθαι
1832 1867 1875 1921 Β

221 1966 533 2038 νομίσωμεν
558 1967 653 2021 τοῦ
683 1970 914 2041 ἀοράτου
959 1972 1118 2037 Θεοῦ,
1151 1974 1287 2027 ἀλλά
1322 1974 1700 2045 πιστεύσωμεν
1720 1976 1804 2030 ὃτι

223 2059 401 2129 σάρκα
432 2060 613 2113 λαϐὼν
643 2061 884 2133 ἔμψυχόν
926 2081 986 2116 τε
1026 2065 1121 2117 καὶ
1156 2064 1401 2137 λογικὴν,
1450 2067 1581 2131 Θεὸς
1625 2066 1701 2121 ὢν
1745 2070 1803 2121 ἐν

219 2149 527 2218 ὁμοιώματι
566 2150 856 2222 ἀνθρώπου
905 2154 1149 2222 ἐγένετο,
1191 2158 1284 2209 καὶ
1328 2160 1567 2227 σχήματι
1603 2157 1803 2229 εὑρέθη

220 2239 295 2303 ὡς
333 2240 655 2311 ἄνθρωπος’
695 2242 867 2308 οὑτως
914 2247 941 2298 6
990 2246 1166 2316 μέγας
1202 2248 1302 2318 τῆς
1340 2249 1620 2312 εὐσεϐείας
1671 2266 1806 2321 προ-

220 2333 547 2400 αγωνιστὴς,
580 2337 607 2387 6
640 2337 910 2407 μακάριος
944 2337 1087 2407 λέγω
1116 2338 1434 2405 Παῦλος,τά
1460 2341 1680 2395 ποικίλα
1708 2341 1805 2395 καὶ

219 2422 450 2492 διάφορα
504 2424 613 2477 τῶν
670 2427 963 2496 αίρετικῶν
1013 2428 1279 2481 κατέλυσε
1328 2429 1590 2500 στόματα.
1659 2428 1803 2483 Ἀλλ’

221 2516 459 2570 ἐνταῦθα
496 2517 595 2588 μὲν
642 2520 787 2590 ἡμᾶς
819 2522 847 2573 6
878 2521 1051 2588 Λόγος
1079 2524 1415 2594 παρήνεγκε,
1449 2524 1550 2595 τὴν
1582 2524 1692 2578 τῶν
1720 2527 1804 2578 αι-

224 2607 454 2677 ρετικῶν
484 2609 722 2680 ἐλέγχων
752 2610 1176 2682 ἐμϐροντησίαν,
1208 2612 1302 2666 καὶ
1331 2613 1467 2684 δῆλα
1496 2615 1667 2668 ποιῶν
1690 2617 1803 2681 τοῖς

217 2699 505 2769 τροφίμοις
537 2703 637 2772 τῆς
667 2701 949 2766 εὐσεϐείας
984 2705 1080 2775 τῆς
1118 2704 1377 2776 ἀληθείας
1422 2706 1494 2760 τά
1534 2707 1802 2778 δόγματα.

236 2792 560 2863 Ἀναχωρεῐν
591 2788 709 2855 οὖν,
736 2792 859 2847 ὅθεν
898 2794 1115 2867 ἐξέϐην,
1147 2799 1360 2869 καιρός.

223 2947 325 3006 lA'.
373 2949 540 3015 Τίνος
569 2950 745 3019 χάριν
771 2950 888 3024 τὴν
933 2951 1317 3021 ἀνθρωπίνην
1349 2953 1544 3023 φύσιν
1591 2957 1625 3010 ό
1660 2955 1806 3024 Θεὸς

750 3021 1006 3075 ἀνέλαϐε
1040 3025 1250 3092 Λόγος.

292 3130 482 3185 Τοίνυν
530 3132 630 3203 τὴν
668 3133 942 3204 ἡμετέραν
976 3134 1139 3204 φύσιν
1174 3137 1201 3189 6
1235 3136 1477 3208 Ποιητής
1525 3139 1804 3209 οἰκτείρας

220 3222 324 3277 ὑπὸ
344 3223 437 3276 τοῦ
468 3224 709 3295 Πονηροῦ
739 3226 1173 3299 πολεμουμένην,
1201 3229 1297 3281 καὶ
1324 3232 1438 3293 τοῖς
1456 3234 1673 3302 πικροῖς
1700 3231 1801 3302 τῆς

221 3318 497 3388 ἁμαρτίας
527 3317 704 3389 βέλεσι
739 3318 1095 3391 βαλλομένην,
1145 3322 1241 3375 καὶ
1271 3323 1349 3392 τῷ
1384 3323 1596 3393 θανάτῳ
1624 3341 1806 3395 παρα-

222 3410 603 3480 πεμπομένην,
644 3410 915 3481 ἐπαμύνει
950 3414 1017 3482 τῇ
1070 3413 1259 3478 είκόνι,
1314 3415 1408 3466 καὶ
1458 3416 1585 3477 τοὺς
1639 3415 1803 3468 πολε-

224 3502 455 3573 μοῦντας
484 3503 939 3571 καταγωνίζεται,
971 3504 1031 3556 οὐ
1073 3508 1252 3575 γυμνῇ
1300 3508 1369 3577 τῇ
1410 3505 1637 3575 δυνάμει
1666 3525 1804 3579 χρη-

222 3593 453 3661 σάμενος
479 3595 544 3664 τῇ
578 3592 812 3659 θεότητι,
861 3593 982 3646 οὐδὲ
1020 3595 1087 3664 τῇ
1130 3592 1349 3664 ἐξουσίᾳ
1388 3594 1493 3664 τῆς
1526 3593 1806 3663 βασιλείας

221 3679 571 3751 καταπλήξας
588 3683 714 3746 τούς
740 3682 1091 3749 ἀντιπάλους,
1114 3684 1215 3736 οὐκ
1246 3684 1513 3753 ἀγγέλους
1545 3685 1804 3754 στρατεύ-

220 3790 338 3836 σας,
370 3774 491 3826 οὐδέ
529 3775 655 3836 τοὺς
696 3773 1068 3846 ἀρχαγγέλους
1118 3776 1198 3838 είς
1238 3775 1553 3845 συμμαχίαν
1599 3774 1809 3841 λαϐὼν,

218 3865 338 3919 οὑδέ
397 3867 697 3937 κεραυνοὺς
748 3867 781 3939 ἢ
829 3866 1153 3938 πρηστῆρας
1201 3867 1344 3920 κατὰ
1392 3868 1500 3920 τῶν
1543 3869 1802 3922 ἐναντίων

215 3958 461 4023 ὁπλίσας,
503 3960 625 4013 οὐδὲ
676 3960 815 4029 μετά
862 3960 973 4013 τῶν
1026 3959 1291 4031 χερουϐὶμ
1334 3960 1523 4029 φανεὶς
1570 3960 1663 4013 ἐπὶ
1703 3962 1804 4031 τῆς

216 4051 443 4120 ἠπείρου
490 4052 585 4104 καὶ
632 4054 743 4105 τῶν
790 4053 1080 4125 ἡμετέρων
1134 4052 1424 4106 ἀντιδίκων
1470 4052 1802 4118 δικαστικῶς

216 4140 735 4211 καταψηφισάμενος
780 4144 927 4215 [cod.
989 4143 1251 4199 mendose
1293 4143 1797 4216 καταψησάμενοςῙ,

214 4230 327 4284 ἀλλ’
368 4227 449 4295 εἷς
475 4231 585 4285 τῶν
616 4234 933 4287 ὑπευθύνων
980 4235 1075 4287 καὶ
1122 4234 1548 4304 πολεμουμένων
1582 4236 1802 4304 γινόμε-

213 4340 323 4387 νος,
353 4323 447 4376 καὶ
480 4324 838 4393 κατακρύψας
865 4326 927 4377 τὸ
958 4324 1371 4397 μεγαλοπρεπὲς
1415 4326 1513 4395 τῆς
1548 4324 1803 4396 θεότητος

212 4417 279 4484 τῇ
331 4413 575 4485 εὐτελείᾳ
622 4416 720 4485 τῆς
770 4414 1213 4485 ἀνθρωπότητος,
1258 4415 1350 4469 καὶ
1392 4414 1485 4467 τὸν
1521 4415 1801 4487 ὁρώμενον

210 4506 497 4577 ἄνθρωπον
530 4508 609 4570 εἰς
642 4506 818 4577 πάλην
849 4507 1098 4577 ἀλείψας,
1132 4509 1227 4561 καὶ⁵
1254 4510 1557 4580 νικήσαντα
1602 4526 1801 4579 στεφα-

210 4596 387 4661 νώσας
410 4614 421 4628 ·
455 4600 550 4652 καὶ
581 4597 833 4651 παιδόθεν
866 4598 964 4669 μὲν
1009 4598 1107 4669 τὴν
1134 4600 1336 4669 ἀρετὴν
1364 4601 1667 4666 ἐκδιδάξας,
1709 4602 1802 4655 καὶ

219 4690 563 4762 δικαιοσύνης
593 4693 672 4753 εἰς
701 4692 1001 4761 ἀκρότατον
1042 4690 1285 4759 ἀγαγὼν,
1319 4693 1587 4763 ἀήττητον
1626 4693 1683 4746 δὲ
1706 4711 1805 4762 φυ-

1902 608 2088 660 habuit
2111 606 2273 661 etiam
2308 606 2479 661 Deum
2508 604 2743 660 Verbum
2784 605 2949 675 815
2978 622 3047 658 m.
3089 605 3399 661 inhabitans
3427 617 3482 659 et

1901 698 2133 752 unitum.
2185 698 2420 753 Carnem
2475 696 2664 752 habuit
2704 697 3002 750 animatam
3054 705 3108 751 et
3160 698 3478 752 rationalem

1902 791 1977 844 uti
2008 805 2130 857 nos,
2159 799 2215 844 at
2261 789 2467 859 peccati
2524 789 2915 844 commotiones
2960 804 3066 843 non
3101 804 3255 859 aeque
3284 804 3348 845 ac
3382 806 3481 844 nos
3562 856 3567 859 η

1902 891 2162 951 expertus
2182 890 2309 946 est;
2344 882 2437 936 sed
2480 881 2535 934 in
2588 894 2819 949 corpore
2866 882 3006 950 quod
3066 890 3290 950 peccato
3343 881 3481 935 solet

1901 991 2023 1029 esse
2096 974 2412 1039 obnoxium,
2483 973 2691 1042 peccati
2761 972 3099 1044 tyrannidem
3168 972 3478 1027 debellavit.

1900 1066 2194 1137 Propterea
2234 1066 2285 1120 in
2337 1066 2743 1121 similitudinem
2777 1066 3014 1119 hominis
3062 1065 3259 1130 factus,
3291 1074 3347 1119 et
3379 1065 3479 1118 ha-

1901 1156 2016 1209 bitu
2074 1156 2326 1209 inventus
2359 1166 2419 1209 ut
2468 1156 2651 1219 homo,
2699 1165 2874 1210 semet
2929 1155 3254 1219 humiliavit,
3306 1155 3481 1208 factus

1900 1244 2157 1299 obediens
2209 1259 2382 1314 usque
2411 1246 2477 1299 ad
2532 1253 2785 1311 mortem,
2846 1255 3075 1299 mortem
3117 1254 3299 1299 autem
3355 1259 3483 1297 cru-

1902 1332 2117 1388 cis"'°.
2169 1332 2235 1387 Et
2268 1332 2480 1403 quidem
2521 1332 2695 1402 ipsum
2741 1333 3130 1389 lmmiliationis
3160 1331 3479 1387 vocabulum

1902 1425 2237 1480 demonstrat
2274 1422 2493 1478 humilis
2531 1432 2739 1478 natura
2760 1423 3206 1491 assumptibnem.
3249 1423 3480 1477 Aliunde

1902 1517 2087 1583 etiam,
2128 1518 2196 1573 de
2224 1532 2287 1571 eo
2308 1518 2399 1586 qui
2432 1518 2486 1572 in
2509 1517 2681 1571 forma
2719 1516 2810 1571 Dei
2847 1528 2965 1572 erat
2997 1518 3299 1579 disserens,
3330 1515 3482 1571 addi-

1902 1609 1980 1664 dit
2012 1624 2029 1663 :
2068 1626 2086 1661 ι
2117 1606 2175 1663 In
2201 1608 2609 1664 similitudinem
2634 1608 2912 1662 hominum
2965 1607 3165 1673 factus,
3206 1616 3261 1663 et
3292 1606 3480 1662 habitu

1903 1697 2156 1754 inventus
2205 1708 2265 1753 ut
2322 1700 2537 1764 homo;
2600 1716 2621 1750 ι
2678 1700 2882 1754 docens
2933 1698 3310 1768 incorporeum
3387 1697 3482 1753 Dei

1905 1791 2139 1846 Verbum
2190 1792 2267 1846 uti
2316 1792 2588 1847 hominem
2618 1792 2965 1862 apparuisse,
3000 1792 3236 1845 humana
3276 1790 3483 1846 scilicet

1906 1892 2181 1954 assumpta
2216 1895 2430 1939 natura.
2461 1883 2588 1940 Ideo
2614 1892 2667 1938 et
2693 1884 2831 1938 dixit
2865 1902 2887 1935 ι
2921 1893 2978 1938 ιιι
3002 1882 3183 1951 homo,
3220 1901 3240 1936 ι
3274 1898 3340 1938 ne
3364 1898 3483 1937 mu-

1908 1975 2166 2028 tationem
2232 1973 2467 2044 aliquam
2520 1973 2721 2029 factam
2778 1973 3153 2029 existimemus
3200 1973 3485 2030 invisibilis

1904 2065 2022 2131 Dei,
2070 2067 2166 2122 sed
2212 2066 2501 2121 credamus
2531 2066 2729 2135 potius,
2780 2065 2954 2135 ipsum
2995 2080 3161 2120 carne
3208 2072 3484 2134 assumpta

1905 2159 2140 2213 animata
2189 2174 2253 2213 ac
2289 2159 2565 2224 rationali,
2596 2174 2717 2214 cum
2766 2159 2909 2215 Deus
2949 2169 3116 2225 esset,
3148 2159 3205 2215 in
3229 2160 3485 2215 similitu-

1904 2253 2085 2308 dinem
2115 2252 2349 2307 hominis
2383 2250 2609 2318 factum,
2655 2262 2712 2307 et
2753 2252 2943 2307 habitu
2981 2253 3258 2309 inventum
3296 2264 3355 2307 ut
3386 2253 3485 2307 ho-

1904 2345 2126 2399 minem.
2160 2342 2251 2398 Sic
2286 2357 2514 2413 magnus
2548 2353 2713 2398 recta:
2737 2343 2861 2399 ﬁdei
2899 2355 3290 2415 propugnator,
3347 2344 3481 2400 bea-

1907 2444 2009 2500 tus,
2037 2435 2279 2504 inquam,
2309 2433 2533 2501 Paulus,
2554 2434 2769 2491 diversa
2800 2451 2866 2491 ac
2900 2436 3051 2490 varia
3099 2435 3481 2491 haereticorum

1903 2541 1999 2581 ora
2030 2524 2329 2594 dissipavit.
2356 2524 2464 2579 Sed
2491 2523 2719 2580 ulterius
2732 2524 2753 2594 j
2770 2540 2859 2580 am
2883 2541 2981 2581 nos
3010 2526 3270 2596 provexit
3300 2541 3485 2582 sermo

1904 2626 2113 2682 noster,
2168 2612 2296 2671 dum
2351 2615 2736 2672 haereticorum
2781 2617 3063 2673 vesaniam
3116 2618 3383 2689 coarguit,
3432 2627 3489 2673 et

1904 2718 2070 2764 rectae
2095 2707 2221 2763 ﬁdei
2262 2708 2497 2764 alumnis
2525 2711 2777 2779 dogmata
2807 2709 3055 2766 veritatis
3078 2711 3287 2780 pandit.
3344 2710 3488 2779 Ergo

1900 2800 2014 2872 jam
2044 2808 2257 2870 tempus
2282 2807 2367 2855 est
2395 2800 2545 2869 illuc,
2579 2799 2725 2857 unde
2740 2799 3117 2869 discessimus,
3150 2802 3485 2859 revertendi.

1904 2951 1998 3008 XI.
2035 2950 2202 3021 Cujus
2230 2952 2309 3007 rei
2340 2952 2516 3023 gratia
2554 2952 2843 3007 humanam
2872 2958 3120 3023 ngturam
3162 2950 3304 3005 Deus
3363 2946 3488 3003 Ver-

2430 3023 2552 3076 bum
2588 3009 2953 3092 assumpserﬁ.

2001 3134 2172 3207 Igitur
2235 3142 2489 3189 naturam
2554 3141 2798 3189 ttostram
2854 3130 3080 3187 Creator
3137 3131 3408 3185 miserans
3456 3143 3487 3182 a

1829 3210 1872 3268 ο
1905 3228 2048 3284 malo
2074 3227 2323 3283 daemone
2352 3234 2745 3296 oppugnatam,
2768 3234 2826 3278 et
2856 3222 3073 3278 acerbis
3097 3221 3308 3293 peccati
3328 3218 3488 3290 sagit-

1907 3323 1975 3377 tis
1996 3318 2361 3384 vulneratam,
2383 3316 2657 3386 mortique
2682 3314 2978 3378 addictam,
3023 3312 3299 3383 propriam
3344 3310 3489 3364 ultus

1904 3418 1987 3463 est
2037 3409 2351 3481 imaginem,
2387 3407 2687 3476 hostesque
2735 3403 3091 3477 propulsavit,
3154 3401 3301 3458 haud
3355 3400 3489 3456 solis

1904 3499 2126 3557 deitatis
2169 3500 2376 3556 viribus
2430 3508 2622 3564 utens,
2657 3512 2836 3567 neque
2890 3494 3191 3566 maiestatis
3243 3491 3488 3563 potentia

1904 3593 2292 3649 colluctatores
2356 3590 2670 3662 proﬂigans,
2748 3604 2856 3644 non
2927 3587 3245 3656 angelorum
3310 3585 3484 3639 acie’m

1906 3682 2204 3744 instruens,
2231 3694 2409 3749 neque
2435 3677 2792 3749 archangelos
2831 3676 3131 3731 auxiliares
3172 3687 3483 3737 assumens,

1904 3788 2013 3829 non
2049 3772 2273 3825 fulmina
2308 3780 2404 3825 aut
2437 3771 2680 3827 turbines
2710 3777 2903 3825 contra
2942 3768 3195 3823 inimicos
3236 3780 3486 3827 armans,

1904 3877 2081 3932 neque
2098 3877 2221 3917 cum
2264 3860 2577 3917 cherubinis
2601 3862 2655 3915 in
2683 3869 2828 3916 terra
2850 3872 3115 3929 apparens
3140 3856 3487 3912 adversarios

1902 3969 2002 4024 pro
2032 3953 2288 4009 tribunali
2333 3953 2703 4008 condemnans
2744 3951 2889 4019 ;sed
2945 3958 3201 4020 tanquam
3252 3962 3394 4003 unus
3420 3950 3488 4003 de

1903 4046 2012 4101 reis
2038 4047 2473 4115 oppugnatisque
2492 4044 2693 4112 factus,
2748 4042 3077 4113 deitatisque
3129 4040 3488 4112 magniﬁcen-

1904 4138 2032 4192 tiam
2062 4136 2271 4191 vilitate
2309 4136 2662 4192 humanitatis
2705 4133 2910 4201 celans,
2975 4131 3145 4204 εις
3174 4148 3247 4187 m.
3294 4130 3486 4186 visibi-

1901 4228 2006 4285 lem
2031 4229 2301 4283 hominem
2338 4228 2405 4282 ad
2435 4243 2671 4299 pugnam
2702 4224 3102 4293 corroboravit,
3132 4233 3189 4279 et
3215 4224 3480 4279 victorem

1901 4323 2187 4377 coronavit
2226 4319 2453 4388 :etjam
2483 4320 2611 4374 inde
2645 4334 2674 4373 a
2708 4317 2891 4388 pueris
2936 4315 3198 4373 virtutem
3243 4315 3485 4377 edocuit,

1964 4426 2070 4482 que
2102 4412 2168 4468 ad
2203 4410 2437 4481 iustitiae
2464 4411 2679 4465 culmen
2724 4407 2992 4477 provexit,
3044 4405 3309 4460 invictum
3366 4418 3487 4458 ser-

1974 4522 2057 4571 ns,
2092 4516 2147 4560 et
2174 4504 2382 4575 peccati
2418 4504 2541 4557 telis
2572 4503 2892 4567 immunem,
2964 4498 3290 4569 permittens
3324 4496 3485 4551 simul

1908 4610 1967 4655 ut
2031 4599 2195 4654 morti
2263 4596 2667 4659 succumberet,
2722 4607 2831 4663 quo
2888 4591 3097 4662 peccati
3165 4588 3485 4657 iniustitiam

1911 4698 2255 4761 coargueret,
2281 4696 2338 4743 et
2384 4688 2579 4741 mortis
2612 4682 2911 4752 potentiam
2944 4681 3275 4736 destrueret.

211 4779 397 4847 λάξας,
444 4784 536 4835 καὶ
595 4783 703 4835 τῶν
747 4781 916 4853 βελῶν
955 4784 1052 4853 τῆς
1114 4784 1387 4855 ἁμαρτίας
1450 4785 1755 4856 ἐλεύθερον,
1807 4787 2170 4855 συγχωρήσας
2213 4780 2271 4834 δὲ
2319 4780 2469 4850 ὅμως
2511 4777 2618 4831 ὑπὸ
2672 4774 2903 4829 θάνατον
2952 4772 3229 4843 γενέσθαι,
3270 4770 3356 4824 ἵνα
3388 4768 3487 4839 τῆς

212 4873 483 4946 ἁμαρτίας
516 4875 615 4945 τὴν
687 4875 901 4929 ἀδικίαν
966 4875 1201 4949 ἐλέγξῃ,
1269 4877 1363 4930 καὶ
1417 4876 1512 4931 τοῦ
1579 4879 1810 4934 θανάτου
1866 4877 2149 4949 καταλύσῃ
2210 4873 2271 4927 τὸ
2314 4873 2532 4943 κράτος.

280 5022 342 5073 Εἰ
376 5022 484 5091 γὰρ
509 5021 619 5074 τῶν
650 5021 756 5074 ὑπὸ
786 5022 886 5093 τὴν
916 5023 1193 5093 ἁμαρτίαν
1227 5024 1609 5096 γεγενημένων
1639 5027 1667 5079 6
1700 5025 1796 5080 θά-

208 5131 366 5177 νατος
399 5115 693 5185 ἐπιτίμιον,
718 5117 746 5168 6
771 5115 975 5184 ταύτης
996 5116 1417 5188 ἀπηλλαγμένος
1448 5118 1789 5183 παντάπασι,

205 5204 446 5277 δηλονότι
482 5204 629 5274 ζωῆς
673 5205 990 5269 ἀπολαύειν,
1030 5207 1144 5261 ἀλλ’
1181 5208 1241 5260 οὑ
1293 5207 1547 5272 θανάτου,
1590 5208 1795 5273 δίκαιος

206 5291 309 5366 ἦν’
341 5296 520 5349 τοίνυν
559 5295 851 5367 ἡττηθεῖσα
897 5298 931 5367 ὴ
972 5297 1251 5369 ἁμαρτία,
1294 5298 1386 5350 καὶ
1431 5297 1523 5351 τὸν
1568 5298 1794 5368 νικητὴν

213 5390 589 5460 κατακρίνασα
632 5387 886 5459 θανάτῳ,
929 5389 1023 5442 καὶ
1068 5388 1168 5459 τὴν
1215 5388 1383 5459 αὐτὴν
1438 5387 1797 5457 ἐξενεγκοῦσα

211 5480 355 5535 κατά
379 5480 477 5533 τοῦ
508 5481 855 5553 νενικηκότος
880 5480 1081 5552 ψῆφον,
1112 5483 1177 5552 ἣν
1206 5482 1293 5536 ἀεὶ
1324 5480 1465 5535 κατά
1490 5480 1598 5533 τῶν
1622 5482 1797 5549 ἡττωο

212 5574 387 5642 μένων
416 5573 693 5646 ἐξέφερεν,
720 5572 983 5627 ἀδικοῦσα
1016 5575 1173 5629 ἐάλω.
1195 5578 1373 5646 Μέχρι
1404 5573 1503 5646 μὲν
1525 5576 1639 5644 γὰρ
1666 5573 1793 5635 τούς

211 5666 483 5741 ὑπηκόους
498 5666 586 5745 τῷ
612 5665 827 5737 θανάτῳ
851 5666 1232 5739 παρέπεμπεν,
1257 5668 1330 5731 ὡς
1352 5668 1535 5722 δίκαια
1568 5663 1792 5718 ποιοῦσα

284 5850 376 5881 "'°
407 5848 635 5915 Philipp.
676 5864 739 5913 ll,
767 5849 825 5911 7,
859 5848 909 5903 8.

1971 5023 2107 5079 Nam
2150 5021 2199 5078 si
2236 5034 2422 5076 eorum
2473 5016 2563 5087 qui
2609 5023 2835 5087 peccato
2888 5023 3288 5067 succubuerunt
3324 5020 3484 5077 paena

1902 5132 2050 5172 mors
2096 5123 2199 5182 est,
2250 5113 2298 5169 is
2348 5114 2438 5181 qui
2487 5118 2713 5181 peccato
2759 5120 2985 5178 prorsus
3031 5102 3206 5158 fuerat
3255 5100 3487 5163 alienus,

1903 5210 2015 5264 vita
2063 5207 2277 5263 scilicet
2326 5204 2473 5270 frui,
2517 5216 2623 5257 non
2678 5206 2910 5255 mortem
2953 5196 3067 5268 pati
3110 5195 3303 5266 dignus
3346 5202 3490 5247 erat.

1903 5301 2073 5355 Porro
2095 5300 2303 5354 victum
2335 5303 2619 5367 peccatum
2675 5308 2798 5347 cum
2832 5292 3008 5361 ipsum
3034 5288 3294 5345 victorem
3325 5286 3487 5339 morti

1895 5391 2216 5455 addixisset,
2243 5388 2598 5456 eamdemque
2616 5386 2879 5439 adversus
2906 5380 3298 5437 dominatorem
3323 5390 3485 5431 suum

1894 5481 2220 5537 sententiam
2251 5479 2482 5544 tulisset,
2516 5491 2681 5547 quam
2706 5483 2970 5544 perpetuo
2999 5479 3195 5526 contra
3232 5468 3487 5525 subditos

1893 5579 2024 5629 suos
2072 5570 2399 5632 exercebat,
2454 5566 2653 5635 injuste
2701 5578 2867 5635 agere
2915 5562 3315 5632 deprehensum
3374 5566 3485 5611 est.

1895 5664 2028 5720 Nam
2063 5662 2299 5734 quandiu
2337 5670 2616 5731 peccatum
2652 5656 2898 5715 subditos
2956 5670 3086 5713 suos
3126 5662 3296 5710 morte
3338 5648 3485 5706 mul-
