3856 6212
346 302 483 358 1655
1333 296 1390 350 S.
1420 291 1695 350 CYRILLI
1725 286 2196 344 ALEXANDRlNl
2233 288 2555 344 ARClllEP.
3455 292 3608 347 “26.

345 418 517 485 tabat,
558 433 656 474 ceu
685 417 808 489 jure
842 418 898 474 id
928 433 1094 490 agens
1121 432 1224 472 non
1256 417 1642 486 prohibebatur
1664 432 1679 469 :
1702 416 1794 469 sed
1825 414 1868 467 ul

2077 414 2375 480 ινεχωρείτο
2405 412 2561 465 τοῦτο
2605 415 2775 468 ποιεῖν
2798 431 2811 443 ·
2845 414 3035 485 ἐπειδὴ
3070 416 3125 469 δὲ
3158 415 3248 468 τὸν
3292 414 3471 469 ἀθῶον
3507 415 3600 469 καὶ

346 509 692 563 innocentem
729 517 786 562 et
821 506 1019 563 nullius
1054 508 1225 578 culpa:
1258 522 1431 570 reum,
1467 506 1575 561 imo
1599 504 1837 575 praemiis
1866 529 1869 552 ι

2076 502 2310 556 ρεύθυνον
2339 504 2431 557 καὶ
2473 505 2750 573 στεφάνων
2782 507 2876 558 καὶ
2907 508 3263 577 ἀναῤῥήσεων
3296 506 3444 572 ἄξιον
3486 508 3599 567 τοῖς

347 600 581 653 summis
631 598 882 652 laudibus
932 598 1177 668 dignum,
1235 599 1410 652 eidem
1460 610 1635 666 paenae
1692 594 1869 650 addixi

2079 597 2205 659 irai;
2241 595 2537 665 ὲπιτιμίοις
2569 596 2891 660 ὑπέϐαλλεν,
2934 598 3249 666 ἀναγκαίως
3301 598 3487 649 λοιπὸν
3523 597 3602 659 ὡς

348 688 660 743 necessario
700 688 952 758 posthinc
1004 697 1187 759 utpote
1232 689 1489 758 injustum
1532 687 1774 757 potentia
1821 702 1871 741 su

2078 689 2201 748 ἰικος
2236 685 2335 753 τῆς
2360 682 2604 749 ἐξουσίας
2637 686 2975 742 ἐκϐάλλεται.
3000 688 3112 741 Καὶ
3141 686 3301 740 τοῦτο
3330 687 3601 740 διδάσκων

349 778 630 846 depulsum
679 777 803 833 fuit.
854 778 1032 847 Atque
1087 779 1190 834 hoc
1245 779 1443 833 docens
1488 777 1676 833 beatus
1726 777 1872 833 Pauh

2079 775 2345 846 μακάριος
2393 775 2603 838 Παῦλος
2647 776 2861 845 ἔλεγεν·
2903 796 2921 829 ι
2955 776 3030 831 Τὸ
3081 777 3189 846 γὰρ
3215 777 3477 831 ἀδύνατον
3506 775 3602 829 τοῦ

349 869 572 925 aiebat:
607 888 626 922 ‹
655 869 812 937 Quod
863 878 982 925 erat
1035 870 1368 941 impossibile
1403 869 1528 941 legi,
1577 870 1630 924 in
1677 883 1784 940 quo
1829 884 1872 940 pt

2077 867 2187 935 iptou
2233 868 2290 919 ὲν
2320 858 2364 932 ᾧ
2404 865 2616 935 ἠσθένει
2647 867 2736 920 διὰ
2767 867 2867 938 τῆς
2907 867 3109 937 σαρκὸς
3155 866 3256 937 (1),
3286 868 3313 919 ὁ
3346 866 3479 929 Θεὸς
3508 866 3600 925 τὸν

350 976 569 1017 carnem
600 962 1003 1027 inﬁrmabatur,
1036 964 1178 1018 Deus
1213 962 1405 1017 Filium
1429 978 1584 1017 suum
1618 963 1838 1016 mittens
1868 961 1873 1015 ἱ

2076 956 2218 1011 ιυτοῦ
2262 958 2387 1011 Υἰὸν
2417 959 2674 1030 πέμψας,
2724 961 2781 1013 ὲν
2812 960 3121 1030 ὁμοιώματι
3169 958 3371 1030 σαρκὸς
3412 960 3599 1029 ἁμαρ-

355 1052 761 1109 similitudinem
788 1054 970 1108 carnis
985 1054 1209 1124 peccati,
1241 1065 1293 1107 et
1318 1069 1415 1123 pro
1434 1062 1677 1123 peccato,
1700 1053 1878 1107 damn:

2079 1065 2160 1113 ας,
2189 1047 2283 1101 καὶ
2314 1049 2441 1119 περὶ
2463 1049 2759 1119 ἁμαρτίας,
2796 1048 3084 1120 κατέκρινε
3111 1048 3211 1118 τὴν
3238 1048 3513 1118 ἁμαρτίαν
3543 1050 3602 1099 ὲν

352 1144 432 1198 vit
458 1146 509 1199 in
551 1160 720 1201 carne
750 1156 1053 1215 peccatum,
1087 1153 1145 1199 ut
1169 1145 1487 1213 justiticatio
1518 1144 1650 1214 legis
1676 1144 1875 1214 implen

2081 1141 2091 1209 ᾖ
2128 1140 2325 1210 σαρκὶ,
2361 1141 2448 1194 ἵνα
2493 1142 2553 1194 τὸ
2601 1141 2873 1212 δικαίωμα
2902 1139 2996 1195 τοῦ
3038 1140 3202 1211 νόμου
3236 1141 3498 1210 πληρωθῇ
3546 1142 3604 1191 ἐν

355 1248 442 1291 tur
475 1239 527 1291 in
549 1238 827 1308 nobis,qui
855 1253 958 1292 non
980 1238 1279 1294 secundum
1310 1252 1530 1293 carnem
1556 1238 1878 1293 ambulamus

2085 1236 2156 1286 ιῖν
2185 1236 2297 1296 τοῖς
2336 1233 2410 1304 μὴ
2443 1232 2585 1287 κατὰ
2625 1234 2803 1305 σάρκα
2841 1232 3257 1303 περιπατοῦσιν,
3292 1231 3427 1286 ἀλλά
3461 1231 3608 1286 κατὰ

353 1328 445 1383 sed
480 1330 774 1384 secundum
816 1330 1062 1400 spiritum
1089 1331 1154 1385 “.
1191 1348 1211 1381 ι

816 1330 1062 1400 spiritum
1089 1331 1154 1385 ¹¹.
1191 1348 1211 1381 ι
2026 1328 2263 1399 πνεῦμα.
2303 1348 2323 1380 ι

424 1420 580 1487 Quod
616 1435 743 1476 vero
772 1420 866 1487 ait,
904 1421 1005 1475 hoc
1034 1428 1116 1475 est
1150 1436 1164 1475 :
1202 1421 1407 1488 Scopus
1440 1420 1576 1491 legis
1604 1430 1721 1475 erat
1749 1422 1921 1476 homi-

2102 1422 2168 1474 Ὃ
2209 1421 2266 1472 δὲ
2305 1418 2472 1487 λέγει,
2516 1418 2723 1472 τοιοῦτό
2769 1420 2924 1472 ἐστι’
2957 1418 3189 1481 Σκοπὸς,
3225 1416 3411 1487 φησιν,
3440 1411 3507 1485 ἦν
3526 1415 3613 1485 τῷ

353 1524 482 1563 num
525 1520 769 1565 naturam
810 1509 1111 1579 juStiﬂcare
1139 1528 1151 1563 :
1184 1511 1324 1564 haud
1381 1520 1557 1565 tamen
1595 1511 1646 1565 id
1690 1521 1875 1581 potera

2093 1529 2175 1581 μῳ
2200 1509 2485 1563 δικαιῶσαι
2509 1509 2608 1579 τὴν
2635 1508 2795 1578 φύσιν
2823 1508 2932 1563 τῶν
2960 1506 3261 1580 ἀνθρώπων
3280 1524 3295 1537 ο
3327 1505 3616 1569 ἀδυνάτως

354 1617 462 1656 non
495 1603 727 1672 propriae
759 1602 1090 1657 inﬁrmitatis
1117 1618 1302 1668 causa,
1330 1603 1423 1659 sed
1456 1613 1677 1674 pr0pter
1704 1606 1877 1659 audiet

2113 1600 2223 1672 εἶχε
2258 1601 2415 1655 τοῦτο
2445 1604 2637 1666 ποιεῖν,
2666 1603 2727 1654 οὐ
2760 1601 2912 1672 παρὰ
2940 1603 3039 1671 τὴν
3065 1600 3269 1652 οἰκείαν
3296 1596 3608 1659 ἀσθένειαν,

355 1694 487 1746 tium
526 1694 593 1747 ad
625 1702 771 1749 recte
801 1696 1066 1764 agendum
1096 1695 1361 1766 ignaviam
1394 1712 1408 1749 :
1442 1712 1673 1765 namque
1698 1697 1763 1751 ad
1804 1712 1878 1752 cal

2089 1696 2163 1748 ,λὰ
2198 1694 2282 1748 διὰ
2322 1696 2419 1765 τὴν
2451 1695 2561 1748 τῶν
2591 1693 2898 1748 ἀκουόντων
2942 1691 3225 1764 ῥᾳστώνην
3245 1708 3258 1721 ⁸
3290 1688 3612 1761 ὲπιῤῥεπῶς

356 1785 442 1837 nis
492 1784 818 1854 voluptatem
854 1764 1141 1856 proclives,
1187 1764 1740 1859 mandatorumilegis
1776 1788 1879 1843 labt

2092 1805 2142 1859 ιρ
2184 1764 2396 1858 ἔχοντες
2436 1786 2565 1857 περὶ
2608 1785 2705 1857 τὴν
2746 1784 2848 1855 τῆς
2888 1784 3089 1856 σαρκὸς
3144 1782 3357 1853 ἡδονὴν,
3407 1781 3615 1851 ἔφυγον

358 1890 473 1928 rem
497 1874 860 1945 defugiebant,
888 1878 1238 1947 corporisque
1265 1878 1711 1934 delectationibus
1744 1882 1881 1935 adha

2090 1882 2137 1932 ὲν
2162 1879 2221 1932 τὸ
2266 1878 2374 1931 τῶν
2403 1877 2651 1948 νομίμων
2678 1877 2955 1940 ἐπίπονον,
3006 1877 3124 1937 ταῖς
3150 1874 3206 1927 δὲ
3234 1873 3326 1927 τοῦ
3356 1872 3613 1942 σώματος

358 1966 569 2021 rebant.
612 1967 923 2037 Propterea,
961 1970 1154 2043 inquit,
1198 1970 1518 2025 universalis
1556 1971 1698 2026 Deus
1737 1972 1881 2027 Filiu

2093 1972 2415 2042 οοσεχώρουν
2459 1969 2811 2041 ἡδυπαθείαις
2833 1985 2848 1999 ·
2875 1967 2965 2021 διὰ
3008 1965 3186 2030 τοῦτο,
3223 1966 3408 2035 φησιν,
3435 1966 3463 2017 ό
3504 1964 3616 2015 τῶν

361 2074 517 2112 suum
571 2060 789 2129 mittens
829 2060 882 2113 in
921 2060 1330 2116 similitudinem
1366 2062 1545 2117 carnis
1571 2064 1800 2133 peccati,
1831 2065 1884 2119 ht

2097 2080 2170 2115 ων
2213 2062 2346 2125 Θεὸς
2384 2061 2474 2113 τὸν
2525 2060 2719 2114 ἑαυτοῦ
2776 2057 3004 2129 πέμψας
3038 2057 3165 2109 Υἱὺν
3204 2058 3262 2109 ὲν
3304 2053 3620 2126 ὁμοιώματι

358 2159 443 2204 est
485 2166 608 2205 cum
645 2151 878 2207 humana
914 2153 1129 2221 quidem
1179 2161 1396 2219 natura,
1446 2154 1538 2210 sed
1577 2163 1754 2209 tamen
1801 2170 1881 2223 pet

2095 2150 2238 2221 ιρκὸς
2273 2148 2573 2220 ἁμαρτίας,
2614 2148 2891 2201 τουτέστιν
2923 2145 3241 2217 ἀνθρωπίνῃ
3288 2145 3388 2214 μὲν
3429 2142 3618 2213 φύσει,

360 2253 485 2298 cato
527 2243 725 2309 aliena,
760 2254 815 2299 et
865 2260 961 2315 pro
994 2254 1237 2315 peccato,
1290 2247 1566 2301 damnavit
1605 2248 1658 2302 in
1689 2248 1883 2320 817a

2097 2235 2306 2306 ιαρτίας
2329 2235 2385 2289 δὲ
2410 2234 2827 2307 ἀπηλλαγμένῃ,
2860 2234 2953 2287 καὶ
2983 2234 3111 2304 περὶ
3149 2233 3448 2302 ἁμαρτίας,
3479 2249 3620 2286 κατ-

362 2350 529 2388 t-arne
570 2347 873 2404 peccatum,
912 2336 1177 2405 injustitia
1214 2338 1330 2405 ejus
1363 2348 1647 2409 coarguta,
1689 2341 1813 2409 quia
1850 2341 1884 2393 it

2104 2344 2217 2398 ρινε
2241 2328 2340 2398 τὴν
2368 2325 2638 2398 ἁμαρτίαν
2670 2329 2727 2378 ὲν
2753 2328 2818 2396 τῇ
2850 2325 3034 2395 σαρκὶ,
3060 2324 3282 2392 ἐλέγξας
3312 2324 3483 2394 αὐτῆς
3520 2324 3625 2393 τὴν

363 2437 646 2483 nocentem
707 2435 762 2481 et
817 2436 1039 2496 peccato
1096 2428 1322 2484 liberum
1370 2429 1709 2500 peccantium
1773 2446 1886 2500 puer

2106 2418 2267 2484 ικίαν,
2300 2419 2382 2471 ὅτι
2417 2417 2509 2471 τὸν
2552 2417 2847 2471 ἀνεύθυνον
2879 2418 2975 2470 καὶ
3008 2416 3284 2487 ἁμαρτίας
3330 2414 3624 2486 ἐλεύθερον

362 2513 648 2571 affecisset.
688 2514 805 2571 Non
848 2526 1028 2571 autem
1079 2518 1129 2572 id
1160 2519 1288 2589 egit,
1329 2528 1386 2574 ut
1415 2536 1574 2589 quem
1621 2536 1885 2590 susceper:

2103 2509 2150 2570 ῖς
2196 2506 2305 2561 τῶν
2347 2507 2686 2578 ἁμαρτωλῶν
2758 2507 3058 2578 ἐπιτιμίοις
3134 2506 3465 2560 ὑπέϐαλλεν·
3526 2509 3626 2577 οὐχ

364 2605 633 2660 hominem
666 2606 1012 2676 justiﬂcaret,
1053 2609 1146 2663 sed
1184 2618 1261 2674 ut,
1290 2608 1482 2679 inquit,
1508 2609 1640 2679 legis
1662 2611 1887 2682 justific:

2103 2616 2124 2652 ι
2174 2600 2231 2651 δὲ
2285 2599 2550 2672 δικαιώσῃ
2594 2600 2652 2653 ὃν
2715 2600 2976 2658 ἀνέλαϐεν
3036 2599 3359 2670 ἄνθρωπον,
3442 2600 3626 2653 ταῦτα

366 2698 442 2751 tio
476 2697 788 2769 impleretur
822 2701 873 2753 in
912 2701 1085 2764 nobis,
1128 2700 1217 2770 qui
1252 2716 1357 2756 non
1387 2704 1681 2758 secundum
1711 2719 1889 2759 carne:

2102 2691 2359 2761 ιποίηκεν,
2405 2691 2520 2744 ἀλλ’
2546 2692 2654 2755 ἵνα,
2696 2692 2853 2762 φησι,
2897 2692 2958 2744 τὸ
2996 2690 3272 2761 δικαίωμα
3306 2691 3400 2744 τοῦ
3448 2691 3625 2761 νόμω

366 2787 729 2854 ambulamus,
779 2790 872 2844 sed
922 2794 1217 2847 secundum
1265 2792 1537 2862 spiritum.
1586 2792 1829 2865 Namque
1869 2813 1889 2849 a

2102 2783 2300 2855 tqueﬁ
2332 2785 2388 2836 ἐν
2419 2785 2549 2854 ἡμῖν
2576 2785 2690 2847 τοῖς
2718 2785 2792 2855 μὴ
2818 2783 2961 2837 κατὰ
2988 2782 3625 2855 σάρκαπεριπατοῦσιν,

366 2880 676 2936 universam
745 2881 1021 2937 hominum
1086 2891 1333 2938 naturam
1400 2883 1706 2941 Servatoris
1765 2899 1885 2942 nost

2108 2875 2175 2928 λὰ
2209 2875 2348 2928 κατὰ
2387 2874 2623 2944 πνεῦμα.
2667 2876 2790 2929 Ἐπὶ
2822 2876 2931 2946 γὰρ
2979 2877 3161 2929 πᾶσαν
3190 2875 3287 2946 τὴν
3320 2875 3485 2945 φύσιν
3518 2878 3631 2930 τῶν

369 2973 691 3027 beneﬁcium
722 2974 978 3044 pertingit
1014 2993 1028 3029 :
1063 2986 1121 3028 ut
1161 2976 1321 3031 sicuti
1354 2979 1717 3047 progenitoris
1749 2981 1892 3034 Adan

2110 2965 2340 3037 θρώπων
2366 2968 2397 3037 ἡ
2423 2967 2514 3020 τοῦ
2540 2967 2790 3039 Σωτῆρος
2815 2968 2970 3038 ἡμῶν
2997 2968 3285 3038 εὐεργεσία
3313 2972 3515 3039 χωρεί-
3550 2971 3630 3023 ὅτι

373 3063 733 3119 maledictioni
768 3069 1307 3135 communicavimus,
1335 3079 1390 3125 et
1419 3073 1600 3127 cuncti
1636 3083 1693 3126 ut
1722 3073 1808 3130 ille
1839 3090 1896 3130 su

2111 3058 2295 3129 ,θάπερ
2328 3058 2404 3129 τῷ
2439 3060 2746 3131 προπάτορι
2782 3060 2987 3131 Ἀδὰμ,
3034 3061 3127 3115 καὶ
3158 3061 3258 3131 τῆς
3289 3061 3431 3132 ἀρᾶς
3475 3062 3634 3116 ὲκοι-

372 3156 565 3210 mortis
589 3156 712 3225 jura
760 3156 1113 3222 devenimus,
1163 3160 1233 3213 ita
1286 3160 1593 3217 Servatoris
1642 3162 1843 3220 Christi
1890 3189 1895 3216 t

2111 3154 2387 3222 Νήσαμεν,
2418 3153 2511 3205 καὶ
2539 3154 2840 3223 γεγόναμεν
2876 3154 3112 3217 ἅπαντες
3139 3153 3245 3207 ὑπὸ
3269 3154 3360 3206 τὸν
3394 3154 3634 3208 θάνατον

372 3246 654 3300 victoriam
696 3261 793 3301 ceu
836 3259 1073 3302 nostram
1120 3250 1402 3317 faciamus,
1433 3263 1486 3307 et
1516 3254 1741 3325 gloriam
1774 3270 1895 3325 part

2112 3260 2235 3314 ςπερ
2261 3246 2486 3310 ἐκεῖνος,
2516 3243 2658 3297 οὕτω
2685 3245 2781 3298 τοῦ
2810 3246 3058 3317 Σωτῆρος
3106 3246 3343 3317 Χριστοῦ
3393 3248 3493 3301 καὶ
3534 3248 3635 3319 τὴν

373 3336 705 3403 cipemus,'ct
729 3355 892 3409 regno
913 3344 1367 3411 congaudeamus.
1387 3346 1562 3414 Atque
1578 3347 1766 3400 horum
1786 3356 1890 3401 test

2112 3352 2205 3404 κην
2232 3335 2601 3407 οἰκειούμεθα,
2631 3336 2725 3389 καὶ
2754 3337 2851 3407 τῆς
2878 3337 3035 3407 δόξης
3067 3338 3503 3409 συμμεθέξομεν,
3540 3340 3635 3394 καὶ

374 3437 459 3482 est
488 3427 678 3482 beatus
707 3429 901 3484 Paulus
927 3432 992 3497 ¹⁹,
1025 3432 1151 3486 dum
1182 3445 1359 3488 vetera
1392 3437 1548 3489 simul
1582 3448 1635 3489 et
1662 3453 1797 3491 nova
1833 3455 1897 3492 mt

2115 3442 2151 3494 ις
2184 3423 2459 3493 βασιλείας
2487 3424 3018 3495 συναπολαυσόμεθα.
3049 3426 3156 3478 Καὶ
3180 3424 3385 3478 τούτων
3418 3425 3638 3497 μάρτυς

377 3526 572 3582 morat,
605 3528 657 3571 et
683 3521 921 3587 priorum
952 3519 1145 3575 factum
1180 3524 1588 3581 dissolutionem
1622 3543 1716 3597 per
1747 3528 1900 3583 Serva

2118 3516 2387 3587 μακάριος
2423 3516 2653 3582 Παῦλος,
2693 3516 2802 3570 τῶν
2844 3534 2903 3571 τε
2937 3517 3184 3571 παλαιῶν
3222 3519 3317 3572 καὶ
3344 3518 3454 3570 τῶν
3494 3518 3638 3571 νέων

378 3608 511 3661 toris
540 3610 707 3663 nostri
732 3610 996 3678 justitiam
1027 3613 1373 3669 demonstrat.

2113 3609 2504 3680 ιαμιμνήσκων,
2526 3609 2620 3661 καὶ
2647 3608 2863 3673 δεικνὺς
2892 3610 3001 3662 τῶν
3035 3611 3317 3682 προτέρων
3346 3610 3507 3665 λύσιν
3545 3629 3636 3681 γε·

2052 3700 2380 3772 γενημένην,
2406 3701 2504 3773 τὴν
2533 3700 2625 3755 τοῦ
2652 3702 2903 3772 Σωτῆρος
2937 3701 3093 3773 ἡμῶν
3120 3702 3491 3774 δικαιοσύνην.

380 3829 491 3886 XII.
537 3830 684 3886 Sicut
712 3832 904 3889 Adami
945 3847 1161 3906 mortem
1190 3839 1641 3906 participavimus,
1682 3842 1755 3894 ita
1788 3843 1903 3895 etim

2112 3832 2153 3888 ι’.
2199 3835 2424 3901 Ὥσπερ
2458 3832 2538 3906 τῷ
2584 3832 2907 3906 τοῦλἉδὰμ
2942 3833 3175 3906 ρανάτφ
3221 3835 3635 3906 rigabis-conica-

942 3905 1157 3959 Domini
1191 3902 1389 3961 'vitam.‘
1630 3902 1637 3905 ’
2279 3922 2414 3974 μεν,
2446 3922 2465 3956 ι

2279 3922 2414 3974 μεν,
2446 3904 2599 3956 οὕτω
2628 3904 2727 3958 καὶ
2760 3904 2834 3972 τῇ
2866 3902 2973 3957 τοῦ
3004 3906 3223 3972 Κυρίου
3260 3902 3395 3971 ζωῇ.

459 4036 478 4068 ι
511 4015 643 4071 Nam
674 4018 716 4072 si
747 4034 928 4083 nutus,
964 4019 1155 4087 inquit,
1194 4021 1342 4090 lapsu
1384 4022 1535 4076 multi
1568 4037 1693 4078 sunt
1725 4027 1943 4092 mortui,

2130 4033 2148 4066 t
2175 4013 2360 4084 Εἰγὰρ
2384 4013 2461 4083 τῷ
2483 4014 2576 4067 τοῦ
2610 4014 2751 4077 ἑνὸς,
2780 4015 2936 4085 φησι,
2956 4014 3363 4085 παραπτώματι
3380 4016 3429 4067 οἱ
3450 4015 3636 4068 πολλοὶ

378 4108 548 4161 multo
582 4109 752 4176 magis
780 4111 953 4178 gratia
984 4110 1098 4173 Dei,
1124 4120 1178 4165 et
1208 4113 1406 4166 donum
1439 4130 1561 4167 cutn
1593 4117 1763 4183 gratia
1789 4119 1897 4170 unit

2111 4105 2349 4166 τέθανον,
2389 4104 2572 4175 πολλῷ
2615 4104 2816 4176 μᾶλλον
2858 4109 2890 4177 ἡ
2936 4106 3096 4177 χάρις
3130 4106 3223 4158 τοῦ
3257 4106 3419 4172 Θεοῦ,
3462 4109 3562 4159 καὶ
3602 4109 3634 4175 ἡ

380 4198 616 4253 hominis
649 4197 776 4254 Jesu
823 4199 1022 4254 Christi
1072 4201 1122 4254 in
1168 4200 1348 4269 plures
1397 4203 1690 4258 abundavit
1717 4207 1779 4259 ¹³.
1813 4224 1831 4257 ι
1884 4209 1903 4261 ι

2112 4200 2232 4270 ›ρεὰ
2252 4201 2307 4251 ὲν
2334 4201 2517 4269 χάριτι
2542 4200 2607 4269 τῇ
2631 4198 2723 4251 τοῦ
2746 4198 2859 4260 ἐνὸς
2882 4197 3172 4270 ἀνθρώπου
3202 4197 3378 4268 Ἰησοῦ
3398 4196 3635 4266 Χριστοῦ

378 4290 538 4361 paulo
580 4301 743 4359 post:
781 4310 799 4342 ι
833 4290 1018 4358 Itaque
1070 4292 1209 4347 sicut
1255 4309 1349 4362 per
1388 4296 1545 4349 unius
1595 4296 1846 4351 delictum
1893 4299 1901 4351 i

2114 4291 2375 4354 ςπολλοὺς
2392 4290 2768 4363 ἐπερίσσευσε.
2785 4309 2802 4340 ι
2823 4289 2931 4343 Καὶ
2948 4289 3089 4359 μετὰ
3112 4289 3336 4359 βραχέα
3354 4306 3373 4338 t
3391 4284 3637 4359 Ἀραοῦν

378 4397 571 4437 omnes
598 4383 845 4436 homines
873 4384 1278 4449 condemnatio,
1304 4384 1376 4437 ita
1408 4394 1463 4439 et
1494 4402 1586 4455 per
1612 4388 1771 4443 unius
1790 4387 1901 4456 just

2114 4400 2131 4446 ;
2169 4382 2235 4435 δι’
2262 4381 2378 4444 ἐνὸς
2410 4382 2853 4452 παραπτώματος
2882 4383 2959 4444 είς
2989 4382 3200 4444 πάντας
3227 4379 3554 4450 ἀνθρώπους
3582 4383 3637 4432 τὸ

383 4474 511 4526 tiam
542 4471 860 4539 jttstilicatio
884 4474 1026 4527 vita}.
1053 4471 1207 4527 Sicut
1228 4475 1369 4528 enim
1398 4490 1492 4543 per
1528 4476 1906 4533 inohedientiat

2117 4475 2393 4546 ιτάκριμα,
2425 4472 2568 4527 οὕτω
2594 4475 2689 4528 κοιλ⁵
2721 4475 2787 4527 δι’
2814 4475 2929 4534 ἐνὸς
2960 4472 3325 4543 δικαιώματος
3354 4472 3640 4533 δικαίωσις

382 4565 540 4620 unius
594 4565 827 4619 hominis
878 4574 1193 4635 peccatores
1250 4568 1529 4622 constituti
1582 4579 1706 4623 sunt
1761 4571 1905 4626 multi

2113 4568 2236 4637 oﬁg‘
2270 4566 2462 4636 ὥσπερ
2490 4566 2595 4636 γὰρ
2642 4565 2730 4618 διὰ
2769 4565 2868 4635 τῆς
2916 4566 3201 4636 παρακοῆς
3230 4564 3323 4617 τοῦ
3374 4564 3497 4626 ἐνὸς
3544 4566 3636 4615 ἁν-

383 4656 455 4707 ita
500 4663 557 4707 et
607 4668 703 4722 per
754 4654 912 4707 unius
963 4656 1331 4711 obeditionem
1380 4656 1510 4727 justi
1557 4660 1905 4716 constituentt

2115 4657 2270 4710 ιώπου
2316 4656 2634 4729 ἁμαρτωλοὶ
2678 4657 3092 4729 κατεστάθησαν
3136 4658 3185 4708 οἱ
3238 4654 3463 4721 πολλοὶ,
3500 4656 3638 4709 οὕτω

384 4745 675 4799 multi“.i
726 4744 850 4800 Haec
898 4746 950 4800 in
1001 4746 1239 4816 Epistula
1270 4763 1486 4817 quoque
1524 4751 1590 4803 ad
1642 4751 1907 4808 Corinthii

2116 4748 2149 4800 Li.
2192 4746 2280 4800 διὰ
2326 4749 2426 4817 τῆς
2462 4746 2709 4817 ὑπακοῆς
2739 4745 2832 4799 τοῦ
2873 4747 2990 4810 ἐνὸς
3034 4746 3231 4799 δίκαιοι
3284 4746 3639 4813 κατασταθή-

385 4835 624 4904 apertius
652 4837 810 4891 do‘cet
845 4836 1031 4892 dicens
1061 4855 1074 4892 :
1114 4858 1131 4889 ι
1165 4838 1318 4891 Sicut
1342 4839 1484 4892 enim
1519 4840 1570 4893 in
1602 4838 1811 4897 Adamo
1843 4857 1908 4896 on

2119 4858 2238 4893 νται
2259 4842 2312 4892 οἱ
2342 4839 2581 4894 πολλοί.)
2608 4839 2795 4893 Ταῦτα
2826 4841 2923 4894 καὶ
2955 4840 3012 4893 ὲν
3048 4841 3113 4909 τῇ
3150 4838 3285 4910 πρὸς
3316 4836 3640 4907 Κορινθίους

385 4942 481 4980 ιιι-ε
512 4924 836 4992 moriuntur,
869 4927 939 4980 ita
968 4935 1021 4982 et
1054 4927 1106 4980 in
1137 4925 1353 4982 Christo
1382 4942 1570 4983 omnes
1602 4930 1908 4986 vivificabur

2118 4930 2360 5003 Ξπιστολῇ
2396 4931 2731 5002 σαφέστερον
2750 4931 2991 4985 διδάσκει
3024 4931 3217 4999 λέγων·
3254 4930 3505 5001 «Ὠσπερ
3535 4931 3641 4997 γὰρ

384 5016 561 5070 tur".
597 5034 615 5067 ι
668 5012 818 5071 Unde
858 5024 1092 5081 constat,
1140 5017 1423 5071 victoriam
1476 5029 1712 5073 nostram
1765 5038 1907 5078 rever

2146 5022 2223 5094 τῷ
2252 5023 2425 5096 Ἀδὰμ
2449 5026 2650 5088 πάντες
2689 5024 3145 5095 ἀποθνήσκουσιν,
3172 5021 3314 5075 οὕτω
3346 5022 3441 5075 καὶ
3482 5024 3541 5073 ὲν
3567 5020 3642 5090 τῷ

384 5125 505 5162 esse
532 5108 837 5163 Servatoris
865 5108 1036 5163 nostri
1060 5110 1363 5166 victoriam.
1398 5109 1530 5164 Nam
1565 5123 1619 5165 et
1650 5128 1899 5168 commun

2113 5116 2281 5188 ριστῷ
2332 5117 2529 5179 πάντες
2569 5116 3122 5188 ζωοποιηθήσονται.»
3165 5115 3255 5181 Ἐξ
3286 5106 3361 5167 ὧν
3386 5113 3636 5185 εὔδηλον,

386 5201 565 5254 clades
595 5199 694 5253 fuit
750 5199 834 5254 illa
872 5202 1234 5270 progenitoris
1264 5202 1433 5257 nostri
1458 5203 1638 5259 clades
1669 5223 1682 5258 :
1710 5219 1909 5276 oportet

2121 5211 2407 5281 ;ήμετέρα
2434 5209 2557 5280 νίκη
2583 5208 2677 5262 τοῦ
2699 5209 2953 5280 Σωτῆρος
2979 5208 3135 5279 ἡμῶν
3158 5210 3192 5278 ὴ
3214 5206 3339 5275 νίκη
3364 5221 3379 5233 ·
3411 5207 3511 5259 καὶ
3537 5207 3644 5275 γὰρ

386 5308 491 5361 que
535 5293 673 5347 sicut
712 5293 1070 5363 progenitoris
1115 5296 1626 5353 contaminationem
1665 5301 1909 5370 particip:

2117 5319 2198 5354 ττα
2226 5294 2383 5371 κοινῆ
2416 5302 2638 5369 γέγονεν
2667 5304 2701 5372 ή
2745 5301 2836 5354 τοῦ
2881 5301 3227 5372 προπάτορος
3258 5296 3418 5368 ἡμῶν
3464 5293 3640 5368 ἧττα·

458 5470 496 5500 ¹¹
542 5468 698 5525 Rom.
739 5487 855 5537 vttt,
888 5474 940 5537 5,
976 5471 1028 5526 4.
1093 5472 1133 5504 ¹¹
1162 5470 1202 5527 ll
1228 5471 1352 5528 Cor.
1382 5489 1434 5540 v,
1471 5473 1556 5528 i7.
1629 5474 1671 5505 ’³
1703 5473 1856 5529 Rom.
1890 5491 1938 5541 v,
1970 5476 1981 5527 1

1545 5514 1556 5527 .
1629 5474 1671 5505 ¹³
1703 5473 1856 5529 Rom.
1890 5491 1938 5541 v,
1970 5476 2054 5531 l5.
2133 5476 2177 5508 ”
2215 5478 2343 5534 ibid.
2388 5479 2471 5533 l8.
2554 5480 2596 5511 ”
2637 5478 2655 5532 l
2686 5478 2811 5535 Cor.
2844 5496 2934 5544 xv,
2970 5478 3060 5533 22.

394 5646 539 5772 veg)
566 5649 772 5772 7Confer
811 5665 929 5719 qua:
963 5652 1061 5707 hac
1093 5665 1251 5722 super
1299 5668 1357 5707 re
1392 5652 1519 5707 dicit
1580 5652 1716 5708 idem
1752 5651 1983 5724 Cyrillus
2059 5657 2111 5713 in
2167 5656 2543 5726 explanatione
2595 5655 2848 5726 Epistola:
2901 5656 2964 5711 ad
3009 5655 3299 5721 liornanos,
3344 5667 3465 5724 cap.
3523 5662 3644 5712 vulg
