3856 6212
197 354 330 409 1457

1359 356 1448 410 DE
1490 355 2008 415 INCARNATIONE
2046 357 2305 414 DOMINL

3313 357 3335 409 l
3346 355 3450 411 458

195 467 290 520 καὶ
317 466 414 530 δεῖ,
449 464 697 537 καθάπερ
717 464 914 536 ἐκείνῳ
926 469 1027 537 τῆς
1057 467 1343 532 κοινωνίας
1374 469 1452 540 (l)
1479 472 1773 542 ἐκοινωνή-

1882 476 2073 537 vimus,
2118 475 2191 527 ita
2231 472 2389 528 bonis
2415 485 2514 526 nos
2545 471 2707 527 simul
2740 469 2944 541 perfrui
2975 484 3095 526 cum
3138 471 3228 526 illo
3259 473 3348 540 qui
3389 475 3456 528 de

199 575 389 628 σαμεν,
414 557 587 621 οὕτως
614 558 760 628 ἡμᾶς
785 559 1189 613 συναπολαῦσαι
1218 560 1326 612 τῶν
1354 561 1574 629 ἀγαθῶν
1606 562 1685 633 τῷ
1717 562 1777 627 ἐξ

197 649 353 719 ἡμῶν
380 649 478 719 μὲν
502 647 884 719 ἀναληφθέντι,
912 651 1052 722 ὑπὲρ
1081 650 1238 722 ήμῶν
1264 651 1319 705 δὲ
1346 654 1771 721 στεφανωθέντι·

197 738 277 792 διὸ
301 739 395 792 καὶ
424 739 453 791 6
482 738 624 802 θεῖος
646 739 967 804 Ἀπόστολος
990 741 1196 810 ἔλεγεν,
1223 743 1305 796 ὅτι
1339 763 1357 795 t
1386 742 1493 807 Οὓς
1527 744 1778 815 προέγνω

195 827 293 881 καὶ
325 825 599 898 προώρισε
629 827 990 899 συμμόρφους
1017 828 1119 899 τῆς
1152 829 1360 893 είκόνος
1388 828 1481 882 τοῦ
1516 829 1647 883 Υίοῦ
1684 830 1779 883 αὐ-

198 918 312 985 τοῦ,
346 920 425 982 είς
451 919 512 971 τὸ
547 915 687 972 εἶναι
720 920 883 973 αὐτὸν
916 921 1259 991 πρωτότοκον
1292 922 1353 975 ὲν
1385 922 1599 986 πολλοῖς
1627 922 1779 975 ἀδελ-

200 1013 344 1079 φοῖς·
377 1009 469 1074 οὓς
498 1011 660 1065 αὑτὸν
689 1012 986 1082 προώρισε,
1011 1012 1235 1075 τούτους
1263 1014 1357 1067 καὶ
1388 1013 1614 1067 ἐκάλεσε
1638 1030 1652 1045 ·
1683 1015 1779 1068 καὶ

198 1099 289 1165 οὓς
327 1102 587 1169 ἐκάλεσε,
622 1103 850 1166 τούτους
897 1104 993 1157 καὶ⁸
1039 1104 1360 1159 ἐδικαίωσεο
1396 1107 1491 1160 καὶ
1535 1104 1629 1169 οὒς
1677 1106 1782 1160 ὲδι-

199 1192 424 1257 καίωσε,
463 1194 686 1258 τούτους
714 1196 807 1248 καὶ
839 1194 1078 1259 ὲδόξασε.
1108 1214 1127 1247 ›
1164 1196 1271 1249 Καὶ
1300 1196 1565 1268 ἑτέρωθεν
1597 1197 1776 1266 λέγει’

204 1306 222 1339 ι
250 1287 313 1339 Et
333 1285 391 1339 δὲ
417 1286 604 1350 τέκνα,
631 1286 724 1339 καὶ
751 1286 1078 1358 κληρονόμοι
1099 1304 1112 1317 ⁸
1144 1288 1472 1360 κληρονόμοι
1504 1288 1603 1360 μὲν
1623 1289 1778 1355 Θεοῦ,

200 1376 633 1447 συγκληρονόμοι
656 1376 714 1429 δὲ
748 1377 985 1448 Χριστοῦ
1007 1393 1022 1407 ·
1054 1378 1215 1450 εἴπερ
1241 1378 1338 1434 καὶ
1364 1380 1779 1451 συμπάσχομεν,

201 1467 289 1521 ἵνα
318 1469 411 1521 καὶ
438 1468 905 1541 συνδοξασθῶμεν.
932 1488 952 1522 ι
983 1470 1095 1524 Καὶ
1122 1472 1356 1543 ἀλλαχοῦ
1383 1489 1398 1502 ·
1434 1490 1453 1523 t
1482 1473 1546 1525 Et
1576 1473 1782 1543 ὑπομέ-

199 1576 385 1630 νομεν,
419 1561 515 1615 καὶ
549 1560 1075 1633 συμϐασιλεύσομεν.
1102 1582 1123 1615 ι
1169 1563 1344 1635 Ὑπὲρ
1389 1564 1571 1632 πάσης
1602 1563 1781 1618 τοίνυν

198 1652 296 1722 τῆς
342 1652 619 1724 ἡμετέρας
650 1653 866 1723 φύσεως
904 1655 933 1708 6
961 1653 1056 1707 τοῦ
1100 1653 1236 1707 Θεοῦ
1285 1655 1419 1719 Θεὸς
1464 1657 1635 1725 Λόγος
1683 1654 1782 1727 τὴν

198 1742 471 1815 ἡμετέραν
497 1745 751 1817 ἀπαρχὴν
776 1746 1086 1814 ἀνελάϐετο,
1124 1748 1210 1800 ἵνα
1248 1746 1337 1802 διὰ
1377 1748 1562 1819 πάσης
1600 1747 1771 1819 αὐτὴν

198 1835 402 1906 ἀρετῆς
433 1837 677 1906 ἀγαγὼν,
717 1839 799 1901 είς
846 1838 1025 1909 πάλην
1068 1837 1166 1909 μὲν
1201 1839 1484 1911 προτρέψῃ
1526 1839 1618 1892 τὸν
1649 1840 1779 1893 ἀντ·
1809 1825 1852 1880 Β

197 1929 535 1999 αγωνιστὴν,
581 1927 731 2001 δείξῃ
777 1927 834 1981 δὲ
870 1930 965 1984 τὸν
1018 1929 1259 2001 ἀθλητὴν
1340 1932 1647 2001 ἀήττητον
1685 1932 1780 1985 καὶ

193 2020 384 2075 τοῦτον
418 2020 516 2090 μὲν
554 2018 893 2093 στεφανώσῃ,
918 2020 1127 2074 ἐκείνου
1148 2022 1207 2074 δὲ
1231 2022 1329 2092 τὴν
1349 2017 1516 2094 ἦτταν
1544 2021 1775 2093 κηρύξῃ,

194 2114 293 2166 καὶ
324 2112 693 2185 καταθαρῤεῖν
718 2112 883 2167 αὐτοῦ
916 2112 1125 2178 πάντας
1152 2114 1548 2186 παρασκευάσῃ
1566 2130 1579 2143 ο
1613 2113 1694 2167 διὸ
1722 2116 1779 2166 ἐν

193 2209 308 2270 τοῖς
346 2206 511 2277 ἱεροῖς
546 2205 901 2275 Εὑαγγελίοις
933 2205 1108 2272 ἔλεγε,
1154 2204 1415 2278 νῦνμέν·
1458 2225 1475 2257 ι
1506 2202 1660 2259 Εἶδον
1688 2207 1779 2259 τὸν

194 2299 440 2353 Σατανᾶν
481 2297 556 2361 ὡς
606 2298 894 2368 ἀστραπὴν
938 2300 1003 2351 ἐκ
1045 2297 1139 2351 τοῦ
1188 2296 1416 2369 ούρανοῦ
1452 2298 1719 2352 πεσόντα*
1754 2318 1771 2351 ι

195 2390 291 2444 νῦν
323 2390 416 2443 δέ’
453 2409 470 2442 t
514 2388 639 2443 Ἐάν
692 2391 765 2461 μή
806 2406 890 2453 τις
928 2389 1141 2460 εἰσέλθῃ
1195 2391 1276 2454 είς
1320 2390 1420 2459 τὴν
1470 2390 1649 2443 οἰκίαν
1683 2390 1776 2443 τοῦ

198 2480 445 2552 ίσχυροῦ,
474 2481 569 2534 καὶ
604 2481 694 2534 τὸν
726 2481 945 2551 ἰσχυρὸν
973 2481 1132 2554 δήσῃ,
1168 2480 1285 2545 πῶς
1310 2481 1380 2535 τὰ
1417 2480 1586 2550 σκεύη
1614 2480 1777 2534 αὐτοῦ

192 2572 516 2644 διαρπάσει;
548 2591 567 2625 ι
601 2573 782 2626 οίκίαν
820 2573 995 2641 λέγων
1036 2573 1130 2626 τοῦ
1182 2573 1404 2645 ἰσχυροῦ
1437 2574 1534 2643 τὴν
1566 2572 1779 2646 ἀνθρω-

193 2663 355 2718 πείαν
405 2663 587 2733 φύσιν,
625 2664 702 2728 ὡς
737 2664 872 2735 πρὸς
917 2667 1123 2718 ἐκεῖνον
1166 2666 1640 2736 αύτομολήσασαν,
1686 2667 1780 2718 καὶ

194 2758 304 2810 πᾶν
339 2756 401 2809 τὸ
433 2756 722 2810 κελευσθὲν
762 2757 855 2811 ὑπ’
905 2757 1115 2811 ἐκείνου
1166 2744 1340 2810 ποιεῖν
1379 2759 1775 2829 ἀνασχομένην,

194 2850 289 2902 καὶ
318 2848 642 2919 αὐθαίρετον
674 2850 917 2904 δουλείαν
951 2850 1429 2921 ὲπισπασαμένην.
1469 2853 1579 2905 Καὶ
1617 2852 1780 2905 ἀλλα-

192 2940 291 3012 χοῦ
322 2940 401 3005 δὲ,
423 2961 441 2992 ‹
465 2941 747 3012 Θαρσεῖτε,
766 2942 949 3012 φησὶν,
969 2940 1080 3011 ἐγὼ
1109 2943 1370 3013 νενίκηκα
1398 2943 1490 2995 τὸν
1519 2943 1769 3014 κόσμον.»

193 3032 308 3088 Καὶ
334 3031 598 3101 ἑτέρωθεν
618 3049 633 3068 ο
663 3049 683 3084 t
718 3031 831 3086 Νῦν
864 3033 1044 3102 κρίσις
1069 3033 1186 3085 ἐστὶ
1210 3033 1301 3087 τοῦ
1329 3034 1534 3103 κόσμου
1564 3033 1775 3097 τούτου,

192 3124 342 3178 νῦνὸ
374 3124 556 3195 ἄρχων
583 3122 677 3177 τοῦ
744 3123 950 3193 κόσμου
1002 3123 1398 3194 ἐκϐληθήσεται
1441 3124 1571 3190 ἔξω·
1621 3124 1775 3193 κάγὼ

198 3215 297 3270 ὲὰν
364 3215 473 3268 ἀπὸ
528 3216 626 3285 τῆς
692 3216 796 3285 γῆς
848 3215 1066 3285 ὑψωθῶ,
1118 3216 1327 3280 πάντας
1377 3217 1588 3270 ἑλκύσω
1640 3217 1776 3288 πρὸς

193 3308 487 3378 ἐμαυτόν.»
521 3307 631 3361 Καὶ
668 3305 873 3377 προῖὼν
902 3307 957 3361 δὲ
986 3307 1145 3362 τοῦτο
1176 3307 1322 3377 λέγει
1351 3308 1711 3379 σαφέστερον·

194 3442 293 3496 II".
332 3441 457 3494 Ὅτι
490 3440 660 3508 κοινὴ
704 3440 835 3513 τῶν-ζ
852 3441 1178 3509 ἀνθρώπων
1217 3444 1533 3513 εὐεργεσια
1581 3444 1621 3511 ἡ
1675 3445 1783 3499 τοῦ

670 3510 946 3580 Σωτῆρος
971 3514 1303 3582 οἰκονομία.

270 3668 290 3702 ι
319 3648 457 3719 Περὶ
488 3647 545 3702 δὲ
572 3647 829 3719 κρίσεως,
858 3647 940 3701 ὅτι
968 3649 995 3701 ό
1023 3648 1206 3719 ἄρχων
1229 3647 1323 3701 τοῦ
1356 3648 1563 3718 κόσμου
1592 3649 1781 3704 τούτου

193 3741 484 3813 κέκριταιο
512 3758 529 3791 ι
563 3739 659 3793 καλ⁵
691 3734 870 3803 αὖθις·
909 3757 927 3791 ‹
962 3740 1273 3810 Ἔρχεταιὸ
1298 3740 1392 3794 τοῦ
1424 3742 1630 3811 κόσμου
1660 3742 1783 3795 τού-

192 3850 289 3887 του
324 3831 529 3902 ἄρχων,
558 3831 652 3884 καὶ
678 3832 736 3884 ὲν
764 3830 890 3902 ἐμοὶ
918 3830 1018 3884 οὐκ
1050 3830 1165 3901 ἔχει
1196 3832 1380 3885 οὐδέν’
1407 3851 1426 3884 ι
1462 3833 1643 3903 πάσης
1672 3833 1782 3904 γὰρ
1814 3867 1819 3872 ~

192 3924 616 3996 ἀπηλλαγμένος
657 3923 858 3990 αἰτίας,
904 3923 1055 3977 οὐδὲν
1096 3921 1209 3995 εἶχε
1248 3924 1356 3977 τῶν
1387 3923 1481 3978 τοῦ
1532 3925 1779 3979 διαϐόλου

196 4016 551 4089 σπερμάτων.
580 4017 672 4070 Διὸ
719 4016 814 4071 καὶ⁹
854 4016 918 4071 τὸ
961 4020 1246 4089 τυραννεῖν
1279 4018 1643 4085 κατέπαυσεν,
1684 4020 1781 4073 καλ⁸

191 4106 453 4174 ἐξέϐαλεν
485 4105 610 4170 ἔξω,
640 4107 735 4161 καλ⁸
774 4107 877 4161 ὑπὸ
921 4107 1031 4163 τῶν
1075 4108 1245 4162 πάλαι
1282 4108 1642 4163 δουλευόντων
1672 4128 1778 4163 πα-

191 4200 410 4254 τεῖσθαι
454 4199 747 4269 πεποίηκε,
801 4200 1153 4271 παρεγγυῶν,
1195 4202 1289 4255 καὶ
1333 4201 1533 4270 λέγων·
1587 4220 1606 4253 ι
1648 4201 1779 4256 Ἰδοὺ

190 4292 392 4362 δίδωμι
422 4291 549 4360 ὑμῖν
572 4288 819 4356 ἐξουσίαν
844 4295 1037 4345 πατεῖν
1062 4293 1248 4346 ἐπάνω
1274 4293 1472 4362 ὄφεων,
1502 4295 1597 4348 καὶ
1627 4313 1782 4367 σκορ-

192 4386 361 4448 πίων,
390 4383 485 4437 καὶ
510 4383 603 4435 ὲπὶ
633 4384 813 4436 πᾶσαν
841 4384 942 4453 τὴν
972 4384 1199 4454 δύναμιν
1226 4387 1322 4438 τοῦ
1339 4385 1586 4456 Ἐχθροῦ.
1616 4407 1634 4439 ›
1666 4389 1782 4441 Ἵνα

191 4479 251 4533 δὲ
286 4478 382 4532 καὶ
431 4476 601 4548 αὐτὴν
659 4476 861 4546 ἴδωμεν
918 4476 1014 4547 τὴν
1074 4477 1210 4547 πρὸς
1242 4478 1336 4530 τὸν
1395 4478 1640 4532 διάϐολον
1673 4480 1778 4533 πά-

192 4569 319 4639 λην,
370 4568 612 4639 ἔλθωμεν
660 4567 753 4620 ἐπὶ
796 4566 895 4637 τὴν
952 4558 1194 4638 ἱστορίαν
1246 4569 1353 4621 τῶν
1404 4572 1773 4639 Εὑαγγελίων.

206 4659 445 4731 ’Λνήχθη
477 4659 580 4712 ύπὸ
613 4657 706 4712 τοῦ
737 4657 1053 4729 Πνεύματος
1090 4658 1294 4729 Ἰησοῦς
1325 4662 1404 4724 είς
1434 4661 1531 4733 τὴν
1571 4662 1777 4734 ἔρημον

197 4752 340 4820 μετὰ
386 4750 445 4802 τὸ
484 4749 787 4819 βάπτισμα,
822 4748 1181 4820 πειρασθῆναι
1225 4751 1330 4804 ὑπὸ
1368 4752 1459 4805 τοῦ
1506 4754 1774 4809 διαϐόλου.

207 4840 449 4912 Ἀνήχθη
484 4842 541 4901 δὲ
578 4842 675 4912 οὐχ
707 4843 735 4894 6
775 4842 905 4904 Θεὸς
934 4841 1125 4910 Λόγος,
1164 4842 1278 4896 ἀλλ’
1306 4844 1334 4895 6
1362 4844 1427 4896 ὲκ
1466 4844 1779 4915 σπέρματος

194 4932 367 4986 Δαϐὶδ
393 4931 499 4984 ὑπὸ
521 4932 615 4985 τοῦ
644 4931 779 4989 Θεοῦ
811 4932 983 5001 Λόγου
1024 4932 1251 5003 ληφθεὶς
1286 4934 1439 4997 ναός·
1464 4934 1526 4987 οὐ
1556 4934 1661 5006 γὰρ
1687 4935 1778 4990 τὸν

193 5025 331 5080 Θεὸν
355 5023 526 5100 Λόγον
555 5026 634 5089 είς
657 5024 756 5097 τὴν
781 5024 916 5096 πρὸς
943 5024 1033 5078 τὸν
1053 5025 1297 5079 διάϐολον
1320 5026 1496 5094 πάλην
1521 5028 1778 5098 ἀπήγαγε

194 5121 263 5173 τὸ,
283 5114 512 5186 Πνεῦμα
537 5116 600 5173 τὸ
628 5117 804 5185 ἅγιον,
832 5117 945 5171 ἀλλ’
964 5117 1022 5171 ὃν
1054 5120 1111 5171 έν
1141 5121 1208 5189 τῇ
1239 5118 1499 5189 Παρθένῳ
1524 5118 1778 5174 διέπλασε

195 5204 423 5278 τῷ.Θεῷ
460 5206 619 5277 Λόγῳ
656 5208 803 5262 ναόν.
840 5209 1056 5271 Ἀσιτος
1084 5208 1383 5263 διετέλεσεν
1414 5210 1627 5280 ἡμέρας
1657 5229 1780 5264 τεσ-

197 5280 531 5367 σαράκοντα,
565 5297 660 5350 καὶ
687 5296 887 5361 νύκτας
914 5297 1232 5367 ἰσαρίθμους
1251 5314 1264 5328 ο
1291 5298 1353 5350 ού
1381 5297 1488 5369 γὰρ
1519 5297 1781 5369 ἠθέλησεν

1802 3175 1855 3238 (ι

1879 566 2035 622 nobis
2065 575 2311 635 sumptus
2354 572 2460 628 est,
2502 576 2555 618 et
2602 578 2701 632 pro
2732 563 2891 617 nobis
2928 573 3240 619 coronatus.
3278 565 3456 629 Quare

1878 662 1934 706 et
1991 651 2146 707 divus
2199 651 2492 721 Apostolus
2545 650 2724 705 aiebat
2766 668 2780 705 :
2838 669 2857 702 ι
2895 648 3047 717 Quos
3076 653 3349 721 praescivit
3400 667 3455 706 et

1877 743 2283 816 praedestinavit
2312 743 2618 800 conformes
2655 743 2770 798 ﬁeri
2812 744 3067 814 imaginis
3105 743 3224 799 Filii
3257 745 3364 812 sui,
3396 753 3456 797 ut

1878 836 1950 890 sit
1981 837 2097 905 ipse
2126 836 2371 906 818m.
2420 836 2814 906 primogenitus
2845 836 2899 890 in
2942 836 3131 891 multis
3165 835 3450 889 fratribus.

1879 925 2027 992 Quos
2055 937 2236 981 autem
2278 926 2704 996 praedestinavit,
2743 926 2841 981 hos
2867 935 2922 981 et
2952 927 3167 981 vocavit
3198 941 3213 979 :
3241 935 3296 980 et
3319 941 3454 994 quos

1879 1017 2116 1081 vocavit,
2151 1016 2250 1070 hos
2281 1024 2335 1070 et
2361 1015 2680 1086 justificavit
2711 1038 2723 1071 :
2753 1030 2890 1085 quos
2919 1014 3453 1082 autemjustiﬁcavit,

1881 1110 1983 1166 hos
2034 1117 2088 1163 et
2143 1108 2467 1178 gloriﬁcavit
2493 1110 2556 1163 “.
2589 1128 2609 1161 ›
2660 1110 2728 1163 Et
2760 1109 2885 1162 alibi
2921 1109 2997 1163 ait
3031 1127 3045 1164 :
3083 1126 3101 1160 ι
3136 1127 3153 1159 t
3188 1105 3242 1160 Si
3274 1116 3453 1160 autetu

1881 1201 2000 1269 ﬁlii,
2044 1202 2232 1271 utique
2273 1212 2329 1257 et
2356 1202 2601 1257 haeredes
2633 1217 2651 1256 ι,
2682 1202 2927 1257 haeredes
2959 1199 3177 1270 quidem
3219 1198 3334 1263 Dei,
3358 1211 3451 1252 co-

1881 1294 2126 1350 hmredes
2152 1304 2333 1349 autem
2366 1294 2569 1350 Christi
2607 1312 2622 1349 :
2675 1294 2721 1348 si
2764 1304 2945 1348 tamen
2975 1292 3361 1363 compatimur,
3398 1300 3457 1342 ut

1881 1397 1937 1445 et
1978 1386 2542 1458 congloriﬁcemur".
2576 1406 2595 1439 ι
2647 1385 2715 1440 Et
2762 1385 2935 1442 alibi:
2972 1406 2990 1439 ι
3021 1384 3078 1440 Si
3129 1383 3455 1440 sustinueri-

1880 1495 2021 1543 mus,
2059 1481 2223 1535 etiam
2251 1479 2707 1547 conregnabimus
2734 1478 2798 1533 η.
2834 1497 2857 1531 ›
2896 1477 3001 1532 Pro
3035 1477 3284 1531 universa
3325 1490 3456 1543 ergo

1882 1580 2076 1627 natura
2111 1580 2296 1626 nostra
2329 1570 2424 1625 Dei
2461 1569 2697 1624 Verbum
2734 1568 2877 1623 Deus
2921 1566 3320 1622 inchoationem
3355 1581 3457 1619 no-

1882 1674 2048 1723 stram
2083 1663 2341 1733 suscepit,
2374 1670 2434 1717 ut
2461 1675 2582 1716 eam
2623 1675 2719 1730 per
2745 1674 2960 1715 omnem
2996 1658 3250 1711 virtutem
3288 1657 3458 1712 dedu-

1885 1772 2036 1821 cens,
2071 1757 2137 1811 ad
2177 1763 2452 1811 certamen
2497 1760 2825 1823 provocaret
2860 1750 3252 1814 adversarium,
3301 1764 3455 1802 suum

1882 1864 2011 1905 vero
2040 1848 2303 1902 athletam
2341 1846 2604 1900 invictum
2628 1850 2911 1914 praestaret
2945 1859 2959 1895 :
2990 1852 3046 1896 et
3068 1842 3211 1895 hunc
3239 1841 3454 1910 quidem

1881 1947 2191 2003 coronaret,
2213 1933 2367 1992 illius
2393 1946 2572 1991 autem
2601 1936 2807 1990 cladem
2840 1933 3224 2004 proclamaret,
3255 1940 3310 1985 et
3336 1946 3457 1985 om-

1881 2032 2042 2085 nibus
2071 2029 2332 2083 adversus
2368 2027 2515 2081 illum
2552 2026 2835 2082 audaciam
2880 2034 3123 2094 augeret.
3157 2022 3370 2078 Idcirco
3401 2023 3454 2076 in

1880 2122 2051 2178 sacris
2077 2121 2381 2191 Evangeliis
2411 2121 2571 2174 modo
2606 2118 2784 2173 aiebat
2820 2135 2834 2170 :
2866 2135 2884 2169 ι
2913 2116 3170 2172 Videbam
3199 2113 3454 2169 Satanam
3550 2118 3553 2119 ⁷

1879 2215 2022 2270 sicut
2080 2213 2259 2283 fulgur
2300 2213 2368 2268 de
2410 2211 2552 2267 C(elo
2596 2210 2878 2266 cadentem
2903 2209 2977 2276 ‘9;
3012 2226 3031 2259 ›
3083 2222 3227 2263 nunc
3280 2223 3454 2263 vero:

1888 2326 1905 2357 ε
1941 2303 2050 2358 Nisi
2093 2305 2215 2373 quis
2259 2303 2313 2357 in
2364 2302 2520 2356 fortis
2554 2302 2772 2355 domum
2814 2298 3123 2364 intraverit,
3158 2298 3459 2367 fortemque

1880 2396 2202 2466 alligaverit,
2229 2394 2501 2464 quomodo
2527 2410 2653 2450 vasa
2682 2393 2800 2463 ejus
2822 2392 3044 2462 diripiet
3069 2391 3163 2444 “ll
3188 2410 3207 2444 ›
3240 2392 3456 2447 domum

1881 2488 2041 2544 fortis
2070 2489 2257 2544 dicens
2289 2489 2585 2552 humanam
2615 2495 2888 2550 naturam,
2926 2499 3023 2540 ceu
3051 2499 3168 2553 quae
3205 2485 3271 2538 ad
3308 2484 3455 2538 illum

1880 2578 2201 2649 profugerit,
2240 2587 2295 2633 et
2322 2578 2502 2632 omnia
2545 2576 2715 2646 ipsius
2752 2576 3005 2629 mandata
3045 2575 3268 2644 exsequi
3300 2589 3457 2643 passa

1884 2672 2067 2737 fuerit,
2091 2672 2482 2739 servitiumque
2509 2670 2611 2724 sibi
2651 2677 2843 2738 sponte
2871 2667 3207 2737 imposuerit.
3236 2667 3301 2722 Et
3330 2667 3456 2721 alibi

1880 2777 2133 2831 quoque:
2170 2781 2189 2812 ‹
2214 2760 2501 2825 Conﬁdite,
2553 2759 2749 2829 inquit,
2788 2772 2889 2827 ego
2916 2757 3023 2811 vici
3056 2758 3311 2811 mundum
3333 2757 3399 2809 ¹¹.
3435 2775 3454 2806 ι

1882 2855 1948 2909 Ει
1970 2854 2074 2908 alio
2095 2854 2212 2909 loco
2238 2869 2253 2908 :
2278 2871 2295 2905 ι
2318 2851 2471 2906 Nunc
2488 2849 2749 2919 judicium
2772 2857 2855 2904 est
2878 2848 3086 2915 mundi,
3112 2863 3254 2903 nunc
3274 2846 3458 2900 mundi

1881 2949 2130 3016 princeps
2187 2946 2434 3017 ejicietur
2478 2943 2623 2999 [oras
2653 2944 2727 3009 ²¹;
2764 2961 2783 2994 ι
2820 2950 2875 2996 et
2899 2960 2918 2993 ι
2951 2939 3062 3009 Ego
3115 2940 3161 2995 si
3188 2938 3463 2993 exaltatus

1880 3038 2035 3094 fuero
2065 3055 2095 3092 a
2144 3047 2312 3103 terra,
2346 3051 2538 3091 omnes
2569 3034 2780 3089 traham
2815 3033 2880 3087 ad
2918 3046 3004 3085 me
3033 3031 3209 3101 ipsum
3233 3029 3300 3082 “.
3335 3046 3354 3079 ι
3393 3026 3460 3081 Ει

1881 3146 2047 3201 porro
2076 3143 2328 3201 pergens,
2368 3128 2421 3183 id
2458 3128 2632 3197 ipsum
2665 3124 2868 3181 clarius
2895 3123 3069 3178 dicit:

1881 3442 2019 3499 Xlll.
2063 3441 2217 3508 Quod
2243 3457 2515 3497 commune
2540 3455 2664 3507 erga
2702 3439 2943 3508 homines
2965 3432 3269 3501 beneﬁcium
3296 3430 3459 3501 fuerit

2345 3506 2640 3567 Servatoris
2677 3506 2999 3563 incarnatio.

1958 3672 1976 3703 ι
2012 3649 2313 3721 Dejudicio
2354 3648 2596 3717 quidem,
2629 3646 2756 3714 quia
2787 3646 3040 3715 princeps
3077 3641 3262 3697 mundi
3298 3641 3459 3713 hujus

1878 3738 1988 3810 jam
2043 3739 2321 3808 judicatus
2358 3736 2531 3791 est“.
2567 3756 2585 3787 ι
2633 3736 2701 3790 Ει
2748 3748 2976 3788 rursus:
3014 3753 3031 3784 (
3066 3732 3226 3787 Venit
3273 3733 3456 3786 mundi

1881 3828 2040 3896 hujus
2072 3829 2345 3898 princeps,
2379 3834 2433 3879 et
2463 3826 2515 3879 in
2550 3839 2634 3879 me
2677 3838 2784 3878 non
2818 3823 2978 3878 habet
3003 3820 3401 3892 quidquam":
3434 3840 3453 3871 ι

1881 3934 2138 3989 namque,
2160 3917 2306 3971 omni
2336 3916 2568 3971 crimine
2593 3915 2824 3980 alienus,
2859 3913 3002 3968 nulla
3028 3912 3227 3968 diaboli
3253 3913 3458 3968 semina

1882 4011 2137 4065 habebat.
2168 4007 2324 4062 Unde
2353 4020 2410 4061 et
2443 4007 2586 4061 hunc
2613 4005 2899 4078 tyrannide
2928 4004 3197 4074 deposuit,
3234 4015 3288 4059 et
3316 4006 3461 4059 foras

1882 4102 2065 4170 ejecit,
2102 4109 2157 4155 et
2194 4100 2409 4155 illorum
2452 4100 2541 4169 qui
2591 4111 2750 4152 antea
2786 4097 2835 4152 ei
2891 4097 3202 4152 serviebant
3235 4096 3460 4166 pedibus

1882 4192 2141 4261 subjecit,
2195 4192 2493 4246 adhortans
2550 4191 2843 4260 dicensque
2886 4206 2899 4245 :
2941 4206 2960 4242 ι
2990 4187 3132 4243 Ecce
3184 4202 3283 4257 ego
3337 4186 3459 4241 dedi

1882 4285 2036 4339 vobis
2067 4292 2389 4354 pOtestatem
2419 4283 2665 4337 calcandi
2704 4296 2865 4351 supra
2908 4287 3191 4346 serpentes
3222 4288 3277 4332 et
3308 4291 3460 4331 scor-

1880 4380 2092 4449 piones,
2137 4389 2189 4435 et
2220 4394 2384 4449 super
2415 4392 2631 4432 omnem
2676 4376 2930 4429 virtutem
2971 4371 3180 4427 Inimici
3210 4372 3278 4426 ".
3314 4389 3332 4421 ι
3363 4371 3462 4424 At-

1883 4488 1988 4542 que
2020 4482 2077 4526 ut
2112 4473 2283 4541 ipsam
2311 4473 2575 4522 adversus
2600 4466 2872 4520 diabolum
2900 4466 3101 4519 Iuctam
3132 4473 3458 4532 spectemus,

1885 4563 1949 4615 ad
2004 4560 2367 4630 evangelicam
2393 4555 2635 4626 819m.
2684 4555 2967 4609 historiam
3008 4554 3310 4608 veniamus.
3351 4552 3454 4606 Du-

1884 4664 2004 4707 ctus
2048 4662 2131 4707 est
2176 4667 2206 4705 a
2254 4650 2459 4719 Spiritu
2513 4650 2566 4701 in
2614 4648 2886 4701 desertum
2932 4642 3088 4700 Jesus
3128 4653 3250 4714 post
3286 4644 3459 4713 bapti-

1884 4760 2059 4799 smum
2088 4751 2145 4797 ut
2189 4750 2491 4798 tentaretur
2521 4756 2548 4794 a
2574 4727 2871 4793 diabolo".
2901 4734 3134 4791 Ductum
3166 4742 3249 4789 est
3278 4745 3456 4788 autem

1884 4852 1990 4891 non
2022 4836 2115 4891 Dei
2140 4833 2402 4897 Verbum,
2426 4832 2522 4888 sed
2552 4833 2681 4886 illud
2712 4846 2778 4886 ex
2810 4831 3031 4885 Davidis
3063 4831 3269 4886 semine
3295 4844 3323 4883 a
3350 4830 3461 4883 Deo

1889 4927 2063 4984 Verbo
2098 4927 2355 4995 templum
2384 4935 2743 4994 assumptum.
2781 4921 2896 4977 Non
2931 4924 3078 4977 enim
3119 4921 3285 4977 Deum
3322 4921 3458 4977 Ver-

1877 5020 2003 5075 bum
2044 5019 2111 5072 ad
2146 5017 2458 5072 luctandum
2507 5032 2629 5071 cum
2679 5014 2897 5070 diabolo
2945 5014 3169 5068 abduxit
3222 5012 3458 5081 Spiritus

1877 5122 2118 5173 sanctus,
2154 5111 2247 5166 sed
2281 5110 2429 5174 illud,
2464 5110 2704 5175 inquam,
2743 5108 2884 5178 quod
2918 5122 2983 5162 ex
3009 5105 3229 5175 Virgine
3255 5104 3457 5159 [orma-

1878 5210 2031 5255 verat
2078 5199 2190 5255 Deo
2246 5199 2424 5255 Verbo
2485 5199 2764 5267 templum.
2831 5196 3204 5252 Perseveravit
3239 5194 3457 5264 jejunus

1879 5295 2237 5367 quadraginta
2270 5296 2481 5361 diebus,
2511 5293 2844 5363 totidemque
2872 5291 3144 5348 noctibus.
3172 5288 3288 5344 Non
3310 5288 3453 5343 enim

271 5476 317 5507 ¹⁶
359 5474 517 5527 Rom.
551 5489 666 5535 vru,
706 5472 795 5532 29.
836 5474 924 5529 50.
1002 5474 1043 5506 ⁸⁷
1067 5475 1195 5529 ibid.
1232 5476 1318 5528 17.
1402 5476 1443 5507 ³⁸
1474 5475 1512 5530 ll
1542 5476 1680 5530 Tim.
1715 5490 1770 5538 ll,

1882 5515 1890 5531 .
1972 5477 2013 5508 ¹⁹
2052 5474 2181 5530 Luc.
2216 5492 2273 5537 ι,
2315 5474 2399 5529 18.
2478 5476 2522 5506 ²⁰
2554 5473 2744 5529 Matth.
2773 5490 2872 5538 ut,
2899 5475 2991 5531 29.
3086 5474 3131 5505 ²¹
3158 5473 3448 5529 Joan.xvt.

197 5545 291 5601 53.
368 5544 416 5574 ¹¹
453 5542 607 5597 Joan.
645 5559 741 5608 xu,
777 5544 864 5599 51.
926 5544 972 5575 ’³
1006 5545 1132 5599 ibid.
1169 5545 1258 5600 '52.

1334 5546 1380 5576 "
1417 5545 1570 5601 Joan.
1614 5562 1725 5612 xvt,
1760 5548 1776 5601 l

1923 5548 1968 5579 ’⁵
1995 5546 2151 5603 Joan.
2186 5562 2294 5611 xw,
2326 5545 2414 5600 30.
2489 5546 2536 5578 "
2566 5546 2695 5601 Luc.
2739 5563 2790 5611 κ,
2822 5547 2909 5601 19.
2985 5546 3027 5576 ’⁷
3061 5544 3252 5600 Matth.
3290 5560 3363 5607 iv,
3397 5543 3449 5596 l.

271 5722 352 5805 (ι)
393 5720 1179 5805 ῃξιςράοκοινωχίαςιμιυωδδί
1248 5723 1407 5779 lectio
1466 5741 1597 5782 sana
1656 5734 1738 5783 est

1882 5726 2020 5783 hilve
2067 5728 2240 5793 deest,
2277 5726 2489 5783 videtur
2543 5727 2870 5795 idiotismus,
2917 5728 2992 5784 uti
3040 5735 3122 5785 est
3168 5724 3344 5790 κοινὸς
3393 5725 3453 5779 in

199 5790 378 5856 sacris
401 5790 588 5850 Bibliis
612 5808 710 5863 pro
733 5793 985 5861 pollutus,
1002 5790 1286 5863 profanus.
