3856 6212
385 351 524 407 ίὸὸθ

1359 347 1416 403 S.
1460 344 1739 407 CYRILLI
1776 340 2246 396 ALEXANDRINI
2285 339 2607 397 ARCHIEP.

3512 340 3533 391 1
3545 340 3659 397 ιιι)

382 462 554 515 voluit
575 475 762 515 eorum
787 459 880 529 qui
909 459 1039 514 olim
1058 458 1441 529 jejunaverant
1464 472 1771 512 mensuram
1796 470 1957 510 exce-

2066 454 2360 524 ὅπερόῆναι
2392 453 2501 508 τῶν
2531 454 2698 508 πάλαι
2738 453 3173 524 νενηστευκότων
3198 451 3261 504 τὸ
3295 454 3519 523 μέτρον,
3553 454 3645 506 ἵνα

383 558 533 619 dere,
577 570 643 607 ne
674 552 937 607 adversus
973 567 1033 607 se
1065 567 1301 623 pugnam
1329 550 1707 615 adversarius
1737 549 1955 618 defuge-

385 656 487 709 ret.
518 662 605 707 ne,
632 644 873 711 inquam,
897 657 963 699 eo
995 643 1085 713 qui
1119 643 1365 698 occultus
1387 652 1504 698 erat
1528 642 1732 713 agnito,
1762 642 1952 697 luctari

384 753 504 789 cum
554 734 844 790 manifesto
896 744 1196 791 recusaret.
1246 735 1417 800 Hujus
1464 736 1545 790 rei
1597 750 1784 798 causa,
1836 743 1957 803 post

386 830 702 896 praedictum
735 827 945 882 dierum
979 842 1285 894 numerum,
1324 828 1573 881 humanae
1602 837 1806 881 natura)
1835 843 1957 895 pas—

306 939 313 957 ι
385 922 592 975 sionem
624 918 903 989 patefecit,
935 920 1184 989 permisit
1220 918 1345 973 fami
1378 920 1603 984 aditum,
1634 919 1775 973 fame
1810 919 1955 971 vide-

385 1011 510 1064 licet
544 1024 730 1064 ansam
767 1009 982 1064 diabolo
1023 1010 1291 1079 prabens.
1339 1007 1455 1062 Non
1506 1011 1649 1062 cnim
1699 1012 1957 1064 accedere

270 1108 313 1169 ςέο
387 1104 642 1167 audebat,
678 1104 801 1170 quia
837 1102 1005 1157 multa
1039 1104 1102 1156 ab
1144 1118 1209 1156 eo
1245 1103 1403 1173 digna
1450 1102 1558 1155 Deo
1594 1103 1730 1155 facta
1761 1105 1955 1155 obser-

386 1212 627 1254 vaverat.
667 1202 909 1267 Namque
943 1209 999 1253 et
1043 1198 1216 1268 angeli
1249 1212 1313 1250 eo
1346 1206 1473 1249 nato
1507 1196 1956 1263 tripudiaveraut,

387 1304 441 1349 et
474 1304 721 1349 exortum
747 1295 897 1348 sidus
925 1308 1113 1361 magos
1142 1293 1440 1345 deduxerat
1466 1290 1531 1341 ad
1559 1288 1955 1352 adorationem,

388 1402 580 1454 nempe
617 1386 858 1456 ejusdem
898 1384 1107 1439 ordinis
1137 1384 1539 1451 antesignanos,
1570 1390 1623 1433 et
1666 1382 1841 1447 ipsum
1880 1379 1959 1430 vi-

387 1480 540 1532 derat
566 1477 676 1544 jam
710 1477 833 1531 inde
865 1491 895 1529 a
930 1476 1158 1545 pueritia
1201 1475 1348 1527 omni
1373 1473 1601 1543 justitia:
1629 1472 1892 1533 deditum,
1928 1486 1956 1521 a

388 1569 629 1638 nequitia
665 1570 1072 1629 abhorrentem,
1108 1564 1328 1619 malitia:
1362 1580 1613 1629 osorem;
1654 1574 1814 1630 atque
1844 1563 1959 1615 hare

388 1662 681 1714 secundum
728 1659 933 1716 editum
1005 1661 1070 1716 de
1121 1674 1187 1714 eo
1239 1674 1268 1711 a
1312 1660 1572 1729 prepheta
1622 1656 1956 1719 vaticinium,

386 1753 640 1821 quoniam
681 1771 700 1803 ι
731 1751 1049 1821 Priusquam
1100 1760 1392 1821 cognoscat
1450 1750 1564 1817 ipse
1618 1749 1815 1802 bonum
1872 1747 1958 1800 vel

388 1842 611 1908 malum,
642 1858 747 1897 non
781 1844 967 1897 credet
1006 1842 1245 1906 malitiae,
1284 1851 1341 1895 ut
1381 1841 1540 1909 eligat.
1567 1841 1707 1908 quod
1756 1839 1956 1892 bonum
1992 1843 2035 1896 Β

387 1944 472 1989 est
491 1936 535 1966 ⁸⁸
569 1936 668 2005 (Al).
703 1954 721 1987 ι
792 1935 1077 1989 Clamabat
1121 1950 1338 2004 quoque
1399 1932 1636 1987 Joannes
1692 1949 1707 1987 :
1758 1952 1775 1983 ι
1824 1933 1960 1985 Ecce

392 2041 561 2095 agnus
606 2026 723 2092 Dei,
769 2027 861 2097 qui
917 2026 1054 2080 tollit
1101 2037 1381 2095 peccatum
1431 2026 1615 2078 mundi
1641 2028 1706 2078 '9.
1737 2044 1755 2075 ι
1798 2023 1961 2077 Pater

308 2118 320 2130 '
390 2117 619 2184 desuper
654 2117 952 2171 testabatur
981 2135 995 2172 :
1035 2136 1052 2168 ι
1088 2116 1186 2170 Hic
1213 2126 1295 2170 est
1326 2115 1496 2170 Filius
1522 2131 1671 2169 meus
1703 2116 1959 2177 dilectus,

391 2209 444 2262 in
484 2224 589 2276 quo
625 2208 754 2261 mihi
798 2208 1100 2279 complacui
1128 2208 1195 2263 ³ο.
1230 2227 1248 2259 ›
1288 2206 1472 2263 Gratia
1515 2207 1747 2275 denique
1789 2207 1962 2275 Spiri—

392 2308 477 2352 tus
508 2299 678 2353 sancti
710 2300 1044 2368 supervenit.
1076 2299 1199 2353 Haec
1232 2308 1287 2353 et
1326 2298 1590 2366 ejusmodi
1638 2300 1740 2352 alia
1778 2299 1958 2351 diabo-

390 2390 499 2441 lum
547 2390 967 2455 terrefacientia,
1014 2406 1121 2444 non
1169 2391 1421 2446 sinebant
1465 2391 1725 2444 accedere
1754 2391 1818 2443 ad
1865 2405 1962 2443 no-

392 2490 519 2533 stra:
557 2488 762 2533 naturae
808 2481 1087 2534 athletam.
1126 2481 1230 2535 Sed
1272 2490 1555 2549 postquam
1601 2481 1648 2533 is
1684 2480 1841 2532 famis
1868 2494 1959 2532 ac-

391 2585 602 2622 cessum
635 2570 877 2636 admisit,
914 2572 1197 2639 ipsumque
1227 2572 1365 2626 vidit
1393 2572 1610 2624 humani
1645 2568 1962 2623 nutrimenti

394 2662 655 2729 Indignm,
693 2677 865 2731 neque
904 2665 1041 2716 ultra
1072 2664 1419 2730 antiquorum
1453 2662 1729 2716 hominum
1778 2672 1964 2715 ternit-

396 2766 519 2802 num
556 2752 754 2806 durare
779 2751 1071 2816 valentem,
1107 2762 1232 2805 tunc
1268 2752 1520 2813 accessit,
1553 2767 1739 2805 ansam
1773 2753 1965 2805 existi-

396 2859 550 2897 mans
600 2858 657 2898 se
707 2844 918 2911 cepisse
969 2844 1297 2908 maximam,
1350 2843 1676 2899 facilemoue
1736 2844 1965 2900 credens

391 2932 676 2985 victoriam
720 2932 1042 2987 relaturum.

460 3044 697 3114 820m.
744 3043 879 3100 XIV.
923 3042 1197 3109 Quomodo
1255 3046 1524 3100 diabolum
1558 3046 1892 3103 debellaverit

909 3114 1143 3170 Christus
1183 3115 1457 3172 Dominus.

2061 545 2135 616 μὴ
2164 545 2307 616 φύγῃ
2341 547 2441 615 τὴν
2474 544 2611 615 πρὸς
2639 545 2803 598 αὐτὸν
2827 548 2854 598 6
2878 545 3171 607 ἀντίπαλος
3205 544 3411 615 μάχην,
3445 546 3535 597 ἶνα
3571 546 3648 615 μὴ

2057 638 2325 707 γνωρίσας
2357 638 2447 690 τὸν
2485 637 2882 709 κρυπτόμενον,
2907 637 3055 709 φύγῃ
3080 638 3177 707 τὴν
3205 638 3342 706 πρὸς
3368 637 3428 689 τὸ
3460 639 3650 706 φαινό-

2061 748 2218 801 μενον
2260 730 2459 801 πάλην.
2492 729 2696 783 Τούτου
2734 729 2892 801 χάριν
2932 728 3070 799 μετὰ
3100 728 3192 781 τὸν
3233 728 3645 799 προειρημένον

2057 824 2285 894 ἀριθμὸν
2330 823 2439 875 τῶν
2482 820 2727 893 ήμερῶν,
2769 821 2869 892 τῆς
2915 820 3263 891 ἀνθρωπείας
3309 821 3527 887 φύσεως
3587 822 3651 871 τὸ

2060 917 2229 979 πάθος
2278 916 2593 986 ὑποφαίνει,
2644 915 2739 969 καὶ
2790 916 3063 983 συγχωρεῖ
3119 916 3189 984 τῇ
3235 914 3392 982 πείνῃ
3448 913 3645 983 χώραν

2058 1008 2262 1072 λαϐεῖν,
2295 1008 2463 1079 λαϐὴν
2488 1007 2677 1077 ἐκείνῳ
2703 1005 2791 1060 διά
2822 1005 2923 1075 τῆς
2963 1006 3153 1075 πείνης
3189 1005 3395 1067 διδούς·
3433 1006 3497 1056 οὐ
3532 1006 3650 1073 γὰρ

2060 1100 2377 1171 προσελθεῖν
2442 1100 2689 1169 ἐτόλμα,
2742 1097 2913 1150 πολλά
2963 1096 3093 1170 περὶ
3143 1096 3304 1150 αὑτὸν
3356 1096 3650 1166 θεοπρεπῆ

2058 1189 2318 1257 γινίμενα
2364 1187 2585 1256 θεωρῶν
2607 1204 2619 1217 ·
2652 1188 2744 1241 καὶ
2776 1186 2885 1255 γάρ
2917 1185 3138 1253 ἄγγελοι
3179 1184 3463 1255 τεχθέντος
3516 1186 3650 1254 ἐχό-

2062 1296 2248 1349 ρετον,
2311 1277 2595 1340 ἀνατείλας
2653 1276 2828 1349 ἀστὴρ
2889 1275 3098 1345 μάγους
3159 1276 3497 1346 ἐποδήγησεν
3567 1280 3652 1338 εἰς

2062 1369 2432 1441 προσκύνησιν
2470 1371 2595 1433 τοὺς
2635 1370 2732 1439 τῆς
2761 1368 2931 1436 αὐτῆς
2965 1367 3247 1435 φάλαγγος
3286 1367 3648 1437 κορυφαίους,

2060 1461 2154 1512 καὶ
2187 1460 2349 1512 αὑτὸν
2376 1459 2522 1531 ἐώρα
2552 1461 2732 1513 πᾶσαν
2762 1460 2826 1511 ἐκ
2856 1458 3045 1520 παιδὸς
3083 1459 3334 1529 μετιόντα
3371 1458 3655 1511 δικαιοσύ-

2060 1570 2179 1619 νην,
2211 1552 2628 1621 βδελυττόμενον
2656 1552 2876 1611 κακίαν,
2908 1550 3312 1622 μυσαττόμενον
3342 1549 3619 1619 πονηρίαν
3638 1566 3650 1576 ·

2061 1644 2152 1697 καὶ
2184 1644 2354 1697 ταῦτα
2385 1643 2530 1715 [eoi].
2552 1642 2779 1714 ταύτην]
2812 1642 2954 1696 κατά
2984 1642 3082 1712 τὴν
3113 1644 3191 1704 είς
3220 1640 3381 1693 αὐτὸν
3406 1657 3653 1709 γεγενη-

2065 1733 2231 1803 μένην
2277 1735 2579 1805 πρόρρησιν
2631 1733 2735 1786 ὑπὸ
2782 1732 2876 1787 τοῦ
2924 1733 3224 1803 προφήτου,
3260 1732 3340 1783 ὅτι
3380 1749 3397 1781 ι
3426 1731 3575 1801 Πρὶν
3619 1730 3655 1800 ἦ

2062 1824 2265 1892 γνῶναι
2297 1826 2455 1878 αὑτὸν
2486 1825 2688 1894 ἀγαθὸν
2720 1824 2753 1895 ἦ
2789 1824 2981 1887 κακὸν,
3026 1823 3241 1877 ἀπειθεῖ
3276 1822 3515 1892 πονηρίᾳ
3552 1822 3655 1873 τοῦ

2060 1915 2380 1982 ἐκλέξασθαι
2409 1918 2470 1969 τὸ
2502 1916 2706 1985 άγαθόν
2728 1935 2741 1949 ο
2765 1935 2782 1966 ι
2820 1914 2951 1968 ἐϐόα
2966 1914 3021 1967 δὲ
3053 1914 3145 1967 καὶ
3176 1915 3431 1983 Ἰωάννης
3451 1932 3465 1942 ο
3493 1931 3511 1964 ι
3541 1911 3655 1963 Ἴδε

2059 2011 2088 2061 6
2113 2010 2280 2079 ἀμνὸς
2303 2009 2398 2062 τοῦ
2419 2008 2578 2075 Θεοῦ,
2599 2010 2627 2060 6
2651 2007 2823 2079 αἴρων
2838 2008 2938 2077 τὴν
2953 2006 3226 2077 ἁμαρτίαν
3250 2004 3341 2057 τοῦ
3365 2005 3605 2073 κόσμου.
3630 2024 3650 2053 ι

2060 2101 2249 2171 Πατὴρ
2303 2101 2507 2155 ἀνωθεν
2552 2100 2934 2171 ἐμαρτύρησεν
2962 2116 2974 2129 ·
3012 2117 3031 2149 ι
3072 2093 3238 2160 Οὗτός
3272 2098 3422 2149 ἐστιν
3459 2098 3488 2147 6
3521 2095 3659 2158 Υἱός

2064 2193 2208 2262 μουὸ
2238 2192 2542 2261 ἀγαπητὸς,
2570 2194 2625 2244 ἐν
2655 2186 2699 2259 ᾧ
2732 2191 3029 2261 ηὑδόκησα.
3057 2208 3073 2239 ι
3108 2188 3212 2239 Τοῦ
3254 2185 3581 2255 Πνεύματος
3622 2190 3657 2252 ἡ

2060 2283 2221 2355 χάρις
2248 2284 2522 2354 ἐφοίτησε,
2551 2284 2735 2337 Ταῦτα
2766 2285 2858 2337 καὶ
2886 2285 2987 2335 ὅσα
3022 2281 3247 2335 τοιαῦτα
3280 2280 3371 2332 τὸν
3396 2279 3662 2334 διάϐολον

2061 2375 2509 2445 καταπλήττοντα
2545 2374 2858 2446 προσελθεῖν
2889 2374 2990 2426 οὐκ
3021 2376 3105 2427 εἴα
3132 2374 3211 2443 τῷ
3240 2376 3337 2442 τῆς
3364 2371 3659 2441 ἡμετέρας

2063 2462 2279 2532 φύσεως
2323 2464 2529 2535 ἀθλητῇ
2555 2479 2570 2494 ⁶
2604 2465 2680 2528 ὡς
2717 2464 2772 2516 δὲ
2812 2464 2909 2533 τῆς
2957 2464 3148 2534 πείνης
3191 2463 3291 2533 τὴν
3335 2462 3655 2533 προσὸολὴν

2064 2556 2377 2622 ὑπεδέξατο,
2410 2558 2507 2610 καὶ
2547 2558 2753 2628 τροφῆς
2783 2556 2948 2611 αὑτὸν
2981 2552 3122 2608 εἶδεν
3154 2554 3503 2625 ἀνθρωπίνης
3536 2554 3655 2607 δεό-

2067 2664 2246 2718 μενον,
2294 2649 2390 2701 καὶ
2439 2652 2728 2720 καρτερεῖν
2762 2648 3074 2719 περαιτέρω
3114 2648 3222 2700 τῶν
3262 2648 3511 2701 παλαιῶν
3556 2650 3654 2700 άν-

2062 2740 2203 2810 δρῶν
2226 2740 2287 2792 ού
2316 2739 2632 2810 δυνάμεων,
2668 2739 3052 2810 προσέρχεται,
3082 2738 3249 2809 λαϐὴν
3276 2739 3531 2809 οἰόμενος
3562 2740 3655 2791 εὐ-

2069 2831 2293 2902 ρηκέναι
2326 2832 2613 2903 μεγίστην,
2644 2830 2738 2884 καὶ
2768 2832 3013 2901 νικήσειν
3046 2830 3244 2902 ῥᾳδίως
3272 2831 3579 2886 πιστεύων.

2138 3058 2237 3111 ΙΔ’.
2282 3056 2403 3111 Τίνι
2433 3056 2630 3124 τρόπῳ
2661 3056 3111 3124 κατηγωνίσατο
3149 3057 3257 3111 τὸν
3292 3057 3584 3113 διάϐολον

2511 3129 2545 3181 o'
2583 3127 2892 3191 Δεσπότης
2930 3129 3202 3195 Χριστός.

459 3234 538 3287 Ac
570 3234 1019 3303 quemadmodum
1056 3235 1109 3288 in
1163 3235 1369 3304 prmliis
1400 3251 1521 3290 cum
1556 3237 1679 3305 quis
1714 3236 1827 3290 vult
1859 3236 1959 3292 ali-

2135 3238 2246 3292 Ka't
2293 3236 2544 3308 καθάπερ
2578 3238 2635 3290 ἐν
2667 3240 2780 3301 τοῖς
2809 3237 3067 3308 πολέμοις
3091 3238 3184 3292 τὸν
3218 3241 3561 3311 πανταχόθεν
3588 3246 3653 3311 τῇ

391 3342 551 3395 quem
580 3326 986 3396 cataphractum
1024 3326 1130 3379 telo
1157 3336 1431 3396 appetere,
1457 3336 1626 3382 totum
1652 3329 1826 3383 oculis
1854 3330 1961 3384 cir-

392 3427 720 3484 cumtuetur,
747 3418 957 3472 eminus
980 3418 1295 3483 observans,
1327 3421 1523 3472 nudum
1550 3421 1762 3488 aliquod
1796 3436 1963 3475 ntem-

392 3509 546 3562 brum
579 3508 887 3577 explorans,
921 3519 976 3561 ιιι
1002 3508 1127 3562 illuc
1158 3509 1409 3588 sagittam
1446 3511 1683 3574 dirigens
1711 3510 1962 3565 adversa-

394 3603 530 3655 rium
555 3602 840 3667 vulneret;
873 3602 951 3655 sic
978 3601 1225 3655 diabolus
1256 3603 1400 3655 omni
1447 3601 1654 3670 justitia
1684 3601 1962 3657 Christum

393 3694 580 3747 videns
629 3702 932 3756 armatum,
988 3694 1260 3763 situmque
1298 3694 1549 3747 idoneum
1594 3704 1843 3749 scrutans
1896 3700 1963 3749 ad

391 3800 549 3852 quem
590 3783 750 3838 telum
784 3784 1058 3853 dirigeret,
1090 3797 1149 3837 ut
1180 3793 1547 3855 emergentem
1575 3786 1709 3838 vidit
1741 3784 1961 3853 famem,

392 3875 647 3928 audacter
672 3875 881 3929 accedit
907 3892 1004 3930 ceu
1042 3892 1099 3930 re
1124 3878 1348 3946 quaesita
1392 3877 1615 3946 politus,
1639 3878 1761 3945 quia
1795 3879 1962 3946 ipsam

395 3968 755 4037 progenitor-is
788 3970 1091 4037 passionem
1129 3971 1181 4024 in
1220 3986 1285 4024 eo
1321 3972 1770 4040 deprehenderat.
1806 3972 1967 4027 Nant-

392 4071 496 4126 que
537 4066 593 4112 et
626 4057 773 4111 illum
825 4074 948 4113 esca
978 4060 1156 4115 oblata
1203 4059 1347 4115 felici
1377 4062 1485 4115 vita
1528 4062 1871 4131 spoliaverat,
1913 4073 1967 4117 et

392 4149 595 4213 sudori,
629 4164 899 4214 aerumnae,
932 4166 995 4205 ac
1028 4152 1187 4205 morti
1215 4152 1575 4221 implicuerat.
1611 4153 1753 4224 Ergo
1783 4156 1856 4210 ita
1886 4157 1965 4210 di-

391 4258 519 4296 cens
546 4243 790 4297 accedit:
826 4261 844 4294 ι
882 4242 938 4297 Si
971 4242 1139 4299 Filius
1179 4244 1272 4299 Dei
1306 4259 1386 4309 es,
1415 4244 1503 4298 dic
1545 4255 1602 4298 ut
1642 4245 1849 4314 lapides
1878 4247 1964 4301 isti

393 4349 557 4402 panes
586 4333 719 4387 ﬁant
754 4334 818 4387 ³¹.
857 4353 876 4387 ›
922 4334 1081 4390 Certe
1122 4336 1176 4389 id
1223 4351 1327 4389 non
1380 4335 1623 4401 fecisset,
1662 4337 1763 4390 nisi
1809 4337 1966 4393 famis

392 4426 696 4496 passionem
739 4426 995 4481 Servator
1038 4427 1364 4481 admisisset.
1414 4427 1585 4493 Quam
1631 4444 1743 4483 rem
1788 4444 1854 4484 ex
1900 4431 1966 4485 iis

392 4535 510 4588 quae
544 4528 728 4588 postea
753 4530 1047 4574 evenerunt
1079 4521 1305 4589 quilibet
1335 4522 1619 4577 manifeste
1649 4534 1961 4592 cognoscet.

394 4613 668 4681 Siquidem
693 4612 871 4665 statim
900 4628 963 4665 ac
995 4613 1166 4667 victus
1198 4615 1249 4667 in
1276 4613 1417 4668 lucta
1453 4614 1573 4679 fuit,
1608 4626 1969 4684 expertusque

391 4704 576 4758 didicit
634 4703 779 4758 hunc
817 4718 939 4758 esse
978 4720 1135 4773 quem
1184 4706 1459 4774 propheta:
1484 4722 1674 4761 omnes
1701 4708 1965 4775 praedixe-

394 4806 549 4861 rant,
602 4811 669 4851 ne
727 4805 1003 4865 aspectum
1050 4797 1265 4865 quidem
1302 4798 1420 4865 ejus
1470 4800 1773 4853 accedentis
1828 4799 1970 4855 ferre

392 4903 554 4942 ausus
574 4900 679 4953 est,
704 4890 795 4943 sed
836 4889 981 4944 illico
1004 4889 1232 4957 aufugit,
1278 4906 1419 4944 nunc
1455 4891 1739 4945 clamans:
1777 4909 1796 4942 ι
1829 4890 1968 4958 Quid

394 4981 549 5034 nobis
570 4990 625 5034 et
662 4981 779 5044 tibi,
815 4981 912 5035 Fili
951 4982 1040 5035 Dei
1064 4981 1087 5035 ?
1107 4997 1203 5035 cur
1229 4981 1428 5036 venisti
1467 4993 1593 5036 ante
1624 4994 1832 5051 tempus
1860 4993 1971 5037 tor-

392 5086 558 5141 quere
583 5087 678 5126 nos
697 5071 785 5125 “‘3
824 5091 842 5123 ι
880 5088 1022 5127 nunc
1057 5083 1235 5127 autem
1281 5092 1296 5129 :
1333 5073 1495 5127 «Novi
1521 5076 1659 5143 quod
1687 5074 1852 5129 Filius
1877 5075 1970 5129 Dei

393 5166 504 5220 sis:
554 5163 744 5233 adjuro
796 5173 865 5226 te,
914 5180 983 5219 ne
1025 5180 1109 5219 me
1153 5174 1408 5234 torqueas
1445 5166 1511 5221 ³³.
1555 5185 1572 5216 ι
1629 5166 1776 5220 Adeo
1823 5167 1971 5220 illum

2065 3327 2336 3397 πανοπλίᾳ
2383 3327 2799 3397 κεκαλυμμένον
2848 3328 3242 3394 κατατοξεῦσαί
3292 3347 3379 3392 τις
3424 3329 3654 3389 ἐθέλων,

2063 3420 2182 3474 ὅλον
2216 3422 2326 3483 τοῖς
2358 3419 2655 3491 ὀφθαλμοῖς
2682 3420 3051 3491 περισκοπῶν,
3077 3422 3357 3492 πόρρωθεν
3386 3425 3655 3492 ἐρευνῶν,

2067 3513 2226 3583 μέλος
2254 3512 2675 3582 γεγυμνωμένον
2702 3512 2995 3582 ἐπιζητῶν,
3035 3513 3121 3565 ἵνα
3152 3512 3213 3565 τὸ
3245 3513 3398 3583 βέλος
3426 3517 3547 3567 ἐκεῖ
3575 3518 3659 3585 ῥί-

2063 3604 2169 3674 ψας
2219 3604 2309 3656 τὸν
2352 3603 2645 3659 ἀντίπαλον
2691 3602 2890 3676 πλήξῃ,
2921 3603 3093 3667 οὕτως
3137 3606 3163 3657 6
3201 3604 3447 3667 διάόολος
3504 3608 3661 3677 πάσῃ

2064 3694 2378 3768 δικαιοσύνῃ
2426 3694 2517 3747 τὸν
2562 3695 2797 3765 Χριστὸν
2842 3696 3289 3765 καθωπλισμένον
3328 3696 3472 3764 δρῶν
3499 3737 3514 3758 ,
3568 3701 3662 3750 καὶ

2064 3787 2231 3839 τόπον
2262 3784 2440 3855 ζητῶν
2472 3785 2752 3857 ἁρμόδιον,
2790 3786 2876 3838 ἵνα
2913 3786 2975 3840 τὸ
3011 3787 3164 3857 βέλος
3212 3789 3330 3841 ἐκεῖ
3365 3790 3660 3862 ἀκοντίσῃ,

2066 3876 2141 3939 ὡς
2167 3872 2275 3929 εἶδε
2300 3876 2398 3947 τὴν
2423 3879 2613 3931 πείναν
2642 3878 3027 3946 ἀναφανεῖσαν,
3054 3878 3419 3950 προσέρχεται
3452 3880 3663 3952 θαρσα-

2066 3968 2207 4031 λέως
2250 3969 2326 4032 ὡς
2377 3969 2552 4040 εὑρὼν
2580 3970 2640 4022 τὸ
2671 3969 3025 4041 ζητούμενον,
3062 3973 3137 4035 ὡς
3176 3972 3271 4025 τοῦ
3311 3973 3662 4045 προπάτορος

2067 4062 2125 4113 ἐν
2173 4060 2321 4131 αὑτῷ
2372 4061 2654 4133 θεωρήσας
2700 4063 2760 4115 τὸ
2802 4062 2991 4126 πάθος.
3033 4064 3143 4117 Καὶ
3179 4064 3289 4134 γάρ
3328 4066 3542 4119 ἐκεῖνον
3578 4066 3661 4118 διὰ

2069 4151 2325 4223 βρώσεως
2378 4156 2648 4223 στερήσας
2691 4152 2793 4222 τῆς
2842 4153 3046 4206 ἀλύπου
3093 4152 3273 4225 ζωῆς,
3322 4154 3515 4226 ἱδρῶτι
3571 4161 3659 4208 καί

2067 4244 2413 4316 ταλαιπωρίᾳ
2482 4244 2577 4297 καὶ
2627 4244 2846 4315 θανάτῳ
2907 4243 3226 4309 συνέζευξε·
3292 4246 3657 4316 προσέρχεται

2066 4336 2245 4388 τοίνυν
2270 4335 2477 4404 λέγων·
2519 4356 2536 4387 ι
2568 4337 2631 4388 Ei
2664 4336 2794 4399 Υίὸς
2826 4330 2877 4388 εἴ
2900 4336 2994 4388 τοῦ
3027 4336 3187 4399 Θεοῦ,
3222 4338 3346 4390 εἰπὲ
3382 4340 3468 4391 ἵνα
3494 4341 3547 4391 οί
3580 4340 3659 4390 λί-

2070 4427 2152 4481 θοι
2184 4424 2329 4481 οὗτοι
2355 4429 2508 4499 ἄρτοι
2536 4428 2819 4495 γένωνται.
2857 4447 2874 4480 ι
2907 4429 3021 4482 Οὐκ
3047 4429 3112 4481 ἂν
3139 4430 3195 4481 δὲ
3224 4430 3387 4483 τοῦτο
3419 4434 3658 4501 πεποίη-

1995 4544 2039 4599 D
2070 4535 2185 4579 κεν,
2214 4520 2261 4570 εί
2301 4518 2373 4587 μὴ
2399 4518 2460 4570 τὺ
2482 4518 2653 4581 πάθος
2681 4519 2781 4588 τῆς
2811 4518 3003 4589 πείνης
3030 4520 3057 4571 6
3084 4518 3273 4589 Σωτὴρ
3304 4520 3656 4585 κατεδέξατο·

2066 4612 2162 4664 καὶ
2207 4610 2366 4663 τοῦτο
2414 4611 2576 4680 μάθοι
2610 4629 2693 4675 τις
2726 4613 2788 4664 ἐκ
2820 4612 2930 4664 τῶν
2966 4612 3103 4681 μετὰ
3130 4612 3302 4665 ταῦτα
3331 4614 3558 4682 σαφῶς·
3587 4614 3660 4678 ὡς

2066 4702 2175 4773 γάρ
2222 4701 2428 4772 ἡττήθη
2474 4702 2761 4765 παλαίσας,
2800 4702 2897 4755 καὶ
2942 4702 3029 4754 διά
3061 4703 3156 4772 τῆς
3195 4704 3395 4772 πείρας
3430 4704 3658 4775 ἔμαθεν,

2066 4794 2149 4845 ὅτι
2168 4793 2328 4856 αὐτός
2351 4794 2498 4845 ἐστιν
2525 4793 2583 4845 ὃν
2607 4795 2656 4845 οἱ
2680 4793 2955 4863 προιρῆται
2982 4795 3368 4864 προεκήρυξαν
3393 4796 3658 4859 ᾶπαντες,

2064 4883 2188 4935 οὐδὲ
2236 4884 2337 4952 τὴν
2371 4883 2499 4937 θέαν
2541 4884 2706 4936 αὑτοῦ
2748 4884 3067 4956 προσιόντος
3102 4884 3293 4955 φέρειν
3324 4887 3656 4958 ἐτόλμησεν,

2068 4975 2183 5029 ἀλλ’
2213 4976 2373 5037 εὐθὺς
2415 4976 2832 5046 ἐδραπέτευσεν,
2868 4976 2964 5029 νῦν
3013 4976 3109 5047 μὲν
3152 4976 3311 5046 βοῶν,
3354 4998 3373 5029 ι
3409 4979 3475 5031 Τί
3528 4981 3656 5050 ἡμῖν

2070 5070 2165 5124 καὶ
2200 5070 2304 5131 σοὶ,
2330 5070 2426 5122 Υίέ
2452 5069 2547 5122 τοῦ
2578 5070 2748 5134 Θεοῦ;
2791 5071 2843 5122 τί
2877 5067 3040 5142 ἦλθες
3069 5070 3174 5140 πρὸ
3200 5071 3401 5141 καιροῦ
3431 5072 3657 5141 βασανίο

2074 5178 2164 5215 σαι
2198 5162 2379 5232 ήμᾶς;
2409 5182 2425 5211 ›
2457 5160 2550 5215 νῦν
2577 5162 2656 5224 δὲ,
2695 5157 2857 5214 «Οἶδά
2894 5179 2952 5214 σε
2982 5162 3063 5226 τίς
3096 5156 3165 5222 εἴ,
3187 5163 3213 5214 6
3235 5162 3365 5225 Υἱὸς
3383 5162 3481 5215 τοῦ
3500 5163 3655 5225 Θεοῦ,

395 5256 636 5319 timebat,
674 5256 1019 5325 iudicemque
1068 5257 1376 5312 fatebatur!
1415 5258 1567 5312 Tunc
1620 5268 1799 5312 autem
1851 5269 1962 5312 ante

2070 5251 2275 5324 ὁρκίζω
2336 5270 2393 5305 σε
2442 5254 2514 5323 μή
2574 5271 2641 5323 με
2693 5254 3012 5326 βασανίσῃς.
3046 5274 3064 5307 ι
3116 5254 3305 5318 Οῦτως
3372 5256 3654 5317 ἐδεδοίκει,

392 5347 805 5418 experientiam,
832 5348 972 5403 haud
1001 5349 1197 5403 talibus
1222 5348 1401 5404 verbis
1424 5351 1696 5416 utebatur,
1726 5349 1819 5404 sed
1846 5364 1976 5403 cono

466 5506 512 5537 ’°
542 5508 648 5561 lsa.
670 5520 766 5573 vu,
806 5504 896 5559 16.
958 5504 1003 5536 ²⁹
1040 5502 1196 5559 Joan.
1230 5519 1270 5568 ι,
1302 5502 1391 5559 99.
1427 5502 1472 5534 ³ο
1505 5501 1693 5557 Matth.
1728 5518 1811 5568 ιιι,
1840 5503 1925 5557 17.

471 5644 547 5710 (ι)
586 5642 661 5696 Ita
688 5659 746 5698 se
771 5645 933 5700 habet
959 5645 1180 5700 Graecus
1206 5651 1388 5699 textus
1417 5653 1528 5696 tum
1557 5645 1610 5697 in
1642 5643 1829 5698 Bibliis
1857 5654 1967 5697 tum

401 5716 537 5781 apud
565 5713 857 5780 Cyrillum;
884 5727 1046 5783 atque
1075 5715 1147 5769 ita
1179 5718 1317 5784 aplul
1346 5714 1684 5768 Sabaterium
1716 5716 1971 5783 interpre-

406 5796 586 5838 tantur
611 5784 709 5839 SS.
736 5785 1050 5841 Ambrosius
1077 5794 1237 5855 alque
1262 5784 1603 5853 Fulgentius;
1633 5800 1801 5853 neque
1828 5785 1971 5839 ablu-

2005 5501 2048 5533 ³¹
2081 5501 2269 5556 Matth.
2306 5518 2378 5562 tv.
2412 5502 2465 5558 ’5.

2075 5347 2171 5399 καὶ
2200 5346 2394 5417 κριτὴν
2420 5346 2688 5416 ὡμολόγει
2712 5362 2723 5375 ·
2753 5347 2874 5398 τότε
2908 5346 3013 5416 πρὸ
3035 5347 3135 5416 τῆς
3163 5347 3362 5419 πείρας
3392 5347 3454 5399 ού
3486 5348 3656 5400 τοιού⁴

2543 5500 2585 5532 ³⁸
2624 5500 2811 5553 Matth.
2847 5516 2966 5566 vm,
2993 5500 3083 5555 ‘29.
3160 5501 3204 5531 ³³
3238 5500 3522 5568 Luc.vttr,
3560 5506 3646 5558 ‘28.

2079 5644 2157 5697 dit
2194 5642 2445 5703 lrenmus,
2484 5643 2573 5709 qui
2617 5651 2792 5695 tamen
2830 5657 2927 5707 pro
2965 5658 3067 5695 non
3103 5642 3292 5704 credet,
3322 5642 3522 5695 scribit
3562 5659 3653 5695 non

2080 5716 2380 5767 consentiet.
2421 5711 2681 5779 angatus
2728 5717 2908 5763 autem
2961 5711 3227 5782 interpres
3274 5711 3488 5777 differt,
3536 5730 3653 5781 qma

2082 5783 2402 5837 llcbraicutn
2437 5793 2639 5837 textum
2673 5792 2930 5837 sectatur.
