3856 6212
187 270 309 325 ΗΜ

1335 258 1421 310 DE
1464 256 1974 311 l‘NCAlitVA'l‘lUtVE
2014 254 2270 310 DOMINI.

3306 257 3447 314 “4?.

184 400 290 444 τοις
310 380 577 450 ἐκέχρητο
605 379 864 449 ῥήμασιν,
895 377 1030 430 άλλά
1056 376 1271 447 θαρρῶν
1302 375 1533 446 προσῄει
1557 374 1749 442 λέγων·

1898 371 2088 427 denter
2118 370 2409 427 accedebat
2438 370 2621 425 dicens
2655 386 2670 423 :
2713 388 2731 421 ι
2765 371 2858 426 Dic
2890 379 2947 426 ut
2976 371 3181 440 lapides
3214 372 3302 426 isti
3346 391 3441 441 pa-

192 496 206 524 ι
244 472 374 525 Είπέ
404 471 491 522 ἴνα
518 472 567 522 οἱ
600 469 739 522 λίθοι
767 462 911 521 οῦτοι
946 469 1099 538 ἄρτοι
1132 467 1417 535 γένωνται.
1452 485 1471 518 ι
1510 466 1621 532 Τῆς
1660 463 1759 533 μέν

184 564 285 633 γὰρ
319 562 523 616 ἄνωθεν
559 560 820 630 ἐλθούσης
854 560 1035 629 φωνῆς
1066 561 1294 629 ἥκουσα,
1324 556 1481 626 φησὶ,
1512 555 1669 609 τοῦτό
1700 571 1759 606 σε

187 655 509 722 καλεσάσης,
545 652 759 705 ἀπιστῶ
790 652 846 703 δὲ
878 650 982 713 ἕως
1016 650 1082 703 ἂν
1124 649 1274 702 λάϐω
1305 648 1403 718 τὴν
1444 650 1637 716 πεῖραν
1682 646 1761 698 δι·

187 746 471 798 δάσκαλον.
508 744 700 796 Πείσόν
743 760 809 812 με
853 743 942 795 διὰ
969 742 1078 793 τῶν
1106 740 1465 812 πραγμάτων,
1503 738 1577 801 ὡς
1611 737 1638 789 ὃ
1664 737 1761 789 κέ-

187 838 399 908 κλησαι,
435 835 649 905 ἀληθῶς
674 835 1065 906 ύπάρχεις.”Αν
1097 834 1202 904 γάρ
1229 833 1388 886 τοῦτο
1418 830 1593 902 μάθω,
1624 828 1757 897 φεύ-

187 930 366 997 ξομαι,
398 927 494 979 καὶ
520 926 895 996 δραπετεύσω,
925 926 1021 979 καὶ
1046 925 1144 994 τὴν
1178 923 1313 995 πρὸς
1344 922 1403 975 σὲ
1428 922 1762 991 παραιτήσο-

191 1035 283 1087 μαι
314 1016 492 1085 πάλην
514 1032 528 1046 ·
562 1010 677 1067 οἶδα
704 1015 812 1085 γάρ
834 1014 958 1067 ὅσον
988 1012 1123 1084 ἐμοῦ
1150 1017 1245 1065 καὶ
1276 1010 1369 1065 σοῦ
1399 1011 1459 1064 τὸ
1485 1011 1759 1080 διάφορον.

188 1105 365 1169 Δεῖξον
384 1104 565 1157 τοίνυν
589 1102 649 1155 τὸ
672 1103 855 1174 θαῦμα
884 1103 979 1155 καὶ
1000 1103 1096 1174 τὴν
1124 1101 1591 1173 Θαυματουργίαν,
1622 1100 1765 1153 δίδα-

190 1196 275 1263 ξον
319 1196 411 1250 τὸν
446 1194 540 1249 τοῦ
576 1195 851 1266 θαύματος
882 1198 1142 1267 ποιητήν·
1185 1215 1202 1247 ι
1237 1195 1371 1248 Εἱπέ
1405 1195 1492 1248 ἵνα
1535 1196 1585 1246 οἱ
1629 1194 1765 1247 λίθοι

187 1283 327 1343 οὗτοι
366 1288 521 1359 ἄρτοι
558 1287 844 1355 γένωνται.
877 1306 895 1339 ι

258 1377 475 1430 Τούτων
517 1376 757 1439 ἀκούσας
787 1375 1020 1447 κρύπτει
1061 1377 1158 1445 μέν
1196 1374 1294 1445 τὴν
1337 1375 1586 1444 θεότητα,
1618 1374 1681 1426 ἐκ
1710 1372 1767 1427 δέ

186 1472 281 1541 τῆς
314 1470 658 1541 ἀνθρωπείας
700 1469 1002 1537 διαλέγεται
1038 1468 1286 1537 φύσεωςο
1318 1487 1337 1517 ι
1367 1468 1481 1519 Οὐκ
1511 1467 1595 1518 ἐπ’
1620 1466 1769 1536 ἄρτῳ

192 1563 357 1631 μόνῳ,
388 1559 583 1627 λέγων,
617 1559 851 1628 ζήσηται
886 1556 1193 1627 ἄνθρωπος,
1231 1554 1348 1608 ἀλλ’
1378 1556 1435 1607 ἐν
1472 1552 1635 1606 παντὶ
1671 1552 1770 1623 ρή-

192 1670 322 1723 ματι
366 1652 453 1705 διὰ
496 1653 763 1719 στόματος
791 1647 1210 1719 ἐκπορευομένῳ
1237 1645 1395 1699 Θεοῦ.
1434 1665 1452 1697 ι
1488 1645 1760 1715 Δύναμαι,

1861 480 1957 518 nes
2007 464 2155 517 liant.
2189 481 2208 514 ›
2240 462 2373 516 Nam
2415 478 2726 533 supernam,
2776 464 2970 532 inquit,
3006 479 3190 518 vocem
3242 465 3440 530 audivi,

1862 553 2056 608 Filium
2098 564 2150 610 te
2195 556 2559 621 vocitantem;
2596 557 2784 626 ignoro
2814 566 3016 621 autem,
3055 558 3229 611 donec
3275 574 3443 626 expe-

1862 644 2113 698 rientiam
2147 647 2459 714 magistram
2492 658 2683 703 nactus
2718 646 2891 700 fuero.
2938 647 3115 701 Factis
3156 649 3286 702 mihi
3320 664 3445 717 per-

1862 738 2048 801 suade,
2084 739 2175 805 qui
2220 738 2533 807 appellaris,
2566 754 2687 793 eum
2719 748 2769 791 te
2802 754 2922 794 esse
2968 754 3177 793 revera.
3224 738 3355 793 Nam
3400 743 3445 793 si

1863 830 1963 884 hoc
1995 830 2256 893 didicero,
2291 831 2510 899 fugiam,
2544 832 2790 896 evadam,
2820 832 3105 899 quominus
3134 841 3309 887 tecum
3337 832 3447 885 col-

1864 921 2040 974 lucter
2067 921 2416 989 deprecabor.
2455 920 2666 975 Etenim
2710 932 2969 991 quantmn
3010 923 3151 977 inter
3182 939 3279 978 nos
3313 926 3448 978 duos

1865 1012 2099 1076 intersit,
2138 1013 2269 1067 scio.
2312 1014 2628 1067 Demoiistra
2664 1029 2793 1084 ergo
2834 1017 3156 1085 prodigium,
3189 1027 3447 1086 tuamque

1864 1102 2123 1156 miracula
2154 1103 2401 1171 patrandi
2433 1101 2760 1165 ellicaciam;
2797 1104 2931 1158 doce
2966 1119 3048 1157 me
3080 1106 3311 1176 prodigii
3345 1122 3447 1158 au-

1866 1200 2101 1246 ctorem:
2138 1211 2157 1243 (
2191 1191 2288 1248 Dic
2322 1203 2378 1245 ut
2404 1193 2607 1263 lapides
2634 1195 2721 1248 isti
2754 1210 2920 1264 panes
2954 1196 3102 1250 fiant.
3138 1215 3158 1247 ι

1941 1366 2085 1436 Ergo
2122 1368 2204 1422 liis
2242 1368 2462 1433 auditis,
2491 1369 2628 1424 celat
2669 1371 2923 1425 deitatem
2962 1372 3229 1439 Christus,
3260 1374 3451 1430 buma-

1876 1473 2064 1527 meque
2086 1470 2288 1514 natura:
2307 1476 2455 1515 more
2477 1462 2713 1531 loquitur
2745 1481 2757 1517 :
2788 1464 3029 1534 821m.
3055 1486 3072 1517 ι
3097 1468 3209 1521 Νοη
3236 1483 3299 1521 ex
3332 1470 3448 1521 solo

1869 1564 2006 1618 pane
2034 1551 2167 1605 vivit
2210 1552 2388 1619 homo,
2431 1557 2525 1609 sed
2569 1570 2634 1609 ex
2664 1560 2809 1612 omni
2847 1560 3009 1612 verbo
3032 1562 3174 1628 quod
3206 1563 3450 1627 procedit

1872 1642 1938 1695 de
1965 1656 2058 1697 ore
2085 1641 2181 1697 Dei
2204 1644 2269 1697 υ.
2303 1662 2323 1696 ι
2358 1645 2608 1710 Possum,
2654 1647 2848 1717 inquit,
2879 1651 2997 1703 sine
3048 1666 3183 1718 pane
3230 1654 3448 1706 nutriri.

190 1711 375 1815 ίρησὶν,
404 1745 530 1797 ἄνευ
556 1711 721 1813 ἄρτου
745 1711 1151 1812 τραφῆναι..ού
1182 1711 1343 1809 μόνον
1372 1738 1482 1808 γὰρ
1514 1711 1698 1806 ἄρτοις
1731 1738 1764 1805 ἡ

1894 1735 2059 1803 \‘eque
2094 1737 2236 1790 enim
2278 1739 2505 1807 panibus
2537 1749 2742 1793 tantum
2783 1743 2888 1795 vita
2929 1744 3203 1796 hominum
3239 1757 3452 1801 susten-

190 1834 298 1888 τῶν
345 1832 645 1902 ἀνθρώπων
697 1832 1078 1900 συγκορτεῖται
1125 1828 1260 1898 ζωὴ,
1292 1828 1426 1880 ἀλλά
1457 1828 1608 1898 ῥῆμα
1635 1826 1769 1879 Θεοῦ

190 1927 351 1995 ἀρκεῖ
398 1926 576 1976 πᾶσαν
628 1920 735 1975 τῶν
789 1920 1099 2001 ἀνθρώπων
1121 1920 1408 1991 διαθρέψαι
1436 1921 1534 1989 τὴν
1568 1918 1729 1987 φύσιν
1755 1936 1768 1949 ·

190 2017 365 2078 οὕτως
395 2016 423 2067 ὁ
470 2012 859 2084 ἰσραηλιτικὸς
890 2012 1153 2082 διετράφη
1183 2010 1330 2073 λαὸς,
1363 2012 1773 2080 τεσσαράκοντα

190 2113 286 2181 ἐτη
318 2107 587 2176 συλλέγων
610 2107 669 2160 τὸ
696 2106 889 2177 μάννα,
915 2105 1012 2158 καὶ
1038 2105 1211 2175 θήρας
1233 2104 1520 2157 ἀπολαύων
1546 2104 1775 2174 ὀρνίθων

192 2220 260 2254 πε
272 2202 402 2271 πεδη
414 2199 577 2269 μένης
609 2198 769 2268 βουλῇ
795 2197 929 2249 Θεοῦ
955 2214 967 2226 ·
994 2197 1085 2250 καὶ
1110 2196 1293 2258 Ἠλίας
1320 2195 1561 2265 κόρακας
1594 2195 1776 2247 ἐστιά-

190 2304 361 2359 τορας
414 2292 576 2358 ἔσχε·
631 2289 724 2341 καὶ
772 2288 1036 2350 Ἑλισαῖος
1086 2286 1298 2356 ἀγρίοις
1347 2286 1600 2355 λαχάνοις
1651 2286 1779 2348 τοὺς

197 2381 474 2444 θιασώτας
519 2379 769 2450 διέθρεψε
790 2396 803 2409 ·
857 2378 951 2431 καὶ
980 2378 1033 2431 τί
1072 2394 1138 2448 με
1170 2378 1249 2429 δεῖ
1275 2376 1343 2429 τὰ
1372 2377 1576 2430 παλαιά
1616 2394 1781 2429 κατα-

196 2476 412 2541 λέγειν;
475 2472 727 2540 Ἰωάννης
771 2462 927 2532 οῦτος
974 2471 1001 2522 ὁ
1046 2468 1281 2543 ἔναγχος
1327 2469 1384 2521 ἐν
1434 2468 1509 2537 τῷ
1545 2468 1783 2540 Ἰορδάνῃ

200 2566 503 2636 βαπτίζων,
535 2562 713 2616 πᾶσάν
738 2579 797 2615 τε
824 2561 919 2631 τὴν
952 2561 1166 2631 ἡλικίαν
1195 2562 1252 2612 ἐν
1290 2563 1355 2631 τῇ
1386 2562 1580 2631 ἐρήμῳ
1603 2560 1783 2614 διατε-

198 2660 387 2721 λέσας,
415 2656 601 2727 ἀκρίσι
624 2654 902 2725 τρέφεται,
925 2654 1018 2706 καὶ
1041 2651 1308 2723 μελιττῶν
1330 2653 1539 2722 ἀγρίων
1562 2652 1780 2723 καρπῷ·

197 2752 357 2804 οὐδὲν
380 2750 560 2802 τοίνυν
594 2747 842 2810 ἀπεικὸς,
868 2748 963 2799 καὶ
990 2747 1137 2816 ἡμᾶς
1161 2745 1271 2799 ἀπὸ
1291 2744 1426 2798 Θεοῦ
1456 2746 1582 2818 ξένῃ
1607 2747 1789 2799 ἑστια-

196 2844 367 2914 θῆναι
405 2843 602 2912 τροφῇ,
639 2844 736 2893 καὶ
772 2838 938 2908 ἄρτου
982 2837 1057 2910 μὴ
1093 2838 1372 2908 δεηθῆναι.

274 2934 494 2988 Τούτων
532 2931 769 2994 ἀκούσας
798 2934 826 2985 ὁ
857 2930 1123 2993 διάϐολος,
1152 2930 1360 3001 ἤλγησε
1396 2934 1494 3003 μὲν
1530 2934 1603 2998 ὠς
1630 2938 1791 3008 ἡττη-

1874 1834 2040 1893 tatur,
2092 1829 2185 1881 sed
2220 1826 2315 1883 Dei
2360 1830 2586 1883 verbum
2621 1830 2817 1884 sullicit
2867 1832 3129 1887 universa:
3174 1835 3451 1888 hominum

1874 1919 2077 1974 alenda:
2108 1930 2335 1975 naturae.
2368 1920 2460 1976 Sic
2488 1921 2812 1977 lsraeliticus
2852 1934 3037 1992 pastus
3069 1924 3166 1979 fuit
3204 1926 3451 1996 papulus.

1876 2012 2234 2080 quadraginta
2262 2014 2417 2068 annis
2442 2028 2639 2067 manna
2668 2015 2948 2083 colligens,
2979 2027 3032 2070 et
3056 2018 3231 2070 avium
3260 2029 3450 2071 venatu

1878 2104 2063 2159 fruens
2097 2120 2215 2173 quae
2254 2104 2347 2160 Dei
2383 2105 2663 2161 voluntate
2696 2107 3099 2163 irretiebautur.
3146 2109 3276 2164 Item
3312 2110 3455 2164 Elias

1879 2211 2075 2251 corvos
2105 2197 2304 2252 altores
2333 2198 2549 2262 habuit;
2586 2199 2809 2255 Eliszeus
2857 2212 3034 2257 autem
3076 2203 3273 2273 agresti
3309 2203 3456 2256 olere

1879 2288 2093 2344 sodales
2141 2304 2269 2343 suos
2319 2290 2564 2345 nutrivit.
2623 2292 2729 2345 Sed
2782 2308 2880 2347 cur
2932 2304 3110 2347 vetera
3160 2295 3463 2349 euumero?

1880 2376 2136 2445 Joannes,
2179 2382 2269 2449 qui
2302 2397 2475 2451 nuper
2508 2384 2647 2451 apud
2670 2382 2957 2438 Jordanem
2984 2386 3307 2454 baptizabat,
3334 2402 3456 2440 οιη-

1883 2485 2115 2541 nemque
2143 2482 2355 2526 aetatem
2385 2475 2435 2526 in
2479 2475 2697 2528 deserto
2735 2478 3015 2541 transegit,
3048 2478 3271 2533 locustis
3299 2478 3460 2532 alitur

1884 2571 1937 2616 et
1978 2577 2138 2632 apum
2184 2564 2511 2618 silvestrium
2544 2566 2740 2620 l‘ructu.
2787 2567 2940 2622 llaud
2981 2585 3109 2638 ergo
3148 2570 3459 2624 incredibile

1886 2662 1993 2719 est,
2016 2669 2118 2708 nos
2139 2669 2354 2725 quoque
2398 2656 2614 2711 insolito
2637 2672 2666 2709 a
2701 2659 2809 2713 Deo
2834 2659 2954 2714 cibo
2984 2661 3204 2725 nutriri,
3237 2672 3290 2715 et
3324 2677 3462 2731 pane

1888 2760 1996 2801 non
2023 2747 2281 2816 indigere.

1964 2923 2090 2980 Haec
2116 2926 2343 2982 audiens
2371 2927 2642 2995 diabolus,
2669 2930 2871 2983 victum
2912 2932 3129 2999 quidem
3167 2947 3224 2985 se
3252 2933 3463 2997 doluit;

201 3027 342 3089 θεὶς,
370 3026 470 3079 οὐκ
496 3024 842 3095 ἀπηγόρευσε
873 3022 929 3075 δὲ
960 3020 1058 3093 τὴν
1098 3021 1277 3093 νίκην,
1314 3024 1551 3090 ἀκούσας
1587 3028 1663 3092 ὡς
1707 3032 1780 3086 ἄν.

1900 3017 1995 3072 sed
2025 3026 2204 3072 tamen
2222 3034 2341 3073 eum
2368 3019 2671 3087 intelligens
2699 3022 2967 3077 hominem
2996 3039 3135 3089 esse,
3159 3025 3225 3079 de
3248 3025 3465 3079 victoria

192 3121 427 3191 Ὁρωπος
477 3116 597 3186 εἴη·
636 3115 715 3167 διὸ
762 3112 1022 3184 δευτέραν
1071 3113 1220 3185 αὐτῷ
1274 3118 1368 3169 καὶ
1413 3122 1603 3192 τρίτην
1636 3120 1792 3191 αὖθις

201 3213 406 3278 πεῖραν
431 3206 714 3278 προσάγει,
736 3206 814 3276 πὴ
840 3204 937 3275 μὲν
958 3205 1151 3273 λέγων,
1179 3226 1196 3257 t
1217 3208 1279 3261 Εἰ
1302 3209 1428 3274 Υἱὸς
1450 3207 1501 3263 εἷ
1517 3214 1608 3267 τοῦ
1633 3216 1789 3282 Θεοῦ,

203 3302 341 3369 βάλε
392 3298 617 3351 σεαυτὸν
652 3295 858 3350 ἄνωθεν
892 3298 1072 3350 κάτωο
1104 3316 1123 3348 ι
1173 3298 1248 3369 πὴ
1287 3300 1344 3352 δέ
1383 3304 1481 3367 τάς
1517 3304 1794 3374 βασιλείας

199 3398 306 3464 τῆς
350 3390 678 3461 οἰκουμένης
722 3389 1062 3453 ὑποδεικνὺς,
1093 3391 1186 3443 καὶ
1234 3392 1438 3457 ταύτας
1483 3397 1794 3455 ἀντιδώσειν

202 3484 662 3555 ὑπισχνούμενος,
689 3482 739 3533 εί
769 3482 1032 3552 πρότερον
1060 3482 1189 3548 παρ’
1220 3484 1386 3538 αὑτοῦ
1418 3487 1515 3557 τὴν
1550 3494 1791 3560 προσκύ-

199 3592 369 3647 νησιν
404 3573 556 3626 λάϐοι
578 3588 591 3601 ·
630 3572 703 3635 ὡς
734 3570 791 3623 δέ
834 3570 994 3623 πάλιν
1027 3570 1189 3623 αὑτὸν
1218 3574 1325 3625 τῶν
1357 3575 1599 3630 παλαιῶν
1639 3581 1790 3651 νομία

204 3688 332 3742 μων
361 3667 653 3736 ἀνέμνησε,
690 3682 708 3714 ι
737 3662 1072 3733 Γέγραπται,
1104 3664 1297 3733 λέγων,
1319 3667 1521 3739 Κύριον
1546 3671 1634 3723 τὸν
1658 3672 1789 3728 Θεόν

203 3782 305 3815 σου
346 3758 765 3829 προσκυνήσεις,
802 3756 894 3808 καὶ
928 3755 1074 3827 αὐτῷ
1108 3756 1251 3828 μόνῳ
1280 3758 1619 3827 λατρεύσεις,
1647 3783 1664 3815 ›
1699 3766 1794 3819 καὶ

200 3851 453 3916 ἐδίδαξεν
496 3851 577 3902 ὅτι
618 3848 718 3901 οὐκ
745 3846 991 3913 ἀνέξεται
1020 3849 1190 3919 ἑτέρῳ
1220 3850 1329 3903 τινὶ
1362 3850 1423 3902 τὸ
1453 3851 1595 3907 θεῖον
1626 3857 1795 3927 γέρας

202 3945 625 4017 προσενεγκεῖν,
665 3941 758 3995 καὶ
804 3939 1004 4012 ἐτέρων
1032 3941 1088 3994 δὲ
1126 3941 1479 4014 ὑπομέμνησε
1536 3947 1794 4017 ῥημάτων

197 4035 304 4090 τοῦ
324 4032 464 4084 Θεοῦ
488 4031 581 4084 καὶ
602 4030 943 4100 διδαγμάτων
969 4030 1391 4099 διαγορευόντων
1416 4032 1491 4104 μὴ
1522 4036 1796 4107 πειράζειν

198 4130 303 4181 τὸν
354 4122 464 4175 τῶν
517 4121 653 4173 ὅλων
699 4120 850 4185 Θεὸν,
882 4121 910 4173 ὁ
945 4122 1043 4191 μὲν
1078 4121 1305 4193 ἀπέδρα,
1340 4124 1438 4192 τῆς
1484 4126 1654 4196 ἥττης
1698 4128 1796 4198 τὴν

200 4215 483 4289 αἰσχύνην
510 4212 569 4266 οὺ
595 4213 794 4283 φέρων,
819 4214 911 4265 καὶ
936 4213 1166 4279 δειλιῶν,
1196 4217 1289 4268 καὶ
1315 4216 1553 4287 τρέμων,
1584 4220 1676 4272 καὶ
1699 4222 1797 4289 τῆς

200 4307 539 4384 τυραννίδος
584 4304 1020 4374 ἐκϐληθήσεσθαι
1063 4308 1401 4376 προσδοκῶν.
1455 4311 1639 4365 Πάντα
1689 4292 1799 4382 γάρ

1900 3123 2007 3162 non
2029 3109 2356 3177 desperavit.
2384 3111 2677 3183 Propterea
2713 3116 3003 3169 secundam
3041 3117 3114 3169 illi
3146 3119 3471 3187 tertiamque

1900 3203 2151 3257 admovet
2189 3205 2569 3283 tentationem;
2602 3206 2770 3284 modo
2791 3207 2977 3262 dicens
3006 3226 3018 3261 :
3048 3228 3066 3261 ι
3104 3208 3159 3263 Si
3192 3210 3355 3265 Filius
3377 3212 3468 3267 Dei

1898 3304 1978 3353 es,
2006 3291 2158 3344 mitte
2199 3301 2249 3346 te
2292 3292 2419 3347 hinc
2449 3294 2699 3349 deorsum
2728 3295 2807 3361 ³⁸;
2844 3316 2863 3349 ι
2896 3297 3053 3352 modo
3095 3315 3255 3367 regna
3288 3304 3471 3356 mumli

1900 3383 2219 3449 ostendens,
2244 3398 2414 3451 eaque
2440 3400 2497 3439 se
2527 3388 2778 3441 daturum
2807 3390 3144 3457 promittens,
3166 3393 3209 3443 si
3235 3407 3294 3445 se
3324 3393 3474 3461 prius

1901 3474 2204 3529 adorasset.
2232 3474 2337 3529 Sed
2365 3476 2452 3531 ubi
2478 3476 2727 3533 Christus
2756 3479 2829 3531 illi
2863 3480 3038 3548 prisca
3064 3483 3203 3535 dicta
3240 3483 3291 3535 in
3325 3501 3473 3537 nien-

1905 3572 2009 3619 tem
2045 3567 2338 3629 revocavit,
2372 3585 2392 3619 ι
2440 3566 2712 3637 Scriptum
2753 3579 2856 3633 est,
2890 3570 3158 3640 inquiens,
3191 3573 3472 3628 Dominu’m

1904 3657 2073 3712 Deum
2100 3668 2248 3711 tuum
2281 3657 2554 3722 adorabis,
2587 3666 2641 3712 et
2672 3658 2745 3712 illi
2778 3660 2875 3713 soli
2900 3662 3105 3715 servies
3130 3662 3203 3729 ³⁶;
3234 3681 3252 3713 ι
3288 3664 3476 3717 admu-

1903 3752 2144 3820 nuitque,
2191 3766 2462 3819 nunquam
2510 3766 2570 3805 se
2613 3752 3030 3807 commissurum
3074 3763 3132 3807 ut
3172 3757 3343 3810 cuivis
3386 3759 3474 3811 alii

1902 3843 2141 3897 divi-num
2173 3842 2495 3911 obsequium
2519 3841 2775 3911 offerret;
2804 3853 2965 3914 atque
3002 3845 3106 3899 alia
3142 3846 3359 3918 insuper
3383 3849 3473 3904 Dei

1902 3935 2061 3990 elata
2090 3951 2166 3999 ac
2209 3947 2474 4006 praecepta
2522 3939 2986 4003 commemoravit,
3036 3955 3155 4007 quae
3192 3942 3473 3996 universa-

1903 4029 2009 4084 lem
2039 4029 2205 4083 Deum
2248 4039 2458 4085 tentare
2494 4032 2783 4099 vetabant;
2823 4031 2912 4086 ille
2954 4031 3170 4102 quidem
3216 4032 3476 4104 fugiebat,

1906 4120 2253 4189 ignominiam
2296 4120 2468 4175 cladis
2514 4136 2621 4175 non
2661 4121 2857 4186 ferens,
2886 4121 3082 4175 timens
3114 4130 3474 4191 tremensque,

1906 4222 1962 4268 et
1985 4228 2043 4268 se
2072 4213 2354 4284 tyraunide
2382 4213 2660 4283 depulsum
2700 4213 2765 4268 iri
2796 4224 3139 4282 exspectans.
3183 4212 3316 4267 Nam
3354 4228 3479 4268 cum

1907 4303 2012 4358 tela
2046 4304 2224 4359 omnia
2253 4305 2652 4375 insumpsisset,
2688 4315 3021 4374 cunctasque
3070 4305 3277 4359 fraudis
3310 4304 3483 4359 luctas

200 4399 386 4459 αὑτοῦ
413 4396 652 4458 κενώσας
680 4394 747 4447 τά
778 4395 924 4464 βέλη,
951 4396 1043 4449 καὶ
1066 4397 1243 4460 πάσας
1271 4398 1433 4451 αὑτοῦ
1458 4400 1559 4470 τῆς
1582 4402 1780 4472 ἀπάτης

1908 4394 2008 4466 ipsi
2047 4396 2394 4462 admovisset,
2421 4396 2865 4451 invulnerabilem
2900 4396 3269 4465 invictumque
3305 4396 3482 4451 athle-

196 4499 309 4558 τὰς
336 4490 519 4553 πάλας
546 4486 941 4559 προσενεγκὼν,
972 4486 1212 4556 ἄτρωτον
1236 4484 1363 4559 εῦρε
1411 4491 1503 4543 καὶ
1531 4493 1797 4562 ἀήττητον

1900 4498 2008 4542 tam
2035 4503 2155 4543 esse
2190 4489 2462 4557 cognovit.
2504 4487 2715 4543 Etenim
2758 4502 2880 4541 cum
2918 4503 3044 4543 eum
3079 4488 3269 4541 Adaini
3312 4488 3485 4543 instar

199 4590 303 4644 τὸν
355 4582 623 4653 ἀθλητήν.
650 4580 760 4634 Καὶ
792 4579 866 4641 ὼς
906 4576 985 4647 τῷ
1020 4578 1189 4649 Ἀδὰμ
1222 4581 1553 4649 προσελθὼν,
1579 4584 1676 4653 οὐχ
1714 4579 1780 4638 εῦε

1899 4579 2093 4636 fuisset
2111 4596 2413 4651 aggressus,
2436 4596 2541 4635 non
2565 4582 2781 4650 qualem
2804 4580 3175 4650 exspectabat,
3200 4580 3481 4650 comperit.

202 4698 306 4756 ρεν
364 4676 429 4729 ὃν
479 4672 909 4746 προσεδόκησεν·
948 4669 1251 4737 ἄγγελοιδέ
1280 4670 1358 4741 τῷ
1402 4675 1594 4744 νικητῇ
1638 4691 1805 4745 προσ-

204 4774 425 4831 ιόντες,
455 4765 503 4818 οἳ
532 4762 813 4835 πόρρωθεν
842 4762 1026 4832 ἐώρων
1048 4760 1144 4832 τὴν
1162 4761 1356 4831 πάλην,
1388 4762 1639 4835 καθάπερ
1666 4766 1806 4829 τινὲς

201 4856 458 4935 ἐροιστα)⁹
494 4854 794 4924 διηκόνουν,
818 4852 1091 4922 ἐχόρευον,
1126 4851 1404 4922 εὐφήμουν
1429 4855 1521 4906 τὸν
1546 4855 1805 4927 ἀθλητὴν,

1901 4671 2073 4727 Porro
2118 4672 2293 4742 angeli
2339 4674 2405 4728 ad
2438 4674 2698 4727 victorem
2746 4677 3083 4739 accedentes,
3133 4673 3223 4743 qui
3270 4672 3486 4728 eminus

1906 4773 2065 4819 antea
2110 4763 2310 4819 luctam
2352 4774 2760 4834 spectaverant,
2809 4781 2908 4820 ceu
2944 4766 3159 4835 quidam
3215 4773 3486 4819 amatores

1903 4856 2015 4926 jam
2047 4856 2451 4923 ministrabant,
2490 4858 2743 4913 clioream
2789 4858 3040 4927 agebant,
3079 4857 3336 4910 athletam
3372 4873 3489 4910 Ina-

202 4947 581 5021 ἐστεφάνουν,
622 4945 1008 5015 ἀνεκήρυττον,
1048 4942 1264 5014 ἔχαιρον
1298 4946 1389 4997 ἐπὶ
1436 4949 1500 5017 τῇ
1543 4946 1649 4999 τῶν
1675 4950 1777 5017 όμο

1906 4945 2257 5014 gniﬁcabant,
2292 4950 2645 5013 coroaabant,
2675 4949 3056 5018 praadicabant,
3096 4948 3337 5017 822m.
3364 4962 3489 5017 grao

198 5047 431 5104 δούλων
457 5037 759 5109 ἀνθρώπων
798 5036 1101 5107 ἐλευθερία,
1137 5037 1426 5105 ἐγάννυντο
1454 5038 1549 5090 τοῦ
1578 5040 1809 5093 ἀντιπά-

200 5143 309 5193 λου
352 5134 464 5204 τὴν
500 5127 670 5189 ἧτταν
707 5128 963 5200 ὁρῶντες.

1910 5037 2221 5093 tulabantur
2250 5054 2639 5096 conservorum
2685 5042 2963 5096 hominum
2996 5041 3253 5107 libertati,
3295 5041 3489 5095 adver-

1908 5131 2037 5184 sarii
2067 5131 2271 5185 cladem
2298 5142 2606 5201 spectantes
2632 5136 2957 5202 gaudebant.

201 5228 370 5300 ιΕκΓ
381 5230 490 5279 οτι
519 5225 581 5300 sl
616 5222 765 5300 νςῦζ
789 5224 900 5300 σονς
917 5219 1458 5300 ’ἀνέλαϐενζρὺᾷὲν
1482 5221 1631 5300 {piae
1657 5222 1773 5300 ήμςῖ

1909 5220 2049 5300 ΧῩτ.
2071 5222 2193 5276 Nisi
2221 5223 2460 5300 Christus
2492 5238 2709 5300 mentem
2747 5243 2952 5300 quque
2982 5224 3367 5300 assumpsisse],
3401 5224 3487 5276 ni-

283 5290 343 5368 ὴ’
383 5298 542 5368 κατὰ
565 5293 690 5368 Δτοῦ
728 5292 1010 5344 διαϐόλου
1043 5291 1202 5357 νίκη.
1235 5290 1395 5343 Κατὰ
1433 5291 1540 5343 τοῦ
1582 5293 1811 5345 Ἀπολι-

279 5364 518 5435 ,λαρίου

281 5458 491 5514 Ταῦτα
523 5456 623 5525 τὴν
660 5450 1028 5521 ’Λπολιναρίου
1071 5450 1280 5521 ἐλέγχει
1315 5452 1722 5521 ματαιολογίαν,
1751 5454 1809 5517 ὃς

282 5576 336 5609 ³⁸
366 5570 570 5628 Matth.
606 5586 678 5657 IV:
708 5570 761 5623 4.
848 5568 893 5601 ³⁸
924 5568 1049 5622 ibid.
1089 5568 1141 5633 5,
1169 5568 1221 5621 6.
1297 5568 1341 5599 ³⁸
1368 5568 1495 5623 ibid.
1523 5569 1576 5634 9,
1606 5569 1688 5623 10.

1976 5293 2049 5345 hil
2092 5306 2325 5347 nostrum
2355 5297 2623 5349 interesse!
2652 5293 2876 5349 victorid
2916 5300 2981 5349 de
3020 5297 3255 5349 diabolo.
3290 5293 3490 5347 Contra

1987 5364 2363 5429 Apollinarem.

1988 5454 2111 5510 llzcc
2144 5458 2367 5511 stultum
2412 5459 2738 5527 Apollinaris
2770 5460 3183 5514 delirameutmn
3231 5456 3488 5515 refutant.

285 5666 376 5769 (1.)
422 5690 507 5745 De
547 5690 710 5746 variis
748 5689 1073 5759 Apollinaris
1122 5688 1400 5743 erroribus
1454 5690 1670 5745 memini
1730 5706 1812 5745 uie
1850 5692 1978 5747 olim
2045 5690 2313 5745 disserere
2344 5687 2540 5757 Script.
2575 5699 2675 5743 ret.
2714 5698 2749 5742 t.
2782 5688 2821 5756 Ι,
2851 5690 2940 5745 cd.
2996 5689 3153 5757 prim.
3188 5705 3241 5759 p.
3276 5688 3400 5752 185.
3434 5686 3490 5742 in
